timestamp,recv_time,price,volume,aggressor_side,buyer,seller,trade_id
2026-07-02T23:00:02.460982,2026-07-02T23:00:02.469756+00:00,118.0,200,ask,YieldingYams,WavyWalnuts,4940950
2026-07-02T23:00:05.590066,2026-07-02T23:00:05.598587+00:00,118.2,4,bid,YieldingYams,Kelvin Chan,4940994
2026-07-02T23:00:05.590066,2026-07-02T23:00:05.598587+00:00,118.2,200,bid,YieldingYams,WavyWalnuts,4940995
2026-07-02T23:00:06.086277,2026-07-02T23:00:06.094595+00:00,118.3,9,bid,WavyWalnuts,Kelvin Chan,4941003
2026-07-02T23:00:06.266319,2026-07-02T23:00:06.274030+00:00,118.4,20,bid,BrilliantBurritos,YieldingYams,4941009
2026-07-02T23:00:08.508712,2026-07-02T23:00:08.516026+00:00,118.4,4,bid,WavyWalnuts,Kelvin Chan,4941059
2026-07-02T23:00:08.508712,2026-07-02T23:00:08.521264+00:00,118.4,196,bid,WavyWalnuts,YieldingYams,4941060
2026-07-02T23:00:09.469296,2026-07-02T23:00:09.472888+00:00,118.3,3,bid,Xuanyu Liu,Kelvin Chan,4941081
2026-07-02T23:00:09.563343,2026-07-02T23:00:09.571559+00:00,118.3,1,bid,Zihao Wu,Kelvin Chan,4941083
2026-07-02T23:00:09.763375,2026-07-02T23:00:09.774901+00:00,118.3,3,bid,Zihao Wu,Kelvin Chan,4941094
2026-07-02T23:00:09.965261,2026-07-02T23:00:09.972647+00:00,118.4,17,bid,Zihao Wu,YieldingYams,4941096
2026-07-02T23:00:13.367286,2026-07-02T23:00:13.378852+00:00,118.2,45,ask,WavyWalnuts,Zihao Wu,4941175
2026-07-02T23:00:15.123595,2026-07-02T23:00:15.133642+00:00,118.2,500,ask,YieldingYams,AverageAlmonds,4941212
2026-07-02T23:00:15.717312,2026-07-02T23:00:15.764674+00:00,118.2,125,ask,YieldingYams,AverageAlmonds,4941223
2026-07-02T23:00:16.086575,2026-07-02T23:00:16.097644+00:00,118.1,8,ask,Kelvin Chan,YieldingYams,4941230
2026-07-02T23:00:16.086575,2026-07-02T23:00:16.097644+00:00,118.1,200,ask,WavyWalnuts,YieldingYams,4941231
2026-07-02T23:00:19.390570,2026-07-02T23:00:19.400090+00:00,118.1,200,bid,WavyWalnuts,YieldingYams,4941307
2026-07-02T23:00:21.431807,2026-07-02T23:00:21.443540+00:00,118.1,20,bid,BrilliantBurritos,AverageAlmonds,4941348
2026-07-02T23:00:22.374404,2026-07-02T23:00:22.383323+00:00,118.0,2,ask,Kelvin Chan,AverageAlmonds,4941362
2026-07-02T23:00:22.374404,2026-07-02T23:00:22.383323+00:00,118.0,498,ask,YieldingYams,AverageAlmonds,4941363
2026-07-02T23:00:22.972954,2026-07-02T23:00:22.980810+00:00,118.0,200,ask,WavyWalnuts,AverageAlmonds,4941376
2026-07-02T23:00:25.253296,2026-07-02T23:00:25.264236+00:00,118.0,200,bid,YieldingYams,WavyWalnuts,4941420
2026-07-02T23:00:25.253296,2026-07-02T23:00:25.264236+00:00,118.0,425,bid,YieldingYams,AverageAlmonds,4941421
2026-07-02T23:00:26.619257,2026-07-02T23:00:26.630667+00:00,117.9,200,ask,WavyWalnuts,AverageAlmonds,4941454
2026-07-02T23:00:27.880117,2026-07-02T23:00:27.890104+00:00,117.8,500,bid,YieldingYams,AverageAlmonds,4941490
2026-07-02T23:00:27.880117,2026-07-02T23:00:27.890104+00:00,117.9,125,bid,YieldingYams,WavyWalnuts,4941491
2026-07-02T23:00:28.422426,2026-07-02T23:00:28.431292+00:00,117.8,1,ask,Kelvin Chan,AverageAlmonds,4941501
2026-07-02T23:00:29.194545,2026-07-02T23:00:29.204960+00:00,117.7,200,ask,WavyWalnuts,YieldingYams,4941513
2026-07-02T23:00:30.287683,2026-07-02T23:00:30.294681+00:00,117.6,200,bid,WavyWalnuts,YieldingYams,4941537
2026-07-02T23:00:31.329024,2026-07-02T23:00:31.340671+00:00,117.8,20,bid,BrilliantBurritos,YieldingYams,4941557
2026-07-02T23:00:32.707026,2026-07-02T23:00:32.714628+00:00,117.6,200,ask,YieldingYams,WavyWalnuts,4941587
2026-07-02T23:00:35.125221,2026-07-02T23:00:35.132905+00:00,117.6,200,ask,YieldingYams,WavyWalnuts,4941622
2026-07-02T23:00:38.366962,2026-07-02T23:00:38.376697+00:00,117.4,200,ask,WavyWalnuts,YieldingYams,4941675
2026-07-02T23:00:38.754750,2026-07-02T23:00:38.757215+00:00,117.4,200,bid,WavyWalnuts,YieldingYams,4941686
2026-07-02T23:00:39.677958,2026-07-02T23:00:39.688678+00:00,117.6,200,bid,YieldingYams,WavyWalnuts,4941704
2026-07-02T23:00:39.965506,2026-07-02T23:00:39.974679+00:00,117.7,200,ask,YieldingYams,WavyWalnuts,4941709
2026-07-02T23:00:40.537095,2026-07-02T23:00:40.544304+00:00,117.7,225,ask,YieldingYams,AverageAlmonds,4941721
2026-07-02T23:00:40.596974,2026-07-02T23:00:40.608583+00:00,117.7,22,bid,Zihao Wu,AverageAlmonds,4941723
2026-07-02T23:00:40.989827,2026-07-02T23:00:41.001243+00:00,117.5,2,ask,Kelvin Chan,YieldingYams,4941731
2026-07-02T23:00:40.989827,2026-07-02T23:00:41.001243+00:00,117.5,200,ask,WavyWalnuts,YieldingYams,4941732
2026-07-02T23:00:41.221425,2026-07-02T23:00:41.225975+00:00,117.4,3,ask,WavyWalnuts,Xuanyu Liu,4941751
2026-07-02T23:00:41.397941,2026-07-02T23:00:41.409271+00:00,117.4,22,ask,WavyWalnuts,Zihao Wu,4941752
2026-07-02T23:00:42.383150,2026-07-02T23:00:42.393349+00:00,117.4,200,ask,YieldingYams,WavyWalnuts,4941768
2026-07-02T23:00:42.835110,2026-07-02T23:00:42.840124+00:00,117.5,4,ask,Kelvin Chan,Xuanyu Liu,4941773
2026-07-02T23:00:43.017323,2026-07-02T23:00:43.020883+00:00,117.5,4,ask,Kelvin Chan,Xuanyu Liu,4941778
2026-07-02T23:00:43.134449,2026-07-02T23:00:43.138026+00:00,117.5,3,ask,Kelvin Chan,WavyWalnuts,4941780
2026-07-02T23:00:43.590988,2026-07-02T23:00:43.597841+00:00,117.5,3,ask,Kelvin Chan,Xuanyu Liu,4941789
2026-07-02T23:00:43.590988,2026-07-02T23:00:43.602814+00:00,117.4,197,ask,YieldingYams,WavyWalnuts,4941790
2026-07-02T23:00:44.798824,2026-07-02T23:00:44.808677+00:00,117.5,200,bid,WavyWalnuts,YieldingYams,4941810
2026-07-02T23:00:47.553653,2026-07-02T23:00:47.563635+00:00,117.5,200,bid,YieldingYams,WavyWalnuts,4941865
2026-07-02T23:00:47.559797,2026-07-02T23:00:47.563635+00:00,117.5,12,ask,YieldingYams,Xuanyu Liu,4941866
2026-07-02T23:00:47.569540,2026-07-02T23:00:47.573237+00:00,117.5,11,ask,YieldingYams,Xuanyu Liu,4941868
2026-07-02T23:00:49.631291,2026-07-02T23:00:49.638721+00:00,117.6,200,bid,WavyWalnuts,YieldingYams,4941914
2026-07-02T23:00:49.807289,2026-07-02T23:00:49.819119+00:00,117.6,22,bid,Zihao Wu,YieldingYams,4941918
2026-07-02T23:00:50.214218,2026-07-02T23:00:50.221329+00:00,117.5,22,ask,YieldingYams,Zihao Wu,4941922
2026-07-02T23:00:50.840314,2026-07-02T23:00:50.858561+00:00,117.7,3,bid,WavyWalnuts,Kelvin Chan,4941943
2026-07-02T23:00:50.840314,2026-07-02T23:00:50.858561+00:00,117.7,197,bid,WavyWalnuts,YieldingYams,4941944
2026-07-02T23:00:51.486585,2026-07-02T23:00:51.493272+00:00,117.7,4,bid,YieldingYams,Kelvin Chan,4941949
2026-07-02T23:00:51.659922,2026-07-02T23:00:51.671484+00:00,117.8,20,ask,YieldingYams,BrilliantBurritos,4941953
2026-07-02T23:00:53.246143,2026-07-02T23:00:53.258591+00:00,117.8,200,ask,WavyWalnuts,AverageAlmonds,4941994
2026-07-02T23:00:55.654877,2026-07-02T23:00:55.665934+00:00,117.8,500,ask,YieldingYams,AverageAlmonds,4942053
2026-07-02T23:00:56.252610,2026-07-02T23:00:56.264159+00:00,117.8,125,ask,YieldingYams,AverageAlmonds,4942067
2026-07-02T23:00:56.738047,2026-07-02T23:00:56.746220+00:00,117.7,200,ask,WavyWalnuts,YieldingYams,4942078
2026-07-02T23:00:56.976618,2026-07-02T23:00:56.980784+00:00,117.7,23,bid,Xuanyu Liu,YieldingYams,4942083
2026-07-02T23:00:57.418739,2026-07-02T23:00:57.428195+00:00,117.6,20,ask,WavyWalnuts,BrilliantBurritos,4942092
2026-07-02T23:01:01.981328,2026-07-02T23:01:01.988979+00:00,117.5,4,ask,Kelvin Chan,YieldingYams,4942189
2026-07-02T23:01:01.981328,2026-07-02T23:01:01.988979+00:00,117.5,200,ask,WavyWalnuts,YieldingYams,4942190
2026-07-02T23:01:02.000228,2026-07-02T23:01:02.003975+00:00,117.4,14,bid,Xuanyu Liu,YieldingYams,4942192
2026-07-02T23:01:02.959164,2026-07-02T23:01:02.968912+00:00,117.4,200,bid,WavyWalnuts,YieldingYams,4942210
2026-07-02T23:01:03.243120,2026-07-02T23:01:03.249917+00:00,117.3,20,ask,AverageAlmonds,BrilliantBurritos,4942221
2026-07-02T23:01:03.355781,2026-07-02T23:01:03.359320+00:00,117.4,3,ask,YieldingYams,Xuanyu Liu,4942232
2026-07-02T23:01:04.188559,2026-07-02T23:01:04.192126+00:00,117.5,11,ask,WavyWalnuts,Xuanyu Liu,4942250
2026-07-02T23:01:04.601524,2026-07-02T23:01:04.611514+00:00,117.5,189,ask,WavyWalnuts,YieldingYams,4942255
2026-07-02T23:01:07.225577,2026-07-02T23:01:07.235465+00:00,117.4,200,ask,WavyWalnuts,YieldingYams,4942319
2026-07-02T23:01:07.225577,2026-07-02T23:01:07.235465+00:00,117.4,425,ask,AverageAlmonds,YieldingYams,4942320
2026-07-02T23:01:07.860958,2026-07-02T23:01:07.872713+00:00,117.3,22,ask,AverageAlmonds,Zihao Wu,4942330
2026-07-02T23:01:10.063601,2026-07-02T23:01:10.074326+00:00,117.6,22,bid,Zihao Wu,WavyWalnuts,4942372
2026-07-02T23:01:11.164151,2026-07-02T23:01:11.167625+00:00,117.5,12,ask,YieldingYams,Xuanyu Liu,4942394
2026-07-02T23:01:11.472387,2026-07-02T23:01:11.480059+00:00,117.5,200,ask,YieldingYams,WavyWalnuts,4942405
2026-07-02T23:01:12.465559,2026-07-02T23:01:12.476505+00:00,117.5,500,ask,AverageAlmonds,YieldingYams,4942426
2026-07-02T23:01:12.600388,2026-07-02T23:01:12.629100+00:00,117.5,125,bid,AverageAlmonds,YieldingYams,4942432
2026-07-02T23:01:12.625377,2026-07-02T23:01:12.629100+00:00,117.6,11,ask,AverageAlmonds,Xuanyu Liu,4942435
2026-07-02T23:01:13.894026,2026-07-02T23:01:13.905651+00:00,117.7,4,bid,WavyWalnuts,Kelvin Chan,4942466
2026-07-02T23:01:13.894026,2026-07-02T23:01:13.905651+00:00,117.7,196,bid,WavyWalnuts,YieldingYams,4942467
2026-07-02T23:01:15.102878,2026-07-02T23:01:15.109567+00:00,117.6,20,ask,AverageAlmonds,BrilliantBurritos,4942482
2026-07-02T23:01:15.105284,2026-07-02T23:01:15.114814+00:00,117.6,200,ask,AverageAlmonds,WavyWalnuts,4942483
2026-07-02T23:01:16.311439,2026-07-02T23:01:16.321216+00:00,117.6,200,ask,YieldingYams,WavyWalnuts,4942505
2026-07-02T23:01:16.409870,2026-07-02T23:01:16.419104+00:00,117.6,500,ask,AverageAlmonds,YieldingYams,4942508
2026-07-02T23:01:16.467798,2026-07-02T23:01:16.471239+00:00,117.6,11,bid,Xuanyu Liu,YieldingYams,4942514
2026-07-02T23:01:16.844941,2026-07-02T23:01:16.858577+00:00,117.6,114,bid,AverageAlmonds,YieldingYams,4942519
2026-07-02T23:01:17.455269,2026-07-02T23:01:17.468711+00:00,117.7,2,bid,AverageAlmonds,Kelvin Chan,4942530
2026-07-02T23:01:17.518039,2026-07-02T23:01:17.528790+00:00,117.7,200,ask,AverageAlmonds,WavyWalnuts,4942532
2026-07-02T23:01:18.724547,2026-07-02T23:01:18.735887+00:00,117.7,200,ask,YieldingYams,WavyWalnuts,4942558
2026-07-02T23:01:19.033519,2026-07-02T23:01:19.044640+00:00,117.7,500,ask,AverageAlmonds,YieldingYams,4942559
2026-07-02T23:01:19.103415,2026-07-02T23:01:19.107497+00:00,117.7,12,bid,Xuanyu Liu,YieldingYams,4942561
2026-07-02T23:01:19.261104,2026-07-02T23:01:19.269336+00:00,117.7,113,bid,AverageAlmonds,YieldingYams,4942568
2026-07-02T23:01:19.935481,2026-07-02T23:01:19.945676+00:00,117.7,200,ask,AverageAlmonds,WavyWalnuts,4942587
2026-07-02T23:01:20.339372,2026-07-02T23:01:20.346838+00:00,117.8,2,bid,YieldingYams,Kelvin Chan,4942598
2026-07-02T23:01:21.146838,2026-07-02T23:01:21.155340+00:00,117.9,200,ask,YieldingYams,WavyWalnuts,4942627
2026-07-02T23:01:21.599350,2026-07-02T23:01:21.605197+00:00,118.1,20,bid,BrilliantBurritos,YieldingYams,4942635
2026-07-02T23:01:22.365627,2026-07-02T23:01:22.376863+00:00,117.9,200,ask,YieldingYams,WavyWalnuts,4942650
2026-07-02T23:01:22.981550,2026-07-02T23:01:22.985369+00:00,117.8,14,bid,Xuanyu Liu,YieldingYams,4942673
2026-07-02T23:01:23.512987,2026-07-02T23:01:23.520989+00:00,117.8,500,bid,AverageAlmonds,YieldingYams,4942682
2026-07-02T23:01:23.574881,2026-07-02T23:01:23.585300+00:00,117.8,111,bid,WavyWalnuts,YieldingYams,4942684
2026-07-02T23:01:24.799705,2026-07-02T23:01:24.807387+00:00,117.9,200,ask,AverageAlmonds,WavyWalnuts,4942707
2026-07-02T23:01:26.013688,2026-07-02T23:01:26.023691+00:00,118.0,200,ask,YieldingYams,WavyWalnuts,4942717
2026-07-02T23:01:26.915066,2026-07-02T23:01:26.919994+00:00,118.1,3,ask,YieldingYams,Xuanyu Liu,4942729
2026-07-02T23:01:27.225484,2026-07-02T23:01:27.234922+00:00,118.1,200,ask,YieldingYams,WavyWalnuts,4942736
2026-07-02T23:01:28.436030,2026-07-02T23:01:28.445457+00:00,118.0,200,ask,YieldingYams,WavyWalnuts,4942765
2026-07-02T23:01:29.126031,2026-07-02T23:01:29.137659+00:00,118.2,20,bid,BrilliantBurritos,YieldingYams,4942779
2026-07-02T23:01:29.641566,2026-07-02T23:01:29.658624+00:00,117.9,200,bid,WavyWalnuts,YieldingYams,4942782
2026-07-02T23:01:30.775679,2026-07-02T23:01:30.785710+00:00,117.9,425,bid,AverageAlmonds,YieldingYams,4942813
2026-07-02T23:01:30.854252,2026-07-02T23:01:30.863646+00:00,117.9,75,ask,AverageAlmonds,WavyWalnuts,4942818
2026-07-02T23:01:30.854252,2026-07-02T23:01:30.863646+00:00,117.9,125,ask,YieldingYams,WavyWalnuts,4942819
2026-07-02T23:01:32.077621,2026-07-02T23:01:32.081257+00:00,118.0,11,ask,WavyWalnuts,Xuanyu Liu,4942843
2026-07-02T23:01:32.143525,2026-07-02T23:01:32.151516+00:00,118.0,189,ask,WavyWalnuts,YieldingYams,4942844
2026-07-02T23:01:33.453347,2026-07-02T23:01:33.463600+00:00,118.0,1,bid,YieldingYams,Kelvin Chan,4942873
2026-07-02T23:01:34.771460,2026-07-02T23:01:34.789501+00:00,118.1,2,bid,YieldingYams,Kelvin Chan,4942900
2026-07-02T23:01:34.785851,2026-07-02T23:01:34.789501+00:00,118.1,12,ask,YieldingYams,Xuanyu Liu,4942903
2026-07-02T23:01:35.816345,2026-07-02T23:01:35.827933+00:00,118.1,20,ask,YieldingYams,BrilliantBurritos,4942926
2026-07-02T23:01:36.891120,2026-07-02T23:01:36.899533+00:00,118.2,1,bid,WavyWalnuts,Kelvin Chan,4942938
2026-07-02T23:01:40.022740,2026-07-02T23:01:40.031893+00:00,118.3,1,bid,YieldingYams,Kelvin Chan,4943017
2026-07-02T23:01:40.022740,2026-07-02T23:01:40.031893+00:00,118.3,500,bid,YieldingYams,AverageAlmonds,4943018
2026-07-02T23:01:40.471062,2026-07-02T23:01:40.478470+00:00,118.3,124,ask,YieldingYams,AverageAlmonds,4943021
2026-07-02T23:01:40.530966,2026-07-02T23:01:40.541837+00:00,118.3,200,bid,WavyWalnuts,AverageAlmonds,4943022
2026-07-02T23:01:41.739105,2026-07-02T23:01:41.750537+00:00,118.0,200,bid,WavyWalnuts,YieldingYams,4943059
2026-07-02T23:01:43.958915,2026-07-02T23:01:43.986218+00:00,118.1,200,bid,YieldingYams,WavyWalnuts,4943102
2026-07-02T23:01:43.982059,2026-07-02T23:01:43.986218+00:00,118.1,11,ask,YieldingYams,Xuanyu Liu,4943104
2026-07-02T23:01:44.157392,2026-07-02T23:01:44.168945+00:00,118.1,200,ask,YieldingYams,WavyWalnuts,4943111
2026-07-02T23:01:44.551201,2026-07-02T23:01:44.559908+00:00,118.1,20,ask,YieldingYams,BrilliantBurritos,4943120
2026-07-02T23:01:46.582881,2026-07-02T23:01:46.589916+00:00,118.1,200,bid,YieldingYams,WavyWalnuts,4943169
2026-07-02T23:01:49.218795,2026-07-02T23:01:49.222432+00:00,118.1,11,bid,Xuanyu Liu,YieldingYams,4943239
2026-07-02T23:01:51.828618,2026-07-02T23:01:51.837387+00:00,118.2,1,bid,YieldingYams,Kelvin Chan,4943280
2026-07-02T23:01:52.612268,2026-07-02T23:01:52.621592+00:00,118.2,200,ask,YieldingYams,WavyWalnuts,4943301
2026-07-02T23:01:53.819528,2026-07-02T23:01:53.827496+00:00,118.2,1,bid,WavyWalnuts,Kelvin Chan,4943318
2026-07-02T23:01:54.457965,2026-07-02T23:01:54.469005+00:00,118.2,199,ask,WavyWalnuts,YieldingYams,4943342
2026-07-02T23:01:57.975321,2026-07-02T23:01:57.986834+00:00,118.1,20,bid,BrilliantBurritos,WavyWalnuts,4943408
2026-07-02T23:02:02.294017,2026-07-02T23:02:02.304933+00:00,118.1,200,bid,WavyWalnuts,YieldingYams,4943519
2026-07-02T23:02:04.668872,2026-07-02T23:02:04.680260+00:00,118.0,2,ask,Kelvin Chan,BrilliantBurritos,4943563
2026-07-02T23:02:04.668872,2026-07-02T23:02:04.680260+00:00,118.0,18,ask,WavyWalnuts,BrilliantBurritos,4943564
2026-07-02T23:02:04.959549,2026-07-02T23:02:04.969574+00:00,118.0,500,ask,AverageAlmonds,YieldingYams,4943573
2026-07-02T23:02:04.980074,2026-07-02T23:02:04.984379+00:00,118.0,12,bid,Xuanyu Liu,YieldingYams,4943576
2026-07-02T23:02:05.288679,2026-07-02T23:02:05.298184+00:00,118.0,113,bid,AverageAlmonds,YieldingYams,4943587
2026-07-02T23:02:06.265212,2026-07-02T23:02:06.275426+00:00,118.0,200,bid,YieldingYams,WavyWalnuts,4943614
2026-07-02T23:02:06.265212,2026-07-02T23:02:06.275426+00:00,118.3,1,bid,YieldingYams,Kelvin Chan,4943615
2026-07-02T23:02:06.281202,2026-07-02T23:02:06.284773+00:00,118.4,35,ask,YieldingYams,Xuanyu Liu,4943617
2026-07-02T23:02:06.641494,2026-07-02T23:02:06.645436+00:00,118.5,10,bid,Xuanyu Liu,Kelvin Chan,4943628
2026-07-02T23:02:06.683389,2026-07-02T23:02:06.687024+00:00,118.5,2,bid,Xuanyu Liu,Kelvin Chan,4943631
2026-07-02T23:02:07.143168,2026-07-02T23:02:07.152170+00:00,118.4,200,ask,YieldingYams,WavyWalnuts,4943643
2026-07-02T23:02:07.589867,2026-07-02T23:02:07.593614+00:00,118.4,11,bid,Xuanyu Liu,YieldingYams,4943657
2026-07-02T23:02:07.937692,2026-07-02T23:02:07.941464+00:00,118.3,6,bid,Xuanyu Liu,Kelvin Chan,4943665
2026-07-02T23:02:08.352165,2026-07-02T23:02:08.351640+00:00,118.1,200,ask,YieldingYams,WavyWalnuts,4943674
2026-07-02T23:02:08.392648,2026-07-02T23:02:08.396690+00:00,118.3,5,bid,Xuanyu Liu,Kelvin Chan,4943678
2026-07-02T23:02:08.978866,2026-07-02T23:02:08.982886+00:00,118.2,12,bid,Xuanyu Liu,YieldingYams,4943693
2026-07-02T23:02:11.510563,2026-07-02T23:02:11.521064+00:00,118.0,500,ask,AverageAlmonds,YieldingYams,4943734
2026-07-02T23:02:13.211884,2026-07-02T23:02:13.222070+00:00,117.9,1,ask,Kelvin Chan,WavyWalnuts,4943787
2026-07-02T23:02:13.211884,2026-07-02T23:02:13.222070+00:00,117.9,199,ask,AverageAlmonds,WavyWalnuts,4943788
2026-07-02T23:02:16.743529,2026-07-02T23:02:16.752896+00:00,117.9,4,ask,Kelvin Chan,YieldingYams,4943852
2026-07-02T23:02:16.743529,2026-07-02T23:02:16.752896+00:00,117.9,500,ask,AverageAlmonds,YieldingYams,4943853
2026-07-02T23:02:16.791586,2026-07-02T23:02:16.801411+00:00,117.9,121,bid,AverageAlmonds,YieldingYams,4943854
2026-07-02T23:02:19.263557,2026-07-02T23:02:19.271535+00:00,118.2,200,bid,WavyWalnuts,YieldingYams,4943899
2026-07-02T23:02:20.470325,2026-07-02T23:02:20.477041+00:00,118.2,200,bid,WavyWalnuts,YieldingYams,4943930
2026-07-02T23:02:20.697345,2026-07-02T23:02:20.701690+00:00,118.2,11,ask,YieldingYams,Xuanyu Liu,4943938
2026-07-02T23:02:22.893554,2026-07-02T23:02:22.900509+00:00,118.3,2,bid,WavyWalnuts,Kelvin Chan,4943985
2026-07-02T23:02:23.306463,2026-07-02T23:02:23.317718+00:00,118.3,198,ask,WavyWalnuts,YieldingYams,4943993
2026-07-02T23:02:25.320240,2026-07-02T23:02:25.327952+00:00,118.1,200,ask,YieldingYams,WavyWalnuts,4944044
2026-07-02T23:02:25.931655,2026-07-02T23:02:25.951326+00:00,118.3,7,bid,YieldingYams,Kelvin Chan,4944057
2026-07-02T23:02:25.947466,2026-07-02T23:02:25.951326+00:00,118.3,12,ask,YieldingYams,Xuanyu Liu,4944059
2026-07-02T23:02:26.528863,2026-07-02T23:02:26.537139+00:00,118.3,200,ask,YieldingYams,WavyWalnuts,4944079
2026-07-02T23:02:27.241217,2026-07-02T23:02:27.248980+00:00,118.5,500,bid,YieldingYams,AverageAlmonds,4944097
2026-07-02T23:02:27.691483,2026-07-02T23:02:27.700937+00:00,118.5,125,ask,YieldingYams,AverageAlmonds,4944104
2026-07-02T23:02:27.750458,2026-07-02T23:02:27.758730+00:00,118.4,11,bid,Xuanyu Liu,WavyWalnuts,4944107
2026-07-02T23:02:27.784187,2026-07-02T23:02:27.795706+00:00,118.2,22,ask,WavyWalnuts,Zihao Wu,4944110
2026-07-02T23:02:28.728537,2026-07-02T23:02:28.733276+00:00,118.4,1,bid,Xuanyu Liu,WavyWalnuts,4944142
2026-07-02T23:02:28.785145,2026-07-02T23:02:28.794145+00:00,118.4,22,bid,Zihao Wu,WavyWalnuts,4944147
2026-07-02T23:02:31.168432,2026-07-02T23:02:31.176491+00:00,118.4,200,bid,YieldingYams,WavyWalnuts,4944209
2026-07-02T23:02:31.361359,2026-07-02T23:02:31.369619+00:00,118.4,200,ask,YieldingYams,WavyWalnuts,4944216
2026-07-02T23:02:33.800997,2026-07-02T23:02:33.810850+00:00,118.2,200,bid,YieldingYams,WavyWalnuts,4944269
2026-07-02T23:02:34.999025,2026-07-02T23:02:35.006720+00:00,118.3,200,ask,YieldingYams,WavyWalnuts,4944287
2026-07-02T23:02:36.818157,2026-07-02T23:02:36.825114+00:00,118.2,20,bid,BrilliantBurritos,WavyWalnuts,4944329
2026-07-02T23:02:37.422368,2026-07-02T23:02:37.439851+00:00,118.1,1,ask,Kelvin Chan,WavyWalnuts,4944351
2026-07-02T23:02:37.436161,2026-07-02T23:02:37.439851+00:00,118.1,11,bid,Xuanyu Liu,WavyWalnuts,4944353
2026-07-02T23:02:38.633340,2026-07-02T23:02:38.639913+00:00,118.0,200,ask,YieldingYams,WavyWalnuts,4944368
2026-07-02T23:02:41.049038,2026-07-02T23:02:41.063652+00:00,118.0,1,ask,Kelvin Chan,WavyWalnuts,4944412
2026-07-02T23:02:41.398482,2026-07-02T23:02:41.409209+00:00,117.9,22,ask,YieldingYams,Zihao Wu,4944419
2026-07-02T23:02:41.620089,2026-07-02T23:02:41.653058+00:00,118.0,199,bid,AverageAlmonds,WavyWalnuts,4944424
2026-07-02T23:02:41.649091,2026-07-02T23:02:41.653058+00:00,118.0,11,ask,AverageAlmonds,Xuanyu Liu,4944427
2026-07-02T23:02:41.690144,2026-07-02T23:02:41.694197+00:00,118.1,1,ask,Kelvin Chan,Xuanyu Liu,4944429
2026-07-02T23:02:41.730688,2026-07-02T23:02:41.734398+00:00,118.1,1,ask,Kelvin Chan,Xuanyu Liu,4944431
2026-07-02T23:02:41.774468,2026-07-02T23:02:41.778605+00:00,118.1,1,ask,Kelvin Chan,Xuanyu Liu,4944433
2026-07-02T23:02:41.799449,2026-07-02T23:02:41.808663+00:00,118.2,22,bid,Zihao Wu,YieldingYams,4944434
2026-07-02T23:02:42.240750,2026-07-02T23:02:42.244553+00:00,118.1,9,ask,AverageAlmonds,Xuanyu Liu,4944449
2026-07-02T23:02:42.837756,2026-07-02T23:02:42.846158+00:00,118.1,20,ask,AverageAlmonds,BrilliantBurritos,4944456
2026-07-02T23:02:44.292375,2026-07-02T23:02:44.310384+00:00,118.2,200,bid,YieldingYams,WavyWalnuts,4944493
2026-07-02T23:02:44.306704,2026-07-02T23:02:44.310384+00:00,118.2,11,ask,YieldingYams,Xuanyu Liu,4944495
2026-07-02T23:02:44.675622,2026-07-02T23:02:44.685743+00:00,118.2,200,ask,YieldingYams,WavyWalnuts,4944512
2026-07-02T23:02:48.311655,2026-07-02T23:02:48.320006+00:00,118.2,200,bid,WavyWalnuts,YieldingYams,4944584
2026-07-02T23:02:50.551828,2026-07-02T23:02:50.549845+00:00,118.2,20,bid,BrilliantBurritos,WavyWalnuts,4944627
2026-07-02T23:02:51.945158,2026-07-02T23:02:51.958563+00:00,118.2,200,ask,YieldingYams,WavyWalnuts,4944669
2026-07-02T23:02:54.790568,2026-07-02T23:02:54.800188+00:00,118.1,200,ask,WavyWalnuts,YieldingYams,4944732
2026-07-02T23:02:58.721962,2026-07-02T23:02:58.729220+00:00,118.0,200,bid,YieldingYams,WavyWalnuts,4944799
2026-07-02T23:03:00.038465,2026-07-02T23:03:00.058594+00:00,118.1,200,bid,YieldingYams,WavyWalnuts,4944816
2026-07-02T23:03:03.567254,2026-07-02T23:03:03.570915+00:00,118.1,7,ask,Kelvin Chan,Xuanyu Liu,4944881
2026-07-02T23:03:03.576215,2026-07-02T23:03:03.579935+00:00,118.0,27,ask,YieldingYams,Xuanyu Liu,4944883
2026-07-02T23:03:03.622240,2026-07-02T23:03:03.633742+00:00,118.0,22,ask,YieldingYams,Zihao Wu,4944884
2026-07-02T23:03:03.822416,2026-07-02T23:03:03.833899+00:00,118.2,22,bid,Zihao Wu,YieldingYams,4944889
2026-07-02T23:03:05.266721,2026-07-02T23:03:05.275188+00:00,118.0,200,ask,YieldingYams,WavyWalnuts,4944916
2026-07-02T23:03:07.426310,2026-07-02T23:03:07.437801+00:00,118.0,4,ask,Kelvin Chan,Zihao Wu,4944956
2026-07-02T23:03:07.426310,2026-07-02T23:03:07.437801+00:00,118.0,18,ask,WavyWalnuts,Zihao Wu,4944957
2026-07-02T23:03:07.691020,2026-07-02T23:03:07.700874+00:00,118.1,200,bid,WavyWalnuts,YieldingYams,4944967
2026-07-02T23:03:09.828605,2026-07-02T23:03:09.836519+00:00,118.1,22,bid,Zihao Wu,AverageAlmonds,4945011
2026-07-02T23:03:10.533897,2026-07-02T23:03:10.541520+00:00,118.0,3,ask,Kelvin Chan,YieldingYams,4945030
2026-07-02T23:03:10.533897,2026-07-02T23:03:10.541520+00:00,118.0,200,ask,WavyWalnuts,YieldingYams,4945031
2026-07-02T23:03:11.316251,2026-07-02T23:03:11.326179+00:00,118.0,200,bid,WavyWalnuts,YieldingYams,4945045
2026-07-02T23:03:11.844962,2026-07-02T23:03:11.858594+00:00,118.0,500,bid,YieldingYams,AverageAlmonds,4945053
2026-07-02T23:03:11.880493,2026-07-02T23:03:11.890836+00:00,118.0,125,ask,YieldingYams,AverageAlmonds,4945055
2026-07-02T23:03:13.159227,2026-07-02T23:03:13.168965+00:00,117.9,2,ask,Kelvin Chan,YieldingYams,4945085
2026-07-02T23:03:13.159227,2026-07-02T23:03:13.168965+00:00,117.8,200,ask,WavyWalnuts,YieldingYams,4945086
2026-07-02T23:03:13.174671,2026-07-02T23:03:13.178453+00:00,117.8,11,bid,Xuanyu Liu,YieldingYams,4945088
2026-07-02T23:03:15.502592,2026-07-02T23:03:15.565582+00:00,117.8,500,ask,YieldingYams,AverageAlmonds,4945140
2026-07-02T23:03:15.781646,2026-07-02T23:03:15.801833+00:00,117.8,1,ask,Kelvin Chan,YieldingYams,4945147
2026-07-02T23:03:15.781646,2026-07-02T23:03:15.801833+00:00,117.7,200,ask,WavyWalnuts,YieldingYams,4945148
2026-07-02T23:03:15.797086,2026-07-02T23:03:15.801833+00:00,117.6,23,bid,Xuanyu Liu,YieldingYams,4945150
2026-07-02T23:03:16.171249,2026-07-02T23:03:16.180698+00:00,117.6,200,bid,WavyWalnuts,YieldingYams,4945156
2026-07-02T23:03:16.207546,2026-07-02T23:03:16.211172+00:00,117.4,12,ask,YieldingYams,Xuanyu Liu,4945158
2026-07-02T23:03:17.395781,2026-07-02T23:03:17.399669+00:00,117.5,11,ask,WavyWalnuts,Xuanyu Liu,4945181
2026-07-02T23:03:17.436797,2026-07-02T23:03:17.448458+00:00,117.5,22,ask,WavyWalnuts,Zihao Wu,4945182
2026-07-02T23:03:17.633416,2026-07-02T23:03:17.637351+00:00,117.6,2,ask,Kelvin Chan,Xuanyu Liu,4945186
2026-07-02T23:03:17.745004,2026-07-02T23:03:17.748356+00:00,117.6,1,ask,Kelvin Chan,Xuanyu Liu,4945190
2026-07-02T23:03:17.976548,2026-07-02T23:03:17.980764+00:00,117.6,1,ask,Kelvin Chan,Xuanyu Liu,4945195
2026-07-02T23:03:19.272149,2026-07-02T23:03:19.283640+00:00,117.6,20,bid,BrilliantBurritos,YieldingYams,4945225
2026-07-02T23:03:19.794388,2026-07-02T23:03:19.802690+00:00,117.6,200,bid,WavyWalnuts,YieldingYams,4945242
2026-07-02T23:03:22.441971,2026-07-02T23:03:22.458609+00:00,117.6,22,bid,Zihao Wu,YieldingYams,4945296
2026-07-02T23:03:23.423585,2026-07-02T23:03:23.429789+00:00,117.6,200,bid,WavyWalnuts,YieldingYams,4945312
2026-07-02T23:03:26.254379,2026-07-02T23:03:26.264003+00:00,117.7,200,bid,YieldingYams,WavyWalnuts,4945362
2026-07-02T23:03:27.044366,2026-07-02T23:03:27.053652+00:00,117.9,200,bid,WavyWalnuts,YieldingYams,4945379
2026-07-02T23:03:27.573028,2026-07-02T23:03:27.576768+00:00,117.9,7,ask,YieldingYams,Xuanyu Liu,4945381
2026-07-02T23:03:27.648944,2026-07-02T23:03:27.658048+00:00,117.9,22,ask,YieldingYams,Zihao Wu,4945382
2026-07-02T23:03:29.676374,2026-07-02T23:03:29.687741+00:00,117.9,20,bid,BrilliantBurritos,AverageAlmonds,4945435
2026-07-02T23:03:30.651439,2026-07-02T23:03:30.674663+00:00,117.8,200,ask,WavyWalnuts,AverageAlmonds,4945451
2026-07-02T23:03:30.670302,2026-07-02T23:03:30.674663+00:00,117.8,11,bid,Xuanyu Liu,AverageAlmonds,4945453
2026-07-02T23:03:31.512778,2026-07-02T23:03:31.519980+00:00,117.8,200,bid,YieldingYams,WavyWalnuts,4945477
2026-07-02T23:03:31.895875,2026-07-02T23:03:31.903955+00:00,117.8,200,ask,YieldingYams,WavyWalnuts,4945480
2026-07-02T23:03:33.109104,2026-07-02T23:03:33.118263+00:00,117.7,200,ask,YieldingYams,WavyWalnuts,4945518
2026-07-02T23:03:35.440591,2026-07-02T23:03:35.460619+00:00,117.7,200,ask,WavyWalnuts,YieldingYams,4945574
2026-07-02T23:03:35.456509,2026-07-02T23:03:35.460619+00:00,117.7,11,bid,Xuanyu Liu,YieldingYams,4945577
2026-07-02T23:03:35.459474,2026-07-02T23:03:35.475829+00:00,117.7,22,bid,Zihao Wu,YieldingYams,4945578
2026-07-02T23:03:36.735882,2026-07-02T23:03:36.742772+00:00,117.7,200,bid,WavyWalnuts,YieldingYams,4945615
2026-07-02T23:03:39.366979,2026-07-02T23:03:39.374238+00:00,117.6,1,ask,Kelvin Chan,YieldingYams,4945654
2026-07-02T23:03:39.366979,2026-07-02T23:03:39.379455+00:00,117.6,200,ask,WavyWalnuts,YieldingYams,4945655
2026-07-02T23:03:41.731740,2026-07-02T23:03:41.743377+00:00,117.5,20,ask,YieldingYams,BrilliantBurritos,4945703
2026-07-02T23:03:42.798255,2026-07-02T23:03:42.807639+00:00,117.5,2,ask,Kelvin Chan,WavyWalnuts,4945724
2026-07-02T23:03:42.798255,2026-07-02T23:03:42.807639+00:00,117.5,198,ask,YieldingYams,WavyWalnuts,4945725
2026-07-02T23:03:45.919348,2026-07-02T23:03:45.928560+00:00,117.4,4,ask,Kelvin Chan,YieldingYams,4945794
2026-07-02T23:03:45.919348,2026-07-02T23:03:45.928560+00:00,117.4,200,ask,WavyWalnuts,YieldingYams,4945795
2026-07-02T23:03:46.989507,2026-07-02T23:03:46.998654+00:00,117.4,421,bid,AverageAlmonds,YieldingYams,4945821
2026-07-02T23:03:47.854162,2026-07-02T23:03:47.858179+00:00,117.5,11,ask,YieldingYams,Xuanyu Liu,4945844
2026-07-02T23:03:47.869845,2026-07-02T23:03:47.881486+00:00,117.5,22,ask,YieldingYams,Zihao Wu,4945845
2026-07-02T23:03:48.670768,2026-07-02T23:03:48.682477+00:00,117.6,22,bid,Zihao Wu,WavyWalnuts,4945857
2026-07-02T23:03:49.842798,2026-07-02T23:03:49.849486+00:00,117.5,200,ask,WavyWalnuts,YieldingYams,4945885
2026-07-02T23:03:51.158033,2026-07-02T23:03:51.169017+00:00,117.5,20,bid,BrilliantBurritos,WavyWalnuts,4945914
2026-07-02T23:03:52.662295,2026-07-02T23:03:52.673961+00:00,117.6,20,bid,BrilliantBurritos,YieldingYams,4945945
2026-07-02T23:03:57.908460,2026-07-02T23:03:57.912143+00:00,117.6,11,bid,Xuanyu Liu,WavyWalnuts,4946063
2026-07-02T23:03:58.579678,2026-07-02T23:03:58.583320+00:00,117.5,12,bid,Xuanyu Liu,WavyWalnuts,4946085
2026-07-02T23:03:59.009445,2026-07-02T23:03:59.017184+00:00,117.5,188,bid,YieldingYams,WavyWalnuts,4946096
2026-07-02T23:04:02.593127,2026-07-02T23:04:02.601722+00:00,117.6,20,ask,WavyWalnuts,BrilliantBurritos,4946152
2026-07-02T23:04:02.955230,2026-07-02T23:04:02.953962+00:00,117.7,500,bid,YieldingYams,AverageAlmonds,4946157
2026-07-02T23:04:03.324802,2026-07-02T23:04:03.333734+00:00,117.7,125,ask,YieldingYams,AverageAlmonds,4946164
2026-07-02T23:04:03.324802,2026-07-02T23:04:03.333734+00:00,117.6,180,ask,WavyWalnuts,AverageAlmonds,4946165
2026-07-02T23:04:04.587507,2026-07-02T23:04:04.591330+00:00,117.5,11,bid,Xuanyu Liu,AverageAlmonds,4946199
2026-07-02T23:04:04.616243,2026-07-02T23:04:04.623269+00:00,117.5,200,bid,WavyWalnuts,AverageAlmonds,4946200
2026-07-02T23:04:05.175550,2026-07-02T23:04:05.185661+00:00,117.4,1,ask,Kelvin Chan,AverageAlmonds,4946207
2026-07-02T23:04:05.175550,2026-07-02T23:04:05.185661+00:00,117.4,499,ask,YieldingYams,AverageAlmonds,4946208
2026-07-02T23:04:05.581471,2026-07-02T23:04:05.592683+00:00,117.4,5,ask,Kelvin Chan,YieldingYams,4946213
2026-07-02T23:04:05.598368,2026-07-02T23:04:05.601939+00:00,117.3,23,bid,Xuanyu Liu,YieldingYams,4946215
2026-07-02T23:04:05.829026,2026-07-02T23:04:05.835816+00:00,117.3,200,bid,WavyWalnuts,YieldingYams,4946219
2026-07-02T23:04:07.039857,2026-07-02T23:04:07.050733+00:00,117.4,200,bid,WavyWalnuts,YieldingYams,4946231
2026-07-02T23:04:09.528348,2026-07-02T23:04:09.537257+00:00,117.4,500,bid,YieldingYams,AverageAlmonds,4946296
2026-07-02T23:04:09.528348,2026-07-02T23:04:09.537257+00:00,117.4,125,bid,YieldingYams,WavyWalnuts,4946297
2026-07-02T23:04:11.112838,2026-07-02T23:04:11.124460+00:00,117.3,20,ask,YieldingYams,BrilliantBurritos,4946332
2026-07-02T23:04:11.831807,2026-07-02T23:04:11.850511+00:00,117.4,20,bid,BrilliantBurritos,WavyWalnuts,4946343
2026-07-02T23:04:12.144620,2026-07-02T23:04:12.156069+00:00,117.3,20,ask,YieldingYams,BrilliantBurritos,4946350
2026-07-02T23:04:13.109596,2026-07-02T23:04:13.117996+00:00,117.3,200,bid,WavyWalnuts,YieldingYams,4946376
2026-07-02T23:04:13.473249,2026-07-02T23:04:13.479872+00:00,117.2,2,ask,Kelvin Chan,YieldingYams,4946377
2026-07-02T23:04:14.326586,2026-07-02T23:04:14.335302+00:00,117.2,200,bid,WavyWalnuts,YieldingYams,4946397
2026-07-02T23:04:14.843871,2026-07-02T23:04:14.850912+00:00,117.1,500,bid,AverageAlmonds,YieldingYams,4946413
2026-07-02T23:04:15.538011,2026-07-02T23:04:15.546663+00:00,117.1,125,bid,WavyWalnuts,YieldingYams,4946435
2026-07-02T23:04:17.414311,2026-07-02T23:04:17.422041+00:00,117.2,1,ask,Kelvin Chan,YieldingYams,4946457
2026-07-02T23:04:17.414311,2026-07-02T23:04:17.422041+00:00,117.2,500,ask,AverageAlmonds,YieldingYams,4946458
2026-07-02T23:04:17.868974,2026-07-02T23:04:17.879665+00:00,117.2,124,bid,AverageAlmonds,YieldingYams,4946467
2026-07-02T23:04:17.992339,2026-07-02T23:04:17.995743+00:00,117.4,11,ask,WavyWalnuts,Xuanyu Liu,4946474
2026-07-02T23:04:19.608310,2026-07-02T23:04:19.620016+00:00,117.5,20,bid,BrilliantBurritos,YieldingYams,4946507
2026-07-02T23:04:22.853484,2026-07-02T23:04:22.858610+00:00,117.3,200,ask,YieldingYams,WavyWalnuts,4946595
2026-07-02T23:04:23.982871,2026-07-02T23:04:23.987106+00:00,117.5,11,bid,Xuanyu Liu,YieldingYams,4946614
2026-07-02T23:04:26.592905,2026-07-02T23:04:26.602023+00:00,117.4,200,ask,WavyWalnuts,YieldingYams,4946668
2026-07-02T23:04:28.205488,2026-07-02T23:04:28.216966+00:00,117.4,20,bid,BrilliantBurritos,YieldingYams,4946703
2026-07-02T23:04:28.935144,2026-07-02T23:04:28.938804+00:00,117.4,3,bid,Xuanyu Liu,YieldingYams,4946727
2026-07-02T23:04:29.114706,2026-07-02T23:04:29.126274+00:00,117.4,22,bid,Zihao Wu,YieldingYams,4946728
2026-07-02T23:04:29.219614,2026-07-02T23:04:29.226697+00:00,117.3,500,ask,AverageAlmonds,YieldingYams,4946735
2026-07-02T23:04:29.219614,2026-07-02T23:04:29.231940+00:00,117.3,125,ask,WavyWalnuts,YieldingYams,4946736
2026-07-02T23:04:30.105929,2026-07-02T23:04:30.115218+00:00,117.3,200,ask,AverageAlmonds,WavyWalnuts,4946755
2026-07-02T23:04:30.673785,2026-07-02T23:04:30.683579+00:00,117.4,20,ask,YieldingYams,BrilliantBurritos,4946758
2026-07-02T23:04:33.319887,2026-07-02T23:04:33.331319+00:00,117.4,20,ask,YieldingYams,BrilliantBurritos,4946830
2026-07-02T23:04:34.931592,2026-07-02T23:04:34.943227+00:00,117.4,20,ask,WavyWalnuts,BrilliantBurritos,4946864
2026-07-02T23:04:35.321650,2026-07-02T23:04:35.333354+00:00,117.4,22,ask,WavyWalnuts,Zihao Wu,4946877
2026-07-02T23:04:36.915588,2026-07-02T23:04:36.927351+00:00,117.2,2,ask,Kelvin Chan,BrilliantBurritos,4946919
2026-07-02T23:04:36.915588,2026-07-02T23:04:36.927351+00:00,117.2,18,ask,YieldingYams,BrilliantBurritos,4946920
2026-07-02T23:04:42.318184,2026-07-02T23:04:42.341753+00:00,117.4,200,ask,WavyWalnuts,YieldingYams,4947000
2026-07-02T23:04:42.329186,2026-07-02T23:04:42.341753+00:00,117.4,22,bid,Zihao Wu,YieldingYams,4947001
2026-07-02T23:04:42.337518,2026-07-02T23:04:42.341753+00:00,117.4,3,bid,Xuanyu Liu,YieldingYams,4947004
2026-07-02T23:04:43.441528,2026-07-02T23:04:43.448492+00:00,117.4,200,bid,WavyWalnuts,YieldingYams,4947036
2026-07-02T23:04:44.655789,2026-07-02T23:04:44.656797+00:00,117.5,200,ask,YieldingYams,WavyWalnuts,4947056
2026-07-02T23:04:45.132845,2026-07-02T23:04:45.149172+00:00,117.4,22,ask,YieldingYams,Zihao Wu,4947067
2026-07-02T23:04:48.936245,2026-07-02T23:04:48.947867+00:00,117.4,22,bid,Zihao Wu,YieldingYams,4947143
2026-07-02T23:04:49.488620,2026-07-02T23:04:49.496294+00:00,117.4,200,bid,WavyWalnuts,YieldingYams,4947155
2026-07-02T23:04:51.921358,2026-07-02T23:04:51.924965+00:00,117.3,3,ask,WavyWalnuts,Xuanyu Liu,4947219
2026-07-02T23:04:52.810303,2026-07-02T23:04:52.821898+00:00,117.3,197,ask,WavyWalnuts,YieldingYams,4947240
2026-07-02T23:04:56.012265,2026-07-02T23:04:56.020620+00:00,117.4,200,bid,AverageAlmonds,WavyWalnuts,4947303
2026-07-02T23:04:56.732285,2026-07-02T23:04:56.740697+00:00,117.4,200,ask,AverageAlmonds,WavyWalnuts,4947328
2026-07-02T23:04:57.217642,2026-07-02T23:04:57.226144+00:00,117.5,500,bid,AverageAlmonds,YieldingYams,4947342
2026-07-02T23:04:57.815867,2026-07-02T23:04:57.825490+00:00,117.5,125,bid,AverageAlmonds,YieldingYams,4947359
2026-07-02T23:04:57.815867,2026-07-02T23:04:57.825490+00:00,117.5,6,bid,AverageAlmonds,Kelvin Chan,4947360
2026-07-02T23:04:57.939533,2026-07-02T23:04:57.947209+00:00,117.5,200,ask,AverageAlmonds,WavyWalnuts,4947365
2026-07-02T23:04:57.947803,2026-07-02T23:04:57.958646+00:00,117.5,22,ask,AverageAlmonds,Zihao Wu,4947366
2026-07-02T23:04:58.067807,2026-07-02T23:04:58.071695+00:00,117.6,3,ask,YieldingYams,Xuanyu Liu,4947372
2026-07-02T23:04:59.149124,2026-07-02T23:04:59.155617+00:00,117.6,22,ask,YieldingYams,Zihao Wu,4947399
2026-07-02T23:04:59.151640,2026-07-02T23:04:59.160858+00:00,117.6,200,ask,YieldingYams,WavyWalnuts,4947400
2026-07-02T23:05:00.552416,2026-07-02T23:05:00.558563+00:00,117.6,22,bid,Zihao Wu,YieldingYams,4947430
2026-07-02T23:05:01.572977,2026-07-02T23:05:01.583650+00:00,117.5,200,ask,YieldingYams,WavyWalnuts,4947453
2026-07-02T23:05:02.780086,2026-07-02T23:05:02.786839+00:00,117.5,200,ask,YieldingYams,WavyWalnuts,4947487
2026-07-02T23:05:03.353830,2026-07-02T23:05:03.358608+00:00,117.4,22,ask,YieldingYams,Zihao Wu,4947498
2026-07-02T23:05:03.753813,2026-07-02T23:05:03.758565+00:00,117.6,22,bid,Zihao Wu,YieldingYams,4947512
2026-07-02T23:05:05.939958,2026-07-02T23:05:05.958088+00:00,117.4,200,ask,WavyWalnuts,YieldingYams,4947560
2026-07-02T23:05:05.954429,2026-07-02T23:05:05.958088+00:00,117.4,3,bid,Xuanyu Liu,YieldingYams,4947563
2026-07-02T23:05:06.407613,2026-07-02T23:05:06.413787+00:00,117.4,200,bid,WavyWalnuts,YieldingYams,4947576
2026-07-02T23:05:07.614021,2026-07-02T23:05:07.621068+00:00,117.4,200,bid,WavyWalnuts,YieldingYams,4947595
2026-07-02T23:05:08.820616,2026-07-02T23:05:08.828799+00:00,117.5,200,bid,WavyWalnuts,YieldingYams,4947613
2026-07-02T23:05:12.449006,2026-07-02T23:05:12.458549+00:00,117.6,2,bid,WavyWalnuts,Kelvin Chan,4947686
2026-07-02T23:05:12.449006,2026-07-02T23:05:12.458549+00:00,117.7,198,bid,WavyWalnuts,YieldingYams,4947687
2026-07-02T23:05:15.206534,2026-07-02T23:05:15.218140+00:00,117.6,20,bid,BrilliantBurritos,YieldingYams,4947734
2026-07-02T23:05:16.076368,2026-07-02T23:05:16.084749+00:00,117.6,200,bid,WavyWalnuts,YieldingYams,4947755
2026-07-02T23:05:16.431345,2026-07-02T23:05:16.441289+00:00,117.6,2,bid,YieldingYams,Kelvin Chan,4947760
2026-07-02T23:05:17.356738,2026-07-02T23:05:17.364631+00:00,117.6,20,ask,YieldingYams,BrilliantBurritos,4947770
2026-07-02T23:05:17.743810,2026-07-02T23:05:17.752896+00:00,117.7,200,bid,YieldingYams,WavyWalnuts,4947782
2026-07-02T23:05:17.743810,2026-07-02T23:05:17.752896+00:00,117.7,8,bid,YieldingYams,Kelvin Chan,4947783
2026-07-02T23:05:19.701304,2026-07-02T23:05:19.711509+00:00,117.9,6,bid,WavyWalnuts,Kelvin Chan,4947820
2026-07-02T23:05:19.701304,2026-07-02T23:05:19.711509+00:00,117.9,194,bid,WavyWalnuts,YieldingYams,4947821
2026-07-02T23:05:31.811574,2026-07-02T23:05:31.821160+00:00,117.7,200,ask,YieldingYams,WavyWalnuts,4948092
2026-07-02T23:05:33.019254,2026-07-02T23:05:33.027904+00:00,117.8,1,bid,WavyWalnuts,Kelvin Chan,4948117
2026-07-02T23:05:33.495551,2026-07-02T23:05:33.506713+00:00,117.8,199,ask,WavyWalnuts,YieldingYams,4948132
2026-07-02T23:05:33.866054,2026-07-02T23:05:33.877583+00:00,117.8,20,bid,BrilliantBurritos,YieldingYams,4948136
2026-07-02T23:05:36.647915,2026-07-02T23:05:36.657177+00:00,117.9,1,bid,WavyWalnuts,Kelvin Chan,4948212
2026-07-02T23:05:36.647915,2026-07-02T23:05:36.657177+00:00,117.9,199,bid,WavyWalnuts,YieldingYams,4948213
2026-07-02T23:05:37.429336,2026-07-02T23:05:37.438006+00:00,117.9,3,bid,YieldingYams,Kelvin Chan,4948232
2026-07-02T23:05:40.057640,2026-07-02T23:05:40.069262+00:00,118.0,200,bid,YieldingYams,WavyWalnuts,4948295
2026-07-02T23:05:40.057640,2026-07-02T23:05:40.069262+00:00,118.1,2,bid,YieldingYams,Kelvin Chan,4948296
2026-07-02T23:05:40.294590,2026-07-02T23:05:40.303147+00:00,118.1,200,ask,YieldingYams,WavyWalnuts,4948301
2026-07-02T23:05:40.810909,2026-07-02T23:05:40.820087+00:00,118.1,223,ask,YieldingYams,AverageAlmonds,4948310
2026-07-02T23:05:41.501504,2026-07-02T23:05:41.509522+00:00,117.9,200,bid,WavyWalnuts,YieldingYams,4948329
2026-07-02T23:05:43.940952,2026-07-02T23:05:43.944726+00:00,117.8,3,ask,WavyWalnuts,Xuanyu Liu,4948398
2026-07-02T23:05:47.926904,2026-07-02T23:05:47.936571+00:00,118.0,3,bid,YieldingYams,Kelvin Chan,4948467
2026-07-02T23:05:47.926904,2026-07-02T23:05:47.936571+00:00,118.0,200,bid,YieldingYams,WavyWalnuts,4948468
2026-07-02T23:05:49.402529,2026-07-02T23:05:49.413815+00:00,118.0,22,ask,WavyWalnuts,Zihao Wu,4948505
2026-07-02T23:05:50.058030,2026-07-02T23:05:50.069675+00:00,118.0,20,ask,WavyWalnuts,BrilliantBurritos,4948517
2026-07-02T23:05:51.204322,2026-07-02T23:05:51.215940+00:00,118.1,3,bid,Zihao Wu,Kelvin Chan,4948539
2026-07-02T23:05:51.204322,2026-07-02T23:05:51.215940+00:00,118.1,19,bid,Zihao Wu,YieldingYams,4948540
2026-07-02T23:05:51.704812,2026-07-02T23:05:51.729060+00:00,118.0,200,ask,WavyWalnuts,AverageAlmonds,4948547
2026-07-02T23:05:51.725237,2026-07-02T23:05:51.729060+00:00,118.0,3,bid,Xuanyu Liu,AverageAlmonds,4948551
2026-07-02T23:05:52.389571,2026-07-02T23:05:52.398382+00:00,118.0,200,bid,WavyWalnuts,YieldingYams,4948566
2026-07-02T23:05:53.529483,2026-07-02T23:05:53.539960+00:00,117.9,500,ask,YieldingYams,AverageAlmonds,4948586
2026-07-02T23:05:54.743007,2026-07-02T23:05:54.750411+00:00,117.9,500,ask,YieldingYams,AverageAlmonds,4948608
2026-07-02T23:05:55.336488,2026-07-02T23:05:55.345455+00:00,117.9,125,ask,YieldingYams,AverageAlmonds,4948616
2026-07-02T23:05:55.796332,2026-07-02T23:05:55.806649+00:00,117.8,6,ask,Kelvin Chan,YieldingYams,4948627
2026-07-02T23:05:55.796332,2026-07-02T23:05:55.806649+00:00,117.8,200,ask,WavyWalnuts,YieldingYams,4948628
2026-07-02T23:05:58.418601,2026-07-02T23:05:58.436313+00:00,117.5,5,ask,Kelvin Chan,YieldingYams,4948698
2026-07-02T23:05:58.432535,2026-07-02T23:05:58.436313+00:00,117.5,2,bid,Xuanyu Liu,YieldingYams,4948700
2026-07-02T23:05:58.438275,2026-07-02T23:05:58.451859+00:00,117.5,200,bid,WavyWalnuts,YieldingYams,4948701
2026-07-02T23:06:01.039872,2026-07-02T23:06:01.048323+00:00,117.5,200,bid,YieldingYams,WavyWalnuts,4948751
2026-07-02T23:06:03.207592,2026-07-02T23:06:03.213789+00:00,117.6,2,ask,Kelvin Chan,AverageAlmonds,4948809
2026-07-02T23:06:03.833539,2026-07-02T23:06:03.837442+00:00,117.6,1,bid,Xuanyu Liu,WavyWalnuts,4948821
2026-07-02T23:06:04.017962,2026-07-02T23:06:04.025373+00:00,117.6,22,bid,Zihao Wu,WavyWalnuts,4948829
2026-07-02T23:06:04.500655,2026-07-02T23:06:04.510682+00:00,117.6,200,bid,WavyWalnuts,AverageAlmonds,4948843
2026-07-02T23:06:04.968938,2026-07-02T23:06:04.975987+00:00,117.6,300,bid,YieldingYams,AverageAlmonds,4948856
2026-07-02T23:06:05.002231,2026-07-02T23:06:05.012738+00:00,117.7,325,ask,YieldingYams,AverageAlmonds,4948857
2026-07-02T23:06:08.908288,2026-07-02T23:06:08.915136+00:00,117.7,500,bid,YieldingYams,AverageAlmonds,4948941
2026-07-02T23:06:08.908288,2026-07-02T23:06:08.920412+00:00,117.8,125,bid,YieldingYams,WavyWalnuts,4948942
2026-07-02T23:06:11.783004,2026-07-02T23:06:11.789813+00:00,117.5,3,ask,Kelvin Chan,WavyWalnuts,4949024
2026-07-02T23:06:11.783004,2026-07-02T23:06:11.800173+00:00,117.5,197,ask,YieldingYams,WavyWalnuts,4949025
2026-07-02T23:06:12.121486,2026-07-02T23:06:12.129200+00:00,117.7,20,bid,BrilliantBurritos,YieldingYams,4949037
2026-07-02T23:06:12.839921,2026-07-02T23:06:12.848292+00:00,117.5,4,ask,Kelvin Chan,YieldingYams,4949046
2026-07-02T23:06:12.859978,2026-07-02T23:06:12.863903+00:00,117.5,11,bid,Xuanyu Liu,YieldingYams,4949048
2026-07-02T23:06:12.991168,2026-07-02T23:06:13.000437+00:00,117.5,200,bid,WavyWalnuts,YieldingYams,4949055
2026-07-02T23:06:13.458836,2026-07-02T23:06:13.468824+00:00,117.3,20,ask,YieldingYams,BrilliantBurritos,4949074
2026-07-02T23:06:15.459125,2026-07-02T23:06:15.466117+00:00,117.6,200,bid,YieldingYams,WavyWalnuts,4949127
2026-07-02T23:06:15.459125,2026-07-02T23:06:15.559163+00:00,117.7,7,bid,YieldingYams,Kelvin Chan,4949128
2026-07-02T23:06:15.477082,2026-07-02T23:06:15.559163+00:00,117.7,14,ask,YieldingYams,Xuanyu Liu,4949130
2026-07-02T23:06:15.630794,2026-07-02T23:06:15.664290+00:00,117.7,22,ask,YieldingYams,Zihao Wu,4949133
2026-07-02T23:06:17.747787,2026-07-02T23:06:17.758629+00:00,117.7,500,ask,YieldingYams,AverageAlmonds,4949187
2026-07-02T23:06:18.089382,2026-07-02T23:06:18.095746+00:00,117.6,200,ask,WavyWalnuts,YieldingYams,4949201
2026-07-02T23:06:18.106419,2026-07-02T23:06:18.110036+00:00,117.6,14,bid,Xuanyu Liu,YieldingYams,4949203
2026-07-02T23:06:18.233791,2026-07-02T23:06:18.245493+00:00,117.6,22,bid,Zihao Wu,YieldingYams,4949205
2026-07-02T23:06:19.037374,2026-07-02T23:06:19.045723+00:00,117.6,200,bid,WavyWalnuts,YieldingYams,4949218
2026-07-02T23:06:22.030484,2026-07-02T23:06:22.036876+00:00,117.6,200,ask,WavyWalnuts,YieldingYams,4949295
2026-07-02T23:06:22.037660,2026-07-02T23:06:22.047080+00:00,117.4,3,ask,Kelvin Chan,Zihao Wu,4949296
2026-07-02T23:06:22.037660,2026-07-02T23:06:22.047080+00:00,117.4,19,ask,YieldingYams,Zihao Wu,4949297
2026-07-02T23:06:22.838482,2026-07-02T23:06:22.850059+00:00,117.6,22,bid,Zihao Wu,YieldingYams,4949309
2026-07-02T23:06:23.882453,2026-07-02T23:06:23.893895+00:00,117.5,7,ask,Kelvin Chan,WavyWalnuts,4949332
2026-07-02T23:06:29.894373,2026-07-02T23:06:29.903089+00:00,117.4,2,ask,Kelvin Chan,YieldingYams,4949465
2026-07-02T23:06:29.931444,2026-07-02T23:06:29.939856+00:00,117.4,200,bid,WavyWalnuts,YieldingYams,4949466
2026-07-02T23:06:30.045937,2026-07-02T23:06:30.058585+00:00,117.1,22,ask,AverageAlmonds,Zihao Wu,4949467
2026-07-02T23:06:31.067984,2026-07-02T23:06:31.079474+00:00,117.4,22,bid,Zihao Wu,YieldingYams,4949490
2026-07-02T23:06:31.210900,2026-07-02T23:06:31.220878+00:00,117.3,2,ask,Kelvin Chan,YieldingYams,4949498
2026-07-02T23:06:31.649064,2026-07-02T23:06:31.658633+00:00,117.3,500,bid,AverageAlmonds,YieldingYams,4949510
2026-07-02T23:06:32.244483,2026-07-02T23:06:32.252249+00:00,117.3,123,bid,AverageAlmonds,YieldingYams,4949515
2026-07-02T23:06:32.352632,2026-07-02T23:06:32.355970+00:00,117.3,11,ask,AverageAlmonds,Xuanyu Liu,4949521
2026-07-02T23:06:32.354965,2026-07-02T23:06:32.376269+00:00,117.3,200,ask,AverageAlmonds,WavyWalnuts,4949522
2026-07-02T23:06:34.129957,2026-07-02T23:06:34.134206+00:00,117.4,3,ask,AverageAlmonds,Xuanyu Liu,4949573
2026-07-02T23:06:34.250553,2026-07-02T23:06:34.258554+00:00,117.4,22,ask,AverageAlmonds,Zihao Wu,4949575
2026-07-02T23:06:35.266949,2026-07-02T23:06:35.274727+00:00,117.5,500,bid,AverageAlmonds,YieldingYams,4949602
2026-07-02T23:06:36.454954,2026-07-02T23:06:36.458616+00:00,117.6,5,bid,YieldingYams,Kelvin Chan,4949623
2026-07-02T23:06:36.454954,2026-07-02T23:06:36.458616+00:00,117.6,200,bid,YieldingYams,WavyWalnuts,4949624
2026-07-02T23:06:37.183044,2026-07-02T23:06:37.191345+00:00,117.7,200,ask,YieldingYams,WavyWalnuts,4949638
2026-07-02T23:06:39.081473,2026-07-02T23:06:39.089344+00:00,117.5,200,ask,AverageAlmonds,WavyWalnuts,4949675
2026-07-02T23:06:39.081473,2026-07-02T23:06:39.089344+00:00,117.5,425,ask,AverageAlmonds,YieldingYams,4949676
2026-07-02T23:06:39.596971,2026-07-02T23:06:39.607154+00:00,117.5,200,ask,WavyWalnuts,YieldingYams,4949684
2026-07-02T23:06:40.804813,2026-07-02T23:06:40.814536+00:00,117.6,200,ask,AverageAlmonds,WavyWalnuts,4949705
2026-07-02T23:06:41.942566,2026-07-02T23:06:41.950013+00:00,117.6,500,bid,AverageAlmonds,YieldingYams,4949732
2026-07-02T23:06:42.536965,2026-07-02T23:06:42.547744+00:00,117.6,125,bid,AverageAlmonds,YieldingYams,4949741
2026-07-02T23:06:43.012582,2026-07-02T23:06:43.020710+00:00,117.7,200,bid,YieldingYams,WavyWalnuts,4949750
2026-07-02T23:06:45.611164,2026-07-02T23:06:45.622651+00:00,117.6,20,ask,YieldingYams,BrilliantBurritos,4949814
2026-07-02T23:06:45.652276,2026-07-02T23:06:45.660038+00:00,117.6,200,ask,AverageAlmonds,WavyWalnuts,4949815
2026-07-02T23:06:45.950898,2026-07-02T23:06:45.955714+00:00,117.7,20,bid,BrilliantBurritos,YieldingYams,4949823
2026-07-02T23:06:46.763617,2026-07-02T23:06:46.775159+00:00,117.7,500,bid,AverageAlmonds,YieldingYams,4949839
2026-07-02T23:06:46.950413,2026-07-02T23:06:46.958551+00:00,117.7,200,bid,YieldingYams,WavyWalnuts,4949841
2026-07-02T23:06:46.950413,2026-07-02T23:06:46.958551+00:00,117.8,1,bid,YieldingYams,Kelvin Chan,4949842
2026-07-02T23:06:48.074518,2026-07-02T23:06:48.085027+00:00,117.8,200,ask,YieldingYams,WavyWalnuts,4949861
2026-07-02T23:06:51.700617,2026-07-02T23:06:51.707283+00:00,117.8,200,bid,WavyWalnuts,YieldingYams,4949949
2026-07-02T23:06:53.242467,2026-07-02T23:06:53.253997+00:00,117.9,1,bid,BrilliantBurritos,Kelvin Chan,4949976
2026-07-02T23:06:53.242467,2026-07-02T23:06:53.253997+00:00,117.9,19,bid,BrilliantBurritos,WavyWalnuts,4949977
2026-07-02T23:06:53.513722,2026-07-02T23:06:53.521000+00:00,117.9,181,bid,YieldingYams,WavyWalnuts,4949986
2026-07-02T23:06:54.117160,2026-07-02T23:06:54.124699+00:00,117.9,200,ask,YieldingYams,WavyWalnuts,4949998
2026-07-02T23:06:54.832970,2026-07-02T23:06:54.842063+00:00,117.7,200,ask,WavyWalnuts,YieldingYams,4950014
2026-07-02T23:06:55.321028,2026-07-02T23:06:55.332663+00:00,117.7,200,bid,WavyWalnuts,YieldingYams,4950026
2026-07-02T23:06:55.883478,2026-07-02T23:06:55.892249+00:00,117.6,4,ask,Kelvin Chan,BrilliantBurritos,4950045
2026-07-02T23:06:57.460896,2026-07-02T23:06:57.468981+00:00,117.7,200,ask,WavyWalnuts,YieldingYams,4950068
2026-07-02T23:06:58.777106,2026-07-02T23:06:58.784030+00:00,117.8,200,bid,YieldingYams,WavyWalnuts,4950099
2026-07-02T23:06:59.866761,2026-07-02T23:06:59.877403+00:00,117.8,20,ask,YieldingYams,BrilliantBurritos,4950119
2026-07-02T23:07:01.361245,2026-07-02T23:07:01.368710+00:00,117.9,200,bid,WavyWalnuts,YieldingYams,4950148
2026-07-02T23:07:02.717201,2026-07-02T23:07:02.743971+00:00,117.8,200,ask,WavyWalnuts,YieldingYams,4950180
2026-07-02T23:07:02.739400,2026-07-02T23:07:02.743971+00:00,117.7,3,bid,Xuanyu Liu,YieldingYams,4950182
2026-07-02T23:07:02.882071,2026-07-02T23:07:02.893523+00:00,117.7,22,bid,Zihao Wu,YieldingYams,4950193
2026-07-02T23:07:03.785231,2026-07-02T23:07:03.796608+00:00,117.7,200,bid,WavyWalnuts,YieldingYams,4950201
2026-07-02T23:07:03.883312,2026-07-02T23:07:03.894965+00:00,117.6,3,ask,Kelvin Chan,Zihao Wu,4950204
2026-07-02T23:07:04.042106,2026-07-02T23:07:04.045756+00:00,117.7,3,ask,YieldingYams,Xuanyu Liu,4950216
2026-07-02T23:07:04.083696,2026-07-02T23:07:04.095231+00:00,117.7,13,ask,YieldingYams,Zihao Wu,4950218
2026-07-02T23:07:04.872241,2026-07-02T23:07:04.883742+00:00,117.9,20,bid,BrilliantBurritos,WavyWalnuts,4950232
2026-07-02T23:07:05.003397,2026-07-02T23:07:05.011542+00:00,117.7,200,ask,YieldingYams,WavyWalnuts,4950235
2026-07-02T23:07:06.650669,2026-07-02T23:07:06.658574+00:00,117.8,200,ask,WavyWalnuts,YieldingYams,4950279
2026-07-02T23:07:07.416662,2026-07-02T23:07:07.424966+00:00,117.8,200,bid,WavyWalnuts,YieldingYams,4950292
2026-07-02T23:07:08.628686,2026-07-02T23:07:08.639578+00:00,117.9,200,ask,YieldingYams,WavyWalnuts,4950320
2026-07-02T23:07:08.986248,2026-07-02T23:07:08.997746+00:00,118.0,1,bid,BrilliantBurritos,Kelvin Chan,4950321
2026-07-02T23:07:10.563817,2026-07-02T23:07:10.571180+00:00,117.9,20,bid,BrilliantBurritos,YieldingYams,4950360
2026-07-02T23:07:11.048021,2026-07-02T23:07:11.064075+00:00,117.8,200,ask,YieldingYams,WavyWalnuts,4950363
2026-07-02T23:07:14.115903,2026-07-02T23:07:14.119865+00:00,117.6,3,ask,Kelvin Chan,Xuanyu Liu,4950426
2026-07-02T23:07:15.885771,2026-07-02T23:07:15.896379+00:00,117.8,200,bid,WavyWalnuts,YieldingYams,4950461
2026-07-02T23:07:17.114841,2026-07-02T23:07:17.118708+00:00,117.7,11,ask,WavyWalnuts,Xuanyu Liu,4950505
2026-07-02T23:07:19.138598,2026-07-02T23:07:19.150173+00:00,117.8,20,bid,BrilliantBurritos,WavyWalnuts,4950541
2026-07-02T23:07:20.739390,2026-07-02T23:07:20.746813+00:00,117.7,200,ask,YieldingYams,WavyWalnuts,4950577
2026-07-02T23:07:25.047437,2026-07-02T23:07:25.053148+00:00,117.6,2,ask,Kelvin Chan,YieldingYams,4950699
2026-07-02T23:07:26.024632,2026-07-02T23:07:26.032683+00:00,117.5,7,ask,Kelvin Chan,BrilliantBurritos,4950709
2026-07-02T23:07:26.024632,2026-07-02T23:07:26.032683+00:00,117.5,13,ask,WavyWalnuts,BrilliantBurritos,4950710
2026-07-02T23:07:28.884021,2026-07-02T23:07:28.895670+00:00,117.7,20,bid,BrilliantBurritos,YieldingYams,4950758
2026-07-02T23:07:28.986096,2026-07-02T23:07:28.997094+00:00,117.6,200,ask,WavyWalnuts,YieldingYams,4950759
2026-07-02T23:07:29.215812,2026-07-02T23:07:29.219582+00:00,117.6,14,bid,Xuanyu Liu,YieldingYams,4950766
2026-07-02T23:07:32.871342,2026-07-02T23:07:32.878046+00:00,117.6,200,ask,YieldingYams,WavyWalnuts,4950835
2026-07-02T23:07:35.108269,2026-07-02T23:07:35.115903+00:00,117.7,20,bid,BrilliantBurritos,WavyWalnuts,4950890
2026-07-02T23:07:35.294610,2026-07-02T23:07:35.302881+00:00,117.8,4,bid,WavyWalnuts,Kelvin Chan,4950893
2026-07-02T23:07:35.294610,2026-07-02T23:07:35.302881+00:00,117.8,196,bid,WavyWalnuts,YieldingYams,4950894
2026-07-02T23:07:36.504723,2026-07-02T23:07:36.512868+00:00,117.8,3,bid,WavyWalnuts,Kelvin Chan,4950924
2026-07-02T23:07:36.890269,2026-07-02T23:07:36.899691+00:00,117.8,197,ask,WavyWalnuts,YieldingYams,4950931
2026-07-02T23:07:38.206828,2026-07-02T23:07:38.218258+00:00,117.7,500,ask,AverageAlmonds,YieldingYams,4950965
2026-07-02T23:07:38.206828,2026-07-02T23:07:38.218258+00:00,117.7,125,ask,WavyWalnuts,YieldingYams,4950966
2026-07-02T23:07:39.774557,2026-07-02T23:07:39.786078+00:00,117.8,20,ask,YieldingYams,BrilliantBurritos,4950999
2026-07-02T23:07:40.131603,2026-07-02T23:07:40.141024+00:00,117.9,3,bid,WavyWalnuts,Kelvin Chan,4951015
2026-07-02T23:07:40.830894,2026-07-02T23:07:40.839761+00:00,117.9,197,ask,WavyWalnuts,YieldingYams,4951031
2026-07-02T23:07:41.803267,2026-07-02T23:07:41.815514+00:00,117.7,20,ask,YieldingYams,BrilliantBurritos,4951045
2026-07-02T23:07:42.140103,2026-07-02T23:07:42.150217+00:00,117.8,200,bid,YieldingYams,WavyWalnuts,4951050
2026-07-02T23:07:42.550124,2026-07-02T23:07:42.558038+00:00,117.8,200,ask,YieldingYams,WavyWalnuts,4951066
2026-07-02T23:07:44.235953,2026-07-02T23:07:44.247459+00:00,117.7,20,ask,YieldingYams,BrilliantBurritos,4951103
2026-07-02T23:07:44.311070,2026-07-02T23:07:44.320638+00:00,117.8,200,bid,AverageAlmonds,WavyWalnuts,4951104
2026-07-02T23:07:46.176735,2026-07-02T23:07:46.183285+00:00,117.8,200,ask,AverageAlmonds,WavyWalnuts,4951136
2026-07-02T23:07:50.126832,2026-07-02T23:07:50.138225+00:00,117.7,20,ask,AverageAlmonds,BrilliantBurritos,4951224
2026-07-02T23:07:52.637741,2026-07-02T23:07:52.645827+00:00,117.7,200,bid,YieldingYams,WavyWalnuts,4951271
2026-07-02T23:07:55.878592,2026-07-02T23:07:55.885973+00:00,117.8,200,bid,WavyWalnuts,YieldingYams,4951337
2026-07-02T23:07:58.296416,2026-07-02T23:07:58.307371+00:00,117.8,200,bid,WavyWalnuts,YieldingYams,4951379
2026-07-02T23:08:03.074022,2026-07-02T23:08:03.083172+00:00,117.6,200,bid,AverageAlmonds,WavyWalnuts,4951475
2026-07-02T23:08:03.147216,2026-07-02T23:08:03.153710+00:00,117.6,200,ask,AverageAlmonds,WavyWalnuts,4951488
2026-07-02T23:08:04.358470,2026-07-02T23:08:04.369755+00:00,117.6,200,ask,YieldingYams,WavyWalnuts,4951506
2026-07-02T23:08:05.266718,2026-07-02T23:08:05.278417+00:00,117.6,20,ask,AverageAlmonds,BrilliantBurritos,4951528
2026-07-02T23:08:05.568305,2026-07-02T23:08:05.579597+00:00,117.6,200,ask,AverageAlmonds,WavyWalnuts,4951548
2026-07-02T23:08:06.777462,2026-07-02T23:08:06.785618+00:00,117.6,200,ask,AverageAlmonds,WavyWalnuts,4951567
2026-07-02T23:08:07.211183,2026-07-02T23:08:07.214880+00:00,117.6,3,ask,AverageAlmonds,Xuanyu Liu,4951575
2026-07-02T23:08:08.380728,2026-07-02T23:08:08.387809+00:00,117.6,500,ask,AverageAlmonds,YieldingYams,4951599
2026-07-02T23:08:08.380728,2026-07-02T23:08:08.392858+00:00,117.5,125,ask,WavyWalnuts,YieldingYams,4951600
2026-07-02T23:08:09.124313,2026-07-02T23:08:09.135694+00:00,117.7,200,bid,AverageAlmonds,WavyWalnuts,4951617
2026-07-02T23:08:09.144024,2026-07-02T23:08:09.147800+00:00,117.7,11,ask,AverageAlmonds,Xuanyu Liu,4951619
2026-07-02T23:08:10.328717,2026-07-02T23:08:10.333082+00:00,117.8,11,bid,Xuanyu Liu,WavyWalnuts,4951638
2026-07-02T23:08:11.005060,2026-07-02T23:08:11.011910+00:00,117.7,500,ask,AverageAlmonds,YieldingYams,4951646
2026-07-02T23:08:11.022497,2026-07-02T23:08:11.026166+00:00,117.7,3,bid,Xuanyu Liu,YieldingYams,4951650
2026-07-02T23:08:11.620243,2026-07-02T23:08:11.628736+00:00,117.7,122,bid,WavyWalnuts,YieldingYams,4951654
2026-07-02T23:08:12.413863,2026-07-02T23:08:12.425382+00:00,117.9,2,bid,BrilliantBurritos,Kelvin Chan,4951670
2026-07-02T23:08:13.538590,2026-07-02T23:08:13.542505+00:00,117.9,3,ask,WavyWalnuts,Xuanyu Liu,4951690
2026-07-02T23:08:14.044328,2026-07-02T23:08:14.058632+00:00,118.0,11,bid,WavyWalnuts,Kelvin Chan,4951698
2026-07-02T23:08:14.044328,2026-07-02T23:08:14.058632+00:00,118.0,189,bid,WavyWalnuts,YieldingYams,4951699
2026-07-02T23:08:14.934242,2026-07-02T23:08:14.941850+00:00,117.9,10,bid,YieldingYams,Kelvin Chan,4951712
2026-07-02T23:08:15.254144,2026-07-02T23:08:15.274383+00:00,118.0,10,bid,WavyWalnuts,Kelvin Chan,4951721
2026-07-02T23:08:15.270695,2026-07-02T23:08:15.274383+00:00,118.0,11,ask,WavyWalnuts,Xuanyu Liu,4951724
2026-07-02T23:08:15.324785,2026-07-02T23:08:15.331248+00:00,118.0,9,ask,WavyWalnuts,Kelvin Chan,4951729
2026-07-02T23:08:17.563455,2026-07-02T23:08:17.574168+00:00,118.0,200,ask,WavyWalnuts,YieldingYams,4951783
2026-07-02T23:08:18.876505,2026-07-02T23:08:18.886649+00:00,118.0,2,bid,YieldingYams,Kelvin Chan,4951805
2026-07-02T23:08:18.876505,2026-07-02T23:08:18.886649+00:00,118.0,200,bid,YieldingYams,WavyWalnuts,4951806
2026-07-02T23:08:18.886997,2026-07-02T23:08:18.897213+00:00,118.1,200,ask,YieldingYams,WavyWalnuts,4951807
2026-07-02T23:08:20.093902,2026-07-02T23:08:20.103458+00:00,118.1,200,ask,YieldingYams,WavyWalnuts,4951827
2026-07-02T23:08:21.568447,2026-07-02T23:08:21.580054+00:00,117.9,20,ask,WavyWalnuts,BrilliantBurritos,4951849
2026-07-02T23:08:23.018744,2026-07-02T23:08:23.022489+00:00,117.9,35,ask,WavyWalnuts,Xuanyu Liu,4951866
2026-07-02T23:08:23.647972,2026-07-02T23:08:23.658620+00:00,118.0,500,bid,AverageAlmonds,YieldingYams,4951873
2026-07-02T23:08:23.722590,2026-07-02T23:08:23.741923+00:00,118.0,125,bid,WavyWalnuts,YieldingYams,4951875
2026-07-02T23:08:23.738348,2026-07-02T23:08:23.741923+00:00,118.0,11,ask,WavyWalnuts,Xuanyu Liu,4951877
2026-07-02T23:08:23.931517,2026-07-02T23:08:23.943094+00:00,118.2,20,bid,BrilliantBurritos,WavyWalnuts,4951879
2026-07-02T23:08:24.114493,2026-07-02T23:08:24.132997+00:00,118.2,180,bid,YieldingYams,WavyWalnuts,4951881
2026-07-02T23:08:24.129409,2026-07-02T23:08:24.132997+00:00,118.2,4,ask,YieldingYams,Xuanyu Liu,4951883
2026-07-02T23:08:29.078987,2026-07-02T23:08:29.096146+00:00,118.5,20,bid,BrilliantBurritos,YieldingYams,4951972
2026-07-02T23:08:29.365565,2026-07-02T23:08:29.374379+00:00,118.4,9,ask,Kelvin Chan,YieldingYams,4951977
2026-07-02T23:08:29.365565,2026-07-02T23:08:29.374379+00:00,118.4,200,ask,WavyWalnuts,YieldingYams,4951978
2026-07-02T23:08:29.648120,2026-07-02T23:08:29.659527+00:00,118.2,20,ask,YieldingYams,BrilliantBurritos,4951983
2026-07-02T23:08:30.006212,2026-07-02T23:08:30.009882+00:00,118.4,4,bid,Xuanyu Liu,YieldingYams,4951993
2026-07-02T23:08:30.988891,2026-07-02T23:08:30.999039+00:00,118.4,200,bid,WavyWalnuts,YieldingYams,4952009
2026-07-02T23:08:33.165948,2026-07-02T23:08:33.169933+00:00,118.4,11,bid,Xuanyu Liu,YieldingYams,4952042
2026-07-02T23:08:33.302704,2026-07-02T23:08:33.310562+00:00,118.3,5,ask,Kelvin Chan,YieldingYams,4952044
2026-07-02T23:08:33.302704,2026-07-02T23:08:33.353903+00:00,118.3,200,ask,WavyWalnuts,YieldingYams,4952045
2026-07-02T23:08:33.349931,2026-07-02T23:08:33.353903+00:00,118.3,12,bid,Xuanyu Liu,YieldingYams,4952052
2026-07-02T23:08:34.618455,2026-07-02T23:08:34.627395+00:00,118.2,5,ask,Kelvin Chan,WavyWalnuts,4952073
2026-07-02T23:08:34.618455,2026-07-02T23:08:34.627395+00:00,118.2,195,ask,YieldingYams,WavyWalnuts,4952074
2026-07-02T23:08:35.829959,2026-07-02T23:08:35.840170+00:00,118.3,5,ask,Kelvin Chan,WavyWalnuts,4952093
2026-07-02T23:08:43.090638,2026-07-02T23:08:43.098379+00:00,118.2,5,ask,Kelvin Chan,WavyWalnuts,4952219
2026-07-02T23:08:46.419381,2026-07-02T23:08:46.427898+00:00,118.1,8,ask,Kelvin Chan,YieldingYams,4952287
2026-07-02T23:08:46.419381,2026-07-02T23:08:46.427898+00:00,118.1,200,ask,WavyWalnuts,YieldingYams,4952288
2026-07-02T23:08:49.117157,2026-07-02T23:08:49.127353+00:00,118.1,20,ask,WavyWalnuts,BrilliantBurritos,4952337
2026-07-02T23:08:51.195407,2026-07-02T23:08:51.206705+00:00,118.1,20,bid,BrilliantBurritos,WavyWalnuts,4952373
2026-07-02T23:08:52.645730,2026-07-02T23:08:52.658614+00:00,118.1,20,bid,BrilliantBurritos,WavyWalnuts,4952405
2026-07-02T23:08:54.004222,2026-07-02T23:08:54.011493+00:00,118.1,200,bid,WavyWalnuts,YieldingYams,4952425
2026-07-02T23:08:54.507502,2026-07-02T23:08:54.514239+00:00,118.1,500,ask,YieldingYams,AverageAlmonds,4952435
2026-07-02T23:08:54.642814,2026-07-02T23:08:54.646895+00:00,118.3,23,bid,Xuanyu Liu,WavyWalnuts,4952447
2026-07-02T23:08:55.151637,2026-07-02T23:08:55.155473+00:00,118.1,14,bid,Xuanyu Liu,AverageAlmonds,4952461
2026-07-02T23:08:55.741367,2026-07-02T23:08:55.751861+00:00,118.0,4,ask,Kelvin Chan,AverageAlmonds,4952470
2026-07-02T23:08:55.741367,2026-07-02T23:08:55.751861+00:00,118.0,200,ask,WavyWalnuts,AverageAlmonds,4952471
2026-07-02T23:08:57.626356,2026-07-02T23:08:57.637672+00:00,117.9,6,ask,Kelvin Chan,WavyWalnuts,4952497
2026-07-02T23:08:57.626356,2026-07-02T23:08:57.637672+00:00,117.8,194,ask,YieldingYams,WavyWalnuts,4952498
2026-07-02T23:08:57.804943,2026-07-02T23:08:57.808364+00:00,117.9,6,ask,Kelvin Chan,Xuanyu Liu,4952505
2026-07-02T23:08:57.941943,2026-07-02T23:08:57.945479+00:00,117.9,5,ask,Kelvin Chan,Xuanyu Liu,4952511
2026-07-02T23:08:59.545632,2026-07-02T23:08:59.556305+00:00,117.8,4,ask,Kelvin Chan,YieldingYams,4952551
2026-07-02T23:08:59.909596,2026-07-02T23:08:59.921223+00:00,117.7,20,ask,WavyWalnuts,BrilliantBurritos,4952552
2026-07-02T23:09:00.041591,2026-07-02T23:09:00.049147+00:00,117.8,200,bid,WavyWalnuts,YieldingYams,4952559
2026-07-02T23:09:00.746583,2026-07-02T23:09:00.750909+00:00,117.8,2,bid,Xuanyu Liu,YieldingYams,4952580
2026-07-02T23:09:00.839105,2026-07-02T23:09:00.842911+00:00,117.8,2,bid,Xuanyu Liu,YieldingYams,4952583
2026-07-02T23:09:02.168581,2026-07-02T23:09:02.177694+00:00,117.8,200,ask,WavyWalnuts,YieldingYams,4952614
2026-07-02T23:09:04.794971,2026-07-02T23:09:04.823109+00:00,117.7,6,ask,Kelvin Chan,YieldingYams,4952654
2026-07-02T23:09:04.819799,2026-07-02T23:09:04.823109+00:00,117.7,2,bid,Xuanyu Liu,YieldingYams,4952656
2026-07-02T23:09:04.876631,2026-07-02T23:09:04.886327+00:00,117.7,200,bid,WavyWalnuts,YieldingYams,4952658
2026-07-02T23:09:05.729794,2026-07-02T23:09:05.733710+00:00,117.7,2,bid,Xuanyu Liu,YieldingYams,4952675
2026-07-02T23:09:05.899667,2026-07-02T23:09:05.911434+00:00,117.7,20,bid,BrilliantBurritos,YieldingYams,4952681
2026-07-02T23:09:06.084653,2026-07-02T23:09:06.094064+00:00,117.7,200,bid,WavyWalnuts,YieldingYams,4952682
2026-07-02T23:09:06.991975,2026-07-02T23:09:07.003624+00:00,117.8,20,bid,BrilliantBurritos,YieldingYams,4952699
2026-07-02T23:09:09.486485,2026-07-02T23:09:09.498237+00:00,117.9,20,bid,BrilliantBurritos,WavyWalnuts,4952755
2026-07-02T23:09:10.032627,2026-07-02T23:09:10.040774+00:00,117.8,200,ask,WavyWalnuts,YieldingYams,4952764
2026-07-02T23:09:10.921269,2026-07-02T23:09:10.930184+00:00,117.7,200,bid,WavyWalnuts,YieldingYams,4952791
2026-07-02T23:09:12.128108,2026-07-02T23:09:12.138388+00:00,117.9,200,bid,WavyWalnuts,YieldingYams,4952811
2026-07-02T23:09:12.271808,2026-07-02T23:09:12.283091+00:00,117.7,20,ask,YieldingYams,BrilliantBurritos,4952815
2026-07-02T23:09:13.288527,2026-07-02T23:09:13.298302+00:00,117.8,500,ask,YieldingYams,AverageAlmonds,4952840
2026-07-02T23:09:13.888724,2026-07-02T23:09:13.896775+00:00,117.8,125,ask,YieldingYams,AverageAlmonds,4952851
2026-07-02T23:09:13.888724,2026-07-02T23:09:13.896775+00:00,117.8,200,ask,WavyWalnuts,AverageAlmonds,4952852
2026-07-02T23:09:15.034954,2026-07-02T23:09:15.044531+00:00,117.6,2,ask,Kelvin Chan,BrilliantBurritos,4952874
2026-07-02T23:09:15.034954,2026-07-02T23:09:15.044531+00:00,117.6,18,ask,WavyWalnuts,BrilliantBurritos,4952875
2026-07-02T23:09:15.748588,2026-07-02T23:09:15.769414+00:00,117.7,200,bid,WavyWalnuts,AverageAlmonds,4952887
2026-07-02T23:09:16.955917,2026-07-02T23:09:16.965970+00:00,117.7,200,bid,WavyWalnuts,AverageAlmonds,4952906
2026-07-02T23:09:18.164459,2026-07-02T23:09:18.174050+00:00,117.7,200,bid,WavyWalnuts,AverageAlmonds,4952929
2026-07-02T23:09:18.714853,2026-07-02T23:09:18.725507+00:00,117.6,2,ask,Kelvin Chan,AverageAlmonds,4952940
2026-07-02T23:09:18.714853,2026-07-02T23:09:18.725507+00:00,117.6,498,ask,YieldingYams,AverageAlmonds,4952941
2026-07-02T23:09:19.372952,2026-07-02T23:09:19.382600+00:00,117.6,200,bid,WavyWalnuts,YieldingYams,4952956
2026-07-02T23:09:20.269107,2026-07-02T23:09:20.272374+00:00,117.5,10,ask,Kelvin Chan,Xuanyu Liu,4952977
2026-07-02T23:09:20.604166,2026-07-02T23:09:20.608428+00:00,117.5,1,ask,YieldingYams,Xuanyu Liu,4952989
2026-07-02T23:09:21.754701,2026-07-02T23:09:21.762082+00:00,117.5,500,ask,YieldingYams,AverageAlmonds,4952998
2026-07-02T23:09:22.158415,2026-07-02T23:09:22.169985+00:00,117.6,16,bid,Zihao Wu,WavyWalnuts,4953004
2026-07-02T23:09:22.351131,2026-07-02T23:09:22.354497+00:00,117.5,8,ask,Kelvin Chan,AverageAlmonds,4953011
2026-07-02T23:09:23.032511,2026-07-02T23:09:23.042282+00:00,117.5,3,bid,Kelvin Chan,WavyWalnuts,4953025
2026-07-02T23:09:23.195719,2026-07-02T23:09:23.202386+00:00,117.5,197,bid,YieldingYams,WavyWalnuts,4953026
2026-07-02T23:09:24.166321,2026-07-02T23:09:24.175630+00:00,117.5,428,ask,YieldingYams,AverageAlmonds,4953047
2026-07-02T23:09:24.511532,2026-07-02T23:09:24.529117+00:00,117.4,3,ask,Kelvin Chan,YieldingYams,4953058
2026-07-02T23:09:25.225747,2026-07-02T23:09:25.229941+00:00,117.4,1,bid,Xuanyu Liu,YieldingYams,4953072
2026-07-02T23:09:25.402982,2026-07-02T23:09:25.406419+00:00,117.4,1,bid,Xuanyu Liu,YieldingYams,4953077
2026-07-02T23:09:25.454782,2026-07-02T23:09:25.463840+00:00,117.3,1,ask,Kelvin Chan,WavyWalnuts,4953079
2026-07-02T23:09:25.469104,2026-07-02T23:09:25.472449+00:00,117.3,9,bid,Xuanyu Liu,WavyWalnuts,4953081
2026-07-02T23:09:25.823770,2026-07-02T23:09:25.832322+00:00,117.3,190,bid,YieldingYams,WavyWalnuts,4953088
2026-07-02T23:09:26.301991,2026-07-02T23:09:26.305505+00:00,117.4,4,ask,Kelvin Chan,Xuanyu Liu,4953100
2026-07-02T23:09:26.310968,2026-07-02T23:09:26.314607+00:00,117.3,7,ask,YieldingYams,Xuanyu Liu,4953102
2026-07-02T23:09:27.148333,2026-07-02T23:09:27.158569+00:00,117.4,3,bid,Kelvin Chan,YieldingYams,4953119
2026-07-02T23:09:27.873562,2026-07-02T23:09:27.884279+00:00,117.4,200,bid,WavyWalnuts,YieldingYams,4953132
2026-07-02T23:09:30.290975,2026-07-02T23:09:30.299480+00:00,117.3,200,ask,YieldingYams,WavyWalnuts,4953186
2026-07-02T23:09:30.448244,2026-07-02T23:09:30.458580+00:00,117.5,20,bid,BrilliantBurritos,AverageAlmonds,4953192
2026-07-02T23:09:33.978068,2026-07-02T23:09:33.989774+00:00,117.3,20,ask,YieldingYams,BrilliantBurritos,4953258
2026-07-02T23:09:35.134526,2026-07-02T23:09:35.142866+00:00,117.4,200,bid,WavyWalnuts,YieldingYams,4953275
2026-07-02T23:09:45.295983,2026-07-02T23:09:45.301237+00:00,117.4,4,bid,Xuanyu Liu,Kelvin Chan,4953482
2026-07-02T23:09:45.295983,2026-07-02T23:09:45.301237+00:00,117.4,10,bid,Xuanyu Liu,YieldingYams,4953483
2026-07-02T23:09:45.520076,2026-07-02T23:09:45.527222+00:00,117.2,200,ask,WavyWalnuts,YieldingYams,4953491
2026-07-02T23:09:46.042824,2026-07-02T23:09:46.049429+00:00,117.1,4,ask,Kelvin Chan,WavyWalnuts,4953506
2026-07-02T23:09:46.059922,2026-07-02T23:09:46.063512+00:00,117.1,3,bid,Xuanyu Liu,WavyWalnuts,4953508
2026-07-02T23:09:46.830213,2026-07-02T23:09:46.838925+00:00,117.1,193,bid,YieldingYams,WavyWalnuts,4953522
2026-07-02T23:09:47.104388,2026-07-02T23:09:47.116085+00:00,117.2,20,bid,BrilliantBurritos,AverageAlmonds,4953530
2026-07-02T23:09:47.248133,2026-07-02T23:09:47.258594+00:00,117.2,200,bid,WavyWalnuts,AverageAlmonds,4953531
2026-07-02T23:09:48.457259,2026-07-02T23:09:48.461296+00:00,117.1,3,ask,YieldingYams,Xuanyu Liu,4953565
2026-07-02T23:09:49.449122,2026-07-02T23:09:49.460043+00:00,117.2,200,bid,YieldingYams,WavyWalnuts,4953579
2026-07-02T23:09:49.449122,2026-07-02T23:09:49.460043+00:00,117.3,425,bid,YieldingYams,AverageAlmonds,4953580
2026-07-02T23:09:52.086169,2026-07-02T23:09:52.094700+00:00,117.2,200,ask,YieldingYams,WavyWalnuts,4953631
2026-07-02T23:09:52.617985,2026-07-02T23:09:52.624465+00:00,117.2,425,ask,YieldingYams,AverageAlmonds,4953643
2026-07-02T23:09:54.535462,2026-07-02T23:09:54.546982+00:00,117.1,20,bid,BrilliantBurritos,WavyWalnuts,4953674
2026-07-02T23:09:54.692167,2026-07-02T23:09:54.699106+00:00,117.1,180,bid,YieldingYams,WavyWalnuts,4953678
2026-07-02T23:09:55.028711,2026-07-02T23:09:55.039623+00:00,117.1,445,ask,YieldingYams,AverageAlmonds,4953688
2026-07-02T23:09:56.936563,2026-07-02T23:09:56.945330+00:00,117.1,200,bid,WavyWalnuts,YieldingYams,4953737
2026-07-02T23:09:58.672518,2026-07-02T23:09:58.680650+00:00,117.2,200,ask,WavyWalnuts,AverageAlmonds,4953769
2026-07-02T23:10:01.059863,2026-07-02T23:10:01.065022+00:00,117.2,14,bid,Xuanyu Liu,WavyWalnuts,4953808
2026-07-02T23:10:01.730070,2026-07-02T23:10:01.741458+00:00,117.1,500,ask,YieldingYams,AverageAlmonds,4953820
2026-07-02T23:10:01.808459,2026-07-02T23:10:01.816523+00:00,117.1,125,ask,YieldingYams,WavyWalnuts,4953823
2026-07-02T23:10:01.834363,2026-07-02T23:10:01.838811+00:00,117.1,12,bid,Xuanyu Liu,WavyWalnuts,4953828
2026-07-02T23:10:03.064653,2026-07-02T23:10:03.068541+00:00,117.0,11,bid,Xuanyu Liu,WavyWalnuts,4953851
2026-07-02T23:10:04.275541,2026-07-02T23:10:04.280602+00:00,116.9,1,ask,Kelvin Chan,Xuanyu Liu,4953891
2026-07-02T23:10:04.275541,2026-07-02T23:10:04.280602+00:00,116.9,22,ask,WavyWalnuts,Xuanyu Liu,4953892
2026-07-02T23:10:07.796345,2026-07-02T23:10:07.802966+00:00,116.9,200,bid,YieldingYams,WavyWalnuts,4953977
2026-07-02T23:10:08.070530,2026-07-02T23:10:08.081744+00:00,116.9,13,ask,YieldingYams,Zihao Wu,4953980
2026-07-02T23:10:08.271575,2026-07-02T23:10:08.279146+00:00,116.9,9,ask,YieldingYams,Zihao Wu,4953986
2026-07-02T23:10:10.194256,2026-07-02T23:10:10.202997+00:00,117.0,500,ask,YieldingYams,AverageAlmonds,4954033
2026-07-02T23:10:10.476720,2026-07-02T23:10:10.484165+00:00,117.0,22,bid,Zihao Wu,YieldingYams,4954039
2026-07-02T23:10:10.673370,2026-07-02T23:10:10.685029+00:00,116.8,4,ask,Kelvin Chan,Zihao Wu,4954043
2026-07-02T23:10:11.740974,2026-07-02T23:10:11.749024+00:00,116.9,200,ask,WavyWalnuts,YieldingYams,4954071
2026-07-02T23:10:11.740974,2026-07-02T23:10:11.749024+00:00,116.8,2,ask,Kelvin Chan,YieldingYams,4954072
2026-07-02T23:10:11.874427,2026-07-02T23:10:11.886138+00:00,116.8,4,bid,Zihao Wu,YieldingYams,4954075
2026-07-02T23:10:13.051841,2026-07-02T23:10:13.068695+00:00,116.7,1,ask,Kelvin Chan,YieldingYams,4954102
2026-07-02T23:10:13.051841,2026-07-02T23:10:13.068695+00:00,116.7,200,ask,WavyWalnuts,YieldingYams,4954103
2026-07-02T23:10:13.074152,2026-07-02T23:10:13.077482+00:00,116.7,1,bid,Xuanyu Liu,YieldingYams,4954105
2026-07-02T23:10:15.139324,2026-07-02T23:10:15.149251+00:00,116.7,200,ask,YieldingYams,WavyWalnuts,4954149
2026-07-02T23:10:17.554506,2026-07-02T23:10:17.558603+00:00,116.8,200,bid,WavyWalnuts,YieldingYams,4954206
2026-07-02T23:10:17.990653,2026-07-02T23:10:18.000408+00:00,116.6,20,ask,YieldingYams,BrilliantBurritos,4954210
2026-07-02T23:10:19.628855,2026-07-02T23:10:19.632558+00:00,116.8,1,ask,YieldingYams,Xuanyu Liu,4954247
2026-07-02T23:10:20.084869,2026-07-02T23:10:20.088533+00:00,116.8,11,ask,YieldingYams,Xuanyu Liu,4954262
2026-07-02T23:10:20.923749,2026-07-02T23:10:20.932565+00:00,117.0,11,bid,YieldingYams,Kelvin Chan,4954292
2026-07-02T23:10:20.923749,2026-07-02T23:10:20.932565+00:00,117.0,200,bid,YieldingYams,WavyWalnuts,4954293
2026-07-02T23:10:20.923749,2026-07-02T23:10:20.937837+00:00,117.0,414,bid,YieldingYams,AverageAlmonds,4954294
2026-07-02T23:10:21.187364,2026-07-02T23:10:21.198429+00:00,116.9,11,bid,WavyWalnuts,Kelvin Chan,4954301
2026-07-02T23:10:21.187364,2026-07-02T23:10:21.198429+00:00,116.9,189,bid,WavyWalnuts,AverageAlmonds,4954302
2026-07-02T23:10:22.400020,2026-07-02T23:10:22.409871+00:00,116.8,200,bid,WavyWalnuts,YieldingYams,4954334
2026-07-02T23:10:22.505380,2026-07-02T23:10:22.517071+00:00,116.8,20,bid,BrilliantBurritos,YieldingYams,4954335
2026-07-02T23:10:23.542920,2026-07-02T23:10:23.548500+00:00,116.9,500,bid,YieldingYams,AverageAlmonds,4954358
2026-07-02T23:10:23.542920,2026-07-02T23:10:23.575196+00:00,117.0,10,bid,YieldingYams,Kelvin Chan,4954359
2026-07-02T23:10:23.570879,2026-07-02T23:10:23.575196+00:00,117.0,3,ask,YieldingYams,Xuanyu Liu,4954361
2026-07-02T23:10:23.608957,2026-07-02T23:10:23.620115+00:00,117.0,112,ask,YieldingYams,WavyWalnuts,4954362
2026-07-02T23:10:23.687216,2026-07-02T23:10:23.698621+00:00,116.7,17,ask,WavyWalnuts,Zihao Wu,4954364
2026-07-02T23:10:24.517701,2026-07-02T23:10:24.529317+00:00,116.7,20,ask,WavyWalnuts,BrilliantBurritos,4954373
2026-07-02T23:10:26.170696,2026-07-02T23:10:26.180158+00:00,116.8,200,ask,WavyWalnuts,YieldingYams,4954400
2026-07-02T23:10:28.441858,2026-07-02T23:10:28.448217+00:00,116.8,200,bid,WavyWalnuts,YieldingYams,4954465
2026-07-02T23:10:29.565315,2026-07-02T23:10:29.574237+00:00,116.8,500,ask,YieldingYams,AverageAlmonds,4954478
2026-07-02T23:10:30.308641,2026-07-02T23:10:30.315936+00:00,116.8,20,bid,BrilliantBurritos,AverageAlmonds,4954497
2026-07-02T23:10:30.855106,2026-07-02T23:10:30.857120+00:00,116.8,200,bid,WavyWalnuts,AverageAlmonds,4954509
2026-07-02T23:10:32.071988,2026-07-02T23:10:32.079419+00:00,116.8,200,bid,WavyWalnuts,YieldingYams,4954537
2026-07-02T23:10:33.282956,2026-07-02T23:10:33.293252+00:00,116.8,200,bid,WavyWalnuts,AverageAlmonds,4954563
2026-07-02T23:10:33.813687,2026-07-02T23:10:33.820235+00:00,116.7,500,ask,YieldingYams,AverageAlmonds,4954570
2026-07-02T23:10:34.031294,2026-07-02T23:10:34.039840+00:00,116.6,1,ask,Kelvin Chan,YieldingYams,4954575
2026-07-02T23:10:34.499004,2026-07-02T23:10:34.505993+00:00,116.6,200,bid,WavyWalnuts,YieldingYams,4954588
2026-07-02T23:10:35.711692,2026-07-02T23:10:35.722215+00:00,116.7,200,bid,WavyWalnuts,YieldingYams,4954625
2026-07-02T23:10:36.919140,2026-07-02T23:10:36.930697+00:00,116.8,200,bid,WavyWalnuts,YieldingYams,4954649
2026-07-02T23:10:38.131283,2026-07-02T23:10:38.139805+00:00,116.7,200,bid,WavyWalnuts,AverageAlmonds,4954678
2026-07-02T23:10:39.342096,2026-07-02T23:10:39.352875+00:00,116.7,200,bid,WavyWalnuts,AverageAlmonds,4954707
2026-07-02T23:10:40.550554,2026-07-02T23:10:40.558608+00:00,116.7,200,bid,WavyWalnuts,YieldingYams,4954723
2026-07-02T23:10:41.758739,2026-07-02T23:10:41.770209+00:00,116.7,200,bid,WavyWalnuts,AverageAlmonds,4954764
2026-07-02T23:10:42.484489,2026-07-02T23:10:42.496104+00:00,116.6,20,ask,YieldingYams,BrilliantBurritos,4954782
2026-07-02T23:10:42.968412,2026-07-02T23:10:42.976315+00:00,116.7,200,bid,WavyWalnuts,AverageAlmonds,4954799
2026-07-02T23:10:44.177772,2026-07-02T23:10:44.187058+00:00,116.8,200,bid,WavyWalnuts,YieldingYams,4954828
2026-07-02T23:10:47.177385,2026-07-02T23:10:47.187080+00:00,116.7,500,bid,YieldingYams,AverageAlmonds,4954895
2026-07-02T23:10:47.732930,2026-07-02T23:10:47.740329+00:00,116.7,125,ask,YieldingYams,AverageAlmonds,4954909
2026-07-02T23:10:49.035522,2026-07-02T23:10:49.045571+00:00,116.5,1,ask,Kelvin Chan,WavyWalnuts,4954938
2026-07-02T23:10:49.801543,2026-07-02T23:10:49.809637+00:00,116.5,199,bid,YieldingYams,WavyWalnuts,4954951
2026-07-02T23:10:50.260519,2026-07-02T23:10:50.268814+00:00,116.6,200,ask,YieldingYams,WavyWalnuts,4954954
2026-07-02T23:10:52.447539,2026-07-02T23:10:52.451521+00:00,116.5,3,ask,YieldingYams,Xuanyu Liu,4955008
2026-07-02T23:10:56.311917,2026-07-02T23:10:56.321995+00:00,116.4,1,ask,Kelvin Chan,WavyWalnuts,4955097
2026-07-02T23:10:56.311917,2026-07-02T23:10:56.321995+00:00,116.4,199,ask,YieldingYams,WavyWalnuts,4955098
2026-07-02T23:10:57.666792,2026-07-02T23:10:57.675116+00:00,116.4,2,ask,Kelvin Chan,YieldingYams,4955130
2026-07-02T23:10:57.666792,2026-07-02T23:10:57.675116+00:00,116.4,200,ask,WavyWalnuts,YieldingYams,4955131
2026-07-02T23:10:58.727951,2026-07-02T23:10:58.736084+00:00,116.3,5,ask,Kelvin Chan,WavyWalnuts,4955150
2026-07-02T23:10:58.788489,2026-07-02T23:10:58.805100+00:00,116.2,20,ask,YieldingYams,BrilliantBurritos,4955155
2026-07-02T23:10:58.977409,2026-07-02T23:10:58.996163+00:00,116.3,195,bid,YieldingYams,WavyWalnuts,4955161
2026-07-02T23:10:58.992540,2026-07-02T23:10:58.996163+00:00,116.3,11,ask,YieldingYams,Xuanyu Liu,4955163
2026-07-02T23:10:59.937340,2026-07-02T23:10:59.948227+00:00,116.3,200,ask,YieldingYams,WavyWalnuts,4955181
2026-07-02T23:11:00.008460,2026-07-02T23:11:00.017650+00:00,116.5,20,bid,BrilliantBurritos,YieldingYams,4955186
2026-07-02T23:11:00.287143,2026-07-02T23:11:00.293522+00:00,116.3,4,ask,Kelvin Chan,YieldingYams,4955196
2026-07-02T23:11:00.440132,2026-07-02T23:11:00.448464+00:00,116.3,500,bid,AverageAlmonds,YieldingYams,4955198
2026-07-02T23:11:01.035221,2026-07-02T23:11:01.061218+00:00,116.3,121,bid,AverageAlmonds,YieldingYams,4955207
2026-07-02T23:11:01.057958,2026-07-02T23:11:01.061218+00:00,116.4,12,ask,AverageAlmonds,Xuanyu Liu,4955210
2026-07-02T23:11:01.144284,2026-07-02T23:11:01.154876+00:00,116.4,200,ask,AverageAlmonds,WavyWalnuts,4955214
2026-07-02T23:11:04.214929,2026-07-02T23:11:04.222288+00:00,116.4,200,bid,YieldingYams,WavyWalnuts,4955268
2026-07-02T23:11:04.775815,2026-07-02T23:11:04.785915+00:00,116.4,200,ask,YieldingYams,WavyWalnuts,4955282
2026-07-02T23:11:06.496504,2026-07-02T23:11:06.503042+00:00,116.5,500,bid,AverageAlmonds,YieldingYams,4955309
2026-07-02T23:11:06.848701,2026-07-02T23:11:06.858606+00:00,116.5,200,bid,YieldingYams,WavyWalnuts,4955316
2026-07-02T23:11:08.783788,2026-07-02T23:11:08.795388+00:00,116.5,20,ask,YieldingYams,BrilliantBurritos,4955373
2026-07-02T23:11:10.784587,2026-07-02T23:11:10.795535+00:00,116.5,200,bid,YieldingYams,WavyWalnuts,4955405
2026-07-02T23:11:12.327576,2026-07-02T23:11:12.335200+00:00,116.6,20,bid,BrilliantBurritos,YieldingYams,4955426
2026-07-02T23:11:13.240674,2026-07-02T23:11:13.247760+00:00,116.6,200,bid,WavyWalnuts,YieldingYams,4955450
2026-07-02T23:11:13.918608,2026-07-02T23:11:13.922535+00:00,116.7,1,bid,Xuanyu Liu,Kelvin Chan,4955463
2026-07-02T23:11:13.965084,2026-07-02T23:11:13.968945+00:00,116.7,2,bid,Xuanyu Liu,Kelvin Chan,4955466
2026-07-02T23:11:14.159984,2026-07-02T23:11:14.163881+00:00,116.7,1,bid,Xuanyu Liu,Kelvin Chan,4955482
2026-07-02T23:11:15.657459,2026-07-02T23:11:15.664900+00:00,116.8,1,bid,WavyWalnuts,Kelvin Chan,4955511
2026-07-02T23:11:15.657459,2026-07-02T23:11:15.670044+00:00,116.8,199,bid,WavyWalnuts,YieldingYams,4955512
2026-07-02T23:11:15.771470,2026-07-02T23:11:15.775141+00:00,116.7,2,bid,Xuanyu Liu,Kelvin Chan,4955518
2026-07-02T23:11:18.006588,2026-07-02T23:11:18.014759+00:00,116.8,500,ask,YieldingYams,AverageAlmonds,4955570
2026-07-02T23:11:18.606907,2026-07-02T23:11:18.613744+00:00,116.8,125,ask,YieldingYams,AverageAlmonds,4955579
2026-07-02T23:11:18.606907,2026-07-02T23:11:18.618728+00:00,116.8,200,ask,WavyWalnuts,AverageAlmonds,4955580
2026-07-02T23:11:19.310234,2026-07-02T23:11:19.314134+00:00,116.7,6,bid,Xuanyu Liu,WavyWalnuts,4955597
2026-07-02T23:11:22.586664,2026-07-02T23:11:22.593348+00:00,116.7,200,bid,YieldingYams,WavyWalnuts,4955663
2026-07-02T23:11:22.604034,2026-07-02T23:11:22.607662+00:00,116.7,12,ask,YieldingYams,Xuanyu Liu,4955665
2026-07-02T23:11:22.924648,2026-07-02T23:11:22.935125+00:00,116.7,200,ask,YieldingYams,WavyWalnuts,4955669
2026-07-02T23:11:23.402991,2026-07-02T23:11:23.406558+00:00,116.9,12,bid,Xuanyu Liu,YieldingYams,4955680
2026-07-02T23:11:23.474094,2026-07-02T23:11:23.477768+00:00,116.8,11,bid,Xuanyu Liu,AverageAlmonds,4955685
2026-07-02T23:11:23.560566,2026-07-02T23:11:23.572046+00:00,116.8,17,bid,Zihao Wu,AverageAlmonds,4955690
2026-07-02T23:11:24.161030,2026-07-02T23:11:24.172500+00:00,116.6,17,ask,YieldingYams,Zihao Wu,4955705
2026-07-02T23:11:27.241522,2026-07-02T23:11:27.245950+00:00,116.5,9,ask,Kelvin Chan,Xuanyu Liu,4955764
2026-07-02T23:11:27.241522,2026-07-02T23:11:27.245950+00:00,116.5,2,ask,YieldingYams,Xuanyu Liu,4955765
2026-07-02T23:11:28.863358,2026-07-02T23:11:28.874964+00:00,116.7,20,bid,BrilliantBurritos,WavyWalnuts,4955804
2026-07-02T23:11:29.147754,2026-07-02T23:11:29.154783+00:00,116.8,2,bid,YieldingYams,Kelvin Chan,4955811
2026-07-02T23:11:29.147754,2026-07-02T23:11:29.154783+00:00,116.8,500,bid,YieldingYams,AverageAlmonds,4955812
2026-07-02T23:11:29.147754,2026-07-02T23:11:29.154783+00:00,116.8,123,bid,YieldingYams,WavyWalnuts,4955813
2026-07-02T23:11:29.476872,2026-07-02T23:11:29.488314+00:00,116.8,20,bid,BrilliantBurritos,WavyWalnuts,4955819
2026-07-02T23:11:29.733849,2026-07-02T23:11:29.737453+00:00,116.6,12,ask,WavyWalnuts,Xuanyu Liu,4955823
2026-07-02T23:11:30.183082,2026-07-02T23:11:30.194427+00:00,116.7,200,bid,WavyWalnuts,AverageAlmonds,4955841
2026-07-02T23:11:30.302077,2026-07-02T23:11:30.313393+00:00,116.7,20,bid,BrilliantBurritos,AverageAlmonds,4955845
2026-07-02T23:11:32.608214,2026-07-02T23:11:32.616894+00:00,116.7,200,bid,WavyWalnuts,YieldingYams,4955914
2026-07-02T23:11:35.028449,2026-07-02T23:11:35.038873+00:00,116.7,200,bid,WavyWalnuts,YieldingYams,4955971
2026-07-02T23:11:35.712170,2026-07-02T23:11:35.715631+00:00,116.7,11,ask,YieldingYams,Xuanyu Liu,4955981
2026-07-02T23:11:36.241651,2026-07-02T23:11:36.260275+00:00,116.8,4,bid,WavyWalnuts,Kelvin Chan,4955989
2026-07-02T23:11:36.256637,2026-07-02T23:11:36.260275+00:00,116.8,12,ask,WavyWalnuts,Xuanyu Liu,4955991
2026-07-02T23:11:36.410688,2026-07-02T23:11:36.422085+00:00,116.9,20,bid,BrilliantBurritos,YieldingYams,4955995
2026-07-02T23:11:41.531346,2026-07-02T23:11:41.543084+00:00,116.9,6,bid,BrilliantBurritos,Kelvin Chan,4956107
2026-07-02T23:11:41.531346,2026-07-02T23:11:41.543084+00:00,116.9,14,bid,BrilliantBurritos,WavyWalnuts,4956108
2026-07-02T23:11:43.513514,2026-07-02T23:11:43.523384+00:00,116.9,6,bid,WavyWalnuts,Kelvin Chan,4956147
2026-07-02T23:11:43.568003,2026-07-02T23:11:43.575451+00:00,116.9,194,ask,WavyWalnuts,YieldingYams,4956151
2026-07-02T23:11:45.556965,2026-07-02T23:11:45.560680+00:00,116.7,11,ask,WavyWalnuts,Xuanyu Liu,4956197
2026-07-02T23:11:46.207305,2026-07-02T23:11:46.210953+00:00,116.8,11,ask,YieldingYams,Xuanyu Liu,4956207
2026-07-02T23:11:47.507635,2026-07-02T23:11:47.514408+00:00,116.9,2,bid,YieldingYams,Kelvin Chan,4956229
2026-07-02T23:11:47.507635,2026-07-02T23:11:47.519580+00:00,116.9,200,bid,YieldingYams,WavyWalnuts,4956230
2026-07-02T23:11:49.572516,2026-07-02T23:11:49.579894+00:00,116.9,200,ask,YieldingYams,WavyWalnuts,4956261
2026-07-02T23:11:51.754357,2026-07-02T23:11:51.757403+00:00,117.0,2,bid,BrilliantBurritos,Kelvin Chan,4956294
2026-07-02T23:11:53.202420,2026-07-02T23:11:53.209994+00:00,116.9,200,ask,YieldingYams,WavyWalnuts,4956323
2026-07-02T23:11:54.771037,2026-07-02T23:11:54.782700+00:00,116.8,20,ask,YieldingYams,BrilliantBurritos,4956364
2026-07-02T23:11:56.695561,2026-07-02T23:11:56.704182+00:00,117.0,2,bid,YieldingYams,Kelvin Chan,4956409
2026-07-02T23:11:56.695561,2026-07-02T23:11:56.704182+00:00,117.0,200,bid,YieldingYams,WavyWalnuts,4956410
2026-07-02T23:11:56.824480,2026-07-02T23:11:56.834627+00:00,117.0,200,ask,YieldingYams,WavyWalnuts,4956412
2026-07-02T23:11:58.023988,2026-07-02T23:11:58.027345+00:00,116.9,11,bid,Xuanyu Liu,YieldingYams,4956430
2026-07-02T23:11:58.031061,2026-07-02T23:11:58.042580+00:00,116.9,200,bid,WavyWalnuts,YieldingYams,4956431
2026-07-02T23:11:58.170379,2026-07-02T23:11:58.174725+00:00,116.9,34,bid,Xuanyu Liu,YieldingYams,4956437
2026-07-02T23:12:00.630091,2026-07-02T23:12:00.637136+00:00,117.1,5,bid,YieldingYams,Kelvin Chan,4956491
2026-07-02T23:12:00.649279,2026-07-02T23:12:00.653365+00:00,117.1,11,ask,YieldingYams,Xuanyu Liu,4956493
2026-07-02T23:12:01.985495,2026-07-02T23:12:01.989289+00:00,117.2,11,bid,Xuanyu Liu,YieldingYams,4956524
2026-07-02T23:12:02.866299,2026-07-02T23:12:02.874779+00:00,117.2,200,bid,WavyWalnuts,YieldingYams,4956546
2026-07-02T23:12:03.253469,2026-07-02T23:12:03.263661+00:00,117.2,5,bid,YieldingYams,Kelvin Chan,4956557
2026-07-02T23:12:04.049736,2026-07-02T23:12:04.058623+00:00,117.2,20,ask,YieldingYams,BrilliantBurritos,4956565
2026-07-02T23:12:04.487863,2026-07-02T23:12:04.492875+00:00,117.3,3,bid,Xuanyu Liu,Kelvin Chan,4956573
2026-07-02T23:12:04.487863,2026-07-02T23:12:04.492875+00:00,117.3,9,bid,Xuanyu Liu,WavyWalnuts,4956574
2026-07-02T23:12:04.567682,2026-07-02T23:12:04.574242+00:00,117.3,191,bid,YieldingYams,WavyWalnuts,4956578
2026-07-02T23:12:08.220288,2026-07-02T23:12:08.230699+00:00,117.4,2,bid,AverageAlmonds,Kelvin Chan,4956650
2026-07-02T23:12:08.220288,2026-07-02T23:12:08.230699+00:00,117.4,498,bid,AverageAlmonds,YieldingYams,4956651
2026-07-02T23:12:08.840072,2026-07-02T23:12:08.850275+00:00,117.4,2,bid,AverageAlmonds,Kelvin Chan,4956666
2026-07-02T23:12:09.448984,2026-07-02T23:12:09.458565+00:00,117.5,500,bid,AverageAlmonds,YieldingYams,4956667
2026-07-02T23:12:10.138968,2026-07-02T23:12:10.147361+00:00,117.5,200,ask,YieldingYams,WavyWalnuts,4956692
2026-07-02T23:12:11.132428,2026-07-02T23:12:11.143612+00:00,117.4,500,ask,AverageAlmonds,YieldingYams,4956712
2026-07-02T23:12:11.252647,2026-07-02T23:12:11.258584+00:00,117.4,125,bid,AverageAlmonds,YieldingYams,4956713
2026-07-02T23:12:12.090694,2026-07-02T23:12:12.099975+00:00,117.4,20,ask,WavyWalnuts,BrilliantBurritos,4956727
2026-07-02T23:12:12.443352,2026-07-02T23:12:12.454110+00:00,117.6,200,bid,YieldingYams,WavyWalnuts,4956740
2026-07-02T23:12:13.584933,2026-07-02T23:12:13.596437+00:00,117.7,20,bid,BrilliantBurritos,WavyWalnuts,4956753
2026-07-02T23:12:14.039443,2026-07-02T23:12:14.043490+00:00,117.8,11,bid,Xuanyu Liu,YieldingYams,4956762
2026-07-02T23:12:14.415253,2026-07-02T23:12:14.426229+00:00,117.8,17,bid,Zihao Wu,YieldingYams,4956769
2026-07-02T23:12:17.219867,2026-07-02T23:12:17.227287+00:00,117.5,17,ask,WavyWalnuts,Zihao Wu,4956817
2026-07-02T23:12:17.943165,2026-07-02T23:12:17.950231+00:00,117.6,20,ask,WavyWalnuts,BrilliantBurritos,4956826
2026-07-02T23:12:18.624510,2026-07-02T23:12:18.628959+00:00,117.7,11,ask,WavyWalnuts,Xuanyu Liu,4956836
2026-07-02T23:12:18.997372,2026-07-02T23:12:19.008698+00:00,117.7,189,ask,WavyWalnuts,YieldingYams,4956840
2026-07-02T23:12:21.033047,2026-07-02T23:12:21.046048+00:00,117.6,200,ask,YieldingYams,WavyWalnuts,4956885
2026-07-02T23:12:22.241560,2026-07-02T23:12:22.252955+00:00,117.7,200,ask,YieldingYams,WavyWalnuts,4956918
2026-07-02T23:12:22.964424,2026-07-02T23:12:22.968311+00:00,117.6,11,bid,Xuanyu Liu,YieldingYams,4956926
2026-07-02T23:12:26.872972,2026-07-02T23:12:26.882275+00:00,117.6,200,bid,YieldingYams,WavyWalnuts,4956986
2026-07-02T23:12:28.290728,2026-07-02T23:12:28.297559+00:00,117.6,200,ask,YieldingYams,WavyWalnuts,4957003
2026-07-02T23:12:31.228919,2026-07-02T23:12:31.237802+00:00,117.6,200,ask,WavyWalnuts,AverageAlmonds,4957062
2026-07-02T23:12:31.228919,2026-07-02T23:12:31.237802+00:00,117.6,300,ask,YieldingYams,AverageAlmonds,4957063
2026-07-02T23:12:31.829552,2026-07-02T23:12:31.840122+00:00,117.6,325,ask,YieldingYams,AverageAlmonds,4957075
2026-07-02T23:12:34.724970,2026-07-02T23:12:34.733086+00:00,117.5,200,bid,YieldingYams,WavyWalnuts,4957131
2026-07-02T23:12:36.169450,2026-07-02T23:12:36.172922+00:00,117.5,3,bid,Xuanyu Liu,AverageAlmonds,4957155
2026-07-02T23:12:36.677945,2026-07-02T23:12:36.685600+00:00,117.4,4,ask,Kelvin Chan,AverageAlmonds,4957163
2026-07-02T23:12:36.677945,2026-07-02T23:12:36.690782+00:00,117.4,200,ask,WavyWalnuts,AverageAlmonds,4957164
2026-07-02T23:12:36.677945,2026-07-02T23:12:36.690782+00:00,117.4,296,ask,YieldingYams,AverageAlmonds,4957165
2026-07-02T23:12:37.340143,2026-07-02T23:12:37.349307+00:00,117.5,200,bid,YieldingYams,WavyWalnuts,4957174
2026-07-02T23:12:37.340143,2026-07-02T23:12:37.349307+00:00,117.5,425,bid,YieldingYams,AverageAlmonds,4957175
2026-07-02T23:12:37.884110,2026-07-02T23:12:37.908167+00:00,117.4,16,ask,Kelvin Chan,AverageAlmonds,4957186
2026-07-02T23:12:37.904577,2026-07-02T23:12:37.908167+00:00,117.4,3,bid,Xuanyu Liu,AverageAlmonds,4957190
2026-07-02T23:12:38.074836,2026-07-02T23:12:38.086432+00:00,117.4,17,bid,Zihao Wu,AverageAlmonds,4957196
2026-07-02T23:12:38.988348,2026-07-02T23:12:39.000125+00:00,117.4,20,bid,BrilliantBurritos,AverageAlmonds,4957206
2026-07-02T23:12:39.155046,2026-07-02T23:12:39.168661+00:00,117.3,200,ask,YieldingYams,WavyWalnuts,4957214
2026-07-02T23:12:39.330210,2026-07-02T23:12:39.333933+00:00,117.3,3,ask,YieldingYams,Xuanyu Liu,4957218
2026-07-02T23:12:39.476388,2026-07-02T23:12:39.488188+00:00,117.3,17,ask,YieldingYams,Zihao Wu,4957223
2026-07-02T23:12:40.361963,2026-07-02T23:12:40.370048+00:00,117.3,3,ask,Kelvin Chan,WavyWalnuts,4957251
2026-07-02T23:12:40.361963,2026-07-02T23:12:40.370048+00:00,117.2,197,ask,YieldingYams,WavyWalnuts,4957252
2026-07-02T23:12:41.270705,2026-07-02T23:12:41.280190+00:00,117.3,3,ask,Kelvin Chan,YieldingYams,4957269
2026-07-02T23:12:45.426608,2026-07-02T23:12:45.435598+00:00,117.3,20,ask,YieldingYams,BrilliantBurritos,4957337
2026-07-02T23:12:47.587674,2026-07-02T23:12:47.597770+00:00,117.3,200,ask,WavyWalnuts,AverageAlmonds,4957374
2026-07-02T23:12:47.587674,2026-07-02T23:12:47.597770+00:00,117.3,300,ask,YieldingYams,AverageAlmonds,4957375
2026-07-02T23:12:47.820695,2026-07-02T23:12:47.831681+00:00,117.2,1,ask,Kelvin Chan,YieldingYams,4957378
2026-07-02T23:12:47.820695,2026-07-02T23:12:47.831681+00:00,117.2,200,ask,WavyWalnuts,YieldingYams,4957379
2026-07-02T23:12:48.820689,2026-07-02T23:12:48.829183+00:00,117.2,200,bid,WavyWalnuts,YieldingYams,4957398
2026-07-02T23:12:51.243007,2026-07-02T23:12:51.252693+00:00,117.1,4,ask,Kelvin Chan,WavyWalnuts,4957436
2026-07-02T23:12:51.243007,2026-07-02T23:12:51.252693+00:00,117.1,196,ask,YieldingYams,WavyWalnuts,4957437
2026-07-02T23:12:51.748022,2026-07-02T23:12:51.767847+00:00,117.3,500,bid,YieldingYams,AverageAlmonds,4957459
2026-07-02T23:12:51.764277,2026-07-02T23:12:51.767847+00:00,117.3,14,ask,YieldingYams,Xuanyu Liu,4957461
2026-07-02T23:12:51.823700,2026-07-02T23:12:51.834780+00:00,117.3,111,ask,YieldingYams,AverageAlmonds,4957466
2026-07-02T23:12:52.690510,2026-07-02T23:12:52.702020+00:00,117.3,17,bid,Zihao Wu,AverageAlmonds,4957489
2026-07-02T23:12:53.660368,2026-07-02T23:12:53.667649+00:00,117.2,200,bid,WavyWalnuts,AverageAlmonds,4957504
2026-07-02T23:12:55.293391,2026-07-02T23:12:55.303407+00:00,117.1,4,ask,Kelvin Chan,Zihao Wu,4957536
2026-07-02T23:12:55.293391,2026-07-02T23:12:55.303407+00:00,117.1,13,ask,YieldingYams,Zihao Wu,4957537
2026-07-02T23:12:55.438172,2026-07-02T23:12:55.446105+00:00,117.1,500,ask,YieldingYams,AverageAlmonds,4957539
2026-07-02T23:12:55.690963,2026-07-02T23:12:55.702502+00:00,117.1,200,ask,WavyWalnuts,YieldingYams,4957546
2026-07-02T23:12:57.320940,2026-07-02T23:12:57.324885+00:00,117.1,12,ask,WavyWalnuts,Xuanyu Liu,4957575
2026-07-02T23:12:58.199103,2026-07-02T23:12:58.210725+00:00,117.2,20,bid,BrilliantBurritos,YieldingYams,4957584
2026-07-02T23:12:58.330993,2026-07-02T23:12:58.334720+00:00,117.2,11,ask,YieldingYams,Xuanyu Liu,4957593
2026-07-02T23:12:58.479757,2026-07-02T23:12:58.489786+00:00,117.2,500,ask,YieldingYams,AverageAlmonds,4957598
2026-07-02T23:12:59.078261,2026-07-02T23:12:59.084677+00:00,117.2,114,ask,YieldingYams,AverageAlmonds,4957625
2026-07-02T23:12:59.631336,2026-07-02T23:12:59.641610+00:00,117.1,200,ask,WavyWalnuts,YieldingYams,4957638
2026-07-02T23:13:00.448199,2026-07-02T23:13:00.459627+00:00,117.0,3,ask,Kelvin Chan,BrilliantBurritos,4957655
2026-07-02T23:13:00.795874,2026-07-02T23:13:00.807342+00:00,116.9,20,ask,YieldingYams,BrilliantBurritos,4957660
2026-07-02T23:13:03.568533,2026-07-02T23:13:03.577345+00:00,117.0,2,ask,Kelvin Chan,YieldingYams,4957699
2026-07-02T23:13:03.568533,2026-07-02T23:13:03.577345+00:00,117.0,200,ask,WavyWalnuts,YieldingYams,4957700
2026-07-02T23:13:03.714243,2026-07-02T23:13:03.725553+00:00,116.7,20,ask,YieldingYams,BrilliantBurritos,4957703
2026-07-02T23:13:04.563407,2026-07-02T23:13:04.570432+00:00,116.9,20,bid,BrilliantBurritos,YieldingYams,4957715
2026-07-02T23:13:04.629303,2026-07-02T23:13:04.634380+00:00,116.8,1,ask,Kelvin Chan,Xuanyu Liu,4957717
2026-07-02T23:13:04.629303,2026-07-02T23:13:04.634380+00:00,116.8,11,ask,WavyWalnuts,Xuanyu Liu,4957718
2026-07-02T23:13:07.520837,2026-07-02T23:13:07.524342+00:00,116.9,11,ask,YieldingYams,Xuanyu Liu,4957787
2026-07-02T23:13:09.423426,2026-07-02T23:13:09.430468+00:00,117.0,200,bid,WavyWalnuts,YieldingYams,4957830
2026-07-02T23:13:11.837916,2026-07-02T23:13:11.846052+00:00,117.1,11,bid,WavyWalnuts,Kelvin Chan,4957864
2026-07-02T23:13:11.837916,2026-07-02T23:13:11.846052+00:00,117.1,189,bid,WavyWalnuts,AverageAlmonds,4957865
2026-07-02T23:13:14.259179,2026-07-02T23:13:14.269015+00:00,117.1,10,bid,WavyWalnuts,Kelvin Chan,4957911
2026-07-02T23:13:14.259179,2026-07-02T23:13:14.269015+00:00,117.1,190,bid,WavyWalnuts,YieldingYams,4957912
2026-07-02T23:13:16.043974,2026-07-02T23:13:16.052352+00:00,117.0,200,ask,WavyWalnuts,AverageAlmonds,4957941
2026-07-02T23:13:20.315182,2026-07-02T23:13:20.323198+00:00,117.0,200,bid,WavyWalnuts,YieldingYams,4958030
2026-07-02T23:13:21.526644,2026-07-02T23:13:21.535031+00:00,116.9,200,ask,YieldingYams,WavyWalnuts,4958058
2026-07-02T23:13:25.156173,2026-07-02T23:13:25.163906+00:00,116.9,200,bid,WavyWalnuts,YieldingYams,4958131
2026-07-02T23:13:25.875017,2026-07-02T23:13:25.879379+00:00,116.9,11,ask,YieldingYams,Xuanyu Liu,4958143
2026-07-02T23:13:26.380386,2026-07-02T23:13:26.383919+00:00,117.0,12,ask,WavyWalnuts,Xuanyu Liu,4958153
2026-07-02T23:13:26.771102,2026-07-02T23:13:26.776013+00:00,117.1,2,bid,Xuanyu Liu,Kelvin Chan,4958164
2026-07-02T23:13:26.771102,2026-07-02T23:13:26.776013+00:00,117.1,10,bid,Xuanyu Liu,YieldingYams,4958165
2026-07-02T23:13:26.927714,2026-07-02T23:13:26.946421+00:00,117.0,188,ask,WavyWalnuts,AverageAlmonds,4958168
2026-07-02T23:13:26.942821,2026-07-02T23:13:26.946421+00:00,117.0,11,bid,Xuanyu Liu,AverageAlmonds,4958170
2026-07-02T23:13:28.792001,2026-07-02T23:13:28.801612+00:00,117.0,8,bid,WavyWalnuts,Kelvin Chan,4958199
2026-07-02T23:13:28.792001,2026-07-02T23:13:28.801612+00:00,117.0,192,bid,WavyWalnuts,AverageAlmonds,4958200
2026-07-02T23:13:29.930228,2026-07-02T23:13:29.934075+00:00,117.0,11,ask,YieldingYams,Xuanyu Liu,4958226
2026-07-02T23:13:32.383024,2026-07-02T23:13:32.397467+00:00,117.0,500,ask,YieldingYams,AverageAlmonds,4958278
2026-07-02T23:13:32.434532,2026-07-02T23:13:32.450559+00:00,116.9,200,bid,WavyWalnuts,YieldingYams,4958282
2026-07-02T23:13:32.447168,2026-07-02T23:13:32.450559+00:00,116.9,11,bid,Xuanyu Liu,YieldingYams,4958284
2026-07-02T23:13:33.655289,2026-07-02T23:13:33.658575+00:00,116.9,200,bid,WavyWalnuts,YieldingYams,4958300
2026-07-02T23:13:36.918386,2026-07-02T23:13:36.930049+00:00,116.9,20,ask,YieldingYams,BrilliantBurritos,4958366
2026-07-02T23:13:37.297730,2026-07-02T23:13:37.306736+00:00,116.9,200,ask,YieldingYams,WavyWalnuts,4958381
2026-07-02T23:13:40.934638,2026-07-02T23:13:40.944715+00:00,116.7,4,ask,Kelvin Chan,WavyWalnuts,4958460
2026-07-02T23:13:43.363979,2026-07-02T23:13:43.373970+00:00,116.6,2,ask,Kelvin Chan,WavyWalnuts,4958504
2026-07-02T23:13:43.363979,2026-07-02T23:13:43.373970+00:00,116.6,198,ask,YieldingYams,WavyWalnuts,4958505
2026-07-02T23:13:43.743554,2026-07-02T23:13:43.763910+00:00,116.6,20,ask,YieldingYams,BrilliantBurritos,4958510
2026-07-02T23:13:44.571429,2026-07-02T23:13:44.581978+00:00,116.7,1,ask,Kelvin Chan,WavyWalnuts,4958525
2026-07-02T23:13:44.571429,2026-07-02T23:13:44.581978+00:00,116.7,199,ask,AverageAlmonds,WavyWalnuts,4958526
2026-07-02T23:13:45.716170,2026-07-02T23:13:45.723806+00:00,116.7,500,bid,AverageAlmonds,YieldingYams,4958557
2026-07-02T23:13:46.313543,2026-07-02T23:13:46.321886+00:00,116.7,125,bid,AverageAlmonds,YieldingYams,4958563
2026-07-02T23:13:46.313543,2026-07-02T23:13:46.321886+00:00,116.8,200,bid,AverageAlmonds,WavyWalnuts,4958564
2026-07-02T23:13:46.886910,2026-07-02T23:13:46.897406+00:00,116.9,10,bid,YieldingYams,Kelvin Chan,4958578
2026-07-02T23:13:46.903806,2026-07-02T23:13:46.908453+00:00,116.9,11,ask,YieldingYams,Xuanyu Liu,4958580
2026-07-02T23:13:46.984202,2026-07-02T23:13:46.991269+00:00,116.9,200,ask,YieldingYams,WavyWalnuts,4958582
2026-07-02T23:13:52.085532,2026-07-02T23:13:52.089200+00:00,116.9,12,ask,YieldingYams,Xuanyu Liu,4958680
2026-07-02T23:13:53.029991,2026-07-02T23:13:53.037756+00:00,117.0,5,bid,WavyWalnuts,Kelvin Chan,4958709
2026-07-02T23:13:53.043751,2026-07-02T23:13:53.047649+00:00,117.1,17,ask,WavyWalnuts,Xuanyu Liu,4958711
2026-07-02T23:13:54.241060,2026-07-02T23:13:54.247380+00:00,117.2,10,bid,WavyWalnuts,Kelvin Chan,4958731
2026-07-02T23:13:54.241060,2026-07-02T23:13:54.252616+00:00,117.2,190,bid,WavyWalnuts,YieldingYams,4958732
2026-07-02T23:13:55.195397,2026-07-02T23:13:55.198862+00:00,117.2,17,bid,Xuanyu Liu,YieldingYams,4958751
2026-07-02T23:13:55.448679,2026-07-02T23:13:55.457488+00:00,117.2,200,bid,WavyWalnuts,YieldingYams,4958759
2026-07-02T23:13:56.079652,2026-07-02T23:13:56.083536+00:00,117.1,12,bid,Xuanyu Liu,YieldingYams,4958765
2026-07-02T23:13:57.376016,2026-07-02T23:13:57.384323+00:00,117.1,2,bid,YieldingYams,Kelvin Chan,4958786
2026-07-02T23:13:58.686463,2026-07-02T23:13:58.703301+00:00,117.2,200,bid,YieldingYams,WavyWalnuts,4958811
2026-07-02T23:13:58.699964,2026-07-02T23:13:58.703301+00:00,117.2,12,ask,YieldingYams,Xuanyu Liu,4958813
2026-07-02T23:13:59.706707,2026-07-02T23:13:59.717359+00:00,117.3,3,bid,BrilliantBurritos,Kelvin Chan,4958833
2026-07-02T23:13:59.706707,2026-07-02T23:13:59.717359+00:00,117.3,17,bid,BrilliantBurritos,AverageAlmonds,4958834
2026-07-02T23:14:01.306279,2026-07-02T23:14:01.314816+00:00,117.3,3,bid,YieldingYams,Kelvin Chan,4958865
2026-07-02T23:14:01.306279,2026-07-02T23:14:01.314816+00:00,117.3,200,bid,YieldingYams,WavyWalnuts,4958866
2026-07-02T23:14:02.492383,2026-07-02T23:14:02.503948+00:00,117.3,20,ask,YieldingYams,BrilliantBurritos,4958899
2026-07-02T23:14:02.620170,2026-07-02T23:14:02.663316+00:00,117.3,200,ask,WavyWalnuts,YieldingYams,4958903
2026-07-02T23:14:02.659710,2026-07-02T23:14:02.663316+00:00,117.3,12,bid,Xuanyu Liu,YieldingYams,4958905
2026-07-02T23:14:03.940008,2026-07-02T23:14:03.949378+00:00,117.3,2,bid,YieldingYams,Kelvin Chan,4958929
2026-07-02T23:14:03.940008,2026-07-02T23:14:03.949378+00:00,117.3,500,bid,YieldingYams,AverageAlmonds,4958930
2026-07-02T23:14:04.481268,2026-07-02T23:14:04.489033+00:00,117.3,123,ask,YieldingYams,AverageAlmonds,4958943
2026-07-02T23:14:06.357443,2026-07-02T23:14:06.369025+00:00,117.3,5,bid,WavyWalnuts,Kelvin Chan,4958977
2026-07-02T23:14:06.357443,2026-07-02T23:14:06.369025+00:00,117.4,195,bid,WavyWalnuts,YieldingYams,4958978
2026-07-02T23:14:07.570648,2026-07-02T23:14:07.577774+00:00,117.3,5,bid,WavyWalnuts,Kelvin Chan,4958999
2026-07-02T23:14:08.620701,2026-07-02T23:14:08.625858+00:00,117.4,4,bid,Xuanyu Liu,Kelvin Chan,4959022
2026-07-02T23:14:08.620701,2026-07-02T23:14:08.625858+00:00,117.4,7,bid,Xuanyu Liu,AverageAlmonds,4959023
2026-07-02T23:14:09.180174,2026-07-02T23:14:09.191403+00:00,117.4,500,bid,YieldingYams,AverageAlmonds,4959039
2026-07-02T23:14:09.305068,2026-07-02T23:14:09.316458+00:00,117.4,125,ask,YieldingYams,AverageAlmonds,4959040
2026-07-02T23:14:10.492058,2026-07-02T23:14:10.503058+00:00,117.3,200,ask,WavyWalnuts,YieldingYams,4959069
2026-07-02T23:14:10.508962,2026-07-02T23:14:10.512752+00:00,117.3,11,bid,Xuanyu Liu,YieldingYams,4959071
2026-07-02T23:14:13.560306,2026-07-02T23:14:13.570191+00:00,117.3,500,ask,YieldingYams,AverageAlmonds,4959119
2026-07-02T23:14:14.150511,2026-07-02T23:14:14.159724+00:00,117.3,125,ask,YieldingYams,AverageAlmonds,4959124
2026-07-02T23:14:14.150511,2026-07-02T23:14:14.159724+00:00,117.2,200,ask,WavyWalnuts,AverageAlmonds,4959125
2026-07-02T23:14:14.180635,2026-07-02T23:14:14.184406+00:00,117.2,23,bid,Xuanyu Liu,AverageAlmonds,4959127
2026-07-02T23:14:16.050783,2026-07-02T23:14:16.064000+00:00,117.3,200,bid,WavyWalnuts,YieldingYams,4959175
2026-07-02T23:14:17.260489,2026-07-02T23:14:17.269064+00:00,117.2,200,bid,WavyWalnuts,AverageAlmonds,4959193
2026-07-02T23:14:18.470598,2026-07-02T23:14:18.476907+00:00,117.2,200,bid,WavyWalnuts,YieldingYams,4959222
2026-07-02T23:14:19.692616,2026-07-02T23:14:19.699653+00:00,117.1,200,ask,YieldingYams,WavyWalnuts,4959251
2026-07-02T23:14:20.995748,2026-07-02T23:14:21.003598+00:00,117.2,200,bid,YieldingYams,WavyWalnuts,4959271
2026-07-02T23:14:22.110830,2026-07-02T23:14:22.122146+00:00,117.2,200,ask,YieldingYams,WavyWalnuts,4959292
2026-07-02T23:14:22.323723,2026-07-02T23:14:22.327406+00:00,117.3,12,bid,Xuanyu Liu,YieldingYams,4959298
2026-07-02T23:14:26.240358,2026-07-02T23:14:26.258639+00:00,117.2,200,bid,YieldingYams,WavyWalnuts,4959369
2026-07-02T23:14:26.240358,2026-07-02T23:14:26.258639+00:00,117.3,2,bid,YieldingYams,Kelvin Chan,4959370
2026-07-02T23:14:26.946500,2026-07-02T23:14:26.963852+00:00,117.3,200,ask,YieldingYams,WavyWalnuts,4959380
2026-07-02T23:14:29.365358,2026-07-02T23:14:29.380660+00:00,117.3,200,bid,WavyWalnuts,YieldingYams,4959436
2026-07-02T23:14:31.487613,2026-07-02T23:14:31.496740+00:00,117.4,1,bid,YieldingYams,Kelvin Chan,4959475
2026-07-02T23:14:31.487613,2026-07-02T23:14:31.496740+00:00,117.4,500,bid,YieldingYams,AverageAlmonds,4959476
2026-07-02T23:14:31.952793,2026-07-02T23:14:31.958602+00:00,117.5,20,bid,BrilliantBurritos,AverageAlmonds,4959482
2026-07-02T23:14:32.805097,2026-07-02T23:14:32.816278+00:00,117.3,200,ask,WavyWalnuts,YieldingYams,4959500
2026-07-02T23:14:32.984643,2026-07-02T23:14:32.996119+00:00,117.3,200,bid,WavyWalnuts,YieldingYams,4959505
2026-07-02T23:14:35.430046,2026-07-02T23:14:35.438808+00:00,117.4,200,bid,YieldingYams,WavyWalnuts,4959561
