timestamp,recv_time,price,volume,aggressor_side,buyer,seller,trade_id
2026-07-06T01:00:00.943756,2026-07-06T01:00:00.950632+00:00,164.8,200,ask,YieldingYams,WavyWalnuts,8948890
2026-07-06T01:00:05.359068,2026-07-06T01:00:05.370829+00:00,164.5,20,ask,YieldingYams,BrilliantBurritos,8948935
2026-07-06T01:00:06.356452,2026-07-06T01:00:06.360015+00:00,164.7,11,ask,AverageAlmonds,Xuanyu Liu,8948945
2026-07-06T01:00:06.941344,2026-07-06T01:00:06.951635+00:00,164.8,200,bid,AverageAlmonds,WavyWalnuts,8948952
2026-07-06T01:00:06.941344,2026-07-06T01:00:06.951635+00:00,164.8,300,bid,AverageAlmonds,YieldingYams,8948953
2026-07-06T01:00:07.539597,2026-07-06T01:00:07.544511+00:00,164.8,200,bid,AverageAlmonds,WavyWalnuts,8948960
2026-07-06T01:00:07.561879,2026-07-06T01:00:07.565361+00:00,164.8,12,ask,AverageAlmonds,Xuanyu Liu,8948963
2026-07-06T01:00:11.801124,2026-07-06T01:00:11.809019+00:00,164.9,200,bid,AverageAlmonds,WavyWalnuts,8949003
2026-07-06T01:00:11.930878,2026-07-06T01:00:11.962221+00:00,165.0,200,ask,AverageAlmonds,WavyWalnuts,8949006
2026-07-06T01:00:11.958149,2026-07-06T01:00:11.962221+00:00,165.0,22,ask,AverageAlmonds,Xuanyu Liu,8949008
2026-07-06T01:00:12.106424,2026-07-06T01:00:12.118437+00:00,165.0,26,ask,AverageAlmonds,Kaleb Liu,8949011
2026-07-06T01:00:12.380734,2026-07-06T01:00:12.391992+00:00,165.0,52,ask,AverageAlmonds,YieldingYams,8949017
2026-07-06T01:00:16.045265,2026-07-06T01:00:16.052262+00:00,165.0,200,bid,AverageAlmonds,WavyWalnuts,8949053
2026-07-06T01:00:16.324300,2026-07-06T01:00:16.331346+00:00,165.0,300,ask,AverageAlmonds,YieldingYams,8949058
2026-07-06T01:00:16.634779,2026-07-06T01:00:16.643028+00:00,165.0,325,bid,AverageAlmonds,YieldingYams,8949062
2026-07-06T01:00:16.777186,2026-07-06T01:00:16.784654+00:00,165.0,175,ask,AverageAlmonds,WavyWalnuts,8949068
2026-07-06T01:00:17.237150,2026-07-06T01:00:17.246590+00:00,164.9,25,bid,AverageAlmonds,WavyWalnuts,8949075
2026-07-06T01:00:19.198870,2026-07-06T01:00:19.215435+00:00,165.0,200,ask,YieldingYams,WavyWalnuts,8949101
2026-07-06T01:00:20.295807,2026-07-06T01:00:20.299562+00:00,165.0,11,bid,Xuanyu Liu,YieldingYams,8949111
2026-07-06T01:00:22.006227,2026-07-06T01:00:22.017942+00:00,165.0,20,bid,BrilliantBurritos,YieldingYams,8949140
2026-07-06T01:00:22.907227,2026-07-06T01:00:22.914146+00:00,164.9,200,ask,WavyWalnuts,YieldingYams,8949150
2026-07-06T01:00:26.713484,2026-07-06T01:00:26.717487+00:00,165.0,11,bid,Xuanyu Liu,YieldingYams,8949206
2026-07-06T01:00:27.864192,2026-07-06T01:00:27.875805+00:00,164.9,20,ask,WavyWalnuts,BrilliantBurritos,8949225
2026-07-06T01:00:28.184679,2026-07-06T01:00:28.195477+00:00,164.9,180,ask,WavyWalnuts,YieldingYams,8949227
2026-07-06T01:00:28.201404,2026-07-06T01:00:28.206528+00:00,164.9,12,bid,Xuanyu Liu,YieldingYams,8949229
2026-07-06T01:00:28.888162,2026-07-06T01:00:28.895964+00:00,164.9,200,bid,WavyWalnuts,YieldingYams,8949240
2026-07-06T01:00:32.524927,2026-07-06T01:00:32.532994+00:00,164.8,200,ask,YieldingYams,WavyWalnuts,8949297
2026-07-06T01:00:33.465243,2026-07-06T01:00:33.468650+00:00,164.9,11,bid,Xuanyu Liu,YieldingYams,8949305
2026-07-06T01:00:36.158251,2026-07-06T01:00:36.169918+00:00,164.8,200,ask,YieldingYams,WavyWalnuts,8949343
2026-07-06T01:00:37.377393,2026-07-06T01:00:37.391133+00:00,164.8,200,ask,YieldingYams,WavyWalnuts,8949358
2026-07-06T01:00:37.387451,2026-07-06T01:00:37.391133+00:00,165.0,12,bid,Xuanyu Liu,YieldingYams,8949360
2026-07-06T01:00:44.658952,2026-07-06T01:00:44.663026+00:00,164.8,12,ask,WavyWalnuts,Xuanyu Liu,8949445
2026-07-06T01:00:47.064619,2026-07-06T01:00:47.073265+00:00,164.9,200,bid,WavyWalnuts,YieldingYams,8949490
2026-07-06T01:00:47.882712,2026-07-06T01:00:47.886371+00:00,164.9,11,ask,YieldingYams,Xuanyu Liu,8949498
2026-07-06T01:00:53.129201,2026-07-06T01:00:53.140367+00:00,164.9,200,ask,YieldingYams,WavyWalnuts,8949562
2026-07-06T01:00:54.339661,2026-07-06T01:00:54.347838+00:00,164.9,200,ask,YieldingYams,WavyWalnuts,8949571
2026-07-06T01:00:55.741136,2026-07-06T01:00:55.755380+00:00,164.8,20,ask,WavyWalnuts,BrilliantBurritos,8949587
2026-07-06T01:00:55.751878,2026-07-06T01:00:55.755380+00:00,164.9,11,bid,Xuanyu Liu,YieldingYams,8949589
2026-07-06T01:00:56.758640,2026-07-06T01:00:56.769093+00:00,164.9,200,bid,WavyWalnuts,YieldingYams,8949598
2026-07-06T01:00:57.972540,2026-07-06T01:00:57.982450+00:00,164.9,200,ask,YieldingYams,WavyWalnuts,8949614
2026-07-06T01:00:58.696217,2026-07-06T01:00:58.705300+00:00,164.8,20,ask,AverageAlmonds,BrilliantBurritos,8949618
2026-07-06T01:00:59.672761,2026-07-06T01:00:59.680107+00:00,164.9,200,ask,WavyWalnuts,YieldingYams,8949632
2026-07-06T01:00:59.672761,2026-07-06T01:00:59.685394+00:00,164.9,425,ask,AverageAlmonds,YieldingYams,8949633
2026-07-06T01:01:00.853408,2026-07-06T01:01:00.858584+00:00,165.0,200,bid,AverageAlmonds,WavyWalnuts,8949643
2026-07-06T01:01:00.996494,2026-07-06T01:01:01.000109+00:00,165.1,11,ask,YieldingYams,Xuanyu Liu,8949648
2026-07-06T01:01:01.594523,2026-07-06T01:01:01.604771+00:00,165.1,200,ask,YieldingYams,WavyWalnuts,8949655
2026-07-06T01:01:03.607346,2026-07-06T01:01:03.617563+00:00,165.2,200,bid,YieldingYams,WavyWalnuts,8949679
2026-07-06T01:01:04.009924,2026-07-06T01:01:04.016799+00:00,165.2,200,ask,YieldingYams,WavyWalnuts,8949686
2026-07-06T01:01:06.236850,2026-07-06T01:01:06.247909+00:00,165.1,200,ask,WavyWalnuts,YieldingYams,8949719
2026-07-06T01:01:06.236850,2026-07-06T01:01:06.247909+00:00,165.1,425,ask,AverageAlmonds,YieldingYams,8949720
2026-07-06T01:01:09.355667,2026-07-06T01:01:09.363624+00:00,165.3,500,bid,AverageAlmonds,YieldingYams,8949757
2026-07-06T01:01:10.178139,2026-07-06T01:01:10.186538+00:00,165.3,200,bid,YieldingYams,WavyWalnuts,8949772
2026-07-06T01:01:11.013948,2026-07-06T01:01:11.025937+00:00,165.6,20,bid,BrilliantBurritos,YieldingYams,8949785
2026-07-06T01:01:11.289231,2026-07-06T01:01:11.358651+00:00,165.4,200,ask,YieldingYams,WavyWalnuts,8949790
2026-07-06T01:01:12.808704,2026-07-06T01:01:12.818346+00:00,165.4,500,ask,AverageAlmonds,YieldingYams,8949808
2026-07-06T01:01:13.709779,2026-07-06T01:01:13.720018+00:00,165.4,125,bid,WavyWalnuts,YieldingYams,8949824
2026-07-06T01:01:14.119705,2026-07-06T01:01:14.128012+00:00,165.4,75,ask,WavyWalnuts,YieldingYams,8949826
2026-07-06T01:01:14.178301,2026-07-06T01:01:14.186411+00:00,165.4,500,bid,AverageAlmonds,YieldingYams,8949827
2026-07-06T01:01:14.774566,2026-07-06T01:01:14.783130+00:00,165.4,50,bid,AverageAlmonds,YieldingYams,8949836
2026-07-06T01:01:16.008193,2026-07-06T01:01:16.014837+00:00,165.6,200,bid,AverageAlmonds,WavyWalnuts,8949850
2026-07-06T01:01:16.008193,2026-07-06T01:01:16.020310+00:00,165.6,300,bid,AverageAlmonds,YieldingYams,8949851
2026-07-06T01:01:16.129623,2026-07-06T01:01:16.140795+00:00,165.4,200,ask,YieldingYams,WavyWalnuts,8949855
2026-07-06T01:01:16.606201,2026-07-06T01:01:16.614036+00:00,165.6,325,bid,AverageAlmonds,YieldingYams,8949861
2026-07-06T01:01:16.648694,2026-07-06T01:01:16.652789+00:00,165.7,23,ask,AverageAlmonds,Xuanyu Liu,8949866
2026-07-06T01:01:17.340611,2026-07-06T01:01:17.347596+00:00,165.7,200,ask,YieldingYams,WavyWalnuts,8949872
2026-07-06T01:01:17.441101,2026-07-06T01:01:17.445598+00:00,165.9,23,bid,Xuanyu Liu,YieldingYams,8949876
2026-07-06T01:01:18.550978,2026-07-06T01:01:18.558569+00:00,165.8,200,ask,AverageAlmonds,WavyWalnuts,8949901
2026-07-06T01:01:20.681102,2026-07-06T01:01:20.688475+00:00,165.6,200,ask,WavyWalnuts,YieldingYams,8949932
2026-07-06T01:01:20.681102,2026-07-06T01:01:20.693993+00:00,165.6,425,ask,AverageAlmonds,YieldingYams,8949933
2026-07-06T01:01:20.968607,2026-07-06T01:01:20.975492+00:00,165.7,200,ask,AverageAlmonds,WavyWalnuts,8949939
2026-07-06T01:01:24.197470,2026-07-06T01:01:24.209410+00:00,165.9,6,bid,Kaleb Liu,WavyWalnuts,8949973
2026-07-06T01:01:24.613451,2026-07-06T01:01:24.621091+00:00,165.7,500,ask,AverageAlmonds,YieldingYams,8949981
2026-07-06T01:01:25.071732,2026-07-06T01:01:25.080452+00:00,165.7,125,bid,AverageAlmonds,YieldingYams,8949987
2026-07-06T01:01:25.451604,2026-07-06T01:01:25.458810+00:00,165.9,20,bid,BrilliantBurritos,WavyWalnuts,8949992
2026-07-06T01:01:25.809880,2026-07-06T01:01:25.817415+00:00,165.8,200,ask,AverageAlmonds,WavyWalnuts,8949996
2026-07-06T01:01:30.094407,2026-07-06T01:01:30.098635+00:00,165.8,46,ask,YieldingYams,Xuanyu Liu,8950048
2026-07-06T01:01:31.734981,2026-07-06T01:01:31.742557+00:00,165.9,200,bid,AverageAlmonds,WavyWalnuts,8950074
2026-07-06T01:01:31.734981,2026-07-06T01:01:31.747812+00:00,165.9,300,bid,AverageAlmonds,YieldingYams,8950075
2026-07-06T01:01:32.331502,2026-07-06T01:01:32.340284+00:00,165.9,325,bid,AverageAlmonds,YieldingYams,8950083
2026-07-06T01:01:33.129607,2026-07-06T01:01:33.141540+00:00,166.0,20,bid,BrilliantBurritos,WavyWalnuts,8950102
2026-07-06T01:01:33.797918,2026-07-06T01:01:33.807984+00:00,166.0,180,bid,YieldingYams,WavyWalnuts,8950106
2026-07-06T01:01:36.602501,2026-07-06T01:01:36.614035+00:00,165.9,20,ask,AverageAlmonds,BrilliantBurritos,8950140
2026-07-06T01:01:37.739771,2026-07-06T01:01:37.746714+00:00,165.9,500,ask,AverageAlmonds,YieldingYams,8950150
2026-07-06T01:01:37.739771,2026-07-06T01:01:37.751732+00:00,165.8,125,ask,WavyWalnuts,YieldingYams,8950151
2026-07-06T01:01:39.056007,2026-07-06T01:01:39.082121+00:00,166.0,500,ask,AverageAlmonds,YieldingYams,8950161
2026-07-06T01:01:39.077797,2026-07-06T01:01:39.082121+00:00,166.0,12,bid,Xuanyu Liu,YieldingYams,8950164
2026-07-06T01:01:39.624104,2026-07-06T01:01:39.633763+00:00,166.0,113,bid,AverageAlmonds,YieldingYams,8950168
2026-07-06T01:01:39.624104,2026-07-06T01:01:39.633763+00:00,166.0,200,bid,AverageAlmonds,WavyWalnuts,8950169
2026-07-06T01:01:40.360708,2026-07-06T01:01:40.369964+00:00,166.1,200,ask,AverageAlmonds,WavyWalnuts,8950175
2026-07-06T01:01:41.571329,2026-07-06T01:01:41.581141+00:00,166.2,200,ask,YieldingYams,WavyWalnuts,8950195
2026-07-06T01:01:42.792636,2026-07-06T01:01:42.796349+00:00,166.3,11,bid,Xuanyu Liu,WavyWalnuts,8950204
2026-07-06T01:01:44.227345,2026-07-06T01:01:44.238895+00:00,166.0,34,ask,YieldingYams,Kaleb Liu,8950217
2026-07-06T01:01:46.406463,2026-07-06T01:01:46.417348+00:00,166.3,200,bid,WavyWalnuts,YieldingYams,8950237
2026-07-06T01:01:47.615889,2026-07-06T01:01:47.625540+00:00,166.3,200,bid,WavyWalnuts,YieldingYams,8950261
2026-07-06T01:01:51.458291,2026-07-06T01:01:51.468838+00:00,166.2,20,ask,AverageAlmonds,BrilliantBurritos,8950315
2026-07-06T01:01:53.476557,2026-07-06T01:01:53.486245+00:00,166.2,200,bid,YieldingYams,WavyWalnuts,8950325
2026-07-06T01:01:55.719653,2026-07-06T01:01:55.731322+00:00,166.4,20,bid,BrilliantBurritos,YieldingYams,8950350
2026-07-06T01:01:57.948672,2026-07-06T01:01:57.963854+00:00,166.3,20,ask,YieldingYams,BrilliantBurritos,8950378
2026-07-06T01:01:58.252087,2026-07-06T01:01:58.264293+00:00,166.4,4,bid,Kaleb Liu,WavyWalnuts,8950382
2026-07-06T01:02:00.264914,2026-07-06T01:02:00.276516+00:00,166.1,4,ask,WavyWalnuts,Kaleb Liu,8950410
2026-07-06T01:02:02.004021,2026-07-06T01:02:02.013676+00:00,166.2,500,bid,AverageAlmonds,YieldingYams,8950426
2026-07-06T01:02:02.159451,2026-07-06T01:02:02.179727+00:00,166.2,125,bid,WavyWalnuts,YieldingYams,8950434
2026-07-06T01:02:02.175649,2026-07-06T01:02:02.179727+00:00,166.2,11,ask,WavyWalnuts,Xuanyu Liu,8950436
2026-07-06T01:02:02.622389,2026-07-06T01:02:02.626194+00:00,166.3,12,ask,AverageAlmonds,Xuanyu Liu,8950444
2026-07-06T01:02:02.688864,2026-07-06T01:02:02.699419+00:00,166.3,20,ask,AverageAlmonds,BrilliantBurritos,8950447
2026-07-06T01:02:03.374748,2026-07-06T01:02:03.381440+00:00,166.3,200,ask,AverageAlmonds,WavyWalnuts,8950455
2026-07-06T01:02:04.586116,2026-07-06T01:02:04.593398+00:00,166.3,200,ask,AverageAlmonds,WavyWalnuts,8950470
2026-07-06T01:02:04.832916,2026-07-06T01:02:04.836785+00:00,166.4,12,bid,Xuanyu Liu,YieldingYams,8950473
2026-07-06T01:02:05.642205,2026-07-06T01:02:05.648481+00:00,166.4,500,bid,AverageAlmonds,YieldingYams,8950487
2026-07-06T01:02:05.811259,2026-07-06T01:02:05.815158+00:00,166.3,11,bid,Xuanyu Liu,WavyWalnuts,8950492
2026-07-06T01:02:06.240032,2026-07-06T01:02:06.248665+00:00,166.3,189,bid,AverageAlmonds,WavyWalnuts,8950494
2026-07-06T01:02:06.240032,2026-07-06T01:02:06.248665+00:00,166.4,125,bid,AverageAlmonds,YieldingYams,8950495
2026-07-06T01:02:07.007255,2026-07-06T01:02:07.015366+00:00,166.7,200,ask,YieldingYams,WavyWalnuts,8950511
2026-07-06T01:02:08.216612,2026-07-06T01:02:08.223682+00:00,166.5,200,ask,YieldingYams,WavyWalnuts,8950521
2026-07-06T01:02:09.427851,2026-07-06T01:02:09.437016+00:00,166.7,200,ask,YieldingYams,WavyWalnuts,8950535
2026-07-06T01:02:11.464417,2026-07-06T01:02:11.481671+00:00,166.5,20,ask,YieldingYams,BrilliantBurritos,8950555
2026-07-06T01:02:11.868403,2026-07-06T01:02:11.872083+00:00,166.6,11,bid,Xuanyu Liu,WavyWalnuts,8950560
2026-07-06T01:02:12.286689,2026-07-06T01:02:12.298711+00:00,166.6,12,bid,Kaleb Liu,WavyWalnuts,8950569
2026-07-06T01:02:13.167307,2026-07-06T01:02:13.174435+00:00,166.6,200,bid,YieldingYams,WavyWalnuts,8950579
2026-07-06T01:02:14.265249,2026-07-06T01:02:14.276711+00:00,166.7,200,ask,YieldingYams,WavyWalnuts,8950590
2026-07-06T01:02:14.300440,2026-07-06T01:02:14.310066+00:00,166.7,12,ask,YieldingYams,Kaleb Liu,8950591
2026-07-06T01:02:14.713255,2026-07-06T01:02:14.721020+00:00,166.8,500,bid,AverageAlmonds,YieldingYams,8950596
2026-07-06T01:02:15.309509,2026-07-06T01:02:15.318343+00:00,166.8,125,bid,AverageAlmonds,YieldingYams,8950599
2026-07-06T01:02:15.473482,2026-07-06T01:02:15.481407+00:00,166.9,200,ask,AverageAlmonds,WavyWalnuts,8950603
2026-07-06T01:02:16.684549,2026-07-06T01:02:16.694873+00:00,166.9,200,ask,YieldingYams,WavyWalnuts,8950625
2026-07-06T01:02:17.154532,2026-07-06T01:02:17.164042+00:00,167.0,500,bid,AverageAlmonds,YieldingYams,8950630
2026-07-06T01:02:17.750977,2026-07-06T01:02:17.753834+00:00,167.0,125,bid,AverageAlmonds,YieldingYams,8950635
2026-07-06T01:02:18.319222,2026-07-06T01:02:18.331123+00:00,167.1,8,bid,Kaleb Liu,WavyWalnuts,8950645
2026-07-06T01:02:19.288189,2026-07-06T01:02:19.299872+00:00,167.0,20,ask,AverageAlmonds,BrilliantBurritos,8950664
2026-07-06T01:02:19.564739,2026-07-06T01:02:19.575259+00:00,167.1,200,bid,AverageAlmonds,WavyWalnuts,8950668
2026-07-06T01:02:19.564739,2026-07-06T01:02:19.575259+00:00,167.2,300,bid,AverageAlmonds,YieldingYams,8950669
2026-07-06T01:02:22.741439,2026-07-06T01:02:22.750073+00:00,167.1,200,ask,AverageAlmonds,WavyWalnuts,8950711
2026-07-06T01:02:23.498688,2026-07-06T01:02:23.510335+00:00,167.3,20,bid,BrilliantBurritos,YieldingYams,8950722
2026-07-06T01:02:23.660378,2026-07-06T01:02:23.669134+00:00,167.2,500,ask,AverageAlmonds,YieldingYams,8950724
2026-07-06T01:02:23.804126,2026-07-06T01:02:23.813347+00:00,167.2,125,bid,AverageAlmonds,YieldingYams,8950728
2026-07-06T01:02:24.335277,2026-07-06T01:02:24.347002+00:00,167.3,8,bid,Kaleb Liu,WavyWalnuts,8950737
2026-07-06T01:02:24.413655,2026-07-06T01:02:24.421212+00:00,167.3,192,bid,AverageAlmonds,WavyWalnuts,8950739
2026-07-06T01:02:25.157831,2026-07-06T01:02:25.169227+00:00,167.4,200,ask,AverageAlmonds,WavyWalnuts,8950752
2026-07-06T01:02:26.224311,2026-07-06T01:02:26.234890+00:00,167.5,500,bid,AverageAlmonds,YieldingYams,8950764
2026-07-06T01:02:26.366681,2026-07-06T01:02:26.378050+00:00,167.4,200,ask,YieldingYams,WavyWalnuts,8950769
2026-07-06T01:02:26.847653,2026-07-06T01:02:26.851358+00:00,167.6,11,ask,AverageAlmonds,Xuanyu Liu,8950781
2026-07-06T01:02:27.023329,2026-07-06T01:02:27.027134+00:00,167.7,11,bid,Xuanyu Liu,YieldingYams,8950786
2026-07-06T01:02:27.578166,2026-07-06T01:02:27.587322+00:00,167.5,200,ask,AverageAlmonds,WavyWalnuts,8950792
2026-07-06T01:02:27.589412,2026-07-06T01:02:27.598048+00:00,167.5,300,ask,AverageAlmonds,YieldingYams,8950794
2026-07-06T01:02:27.608765,2026-07-06T01:02:27.612428+00:00,167.5,23,bid,Xuanyu Liu,YieldingYams,8950796
2026-07-06T01:02:28.046856,2026-07-06T01:02:28.055840+00:00,167.5,302,bid,AverageAlmonds,YieldingYams,8950805
2026-07-06T01:02:28.349672,2026-07-06T01:02:28.358571+00:00,167.6,16,ask,AverageAlmonds,Kaleb Liu,8950809
2026-07-06T01:02:28.728509,2026-07-06T01:02:28.740192+00:00,168.5,20,bid,BrilliantBurritos,AverageAlmonds,8950813
2026-07-06T01:02:28.895177,2026-07-06T01:02:28.904218+00:00,167.6,200,bid,YieldingYams,WavyWalnuts,8950818
2026-07-06T01:02:30.184832,2026-07-06T01:02:30.189138+00:00,167.7,11,ask,YieldingYams,Xuanyu Liu,8950836
2026-07-06T01:02:30.447404,2026-07-06T01:02:30.453939+00:00,167.8,20,bid,BrilliantBurritos,WavyWalnuts,8950839
2026-07-06T01:02:34.135761,2026-07-06T01:02:34.145702+00:00,167.8,200,bid,YieldingYams,WavyWalnuts,8950880
2026-07-06T01:02:36.367390,2026-07-06T01:02:36.379007+00:00,167.7,12,bid,Kaleb Liu,YieldingYams,8950909
2026-07-06T01:02:38.064128,2026-07-06T01:02:38.071592+00:00,167.7,200,ask,WavyWalnuts,YieldingYams,8950932
2026-07-06T01:02:38.379051,2026-07-06T01:02:38.391141+00:00,167.7,4,bid,Kaleb Liu,YieldingYams,8950937
2026-07-06T01:02:38.460118,2026-07-06T01:02:38.468854+00:00,167.7,200,bid,WavyWalnuts,YieldingYams,8950940
2026-07-06T01:02:39.122704,2026-07-06T01:02:39.129846+00:00,167.7,20,bid,BrilliantBurritos,YieldingYams,8950947
2026-07-06T01:02:42.802181,2026-07-06T01:02:42.806038+00:00,168.0,11,bid,Xuanyu Liu,YieldingYams,8950994
2026-07-06T01:02:44.400040,2026-07-06T01:02:44.408748+00:00,168.0,5,bid,Kaleb Liu,YieldingYams,8951018
2026-07-06T01:02:46.939728,2026-07-06T01:02:46.950426+00:00,167.8,200,ask,YieldingYams,WavyWalnuts,8951049
2026-07-06T01:02:49.375066,2026-07-06T01:02:49.379006+00:00,167.7,12,bid,Xuanyu Liu,WavyWalnuts,8951084
2026-07-06T01:02:50.422618,2026-07-06T01:02:50.434661+00:00,167.7,6,bid,Kaleb Liu,WavyWalnuts,8951091
2026-07-06T01:02:52.510988,2026-07-06T01:02:52.514680+00:00,167.7,23,ask,YieldingYams,Xuanyu Liu,8951118
2026-07-06T01:02:54.208889,2026-07-06T01:02:54.218498+00:00,167.7,200,ask,YieldingYams,WavyWalnuts,8951148
2026-07-06T01:02:54.441317,2026-07-06T01:02:54.458778+00:00,167.7,27,ask,YieldingYams,Kaleb Liu,8951152
2026-07-06T01:02:54.699949,2026-07-06T01:02:54.708617+00:00,167.7,20,ask,YieldingYams,BrilliantBurritos,8951154
2026-07-06T01:02:55.289337,2026-07-06T01:02:55.301012+00:00,167.7,500,bid,AverageAlmonds,YieldingYams,8951159
2026-07-06T01:02:55.884511,2026-07-06T01:02:55.892910+00:00,167.7,125,bid,AverageAlmonds,YieldingYams,8951164
2026-07-06T01:02:55.884511,2026-07-06T01:02:55.892910+00:00,167.7,200,bid,AverageAlmonds,WavyWalnuts,8951165
2026-07-06T01:02:58.619136,2026-07-06T01:02:58.622953+00:00,167.9,37,bid,Xuanyu Liu,WavyWalnuts,8951193
2026-07-06T01:02:59.068848,2026-07-06T01:02:59.080116+00:00,167.8,200,ask,YieldingYams,WavyWalnuts,8951199
2026-07-06T01:03:00.455108,2026-07-06T01:03:00.458607+00:00,167.9,54,bid,Kaleb Liu,WavyWalnuts,8951218
2026-07-06T01:03:02.465211,2026-07-06T01:03:02.477024+00:00,167.6,20,ask,YieldingYams,Kaleb Liu,8951238
2026-07-06T01:03:02.700478,2026-07-06T01:03:02.710264+00:00,167.7,200,ask,AverageAlmonds,WavyWalnuts,8951243
2026-07-06T01:03:07.543326,2026-07-06T01:03:07.553613+00:00,167.7,200,bid,WavyWalnuts,YieldingYams,8951293
2026-07-06T01:03:08.753998,2026-07-06T01:03:08.758574+00:00,167.7,200,ask,YieldingYams,WavyWalnuts,8951314
2026-07-06T01:03:10.483088,2026-07-06T01:03:10.494846+00:00,167.7,8,bid,Kaleb Liu,WavyWalnuts,8951336
2026-07-06T01:03:12.180375,2026-07-06T01:03:12.186760+00:00,167.8,20,bid,BrilliantBurritos,WavyWalnuts,8951359
2026-07-06T01:03:12.496514,2026-07-06T01:03:12.508318+00:00,167.8,1,bid,Kaleb Liu,WavyWalnuts,8951365
2026-07-06T01:03:14.510260,2026-07-06T01:03:14.519776+00:00,167.7,1,bid,Kaleb Liu,WavyWalnuts,8951404
2026-07-06T01:03:16.030978,2026-07-06T01:03:16.042275+00:00,167.5,200,ask,YieldingYams,WavyWalnuts,8951424
2026-07-06T01:03:16.520474,2026-07-06T01:03:16.530026+00:00,167.6,56,bid,Kaleb Liu,YieldingYams,8951432
2026-07-06T01:03:17.094406,2026-07-06T01:03:17.101480+00:00,167.6,500,bid,AverageAlmonds,YieldingYams,8951440
2026-07-06T01:03:17.256540,2026-07-06T01:03:17.260933+00:00,167.4,14,bid,Xuanyu Liu,WavyWalnuts,8951444
2026-07-06T01:03:17.417291,2026-07-06T01:03:17.425900+00:00,167.4,186,bid,YieldingYams,WavyWalnuts,8951445
2026-07-06T01:03:18.448980,2026-07-06T01:03:18.458602+00:00,167.7,200,ask,AverageAlmonds,WavyWalnuts,8951453
2026-07-06T01:03:18.531238,2026-07-06T01:03:18.542744+00:00,167.7,2,ask,AverageAlmonds,Kaleb Liu,8951456
2026-07-06T01:03:18.898700,2026-07-06T01:03:18.909614+00:00,167.8,500,bid,AverageAlmonds,YieldingYams,8951463
2026-07-06T01:03:19.498986,2026-07-06T01:03:19.506475+00:00,167.8,125,bid,AverageAlmonds,YieldingYams,8951465
2026-07-06T01:03:19.658395,2026-07-06T01:03:19.669192+00:00,167.8,200,ask,AverageAlmonds,WavyWalnuts,8951471
2026-07-06T01:03:19.894729,2026-07-06T01:03:19.906432+00:00,168.7,20,bid,BrilliantBurritos,AverageAlmonds,8951473
2026-07-06T01:03:20.050421,2026-07-06T01:03:20.054089+00:00,168.0,11,ask,YieldingYams,Xuanyu Liu,8951476
2026-07-06T01:03:20.542090,2026-07-06T01:03:20.553799+00:00,168.3,2,bid,Kaleb Liu,YieldingYams,8951479
2026-07-06T01:03:20.803555,2026-07-06T01:03:20.807203+00:00,168.3,11,bid,Xuanyu Liu,YieldingYams,8951488
2026-07-06T01:03:20.858432,2026-07-06T01:03:20.870322+00:00,168.0,20,ask,YieldingYams,BrilliantBurritos,8951490
2026-07-06T01:03:20.865319,2026-07-06T01:03:20.875596+00:00,168.0,200,ask,YieldingYams,WavyWalnuts,8951491
2026-07-06T01:03:21.371621,2026-07-06T01:03:21.375675+00:00,168.1,23,bid,Xuanyu Liu,YieldingYams,8951499
2026-07-06T01:03:23.964633,2026-07-06T01:03:23.968675+00:00,167.9,11,ask,WavyWalnuts,Xuanyu Liu,8951535
2026-07-06T01:03:25.287374,2026-07-06T01:03:25.295220+00:00,167.9,200,ask,WavyWalnuts,YieldingYams,8951551
2026-07-06T01:03:25.706329,2026-07-06T01:03:25.715298+00:00,167.9,200,bid,WavyWalnuts,YieldingYams,8951562
2026-07-06T01:03:27.910350,2026-07-06T01:03:27.920514+00:00,168.0,200,bid,YieldingYams,WavyWalnuts,8951589
2026-07-06T01:03:27.976460,2026-07-06T01:03:27.984290+00:00,168.1,425,ask,YieldingYams,AverageAlmonds,8951590
2026-07-06T01:03:31.505307,2026-07-06T01:03:31.516949+00:00,168.1,20,bid,BrilliantBurritos,WavyWalnuts,8951636
2026-07-06T01:03:33.230354,2026-07-06T01:03:33.241777+00:00,168.2,20,bid,BrilliantBurritos,AverageAlmonds,8951657
2026-07-06T01:03:33.394128,2026-07-06T01:03:33.398015+00:00,168.2,11,bid,Xuanyu Liu,AverageAlmonds,8951663
2026-07-06T01:03:33.453820,2026-07-06T01:03:33.457815+00:00,168.1,12,bid,Xuanyu Liu,AverageAlmonds,8951667
2026-07-06T01:03:34.041983,2026-07-06T01:03:34.070461+00:00,168.0,200,ask,WavyWalnuts,AverageAlmonds,8951674
2026-07-06T01:03:34.065920,2026-07-06T01:03:34.070461+00:00,168.0,11,bid,Xuanyu Liu,AverageAlmonds,8951676
2026-07-06T01:03:34.358384,2026-07-06T01:03:34.370403+00:00,167.9,20,ask,YieldingYams,BrilliantBurritos,8951680
2026-07-06T01:03:34.568049,2026-07-06T01:03:34.579665+00:00,168.0,21,bid,Kaleb Liu,AverageAlmonds,8951683
2026-07-06T01:03:35.786413,2026-07-06T01:03:35.797150+00:00,168.0,200,bid,YieldingYams,WavyWalnuts,8951706
2026-07-06T01:03:36.593656,2026-07-06T01:03:36.601034+00:00,168.0,200,ask,YieldingYams,WavyWalnuts,8951711
2026-07-06T01:03:38.406850,2026-07-06T01:03:38.434680+00:00,168.0,200,bid,YieldingYams,WavyWalnuts,8951738
2026-07-06T01:03:38.430683,2026-07-06T01:03:38.434680+00:00,168.1,11,ask,YieldingYams,Xuanyu Liu,8951740
2026-07-06T01:03:39.775218,2026-07-06T01:03:39.778940+00:00,168.2,11,bid,Xuanyu Liu,WavyWalnuts,8951764
2026-07-06T01:03:42.336956,2026-07-06T01:03:42.341570+00:00,168.2,200,bid,YieldingYams,WavyWalnuts,8951788
2026-07-06T01:03:42.539136,2026-07-06T01:03:42.546060+00:00,168.2,425,ask,YieldingYams,AverageAlmonds,8951792
2026-07-06T01:03:45.092820,2026-07-06T01:03:45.100346+00:00,168.0,200,bid,WavyWalnuts,YieldingYams,8951828
2026-07-06T01:03:45.275826,2026-07-06T01:03:45.287965+00:00,168.0,20,bid,BrilliantBurritos,YieldingYams,8951831
2026-07-06T01:03:47.535105,2026-07-06T01:03:47.546741+00:00,168.0,20,bid,BrilliantBurritos,WavyWalnuts,8951866
2026-07-06T01:03:49.943589,2026-07-06T01:03:49.955780+00:00,167.9,200,ask,YieldingYams,WavyWalnuts,8951892
2026-07-06T01:03:50.847740,2026-07-06T01:03:50.859453+00:00,168.0,20,bid,BrilliantBurritos,YieldingYams,8951904
2026-07-06T01:03:51.173177,2026-07-06T01:03:51.177078+00:00,167.9,11,bid,Xuanyu Liu,WavyWalnuts,8951907
2026-07-06T01:03:52.435421,2026-07-06T01:03:52.438694+00:00,167.8,11,ask,YieldingYams,Xuanyu Liu,8951919
2026-07-06T01:03:52.832189,2026-07-06T01:03:52.893938+00:00,167.9,200,bid,YieldingYams,WavyWalnuts,8951923
2026-07-06T01:03:52.889384,2026-07-06T01:03:52.893938+00:00,167.9,11,ask,YieldingYams,Xuanyu Liu,8951927
2026-07-06T01:03:53.667911,2026-07-06T01:03:53.679934+00:00,168.1,20,bid,BrilliantBurritos,WavyWalnuts,8951939
2026-07-06T01:03:54.163942,2026-07-06T01:03:54.167632+00:00,168.0,12,ask,YieldingYams,Xuanyu Liu,8951948
2026-07-06T01:03:56.011843,2026-07-06T01:03:56.016015+00:00,168.0,12,bid,Xuanyu Liu,WavyWalnuts,8951974
2026-07-06T01:03:56.797459,2026-07-06T01:03:56.808383+00:00,168.0,20,bid,BrilliantBurritos,WavyWalnuts,8951984
2026-07-06T01:03:57.752169,2026-07-06T01:03:57.758637+00:00,167.9,20,ask,YieldingYams,BrilliantBurritos,8951994
2026-07-06T01:03:58.077947,2026-07-06T01:03:58.089633+00:00,168.0,200,bid,YieldingYams,WavyWalnuts,8952005
2026-07-06T01:03:59.634060,2026-07-06T01:03:59.641790+00:00,168.0,200,ask,YieldingYams,WavyWalnuts,8952033
2026-07-06T01:04:03.267874,2026-07-06T01:04:03.276928+00:00,168.1,200,bid,WavyWalnuts,YieldingYams,8952086
2026-07-06T01:04:04.478562,2026-07-06T01:04:04.488137+00:00,168.2,200,bid,WavyWalnuts,YieldingYams,8952101
2026-07-06T01:04:04.938925,2026-07-06T01:04:04.946076+00:00,168.2,500,bid,AverageAlmonds,YieldingYams,8952109
2026-07-06T01:04:05.435140,2026-07-06T01:04:05.447073+00:00,168.0,20,ask,YieldingYams,BrilliantBurritos,8952115
2026-07-06T01:04:05.536667,2026-07-06T01:04:05.544685+00:00,168.2,125,bid,AverageAlmonds,YieldingYams,8952116
2026-07-06T01:04:05.981039,2026-07-06T01:04:05.988841+00:00,168.3,200,bid,YieldingYams,WavyWalnuts,8952121
2026-07-06T01:04:08.106259,2026-07-06T01:04:08.117010+00:00,168.3,200,ask,YieldingYams,WavyWalnuts,8952149
2026-07-06T01:04:11.754266,2026-07-06T01:04:11.757991+00:00,168.3,12,ask,WavyWalnuts,Xuanyu Liu,8952195
2026-07-06T01:04:12.568483,2026-07-06T01:04:12.580311+00:00,168.3,188,ask,WavyWalnuts,YieldingYams,8952207
2026-07-06T01:04:15.625644,2026-07-06T01:04:15.637545+00:00,168.0,20,ask,AverageAlmonds,BrilliantBurritos,8952245
2026-07-06T01:04:16.500442,2026-07-06T01:04:16.518495+00:00,168.0,200,ask,WavyWalnuts,YieldingYams,8952253
2026-07-06T01:04:16.515162,2026-07-06T01:04:16.518495+00:00,168.0,12,bid,Xuanyu Liu,YieldingYams,8952256
2026-07-06T01:04:18.410232,2026-07-06T01:04:18.414274+00:00,167.9,12,ask,WavyWalnuts,Xuanyu Liu,8952282
2026-07-06T01:04:19.451093,2026-07-06T01:04:19.459158+00:00,167.9,500,bid,AverageAlmonds,YieldingYams,8952295
2026-07-06T01:04:20.049626,2026-07-06T01:04:20.058552+00:00,167.9,125,bid,AverageAlmonds,YieldingYams,8952299
2026-07-06T01:04:23.192804,2026-07-06T01:04:23.202572+00:00,168.1,20,ask,YieldingYams,BrilliantBurritos,8952332
2026-07-06T01:04:23.861110,2026-07-06T01:04:23.870127+00:00,168.1,200,ask,YieldingYams,WavyWalnuts,8952344
2026-07-06T01:04:24.632011,2026-07-06T01:04:24.643852+00:00,168.0,21,ask,YieldingYams,Kaleb Liu,8952355
2026-07-06T01:04:27.279289,2026-07-06T01:04:27.283488+00:00,167.9,23,ask,YieldingYams,Xuanyu Liu,8952393
2026-07-06T01:04:28.289575,2026-07-06T01:04:28.299602+00:00,167.9,500,ask,AverageAlmonds,YieldingYams,8952403
2026-07-06T01:04:28.517703,2026-07-06T01:04:28.526776+00:00,167.9,125,bid,AverageAlmonds,YieldingYams,8952405
2026-07-06T01:04:28.517703,2026-07-06T01:04:28.526776+00:00,168.0,200,bid,AverageAlmonds,WavyWalnuts,8952406
2026-07-06T01:04:28.546334,2026-07-06T01:04:28.549978+00:00,168.0,11,ask,AverageAlmonds,Xuanyu Liu,8952409
2026-07-06T01:04:28.699982,2026-07-06T01:04:28.707112+00:00,168.0,164,ask,AverageAlmonds,WavyWalnuts,8952413
2026-07-06T01:04:29.148554,2026-07-06T01:04:29.169337+00:00,167.9,36,bid,AverageAlmonds,WavyWalnuts,8952418
2026-07-06T01:04:29.909661,2026-07-06T01:04:29.921079+00:00,168.0,200,ask,YieldingYams,WavyWalnuts,8952429
2026-07-06T01:04:32.649623,2026-07-06T01:04:32.661514+00:00,168.1,21,bid,Kaleb Liu,YieldingYams,8952468
2026-07-06T01:04:36.157165,2026-07-06T01:04:36.158584+00:00,168.0,200,ask,WavyWalnuts,YieldingYams,8952511
2026-07-06T01:04:36.788140,2026-07-06T01:04:36.792177+00:00,167.7,6,ask,YieldingYams,Xuanyu Liu,8952524
2026-07-06T01:04:37.187521,2026-07-06T01:04:37.191241+00:00,167.8,11,ask,WavyWalnuts,Xuanyu Liu,8952534
2026-07-06T01:04:37.480713,2026-07-06T01:04:37.485330+00:00,168.0,23,ask,YieldingYams,Xuanyu Liu,8952536
2026-07-06T01:04:38.667046,2026-07-06T01:04:38.674922+00:00,168.0,21,ask,YieldingYams,Kaleb Liu,8952551
2026-07-06T01:04:39.901328,2026-07-06T01:04:39.905401+00:00,168.1,23,bid,Xuanyu Liu,WavyWalnuts,8952566
2026-07-06T01:04:40.809999,2026-07-06T01:04:40.820409+00:00,168.1,200,bid,WavyWalnuts,YieldingYams,8952573
2026-07-06T01:04:42.148489,2026-07-06T01:04:42.156187+00:00,168.2,20,bid,BrilliantBurritos,WavyWalnuts,8952595
2026-07-06T01:04:44.011797,2026-07-06T01:04:44.020750+00:00,168.2,20,bid,BrilliantBurritos,YieldingYams,8952618
2026-07-06T01:04:47.818724,2026-07-06T01:04:47.830437+00:00,168.0,20,ask,WavyWalnuts,BrilliantBurritos,8952667
2026-07-06T01:04:47.960448,2026-07-06T01:04:47.970608+00:00,168.0,180,ask,WavyWalnuts,YieldingYams,8952670
2026-07-06T01:04:49.449550,2026-07-06T01:04:49.453705+00:00,167.9,12,ask,YieldingYams,Xuanyu Liu,8952696
2026-07-06T01:04:50.691906,2026-07-06T01:04:50.702843+00:00,167.9,12,ask,YieldingYams,Kaleb Liu,8952711
2026-07-06T01:04:51.726475,2026-07-06T01:04:51.730412+00:00,168.0,11,ask,WavyWalnuts,Xuanyu Liu,8952730
2026-07-06T01:04:51.894224,2026-07-06T01:04:51.905397+00:00,168.0,189,ask,WavyWalnuts,YieldingYams,8952732
2026-07-06T01:04:54.130760,2026-07-06T01:04:54.139145+00:00,168.0,200,ask,YieldingYams,WavyWalnuts,8952748
2026-07-06T01:04:58.445711,2026-07-06T01:04:58.458574+00:00,168.2,200,bid,YieldingYams,WavyWalnuts,8952810
2026-07-06T01:04:58.445711,2026-07-06T01:04:58.458574+00:00,168.2,425,bid,YieldingYams,AverageAlmonds,8952811
2026-07-06T01:04:59.757693,2026-07-06T01:04:59.765998+00:00,168.1,500,bid,YieldingYams,AverageAlmonds,8952824
2026-07-06T01:04:59.774033,2026-07-06T01:04:59.777674+00:00,168.2,12,ask,YieldingYams,Xuanyu Liu,8952828
2026-07-06T01:05:00.035273,2026-07-06T01:05:00.045784+00:00,168.2,113,ask,YieldingYams,AverageAlmonds,8952836
2026-07-06T01:05:00.035273,2026-07-06T01:05:00.045784+00:00,168.0,200,ask,WavyWalnuts,AverageAlmonds,8952837
2026-07-06T01:05:01.379920,2026-07-06T01:05:01.387220+00:00,168.0,20,bid,BrilliantBurritos,AverageAlmonds,8952856
2026-07-06T01:05:03.829514,2026-07-06T01:05:03.836048+00:00,167.9,200,bid,WavyWalnuts,AverageAlmonds,8952889
2026-07-06T01:05:04.859349,2026-07-06T01:05:04.869377+00:00,167.6,500,ask,YieldingYams,AverageAlmonds,8952896
2026-07-06T01:05:05.010152,2026-07-06T01:05:05.014026+00:00,167.7,12,bid,Xuanyu Liu,YieldingYams,8952903
2026-07-06T01:05:05.038796,2026-07-06T01:05:05.045710+00:00,167.7,200,bid,WavyWalnuts,YieldingYams,8952907
2026-07-06T01:05:05.475335,2026-07-06T01:05:05.482180+00:00,167.5,500,ask,YieldingYams,AverageAlmonds,8952911
2026-07-06T01:05:05.654804,2026-07-06T01:05:05.652493+00:00,167.5,20,ask,YieldingYams,BrilliantBurritos,8952915
2026-07-06T01:05:06.076164,2026-07-06T01:05:06.084294+00:00,167.5,105,ask,YieldingYams,AverageAlmonds,8952919
2026-07-06T01:05:06.248915,2026-07-06T01:05:06.256156+00:00,167.5,200,bid,WavyWalnuts,AverageAlmonds,8952927
2026-07-06T01:05:06.717800,2026-07-06T01:05:06.725584+00:00,167.3,9,ask,YieldingYams,Kaleb Liu,8952932
2026-07-06T01:05:07.310399,2026-07-06T01:05:07.314587+00:00,167.4,11,bid,Xuanyu Liu,AverageAlmonds,8952935
2026-07-06T01:05:07.457290,2026-07-06T01:05:07.463998+00:00,167.4,200,bid,WavyWalnuts,AverageAlmonds,8952939
2026-07-06T01:05:08.366329,2026-07-06T01:05:08.370232+00:00,167.4,12,bid,Xuanyu Liu,YieldingYams,8952957
2026-07-06T01:05:09.904928,2026-07-06T01:05:09.908224+00:00,167.3,11,bid,Xuanyu Liu,WavyWalnuts,8952971
2026-07-06T01:05:11.119252,2026-07-06T01:05:11.123096+00:00,167.2,3,bid,Xuanyu Liu,WavyWalnuts,8952994
2026-07-06T01:05:13.526127,2026-07-06T01:05:13.537614+00:00,167.1,200,ask,YieldingYams,WavyWalnuts,8953014
2026-07-06T01:05:15.143987,2026-07-06T01:05:15.158615+00:00,167.1,500,bid,AverageAlmonds,YieldingYams,8953039
2026-07-06T01:05:15.507813,2026-07-06T01:05:15.511560+00:00,167.1,3,ask,YieldingYams,Xuanyu Liu,8953044
2026-07-06T01:05:17.905705,2026-07-06T01:05:17.909305+00:00,167.1,11,ask,AverageAlmonds,Xuanyu Liu,8953070
2026-07-06T01:05:18.123842,2026-07-06T01:05:18.131735+00:00,167.1,489,ask,AverageAlmonds,YieldingYams,8953072
2026-07-06T01:05:18.174813,2026-07-06T01:05:18.183186+00:00,167.0,136,bid,AverageAlmonds,YieldingYams,8953074
2026-07-06T01:05:19.431385,2026-07-06T01:05:19.440910+00:00,167.2,200,bid,YieldingYams,WavyWalnuts,8953095
2026-07-06T01:05:19.446604,2026-07-06T01:05:19.450165+00:00,167.2,12,ask,YieldingYams,Xuanyu Liu,8953097
2026-07-06T01:05:19.584841,2026-07-06T01:05:19.599606+00:00,167.2,200,ask,YieldingYams,WavyWalnuts,8953101
2026-07-06T01:05:21.798237,2026-07-06T01:05:21.809198+00:00,167.2,500,bid,AverageAlmonds,YieldingYams,8953134
2026-07-06T01:05:22.049050,2026-07-06T01:05:22.068008+00:00,167.2,200,bid,YieldingYams,WavyWalnuts,8953139
2026-07-06T01:05:22.064323,2026-07-06T01:05:22.068008+00:00,167.3,11,ask,YieldingYams,Xuanyu Liu,8953142
2026-07-06T01:05:23.215258,2026-07-06T01:05:23.224508+00:00,167.3,200,ask,YieldingYams,WavyWalnuts,8953153
2026-07-06T01:05:24.425710,2026-07-06T01:05:24.434768+00:00,167.0,200,ask,AverageAlmonds,WavyWalnuts,8953176
2026-07-06T01:05:24.667375,2026-07-06T01:05:24.674406+00:00,167.0,300,ask,AverageAlmonds,YieldingYams,8953181
2026-07-06T01:05:24.841410,2026-07-06T01:05:24.848889+00:00,167.0,325,bid,AverageAlmonds,YieldingYams,8953182
2026-07-06T01:05:25.637651,2026-07-06T01:05:25.648133+00:00,167.1,200,ask,AverageAlmonds,WavyWalnuts,8953192
2026-07-06T01:05:27.292842,2026-07-06T01:05:27.300540+00:00,167.1,200,ask,WavyWalnuts,YieldingYams,8953214
2026-07-06T01:05:28.463819,2026-07-06T01:05:28.474568+00:00,167.1,425,bid,AverageAlmonds,YieldingYams,8953226
2026-07-06T01:05:29.694282,2026-07-06T01:05:29.701739+00:00,167.1,200,bid,AverageAlmonds,WavyWalnuts,8953246
2026-07-06T01:05:29.914669,2026-07-06T01:05:29.924962+00:00,167.1,300,ask,AverageAlmonds,YieldingYams,8953247
2026-07-06T01:05:30.292058,2026-07-06T01:05:30.301767+00:00,167.1,325,bid,AverageAlmonds,YieldingYams,8953254
2026-07-06T01:05:30.469822,2026-07-06T01:05:30.477714+00:00,167.2,175,ask,AverageAlmonds,WavyWalnuts,8953259
2026-07-06T01:05:30.564396,2026-07-06T01:05:30.567778+00:00,167.2,25,bid,Xuanyu Liu,WavyWalnuts,8953264
2026-07-06T01:05:30.767347,2026-07-06T01:05:30.774329+00:00,168.2,33,bid,Kaleb Liu,AverageAlmonds,8953269
2026-07-06T01:05:31.027575,2026-07-06T01:05:31.039040+00:00,168.2,20,bid,BrilliantBurritos,AverageAlmonds,8953273
2026-07-06T01:05:31.238495,2026-07-06T01:05:31.241793+00:00,167.4,12,bid,Xuanyu Liu,YieldingYams,8953278
2026-07-06T01:05:31.502173,2026-07-06T01:05:31.510720+00:00,167.4,500,bid,AverageAlmonds,YieldingYams,8953284
2026-07-06T01:05:31.691072,2026-07-06T01:05:31.694660+00:00,167.3,3,bid,Xuanyu Liu,WavyWalnuts,8953291
2026-07-06T01:05:32.099180,2026-07-06T01:05:32.108526+00:00,167.3,197,bid,AverageAlmonds,WavyWalnuts,8953296
2026-07-06T01:05:32.888539,2026-07-06T01:05:32.898176+00:00,167.5,200,ask,YieldingYams,WavyWalnuts,8953312
2026-07-06T01:05:33.726825,2026-07-06T01:05:33.730848+00:00,167.5,29,ask,YieldingYams,Xuanyu Liu,8953326
2026-07-06T01:05:34.096011,2026-07-06T01:05:34.104823+00:00,167.5,200,ask,AverageAlmonds,WavyWalnuts,8953334
2026-07-06T01:05:34.778988,2026-07-06T01:05:34.790772+00:00,167.5,24,ask,AverageAlmonds,Kaleb Liu,8953340
2026-07-06T01:05:35.119461,2026-07-06T01:05:35.128063+00:00,167.6,500,bid,AverageAlmonds,YieldingYams,8953346
2026-07-06T01:05:35.168988,2026-07-06T01:05:35.172513+00:00,167.6,11,ask,YieldingYams,Xuanyu Liu,8953350
2026-07-06T01:05:35.303333,2026-07-06T01:05:35.313631+00:00,167.6,200,ask,YieldingYams,WavyWalnuts,8953354
2026-07-06T01:05:36.511598,2026-07-06T01:05:36.518366+00:00,167.5,200,ask,AverageAlmonds,WavyWalnuts,8953376
2026-07-06T01:05:37.781585,2026-07-06T01:05:37.785389+00:00,167.6,11,bid,Xuanyu Liu,YieldingYams,8953393
2026-07-06T01:05:41.179074,2026-07-06T01:05:41.185728+00:00,167.6,200,bid,AverageAlmonds,WavyWalnuts,8953431
2026-07-06T01:05:41.179074,2026-07-06T01:05:41.191211+00:00,167.6,300,bid,AverageAlmonds,YieldingYams,8953432
2026-07-06T01:05:44.988386,2026-07-06T01:05:45.000061+00:00,167.5,200,ask,YieldingYams,WavyWalnuts,8953463
2026-07-06T01:05:46.629993,2026-07-06T01:05:46.640437+00:00,167.7,500,bid,AverageAlmonds,YieldingYams,8953485
2026-07-06T01:05:46.969293,2026-07-06T01:05:46.978617+00:00,167.7,200,bid,YieldingYams,WavyWalnuts,8953488
2026-07-06T01:05:52.719924,2026-07-06T01:05:52.723748+00:00,167.8,23,ask,WavyWalnuts,Xuanyu Liu,8953560
2026-07-06T01:05:52.805104,2026-07-06T01:05:52.814400+00:00,167.8,22,ask,WavyWalnuts,Kaleb Liu,8953562
2026-07-06T01:05:54.815536,2026-07-06T01:05:54.827165+00:00,168.0,34,bid,Kaleb Liu,YieldingYams,8953593
2026-07-06T01:05:55.119647,2026-07-06T01:05:55.129017+00:00,167.9,500,ask,YieldingYams,AverageAlmonds,8953600
2026-07-06T01:05:55.719958,2026-07-06T01:05:55.726797+00:00,167.9,125,ask,YieldingYams,AverageAlmonds,8953603
2026-07-06T01:05:56.332474,2026-07-06T01:05:56.343714+00:00,167.8,200,ask,WavyWalnuts,AverageAlmonds,8953615
2026-07-06T01:05:56.830119,2026-07-06T01:05:56.842152+00:00,167.7,2,ask,YieldingYams,Kaleb Liu,8953620
2026-07-06T01:05:57.103115,2026-07-06T01:05:57.110871+00:00,167.8,200,bid,WavyWalnuts,AverageAlmonds,8953628
2026-07-06T01:05:57.310806,2026-07-06T01:05:57.322704+00:00,167.8,20,bid,BrilliantBurritos,AverageAlmonds,8953629
2026-07-06T01:05:58.312167,2026-07-06T01:05:58.318785+00:00,167.7,200,bid,WavyWalnuts,YieldingYams,8953638
2026-07-06T01:05:58.813135,2026-07-06T01:05:58.817380+00:00,167.6,12,bid,Xuanyu Liu,YieldingYams,8953644
2026-07-06T01:05:58.843867,2026-07-06T01:05:58.855791+00:00,167.6,2,bid,Kaleb Liu,YieldingYams,8953645
2026-07-06T01:05:59.521053,2026-07-06T01:05:59.528370+00:00,167.6,200,bid,WavyWalnuts,YieldingYams,8953661
2026-07-06T01:06:00.857018,2026-07-06T01:06:00.868812+00:00,167.6,12,ask,WavyWalnuts,Kaleb Liu,8953682
2026-07-06T01:06:01.945415,2026-07-06T01:06:01.958600+00:00,167.7,200,bid,WavyWalnuts,YieldingYams,8953699
2026-07-06T01:06:02.868015,2026-07-06T01:06:02.879926+00:00,167.4,9,ask,YieldingYams,Kaleb Liu,8953716
2026-07-06T01:06:05.398727,2026-07-06T01:06:05.410145+00:00,167.5,20,ask,WavyWalnuts,BrilliantBurritos,8953753
2026-07-06T01:06:06.659844,2026-07-06T01:06:06.670049+00:00,167.6,200,bid,YieldingYams,WavyWalnuts,8953776
2026-07-06T01:06:06.659844,2026-07-06T01:06:06.670049+00:00,167.7,425,bid,YieldingYams,AverageAlmonds,8953777
2026-07-06T01:06:08.481512,2026-07-06T01:06:08.485934+00:00,167.7,11,bid,Xuanyu Liu,YieldingYams,8953795
2026-07-06T01:06:09.300511,2026-07-06T01:06:09.304495+00:00,167.6,12,bid,Xuanyu Liu,YieldingYams,8953803
2026-07-06T01:06:10.851493,2026-07-06T01:06:10.858649+00:00,167.5,200,ask,WavyWalnuts,AverageAlmonds,8953830
2026-07-06T01:06:10.875088,2026-07-06T01:06:10.879217+00:00,167.5,11,bid,Xuanyu Liu,AverageAlmonds,8953833
2026-07-06T01:06:11.901975,2026-07-06T01:06:11.903836+00:00,167.5,500,bid,YieldingYams,AverageAlmonds,8953842
2026-07-06T01:06:12.678327,2026-07-06T01:06:12.703772+00:00,167.4,200,ask,WavyWalnuts,AverageAlmonds,8953852
2026-07-06T01:06:12.700252,2026-07-06T01:06:12.703772+00:00,167.4,3,bid,Xuanyu Liu,AverageAlmonds,8953856
2026-07-06T01:06:12.852582,2026-07-06T01:06:12.858678+00:00,167.4,200,bid,WavyWalnuts,AverageAlmonds,8953860
2026-07-06T01:06:13.739930,2026-07-06T01:06:13.758674+00:00,167.3,20,ask,YieldingYams,BrilliantBurritos,8953877
2026-07-06T01:06:14.153841,2026-07-06T01:06:14.165499+00:00,167.4,20,bid,BrilliantBurritos,AverageAlmonds,8953885
2026-07-06T01:06:15.095646,2026-07-06T01:06:15.104710+00:00,167.4,500,ask,YieldingYams,AverageAlmonds,8953899
2026-07-06T01:06:15.688868,2026-07-06T01:06:15.696168+00:00,167.4,125,ask,YieldingYams,AverageAlmonds,8953908
2026-07-06T01:06:16.526236,2026-07-06T01:06:16.534357+00:00,167.4,20,bid,BrilliantBurritos,YieldingYams,8953925
2026-07-06T01:06:17.695792,2026-07-06T01:06:17.705990+00:00,167.4,200,bid,WavyWalnuts,YieldingYams,8953942
2026-07-06T01:06:18.734056,2026-07-06T01:06:18.743625+00:00,167.3,500,ask,YieldingYams,AverageAlmonds,8953954
2026-07-06T01:06:19.330920,2026-07-06T01:06:19.341892+00:00,167.3,125,ask,YieldingYams,AverageAlmonds,8953960
2026-07-06T01:06:19.330920,2026-07-06T01:06:19.341892+00:00,167.3,200,ask,WavyWalnuts,AverageAlmonds,8953961
2026-07-06T01:06:20.114800,2026-07-06T01:06:20.124064+00:00,167.2,200,bid,WavyWalnuts,YieldingYams,8953977
2026-07-06T01:06:20.897319,2026-07-06T01:06:20.908903+00:00,167.2,21,bid,Kaleb Liu,YieldingYams,8953989
2026-07-06T01:06:22.399589,2026-07-06T01:06:22.410307+00:00,167.3,200,ask,WavyWalnuts,YieldingYams,8954011
2026-07-06T01:06:23.596091,2026-07-06T01:06:23.607714+00:00,167.3,20,bid,BrilliantBurritos,YieldingYams,8954025
2026-07-06T01:06:23.745465,2026-07-06T01:06:23.758605+00:00,167.3,200,ask,YieldingYams,WavyWalnuts,8954030
2026-07-06T01:06:26.602938,2026-07-06T01:06:26.612873+00:00,167.3,500,ask,YieldingYams,AverageAlmonds,8954055
2026-07-06T01:06:27.199363,2026-07-06T01:06:27.206588+00:00,167.3,125,ask,YieldingYams,AverageAlmonds,8954061
2026-07-06T01:06:29.017680,2026-07-06T01:06:29.024830+00:00,167.3,500,ask,YieldingYams,AverageAlmonds,8954083
2026-07-06T01:06:29.610616,2026-07-06T01:06:29.618179+00:00,167.3,125,ask,YieldingYams,AverageAlmonds,8954092
2026-07-06T01:06:29.610616,2026-07-06T01:06:29.623404+00:00,167.2,200,ask,WavyWalnuts,AverageAlmonds,8954093
2026-07-06T01:06:29.784446,2026-07-06T01:06:29.796517+00:00,167.1,20,bid,BrilliantBurritos,AverageAlmonds,8954097
2026-07-06T01:06:29.801265,2026-07-06T01:06:29.812124+00:00,167.1,155,bid,WavyWalnuts,AverageAlmonds,8954099
2026-07-06T01:06:30.239092,2026-07-06T01:06:30.250234+00:00,167.2,45,ask,WavyWalnuts,AverageAlmonds,8954107
2026-07-06T01:06:30.262669,2026-07-06T01:06:30.274214+00:00,167.1,455,bid,YieldingYams,AverageAlmonds,8954110
2026-07-06T01:06:30.839450,2026-07-06T01:06:30.847387+00:00,167.2,170,ask,YieldingYams,AverageAlmonds,8954115
2026-07-06T01:06:31.012915,2026-07-06T01:06:31.023883+00:00,167.0,200,bid,WavyWalnuts,AverageAlmonds,8954119
2026-07-06T01:06:31.571256,2026-07-06T01:06:31.579811+00:00,167.0,500,bid,YieldingYams,AverageAlmonds,8954124
2026-07-06T01:06:32.044899,2026-07-06T01:06:32.053394+00:00,167.1,125,ask,YieldingYams,AverageAlmonds,8954134
2026-07-06T01:06:32.126129,2026-07-06T01:06:32.137755+00:00,166.1,20,ask,AverageAlmonds,BrilliantBurritos,8954139
2026-07-06T01:06:32.656488,2026-07-06T01:06:32.656003+00:00,167.0,200,ask,WavyWalnuts,AverageAlmonds,8954146
2026-07-06T01:06:32.919628,2026-07-06T01:06:32.931223+00:00,166.7,2,ask,YieldingYams,Kaleb Liu,8954151
2026-07-06T01:06:34.212320,2026-07-06T01:06:34.221135+00:00,166.8,200,ask,WavyWalnuts,YieldingYams,8954170
2026-07-06T01:06:34.644871,2026-07-06T01:06:34.652743+00:00,166.8,200,bid,WavyWalnuts,YieldingYams,8954176
2026-07-06T01:06:34.868549,2026-07-06T01:06:34.880140+00:00,166.8,20,bid,BrilliantBurritos,YieldingYams,8954181
2026-07-06T01:06:35.861673,2026-07-06T01:06:35.871835+00:00,166.9,200,ask,YieldingYams,WavyWalnuts,8954190
2026-07-06T01:06:36.942567,2026-07-06T01:06:36.959317+00:00,166.7,4,ask,YieldingYams,Kaleb Liu,8954205
2026-07-06T01:06:39.459885,2026-07-06T01:06:39.466615+00:00,166.9,200,bid,YieldingYams,WavyWalnuts,8954232
2026-07-06T01:06:41.181257,2026-07-06T01:06:41.192956+00:00,167.0,20,bid,BrilliantBurritos,YieldingYams,8954263
2026-07-06T01:06:43.289376,2026-07-06T01:06:43.293332+00:00,167.0,3,bid,Xuanyu Liu,WavyWalnuts,8954292
2026-07-06T01:06:43.384510,2026-07-06T01:06:43.396312+00:00,167.0,197,bid,YieldingYams,WavyWalnuts,8954295
2026-07-06T01:06:43.933586,2026-07-06T01:06:43.940114+00:00,167.0,20,ask,YieldingYams,BrilliantBurritos,8954301
2026-07-06T01:06:44.962907,2026-07-06T01:06:44.974800+00:00,167.1,6,bid,Kaleb Liu,YieldingYams,8954314
2026-07-06T01:06:48.957855,2026-07-06T01:06:48.969655+00:00,167.0,20,ask,WavyWalnuts,BrilliantBurritos,8954363
2026-07-06T01:06:51.262275,2026-07-06T01:06:51.270081+00:00,167.1,500,bid,YieldingYams,AverageAlmonds,8954390
2026-07-06T01:06:51.280522,2026-07-06T01:06:51.284054+00:00,167.1,3,ask,YieldingYams,Xuanyu Liu,8954393
2026-07-06T01:06:51.406198,2026-07-06T01:06:51.413041+00:00,167.1,122,ask,YieldingYams,AverageAlmonds,8954394
2026-07-06T01:06:51.613980,2026-07-06T01:06:51.624467+00:00,167.1,200,bid,WavyWalnuts,AverageAlmonds,8954400
2026-07-06T01:06:52.825078,2026-07-06T01:06:52.831652+00:00,167.0,20,bid,BrilliantBurritos,YieldingYams,8954418
2026-07-06T01:06:55.190863,2026-07-06T01:06:55.198447+00:00,166.9,200,bid,YieldingYams,WavyWalnuts,8954449
2026-07-06T01:06:56.950355,2026-07-06T01:06:56.957005+00:00,167.0,20,bid,BrilliantBurritos,YieldingYams,8954471
2026-07-06T01:06:57.471906,2026-07-06T01:06:57.479847+00:00,166.8,200,ask,WavyWalnuts,AverageAlmonds,8954477
2026-07-06T01:06:58.988189,2026-07-06T01:06:59.000049+00:00,166.9,2,bid,Kaleb Liu,AverageAlmonds,8954501
2026-07-06T01:07:00.999860,2026-07-06T01:07:01.011877+00:00,166.6,2,ask,WavyWalnuts,Kaleb Liu,8954532
2026-07-06T01:07:03.720821,2026-07-06T01:07:03.730026+00:00,166.7,200,bid,WavyWalnuts,YieldingYams,8954560
2026-07-06T01:07:04.376230,2026-07-06T01:07:04.397191+00:00,166.6,500,bid,YieldingYams,AverageAlmonds,8954573
2026-07-06T01:07:04.393425,2026-07-06T01:07:04.397191+00:00,166.7,3,ask,YieldingYams,Xuanyu Liu,8954575
2026-07-06T01:07:04.727461,2026-07-06T01:07:04.734709+00:00,166.7,122,ask,YieldingYams,AverageAlmonds,8954578
2026-07-06T01:07:04.928897,2026-07-06T01:07:04.938647+00:00,166.6,200,bid,WavyWalnuts,AverageAlmonds,8954581
2026-07-06T01:07:04.979569,2026-07-06T01:07:04.991436+00:00,166.6,20,bid,BrilliantBurritos,AverageAlmonds,8954583
2026-07-06T01:07:05.014288,2026-07-06T01:07:05.025530+00:00,165.6,6,ask,AverageAlmonds,Kaleb Liu,8954584
2026-07-06T01:07:05.702668,2026-07-06T01:07:05.707229+00:00,166.4,23,ask,YieldingYams,Xuanyu Liu,8954600
2026-07-06T01:07:06.140444,2026-07-06T01:07:06.152137+00:00,166.6,200,bid,WavyWalnuts,AverageAlmonds,8954611
2026-07-06T01:07:08.674795,2026-07-06T01:07:08.678806+00:00,166.6,26,bid,Xuanyu Liu,YieldingYams,8954649
2026-07-06T01:07:11.031466,2026-07-06T01:07:11.043390+00:00,166.5,18,bid,Kaleb Liu,YieldingYams,8954687
2026-07-06T01:07:13.042972,2026-07-06T01:07:13.054626+00:00,166.4,12,ask,WavyWalnuts,Kaleb Liu,8954706
2026-07-06T01:07:14.621129,2026-07-06T01:07:14.630604+00:00,166.5,200,bid,WavyWalnuts,YieldingYams,8954733
2026-07-06T01:07:15.843125,2026-07-06T01:07:15.847299+00:00,166.5,14,ask,WavyWalnuts,Xuanyu Liu,8954744
2026-07-06T01:07:16.182436,2026-07-06T01:07:16.192970+00:00,166.5,186,ask,WavyWalnuts,YieldingYams,8954756
2026-07-06T01:07:19.208706,2026-07-06T01:07:19.220546+00:00,166.4,20,ask,YieldingYams,BrilliantBurritos,8954785
2026-07-06T01:07:22.461861,2026-07-06T01:07:22.473680+00:00,166.4,20,bid,BrilliantBurritos,YieldingYams,8954829
2026-07-06T01:07:25.375134,2026-07-06T01:07:25.378815+00:00,166.3,23,ask,YieldingYams,Xuanyu Liu,8954868
2026-07-06T01:07:26.673552,2026-07-06T01:07:26.680280+00:00,166.4,500,bid,YieldingYams,AverageAlmonds,8954883
2026-07-06T01:07:26.691162,2026-07-06T01:07:26.694666+00:00,166.4,12,ask,YieldingYams,Xuanyu Liu,8954885
2026-07-06T01:07:27.132583,2026-07-06T01:07:27.142618+00:00,166.4,113,ask,YieldingYams,AverageAlmonds,8954897
2026-07-06T01:07:27.985986,2026-07-06T01:07:28.006864+00:00,166.3,200,ask,WavyWalnuts,YieldingYams,8954910
2026-07-06T01:07:28.002184,2026-07-06T01:07:28.006864+00:00,166.3,12,bid,Xuanyu Liu,YieldingYams,8954912
2026-07-06T01:07:29.146015,2026-07-06T01:07:29.158619+00:00,166.3,200,bid,WavyWalnuts,YieldingYams,8954919
2026-07-06T01:07:29.548160,2026-07-06T01:07:29.555794+00:00,166.3,500,ask,YieldingYams,AverageAlmonds,8954929
2026-07-06T01:07:30.142102,2026-07-06T01:07:30.152834+00:00,166.3,125,ask,YieldingYams,AverageAlmonds,8954940
2026-07-06T01:07:30.168671,2026-07-06T01:07:30.172247+00:00,166.2,11,bid,Xuanyu Liu,AverageAlmonds,8954944
2026-07-06T01:07:37.132264,2026-07-06T01:07:37.135755+00:00,166.3,23,bid,Xuanyu Liu,YieldingYams,8955034
2026-07-06T01:07:37.160408,2026-07-06T01:07:37.169449+00:00,166.2,200,ask,WavyWalnuts,YieldingYams,8955035
2026-07-06T01:07:37.175239,2026-07-06T01:07:37.179012+00:00,166.1,3,bid,Xuanyu Liu,YieldingYams,8955037
2026-07-06T01:07:37.627002,2026-07-06T01:07:37.637619+00:00,166.1,200,bid,WavyWalnuts,YieldingYams,8955043
2026-07-06T01:07:41.279048,2026-07-06T01:07:41.282619+00:00,166.1,3,ask,WavyWalnuts,Xuanyu Liu,8955090
2026-07-06T01:07:43.403549,2026-07-06T01:07:43.407062+00:00,166.2,3,bid,Xuanyu Liu,YieldingYams,8955111
2026-07-06T01:07:43.719775,2026-07-06T01:07:43.727739+00:00,166.1,200,ask,WavyWalnuts,YieldingYams,8955120
2026-07-06T01:07:44.897408,2026-07-06T01:07:44.907607+00:00,166.1,200,bid,WavyWalnuts,YieldingYams,8955136
2026-07-06T01:07:46.114415,2026-07-06T01:07:46.124837+00:00,166.2,200,ask,YieldingYams,WavyWalnuts,8955154
2026-07-06T01:07:46.658939,2026-07-06T01:07:46.670420+00:00,166.1,20,ask,YieldingYams,BrilliantBurritos,8955159
2026-07-06T01:07:47.655200,2026-07-06T01:07:47.665835+00:00,166.2,500,bid,YieldingYams,AverageAlmonds,8955170
2026-07-06T01:07:47.655200,2026-07-06T01:07:47.665835+00:00,166.3,125,bid,YieldingYams,WavyWalnuts,8955171
2026-07-06T01:07:48.715173,2026-07-06T01:07:48.723039+00:00,166.0,20,ask,WavyWalnuts,BrilliantBurritos,8955183
2026-07-06T01:07:48.967139,2026-07-06T01:07:48.974338+00:00,166.1,500,bid,YieldingYams,AverageAlmonds,8955184
2026-07-06T01:07:49.552565,2026-07-06T01:07:49.568667+00:00,166.1,125,ask,YieldingYams,AverageAlmonds,8955187
2026-07-06T01:07:50.968340,2026-07-06T01:07:50.975060+00:00,166.1,200,bid,WavyWalnuts,YieldingYams,8955212
2026-07-06T01:07:51.597059,2026-07-06T01:07:51.608357+00:00,166.1,500,bid,YieldingYams,AverageAlmonds,8955218
2026-07-06T01:07:52.910102,2026-07-06T01:07:52.920108+00:00,166.1,200,ask,WavyWalnuts,YieldingYams,8955236
2026-07-06T01:07:53.390100,2026-07-06T01:07:53.397460+00:00,166.1,200,bid,WavyWalnuts,YieldingYams,8955243
2026-07-06T01:07:54.614913,2026-07-06T01:07:54.618696+00:00,166.1,3,ask,WavyWalnuts,Xuanyu Liu,8955258
2026-07-06T01:07:59.466165,2026-07-06T01:07:59.474371+00:00,166.3,500,bid,YieldingYams,AverageAlmonds,8955311
2026-07-06T01:07:59.466165,2026-07-06T01:07:59.474371+00:00,166.3,125,bid,YieldingYams,WavyWalnuts,8955312
2026-07-06T01:08:00.779240,2026-07-06T01:08:00.790976+00:00,166.1,200,ask,WavyWalnuts,YieldingYams,8955331
2026-07-06T01:08:01.871862,2026-07-06T01:08:01.882140+00:00,166.1,200,bid,WavyWalnuts,YieldingYams,8955352
2026-07-06T01:08:02.090207,2026-07-06T01:08:02.101790+00:00,166.1,500,bid,YieldingYams,AverageAlmonds,8955355
2026-07-06T01:08:02.424235,2026-07-06T01:08:02.427841+00:00,166.1,11,ask,YieldingYams,Xuanyu Liu,8955368
2026-07-06T01:08:03.085773,2026-07-06T01:08:03.095736+00:00,166.1,114,ask,YieldingYams,WavyWalnuts,8955378
2026-07-06T01:08:04.104837,2026-07-06T01:08:04.114358+00:00,165.9,20,ask,WavyWalnuts,BrilliantBurritos,8955397
2026-07-06T01:08:13.870698,2026-07-06T01:08:13.881671+00:00,166.1,200,bid,YieldingYams,WavyWalnuts,8955530
2026-07-06T01:08:15.065192,2026-07-06T01:08:15.069614+00:00,166.1,23,ask,YieldingYams,Xuanyu Liu,8955548
2026-07-06T01:08:15.246335,2026-07-06T01:08:15.255973+00:00,166.1,200,ask,YieldingYams,WavyWalnuts,8955556
2026-07-06T01:08:15.707866,2026-07-06T01:08:15.715010+00:00,166.4,20,bid,BrilliantBurritos,YieldingYams,8955566
2026-07-06T01:08:16.464890,2026-07-06T01:08:16.474486+00:00,166.1,200,ask,YieldingYams,WavyWalnuts,8955576
2026-07-06T01:08:18.895077,2026-07-06T01:08:18.898971+00:00,166.0,3,bid,Xuanyu Liu,WavyWalnuts,8955604
2026-07-06T01:08:21.301940,2026-07-06T01:08:21.312483+00:00,165.9,200,ask,YieldingYams,WavyWalnuts,8955645
2026-07-06T01:08:21.400344,2026-07-06T01:08:21.404538+00:00,165.9,3,ask,YieldingYams,Xuanyu Liu,8955648
2026-07-06T01:08:21.459485,2026-07-06T01:08:21.468184+00:00,165.9,20,ask,YieldingYams,BrilliantBurritos,8955649
2026-07-06T01:08:24.927994,2026-07-06T01:08:24.934868+00:00,165.9,200,bid,WavyWalnuts,YieldingYams,8955707
2026-07-06T01:08:25.164408,2026-07-06T01:08:25.168239+00:00,165.7,12,ask,YieldingYams,Xuanyu Liu,8955710
2026-07-06T01:08:25.293616,2026-07-06T01:08:25.298335+00:00,165.8,11,ask,AverageAlmonds,Xuanyu Liu,8955715
2026-07-06T01:08:25.900765,2026-07-06T01:08:25.904483+00:00,165.9,11,ask,AverageAlmonds,Xuanyu Liu,8955727
2026-07-06T01:08:28.334769,2026-07-06T01:08:28.348199+00:00,166.0,200,bid,YieldingYams,WavyWalnuts,8955756
2026-07-06T01:08:29.651280,2026-07-06T01:08:29.658609+00:00,166.0,200,ask,WavyWalnuts,YieldingYams,8955764
2026-07-06T01:08:29.761286,2026-07-06T01:08:29.772441+00:00,165.9,200,bid,WavyWalnuts,YieldingYams,8955767
2026-07-06T01:08:30.840595,2026-07-06T01:08:30.845061+00:00,165.9,34,bid,Xuanyu Liu,YieldingYams,8955784
2026-07-06T01:08:30.995068,2026-07-06T01:08:31.006946+00:00,166.1,20,bid,BrilliantBurritos,YieldingYams,8955789
2026-07-06T01:08:33.583772,2026-07-06T01:08:33.592616+00:00,166.0,200,ask,WavyWalnuts,YieldingYams,8955819
2026-07-06T01:08:34.601643,2026-07-06T01:08:34.612483+00:00,166.0,200,bid,WavyWalnuts,YieldingYams,8955828
2026-07-06T01:08:40.375519,2026-07-06T01:08:40.380080+00:00,165.8,12,ask,WavyWalnuts,Xuanyu Liu,8955907
2026-07-06T01:08:40.660890,2026-07-06T01:08:40.669836+00:00,165.9,200,bid,WavyWalnuts,YieldingYams,8955912
2026-07-06T01:08:42.827868,2026-07-06T01:08:42.832102+00:00,165.9,11,ask,AverageAlmonds,Xuanyu Liu,8955939
2026-07-06T01:08:43.323908,2026-07-06T01:08:43.335815+00:00,166.0,20,bid,BrilliantBurritos,YieldingYams,8955946
2026-07-06T01:08:44.289802,2026-07-06T01:08:44.296931+00:00,165.9,200,bid,WavyWalnuts,YieldingYams,8955962
2026-07-06T01:08:44.635509,2026-07-06T01:08:44.643848+00:00,165.9,425,bid,AverageAlmonds,YieldingYams,8955965
2026-07-06T01:08:45.497263,2026-07-06T01:08:45.504639+00:00,166.0,200,ask,AverageAlmonds,WavyWalnuts,8955974
2026-07-06T01:08:46.464562,2026-07-06T01:08:46.468202+00:00,166.1,11,ask,AverageAlmonds,Xuanyu Liu,8955981
2026-07-06T01:08:49.132222,2026-07-06T01:08:49.143738+00:00,166.2,200,bid,WavyWalnuts,YieldingYams,8956021
2026-07-06T01:08:50.085523,2026-07-06T01:08:50.097318+00:00,166.2,500,bid,AverageAlmonds,YieldingYams,8956033
2026-07-06T01:08:50.616149,2026-07-06T01:08:50.625305+00:00,166.1,20,ask,WavyWalnuts,BrilliantBurritos,8956040
2026-07-06T01:08:51.289693,2026-07-06T01:08:51.298698+00:00,166.4,200,bid,AverageAlmonds,WavyWalnuts,8956050
2026-07-06T01:08:51.938251,2026-07-06T01:08:51.944748+00:00,166.5,200,bid,YieldingYams,WavyWalnuts,8956060
2026-07-06T01:08:52.762980,2026-07-06T01:08:52.774256+00:00,166.5,200,ask,YieldingYams,WavyWalnuts,8956072
2026-07-06T01:08:55.356633,2026-07-06T01:08:55.358573+00:00,166.6,20,bid,BrilliantBurritos,YieldingYams,8956104
2026-07-06T01:08:56.763463,2026-07-06T01:08:56.767135+00:00,166.5,22,bid,Xuanyu Liu,WavyWalnuts,8956123
2026-07-06T01:08:57.623535,2026-07-06T01:08:57.626909+00:00,166.4,12,bid,Xuanyu Liu,WavyWalnuts,8956138
2026-07-06T01:08:58.824483,2026-07-06T01:08:58.834383+00:00,166.3,200,ask,YieldingYams,WavyWalnuts,8956154
2026-07-06T01:09:03.305320,2026-07-06T01:09:03.317034+00:00,166.1,20,ask,WavyWalnuts,BrilliantBurritos,8956205
2026-07-06T01:09:05.054732,2026-07-06T01:09:05.064172+00:00,166.0,200,ask,WavyWalnuts,YieldingYams,8956226
2026-07-06T01:09:06.083329,2026-07-06T01:09:06.089914+00:00,166.0,200,bid,WavyWalnuts,YieldingYams,8956238
2026-07-06T01:09:06.375214,2026-07-06T01:09:06.378538+00:00,166.2,12,ask,YieldingYams,Xuanyu Liu,8956246
2026-07-06T01:09:07.296955,2026-07-06T01:09:07.307497+00:00,166.2,200,ask,YieldingYams,WavyWalnuts,8956256
2026-07-06T01:09:08.504713,2026-07-06T01:09:08.514360+00:00,166.2,200,bid,WavyWalnuts,YieldingYams,8956276
2026-07-06T01:09:09.125895,2026-07-06T01:09:09.137762+00:00,166.4,20,bid,BrilliantBurritos,WavyWalnuts,8956285
2026-07-06T01:09:10.309411,2026-07-06T01:09:10.320626+00:00,166.2,200,bid,YieldingYams,WavyWalnuts,8956302
2026-07-06T01:09:12.932973,2026-07-06T01:09:12.935258+00:00,166.3,200,bid,YieldingYams,WavyWalnuts,8956337
2026-07-06T01:09:14.562022,2026-07-06T01:09:14.569631+00:00,166.4,200,bid,WavyWalnuts,YieldingYams,8956355
2026-07-06T01:09:16.381989,2026-07-06T01:09:16.393838+00:00,166.4,20,bid,BrilliantBurritos,YieldingYams,8956376
2026-07-06T01:09:16.981691,2026-07-06T01:09:16.988331+00:00,166.4,200,bid,WavyWalnuts,YieldingYams,8956387
2026-07-06T01:09:18.275190,2026-07-06T01:09:18.281847+00:00,166.4,200,bid,YieldingYams,WavyWalnuts,8956406
2026-07-06T01:09:18.656718,2026-07-06T01:09:18.668640+00:00,166.6,20,bid,BrilliantBurritos,YieldingYams,8956415
2026-07-06T01:09:19.592692,2026-07-06T01:09:19.605031+00:00,166.4,200,ask,WavyWalnuts,YieldingYams,8956431
2026-07-06T01:09:25.462068,2026-07-06T01:09:25.469886+00:00,166.3,200,ask,YieldingYams,WavyWalnuts,8956504
2026-07-06T01:09:27.207341,2026-07-06T01:09:27.219079+00:00,166.2,20,ask,YieldingYams,BrilliantBurritos,8956521
2026-07-06T01:09:27.823399,2026-07-06T01:09:27.826621+00:00,166.5,35,bid,Xuanyu Liu,WavyWalnuts,8956543
2026-07-06T01:09:29.901449,2026-07-06T01:09:29.913291+00:00,166.5,20,bid,BrilliantBurritos,YieldingYams,8956573
2026-07-06T01:09:30.406146,2026-07-06T01:09:30.418065+00:00,166.4,20,ask,WavyWalnuts,BrilliantBurritos,8956580
2026-07-06T01:09:33.939571,2026-07-06T01:09:33.947822+00:00,166.6,200,bid,WavyWalnuts,YieldingYams,8956630
2026-07-06T01:09:34.531449,2026-07-06T01:09:34.543062+00:00,166.3,20,ask,YieldingYams,BrilliantBurritos,8956637
2026-07-06T01:09:35.164149,2026-07-06T01:09:35.167607+00:00,166.5,23,ask,WavyWalnuts,Xuanyu Liu,8956647
2026-07-06T01:09:35.341564,2026-07-06T01:09:35.358548+00:00,166.5,177,ask,WavyWalnuts,YieldingYams,8956650
2026-07-06T01:09:36.358172,2026-07-06T01:09:36.369880+00:00,166.5,200,bid,WavyWalnuts,YieldingYams,8956661
2026-07-06T01:09:43.633869,2026-07-06T01:09:43.645506+00:00,166.6,200,ask,YieldingYams,WavyWalnuts,8956736
2026-07-06T01:09:44.253932,2026-07-06T01:09:44.263797+00:00,166.8,20,bid,BrilliantBurritos,AverageAlmonds,8956743
2026-07-06T01:09:45.781300,2026-07-06T01:09:45.790317+00:00,166.5,500,ask,YieldingYams,AverageAlmonds,8956757
2026-07-06T01:09:47.269133,2026-07-06T01:09:47.278699+00:00,166.4,200,bid,WavyWalnuts,AverageAlmonds,8956774
2026-07-06T01:09:48.483551,2026-07-06T01:09:48.494671+00:00,166.3,200,bid,WavyWalnuts,AverageAlmonds,8956783
2026-07-06T01:09:54.844105,2026-07-06T01:09:54.854477+00:00,166.4,200,ask,WavyWalnuts,AverageAlmonds,8956861
2026-07-06T01:09:55.449516,2026-07-06T01:09:55.458641+00:00,166.3,500,ask,YieldingYams,AverageAlmonds,8956874
2026-07-06T01:09:56.076556,2026-07-06T01:09:56.083170+00:00,166.3,125,ask,YieldingYams,AverageAlmonds,8956889
2026-07-06T01:09:56.346192,2026-07-06T01:09:56.352582+00:00,166.2,200,ask,WavyWalnuts,YieldingYams,8956898
2026-07-06T01:09:58.969079,2026-07-06T01:09:58.989015+00:00,166.1,200,bid,YieldingYams,WavyWalnuts,8956926
2026-07-06T01:09:58.985359,2026-07-06T01:09:58.989015+00:00,166.1,12,ask,YieldingYams,Xuanyu Liu,8956928
2026-07-06T01:09:59.095768,2026-07-06T01:09:59.107422+00:00,166.1,413,ask,YieldingYams,AverageAlmonds,8956931
2026-07-06T01:09:59.474796,2026-07-06T01:09:59.478431+00:00,165.9,34,ask,WavyWalnuts,Xuanyu Liu,8956939
2026-07-06T01:10:05.756106,2026-07-06T01:10:05.758540+00:00,166.0,200,ask,WavyWalnuts,AverageAlmonds,8957027
2026-07-06T01:10:05.756106,2026-07-06T01:10:05.769114+00:00,166.0,300,ask,YieldingYams,AverageAlmonds,8957028
2026-07-06T01:10:06.354010,2026-07-06T01:10:06.364246+00:00,166.0,325,ask,YieldingYams,AverageAlmonds,8957034
2026-07-06T01:10:06.638829,2026-07-06T01:10:06.647420+00:00,166.0,175,bid,WavyWalnuts,AverageAlmonds,8957043
2026-07-06T01:10:06.958043,2026-07-06T01:10:06.969745+00:00,166.0,25,ask,WavyWalnuts,AverageAlmonds,8957049
2026-07-06T01:10:09.445529,2026-07-06T01:10:09.458789+00:00,165.9,200,ask,WavyWalnuts,YieldingYams,8957079
2026-07-06T01:10:09.470006,2026-07-06T01:10:09.473790+00:00,165.8,12,bid,Xuanyu Liu,YieldingYams,8957081
2026-07-06T01:10:10.268954,2026-07-06T01:10:10.278692+00:00,165.8,200,bid,WavyWalnuts,YieldingYams,8957088
2026-07-06T01:10:10.754426,2026-07-06T01:10:10.758556+00:00,165.9,500,bid,YieldingYams,AverageAlmonds,8957093
2026-07-06T01:10:11.198058,2026-07-06T01:10:11.269604+00:00,165.9,125,ask,YieldingYams,AverageAlmonds,8957099
2026-07-06T01:10:15.114197,2026-07-06T01:10:15.121118+00:00,165.5,200,ask,YieldingYams,WavyWalnuts,8957160
2026-07-06T01:10:15.742615,2026-07-06T01:10:15.758598+00:00,165.7,20,bid,BrilliantBurritos,YieldingYams,8957165
2026-07-06T01:10:21.224139,2026-07-06T01:10:21.232560+00:00,165.5,200,bid,YieldingYams,WavyWalnuts,8957224
2026-07-06T01:10:23.582374,2026-07-06T01:10:23.592248+00:00,165.6,200,bid,WavyWalnuts,YieldingYams,8957250
2026-07-06T01:10:24.753599,2026-07-06T01:10:24.758145+00:00,165.7,22,bid,Xuanyu Liu,YieldingYams,8957261
2026-07-06T01:10:24.791480,2026-07-06T01:10:24.800960+00:00,165.7,200,bid,WavyWalnuts,YieldingYams,8957264
2026-07-06T01:10:29.436746,2026-07-06T01:10:29.445097+00:00,165.8,20,ask,WavyWalnuts,BrilliantBurritos,8957321
2026-07-06T01:10:30.570217,2026-07-06T01:10:30.580558+00:00,166.0,500,ask,YieldingYams,AverageAlmonds,8957334
2026-07-06T01:10:31.176425,2026-07-06T01:10:31.180251+00:00,166.1,12,bid,Xuanyu Liu,AverageAlmonds,8957344
2026-07-06T01:10:32.060081,2026-07-06T01:10:32.069122+00:00,166.1,200,bid,WavyWalnuts,AverageAlmonds,8957357
2026-07-06T01:10:32.412352,2026-07-06T01:10:32.415566+00:00,166.0,11,bid,Xuanyu Liu,AverageAlmonds,8957362
2026-07-06T01:10:33.029630,2026-07-06T01:10:33.038350+00:00,166.0,500,bid,YieldingYams,AverageAlmonds,8957374
2026-07-06T01:10:33.600903,2026-07-06T01:10:33.602428+00:00,166.0,125,ask,YieldingYams,AverageAlmonds,8957385
2026-07-06T01:10:33.600903,2026-07-06T01:10:33.609133+00:00,166.0,200,ask,WavyWalnuts,AverageAlmonds,8957386
2026-07-06T01:10:34.078547,2026-07-06T01:10:34.090279+00:00,165.1,20,ask,AverageAlmonds,BrilliantBurritos,8957391
2026-07-06T01:10:34.352741,2026-07-06T01:10:34.356310+00:00,165.6,11,ask,YieldingYams,Xuanyu Liu,8957400
2026-07-06T01:10:34.483267,2026-07-06T01:10:34.490097+00:00,165.9,200,bid,WavyWalnuts,YieldingYams,8957403
2026-07-06T01:10:36.958369,2026-07-06T01:10:36.965752+00:00,165.8,200,ask,WavyWalnuts,YieldingYams,8957444
2026-07-06T01:10:37.396085,2026-07-06T01:10:37.400091+00:00,165.8,11,bid,Xuanyu Liu,YieldingYams,8957450
2026-07-06T01:10:41.172848,2026-07-06T01:10:41.176183+00:00,165.8,12,bid,Xuanyu Liu,WavyWalnuts,8957490
2026-07-06T01:10:41.765113,2026-07-06T01:10:41.769249+00:00,165.7,11,bid,Xuanyu Liu,WavyWalnuts,8957495
2026-07-06T01:10:45.372547,2026-07-06T01:10:45.384436+00:00,165.6,20,ask,YieldingYams,BrilliantBurritos,8957541
2026-07-06T01:10:52.647552,2026-07-06T01:10:52.658614+00:00,166.0,200,bid,WavyWalnuts,YieldingYams,8957644
2026-07-06T01:10:54.448047,2026-07-06T01:10:54.463658+00:00,165.9,20,ask,WavyWalnuts,BrilliantBurritos,8957665
2026-07-06T01:10:59.520685,2026-07-06T01:10:59.524471+00:00,165.9,46,ask,YieldingYams,Xuanyu Liu,8957737
2026-07-06T01:11:06.842137,2026-07-06T01:11:06.858579+00:00,165.8,20,bid,BrilliantBurritos,YieldingYams,8957840
2026-07-06T01:11:09.018300,2026-07-06T01:11:09.023529+00:00,165.7,22,ask,YieldingYams,Xuanyu Liu,8957868
2026-07-06T01:11:15.347372,2026-07-06T01:11:15.351317+00:00,165.9,11,bid,Xuanyu Liu,WavyWalnuts,8957946
2026-07-06T01:11:16.289102,2026-07-06T01:11:16.296438+00:00,165.9,200,bid,YieldingYams,WavyWalnuts,8957960
2026-07-06T01:11:19.299980,2026-07-06T01:11:19.308200+00:00,166.0,200,ask,YieldingYams,WavyWalnuts,8958000
2026-07-06T01:11:21.636563,2026-07-06T01:11:21.640487+00:00,166.1,23,bid,Xuanyu Liu,YieldingYams,8958037
2026-07-06T01:11:21.724550,2026-07-06T01:11:21.733192+00:00,166.1,200,bid,WavyWalnuts,YieldingYams,8958041
2026-07-06T01:11:26.564259,2026-07-06T01:11:26.575299+00:00,165.9,200,ask,YieldingYams,WavyWalnuts,8958096
2026-07-06T01:11:27.959531,2026-07-06T01:11:27.963595+00:00,166.0,11,bid,Xuanyu Liu,YieldingYams,8958119
2026-07-06T01:11:34.715888,2026-07-06T01:11:34.723704+00:00,165.9,20,bid,BrilliantBurritos,YieldingYams,8958207
2026-07-06T01:11:35.035117,2026-07-06T01:11:35.044911+00:00,165.9,200,bid,WavyWalnuts,YieldingYams,8958214
2026-07-06T01:11:37.279408,2026-07-06T01:11:37.299685+00:00,165.8,200,ask,WavyWalnuts,YieldingYams,8958241
2026-07-06T01:11:37.296006,2026-07-06T01:11:37.299685+00:00,165.8,12,bid,Xuanyu Liu,YieldingYams,8958243
2026-07-06T01:11:39.894898,2026-07-06T01:11:39.903192+00:00,165.8,200,bid,YieldingYams,WavyWalnuts,8958277
2026-07-06T01:11:41.079306,2026-07-06T01:11:41.086634+00:00,165.8,200,ask,YieldingYams,WavyWalnuts,8958290
2026-07-06T01:11:41.578125,2026-07-06T01:11:41.586052+00:00,166.0,20,bid,BrilliantBurritos,YieldingYams,8958295
2026-07-06T01:11:44.322350,2026-07-06T01:11:44.333936+00:00,165.7,20,ask,WavyWalnuts,BrilliantBurritos,8958331
2026-07-06T01:11:49.095584,2026-07-06T01:11:49.105875+00:00,166.2,200,ask,WavyWalnuts,YieldingYams,8958389
2026-07-06T01:11:51.739243,2026-07-06T01:11:51.742766+00:00,166.1,11,bid,Xuanyu Liu,YieldingYams,8958412
2026-07-06T01:11:51.987206,2026-07-06T01:11:51.991046+00:00,166.0,3,bid,Xuanyu Liu,WavyWalnuts,8958417
2026-07-06T01:11:53.033713,2026-07-06T01:11:53.040708+00:00,166.0,197,bid,YieldingYams,WavyWalnuts,8958427
2026-07-06T01:11:53.334456,2026-07-06T01:11:53.336697+00:00,166.1,14,ask,WavyWalnuts,Xuanyu Liu,8958433
2026-07-06T01:11:54.347955,2026-07-06T01:11:54.358643+00:00,166.1,186,ask,WavyWalnuts,YieldingYams,8958440
2026-07-06T01:11:58.275848,2026-07-06T01:11:58.284748+00:00,166.0,200,ask,WavyWalnuts,YieldingYams,8958499
2026-07-06T01:11:59.657763,2026-07-06T01:11:59.661169+00:00,165.8,12,ask,WavyWalnuts,Xuanyu Liu,8958510
2026-07-06T01:12:00.284151,2026-07-06T01:12:00.295911+00:00,165.8,20,ask,WavyWalnuts,BrilliantBurritos,8958514
2026-07-06T01:12:00.469800,2026-07-06T01:12:00.473690+00:00,165.9,11,ask,WavyWalnuts,Xuanyu Liu,8958517
2026-07-06T01:12:00.906636,2026-07-06T01:12:00.910354+00:00,166.0,12,ask,YieldingYams,Xuanyu Liu,8958528
2026-07-06T01:12:02.222829,2026-07-06T01:12:02.227091+00:00,166.1,11,ask,YieldingYams,Xuanyu Liu,8958545
2026-07-06T01:12:02.372618,2026-07-06T01:12:02.380881+00:00,166.2,20,bid,BrilliantBurritos,WavyWalnuts,8958550
2026-07-06T01:12:03.514859,2026-07-06T01:12:03.521611+00:00,166.2,500,bid,YieldingYams,AverageAlmonds,8958564
2026-07-06T01:12:03.809069,2026-07-06T01:12:03.817221+00:00,166.2,125,ask,YieldingYams,AverageAlmonds,8958568
2026-07-06T01:12:05.289248,2026-07-06T01:12:05.300671+00:00,166.0,200,bid,WavyWalnuts,YieldingYams,8958592
2026-07-06T01:12:06.511070,2026-07-06T01:12:06.514753+00:00,166.1,23,ask,WavyWalnuts,Xuanyu Liu,8958612
2026-07-06T01:12:07.444667,2026-07-06T01:12:07.464003+00:00,166.1,177,ask,WavyWalnuts,YieldingYams,8958624
2026-07-06T01:12:11.373550,2026-07-06T01:12:11.378481+00:00,166.1,200,ask,WavyWalnuts,YieldingYams,8958664
2026-07-06T01:12:15.571963,2026-07-06T01:12:15.583514+00:00,166.1,20,bid,BrilliantBurritos,WavyWalnuts,8958713
2026-07-06T01:12:16.641603,2026-07-06T01:12:16.650987+00:00,166.0,200,ask,WavyWalnuts,YieldingYams,8958726
2026-07-06T01:12:17.394268,2026-07-06T01:12:17.401879+00:00,165.9,200,bid,WavyWalnuts,YieldingYams,8958728
2026-07-06T01:12:18.603409,2026-07-06T01:12:18.612523+00:00,166.1,200,bid,WavyWalnuts,YieldingYams,8958743
2026-07-06T01:12:18.946102,2026-07-06T01:12:18.949825+00:00,165.9,11,ask,AverageAlmonds,Xuanyu Liu,8958750
2026-07-06T01:12:19.271214,2026-07-06T01:12:19.275260+00:00,166.0,6,ask,YieldingYams,Xuanyu Liu,8958755
2026-07-06T01:12:21.386528,2026-07-06T01:12:21.397283+00:00,166.3,20,bid,BrilliantBurritos,YieldingYams,8958780
2026-07-06T01:12:23.177034,2026-07-06T01:12:23.185234+00:00,166.3,500,bid,AverageAlmonds,YieldingYams,8958804
2026-07-06T01:12:23.772824,2026-07-06T01:12:23.781086+00:00,166.2,200,bid,AverageAlmonds,WavyWalnuts,8958813
2026-07-06T01:12:23.772824,2026-07-06T01:12:23.781086+00:00,166.3,300,bid,AverageAlmonds,YieldingYams,8958814
2026-07-06T01:12:24.374076,2026-07-06T01:12:24.383382+00:00,166.3,325,bid,AverageAlmonds,YieldingYams,8958823
2026-07-06T01:12:24.653668,2026-07-06T01:12:24.664228+00:00,166.4,200,ask,YieldingYams,WavyWalnuts,8958829
2026-07-06T01:12:25.325757,2026-07-06T01:12:25.337760+00:00,166.7,20,bid,BrilliantBurritos,YieldingYams,8958837
2026-07-06T01:12:25.840789,2026-07-06T01:12:25.844582+00:00,166.5,6,bid,Xuanyu Liu,YieldingYams,8958844
2026-07-06T01:12:25.862640,2026-07-06T01:12:25.870377+00:00,166.3,200,ask,AverageAlmonds,WavyWalnuts,8958845
2026-07-06T01:12:27.138305,2026-07-06T01:12:27.170510+00:00,166.4,500,ask,AverageAlmonds,YieldingYams,8958859
2026-07-06T01:12:27.165746,2026-07-06T01:12:27.170510+00:00,166.4,11,bid,Xuanyu Liu,YieldingYams,8958861
2026-07-06T01:12:27.412057,2026-07-06T01:12:27.423204+00:00,166.4,114,bid,AverageAlmonds,YieldingYams,8958867
2026-07-06T01:12:28.359573,2026-07-06T01:12:28.371542+00:00,166.3,20,ask,AverageAlmonds,BrilliantBurritos,8958878
2026-07-06T01:12:31.037157,2026-07-06T01:12:31.045980+00:00,166.4,200,bid,AverageAlmonds,WavyWalnuts,8958909
2026-07-06T01:12:31.919771,2026-07-06T01:12:31.930849+00:00,166.5,200,ask,AverageAlmonds,WavyWalnuts,8958925
2026-07-06T01:12:31.923066,2026-07-06T01:12:31.930849+00:00,166.5,20,ask,AverageAlmonds,BrilliantBurritos,8958926
2026-07-06T01:12:33.678188,2026-07-06T01:12:33.689391+00:00,166.5,500,ask,AverageAlmonds,YieldingYams,8958942
2026-07-06T01:12:33.695471,2026-07-06T01:12:33.699342+00:00,166.5,12,bid,Xuanyu Liu,YieldingYams,8958944
2026-07-06T01:12:34.069986,2026-07-06T01:12:34.079514+00:00,166.5,113,bid,AverageAlmonds,YieldingYams,8958947
2026-07-06T01:12:34.069986,2026-07-06T01:12:34.079514+00:00,166.6,200,bid,AverageAlmonds,WavyWalnuts,8958948
2026-07-06T01:12:34.445615,2026-07-06T01:12:34.449497+00:00,166.9,22,bid,Xuanyu Liu,WavyWalnuts,8958959
2026-07-06T01:12:35.548055,2026-07-06T01:12:35.551238+00:00,166.7,200,bid,WavyWalnuts,YieldingYams,8958975
2026-07-06T01:12:37.608517,2026-07-06T01:12:37.612361+00:00,166.7,11,ask,YieldingYams,Xuanyu Liu,8959013
2026-07-06T01:12:37.617740,2026-07-06T01:12:37.621563+00:00,166.7,11,ask,YieldingYams,Xuanyu Liu,8959015
2026-07-06T01:12:37.991452,2026-07-06T01:12:37.995044+00:00,166.8,12,ask,WavyWalnuts,Xuanyu Liu,8959024
2026-07-06T01:12:38.330782,2026-07-06T01:12:38.334750+00:00,166.9,12,bid,Xuanyu Liu,YieldingYams,8959035
2026-07-06T01:12:38.918274,2026-07-06T01:12:38.927396+00:00,166.8,188,ask,WavyWalnuts,YieldingYams,8959044
2026-07-06T01:12:39.183239,2026-07-06T01:12:39.194925+00:00,166.8,200,bid,WavyWalnuts,YieldingYams,8959048
2026-07-06T01:12:40.396735,2026-07-06T01:12:40.403839+00:00,166.8,200,ask,YieldingYams,WavyWalnuts,8959064
2026-07-06T01:12:44.024590,2026-07-06T01:12:44.035249+00:00,166.7,200,bid,WavyWalnuts,YieldingYams,8959125
2026-07-06T01:12:45.587579,2026-07-06T01:12:45.595178+00:00,166.6,500,bid,AverageAlmonds,YieldingYams,8959147
2026-07-06T01:12:46.184966,2026-07-06T01:12:46.193411+00:00,166.6,125,bid,AverageAlmonds,YieldingYams,8959160
2026-07-06T01:12:46.184966,2026-07-06T01:12:46.198620+00:00,166.7,200,bid,AverageAlmonds,WavyWalnuts,8959161
2026-07-06T01:12:46.236250,2026-07-06T01:12:46.240605+00:00,166.7,23,ask,AverageAlmonds,Xuanyu Liu,8959166
2026-07-06T01:12:47.121950,2026-07-06T01:12:47.124452+00:00,166.8,11,bid,Xuanyu Liu,WavyWalnuts,8959171
2026-07-06T01:12:47.412905,2026-07-06T01:12:47.419631+00:00,166.8,189,bid,AverageAlmonds,WavyWalnuts,8959173
2026-07-06T01:12:47.412905,2026-07-06T01:12:47.425056+00:00,166.8,311,bid,AverageAlmonds,YieldingYams,8959174
2026-07-06T01:12:47.826776,2026-07-06T01:12:47.838677+00:00,166.6,20,ask,YieldingYams,BrilliantBurritos,8959183
2026-07-06T01:12:47.990003,2026-07-06T01:12:47.999441+00:00,166.8,314,bid,AverageAlmonds,YieldingYams,8959186
2026-07-06T01:12:47.990003,2026-07-06T01:12:47.999441+00:00,166.8,186,bid,AverageAlmonds,WavyWalnuts,8959187
2026-07-06T01:12:48.071415,2026-07-06T01:12:48.078610+00:00,166.8,14,bid,YieldingYams,WavyWalnuts,8959190
2026-07-06T01:12:48.861248,2026-07-06T01:12:48.868770+00:00,167.0,200,ask,YieldingYams,WavyWalnuts,8959200
2026-07-06T01:12:49.389894,2026-07-06T01:12:49.399671+00:00,167.0,500,ask,AverageAlmonds,YieldingYams,8959202
2026-07-06T01:12:49.801374,2026-07-06T01:12:49.808729+00:00,167.0,125,bid,AverageAlmonds,YieldingYams,8959204
2026-07-06T01:12:50.072555,2026-07-06T01:12:50.081446+00:00,167.0,200,ask,AverageAlmonds,WavyWalnuts,8959207
2026-07-06T01:12:50.713901,2026-07-06T01:12:50.717594+00:00,167.2,34,bid,Xuanyu Liu,YieldingYams,8959225
2026-07-06T01:12:51.283286,2026-07-06T01:12:51.293839+00:00,167.1,200,ask,AverageAlmonds,WavyWalnuts,8959235
2026-07-06T01:12:52.005273,2026-07-06T01:12:52.023389+00:00,167.1,500,ask,AverageAlmonds,YieldingYams,8959245
2026-07-06T01:12:52.020103,2026-07-06T01:12:52.023389+00:00,167.1,12,bid,Xuanyu Liu,YieldingYams,8959247
2026-07-06T01:12:52.841609,2026-07-06T01:12:52.849821+00:00,167.1,113,bid,AverageAlmonds,YieldingYams,8959265
2026-07-06T01:12:52.841609,2026-07-06T01:12:52.849821+00:00,167.1,200,bid,AverageAlmonds,WavyWalnuts,8959266
2026-07-06T01:12:53.474917,2026-07-06T01:12:53.478776+00:00,167.1,23,ask,AverageAlmonds,Xuanyu Liu,8959278
2026-07-06T01:12:53.705918,2026-07-06T01:12:53.714510+00:00,167.1,200,ask,AverageAlmonds,WavyWalnuts,8959285
2026-07-06T01:12:54.047160,2026-07-06T01:12:54.058582+00:00,167.2,500,bid,AverageAlmonds,YieldingYams,8959287
2026-07-06T01:12:54.635553,2026-07-06T01:12:54.639227+00:00,167.2,11,ask,YieldingYams,Xuanyu Liu,8959302
2026-07-06T01:12:55.927097,2026-07-06T01:12:55.934404+00:00,167.3,200,bid,YieldingYams,WavyWalnuts,8959323
2026-07-06T01:12:55.945410,2026-07-06T01:12:55.948721+00:00,167.3,12,ask,YieldingYams,Xuanyu Liu,8959325
2026-07-06T01:12:56.131884,2026-07-06T01:12:56.138923+00:00,167.3,200,ask,YieldingYams,WavyWalnuts,8959327
2026-07-06T01:12:57.612697,2026-07-06T01:12:57.624560+00:00,167.2,5,ask,YieldingYams,Kaleb Liu,8959341
2026-07-06T01:13:00.625984,2026-07-06T01:13:00.638022+00:00,167.3,28,ask,WavyWalnuts,Kaleb Liu,8959380
2026-07-06T01:13:00.983766,2026-07-06T01:13:00.990965+00:00,167.4,200,bid,WavyWalnuts,YieldingYams,8959388
2026-07-06T01:13:02.197860,2026-07-06T01:13:02.207131+00:00,167.5,200,bid,WavyWalnuts,YieldingYams,8959399
2026-07-06T01:13:02.965259,2026-07-06T01:13:02.970031+00:00,167.7,46,bid,Xuanyu Liu,YieldingYams,8959409
2026-07-06T01:13:03.786404,2026-07-06T01:13:03.797016+00:00,167.7,200,bid,YieldingYams,WavyWalnuts,8959419
2026-07-06T01:13:04.951593,2026-07-06T01:13:04.958588+00:00,167.7,425,ask,YieldingYams,AverageAlmonds,8959435
2026-07-06T01:13:04.951593,2026-07-06T01:13:04.958588+00:00,167.7,75,ask,WavyWalnuts,AverageAlmonds,8959436
2026-07-06T01:13:05.101081,2026-07-06T01:13:05.111390+00:00,167.7,125,ask,WavyWalnuts,YieldingYams,8959441
2026-07-06T01:13:05.644033,2026-07-06T01:13:05.658573+00:00,167.5,35,bid,Kaleb Liu,YieldingYams,8959449
2026-07-06T01:13:06.654729,2026-07-06T01:13:06.661728+00:00,167.4,13,ask,WavyWalnuts,Kaleb Liu,8959468
2026-07-06T01:13:10.672035,2026-07-06T01:13:10.683162+00:00,167.2,200,ask,YieldingYams,WavyWalnuts,8959520
2026-07-06T01:13:11.438963,2026-07-06T01:13:11.464107+00:00,167.2,20,ask,YieldingYams,BrilliantBurritos,8959529
2026-07-06T01:13:12.670990,2026-07-06T01:13:12.682684+00:00,167.1,1,ask,YieldingYams,Kaleb Liu,8959551
2026-07-06T01:13:13.622020,2026-07-06T01:13:13.633847+00:00,167.2,20,bid,BrilliantBurritos,WavyWalnuts,8959564
2026-07-06T01:13:15.519578,2026-07-06T01:13:15.529686+00:00,167.1,200,ask,YieldingYams,WavyWalnuts,8959584
2026-07-06T01:13:16.881581,2026-07-06T01:13:16.889051+00:00,167.3,200,bid,YieldingYams,WavyWalnuts,8959604
2026-07-06T01:13:17.934145,2026-07-06T01:13:17.945310+00:00,167.3,200,ask,YieldingYams,WavyWalnuts,8959613
2026-07-06T01:13:20.812323,2026-07-06T01:13:20.823638+00:00,167.2,200,ask,WavyWalnuts,YieldingYams,8959651
2026-07-06T01:13:21.161062,2026-07-06T01:13:21.172870+00:00,167.2,20,bid,BrilliantBurritos,YieldingYams,8959655
2026-07-06T01:13:22.772556,2026-07-06T01:13:22.783426+00:00,167.2,200,bid,WavyWalnuts,YieldingYams,8959685
2026-07-06T01:13:25.697701,2026-07-06T01:13:25.705061+00:00,167.2,9,ask,WavyWalnuts,Kaleb Liu,8959720
2026-07-06T01:13:27.977370,2026-07-06T01:13:27.985540+00:00,167.6,20,bid,BrilliantBurritos,YieldingYams,8959743
2026-07-06T01:13:29.714090,2026-07-06T01:13:29.725837+00:00,167.6,23,bid,Kaleb Liu,YieldingYams,8959763
2026-07-06T01:13:31.726824,2026-07-06T01:13:31.738586+00:00,167.2,1,ask,WavyWalnuts,Kaleb Liu,8959790
2026-07-06T01:13:32.859642,2026-07-06T01:13:32.869615+00:00,167.4,20,bid,BrilliantBurritos,WavyWalnuts,8959800
2026-07-06T01:13:33.740192,2026-07-06T01:13:33.758601+00:00,167.3,1,ask,WavyWalnuts,Kaleb Liu,8959806
2026-07-06T01:13:36.102618,2026-07-06T01:13:36.106273+00:00,167.3,11,bid,Xuanyu Liu,WavyWalnuts,8959830
2026-07-06T01:13:37.721512,2026-07-06T01:13:37.725245+00:00,167.3,23,bid,Xuanyu Liu,YieldingYams,8959854
2026-07-06T01:13:37.846002,2026-07-06T01:13:37.850112+00:00,167.2,3,bid,Xuanyu Liu,YieldingYams,8959857
2026-07-06T01:13:38.561069,2026-07-06T01:13:38.573050+00:00,167.2,20,bid,BrilliantBurritos,YieldingYams,8959861
2026-07-06T01:13:39.720470,2026-07-06T01:13:39.728468+00:00,167.1,200,bid,WavyWalnuts,YieldingYams,8959872
2026-07-06T01:13:43.490185,2026-07-06T01:13:43.501920+00:00,166.9,20,ask,WavyWalnuts,BrilliantBurritos,8959927
2026-07-06T01:13:44.378695,2026-07-06T01:13:44.389727+00:00,166.9,180,ask,WavyWalnuts,YieldingYams,8959947
2026-07-06T01:13:46.769317,2026-07-06T01:13:46.779692+00:00,166.8,2,ask,WavyWalnuts,Kaleb Liu,8959979
2026-07-06T01:13:47.973494,2026-07-06T01:13:47.985233+00:00,166.8,20,bid,BrilliantBurritos,YieldingYams,8960000
2026-07-06T01:13:48.529032,2026-07-06T01:13:48.538260+00:00,166.8,500,bid,AverageAlmonds,YieldingYams,8960012
2026-07-06T01:13:49.119932,2026-07-06T01:13:49.129229+00:00,166.8,125,bid,AverageAlmonds,YieldingYams,8960015
2026-07-06T01:13:49.618622,2026-07-06T01:13:49.627491+00:00,166.9,200,bid,YieldingYams,WavyWalnuts,8960020
2026-07-06T01:13:50.632133,2026-07-06T01:13:50.642644+00:00,167.1,200,ask,YieldingYams,WavyWalnuts,8960030
2026-07-06T01:13:51.843910,2026-07-06T01:13:51.858574+00:00,167.0,200,ask,YieldingYams,WavyWalnuts,8960047
2026-07-06T01:13:52.785242,2026-07-06T01:13:52.796685+00:00,166.8,4,ask,YieldingYams,Kaleb Liu,8960058
2026-07-06T01:13:53.795551,2026-07-06T01:13:53.807477+00:00,166.9,5,bid,Kaleb Liu,WavyWalnuts,8960072
2026-07-06T01:13:53.969241,2026-07-06T01:13:53.979800+00:00,166.9,195,bid,AverageAlmonds,WavyWalnuts,8960080
2026-07-06T01:13:53.969241,2026-07-06T01:13:53.979800+00:00,166.9,305,bid,AverageAlmonds,YieldingYams,8960081
2026-07-06T01:13:54.244157,2026-07-06T01:13:54.258625+00:00,166.6,20,ask,WavyWalnuts,BrilliantBurritos,8960086
2026-07-06T01:13:54.566145,2026-07-06T01:13:54.575365+00:00,166.9,320,bid,AverageAlmonds,YieldingYams,8960090
2026-07-06T01:13:54.566145,2026-07-06T01:13:54.575365+00:00,166.9,180,bid,AverageAlmonds,WavyWalnuts,8960091
2026-07-06T01:13:54.806829,2026-07-06T01:13:54.815953+00:00,166.9,3,bid,Kaleb Liu,WavyWalnuts,8960095
2026-07-06T01:13:54.881985,2026-07-06T01:13:54.900361+00:00,166.9,17,bid,YieldingYams,WavyWalnuts,8960097
2026-07-06T01:13:54.896570,2026-07-06T01:13:54.900361+00:00,167.2,3,ask,YieldingYams,Xuanyu Liu,8960099
2026-07-06T01:13:55.472999,2026-07-06T01:13:55.484036+00:00,167.2,200,ask,YieldingYams,WavyWalnuts,8960107
2026-07-06T01:13:56.682583,2026-07-06T01:13:56.693699+00:00,167.2,200,ask,YieldingYams,WavyWalnuts,8960119
2026-07-06T01:13:56.739231,2026-07-06T01:13:56.742887+00:00,167.4,3,bid,Xuanyu Liu,YieldingYams,8960122
2026-07-06T01:13:57.890385,2026-07-06T01:13:57.896685+00:00,167.1,200,ask,YieldingYams,WavyWalnuts,8960144
2026-07-06T01:13:59.101857,2026-07-06T01:13:59.107380+00:00,167.1,200,ask,YieldingYams,WavyWalnuts,8960154
2026-07-06T01:14:00.832784,2026-07-06T01:14:00.858572+00:00,167.2,2,bid,Kaleb Liu,YieldingYams,8960174
2026-07-06T01:14:01.790290,2026-07-06T01:14:01.800115+00:00,167.3,20,bid,BrilliantBurritos,YieldingYams,8960182
2026-07-06T01:14:05.847846,2026-07-06T01:14:05.859701+00:00,167.4,2,bid,Kaleb Liu,WavyWalnuts,8960239
2026-07-06T01:14:06.182089,2026-07-06T01:14:06.185748+00:00,167.4,3,bid,Xuanyu Liu,WavyWalnuts,8960247
2026-07-06T01:14:06.381692,2026-07-06T01:14:06.385259+00:00,167.3,11,bid,Xuanyu Liu,WavyWalnuts,8960251
2026-07-06T01:14:08.861713,2026-07-06T01:14:08.873459+00:00,167.3,2,ask,WavyWalnuts,Kaleb Liu,8960283
2026-07-06T01:14:10.629125,2026-07-06T01:14:10.639571+00:00,167.4,200,ask,WavyWalnuts,YieldingYams,8960312
2026-07-06T01:14:11.204691,2026-07-06T01:14:11.264333+00:00,167.4,200,bid,WavyWalnuts,YieldingYams,8960320
2026-07-06T01:14:12.417884,2026-07-06T01:14:12.428907+00:00,167.5,200,ask,YieldingYams,WavyWalnuts,8960343
2026-07-06T01:14:12.553405,2026-07-06T01:14:12.557139+00:00,167.7,23,bid,Xuanyu Liu,YieldingYams,8960349
2026-07-06T01:14:12.878400,2026-07-06T01:14:12.890380+00:00,167.7,6,bid,Kaleb Liu,YieldingYams,8960351
2026-07-06T01:14:13.261373,2026-07-06T01:14:13.272833+00:00,167.7,20,bid,BrilliantBurritos,YieldingYams,8960357
2026-07-06T01:14:13.644385,2026-07-06T01:14:13.648735+00:00,167.5,23,bid,Xuanyu Liu,WavyWalnuts,8960362
2026-07-06T01:14:13.753770,2026-07-06T01:14:13.766010+00:00,167.4,20,ask,YieldingYams,BrilliantBurritos,8960364
2026-07-06T01:14:13.891192,2026-07-06T01:14:13.902851+00:00,167.5,15,bid,Kaleb Liu,WavyWalnuts,8960367
2026-07-06T01:14:14.566926,2026-07-06T01:14:14.574346+00:00,167.5,162,bid,YieldingYams,WavyWalnuts,8960375
2026-07-06T01:14:15.710723,2026-07-06T01:14:15.714440+00:00,167.5,11,ask,YieldingYams,Xuanyu Liu,8960388
2026-07-06T01:14:16.064754,2026-07-06T01:14:16.069235+00:00,167.6,12,ask,WavyWalnuts,Xuanyu Liu,8960399
2026-07-06T01:14:17.191676,2026-07-06T01:14:17.202065+00:00,167.6,188,ask,WavyWalnuts,YieldingYams,8960417
2026-07-06T01:14:18.498782,2026-07-06T01:14:18.506714+00:00,167.5,200,bid,YieldingYams,WavyWalnuts,8960432
2026-07-06T01:14:19.677935,2026-07-06T01:14:19.687909+00:00,167.5,200,ask,YieldingYams,WavyWalnuts,8960456
2026-07-06T01:14:26.415266,2026-07-06T01:14:26.426140+00:00,167.3,200,bid,YieldingYams,WavyWalnuts,8960543
2026-07-06T01:14:27.443621,2026-07-06T01:14:27.463656+00:00,167.6,20,bid,BrilliantBurritos,YieldingYams,8960556
2026-07-06T01:14:28.359589,2026-07-06T01:14:28.363123+00:00,167.4,11,ask,YieldingYams,Xuanyu Liu,8960569
2026-07-06T01:14:30.343785,2026-07-06T01:14:30.351840+00:00,167.6,200,bid,YieldingYams,WavyWalnuts,8960612
2026-07-06T01:14:30.357621,2026-07-06T01:14:30.361265+00:00,167.6,23,ask,YieldingYams,Xuanyu Liu,8960614
2026-07-06T01:14:31.658292,2026-07-06T01:14:31.665866+00:00,167.5,200,ask,WavyWalnuts,YieldingYams,8960631
2026-07-06T01:14:31.677062,2026-07-06T01:14:31.680652+00:00,167.5,11,bid,Xuanyu Liu,YieldingYams,8960633
2026-07-06T01:14:31.785729,2026-07-06T01:14:31.797413+00:00,167.5,200,bid,WavyWalnuts,YieldingYams,8960634
2026-07-06T01:14:32.999561,2026-07-06T01:14:33.009705+00:00,167.5,200,ask,YieldingYams,WavyWalnuts,8960644
2026-07-06T01:14:34.700409,2026-07-06T01:14:34.704235+00:00,167.5,11,ask,WavyWalnuts,Xuanyu Liu,8960663
2026-07-06T01:14:35.429722,2026-07-06T01:14:35.433791+00:00,167.6,3,ask,WavyWalnuts,Xuanyu Liu,8960677
2026-07-06T01:14:35.586354,2026-07-06T01:14:35.597253+00:00,167.6,197,ask,WavyWalnuts,YieldingYams,8960680
2026-07-06T01:14:41.936300,2026-07-06T01:14:41.947940+00:00,167.7,21,ask,WavyWalnuts,Kaleb Liu,8960752
2026-07-06T01:14:43.005869,2026-07-06T01:14:43.017304+00:00,167.7,500,ask,YieldingYams,AverageAlmonds,8960769
2026-07-06T01:14:43.603661,2026-07-06T01:14:43.611704+00:00,167.6,200,ask,WavyWalnuts,AverageAlmonds,8960776
2026-07-06T01:14:44.751816,2026-07-06T01:14:44.758732+00:00,167.6,500,bid,YieldingYams,AverageAlmonds,8960788
2026-07-06T01:14:44.808390,2026-07-06T01:14:44.816711+00:00,167.6,125,ask,YieldingYams,AverageAlmonds,8960789
2026-07-06T01:14:47.372598,2026-07-06T01:14:47.383121+00:00,167.4,200,ask,WavyWalnuts,YieldingYams,8960829
2026-07-06T01:14:47.527915,2026-07-06T01:14:47.536182+00:00,167.3,200,bid,WavyWalnuts,YieldingYams,8960830
2026-07-06T01:14:47.952321,2026-07-06T01:14:47.964151+00:00,167.3,2,bid,Kaleb Liu,YieldingYams,8960837
2026-07-06T01:14:48.968163,2026-07-06T01:14:48.980304+00:00,167.3,2,ask,WavyWalnuts,Kaleb Liu,8960857
2026-07-06T01:14:50.529153,2026-07-06T01:14:50.533669+00:00,167.2,14,ask,WavyWalnuts,Xuanyu Liu,8960884
2026-07-06T01:14:50.982363,2026-07-06T01:14:50.994134+00:00,167.2,5,ask,WavyWalnuts,Kaleb Liu,8960893
2026-07-06T01:14:52.383796,2026-07-06T01:14:52.387081+00:00,167.4,23,ask,WavyWalnuts,Xuanyu Liu,8960923
2026-07-06T01:14:52.607019,2026-07-06T01:14:52.618481+00:00,167.4,177,ask,WavyWalnuts,YieldingYams,8960926
2026-07-06T01:14:52.994128,2026-07-06T01:14:53.006210+00:00,167.4,17,bid,Kaleb Liu,YieldingYams,8960932
2026-07-06T01:14:53.575671,2026-07-06T01:14:53.583169+00:00,167.4,200,bid,WavyWalnuts,YieldingYams,8960941
2026-07-06T01:14:54.006431,2026-07-06T01:14:54.018215+00:00,167.2,12,ask,YieldingYams,Kaleb Liu,8960944
2026-07-06T01:14:54.800239,2026-07-06T01:14:54.803598+00:00,167.4,11,bid,Xuanyu Liu,WavyWalnuts,8960954
2026-07-06T01:14:55.219780,2026-07-06T01:14:55.231837+00:00,167.4,20,bid,BrilliantBurritos,WavyWalnuts,8960959
2026-07-06T01:14:56.011448,2026-07-06T01:14:56.015479+00:00,167.3,12,bid,Xuanyu Liu,WavyWalnuts,8960970
2026-07-06T01:14:56.568175,2026-07-06T01:14:56.571861+00:00,167.2,11,bid,Xuanyu Liu,YieldingYams,8960984
2026-07-06T01:14:57.019860,2026-07-06T01:14:57.031693+00:00,167.2,2,bid,Kaleb Liu,YieldingYams,8960991
2026-07-06T01:14:58.756376,2026-07-06T01:14:58.753131+00:00,167.2,500,bid,AverageAlmonds,YieldingYams,8961014
2026-07-06T01:14:59.032213,2026-07-06T01:14:59.044102+00:00,167.2,3,bid,Kaleb Liu,YieldingYams,8961020
2026-07-06T01:15:00.082201,2026-07-06T01:15:00.094214+00:00,167.2,20,ask,YieldingYams,BrilliantBurritos,8961034
2026-07-06T01:15:02.037069,2026-07-06T01:15:02.043935+00:00,167.2,200,ask,YieldingYams,WavyWalnuts,8961061
2026-07-06T01:15:03.264724,2026-07-06T01:15:03.268907+00:00,167.3,3,bid,Xuanyu Liu,WavyWalnuts,8961083
2026-07-06T01:15:03.577611,2026-07-06T01:15:03.585238+00:00,167.3,197,bid,AverageAlmonds,WavyWalnuts,8961086
2026-07-06T01:15:04.059798,2026-07-06T01:15:04.071519+00:00,167.3,1,ask,AverageAlmonds,Kaleb Liu,8961097
2026-07-06T01:15:06.873405,2026-07-06T01:15:06.884319+00:00,167.3,200,ask,YieldingYams,WavyWalnuts,8961138
2026-07-06T01:15:07.059723,2026-07-06T01:15:07.071451+00:00,167.3,500,ask,AverageAlmonds,YieldingYams,8961139
2026-07-06T01:15:07.218762,2026-07-06T01:15:07.227673+00:00,167.3,125,bid,AverageAlmonds,YieldingYams,8961141
2026-07-06T01:15:08.085824,2026-07-06T01:15:08.096982+00:00,167.3,2,bid,Kaleb Liu,WavyWalnuts,8961154
2026-07-06T01:15:10.097238,2026-07-06T01:15:10.109027+00:00,167.3,2,ask,YieldingYams,Kaleb Liu,8961181
2026-07-06T01:15:13.609759,2026-07-06T01:15:13.617174+00:00,167.4,200,ask,WavyWalnuts,YieldingYams,8961234
2026-07-06T01:15:14.918476,2026-07-06T01:15:14.925132+00:00,167.3,200,ask,WavyWalnuts,YieldingYams,8961254
2026-07-06T01:15:14.937287,2026-07-06T01:15:14.940659+00:00,167.1,26,bid,Xuanyu Liu,YieldingYams,8961257
2026-07-06T01:15:15.112699,2026-07-06T01:15:15.124466+00:00,167.1,2,bid,Kaleb Liu,YieldingYams,8961259
2026-07-06T01:15:16.121911,2026-07-06T01:15:16.133540+00:00,167.0,2,ask,WavyWalnuts,Kaleb Liu,8961271
2026-07-06T01:15:17.774369,2026-07-06T01:15:17.783331+00:00,167.1,200,ask,YieldingYams,WavyWalnuts,8961291
2026-07-06T01:15:19.135431,2026-07-06T01:15:19.147091+00:00,167.2,2,bid,Kaleb Liu,WavyWalnuts,8961308
2026-07-06T01:15:22.149799,2026-07-06T01:15:22.158563+00:00,167.1,2,ask,WavyWalnuts,Kaleb Liu,8961352
2026-07-06T01:15:23.160177,2026-07-06T01:15:23.169658+00:00,167.3,2,bid,Kaleb Liu,WavyWalnuts,8961369
2026-07-06T01:15:23.509191,2026-07-06T01:15:23.521131+00:00,167.1,20,ask,WavyWalnuts,BrilliantBurritos,8961373
2026-07-06T01:15:23.832869,2026-07-06T01:15:23.837121+00:00,167.2,12,ask,WavyWalnuts,Xuanyu Liu,8961377
2026-07-06T01:15:24.090107,2026-07-06T01:15:24.100761+00:00,167.2,188,ask,WavyWalnuts,YieldingYams,8961379
2026-07-06T01:15:24.206248,2026-07-06T01:15:24.218375+00:00,166.9,2,ask,YieldingYams,Kaleb Liu,8961383
2026-07-06T01:15:25.998068,2026-07-06T01:15:26.005304+00:00,167.1,200,ask,WavyWalnuts,AverageAlmonds,8961411
2026-07-06T01:15:25.998068,2026-07-06T01:15:26.010585+00:00,167.1,300,ask,YieldingYams,AverageAlmonds,8961412
2026-07-06T01:15:26.597029,2026-07-06T01:15:26.608834+00:00,167.1,325,ask,YieldingYams,AverageAlmonds,8961423
2026-07-06T01:15:27.449708,2026-07-06T01:15:27.458626+00:00,167.1,200,bid,WavyWalnuts,AverageAlmonds,8961431
2026-07-06T01:15:28.675066,2026-07-06T01:15:28.678794+00:00,167.0,11,ask,WavyWalnuts,Xuanyu Liu,8961452
2026-07-06T01:15:32.873360,2026-07-06T01:15:32.885275+00:00,167.2,20,bid,BrilliantBurritos,YieldingYams,8961500
2026-07-06T01:15:33.494516,2026-07-06T01:15:33.502657+00:00,167.1,200,bid,WavyWalnuts,AverageAlmonds,8961513
2026-07-06T01:15:35.241970,2026-07-06T01:15:35.252907+00:00,167.1,2,bid,Kaleb Liu,YieldingYams,8961539
2026-07-06T01:15:35.713916,2026-07-06T01:15:35.725793+00:00,167.0,200,ask,WavyWalnuts,AverageAlmonds,8961547
2026-07-06T01:15:35.896691,2026-07-06T01:15:35.906304+00:00,167.0,300,bid,YieldingYams,AverageAlmonds,8961553
2026-07-06T01:15:36.307069,2026-07-06T01:15:36.318735+00:00,167.0,325,ask,YieldingYams,AverageAlmonds,8961555
2026-07-06T01:15:36.320091,2026-07-06T01:15:36.329243+00:00,167.0,20,bid,BrilliantBurritos,AverageAlmonds,8961556
2026-07-06T01:15:37.252831,2026-07-06T01:15:37.264377+00:00,166.8,2,ask,WavyWalnuts,Kaleb Liu,8961568
2026-07-06T01:15:38.337211,2026-07-06T01:15:38.347760+00:00,166.9,200,bid,WavyWalnuts,YieldingYams,8961580
2026-07-06T01:15:39.264085,2026-07-06T01:15:39.276077+00:00,166.9,2,bid,Kaleb Liu,YieldingYams,8961592
2026-07-06T01:15:39.547877,2026-07-06T01:15:39.557946+00:00,166.9,200,bid,WavyWalnuts,YieldingYams,8961594
2026-07-06T01:15:43.185630,2026-07-06T01:15:43.194746+00:00,167.0,200,bid,WavyWalnuts,YieldingYams,8961634
2026-07-06T01:15:44.282686,2026-07-06T01:15:44.290286+00:00,166.8,2,ask,YieldingYams,Kaleb Liu,8961645
2026-07-06T01:15:44.577169,2026-07-06T01:15:44.589049+00:00,167.0,20,bid,BrilliantBurritos,YieldingYams,8961652
2026-07-06T01:15:47.137644,2026-07-06T01:15:47.149603+00:00,167.0,20,bid,BrilliantBurritos,YieldingYams,8961689
2026-07-06T01:15:47.822004,2026-07-06T01:15:47.829027+00:00,166.9,500,bid,AverageAlmonds,YieldingYams,8961701
2026-07-06T01:15:48.414007,2026-07-06T01:15:48.422123+00:00,166.8,200,bid,AverageAlmonds,WavyWalnuts,8961707
2026-07-06T01:15:48.414007,2026-07-06T01:15:48.427143+00:00,166.9,125,bid,AverageAlmonds,YieldingYams,8961708
2026-07-06T01:15:50.233958,2026-07-06T01:15:50.265640+00:00,167.0,200,bid,AverageAlmonds,WavyWalnuts,8961738
2026-07-06T01:15:50.261821,2026-07-06T01:15:50.265640+00:00,167.0,3,ask,AverageAlmonds,Xuanyu Liu,8961742
2026-07-06T01:15:50.473757,2026-07-06T01:15:50.481600+00:00,167.0,200,ask,AverageAlmonds,WavyWalnuts,8961747
2026-07-06T01:15:51.685484,2026-07-06T01:15:51.695831+00:00,167.1,200,ask,YieldingYams,WavyWalnuts,8961759
2026-07-06T01:15:53.302678,2026-07-06T01:15:53.311224+00:00,167.2,2,bid,Kaleb Liu,WavyWalnuts,8961783
2026-07-06T01:15:53.713529,2026-07-06T01:15:53.725536+00:00,167.2,20,bid,BrilliantBurritos,WavyWalnuts,8961787
2026-07-06T01:15:54.222922,2026-07-06T01:15:54.231957+00:00,167.1,200,bid,YieldingYams,WavyWalnuts,8961792
2026-07-06T01:15:56.315283,2026-07-06T01:15:56.326796+00:00,166.9,2,ask,WavyWalnuts,Kaleb Liu,8961817
2026-07-06T01:15:56.904403,2026-07-06T01:15:56.917721+00:00,167.1,20,ask,YieldingYams,BrilliantBurritos,8961822
2026-07-06T01:15:57.739254,2026-07-06T01:15:57.746462+00:00,167.1,200,ask,YieldingYams,WavyWalnuts,8961831
2026-07-06T01:15:58.697284,2026-07-06T01:15:58.705431+00:00,167.1,500,bid,AverageAlmonds,YieldingYams,8961841
2026-07-06T01:15:59.317908,2026-07-06T01:15:59.326823+00:00,167.1,125,bid,AverageAlmonds,YieldingYams,8961850
2026-07-06T01:16:00.737080,2026-07-06T01:16:00.741106+00:00,167.3,3,bid,Xuanyu Liu,WavyWalnuts,8961867
2026-07-06T01:16:01.394446,2026-07-06T01:16:01.398685+00:00,167.2,11,bid,Xuanyu Liu,WavyWalnuts,8961875
2026-07-06T01:16:01.734698,2026-07-06T01:16:01.758645+00:00,167.2,189,bid,AverageAlmonds,WavyWalnuts,8961877
2026-07-06T01:16:02.592506,2026-07-06T01:16:02.601280+00:00,167.2,200,ask,AverageAlmonds,WavyWalnuts,8961890
2026-07-06T01:16:03.545291,2026-07-06T01:16:03.564196+00:00,167.3,500,bid,AverageAlmonds,YieldingYams,8961908
2026-07-06T01:16:06.002479,2026-07-06T01:16:06.014124+00:00,167.4,200,bid,YieldingYams,WavyWalnuts,8961931
2026-07-06T01:16:07.171828,2026-07-06T01:16:07.183626+00:00,167.4,20,ask,YieldingYams,BrilliantBurritos,8961945
2026-07-06T01:16:08.645937,2026-07-06T01:16:08.658651+00:00,167.3,200,ask,AverageAlmonds,WavyWalnuts,8961963
2026-07-06T01:16:09.573317,2026-07-06T01:16:09.585088+00:00,167.4,20,bid,BrilliantBurritos,YieldingYams,8961972
2026-07-06T01:16:10.210142,2026-07-06T01:16:10.220621+00:00,167.4,500,bid,AverageAlmonds,YieldingYams,8961983
2026-07-06T01:16:11.248456,2026-07-06T01:16:11.264261+00:00,167.5,20,bid,BrilliantBurritos,YieldingYams,8962000
2026-07-06T01:16:11.438540,2026-07-06T01:16:11.460868+00:00,167.5,500,bid,AverageAlmonds,YieldingYams,8962002
2026-07-06T01:16:13.343939,2026-07-06T01:16:13.351300+00:00,167.4,2,ask,YieldingYams,Kaleb Liu,8962027
2026-07-06T01:16:13.489913,2026-07-06T01:16:13.499870+00:00,167.4,200,ask,YieldingYams,WavyWalnuts,8962032
2026-07-06T01:16:15.179071,2026-07-06T01:16:15.190513+00:00,167.4,200,bid,YieldingYams,WavyWalnuts,8962046
2026-07-06T01:16:15.356121,2026-07-06T01:16:15.368067+00:00,167.4,4,ask,YieldingYams,Kaleb Liu,8962049
2026-07-06T01:16:15.907375,2026-07-06T01:16:15.914467+00:00,167.4,200,ask,YieldingYams,WavyWalnuts,8962054
2026-07-06T01:16:16.366760,2026-07-06T01:16:16.378432+00:00,167.7,5,bid,Kaleb Liu,YieldingYams,8962061
2026-07-06T01:16:16.491338,2026-07-06T01:16:16.502333+00:00,167.3,500,ask,AverageAlmonds,YieldingYams,8962063
2026-07-06T01:16:16.507917,2026-07-06T01:16:16.511650+00:00,167.3,46,bid,Xuanyu Liu,YieldingYams,8962065
2026-07-06T01:16:16.853965,2026-07-06T01:16:16.858595+00:00,167.3,79,bid,AverageAlmonds,YieldingYams,8962070
2026-07-06T01:16:16.884847,2026-07-06T01:16:16.888711+00:00,167.3,23,ask,AverageAlmonds,Xuanyu Liu,8962076
2026-07-06T01:16:17.378244,2026-07-06T01:16:17.390247+00:00,167.3,2,ask,AverageAlmonds,Kaleb Liu,8962089
2026-07-06T01:16:18.392105,2026-07-06T01:16:18.399780+00:00,167.4,4,ask,YieldingYams,Kaleb Liu,8962103
2026-07-06T01:16:19.402887,2026-07-06T01:16:19.414890+00:00,167.6,6,bid,Kaleb Liu,WavyWalnuts,8962114
2026-07-06T01:16:20.415776,2026-07-06T01:16:20.424293+00:00,167.6,200,bid,YieldingYams,WavyWalnuts,8962132
2026-07-06T01:16:20.751793,2026-07-06T01:16:20.760604+00:00,167.7,200,ask,YieldingYams,WavyWalnuts,8962139
2026-07-06T01:16:21.256144,2026-07-06T01:16:21.263890+00:00,167.7,20,ask,YieldingYams,BrilliantBurritos,8962149
2026-07-06T01:16:22.420489,2026-07-06T01:16:22.427482+00:00,167.7,6,bid,Kaleb Liu,WavyWalnuts,8962166
2026-07-06T01:16:23.432274,2026-07-06T01:16:23.444036+00:00,167.6,8,ask,WavyWalnuts,Kaleb Liu,8962176
2026-07-06T01:16:26.821305,2026-07-06T01:16:26.825304+00:00,167.8,11,ask,WavyWalnuts,Xuanyu Liu,8962213
2026-07-06T01:16:26.967557,2026-07-06T01:16:26.977611+00:00,167.8,189,ask,WavyWalnuts,YieldingYams,8962214
2026-07-06T01:16:28.448669,2026-07-06T01:16:28.458641+00:00,167.7,2,bid,Kaleb Liu,YieldingYams,8962232
2026-07-06T01:16:29.230325,2026-07-06T01:16:29.238324+00:00,167.7,200,bid,WavyWalnuts,YieldingYams,8962242
2026-07-06T01:16:29.624558,2026-07-06T01:16:29.628372+00:00,167.5,12,ask,YieldingYams,Xuanyu Liu,8962250
2026-07-06T01:16:30.547199,2026-07-06T01:16:30.554288+00:00,167.5,20,ask,YieldingYams,BrilliantBurritos,8962260
2026-07-06T01:16:31.665161,2026-07-06T01:16:31.669382+00:00,167.7,14,ask,WavyWalnuts,Xuanyu Liu,8962278
2026-07-06T01:16:34.067911,2026-07-06T01:16:34.074700+00:00,167.8,200,bid,WavyWalnuts,YieldingYams,8962300
2026-07-06T01:16:34.466465,2026-07-06T01:16:34.475882+00:00,167.8,2,bid,Kaleb Liu,YieldingYams,8962301
2026-07-06T01:16:35.281534,2026-07-06T01:16:35.291128+00:00,167.8,200,bid,WavyWalnuts,YieldingYams,8962311
2026-07-06T01:16:36.492964,2026-07-06T01:16:36.503427+00:00,167.8,200,bid,WavyWalnuts,YieldingYams,8962329
2026-07-06T01:16:37.705086,2026-07-06T01:16:37.715350+00:00,167.7,200,bid,WavyWalnuts,YieldingYams,8962340
2026-07-06T01:16:39.479770,2026-07-06T01:16:39.487189+00:00,167.8,2,ask,WavyWalnuts,Kaleb Liu,8962361
2026-07-06T01:16:40.132000,2026-07-06T01:16:40.139108+00:00,168.0,200,bid,WavyWalnuts,AverageAlmonds,8962367
2026-07-06T01:16:41.344634,2026-07-06T01:16:41.352928+00:00,168.0,200,bid,WavyWalnuts,YieldingYams,8962388
2026-07-06T01:16:42.689904,2026-07-06T01:16:42.700583+00:00,167.9,200,ask,WavyWalnuts,YieldingYams,8962408
2026-07-06T01:16:43.492836,2026-07-06T01:16:43.501566+00:00,167.7,2,bid,Kaleb Liu,YieldingYams,8962421
2026-07-06T01:16:43.765745,2026-07-06T01:16:43.776454+00:00,167.7,200,bid,WavyWalnuts,YieldingYams,8962424
2026-07-06T01:16:44.504871,2026-07-06T01:16:44.522375+00:00,167.9,1,ask,YieldingYams,Kaleb Liu,8962435
2026-07-06T01:16:44.518225,2026-07-06T01:16:44.522375+00:00,167.9,26,ask,YieldingYams,Xuanyu Liu,8962438
2026-07-06T01:16:45.516067,2026-07-06T01:16:45.523403+00:00,167.7,3,ask,WavyWalnuts,Kaleb Liu,8962452
2026-07-06T01:16:47.528146,2026-07-06T01:16:47.535482+00:00,167.8,3,ask,WavyWalnuts,Kaleb Liu,8962469
2026-07-06T01:16:47.589745,2026-07-06T01:16:47.601724+00:00,167.8,20,ask,WavyWalnuts,BrilliantBurritos,8962471
2026-07-06T01:16:50.313285,2026-07-06T01:16:50.324867+00:00,168.0,20,bid,BrilliantBurritos,WavyWalnuts,8962508
2026-07-06T01:16:56.262812,2026-07-06T01:16:56.269441+00:00,167.7,500,ask,YieldingYams,AverageAlmonds,8962577
2026-07-06T01:16:56.859419,2026-07-06T01:16:56.869291+00:00,167.7,125,ask,YieldingYams,AverageAlmonds,8962581
2026-07-06T01:16:56.859419,2026-07-06T01:16:56.869291+00:00,167.7,200,ask,WavyWalnuts,AverageAlmonds,8962582
2026-07-06T01:16:57.170329,2026-07-06T01:16:57.174091+00:00,167.6,50,ask,WavyWalnuts,Xuanyu Liu,8962594
2026-07-06T01:16:58.073732,2026-07-06T01:16:58.086142+00:00,167.6,150,ask,WavyWalnuts,AverageAlmonds,8962599
2026-07-06T01:16:58.092584,2026-07-06T01:16:58.096439+00:00,167.6,5,bid,Xuanyu Liu,AverageAlmonds,8962601
2026-07-06T01:17:00.277958,2026-07-06T01:17:00.281733+00:00,167.6,34,bid,Xuanyu Liu,WavyWalnuts,8962645
2026-07-06T01:17:03.142330,2026-07-06T01:17:03.152183+00:00,167.7,200,bid,WavyWalnuts,YieldingYams,8962689
2026-07-06T01:17:04.352261,2026-07-06T01:17:04.358642+00:00,167.7,200,bid,WavyWalnuts,AverageAlmonds,8962707
2026-07-06T01:17:05.122744,2026-07-06T01:17:05.129303+00:00,167.7,20,bid,BrilliantBurritos,YieldingYams,8962713
2026-07-06T01:17:05.562452,2026-07-06T01:17:05.570691+00:00,167.7,200,bid,WavyWalnuts,YieldingYams,8962719
2026-07-06T01:17:06.565054,2026-07-06T01:17:06.575485+00:00,167.6,4,bid,Kaleb Liu,YieldingYams,8962737
2026-07-06T01:17:06.776775,2026-07-06T01:17:06.784553+00:00,167.6,200,bid,WavyWalnuts,YieldingYams,8962745
2026-07-06T01:17:07.986684,2026-07-06T01:17:07.997310+00:00,167.6,200,bid,WavyWalnuts,YieldingYams,8962760
2026-07-06T01:17:08.913319,2026-07-06T01:17:08.925115+00:00,167.7,20,bid,BrilliantBurritos,AverageAlmonds,8962779
2026-07-06T01:17:09.590240,2026-07-06T01:17:09.601861+00:00,167.5,6,ask,YieldingYams,Kaleb Liu,8962788
2026-07-06T01:17:09.823841,2026-07-06T01:17:09.827896+00:00,167.5,23,ask,YieldingYams,Xuanyu Liu,8962795
2026-07-06T01:17:10.600770,2026-07-06T01:17:10.612750+00:00,167.4,28,ask,YieldingYams,Kaleb Liu,8962808
2026-07-06T01:17:10.647318,2026-07-06T01:17:10.659212+00:00,167.4,20,ask,YieldingYams,BrilliantBurritos,8962811
