timestamp,recv_time,price,volume,aggressor_side,buyer,seller,trade_id
2026-07-15T00:00:02.465772,2026-07-15T00:00:02.470194+00:00,68.8,200,ask,AverageAlmonds,WavyWalnuts,3881266
2026-07-15T00:00:03.016130,2026-07-15T00:00:03.088096+00:00,68.8,300,ask,AverageAlmonds,YieldingYams,3881279
2026-07-15T00:00:03.016130,2026-07-15T00:00:03.088096+00:00,68.7,5,ask,Callis Lee,YieldingYams,3881280
2026-07-15T00:00:03.042463,2026-07-15T00:00:03.088096+00:00,68.7,320,bid,AverageAlmonds,YieldingYams,3881283
2026-07-15T00:00:03.951301,2026-07-15T00:00:03.955078+00:00,68.8,3,ask,AverageAlmonds,Sebastian Baldwin,3881306
2026-07-15T00:00:04.327027,2026-07-15T00:00:04.376056+00:00,68.9,200,bid,YieldingYams,WavyWalnuts,3881312
2026-07-15T00:00:04.327027,2026-07-15T00:00:04.376056+00:00,68.9,3,bid,YieldingYams,Sebastian Baldwin,3881313
2026-07-15T00:00:04.896497,2026-07-15T00:00:04.970682+00:00,69.0,200,ask,YieldingYams,WavyWalnuts,3881316
2026-07-15T00:00:06.102522,2026-07-15T00:00:06.104874+00:00,69.0,200,bid,WavyWalnuts,YieldingYams,3881335
2026-07-15T00:00:08.521644,2026-07-15T00:00:08.525899+00:00,69.0,3,bid,WavyWalnuts,Sebastian Baldwin,3881368
2026-07-15T00:00:08.521644,2026-07-15T00:00:08.525899+00:00,69.0,197,bid,WavyWalnuts,YieldingYams,3881369
2026-07-15T00:00:09.045198,2026-07-15T00:00:09.048562+00:00,69.0,3,bid,Sebastian Baldwin,YieldingYams,3881375
2026-07-15T00:00:09.740324,2026-07-15T00:00:09.749652+00:00,69.0,3,bid,WavyWalnuts,Sebastian Baldwin,3881394
2026-07-15T00:00:09.740324,2026-07-15T00:00:09.749652+00:00,69.0,197,bid,WavyWalnuts,YieldingYams,3881395
2026-07-15T00:00:09.955860,2026-07-15T00:00:09.968119+00:00,69.0,20,bid,BrilliantBurritos,YieldingYams,3881400
2026-07-15T00:00:10.880942,2026-07-15T00:00:10.896418+00:00,69.0,3,bid,YieldingYams,Sebastian Baldwin,3881415
2026-07-15T00:00:10.880942,2026-07-15T00:00:10.896418+00:00,69.1,200,bid,YieldingYams,WavyWalnuts,3881416
2026-07-15T00:00:10.954260,2026-07-15T00:00:10.961238+00:00,69.1,200,ask,YieldingYams,WavyWalnuts,3881418
2026-07-15T00:00:12.676882,2026-07-15T00:00:12.680742+00:00,69.0,3,ask,WavyWalnuts,Callis Lee,3881436
2026-07-15T00:00:13.118850,2026-07-15T00:00:13.127259+00:00,69.0,10,ask,WavyWalnuts,Sebastian Baldwin,3881452
2026-07-15T00:00:13.503280,2026-07-15T00:00:13.508726+00:00,69.0,200,bid,YieldingYams,WavyWalnuts,3881459
2026-07-15T00:00:13.503280,2026-07-15T00:00:13.508726+00:00,69.0,61,bid,YieldingYams,Sze-Yong Ng,3881460
2026-07-15T00:00:14.818807,2026-07-15T00:00:14.830365+00:00,69.1,200,ask,WavyWalnuts,YieldingYams,3881485
2026-07-15T00:00:15.785606,2026-07-15T00:00:15.794300+00:00,69.0,200,bid,WavyWalnuts,YieldingYams,3881506
2026-07-15T00:00:16.127871,2026-07-15T00:00:16.139659+00:00,69.0,3,bid,YieldingYams,Sebastian Baldwin,3881513
2026-07-15T00:00:18.203680,2026-07-15T00:00:18.210978+00:00,69.0,200,ask,YieldingYams,WavyWalnuts,3881544
2026-07-15T00:00:20.058954,2026-07-15T00:00:20.069881+00:00,69.2,3,bid,YieldingYams,Sebastian Baldwin,3881559
2026-07-15T00:00:20.058954,2026-07-15T00:00:20.069881+00:00,69.2,500,bid,YieldingYams,AverageAlmonds,3881560
2026-07-15T00:00:20.058954,2026-07-15T00:00:20.069881+00:00,69.3,122,bid,YieldingYams,WavyWalnuts,3881561
2026-07-15T00:00:20.617687,2026-07-15T00:00:20.628009+00:00,69.2,200,bid,WavyWalnuts,AverageAlmonds,3881569
2026-07-15T00:00:21.837987,2026-07-15T00:00:21.841203+00:00,69.1,3,bid,WavyWalnuts,Sebastian Baldwin,3881580
2026-07-15T00:00:21.837987,2026-07-15T00:00:21.851858+00:00,69.1,197,bid,WavyWalnuts,YieldingYams,3881581
2026-07-15T00:00:21.845943,2026-07-15T00:00:21.851858+00:00,69.1,20,bid,BrilliantBurritos,YieldingYams,3881582
2026-07-15T00:00:22.316820,2026-07-15T00:00:22.327759+00:00,69.1,3,bid,Sebastian Baldwin,YieldingYams,3881589
2026-07-15T00:00:23.570671,2026-07-15T00:00:23.583482+00:00,69.1,20,bid,BrilliantBurritos,AverageAlmonds,3881606
2026-07-15T00:00:23.996223,2026-07-15T00:00:24.003880+00:00,69.1,3,bid,BrilliantBurritos,Sebastian Baldwin,3881613
2026-07-15T00:00:23.996223,2026-07-15T00:00:24.003880+00:00,69.1,17,bid,BrilliantBurritos,AverageAlmonds,3881614
2026-07-15T00:00:24.266604,2026-07-15T00:00:24.276453+00:00,69.1,200,bid,WavyWalnuts,AverageAlmonds,3881615
2026-07-15T00:00:24.352683,2026-07-15T00:00:24.363213+00:00,69.1,3,bid,Sebastian Baldwin,AverageAlmonds,3881617
2026-07-15T00:00:25.475106,2026-07-15T00:00:25.484403+00:00,69.1,200,bid,WavyWalnuts,YieldingYams,3881631
2026-07-15T00:00:27.980314,2026-07-15T00:00:28.027596+00:00,68.9,61,ask,Sze-Yong Ng,YieldingYams,3881656
2026-07-15T00:00:27.980314,2026-07-15T00:00:28.027596+00:00,68.9,200,ask,WavyWalnuts,YieldingYams,3881657
2026-07-15T00:00:29.112297,2026-07-15T00:00:29.118111+00:00,68.9,200,bid,WavyWalnuts,YieldingYams,3881676
2026-07-15T00:00:29.290704,2026-07-15T00:00:29.307865+00:00,68.9,3,bid,YieldingYams,Sebastian Baldwin,3881677
2026-07-15T00:00:29.290704,2026-07-15T00:00:29.307865+00:00,69.1,200,bid,YieldingYams,WavyWalnuts,3881678
2026-07-15T00:00:29.290704,2026-07-15T00:00:29.307865+00:00,69.2,5,bid,YieldingYams,Callis Lee,3881679
2026-07-15T00:00:29.684738,2026-07-15T00:00:29.690119+00:00,69.2,417,ask,YieldingYams,AverageAlmonds,3881683
2026-07-15T00:00:29.684738,2026-07-15T00:00:29.690119+00:00,69.2,37,ask,Sze-Yong Ng,AverageAlmonds,3881684
2026-07-15T00:00:29.994023,2026-07-15T00:00:30.001429+00:00,68.8,20,ask,AverageAlmonds,BrilliantBurritos,3881688
2026-07-15T00:00:30.603336,2026-07-15T00:00:30.606852+00:00,69.1,200,ask,WavyWalnuts,YieldingYams,3881698
2026-07-15T00:00:31.911758,2026-07-15T00:00:31.924320+00:00,69.1,3,bid,YieldingYams,Sebastian Baldwin,3881719
2026-07-15T00:00:31.911758,2026-07-15T00:00:31.924320+00:00,69.1,200,bid,YieldingYams,WavyWalnuts,3881720
2026-07-15T00:00:31.911758,2026-07-15T00:00:31.924320+00:00,69.2,422,bid,YieldingYams,AverageAlmonds,3881721
2026-07-15T00:00:32.491583,2026-07-15T00:00:32.499991+00:00,69.2,5,bid,Sebastian Baldwin,AverageAlmonds,3881727
2026-07-15T00:00:32.497000,2026-07-15T00:00:32.499991+00:00,69.2,3,bid,Sebastian Baldwin,AverageAlmonds,3881728
2026-07-15T00:00:33.229231,2026-07-15T00:00:33.233900+00:00,69.1,200,ask,WavyWalnuts,YieldingYams,3881739
2026-07-15T00:00:33.229231,2026-07-15T00:00:33.233900+00:00,69.1,24,ask,Sze-Yong Ng,YieldingYams,3881740
2026-07-15T00:00:33.229231,2026-07-15T00:00:33.251750+00:00,69.0,5,ask,Callis Lee,YieldingYams,3881741
2026-07-15T00:00:34.557503,2026-07-15T00:00:34.590072+00:00,68.9,200,ask,WavyWalnuts,YieldingYams,3881758
2026-07-15T00:00:34.557503,2026-07-15T00:00:34.590072+00:00,68.9,5,ask,Callis Lee,YieldingYams,3881759
2026-07-15T00:00:35.152311,2026-07-15T00:00:35.155639+00:00,68.9,200,bid,WavyWalnuts,YieldingYams,3881767
2026-07-15T00:00:35.868940,2026-07-15T00:00:35.881435+00:00,68.9,3,bid,YieldingYams,Sebastian Baldwin,3881776
2026-07-15T00:00:36.362943,2026-07-15T00:00:36.366749+00:00,68.9,200,ask,YieldingYams,WavyWalnuts,3881781
2026-07-15T00:00:37.183185,2026-07-15T00:00:37.211191+00:00,68.8,500,ask,AverageAlmonds,YieldingYams,3881790
2026-07-15T00:00:37.526520,2026-07-15T00:00:37.529437+00:00,68.8,125,bid,AverageAlmonds,YieldingYams,3881804
2026-07-15T00:00:38.384423,2026-07-15T00:00:38.393666+00:00,68.9,20,ask,WavyWalnuts,BrilliantBurritos,3881812
2026-07-15T00:00:39.996133,2026-07-15T00:00:40.002821+00:00,69.0,200,ask,YieldingYams,WavyWalnuts,3881831
2026-07-15T00:00:41.205735,2026-07-15T00:00:41.212207+00:00,69.1,200,ask,YieldingYams,WavyWalnuts,3881854
2026-07-15T00:00:42.413853,2026-07-15T00:00:42.424197+00:00,69.1,200,ask,YieldingYams,WavyWalnuts,3881871
2026-07-15T00:00:42.424433,2026-07-15T00:00:42.435307+00:00,69.0,500,ask,AverageAlmonds,YieldingYams,3881872
2026-07-15T00:00:42.424433,2026-07-15T00:00:42.435307+00:00,69.0,125,ask,WavyWalnuts,YieldingYams,3881873
2026-07-15T00:00:43.734038,2026-07-15T00:00:43.743987+00:00,69.1,200,bid,YieldingYams,WavyWalnuts,3881884
2026-07-15T00:00:43.734038,2026-07-15T00:00:43.743987+00:00,69.1,3,bid,YieldingYams,Sebastian Baldwin,3881885
2026-07-15T00:00:43.734038,2026-07-15T00:00:43.743987+00:00,69.1,61,bid,YieldingYams,Sze-Yong Ng,3881886
2026-07-15T00:00:47.672025,2026-07-15T00:00:47.677711+00:00,69.1,200,ask,WavyWalnuts,YieldingYams,3881946
2026-07-15T00:00:48.985356,2026-07-15T00:00:48.987842+00:00,69.0,500,ask,AverageAlmonds,YieldingYams,3881957
2026-07-15T00:00:49.042177,2026-07-15T00:00:49.053010+00:00,69.0,125,bid,AverageAlmonds,YieldingYams,3881958
2026-07-15T00:00:50.295023,2026-07-15T00:00:50.303061+00:00,69.1,200,bid,YieldingYams,WavyWalnuts,3881976
2026-07-15T00:00:50.295023,2026-07-15T00:00:50.303061+00:00,69.1,3,bid,YieldingYams,Sebastian Baldwin,3881977
2026-07-15T00:00:50.875333,2026-07-15T00:00:50.884287+00:00,69.2,200,bid,WavyWalnuts,YieldingYams,3881984
2026-07-15T00:00:52.108889,2026-07-15T00:00:52.120852+00:00,69.1,200,bid,WavyWalnuts,YieldingYams,3881998
2026-07-15T00:00:53.193351,2026-07-15T00:00:53.198160+00:00,69.0,20,ask,YieldingYams,BrilliantBurritos,3882016
2026-07-15T00:00:54.530640,2026-07-15T00:00:54.538041+00:00,69.1,3,bid,Sebastian Baldwin,YieldingYams,3882039
2026-07-15T00:00:54.530640,2026-07-15T00:00:54.538041+00:00,69.1,197,bid,WavyWalnuts,YieldingYams,3882040
2026-07-15T00:00:54.922769,2026-07-15T00:00:54.928234+00:00,69.1,3,bid,WavyWalnuts,Sebastian Baldwin,3882048
2026-07-15T00:00:55.544043,2026-07-15T00:00:55.547544+00:00,69.1,3,bid,YieldingYams,Sebastian Baldwin,3882062
2026-07-15T00:00:55.941716,2026-07-15T00:00:55.947252+00:00,69.2,3,bid,Sebastian Baldwin,WavyWalnuts,3882065
2026-07-15T00:00:56.858263,2026-07-15T00:00:56.865683+00:00,69.2,197,bid,YieldingYams,WavyWalnuts,3882075
2026-07-15T00:00:56.858263,2026-07-15T00:00:56.865683+00:00,69.2,3,bid,YieldingYams,Sebastian Baldwin,3882076
2026-07-15T00:00:56.858263,2026-07-15T00:00:56.865683+00:00,69.3,425,bid,YieldingYams,AverageAlmonds,3882077
2026-07-15T00:00:56.971392,2026-07-15T00:00:56.981329+00:00,69.3,5,bid,Sebastian Baldwin,AverageAlmonds,3882086
2026-07-15T00:00:56.976529,2026-07-15T00:00:56.981329+00:00,69.3,3,bid,Sebastian Baldwin,AverageAlmonds,3882087
2026-07-15T00:00:58.174057,2026-07-15T00:00:58.180756+00:00,69.2,200,ask,WavyWalnuts,YieldingYams,3882101
2026-07-15T00:00:58.177330,2026-07-15T00:00:58.180756+00:00,69.2,42,bid,Sze-Yong Ng,YieldingYams,3882102
2026-07-15T00:00:59.016690,2026-07-15T00:00:59.019624+00:00,69.2,5,bid,Sebastian Baldwin,YieldingYams,3882114
2026-07-15T00:01:00.044916,2026-07-15T00:01:00.050855+00:00,69.2,5,bid,Sebastian Baldwin,WavyWalnuts,3882128
2026-07-15T00:01:00.797331,2026-07-15T00:01:00.809559+00:00,69.2,3,bid,YieldingYams,Sebastian Baldwin,3882137
2026-07-15T00:01:00.797331,2026-07-15T00:01:00.809559+00:00,69.2,200,bid,YieldingYams,WavyWalnuts,3882138
2026-07-15T00:01:02.115955,2026-07-15T00:01:02.126474+00:00,69.2,200,ask,WavyWalnuts,YieldingYams,3882153
2026-07-15T00:01:03.003780,2026-07-15T00:01:03.011517+00:00,69.1,200,bid,WavyWalnuts,YieldingYams,3882163
2026-07-15T00:01:03.097237,2026-07-15T00:01:03.110029+00:00,69.1,5,bid,Sebastian Baldwin,YieldingYams,3882166
2026-07-15T00:01:03.208789,2026-07-15T00:01:03.219361+00:00,69.1,20,bid,BrilliantBurritos,YieldingYams,3882169
2026-07-15T00:01:04.592927,2026-07-15T00:01:04.606071+00:00,69.0,3,bid,Callis Lee,WavyWalnuts,3882189
2026-07-15T00:01:05.443471,2026-07-15T00:01:05.449443+00:00,69.0,3,bid,WavyWalnuts,Sebastian Baldwin,3882205
2026-07-15T00:01:06.655439,2026-07-15T00:01:06.664599+00:00,69.1,200,bid,WavyWalnuts,YieldingYams,3882218
2026-07-15T00:01:07.871398,2026-07-15T00:01:07.877168+00:00,69.0,200,ask,YieldingYams,WavyWalnuts,3882231
2026-07-15T00:01:08.667944,2026-07-15T00:01:08.671007+00:00,69.0,500,ask,AverageAlmonds,YieldingYams,3882240
2026-07-15T00:01:09.006593,2026-07-15T00:01:09.017403+00:00,69.0,125,bid,AverageAlmonds,YieldingYams,3882253
2026-07-15T00:01:09.080280,2026-07-15T00:01:09.083057+00:00,69.0,200,ask,AverageAlmonds,WavyWalnuts,3882256
2026-07-15T00:01:09.196996,2026-07-15T00:01:09.202166+00:00,69.0,3,ask,AverageAlmonds,Sebastian Baldwin,3882260
2026-07-15T00:01:09.975435,2026-07-15T00:01:09.982056+00:00,69.2,3,bid,YieldingYams,Sebastian Baldwin,3882275
2026-07-15T00:01:11.498972,2026-07-15T00:01:11.508721+00:00,69.1,200,ask,YieldingYams,WavyWalnuts,3882291
2026-07-15T00:01:12.597904,2026-07-15T00:01:12.602711+00:00,69.0,200,ask,WavyWalnuts,YieldingYams,3882308
2026-07-15T00:01:12.597904,2026-07-15T00:01:12.602711+00:00,69.0,425,ask,AverageAlmonds,YieldingYams,3882309
2026-07-15T00:01:13.906132,2026-07-15T00:01:13.909916+00:00,69.3,200,bid,YieldingYams,WavyWalnuts,3882329
2026-07-15T00:01:13.906132,2026-07-15T00:01:13.909916+00:00,69.3,3,bid,YieldingYams,Sebastian Baldwin,3882330
2026-07-15T00:01:14.352553,2026-07-15T00:01:14.358131+00:00,69.4,5,bid,BrilliantBurritos,Callis Lee,3882338
2026-07-15T00:01:14.352553,2026-07-15T00:01:14.358131+00:00,69.4,15,bid,BrilliantBurritos,Sze-Yong Ng,3882339
2026-07-15T00:01:15.223733,2026-07-15T00:01:15.229236+00:00,69.3,200,ask,WavyWalnuts,YieldingYams,3882344
2026-07-15T00:01:15.537205,2026-07-15T00:01:15.545986+00:00,69.3,20,bid,BrilliantBurritos,YieldingYams,3882349
2026-07-15T00:01:16.532992,2026-07-15T00:01:16.540104+00:00,69.3,27,bid,YieldingYams,Sze-Yong Ng,3882363
2026-07-15T00:01:16.532992,2026-07-15T00:01:16.540104+00:00,69.3,3,bid,YieldingYams,Sebastian Baldwin,3882364
2026-07-15T00:01:17.341197,2026-07-15T00:01:17.350952+00:00,69.4,3,bid,Sebastian Baldwin,WavyWalnuts,3882371
2026-07-15T00:01:17.548318,2026-07-15T00:01:17.557484+00:00,69.3,200,ask,YieldingYams,WavyWalnuts,3882375
2026-07-15T00:01:21.177018,2026-07-15T00:01:21.188094+00:00,69.2,200,ask,YieldingYams,WavyWalnuts,3882427
2026-07-15T00:01:22.385193,2026-07-15T00:01:22.396027+00:00,69.2,200,ask,YieldingYams,WavyWalnuts,3882440
2026-07-15T00:01:23.599039,2026-07-15T00:01:23.608273+00:00,69.2,42,ask,Sze-Yong Ng,WavyWalnuts,3882455
2026-07-15T00:01:23.599039,2026-07-15T00:01:23.608273+00:00,69.2,158,ask,YieldingYams,WavyWalnuts,3882456
2026-07-15T00:01:24.410725,2026-07-15T00:01:24.424016+00:00,69.2,5,ask,Callis Lee,YieldingYams,3882470
2026-07-15T00:01:24.478280,2026-07-15T00:01:24.489097+00:00,69.2,10,bid,Sebastian Baldwin,YieldingYams,3882474
2026-07-15T00:01:24.809245,2026-07-15T00:01:24.816709+00:00,69.0,200,ask,YieldingYams,WavyWalnuts,3882477
2026-07-15T00:01:25.274391,2026-07-15T00:01:25.277501+00:00,69.2,3,bid,Callis Lee,YieldingYams,3882485
2026-07-15T00:01:25.720154,2026-07-15T00:01:25.730821+00:00,69.0,19,ask,Sze-Yong Ng,YieldingYams,3882495
2026-07-15T00:01:25.720154,2026-07-15T00:01:25.730821+00:00,69.0,5,ask,Callis Lee,YieldingYams,3882496
2026-07-15T00:01:25.720154,2026-07-15T00:01:25.730821+00:00,69.0,500,ask,AverageAlmonds,YieldingYams,3882497
2026-07-15T00:01:25.959596,2026-07-15T00:01:25.971655+00:00,68.9,101,bid,AverageAlmonds,YieldingYams,3882503
2026-07-15T00:01:27.030634,2026-07-15T00:01:27.044611+00:00,69.1,200,bid,YieldingYams,WavyWalnuts,3882517
2026-07-15T00:01:27.030634,2026-07-15T00:01:27.044611+00:00,69.1,3,bid,YieldingYams,Sebastian Baldwin,3882518
2026-07-15T00:01:27.226152,2026-07-15T00:01:27.229514+00:00,69.1,200,ask,YieldingYams,WavyWalnuts,3882522
2026-07-15T00:01:28.345822,2026-07-15T00:01:28.350043+00:00,69.0,500,ask,AverageAlmonds,YieldingYams,3882539
2026-07-15T00:01:28.345822,2026-07-15T00:01:28.350043+00:00,68.9,125,ask,WavyWalnuts,YieldingYams,3882540
2026-07-15T00:01:28.436174,2026-07-15T00:01:28.438939+00:00,69.0,200,ask,AverageAlmonds,WavyWalnuts,3882541
2026-07-15T00:01:29.633397,2026-07-15T00:01:29.642454+00:00,69.2,5,bid,BrilliantBurritos,Callis Lee,3882552
2026-07-15T00:01:29.633397,2026-07-15T00:01:29.642454+00:00,69.2,3,bid,BrilliantBurritos,Sebastian Baldwin,3882553
2026-07-15T00:01:33.271910,2026-07-15T00:01:33.277799+00:00,69.2,200,ask,YieldingYams,WavyWalnuts,3882585
2026-07-15T00:01:34.479895,2026-07-15T00:01:34.489730+00:00,69.1,200,bid,WavyWalnuts,YieldingYams,3882606
2026-07-15T00:01:35.687369,2026-07-15T00:01:35.695556+00:00,69.1,3,bid,Sebastian Baldwin,YieldingYams,3882622
2026-07-15T00:01:35.687369,2026-07-15T00:01:35.695556+00:00,69.1,197,bid,WavyWalnuts,YieldingYams,3882623
2026-07-15T00:01:35.696721,2026-07-15T00:01:35.706513+00:00,69.1,3,bid,WavyWalnuts,Sebastian Baldwin,3882624
2026-07-15T00:01:37.925159,2026-07-15T00:01:37.931648+00:00,69.2,20,bid,BrilliantBurritos,WavyWalnuts,3882658
2026-07-15T00:01:39.311903,2026-07-15T00:01:39.323155+00:00,69.2,3,bid,WavyWalnuts,Sebastian Baldwin,3882669
2026-07-15T00:01:39.311903,2026-07-15T00:01:39.323155+00:00,69.2,197,bid,WavyWalnuts,YieldingYams,3882670
2026-07-15T00:01:40.601950,2026-07-15T00:01:40.607050+00:00,69.1,3,bid,Sebastian Baldwin,YieldingYams,3882688
2026-07-15T00:01:41.447928,2026-07-15T00:01:41.454416+00:00,69.0,200,ask,WavyWalnuts,YieldingYams,3882696
2026-07-15T00:01:41.447928,2026-07-15T00:01:41.454416+00:00,69.0,425,ask,AverageAlmonds,YieldingYams,3882697
2026-07-15T00:01:41.633664,2026-07-15T00:01:41.637645+00:00,69.1,5,bid,Sebastian Baldwin,WavyWalnuts,3882701
2026-07-15T00:01:42.659476,2026-07-15T00:01:42.668740+00:00,69.1,5,bid,Sebastian Baldwin,WavyWalnuts,3882717
2026-07-15T00:01:42.760930,2026-07-15T00:01:42.765928+00:00,69.1,195,bid,YieldingYams,WavyWalnuts,3882719
2026-07-15T00:01:42.760930,2026-07-15T00:01:42.765928+00:00,69.1,3,bid,YieldingYams,Sebastian Baldwin,3882720
2026-07-15T00:01:42.797799,2026-07-15T00:01:42.809646+00:00,69.3,20,bid,BrilliantBurritos,YieldingYams,3882722
2026-07-15T00:01:42.946939,2026-07-15T00:01:42.951711+00:00,69.2,200,ask,YieldingYams,WavyWalnuts,3882723
2026-07-15T00:01:43.677088,2026-07-15T00:01:43.680328+00:00,69.3,3,bid,Sebastian Baldwin,YieldingYams,3882734
2026-07-15T00:01:44.088149,2026-07-15T00:01:44.098760+00:00,69.1,500,ask,AverageAlmonds,YieldingYams,3882746
2026-07-15T00:01:44.088149,2026-07-15T00:01:44.098760+00:00,69.0,125,ask,WavyWalnuts,YieldingYams,3882747
2026-07-15T00:01:45.722500,2026-07-15T00:01:45.727613+00:00,69.2,10,bid,Sebastian Baldwin,WavyWalnuts,3882767
2026-07-15T00:01:46.034342,2026-07-15T00:01:46.043242+00:00,69.2,3,bid,Callis Lee,WavyWalnuts,3882773
2026-07-15T00:01:46.413900,2026-07-15T00:01:46.420637+00:00,69.1,13,ask,Sze-Yong Ng,BrilliantBurritos,3882775
2026-07-15T00:01:46.413900,2026-07-15T00:01:46.420637+00:00,69.1,7,ask,AverageAlmonds,BrilliantBurritos,3882776
2026-07-15T00:01:46.586611,2026-07-15T00:01:46.595777+00:00,69.1,200,ask,AverageAlmonds,WavyWalnuts,3882780
2026-07-15T00:01:46.709450,2026-07-15T00:01:46.723249+00:00,69.1,300,ask,AverageAlmonds,YieldingYams,3882781
2026-07-15T00:01:46.745784,2026-07-15T00:01:46.756417+00:00,69.1,10,bid,Sebastian Baldwin,YieldingYams,3882785
2026-07-15T00:01:46.913794,2026-07-15T00:01:46.917931+00:00,69.1,20,bid,BrilliantBurritos,YieldingYams,3882788
2026-07-15T00:01:47.076494,2026-07-15T00:01:47.079251+00:00,69.1,3,bid,AverageAlmonds,Sebastian Baldwin,3882792
2026-07-15T00:01:47.166238,2026-07-15T00:01:47.176631+00:00,69.1,292,bid,AverageAlmonds,YieldingYams,3882796
2026-07-15T00:01:47.166238,2026-07-15T00:01:47.176631+00:00,69.1,3,bid,Callis Lee,YieldingYams,3882797
2026-07-15T00:01:47.799138,2026-07-15T00:01:47.810273+00:00,69.2,5,bid,Sebastian Baldwin,WavyWalnuts,3882806
2026-07-15T00:01:48.017294,2026-07-15T00:01:48.024744+00:00,69.2,195,bid,YieldingYams,WavyWalnuts,3882808
2026-07-15T00:01:48.017294,2026-07-15T00:01:48.024744+00:00,69.2,3,bid,YieldingYams,Sebastian Baldwin,3882809
2026-07-15T00:01:48.817882,2026-07-15T00:01:48.827634+00:00,69.5,3,bid,Sebastian Baldwin,YieldingYams,3882818
2026-07-15T00:01:49.006078,2026-07-15T00:01:49.008355+00:00,69.3,200,ask,YieldingYams,WavyWalnuts,3882820
2026-07-15T00:01:49.612592,2026-07-15T00:01:49.618175+00:00,69.3,20,bid,BrilliantBurritos,YieldingYams,3882827
2026-07-15T00:01:49.844602,2026-07-15T00:01:49.856400+00:00,69.3,9,bid,Sebastian Baldwin,YieldingYams,3882834
2026-07-15T00:01:50.221927,2026-07-15T00:01:50.230745+00:00,69.3,3,bid,Callis Lee,YieldingYams,3882844
2026-07-15T00:01:51.269376,2026-07-15T00:01:51.277471+00:00,69.3,3,bid,Callis Lee,WavyWalnuts,3882862
2026-07-15T00:01:51.423025,2026-07-15T00:01:51.429753+00:00,69.3,200,bid,WavyWalnuts,YieldingYams,3882866
2026-07-15T00:01:52.641021,2026-07-15T00:01:52.645582+00:00,69.3,3,bid,WavyWalnuts,Sebastian Baldwin,3882878
2026-07-15T00:01:52.641021,2026-07-15T00:01:52.645582+00:00,69.3,197,bid,WavyWalnuts,YieldingYams,3882879
2026-07-15T00:01:52.906835,2026-07-15T00:01:52.912072+00:00,69.3,3,bid,Sebastian Baldwin,YieldingYams,3882880
2026-07-15T00:01:53.272818,2026-07-15T00:01:53.275685+00:00,69.3,3,bid,YieldingYams,Sebastian Baldwin,3882888
2026-07-15T00:01:53.546871,2026-07-15T00:01:53.552470+00:00,69.4,20,bid,BrilliantBurritos,YieldingYams,3882893
2026-07-15T00:01:54.102472,2026-07-15T00:01:54.108630+00:00,69.3,20,ask,YieldingYams,BrilliantBurritos,3882906
2026-07-15T00:01:54.585656,2026-07-15T00:01:54.595119+00:00,69.3,200,ask,WavyWalnuts,YieldingYams,3882911
2026-07-15T00:01:57.151390,2026-07-15T00:01:57.155509+00:00,69.2,20,ask,YieldingYams,BrilliantBurritos,3882946
2026-07-15T00:01:57.209807,2026-07-15T00:01:57.220790+00:00,69.3,200,bid,YieldingYams,WavyWalnuts,3882947
2026-07-15T00:01:57.209807,2026-07-15T00:01:57.220790+00:00,69.3,5,bid,YieldingYams,Callis Lee,3882948
2026-07-15T00:01:57.209807,2026-07-15T00:01:57.220790+00:00,69.3,3,bid,YieldingYams,Sebastian Baldwin,3882949
2026-07-15T00:01:57.727468,2026-07-15T00:01:57.735021+00:00,69.3,20,ask,YieldingYams,BrilliantBurritos,3882959
2026-07-15T00:01:58.533149,2026-07-15T00:01:58.540123+00:00,69.3,200,ask,WavyWalnuts,YieldingYams,3882965
2026-07-15T00:01:59.842316,2026-07-15T00:01:59.844605+00:00,69.3,200,bid,YieldingYams,WavyWalnuts,3882986
2026-07-15T00:01:59.842316,2026-07-15T00:01:59.855240+00:00,69.3,3,bid,YieldingYams,Sebastian Baldwin,3882987
2026-07-15T00:01:59.912841,2026-07-15T00:01:59.919717+00:00,69.5,5,bid,WavyWalnuts,Callis Lee,3882989
2026-07-15T00:01:59.912841,2026-07-15T00:01:59.919717+00:00,69.5,195,bid,WavyWalnuts,YieldingYams,3882990
2026-07-15T00:02:00.006082,2026-07-15T00:02:00.016065+00:00,69.5,3,bid,Sebastian Baldwin,YieldingYams,3882991
2026-07-15T00:02:00.146999,2026-07-15T00:02:00.155296+00:00,69.3,20,ask,YieldingYams,BrilliantBurritos,3882993
2026-07-15T00:02:01.159629,2026-07-15T00:02:01.166370+00:00,69.4,200,ask,WavyWalnuts,YieldingYams,3883006
2026-07-15T00:02:02.045386,2026-07-15T00:02:02.055357+00:00,69.2,3,ask,YieldingYams,Sebastian Baldwin,3883019
2026-07-15T00:02:02.479725,2026-07-15T00:02:02.483769+00:00,69.4,66,bid,YieldingYams,Sze-Yong Ng,3883025
2026-07-15T00:02:02.479725,2026-07-15T00:02:02.494645+00:00,69.4,3,bid,YieldingYams,Sebastian Baldwin,3883026
2026-07-15T00:02:02.479725,2026-07-15T00:02:02.494645+00:00,69.4,200,bid,YieldingYams,WavyWalnuts,3883027
2026-07-15T00:02:02.479725,2026-07-15T00:02:02.494645+00:00,69.5,5,bid,YieldingYams,Callis Lee,3883028
2026-07-15T00:02:02.803960,2026-07-15T00:02:02.816405+00:00,69.5,20,ask,YieldingYams,BrilliantBurritos,3883030
2026-07-15T00:02:03.541197,2026-07-15T00:02:03.553395+00:00,69.5,200,ask,YieldingYams,WavyWalnuts,3883049
2026-07-15T00:02:03.802057,2026-07-15T00:02:03.816893+00:00,69.4,5,ask,Callis Lee,YieldingYams,3883051
2026-07-15T00:02:08.384072,2026-07-15T00:02:08.386851+00:00,69.3,200,ask,YieldingYams,WavyWalnuts,3883134
2026-07-15T00:02:08.947848,2026-07-15T00:02:08.970282+00:00,69.4,8,bid,AverageAlmonds,Sze-Yong Ng,3883139
2026-07-15T00:02:08.947848,2026-07-15T00:02:08.970282+00:00,69.4,492,bid,AverageAlmonds,YieldingYams,3883140
2026-07-15T00:02:09.591550,2026-07-15T00:02:09.603045+00:00,69.4,5,bid,WavyWalnuts,Callis Lee,3883157
2026-07-15T00:02:09.591550,2026-07-15T00:02:09.603045+00:00,69.4,3,bid,WavyWalnuts,Sebastian Baldwin,3883158
2026-07-15T00:02:11.701581,2026-07-15T00:02:11.713788+00:00,69.4,200,bid,YieldingYams,WavyWalnuts,3883175
2026-07-15T00:02:11.701581,2026-07-15T00:02:11.713788+00:00,69.4,3,bid,YieldingYams,Sebastian Baldwin,3883176
2026-07-15T00:02:12.010713,2026-07-15T00:02:12.014091+00:00,69.4,200,ask,YieldingYams,WavyWalnuts,3883182
2026-07-15T00:02:12.236835,2026-07-15T00:02:12.242869+00:00,69.6,3,bid,Sebastian Baldwin,YieldingYams,3883187
2026-07-15T00:02:13.220734,2026-07-15T00:02:13.234612+00:00,69.4,200,bid,WavyWalnuts,YieldingYams,3883196
2026-07-15T00:02:14.432494,2026-07-15T00:02:14.437605+00:00,69.4,3,bid,WavyWalnuts,Sebastian Baldwin,3883213
2026-07-15T00:02:14.432494,2026-07-15T00:02:14.437605+00:00,69.4,197,bid,WavyWalnuts,YieldingYams,3883214
2026-07-15T00:02:15.283022,2026-07-15T00:02:15.288904+00:00,69.4,3,bid,Sebastian Baldwin,YieldingYams,3883232
2026-07-15T00:02:15.631059,2026-07-15T00:02:15.637224+00:00,69.4,3,bid,YieldingYams,Sebastian Baldwin,3883237
2026-07-15T00:02:16.305090,2026-07-15T00:02:16.310735+00:00,69.5,3,bid,Sebastian Baldwin,YieldingYams,3883250
2026-07-15T00:02:18.071292,2026-07-15T00:02:18.076069+00:00,69.4,200,ask,YieldingYams,WavyWalnuts,3883277
2026-07-15T00:02:19.278505,2026-07-15T00:02:19.287552+00:00,69.4,200,bid,WavyWalnuts,YieldingYams,3883294
2026-07-15T00:02:20.505409,2026-07-15T00:02:20.517051+00:00,69.4,200,bid,WavyWalnuts,YieldingYams,3883309
2026-07-15T00:02:20.876296,2026-07-15T00:02:20.885758+00:00,69.4,3,bid,YieldingYams,Sebastian Baldwin,3883317
2026-07-15T00:02:20.876296,2026-07-15T00:02:20.885758+00:00,69.5,200,bid,YieldingYams,WavyWalnuts,3883318
2026-07-15T00:02:20.876296,2026-07-15T00:02:20.885758+00:00,69.6,5,bid,YieldingYams,Callis Lee,3883319
2026-07-15T00:02:21.714768,2026-07-15T00:02:21.727256+00:00,69.6,200,ask,YieldingYams,WavyWalnuts,3883328
2026-07-15T00:02:22.922428,2026-07-15T00:02:22.933483+00:00,69.5,20,ask,YieldingYams,BrilliantBurritos,3883351
2026-07-15T00:02:24.300780,2026-07-15T00:02:24.306528+00:00,69.5,5,ask,Callis Lee,BrilliantBurritos,3883368
2026-07-15T00:02:24.300780,2026-07-15T00:02:24.306528+00:00,69.5,15,ask,WavyWalnuts,BrilliantBurritos,3883369
2026-07-15T00:02:24.829168,2026-07-15T00:02:24.841380+00:00,69.6,3,bid,YieldingYams,Sebastian Baldwin,3883379
2026-07-15T00:02:24.829168,2026-07-15T00:02:24.841380+00:00,69.6,500,bid,YieldingYams,AverageAlmonds,3883380
2026-07-15T00:02:25.300170,2026-07-15T00:02:25.302305+00:00,69.6,122,ask,YieldingYams,AverageAlmonds,3883388
2026-07-15T00:02:25.343645,2026-07-15T00:02:25.345873+00:00,69.6,200,bid,WavyWalnuts,AverageAlmonds,3883391
2026-07-15T00:02:25.469672,2026-07-15T00:02:25.475713+00:00,69.6,3,bid,Sebastian Baldwin,AverageAlmonds,3883393
2026-07-15T00:02:26.553501,2026-07-15T00:02:26.557406+00:00,69.5,200,bid,WavyWalnuts,YieldingYams,3883418
2026-07-15T00:02:27.454536,2026-07-15T00:02:27.465710+00:00,69.5,3,bid,YieldingYams,Sebastian Baldwin,3883433
2026-07-15T00:02:27.540502,2026-07-15T00:02:27.550920+00:00,69.6,3,bid,Sebastian Baldwin,AverageAlmonds,3883434
2026-07-15T00:02:27.764748,2026-07-15T00:02:27.768732+00:00,69.5,200,ask,YieldingYams,WavyWalnuts,3883438
2026-07-15T00:02:28.767926,2026-07-15T00:02:28.771947+00:00,69.5,42,ask,Sze-Yong Ng,YieldingYams,3883449
2026-07-15T00:02:31.412661,2026-07-15T00:02:31.424545+00:00,69.3,200,bid,WavyWalnuts,YieldingYams,3883482
2026-07-15T00:02:32.627641,2026-07-15T00:02:32.633710+00:00,69.3,200,bid,WavyWalnuts,YieldingYams,3883502
2026-07-15T00:02:32.696932,2026-07-15T00:02:32.700085+00:00,69.3,39,bid,YieldingYams,Sze-Yong Ng,3883503
2026-07-15T00:02:32.696932,2026-07-15T00:02:32.711177+00:00,69.3,3,bid,YieldingYams,Sebastian Baldwin,3883504
2026-07-15T00:02:32.696932,2026-07-15T00:02:32.711177+00:00,69.5,200,bid,YieldingYams,WavyWalnuts,3883505
2026-07-15T00:02:32.696932,2026-07-15T00:02:32.711177+00:00,69.6,5,bid,YieldingYams,Callis Lee,3883506
2026-07-15T00:02:33.270913,2026-07-15T00:02:33.277291+00:00,69.6,25,ask,YieldingYams,Dinh Nguyen,3883517
2026-07-15T00:02:33.656755,2026-07-15T00:02:33.662108+00:00,69.6,6,ask,YieldingYams,Sebastian Baldwin,3883522
2026-07-15T00:02:33.841471,2026-07-15T00:02:33.846488+00:00,69.6,200,ask,YieldingYams,WavyWalnuts,3883527
2026-07-15T00:02:34.015381,2026-07-15T00:02:34.027283+00:00,69.4,5,ask,Callis Lee,YieldingYams,3883528
2026-07-15T00:02:35.326011,2026-07-15T00:02:35.337722+00:00,69.4,64,bid,YieldingYams,Sze-Yong Ng,3883543
2026-07-15T00:02:35.326011,2026-07-15T00:02:35.337722+00:00,69.4,3,bid,YieldingYams,Sebastian Baldwin,3883544
2026-07-15T00:02:35.326011,2026-07-15T00:02:35.337722+00:00,69.4,200,bid,YieldingYams,WavyWalnuts,3883545
2026-07-15T00:02:36.807131,2026-07-15T00:02:36.816125+00:00,69.4,500,bid,AverageAlmonds,YieldingYams,3883563
2026-07-15T00:02:37.400849,2026-07-15T00:02:37.411437+00:00,69.4,125,bid,AverageAlmonds,YieldingYams,3883579
2026-07-15T00:02:37.400849,2026-07-15T00:02:37.411437+00:00,69.4,3,bid,AverageAlmonds,Sebastian Baldwin,3883580
2026-07-15T00:02:37.469614,2026-07-15T00:02:37.475154+00:00,69.4,200,ask,AverageAlmonds,WavyWalnuts,3883583
2026-07-15T00:02:37.725897,2026-07-15T00:02:37.734058+00:00,69.6,3,bid,Sebastian Baldwin,Callis Lee,3883589
2026-07-15T00:02:39.889344,2026-07-15T00:02:39.893430+00:00,69.6,3,bid,WavyWalnuts,Sebastian Baldwin,3883623
2026-07-15T00:02:40.776553,2026-07-15T00:02:40.786591+00:00,69.7,3,bid,Sebastian Baldwin,YieldingYams,3883631
2026-07-15T00:02:42.313722,2026-07-15T00:02:42.325443+00:00,69.7,3,bid,WavyWalnuts,Sebastian Baldwin,3883650
2026-07-15T00:02:42.313722,2026-07-15T00:02:42.325443+00:00,69.7,197,bid,WavyWalnuts,YieldingYams,3883651
2026-07-15T00:02:43.217207,2026-07-15T00:02:43.227807+00:00,69.8,5,bid,YieldingYams,Callis Lee,3883661
2026-07-15T00:02:43.472904,2026-07-15T00:02:43.474928+00:00,69.8,500,ask,YieldingYams,AverageAlmonds,3883669
2026-07-15T00:02:43.722724,2026-07-15T00:02:43.732993+00:00,69.8,25,ask,YieldingYams,Dinh Nguyen,3883672
2026-07-15T00:02:44.229530,2026-07-15T00:02:44.238601+00:00,69.9,2,bid,Dinh Nguyen,YieldingYams,3883687
2026-07-15T00:02:44.535152,2026-07-15T00:02:44.537095+00:00,69.7,200,ask,WavyWalnuts,YieldingYams,3883689
2026-07-15T00:02:44.822665,2026-07-15T00:02:44.824678+00:00,69.6,3,bid,Sebastian Baldwin,YieldingYams,3883696
2026-07-15T00:02:45.511510,2026-07-15T00:02:45.513990+00:00,69.6,2,bid,Dinh Nguyen,YieldingYams,3883704
2026-07-15T00:02:45.845061,2026-07-15T00:02:45.855625+00:00,69.7,200,bid,YieldingYams,WavyWalnuts,3883710
2026-07-15T00:02:45.848039,2026-07-15T00:02:45.855625+00:00,69.7,5,ask,YieldingYams,Sebastian Baldwin,3883711
2026-07-15T00:02:46.795532,2026-07-15T00:02:46.801718+00:00,69.8,2,bid,Dinh Nguyen,WavyWalnuts,3883726
2026-07-15T00:02:46.862063,2026-07-15T00:02:46.866990+00:00,69.8,3,bid,Sebastian Baldwin,WavyWalnuts,3883729
2026-07-15T00:02:47.158871,2026-07-15T00:02:47.169146+00:00,69.7,74,ask,Sze-Yong Ng,YieldingYams,3883736
2026-07-15T00:02:49.351504,2026-07-15T00:02:49.362183+00:00,69.7,2,bid,Dinh Nguyen,Sze-Yong Ng,3883771
2026-07-15T00:02:50.622510,2026-07-15T00:02:50.628288+00:00,69.6,2,bid,Dinh Nguyen,YieldingYams,3883798
2026-07-15T00:02:50.770917,2026-07-15T00:02:50.779243+00:00,69.6,200,bid,WavyWalnuts,YieldingYams,3883802
2026-07-15T00:02:51.083421,2026-07-15T00:02:51.088372+00:00,69.6,11,bid,YieldingYams,Sze-Yong Ng,3883807
2026-07-15T00:02:51.083421,2026-07-15T00:02:51.088372+00:00,69.6,5,bid,YieldingYams,Sebastian Baldwin,3883808
2026-07-15T00:02:51.887556,2026-07-15T00:02:51.895099+00:00,69.7,2,bid,Dinh Nguyen,WavyWalnuts,3883818
2026-07-15T00:02:52.398408,2026-07-15T00:02:52.411675+00:00,69.6,200,ask,WavyWalnuts,YieldingYams,3883822
2026-07-15T00:02:52.398408,2026-07-15T00:02:52.411675+00:00,69.6,5,ask,Callis Lee,YieldingYams,3883823
2026-07-15T00:02:52.991038,2026-07-15T00:02:53.000730+00:00,69.6,5,bid,Sebastian Baldwin,YieldingYams,3883833
2026-07-15T00:02:53.422546,2026-07-15T00:02:53.427810+00:00,69.6,25,bid,Dinh Nguyen,YieldingYams,3883841
2026-07-15T00:02:53.676564,2026-07-15T00:02:53.686526+00:00,69.6,2,bid,Dinh Nguyen,YieldingYams,3883844
2026-07-15T00:02:54.014210,2026-07-15T00:02:54.018318+00:00,69.6,10,bid,Sebastian Baldwin,YieldingYams,3883858
2026-07-15T00:02:54.432378,2026-07-15T00:02:54.444172+00:00,69.6,3,bid,Callis Lee,YieldingYams,3883863
2026-07-15T00:02:54.937531,2026-07-15T00:02:54.948087+00:00,69.6,2,bid,Dinh Nguyen,YieldingYams,3883872
2026-07-15T00:02:55.064908,2026-07-15T00:02:55.067364+00:00,69.6,10,bid,Sebastian Baldwin,WavyWalnuts,3883877
2026-07-15T00:02:55.468304,2026-07-15T00:02:55.479362+00:00,69.6,3,bid,Callis Lee,WavyWalnuts,3883882
2026-07-15T00:02:55.606324,2026-07-15T00:02:55.660395+00:00,69.5,42,ask,Sze-Yong Ng,WavyWalnuts,3883886
2026-07-15T00:02:55.606324,2026-07-15T00:02:55.660395+00:00,69.5,158,ask,YieldingYams,WavyWalnuts,3883887
2026-07-15T00:02:56.090149,2026-07-15T00:02:56.102055+00:00,69.7,10,bid,Sebastian Baldwin,YieldingYams,3883892
2026-07-15T00:02:56.199524,2026-07-15T00:02:56.208395+00:00,69.7,2,bid,Dinh Nguyen,YieldingYams,3883895
2026-07-15T00:02:56.512203,2026-07-15T00:02:56.515942+00:00,69.7,3,bid,Callis Lee,Sebastian Baldwin,3883897
2026-07-15T00:02:56.816392,2026-07-15T00:02:56.824529+00:00,69.5,32,ask,Sze-Yong Ng,WavyWalnuts,3883906
2026-07-15T00:02:56.816392,2026-07-15T00:02:56.824529+00:00,69.5,168,ask,YieldingYams,WavyWalnuts,3883907
2026-07-15T00:02:57.114104,2026-07-15T00:02:57.121138+00:00,69.7,5,bid,Sebastian Baldwin,YieldingYams,3883913
2026-07-15T00:02:57.471776,2026-07-15T00:02:57.482019+00:00,69.7,2,bid,Dinh Nguyen,YieldingYams,3883926
2026-07-15T00:02:58.027861,2026-07-15T00:02:58.036685+00:00,69.4,200,ask,YieldingYams,WavyWalnuts,3883937
2026-07-15T00:02:58.730523,2026-07-15T00:02:58.742425+00:00,69.6,2,bid,Dinh Nguyen,YieldingYams,3883950
2026-07-15T00:02:59.245611,2026-07-15T00:02:59.254775+00:00,69.5,200,ask,YieldingYams,WavyWalnuts,3883958
2026-07-15T00:03:00.003520,2026-07-15T00:03:00.013159+00:00,69.7,1,bid,Dinh Nguyen,YieldingYams,3883970
2026-07-15T00:03:00.347678,2026-07-15T00:03:00.359590+00:00,69.4,20,ask,YieldingYams,BrilliantBurritos,3883975
2026-07-15T00:03:00.955212,2026-07-15T00:03:00.966637+00:00,69.4,20,ask,YieldingYams,BrilliantBurritos,3883986
2026-07-15T00:03:01.991057,2026-07-15T00:03:01.993999+00:00,69.5,3,bid,Callis Lee,WavyWalnuts,3884001
2026-07-15T00:03:02.240520,2026-07-15T00:03:02.247947+00:00,69.5,1,bid,Sebastian Baldwin,WavyWalnuts,3884005
2026-07-15T00:03:03.031083,2026-07-15T00:03:03.040409+00:00,69.5,3,bid,Callis Lee,Sebastian Baldwin,3884024
2026-07-15T00:03:05.563749,2026-07-15T00:03:05.570041+00:00,69.5,200,bid,YieldingYams,WavyWalnuts,3884067
2026-07-15T00:03:06.506440,2026-07-15T00:03:06.512922+00:00,69.5,200,ask,YieldingYams,WavyWalnuts,3884075
2026-07-15T00:03:07.336132,2026-07-15T00:03:07.342404+00:00,69.4,3,bid,Sebastian Baldwin,YieldingYams,3884095
2026-07-15T00:03:10.825177,2026-07-15T00:03:10.828210+00:00,69.3,200,ask,WavyWalnuts,YieldingYams,3884153
2026-07-15T00:03:11.339890,2026-07-15T00:03:11.350255+00:00,69.3,200,bid,WavyWalnuts,YieldingYams,3884163
2026-07-15T00:03:11.424170,2026-07-15T00:03:11.435269+00:00,69.2,3,ask,YieldingYams,Sebastian Baldwin,3884166
2026-07-15T00:03:12.133985,2026-07-15T00:03:12.142450+00:00,69.3,5,bid,YieldingYams,Sebastian Baldwin,3884176
2026-07-15T00:03:12.555704,2026-07-15T00:03:12.558606+00:00,69.3,200,ask,YieldingYams,WavyWalnuts,3884183
2026-07-15T00:03:14.473778,2026-07-15T00:03:14.482781+00:00,69.2,3,ask,YieldingYams,Sebastian Baldwin,3884204
2026-07-15T00:03:14.753320,2026-07-15T00:03:14.757308+00:00,69.3,200,bid,YieldingYams,WavyWalnuts,3884207
2026-07-15T00:03:14.753320,2026-07-15T00:03:14.757308+00:00,69.3,13,bid,YieldingYams,Sze-Yong Ng,3884208
2026-07-15T00:03:14.753320,2026-07-15T00:03:14.773865+00:00,69.3,5,bid,YieldingYams,Callis Lee,3884209
2026-07-15T00:03:14.753320,2026-07-15T00:03:14.773865+00:00,69.3,5,bid,YieldingYams,Sebastian Baldwin,3884210
2026-07-15T00:03:15.493815,2026-07-15T00:03:15.506301+00:00,69.5,3,bid,Sebastian Baldwin,YieldingYams,3884225
2026-07-15T00:03:16.074084,2026-07-15T00:03:16.096492+00:00,69.3,200,ask,WavyWalnuts,YieldingYams,3884235
2026-07-15T00:03:16.178520,2026-07-15T00:03:16.182409+00:00,69.2,200,ask,AverageAlmonds,WavyWalnuts,3884241
2026-07-15T00:03:16.515361,2026-07-15T00:03:16.519980+00:00,69.2,3,ask,AverageAlmonds,Sebastian Baldwin,3884247
2026-07-15T00:03:17.368840,2026-07-15T00:03:17.377164+00:00,69.3,425,bid,AverageAlmonds,YieldingYams,3884259
2026-07-15T00:03:17.368840,2026-07-15T00:03:17.377164+00:00,69.3,73,bid,AverageAlmonds,Sze-Yong Ng,3884260
2026-07-15T00:03:17.368840,2026-07-15T00:03:17.377164+00:00,69.3,2,bid,AverageAlmonds,Sebastian Baldwin,3884261
2026-07-15T00:03:17.395966,2026-07-15T00:03:17.399074+00:00,69.3,3,bid,YieldingYams,Sebastian Baldwin,3884263
2026-07-15T00:03:17.395966,2026-07-15T00:03:17.425790+00:00,69.4,5,bid,YieldingYams,Callis Lee,3884264
2026-07-15T00:03:17.401394,2026-07-15T00:03:17.425790+00:00,69.6,200,ask,YieldingYams,WavyWalnuts,3884265
2026-07-15T00:03:18.610893,2026-07-15T00:03:18.621904+00:00,69.6,200,ask,YieldingYams,WavyWalnuts,3884289
2026-07-15T00:03:19.609796,2026-07-15T00:03:19.615434+00:00,69.4,5,ask,YieldingYams,Sebastian Baldwin,3884305
2026-07-15T00:03:19.645651,2026-07-15T00:03:19.647352+00:00,69.4,3,ask,YieldingYams,Callis Lee,3884308
2026-07-15T00:03:19.823986,2026-07-15T00:03:19.831962+00:00,69.4,200,ask,YieldingYams,WavyWalnuts,3884309
2026-07-15T00:03:23.453629,2026-07-15T00:03:23.458430+00:00,69.3,26,bid,WavyWalnuts,Sze-Yong Ng,3884370
2026-07-15T00:03:23.453629,2026-07-15T00:03:23.458430+00:00,69.3,5,bid,WavyWalnuts,Sebastian Baldwin,3884371
2026-07-15T00:03:23.706554,2026-07-15T00:03:23.710189+00:00,69.4,3,bid,Sebastian Baldwin,YieldingYams,3884376
2026-07-15T00:03:23.958301,2026-07-15T00:03:23.962670+00:00,69.3,169,ask,WavyWalnuts,YieldingYams,3884379
2026-07-15T00:03:24.667813,2026-07-15T00:03:24.679434+00:00,69.2,200,ask,AverageAlmonds,WavyWalnuts,3884391
2026-07-15T00:03:25.274583,2026-07-15T00:03:25.285802+00:00,69.3,5,bid,YieldingYams,Sebastian Baldwin,3884396
2026-07-15T00:03:25.736136,2026-07-15T00:03:25.741198+00:00,69.5,3,bid,Sebastian Baldwin,Callis Lee,3884408
2026-07-15T00:03:25.876592,2026-07-15T00:03:25.880429+00:00,69.3,200,ask,YieldingYams,WavyWalnuts,3884410
2026-07-15T00:03:26.587331,2026-07-15T00:03:26.599324+00:00,69.2,500,ask,AverageAlmonds,YieldingYams,3884419
2026-07-15T00:03:26.761280,2026-07-15T00:03:26.768632+00:00,69.2,5,bid,Sebastian Baldwin,YieldingYams,3884426
2026-07-15T00:03:26.766680,2026-07-15T00:03:26.768632+00:00,69.2,3,bid,Sebastian Baldwin,YieldingYams,3884427
2026-07-15T00:03:27.038690,2026-07-15T00:03:27.045314+00:00,69.2,117,bid,AverageAlmonds,YieldingYams,3884431
2026-07-15T00:03:27.038690,2026-07-15T00:03:27.045314+00:00,69.2,5,bid,AverageAlmonds,Sebastian Baldwin,3884432
2026-07-15T00:03:27.785077,2026-07-15T00:03:27.791010+00:00,69.5,3,bid,Sebastian Baldwin,Callis Lee,3884437
2026-07-15T00:03:27.895375,2026-07-15T00:03:27.897425+00:00,69.3,200,ask,WavyWalnuts,YieldingYams,3884439
2026-07-15T00:03:27.895375,2026-07-15T00:03:27.908081+00:00,69.3,80,ask,Sze-Yong Ng,YieldingYams,3884440
2026-07-15T00:03:28.297800,2026-07-15T00:03:28.304448+00:00,69.3,200,bid,WavyWalnuts,YieldingYams,3884453
2026-07-15T00:03:28.817346,2026-07-15T00:03:28.825565+00:00,69.3,5,bid,Sebastian Baldwin,YieldingYams,3884463
2026-07-15T00:03:28.823458,2026-07-15T00:03:28.825565+00:00,69.3,3,bid,Sebastian Baldwin,YieldingYams,3884464
2026-07-15T00:03:28.964375,2026-07-15T00:03:28.974931+00:00,69.3,3,bid,Callis Lee,YieldingYams,3884469
2026-07-15T00:03:29.206916,2026-07-15T00:03:29.209042+00:00,69.3,5,bid,YieldingYams,Sebastian Baldwin,3884474
2026-07-15T00:03:29.206916,2026-07-15T00:03:29.219880+00:00,69.5,200,bid,YieldingYams,WavyWalnuts,3884475
2026-07-15T00:03:29.526288,2026-07-15T00:03:29.538413+00:00,69.5,200,ask,YieldingYams,WavyWalnuts,3884480
2026-07-15T00:03:29.840186,2026-07-15T00:03:29.848099+00:00,69.6,3,bid,Sebastian Baldwin,AverageAlmonds,3884484
2026-07-15T00:03:31.941865,2026-07-15T00:03:31.946661+00:00,69.4,200,ask,YieldingYams,WavyWalnuts,3884510
2026-07-15T00:03:32.071292,2026-07-15T00:03:32.073116+00:00,69.5,3,bid,Sebastian Baldwin,AverageAlmonds,3884513
2026-07-15T00:03:32.894825,2026-07-15T00:03:32.896462+00:00,69.5,5,bid,Sebastian Baldwin,AverageAlmonds,3884533
2026-07-15T00:03:32.899936,2026-07-15T00:03:32.907000+00:00,69.5,3,bid,Callis Lee,Sebastian Baldwin,3884534
2026-07-15T00:03:32.921393,2026-07-15T00:03:32.928016+00:00,69.5,20,bid,BrilliantBurritos,AverageAlmonds,3884536
2026-07-15T00:03:33.129403,2026-07-15T00:03:33.138941+00:00,69.5,3,bid,Callis Lee,Sebastian Baldwin,3884539
2026-07-15T00:03:33.925457,2026-07-15T00:03:33.928704+00:00,69.4,10,bid,Sebastian Baldwin,YieldingYams,3884552
2026-07-15T00:03:33.930969,2026-07-15T00:03:33.939247+00:00,69.4,3,bid,Sebastian Baldwin,YieldingYams,3884553
2026-07-15T00:03:34.178780,2026-07-15T00:03:34.184452+00:00,69.4,3,bid,Callis Lee,YieldingYams,3884560
2026-07-15T00:03:36.779410,2026-07-15T00:03:36.784657+00:00,69.4,200,bid,WavyWalnuts,YieldingYams,3884592
2026-07-15T00:03:37.986795,2026-07-15T00:03:37.998188+00:00,69.4,5,bid,WavyWalnuts,Sebastian Baldwin,3884604
2026-07-15T00:03:38.396100,2026-07-15T00:03:38.398534+00:00,69.4,195,ask,WavyWalnuts,YieldingYams,3884610
2026-07-15T00:03:38.396100,2026-07-15T00:03:38.409073+00:00,69.4,19,ask,Sze-Yong Ng,YieldingYams,3884611
2026-07-15T00:03:39.021235,2026-07-15T00:03:39.031469+00:00,69.3,5,bid,YieldingYams,Sebastian Baldwin,3884627
2026-07-15T00:03:39.194823,2026-07-15T00:03:39.201108+00:00,69.3,200,bid,WavyWalnuts,YieldingYams,3884631
2026-07-15T00:03:39.351554,2026-07-15T00:03:39.360885+00:00,69.3,3,bid,Callis Lee,YieldingYams,3884634
2026-07-15T00:03:39.706772,2026-07-15T00:03:39.708688+00:00,69.3,5,bid,Sebastian Baldwin,YieldingYams,3884637
2026-07-15T00:03:40.037327,2026-07-15T00:03:40.040380+00:00,69.5,3,bid,Sebastian Baldwin,AverageAlmonds,3884644
2026-07-15T00:03:41.023090,2026-07-15T00:03:41.028894+00:00,69.5,5,bid,YieldingYams,Sebastian Baldwin,3884652
2026-07-15T00:03:41.023090,2026-07-15T00:03:41.028894+00:00,69.5,200,bid,YieldingYams,WavyWalnuts,3884653
2026-07-15T00:03:41.023090,2026-07-15T00:03:41.028894+00:00,69.5,420,bid,YieldingYams,AverageAlmonds,3884654
2026-07-15T00:03:41.053492,2026-07-15T00:03:41.061043+00:00,69.5,3,bid,Sebastian Baldwin,AverageAlmonds,3884656
2026-07-15T00:03:43.099069,2026-07-15T00:03:43.108212+00:00,69.4,5,bid,Sebastian Baldwin,WavyWalnuts,3884688
2026-07-15T00:03:44.961957,2026-07-15T00:03:44.973413+00:00,69.4,200,bid,YieldingYams,WavyWalnuts,3884708
2026-07-15T00:03:44.961957,2026-07-15T00:03:44.973413+00:00,69.4,5,bid,YieldingYams,Sebastian Baldwin,3884709
2026-07-15T00:03:45.134624,2026-07-15T00:03:45.143868+00:00,69.5,3,bid,Sebastian Baldwin,AverageAlmonds,3884712
2026-07-15T00:03:45.263685,2026-07-15T00:03:45.272694+00:00,69.4,200,ask,YieldingYams,WavyWalnuts,3884715
2026-07-15T00:03:45.827122,2026-07-15T00:03:45.837605+00:00,69.4,220,ask,YieldingYams,AverageAlmonds,3884719
2026-07-15T00:03:46.135385,2026-07-15T00:03:46.139428+00:00,69.4,20,bid,BrilliantBurritos,AverageAlmonds,3884725
2026-07-15T00:03:46.155054,2026-07-15T00:03:46.160932+00:00,69.4,3,bid,Sebastian Baldwin,AverageAlmonds,3884726
2026-07-15T00:03:46.471328,2026-07-15T00:03:46.482107+00:00,69.3,200,bid,WavyWalnuts,YieldingYams,3884729
2026-07-15T00:03:46.619692,2026-07-15T00:03:46.632558+00:00,69.3,3,bid,Callis Lee,YieldingYams,3884732
2026-07-15T00:03:47.584232,2026-07-15T00:03:47.590323+00:00,69.3,5,bid,YieldingYams,Sebastian Baldwin,3884751
2026-07-15T00:03:48.193446,2026-07-15T00:03:48.204713+00:00,69.4,3,bid,Sebastian Baldwin,WavyWalnuts,3884757
2026-07-15T00:03:48.892546,2026-07-15T00:03:48.903043+00:00,69.1,5,ask,Callis Lee,WavyWalnuts,3884767
2026-07-15T00:03:48.901605,2026-07-15T00:03:48.913934+00:00,69.1,195,bid,YieldingYams,WavyWalnuts,3884769
2026-07-15T00:03:48.901605,2026-07-15T00:03:48.913934+00:00,69.4,5,bid,YieldingYams,Sebastian Baldwin,3884770
2026-07-15T00:03:50.102156,2026-07-15T00:03:50.105915+00:00,69.4,200,ask,YieldingYams,WavyWalnuts,3884793
2026-07-15T00:03:50.247967,2026-07-15T00:03:50.255617+00:00,69.4,5,bid,Sebastian Baldwin,YieldingYams,3884795
2026-07-15T00:03:51.530341,2026-07-15T00:03:51.534776+00:00,69.3,200,ask,WavyWalnuts,YieldingYams,3884813
2026-07-15T00:03:51.815080,2026-07-15T00:03:51.824197+00:00,69.3,3,bid,Callis Lee,YieldingYams,3884815
2026-07-15T00:03:52.516379,2026-07-15T00:03:52.521655+00:00,69.3,200,bid,WavyWalnuts,YieldingYams,3884824
2026-07-15T00:03:52.840847,2026-07-15T00:03:52.845414+00:00,69.3,5,bid,YieldingYams,Sebastian Baldwin,3884826
2026-07-15T00:03:53.320968,2026-07-15T00:03:53.323973+00:00,69.5,3,bid,Sebastian Baldwin,YieldingYams,3884838
2026-07-15T00:03:54.339699,2026-07-15T00:03:54.346509+00:00,69.4,3,bid,Sebastian Baldwin,WavyWalnuts,3884857
2026-07-15T00:03:54.943494,2026-07-15T00:03:54.947796+00:00,69.3,200,ask,YieldingYams,WavyWalnuts,3884864
2026-07-15T00:03:55.975127,2026-07-15T00:03:55.978481+00:00,69.3,3,bid,Callis Lee,YieldingYams,3884881
2026-07-15T00:03:56.149974,2026-07-15T00:03:56.152074+00:00,69.3,200,bid,WavyWalnuts,YieldingYams,3884885
2026-07-15T00:03:56.305381,2026-07-15T00:03:56.313431+00:00,69.2,20,ask,YieldingYams,BrilliantBurritos,3884888
2026-07-15T00:03:57.027364,2026-07-15T00:03:57.031825+00:00,69.3,3,bid,Callis Lee,Sebastian Baldwin,3884905
2026-07-15T00:03:57.359762,2026-07-15T00:03:57.368815+00:00,69.3,2,bid,WavyWalnuts,Sebastian Baldwin,3884910
2026-07-15T00:03:57.400085,2026-07-15T00:03:57.412159+00:00,69.4,3,bid,Sebastian Baldwin,YieldingYams,3884911
2026-07-15T00:03:57.726019,2026-07-15T00:03:57.731499+00:00,69.3,20,ask,WavyWalnuts,BrilliantBurritos,3884913
2026-07-15T00:03:58.436800,2026-07-15T00:03:58.441227+00:00,69.4,4,bid,Sebastian Baldwin,WavyWalnuts,3884932
2026-07-15T00:03:58.573033,2026-07-15T00:03:58.582029+00:00,69.3,13,ask,Sze-Yong Ng,WavyWalnuts,3884935
2026-07-15T00:03:59.106449,2026-07-15T00:03:59.114107+00:00,69.3,3,bid,Callis Lee,WavyWalnuts,3884937
2026-07-15T00:04:00.182510,2026-07-15T00:04:00.194451+00:00,69.3,3,bid,Callis Lee,Sebastian Baldwin,3884957
2026-07-15T00:04:00.481797,2026-07-15T00:04:00.484038+00:00,69.3,1,bid,Sebastian Baldwin,Callis Lee,3884968
2026-07-15T00:04:00.993552,2026-07-15T00:04:01.002570+00:00,69.3,4,bid,WavyWalnuts,Callis Lee,3884976
2026-07-15T00:04:00.993552,2026-07-15T00:04:01.002570+00:00,69.3,5,bid,WavyWalnuts,Sebastian Baldwin,3884977
2026-07-15T00:04:00.993552,2026-07-15T00:04:01.002570+00:00,69.3,191,bid,WavyWalnuts,YieldingYams,3884978
2026-07-15T00:04:01.084200,2026-07-15T00:04:01.088880+00:00,69.3,20,bid,BrilliantBurritos,YieldingYams,3884981
2026-07-15T00:04:01.501725,2026-07-15T00:04:01.511530+00:00,69.3,3,bid,Sebastian Baldwin,YieldingYams,3884983
2026-07-15T00:04:01.580576,2026-07-15T00:04:01.587696+00:00,69.3,3,bid,Callis Lee,YieldingYams,3884985
2026-07-15T00:04:02.010577,2026-07-15T00:04:02.022975+00:00,69.2,5,bid,YieldingYams,Callis Lee,3884994
2026-07-15T00:04:02.010577,2026-07-15T00:04:02.022975+00:00,69.3,5,bid,YieldingYams,Sebastian Baldwin,3884995
2026-07-15T00:04:02.208509,2026-07-15T00:04:02.218619+00:00,69.3,200,ask,YieldingYams,WavyWalnuts,3884999
2026-07-15T00:04:02.517438,2026-07-15T00:04:02.521724+00:00,69.5,3,bid,Sebastian Baldwin,YieldingYams,3885003
2026-07-15T00:04:03.418658,2026-07-15T00:04:03.420735+00:00,69.2,200,ask,YieldingYams,WavyWalnuts,3885016
2026-07-15T00:04:03.536682,2026-07-15T00:04:03.540219+00:00,69.4,3,bid,Sebastian Baldwin,Callis Lee,3885019
2026-07-15T00:04:04.635056,2026-07-15T00:04:04.650976+00:00,69.2,80,ask,Kelvin Chan,YieldingYams,3885032
2026-07-15T00:04:04.635056,2026-07-15T00:04:04.650976+00:00,69.2,200,ask,WavyWalnuts,YieldingYams,3885033
2026-07-15T00:04:05.944929,2026-07-15T00:04:05.955752+00:00,69.2,5,bid,YieldingYams,Callis Lee,3885049
2026-07-15T00:04:05.944929,2026-07-15T00:04:05.955752+00:00,69.2,5,bid,YieldingYams,Sebastian Baldwin,3885050
2026-07-15T00:04:07.257107,2026-07-15T00:04:07.268865+00:00,69.3,5,bid,YieldingYams,Sebastian Baldwin,3885072
2026-07-15T00:04:07.257107,2026-07-15T00:04:07.268865+00:00,69.3,200,bid,YieldingYams,WavyWalnuts,3885073
2026-07-15T00:04:07.257107,2026-07-15T00:04:07.268865+00:00,69.4,5,bid,YieldingYams,Callis Lee,3885074
2026-07-15T00:04:07.649321,2026-07-15T00:04:07.660551+00:00,69.5,3,bid,Sebastian Baldwin,YieldingYams,3885085
2026-07-15T00:04:08.250407,2026-07-15T00:04:08.258650+00:00,69.4,200,ask,YieldingYams,WavyWalnuts,3885094
2026-07-15T00:04:08.581696,2026-07-15T00:04:08.593453+00:00,69.3,500,ask,AverageAlmonds,YieldingYams,3885101
2026-07-15T00:04:08.675259,2026-07-15T00:04:08.678936+00:00,69.3,3,bid,Sebastian Baldwin,YieldingYams,3885102
2026-07-15T00:04:08.815453,2026-07-15T00:04:08.819995+00:00,69.3,122,bid,AverageAlmonds,YieldingYams,3885105
2026-07-15T00:04:08.815453,2026-07-15T00:04:08.819995+00:00,69.3,5,bid,AverageAlmonds,Sebastian Baldwin,3885106
2026-07-15T00:04:09.695586,2026-07-15T00:04:09.698069+00:00,69.4,3,bid,Sebastian Baldwin,WavyWalnuts,3885109
2026-07-15T00:04:09.890050,2026-07-15T00:04:09.896003+00:00,69.4,197,bid,YieldingYams,WavyWalnuts,3885113
2026-07-15T00:04:09.890050,2026-07-15T00:04:09.896003+00:00,69.4,5,bid,YieldingYams,Sebastian Baldwin,3885114
2026-07-15T00:04:09.890050,2026-07-15T00:04:09.896003+00:00,69.5,5,bid,YieldingYams,Callis Lee,3885115
2026-07-15T00:04:10.671232,2026-07-15T00:04:10.678011+00:00,69.5,200,ask,YieldingYams,WavyWalnuts,3885128
2026-07-15T00:04:10.713801,2026-07-15T00:04:10.721712+00:00,69.6,3,bid,Sebastian Baldwin,YieldingYams,3885129
2026-07-15T00:04:11.208007,2026-07-15T00:04:11.214609+00:00,69.3,500,ask,AverageAlmonds,YieldingYams,3885131
2026-07-15T00:04:11.208007,2026-07-15T00:04:11.214609+00:00,69.3,125,ask,WavyWalnuts,YieldingYams,3885132
2026-07-15T00:04:12.751453,2026-07-15T00:04:12.755104+00:00,69.5,3,ask,WavyWalnuts,Sebastian Baldwin,3885148
2026-07-15T00:04:15.533167,2026-07-15T00:04:15.543317+00:00,69.3,200,ask,AverageAlmonds,WavyWalnuts,3885186
2026-07-15T00:04:16.447252,2026-07-15T00:04:16.464843+00:00,69.3,500,ask,AverageAlmonds,YieldingYams,3885199
2026-07-15T00:04:16.682767,2026-07-15T00:04:16.719129+00:00,69.3,125,bid,AverageAlmonds,YieldingYams,3885203
2026-07-15T00:04:16.682767,2026-07-15T00:04:16.719129+00:00,69.3,74,bid,AverageAlmonds,Sze-Yong Ng,3885204
2026-07-15T00:04:16.682767,2026-07-15T00:04:16.719129+00:00,69.4,5,bid,AverageAlmonds,Sebastian Baldwin,3885205
2026-07-15T00:04:17.758350,2026-07-15T00:04:17.774982+00:00,69.5,200,bid,YieldingYams,WavyWalnuts,3885230
2026-07-15T00:04:17.758350,2026-07-15T00:04:17.774982+00:00,69.5,5,bid,YieldingYams,Sebastian Baldwin,3885231
2026-07-15T00:04:17.758350,2026-07-15T00:04:17.774982+00:00,69.5,5,bid,YieldingYams,Callis Lee,3885232
2026-07-15T00:04:17.864332,2026-07-15T00:04:17.874318+00:00,69.5,5,ask,YieldingYams,Sebastian Baldwin,3885238
2026-07-15T00:04:18.395868,2026-07-15T00:04:18.403527+00:00,69.5,25,ask,YieldingYams,Dinh Nguyen,3885250
2026-07-15T00:04:18.900206,2026-07-15T00:04:18.910419+00:00,69.5,5,ask,YieldingYams,Sebastian Baldwin,3885258
2026-07-15T00:04:19.156102,2026-07-15T00:04:19.159430+00:00,69.5,200,bid,WavyWalnuts,YieldingYams,3885266
2026-07-15T00:04:23.006897,2026-07-15T00:04:23.023819+00:00,69.5,38,bid,YieldingYams,Sze-Yong Ng,3885307
2026-07-15T00:04:23.006897,2026-07-15T00:04:23.023819+00:00,69.5,5,bid,YieldingYams,Sebastian Baldwin,3885308
2026-07-15T00:04:23.580522,2026-07-15T00:04:23.589619+00:00,69.6,20,bid,BrilliantBurritos,WavyWalnuts,3885321
2026-07-15T00:04:23.997865,2026-07-15T00:04:24.000211+00:00,69.5,200,ask,YieldingYams,WavyWalnuts,3885324
2026-07-15T00:04:25.214842,2026-07-15T00:04:25.218826+00:00,69.5,200,ask,YieldingYams,WavyWalnuts,3885348
2026-07-15T00:04:26.042347,2026-07-15T00:04:26.054291+00:00,69.5,5,ask,YieldingYams,Sebastian Baldwin,3885358
2026-07-15T00:04:27.525622,2026-07-15T00:04:27.527762+00:00,69.4,2,ask,WavyWalnuts,Dinh Nguyen,3885385
2026-07-15T00:04:28.809401,2026-07-15T00:04:28.828969+00:00,69.3,2,ask,WavyWalnuts,Dinh Nguyen,3885401
2026-07-15T00:04:30.082622,2026-07-15T00:04:30.087569+00:00,69.3,2,ask,AverageAlmonds,Dinh Nguyen,3885417
2026-07-15T00:04:30.890558,2026-07-15T00:04:30.897685+00:00,69.3,500,ask,AverageAlmonds,YieldingYams,3885428
2026-07-15T00:04:31.048273,2026-07-15T00:04:31.050872+00:00,69.2,20,ask,WavyWalnuts,BrilliantBurritos,3885431
2026-07-15T00:04:31.269041,2026-07-15T00:04:31.280713+00:00,69.2,200,ask,AverageAlmonds,WavyWalnuts,3885435
2026-07-15T00:04:31.342638,2026-07-15T00:04:31.346762+00:00,69.2,2,ask,AverageAlmonds,Dinh Nguyen,3885436
2026-07-15T00:04:32.206321,2026-07-15T00:04:32.213341+00:00,69.3,5,bid,YieldingYams,Sebastian Baldwin,3885447
2026-07-15T00:04:32.206321,2026-07-15T00:04:32.213341+00:00,69.4,5,bid,YieldingYams,Callis Lee,3885448
2026-07-15T00:04:32.476582,2026-07-15T00:04:32.482538+00:00,69.4,200,ask,YieldingYams,WavyWalnuts,3885450
2026-07-15T00:04:32.602642,2026-07-15T00:04:32.611347+00:00,69.4,25,ask,YieldingYams,Dinh Nguyen,3885452
2026-07-15T00:04:32.810438,2026-07-15T00:04:32.814871+00:00,69.4,3,ask,YieldingYams,Callis Lee,3885455
2026-07-15T00:04:33.118654,2026-07-15T00:04:33.131351+00:00,69.4,2,ask,YieldingYams,Dinh Nguyen,3885460
2026-07-15T00:04:33.179216,2026-07-15T00:04:33.187216+00:00,69.4,10,ask,YieldingYams,Sebastian Baldwin,3885464
2026-07-15T00:04:33.526598,2026-07-15T00:04:33.531937+00:00,69.4,5,ask,Sebastian Baldwin,YieldingYams,3885471
2026-07-15T00:04:34.223962,2026-07-15T00:04:34.226878+00:00,69.3,5,ask,YieldingYams,Sebastian Baldwin,3885478
2026-07-15T00:04:34.375185,2026-07-15T00:04:34.382384+00:00,69.3,25,ask,YieldingYams,Dinh Nguyen,3885482
2026-07-15T00:04:34.872291,2026-07-15T00:04:34.875609+00:00,69.4,23,bid,YieldingYams,Sze-Yong Ng,3885492
2026-07-15T00:04:34.872291,2026-07-15T00:04:34.892637+00:00,69.4,5,bid,YieldingYams,Sebastian Baldwin,3885493
2026-07-15T00:04:34.872291,2026-07-15T00:04:34.892637+00:00,69.5,200,bid,YieldingYams,WavyWalnuts,3885494
2026-07-15T00:04:34.872291,2026-07-15T00:04:34.892637+00:00,69.5,5,bid,YieldingYams,Callis Lee,3885495
2026-07-15T00:04:34.897690,2026-07-15T00:04:34.903827+00:00,69.5,2,ask,YieldingYams,Dinh Nguyen,3885498
2026-07-15T00:04:34.900629,2026-07-15T00:04:34.903827+00:00,69.5,200,ask,YieldingYams,WavyWalnuts,3885499
2026-07-15T00:04:34.914080,2026-07-15T00:04:34.926082+00:00,69.5,3,ask,YieldingYams,Callis Lee,3885501
2026-07-15T00:04:36.046796,2026-07-15T00:04:36.051860+00:00,69.5,20,ask,YieldingYams,BrilliantBurritos,3885522
2026-07-15T00:04:36.149659,2026-07-15T00:04:36.162324+00:00,69.5,2,ask,YieldingYams,Dinh Nguyen,3885525
2026-07-15T00:04:36.195749,2026-07-15T00:04:36.228618+00:00,69.5,5,ask,Sebastian Baldwin,YieldingYams,3885526
2026-07-15T00:04:36.195749,2026-07-15T00:04:36.228618+00:00,69.4,5,ask,Callis Lee,YieldingYams,3885527
2026-07-15T00:04:36.195749,2026-07-15T00:04:36.228618+00:00,69.4,200,ask,WavyWalnuts,YieldingYams,3885528
2026-07-15T00:04:36.341309,2026-07-15T00:04:36.349318+00:00,69.4,5,bid,Sebastian Baldwin,YieldingYams,3885537
2026-07-15T00:04:37.314808,2026-07-15T00:04:37.318935+00:00,69.4,200,bid,WavyWalnuts,YieldingYams,3885554
2026-07-15T00:04:37.373515,2026-07-15T00:04:37.384632+00:00,69.4,5,bid,YieldingYams,Sebastian Baldwin,3885558
2026-07-15T00:04:37.508915,2026-07-15T00:04:37.515664+00:00,69.4,5,bid,Sebastian Baldwin,YieldingYams,3885561
2026-07-15T00:04:37.921706,2026-07-15T00:04:37.929767+00:00,69.6,2,bid,Dinh Nguyen,YieldingYams,3885565
2026-07-15T00:04:39.738897,2026-07-15T00:04:39.744131+00:00,69.5,200,bid,WavyWalnuts,YieldingYams,3885592
2026-07-15T00:04:40.131186,2026-07-15T00:04:40.135038+00:00,69.5,5,bid,YieldingYams,Sebastian Baldwin,3885598
2026-07-15T00:04:40.131186,2026-07-15T00:04:40.135038+00:00,69.6,500,bid,YieldingYams,AverageAlmonds,3885599
2026-07-15T00:04:40.131186,2026-07-15T00:04:40.146046+00:00,69.6,120,bid,YieldingYams,WavyWalnuts,3885600
2026-07-15T00:04:40.341219,2026-07-15T00:04:40.351177+00:00,69.4,20,ask,Sze-Yong Ng,BrilliantBurritos,3885601
2026-07-15T00:04:40.948617,2026-07-15T00:04:40.957373+00:00,69.6,5,bid,WavyWalnuts,Sebastian Baldwin,3885611
2026-07-15T00:04:40.948617,2026-07-15T00:04:40.957373+00:00,69.6,80,bid,WavyWalnuts,Kelvin Chan,3885612
2026-07-15T00:04:40.948617,2026-07-15T00:04:40.957373+00:00,69.6,5,bid,WavyWalnuts,Callis Lee,3885613
2026-07-15T00:04:40.948617,2026-07-15T00:04:40.957373+00:00,69.6,110,bid,WavyWalnuts,AverageAlmonds,3885614
2026-07-15T00:04:42.161809,2026-07-15T00:04:42.169133+00:00,69.6,80,bid,WavyWalnuts,Kelvin Chan,3885625
2026-07-15T00:04:42.161809,2026-07-15T00:04:42.169133+00:00,69.6,120,bid,WavyWalnuts,YieldingYams,3885626
2026-07-15T00:04:42.495004,2026-07-15T00:04:42.504236+00:00,69.6,3,bid,Sebastian Baldwin,YieldingYams,3885630
2026-07-15T00:04:42.762505,2026-07-15T00:04:42.779886+00:00,69.6,5,bid,YieldingYams,Sebastian Baldwin,3885635
2026-07-15T00:04:42.762505,2026-07-15T00:04:42.779886+00:00,69.6,500,bid,YieldingYams,AverageAlmonds,3885636
2026-07-15T00:04:43.160670,2026-07-15T00:04:43.169166+00:00,69.6,25,ask,YieldingYams,Dinh Nguyen,3885645
2026-07-15T00:04:43.200923,2026-07-15T00:04:43.213533+00:00,69.6,3,ask,Sze-Yong Ng,AverageAlmonds,3885647
2026-07-15T00:04:43.345017,2026-07-15T00:04:43.355630+00:00,69.6,92,ask,YieldingYams,AverageAlmonds,3885649
2026-07-15T00:04:43.345017,2026-07-15T00:04:43.355630+00:00,69.6,3,ask,YieldingYams,Callis Lee,3885650
2026-07-15T00:04:43.374262,2026-07-15T00:04:43.378049+00:00,69.6,200,bid,WavyWalnuts,AverageAlmonds,3885652
2026-07-15T00:04:44.072576,2026-07-15T00:04:44.083721+00:00,69.5,5,ask,Sebastian Baldwin,YieldingYams,3885665
2026-07-15T00:04:44.072576,2026-07-15T00:04:44.083721+00:00,69.5,5,ask,Callis Lee,YieldingYams,3885666
2026-07-15T00:04:44.576808,2026-07-15T00:04:44.585175+00:00,69.1,3,ask,YieldingYams,Sebastian Baldwin,3885676
2026-07-15T00:04:44.583413,2026-07-15T00:04:44.596056+00:00,69.3,200,bid,WavyWalnuts,YieldingYams,3885677
2026-07-15T00:04:45.385335,2026-07-15T00:04:45.387729+00:00,69.3,5,bid,YieldingYams,Sebastian Baldwin,3885687
2026-07-15T00:04:45.610142,2026-07-15T00:04:45.613255+00:00,69.4,3,bid,Sebastian Baldwin,YieldingYams,3885693
2026-07-15T00:04:45.669355,2026-07-15T00:04:45.678809+00:00,69.3,25,ask,YieldingYams,Dinh Nguyen,3885695
2026-07-15T00:04:45.792612,2026-07-15T00:04:45.800483+00:00,69.4,200,bid,WavyWalnuts,YieldingYams,3885699
2026-07-15T00:04:46.185509,2026-07-15T00:04:46.192540+00:00,69.4,2,bid,Dinh Nguyen,YieldingYams,3885709
2026-07-15T00:04:46.844967,2026-07-15T00:04:46.848876+00:00,69.3,20,ask,Sze-Yong Ng,BrilliantBurritos,3885717
2026-07-15T00:04:47.000820,2026-07-15T00:04:47.039381+00:00,69.4,5,bid,WavyWalnuts,Sebastian Baldwin,3885720
2026-07-15T00:04:47.344228,2026-07-15T00:04:47.353119+00:00,69.5,20,bid,BrilliantBurritos,YieldingYams,3885730
2026-07-15T00:04:48.011074,2026-07-15T00:04:48.013287+00:00,69.5,200,bid,YieldingYams,WavyWalnuts,3885739
2026-07-15T00:04:48.011074,2026-07-15T00:04:48.040492+00:00,69.5,5,bid,YieldingYams,Sebastian Baldwin,3885740
2026-07-15T00:04:48.213640,2026-07-15T00:04:48.224570+00:00,69.6,5,bid,WavyWalnuts,Callis Lee,3885745
2026-07-15T00:04:48.213640,2026-07-15T00:04:48.224570+00:00,69.6,195,bid,WavyWalnuts,YieldingYams,3885746
2026-07-15T00:04:48.682662,2026-07-15T00:04:48.690611+00:00,69.5,25,ask,YieldingYams,Dinh Nguyen,3885750
2026-07-15T00:04:48.701547,2026-07-15T00:04:48.712452+00:00,69.5,5,ask,YieldingYams,Sebastian Baldwin,3885751
2026-07-15T00:04:49.194664,2026-07-15T00:04:49.207143+00:00,69.6,2,bid,Dinh Nguyen,YieldingYams,3885758
2026-07-15T00:04:49.435629,2026-07-15T00:04:49.446030+00:00,69.6,20,bid,WavyWalnuts,Sze-Yong Ng,3885760
2026-07-15T00:04:49.435629,2026-07-15T00:04:49.446030+00:00,69.6,5,bid,WavyWalnuts,Sebastian Baldwin,3885761
2026-07-15T00:04:49.435629,2026-07-15T00:04:49.446030+00:00,69.6,175,bid,WavyWalnuts,YieldingYams,3885762
2026-07-15T00:04:49.737086,2026-07-15T00:04:49.749086+00:00,69.6,3,bid,Sebastian Baldwin,YieldingYams,3885765
2026-07-15T00:04:50.441080,2026-07-15T00:04:50.453237+00:00,69.6,2,bid,Dinh Nguyen,YieldingYams,3885776
2026-07-15T00:04:50.660209,2026-07-15T00:04:50.669076+00:00,69.5,200,bid,WavyWalnuts,YieldingYams,3885781
2026-07-15T00:04:50.764329,2026-07-15T00:04:50.767107+00:00,69.5,3,bid,Sebastian Baldwin,YieldingYams,3885784
2026-07-15T00:04:51.687737,2026-07-15T00:04:51.696648+00:00,69.5,2,bid,Dinh Nguyen,YieldingYams,3885799
2026-07-15T00:04:51.792284,2026-07-15T00:04:51.803509+00:00,69.5,3,bid,Sebastian Baldwin,YieldingYams,3885800
2026-07-15T00:04:51.945441,2026-07-15T00:04:51.954717+00:00,69.5,5,bid,YieldingYams,Sebastian Baldwin,3885802
2026-07-15T00:04:51.945441,2026-07-15T00:04:51.954717+00:00,69.5,200,bid,YieldingYams,WavyWalnuts,3885803
2026-07-15T00:04:52.858105,2026-07-15T00:04:52.862869+00:00,69.6,3,bid,Sebastian Baldwin,YieldingYams,3885818
2026-07-15T00:04:52.882306,2026-07-15T00:04:52.894516+00:00,69.5,20,ask,YieldingYams,BrilliantBurritos,3885821
2026-07-15T00:04:52.937692,2026-07-15T00:04:52.948495+00:00,69.6,2,bid,Dinh Nguyen,YieldingYams,3885822
2026-07-15T00:04:53.082196,2026-07-15T00:04:53.094505+00:00,69.5,200,ask,YieldingYams,WavyWalnuts,3885825
2026-07-15T00:04:53.259791,2026-07-15T00:04:53.266037+00:00,69.5,5,ask,Sebastian Baldwin,YieldingYams,3885826
2026-07-15T00:04:54.189263,2026-07-15T00:04:54.197370+00:00,69.5,2,bid,Dinh Nguyen,YieldingYams,3885834
2026-07-15T00:04:54.289228,2026-07-15T00:04:54.296543+00:00,69.5,200,bid,WavyWalnuts,YieldingYams,3885837
2026-07-15T00:04:54.568367,2026-07-15T00:04:54.576864+00:00,69.5,5,bid,YieldingYams,Sebastian Baldwin,3885847
2026-07-15T00:04:55.461375,2026-07-15T00:04:55.464779+00:00,69.5,500,ask,YieldingYams,AverageAlmonds,3885862
2026-07-15T00:04:55.468644,2026-07-15T00:04:55.475696+00:00,69.6,2,bid,Dinh Nguyen,YieldingYams,3885863
2026-07-15T00:04:56.710145,2026-07-15T00:04:56.716401+00:00,69.4,200,ask,YieldingYams,WavyWalnuts,3885872
2026-07-15T00:04:56.756660,2026-07-15T00:04:56.760188+00:00,69.5,2,bid,Dinh Nguyen,AverageAlmonds,3885873
2026-07-15T00:04:56.968299,2026-07-15T00:04:56.977015+00:00,69.5,3,bid,Sebastian Baldwin,AverageAlmonds,3885880
2026-07-15T00:04:57.193646,2026-07-15T00:04:57.201960+00:00,69.4,5,ask,Callis Lee,YieldingYams,3885881
2026-07-15T00:04:57.193646,2026-07-15T00:04:57.201960+00:00,69.4,5,ask,Sebastian Baldwin,YieldingYams,3885882
2026-07-15T00:04:57.916842,2026-07-15T00:04:57.926984+00:00,69.4,200,bid,WavyWalnuts,YieldingYams,3885891
2026-07-15T00:04:58.038951,2026-07-15T00:04:58.045723+00:00,69.4,2,bid,Dinh Nguyen,YieldingYams,3885895
2026-07-15T00:04:59.126747,2026-07-15T00:04:59.138822+00:00,69.4,200,bid,WavyWalnuts,YieldingYams,3885908
2026-07-15T00:04:59.316332,2026-07-15T00:04:59.321893+00:00,69.4,2,bid,Dinh Nguyen,YieldingYams,3885911
2026-07-15T00:04:59.825090,2026-07-15T00:04:59.835891+00:00,69.4,5,bid,YieldingYams,Sebastian Baldwin,3885915
2026-07-15T00:05:00.051127,2026-07-15T00:05:00.053340+00:00,69.5,3,bid,Sebastian Baldwin,AverageAlmonds,3885921
2026-07-15T00:05:00.318838,2026-07-15T00:05:00.326148+00:00,69.4,500,ask,YieldingYams,AverageAlmonds,3885924
2026-07-15T00:05:00.588838,2026-07-15T00:05:00.597389+00:00,69.5,2,bid,Dinh Nguyen,Sebastian Baldwin,3885929
2026-07-15T00:05:00.916302,2026-07-15T00:05:00.918951+00:00,69.4,120,ask,YieldingYams,AverageAlmonds,3885939
2026-07-15T00:05:00.916302,2026-07-15T00:05:00.929845+00:00,69.4,38,ask,Sze-Yong Ng,AverageAlmonds,3885940
2026-07-15T00:05:00.916302,2026-07-15T00:05:00.929845+00:00,69.4,5,ask,Sebastian Baldwin,AverageAlmonds,3885941
2026-07-15T00:05:01.076821,2026-07-15T00:05:01.079660+00:00,69.4,5,bid,Callis Lee,AverageAlmonds,3885945
2026-07-15T00:05:01.088037,2026-07-15T00:05:01.090646+00:00,69.4,3,bid,Sebastian Baldwin,AverageAlmonds,3885948
2026-07-15T00:05:01.135908,2026-07-15T00:05:01.144696+00:00,69.3,200,ask,WavyWalnuts,YieldingYams,3885950
2026-07-15T00:05:01.135908,2026-07-15T00:05:01.144696+00:00,69.3,5,ask,Sebastian Baldwin,YieldingYams,3885951
2026-07-15T00:05:01.854664,2026-07-15T00:05:01.864279+00:00,69.2,2,bid,Dinh Nguyen,YieldingYams,3885959
2026-07-15T00:05:02.446988,2026-07-15T00:05:02.459418+00:00,69.2,5,bid,YieldingYams,Sebastian Baldwin,3885972
2026-07-15T00:05:02.758658,2026-07-15T00:05:02.767640+00:00,69.2,200,ask,YieldingYams,WavyWalnuts,3885975
2026-07-15T00:05:03.121806,2026-07-15T00:05:03.130857+00:00,69.3,2,bid,Dinh Nguyen,YieldingYams,3885978
2026-07-15T00:05:03.180315,2026-07-15T00:05:03.183881+00:00,69.3,3,bid,Sebastian Baldwin,YieldingYams,3885980
2026-07-15T00:05:04.384705,2026-07-15T00:05:04.396601+00:00,69.3,2,bid,Dinh Nguyen,YieldingYams,3885997
2026-07-15T00:05:05.069915,2026-07-15T00:05:05.077413+00:00,69.2,2,ask,Sze-Yong Ng,YieldingYams,3886007
2026-07-15T00:05:05.069915,2026-07-15T00:05:05.077413+00:00,69.2,5,ask,Sebastian Baldwin,YieldingYams,3886008
2026-07-15T00:05:05.069915,2026-07-15T00:05:05.077413+00:00,69.1,200,ask,WavyWalnuts,YieldingYams,3886009
2026-07-15T00:05:05.069915,2026-07-15T00:05:05.077413+00:00,69.1,5,ask,Callis Lee,YieldingYams,3886010
2026-07-15T00:05:05.173546,2026-07-15T00:05:05.181371+00:00,69.1,200,bid,WavyWalnuts,YieldingYams,3886015
2026-07-15T00:05:05.239995,2026-07-15T00:05:05.245469+00:00,69.1,10,bid,Sebastian Baldwin,YieldingYams,3886017
2026-07-15T00:05:05.272050,2026-07-15T00:05:05.277998+00:00,69.1,3,bid,Callis Lee,YieldingYams,3886020
2026-07-15T00:05:05.280311,2026-07-15T00:05:05.288954+00:00,69.1,20,bid,BrilliantBurritos,YieldingYams,3886022
2026-07-15T00:05:05.903695,2026-07-15T00:05:05.911600+00:00,69.1,25,bid,Dinh Nguyen,YieldingYams,3886034
2026-07-15T00:05:06.159746,2026-07-15T00:05:06.167199+00:00,69.1,2,bid,Dinh Nguyen,YieldingYams,3886041
2026-07-15T00:05:06.274253,2026-07-15T00:05:06.284804+00:00,69.0,3,ask,Kelvin Chan,Sebastian Baldwin,3886043
2026-07-15T00:05:06.387688,2026-07-15T00:05:06.393288+00:00,69.1,5,bid,YieldingYams,Sebastian Baldwin,3886046
2026-07-15T00:05:06.390921,2026-07-15T00:05:06.393288+00:00,69.2,200,ask,YieldingYams,WavyWalnuts,3886047
2026-07-15T00:05:07.417671,2026-07-15T00:05:07.429360+00:00,69.3,2,bid,Dinh Nguyen,Sebastian Baldwin,3886063
2026-07-15T00:05:07.599172,2026-07-15T00:05:07.610666+00:00,69.2,200,ask,YieldingYams,WavyWalnuts,3886067
2026-07-15T00:05:07.706051,2026-07-15T00:05:07.722655+00:00,69.2,59,ask,Sze-Yong Ng,YieldingYams,3886069
2026-07-15T00:05:07.706051,2026-07-15T00:05:07.722655+00:00,69.2,5,ask,Sebastian Baldwin,YieldingYams,3886070
2026-07-15T00:05:08.672693,2026-07-15T00:05:08.681760+00:00,69.1,2,bid,Dinh Nguyen,YieldingYams,3886080
2026-07-15T00:05:08.808913,2026-07-15T00:05:08.820130+00:00,69.1,200,bid,WavyWalnuts,YieldingYams,3886083
2026-07-15T00:05:09.930157,2026-07-15T00:05:09.935728+00:00,69.1,2,bid,Dinh Nguyen,YieldingYams,3886105
2026-07-15T00:05:09.973723,2026-07-15T00:05:09.978040+00:00,69.1,500,bid,AverageAlmonds,YieldingYams,3886106
2026-07-15T00:05:10.329543,2026-07-15T00:05:10.335652+00:00,69.1,5,bid,YieldingYams,Sebastian Baldwin,3886112
2026-07-15T00:05:10.329543,2026-07-15T00:05:10.335652+00:00,69.1,61,bid,YieldingYams,Sze-Yong Ng,3886113
2026-07-15T00:05:10.329543,2026-07-15T00:05:10.335652+00:00,69.2,200,bid,YieldingYams,WavyWalnuts,3886114
2026-07-15T00:05:10.436298,2026-07-15T00:05:10.443521+00:00,69.2,10,ask,YieldingYams,Sebastian Baldwin,3886117
2026-07-15T00:05:10.470859,2026-07-15T00:05:10.475991+00:00,69.2,3,ask,YieldingYams,Callis Lee,3886120
2026-07-15T00:05:11.066274,2026-07-15T00:05:11.073220+00:00,69.3,5,bid,BrilliantBurritos,Sebastian Baldwin,3886139
2026-07-15T00:05:11.066274,2026-07-15T00:05:11.073220+00:00,69.3,15,bid,BrilliantBurritos,Sze-Yong Ng,3886140
2026-07-15T00:05:11.194532,2026-07-15T00:05:11.201396+00:00,69.2,25,ask,YieldingYams,Dinh Nguyen,3886141
2026-07-15T00:05:11.469750,2026-07-15T00:05:11.479918+00:00,69.3,3,bid,Sebastian Baldwin,Sze-Yong Ng,3886144
2026-07-15T00:05:11.649631,2026-07-15T00:05:11.661320+00:00,69.2,200,ask,WavyWalnuts,YieldingYams,3886145
2026-07-15T00:05:11.649631,2026-07-15T00:05:11.661320+00:00,69.2,5,ask,Sebastian Baldwin,YieldingYams,3886146
2026-07-15T00:05:11.704696,2026-07-15T00:05:11.714665+00:00,69.1,2,bid,Dinh Nguyen,YieldingYams,3886147
2026-07-15T00:05:12.448785,2026-07-15T00:05:12.462785+00:00,69.1,200,bid,WavyWalnuts,YieldingYams,3886163
2026-07-15T00:05:12.497115,2026-07-15T00:05:12.505114+00:00,69.1,3,bid,Sebastian Baldwin,YieldingYams,3886164
2026-07-15T00:05:12.958690,2026-07-15T00:05:12.970862+00:00,69.1,2,bid,Dinh Nguyen,YieldingYams,3886166
2026-07-15T00:05:12.965512,2026-07-15T00:05:12.970862+00:00,69.1,43,bid,YieldingYams,Sze-Yong Ng,3886167
2026-07-15T00:05:12.965512,2026-07-15T00:05:12.970862+00:00,69.1,5,bid,YieldingYams,Sebastian Baldwin,3886168
2026-07-15T00:05:13.540832,2026-07-15T00:05:13.546577+00:00,69.3,3,bid,Sebastian Baldwin,Callis Lee,3886180
2026-07-15T00:05:14.247038,2026-07-15T00:05:14.253687+00:00,69.2,2,bid,Dinh Nguyen,WavyWalnuts,3886200
2026-07-15T00:05:14.870803,2026-07-15T00:05:14.881329+00:00,69.2,5,bid,WavyWalnuts,Sebastian Baldwin,3886209
2026-07-15T00:05:15.506769,2026-07-15T00:05:15.517533+00:00,69.3,2,bid,Dinh Nguyen,YieldingYams,3886221
2026-07-15T00:05:15.590344,2026-07-15T00:05:15.593422+00:00,69.2,195,ask,WavyWalnuts,YieldingYams,3886224
2026-07-15T00:05:15.590344,2026-07-15T00:05:15.604392+00:00,69.2,103,ask,Sze-Yong Ng,YieldingYams,3886225
2026-07-15T00:05:15.590344,2026-07-15T00:05:15.604392+00:00,69.1,5,ask,Sebastian Baldwin,YieldingYams,3886226
2026-07-15T00:05:15.590344,2026-07-15T00:05:15.604392+00:00,69.1,322,ask,AverageAlmonds,YieldingYams,3886227
2026-07-15T00:05:16.894103,2026-07-15T00:05:16.905741+00:00,69.2,20,bid,BrilliantBurritos,WavyWalnuts,3886242
2026-07-15T00:05:16.901745,2026-07-15T00:05:16.905741+00:00,69.2,180,bid,YieldingYams,WavyWalnuts,3886243
2026-07-15T00:05:16.901745,2026-07-15T00:05:16.905741+00:00,69.2,42,bid,YieldingYams,Sze-Yong Ng,3886244
2026-07-15T00:05:16.901745,2026-07-15T00:05:16.916442+00:00,69.2,5,bid,YieldingYams,Sebastian Baldwin,3886245
2026-07-15T00:05:16.901745,2026-07-15T00:05:16.916442+00:00,69.3,5,bid,YieldingYams,Callis Lee,3886246
2026-07-15T00:05:17.288864,2026-07-15T00:05:17.292242+00:00,69.3,200,ask,YieldingYams,WavyWalnuts,3886249
2026-07-15T00:05:17.691926,2026-07-15T00:05:17.700242+00:00,69.3,10,ask,YieldingYams,Sebastian Baldwin,3886255
2026-07-15T00:05:17.720813,2026-07-15T00:05:17.733657+00:00,69.3,3,ask,YieldingYams,Callis Lee,3886259
2026-07-15T00:05:18.012979,2026-07-15T00:05:18.024006+00:00,69.3,25,ask,YieldingYams,Dinh Nguyen,3886270
2026-07-15T00:05:18.219164,2026-07-15T00:05:18.225736+00:00,69.3,5,ask,Sebastian Baldwin,YieldingYams,3886271
2026-07-15T00:05:18.521707,2026-07-15T00:05:18.525905+00:00,69.3,2,bid,Dinh Nguyen,YieldingYams,3886275
2026-07-15T00:05:19.531616,2026-07-15T00:05:19.540837+00:00,69.2,5,ask,Sebastian Baldwin,YieldingYams,3886291
2026-07-15T00:05:19.531616,2026-07-15T00:05:19.540837+00:00,69.2,500,ask,AverageAlmonds,YieldingYams,3886292
2026-07-15T00:05:19.531616,2026-07-15T00:05:19.540837+00:00,69.1,120,ask,WavyWalnuts,YieldingYams,3886293
2026-07-15T00:05:19.715716,2026-07-15T00:05:19.722719+00:00,69.2,200,ask,AverageAlmonds,WavyWalnuts,3886296
2026-07-15T00:05:19.773691,2026-07-15T00:05:19.775921+00:00,69.5,2,bid,Dinh Nguyen,Callis Lee,3886298
2026-07-15T00:05:20.608798,2026-07-15T00:05:20.616552+00:00,69.2,5,ask,Callis Lee,BrilliantBurritos,3886316
2026-07-15T00:05:20.608798,2026-07-15T00:05:20.616552+00:00,69.2,5,ask,Sebastian Baldwin,BrilliantBurritos,3886317
2026-07-15T00:05:20.608798,2026-07-15T00:05:20.616552+00:00,69.2,10,ask,Kelvin Chan,BrilliantBurritos,3886318
2026-07-15T00:05:20.923476,2026-07-15T00:05:20.935575+00:00,69.3,200,ask,YieldingYams,WavyWalnuts,3886322
2026-07-15T00:05:21.814543,2026-07-15T00:05:21.817516+00:00,69.3,3,ask,YieldingYams,Sebastian Baldwin,3886336
2026-07-15T00:05:22.137609,2026-07-15T00:05:22.147402+00:00,69.3,200,ask,YieldingYams,WavyWalnuts,3886340
2026-07-15T00:05:22.154084,2026-07-15T00:05:22.157956+00:00,69.3,5,ask,Sebastian Baldwin,YieldingYams,3886341
2026-07-15T00:05:22.154084,2026-07-15T00:05:22.168583+00:00,69.2,5,ask,Callis Lee,YieldingYams,3886342
2026-07-15T00:05:22.154084,2026-07-15T00:05:22.168583+00:00,69.2,500,ask,AverageAlmonds,YieldingYams,3886343
2026-07-15T00:05:22.154084,2026-07-15T00:05:22.168583+00:00,69.1,115,ask,WavyWalnuts,YieldingYams,3886344
2026-07-15T00:05:22.845301,2026-07-15T00:05:22.854762+00:00,69.1,3,ask,WavyWalnuts,Sebastian Baldwin,3886361
2026-07-15T00:05:23.884609,2026-07-15T00:05:23.887382+00:00,69.3,3,ask,WavyWalnuts,Sebastian Baldwin,3886371
2026-07-15T00:05:24.917890,2026-07-15T00:05:24.921392+00:00,69.4,5,ask,YieldingYams,Sebastian Baldwin,3886395
2026-07-15T00:05:24.927066,2026-07-15T00:05:24.932215+00:00,69.4,3,ask,YieldingYams,Sebastian Baldwin,3886397
2026-07-15T00:05:25.021216,2026-07-15T00:05:25.030397+00:00,69.4,3,ask,YieldingYams,Callis Lee,3886400
2026-07-15T00:05:26.042177,2026-07-15T00:05:26.054707+00:00,69.4,25,ask,YieldingYams,Dinh Nguyen,3886419
2026-07-15T00:05:26.091378,2026-07-15T00:05:26.104021+00:00,69.4,200,ask,WavyWalnuts,YieldingYams,3886420
2026-07-15T00:05:26.091378,2026-07-15T00:05:26.104021+00:00,69.4,5,ask,Sebastian Baldwin,YieldingYams,3886421
2026-07-15T00:05:26.552712,2026-07-15T00:05:26.560765+00:00,69.4,2,bid,Dinh Nguyen,YieldingYams,3886435
2026-07-15T00:05:26.997155,2026-07-15T00:05:27.005221+00:00,69.3,5,ask,Callis Lee,WavyWalnuts,3886441
2026-07-15T00:05:26.997155,2026-07-15T00:05:27.005221+00:00,69.3,195,ask,YieldingYams,WavyWalnuts,3886442
2026-07-15T00:05:27.008518,2026-07-15T00:05:27.016015+00:00,69.4,5,bid,Sebastian Baldwin,YieldingYams,3886444
2026-07-15T00:05:28.043151,2026-07-15T00:05:28.046980+00:00,69.4,5,bid,YieldingYams,Sebastian Baldwin,3886457
2026-07-15T00:05:28.103742,2026-07-15T00:05:28.111021+00:00,69.4,25,bid,Dinh Nguyen,YieldingYams,3886458
2026-07-15T00:05:28.362940,2026-07-15T00:05:28.371273+00:00,69.4,2,bid,Dinh Nguyen,YieldingYams,3886466
2026-07-15T00:05:28.715634,2026-07-15T00:05:28.726346+00:00,69.4,5,bid,Sebastian Baldwin,YieldingYams,3886472
2026-07-15T00:05:28.715634,2026-07-15T00:05:28.726346+00:00,69.4,200,bid,YieldingYams,WavyWalnuts,3886473
2026-07-15T00:05:29.068111,2026-07-15T00:05:29.080593+00:00,69.5,3,bid,Sebastian Baldwin,YieldingYams,3886478
2026-07-15T00:05:29.415695,2026-07-15T00:05:29.426136+00:00,69.4,200,ask,YieldingYams,WavyWalnuts,3886486
2026-07-15T00:05:29.645705,2026-07-15T00:05:29.651037+00:00,69.5,2,bid,Dinh Nguyen,YieldingYams,3886493
2026-07-15T00:05:30.037564,2026-07-15T00:05:30.047192+00:00,69.4,42,ask,Sze-Yong Ng,YieldingYams,3886500
2026-07-15T00:05:30.037564,2026-07-15T00:05:30.047192+00:00,69.4,5,ask,Sebastian Baldwin,YieldingYams,3886501
2026-07-15T00:05:30.588150,2026-07-15T00:05:30.598010+00:00,69.3,20,ask,WavyWalnuts,BrilliantBurritos,3886506
2026-07-15T00:05:30.622046,2026-07-15T00:05:30.631047+00:00,69.4,200,bid,WavyWalnuts,YieldingYams,3886507
2026-07-15T00:05:30.922157,2026-07-15T00:05:30.933167+00:00,69.4,2,bid,Dinh Nguyen,YieldingYams,3886514
2026-07-15T00:05:31.831902,2026-07-15T00:05:31.844689+00:00,69.4,5,bid,WavyWalnuts,Sebastian Baldwin,3886532
2026-07-15T00:05:31.831902,2026-07-15T00:05:31.844689+00:00,69.5,195,bid,WavyWalnuts,YieldingYams,3886533
2026-07-15T00:05:32.154433,2026-07-15T00:05:32.165461+00:00,69.5,3,bid,Sebastian Baldwin,YieldingYams,3886536
2026-07-15T00:05:32.193739,2026-07-15T00:05:32.198306+00:00,69.5,2,bid,Dinh Nguyen,YieldingYams,3886538
2026-07-15T00:05:33.183269,2026-07-15T00:05:33.192723+00:00,69.5,3,bid,Sebastian Baldwin,WavyWalnuts,3886553
2026-07-15T00:05:33.463737,2026-07-15T00:05:33.469533+00:00,69.5,2,bid,Dinh Nguyen,WavyWalnuts,3886554
2026-07-15T00:05:34.734719,2026-07-15T00:05:34.742874+00:00,69.5,2,bid,Dinh Nguyen,Sebastian Baldwin,3886575
2026-07-15T00:05:35.241651,2026-07-15T00:05:35.253609+00:00,69.5,3,bid,Sebastian Baldwin,WavyWalnuts,3886584
2026-07-15T00:05:35.274889,2026-07-15T00:05:35.285316+00:00,69.5,197,bid,YieldingYams,WavyWalnuts,3886585
2026-07-15T00:05:35.274889,2026-07-15T00:05:35.285316+00:00,69.5,5,bid,YieldingYams,Sebastian Baldwin,3886586
2026-07-15T00:05:35.463549,2026-07-15T00:05:35.466436+00:00,69.5,200,ask,YieldingYams,WavyWalnuts,3886588
2026-07-15T00:05:36.000735,2026-07-15T00:05:36.007618+00:00,69.6,2,bid,Dinh Nguyen,YieldingYams,3886592
2026-07-15T00:05:36.271080,2026-07-15T00:05:36.282598+00:00,69.6,3,bid,Sebastian Baldwin,YieldingYams,3886599
2026-07-15T00:05:36.587350,2026-07-15T00:05:36.590366+00:00,69.5,5,ask,Sebastian Baldwin,YieldingYams,3886603
2026-07-15T00:05:37.515949,2026-07-15T00:05:37.526863+00:00,69.5,25,bid,Dinh Nguyen,YieldingYams,3886617
2026-07-15T00:05:37.771744,2026-07-15T00:05:37.781744+00:00,69.5,2,bid,Dinh Nguyen,YieldingYams,3886621
2026-07-15T00:05:37.880816,2026-07-15T00:05:37.888122+00:00,69.5,200,bid,WavyWalnuts,YieldingYams,3886623
2026-07-15T00:05:37.895160,2026-07-15T00:05:37.898775+00:00,69.5,5,bid,YieldingYams,Sebastian Baldwin,3886624
2026-07-15T00:05:38.329396,2026-07-15T00:05:38.334800+00:00,69.6,3,bid,Sebastian Baldwin,AverageAlmonds,3886633
2026-07-15T00:05:39.054336,2026-07-15T00:05:39.067410+00:00,69.6,2,bid,Dinh Nguyen,Sebastian Baldwin,3886651
2026-07-15T00:05:39.356131,2026-07-15T00:05:39.365197+00:00,69.6,3,bid,Sebastian Baldwin,AverageAlmonds,3886660
2026-07-15T00:05:39.653728,2026-07-15T00:05:39.664804+00:00,69.5,19,ask,Sze-Yong Ng,AverageAlmonds,3886661
2026-07-15T00:05:39.653728,2026-07-15T00:05:39.664804+00:00,69.5,481,ask,YieldingYams,AverageAlmonds,3886662
2026-07-15T00:05:40.243636,2026-07-15T00:05:40.253654+00:00,69.5,144,ask,YieldingYams,AverageAlmonds,3886673
2026-07-15T00:05:40.243636,2026-07-15T00:05:40.253654+00:00,69.5,5,ask,Sebastian Baldwin,AverageAlmonds,3886674
2026-07-15T00:05:40.308112,2026-07-15T00:05:40.317745+00:00,69.5,2,bid,Dinh Nguyen,AverageAlmonds,3886675
2026-07-15T00:05:40.435719,2026-07-15T00:05:40.445671+00:00,69.5,20,bid,BrilliantBurritos,AverageAlmonds,3886676
2026-07-15T00:05:40.523873,2026-07-15T00:05:40.530799+00:00,69.4,5,ask,Callis Lee,YieldingYams,3886679
2026-07-15T00:05:40.523873,2026-07-15T00:05:40.530799+00:00,69.4,80,ask,Kelvin Chan,YieldingYams,3886680
2026-07-15T00:05:40.523873,2026-07-15T00:05:40.530799+00:00,69.4,200,ask,WavyWalnuts,YieldingYams,3886681
2026-07-15T00:05:40.523873,2026-07-15T00:05:40.530799+00:00,69.4,5,ask,Sebastian Baldwin,YieldingYams,3886682
2026-07-15T00:05:40.612267,2026-07-15T00:05:40.616341+00:00,69.3,3,bid,Callis Lee,YieldingYams,3886685
2026-07-15T00:05:41.415036,2026-07-15T00:05:41.421675+00:00,69.3,10,bid,Sebastian Baldwin,YieldingYams,3886706
2026-07-15T00:05:41.513139,2026-07-15T00:05:41.518936+00:00,69.3,200,bid,WavyWalnuts,YieldingYams,3886709
2026-07-15T00:05:41.653358,2026-07-15T00:05:41.657991+00:00,69.3,3,bid,Callis Lee,YieldingYams,3886713
2026-07-15T00:05:41.709894,2026-07-15T00:05:41.711712+00:00,69.1,20,ask,YieldingYams,BrilliantBurritos,3886715
2026-07-15T00:05:41.817754,2026-07-15T00:05:41.830524+00:00,69.3,25,bid,Dinh Nguyen,YieldingYams,3886716
2026-07-15T00:05:42.092924,2026-07-15T00:05:42.096757+00:00,69.3,2,bid,Dinh Nguyen,Sebastian Baldwin,3886718
2026-07-15T00:05:42.446185,2026-07-15T00:05:42.449747+00:00,69.3,5,bid,Sebastian Baldwin,YieldingYams,3886723
2026-07-15T00:05:42.720659,2026-07-15T00:05:42.727958+00:00,69.3,3,bid,Callis Lee,YieldingYams,3886730
2026-07-15T00:05:43.150239,2026-07-15T00:05:43.158179+00:00,69.2,200,ask,WavyWalnuts,YieldingYams,3886733
2026-07-15T00:05:43.150239,2026-07-15T00:05:43.158179+00:00,69.1,425,ask,AverageAlmonds,YieldingYams,3886734
2026-07-15T00:05:43.463915,2026-07-15T00:05:43.470195+00:00,69.1,3,ask,Kelvin Chan,Sebastian Baldwin,3886742
2026-07-15T00:05:43.861709,2026-07-15T00:05:43.867313+00:00,69.4,2,bid,Dinh Nguyen,WavyWalnuts,3886748
2026-07-15T00:05:44.459852,2026-07-15T00:05:44.470135+00:00,69.2,200,bid,YieldingYams,WavyWalnuts,3886758
2026-07-15T00:05:45.118703,2026-07-15T00:05:45.123424+00:00,69.4,2,bid,Dinh Nguyen,YieldingYams,3886765
2026-07-15T00:05:45.774797,2026-07-15T00:05:45.777495+00:00,69.2,200,ask,WavyWalnuts,YieldingYams,3886782
2026-07-15T00:05:46.369714,2026-07-15T00:05:46.374146+00:00,69.2,2,bid,Dinh Nguyen,YieldingYams,3886792
2026-07-15T00:05:47.083861,2026-07-15T00:05:47.092979+00:00,69.2,5,bid,YieldingYams,Sebastian Baldwin,3886800
2026-07-15T00:05:47.620741,2026-07-15T00:05:47.624425+00:00,69.3,2,bid,Dinh Nguyen,Callis Lee,3886806
2026-07-15T00:05:48.396624,2026-07-15T00:05:48.398573+00:00,69.2,200,ask,WavyWalnuts,YieldingYams,3886821
2026-07-15T00:05:48.573811,2026-07-15T00:05:48.581859+00:00,69.2,10,bid,Sebastian Baldwin,YieldingYams,3886833
2026-07-15T00:05:48.928181,2026-07-15T00:05:48.935090+00:00,69.2,3,bid,Callis Lee,YieldingYams,3886839
2026-07-15T00:05:49.130738,2026-07-15T00:05:49.138845+00:00,69.2,25,bid,Dinh Nguyen,YieldingYams,3886842
2026-07-15T00:05:49.388775,2026-07-15T00:05:49.395133+00:00,69.2,2,bid,Dinh Nguyen,YieldingYams,3886849
2026-07-15T00:05:49.599218,2026-07-15T00:05:49.609294+00:00,69.2,10,bid,Sebastian Baldwin,YieldingYams,3886856
2026-07-15T00:05:49.707524,2026-07-15T00:05:49.716367+00:00,69.2,200,bid,YieldingYams,WavyWalnuts,3886860
2026-07-15T00:05:49.707524,2026-07-15T00:05:49.716367+00:00,69.2,5,bid,YieldingYams,Sebastian Baldwin,3886861
2026-07-15T00:05:49.707524,2026-07-15T00:05:49.716367+00:00,69.3,420,bid,YieldingYams,AverageAlmonds,3886862
2026-07-15T00:05:49.982983,2026-07-15T00:05:49.987392+00:00,69.3,3,bid,Callis Lee,Kelvin Chan,3886871
2026-07-15T00:05:50.634887,2026-07-15T00:05:50.639113+00:00,69.3,5,bid,Sebastian Baldwin,Kelvin Chan,3886884
2026-07-15T00:05:50.639858,2026-07-15T00:05:50.649896+00:00,69.3,3,bid,Sebastian Baldwin,Kelvin Chan,3886885
2026-07-15T00:05:50.643114,2026-07-15T00:05:50.649896+00:00,69.3,2,bid,Dinh Nguyen,Kelvin Chan,3886886
2026-07-15T00:05:50.969467,2026-07-15T00:05:50.973157+00:00,69.3,20,bid,BrilliantBurritos,Kelvin Chan,3886892
2026-07-15T00:05:51.029887,2026-07-15T00:05:51.038982+00:00,69.3,3,bid,Callis Lee,Kelvin Chan,3886893
2026-07-15T00:05:51.665115,2026-07-15T00:05:51.667276+00:00,69.2,5,bid,Sebastian Baldwin,WavyWalnuts,3886906
2026-07-15T00:05:51.888733,2026-07-15T00:05:51.895898+00:00,69.2,2,bid,Dinh Nguyen,WavyWalnuts,3886913
2026-07-15T00:05:52.370120,2026-07-15T00:05:52.380176+00:00,69.2,193,bid,YieldingYams,WavyWalnuts,3886921
2026-07-15T00:05:52.370120,2026-07-15T00:05:52.380176+00:00,69.2,5,bid,YieldingYams,Callis Lee,3886922
2026-07-15T00:05:52.370120,2026-07-15T00:05:52.380176+00:00,69.2,5,bid,YieldingYams,Sebastian Baldwin,3886923
2026-07-15T00:05:52.410569,2026-07-15T00:05:52.412381+00:00,69.2,200,ask,YieldingYams,WavyWalnuts,3886924
2026-07-15T00:05:52.684489,2026-07-15T00:05:52.687220+00:00,69.3,3,bid,Sebastian Baldwin,AverageAlmonds,3886938
2026-07-15T00:05:53.135816,2026-07-15T00:05:53.140317+00:00,69.3,2,bid,Dinh Nguyen,Sebastian Baldwin,3886944
2026-07-15T00:05:53.619258,2026-07-15T00:05:53.630793+00:00,69.2,200,ask,YieldingYams,WavyWalnuts,3886946
2026-07-15T00:05:53.711371,2026-07-15T00:05:53.716133+00:00,69.2,3,bid,Sebastian Baldwin,YieldingYams,3886947
2026-07-15T00:05:54.384730,2026-07-15T00:05:54.392933+00:00,69.2,2,bid,Dinh Nguyen,YieldingYams,3886966
2026-07-15T00:05:54.734248,2026-07-15T00:05:54.739097+00:00,69.1,3,ask,YieldingYams,Sebastian Baldwin,3886969
2026-07-15T00:05:54.996551,2026-07-15T00:05:54.999260+00:00,69.1,200,ask,WavyWalnuts,YieldingYams,3886972
2026-07-15T00:05:55.631746,2026-07-15T00:05:55.639205+00:00,69.1,2,bid,Dinh Nguyen,YieldingYams,3886981
2026-07-15T00:05:56.307612,2026-07-15T00:05:56.311186+00:00,69.0,200,ask,WavyWalnuts,YieldingYams,3886988
2026-07-15T00:05:56.880754,2026-07-15T00:05:56.882804+00:00,69.0,2,bid,Dinh Nguyen,YieldingYams,3886996
2026-07-15T00:05:57.813848,2026-07-15T00:05:57.821461+00:00,68.9,3,ask,Kelvin Chan,Sebastian Baldwin,3887010
2026-07-15T00:05:58.450408,2026-07-15T00:05:58.470185+00:00,69.0,5,bid,WavyWalnuts,Callis Lee,3887024
2026-07-15T00:05:59.663161,2026-07-15T00:05:59.673659+00:00,69.1,61,bid,WavyWalnuts,Sze-Yong Ng,3887040
2026-07-15T00:05:59.663161,2026-07-15T00:05:59.673659+00:00,69.1,5,bid,WavyWalnuts,Sebastian Baldwin,3887041
2026-07-15T00:05:59.663161,2026-07-15T00:05:59.673659+00:00,69.1,134,bid,WavyWalnuts,YieldingYams,3887042
2026-07-15T00:06:00.671763,2026-07-15T00:06:00.681008+00:00,69.1,2,bid,Dinh Nguyen,Sebastian Baldwin,3887059
2026-07-15T00:06:00.865001,2026-07-15T00:06:00.870187+00:00,69.1,5,bid,Sebastian Baldwin,Callis Lee,3887065
2026-07-15T00:06:01.565733,2026-07-15T00:06:01.577337+00:00,69.1,200,ask,WavyWalnuts,YieldingYams,3887074
2026-07-15T00:06:01.565733,2026-07-15T00:06:01.577337+00:00,69.1,42,ask,Sze-Yong Ng,YieldingYams,3887075
2026-07-15T00:06:01.565733,2026-07-15T00:06:01.577337+00:00,69.0,5,ask,Callis Lee,YieldingYams,3887076
2026-07-15T00:06:01.885920,2026-07-15T00:06:01.888218+00:00,68.9,3,ask,YieldingYams,Sebastian Baldwin,3887084
2026-07-15T00:06:02.209741,2026-07-15T00:06:02.220731+00:00,69.0,25,bid,Dinh Nguyen,YieldingYams,3887090
2026-07-15T00:06:02.466787,2026-07-15T00:06:02.475624+00:00,68.9,2,ask,YieldingYams,Dinh Nguyen,3887094
2026-07-15T00:06:03.298216,2026-07-15T00:06:03.301304+00:00,68.9,7,ask,Sze-Yong Ng,WavyWalnuts,3887109
2026-07-15T00:06:03.347015,2026-07-15T00:06:03.356230+00:00,68.9,20,bid,BrilliantBurritos,WavyWalnuts,3887110
2026-07-15T00:06:03.744716,2026-07-15T00:06:03.753683+00:00,68.8,2,ask,YieldingYams,Dinh Nguyen,3887111
2026-07-15T00:06:04.505718,2026-07-15T00:06:04.509033+00:00,68.9,5,bid,WavyWalnuts,Sebastian Baldwin,3887124
2026-07-15T00:06:04.505718,2026-07-15T00:06:04.519909+00:00,68.9,195,bid,WavyWalnuts,YieldingYams,3887125
2026-07-15T00:06:05.016809,2026-07-15T00:06:05.026572+00:00,68.8,2,ask,YieldingYams,Dinh Nguyen,3887130
2026-07-15T00:06:06.926859,2026-07-15T00:06:06.929838+00:00,68.9,5,bid,WavyWalnuts,Sebastian Baldwin,3887156
2026-07-15T00:06:06.926859,2026-07-15T00:06:06.940714+00:00,68.9,195,bid,WavyWalnuts,YieldingYams,3887157
2026-07-15T00:06:06.970143,2026-07-15T00:06:06.972964+00:00,68.9,3,bid,Sebastian Baldwin,YieldingYams,3887159
2026-07-15T00:06:07.506834,2026-07-15T00:06:07.513397+00:00,68.9,427,bid,AverageAlmonds,YieldingYams,3887163
2026-07-15T00:06:07.506834,2026-07-15T00:06:07.513397+00:00,68.9,5,bid,AverageAlmonds,Sebastian Baldwin,3887164
2026-07-15T00:06:07.992777,2026-07-15T00:06:08.002960+00:00,69.1,3,bid,Sebastian Baldwin,WavyWalnuts,3887178
2026-07-15T00:06:08.124233,2026-07-15T00:06:08.133381+00:00,69.1,197,bid,YieldingYams,WavyWalnuts,3887179
2026-07-15T00:06:08.124233,2026-07-15T00:06:08.133381+00:00,69.1,46,bid,YieldingYams,Kelvin Chan,3887180
2026-07-15T00:06:08.124233,2026-07-15T00:06:08.133381+00:00,69.1,5,bid,YieldingYams,Sebastian Baldwin,3887181
2026-07-15T00:06:08.137435,2026-07-15T00:06:08.144335+00:00,69.1,200,ask,YieldingYams,WavyWalnuts,3887182
2026-07-15T00:06:08.822724,2026-07-15T00:06:08.835231+00:00,69.1,2,ask,YieldingYams,Dinh Nguyen,3887196
2026-07-15T00:06:09.013346,2026-07-15T00:06:09.018164+00:00,69.2,3,bid,Sebastian Baldwin,YieldingYams,3887204
2026-07-15T00:06:09.442438,2026-07-15T00:06:09.450675+00:00,69.0,200,ask,WavyWalnuts,YieldingYams,3887212
2026-07-15T00:06:10.035480,2026-07-15T00:06:10.037244+00:00,69.0,3,bid,Sebastian Baldwin,YieldingYams,3887220
2026-07-15T00:06:10.549265,2026-07-15T00:06:10.559051+00:00,69.0,200,bid,WavyWalnuts,YieldingYams,3887230
2026-07-15T00:06:10.751693,2026-07-15T00:06:10.755495+00:00,69.0,5,bid,YieldingYams,Sebastian Baldwin,3887231
2026-07-15T00:06:11.055491,2026-07-15T00:06:11.060996+00:00,69.1,3,bid,Sebastian Baldwin,YieldingYams,3887235
2026-07-15T00:06:11.339274,2026-07-15T00:06:11.351731+00:00,69.0,2,ask,YieldingYams,Dinh Nguyen,3887242
2026-07-15T00:06:12.080265,2026-07-15T00:06:12.091715+00:00,69.2,3,bid,Sebastian Baldwin,WavyWalnuts,3887250
2026-07-15T00:06:12.596792,2026-07-15T00:06:12.607202+00:00,69.0,2,ask,WavyWalnuts,Dinh Nguyen,3887254
2026-07-15T00:06:13.098930,2026-07-15T00:06:13.101529+00:00,69.2,3,bid,Sebastian Baldwin,YieldingYams,3887263
2026-07-15T00:06:13.849755,2026-07-15T00:06:13.854683+00:00,69.1,2,ask,YieldingYams,Dinh Nguyen,3887280
2026-07-15T00:06:14.180738,2026-07-15T00:06:14.182942+00:00,69.2,5,bid,WavyWalnuts,Sebastian Baldwin,3887287
2026-07-15T00:06:14.690675,2026-07-15T00:06:14.701357+00:00,69.2,195,ask,WavyWalnuts,YieldingYams,3887291
2026-07-15T00:06:15.101815,2026-07-15T00:06:15.104911+00:00,69.1,2,ask,YieldingYams,Dinh Nguyen,3887294
2026-07-15T00:06:15.166539,2026-07-15T00:06:15.170128+00:00,69.2,3,bid,Sebastian Baldwin,YieldingYams,3887297
2026-07-15T00:06:15.391981,2026-07-15T00:06:15.398805+00:00,69.1,200,ask,YieldingYams,WavyWalnuts,3887301
2026-07-15T00:06:17.217764,2026-07-15T00:06:17.228810+00:00,69.2,5,bid,Sebastian Baldwin,WavyWalnuts,3887337
2026-07-15T00:06:18.040299,2026-07-15T00:06:18.049754+00:00,69.1,3,bid,Callis Lee,YieldingYams,3887348
2026-07-15T00:06:18.243814,2026-07-15T00:06:18.253783+00:00,69.1,10,bid,Sebastian Baldwin,YieldingYams,3887358
2026-07-15T00:06:19.024263,2026-07-15T00:06:19.034796+00:00,69.1,5,bid,WavyWalnuts,Sebastian Baldwin,3887371
2026-07-15T00:06:19.024263,2026-07-15T00:06:19.034796+00:00,69.1,195,bid,WavyWalnuts,YieldingYams,3887372
2026-07-15T00:06:19.090911,2026-07-15T00:06:19.100170+00:00,69.1,3,bid,Sebastian Baldwin,YieldingYams,3887373
2026-07-15T00:06:19.266612,2026-07-15T00:06:19.273920+00:00,69.1,10,bid,Sebastian Baldwin,YieldingYams,3887378
2026-07-15T00:06:19.271782,2026-07-15T00:06:19.273920+00:00,69.1,3,bid,Callis Lee,YieldingYams,3887379
2026-07-15T00:06:22.550767,2026-07-15T00:06:22.568723+00:00,69.1,200,bid,YieldingYams,WavyWalnuts,3887424
2026-07-15T00:06:22.550767,2026-07-15T00:06:22.568723+00:00,69.1,5,bid,YieldingYams,Sebastian Baldwin,3887425
2026-07-15T00:06:22.550767,2026-07-15T00:06:22.568723+00:00,69.2,5,bid,YieldingYams,Callis Lee,3887426
2026-07-15T00:06:22.652652,2026-07-15T00:06:22.655474+00:00,69.3,200,ask,YieldingYams,WavyWalnuts,3887429
2026-07-15T00:06:23.363785,2026-07-15T00:06:23.372445+00:00,69.4,3,bid,Sebastian Baldwin,Sze-Yong Ng,3887446
2026-07-15T00:06:24.282487,2026-07-15T00:06:24.286411+00:00,69.2,3,bid,Callis Lee,WavyWalnuts,3887460
2026-07-15T00:06:24.387130,2026-07-15T00:06:24.395099+00:00,69.2,9,bid,Sebastian Baldwin,WavyWalnuts,3887463
2026-07-15T00:06:25.071821,2026-07-15T00:06:25.082493+00:00,69.1,28,ask,Sze-Yong Ng,WavyWalnuts,3887474
2026-07-15T00:06:25.407691,2026-07-15T00:06:25.416497+00:00,69.0,3,ask,WavyWalnuts,Sebastian Baldwin,3887480
2026-07-15T00:06:27.807998,2026-07-15T00:06:27.813576+00:00,68.9,500,ask,AverageAlmonds,YieldingYams,3887503
2026-07-15T00:06:27.807998,2026-07-15T00:06:27.813576+00:00,68.9,125,ask,WavyWalnuts,YieldingYams,3887504
2026-07-15T00:06:31.128832,2026-07-15T00:06:31.141317+00:00,69.1,200,bid,WavyWalnuts,YieldingYams,3887555
2026-07-15T00:06:32.566749,2026-07-15T00:06:32.568748+00:00,69.1,3,bid,Callis Lee,YieldingYams,3887576
2026-07-15T00:06:32.588800,2026-07-15T00:06:32.601028+00:00,69.1,3,bid,Sebastian Baldwin,YieldingYams,3887577
2026-07-15T00:06:33.052074,2026-07-15T00:06:33.056991+00:00,69.0,200,ask,WavyWalnuts,YieldingYams,3887589
2026-07-15T00:06:33.052074,2026-07-15T00:06:33.056991+00:00,69.0,425,ask,AverageAlmonds,YieldingYams,3887590
2026-07-15T00:06:33.547210,2026-07-15T00:06:33.557728+00:00,69.0,200,ask,AverageAlmonds,WavyWalnuts,3887595
2026-07-15T00:06:35.670390,2026-07-15T00:06:35.675131+00:00,69.1,200,ask,WavyWalnuts,YieldingYams,3887626
2026-07-15T00:06:36.978225,2026-07-15T00:06:36.989616+00:00,69.1,5,bid,YieldingYams,Sebastian Baldwin,3887645
2026-07-15T00:06:37.198238,2026-07-15T00:06:37.207530+00:00,69.1,200,ask,YieldingYams,WavyWalnuts,3887647
2026-07-15T00:06:37.823853,2026-07-15T00:06:37.828157+00:00,69.1,20,ask,YieldingYams,BrilliantBurritos,3887658
2026-07-15T00:06:38.407035,2026-07-15T00:06:38.419117+00:00,69.0,200,ask,YieldingYams,WavyWalnuts,3887664
2026-07-15T00:06:38.857898,2026-07-15T00:06:38.869929+00:00,69.0,20,ask,YieldingYams,BrilliantBurritos,3887666
2026-07-15T00:06:42.223361,2026-07-15T00:06:42.227691+00:00,69.1,500,ask,AverageAlmonds,YieldingYams,3887711
2026-07-15T00:06:42.223361,2026-07-15T00:06:42.238545+00:00,69.1,125,ask,WavyWalnuts,YieldingYams,3887712
2026-07-15T00:06:43.534039,2026-07-15T00:06:43.545425+00:00,69.2,5,bid,YieldingYams,Sebastian Baldwin,3887725
2026-07-15T00:06:43.534039,2026-07-15T00:06:43.545425+00:00,69.2,200,bid,YieldingYams,WavyWalnuts,3887726
2026-07-15T00:06:43.755052,2026-07-15T00:06:43.758892+00:00,69.3,3,bid,Sebastian Baldwin,Callis Lee,3887729
2026-07-15T00:06:44.445972,2026-07-15T00:06:44.453622+00:00,69.3,5,bid,WavyWalnuts,Sebastian Baldwin,3887744
2026-07-15T00:06:44.771818,2026-07-15T00:06:44.782471+00:00,69.4,3,bid,Sebastian Baldwin,YieldingYams,3887755
2026-07-15T00:06:44.847443,2026-07-15T00:06:44.852008+00:00,69.3,195,ask,WavyWalnuts,YieldingYams,3887758
2026-07-15T00:06:45.799564,2026-07-15T00:06:45.809718+00:00,69.2,5,bid,Sebastian Baldwin,YieldingYams,3887765
2026-07-15T00:06:46.680005,2026-07-15T00:06:46.691160+00:00,69.2,20,bid,BrilliantBurritos,WavyWalnuts,3887787
2026-07-15T00:06:46.857267,2026-07-15T00:06:46.861487+00:00,69.2,2,bid,Sebastian Baldwin,WavyWalnuts,3887789
2026-07-15T00:06:46.869887,2026-07-15T00:06:46.872215+00:00,69.2,5,bid,WavyWalnuts,Sebastian Baldwin,3887790
2026-07-15T00:06:47.468641,2026-07-15T00:06:47.472242+00:00,69.2,195,ask,WavyWalnuts,YieldingYams,3887795
2026-07-15T00:06:47.883520,2026-07-15T00:06:47.894549+00:00,69.2,3,bid,Sebastian Baldwin,YieldingYams,3887802
2026-07-15T00:06:48.662129,2026-07-15T00:06:48.669893+00:00,69.2,427,bid,AverageAlmonds,YieldingYams,3887814
2026-07-15T00:06:48.662129,2026-07-15T00:06:48.669893+00:00,69.2,5,bid,AverageAlmonds,Sebastian Baldwin,3887815
2026-07-15T00:06:48.662129,2026-07-15T00:06:48.669893+00:00,69.2,68,bid,AverageAlmonds,WavyWalnuts,3887816
2026-07-15T00:06:48.775588,2026-07-15T00:06:48.794351+00:00,69.2,132,bid,YieldingYams,WavyWalnuts,3887826
2026-07-15T00:06:48.775588,2026-07-15T00:06:48.794351+00:00,69.4,5,bid,YieldingYams,Callis Lee,3887827
2026-07-15T00:06:49.290969,2026-07-15T00:06:49.300587+00:00,69.4,200,ask,YieldingYams,WavyWalnuts,3887839
2026-07-15T00:06:50.202383,2026-07-15T00:06:50.207009+00:00,69.5,1,bid,Callis Lee,YieldingYams,3887849
2026-07-15T00:06:50.935277,2026-07-15T00:06:50.947749+00:00,69.3,3,ask,YieldingYams,Sebastian Baldwin,3887866
2026-07-15T00:06:51.962486,2026-07-15T00:06:51.970515+00:00,69.4,10,bid,Sebastian Baldwin,WavyWalnuts,3887883
2026-07-15T00:06:52.301218,2026-07-15T00:06:52.310971+00:00,69.4,3,bid,Callis Lee,WavyWalnuts,3887888
2026-07-15T00:06:52.708481,2026-07-15T00:06:52.712953+00:00,69.4,187,bid,YieldingYams,WavyWalnuts,3887896
2026-07-15T00:06:52.708481,2026-07-15T00:06:52.712953+00:00,69.4,5,bid,YieldingYams,Sebastian Baldwin,3887897
2026-07-15T00:06:52.915145,2026-07-15T00:06:52.925888+00:00,69.4,200,ask,YieldingYams,WavyWalnuts,3887899
2026-07-15T00:06:53.707119,2026-07-15T00:06:53.718476+00:00,69.5,20,bid,BrilliantBurritos,AverageAlmonds,3887915
2026-07-15T00:06:54.023085,2026-07-15T00:06:54.027739+00:00,69.2,200,ask,WavyWalnuts,YieldingYams,3887918
2026-07-15T00:06:54.023085,2026-07-15T00:06:54.027739+00:00,69.1,5,ask,Callis Lee,YieldingYams,3887919
2026-07-15T00:06:54.023085,2026-07-15T00:06:54.038739+00:00,69.1,420,ask,AverageAlmonds,YieldingYams,3887920
2026-07-15T00:06:55.337139,2026-07-15T00:06:55.376657+00:00,69.2,20,ask,WavyWalnuts,BrilliantBurritos,3887935
2026-07-15T00:06:55.354415,2026-07-15T00:06:55.376657+00:00,69.3,200,ask,YieldingYams,WavyWalnuts,3887936
2026-07-15T00:06:56.564655,2026-07-15T00:06:56.567739+00:00,69.3,200,ask,YieldingYams,WavyWalnuts,3887950
2026-07-15T00:06:56.667067,2026-07-15T00:06:56.674590+00:00,69.3,500,ask,AverageAlmonds,YieldingYams,3887951
2026-07-15T00:06:57.123071,2026-07-15T00:06:57.133740+00:00,69.3,125,bid,AverageAlmonds,YieldingYams,3887961
2026-07-15T00:06:57.123071,2026-07-15T00:06:57.133740+00:00,69.3,5,bid,AverageAlmonds,Sebastian Baldwin,3887962
2026-07-15T00:06:57.975092,2026-07-15T00:06:57.985729+00:00,69.4,200,bid,YieldingYams,WavyWalnuts,3887978
2026-07-15T00:06:57.975092,2026-07-15T00:06:57.985729+00:00,69.5,5,bid,YieldingYams,Callis Lee,3887979
2026-07-15T00:06:58.054875,2026-07-15T00:06:58.060835+00:00,69.7,3,bid,Sebastian Baldwin,AverageAlmonds,3887982
2026-07-15T00:06:58.982218,2026-07-15T00:06:58.986736+00:00,69.5,200,ask,YieldingYams,WavyWalnuts,3887996
2026-07-15T00:06:59.652205,2026-07-15T00:06:59.657613+00:00,69.6,20,bid,BrilliantBurritos,YieldingYams,3888003
2026-07-15T00:07:00.598939,2026-07-15T00:07:00.608723+00:00,69.4,80,ask,Kelvin Chan,YieldingYams,3888014
2026-07-15T00:07:00.598939,2026-07-15T00:07:00.608723+00:00,69.4,200,ask,WavyWalnuts,YieldingYams,3888015
2026-07-15T00:07:01.401474,2026-07-15T00:07:01.406179+00:00,69.4,200,bid,WavyWalnuts,YieldingYams,3888023
2026-07-15T00:07:01.908167,2026-07-15T00:07:01.910791+00:00,69.4,5,bid,YieldingYams,Sebastian Baldwin,3888031
2026-07-15T00:07:01.908167,2026-07-15T00:07:01.927181+00:00,69.4,5,bid,YieldingYams,Callis Lee,3888032
2026-07-15T00:07:02.613458,2026-07-15T00:07:02.621769+00:00,69.4,200,ask,YieldingYams,WavyWalnuts,3888046
2026-07-15T00:07:03.820875,2026-07-15T00:07:03.861943+00:00,69.5,200,bid,WavyWalnuts,YieldingYams,3888065
2026-07-15T00:07:04.529704,2026-07-15T00:07:04.587402+00:00,69.5,13,bid,YieldingYams,Sze-Yong Ng,3888071
2026-07-15T00:07:04.529704,2026-07-15T00:07:04.587402+00:00,69.5,5,bid,YieldingYams,Sebastian Baldwin,3888072
2026-07-15T00:07:04.529704,2026-07-15T00:07:04.587402+00:00,69.6,200,bid,YieldingYams,WavyWalnuts,3888073
2026-07-15T00:07:04.529704,2026-07-15T00:07:04.587402+00:00,69.6,5,bid,YieldingYams,Callis Lee,3888074
2026-07-15T00:07:05.032402,2026-07-15T00:07:05.041268+00:00,69.6,200,ask,YieldingYams,WavyWalnuts,3888089
2026-07-15T00:07:05.164845,2026-07-15T00:07:05.171581+00:00,69.7,3,bid,Sebastian Baldwin,Kelvin Chan,3888091
2026-07-15T00:07:05.599750,2026-07-15T00:07:05.608698+00:00,69.6,202,ask,YieldingYams,AverageAlmonds,3888103
2026-07-15T00:07:05.848276,2026-07-15T00:07:05.853910+00:00,69.4,5,ask,Callis Lee,YieldingYams,3888106
2026-07-15T00:07:05.848276,2026-07-15T00:07:05.853910+00:00,69.4,200,ask,WavyWalnuts,YieldingYams,3888107
2026-07-15T00:07:05.848276,2026-07-15T00:07:05.853910+00:00,69.4,52,ask,Kelvin Chan,YieldingYams,3888108
2026-07-15T00:07:06.040065,2026-07-15T00:07:06.042484+00:00,69.4,3,bid,Callis Lee,YieldingYams,3888110
2026-07-15T00:07:06.238161,2026-07-15T00:07:06.244401+00:00,69.4,200,bid,WavyWalnuts,YieldingYams,3888118
2026-07-15T00:07:06.242723,2026-07-15T00:07:06.255114+00:00,69.4,10,bid,Sebastian Baldwin,YieldingYams,3888119
2026-07-15T00:07:07.087707,2026-07-15T00:07:07.091076+00:00,69.4,3,bid,Callis Lee,YieldingYams,3888130
2026-07-15T00:07:07.162105,2026-07-15T00:07:07.166734+00:00,69.4,5,bid,YieldingYams,Sebastian Baldwin,3888134
2026-07-15T00:07:07.261172,2026-07-15T00:07:07.273688+00:00,69.6,3,bid,Sebastian Baldwin,WavyWalnuts,3888137
2026-07-15T00:07:07.404305,2026-07-15T00:07:07.411008+00:00,69.5,20,ask,YieldingYams,BrilliantBurritos,3888139
2026-07-15T00:07:07.458489,2026-07-15T00:07:07.464648+00:00,69.5,200,ask,YieldingYams,WavyWalnuts,3888140
2026-07-15T00:07:07.972440,2026-07-15T00:07:07.977621+00:00,69.6,5,bid,BrilliantBurritos,Callis Lee,3888150
2026-07-15T00:07:07.972440,2026-07-15T00:07:07.977621+00:00,69.6,15,bid,BrilliantBurritos,Kelvin Chan,3888151
2026-07-15T00:07:08.665629,2026-07-15T00:07:08.669722+00:00,69.5,200,ask,YieldingYams,WavyWalnuts,3888160
2026-07-15T00:07:09.295293,2026-07-15T00:07:09.298711+00:00,69.5,3,ask,YieldingYams,Sebastian Baldwin,3888177
2026-07-15T00:07:10.312825,2026-07-15T00:07:10.320956+00:00,69.3,3,ask,YieldingYams,Sebastian Baldwin,3888197
2026-07-15T00:07:11.081037,2026-07-15T00:07:11.086727+00:00,69.3,200,ask,YieldingYams,WavyWalnuts,3888203
2026-07-15T00:07:11.330942,2026-07-15T00:07:11.335057+00:00,69.1,3,ask,AverageAlmonds,Sebastian Baldwin,3888206
2026-07-15T00:07:14.378707,2026-07-15T00:07:14.385030+00:00,69.2,5,ask,AverageAlmonds,Sebastian Baldwin,3888256
2026-07-15T00:07:14.388630,2026-07-15T00:07:14.395953+00:00,69.2,3,ask,AverageAlmonds,Sebastian Baldwin,3888258
2026-07-15T00:07:14.458797,2026-07-15T00:07:14.471011+00:00,69.2,25,ask,AverageAlmonds,Dinh Nguyen,3888262
2026-07-15T00:07:14.977814,2026-07-15T00:07:14.982038+00:00,69.2,2,bid,Dinh Nguyen,WavyWalnuts,3888271
2026-07-15T00:07:15.023626,2026-07-15T00:07:15.035218+00:00,69.1,500,ask,AverageAlmonds,YieldingYams,3888272
