timestamp,recv_time,price,volume,aggressor_side,buyer,seller,trade_id
2026-06-30T04:35:15.368608,2026-06-29T18:35:16.359942+00:00,112.6,200,bid,,,13110754
2026-06-30T04:35:17.781998,2026-06-29T18:35:18.565378+00:00,112.7,200,bid,,,13110782
2026-06-30T04:35:18.292264,2026-06-29T18:35:19.073410+00:00,112.7,300,bid,,,13110790
2026-06-30T04:35:18.348552,2026-06-29T18:35:19.138352+00:00,112.7,325,ask,,,13110792
2026-06-30T04:35:18.885663,2026-06-29T18:35:19.667830+00:00,112.7,20,bid,,,13110800
2026-06-30T04:35:19.604364,2026-06-29T18:35:20.385228+00:00,112.6,200,ask,,,13110814
2026-06-30T04:35:20.918568,2026-06-29T18:35:21.699430+00:00,112.4,200,bid,,,13110841
2026-06-30T04:35:21.408498,2026-06-29T18:35:22.194769+00:00,112.5,200,ask,,,13110847
2026-06-30T04:35:22.620992,2026-06-29T18:35:23.402994+00:00,112.5,9,ask,,,13110864
2026-06-30T04:35:23.837598,2026-06-29T18:35:24.627604+00:00,112.4,9,ask,,,13110886
2026-06-30T04:35:23.837598,2026-06-29T18:35:24.627604+00:00,112.4,191,ask,,,13110887
2026-06-30T04:35:24.938192,2026-06-29T18:35:25.725997+00:00,112.5,5,bid,,,13110909
2026-06-30T04:35:25.147478,2026-06-29T18:35:25.935561+00:00,112.4,25,bid,,,13110914
2026-06-30T04:35:25.169295,2026-06-29T18:35:25.957658+00:00,112.4,25,bid,,,13110916
2026-06-30T04:35:25.356739,2026-06-29T18:35:26.141720+00:00,112.4,25,bid,,,13110920
2026-06-30T04:35:25.378511,2026-06-29T18:35:26.163824+00:00,112.4,25,bid,,,13110922
2026-06-30T04:35:25.564519,2026-06-29T18:35:26.348808+00:00,112.4,25,bid,,,13110926
2026-06-30T04:35:25.588850,2026-06-29T18:35:26.370950+00:00,112.4,25,bid,,,13110928
2026-06-30T04:35:26.255297,2026-06-29T18:35:27.045258+00:00,112.5,200,bid,,,13110932
2026-06-30T04:35:30.101930,2026-06-29T18:35:30.884421+00:00,112.5,20,ask,,,13110996
2026-06-30T04:35:31.091722,2026-06-29T18:35:31.882147+00:00,112.6,200,bid,,,13111014
2026-06-30T04:35:31.421350,2026-06-29T18:35:32.208310+00:00,112.7,2,bid,,,13111019
2026-06-30T04:35:32.301448,2026-06-29T18:35:33.091755+00:00,112.7,200,ask,,,13111036
2026-06-30T04:35:34.783814,2026-06-29T18:35:35.569819+00:00,112.7,25,ask,,,13111090
2026-06-30T04:35:34.811472,2026-06-29T18:35:35.602961+00:00,112.7,25,ask,,,13111092
2026-06-30T04:35:34.993656,2026-06-29T18:35:35.777349+00:00,112.7,25,ask,,,13111097
2026-06-30T04:35:35.020608,2026-06-29T18:35:35.809609+00:00,112.7,25,ask,,,13111101
2026-06-30T04:35:35.202648,2026-06-29T18:35:35.993311+00:00,112.7,5,ask,,,13111103
2026-06-30T04:35:36.820479,2026-06-29T18:35:37.602696+00:00,112.7,10,bid,,,13111140
2026-06-30T04:35:37.974281,2026-06-29T18:35:38.766167+00:00,112.5,200,ask,,,13111162
2026-06-30T04:35:38.009902,2026-06-29T18:35:38.797845+00:00,112.3,7,ask,,,13111163
2026-06-30T04:35:38.009902,2026-06-29T18:35:38.797845+00:00,112.3,13,ask,,,13111164
2026-06-30T04:35:38.744796,2026-06-29T18:35:39.527392+00:00,112.5,20,bid,,,13111173
2026-06-30T04:35:39.283165,2026-06-29T18:35:40.068594+00:00,112.5,200,bid,,,13111183
2026-06-30T04:35:39.585146,2026-06-29T18:35:40.374187+00:00,112.5,200,ask,,,13111188
2026-06-30T04:35:40.757040,2026-06-29T18:35:41.548273+00:00,112.5,500,bid,,,13111204
2026-06-30T04:35:41.355679,2026-06-29T18:35:42.145189+00:00,112.5,125,bid,,,13111212
2026-06-30T04:35:41.355679,2026-06-29T18:35:42.145189+00:00,112.5,200,bid,,,13111213
2026-06-30T04:35:42.010453,2026-06-29T18:35:42.797657+00:00,112.6,200,ask,,,13111228
2026-06-30T04:35:43.236375,2026-06-29T18:35:44.020084+00:00,112.7,25,ask,,,13111252
2026-06-30T04:35:43.247248,2026-06-29T18:35:44.031147+00:00,112.7,25,ask,,,13111254
2026-06-30T04:35:44.526400,2026-06-29T18:35:45.314031+00:00,112.8,200,bid,,,13111271
2026-06-30T04:35:44.984511,2026-06-29T18:35:45.769643+00:00,112.8,425,ask,,,13111277
2026-06-30T04:35:45.123780,2026-06-29T18:35:45.910057+00:00,112.8,20,bid,,,13111281
2026-06-30T04:35:45.836932,2026-06-29T18:35:46.628338+00:00,112.7,200,bid,,,13111296
2026-06-30T04:35:46.672234,2026-06-29T18:35:47.464397+00:00,112.7,25,ask,,,13111319
2026-06-30T04:35:46.672672,2026-06-29T18:35:47.464397+00:00,112.7,25,ask,,,13111321
2026-06-30T04:35:46.888012,2026-06-29T18:35:47.671810+00:00,112.7,25,ask,,,13111326
2026-06-30T04:35:46.891260,2026-06-29T18:35:47.682874+00:00,112.7,25,ask,,,13111327
2026-06-30T04:35:49.144857,2026-06-29T18:35:49.929579+00:00,112.7,20,bid,,,13111361
2026-06-30T04:35:52.110203,2026-06-29T18:35:52.895233+00:00,112.8,25,ask,,,13111427
2026-06-30T04:35:52.114043,2026-06-29T18:35:52.895233+00:00,112.8,25,ask,,,13111428
2026-06-30T04:35:52.321528,2026-06-29T18:35:53.111084+00:00,112.8,25,ask,,,13111436
2026-06-30T04:35:52.325824,2026-06-29T18:35:53.111084+00:00,112.8,25,ask,,,13111437
2026-06-30T04:35:52.534113,2026-06-29T18:35:53.318779+00:00,112.8,6,ask,,,13111446
2026-06-30T04:35:55.503386,2026-06-29T18:35:56.286108+00:00,112.6,7,ask,,,13111494
2026-06-30T04:35:55.503386,2026-06-29T18:35:56.297173+00:00,112.6,13,ask,,,13111495
2026-06-30T04:35:56.306305,2026-06-29T18:35:57.091072+00:00,112.7,200,bid,,,13111507
2026-06-30T04:35:56.306305,2026-06-29T18:35:57.091072+00:00,112.8,425,bid,,,13111508
2026-06-30T04:35:57.769909,2026-06-29T18:35:58.559140+00:00,112.7,200,bid,,,13111531
2026-06-30T04:35:58.977847,2026-06-29T18:35:59.761055+00:00,112.6,200,bid,,,13111553
2026-06-30T04:36:00.184050,2026-06-29T18:36:00.968503+00:00,112.6,200,bid,,,13111572
2026-06-30T04:36:00.752304,2026-06-29T18:36:01.535607+00:00,112.5,9,ask,,,13111582
2026-06-30T04:36:00.752304,2026-06-29T18:36:01.535607+00:00,112.5,491,ask,,,13111583
2026-06-30T04:36:01.345714,2026-06-29T18:36:02.137219+00:00,112.5,134,ask,,,13111594
2026-06-30T04:36:01.345714,2026-06-29T18:36:02.137219+00:00,112.5,9,ask,,,13111595
2026-06-30T04:36:01.390489,2026-06-29T18:36:02.180138+00:00,112.5,200,bid,,,13111600
2026-06-30T04:36:02.596735,2026-06-29T18:36:03.387856+00:00,112.4,200,bid,,,13111630
2026-06-30T04:36:03.805166,2026-06-29T18:36:04.594118+00:00,112.3,200,bid,,,13111658
2026-06-30T04:36:05.017701,2026-06-29T18:36:05.808480+00:00,112.4,200,bid,,,13111688
2026-06-30T04:36:05.961968,2026-06-29T18:36:06.751262+00:00,112.3,1,ask,,,13111697
2026-06-30T04:36:06.209516,2026-06-29T18:36:07.001976+00:00,112.1,20,ask,,,13111701
2026-06-30T04:36:06.772029,2026-06-29T18:36:07.557089+00:00,112.3,2,ask,,,13111721
2026-06-30T04:36:07.439117,2026-06-29T18:36:08.229820+00:00,112.4,200,bid,,,13111732
2026-06-30T04:36:10.732448,2026-06-29T18:36:11.527099+00:00,112.5,200,bid,,,13111796
2026-06-30T04:36:12.191792,2026-06-29T18:36:12.980024+00:00,112.5,25,bid,,,13111826
2026-06-30T04:36:12.198631,2026-06-29T18:36:12.980024+00:00,112.5,25,bid,,,13111828
2026-06-30T04:36:12.402663,2026-06-29T18:36:13.187364+00:00,112.5,25,bid,,,13111833
2026-06-30T04:36:12.408905,2026-06-29T18:36:13.197974+00:00,112.5,24,bid,,,13111835
2026-06-30T04:36:14.708130,2026-06-29T18:36:15.494109+00:00,112.5,200,bid,,,13111875
2026-06-30T04:36:16.000770,2026-06-29T18:36:16.788189+00:00,112.3,1,ask,,,13111898
2026-06-30T04:36:16.000770,2026-06-29T18:36:16.788189+00:00,112.3,200,ask,,,13111899
2026-06-30T04:36:16.812557,2026-06-29T18:36:17.602235+00:00,112.3,20,bid,,,13111907
2026-06-30T04:36:17.133994,2026-06-29T18:36:17.917228+00:00,112.2,2,ask,,,13111916
2026-06-30T04:36:19.555869,2026-06-29T18:36:20.341246+00:00,112.1,200,ask,,,13111959
2026-06-30T04:36:19.773092,2026-06-29T18:36:20.558673+00:00,112.1,20,ask,,,13111962
2026-06-30T04:36:21.257630,2026-06-29T18:36:22.048166+00:00,112.1,200,bid,,,13111992
2026-06-30T04:36:22.588825,2026-06-29T18:36:23.375294+00:00,112.1,1,ask,,,13112019
2026-06-30T04:36:22.588825,2026-06-29T18:36:23.375294+00:00,112.0,200,ask,,,13112020
2026-06-30T04:36:23.901053,2026-06-29T18:36:24.686681+00:00,112.1,200,bid,,,13112047
2026-06-30T04:36:24.387241,2026-06-29T18:36:25.171760+00:00,112.2,200,ask,,,13112056
2026-06-30T04:36:26.527679,2026-06-29T18:36:27.317584+00:00,112.1,200,ask,,,13112085
2026-06-30T04:36:26.801002,2026-06-29T18:36:27.587931+00:00,112.1,200,bid,,,13112092
2026-06-30T04:36:29.152422,2026-06-29T18:36:29.941046+00:00,112.1,200,bid,,,13112125
2026-06-30T04:36:29.242815,2026-06-29T18:36:30.028626+00:00,112.1,200,ask,,,13112130
2026-06-30T04:36:31.674705,2026-06-29T18:36:32.466118+00:00,112.1,200,ask,,,13112175
2026-06-30T04:36:32.883799,2026-06-29T18:36:33.671694+00:00,112.2,200,bid,,,13112203
2026-06-30T04:36:35.719442,2026-06-29T18:36:36.507831+00:00,112.3,4,bid,,,13112259
2026-06-30T04:36:36.258491,2026-06-29T18:36:37.050994+00:00,112.4,25,bid,,,13112273
2026-06-30T04:36:36.261443,2026-06-29T18:36:37.050994+00:00,112.4,25,bid,,,13112274
2026-06-30T04:36:36.477319,2026-06-29T18:36:37.267996+00:00,112.4,25,bid,,,13112277
2026-06-30T04:36:36.477497,2026-06-29T18:36:37.267996+00:00,112.4,25,bid,,,13112278
2026-06-30T04:36:36.685965,2026-06-29T18:36:37.475357+00:00,112.4,25,bid,,,13112288
2026-06-30T04:36:36.688086,2026-06-29T18:36:37.475357+00:00,112.4,25,bid,,,13112289
2026-06-30T04:36:38.278384,2026-06-29T18:36:39.061144+00:00,112.3,500,ask,,,13112303
2026-06-30T04:36:38.345558,2026-06-29T18:36:39.127691+00:00,112.3,200,ask,,,13112311
2026-06-30T04:36:39.006032,2026-06-29T18:36:39.793192+00:00,112.3,20,bid,,,13112324
2026-06-30T04:36:39.494380,2026-06-29T18:36:40.284184+00:00,112.3,20,bid,,,13112328
2026-06-30T04:36:40.162967,2026-06-29T18:36:40.946645+00:00,112.2,200,ask,,,13112345
2026-06-30T04:36:40.713102,2026-06-29T18:36:41.498242+00:00,112.2,425,ask,,,13112356
2026-06-30T04:36:42.707196,2026-06-29T18:36:43.492932+00:00,112.2,25,bid,,,13112393
2026-06-30T04:36:42.711094,2026-06-29T18:36:43.492932+00:00,112.2,25,bid,,,13112394
2026-06-30T04:36:42.918436,2026-06-29T18:36:43.709939+00:00,112.2,25,bid,,,13112399
2026-06-30T04:36:42.921030,2026-06-29T18:36:43.709939+00:00,112.2,25,bid,,,13112400
2026-06-30T04:36:46.203413,2026-06-29T18:36:46.986469+00:00,112.3,200,bid,,,13112457
2026-06-30T04:36:48.830879,2026-06-29T18:36:49.618173+00:00,112.2,200,ask,,,13112524
2026-06-30T04:36:50.137431,2026-06-29T18:36:50.926459+00:00,112.1,200,bid,,,13112554
2026-06-30T04:36:51.045063,2026-06-29T18:36:51.831053+00:00,112.1,200,ask,,,13112579
2026-06-30T04:36:53.468399,2026-06-29T18:36:54.257383+00:00,112.2,200,bid,,,13112627
2026-06-30T04:36:56.348385,2026-06-29T18:36:57.138358+00:00,112.1,25,ask,,,13112691
2026-06-30T04:36:56.352180,2026-06-29T18:36:57.138358+00:00,112.1,25,ask,,,13112692
2026-06-30T04:36:56.559659,2026-06-29T18:36:57.346585+00:00,112.1,25,ask,,,13112696
2026-06-30T04:36:56.563195,2026-06-29T18:36:57.346585+00:00,112.1,25,ask,,,13112697
2026-06-30T04:36:56.692724,2026-06-29T18:36:57.478183+00:00,112.1,100,ask,,,13112702
2026-06-30T04:36:57.099393,2026-06-29T18:36:57.884245+00:00,112.0,4,ask,,,13112712
2026-06-30T04:36:58.001234,2026-06-29T18:36:58.789982+00:00,112.0,196,bid,,,13112724
2026-06-30T04:36:58.574214,2026-06-29T18:36:59.361255+00:00,112.0,25,ask,,,13112736
2026-06-30T04:36:58.578325,2026-06-29T18:36:59.361255+00:00,112.0,25,ask,,,13112737
2026-06-30T04:36:58.785586,2026-06-29T18:36:59.567029+00:00,112.0,25,ask,,,13112740
2026-06-30T04:36:58.792535,2026-06-29T18:36:59.577104+00:00,112.0,25,ask,,,13112741
2026-06-30T04:36:59.000406,2026-06-29T18:36:59.788181+00:00,112.0,25,ask,,,13112745
2026-06-30T04:36:59.004313,2026-06-29T18:36:59.788181+00:00,112.0,25,ask,,,13112746
2026-06-30T04:36:59.016214,2026-06-29T18:36:59.800182+00:00,112.1,2,bid,,,13112750
2026-06-30T04:36:59.222072,2026-06-29T18:37:00.009367+00:00,112.1,1,bid,,,13112752
2026-06-30T04:36:59.516126,2026-06-29T18:37:00.306709+00:00,112.0,200,bid,,,13112764
2026-06-30T04:37:01.885924,2026-06-29T18:37:02.672831+00:00,112.0,500,bid,,,13112803
2026-06-30T04:37:02.482780,2026-06-29T18:37:03.266252+00:00,112.0,200,bid,,,13112812
2026-06-30T04:37:02.617967,2026-06-29T18:37:03.409141+00:00,112.0,25,ask,,,13112819
2026-06-30T04:37:02.633743,2026-06-29T18:37:03.420141+00:00,112.0,25,ask,,,13112821
2026-06-30T04:37:02.828475,2026-06-29T18:37:03.618232+00:00,112.0,25,ask,,,13112823
2026-06-30T04:37:02.843210,2026-06-29T18:37:03.629232+00:00,112.0,25,ask,,,13112825
2026-06-30T04:37:04.550968,2026-06-29T18:37:05.341701+00:00,112.0,500,ask,,,13112857
2026-06-30T04:37:04.927568,2026-06-29T18:37:05.715140+00:00,112.0,125,bid,,,13112868
2026-06-30T04:37:04.927568,2026-06-29T18:37:05.715140+00:00,112.1,200,bid,,,13112869
2026-06-30T04:37:05.734268,2026-06-29T18:37:06.518198+00:00,112.1,20,ask,,,13112880
2026-06-30T04:37:06.329486,2026-06-29T18:37:07.112788+00:00,112.3,1,bid,,,13112886
2026-06-30T04:37:06.329486,2026-06-29T18:37:07.112788+00:00,112.3,19,bid,,,13112887
2026-06-30T04:37:06.788544,2026-06-29T18:37:07.573656+00:00,112.2,10,bid,,,13112895
2026-06-30T04:37:06.859607,2026-06-29T18:37:07.650760+00:00,112.2,3,ask,,,13112898
2026-06-30T04:37:07.167888,2026-06-29T18:37:07.958145+00:00,112.2,187,ask,,,13112906
2026-06-30T04:37:08.002825,2026-06-29T18:37:08.794031+00:00,112.1,200,bid,,,13112921
2026-06-30T04:37:08.475007,2026-06-29T18:37:09.266376+00:00,112.2,9,bid,,,13112933
2026-06-30T04:37:09.786621,2026-06-29T18:37:10.572883+00:00,112.3,200,ask,,,13112958
2026-06-30T04:37:11.634793,2026-06-29T18:37:12.421750+00:00,112.3,10,bid,,,13112993
2026-06-30T04:37:12.404729,2026-06-29T18:37:13.191335+00:00,112.4,190,ask,,,13113009
2026-06-30T04:37:13.452137,2026-06-29T18:37:14.234323+00:00,112.3,20,bid,,,13113029
2026-06-30T04:37:13.711384,2026-06-29T18:37:14.498442+00:00,112.3,11,bid,,,13113033
2026-06-30T04:37:13.711384,2026-06-29T18:37:14.498442+00:00,112.3,200,bid,,,13113034
2026-06-30T04:37:14.051701,2026-06-29T18:37:14.838673+00:00,112.3,200,ask,,,13113044
2026-06-30T04:37:15.512361,2026-06-29T18:37:16.301249+00:00,112.2,20,ask,,,13113064
2026-06-30T04:37:15.810086,2026-06-29T18:37:16.598374+00:00,112.3,500,bid,,,13113071
2026-06-30T04:37:17.650200,2026-06-29T18:37:18.434325+00:00,112.4,200,bid,,,13113092
2026-06-30T04:37:17.671945,2026-06-29T18:37:18.456326+00:00,112.4,300,ask,,,13113093
2026-06-30T04:37:20.286271,2026-06-29T18:37:21.069791+00:00,112.6,200,bid,,,13113126
2026-06-30T04:37:20.457387,2026-06-29T18:37:21.246027+00:00,112.6,20,ask,,,13113130
2026-06-30T04:37:23.740526,2026-06-29T18:37:24.524462+00:00,112.5,8,ask,,,13113172
2026-06-30T04:37:23.740526,2026-06-29T18:37:24.524462+00:00,112.5,192,ask,,,13113173
2026-06-30T04:37:24.949683,2026-06-29T18:37:25.732245+00:00,112.5,9,ask,,,13113192
2026-06-30T04:37:30.086775,2026-06-29T18:37:30.876152+00:00,112.5,1,ask,,,13113280
2026-06-30T04:37:30.782438,2026-06-29T18:37:31.569777+00:00,112.5,200,ask,,,13113285
2026-06-30T04:37:33.412598,2026-06-29T18:37:34.200020+00:00,112.5,200,ask,,,13113328
2026-06-30T04:37:33.450832,2026-06-29T18:37:34.233020+00:00,112.5,200,bid,,,13113329
2026-06-30T04:37:34.723029,2026-06-29T18:37:35.505215+00:00,112.6,200,bid,,,13113351
2026-06-30T04:37:35.825524,2026-06-29T18:37:36.613974+00:00,112.6,425,ask,,,13113372
2026-06-30T04:37:35.873902,2026-06-29T18:37:36.657974+00:00,112.6,75,bid,,,13113375
2026-06-30T04:37:36.035322,2026-06-29T18:37:36.823060+00:00,112.6,125,ask,,,13113378
2026-06-30T04:37:36.035322,2026-06-29T18:37:36.823060+00:00,112.4,1,ask,,,13113379
2026-06-30T04:37:37.081172,2026-06-29T18:37:37.865970+00:00,112.3,200,bid,,,13113401
2026-06-30T04:37:37.637726,2026-06-29T18:37:38.427648+00:00,112.3,20,ask,,,13113408
2026-06-30T04:37:38.288316,2026-06-29T18:37:39.076564+00:00,112.5,200,bid,,,13113419
2026-06-30T04:37:39.496519,2026-06-29T18:37:40.285125+00:00,112.5,200,bid,,,13113449
2026-06-30T04:37:40.704192,2026-06-29T18:37:41.495599+00:00,112.5,200,bid,,,13113474
2026-06-30T04:37:41.293690,2026-06-29T18:37:42.077736+00:00,112.4,500,bid,,,13113484
2026-06-30T04:37:42.612438,2026-06-29T18:37:43.396473+00:00,112.4,200,ask,,,13113504
2026-06-30T04:37:43.921948,2026-06-29T18:37:44.705541+00:00,112.3,200,bid,,,13113526
2026-06-30T04:37:46.755189,2026-06-29T18:37:47.542596+00:00,112.4,200,ask,,,13113572
2026-06-30T04:37:53.985847,2026-06-29T18:37:54.776475+00:00,112.3,500,ask,,,13113708
2026-06-30T04:37:54.442998,2026-06-29T18:37:55.227268+00:00,112.2,200,ask,,,13113714
2026-06-30T04:37:56.894885,2026-06-29T18:37:57.680379+00:00,112.1,2,ask,,,13113762
2026-06-30T04:37:56.894885,2026-06-29T18:37:57.680379+00:00,112.1,18,ask,,,13113763
2026-06-30T04:37:58.378831,2026-06-29T18:37:59.175657+00:00,112.2,500,bid,,,13113794
2026-06-30T04:37:58.804453,2026-06-29T18:37:59.594026+00:00,112.3,125,ask,,,13113803
2026-06-30T04:37:58.954320,2026-06-29T18:37:59.736380+00:00,112.2,25,bid,,,13113811
2026-06-30T04:37:58.971864,2026-06-29T18:37:59.758379+00:00,112.2,25,bid,,,13113813
2026-06-30T04:37:58.975962,2026-06-29T18:37:59.758379+00:00,112.1,1,ask,,,13113814
2026-06-30T04:37:58.975962,2026-06-29T18:37:59.758379+00:00,112.0,1,ask,,,13113815
2026-06-30T04:37:59.181187,2026-06-29T18:37:59.967562+00:00,112.1,1,ask,,,13113817
2026-06-30T04:37:59.181187,2026-06-29T18:37:59.967562+00:00,112.0,1,ask,,,13113818
2026-06-30T04:37:59.387577,2026-06-29T18:38:00.176871+00:00,112.1,2,ask,,,13113822
2026-06-30T04:37:59.592101,2026-06-29T18:38:00.374990+00:00,112.1,2,ask,,,13113830
2026-06-30T04:37:59.796508,2026-06-29T18:38:00.584176+00:00,112.0,1,ask,,,13113837
2026-06-30T04:38:00.138552,2026-06-29T18:38:00.924376+00:00,112.0,20,ask,,,13113844
2026-06-30T04:38:01.764096,2026-06-29T18:38:02.551775+00:00,112.0,1,ask,,,13113870
2026-06-30T04:38:01.764096,2026-06-29T18:38:02.551775+00:00,112.0,24,ask,,,13113871
2026-06-30T04:38:01.805361,2026-06-29T18:38:02.595775+00:00,112.0,16,ask,,,13113873
2026-06-30T04:38:02.309762,2026-06-29T18:38:03.100709+00:00,112.0,160,ask,,,13113888
2026-06-30T04:38:02.309762,2026-06-29T18:38:03.100709+00:00,112.0,1,ask,,,13113889
2026-06-30T04:38:03.620945,2026-06-29T18:38:04.410315+00:00,112.0,200,bid,,,13113912
2026-06-30T04:38:04.945706,2026-06-29T18:38:05.739864+00:00,112.0,3,ask,,,13113935
2026-06-30T04:38:04.985728,2026-06-29T18:38:05.772916+00:00,112.0,25,bid,,,13113937
2026-06-30T04:38:05.026165,2026-06-29T18:38:05.816916+00:00,112.0,25,bid,,,13113939
2026-06-30T04:38:05.030455,2026-06-29T18:38:05.816916+00:00,111.9,2,ask,,,13113940
2026-06-30T04:38:06.149504,2026-06-29T18:38:06.938364+00:00,112.0,200,bid,,,13113957
2026-06-30T04:38:06.254014,2026-06-29T18:38:07.037507+00:00,112.1,500,bid,,,13113958
2026-06-30T04:38:06.514873,2026-06-29T18:38:07.300301+00:00,112.1,20,ask,,,13113961
2026-06-30T04:38:06.685470,2026-06-29T18:38:07.475486+00:00,112.1,105,ask,,,13113962
2026-06-30T04:38:07.561190,2026-06-29T18:38:08.344400+00:00,111.9,2,ask,,,13113978
2026-06-30T04:38:08.041058,2026-06-29T18:38:08.829051+00:00,111.8,23,ask,,,13113985
2026-06-30T04:38:08.195526,2026-06-29T18:38:08.983052+00:00,111.8,23,ask,,,13113989
2026-06-30T04:38:08.871156,2026-06-29T18:38:09.654367+00:00,111.8,4,ask,,,13114001
2026-06-30T04:38:08.871156,2026-06-29T18:38:09.654367+00:00,111.8,200,ask,,,13114002
2026-06-30T04:38:09.010364,2026-06-29T18:38:09.796954+00:00,111.7,3,bid,,,13114008
2026-06-30T04:38:09.609190,2026-06-29T18:38:10.400124+00:00,111.7,20,bid,,,13114025
2026-06-30T04:38:09.774638,2026-06-29T18:38:10.565271+00:00,111.7,200,bid,,,13114032
2026-06-30T04:38:10.983399,2026-06-29T18:38:11.775597+00:00,111.8,200,ask,,,13114061
2026-06-30T04:38:11.493576,2026-06-29T18:38:12.291971+00:00,111.9,500,bid,,,13114076
2026-06-30T04:38:12.191441,2026-06-29T18:38:12.974858+00:00,111.9,125,ask,,,13114099
2026-06-30T04:38:12.191441,2026-06-29T18:38:12.974858+00:00,111.8,1,ask,,,13114100
2026-06-30T04:38:12.225298,2026-06-29T18:38:13.018858+00:00,111.8,25,bid,,,13114102
2026-06-30T04:38:12.263019,2026-06-29T18:38:13.051857+00:00,111.8,25,bid,,,13114104
2026-06-30T04:38:12.435513,2026-06-29T18:38:13.216912+00:00,111.8,24,bid,,,13114110
2026-06-30T04:38:12.845915,2026-06-29T18:38:13.635342+00:00,111.8,25,bid,,,13114112
2026-06-30T04:38:12.872645,2026-06-29T18:38:13.657341+00:00,111.8,25,bid,,,13114114
2026-06-30T04:38:13.288000,2026-06-29T18:38:14.073939+00:00,111.6,2,ask,,,13114125
2026-06-30T04:38:13.494025,2026-06-29T18:38:14.283129+00:00,111.7,2,ask,,,13114133
2026-06-30T04:38:13.699369,2026-06-29T18:38:14.491195+00:00,111.7,2,ask,,,13114138
2026-06-30T04:38:13.904426,2026-06-29T18:38:14.689303+00:00,111.7,2,ask,,,13114141
2026-06-30T04:38:14.118028,2026-06-29T18:38:14.909418+00:00,111.8,2,ask,,,13114146
2026-06-30T04:38:14.322785,2026-06-29T18:38:15.107695+00:00,111.8,2,ask,,,13114149
2026-06-30T04:38:14.453478,2026-06-29T18:38:15.239863+00:00,111.8,25,ask,,,13114151
2026-06-30T04:38:14.528552,2026-06-29T18:38:15.317047+00:00,111.8,25,ask,,,13114153
2026-06-30T04:38:14.559323,2026-06-29T18:38:15.350047+00:00,111.8,2,ask,,,13114155
2026-06-30T04:38:14.606125,2026-06-29T18:38:15.394099+00:00,111.8,200,ask,,,13114158
2026-06-30T04:38:14.663991,2026-06-29T18:38:15.449099+00:00,111.8,25,ask,,,13114159
2026-06-30T04:38:14.763819,2026-06-29T18:38:15.548099+00:00,111.8,4,ask,,,13114162
2026-06-30T04:38:14.777795,2026-06-29T18:38:15.570099+00:00,111.8,2,ask,,,13114166
2026-06-30T04:38:14.872481,2026-06-29T18:38:15.658099+00:00,111.8,25,ask,,,13114167
2026-06-30T04:38:14.982263,2026-06-29T18:38:15.768243+00:00,111.8,2,ask,,,13114171
2026-06-30T04:38:15.194517,2026-06-29T18:38:15.977458+00:00,111.8,2,ask,,,13114179
2026-06-30T04:38:15.399630,2026-06-29T18:38:16.186021+00:00,111.8,1,ask,,,13114183
2026-06-30T04:38:15.813218,2026-06-29T18:38:16.603072+00:00,111.8,200,ask,,,13114193
2026-06-30T04:38:17.019952,2026-06-29T18:38:17.813074+00:00,111.8,200,bid,,,13114218
2026-06-30T04:38:19.363440,2026-06-29T18:38:20.154375+00:00,111.7,3,ask,,,13114260
2026-06-30T04:38:19.363440,2026-06-29T18:38:20.154375+00:00,111.7,200,ask,,,13114261
2026-06-30T04:38:19.444860,2026-06-29T18:38:20.231377+00:00,111.7,200,bid,,,13114264
2026-06-30T04:38:20.679001,2026-06-29T18:38:21.473309+00:00,111.6,500,bid,,,13114280
2026-06-30T04:38:21.203433,2026-06-29T18:38:21.989189+00:00,111.6,125,ask,,,13114287
2026-06-30T04:38:21.987143,2026-06-29T18:38:22.769176+00:00,111.6,500,bid,,,13114302
2026-06-30T04:38:22.405897,2026-06-29T18:38:23.198004+00:00,111.6,125,ask,,,13114314
2026-06-30T04:38:23.294858,2026-06-29T18:38:24.078260+00:00,111.5,4,ask,,,13114338
2026-06-30T04:38:23.294858,2026-06-29T18:38:24.078260+00:00,111.4,200,ask,,,13114339
2026-06-30T04:38:24.289881,2026-06-29T18:38:25.078493+00:00,111.3,200,bid,,,13114356
2026-06-30T04:38:25.504652,2026-06-29T18:38:26.287429+00:00,111.4,200,ask,,,13114380
2026-06-30T04:38:26.722460,2026-06-29T18:38:27.506431+00:00,111.4,1,ask,,,13114395
2026-06-30T04:38:28.526885,2026-06-29T18:38:29.319294+00:00,111.5,200,bid,,,13114423
2026-06-30T04:38:28.526885,2026-06-29T18:38:29.319294+00:00,111.5,425,bid,,,13114424
2026-06-30T04:38:29.839019,2026-06-29T18:38:30.629101+00:00,111.3,200,ask,,,13114441
2026-06-30T04:38:30.369853,2026-06-29T18:38:31.157162+00:00,111.3,200,bid,,,13114453
2026-06-30T04:38:31.587661,2026-06-29T18:38:32.377157+00:00,111.3,200,ask,,,13114467
2026-06-30T04:38:32.561316,2026-06-29T18:38:33.343697+00:00,111.3,1,ask,,,13114486
2026-06-30T04:38:37.633973,2026-06-29T18:38:38.425537+00:00,111.3,200,ask,,,13114566
2026-06-30T04:38:37.982944,2026-06-29T18:38:38.766414+00:00,111.4,20,bid,,,13114573
2026-06-30T04:38:41.270237,2026-06-29T18:38:42.056192+00:00,111.3,200,ask,,,13114617
2026-06-30T04:38:42.942459,2026-06-29T18:38:43.727541+00:00,111.2,200,ask,,,13114649
2026-06-30T04:38:42.992465,2026-06-29T18:38:43.782541+00:00,111.2,25,bid,,,13114651
2026-06-30T04:38:43.067312,2026-06-29T18:38:43.859659+00:00,111.2,25,bid,,,13114653
2026-06-30T04:38:43.200581,2026-06-29T18:38:43.991658+00:00,111.2,25,bid,,,13114659
2026-06-30T04:38:43.276910,2026-06-29T18:38:44.068728+00:00,111.2,25,bid,,,13114661
2026-06-30T04:38:43.412271,2026-06-29T18:38:44.199942+00:00,111.2,25,bid,,,13114664
2026-06-30T04:38:43.486133,2026-06-29T18:38:44.276942+00:00,111.2,25,bid,,,13114666
2026-06-30T04:38:43.688133,2026-06-29T18:38:44.475133+00:00,111.2,200,bid,,,13114668
2026-06-30T04:38:43.726205,2026-06-29T18:38:44.508134+00:00,111.2,20,bid,,,13114672
2026-06-30T04:38:48.186181,2026-06-29T18:38:48.968757+00:00,111.3,500,bid,,,13114738
2026-06-30T04:38:48.466945,2026-06-29T18:38:49.255067+00:00,111.3,125,ask,,,13114742
2026-06-30T04:38:49.497712,2026-06-29T18:38:50.287648+00:00,111.2,200,ask,,,13114764
2026-06-30T04:38:50.621387,2026-06-29T18:38:51.408459+00:00,111.1,2,ask,,,13114786
2026-06-30T04:38:55.811863,2026-06-29T18:38:56.597917+00:00,111.1,20,bid,,,13114907
2026-06-30T04:39:00.629094,2026-06-29T18:39:01.421529+00:00,111.0,200,bid,,,13114989
2026-06-30T04:39:01.179258,2026-06-29T18:39:01.961043+00:00,110.9,1,ask,,,13114994
2026-06-30T04:39:01.301016,2026-06-29T18:39:02.093159+00:00,110.9,499,bid,,,13114996
2026-06-30T04:39:01.836187,2026-06-29T18:39:02.621469+00:00,111.0,200,bid,,,13115010
2026-06-30T04:39:01.855635,2026-06-29T18:39:02.643469+00:00,111.0,25,bid,,,13115013
2026-06-30T04:39:01.929798,2026-06-29T18:39:02.720469+00:00,111.0,25,bid,,,13115015
2026-06-30T04:39:02.065575,2026-06-29T18:39:02.852649+00:00,111.0,25,bid,,,13115019
2026-06-30T04:39:02.140313,2026-06-29T18:39:02.929703+00:00,111.0,25,bid,,,13115021
2026-06-30T04:39:02.275616,2026-06-29T18:39:03.061391+00:00,111.0,8,bid,,,13115024
2026-06-30T04:39:02.313189,2026-06-29T18:39:03.105391+00:00,110.9,20,ask,,,13115026
2026-06-30T04:39:03.042698,2026-06-29T18:39:03.828796+00:00,110.9,200,bid,,,13115050
2026-06-30T04:39:04.251100,2026-06-29T18:39:05.038405+00:00,111.0,200,bid,,,13115078
2026-06-30T04:39:04.579184,2026-06-29T18:39:05.368511+00:00,110.8,20,ask,,,13115083
2026-06-30T04:39:05.458375,2026-06-29T18:39:06.249163+00:00,111.0,200,bid,,,13115105
2026-06-30T04:39:07.884596,2026-06-29T18:39:08.668545+00:00,111.0,200,bid,,,13115140
2026-06-30T04:39:07.884596,2026-06-29T18:39:08.668545+00:00,111.0,3,bid,,,13115141
2026-06-30T04:39:07.884596,2026-06-29T18:39:08.679545+00:00,111.0,422,bid,,,13115142
2026-06-30T04:39:08.448980,2026-06-29T18:39:09.241137+00:00,110.9,200,ask,,,13115159
2026-06-30T04:39:08.497339,2026-06-29T18:39:09.285207+00:00,110.9,25,bid,,,13115162
2026-06-30T04:39:08.566578,2026-06-29T18:39:09.349887+00:00,110.9,25,bid,,,13115166
2026-06-30T04:39:08.644533,2026-06-29T18:39:09.426887+00:00,110.7,6,ask,,,13115170
2026-06-30T04:39:08.706684,2026-06-29T18:39:09.492950+00:00,110.9,25,bid,,,13115173
2026-06-30T04:39:08.775587,2026-06-29T18:39:09.559070+00:00,110.9,25,bid,,,13115175
2026-06-30T04:39:08.916552,2026-06-29T18:39:09.702203+00:00,110.9,9,bid,,,13115179
2026-06-30T04:39:09.105087,2026-06-29T18:39:09.889479+00:00,110.9,200,bid,,,13115182
2026-06-30T04:39:09.184898,2026-06-29T18:39:09.966625+00:00,110.9,25,bid,,,13115185
2026-06-30T04:39:10.313432,2026-06-29T18:39:11.100097+00:00,110.9,200,bid,,,13115210
2026-06-30T04:39:11.365330,2026-06-29T18:39:12.156602+00:00,110.7,6,ask,,,13115225
2026-06-30T04:39:11.365330,2026-06-29T18:39:12.156602+00:00,110.7,14,ask,,,13115226
2026-06-30T04:39:11.524439,2026-06-29T18:39:12.310602+00:00,110.9,200,bid,,,13115229
2026-06-30T04:39:11.814775,2026-06-29T18:39:12.596810+00:00,110.9,500,bid,,,13115236
2026-06-30T04:39:12.696297,2026-06-29T18:39:13.488613+00:00,110.9,125,ask,,,13115258
2026-06-30T04:39:12.732221,2026-06-29T18:39:13.521612+00:00,110.9,200,bid,,,13115263
2026-06-30T04:39:13.126456,2026-06-29T18:39:13.917487+00:00,110.7,4,ask,,,13115267
2026-06-30T04:39:13.334162,2026-06-29T18:39:14.126667+00:00,110.7,4,bid,,,13115273
2026-06-30T04:39:13.941890,2026-06-29T18:39:14.730464+00:00,110.7,200,bid,,,13115279
2026-06-30T04:39:15.744981,2026-06-29T18:39:16.532683+00:00,110.7,200,ask,,,13115311
2026-06-30T04:39:16.364588,2026-06-29T18:39:17.159606+00:00,110.6,3,ask,,,13115328
2026-06-30T04:39:16.548027,2026-06-29T18:39:17.335731+00:00,110.6,1,bid,,,13115337
2026-06-30T04:39:17.055764,2026-06-29T18:39:17.839841+00:00,110.6,196,bid,,,13115344
2026-06-30T04:39:19.991623,2026-06-29T18:39:20.773681+00:00,110.9,200,bid,,,13115408
2026-06-30T04:39:22.292449,2026-06-29T18:39:23.080844+00:00,110.8,200,ask,,,13115454
2026-06-30T04:39:22.406226,2026-06-29T18:39:23.190911+00:00,110.7,200,bid,,,13115458
2026-06-30T04:39:23.633546,2026-06-29T18:39:24.423982+00:00,110.7,200,bid,,,13115494
2026-06-30T04:39:25.122054,2026-06-29T18:39:25.907538+00:00,110.6,20,ask,,,13115515
2026-06-30T04:39:26.596885,2026-06-29T18:39:27.380936+00:00,110.7,200,bid,,,13115542
2026-06-30T04:39:27.554720,2026-06-29T18:39:28.346043+00:00,110.7,500,ask,,,13115564
2026-06-30T04:39:27.793897,2026-06-29T18:39:28.588090+00:00,110.7,125,bid,,,13115570
2026-06-30T04:39:28.404414,2026-06-29T18:39:29.192719+00:00,110.8,10,bid,,,13115578
2026-06-30T04:39:28.404414,2026-06-29T18:39:29.192719+00:00,110.8,200,bid,,,13115579
2026-06-30T04:39:29.686145,2026-06-29T18:39:30.469678+00:00,110.8,200,ask,,,13115598
2026-06-30T04:39:30.377608,2026-06-29T18:39:31.162350+00:00,110.8,25,ask,,,13115613
2026-06-30T04:39:30.430144,2026-06-29T18:39:31.217350+00:00,110.8,25,ask,,,13115617
2026-06-30T04:39:30.590400,2026-06-29T18:39:31.382548+00:00,110.8,25,ask,,,13115623
2026-06-30T04:39:30.640392,2026-06-29T18:39:31.426548+00:00,110.8,25,ask,,,13115625
2026-06-30T04:39:30.802881,2026-06-29T18:39:31.591704+00:00,110.8,25,ask,,,13115631
2026-06-30T04:39:30.854082,2026-06-29T18:39:31.646898+00:00,110.8,25,ask,,,13115635
2026-06-30T04:39:31.446447,2026-06-29T18:39:32.230330+00:00,110.9,6,bid,,,13115645
2026-06-30T04:39:31.446447,2026-06-29T18:39:32.230330+00:00,110.9,200,bid,,,13115646
2026-06-30T04:39:35.424356,2026-06-29T18:39:36.220889+00:00,110.8,200,ask,,,13115722
2026-06-30T04:39:35.424356,2026-06-29T18:39:36.220889+00:00,110.8,425,ask,,,13115723
2026-06-30T04:39:36.290161,2026-06-29T18:39:37.079598+00:00,110.9,5,bid,,,13115736
2026-06-30T04:39:36.290161,2026-06-29T18:39:37.079598+00:00,110.9,200,bid,,,13115737
2026-06-30T04:39:36.732880,2026-06-29T18:39:37.519865+00:00,111.0,5,bid,,,13115742
2026-06-30T04:39:36.823434,2026-06-29T18:39:37.607864+00:00,111.0,25,ask,,,13115744
2026-06-30T04:39:36.873502,2026-06-29T18:39:37.662527+00:00,111.0,25,ask,,,13115748
2026-06-30T04:39:37.034233,2026-06-29T18:39:37.827721+00:00,111.0,25,ask,,,13115757
2026-06-30T04:39:37.084765,2026-06-29T18:39:37.871844+00:00,111.0,25,ask,,,13115760
2026-06-30T04:39:38.046457,2026-06-29T18:39:38.828604+00:00,111.0,200,ask,,,13115775
2026-06-30T04:39:44.616929,2026-06-29T18:39:45.405569+00:00,111.0,200,bid,,,13115895
2026-06-30T04:39:46.619433,2026-06-29T18:39:47.404520+00:00,111.0,200,ask,,,13115939
2026-06-30T04:39:46.771122,2026-06-29T18:39:47.557656+00:00,111.0,20,ask,,,13115946
2026-06-30T04:39:47.240028,2026-06-29T18:39:48.029931+00:00,111.1,1,bid,,,13115951
2026-06-30T04:39:47.826051,2026-06-29T18:39:48.612544+00:00,111.1,200,ask,,,13115960
2026-06-30T04:39:49.032284,2026-06-29T18:39:49.821800+00:00,111.1,200,ask,,,13115984
2026-06-30T04:39:49.265314,2026-06-29T18:39:50.052978+00:00,111.1,25,ask,,,13115986
2026-06-30T04:39:49.316097,2026-06-29T18:39:50.108036+00:00,111.1,25,ask,,,13115990
2026-06-30T04:39:49.474987,2026-06-29T18:39:50.262190+00:00,111.1,25,ask,,,13115993
2026-06-30T04:39:49.526358,2026-06-29T18:39:50.317375+00:00,111.1,25,ask,,,13115995
2026-06-30T04:39:49.735515,2026-06-29T18:39:50.526570+00:00,111.1,25,ask,,,13115999
2026-06-30T04:39:50.241342,2026-06-29T18:39:51.031987+00:00,111.1,200,ask,,,13116012
2026-06-30T04:39:51.178360,2026-06-29T18:39:51.967773+00:00,111.2,1,bid,,,13116019
2026-06-30T04:39:51.448934,2026-06-29T18:39:52.231773+00:00,111.2,200,ask,,,13116026
2026-06-30T04:39:51.788523,2026-06-29T18:39:52.573144+00:00,111.2,20,ask,,,13116031
2026-06-30T04:39:53.864285,2026-06-29T18:39:54.652750+00:00,111.2,200,ask,,,13116074
2026-06-30T04:39:55.080598,2026-06-29T18:39:55.873842+00:00,111.2,200,ask,,,13116093
2026-06-30T04:39:56.903918,2026-06-29T18:39:57.687551+00:00,111.2,20,ask,,,13116135
2026-06-30T04:39:57.490142,2026-06-29T18:39:58.281982+00:00,111.3,1,bid,,,13116147
2026-06-30T04:39:57.490142,2026-06-29T18:39:58.281982+00:00,111.3,200,bid,,,13116148
2026-06-30T04:39:57.740180,2026-06-29T18:39:58.524118+00:00,111.3,299,ask,,,13116155
2026-06-30T04:39:57.740180,2026-06-29T18:39:58.524118+00:00,111.2,200,ask,,,13116156
2026-06-30T04:39:58.062436,2026-06-29T18:39:58.853772+00:00,111.2,126,bid,,,13116159
2026-06-30T04:40:00.215976,2026-06-29T18:40:01.008510+00:00,111.3,20,ask,,,13116213
2026-06-30T04:40:00.361128,2026-06-29T18:40:01.150704+00:00,111.3,480,ask,,,13116214
2026-06-30T04:40:00.361128,2026-06-29T18:40:01.150704+00:00,111.2,145,ask,,,13116215
2026-06-30T04:40:01.110879,2026-06-29T18:40:01.897629+00:00,111.4,200,bid,,,13116230
2026-06-30T04:40:01.165437,2026-06-29T18:40:01.952629+00:00,111.4,200,ask,,,13116235
2026-06-30T04:40:03.583536,2026-06-29T18:40:04.372681+00:00,111.5,200,ask,,,13116282
2026-06-30T04:40:04.295833,2026-06-29T18:40:05.086587+00:00,111.5,500,ask,,,13116286
2026-06-30T04:40:07.208231,2026-06-29T18:40:07.999395+00:00,111.5,6,bid,,,13116343
2026-06-30T04:40:08.322547,2026-06-29T18:40:09.111297+00:00,111.6,6,bid,,,13116356
2026-06-30T04:40:08.322547,2026-06-29T18:40:09.111297+00:00,111.6,19,bid,,,13116357
2026-06-30T04:40:08.383014,2026-06-29T18:40:09.166297+00:00,111.6,25,bid,,,13116359
2026-06-30T04:40:08.387930,2026-06-29T18:40:09.177386+00:00,111.5,2,ask,,,13116360
2026-06-30T04:40:08.418824,2026-06-29T18:40:09.210386+00:00,111.6,200,bid,,,13116365
2026-06-30T04:40:09.335215,2026-06-29T18:40:10.124135+00:00,111.5,8,bid,,,13116377
2026-06-30T04:40:09.404914,2026-06-29T18:40:10.190135+00:00,111.6,25,bid,,,13116380
2026-06-30T04:40:09.626741,2026-06-29T18:40:10.410377+00:00,111.7,25,bid,,,13116388
2026-06-30T04:40:09.746017,2026-06-29T18:40:10.531595+00:00,111.7,25,bid,,,13116392
2026-06-30T04:40:09.838184,2026-06-29T18:40:10.630594+00:00,111.7,25,bid,,,13116397
2026-06-30T04:40:09.842232,2026-06-29T18:40:10.630594+00:00,111.5,2,ask,,,13116398
2026-06-30T04:40:10.049350,2026-06-29T18:40:10.839373+00:00,111.5,2,ask,,,13116402
2026-06-30T04:40:10.255679,2026-06-29T18:40:11.037520+00:00,111.5,2,ask,,,13116406
2026-06-30T04:40:10.460425,2026-06-29T18:40:11.246693+00:00,111.5,2,ask,,,13116407
2026-06-30T04:40:12.050150,2026-06-29T18:40:12.841200+00:00,111.5,200,ask,,,13116432
2026-06-30T04:40:13.471659,2026-06-29T18:40:14.259387+00:00,111.5,500,ask,,,13116460
2026-06-30T04:40:13.561920,2026-06-29T18:40:14.347387+00:00,111.5,25,bid,,,13116464
2026-06-30T04:40:13.678422,2026-06-29T18:40:14.468457+00:00,111.5,25,bid,,,13116468
2026-06-30T04:40:13.808013,2026-06-29T18:40:14.600513+00:00,111.5,75,bid,,,13116470
2026-06-30T04:40:14.885068,2026-06-29T18:40:15.677367+00:00,111.6,25,ask,,,13116479
2026-06-30T04:40:14.969089,2026-06-29T18:40:15.754423+00:00,111.6,25,ask,,,13116482
2026-06-30T04:40:15.096205,2026-06-29T18:40:15.886487+00:00,111.6,25,ask,,,13116486
2026-06-30T04:40:15.180931,2026-06-29T18:40:15.963487+00:00,111.6,25,ask,,,13116488
2026-06-30T04:40:15.306462,2026-06-29T18:40:16.095095+00:00,111.6,25,ask,,,13116493
2026-06-30T04:40:15.390618,2026-06-29T18:40:16.183157+00:00,111.6,25,ask,,,13116495
2026-06-30T04:40:15.682710,2026-06-29T18:40:16.468657+00:00,111.6,200,ask,,,13116501
2026-06-30T04:40:18.102012,2026-06-29T18:40:18.886855+00:00,111.7,200,bid,,,13116537
2026-06-30T04:40:20.829681,2026-06-29T18:40:21.615001+00:00,111.8,12,bid,,,13116573
2026-06-30T04:40:20.933217,2026-06-29T18:40:21.725078+00:00,111.9,25,bid,,,13116576
2026-06-30T04:40:21.013807,2026-06-29T18:40:21.802216+00:00,111.9,25,bid,,,13116579
2026-06-30T04:40:21.143583,2026-06-29T18:40:21.934278+00:00,111.9,25,bid,,,13116581
2026-06-30T04:40:21.224335,2026-06-29T18:40:22.011343+00:00,111.9,25,bid,,,13116583
2026-06-30T04:40:22.941388,2026-06-29T18:40:23.725918+00:00,111.9,11,bid,,,13116615
2026-06-30T04:40:25.361319,2026-06-29T18:40:26.145433+00:00,111.9,200,ask,,,13116651
2026-06-30T04:40:25.399578,2026-06-29T18:40:26.189433+00:00,112.0,2,bid,,,13116652
2026-06-30T04:40:27.173886,2026-06-29T18:40:27.959747+00:00,112.0,25,bid,,,13116678
2026-06-30T04:40:27.244336,2026-06-29T18:40:28.036820+00:00,112.0,25,bid,,,13116681
2026-06-30T04:40:27.381192,2026-06-29T18:40:28.168880+00:00,112.0,25,bid,,,13116684
2026-06-30T04:40:27.452988,2026-06-29T18:40:28.245933+00:00,112.0,25,bid,,,13116686
2026-06-30T04:40:27.594495,2026-06-29T18:40:28.388176+00:00,112.0,25,bid,,,13116692
2026-06-30T04:40:27.660315,2026-06-29T18:40:28.443176+00:00,112.0,25,bid,,,13116694
2026-06-30T04:40:30.201724,2026-06-29T18:40:30.993080+00:00,112.0,9,bid,,,13116739
2026-06-30T04:40:30.513897,2026-06-29T18:40:31.311853+00:00,112.0,191,ask,,,13116747
2026-06-30T04:40:31.993603,2026-06-29T18:40:32.785251+00:00,112.0,500,ask,,,13116774
2026-06-30T04:40:32.590216,2026-06-29T18:40:33.379144+00:00,112.0,125,ask,,,13116785
2026-06-30T04:40:33.842527,2026-06-29T18:40:34.633903+00:00,112.0,200,bid,,,13116813
2026-06-30T04:40:36.673906,2026-06-29T18:40:37.456496+00:00,111.9,20,bid,,,13116870
2026-06-30T04:40:37.483262,2026-06-29T18:40:38.270851+00:00,111.9,200,ask,,,13116893
2026-06-30T04:40:38.426994,2026-06-29T18:40:39.216542+00:00,111.9,25,bid,,,13116911
2026-06-30T04:40:38.488811,2026-06-29T18:40:39.271602+00:00,111.9,25,bid,,,13116913
2026-06-30T04:40:38.636986,2026-06-29T18:40:39.436670+00:00,111.9,10,bid,,,13116918
2026-06-30T04:40:40.463547,2026-06-29T18:40:41.250590+00:00,111.9,500,bid,,,13116961
2026-06-30T04:40:43.501766,2026-06-29T18:40:44.285167+00:00,111.9,200,bid,,,13117030
2026-06-30T04:40:43.642154,2026-06-29T18:40:44.428222+00:00,111.9,300,ask,,,13117036
2026-06-30T04:40:43.642154,2026-06-29T18:40:44.428222+00:00,111.9,200,ask,,,13117037
2026-06-30T04:40:44.708634,2026-06-29T18:40:45.493950+00:00,111.9,125,bid,,,13117054
2026-06-30T04:40:44.768996,2026-06-29T18:40:45.559063+00:00,111.9,200,ask,,,13117057
2026-06-30T04:40:44.948450,2026-06-29T18:40:45.735171+00:00,112.1,2,bid,,,13117062
2026-06-30T04:40:45.977200,2026-06-29T18:40:46.768757+00:00,112.2,200,ask,,,13117070
2026-06-30T04:40:47.192032,2026-06-29T18:40:47.978430+00:00,112.1,200,ask,,,13117096
2026-06-30T04:40:48.402964,2026-06-29T18:40:49.187322+00:00,112.1,200,ask,,,13117117
2026-06-30T04:40:51.496840,2026-06-29T18:40:52.288523+00:00,112.1,200,ask,,,13117170
2026-06-30T04:40:56.825044,2026-06-29T18:40:57.611404+00:00,111.9,2,ask,,,13117269
2026-06-30T04:40:56.825044,2026-06-29T18:40:57.611404+00:00,111.9,18,ask,,,13117270
2026-06-30T04:40:59.358943,2026-06-29T18:41:00.148792+00:00,111.9,2,ask,,,13117304
2026-06-30T04:40:59.358943,2026-06-29T18:41:00.148792+00:00,111.8,200,ask,,,13117305
2026-06-30T04:40:59.533926,2026-06-29T18:41:00.324491+00:00,111.7,1,bid,,,13117308
2026-06-30T04:40:59.744484,2026-06-29T18:41:00.533491+00:00,111.7,1,bid,,,13117310
2026-06-30T04:41:00.503630,2026-06-29T18:41:01.293149+00:00,111.7,200,bid,,,13117334
2026-06-30T04:41:04.598598,2026-06-29T18:41:05.385391+00:00,111.7,6,ask,,,13117421
2026-06-30T04:41:05.342824,2026-06-29T18:41:06.131830+00:00,111.7,200,bid,,,13117435
2026-06-30T04:41:08.525744,2026-06-29T18:41:09.311300+00:00,111.6,3,ask,,,13117484
2026-06-30T04:41:08.525744,2026-06-29T18:41:09.311300+00:00,111.6,200,ask,,,13117485
2026-06-30T04:41:08.525744,2026-06-29T18:41:09.311300+00:00,111.5,422,ask,,,13117486
2026-06-30T04:41:09.835804,2026-06-29T18:41:10.620410+00:00,111.7,200,bid,,,13117505
2026-06-30T04:41:09.898664,2026-06-29T18:41:10.686410+00:00,111.8,25,ask,,,13117506
2026-06-30T04:41:09.971133,2026-06-29T18:41:10.763468+00:00,111.8,25,ask,,,13117509
2026-06-30T04:41:10.129005,2026-06-29T18:41:10.917570+00:00,111.8,25,ask,,,13117512
2026-06-30T04:41:10.180172,2026-06-29T18:41:10.972570+00:00,111.8,25,ask,,,13117518
2026-06-30T04:41:11.147405,2026-06-29T18:41:11.940386+00:00,111.8,200,ask,,,13117538
2026-06-30T04:41:11.383237,2026-06-29T18:41:12.171013+00:00,111.8,200,bid,,,13117543
2026-06-30T04:41:12.594984,2026-06-29T18:41:13.379009+00:00,111.7,200,ask,,,13117555
2026-06-30T04:41:19.049465,2026-06-29T18:41:19.835289+00:00,111.6,1,ask,,,13117695
2026-06-30T04:41:22.365605,2026-06-29T18:41:23.155405+00:00,111.4,25,bid,,,13117756
2026-06-30T04:41:22.417311,2026-06-29T18:41:23.210529+00:00,111.4,25,bid,,,13117758
2026-06-30T04:41:22.575178,2026-06-29T18:41:23.364591+00:00,111.4,25,bid,,,13117760
2026-06-30T04:41:22.627575,2026-06-29T18:41:23.419702+00:00,111.4,25,bid,,,13117763
2026-06-30T04:41:24.296505,2026-06-29T18:41:25.089248+00:00,111.3,500,ask,,,13117794
2026-06-30T04:41:24.641333,2026-06-29T18:41:25.430496+00:00,111.2,125,bid,,,13117799
2026-06-30T04:41:24.707017,2026-06-29T18:41:25.496619+00:00,111.3,200,ask,,,13117801
2026-06-30T04:41:26.914201,2026-06-29T18:41:27.705544+00:00,111.4,200,bid,,,13117827
2026-06-30T04:41:26.978563,2026-06-29T18:41:27.771656+00:00,111.4,20,ask,,,13117830
2026-06-30T04:41:29.551343,2026-06-29T18:41:30.333793+00:00,111.2,200,ask,,,13117859
2026-06-30T04:41:31.979951,2026-06-29T18:41:32.775485+00:00,111.3,200,bid,,,13117912
2026-06-30T04:41:33.484786,2026-06-29T18:41:34.270579+00:00,111.3,200,ask,,,13117922
2026-06-30T04:41:33.749413,2026-06-29T18:41:34.534156+00:00,111.3,425,bid,,,13117933
2026-06-30T04:41:34.791857,2026-06-29T18:41:35.578738+00:00,111.4,10,bid,,,13117949
2026-06-30T04:41:34.791857,2026-06-29T18:41:35.578738+00:00,111.4,200,bid,,,13117950
2026-06-30T04:41:35.609755,2026-06-29T18:41:36.392992+00:00,111.4,200,ask,,,13117958
2026-06-30T04:41:37.430256,2026-06-29T18:41:38.218182+00:00,111.4,200,ask,,,13117985
2026-06-30T04:41:38.033245,2026-06-29T18:41:38.823737+00:00,111.3,200,bid,,,13117998
2026-06-30T04:41:38.594261,2026-06-29T18:41:39.385457+00:00,111.3,225,bid,,,13118012
2026-06-30T04:41:40.048919,2026-06-29T18:41:40.838223+00:00,111.5,5,bid,,,13118035
2026-06-30T04:41:40.048919,2026-06-29T18:41:40.838223+00:00,111.5,200,bid,,,13118036
2026-06-30T04:41:40.270679,2026-06-29T18:41:41.058394+00:00,111.6,6,bid,,,13118044
2026-06-30T04:41:40.463082,2026-06-29T18:41:41.245734+00:00,111.5,200,ask,,,13118048
2026-06-30T04:41:41.362828,2026-06-29T18:41:42.147241+00:00,111.5,500,ask,,,13118069
2026-06-30T04:41:41.603179,2026-06-29T18:41:42.389424+00:00,111.5,125,bid,,,13118072
2026-06-30T04:41:41.885401,2026-06-29T18:41:42.675035+00:00,111.7,10,bid,,,13118081
2026-06-30T04:41:43.980438,2026-06-29T18:41:44.764420+00:00,111.7,200,bid,,,13118116
2026-06-30T04:41:45.161703,2026-06-29T18:41:45.950911+00:00,111.9,20,bid,,,13118136
2026-06-30T04:41:46.531349,2026-06-29T18:41:47.322964+00:00,111.9,1,bid,,,13118146
2026-06-30T04:41:47.745006,2026-06-29T18:41:48.531753+00:00,112.0,200,bid,,,13118176
2026-06-30T04:41:48.959279,2026-06-29T18:41:49.761610+00:00,112.0,200,ask,,,13118200
2026-06-30T04:41:50.165527,2026-06-29T18:41:50.960229+00:00,112.0,200,bid,,,13118219
2026-06-30T04:41:51.373271,2026-06-29T18:41:52.159672+00:00,112.1,200,bid,,,13118243
2026-06-30T04:41:53.125251,2026-06-29T18:41:53.907928+00:00,112.2,200,ask,,,13118269
2026-06-30T04:41:56.213977,2026-06-29T18:41:57.006926+00:00,112.1,1,bid,,,13118331
2026-06-30T04:41:57.082675,2026-06-29T18:41:57.865522+00:00,112.1,199,ask,,,13118346
2026-06-30T04:41:59.701586,2026-06-29T18:42:00.489358+00:00,112.1,500,bid,,,13118408
2026-06-30T04:41:59.845746,2026-06-29T18:42:00.632430+00:00,112.1,125,ask,,,13118411
2026-06-30T04:42:03.417180,2026-06-29T18:42:04.203680+00:00,112.0,200,ask,,,13118461
2026-06-30T04:42:04.687365,2026-06-29T18:42:05.479352+00:00,111.9,200,bid,,,13118481
2026-06-30T04:42:05.896419,2026-06-29T18:42:06.687914+00:00,112.0,200,bid,,,13118497
2026-06-30T04:42:06.240690,2026-06-29T18:42:07.029221+00:00,112.0,500,bid,,,13118505
2026-06-30T04:42:06.259650,2026-06-29T18:42:07.051222+00:00,112.0,25,ask,,,13118507
2026-06-30T04:42:06.337530,2026-06-29T18:42:07.128283+00:00,112.0,25,ask,,,13118513
2026-06-30T04:42:06.425848,2026-06-29T18:42:07.216283+00:00,112.0,75,ask,,,13118516
2026-06-30T04:42:06.565542,2026-06-29T18:42:07.370407+00:00,112.0,20,bid,,,13118518
2026-06-30T04:42:10.742782,2026-06-29T18:42:11.535122+00:00,111.7,10,ask,,,13118579
2026-06-30T04:42:10.742782,2026-06-29T18:42:11.535122+00:00,111.7,190,ask,,,13118580
2026-06-30T04:42:11.456912,2026-06-29T18:42:12.249549+00:00,112.0,20,bid,,,13118600
2026-06-30T04:42:12.682459,2026-06-29T18:42:13.469842+00:00,111.7,8,ask,,,13118621
2026-06-30T04:42:12.682459,2026-06-29T18:42:13.469842+00:00,111.7,17,ask,,,13118622
2026-06-30T04:42:12.757668,2026-06-29T18:42:13.546980+00:00,111.7,25,ask,,,13118626
2026-06-30T04:42:12.892307,2026-06-29T18:42:13.679042+00:00,111.7,25,ask,,,13118630
2026-06-30T04:42:12.968004,2026-06-29T18:42:13.755188+00:00,111.7,25,ask,,,13118632
2026-06-30T04:42:14.134789,2026-06-29T18:42:14.922285+00:00,111.7,7,ask,,,13118652
2026-06-30T04:42:14.778525,2026-06-29T18:42:15.570083+00:00,111.6,6,ask,,,13118667
2026-06-30T04:42:14.925017,2026-06-29T18:42:15.724084+00:00,111.5,25,ask,,,13118670
2026-06-30T04:42:14.988077,2026-06-29T18:42:15.779084+00:00,111.5,19,ask,,,13118673
2026-06-30T04:42:15.447506,2026-06-29T18:42:16.240112+00:00,111.6,6,ask,,,13118686
2026-06-30T04:42:15.520703,2026-06-29T18:42:16.317111+00:00,111.5,20,ask,,,13118691
2026-06-30T04:42:15.939170,2026-06-29T18:42:16.722717+00:00,111.5,25,ask,,,13118702
2026-06-30T04:42:15.998837,2026-06-29T18:42:16.788773+00:00,111.5,25,ask,,,13118705
2026-06-30T04:42:16.149974,2026-06-29T18:42:16.942837+00:00,111.5,1,ask,,,13118710
2026-06-30T04:42:16.149974,2026-06-29T18:42:16.942837+00:00,111.5,24,ask,,,13118711
2026-06-30T04:42:16.208691,2026-06-29T18:42:16.997837+00:00,111.5,25,ask,,,13118715
2026-06-30T04:42:16.788230,2026-06-29T18:42:17.580833+00:00,111.5,200,ask,,,13118728
2026-06-30T04:42:19.023624,2026-06-29T18:42:19.809341+00:00,111.5,25,ask,,,13118778
2026-06-30T04:42:19.164680,2026-06-29T18:42:19.951991+00:00,111.5,25,ask,,,13118781
2026-06-30T04:42:19.233108,2026-06-29T18:42:20.017991+00:00,111.5,25,ask,,,13118784
2026-06-30T04:42:19.383403,2026-06-29T18:42:20.171991+00:00,111.5,475,ask,,,13118789
2026-06-30T04:42:19.383403,2026-06-29T18:42:20.171991+00:00,111.5,150,ask,,,13118790
2026-06-30T04:42:20.694870,2026-06-29T18:42:21.479093+00:00,111.6,200,ask,,,13118823
2026-06-30T04:42:20.694870,2026-06-29T18:42:21.490093+00:00,111.5,425,ask,,,13118824
2026-06-30T04:42:21.179857,2026-06-29T18:42:21.962593+00:00,111.5,1,ask,,,13118831
2026-06-30T04:42:21.179857,2026-06-29T18:42:21.973593+00:00,111.5,24,ask,,,13118832
2026-06-30T04:42:22.118430,2026-06-29T18:42:22.908028+00:00,111.6,20,ask,,,13118849
2026-06-30T04:42:23.384520,2026-06-29T18:42:24.175576+00:00,111.6,500,bid,,,13118878
2026-06-30T04:42:23.975498,2026-06-29T18:42:24.769832+00:00,111.6,125,bid,,,13118882
2026-06-30T04:42:24.030007,2026-06-29T18:42:24.813919+00:00,111.6,200,ask,,,13118884
2026-06-30T04:42:26.424750,2026-06-29T18:42:27.207310+00:00,111.7,200,bid,,,13118934
2026-06-30T04:42:26.424750,2026-06-29T18:42:27.218384+00:00,111.7,300,bid,,,13118935
2026-06-30T04:42:26.454424,2026-06-29T18:42:27.240383+00:00,111.5,200,ask,,,13118940
2026-06-30T04:42:27.022983,2026-06-29T18:42:27.812311+00:00,111.7,325,bid,,,13118945
2026-06-30T04:42:27.229969,2026-06-29T18:42:28.019581+00:00,111.9,11,bid,,,13118948
2026-06-30T04:42:27.666283,2026-06-29T18:42:28.459404+00:00,111.9,200,ask,,,13118960
2026-06-30T04:42:28.875970,2026-06-29T18:42:29.668942+00:00,111.8,200,ask,,,13118982
2026-06-30T04:42:32.519004,2026-06-29T18:42:33.306977+00:00,111.7,200,ask,,,13119045
2026-06-30T04:42:32.519004,2026-06-29T18:42:33.306977+00:00,111.7,425,ask,,,13119046
2026-06-30T04:42:35.142321,2026-06-29T18:42:35.934124+00:00,111.7,200,ask,,,13119106
2026-06-30T04:42:35.725733,2026-06-29T18:42:36.516647+00:00,111.6,8,ask,,,13119114
2026-06-30T04:42:35.725733,2026-06-29T18:42:36.516647+00:00,111.6,12,ask,,,13119115
2026-06-30T04:42:36.098458,2026-06-29T18:42:36.891014+00:00,111.7,425,bid,,,13119122
2026-06-30T04:42:37.383531,2026-06-29T18:42:38.167649+00:00,111.8,200,ask,,,13119149
2026-06-30T04:42:39.071799,2026-06-29T18:42:39.859975+00:00,111.9,1,bid,,,13119186
2026-06-30T04:42:39.800096,2026-06-29T18:42:40.585618+00:00,111.9,200,ask,,,13119205
2026-06-30T04:42:43.021242,2026-06-29T18:42:43.807629+00:00,112.0,200,bid,,,13119260
2026-06-30T04:42:45.641462,2026-06-29T18:42:46.433560+00:00,112.0,1,bid,,,13119303
2026-06-30T04:42:46.952514,2026-06-29T18:42:47.741852+00:00,112.1,1,bid,,,13119332
2026-06-30T04:42:46.952514,2026-06-29T18:42:47.741852+00:00,112.1,200,bid,,,13119333
2026-06-30T04:42:46.952514,2026-06-29T18:42:47.741852+00:00,112.3,424,bid,,,13119334
2026-06-30T04:42:48.267295,2026-06-29T18:42:49.061374+00:00,112.0,200,ask,,,13119358
2026-06-30T04:42:50.315550,2026-06-29T18:42:51.106723+00:00,111.9,20,ask,,,13119389
2026-06-30T04:42:51.876986,2026-06-29T18:42:52.669050+00:00,111.8,15,ask,,,13119411
2026-06-30T04:42:51.876986,2026-06-29T18:42:52.669050+00:00,111.8,185,ask,,,13119412
2026-06-30T04:42:53.567946,2026-06-29T18:42:54.351311+00:00,112.1,1,bid,,,13119443
2026-06-30T04:42:53.567946,2026-06-29T18:42:54.362381+00:00,112.1,19,bid,,,13119444
2026-06-30T04:42:56.732046,2026-06-29T18:42:57.530700+00:00,112.1,4,bid,,,13119498
2026-06-30T04:42:59.156454,2026-06-29T18:42:59.948019+00:00,112.2,4,bid,,,13119552
2026-06-30T04:43:00.069627,2026-06-29T18:43:00.859821+00:00,112.2,196,ask,,,13119571
2026-06-30T04:43:00.365509,2026-06-29T18:43:01.157263+00:00,112.2,200,bid,,,13119573
2026-06-30T04:43:04.480310,2026-06-29T18:43:05.267137+00:00,112.2,9,bid,,,13119646
2026-06-30T04:43:07.929598,2026-06-29T18:43:08.717833+00:00,112.2,4,bid,,,13119708
2026-06-30T04:43:08.838496,2026-06-29T18:43:09.630338+00:00,112.2,200,ask,,,13119727
2026-06-30T04:43:10.571767,2026-06-29T18:43:11.356256+00:00,112.3,3,bid,,,13119761
2026-06-30T04:43:10.571767,2026-06-29T18:43:11.356256+00:00,112.3,200,bid,,,13119762
2026-06-30T04:43:14.511877,2026-06-29T18:43:15.314964+00:00,112.5,200,ask,,,13119832
2026-06-30T04:43:15.232921,2026-06-29T18:43:16.019443+00:00,112.5,20,bid,,,13119846
2026-06-30T04:43:17.002626,2026-06-29T18:43:17.790171+00:00,112.5,20,bid,,,13119878
2026-06-30T04:43:17.134982,2026-06-29T18:43:17.922170+00:00,112.5,180,bid,,,13119880
2026-06-30T04:43:17.317129,2026-06-29T18:43:18.109280+00:00,112.5,200,ask,,,13119889
2026-06-30T04:43:18.523126,2026-06-29T18:43:19.309293+00:00,112.5,200,bid,,,13119907
2026-06-30T04:43:19.761036,2026-06-29T18:43:20.551280+00:00,112.5,200,bid,,,13119922
2026-06-30T04:43:23.374318,2026-06-29T18:43:24.159445+00:00,112.5,200,ask,,,13119976
2026-06-30T04:43:24.307094,2026-06-29T18:43:25.093167+00:00,112.6,20,bid,,,13119997
2026-06-30T04:43:25.005194,2026-06-29T18:43:25.794077+00:00,112.5,200,ask,,,13120006
2026-06-30T04:43:28.359089,2026-06-29T18:43:29.143591+00:00,112.5,20,ask,,,13120071
2026-06-30T04:43:29.339891,2026-06-29T18:43:30.122663+00:00,112.4,20,ask,,,13120086
2026-06-30T04:43:29.436776,2026-06-29T18:43:30.221879+00:00,112.6,5,bid,,,13120087
2026-06-30T04:43:29.436776,2026-06-29T18:43:30.221879+00:00,112.6,195,bid,,,13120088
2026-06-30T04:43:31.857863,2026-06-29T18:43:32.648506+00:00,112.6,8,bid,,,13120132
2026-06-30T04:43:33.072445,2026-06-29T18:43:33.856993+00:00,112.6,200,ask,,,13120160
2026-06-30T04:43:36.615612,2026-06-29T18:43:37.404061+00:00,112.7,20,ask,,,13120236
2026-06-30T04:43:37.259133,2026-06-29T18:43:38.051461+00:00,112.8,3,bid,,,13120247
2026-06-30T04:43:37.259133,2026-06-29T18:43:38.051461+00:00,112.8,497,bid,,,13120248
2026-06-30T04:43:37.856601,2026-06-29T18:43:38.649569+00:00,112.8,128,bid,,,13120267
2026-06-30T04:43:37.856601,2026-06-29T18:43:38.649569+00:00,112.8,6,bid,,,13120268
2026-06-30T04:43:38.090426,2026-06-29T18:43:38.878901+00:00,113.0,200,bid,,,13120273
2026-06-30T04:43:40.353520,2026-06-29T18:43:41.138803+00:00,113.0,200,bid,,,13120323
2026-06-30T04:43:42.106515,2026-06-29T18:43:42.896206+00:00,112.9,500,bid,,,13120351
2026-06-30T04:43:42.701494,2026-06-29T18:43:43.488307+00:00,112.9,125,bid,,,13120361
2026-06-30T04:43:44.644233,2026-06-29T18:43:45.428072+00:00,113.0,200,ask,,,13120389
2026-06-30T04:43:46.563926,2026-06-29T18:43:47.354978+00:00,113.0,20,bid,,,13120425
2026-06-30T04:43:48.564251,2026-06-29T18:43:49.349393+00:00,113.0,200,bid,,,13120464
2026-06-30T04:43:48.564251,2026-06-29T18:43:49.349393+00:00,113.0,1,bid,,,13120465
2026-06-30T04:43:49.898292,2026-06-29T18:43:50.681792+00:00,113.0,25,bid,,,13120482
2026-06-30T04:43:50.027737,2026-06-29T18:43:50.814334+00:00,113.0,25,bid,,,13120491
2026-06-30T04:43:50.031938,2026-06-29T18:43:50.825385+00:00,113.0,200,bid,,,13120492
2026-06-30T04:43:50.108998,2026-06-29T18:43:50.901799+00:00,113.0,25,bid,,,13120496
2026-06-30T04:43:50.237695,2026-06-29T18:43:51.021960+00:00,113.0,25,bid,,,13120501
2026-06-30T04:43:50.320445,2026-06-29T18:43:51.109393+00:00,113.0,25,bid,,,13120503
2026-06-30T04:43:50.447112,2026-06-29T18:43:51.241481+00:00,113.0,25,bid,,,13120505
2026-06-30T04:43:51.185068,2026-06-29T18:43:51.976630+00:00,113.0,1,bid,,,13120516
2026-06-30T04:43:52.495637,2026-06-29T18:43:53.280206+00:00,113.1,1,bid,,,13120536
2026-06-30T04:43:52.495637,2026-06-29T18:43:53.280206+00:00,113.1,200,bid,,,13120537
2026-06-30T04:43:53.340090,2026-06-29T18:43:54.133014+00:00,113.3,20,bid,,,13120557
2026-06-30T04:43:53.808154,2026-06-29T18:43:54.599183+00:00,113.0,200,ask,,,13120566
2026-06-30T04:43:55.113841,2026-06-29T18:43:55.897281+00:00,113.1,4,bid,,,13120576
2026-06-30T04:43:55.113841,2026-06-29T18:43:55.907901+00:00,113.1,200,bid,,,13120577
2026-06-30T04:43:58.539484,2026-06-29T18:43:59.326955+00:00,113.3,25,ask,,,13120643
2026-06-30T04:43:58.666135,2026-06-29T18:43:59.470055+00:00,113.3,25,ask,,,13120645
2026-06-30T04:43:58.748160,2026-06-29T18:43:59.536055+00:00,113.3,25,ask,,,13120647
2026-06-30T04:43:58.872731,2026-06-29T18:43:59.656236+00:00,113.3,25,ask,,,13120649
2026-06-30T04:43:59.708416,2026-06-29T18:44:00.496522+00:00,113.4,8,bid,,,13120672
2026-06-30T04:43:59.837917,2026-06-29T18:44:00.627275+00:00,113.5,20,bid,,,13120673
2026-06-30T04:44:00.873601,2026-06-29T18:44:01.662248+00:00,113.4,192,ask,,,13120693
2026-06-30T04:44:03.354156,2026-06-29T18:44:04.142171+00:00,113.4,1,bid,,,13120741
2026-06-30T04:44:03.354156,2026-06-29T18:44:04.142171+00:00,113.4,199,bid,,,13120742
2026-06-30T04:44:04.272448,2026-06-29T18:44:05.056392+00:00,113.4,500,bid,,,13120760
2026-06-30T04:44:04.508111,2026-06-29T18:44:05.297181+00:00,113.4,125,ask,,,13120764
2026-06-30T04:44:04.564252,2026-06-29T18:44:05.351117+00:00,113.3,200,bid,,,13120766
2026-06-30T04:44:05.740699,2026-06-29T18:44:06.529821+00:00,113.2,25,bid,,,13120790
2026-06-30T04:44:05.773043,2026-06-29T18:44:06.563006+00:00,113.2,200,bid,,,13120792
2026-06-30T04:44:05.783161,2026-06-29T18:44:06.574073+00:00,113.2,25,bid,,,13120794
2026-06-30T04:44:05.952969,2026-06-29T18:44:06.737591+00:00,113.2,25,bid,,,13120799
2026-06-30T04:44:05.992501,2026-06-29T18:44:06.780941+00:00,113.2,25,bid,,,13120801
2026-06-30T04:44:06.984081,2026-06-29T18:44:07.772846+00:00,113.3,7,bid,,,13120822
2026-06-30T04:44:06.984081,2026-06-29T18:44:07.772846+00:00,113.3,193,bid,,,13120823
2026-06-30T04:44:07.026742,2026-06-29T18:44:07.817106+00:00,113.1,2,ask,,,13120824
2026-06-30T04:44:08.205591,2026-06-29T18:44:08.995461+00:00,113.3,8,bid,,,13120849
2026-06-30T04:44:08.205591,2026-06-29T18:44:08.995461+00:00,113.3,200,bid,,,13120850
2026-06-30T04:44:09.314584,2026-06-29T18:44:10.105909+00:00,113.5,20,bid,,,13120868
2026-06-30T04:44:10.607347,2026-06-29T18:44:11.399003+00:00,113.3,200,bid,,,13120900
2026-06-30T04:44:11.472126,2026-06-29T18:44:12.260897+00:00,113.3,20,bid,,,13120928
2026-06-30T04:44:12.847481,2026-06-29T18:44:13.635984+00:00,113.3,25,bid,,,13120961
2026-06-30T04:44:12.992318,2026-06-29T18:44:13.777916+00:00,113.3,25,bid,,,13120963
2026-06-30T04:44:14.259386,2026-06-29T18:44:15.042330+00:00,113.3,25,bid,,,13120998
2026-06-30T04:44:14.406893,2026-06-29T18:44:15.195161+00:00,113.3,17,bid,,,13121003
2026-06-30T04:44:15.017230,2026-06-29T18:44:15.807891+00:00,113.3,25,bid,,,13121014
2026-06-30T04:44:15.070620,2026-06-29T18:44:15.862294+00:00,113.3,25,bid,,,13121016
2026-06-30T04:44:15.226859,2026-06-29T18:44:16.016289+00:00,113.3,25,bid,,,13121022
2026-06-30T04:44:15.279907,2026-06-29T18:44:16.081789+00:00,113.3,25,bid,,,13121026
2026-06-30T04:44:15.438786,2026-06-29T18:44:16.232889+00:00,113.3,5,bid,,,13121033
2026-06-30T04:44:15.580074,2026-06-29T18:44:16.373237+00:00,113.3,20,bid,,,13121036
2026-06-30T04:44:17.876503,2026-06-29T18:44:18.663288+00:00,113.3,200,bid,,,13121086
2026-06-30T04:44:19.085408,2026-06-29T18:44:19.870757+00:00,113.2,200,bid,,,13121103
2026-06-30T04:44:22.050521,2026-06-29T18:44:22.842921+00:00,113.1,1,ask,,,13121150
2026-06-30T04:44:22.050521,2026-06-29T18:44:22.842921+00:00,113.1,19,ask,,,13121151
2026-06-30T04:44:22.722054,2026-06-29T18:44:23.505200+00:00,113.2,200,ask,,,13121167
2026-06-30T04:44:24.810856,2026-06-29T18:44:25.597179+00:00,113.3,20,bid,,,13121197
2026-06-30T04:44:25.211004,2026-06-29T18:44:25.998361+00:00,113.2,200,ask,,,13121206
2026-06-30T04:44:26.348232,2026-06-29T18:44:27.138871+00:00,113.2,200,bid,,,13121221
2026-06-30T04:44:27.664706,2026-06-29T18:44:28.449695+00:00,113.3,25,ask,,,13121242
2026-06-30T04:44:27.772253,2026-06-29T18:44:28.558946+00:00,113.3,25,ask,,,13121244
2026-06-30T04:44:27.875072,2026-06-29T18:44:28.668668+00:00,113.3,25,ask,,,13121250
2026-06-30T04:44:27.982984,2026-06-29T18:44:28.767284+00:00,113.3,25,ask,,,13121256
2026-06-30T04:44:28.086285,2026-06-29T18:44:28.875590+00:00,113.3,1,ask,,,13121260
2026-06-30T04:44:28.123015,2026-06-29T18:44:28.908342+00:00,113.3,99,ask,,,13121264
2026-06-30T04:44:31.740192,2026-06-29T18:44:32.528125+00:00,113.1,4,ask,,,13121325
2026-06-30T04:44:31.740192,2026-06-29T18:44:32.528125+00:00,113.1,496,ask,,,13121326
2026-06-30T04:44:31.782577,2026-06-29T18:44:32.571911+00:00,113.1,200,ask,,,13121330
2026-06-30T04:44:31.782577,2026-06-29T18:44:32.571911+00:00,113.1,12,ask,,,13121331
2026-06-30T04:44:31.804012,2026-06-29T18:44:32.594043+00:00,112.9,25,bid,,,13121333
2026-06-30T04:44:31.909693,2026-06-29T18:44:32.702622+00:00,112.9,25,bid,,,13121335
2026-06-30T04:44:32.012556,2026-06-29T18:44:32.801241+00:00,112.9,25,bid,,,13121337
2026-06-30T04:44:32.122746,2026-06-29T18:44:32.909968+00:00,112.9,25,bid,,,13121340
2026-06-30T04:44:32.222737,2026-06-29T18:44:33.008135+00:00,112.9,25,bid,,,13121345
2026-06-30T04:44:32.227174,2026-06-29T18:44:33.018714+00:00,112.8,2,ask,,,13121346
2026-06-30T04:44:32.393370,2026-06-29T18:44:33.182799+00:00,112.9,200,bid,,,13121349
2026-06-30T04:44:32.431793,2026-06-29T18:44:33.215863+00:00,112.8,2,ask,,,13121351
2026-06-30T04:44:32.636737,2026-06-29T18:44:33.423244+00:00,112.8,2,ask,,,13121358
2026-06-30T04:44:32.842056,2026-06-29T18:44:33.631162+00:00,112.8,2,ask,,,13121363
2026-06-30T04:44:33.046527,2026-06-29T18:44:33.837864+00:00,112.8,2,ask,,,13121365
2026-06-30T04:44:33.252073,2026-06-29T18:44:34.046226+00:00,112.9,2,ask,,,13121371
2026-06-30T04:44:33.458754,2026-06-29T18:44:34.252147+00:00,112.9,2,ask,,,13121376
2026-06-30T04:44:33.663307,2026-06-29T18:44:34.458347+00:00,113.0,1,ask,,,13121385
2026-06-30T04:44:33.930187,2026-06-29T18:44:34.719053+00:00,113.0,8,ask,,,13121391
2026-06-30T04:44:34.067981,2026-06-29T18:44:34.860858+00:00,112.9,25,ask,,,13121397
2026-06-30T04:44:34.140019,2026-06-29T18:44:34.927225+00:00,112.9,25,ask,,,13121400
2026-06-30T04:44:34.279945,2026-06-29T18:44:35.067713+00:00,112.9,25,ask,,,13121406
2026-06-30T04:44:34.350478,2026-06-29T18:44:35.144198+00:00,112.9,25,ask,,,13121408
2026-06-30T04:44:34.370544,2026-06-29T18:44:35.155270+00:00,112.9,20,ask,,,13121410
2026-06-30T04:44:34.489384,2026-06-29T18:44:35.276112+00:00,113.0,25,ask,,,13121412
2026-06-30T04:44:34.559710,2026-06-29T18:44:35.352584+00:00,113.0,7,ask,,,13121414
2026-06-30T04:44:35.101612,2026-06-29T18:44:35.887557+00:00,113.0,25,ask,,,13121434
2026-06-30T04:44:35.172438,2026-06-29T18:44:35.964034+00:00,113.0,25,ask,,,13121436
2026-06-30T04:44:35.312211,2026-06-29T18:44:36.105028+00:00,113.0,25,ask,,,13121438
2026-06-30T04:44:35.409229,2026-06-29T18:44:36.201219+00:00,113.0,25,ask,,,13121441
2026-06-30T04:44:38.324766,2026-06-29T18:44:39.110964+00:00,113.0,3,ask,,,13121496
2026-06-30T04:44:40.333207,2026-06-29T18:44:41.126019+00:00,113.0,25,ask,,,13121539
2026-06-30T04:44:40.437270,2026-06-29T18:44:41.225624+00:00,113.0,25,ask,,,13121542
2026-06-30T04:44:40.541559,2026-06-29T18:44:41.333863+00:00,113.0,25,ask,,,13121546
2026-06-30T04:44:40.645766,2026-06-29T18:44:41.431057+00:00,113.0,25,ask,,,13121550
2026-06-30T04:44:40.750041,2026-06-29T18:44:41.540801+00:00,113.0,8,ask,,,13121552
2026-06-30T04:44:40.859227,2026-06-29T18:44:41.648581+00:00,113.0,2,ask,,,13121554
2026-06-30T04:44:41.607901,2026-06-29T18:44:42.400146+00:00,113.0,20,ask,,,13121565
2026-06-30T04:44:45.742264,2026-06-29T18:44:46.530813+00:00,113.1,200,bid,,,13121646
2026-06-30T04:44:46.208073,2026-06-29T18:44:47.000254+00:00,113.1,300,bid,,,13121658
2026-06-30T04:44:46.307696,2026-06-29T18:44:47.098406+00:00,113.1,325,ask,,,13121660
2026-06-30T04:44:47.533134,2026-06-29T18:44:48.317329+00:00,113.0,200,ask,,,13121683
2026-06-30T04:44:53.006067,2026-06-29T18:44:53.796002+00:00,113.1,200,bid,,,13121781
2026-06-30T04:44:55.422308,2026-06-29T18:44:56.211062+00:00,113.1,200,bid,,,13121817
2026-06-30T04:44:58.005908,2026-06-29T18:44:58.797211+00:00,113.0,200,ask,,,13121843
2026-06-30T04:45:02.406922,2026-06-29T18:45:03.198244+00:00,113.0,25,bid,,,13121942
2026-06-30T04:45:02.515840,2026-06-29T18:45:03.307458+00:00,113.0,25,bid,,,13121944
2026-06-30T04:45:02.616269,2026-06-29T18:45:03.406061+00:00,113.0,25,bid,,,13121946
2026-06-30T04:45:02.709082,2026-06-29T18:45:03.493123+00:00,112.9,2,ask,,,13121950
2026-06-30T04:45:02.725135,2026-06-29T18:45:03.515271+00:00,112.9,25,bid,,,13121953
2026-06-30T04:45:02.827368,2026-06-29T18:45:03.612974+00:00,112.9,25,bid,,,13121957
2026-06-30T04:45:02.938582,2026-06-29T18:45:03.732272+00:00,112.9,25,bid,,,13121963
2026-06-30T04:45:05.904334,2026-06-29T18:45:06.697807+00:00,112.9,200,bid,,,13122015
2026-06-30T04:45:07.545017,2026-06-29T18:45:08.365204+00:00,112.9,200,bid,,,13122054
2026-06-30T04:45:09.832535,2026-06-29T18:45:10.618816+00:00,112.9,200,ask,,,13122093
2026-06-30T04:45:09.959070,2026-06-29T18:45:10.750697+00:00,112.9,200,bid,,,13122097
2026-06-30T04:45:10.524064,2026-06-29T18:45:11.317164+00:00,112.9,225,bid,,,13122105
2026-06-30T04:45:11.142217,2026-06-29T18:45:11.926948+00:00,113.1,200,bid,,,13122111
2026-06-30T04:45:11.166921,2026-06-29T18:45:11.958794+00:00,113.1,200,ask,,,13122114
2026-06-30T04:45:13.761663,2026-06-29T18:45:14.610681+00:00,113.0,200,ask,,,13122162
2026-06-30T04:45:13.780590,2026-06-29T18:45:14.632824+00:00,112.9,20,ask,,,13122163
2026-06-30T04:45:14.792968,2026-06-29T18:45:15.654716+00:00,113.0,200,bid,,,13122181
2026-06-30T04:45:15.018855,2026-06-29T18:45:15.884246+00:00,113.0,20,bid,,,13122187
2026-06-30T04:45:15.167496,2026-06-29T18:45:16.037236+00:00,113.0,25,ask,,,13122194
2026-06-30T04:45:15.254697,2026-06-29T18:45:16.134311+00:00,113.0,25,ask,,,13122196
2026-06-30T04:45:15.386853,2026-06-29T18:45:16.264001+00:00,113.0,25,ask,,,13122198
2026-06-30T04:45:15.465010,2026-06-29T18:45:16.338955+00:00,113.0,25,ask,,,13122201
2026-06-30T04:45:17.900615,2026-06-29T18:45:18.691928+00:00,112.9,20,ask,,,13122241
2026-06-30T04:45:18.217344,2026-06-29T18:45:19.008369+00:00,113.0,25,bid,,,13122246
2026-06-30T04:45:18.287847,2026-06-29T18:45:19.074274+00:00,113.0,25,bid,,,13122250
2026-06-30T04:45:18.429455,2026-06-29T18:45:19.226299+00:00,113.0,25,bid,,,13122252
2026-06-30T04:45:18.497636,2026-06-29T18:45:19.290759+00:00,113.0,25,bid,,,13122254
2026-06-30T04:45:18.638810,2026-06-29T18:45:19.422022+00:00,113.0,25,bid,,,13122256
2026-06-30T04:45:18.707072,2026-06-29T18:45:19.498039+00:00,113.0,25,bid,,,13122258
2026-06-30T04:45:18.853971,2026-06-29T18:45:19.638454+00:00,112.8,2,ask,,,13122259
2026-06-30T04:45:18.853971,2026-06-29T18:45:19.649032+00:00,112.8,18,ask,,,13122260
2026-06-30T04:45:20.342241,2026-06-29T18:45:21.128402+00:00,112.9,4,ask,,,13122288
2026-06-30T04:45:20.342241,2026-06-29T18:45:21.128402+00:00,112.9,200,ask,,,13122289
2026-06-30T04:45:22.061130,2026-06-29T18:45:22.848960+00:00,112.9,200,bid,,,13122316
2026-06-30T04:45:24.486304,2026-06-29T18:45:25.278492+00:00,112.9,200,bid,,,13122368
2026-06-30T04:45:26.923835,2026-06-29T18:45:27.708520+00:00,113.0,200,ask,,,13122410
2026-06-30T04:45:28.266886,2026-06-29T18:45:29.058172+00:00,113.1,25,bid,,,13122441
2026-06-30T04:45:28.336776,2026-06-29T18:45:29.124110+00:00,113.1,25,bid,,,13122444
2026-06-30T04:45:28.477348,2026-06-29T18:45:29.265955+00:00,113.1,25,bid,,,13122449
2026-06-30T04:45:28.547559,2026-06-29T18:45:29.340912+00:00,113.1,25,bid,,,13122453
2026-06-30T04:45:28.552203,2026-06-29T18:45:29.340912+00:00,112.9,2,ask,,,13122454
2026-06-30T04:45:30.652442,2026-06-29T18:45:31.438358+00:00,113.1,20,bid,,,13122505
2026-06-30T04:45:30.845009,2026-06-29T18:45:31.634302+00:00,113.0,200,ask,,,13122510
2026-06-30T04:45:30.891521,2026-06-29T18:45:31.677532+00:00,112.9,25,bid,,,13122512
2026-06-30T04:45:30.964848,2026-06-29T18:45:31.754003+00:00,112.9,25,bid,,,13122514
2026-06-30T04:45:31.756569,2026-06-29T18:45:32.548017+00:00,112.9,200,bid,,,13122524
2026-06-30T04:45:32.970238,2026-06-29T18:45:33.757160+00:00,113.0,200,ask,,,13122551
2026-06-30T04:45:36.615910,2026-06-29T18:45:37.400416+00:00,113.2,1,bid,,,13122632
2026-06-30T04:45:36.615910,2026-06-29T18:45:37.411464+00:00,113.2,199,bid,,,13122633
2026-06-30T04:45:37.405596,2026-06-29T18:45:38.197322+00:00,113.2,8,bid,,,13122643
2026-06-30T04:45:37.507539,2026-06-29T18:45:38.295526+00:00,113.3,25,ask,,,13122647
2026-06-30T04:45:37.580823,2026-06-29T18:45:38.371059+00:00,113.3,25,ask,,,13122653
2026-06-30T04:45:37.716516,2026-06-29T18:45:38.502759+00:00,113.3,25,ask,,,13122657
2026-06-30T04:45:37.795128,2026-06-29T18:45:38.591196+00:00,113.3,25,ask,,,13122661
2026-06-30T04:45:37.828553,2026-06-29T18:45:38.613293+00:00,113.3,200,ask,,,13122666
2026-06-30T04:45:37.926336,2026-06-29T18:45:38.711829+00:00,113.3,25,ask,,,13122671
2026-06-30T04:45:38.004390,2026-06-29T18:45:38.787855+00:00,113.3,25,ask,,,13122679
2026-06-30T04:45:38.740799,2026-06-29T18:45:39.531071+00:00,113.3,25,bid,,,13122695
2026-06-30T04:45:38.819364,2026-06-29T18:45:39.607499+00:00,113.3,25,bid,,,13122697
2026-06-30T04:45:38.825506,2026-06-29T18:45:39.618055+00:00,113.1,2,ask,,,13122698
2026-06-30T04:45:38.871934,2026-06-29T18:45:39.661761+00:00,113.1,20,ask,,,13122699
2026-06-30T04:45:39.030370,2026-06-29T18:45:39.814043+00:00,113.1,2,ask,,,13122700
2026-06-30T04:45:39.234985,2026-06-29T18:45:40.022012+00:00,113.1,2,ask,,,13122705
2026-06-30T04:45:40.025945,2026-06-29T18:45:40.817669+00:00,113.2,9,bid,,,13122720
2026-06-30T04:45:41.555626,2026-06-29T18:45:42.350947+00:00,113.2,25,bid,,,13122745
2026-06-30T04:45:41.652982,2026-06-29T18:45:42.437908+00:00,113.2,25,bid,,,13122751
2026-06-30T04:45:41.766260,2026-06-29T18:45:42.558128+00:00,113.2,7,bid,,,13122754
2026-06-30T04:45:42.649732,2026-06-29T18:45:43.442128+00:00,113.2,143,bid,,,13122774
2026-06-30T04:45:46.793995,2026-06-29T18:45:47.586070+00:00,113.2,20,ask,,,13122828
2026-06-30T04:45:48.045460,2026-06-29T18:45:48.836194+00:00,113.2,20,ask,,,13122842
2026-06-30T04:45:49.206152,2026-06-29T18:45:49.993188+00:00,113.3,4,bid,,,13122874
2026-06-30T04:45:49.206152,2026-06-29T18:45:49.993188+00:00,113.3,200,bid,,,13122875
2026-06-30T04:45:49.281152,2026-06-29T18:45:50.070619+00:00,113.4,25,ask,,,13122877
2026-06-30T04:45:49.383748,2026-06-29T18:45:50.169165+00:00,113.4,25,ask,,,13122879
2026-06-30T04:45:49.491279,2026-06-29T18:45:50.278212+00:00,113.4,25,ask,,,13122883
2026-06-30T04:45:49.596682,2026-06-29T18:45:50.387386+00:00,113.4,25,ask,,,13122886
2026-06-30T04:45:49.706290,2026-06-29T18:45:50.496457+00:00,113.4,25,ask,,,13122888
2026-06-30T04:45:49.806440,2026-06-29T18:45:50.594905+00:00,113.4,25,ask,,,13122891
2026-06-30T04:45:50.332983,2026-06-29T18:45:51.125848+00:00,113.5,2,bid,,,13122901
2026-06-30T04:45:50.542844,2026-06-29T18:45:51.327952+00:00,113.3,2,bid,,,13122908
2026-06-30T04:45:50.747717,2026-06-29T18:45:51.535330+00:00,113.3,2,bid,,,13122910
2026-06-30T04:45:50.953315,2026-06-29T18:45:51.740712+00:00,113.3,2,bid,,,13122914
2026-06-30T04:45:51.833443,2026-06-29T18:45:52.620893+00:00,113.2,200,ask,,,13122941
2026-06-30T04:45:51.833443,2026-06-29T18:45:52.620893+00:00,113.2,425,ask,,,13122942
2026-06-30T04:45:52.994014,2026-06-29T18:45:53.786227+00:00,113.5,1,bid,,,13122962
2026-06-30T04:45:52.994014,2026-06-29T18:45:53.786227+00:00,113.5,19,bid,,,13122963
2026-06-30T04:45:54.773573,2026-06-29T18:45:55.562826+00:00,113.4,200,bid,,,13122990
2026-06-30T04:45:56.538271,2026-06-29T18:45:57.326180+00:00,113.3,500,bid,,,13123022
2026-06-30T04:45:57.015779,2026-06-29T18:45:57.806227+00:00,113.2,20,ask,,,13123033
2026-06-30T04:45:57.171302,2026-06-29T18:45:57.957681+00:00,113.3,25,ask,,,13123037
2026-06-30T04:45:57.229787,2026-06-29T18:45:58.023046+00:00,113.3,25,ask,,,13123040
2026-06-30T04:45:57.382232,2026-06-29T18:45:58.175130+00:00,113.3,25,ask,,,13123045
2026-06-30T04:45:57.440088,2026-06-29T18:45:58.228541+00:00,113.3,25,ask,,,13123048
2026-06-30T04:45:57.591757,2026-06-29T18:45:58.382163+00:00,113.3,25,ask,,,13123050
2026-06-30T04:45:57.648572,2026-06-29T18:45:58.437435+00:00,113.3,25,ask,,,13123054
2026-06-30T04:45:58.421507,2026-06-29T18:45:59.208138+00:00,113.3,200,ask,,,13123062
2026-06-30T04:45:59.703753,2026-06-29T18:46:00.491964+00:00,113.3,500,ask,,,13123086
2026-06-30T04:46:00.171789,2026-06-29T18:46:00.960811+00:00,113.3,125,bid,,,13123097
2026-06-30T04:46:00.834309,2026-06-29T18:46:01.624150+00:00,113.3,200,ask,,,13123106
2026-06-30T04:46:01.012815,2026-06-29T18:46:01.797776+00:00,113.4,4,bid,,,13123113
2026-06-30T04:46:01.646476,2026-06-29T18:46:02.438932+00:00,113.4,20,ask,,,13123131
2026-06-30T04:46:02.040421,2026-06-29T18:46:02.824709+00:00,113.5,200,ask,,,13123137
2026-06-30T04:46:03.246373,2026-06-29T18:46:04.033960+00:00,113.4,200,ask,,,13123159
2026-06-30T04:46:03.821646,2026-06-29T18:46:04.610793+00:00,113.5,1,bid,,,13123171
2026-06-30T04:46:04.454262,2026-06-29T18:46:05.248476+00:00,113.5,200,ask,,,13123183
2026-06-30T04:46:04.871028,2026-06-29T18:46:05.662252+00:00,113.5,1,ask,,,13123189
2026-06-30T04:46:06.872270,2026-06-29T18:46:07.664252+00:00,113.4,200,ask,,,13123229
2026-06-30T04:46:09.291721,2026-06-29T18:46:10.083125+00:00,113.4,200,ask,,,13123282
2026-06-30T04:46:10.199104,2026-06-29T18:46:10.996252+00:00,113.5,500,ask,,,13123305
2026-06-30T04:46:10.477772,2026-06-29T18:46:11.262991+00:00,113.5,125,bid,,,13123313
2026-06-30T04:46:10.522844,2026-06-29T18:46:11.307245+00:00,113.5,200,ask,,,13123317
2026-06-30T04:46:10.640616,2026-06-29T18:46:11.427571+00:00,113.6,1,bid,,,13123320
2026-06-30T04:46:11.505111,2026-06-29T18:46:12.295803+00:00,113.6,4,bid,,,13123325
2026-06-30T04:46:11.732452,2026-06-29T18:46:12.525003+00:00,113.7,200,ask,,,13123334
2026-06-30T04:46:14.034201,2026-06-29T18:46:14.827955+00:00,113.8,20,bid,,,13123380
2026-06-30T04:46:14.127738,2026-06-29T18:46:14.915997+00:00,113.7,200,ask,,,13123383
2026-06-30T04:46:14.127738,2026-06-29T18:46:14.915997+00:00,113.6,425,ask,,,13123384
2026-06-30T04:46:14.713909,2026-06-29T18:46:15.502205+00:00,113.7,2,ask,,,13123398
2026-06-30T04:46:14.928744,2026-06-29T18:46:15.721065+00:00,113.9,20,bid,,,13123404
2026-06-30T04:46:17.758145,2026-06-29T18:46:18.548974+00:00,113.9,200,ask,,,13123443
2026-06-30T04:46:17.758145,2026-06-29T18:46:18.548974+00:00,113.8,300,ask,,,13123444
2026-06-30T04:46:19.374864,2026-06-29T18:46:20.160055+00:00,113.8,200,ask,,,13123486
2026-06-30T04:46:20.206908,2026-06-29T18:46:20.999072+00:00,113.7,200,bid,,,13123507
2026-06-30T04:46:22.020791,2026-06-29T18:46:22.807811+00:00,114.0,500,bid,,,13123546
2026-06-30T04:46:22.020791,2026-06-29T18:46:22.807811+00:00,114.1,125,bid,,,13123547
2026-06-30T04:46:23.842638,2026-06-29T18:46:24.634317+00:00,113.9,200,bid,,,13123583
2026-06-30T04:46:25.956530,2026-06-29T18:46:26.749971+00:00,114.0,200,bid,,,13123611
2026-06-30T04:46:26.224021,2026-06-29T18:46:27.011732+00:00,114.0,425,ask,,,13123615
2026-06-30T04:46:28.689489,2026-06-29T18:46:29.478586+00:00,113.7,10,ask,,,13123658
2026-06-30T04:46:28.689489,2026-06-29T18:46:29.478586+00:00,113.7,190,ask,,,13123659
2026-06-30T04:46:29.895627,2026-06-29T18:46:30.685267+00:00,113.7,5,ask,,,13123685
2026-06-30T04:46:29.967275,2026-06-29T18:46:30.761849+00:00,113.7,25,bid,,,13123689
2026-06-30T04:46:30.066292,2026-06-29T18:46:30.859449+00:00,113.7,25,bid,,,13123692
2026-06-30T04:46:30.181435,2026-06-29T18:46:30.969106+00:00,113.7,25,bid,,,13123695
2026-06-30T04:46:30.275711,2026-06-29T18:46:31.068229+00:00,113.7,25,bid,,,13123701
2026-06-30T04:46:30.393254,2026-06-29T18:46:31.177456+00:00,113.7,6,bid,,,13123706
2026-06-30T04:46:31.203902,2026-06-29T18:46:31.996621+00:00,113.6,200,bid,,,13123730
2026-06-30T04:46:31.282241,2026-06-29T18:46:32.071217+00:00,113.6,25,ask,,,13123733
2026-06-30T04:46:31.290239,2026-06-29T18:46:32.082279+00:00,113.8,2,bid,,,13123735
2026-06-30T04:46:31.495044,2026-06-29T18:46:32.288082+00:00,113.8,2,bid,,,13123738
2026-06-30T04:46:31.701168,2026-06-29T18:46:32.495216+00:00,113.8,2,bid,,,13123743
2026-06-30T04:46:31.905999,2026-06-29T18:46:32.692261+00:00,113.8,2,bid,,,13123747
2026-06-30T04:46:32.115277,2026-06-29T18:46:32.908759+00:00,113.8,2,bid,,,13123749
2026-06-30T04:46:32.361415,2026-06-29T18:46:33.148743+00:00,113.7,2,bid,,,13123756
2026-06-30T04:46:32.566952,2026-06-29T18:46:33.357085+00:00,113.6,2,bid,,,13123763
2026-06-30T04:46:32.772237,2026-06-29T18:46:33.564161+00:00,113.6,2,bid,,,13123764
2026-06-30T04:46:32.977957,2026-06-29T18:46:33.771014+00:00,113.6,2,bid,,,13123767
2026-06-30T04:46:32.986216,2026-06-29T18:46:33.771014+00:00,113.6,20,bid,,,13123768
2026-06-30T04:46:33.182714,2026-06-29T18:46:33.967534+00:00,113.6,2,bid,,,13123771
2026-06-30T04:46:33.388191,2026-06-29T18:46:34.176460+00:00,113.6,2,bid,,,13123774
2026-06-30T04:46:33.548157,2026-06-29T18:46:34.338474+00:00,113.6,200,bid,,,13123781
2026-06-30T04:46:33.591430,2026-06-29T18:46:34.382198+00:00,113.6,1,bid,,,13123782
2026-06-30T04:46:35.137341,2026-06-29T18:46:35.929693+00:00,113.6,200,bid,,,13123810
2026-06-30T04:46:35.970739,2026-06-29T18:46:36.757480+00:00,113.7,200,ask,,,13123832
2026-06-30T04:46:39.598879,2026-06-29T18:46:40.387600+00:00,113.7,200,bid,,,13123887
2026-06-30T04:46:40.609899,2026-06-29T18:46:41.399784+00:00,113.6,1,ask,,,13123911
2026-06-30T04:46:40.618949,2026-06-29T18:46:41.410846+00:00,113.5,2,ask,,,13123913
2026-06-30T04:46:40.823094,2026-06-29T18:46:41.607482+00:00,113.5,2,ask,,,13123921
2026-06-30T04:46:41.028038,2026-06-29T18:46:41.835415+00:00,113.5,2,ask,,,13123923
2026-06-30T04:46:41.218462,2026-06-29T18:46:42.010190+00:00,113.6,2,ask,,,13123929
2026-06-30T04:46:41.233576,2026-06-29T18:46:42.021251+00:00,113.5,2,ask,,,13123931
2026-06-30T04:46:41.438645,2026-06-29T18:46:42.228658+00:00,113.5,2,ask,,,13123935
2026-06-30T04:46:41.643205,2026-06-29T18:46:42.436014+00:00,113.5,2,ask,,,13123939
2026-06-30T04:46:41.848858,2026-06-29T18:46:42.642157+00:00,113.5,2,ask,,,13123942
2026-06-30T04:46:42.053781,2026-06-29T18:46:42.838407+00:00,113.5,2,ask,,,13123947
2026-06-30T04:46:42.218832,2026-06-29T18:46:43.013086+00:00,113.5,20,ask,,,13123950
2026-06-30T04:46:42.258443,2026-06-29T18:46:43.046284+00:00,113.5,2,ask,,,13123953
2026-06-30T04:46:42.465258,2026-06-29T18:46:43.254162+00:00,113.5,2,ask,,,13123956
2026-06-30T04:46:42.670543,2026-06-29T18:46:43.481167+00:00,113.5,2,ask,,,13123963
2026-06-30T04:46:42.875530,2026-06-29T18:46:43.677979+00:00,113.5,2,ask,,,13123971
2026-06-30T04:46:44.446113,2026-06-29T18:46:45.238044+00:00,113.5,200,bid,,,13123991
2026-06-30T04:46:45.584028,2026-06-29T18:46:46.368097+00:00,113.5,425,bid,,,13124011
2026-06-30T04:46:46.887551,2026-06-29T18:46:47.673961+00:00,113.6,23,ask,,,13124029
2026-06-30T04:46:47.233992,2026-06-29T18:46:48.019091+00:00,113.5,20,ask,,,13124033
2026-06-30T04:46:48.073741,2026-06-29T18:46:48.867246+00:00,113.7,200,bid,,,13124054
2026-06-30T04:46:48.249025,2026-06-29T18:46:49.035291+00:00,113.8,10,bid,,,13124057
2026-06-30T04:46:48.439944,2026-06-29T18:46:49.225692+00:00,113.8,25,ask,,,13124061
2026-06-30T04:46:48.651210,2026-06-29T18:46:49.443913+00:00,113.8,2,ask,,,13124068
2026-06-30T04:46:49.282458,2026-06-29T18:46:50.074004+00:00,113.8,200,ask,,,13124081
2026-06-30T04:46:52.912430,2026-06-29T18:46:53.700750+00:00,113.9,1,bid,,,13124149
2026-06-30T04:46:53.512356,2026-06-29T18:46:54.299951+00:00,113.9,199,ask,,,13124159
2026-06-30T04:46:54.821704,2026-06-29T18:46:55.618585+00:00,113.8,200,bid,,,13124184
2026-06-30T04:46:54.854116,2026-06-29T18:46:55.640736+00:00,114.2,20,bid,,,13124186
2026-06-30T04:46:54.872921,2026-06-29T18:46:55.662858+00:00,114.0,25,ask,,,13124187
2026-06-30T04:46:55.327509,2026-06-29T18:46:56.120707+00:00,114.0,200,ask,,,13124206
2026-06-30T04:46:56.536654,2026-06-29T18:46:57.321177+00:00,114.0,200,ask,,,13124223
2026-06-30T04:46:57.429520,2026-06-29T18:46:58.216250+00:00,114.2,20,bid,,,13124244
2026-06-30T04:46:58.754070,2026-06-29T18:46:59.545851+00:00,114.0,1,bid,,,13124269
2026-06-30T04:46:58.963210,2026-06-29T18:46:59.754742+00:00,114.0,200,ask,,,13124276
2026-06-30T04:47:07.939089,2026-06-29T18:47:08.724285+00:00,114.0,200,bid,,,13124442
2026-06-30T04:47:08.105262,2026-06-29T18:47:08.898265+00:00,114.0,1,ask,,,13124448
2026-06-30T04:47:08.315190,2026-06-29T18:47:09.106823+00:00,114.0,1,ask,,,13124457
2026-06-30T04:47:08.524026,2026-06-29T18:47:09.314116+00:00,114.0,1,ask,,,13124460
2026-06-30T04:47:08.714997,2026-06-29T18:47:09.509949+00:00,114.0,200,ask,,,13124468
2026-06-30T04:47:11.643193,2026-06-29T18:47:12.427932+00:00,114.0,200,ask,,,13124534
2026-06-30T04:47:12.340341,2026-06-29T18:47:13.135904+00:00,113.9,200,bid,,,13124558
2026-06-30T04:47:13.193223,2026-06-29T18:47:13.977728+00:00,113.9,500,bid,,,13124574
2026-06-30T04:47:13.438237,2026-06-29T18:47:14.233629+00:00,114.0,125,ask,,,13124578
2026-06-30T04:47:13.438237,2026-06-29T18:47:14.233629+00:00,113.8,4,ask,,,13124579
2026-06-30T04:47:13.549143,2026-06-29T18:47:14.341197+00:00,113.8,200,bid,,,13124583
2026-06-30T04:47:15.968420,2026-06-29T18:47:16.757449+00:00,113.9,200,bid,,,13124623
2026-06-30T04:47:16.949151,2026-06-29T18:47:17.737377+00:00,113.8,3,ask,,,13124632
2026-06-30T04:47:17.177054,2026-06-29T18:47:17.966353+00:00,114.0,200,bid,,,13124638
2026-06-30T04:47:18.363624,2026-06-29T18:47:19.151971+00:00,113.9,3,ask,,,13124661
2026-06-30T04:47:18.382633,2026-06-29T18:47:19.174066+00:00,114.1,1,bid,,,13124663
2026-06-30T04:47:18.382633,2026-06-29T18:47:19.174066+00:00,114.1,199,bid,,,13124664
2026-06-30T04:47:19.590266,2026-06-29T18:47:20.383946+00:00,114.1,4,bid,,,13124676
2026-06-30T04:47:19.590266,2026-06-29T18:47:20.383946+00:00,114.1,196,bid,,,13124677
2026-06-30T04:47:19.980870,2026-06-29T18:47:20.767373+00:00,114.0,20,ask,,,13124690
2026-06-30T04:47:20.334230,2026-06-29T18:47:21.125283+00:00,114.0,20,ask,,,13124694
2026-06-30T04:47:20.703541,2026-06-29T18:47:21.495456+00:00,114.0,500,ask,,,13124700
2026-06-30T04:47:20.798471,2026-06-29T18:47:21.592132+00:00,114.1,4,bid,,,13124701
2026-06-30T04:47:20.798471,2026-06-29T18:47:21.592132+00:00,114.2,196,bid,,,13124702
2026-06-30T04:47:22.010275,2026-06-29T18:47:22.800150+00:00,114.0,200,bid,,,13124723
2026-06-30T04:47:23.005033,2026-06-29T18:47:23.791140+00:00,114.0,20,bid,,,13124743
2026-06-30T04:47:23.218994,2026-06-29T18:47:24.009908+00:00,114.0,200,bid,,,13124750
2026-06-30T04:47:26.859056,2026-06-29T18:47:27.651984+00:00,113.9,200,bid,,,13124839
2026-06-30T04:47:27.164778,2026-06-29T18:47:27.956576+00:00,113.9,20,bid,,,13124843
2026-06-30T04:47:27.608827,2026-06-29T18:47:28.402214+00:00,113.9,500,bid,,,13124851
2026-06-30T04:47:27.964662,2026-06-29T18:47:28.757144+00:00,114.0,125,ask,,,13124856
2026-06-30T04:47:28.598961,2026-06-29T18:47:29.388768+00:00,113.8,3,ask,,,13124865
2026-06-30T04:47:29.582718,2026-06-29T18:47:30.373289+00:00,113.7,9,ask,,,13124879
2026-06-30T04:47:29.582718,2026-06-29T18:47:30.373289+00:00,113.7,11,ask,,,13124880
2026-06-30T04:47:30.229804,2026-06-29T18:47:31.016524+00:00,113.7,189,ask,,,13124899
2026-06-30T04:47:30.480702,2026-06-29T18:47:31.266245+00:00,113.7,200,bid,,,13124911
2026-06-30T04:47:31.540330,2026-06-29T18:47:32.332975+00:00,113.7,500,bid,,,13124931
2026-06-30T04:47:31.691128,2026-06-29T18:47:32.486278+00:00,113.7,125,ask,,,13124937
2026-06-30T04:47:32.823086,2026-06-29T18:47:33.608308+00:00,113.6,1,ask,,,13124958
2026-06-30T04:47:32.897609,2026-06-29T18:47:33.685280+00:00,113.6,200,bid,,,13124965
2026-06-30T04:47:35.311181,2026-06-29T18:47:36.105692+00:00,113.6,200,bid,,,13125006
2026-06-30T04:47:35.699555,2026-06-29T18:47:36.487247+00:00,113.8,20,bid,,,13125012
2026-06-30T04:47:36.519730,2026-06-29T18:47:37.311745+00:00,113.7,200,ask,,,13125034
2026-06-30T04:47:37.474546,2026-06-29T18:47:38.259660+00:00,113.8,20,bid,,,13125040
2026-06-30T04:47:37.666849,2026-06-29T18:47:38.455274+00:00,113.7,500,ask,,,13125041
2026-06-30T04:47:37.726315,2026-06-29T18:47:38.519736+00:00,113.7,125,ask,,,13125044
2026-06-30T04:47:43.768320,2026-06-29T18:47:44.562856+00:00,113.6,200,ask,,,13125116
2026-06-30T04:47:44.012434,2026-06-29T18:47:44.800136+00:00,113.7,20,bid,,,13125121
2026-06-30T04:47:47.281495,2026-06-29T18:47:48.071791+00:00,113.4,10,ask,,,13125176
2026-06-30T04:47:47.281495,2026-06-29T18:47:48.071791+00:00,113.4,200,ask,,,13125177
2026-06-30T04:47:47.411752,2026-06-29T18:47:48.202198+00:00,113.4,200,bid,,,13125184
2026-06-30T04:47:50.985273,2026-06-29T18:47:51.778475+00:00,113.6,200,ask,,,13125271
2026-06-30T04:47:53.434026,2026-06-29T18:47:54.227477+00:00,113.6,20,bid,,,13125308
2026-06-30T04:47:53.482007,2026-06-29T18:47:54.269804+00:00,113.5,200,ask,,,13125311
2026-06-30T04:47:54.688442,2026-06-29T18:47:55.477921+00:00,113.4,200,bid,,,13125335
2026-06-30T04:47:57.111590,2026-06-29T18:47:57.898442+00:00,113.3,8,ask,,,13125383
2026-06-30T04:47:57.111590,2026-06-29T18:47:57.898442+00:00,113.3,192,ask,,,13125384
2026-06-30T04:47:58.319958,2026-06-29T18:47:59.106014+00:00,113.3,10,ask,,,13125406
2026-06-30T04:47:59.073172,2026-06-29T18:47:59.861180+00:00,113.3,190,bid,,,13125417
2026-06-30T04:48:00.747637,2026-06-29T18:48:01.541866+00:00,113.3,200,ask,,,13125446
2026-06-30T04:48:01.954308,2026-06-29T18:48:02.745025+00:00,113.3,200,ask,,,13125474
2026-06-30T04:48:03.008881,2026-06-29T18:48:03.800653+00:00,113.3,500,ask,,,13125489
2026-06-30T04:48:03.069527,2026-06-29T18:48:03.855901+00:00,113.3,125,bid,,,13125493
2026-06-30T04:48:05.492807,2026-06-29T18:48:06.286362+00:00,113.3,20,ask,,,13125543
2026-06-30T04:48:05.632797,2026-06-29T18:48:06.417090+00:00,113.4,200,bid,,,13125544
2026-06-30T04:48:08.253232,2026-06-29T18:48:09.043315+00:00,113.6,200,bid,,,13125585
2026-06-30T04:48:11.615684,2026-06-29T18:48:12.409099+00:00,113.6,200,ask,,,13125626
2026-06-30T04:48:12.822551,2026-06-29T18:48:13.612982+00:00,113.5,2,ask,,,13125644
2026-06-30T04:48:12.822551,2026-06-29T18:48:13.612982+00:00,113.5,198,ask,,,13125645
2026-06-30T04:48:15.234951,2026-06-29T18:48:16.019870+00:00,113.5,200,bid,,,13125678
2026-06-30T04:48:16.131392,2026-06-29T18:48:16.925533+00:00,113.4,2,ask,,,13125696
2026-06-30T04:48:16.441308,2026-06-29T18:48:17.229736+00:00,113.4,200,bid,,,13125707
2026-06-30T04:48:20.063353,2026-06-29T18:48:20.855257+00:00,113.4,200,ask,,,13125781
2026-06-30T04:48:20.063353,2026-06-29T18:48:20.855257+00:00,113.3,1,ask,,,13125782
2026-06-30T04:48:20.081486,2026-06-29T18:48:20.866321+00:00,113.3,200,bid,,,13125784
2026-06-30T04:48:20.649488,2026-06-29T18:48:21.444333+00:00,113.1,20,ask,,,13125793
2026-06-30T04:48:21.288853,2026-06-29T18:48:22.088047+00:00,113.3,200,bid,,,13125802
2026-06-30T04:48:22.702972,2026-06-29T18:48:23.495216+00:00,113.4,2,ask,,,13125830
2026-06-30T04:48:23.714608,2026-06-29T18:48:24.517130+00:00,113.4,200,bid,,,13125848
2026-06-30T04:48:27.361576,2026-06-29T18:48:28.152460+00:00,113.6,4,bid,,,13125916
2026-06-30T04:48:28.511262,2026-06-29T18:48:29.308351+00:00,113.6,196,ask,,,13125939
2026-06-30T04:48:29.868019,2026-06-29T18:48:30.660193+00:00,113.5,20,ask,,,13125963
2026-06-30T04:48:31.547195,2026-06-29T18:48:32.338427+00:00,113.5,500,ask,,,13125989
2026-06-30T04:48:31.892289,2026-06-29T18:48:32.687773+00:00,113.4,200,ask,,,13125999
2026-06-30T04:48:34.511721,2026-06-29T18:48:35.301254+00:00,113.3,1,ask,,,13126054
2026-06-30T04:48:34.571167,2026-06-29T18:48:35.356510+00:00,113.3,25,bid,,,13126058
2026-06-30T04:48:34.588084,2026-06-29T18:48:35.378152+00:00,113.3,25,bid,,,13126060
2026-06-30T04:48:34.626559,2026-06-29T18:48:35.421824+00:00,113.3,200,bid,,,13126061
2026-06-30T04:48:34.782505,2026-06-29T18:48:35.574149+00:00,113.3,6,bid,,,13126064
2026-06-30T04:48:34.830251,2026-06-29T18:48:35.617379+00:00,113.3,20,bid,,,13126065
2026-06-30T04:48:35.821979,2026-06-29T18:48:36.616355+00:00,113.3,500,bid,,,13126082
2026-06-30T04:48:36.390043,2026-06-29T18:48:37.184441+00:00,113.3,125,ask,,,13126098
2026-06-30T04:48:36.390043,2026-06-29T18:48:37.184441+00:00,113.3,200,ask,,,13126099
2026-06-30T04:48:38.254823,2026-06-29T18:48:39.049090+00:00,113.3,200,bid,,,13126128
2026-06-30T04:48:43.094570,2026-06-29T18:48:43.882276+00:00,113.2,8,ask,,,13126195
2026-06-30T04:48:43.210503,2026-06-29T18:48:44.001900+00:00,113.2,25,bid,,,13126198
2026-06-30T04:48:43.213403,2026-06-29T18:48:44.001900+00:00,113.2,25,bid,,,13126199
2026-06-30T04:48:43.421421,2026-06-29T18:48:44.208182+00:00,113.2,11,bid,,,13126203
2026-06-30T04:48:43.423856,2026-06-29T18:48:44.208182+00:00,113.2,25,bid,,,13126204
2026-06-30T04:48:43.839408,2026-06-29T18:48:44.633908+00:00,113.0,2,ask,,,13126212
2026-06-30T04:48:44.301366,2026-06-29T18:48:45.093076+00:00,113.2,200,bid,,,13126227
2026-06-30T04:48:45.508799,2026-06-29T18:48:46.294083+00:00,113.2,200,bid,,,13126250
2026-06-30T04:48:46.122587,2026-06-29T18:48:46.915246+00:00,113.2,25,bid,,,13126265
2026-06-30T04:48:46.235239,2026-06-29T18:48:47.022984+00:00,113.2,3,bid,,,13126268
2026-06-30T04:48:46.742733,2026-06-29T18:48:47.532688+00:00,113.3,2,ask,,,13126282
2026-06-30T04:48:46.947377,2026-06-29T18:48:47.741688+00:00,113.3,2,ask,,,13126284
2026-06-30T04:48:47.152818,2026-06-29T18:48:47.939807+00:00,113.3,2,ask,,,13126288
2026-06-30T04:48:47.357668,2026-06-29T18:48:48.148880+00:00,113.3,2,ask,,,13126292
2026-06-30T04:48:47.563048,2026-06-29T18:48:48.358029+00:00,113.3,2,ask,,,13126295
2026-06-30T04:48:47.769464,2026-06-29T18:48:48.556250+00:00,113.3,2,ask,,,13126302
2026-06-30T04:48:47.921634,2026-06-29T18:48:48.709485+00:00,113.4,5,bid,,,13126307
2026-06-30T04:48:47.974168,2026-06-29T18:48:48.764633+00:00,113.4,2,ask,,,13126310
2026-06-30T04:48:48.178165,2026-06-29T18:48:48.973082+00:00,113.4,2,ask,,,13126316
2026-06-30T04:48:48.925555,2026-06-29T18:48:49.709818+00:00,113.5,4,bid,,,13126349
2026-06-30T04:48:50.351444,2026-06-29T18:48:51.138578+00:00,113.6,200,bid,,,13126375
2026-06-30T04:48:52.771226,2026-06-29T18:48:53.569536+00:00,113.5,200,ask,,,13126420
2026-06-30T04:48:53.977785,2026-06-29T18:48:54.767432+00:00,113.5,200,bid,,,13126440
2026-06-30T04:48:55.476858,2026-06-29T18:48:56.262918+00:00,113.5,2,bid,,,13126485
2026-06-30T04:48:56.582048,2026-06-29T18:48:57.372798+00:00,113.6,6,bid,,,13126511
2026-06-30T04:48:56.600921,2026-06-29T18:48:57.394908+00:00,113.7,25,bid,,,13126513
2026-06-30T04:48:56.662450,2026-06-29T18:48:57.460160+00:00,113.7,25,bid,,,13126518
2026-06-30T04:48:56.815222,2026-06-29T18:48:57.602262+00:00,113.7,25,bid,,,13126523
2026-06-30T04:48:56.875695,2026-06-29T18:48:57.668494+00:00,113.7,13,bid,,,13126525
2026-06-30T04:48:59.432770,2026-06-29T18:49:00.220121+00:00,113.7,2,bid,,,13126584
2026-06-30T04:48:59.432770,2026-06-29T18:49:00.231121+00:00,113.7,500,bid,,,13126585
2026-06-30T04:49:02.896538,2026-06-29T18:49:03.686681+00:00,113.8,25,bid,,,13126641
2026-06-30T04:49:03.035713,2026-06-29T18:49:03.829680+00:00,113.8,25,bid,,,13126644
2026-06-30T04:49:03.106853,2026-06-29T18:49:03.895857+00:00,113.8,25,bid,,,13126650
2026-06-30T04:49:03.246069,2026-06-29T18:49:04.038646+00:00,113.8,25,bid,,,13126657
2026-06-30T04:49:03.320539,2026-06-29T18:49:04.115657+00:00,113.8,7,bid,,,13126662
2026-06-30T04:49:04.683950,2026-06-29T18:49:05.469045+00:00,113.7,500,bid,,,13126680
2026-06-30T04:49:04.826616,2026-06-29T18:49:05.611536+00:00,113.7,125,ask,,,13126682
2026-06-30T04:49:04.884404,2026-06-29T18:49:05.677668+00:00,113.7,200,bid,,,13126686
2026-06-30T04:49:07.322759,2026-06-29T18:49:08.119422+00:00,113.7,200,bid,,,13126727
2026-06-30T04:49:08.661172,2026-06-29T18:49:09.450626+00:00,113.7,25,ask,,,13126751
2026-06-30T04:49:08.735469,2026-06-29T18:49:09.527834+00:00,113.7,25,ask,,,13126754
2026-06-30T04:49:08.871224,2026-06-29T18:49:09.659890+00:00,113.7,25,ask,,,13126757
2026-06-30T04:49:08.957220,2026-06-29T18:49:09.748055+00:00,113.7,25,ask,,,13126760
2026-06-30T04:49:09.028626,2026-06-29T18:49:09.814410+00:00,113.7,20,ask,,,13126762
2026-06-30T04:49:09.086499,2026-06-29T18:49:09.880095+00:00,113.7,25,ask,,,13126763
2026-06-30T04:49:09.314673,2026-06-29T18:49:10.099630+00:00,113.8,25,bid,,,13126771
2026-06-30T04:49:09.318377,2026-06-29T18:49:10.110630+00:00,113.8,2,bid,,,13126772
2026-06-30T04:49:09.371014,2026-06-29T18:49:10.165736+00:00,113.8,25,bid,,,13126777
2026-06-30T04:49:09.528553,2026-06-29T18:49:10.320316+00:00,113.8,25,bid,,,13126782
2026-06-30T04:49:09.532523,2026-06-29T18:49:10.320316+00:00,113.7,2,ask,,,13126783
2026-06-30T04:49:14.568959,2026-06-29T18:49:15.361074+00:00,113.5,7,ask,,,13126901
2026-06-30T04:49:14.568959,2026-06-29T18:49:15.361074+00:00,113.5,193,ask,,,13126902
2026-06-30T04:49:15.552743,2026-06-29T18:49:16.340141+00:00,113.7,10,bid,,,13126924
2026-06-30T04:49:15.556569,2026-06-29T18:49:16.351141+00:00,113.8,2,bid,,,13126925
2026-06-30T04:49:15.763624,2026-06-29T18:49:16.549333+00:00,113.8,2,bid,,,13126930
2026-06-30T04:49:15.778031,2026-06-29T18:49:16.571334+00:00,113.6,200,ask,,,13126931
2026-06-30T04:49:15.968688,2026-06-29T18:49:16.758441+00:00,113.8,2,bid,,,13126935
2026-06-30T04:49:16.173472,2026-06-29T18:49:16.966841+00:00,113.8,2,bid,,,13126941
2026-06-30T04:49:16.379236,2026-06-29T18:49:17.164950+00:00,113.8,2,bid,,,13126946
2026-06-30T04:49:16.585325,2026-06-29T18:49:17.373649+00:00,113.8,2,bid,,,13126954
2026-06-30T04:49:16.789909,2026-06-29T18:49:17.582346+00:00,113.8,2,bid,,,13126957
2026-06-30T04:49:16.999300,2026-06-29T18:49:17.792229+00:00,113.6,18,bid,,,13126964
2026-06-30T04:49:17.003070,2026-06-29T18:49:17.792229+00:00,113.6,1,bid,,,13126965
2026-06-30T04:49:17.197713,2026-06-29T18:49:17.990979+00:00,113.6,7,bid,,,13126967
2026-06-30T04:49:19.128099,2026-06-29T18:49:19.923688+00:00,113.6,200,bid,,,13127002
2026-06-30T04:49:19.379861,2026-06-29T18:49:20.176395+00:00,113.6,425,ask,,,13127003
2026-06-30T04:49:19.412945,2026-06-29T18:49:20.198394+00:00,113.6,75,bid,,,13127005
2026-06-30T04:49:20.442926,2026-06-29T18:49:21.233034+00:00,113.6,125,ask,,,13127020
2026-06-30T04:49:20.442926,2026-06-29T18:49:21.233034+00:00,113.5,4,ask,,,13127021
2026-06-30T04:49:20.618925,2026-06-29T18:49:21.409258+00:00,113.5,200,bid,,,13127025
2026-06-30T04:49:25.686156,2026-06-29T18:49:26.481131+00:00,113.4,2,ask,,,13127110
2026-06-30T04:49:25.686156,2026-06-29T18:49:26.481131+00:00,113.3,200,ask,,,13127111
2026-06-30T04:49:25.824587,2026-06-29T18:49:26.613131+00:00,113.3,2,bid,,,13127113
2026-06-30T04:49:26.998990,2026-06-29T18:49:27.790573+00:00,113.4,500,bid,,,13127129
2026-06-30T04:49:26.998990,2026-06-29T18:49:27.790573+00:00,113.4,125,bid,,,13127130
2026-06-30T04:49:27.366679,2026-06-29T18:49:28.153799+00:00,113.3,20,bid,,,13127143
2026-06-30T04:49:28.227855,2026-06-29T18:49:29.022781+00:00,113.2,4,ask,,,13127160
2026-06-30T04:49:28.227855,2026-06-29T18:49:29.022781+00:00,113.2,21,ask,,,13127161
2026-06-30T04:49:28.253097,2026-06-29T18:49:29.044781+00:00,113.2,25,ask,,,13127164
2026-06-30T04:49:28.315300,2026-06-29T18:49:29.110957+00:00,113.2,154,ask,,,13127169
2026-06-30T04:49:29.624063,2026-06-29T18:49:30.418432+00:00,113.2,500,bid,,,13127190
2026-06-30T04:49:29.639787,2026-06-29T18:49:30.428994+00:00,113.2,25,ask,,,13127191
2026-06-30T04:49:29.675702,2026-06-29T18:49:30.473194+00:00,113.2,25,ask,,,13127193
2026-06-30T04:49:29.848493,2026-06-29T18:49:30.638479+00:00,113.2,25,ask,,,13127199
2026-06-30T04:49:29.887111,2026-06-29T18:49:30.682142+00:00,113.2,25,ask,,,13127202
2026-06-30T04:49:30.938582,2026-06-29T18:49:31.725569+00:00,113.2,200,ask,,,13127225
2026-06-30T04:49:31.358364,2026-06-29T18:49:32.143047+00:00,112.8,20,ask,,,13127226
2026-06-30T04:49:31.519152,2026-06-29T18:49:32.307411+00:00,113.0,200,bid,,,13127229
2026-06-30T04:49:32.727540,2026-06-29T18:49:33.516930+00:00,113.2,200,bid,,,13127251
2026-06-30T04:49:33.935268,2026-06-29T18:49:34.726559+00:00,113.1,2,ask,,,13127273
2026-06-30T04:49:33.935268,2026-06-29T18:49:34.726559+00:00,113.1,198,ask,,,13127274
2026-06-30T04:49:35.729280,2026-06-29T18:49:36.518872+00:00,113.1,2,ask,,,13127300
2026-06-30T04:49:35.729280,2026-06-29T18:49:36.518872+00:00,113.1,200,ask,,,13127301
2026-06-30T04:49:36.354596,2026-06-29T18:49:37.145872+00:00,113.1,200,bid,,,13127314
2026-06-30T04:49:36.932948,2026-06-29T18:49:37.728943+00:00,113.0,500,ask,,,13127320
2026-06-30T04:49:37.502268,2026-06-29T18:49:38.301203+00:00,113.1,1,ask,,,13127325
2026-06-30T04:49:37.563419,2026-06-29T18:49:38.356479+00:00,113.0,200,bid,,,13127327
2026-06-30T04:49:37.710017,2026-06-29T18:49:38.499519+00:00,112.8,25,ask,,,13127333
2026-06-30T04:49:37.871653,2026-06-29T18:49:38.664678+00:00,112.8,25,ask,,,13127337
2026-06-30T04:49:37.919624,2026-06-29T18:49:38.708796+00:00,112.8,25,ask,,,13127339
2026-06-30T04:49:38.083076,2026-06-29T18:49:38.873549+00:00,112.8,25,ask,,,13127342
2026-06-30T04:49:38.291872,2026-06-29T18:49:39.081995+00:00,112.8,25,ask,,,13127349
2026-06-30T04:49:38.502403,2026-06-29T18:49:39.289852+00:00,112.8,25,ask,,,13127351
2026-06-30T04:49:38.744224,2026-06-29T18:49:39.531106+00:00,112.8,475,ask,,,13127355
2026-06-30T04:49:38.744224,2026-06-29T18:49:39.531106+00:00,112.8,2,ask,,,13127356
2026-06-30T04:49:38.782217,2026-06-29T18:49:39.575375+00:00,112.8,23,bid,,,13127359
2026-06-30T04:49:38.782217,2026-06-29T18:49:39.575375+00:00,113.1,177,bid,,,13127360
2026-06-30T04:49:39.991275,2026-06-29T18:49:40.780688+00:00,112.9,200,bid,,,13127382
2026-06-30T04:49:40.120656,2026-06-29T18:49:40.912160+00:00,112.9,500,bid,,,13127385
2026-06-30T04:49:40.543154,2026-06-29T18:49:41.328210+00:00,112.9,125,ask,,,13127392
2026-06-30T04:49:41.430732,2026-06-29T18:49:42.217125+00:00,112.8,1,ask,,,13127408
2026-06-30T04:49:41.430732,2026-06-29T18:49:42.217125+00:00,112.8,200,ask,,,13127409
2026-06-30T04:49:42.405444,2026-06-29T18:49:43.204293+00:00,112.8,200,bid,,,13127432
2026-06-30T04:49:43.618109,2026-06-29T18:49:44.567354+00:00,112.9,200,bid,,,13127468
2026-06-30T04:49:44.122323,2026-06-29T18:49:44.920236+00:00,112.8,25,ask,,,13127473
2026-06-30T04:49:44.199111,2026-06-29T18:49:44.986697+00:00,112.8,500,ask,,,13127475
2026-06-30T04:49:44.827703,2026-06-29T18:49:45.623404+00:00,112.9,200,bid,,,13127488
2026-06-30T04:49:45.539394,2026-06-29T18:49:46.724189+00:00,112.6,25,bid,,,13127501
2026-06-30T04:49:46.033881,2026-06-29T18:49:46.845189+00:00,112.6,200,bid,,,13127516
2026-06-30T04:49:47.242677,2026-06-29T18:49:48.033416+00:00,112.8,200,bid,,,13127544
2026-06-30T04:49:48.460262,2026-06-29T18:49:49.267955+00:00,112.8,200,bid,,,13127559
2026-06-30T04:49:51.909298,2026-06-29T18:49:52.698304+00:00,112.8,200,bid,,,13127635
2026-06-30T04:49:53.138302,2026-06-29T18:49:53.929593+00:00,112.9,20,bid,,,13127651
2026-06-30T04:49:53.271145,2026-06-29T18:49:54.061591+00:00,112.8,200,ask,,,13127657
2026-06-30T04:49:53.271145,2026-06-29T18:49:54.061591+00:00,112.8,300,ask,,,13127658
2026-06-30T04:49:53.895520,2026-06-29T18:49:54.688591+00:00,112.8,325,ask,,,13127676
2026-06-30T04:49:53.895520,2026-06-29T18:49:54.688591+00:00,112.8,175,ask,,,13127677
2026-06-30T04:49:54.496037,2026-06-29T18:49:55.292258+00:00,112.8,25,ask,,,13127689
2026-06-30T04:49:54.545192,2026-06-29T18:49:55.336257+00:00,112.7,200,ask,,,13127691
2026-06-30T04:49:54.572474,2026-06-29T18:49:55.358258+00:00,112.6,25,bid,,,13127694
2026-06-30T04:49:54.572648,2026-06-29T18:49:55.369258+00:00,112.6,25,bid,,,13127695
2026-06-30T04:49:54.759367,2026-06-29T18:49:55.545258+00:00,112.6,20,bid,,,13127698
2026-06-30T04:49:54.783443,2026-06-29T18:49:55.578258+00:00,112.6,25,bid,,,13127701
2026-06-30T04:49:54.786315,2026-06-29T18:49:55.578258+00:00,112.6,25,bid,,,13127702
2026-06-30T04:49:54.994153,2026-06-29T18:49:55.787258+00:00,112.6,25,bid,,,13127710
2026-06-30T04:49:54.996614,2026-06-29T18:49:55.787258+00:00,112.6,25,bid,,,13127711
2026-06-30T04:49:55.204612,2026-06-29T18:49:55.996466+00:00,112.6,25,bid,,,13127716
2026-06-30T04:49:55.207314,2026-06-29T18:49:55.996466+00:00,112.6,25,bid,,,13127717
2026-06-30T04:49:55.420541,2026-06-29T18:49:56.216129+00:00,112.6,25,bid,,,13127722
2026-06-30T04:49:55.427437,2026-06-29T18:49:56.216129+00:00,112.6,25,bid,,,13127725
2026-06-30T04:49:55.514686,2026-06-29T18:49:56.304130+00:00,112.6,20,bid,,,13127726
2026-06-30T04:49:55.737180,2026-06-29T18:49:56.524130+00:00,112.6,135,bid,,,13127734
2026-06-30T04:49:55.737180,2026-06-29T18:49:56.524130+00:00,112.8,65,bid,,,13127735
2026-06-30T04:49:56.828013,2026-06-29T18:49:57.613105+00:00,112.7,25,ask,,,13127756
2026-06-30T04:49:56.835729,2026-06-29T18:49:57.635116+00:00,112.7,25,ask,,,13127758
2026-06-30T04:49:56.916236,2026-06-29T18:49:57.712115+00:00,112.7,500,ask,,,13127761
2026-06-30T04:49:57.037970,2026-06-29T18:49:57.833116+00:00,112.7,25,ask,,,13127766
2026-06-30T04:49:57.045355,2026-06-29T18:49:57.833116+00:00,112.7,25,ask,,,13127768
2026-06-30T04:50:01.091364,2026-06-29T18:50:01.880302+00:00,112.5,200,bid,,,13127850
2026-06-30T04:50:01.254941,2026-06-29T18:50:02.045302+00:00,112.5,25,ask,,,13127853
2026-06-30T04:50:01.262437,2026-06-29T18:50:02.056302+00:00,112.5,25,ask,,,13127854
2026-06-30T04:50:01.469572,2026-06-29T18:50:02.265302+00:00,112.5,25,ask,,,13127861
2026-06-30T04:50:01.476295,2026-06-29T18:50:02.265302+00:00,112.5,25,ask,,,13127862
2026-06-30T04:50:03.083504,2026-06-29T18:50:03.871204+00:00,112.3,25,ask,,,13127890
2026-06-30T04:50:03.087026,2026-06-29T18:50:03.882204+00:00,112.3,25,ask,,,13127891
2026-06-30T04:50:03.297135,2026-06-29T18:50:04.091315+00:00,112.3,25,ask,,,13127899
2026-06-30T04:50:03.714654,2026-06-29T18:50:04.509314+00:00,112.4,200,bid,,,13127917
2026-06-30T04:50:04.667429,2026-06-29T18:50:05.454296+00:00,112.4,20,ask,,,13127929
2026-06-30T04:50:07.214123,2026-06-29T18:50:08.004549+00:00,112.5,1,ask,,,13127972
2026-06-30T04:50:07.214123,2026-06-29T18:50:08.004549+00:00,112.5,200,ask,,,13127973
2026-06-30T04:50:07.856067,2026-06-29T18:50:08.641367+00:00,112.4,200,ask,,,13127982
2026-06-30T04:50:08.413524,2026-06-29T18:50:09.202473+00:00,112.4,425,ask,,,13127991
2026-06-30T04:50:08.413524,2026-06-29T18:50:09.202473+00:00,112.4,6,ask,,,13127992
2026-06-30T04:50:10.279722,2026-06-29T18:50:11.071769+00:00,112.3,5,ask,,,13128023
2026-06-30T04:50:12.699224,2026-06-29T18:50:13.490377+00:00,112.2,200,ask,,,13128065
2026-06-30T04:50:13.895276,2026-06-29T18:50:14.689064+00:00,112.3,1,bid,,,13128083
2026-06-30T04:50:15.679194,2026-06-29T18:50:16.470136+00:00,112.2,200,ask,,,13128111
2026-06-30T04:50:17.541748,2026-06-29T18:50:18.341912+00:00,112.1,200,ask,,,13128149
2026-06-30T04:50:18.123812,2026-06-29T18:50:18.908867+00:00,112.1,425,ask,,,13128160
2026-06-30T04:50:18.327422,2026-06-29T18:50:19.115248+00:00,112.0,25,bid,,,13128164
2026-06-30T04:50:18.338248,2026-06-29T18:50:19.126311+00:00,112.0,25,bid,,,13128166
2026-06-30T04:50:18.537652,2026-06-29T18:50:19.333152+00:00,112.0,25,bid,,,13128170
2026-06-30T04:50:18.547029,2026-06-29T18:50:19.333152+00:00,112.0,25,bid,,,13128172
2026-06-30T04:50:18.750497,2026-06-29T18:50:19.540659+00:00,112.0,200,bid,,,13128180
2026-06-30T04:50:19.403729,2026-06-29T18:50:20.197494+00:00,112.0,20,bid,,,13128195
2026-06-30T04:50:20.775535,2026-06-29T18:50:21.563711+00:00,111.9,1,ask,,,13128215
2026-06-30T04:50:20.775535,2026-06-29T18:50:21.563711+00:00,111.9,200,ask,,,13128216
2026-06-30T04:50:22.391984,2026-06-29T18:50:23.184302+00:00,112.0,200,bid,,,13128245
2026-06-30T04:50:23.115597,2026-06-29T18:50:23.902153+00:00,111.9,3,ask,,,13128253
2026-06-30T04:50:23.544364,2026-06-29T18:50:24.337234+00:00,111.9,3,ask,,,13128261
