timestamp,recv_time,price,volume,aggressor_side,buyer,seller,trade_id
2026-07-04T22:00:00.741499,2026-07-04T22:00:00.750578+00:00,135.8,200,ask,YieldingYams,WavyWalnuts,7535267
2026-07-04T22:00:01.953584,2026-07-04T22:00:01.948068+00:00,135.8,200,ask,AverageAlmonds,WavyWalnuts,7535289
2026-07-04T22:00:03.160696,2026-07-04T22:00:03.167994+00:00,135.8,200,ask,AverageAlmonds,WavyWalnuts,7535304
2026-07-04T22:00:03.209590,2026-07-04T22:00:03.213879+00:00,135.8,14,bid,Xuanyu Liu,YieldingYams,7535306
2026-07-04T22:00:03.675176,2026-07-04T22:00:03.682459+00:00,135.8,500,bid,AverageAlmonds,YieldingYams,7535312
2026-07-04T22:00:04.269748,2026-07-04T22:00:04.279865+00:00,135.8,111,bid,AverageAlmonds,YieldingYams,7535324
2026-07-04T22:00:04.369512,2026-07-04T22:00:04.380988+00:00,135.8,200,ask,YieldingYams,WavyWalnuts,7535327
2026-07-04T22:00:04.727754,2026-07-04T22:00:04.739482+00:00,136.1,20,bid,BrilliantBurritos,YieldingYams,7535330
2026-07-04T22:00:05.579739,2026-07-04T22:00:05.591583+00:00,136.0,200,ask,AverageAlmonds,WavyWalnuts,7535340
2026-07-04T22:00:06.790601,2026-07-04T22:00:06.801670+00:00,136.1,200,ask,AverageAlmonds,WavyWalnuts,7535363
2026-07-04T22:00:08.435740,2026-07-04T22:00:08.445243+00:00,136.2,200,bid,YieldingYams,WavyWalnuts,7535383
2026-07-04T22:00:09.221440,2026-07-04T22:00:09.225097+00:00,136.3,200,ask,AverageAlmonds,WavyWalnuts,7535393
2026-07-04T22:00:10.737001,2026-07-04T22:00:10.740563+00:00,136.2,14,ask,YieldingYams,Xuanyu Liu,7535417
2026-07-04T22:00:11.063281,2026-07-04T22:00:11.080445+00:00,136.4,200,bid,YieldingYams,WavyWalnuts,7535424
2026-07-04T22:00:11.076826,2026-07-04T22:00:11.080445+00:00,136.4,3,ask,YieldingYams,Xuanyu Liu,7535426
2026-07-04T22:00:14.079462,2026-07-04T22:00:14.082923+00:00,136.4,3,bid,Xuanyu Liu,WavyWalnuts,7535461
2026-07-04T22:00:14.992638,2026-07-04T22:00:15.000837+00:00,136.4,197,bid,YieldingYams,WavyWalnuts,7535475
2026-07-04T22:00:15.199306,2026-07-04T22:00:15.210771+00:00,136.6,20,bid,BrilliantBurritos,YieldingYams,7535476
2026-07-04T22:00:16.479480,2026-07-04T22:00:16.489696+00:00,136.5,200,bid,WavyWalnuts,YieldingYams,7535498
2026-07-04T22:00:18.904588,2026-07-04T22:00:18.913409+00:00,136.6,200,bid,WavyWalnuts,YieldingYams,7535535
2026-07-04T22:00:19.425428,2026-07-04T22:00:19.433262+00:00,136.5,500,bid,AverageAlmonds,YieldingYams,7535536
2026-07-04T22:00:20.032665,2026-07-04T22:00:20.044294+00:00,136.5,125,bid,AverageAlmonds,YieldingYams,7535541
2026-07-04T22:00:27.120461,2026-07-04T22:00:27.131988+00:00,136.9,20,bid,BrilliantBurritos,WavyWalnuts,7535643
2026-07-04T22:00:28.590565,2026-07-04T22:00:28.599498+00:00,136.8,200,ask,YieldingYams,WavyWalnuts,7535670
2026-07-04T22:00:30.318971,2026-07-04T22:00:30.327407+00:00,136.9,500,bid,AverageAlmonds,YieldingYams,7535687
2026-07-04T22:00:30.758857,2026-07-04T22:00:30.769113+00:00,136.9,200,bid,YieldingYams,WavyWalnuts,7535697
2026-07-04T22:00:31.007980,2026-07-04T22:00:31.014695+00:00,137.0,200,ask,YieldingYams,WavyWalnuts,7535701
2026-07-04T22:00:32.215380,2026-07-04T22:00:32.223561+00:00,136.8,200,ask,AverageAlmonds,WavyWalnuts,7535727
2026-07-04T22:00:35.773270,2026-07-04T22:00:35.782465+00:00,136.9,200,bid,AverageAlmonds,WavyWalnuts,7535783
2026-07-04T22:00:35.773270,2026-07-04T22:00:35.782465+00:00,136.9,300,bid,AverageAlmonds,YieldingYams,7535784
2026-07-04T22:00:35.838355,2026-07-04T22:00:35.848583+00:00,136.9,200,bid,WavyWalnuts,YieldingYams,7535787
2026-07-04T22:00:37.313387,2026-07-04T22:00:37.320214+00:00,137.1,200,bid,YieldingYams,WavyWalnuts,7535808
2026-07-04T22:00:39.473552,2026-07-04T22:00:39.481905+00:00,137.2,200,ask,YieldingYams,WavyWalnuts,7535836
2026-07-04T22:00:39.950675,2026-07-04T22:00:39.954122+00:00,137.3,3,bid,Xuanyu Liu,YieldingYams,7535850
2026-07-04T22:00:40.858702,2026-07-04T22:00:40.865222+00:00,137.3,25,bid,Yinxuan Li,YieldingYams,7535859
2026-07-04T22:00:41.894379,2026-07-04T22:00:41.903756+00:00,137.2,200,bid,WavyWalnuts,YieldingYams,7535880
2026-07-04T22:00:42.425454,2026-07-04T22:00:42.435536+00:00,137.2,425,bid,AverageAlmonds,YieldingYams,7535890
2026-07-04T22:00:43.633714,2026-07-04T22:00:43.645315+00:00,137.3,200,bid,AverageAlmonds,WavyWalnuts,7535908
2026-07-04T22:00:43.858837,2026-07-04T22:00:43.869529+00:00,137.3,300,ask,AverageAlmonds,YieldingYams,7535911
2026-07-04T22:00:44.229698,2026-07-04T22:00:44.237286+00:00,137.3,325,bid,AverageAlmonds,YieldingYams,7535916
2026-07-04T22:00:45.671242,2026-07-04T22:00:45.681013+00:00,137.5,20,bid,BrilliantBurritos,WavyWalnuts,7535934
2026-07-04T22:00:45.873702,2026-07-04T22:00:45.883597+00:00,137.5,25,bid,Yinxuan Li,WavyWalnuts,7535937
2026-07-04T22:00:46.047860,2026-07-04T22:00:46.058612+00:00,137.5,155,bid,AverageAlmonds,WavyWalnuts,7535940
2026-07-04T22:00:52.791285,2026-07-04T22:00:52.799398+00:00,137.7,200,bid,WavyWalnuts,YieldingYams,7536031
2026-07-04T22:00:58.281279,2026-07-04T22:00:58.288653+00:00,137.7,200,bid,YieldingYams,WavyWalnuts,7536107
2026-07-04T22:00:58.848719,2026-07-04T22:00:58.858601+00:00,137.7,200,ask,YieldingYams,WavyWalnuts,7536115
2026-07-04T22:01:00.907159,2026-07-04T22:01:00.918100+00:00,137.6,200,ask,WavyWalnuts,YieldingYams,7536149
2026-07-04T22:01:07.318928,2026-07-04T22:01:07.326660+00:00,137.8,200,bid,WavyWalnuts,YieldingYams,7536246
2026-07-04T22:01:09.660862,2026-07-04T22:01:09.671777+00:00,137.9,500,bid,AverageAlmonds,YieldingYams,7536278
2026-07-04T22:01:10.084265,2026-07-04T22:01:10.091634+00:00,137.9,200,bid,YieldingYams,WavyWalnuts,7536285
2026-07-04T22:01:10.103514,2026-07-04T22:01:10.106920+00:00,137.9,3,ask,YieldingYams,Xuanyu Liu,7536287
2026-07-04T22:01:10.953518,2026-07-04T22:01:10.960985+00:00,138.1,200,bid,WavyWalnuts,YieldingYams,7536296
2026-07-04T22:01:11.397126,2026-07-04T22:01:11.405879+00:00,138.0,500,ask,AverageAlmonds,YieldingYams,7536305
2026-07-04T22:01:11.461028,2026-07-04T22:01:11.469298+00:00,137.8,125,bid,AverageAlmonds,YieldingYams,7536306
2026-07-04T22:01:12.718742,2026-07-04T22:01:12.726614+00:00,138.0,200,ask,WavyWalnuts,YieldingYams,7536317
2026-07-04T22:01:12.718742,2026-07-04T22:01:12.731801+00:00,138.0,425,ask,AverageAlmonds,YieldingYams,7536318
2026-07-04T22:01:14.584562,2026-07-04T22:01:14.594357+00:00,137.9,200,ask,YieldingYams,WavyWalnuts,7536338
2026-07-04T22:01:15.726921,2026-07-04T22:01:15.741088+00:00,138.1,20,bid,BrilliantBurritos,YieldingYams,7536359
2026-07-04T22:01:16.212618,2026-07-04T22:01:16.222729+00:00,137.9,20,ask,YieldingYams,BrilliantBurritos,7536372
2026-07-04T22:01:21.775470,2026-07-04T22:01:21.785277+00:00,137.9,20,ask,WavyWalnuts,BrilliantBurritos,7536445
2026-07-04T22:01:23.061895,2026-07-04T22:01:23.068827+00:00,137.9,200,ask,AverageAlmonds,WavyWalnuts,7536464
2026-07-04T22:01:23.569281,2026-07-04T22:01:23.580157+00:00,138.0,500,bid,AverageAlmonds,YieldingYams,7536466
2026-07-04T22:01:24.193485,2026-07-04T22:01:24.204792+00:00,138.0,125,bid,AverageAlmonds,YieldingYams,7536476
2026-07-04T22:01:24.272571,2026-07-04T22:01:24.279821+00:00,138.0,200,ask,AverageAlmonds,WavyWalnuts,7536477
2026-07-04T22:01:29.764096,2026-07-04T22:01:29.767704+00:00,138.0,3,bid,Xuanyu Liu,YieldingYams,7536575
2026-07-04T22:01:30.928137,2026-07-04T22:01:30.934665+00:00,138.0,25,bid,Yinxuan Li,YieldingYams,7536595
2026-07-04T22:01:33.921366,2026-07-04T22:01:33.932808+00:00,138.0,20,bid,BrilliantBurritos,WavyWalnuts,7536635
2026-07-04T22:01:36.411720,2026-07-04T22:01:36.420075+00:00,137.9,200,ask,YieldingYams,WavyWalnuts,7536672
2026-07-04T22:01:36.537409,2026-07-04T22:01:36.545926+00:00,138.1,20,bid,BrilliantBurritos,AverageAlmonds,7536673
2026-07-04T22:01:37.620138,2026-07-04T22:01:37.629076+00:00,137.9,200,ask,YieldingYams,WavyWalnuts,7536689
2026-07-04T22:01:40.270869,2026-07-04T22:01:40.282325+00:00,137.8,200,ask,WavyWalnuts,YieldingYams,7536720
2026-07-04T22:01:41.581513,2026-07-04T22:01:41.589946+00:00,137.8,200,bid,YieldingYams,WavyWalnuts,7536741
2026-07-04T22:01:42.459500,2026-07-04T22:01:42.469306+00:00,137.9,200,bid,WavyWalnuts,AverageAlmonds,7536754
2026-07-04T22:01:42.892285,2026-07-04T22:01:42.903724+00:00,137.9,300,bid,YieldingYams,AverageAlmonds,7536758
2026-07-04T22:01:42.910065,2026-07-04T22:01:42.914155+00:00,137.9,3,ask,YieldingYams,Xuanyu Liu,7536760
2026-07-04T22:01:49.742701,2026-07-04T22:01:49.751357+00:00,137.8,200,ask,YieldingYams,WavyWalnuts,7536858
2026-07-04T22:01:50.770046,2026-07-04T22:01:50.774020+00:00,137.7,14,bid,Xuanyu Liu,YieldingYams,7536868
2026-07-04T22:01:50.957694,2026-07-04T22:01:50.969216+00:00,137.7,25,bid,Yinxuan Li,YieldingYams,7536873
2026-07-04T22:01:54.579652,2026-07-04T22:01:54.589296+00:00,137.7,200,ask,YieldingYams,WavyWalnuts,7536932
2026-07-04T22:01:54.691113,2026-07-04T22:01:54.694986+00:00,137.8,11,ask,YieldingYams,Xuanyu Liu,7536934
2026-07-04T22:01:55.786872,2026-07-04T22:01:55.793393+00:00,137.8,200,ask,YieldingYams,WavyWalnuts,7536965
2026-07-04T22:01:58.616909,2026-07-04T22:01:58.620437+00:00,137.9,3,ask,YieldingYams,Xuanyu Liu,7537008
2026-07-04T22:02:04.627416,2026-07-04T22:02:04.638921+00:00,138.0,20,bid,BrilliantBurritos,YieldingYams,7537099
2026-07-04T22:02:06.661358,2026-07-04T22:02:06.669664+00:00,138.0,200,bid,WavyWalnuts,YieldingYams,7537126
2026-07-04T22:02:07.868796,2026-07-04T22:02:07.879254+00:00,138.1,200,bid,WavyWalnuts,YieldingYams,7537146
2026-07-04T22:02:08.669252,2026-07-04T22:02:08.680981+00:00,137.9,20,ask,YieldingYams,BrilliantBurritos,7537153
2026-07-04T22:02:10.414518,2026-07-04T22:02:10.418585+00:00,138.2,3,ask,YieldingYams,Xuanyu Liu,7537190
2026-07-04T22:02:10.569810,2026-07-04T22:02:10.582026+00:00,138.2,20,ask,YieldingYams,BrilliantBurritos,7537192
2026-07-04T22:02:10.923306,2026-07-04T22:02:10.927002+00:00,138.3,3,bid,Xuanyu Liu,WavyWalnuts,7537207
2026-07-04T22:02:15.134203,2026-07-04T22:02:15.142971+00:00,138.3,200,bid,WavyWalnuts,AverageAlmonds,7537280
2026-07-04T22:02:18.433301,2026-07-04T22:02:18.444626+00:00,138.3,20,bid,BrilliantBurritos,WavyWalnuts,7537321
2026-07-04T22:02:18.757045,2026-07-04T22:02:18.766017+00:00,138.2,200,ask,YieldingYams,WavyWalnuts,7537329
2026-07-04T22:02:21.703105,2026-07-04T22:02:21.714311+00:00,138.0,20,ask,YieldingYams,BrilliantBurritos,7537373
2026-07-04T22:02:25.933119,2026-07-04T22:02:25.942639+00:00,138.0,200,bid,AverageAlmonds,WavyWalnuts,7537435
2026-07-04T22:02:26.226617,2026-07-04T22:02:26.238342+00:00,138.1,20,bid,BrilliantBurritos,YieldingYams,7537442
2026-07-04T22:02:26.538562,2026-07-04T22:02:26.546175+00:00,138.1,500,bid,AverageAlmonds,YieldingYams,7537443
2026-07-04T22:02:27.136231,2026-07-04T22:02:27.143890+00:00,138.1,105,bid,AverageAlmonds,YieldingYams,7537458
2026-07-04T22:02:27.171653,2026-07-04T22:02:27.175531+00:00,138.1,14,ask,AverageAlmonds,Xuanyu Liu,7537460
2026-07-04T22:02:27.437865,2026-07-04T22:02:27.445263+00:00,138.2,200,bid,YieldingYams,WavyWalnuts,7537464
2026-07-04T22:02:28.749412,2026-07-04T22:02:28.754544+00:00,138.3,200,bid,YieldingYams,WavyWalnuts,7537482
2026-07-04T22:02:30.853201,2026-07-04T22:02:30.855080+00:00,138.3,200,ask,YieldingYams,WavyWalnuts,7537510
2026-07-04T22:02:31.429331,2026-07-04T22:02:31.440813+00:00,138.4,20,ask,YieldingYams,BrilliantBurritos,7537519
2026-07-04T22:02:34.437883,2026-07-04T22:02:34.458645+00:00,138.4,20,ask,WavyWalnuts,BrilliantBurritos,7537563
2026-07-04T22:02:34.480167,2026-07-04T22:02:34.489850+00:00,138.6,200,bid,WavyWalnuts,YieldingYams,7537567
2026-07-04T22:02:35.692682,2026-07-04T22:02:35.701196+00:00,138.6,200,ask,YieldingYams,WavyWalnuts,7537587
2026-07-04T22:02:36.179271,2026-07-04T22:02:36.183114+00:00,138.8,11,bid,Xuanyu Liu,YieldingYams,7537595
2026-07-04T22:02:36.622350,2026-07-04T22:02:36.626518+00:00,138.7,3,bid,Xuanyu Liu,YieldingYams,7537604
2026-07-04T22:02:38.109763,2026-07-04T22:02:38.118702+00:00,138.8,200,bid,WavyWalnuts,YieldingYams,7537628
2026-07-04T22:02:40.531716,2026-07-04T22:02:40.542163+00:00,139.0,200,bid,WavyWalnuts,YieldingYams,7537663
2026-07-04T22:02:41.007970,2026-07-04T22:02:41.016490+00:00,139.0,25,ask,YieldingYams,Yinxuan Li,7537666
2026-07-04T22:02:42.294842,2026-07-04T22:02:42.305934+00:00,139.1,20,bid,BrilliantBurritos,WavyWalnuts,7537688
2026-07-04T22:02:42.955337,2026-07-04T22:02:42.953183+00:00,139.1,200,bid,WavyWalnuts,AverageAlmonds,7537702
2026-07-04T22:02:45.381786,2026-07-04T22:02:45.393262+00:00,139.2,200,bid,WavyWalnuts,YieldingYams,7537749
2026-07-04T22:02:45.401231,2026-07-04T22:02:45.409226+00:00,139.0,20,ask,YieldingYams,BrilliantBurritos,7537750
2026-07-04T22:02:45.775413,2026-07-04T22:02:45.786071+00:00,139.2,500,bid,YieldingYams,AverageAlmonds,7537756
2026-07-04T22:02:45.906566,2026-07-04T22:02:45.914395+00:00,139.2,125,ask,YieldingYams,AverageAlmonds,7537758
2026-07-04T22:02:46.592390,2026-07-04T22:02:46.599694+00:00,139.1,200,bid,WavyWalnuts,AverageAlmonds,7537769
2026-07-04T22:02:47.802844,2026-07-04T22:02:47.814168+00:00,139.1,200,bid,WavyWalnuts,YieldingYams,7537795
2026-07-04T22:02:51.366680,2026-07-04T22:02:51.374255+00:00,139.0,500,ask,YieldingYams,AverageAlmonds,7537872
2026-07-04T22:02:51.964665,2026-07-04T22:02:51.975476+00:00,139.0,125,ask,YieldingYams,AverageAlmonds,7537877
2026-07-04T22:02:51.964665,2026-07-04T22:02:51.975476+00:00,138.9,200,ask,WavyWalnuts,AverageAlmonds,7537878
2026-07-04T22:02:56.004242,2026-07-04T22:02:56.016176+00:00,138.8,20,bid,BrilliantBurritos,YieldingYams,7537947
2026-07-04T22:02:56.032543,2026-07-04T22:02:56.044391+00:00,138.6,25,ask,WavyWalnuts,Yinxuan Li,7537948
2026-07-04T22:02:56.812967,2026-07-04T22:02:56.823941+00:00,138.7,500,bid,AverageAlmonds,YieldingYams,7537961
2026-07-04T22:02:57.565396,2026-07-04T22:02:57.568847+00:00,138.7,3,ask,YieldingYams,Xuanyu Liu,7537975
2026-07-04T22:02:59.516842,2026-07-04T22:02:59.528566+00:00,138.9,20,bid,BrilliantBurritos,WavyWalnuts,7538008
2026-07-04T22:03:01.358201,2026-07-04T22:03:01.369978+00:00,138.6,20,ask,YieldingYams,BrilliantBurritos,7538039
2026-07-04T22:03:02.889384,2026-07-04T22:03:02.900619+00:00,138.7,20,bid,BrilliantBurritos,YieldingYams,7538070
2026-07-04T22:03:03.547634,2026-07-04T22:03:03.558620+00:00,138.6,200,ask,AverageAlmonds,WavyWalnuts,7538081
2026-07-04T22:03:05.287073,2026-07-04T22:03:05.294967+00:00,138.7,200,bid,AverageAlmonds,WavyWalnuts,7538104
2026-07-04T22:03:05.373776,2026-07-04T22:03:05.377536+00:00,138.7,11,ask,AverageAlmonds,Xuanyu Liu,7538111
2026-07-04T22:03:05.963475,2026-07-04T22:03:05.972006+00:00,138.7,200,ask,AverageAlmonds,WavyWalnuts,7538122
2026-07-04T22:03:06.052096,2026-07-04T22:03:06.064004+00:00,138.7,25,ask,AverageAlmonds,Yinxuan Li,7538123
2026-07-04T22:03:06.723867,2026-07-04T22:03:06.733071+00:00,138.6,500,ask,AverageAlmonds,YieldingYams,7538133
2026-07-04T22:03:07.171522,2026-07-04T22:03:07.180386+00:00,138.6,125,bid,WavyWalnuts,YieldingYams,7538142
2026-07-04T22:03:08.386065,2026-07-04T22:03:08.394594+00:00,138.7,200,ask,YieldingYams,WavyWalnuts,7538171
2026-07-04T22:03:11.067269,2026-07-04T22:03:11.078785+00:00,138.4,25,ask,YieldingYams,Yinxuan Li,7538213
2026-07-04T22:03:11.553294,2026-07-04T22:03:11.565275+00:00,138.6,20,bid,BrilliantBurritos,WavyWalnuts,7538220
2026-07-04T22:03:13.784293,2026-07-04T22:03:13.826490+00:00,138.4,500,bid,AverageAlmonds,YieldingYams,7538246
2026-07-04T22:03:14.203794,2026-07-04T22:03:14.207991+00:00,138.3,23,ask,WavyWalnuts,Xuanyu Liu,7538254
2026-07-04T22:03:14.377223,2026-07-04T22:03:14.406752+00:00,138.4,125,bid,AverageAlmonds,YieldingYams,7538256
2026-07-04T22:03:14.403070,2026-07-04T22:03:14.406752+00:00,138.4,12,ask,AverageAlmonds,Xuanyu Liu,7538259
2026-07-04T22:03:14.598079,2026-07-04T22:03:14.602476+00:00,138.5,11,ask,YieldingYams,Xuanyu Liu,7538268
2026-07-04T22:03:14.680322,2026-07-04T22:03:14.692520+00:00,138.5,22,ask,YieldingYams,Zihao Wu,7538269
2026-07-04T22:03:21.624769,2026-07-04T22:03:21.670397+00:00,138.8,20,bid,BrilliantBurritos,YieldingYams,7538364
2026-07-04T22:03:21.709987,2026-07-04T22:03:21.718392+00:00,138.8,200,bid,WavyWalnuts,YieldingYams,7538369
2026-07-04T22:03:24.497256,2026-07-04T22:03:24.508895+00:00,138.8,20,ask,WavyWalnuts,BrilliantBurritos,7538408
2026-07-04T22:03:25.108545,2026-07-04T22:03:25.112074+00:00,138.9,11,bid,Xuanyu Liu,YieldingYams,7538415
2026-07-04T22:03:27.749089,2026-07-04T22:03:27.758609+00:00,138.9,20,bid,BrilliantBurritos,YieldingYams,7538450
2026-07-04T22:03:28.452824,2026-07-04T22:03:28.464493+00:00,138.9,20,bid,BrilliantBurritos,YieldingYams,7538464
2026-07-04T22:03:31.335880,2026-07-04T22:03:31.343677+00:00,138.9,200,bid,AverageAlmonds,WavyWalnuts,7538510
2026-07-04T22:03:31.400748,2026-07-04T22:03:31.410600+00:00,139.0,200,bid,WavyWalnuts,YieldingYams,7538515
2026-07-04T22:03:32.542869,2026-07-04T22:03:32.549404+00:00,139.0,500,bid,AverageAlmonds,YieldingYams,7538533
2026-07-04T22:03:32.970469,2026-07-04T22:03:32.973696+00:00,139.0,11,ask,YieldingYams,Xuanyu Liu,7538550
2026-07-04T22:03:35.031902,2026-07-04T22:03:35.038657+00:00,139.1,200,ask,AverageAlmonds,WavyWalnuts,7538581
2026-07-04T22:03:35.575212,2026-07-04T22:03:35.593680+00:00,139.0,500,ask,AverageAlmonds,YieldingYams,7538591
2026-07-04T22:03:35.590223,2026-07-04T22:03:35.593680+00:00,139.0,11,bid,Xuanyu Liu,YieldingYams,7538594
2026-07-04T22:03:35.592833,2026-07-04T22:03:35.609342+00:00,139.0,22,bid,Zihao Wu,YieldingYams,7538595
2026-07-04T22:03:36.151550,2026-07-04T22:03:36.150837+00:00,139.0,92,bid,AverageAlmonds,YieldingYams,7538605
2026-07-04T22:03:38.607330,2026-07-04T22:03:38.619045+00:00,139.2,200,bid,AverageAlmonds,WavyWalnuts,7538632
2026-07-04T22:03:38.607330,2026-07-04T22:03:38.619045+00:00,139.2,300,bid,AverageAlmonds,YieldingYams,7538633
2026-07-04T22:03:39.204480,2026-07-04T22:03:39.215669+00:00,139.2,325,bid,AverageAlmonds,YieldingYams,7538645
2026-07-04T22:03:39.204480,2026-07-04T22:03:39.215669+00:00,139.2,175,bid,AverageAlmonds,WavyWalnuts,7538646
2026-07-04T22:03:39.496148,2026-07-04T22:03:39.505435+00:00,139.2,25,bid,YieldingYams,WavyWalnuts,7538651
2026-07-04T22:03:44.691376,2026-07-04T22:03:44.700430+00:00,139.4,200,bid,WavyWalnuts,YieldingYams,7538723
2026-07-04T22:03:45.396435,2026-07-04T22:03:45.406835+00:00,139.2,20,ask,YieldingYams,BrilliantBurritos,7538735
2026-07-04T22:03:47.036582,2026-07-04T22:03:47.048337+00:00,139.5,20,bid,BrilliantBurritos,WavyWalnuts,7538757
2026-07-04T22:03:48.332136,2026-07-04T22:03:48.335730+00:00,139.4,11,ask,WavyWalnuts,Xuanyu Liu,7538784
2026-07-04T22:03:48.658569,2026-07-04T22:03:48.669970+00:00,139.4,189,ask,WavyWalnuts,YieldingYams,7538792
2026-07-04T22:03:49.979636,2026-07-04T22:03:49.983077+00:00,139.4,11,ask,YieldingYams,Xuanyu Liu,7538816
2026-07-04T22:03:50.715130,2026-07-04T22:03:50.725230+00:00,139.4,500,ask,YieldingYams,AverageAlmonds,7538824
2026-07-04T22:03:51.958577,2026-07-04T22:03:51.970274+00:00,139.4,200,bid,WavyWalnuts,AverageAlmonds,7538848
2026-07-04T22:03:52.524619,2026-07-04T22:03:52.534560+00:00,139.3,500,ask,YieldingYams,AverageAlmonds,7538849
2026-07-04T22:03:53.167294,2026-07-04T22:03:53.175373+00:00,139.2,200,bid,WavyWalnuts,YieldingYams,7538856
2026-07-04T22:03:54.379857,2026-07-04T22:03:54.388302+00:00,139.2,200,ask,YieldingYams,WavyWalnuts,7538879
2026-07-04T22:03:55.324946,2026-07-04T22:03:55.328695+00:00,139.2,23,ask,YieldingYams,Xuanyu Liu,7538892
2026-07-04T22:03:56.505740,2026-07-04T22:03:56.514071+00:00,139.3,200,bid,YieldingYams,WavyWalnuts,7538913
2026-07-04T22:03:56.519984,2026-07-04T22:03:56.523474+00:00,139.3,6,ask,YieldingYams,Xuanyu Liu,7538915
2026-07-04T22:03:57.819091,2026-07-04T22:03:57.826165+00:00,139.2,200,ask,WavyWalnuts,YieldingYams,7538936
2026-07-04T22:04:00.452839,2026-07-04T22:04:00.456449+00:00,139.1,6,bid,Xuanyu Liu,WavyWalnuts,7538973
2026-07-04T22:04:04.825759,2026-07-04T22:04:04.829347+00:00,139.4,23,bid,Xuanyu Liu,WavyWalnuts,7539055
2026-07-04T22:04:09.617649,2026-07-04T22:04:09.627398+00:00,139.4,200,bid,YieldingYams,WavyWalnuts,7539128
2026-07-04T22:04:09.635551,2026-07-04T22:04:09.639387+00:00,139.4,12,ask,YieldingYams,Xuanyu Liu,7539130
2026-07-04T22:04:09.749110,2026-07-04T22:04:09.758595+00:00,139.6,20,bid,BrilliantBurritos,AverageAlmonds,7539131
2026-07-04T22:04:11.347311,2026-07-04T22:04:11.364182+00:00,139.5,200,bid,WavyWalnuts,YieldingYams,7539152
2026-07-04T22:04:12.558156,2026-07-04T22:04:12.565146+00:00,139.5,200,bid,WavyWalnuts,YieldingYams,7539189
2026-07-04T22:04:14.978265,2026-07-04T22:04:14.985415+00:00,139.5,200,bid,WavyWalnuts,YieldingYams,7539240
2026-07-04T22:04:17.421397,2026-07-04T22:04:17.425096+00:00,139.5,12,bid,Xuanyu Liu,YieldingYams,7539274
2026-07-04T22:04:20.585233,2026-07-04T22:04:20.589033+00:00,139.5,22,bid,Xuanyu Liu,WavyWalnuts,7539340
2026-07-04T22:04:21.036224,2026-07-04T22:04:21.046970+00:00,139.3,200,ask,YieldingYams,WavyWalnuts,7539349
2026-07-04T22:04:21.441548,2026-07-04T22:04:21.445098+00:00,139.4,12,bid,Xuanyu Liu,YieldingYams,7539361
2026-07-04T22:04:22.243382,2026-07-04T22:04:22.251718+00:00,139.4,200,bid,WavyWalnuts,YieldingYams,7539382
2026-07-04T22:04:24.045866,2026-07-04T22:04:24.058683+00:00,139.4,500,ask,AverageAlmonds,YieldingYams,7539403
2026-07-04T22:04:24.579756,2026-07-04T22:04:24.588597+00:00,139.4,125,bid,AverageAlmonds,YieldingYams,7539409
2026-07-04T22:04:26.664900,2026-07-04T22:04:26.674238+00:00,139.4,500,ask,AverageAlmonds,YieldingYams,7539453
2026-07-04T22:04:27.022773,2026-07-04T22:04:27.033246+00:00,139.4,125,bid,AverageAlmonds,YieldingYams,7539456
2026-07-04T22:04:27.735690,2026-07-04T22:04:27.742188+00:00,139.3,20,ask,WavyWalnuts,BrilliantBurritos,7539467
2026-07-04T22:04:27.974545,2026-07-04T22:04:27.980808+00:00,139.5,200,bid,YieldingYams,WavyWalnuts,7539474
2026-07-04T22:04:28.293335,2026-07-04T22:04:28.303811+00:00,139.6,200,ask,YieldingYams,WavyWalnuts,7539480
2026-07-04T22:04:30.074601,2026-07-04T22:04:30.078318+00:00,139.6,11,bid,Xuanyu Liu,YieldingYams,7539520
2026-07-04T22:04:30.616625,2026-07-04T22:04:30.621046+00:00,139.5,12,bid,Xuanyu Liu,YieldingYams,7539530
2026-07-04T22:04:31.351613,2026-07-04T22:04:31.355345+00:00,139.2,20,ask,YieldingYams,BrilliantBurritos,7539550
2026-07-04T22:04:33.148184,2026-07-04T22:04:33.156594+00:00,139.3,200,ask,YieldingYams,WavyWalnuts,7539582
2026-07-04T22:04:33.283439,2026-07-04T22:04:33.286795+00:00,139.4,12,ask,YieldingYams,Xuanyu Liu,7539585
2026-07-04T22:04:35.855312,2026-07-04T22:04:35.857469+00:00,139.4,200,bid,YieldingYams,WavyWalnuts,7539635
2026-07-04T22:04:36.774199,2026-07-04T22:04:36.785027+00:00,139.4,200,ask,YieldingYams,WavyWalnuts,7539647
2026-07-04T22:04:41.222245,2026-07-04T22:04:41.231966+00:00,139.5,20,bid,BrilliantBurritos,YieldingYams,7539722
2026-07-04T22:04:41.548654,2026-07-04T22:04:41.558642+00:00,139.5,500,bid,AverageAlmonds,YieldingYams,7539725
2026-07-04T22:04:41.603023,2026-07-04T22:04:41.616330+00:00,139.5,105,bid,WavyWalnuts,YieldingYams,7539731
2026-07-04T22:04:45.042773,2026-07-04T22:04:45.051039+00:00,139.6,500,ask,AverageAlmonds,YieldingYams,7539789
2026-07-04T22:04:45.042773,2026-07-04T22:04:45.051039+00:00,139.5,125,ask,WavyWalnuts,YieldingYams,7539790
2026-07-04T22:04:45.187586,2026-07-04T22:04:45.196643+00:00,139.7,200,bid,AverageAlmonds,WavyWalnuts,7539797
2026-07-04T22:04:45.219349,2026-07-04T22:04:45.223509+00:00,139.7,7,ask,AverageAlmonds,Xuanyu Liu,7539800
2026-07-04T22:04:45.235156,2026-07-04T22:04:45.244482+00:00,139.7,200,ask,AverageAlmonds,WavyWalnuts,7539802
2026-07-04T22:04:46.447007,2026-07-04T22:04:46.458576+00:00,139.7,200,ask,AverageAlmonds,WavyWalnuts,7539819
2026-07-04T22:04:47.662750,2026-07-04T22:04:47.674128+00:00,139.7,200,ask,AverageAlmonds,WavyWalnuts,7539847
2026-07-04T22:04:47.671365,2026-07-04T22:04:47.679364+00:00,139.7,300,ask,AverageAlmonds,YieldingYams,7539848
2026-07-04T22:04:47.690302,2026-07-04T22:04:47.694176+00:00,139.7,7,bid,Xuanyu Liu,YieldingYams,7539851
2026-07-04T22:04:48.119753,2026-07-04T22:04:48.129780+00:00,139.5,20,ask,WavyWalnuts,BrilliantBurritos,7539855
2026-07-04T22:04:49.108370,2026-07-04T22:04:49.112083+00:00,139.6,23,ask,WavyWalnuts,Xuanyu Liu,7539874
2026-07-04T22:04:50.047194,2026-07-04T22:04:50.056984+00:00,139.7,500,bid,AverageAlmonds,YieldingYams,7539887
2026-07-04T22:04:50.076215,2026-07-04T22:04:50.082956+00:00,139.7,125,bid,WavyWalnuts,YieldingYams,7539889
2026-07-04T22:04:50.093993,2026-07-04T22:04:50.097662+00:00,139.7,11,ask,WavyWalnuts,Xuanyu Liu,7539891
2026-07-04T22:04:50.288223,2026-07-04T22:04:50.295335+00:00,139.9,200,bid,YieldingYams,WavyWalnuts,7539895
2026-07-04T22:04:50.306400,2026-07-04T22:04:50.309973+00:00,139.9,9,ask,YieldingYams,Xuanyu Liu,7539897
2026-07-04T22:04:51.048290,2026-07-04T22:04:51.063649+00:00,140.1,20,bid,BrilliantBurritos,YieldingYams,7539913
2026-07-04T22:04:51.291640,2026-07-04T22:04:51.300831+00:00,139.9,200,ask,YieldingYams,WavyWalnuts,7539918
2026-07-04T22:04:52.219176,2026-07-04T22:04:52.223508+00:00,139.8,9,bid,Xuanyu Liu,YieldingYams,7539936
2026-07-04T22:04:52.876524,2026-07-04T22:04:52.880920+00:00,139.8,23,bid,Xuanyu Liu,YieldingYams,7539945
2026-07-04T22:04:53.688482,2026-07-04T22:04:53.695242+00:00,139.9,20,bid,BrilliantBurritos,WavyWalnuts,7539957
2026-07-04T22:04:53.714781,2026-07-04T22:04:53.725429+00:00,139.8,200,ask,YieldingYams,WavyWalnuts,7539958
2026-07-04T22:04:55.379688,2026-07-04T22:04:55.382895+00:00,139.8,23,bid,Xuanyu Liu,WavyWalnuts,7539984
2026-07-04T22:04:56.678765,2026-07-04T22:04:56.685639+00:00,139.9,20,bid,BrilliantBurritos,YieldingYams,7540003
2026-07-04T22:04:59.737881,2026-07-04T22:04:59.746092+00:00,139.8,20,bid,BrilliantBurritos,WavyWalnuts,7540058
2026-07-04T22:05:00.793986,2026-07-04T22:05:00.804916+00:00,139.7,200,bid,YieldingYams,WavyWalnuts,7540079
2026-07-04T22:05:02.365370,2026-07-04T22:05:02.370086+00:00,139.8,11,bid,Xuanyu Liu,WavyWalnuts,7540100
2026-07-04T22:05:06.802189,2026-07-04T22:05:06.812707+00:00,139.7,20,bid,BrilliantBurritos,WavyWalnuts,7540168
2026-07-04T22:05:07.419109,2026-07-04T22:05:07.430900+00:00,139.8,20,bid,BrilliantBurritos,WavyWalnuts,7540176
2026-07-04T22:05:08.027999,2026-07-04T22:05:08.031972+00:00,139.8,3,bid,Xuanyu Liu,WavyWalnuts,7540187
2026-07-04T22:05:10.665201,2026-07-04T22:05:10.674120+00:00,139.7,200,ask,YieldingYams,WavyWalnuts,7540231
2026-07-04T22:05:16.547571,2026-07-04T22:05:16.554820+00:00,139.7,200,ask,WavyWalnuts,YieldingYams,7540321
2026-07-04T22:05:16.565705,2026-07-04T22:05:16.569571+00:00,139.7,3,bid,Xuanyu Liu,YieldingYams,7540323
2026-07-04T22:05:19.202399,2026-07-04T22:05:19.212724+00:00,139.8,200,bid,YieldingYams,WavyWalnuts,7540358
2026-07-04T22:05:21.016454,2026-07-04T22:05:21.027276+00:00,139.9,20,bid,BrilliantBurritos,WavyWalnuts,7540387
2026-07-04T22:05:22.784901,2026-07-04T22:05:22.791359+00:00,139.7,200,ask,YieldingYams,WavyWalnuts,7540411
2026-07-04T22:05:25.474554,2026-07-04T22:05:25.481665+00:00,139.9,20,bid,BrilliantBurritos,WavyWalnuts,7540455
2026-07-04T22:05:26.118325,2026-07-04T22:05:26.130014+00:00,139.8,20,ask,YieldingYams,BrilliantBurritos,7540463
2026-07-04T22:05:36.280150,2026-07-04T22:05:36.289785+00:00,139.9,200,bid,YieldingYams,WavyWalnuts,7540578
2026-07-04T22:05:37.033130,2026-07-04T22:05:37.044772+00:00,140.2,20,bid,BrilliantBurritos,YieldingYams,7540584
2026-07-04T22:05:38.905760,2026-07-04T22:05:38.913166+00:00,140.0,200,bid,YieldingYams,WavyWalnuts,7540614
2026-07-04T22:05:42.083923,2026-07-04T22:05:42.090530+00:00,140.0,500,ask,YieldingYams,AverageAlmonds,7540672
2026-07-04T22:05:42.683724,2026-07-04T22:05:42.692615+00:00,140.0,125,ask,YieldingYams,AverageAlmonds,7540678
2026-07-04T22:05:42.683724,2026-07-04T22:05:42.692615+00:00,140.0,200,ask,WavyWalnuts,AverageAlmonds,7540679
2026-07-04T22:05:42.866365,2026-07-04T22:05:42.869924+00:00,139.7,3,ask,YieldingYams,Xuanyu Liu,7540690
2026-07-04T22:05:43.376142,2026-07-04T22:05:43.383617+00:00,139.8,200,bid,WavyWalnuts,AverageAlmonds,7540701
2026-07-04T22:05:44.587637,2026-07-04T22:05:44.595713+00:00,139.8,200,bid,WavyWalnuts,AverageAlmonds,7540724
2026-07-04T22:05:45.120771,2026-07-04T22:05:45.127594+00:00,139.7,500,ask,YieldingYams,AverageAlmonds,7540735
2026-07-04T22:05:45.797724,2026-07-04T22:05:45.807747+00:00,139.6,200,bid,WavyWalnuts,YieldingYams,7540750
2026-07-04T22:05:47.008006,2026-07-04T22:05:47.016570+00:00,139.7,200,bid,WavyWalnuts,YieldingYams,7540762
2026-07-04T22:05:48.100549,2026-07-04T22:05:48.112173+00:00,139.6,500,bid,YieldingYams,AverageAlmonds,7540774
2026-07-04T22:05:48.129176,2026-07-04T22:05:48.136063+00:00,139.6,125,ask,YieldingYams,AverageAlmonds,7540776
2026-07-04T22:05:48.146118,2026-07-04T22:05:48.149600+00:00,139.5,3,bid,Xuanyu Liu,AverageAlmonds,7540778
2026-07-04T22:05:49.409676,2026-07-04T22:05:49.416159+00:00,139.4,200,ask,WavyWalnuts,YieldingYams,7540794
2026-07-04T22:05:49.425853,2026-07-04T22:05:49.434777+00:00,139.4,200,bid,WavyWalnuts,YieldingYams,7540795
2026-07-04T22:05:52.204421,2026-07-04T22:05:52.216304+00:00,139.5,20,bid,BrilliantBurritos,WavyWalnuts,7540842
2026-07-04T22:05:53.665464,2026-07-04T22:05:53.677012+00:00,139.3,20,ask,WavyWalnuts,BrilliantBurritos,7540866
2026-07-04T22:05:56.027029,2026-07-04T22:05:56.030990+00:00,139.4,11,bid,Xuanyu Liu,YieldingYams,7540908
2026-07-04T22:05:56.232660,2026-07-04T22:05:56.239923+00:00,139.4,25,bid,Yinxuan Li,YieldingYams,7540918
2026-07-04T22:05:57.120681,2026-07-04T22:05:57.129884+00:00,139.4,20,bid,BrilliantBurritos,YieldingYams,7540927
2026-07-04T22:05:59.142723,2026-07-04T22:05:59.146353+00:00,139.5,11,ask,WavyWalnuts,Xuanyu Liu,7540967
2026-07-04T22:06:05.354339,2026-07-04T22:06:05.366224+00:00,139.3,20,ask,YieldingYams,BrilliantBurritos,7541044
2026-07-04T22:06:05.990852,2026-07-04T22:06:06.002769+00:00,139.3,20,ask,YieldingYams,BrilliantBurritos,7541051
2026-07-04T22:06:06.248177,2026-07-04T22:06:06.264025+00:00,139.5,25,bid,Yinxuan Li,YieldingYams,7541055
2026-07-04T22:06:06.480283,2026-07-04T22:06:06.483964+00:00,139.4,11,bid,Xuanyu Liu,YieldingYams,7541065
2026-07-04T22:06:07.777589,2026-07-04T22:06:07.787885+00:00,139.3,200,ask,WavyWalnuts,YieldingYams,7541081
2026-07-04T22:06:07.777589,2026-07-04T22:06:07.787885+00:00,139.2,425,ask,AverageAlmonds,YieldingYams,7541082
2026-07-04T22:06:08.222395,2026-07-04T22:06:08.233646+00:00,139.5,20,bid,BrilliantBurritos,WavyWalnuts,7541091
2026-07-04T22:06:09.087737,2026-07-04T22:06:09.096813+00:00,139.4,200,bid,YieldingYams,WavyWalnuts,7541109
2026-07-04T22:06:11.234679,2026-07-04T22:06:11.241032+00:00,139.4,200,ask,YieldingYams,WavyWalnuts,7541135
2026-07-04T22:06:11.746107,2026-07-04T22:06:11.779114+00:00,139.4,500,bid,AverageAlmonds,YieldingYams,7541139
2026-07-04T22:06:11.775496,2026-07-04T22:06:11.779114+00:00,139.4,23,bid,Xuanyu Liu,YieldingYams,7541143
2026-07-04T22:06:13.011048,2026-07-04T22:06:13.019043+00:00,139.4,200,bid,YieldingYams,WavyWalnuts,7541161
2026-07-04T22:06:16.268034,2026-07-04T22:06:16.274676+00:00,139.7,25,bid,Yinxuan Li,WavyWalnuts,7541202
2026-07-04T22:06:17.291810,2026-07-04T22:06:17.302222+00:00,139.6,200,ask,YieldingYams,WavyWalnuts,7541208
2026-07-04T22:06:19.345932,2026-07-04T22:06:19.358578+00:00,139.5,20,ask,YieldingYams,BrilliantBurritos,7541249
2026-07-04T22:06:22.194881,2026-07-04T22:06:22.204177+00:00,139.6,200,bid,YieldingYams,WavyWalnuts,7541292
2026-07-04T22:06:22.209574,2026-07-04T22:06:22.213190+00:00,139.6,11,ask,YieldingYams,Xuanyu Liu,7541294
2026-07-04T22:06:23.347890,2026-07-04T22:06:23.358544+00:00,139.6,200,ask,YieldingYams,WavyWalnuts,7541310
2026-07-04T22:06:26.118556,2026-07-04T22:06:26.127408+00:00,139.7,200,ask,WavyWalnuts,YieldingYams,7541335
2026-07-04T22:06:28.202739,2026-07-04T22:06:28.206873+00:00,139.7,12,ask,WavyWalnuts,Xuanyu Liu,7541364
2026-07-04T22:06:28.753319,2026-07-04T22:06:28.758623+00:00,139.7,188,ask,WavyWalnuts,YieldingYams,7541375
2026-07-04T22:06:31.834373,2026-07-04T22:06:31.838053+00:00,139.6,11,ask,WavyWalnuts,Xuanyu Liu,7541425
2026-07-04T22:06:35.291668,2026-07-04T22:06:35.303037+00:00,139.6,200,ask,WavyWalnuts,YieldingYams,7541484
2026-07-04T22:06:35.452765,2026-07-04T22:06:35.458583+00:00,139.5,200,bid,WavyWalnuts,YieldingYams,7541489
2026-07-04T22:06:36.652810,2026-07-04T22:06:36.656389+00:00,139.4,3,ask,YieldingYams,Xuanyu Liu,7541511
2026-07-04T22:06:39.242163,2026-07-04T22:06:39.252664+00:00,139.5,200,ask,WavyWalnuts,YieldingYams,7541543
2026-07-04T22:06:41.504411,2026-07-04T22:06:41.514826+00:00,139.3,200,bid,WavyWalnuts,YieldingYams,7541571
2026-07-04T22:06:42.723939,2026-07-04T22:06:42.734952+00:00,139.3,200,ask,YieldingYams,WavyWalnuts,7541583
2026-07-04T22:06:43.185799,2026-07-04T22:06:43.189329+00:00,139.2,26,bid,Xuanyu Liu,YieldingYams,7541596
2026-07-04T22:06:46.135388,2026-07-04T22:06:46.139181+00:00,139.1,23,ask,WavyWalnuts,Xuanyu Liu,7541644
2026-07-04T22:06:53.256655,2026-07-04T22:06:53.245016+00:00,139.4,20,ask,WavyWalnuts,BrilliantBurritos,7541762
2026-07-04T22:06:54.986741,2026-07-04T22:06:54.996039+00:00,139.3,200,ask,WavyWalnuts,YieldingYams,7541780
2026-07-04T22:06:56.052498,2026-07-04T22:06:56.056022+00:00,139.2,3,ask,WavyWalnuts,Xuanyu Liu,7541805
2026-07-04T22:06:57.753793,2026-07-04T22:06:57.753863+00:00,139.2,20,ask,WavyWalnuts,BrilliantBurritos,7541830
2026-07-04T22:06:59.671681,2026-07-04T22:06:59.680163+00:00,139.3,200,bid,WavyWalnuts,YieldingYams,7541862
2026-07-04T22:07:02.877214,2026-07-04T22:07:02.887536+00:00,139.2,200,ask,WavyWalnuts,YieldingYams,7541916
2026-07-04T22:07:06.804050,2026-07-04T22:07:06.812223+00:00,139.1,200,bid,YieldingYams,WavyWalnuts,7541968
2026-07-04T22:07:14.227998,2026-07-04T22:07:14.231967+00:00,138.9,3,bid,Xuanyu Liu,WavyWalnuts,7542094
2026-07-04T22:07:18.601632,2026-07-04T22:07:18.621913+00:00,138.9,200,ask,WavyWalnuts,YieldingYams,7542144
2026-07-04T22:07:18.617814,2026-07-04T22:07:18.621913+00:00,138.9,11,bid,Xuanyu Liu,YieldingYams,7542147
2026-07-04T22:07:19.911038,2026-07-04T22:07:19.928943+00:00,138.8,200,ask,WavyWalnuts,YieldingYams,7542165
2026-07-04T22:07:19.925234,2026-07-04T22:07:19.928943+00:00,138.8,12,bid,Xuanyu Liu,YieldingYams,7542167
2026-07-04T22:07:20.071500,2026-07-04T22:07:20.082947+00:00,138.8,20,bid,BrilliantBurritos,YieldingYams,7542171
2026-07-04T22:07:21.338813,2026-07-04T22:07:21.350114+00:00,138.8,25,bid,Yinxuan Li,WavyWalnuts,7542190
2026-07-04T22:07:23.900728,2026-07-04T22:07:23.908826+00:00,138.7,200,ask,YieldingYams,WavyWalnuts,7542223
2026-07-04T22:07:25.163703,2026-07-04T22:07:25.167433+00:00,138.6,11,bid,Xuanyu Liu,YieldingYams,7542249
2026-07-04T22:07:26.352007,2026-07-04T22:07:26.352279+00:00,138.6,25,bid,Yinxuan Li,YieldingYams,7542274
2026-07-04T22:07:26.473715,2026-07-04T22:07:26.476969+00:00,138.5,12,bid,Xuanyu Liu,YieldingYams,7542278
2026-07-04T22:07:29.074074,2026-07-04T22:07:29.084077+00:00,138.3,500,ask,AverageAlmonds,YieldingYams,7542324
2026-07-04T22:07:29.074074,2026-07-04T22:07:29.084077+00:00,138.3,125,ask,WavyWalnuts,YieldingYams,7542325
2026-07-04T22:07:29.956763,2026-07-04T22:07:29.969011+00:00,138.4,200,ask,AverageAlmonds,WavyWalnuts,7542337
2026-07-04T22:07:30.385972,2026-07-04T22:07:30.395231+00:00,138.4,300,ask,AverageAlmonds,YieldingYams,7542349
2026-07-04T22:07:30.433172,2026-07-04T22:07:30.436807+00:00,138.3,51,bid,Xuanyu Liu,YieldingYams,7542351
2026-07-04T22:07:30.454168,2026-07-04T22:07:30.458614+00:00,138.3,274,bid,AverageAlmonds,YieldingYams,7542352
2026-07-04T22:07:31.164957,2026-07-04T22:07:31.171714+00:00,138.6,200,ask,AverageAlmonds,WavyWalnuts,7542366
2026-07-04T22:07:33.005188,2026-07-04T22:07:33.011675+00:00,138.6,200,bid,YieldingYams,WavyWalnuts,7542396
2026-07-04T22:07:33.602235,2026-07-04T22:07:33.605502+00:00,138.6,29,ask,YieldingYams,Xuanyu Liu,7542408
2026-07-04T22:07:36.369323,2026-07-04T22:07:36.378103+00:00,138.7,25,bid,Yinxuan Li,YieldingYams,7542446
2026-07-04T22:07:40.156458,2026-07-04T22:07:40.168673+00:00,138.6,200,bid,AverageAlmonds,WavyWalnuts,7542509
2026-07-04T22:07:41.394781,2026-07-04T22:07:41.406540+00:00,138.7,25,bid,Yinxuan Li,WavyWalnuts,7542524
2026-07-04T22:07:42.202407,2026-07-04T22:07:42.209397+00:00,138.7,200,bid,YieldingYams,WavyWalnuts,7542545
2026-07-04T22:07:42.220172,2026-07-04T22:07:42.223790+00:00,138.8,11,ask,YieldingYams,Xuanyu Liu,7542547
2026-07-04T22:07:44.491500,2026-07-04T22:07:44.498878+00:00,138.9,200,bid,WavyWalnuts,YieldingYams,7542586
2026-07-04T22:07:45.700598,2026-07-04T22:07:45.708765+00:00,139.0,200,bid,WavyWalnuts,YieldingYams,7542602
2026-07-04T22:07:46.407835,2026-07-04T22:07:46.416827+00:00,139.0,25,bid,Yinxuan Li,YieldingYams,7542616
2026-07-04T22:07:46.910490,2026-07-04T22:07:46.918366+00:00,139.0,200,bid,WavyWalnuts,YieldingYams,7542631
2026-07-04T22:07:49.327132,2026-07-04T22:07:49.336723+00:00,139.1,200,bid,WavyWalnuts,AverageAlmonds,7542677
2026-07-04T22:07:49.836966,2026-07-04T22:07:49.847880+00:00,139.0,500,ask,YieldingYams,AverageAlmonds,7542679
2026-07-04T22:07:50.535818,2026-07-04T22:07:50.543973+00:00,138.9,200,bid,WavyWalnuts,AverageAlmonds,7542694
2026-07-04T22:07:51.386970,2026-07-04T22:07:51.395003+00:00,138.9,500,bid,YieldingYams,AverageAlmonds,7542701
2026-07-04T22:07:51.665815,2026-07-04T22:07:51.673986+00:00,139.0,125,ask,YieldingYams,AverageAlmonds,7542703
2026-07-04T22:07:51.746624,2026-07-04T22:07:51.758591+00:00,138.9,200,bid,WavyWalnuts,AverageAlmonds,7542707
2026-07-04T22:07:52.972173,2026-07-04T22:07:52.975686+00:00,138.9,23,ask,WavyWalnuts,Xuanyu Liu,7542723
2026-07-04T22:07:53.484449,2026-07-04T22:07:53.491666+00:00,138.9,177,ask,WavyWalnuts,AverageAlmonds,7542729
2026-07-04T22:07:55.376272,2026-07-04T22:07:55.383795+00:00,138.8,200,bid,WavyWalnuts,YieldingYams,7542748
2026-07-04T22:07:55.705589,2026-07-04T22:07:55.709778+00:00,138.8,12,bid,Xuanyu Liu,YieldingYams,7542759
2026-07-04T22:07:56.022600,2026-07-04T22:07:56.034594+00:00,138.5,20,ask,YieldingYams,BrilliantBurritos,7542765
2026-07-04T22:07:56.599838,2026-07-04T22:07:56.603539+00:00,138.6,12,ask,WavyWalnuts,Xuanyu Liu,7542772
2026-07-04T22:08:04.387341,2026-07-04T22:08:04.395117+00:00,138.9,500,ask,YieldingYams,AverageAlmonds,7542877
2026-07-04T22:08:05.254100,2026-07-04T22:08:05.258541+00:00,138.8,23,ask,WavyWalnuts,Xuanyu Liu,7542905
2026-07-04T22:08:06.493404,2026-07-04T22:08:06.500791+00:00,138.9,20,bid,BrilliantBurritos,YieldingYams,7542932
2026-07-04T22:08:08.522152,2026-07-04T22:08:08.534139+00:00,138.7,20,ask,WavyWalnuts,BrilliantBurritos,7542959
2026-07-04T22:08:10.546278,2026-07-04T22:08:10.557835+00:00,138.8,20,bid,BrilliantBurritos,AverageAlmonds,7542981
2026-07-04T22:08:11.659111,2026-07-04T22:08:11.669189+00:00,138.7,500,ask,YieldingYams,AverageAlmonds,7542995
2026-07-04T22:08:12.259200,2026-07-04T22:08:12.269120+00:00,138.7,125,ask,YieldingYams,AverageAlmonds,7543005
2026-07-04T22:08:12.259200,2026-07-04T22:08:12.269120+00:00,138.7,200,ask,WavyWalnuts,AverageAlmonds,7543006
2026-07-04T22:08:12.284743,2026-07-04T22:08:12.289031+00:00,138.6,23,bid,Xuanyu Liu,AverageAlmonds,7543009
2026-07-04T22:08:12.320058,2026-07-04T22:08:12.327090+00:00,138.6,152,bid,WavyWalnuts,AverageAlmonds,7543010
2026-07-04T22:08:12.391576,2026-07-04T22:08:12.396171+00:00,138.5,12,bid,Xuanyu Liu,YieldingYams,7543013
2026-07-04T22:08:13.528453,2026-07-04T22:08:13.536000+00:00,138.5,200,bid,WavyWalnuts,YieldingYams,7543024
2026-07-04T22:08:14.075316,2026-07-04T22:08:14.084585+00:00,138.5,500,ask,YieldingYams,AverageAlmonds,7543036
2026-07-04T22:08:15.409300,2026-07-04T22:08:15.412953+00:00,138.3,12,ask,WavyWalnuts,Xuanyu Liu,7543058
2026-07-04T22:08:17.918361,2026-07-04T22:08:17.922469+00:00,138.1,23,ask,WavyWalnuts,Xuanyu Liu,7543097
2026-07-04T22:08:19.585233,2026-07-04T22:08:19.588826+00:00,138.2,11,ask,WavyWalnuts,Xuanyu Liu,7543118
2026-07-04T22:08:20.259178,2026-07-04T22:08:20.268666+00:00,138.2,189,ask,WavyWalnuts,YieldingYams,7543124
2026-07-04T22:08:20.776511,2026-07-04T22:08:20.784754+00:00,138.1,200,bid,WavyWalnuts,YieldingYams,7543127
2026-07-04T22:08:25.509927,2026-07-04T22:08:25.518949+00:00,138.2,200,ask,WavyWalnuts,YieldingYams,7543197
2026-07-04T22:08:29.457619,2026-07-04T22:08:29.469344+00:00,138.2,200,ask,WavyWalnuts,YieldingYams,7543259
2026-07-04T22:08:30.480587,2026-07-04T22:08:30.490980+00:00,138.2,200,bid,WavyWalnuts,YieldingYams,7543281
2026-07-04T22:08:30.778596,2026-07-04T22:08:30.782302+00:00,138.1,3,ask,YieldingYams,Xuanyu Liu,7543286
2026-07-04T22:08:36.457939,2026-07-04T22:08:36.469656+00:00,138.1,25,ask,YieldingYams,Yinxuan Li,7543358
2026-07-04T22:08:36.532803,2026-07-04T22:08:36.541462+00:00,138.1,200,ask,YieldingYams,WavyWalnuts,7543360
2026-07-04T22:08:37.058717,2026-07-04T22:08:37.070290+00:00,138.1,20,ask,YieldingYams,BrilliantBurritos,7543366
2026-07-04T22:08:38.642519,2026-07-04T22:08:38.652588+00:00,138.1,200,bid,YieldingYams,WavyWalnuts,7543387
2026-07-04T22:08:40.101162,2026-07-04T22:08:40.105269+00:00,138.1,3,ask,YieldingYams,Xuanyu Liu,7543408
2026-07-04T22:08:41.472687,2026-07-04T22:08:41.479350+00:00,138.1,25,ask,WavyWalnuts,Yinxuan Li,7543428
2026-07-04T22:08:42.590072,2026-07-04T22:08:42.593751+00:00,138.2,11,ask,YieldingYams,Xuanyu Liu,7543442
2026-07-04T22:08:42.592803,2026-07-04T22:08:42.614427+00:00,138.2,200,ask,YieldingYams,WavyWalnuts,7543443
2026-07-04T22:08:45.005774,2026-07-04T22:08:45.016177+00:00,138.2,200,bid,WavyWalnuts,YieldingYams,7543476
2026-07-04T22:08:46.486177,2026-07-04T22:08:46.498066+00:00,138.0,25,ask,YieldingYams,Yinxuan Li,7543490
2026-07-04T22:08:47.041354,2026-07-04T22:08:47.045088+00:00,138.0,12,ask,WavyWalnuts,Xuanyu Liu,7543511
2026-07-04T22:08:49.223138,2026-07-04T22:08:49.226857+00:00,138.1,11,ask,AverageAlmonds,Xuanyu Liu,7543543
2026-07-04T22:08:51.013299,2026-07-04T22:08:51.020573+00:00,138.1,500,bid,AverageAlmonds,YieldingYams,7543570
2026-07-04T22:08:51.501603,2026-07-04T22:08:51.513489+00:00,137.9,25,ask,YieldingYams,Yinxuan Li,7543576
2026-07-04T22:08:51.743717,2026-07-04T22:08:51.758590+00:00,138.2,200,bid,YieldingYams,WavyWalnuts,7543581
2026-07-04T22:08:51.782017,2026-07-04T22:08:51.793750+00:00,138.5,20,bid,BrilliantBurritos,YieldingYams,7543582
2026-07-04T22:08:56.512794,2026-07-04T22:08:56.524593+00:00,138.1,25,ask,WavyWalnuts,Yinxuan Li,7543657
2026-07-04T22:08:57.124104,2026-07-04T22:08:57.131775+00:00,138.3,200,bid,WavyWalnuts,YieldingYams,7543663
2026-07-04T22:08:59.562960,2026-07-04T22:08:59.574569+00:00,138.4,200,bid,WavyWalnuts,AverageAlmonds,7543700
2026-07-04T22:09:00.976030,2026-07-04T22:09:00.985833+00:00,138.1,20,ask,WavyWalnuts,BrilliantBurritos,7543724
2026-07-04T22:09:06.531985,2026-07-04T22:09:06.544098+00:00,138.0,25,ask,YieldingYams,Yinxuan Li,7543813
2026-07-04T22:09:09.259421,2026-07-04T22:09:09.263217+00:00,138.1,11,bid,Xuanyu Liu,WavyWalnuts,7543857
2026-07-04T22:09:10.169169,2026-07-04T22:09:10.180383+00:00,138.1,189,bid,YieldingYams,WavyWalnuts,7543876
2026-07-04T22:09:10.460615,2026-07-04T22:09:10.469439+00:00,138.2,200,ask,YieldingYams,WavyWalnuts,7543882
2026-07-04T22:09:11.303297,2026-07-04T22:09:11.315141+00:00,138.4,20,bid,BrilliantBurritos,AverageAlmonds,7543895
2026-07-04T22:09:12.788063,2026-07-04T22:09:12.794965+00:00,138.3,200,bid,YieldingYams,WavyWalnuts,7543918
2026-07-04T22:09:12.788063,2026-07-04T22:09:12.800385+00:00,138.3,425,bid,YieldingYams,AverageAlmonds,7543919
2026-07-04T22:09:16.494038,2026-07-04T22:09:16.502242+00:00,138.2,200,bid,WavyWalnuts,YieldingYams,7543964
2026-07-04T22:09:16.856133,2026-07-04T22:09:16.864491+00:00,138.1,20,ask,YieldingYams,BrilliantBurritos,7543967
2026-07-04T22:09:18.092155,2026-07-04T22:09:18.095918+00:00,138.4,26,bid,Xuanyu Liu,WavyWalnuts,7543985
2026-07-04T22:09:18.916481,2026-07-04T22:09:18.927081+00:00,138.4,200,bid,WavyWalnuts,YieldingYams,7544006
2026-07-04T22:09:23.348937,2026-07-04T22:09:23.355334+00:00,138.5,20,bid,BrilliantBurritos,WavyWalnuts,7544076
2026-07-04T22:09:23.769596,2026-07-04T22:09:23.779438+00:00,138.4,200,ask,YieldingYams,WavyWalnuts,7544079
2026-07-04T22:09:29.826346,2026-07-04T22:09:29.835380+00:00,138.6,200,bid,WavyWalnuts,YieldingYams,7544166
2026-07-04T22:09:30.356686,2026-07-04T22:09:30.368691+00:00,138.8,20,bid,BrilliantBurritos,WavyWalnuts,7544175
2026-07-04T22:09:30.756387,2026-07-04T22:09:30.758558+00:00,138.5,20,ask,YieldingYams,BrilliantBurritos,7544181
2026-07-04T22:09:32.266529,2026-07-04T22:09:32.270081+00:00,138.6,3,bid,Xuanyu Liu,WavyWalnuts,7544202
2026-07-04T22:09:32.470197,2026-07-04T22:09:32.480323+00:00,138.6,197,bid,YieldingYams,WavyWalnuts,7544206
2026-07-04T22:09:33.467741,2026-07-04T22:09:33.475206+00:00,138.6,200,ask,YieldingYams,WavyWalnuts,7544217
2026-07-04T22:09:33.845522,2026-07-04T22:09:33.849879+00:00,138.6,46,bid,Xuanyu Liu,YieldingYams,7544223
2026-07-04T22:09:34.986279,2026-07-04T22:09:34.993052+00:00,138.6,20,bid,BrilliantBurritos,YieldingYams,7544232
2026-07-04T22:09:35.887976,2026-07-04T22:09:35.895235+00:00,138.5,200,bid,WavyWalnuts,YieldingYams,7544249
2026-07-04T22:09:36.573405,2026-07-04T22:09:36.585007+00:00,138.5,25,bid,Yinxuan Li,YieldingYams,7544255
2026-07-04T22:09:37.080249,2026-07-04T22:09:37.083557+00:00,138.4,23,ask,AverageAlmonds,Xuanyu Liu,7544260
2026-07-04T22:09:37.099437,2026-07-04T22:09:37.109562+00:00,138.5,200,bid,WavyWalnuts,YieldingYams,7544261
2026-07-04T22:09:39.462530,2026-07-04T22:09:39.470115+00:00,138.6,200,bid,AverageAlmonds,WavyWalnuts,7544296
2026-07-04T22:09:39.517974,2026-07-04T22:09:39.525960+00:00,138.6,200,ask,AverageAlmonds,WavyWalnuts,7544298
2026-07-04T22:09:40.695556,2026-07-04T22:09:40.706494+00:00,138.7,500,bid,AverageAlmonds,YieldingYams,7544314
2026-07-04T22:09:41.293431,2026-07-04T22:09:41.303914+00:00,138.7,125,bid,AverageAlmonds,YieldingYams,7544320
2026-07-04T22:09:41.588386,2026-07-04T22:09:41.595057+00:00,138.8,25,bid,Yinxuan Li,WavyWalnuts,7544326
2026-07-04T22:09:41.648293,2026-07-04T22:09:41.658594+00:00,138.8,175,bid,YieldingYams,WavyWalnuts,7544328
2026-07-04T22:09:41.937796,2026-07-04T22:09:41.945347+00:00,138.8,200,ask,YieldingYams,WavyWalnuts,7544337
2026-07-04T22:09:42.976792,2026-07-04T22:09:42.984463+00:00,138.8,500,ask,AverageAlmonds,YieldingYams,7544352
2026-07-04T22:09:43.103643,2026-07-04T22:09:43.114314+00:00,138.8,125,bid,AverageAlmonds,YieldingYams,7544354
2026-07-04T22:09:47.994363,2026-07-04T22:09:48.005352+00:00,138.8,200,ask,YieldingYams,WavyWalnuts,7544425
2026-07-04T22:09:49.205463,2026-07-04T22:09:49.214867+00:00,138.8,200,ask,YieldingYams,WavyWalnuts,7544440
2026-07-04T22:09:51.612507,2026-07-04T22:09:51.622116+00:00,138.8,25,bid,Yinxuan Li,WavyWalnuts,7544475
2026-07-04T22:09:51.622853,2026-07-04T22:09:51.632538+00:00,138.7,200,ask,YieldingYams,WavyWalnuts,7544476
2026-07-04T22:09:57.395160,2026-07-04T22:09:57.403152+00:00,138.5,200,ask,WavyWalnuts,YieldingYams,7544553
2026-07-04T22:10:00.024017,2026-07-04T22:10:00.030368+00:00,138.6,200,bid,YieldingYams,WavyWalnuts,7544589
2026-07-04T22:10:00.111421,2026-07-04T22:10:00.120309+00:00,138.6,200,ask,YieldingYams,WavyWalnuts,7544591
2026-07-04T22:10:01.319094,2026-07-04T22:10:01.330332+00:00,138.6,200,ask,YieldingYams,WavyWalnuts,7544614
2026-07-04T22:10:02.521458,2026-07-04T22:10:02.525018+00:00,138.5,12,ask,AverageAlmonds,Xuanyu Liu,7544632
2026-07-04T22:10:02.693664,2026-07-04T22:10:02.697372+00:00,138.6,11,ask,YieldingYams,Xuanyu Liu,7544642
2026-07-04T22:10:02.902565,2026-07-04T22:10:02.914356+00:00,138.7,20,bid,BrilliantBurritos,WavyWalnuts,7544646
2026-07-04T22:10:03.741514,2026-07-04T22:10:03.752608+00:00,138.6,200,ask,YieldingYams,WavyWalnuts,7544652
2026-07-04T22:10:04.333754,2026-07-04T22:10:04.338820+00:00,138.7,3,ask,AverageAlmonds,Xuanyu Liu,7544666
2026-07-04T22:10:04.500215,2026-07-04T22:10:04.512102+00:00,138.7,20,ask,AverageAlmonds,BrilliantBurritos,7544670
2026-07-04T22:10:04.952688,2026-07-04T22:10:04.958595+00:00,138.7,200,ask,AverageAlmonds,WavyWalnuts,7544673
2026-07-04T22:10:05.535214,2026-07-04T22:10:05.544909+00:00,138.8,500,bid,AverageAlmonds,YieldingYams,7544684
2026-07-04T22:10:06.159822,2026-07-04T22:10:06.169688+00:00,138.7,200,ask,AverageAlmonds,WavyWalnuts,7544692
2026-07-04T22:10:07.374020,2026-07-04T22:10:07.384997+00:00,138.9,200,ask,YieldingYams,WavyWalnuts,7544704
2026-07-04T22:10:08.583320,2026-07-04T22:10:08.592040+00:00,138.9,200,ask,YieldingYams,WavyWalnuts,7544719
2026-07-04T22:10:09.792999,2026-07-04T22:10:09.803169+00:00,138.8,200,ask,YieldingYams,WavyWalnuts,7544738
2026-07-04T22:10:10.547551,2026-07-04T22:10:10.551032+00:00,138.9,3,bid,Xuanyu Liu,YieldingYams,7544750
2026-07-04T22:10:11.589037,2026-07-04T22:10:11.598904+00:00,138.9,500,bid,AverageAlmonds,YieldingYams,7544762
2026-07-04T22:10:11.633004,2026-07-04T22:10:11.636593+00:00,138.9,25,bid,Yinxuan Li,YieldingYams,7544764
2026-07-04T22:10:12.188722,2026-07-04T22:10:12.196490+00:00,138.9,200,bid,AverageAlmonds,WavyWalnuts,7544776
2026-07-04T22:10:12.188722,2026-07-04T22:10:12.201452+00:00,139.0,300,bid,AverageAlmonds,YieldingYams,7544777
2026-07-04T22:10:12.789745,2026-07-04T22:10:12.797519+00:00,138.9,200,bid,AverageAlmonds,WavyWalnuts,7544785
2026-07-04T22:10:12.789745,2026-07-04T22:10:12.802552+00:00,139.0,300,bid,AverageAlmonds,YieldingYams,7544786
2026-07-04T22:10:13.415480,2026-07-04T22:10:13.418739+00:00,139.1,3,ask,AverageAlmonds,Xuanyu Liu,7544800
2026-07-04T22:10:13.429439,2026-07-04T22:10:13.439661+00:00,139.1,200,ask,AverageAlmonds,WavyWalnuts,7544801
2026-07-04T22:10:14.636824,2026-07-04T22:10:14.644252+00:00,139.0,200,ask,YieldingYams,WavyWalnuts,7544820
2026-07-04T22:10:15.860247,2026-07-04T22:10:15.863413+00:00,139.1,3,bid,Xuanyu Liu,WavyWalnuts,7544844
2026-07-04T22:10:16.647055,2026-07-04T22:10:16.658580+00:00,139.1,25,bid,Yinxuan Li,WavyWalnuts,7544862
2026-07-04T22:10:21.015484,2026-07-04T22:10:21.026134+00:00,139.0,500,ask,AverageAlmonds,YieldingYams,7544916
2026-07-04T22:10:21.655655,2026-07-04T22:10:21.658561+00:00,139.0,25,bid,Yinxuan Li,YieldingYams,7544928
2026-07-04T22:10:22.328604,2026-07-04T22:10:22.336909+00:00,139.1,200,bid,YieldingYams,WavyWalnuts,7544939
2026-07-04T22:10:24.136201,2026-07-04T22:10:24.148266+00:00,139.3,20,bid,BrilliantBurritos,WavyWalnuts,7544968
2026-07-04T22:10:26.711420,2026-07-04T22:10:26.719161+00:00,139.2,200,bid,AverageAlmonds,WavyWalnuts,7545007
2026-07-04T22:10:28.879646,2026-07-04T22:10:28.886011+00:00,139.4,200,bid,YieldingYams,WavyWalnuts,7545026
2026-07-04T22:10:29.171503,2026-07-04T22:10:29.179533+00:00,139.4,200,ask,YieldingYams,WavyWalnuts,7545033
2026-07-04T22:10:30.838910,2026-07-04T22:10:30.843206+00:00,139.4,34,bid,Xuanyu Liu,YieldingYams,7545054
2026-07-04T22:10:31.504913,2026-07-04T22:10:31.514583+00:00,139.3,200,ask,WavyWalnuts,YieldingYams,7545070
2026-07-04T22:10:31.520641,2026-07-04T22:10:31.524335+00:00,139.3,12,bid,Xuanyu Liu,YieldingYams,7545072
2026-07-04T22:10:32.162287,2026-07-04T22:10:32.169098+00:00,139.3,413,bid,AverageAlmonds,YieldingYams,7545081
2026-07-04T22:10:32.815187,2026-07-04T22:10:32.826634+00:00,139.4,200,bid,YieldingYams,WavyWalnuts,7545093
2026-07-04T22:10:34.002927,2026-07-04T22:10:34.010969+00:00,139.5,200,ask,YieldingYams,WavyWalnuts,7545109
2026-07-04T22:10:35.806049,2026-07-04T22:10:35.817123+00:00,139.5,200,bid,AverageAlmonds,WavyWalnuts,7545138
2026-07-04T22:10:36.407339,2026-07-04T22:10:36.415703+00:00,139.6,500,bid,AverageAlmonds,YieldingYams,7545155
2026-07-04T22:10:37.436052,2026-07-04T22:10:37.448020+00:00,139.6,20,ask,YieldingYams,BrilliantBurritos,7545166
2026-07-04T22:10:39.135648,2026-07-04T22:10:39.147447+00:00,139.7,20,bid,BrilliantBurritos,YieldingYams,7545192
2026-07-04T22:10:39.387543,2026-07-04T22:10:39.391184+00:00,139.6,11,bid,Xuanyu Liu,YieldingYams,7545198
2026-07-04T22:10:41.287269,2026-07-04T22:10:41.296838+00:00,139.6,200,bid,WavyWalnuts,YieldingYams,7545225
2026-07-04T22:10:44.917719,2026-07-04T22:10:44.928501+00:00,139.7,200,ask,YieldingYams,WavyWalnuts,7545279
2026-07-04T22:10:47.280278,2026-07-04T22:10:47.284321+00:00,139.8,11,bid,Xuanyu Liu,YieldingYams,7545322
2026-07-04T22:10:47.920167,2026-07-04T22:10:47.929703+00:00,139.8,500,bid,AverageAlmonds,YieldingYams,7545331
2026-07-04T22:10:48.582054,2026-07-04T22:10:48.589803+00:00,139.8,200,bid,YieldingYams,WavyWalnuts,7545338
2026-07-04T22:10:49.725207,2026-07-04T22:10:49.732371+00:00,140.0,500,bid,AverageAlmonds,YieldingYams,7545354
2026-07-04T22:10:49.896721,2026-07-04T22:10:49.904675+00:00,139.9,200,bid,YieldingYams,WavyWalnuts,7545361
2026-07-04T22:10:50.988986,2026-07-04T22:10:50.996360+00:00,140.1,200,ask,YieldingYams,WavyWalnuts,7545370
2026-07-04T22:10:55.147039,2026-07-04T22:10:55.158597+00:00,140.1,200,ask,WavyWalnuts,YieldingYams,7545435
2026-07-04T22:10:55.147039,2026-07-04T22:10:55.158597+00:00,140.0,425,ask,AverageAlmonds,YieldingYams,7545436
2026-07-04T22:10:56.455650,2026-07-04T22:10:56.472790+00:00,140.2,200,bid,YieldingYams,WavyWalnuts,7545457
2026-07-04T22:10:56.469316,2026-07-04T22:10:56.472790+00:00,140.2,22,ask,YieldingYams,Xuanyu Liu,7545459
2026-07-04T22:10:58.900969,2026-07-04T22:10:58.912623+00:00,140.0,20,ask,YieldingYams,BrilliantBurritos,7545485
2026-07-04T22:10:59.451445,2026-07-04T22:10:59.452684+00:00,140.1,200,bid,WavyWalnuts,YieldingYams,7545498
2026-07-04T22:11:00.404049,2026-07-04T22:11:00.407747+00:00,140.2,12,ask,YieldingYams,Xuanyu Liu,7545509
2026-07-04T22:11:03.086664,2026-07-04T22:11:03.095716+00:00,140.2,200,bid,WavyWalnuts,YieldingYams,7545545
2026-07-04T22:11:04.296406,2026-07-04T22:11:04.304312+00:00,140.2,200,bid,WavyWalnuts,YieldingYams,7545562
2026-07-04T22:11:06.428931,2026-07-04T22:11:06.440525+00:00,140.3,20,bid,BrilliantBurritos,YieldingYams,7545587
2026-07-04T22:11:06.715708,2026-07-04T22:11:06.724034+00:00,140.3,200,bid,WavyWalnuts,YieldingYams,7545591
2026-07-04T22:11:07.938130,2026-07-04T22:11:07.941641+00:00,140.3,11,ask,WavyWalnuts,Xuanyu Liu,7545606
2026-07-04T22:11:08.271749,2026-07-04T22:11:08.275141+00:00,140.3,189,ask,WavyWalnuts,YieldingYams,7545609
2026-07-04T22:11:10.775044,2026-07-04T22:11:10.786567+00:00,140.1,20,ask,AverageAlmonds,BrilliantBurritos,7545643
2026-07-04T22:11:10.902007,2026-07-04T22:11:10.913406+00:00,140.2,200,bid,AverageAlmonds,WavyWalnuts,7545648
2026-07-04T22:11:13.345886,2026-07-04T22:11:13.358588+00:00,140.2,500,bid,AverageAlmonds,YieldingYams,7545682
2026-07-04T22:11:13.940549,2026-07-04T22:11:13.949751+00:00,140.3,200,bid,AverageAlmonds,WavyWalnuts,7545693
2026-07-04T22:11:13.991071,2026-07-04T22:11:14.002565+00:00,140.3,200,ask,AverageAlmonds,WavyWalnuts,7545699
2026-07-04T22:11:14.051742,2026-07-04T22:11:14.058403+00:00,140.3,20,ask,AverageAlmonds,BrilliantBurritos,7545701
2026-07-04T22:11:15.180194,2026-07-04T22:11:15.183906+00:00,140.4,12,ask,YieldingYams,Xuanyu Liu,7545720
2026-07-04T22:11:18.794359,2026-07-04T22:11:18.797650+00:00,140.4,500,bid,AverageAlmonds,YieldingYams,7545758
2026-07-04T22:11:22.294664,2026-07-04T22:11:22.306698+00:00,140.5,20,bid,BrilliantBurritos,YieldingYams,7545814
2026-07-04T22:11:22.480996,2026-07-04T22:11:22.489933+00:00,140.5,200,bid,WavyWalnuts,YieldingYams,7545819
2026-07-04T22:11:24.667708,2026-07-04T22:11:24.671356+00:00,140.5,11,ask,YieldingYams,Xuanyu Liu,7545846
2026-07-04T22:11:26.121265,2026-07-04T22:11:26.132663+00:00,140.6,20,bid,BrilliantBurritos,YieldingYams,7545864
2026-07-04T22:11:27.271788,2026-07-04T22:11:27.280118+00:00,140.5,200,ask,YieldingYams,WavyWalnuts,7545881
2026-07-04T22:11:27.271788,2026-07-04T22:11:27.280118+00:00,140.5,300,ask,YieldingYams,AverageAlmonds,7545882
2026-07-04T22:11:27.316495,2026-07-04T22:11:27.326972+00:00,140.5,200,ask,WavyWalnuts,AverageAlmonds,7545883
2026-07-04T22:11:27.864233,2026-07-04T22:11:27.875175+00:00,140.5,125,ask,YieldingYams,AverageAlmonds,7545886
2026-07-04T22:11:27.884116,2026-07-04T22:11:27.887757+00:00,140.5,11,bid,Xuanyu Liu,AverageAlmonds,7545888
2026-07-04T22:11:28.031448,2026-07-04T22:11:28.041390+00:00,140.3,200,ask,WavyWalnuts,YieldingYams,7545896
2026-07-04T22:11:28.047903,2026-07-04T22:11:28.051698+00:00,140.3,23,bid,Xuanyu Liu,YieldingYams,7545898
2026-07-04T22:11:28.520670,2026-07-04T22:11:28.527518+00:00,140.3,200,bid,WavyWalnuts,YieldingYams,7545907
2026-07-04T22:11:29.355037,2026-07-04T22:11:29.358416+00:00,140.2,23,ask,YieldingYams,Xuanyu Liu,7545924
2026-07-04T22:11:30.655911,2026-07-04T22:11:30.663675+00:00,140.3,200,bid,YieldingYams,WavyWalnuts,7545946
2026-07-04T22:11:30.674558,2026-07-04T22:11:30.678230+00:00,140.3,1,ask,YieldingYams,Xuanyu Liu,7545951
2026-07-04T22:11:30.984861,2026-07-04T22:11:30.988537+00:00,140.3,10,ask,YieldingYams,Xuanyu Liu,7545954
2026-07-04T22:11:33.283049,2026-07-04T22:11:33.301268+00:00,140.4,500,bid,YieldingYams,AverageAlmonds,7545984
2026-07-04T22:11:33.297712,2026-07-04T22:11:33.301268+00:00,140.4,3,ask,YieldingYams,Xuanyu Liu,7545986
2026-07-04T22:11:33.313647,2026-07-04T22:11:33.322252+00:00,140.4,122,ask,YieldingYams,AverageAlmonds,7545987
2026-07-04T22:11:34.592762,2026-07-04T22:11:34.610801+00:00,140.1,200,bid,YieldingYams,WavyWalnuts,7546004
2026-07-04T22:11:35.662329,2026-07-04T22:11:35.668965+00:00,140.1,20,ask,YieldingYams,BrilliantBurritos,7546025
2026-07-04T22:11:36.997567,2026-07-04T22:11:37.007159+00:00,140.2,200,bid,WavyWalnuts,YieldingYams,7546036
2026-07-04T22:11:39.429523,2026-07-04T22:11:39.433503+00:00,140.2,3,ask,WavyWalnuts,Xuanyu Liu,7546067
2026-07-04T22:11:39.975524,2026-07-04T22:11:39.982170+00:00,140.2,197,ask,WavyWalnuts,AverageAlmonds,7546072
2026-07-04T22:11:39.975524,2026-07-04T22:11:39.987643+00:00,140.2,303,ask,YieldingYams,AverageAlmonds,7546073
2026-07-04T22:11:40.573433,2026-07-04T22:11:40.584726+00:00,140.2,322,ask,YieldingYams,AverageAlmonds,7546081
2026-07-04T22:11:41.150895,2026-07-04T22:11:41.201958+00:00,140.0,200,ask,WavyWalnuts,YieldingYams,7546088
2026-07-04T22:11:41.197936,2026-07-04T22:11:41.201958+00:00,139.9,3,bid,Xuanyu Liu,YieldingYams,7546092
2026-07-04T22:11:41.839822,2026-07-04T22:11:41.848972+00:00,139.9,200,bid,WavyWalnuts,YieldingYams,7546100
2026-07-04T22:11:42.105407,2026-07-04T22:11:42.113827+00:00,139.6,20,ask,YieldingYams,BrilliantBurritos,7546103
2026-07-04T22:11:43.652043,2026-07-04T22:11:43.655820+00:00,139.9,3,ask,YieldingYams,Xuanyu Liu,7546126
2026-07-04T22:11:44.275162,2026-07-04T22:11:44.284843+00:00,139.9,200,ask,YieldingYams,WavyWalnuts,7546136
2026-07-04T22:11:49.128716,2026-07-04T22:11:49.137028+00:00,139.9,200,bid,WavyWalnuts,YieldingYams,7546211
2026-07-04T22:11:50.348202,2026-07-04T22:11:50.353547+00:00,140.0,200,ask,YieldingYams,WavyWalnuts,7546233
2026-07-04T22:11:50.900403,2026-07-04T22:11:50.911659+00:00,140.0,20,ask,YieldingYams,BrilliantBurritos,7546243
2026-07-04T22:11:51.742859,2026-07-04T22:11:51.754574+00:00,140.1,25,ask,WavyWalnuts,Yinxuan Li,7546262
2026-07-04T22:11:56.349524,2026-07-04T22:11:56.357972+00:00,140.1,20,ask,WavyWalnuts,BrilliantBurritos,7546314
2026-07-04T22:11:56.759222,2026-07-04T22:11:56.771170+00:00,140.1,25,ask,YieldingYams,Yinxuan Li,7546318
2026-07-04T22:11:56.899917,2026-07-04T22:11:56.908899+00:00,140.1,200,ask,WavyWalnuts,YieldingYams,7546323
2026-07-04T22:12:02.274115,2026-07-04T22:12:02.285742+00:00,140.3,20,bid,BrilliantBurritos,WavyWalnuts,7546416
2026-07-04T22:12:02.649771,2026-07-04T22:12:02.653510+00:00,140.2,3,bid,Xuanyu Liu,WavyWalnuts,7546425
2026-07-04T22:12:08.494514,2026-07-04T22:12:08.506322+00:00,140.0,200,ask,YieldingYams,WavyWalnuts,7546520
2026-07-04T22:12:08.727862,2026-07-04T22:12:08.731274+00:00,139.9,3,bid,Xuanyu Liu,YieldingYams,7546526
2026-07-04T22:12:08.981640,2026-07-04T22:12:08.985650+00:00,139.7,3,ask,AverageAlmonds,Xuanyu Liu,7546533
2026-07-04T22:12:09.701678,2026-07-04T22:12:09.711043+00:00,139.9,200,bid,WavyWalnuts,YieldingYams,7546545
2026-07-04T22:12:11.345332,2026-07-04T22:12:11.349779+00:00,139.9,3,ask,YieldingYams,Yinxuan Li,7546579
2026-07-04T22:12:11.782756,2026-07-04T22:12:11.794518+00:00,139.9,3,ask,YieldingYams,Xuanyu Liu,7546591
2026-07-04T22:12:13.953020,2026-07-04T22:12:13.958622+00:00,139.9,500,ask,AverageAlmonds,YieldingYams,7546624
2026-07-04T22:12:14.493287,2026-07-04T22:12:14.500426+00:00,139.8,125,bid,AverageAlmonds,YieldingYams,7546626
2026-07-04T22:12:15.325020,2026-07-04T22:12:15.328625+00:00,139.8,11,ask,YieldingYams,Xuanyu Liu,7546635
2026-07-04T22:12:15.749098,2026-07-04T22:12:15.758489+00:00,139.8,200,ask,YieldingYams,WavyWalnuts,7546650
2026-07-04T22:12:16.568480,2026-07-04T22:12:16.579751+00:00,139.8,500,ask,AverageAlmonds,YieldingYams,7546670
2026-07-04T22:12:16.792843,2026-07-04T22:12:16.804705+00:00,139.6,25,ask,YieldingYams,Yinxuan Li,7546675
2026-07-04T22:12:16.902594,2026-07-04T22:12:16.911374+00:00,139.8,125,bid,AverageAlmonds,YieldingYams,7546677
2026-07-04T22:12:16.931846,2026-07-04T22:12:16.936413+00:00,139.9,12,ask,AverageAlmonds,Xuanyu Liu,7546680
2026-07-04T22:12:18.171465,2026-07-04T22:12:18.179884+00:00,139.9,200,ask,AverageAlmonds,WavyWalnuts,7546704
2026-07-04T22:12:19.882367,2026-07-04T22:12:19.894182+00:00,139.9,20,ask,AverageAlmonds,BrilliantBurritos,7546730
2026-07-04T22:12:20.498100,2026-07-04T22:12:20.506848+00:00,139.9,200,ask,YieldingYams,WavyWalnuts,7546741
2026-07-04T22:12:20.513547,2026-07-04T22:12:20.517139+00:00,139.9,12,bid,Xuanyu Liu,YieldingYams,7546743
2026-07-04T22:12:21.158739,2026-07-04T22:12:21.170225+00:00,139.9,413,bid,AverageAlmonds,YieldingYams,7546751
2026-07-04T22:12:21.805664,2026-07-04T22:12:21.812605+00:00,140.0,200,bid,YieldingYams,WavyWalnuts,7546760
2026-07-04T22:12:21.813085,2026-07-04T22:12:21.822974+00:00,140.0,25,ask,YieldingYams,Yinxuan Li,7546761
2026-07-04T22:12:21.832403,2026-07-04T22:12:21.843957+00:00,140.0,200,ask,YieldingYams,WavyWalnuts,7546763
2026-07-04T22:12:23.045109,2026-07-04T22:12:23.058552+00:00,140.0,200,ask,YieldingYams,WavyWalnuts,7546777
2026-07-04T22:12:23.561249,2026-07-04T22:12:23.568706+00:00,139.8,125,bid,AverageAlmonds,YieldingYams,7546786
2026-07-04T22:12:25.474210,2026-07-04T22:12:25.477468+00:00,139.9,12,ask,WavyWalnuts,Xuanyu Liu,7546818
2026-07-04T22:12:26.852779,2026-07-04T22:12:26.864157+00:00,139.9,25,ask,YieldingYams,Yinxuan Li,7546836
2026-07-04T22:12:31.458427,2026-07-04T22:12:31.469095+00:00,140.0,500,bid,AverageAlmonds,YieldingYams,7546913
2026-07-04T22:12:31.497002,2026-07-04T22:12:31.503673+00:00,140.0,125,bid,WavyWalnuts,YieldingYams,7546916
2026-07-04T22:12:31.862877,2026-07-04T22:12:31.874881+00:00,140.0,25,ask,WavyWalnuts,Yinxuan Li,7546919
2026-07-04T22:12:33.867062,2026-07-04T22:12:33.876789+00:00,140.2,500,bid,AverageAlmonds,YieldingYams,7546953
2026-07-04T22:12:33.929036,2026-07-04T22:12:33.936494+00:00,140.2,125,bid,WavyWalnuts,YieldingYams,7546955
2026-07-04T22:12:33.941779,2026-07-04T22:12:33.944965+00:00,140.3,23,ask,WavyWalnuts,Xuanyu Liu,7546957
2026-07-04T22:12:34.329653,2026-07-04T22:12:34.333700+00:00,140.5,35,bid,Xuanyu Liu,WavyWalnuts,7546964
2026-07-04T22:12:35.143816,2026-07-04T22:12:35.147724+00:00,140.3,200,ask,YieldingYams,WavyWalnuts,7546982
2026-07-04T22:12:36.350763,2026-07-04T22:12:36.353837+00:00,140.3,200,ask,YieldingYams,WavyWalnuts,7546993
2026-07-04T22:12:36.872793,2026-07-04T22:12:36.884584+00:00,140.3,25,ask,YieldingYams,Yinxuan Li,7546997
2026-07-04T22:12:40.162934,2026-07-04T22:12:40.173387+00:00,140.3,200,ask,WavyWalnuts,YieldingYams,7547046
2026-07-04T22:12:41.888090,2026-07-04T22:12:41.900045+00:00,140.1,22,ask,WavyWalnuts,Yinxuan Li,7547064
2026-07-04T22:12:42.398296,2026-07-04T22:12:42.409467+00:00,140.1,200,ask,AverageAlmonds,WavyWalnuts,7547067
2026-07-04T22:12:42.964743,2026-07-04T22:12:42.974262+00:00,140.2,500,bid,AverageAlmonds,YieldingYams,7547076
2026-07-04T22:12:44.090425,2026-07-04T22:12:44.097078+00:00,140.2,200,bid,YieldingYams,WavyWalnuts,7547092
2026-07-04T22:12:47.008775,2026-07-04T22:12:47.012642+00:00,140.4,4,bid,Xuanyu Liu,WavyWalnuts,7547140
2026-07-04T22:12:47.236669,2026-07-04T22:12:47.244765+00:00,140.2,200,ask,YieldingYams,WavyWalnuts,7547144
2026-07-04T22:12:48.205518,2026-07-04T22:12:48.217103+00:00,140.4,20,bid,BrilliantBurritos,YieldingYams,7547158
2026-07-04T22:12:53.276271,2026-07-04T22:12:53.279755+00:00,140.5,10,bid,Xuanyu Liu,WavyWalnuts,7547240
2026-07-04T22:12:55.093272,2026-07-04T22:12:55.103019+00:00,140.3,20,ask,YieldingYams,BrilliantBurritos,7547259
2026-07-04T22:12:55.722972,2026-07-04T22:12:55.729773+00:00,140.3,200,ask,YieldingYams,WavyWalnuts,7547268
2026-07-04T22:12:58.091143,2026-07-04T22:12:58.101516+00:00,140.2,500,bid,AverageAlmonds,YieldingYams,7547300
2026-07-04T22:12:58.140617,2026-07-04T22:12:58.151177+00:00,140.2,125,bid,WavyWalnuts,YieldingYams,7547301
2026-07-04T22:12:59.804888,2026-07-04T22:12:59.812491+00:00,140.4,200,bid,YieldingYams,WavyWalnuts,7547335
2026-07-04T22:13:00.568080,2026-07-04T22:13:00.575622+00:00,140.4,200,ask,YieldingYams,WavyWalnuts,7547355
2026-07-04T22:13:02.459329,2026-07-04T22:13:02.469097+00:00,140.3,500,ask,AverageAlmonds,YieldingYams,7547380
2026-07-04T22:13:02.930753,2026-07-04T22:13:02.940100+00:00,140.3,125,bid,AverageAlmonds,YieldingYams,7547391
2026-07-04T22:13:02.930753,2026-07-04T22:13:02.940100+00:00,140.4,200,bid,AverageAlmonds,WavyWalnuts,7547392
2026-07-04T22:13:05.402735,2026-07-04T22:13:05.411045+00:00,140.5,200,ask,AverageAlmonds,WavyWalnuts,7547440
2026-07-04T22:13:08.908412,2026-07-04T22:13:08.919916+00:00,140.7,20,bid,BrilliantBurritos,YieldingYams,7547478
2026-07-04T22:13:10.319160,2026-07-04T22:13:10.328943+00:00,140.6,200,bid,YieldingYams,WavyWalnuts,7547495
2026-07-04T22:13:11.460974,2026-07-04T22:13:11.469308+00:00,140.7,200,ask,YieldingYams,WavyWalnuts,7547513
2026-07-04T22:13:12.667021,2026-07-04T22:13:12.674417+00:00,140.8,200,bid,WavyWalnuts,YieldingYams,7547539
2026-07-04T22:13:13.713424,2026-07-04T22:13:13.725239+00:00,140.6,20,ask,YieldingYams,BrilliantBurritos,7547552
2026-07-04T22:13:13.876355,2026-07-04T22:13:13.889166+00:00,140.8,200,bid,WavyWalnuts,YieldingYams,7547554
2026-07-04T22:13:15.469868,2026-07-04T22:13:15.473659+00:00,140.8,26,ask,YieldingYams,Xuanyu Liu,7547584
2026-07-04T22:13:16.250015,2026-07-04T22:13:16.258580+00:00,140.8,500,ask,YieldingYams,AverageAlmonds,7547593
2026-07-04T22:13:16.298616,2026-07-04T22:13:16.306946+00:00,140.8,125,ask,YieldingYams,WavyWalnuts,7547596
2026-07-04T22:13:21.747841,2026-07-04T22:13:21.751587+00:00,140.6,23,bid,Xuanyu Liu,WavyWalnuts,7547684
2026-07-04T22:13:22.064214,2026-07-04T22:13:22.072816+00:00,140.6,20,bid,BrilliantBurritos,WavyWalnuts,7547686
2026-07-04T22:13:25.143686,2026-07-04T22:13:25.155151+00:00,140.7,20,bid,BrilliantBurritos,WavyWalnuts,7547732
2026-07-04T22:13:25.463515,2026-07-04T22:13:25.466697+00:00,140.7,3,bid,Xuanyu Liu,WavyWalnuts,7547737
2026-07-04T22:13:28.181525,2026-07-04T22:13:28.193528+00:00,140.5,20,ask,WavyWalnuts,BrilliantBurritos,7547784
2026-07-04T22:13:28.418689,2026-07-04T22:13:28.428821+00:00,140.6,200,bid,WavyWalnuts,YieldingYams,7547787
2026-07-04T22:13:31.327420,2026-07-04T22:13:31.336509+00:00,140.7,200,bid,YieldingYams,WavyWalnuts,7547830
2026-07-04T22:13:31.874565,2026-07-04T22:13:31.886433+00:00,140.7,45,ask,YieldingYams,Zihao Wu,7547843
2026-07-04T22:13:32.640873,2026-07-04T22:13:32.651802+00:00,140.6,200,ask,WavyWalnuts,YieldingYams,7547861
2026-07-04T22:13:35.695713,2026-07-04T22:13:35.705555+00:00,140.5,200,ask,YieldingYams,WavyWalnuts,7547896
2026-07-04T22:13:38.113259,2026-07-04T22:13:38.122707+00:00,140.4,200,ask,YieldingYams,WavyWalnuts,7547935
2026-07-04T22:13:39.220745,2026-07-04T22:13:39.224010+00:00,140.4,3,bid,Xuanyu Liu,YieldingYams,7547956
2026-07-04T22:13:41.821927,2026-07-04T22:13:41.830003+00:00,140.3,500,ask,AverageAlmonds,YieldingYams,7547990
2026-07-04T22:13:41.821927,2026-07-04T22:13:41.830003+00:00,140.3,125,ask,WavyWalnuts,YieldingYams,7547991
2026-07-04T22:13:41.999250,2026-07-04T22:13:42.011041+00:00,140.5,20,bid,BrilliantBurritos,WavyWalnuts,7547998
2026-07-04T22:13:42.949069,2026-07-04T22:13:42.956006+00:00,140.4,200,ask,AverageAlmonds,WavyWalnuts,7548012
2026-07-04T22:13:44.155662,2026-07-04T22:13:44.158585+00:00,140.4,200,ask,YieldingYams,WavyWalnuts,7548026
2026-07-04T22:13:44.716317,2026-07-04T22:13:44.723097+00:00,140.4,500,bid,AverageAlmonds,YieldingYams,7548040
2026-07-04T22:13:45.771431,2026-07-04T22:13:45.778712+00:00,140.4,200,bid,YieldingYams,WavyWalnuts,7548051
2026-07-04T22:13:46.569958,2026-07-04T22:13:46.579872+00:00,140.5,200,ask,YieldingYams,WavyWalnuts,7548068
2026-07-04T22:13:47.087261,2026-07-04T22:13:47.102207+00:00,140.5,500,ask,AverageAlmonds,YieldingYams,7548080
2026-07-04T22:13:47.098654,2026-07-04T22:13:47.102207+00:00,140.5,23,bid,Xuanyu Liu,YieldingYams,7548084
2026-07-04T22:13:47.112791,2026-07-04T22:13:47.116352+00:00,140.5,23,bid,Xuanyu Liu,YieldingYams,7548087
2026-07-04T22:13:47.121187,2026-07-04T22:13:47.131617+00:00,140.5,79,bid,AverageAlmonds,YieldingYams,7548088
2026-07-04T22:13:47.777185,2026-07-04T22:13:47.786937+00:00,140.5,200,ask,AverageAlmonds,WavyWalnuts,7548100
2026-07-04T22:13:48.994838,2026-07-04T22:13:49.001660+00:00,140.7,200,ask,YieldingYams,WavyWalnuts,7548129
2026-07-04T22:13:50.207215,2026-07-04T22:13:50.215204+00:00,140.6,200,ask,YieldingYams,WavyWalnuts,7548151
2026-07-04T22:13:51.394198,2026-07-04T22:13:51.398097+00:00,140.7,12,ask,AverageAlmonds,Xuanyu Liu,7548177
2026-07-04T22:13:51.425892,2026-07-04T22:13:51.434298+00:00,140.7,200,ask,AverageAlmonds,WavyWalnuts,7548180
2026-07-04T22:13:51.899330,2026-07-04T22:13:51.910898+00:00,140.8,45,bid,Zihao Wu,YieldingYams,7548182
2026-07-04T22:13:51.995406,2026-07-04T22:13:52.005711+00:00,140.8,25,bid,Yinxuan Li,YieldingYams,7548187
2026-07-04T22:13:53.639997,2026-07-04T22:13:53.648130+00:00,140.7,500,ask,AverageAlmonds,YieldingYams,7548213
2026-07-04T22:13:53.847383,2026-07-04T22:13:53.858594+00:00,140.7,125,bid,WavyWalnuts,YieldingYams,7548215
2026-07-04T22:13:56.158028,2026-07-04T22:13:56.169491+00:00,140.7,20,ask,YieldingYams,BrilliantBurritos,7548245
2026-07-04T22:13:56.258799,2026-07-04T22:13:56.269266+00:00,140.8,200,bid,YieldingYams,WavyWalnuts,7548249
2026-07-04T22:13:57.495101,2026-07-04T22:13:57.505633+00:00,140.8,200,ask,YieldingYams,WavyWalnuts,7548270
2026-07-04T22:13:58.704921,2026-07-04T22:13:58.716302+00:00,140.7,200,bid,WavyWalnuts,YieldingYams,7548283
2026-07-04T22:13:59.211741,2026-07-04T22:13:59.223482+00:00,140.4,20,ask,AverageAlmonds,BrilliantBurritos,7548289
2026-07-04T22:13:59.917011,2026-07-04T22:13:59.926933+00:00,140.7,200,bid,WavyWalnuts,YieldingYams,7548298
2026-07-04T22:14:01.524172,2026-07-04T22:14:01.527934+00:00,140.6,11,ask,YieldingYams,Xuanyu Liu,7548325
2026-07-04T22:14:01.787949,2026-07-04T22:14:01.797300+00:00,140.6,20,ask,YieldingYams,BrilliantBurritos,7548332
2026-07-04T22:14:02.839163,2026-07-04T22:14:02.842786+00:00,140.7,12,ask,YieldingYams,Xuanyu Liu,7548340
2026-07-04T22:14:03.551871,2026-07-04T22:14:03.558240+00:00,140.7,200,ask,YieldingYams,WavyWalnuts,7548358
2026-07-04T22:14:04.109334,2026-07-04T22:14:04.118221+00:00,140.9,20,bid,BrilliantBurritos,YieldingYams,7548366
2026-07-04T22:14:04.765019,2026-07-04T22:14:04.775087+00:00,140.6,200,ask,YieldingYams,WavyWalnuts,7548373
2026-07-04T22:14:06.758960,2026-07-04T22:14:06.769249+00:00,140.6,200,bid,YieldingYams,WavyWalnuts,7548409
2026-07-04T22:14:07.181113,2026-07-04T22:14:07.191344+00:00,140.7,200,ask,YieldingYams,WavyWalnuts,7548413
2026-07-04T22:14:09.236905,2026-07-04T22:14:09.241281+00:00,140.5,11,ask,YieldingYams,Xuanyu Liu,7548436
2026-07-04T22:14:09.414606,2026-07-04T22:14:09.425358+00:00,140.5,20,ask,WavyWalnuts,BrilliantBurritos,7548442
2026-07-04T22:14:09.617456,2026-07-04T22:14:09.621728+00:00,140.7,3,ask,WavyWalnuts,Xuanyu Liu,7548445
2026-07-04T22:14:10.824281,2026-07-04T22:14:10.832617+00:00,140.6,20,ask,YieldingYams,BrilliantBurritos,7548465
2026-07-04T22:14:13.322961,2026-07-04T22:14:13.343699+00:00,140.7,200,ask,WavyWalnuts,YieldingYams,7548493
2026-07-04T22:14:13.340042,2026-07-04T22:14:13.343699+00:00,140.7,3,bid,Xuanyu Liu,YieldingYams,7548495
2026-07-04T22:14:13.570395,2026-07-04T22:14:13.581867+00:00,140.7,20,bid,BrilliantBurritos,YieldingYams,7548497
2026-07-04T22:14:15.649749,2026-07-04T22:14:15.656986+00:00,140.7,200,bid,WavyWalnuts,YieldingYams,7548522
2026-07-04T22:14:20.958534,2026-07-04T22:14:20.970111+00:00,140.5,20,ask,YieldingYams,BrilliantBurritos,7548582
2026-07-04T22:14:21.208227,2026-07-04T22:14:21.212253+00:00,140.6,3,ask,YieldingYams,Xuanyu Liu,7548588
2026-07-04T22:14:23.817391,2026-07-04T22:14:23.827145+00:00,140.7,200,bid,YieldingYams,WavyWalnuts,7548620
2026-07-04T22:14:24.135494,2026-07-04T22:14:24.146216+00:00,140.9,200,ask,YieldingYams,WavyWalnuts,7548625
2026-07-04T22:14:26.720331,2026-07-04T22:14:26.731765+00:00,140.8,20,bid,BrilliantBurritos,YieldingYams,7548659
2026-07-04T22:14:32.037895,2026-07-04T22:14:32.058637+00:00,140.8,25,ask,WavyWalnuts,Yinxuan Li,7548731
2026-07-04T22:14:32.999081,2026-07-04T22:14:33.011563+00:00,140.8,200,ask,WavyWalnuts,YieldingYams,7548747
2026-07-04T22:14:34.441360,2026-07-04T22:14:34.448483+00:00,140.8,20,bid,BrilliantBurritos,WavyWalnuts,7548769
2026-07-04T22:14:35.022755,2026-07-04T22:14:35.030033+00:00,140.7,200,ask,YieldingYams,WavyWalnuts,7548773
2026-07-04T22:14:35.418380,2026-07-04T22:14:35.428016+00:00,140.7,20,ask,YieldingYams,BrilliantBurritos,7548782
2026-07-04T22:14:37.439496,2026-07-04T22:14:37.447514+00:00,140.8,200,bid,WavyWalnuts,YieldingYams,7548817
2026-07-04T22:14:37.719049,2026-07-04T22:14:37.722633+00:00,140.6,37,ask,YieldingYams,Xuanyu Liu,7548823
2026-07-04T22:14:38.650607,2026-07-04T22:14:38.658584+00:00,140.8,200,bid,WavyWalnuts,YieldingYams,7548838
2026-07-04T22:14:39.731593,2026-07-04T22:14:39.748352+00:00,140.8,20,bid,BrilliantBurritos,YieldingYams,7548849
2026-07-04T22:14:44.796903,2026-07-04T22:14:44.807572+00:00,140.7,200,ask,WavyWalnuts,YieldingYams,7548914
2026-07-04T22:14:47.127378,2026-07-04T22:14:47.138482+00:00,140.7,200,bid,WavyWalnuts,YieldingYams,7548939
2026-07-04T22:14:52.660162,2026-07-04T22:14:52.671193+00:00,140.8,200,bid,YieldingYams,WavyWalnuts,7549011
2026-07-04T22:14:53.180185,2026-07-04T22:14:53.191254+00:00,140.8,200,ask,YieldingYams,WavyWalnuts,7549015
2026-07-04T22:14:53.740953,2026-07-04T22:14:53.750570+00:00,140.8,225,ask,YieldingYams,AverageAlmonds,7549021
2026-07-04T22:14:54.387778,2026-07-04T22:14:54.397133+00:00,140.6,200,bid,WavyWalnuts,YieldingYams,7549037
2026-07-04T22:14:57.359038,2026-07-04T22:14:57.370619+00:00,140.6,20,bid,BrilliantBurritos,WavyWalnuts,7549087
2026-07-04T22:14:59.592640,2026-07-04T22:14:59.600678+00:00,140.4,20,ask,YieldingYams,BrilliantBurritos,7549120
2026-07-04T22:15:02.872483,2026-07-04T22:15:02.880667+00:00,140.6,200,bid,WavyWalnuts,YieldingYams,7549162
2026-07-04T22:15:05.298281,2026-07-04T22:15:05.309923+00:00,140.6,200,ask,YieldingYams,WavyWalnuts,7549203
2026-07-04T22:15:06.207661,2026-07-04T22:15:06.211653+00:00,140.8,34,bid,Xuanyu Liu,YieldingYams,7549220
2026-07-04T22:15:07.088189,2026-07-04T22:15:07.099083+00:00,140.7,200,bid,YieldingYams,WavyWalnuts,7549227
2026-07-04T22:15:07.718570,2026-07-04T22:15:07.729066+00:00,140.7,200,ask,YieldingYams,WavyWalnuts,7549235
2026-07-04T22:15:11.028051,2026-07-04T22:15:11.038283+00:00,140.4,200,ask,WavyWalnuts,YieldingYams,7549279
2026-07-04T22:15:13.156843,2026-07-04T22:15:13.160727+00:00,140.3,11,ask,YieldingYams,Xuanyu Liu,7549319
2026-07-04T22:15:13.664123,2026-07-04T22:15:13.667647+00:00,140.4,12,ask,YieldingYams,Xuanyu Liu,7549325
2026-07-04T22:15:13.753459,2026-07-04T22:15:13.763075+00:00,140.4,200,ask,YieldingYams,WavyWalnuts,7549327
2026-07-04T22:15:14.986075,2026-07-04T22:15:14.990016+00:00,140.5,11,ask,YieldingYams,Xuanyu Liu,7549342
2026-07-04T22:15:18.554494,2026-07-04T22:15:18.563928+00:00,140.5,500,ask,YieldingYams,AverageAlmonds,7549380
2026-07-04T22:15:18.907330,2026-07-04T22:15:18.926895+00:00,140.6,200,ask,WavyWalnuts,YieldingYams,7549385
2026-07-04T22:15:18.922881,2026-07-04T22:15:18.926895+00:00,140.4,34,bid,Xuanyu Liu,YieldingYams,7549387
2026-07-04T22:15:19.817579,2026-07-04T22:15:19.824681+00:00,140.4,200,bid,WavyWalnuts,YieldingYams,7549400
2026-07-04T22:15:22.019871,2026-07-04T22:15:22.023670+00:00,140.3,34,ask,WavyWalnuts,Xuanyu Liu,7549438
2026-07-04T22:15:22.855773,2026-07-04T22:15:22.859816+00:00,140.4,12,ask,YieldingYams,Xuanyu Liu,7549448
2026-07-04T22:15:23.441306,2026-07-04T22:15:23.448371+00:00,140.4,200,ask,YieldingYams,WavyWalnuts,7549455
2026-07-04T22:15:25.873034,2026-07-04T22:15:25.879355+00:00,140.4,200,ask,YieldingYams,WavyWalnuts,7549493
2026-07-04T22:15:26.275703,2026-07-04T22:15:26.287632+00:00,140.6,20,bid,BrilliantBurritos,YieldingYams,7549498
2026-07-04T22:15:27.083247,2026-07-04T22:15:27.091491+00:00,140.4,200,ask,YieldingYams,WavyWalnuts,7549516
2026-07-04T22:15:28.285696,2026-07-04T22:15:28.289556+00:00,140.6,12,bid,Xuanyu Liu,YieldingYams,7549531
2026-07-04T22:15:29.425219,2026-07-04T22:15:29.428697+00:00,140.5,11,bid,Xuanyu Liu,YieldingYams,7549552
2026-07-04T22:15:29.523867,2026-07-04T22:15:29.527502+00:00,140.4,12,bid,Xuanyu Liu,WavyWalnuts,7549557
2026-07-04T22:15:33.144202,2026-07-04T22:15:33.153343+00:00,140.4,200,bid,WavyWalnuts,YieldingYams,7549610
2026-07-04T22:15:34.196742,2026-07-04T22:15:34.208670+00:00,140.3,20,ask,YieldingYams,BrilliantBurritos,7549631
2026-07-04T22:15:35.272012,2026-07-04T22:15:35.275533+00:00,140.4,23,ask,YieldingYams,Xuanyu Liu,7549642
2026-07-04T22:15:37.324982,2026-07-04T22:15:37.333946+00:00,140.3,200,ask,WavyWalnuts,AverageAlmonds,7549669
2026-07-04T22:15:37.324982,2026-07-04T22:15:37.333946+00:00,140.3,300,ask,YieldingYams,AverageAlmonds,7549670
2026-07-04T22:15:37.799357,2026-07-04T22:15:37.807157+00:00,140.3,20,ask,YieldingYams,BrilliantBurritos,7549675
2026-07-04T22:15:37.947977,2026-07-04T22:15:37.956286+00:00,140.3,305,ask,YieldingYams,AverageAlmonds,7549678
2026-07-04T22:15:37.975198,2026-07-04T22:15:37.985004+00:00,140.3,195,bid,WavyWalnuts,AverageAlmonds,7549679
2026-07-04T22:15:38.547129,2026-07-04T22:15:38.564317+00:00,140.4,5,ask,WavyWalnuts,AverageAlmonds,7549691
2026-07-04T22:15:38.625329,2026-07-04T22:15:38.629004+00:00,140.2,11,bid,Xuanyu Liu,YieldingYams,7549695
2026-07-04T22:15:39.182696,2026-07-04T22:15:39.194195+00:00,140.2,200,bid,WavyWalnuts,YieldingYams,7549706
2026-07-04T22:15:40.391918,2026-07-04T22:15:40.400641+00:00,140.2,200,bid,WavyWalnuts,YieldingYams,7549727
2026-07-04T22:15:41.627587,2026-07-04T22:15:41.633408+00:00,140.2,23,ask,WavyWalnuts,Xuanyu Liu,7549749
2026-07-04T22:15:42.174966,2026-07-04T22:15:42.184820+00:00,140.3,20,bid,BrilliantBurritos,YieldingYams,7549756
2026-07-04T22:15:42.543392,2026-07-04T22:15:42.558590+00:00,140.2,177,ask,WavyWalnuts,YieldingYams,7549763
2026-07-04T22:15:44.015131,2026-07-04T22:15:44.023194+00:00,140.2,200,bid,WavyWalnuts,AverageAlmonds,7549794
2026-07-04T22:15:45.166435,2026-07-04T22:15:45.176583+00:00,140.2,500,bid,YieldingYams,AverageAlmonds,7549810
2026-07-04T22:15:45.202712,2026-07-04T22:15:45.213707+00:00,140.3,125,ask,YieldingYams,AverageAlmonds,7549813
2026-07-04T22:15:45.222430,2026-07-04T22:15:45.229197+00:00,140.1,200,bid,WavyWalnuts,AverageAlmonds,7549814
2026-07-04T22:15:45.854362,2026-07-04T22:15:45.863677+00:00,139.4,20,ask,AverageAlmonds,BrilliantBurritos,7549824
2026-07-04T22:15:49.446000,2026-07-04T22:15:49.449564+00:00,139.9,12,bid,Xuanyu Liu,AverageAlmonds,7549880
2026-07-04T22:15:51.502516,2026-07-04T22:15:51.514121+00:00,139.7,20,ask,YieldingYams,BrilliantBurritos,7549915
2026-07-04T22:15:53.400495,2026-07-04T22:15:53.412042+00:00,139.8,20,bid,BrilliantBurritos,YieldingYams,7549952
2026-07-04T22:15:54.374633,2026-07-04T22:15:54.378490+00:00,139.7,11,bid,Xuanyu Liu,YieldingYams,7549964
2026-07-04T22:15:54.583271,2026-07-04T22:15:54.594644+00:00,139.7,20,bid,BrilliantBurritos,YieldingYams,7549974
2026-07-04T22:15:56.984817,2026-07-04T22:15:56.992914+00:00,139.7,200,ask,WavyWalnuts,YieldingYams,7550004
2026-07-04T22:15:57.557956,2026-07-04T22:15:57.569760+00:00,139.7,20,bid,BrilliantBurritos,YieldingYams,7550016
2026-07-04T22:15:58.312897,2026-07-04T22:15:58.316608+00:00,139.6,12,bid,Xuanyu Liu,YieldingYams,7550028
2026-07-04T22:16:03.688614,2026-07-04T22:16:03.692117+00:00,139.8,11,bid,Xuanyu Liu,WavyWalnuts,7550105
2026-07-04T22:16:06.124085,2026-07-04T22:16:06.135568+00:00,139.8,20,ask,YieldingYams,BrilliantBurritos,7550144
2026-07-04T22:16:07.725832,2026-07-04T22:16:07.734880+00:00,139.9,20,bid,BrilliantBurritos,WavyWalnuts,7550171
2026-07-04T22:16:08.287177,2026-07-04T22:16:08.291367+00:00,139.8,3,bid,Xuanyu Liu,WavyWalnuts,7550184
2026-07-04T22:16:11.905041,2026-07-04T22:16:11.915377+00:00,139.7,200,ask,YieldingYams,WavyWalnuts,7550236
2026-07-04T22:16:12.821239,2026-07-04T22:16:12.828325+00:00,139.6,20,ask,YieldingYams,BrilliantBurritos,7550249
2026-07-04T22:16:14.040828,2026-07-04T22:16:14.048027+00:00,139.7,200,bid,YieldingYams,WavyWalnuts,7550266
2026-07-04T22:16:15.439122,2026-07-04T22:16:15.446431+00:00,139.8,20,bid,BrilliantBurritos,WavyWalnuts,7550296
2026-07-04T22:16:16.093606,2026-07-04T22:16:16.105588+00:00,139.7,500,ask,YieldingYams,AverageAlmonds,7550304
2026-07-04T22:16:16.670226,2026-07-04T22:16:16.681904+00:00,139.7,200,ask,WavyWalnuts,YieldingYams,7550309
2026-07-04T22:16:17.997123,2026-07-04T22:16:18.005246+00:00,139.5,20,ask,YieldingYams,BrilliantBurritos,7550336
2026-07-04T22:16:18.505930,2026-07-04T22:16:18.516431+00:00,139.5,500,ask,YieldingYams,AverageAlmonds,7550341
2026-07-04T22:16:19.098384,2026-07-04T22:16:19.108733+00:00,139.5,105,ask,YieldingYams,AverageAlmonds,7550355
2026-07-04T22:16:19.710906,2026-07-04T22:16:19.722477+00:00,139.4,200,ask,WavyWalnuts,AverageAlmonds,7550361
2026-07-04T22:16:23.226228,2026-07-04T22:16:23.237438+00:00,139.3,200,ask,WavyWalnuts,YieldingYams,7550400
2026-07-04T22:16:25.852059,2026-07-04T22:16:25.858579+00:00,139.1,200,ask,WavyWalnuts,YieldingYams,7550429
2026-07-04T22:16:27.633586,2026-07-04T22:16:27.641964+00:00,138.9,200,ask,YieldingYams,WavyWalnuts,7550462
2026-07-04T22:16:30.697919,2026-07-04T22:16:30.709845+00:00,138.9,20,ask,YieldingYams,BrilliantBurritos,7550509
2026-07-04T22:16:32.427969,2026-07-04T22:16:32.431661+00:00,139.1,3,ask,YieldingYams,Xuanyu Liu,7550532
2026-07-04T22:16:34.259427,2026-07-04T22:16:34.269464+00:00,139.1,500,ask,YieldingYams,AverageAlmonds,7550554
2026-07-04T22:16:34.855081,2026-07-04T22:16:34.862159+00:00,139.1,125,ask,YieldingYams,AverageAlmonds,7550565
2026-07-04T22:16:34.901078,2026-07-04T22:16:34.909805+00:00,139.1,200,bid,WavyWalnuts,AverageAlmonds,7550571
2026-07-04T22:16:37.339795,2026-07-04T22:16:37.349377+00:00,139.0,200,bid,WavyWalnuts,AverageAlmonds,7550610
2026-07-04T22:16:37.953016,2026-07-04T22:16:37.956751+00:00,138.7,11,ask,YieldingYams,Xuanyu Liu,7550619
2026-07-04T22:16:38.550325,2026-07-04T22:16:38.556490+00:00,139.0,200,bid,WavyWalnuts,YieldingYams,7550628
2026-07-04T22:16:38.990558,2026-07-04T22:16:38.994180+00:00,138.8,12,ask,YieldingYams,Xuanyu Liu,7550638
2026-07-04T22:16:39.775317,2026-07-04T22:16:39.779049+00:00,138.9,11,ask,WavyWalnuts,Xuanyu Liu,7550649
2026-07-04T22:16:43.392811,2026-07-04T22:16:43.401837+00:00,139.2,200,bid,WavyWalnuts,YieldingYams,7550691
2026-07-04T22:16:45.817389,2026-07-04T22:16:45.828008+00:00,139.0,200,bid,WavyWalnuts,YieldingYams,7550724
2026-07-04T22:16:48.192511,2026-07-04T22:16:48.200500+00:00,138.9,200,ask,WavyWalnuts,YieldingYams,7550756
2026-07-04T22:16:49.504735,2026-07-04T22:16:49.514243+00:00,138.9,200,bid,YieldingYams,WavyWalnuts,7550768
2026-07-04T22:16:49.871224,2026-07-04T22:16:49.883356+00:00,139.2,20,bid,BrilliantBurritos,YieldingYams,7550770
2026-07-04T22:16:50.635290,2026-07-04T22:16:50.639361+00:00,139.2,11,bid,Xuanyu Liu,YieldingYams,7550783
2026-07-04T22:16:50.664973,2026-07-04T22:16:50.673202+00:00,138.9,200,ask,YieldingYams,WavyWalnuts,7550786
2026-07-04T22:16:50.837403,2026-07-04T22:16:50.840999+00:00,139.0,23,bid,Xuanyu Liu,YieldingYams,7550790
2026-07-04T22:16:54.296616,2026-07-04T22:16:54.304481+00:00,138.9,200,bid,WavyWalnuts,YieldingYams,7550838
2026-07-04T22:16:56.079878,2026-07-04T22:16:56.090960+00:00,138.7,200,ask,WavyWalnuts,YieldingYams,7550863
2026-07-04T22:16:56.712754,2026-07-04T22:16:56.719675+00:00,138.7,200,bid,WavyWalnuts,YieldingYams,7550877
2026-07-04T22:17:00.088773,2026-07-04T22:17:00.092384+00:00,138.6,11,ask,WavyWalnuts,Xuanyu Liu,7550929
2026-07-04T22:17:02.638291,2026-07-04T22:17:02.648941+00:00,138.6,200,bid,YieldingYams,WavyWalnuts,7550959
2026-07-04T22:17:05.196922,2026-07-04T22:17:05.204683+00:00,138.7,200,bid,WavyWalnuts,YieldingYams,7551008
2026-07-04T22:17:09.032036,2026-07-04T22:17:09.042988+00:00,138.9,20,bid,BrilliantBurritos,WavyWalnuts,7551067
2026-07-04T22:17:10.537198,2026-07-04T22:17:10.547889+00:00,139.0,200,bid,YieldingYams,WavyWalnuts,7551082
2026-07-04T22:17:15.409006,2026-07-04T22:17:15.417688+00:00,139.1,20,bid,BrilliantBurritos,WavyWalnuts,7551160
2026-07-04T22:17:15.792811,2026-07-04T22:17:15.802142+00:00,139.1,180,bid,YieldingYams,WavyWalnuts,7551171
2026-07-04T22:17:15.927484,2026-07-04T22:17:15.931083+00:00,139.1,35,ask,YieldingYams,Xuanyu Liu,7551179
2026-07-04T22:17:16.081047,2026-07-04T22:17:16.089249+00:00,139.1,200,ask,YieldingYams,WavyWalnuts,7551185
2026-07-04T22:17:19.062415,2026-07-04T22:17:19.065823+00:00,139.3,12,bid,Xuanyu Liu,WavyWalnuts,7551233
2026-07-04T22:17:19.741828,2026-07-04T22:17:19.753271+00:00,139.3,200,ask,WavyWalnuts,YieldingYams,7551241
2026-07-04T22:17:21.418690,2026-07-04T22:17:21.430545+00:00,139.3,20,bid,BrilliantBurritos,WavyWalnuts,7551265
2026-07-04T22:17:23.740362,2026-07-04T22:17:23.752031+00:00,139.2,20,ask,WavyWalnuts,BrilliantBurritos,7551292
2026-07-04T22:17:24.530319,2026-07-04T22:17:24.537181+00:00,139.3,200,bid,WavyWalnuts,YieldingYams,7551296
2026-07-04T22:17:25.010545,2026-07-04T22:17:25.014258+00:00,139.2,11,bid,Xuanyu Liu,YieldingYams,7551303
2026-07-04T22:17:25.738630,2026-07-04T22:17:25.747945+00:00,139.2,200,bid,WavyWalnuts,YieldingYams,7551320
2026-07-04T22:17:28.580564,2026-07-04T22:17:28.583799+00:00,139.5,23,bid,Xuanyu Liu,YieldingYams,7551356
2026-07-04T22:17:28.763505,2026-07-04T22:17:28.766737+00:00,139.4,3,bid,Xuanyu Liu,AverageAlmonds,7551363
2026-07-04T22:17:29.960404,2026-07-04T22:17:29.969028+00:00,139.3,200,ask,WavyWalnuts,AverageAlmonds,7551382
2026-07-04T22:17:30.278814,2026-07-04T22:17:30.288691+00:00,139.3,300,bid,YieldingYams,AverageAlmonds,7551393
2026-07-04T22:17:30.554017,2026-07-04T22:17:30.558608+00:00,139.3,325,ask,YieldingYams,AverageAlmonds,7551398
2026-07-04T22:17:30.598651,2026-07-04T22:17:30.609714+00:00,139.2,175,bid,WavyWalnuts,AverageAlmonds,7551400
2026-07-04T22:17:31.592132,2026-07-04T22:17:31.607978+00:00,139.2,25,ask,WavyWalnuts,YieldingYams,7551412
2026-07-04T22:17:31.823193,2026-07-04T22:17:31.827707+00:00,139.1,14,ask,WavyWalnuts,Xuanyu Liu,7551423
2026-07-04T22:17:32.900407,2026-07-04T22:17:32.911000+00:00,139.1,186,ask,WavyWalnuts,YieldingYams,7551438
2026-07-04T22:17:33.022621,2026-07-04T22:17:33.031721+00:00,139.0,200,bid,WavyWalnuts,YieldingYams,7551441
2026-07-04T22:17:34.220988,2026-07-04T22:17:34.231525+00:00,139.1,500,bid,YieldingYams,AverageAlmonds,7551457
2026-07-04T22:17:34.808851,2026-07-04T22:17:34.815594+00:00,139.1,125,ask,YieldingYams,AverageAlmonds,7551474
2026-07-04T22:17:34.808851,2026-07-04T22:17:34.820836+00:00,139.1,200,ask,WavyWalnuts,AverageAlmonds,7551475
2026-07-04T22:17:37.224378,2026-07-04T22:17:37.234628+00:00,139.0,500,ask,YieldingYams,AverageAlmonds,7551500
2026-07-04T22:17:37.820670,2026-07-04T22:17:37.831924+00:00,139.0,125,ask,YieldingYams,AverageAlmonds,7551505
2026-07-04T22:17:37.820670,2026-07-04T22:17:37.831924+00:00,138.9,200,ask,WavyWalnuts,AverageAlmonds,7551506
2026-07-04T22:17:40.274332,2026-07-04T22:17:40.284847+00:00,139.0,20,bid,BrilliantBurritos,YieldingYams,7551531
2026-07-04T22:17:40.300241,2026-07-04T22:17:40.309010+00:00,138.8,200,ask,YieldingYams,WavyWalnuts,7551532
2026-07-04T22:17:41.520479,2026-07-04T22:17:41.525082+00:00,138.7,11,bid,Xuanyu Liu,WavyWalnuts,7551550
2026-07-04T22:17:42.721687,2026-07-04T22:17:42.728341+00:00,138.6,200,ask,YieldingYams,WavyWalnuts,7551565
2026-07-04T22:17:47.335846,2026-07-04T22:17:47.346591+00:00,138.5,200,bid,YieldingYams,WavyWalnuts,7551641
2026-07-04T22:17:47.503276,2026-07-04T22:17:47.506871+00:00,138.7,3,bid,Xuanyu Liu,AverageAlmonds,7551644
2026-07-04T22:17:49.436313,2026-07-04T22:17:49.447975+00:00,138.5,20,ask,YieldingYams,BrilliantBurritos,7551673
2026-07-04T22:17:50.545646,2026-07-04T22:17:50.557151+00:00,138.5,500,ask,YieldingYams,AverageAlmonds,7551681
2026-07-04T22:17:53.883173,2026-07-04T22:17:53.894568+00:00,138.5,200,ask,WavyWalnuts,YieldingYams,7551718
2026-07-04T22:17:55.191154,2026-07-04T22:17:55.201137+00:00,138.6,200,bid,YieldingYams,WavyWalnuts,7551737
2026-07-04T22:17:57.854877,2026-07-04T22:17:57.880406+00:00,138.6,200,ask,WavyWalnuts,YieldingYams,7551780
2026-07-04T22:17:57.876702,2026-07-04T22:17:57.880406+00:00,138.6,3,bid,Xuanyu Liu,YieldingYams,7551784
2026-07-04T22:17:58.457222,2026-07-04T22:17:58.458632+00:00,138.6,200,bid,WavyWalnuts,YieldingYams,7551790
2026-07-04T22:17:59.667026,2026-07-04T22:17:59.675445+00:00,138.5,200,ask,YieldingYams,WavyWalnuts,7551804
2026-07-04T22:18:00.499343,2026-07-04T22:18:00.502853+00:00,138.6,11,bid,Xuanyu Liu,YieldingYams,7551820
2026-07-04T22:18:00.896428,2026-07-04T22:18:00.900314+00:00,138.4,23,bid,Xuanyu Liu,WavyWalnuts,7551828
2026-07-04T22:18:01.783299,2026-07-04T22:18:01.799142+00:00,138.4,177,bid,YieldingYams,WavyWalnuts,7551834
2026-07-04T22:18:01.795118,2026-07-04T22:18:01.799142+00:00,138.6,11,ask,YieldingYams,Xuanyu Liu,7551836
2026-07-04T22:18:02.201589,2026-07-04T22:18:02.213048+00:00,138.7,20,bid,BrilliantBurritos,WavyWalnuts,7551844
2026-07-04T22:18:02.264052,2026-07-04T22:18:02.273618+00:00,138.7,25,bid,Yinxuan Li,WavyWalnuts,7551846
2026-07-04T22:18:07.279019,2026-07-04T22:18:07.290112+00:00,138.7,25,bid,Yinxuan Li,WavyWalnuts,7551936
2026-07-04T22:18:08.140383,2026-07-04T22:18:08.150813+00:00,138.6,200,ask,YieldingYams,WavyWalnuts,7551946
2026-07-04T22:18:09.371728,2026-07-04T22:18:09.379377+00:00,138.7,200,ask,YieldingYams,WavyWalnuts,7551960
2026-07-04T22:18:09.740408,2026-07-04T22:18:09.752067+00:00,138.7,20,bid,BrilliantBurritos,YieldingYams,7551967
2026-07-04T22:18:12.292996,2026-07-04T22:18:12.295093+00:00,138.8,25,bid,Yinxuan Li,YieldingYams,7552001
2026-07-04T22:18:12.319214,2026-07-04T22:18:12.322658+00:00,138.7,200,ask,WavyWalnuts,YieldingYams,7552002
2026-07-04T22:18:12.851053,2026-07-04T22:18:12.854731+00:00,138.5,12,ask,YieldingYams,Xuanyu Liu,7552013
2026-07-04T22:18:13.012906,2026-07-04T22:18:13.016543+00:00,138.6,11,ask,WavyWalnuts,Xuanyu Liu,7552017
2026-07-04T22:18:14.201109,2026-07-04T22:18:14.208759+00:00,138.7,200,bid,WavyWalnuts,AverageAlmonds,7552040
2026-07-04T22:18:14.944649,2026-07-04T22:18:14.952301+00:00,138.7,500,bid,YieldingYams,AverageAlmonds,7552051
2026-07-04T22:18:14.965500,2026-07-04T22:18:14.969239+00:00,138.7,3,ask,YieldingYams,Xuanyu Liu,7552054
2026-07-04T22:18:15.388612,2026-07-04T22:18:15.396651+00:00,138.7,122,ask,YieldingYams,AverageAlmonds,7552056
2026-07-04T22:18:15.408583,2026-07-04T22:18:15.417904+00:00,138.7,200,bid,WavyWalnuts,AverageAlmonds,7552057
2026-07-04T22:18:16.626125,2026-07-04T22:18:16.634691+00:00,138.5,200,bid,WavyWalnuts,YieldingYams,7552071
2026-07-04T22:18:20.289801,2026-07-04T22:18:20.293493+00:00,138.6,3,bid,Xuanyu Liu,WavyWalnuts,7552117
2026-07-04T22:18:21.905061,2026-07-04T22:18:21.913751+00:00,138.7,20,bid,BrilliantBurritos,WavyWalnuts,7552134
2026-07-04T22:18:23.021217,2026-07-04T22:18:23.025298+00:00,138.7,11,bid,Xuanyu Liu,YieldingYams,7552154
2026-07-04T22:18:25.091444,2026-07-04T22:18:25.102637+00:00,138.7,200,bid,WavyWalnuts,YieldingYams,7552183
2026-07-04T22:18:26.755078,2026-07-04T22:18:26.757589+00:00,138.6,200,ask,WavyWalnuts,YieldingYams,7552205
2026-07-04T22:18:27.311767,2026-07-04T22:18:27.319841+00:00,138.6,25,bid,Yinxuan Li,YieldingYams,7552214
2026-07-04T22:18:28.063311,2026-07-04T22:18:28.070731+00:00,138.6,200,bid,YieldingYams,WavyWalnuts,7552228
2026-07-04T22:18:29.393587,2026-07-04T22:18:29.397481+00:00,138.8,12,bid,Xuanyu Liu,YieldingYams,7552250
2026-07-04T22:18:35.023614,2026-07-04T22:18:35.027736+00:00,138.5,23,ask,AverageAlmonds,Xuanyu Liu,7552333
2026-07-04T22:18:35.938050,2026-07-04T22:18:35.955825+00:00,138.5,500,ask,AverageAlmonds,YieldingYams,7552351
2026-07-04T22:18:39.458503,2026-07-04T22:18:39.466303+00:00,138.4,20,ask,YieldingYams,BrilliantBurritos,7552400
2026-07-04T22:18:39.638456,2026-07-04T22:18:39.645539+00:00,138.4,200,ask,YieldingYams,WavyWalnuts,7552407
2026-07-04T22:18:44.472789,2026-07-04T22:18:44.481459+00:00,138.5,200,bid,WavyWalnuts,YieldingYams,7552467
2026-07-04T22:18:48.132728,2026-07-04T22:18:48.136386+00:00,138.4,3,ask,WavyWalnuts,Xuanyu Liu,7552516
2026-07-04T22:18:50.496048,2026-07-04T22:18:50.502893+00:00,138.6,500,ask,YieldingYams,AverageAlmonds,7552556
2026-07-04T22:18:51.689442,2026-07-04T22:18:51.708437+00:00,138.5,200,ask,WavyWalnuts,YieldingYams,7552578
2026-07-04T22:18:51.704692,2026-07-04T22:18:51.708437+00:00,138.4,14,bid,Xuanyu Liu,YieldingYams,7552580
2026-07-04T22:18:52.368428,2026-07-04T22:18:52.379476+00:00,138.4,25,bid,Yinxuan Li,YieldingYams,7552591
2026-07-04T22:18:52.960104,2026-07-04T22:18:52.970143+00:00,138.4,200,bid,WavyWalnuts,YieldingYams,7552598
2026-07-04T22:18:54.012469,2026-07-04T22:18:54.016977+00:00,138.4,11,ask,YieldingYams,Xuanyu Liu,7552611
2026-07-04T22:18:54.182992,2026-07-04T22:18:54.186403+00:00,138.5,3,ask,WavyWalnuts,Xuanyu Liu,7552615
2026-07-04T22:18:54.307962,2026-07-04T22:18:54.317606+00:00,138.5,197,ask,WavyWalnuts,YieldingYams,7552617
2026-07-04T22:18:55.991563,2026-07-04T22:18:56.001095+00:00,138.5,20,bid,BrilliantBurritos,WavyWalnuts,7552642
2026-07-04T22:19:03.877481,2026-07-04T22:19:03.887970+00:00,138.5,200,bid,WavyWalnuts,YieldingYams,7552734
2026-07-04T22:19:06.296194,2026-07-04T22:19:06.306770+00:00,138.5,200,bid,WavyWalnuts,YieldingYams,7552761
2026-07-04T22:19:10.055881,2026-07-04T22:19:10.054619+00:00,138.4,200,ask,WavyWalnuts,YieldingYams,7552796
2026-07-04T22:19:11.130870,2026-07-04T22:19:11.141226+00:00,138.3,200,bid,WavyWalnuts,YieldingYams,7552809
2026-07-04T22:19:11.371251,2026-07-04T22:19:11.380933+00:00,138.5,200,bid,YieldingYams,WavyWalnuts,7552815
2026-07-04T22:19:12.681902,2026-07-04T22:19:12.691224+00:00,138.4,200,ask,WavyWalnuts,YieldingYams,7552833
2026-07-04T22:19:13.990627,2026-07-04T22:19:14.000153+00:00,138.4,200,bid,YieldingYams,WavyWalnuts,7552848
2026-07-04T22:19:14.455832,2026-07-04T22:19:14.464020+00:00,138.7,20,bid,BrilliantBurritos,YieldingYams,7552859
2026-07-04T22:19:14.757718,2026-07-04T22:19:14.768963+00:00,138.5,200,ask,YieldingYams,WavyWalnuts,7552865
2026-07-04T22:19:16.644054,2026-07-04T22:19:16.650616+00:00,138.5,200,bid,YieldingYams,WavyWalnuts,7552891
2026-07-04T22:19:17.195176,2026-07-04T22:19:17.205547+00:00,138.6,200,ask,YieldingYams,WavyWalnuts,7552901
2026-07-04T22:19:17.398072,2026-07-04T22:19:17.410175+00:00,138.6,25,ask,YieldingYams,Yinxuan Li,7552903
2026-07-04T22:19:19.262812,2026-07-04T22:19:19.270776+00:00,138.6,200,bid,YieldingYams,WavyWalnuts,7552928
2026-07-04T22:19:21.884123,2026-07-04T22:19:21.894628+00:00,138.7,500,bid,YieldingYams,AverageAlmonds,7552954
2026-07-04T22:19:21.999678,2026-07-04T22:19:22.010876+00:00,138.7,125,ask,YieldingYams,AverageAlmonds,7552957
2026-07-04T22:19:23.240378,2026-07-04T22:19:23.248895+00:00,138.6,200,bid,WavyWalnuts,AverageAlmonds,7552977
2026-07-04T22:19:24.526558,2026-07-04T22:19:24.534222+00:00,138.4,200,ask,WavyWalnuts,YieldingYams,7553005
2026-07-04T22:19:25.704372,2026-07-04T22:19:25.709734+00:00,138.3,3,ask,WavyWalnuts,Xuanyu Liu,7553023
2026-07-04T22:19:26.173785,2026-07-04T22:19:26.180543+00:00,138.3,20,ask,WavyWalnuts,BrilliantBurritos,7553033
2026-07-04T22:19:26.607852,2026-07-04T22:19:26.618243+00:00,138.5,20,bid,BrilliantBurritos,WavyWalnuts,7553039
2026-07-04T22:19:26.881473,2026-07-04T22:19:26.884946+00:00,138.5,23,ask,WavyWalnuts,Xuanyu Liu,7553046
2026-07-04T22:19:27.439059,2026-07-04T22:19:27.473977+00:00,138.5,25,ask,WavyWalnuts,Yinxuan Li,7553051
2026-07-04T22:19:29.293957,2026-07-04T22:19:29.297431+00:00,138.6,12,bid,Xuanyu Liu,AverageAlmonds,7553074
2026-07-04T22:19:29.789377,2026-07-04T22:19:29.798263+00:00,138.6,20,bid,BrilliantBurritos,AverageAlmonds,7553078
2026-07-04T22:19:29.912397,2026-07-04T22:19:29.916569+00:00,138.5,11,bid,Xuanyu Liu,AverageAlmonds,7553085
2026-07-04T22:19:30.484966,2026-07-04T22:19:30.511965+00:00,138.4,200,ask,WavyWalnuts,AverageAlmonds,7553093
2026-07-04T22:19:30.508087,2026-07-04T22:19:30.511965+00:00,138.4,3,bid,Xuanyu Liu,AverageAlmonds,7553097
2026-07-04T22:19:31.293580,2026-07-04T22:19:31.305467+00:00,138.3,20,ask,WavyWalnuts,BrilliantBurritos,7553110
2026-07-04T22:19:32.418922,2026-07-04T22:19:32.426119+00:00,138.3,200,ask,WavyWalnuts,YieldingYams,7553126
2026-07-04T22:19:32.905463,2026-07-04T22:19:32.917032+00:00,138.2,20,bid,BrilliantBurritos,YieldingYams,7553133
2026-07-04T22:19:32.938299,2026-07-04T22:19:32.944928+00:00,138.2,200,bid,WavyWalnuts,YieldingYams,7553135
2026-07-04T22:19:36.357254,2026-07-04T22:19:36.363820+00:00,138.3,20,ask,WavyWalnuts,BrilliantBurritos,7553189
2026-07-04T22:19:40.217544,2026-07-04T22:19:40.225996+00:00,138.3,200,ask,YieldingYams,WavyWalnuts,7553246
2026-07-04T22:19:42.637782,2026-07-04T22:19:42.648882+00:00,138.3,200,ask,YieldingYams,WavyWalnuts,7553284
2026-07-04T22:19:43.848186,2026-07-04T22:19:43.858598+00:00,138.3,200,ask,YieldingYams,WavyWalnuts,7553302
2026-07-04T22:19:44.664714,2026-07-04T22:19:44.669010+00:00,138.4,3,bid,Xuanyu Liu,YieldingYams,7553314
2026-07-04T22:19:45.026137,2026-07-04T22:19:45.030219+00:00,138.3,11,bid,Xuanyu Liu,AverageAlmonds,7553319
2026-07-04T22:19:48.185968,2026-07-04T22:19:48.190036+00:00,138.1,11,ask,YieldingYams,Xuanyu Liu,7553363
2026-07-04T22:19:49.486288,2026-07-04T22:19:49.495011+00:00,138.2,200,ask,WavyWalnuts,YieldingYams,7553381
2026-07-04T22:19:52.320647,2026-07-04T22:19:52.327186+00:00,138.1,200,bid,WavyWalnuts,YieldingYams,7553420
2026-07-04T22:19:52.477190,2026-07-04T22:19:52.484392+00:00,138.1,25,bid,Yinxuan Li,YieldingYams,7553425
2026-07-04T22:19:55.312217,2026-07-04T22:19:55.322461+00:00,138.1,500,ask,YieldingYams,AverageAlmonds,7553460
2026-07-04T22:19:56.053569,2026-07-04T22:19:56.057902+00:00,138.1,200,ask,WavyWalnuts,YieldingYams,7553467
2026-07-04T22:19:57.167854,2026-07-04T22:19:57.177896+00:00,138.0,200,bid,WavyWalnuts,YieldingYams,7553481
2026-07-04T22:19:58.392359,2026-07-04T22:19:58.397020+00:00,138.0,3,ask,WavyWalnuts,Xuanyu Liu,7553496
2026-07-04T22:19:58.679422,2026-07-04T22:19:58.690507+00:00,138.0,197,ask,WavyWalnuts,YieldingYams,7553500
2026-07-04T22:19:59.586149,2026-07-04T22:19:59.595097+00:00,138.0,200,bid,WavyWalnuts,YieldingYams,7553510
2026-07-04T22:20:00.159915,2026-07-04T22:20:00.170008+00:00,138.0,500,ask,YieldingYams,AverageAlmonds,7553519
2026-07-04T22:20:00.412804,2026-07-04T22:20:00.420467+00:00,138.2,20,bid,BrilliantBurritos,YieldingYams,7553523
2026-07-04T22:20:02.011346,2026-07-04T22:20:02.021920+00:00,137.9,200,ask,YieldingYams,WavyWalnuts,7553537
2026-07-04T22:20:09.334058,2026-07-04T22:20:09.345721+00:00,137.5,20,ask,YieldingYams,BrilliantBurritos,7553641
2026-07-04T22:20:10.592077,2026-07-04T22:20:10.598760+00:00,137.6,20,bid,BrilliantBurritos,WavyWalnuts,7553675
2026-07-04T22:20:13.123973,2026-07-04T22:20:13.127587+00:00,137.6,3,bid,Xuanyu Liu,YieldingYams,7553721
2026-07-04T22:20:13.710471,2026-07-04T22:20:13.722328+00:00,137.6,20,bid,BrilliantBurritos,YieldingYams,7553727
2026-07-04T22:20:14.123036,2026-07-04T22:20:14.130055+00:00,137.6,200,bid,WavyWalnuts,YieldingYams,7553737
2026-07-04T22:20:14.449479,2026-07-04T22:20:14.468675+00:00,137.6,20,bid,BrilliantBurritos,YieldingYams,7553746
2026-07-04T22:20:16.544216,2026-07-04T22:20:16.550800+00:00,137.6,200,bid,WavyWalnuts,YieldingYams,7553776
2026-07-04T22:20:19.520268,2026-07-04T22:20:19.523882+00:00,137.8,46,bid,Xuanyu Liu,YieldingYams,7553814
2026-07-04T22:20:21.026381,2026-07-04T22:20:21.035270+00:00,137.7,20,ask,WavyWalnuts,BrilliantBurritos,7553834
2026-07-04T22:20:22.514212,2026-07-04T22:20:22.520848+00:00,137.8,25,bid,Yinxuan Li,YieldingYams,7553853
2026-07-04T22:20:23.624249,2026-07-04T22:20:23.628801+00:00,137.8,12,ask,YieldingYams,Xuanyu Liu,7553870
2026-07-04T22:20:23.814673,2026-07-04T22:20:23.825749+00:00,137.8,200,ask,YieldingYams,WavyWalnuts,7553873
2026-07-04T22:20:27.527826,2026-07-04T22:20:27.534407+00:00,137.9,25,bid,Yinxuan Li,YieldingYams,7553928
2026-07-04T22:20:27.552516,2026-07-04T22:20:27.560542+00:00,137.7,200,ask,WavyWalnuts,YieldingYams,7553929
