timestamp,recv_time,price,volume,aggressor_side,buyer,seller,trade_id
2026-07-14T21:00:02.941546,2026-07-14T21:00:02.946228+00:00,70.2,200,bid,YieldingYams,WavyWalnuts,3716010
2026-07-14T21:00:03.893859,2026-07-14T21:00:03.900406+00:00,70.3,20,bid,BrilliantBurritos,WavyWalnuts,3716027
2026-07-14T21:00:07.198853,2026-07-14T21:00:07.203592+00:00,70.3,200,bid,WavyWalnuts,YieldingYams,3716082
2026-07-14T21:00:09.173177,2026-07-14T21:00:09.180679+00:00,70.4,20,bid,BrilliantBurritos,YieldingYams,3716113
2026-07-14T21:00:09.504712,2026-07-14T21:00:09.507532+00:00,70.3,200,ask,WavyWalnuts,YieldingYams,3716117
2026-07-14T21:00:11.635231,2026-07-14T21:00:11.640948+00:00,70.2,20,ask,YieldingYams,BrilliantBurritos,3716153
2026-07-14T21:00:14.454399,2026-07-14T21:00:14.463105+00:00,70.3,200,bid,WavyWalnuts,YieldingYams,3716187
2026-07-14T21:00:15.297393,2026-07-14T21:00:15.301018+00:00,70.3,20,ask,YieldingYams,BrilliantBurritos,3716199
2026-07-14T21:00:15.663475,2026-07-14T21:00:15.665650+00:00,70.3,200,ask,YieldingYams,WavyWalnuts,3716202
2026-07-14T21:00:16.869422,2026-07-14T21:00:16.874989+00:00,70.4,200,bid,WavyWalnuts,YieldingYams,3716218
2026-07-14T21:00:18.076981,2026-07-14T21:00:18.089361+00:00,70.4,200,bid,WavyWalnuts,YieldingYams,3716239
2026-07-14T21:00:20.031849,2026-07-14T21:00:20.037279+00:00,70.5,200,bid,YieldingYams,WavyWalnuts,3716263
2026-07-14T21:00:20.031849,2026-07-14T21:00:20.037279+00:00,70.5,61,bid,YieldingYams,Sze-Yong Ng,3716264
2026-07-14T21:00:20.031849,2026-07-14T21:00:20.037279+00:00,70.6,364,bid,YieldingYams,AverageAlmonds,3716265
2026-07-14T21:00:20.330477,2026-07-14T21:00:20.336447+00:00,70.3,20,ask,WavyWalnuts,BrilliantBurritos,3716271
2026-07-14T21:00:21.697945,2026-07-14T21:00:21.703004+00:00,70.5,20,bid,BrilliantBurritos,WavyWalnuts,3716291
2026-07-14T21:00:22.922638,2026-07-14T21:00:22.932171+00:00,70.5,200,bid,WavyWalnuts,YieldingYams,3716312
2026-07-14T21:00:23.093496,2026-07-14T21:00:23.103824+00:00,70.3,25,ask,YieldingYams,Johan Shajee,3716321
2026-07-14T21:00:23.304837,2026-07-14T21:00:23.310420+00:00,70.3,25,ask,YieldingYams,Johan Shajee,3716329
2026-07-14T21:00:23.517169,2026-07-14T21:00:23.528474+00:00,70.3,25,ask,YieldingYams,Johan Shajee,3716332
2026-07-14T21:00:23.521037,2026-07-14T21:00:23.528474+00:00,70.3,25,ask,YieldingYams,Dinh Nguyen,3716333
2026-07-14T21:00:23.529352,2026-07-14T21:00:23.539263+00:00,70.5,2,bid,Johan Shajee,YieldingYams,3716335
2026-07-14T21:00:23.735228,2026-07-14T21:00:23.741557+00:00,70.5,2,bid,Johan Shajee,YieldingYams,3716340
2026-07-14T21:00:23.940957,2026-07-14T21:00:23.950559+00:00,70.5,2,bid,Johan Shajee,YieldingYams,3716346
2026-07-14T21:00:24.045594,2026-07-14T21:00:24.052576+00:00,70.5,2,bid,Dinh Nguyen,Sze-Yong Ng,3716348
2026-07-14T21:00:24.132385,2026-07-14T21:00:24.138411+00:00,70.5,36,bid,WavyWalnuts,Sze-Yong Ng,3716352
2026-07-14T21:00:24.145833,2026-07-14T21:00:24.149233+00:00,70.6,2,bid,Johan Shajee,YieldingYams,3716353
2026-07-14T21:00:24.351498,2026-07-14T21:00:24.363214+00:00,70.6,2,bid,Johan Shajee,YieldingYams,3716354
2026-07-14T21:00:24.557973,2026-07-14T21:00:24.566325+00:00,70.6,2,bid,Johan Shajee,YieldingYams,3716359
2026-07-14T21:00:24.764014,2026-07-14T21:00:24.770186+00:00,70.6,2,bid,Johan Shajee,YieldingYams,3716363
2026-07-14T21:00:24.968975,2026-07-14T21:00:24.973082+00:00,70.6,2,bid,Johan Shajee,YieldingYams,3716365
2026-07-14T21:00:25.175705,2026-07-14T21:00:25.187096+00:00,70.6,2,bid,Johan Shajee,YieldingYams,3716369
2026-07-14T21:00:25.270941,2026-07-14T21:00:25.273379+00:00,70.5,164,ask,WavyWalnuts,YieldingYams,3716373
2026-07-14T21:00:25.286476,2026-07-14T21:00:25.295125+00:00,70.5,2,bid,Dinh Nguyen,YieldingYams,3716375
2026-07-14T21:00:25.380327,2026-07-14T21:00:25.392143+00:00,70.5,2,bid,Johan Shajee,YieldingYams,3716378
2026-07-14T21:00:26.554977,2026-07-14T21:00:26.567163+00:00,70.5,2,bid,Dinh Nguyen,YieldingYams,3716389
2026-07-14T21:00:26.581674,2026-07-14T21:00:26.588622+00:00,70.5,200,bid,YieldingYams,WavyWalnuts,3716390
2026-07-14T21:00:28.035345,2026-07-14T21:00:28.038304+00:00,70.7,20,bid,BrilliantBurritos,AverageAlmonds,3716420
2026-07-14T21:00:29.003582,2026-07-14T21:00:29.016039+00:00,70.6,2,bid,Dinh Nguyen,AverageAlmonds,3716434
2026-07-14T21:00:29.202735,2026-07-14T21:00:29.209499+00:00,70.6,498,bid,YieldingYams,AverageAlmonds,3716437
2026-07-14T21:00:29.395411,2026-07-14T21:00:29.404477+00:00,70.6,25,ask,YieldingYams,Johan Shajee,3716441
2026-07-14T21:00:29.552238,2026-07-14T21:00:29.555542+00:00,70.6,102,ask,YieldingYams,AverageAlmonds,3716445
2026-07-14T21:00:30.199952,2026-07-14T21:00:30.207486+00:00,70.6,200,bid,WavyWalnuts,AverageAlmonds,3716458
2026-07-14T21:00:31.497559,2026-07-14T21:00:31.508391+00:00,70.5,2,bid,Dinh Nguyen,YieldingYams,3716480
2026-07-14T21:00:32.719563,2026-07-14T21:00:32.729948+00:00,70.5,2,bid,Dinh Nguyen,AverageAlmonds,3716496
2026-07-14T21:00:33.949591,2026-07-14T21:00:33.956090+00:00,70.5,2,bid,Dinh Nguyen,AverageAlmonds,3716513
2026-07-14T21:00:34.440852,2026-07-14T21:00:34.467294+00:00,70.5,500,bid,YieldingYams,AverageAlmonds,3716523
2026-07-14T21:00:34.478399,2026-07-14T21:00:34.486807+00:00,70.6,20,bid,BrilliantBurritos,WavyWalnuts,3716527
2026-07-14T21:00:35.001003,2026-07-14T21:00:35.009446+00:00,70.5,125,ask,YieldingYams,AverageAlmonds,3716534
2026-07-14T21:00:35.202212,2026-07-14T21:00:35.213552+00:00,70.5,2,bid,Dinh Nguyen,AverageAlmonds,3716535
2026-07-14T21:00:35.755257,2026-07-14T21:00:35.769107+00:00,70.3,200,ask,WavyWalnuts,YieldingYams,3716542
2026-07-14T21:00:36.398422,2026-07-14T21:00:36.404621+00:00,70.3,20,bid,BrilliantBurritos,YieldingYams,3716552
2026-07-14T21:00:37.458487,2026-07-14T21:00:37.464945+00:00,70.3,200,bid,WavyWalnuts,YieldingYams,3716571
2026-07-14T21:00:38.420812,2026-07-14T21:00:38.429949+00:00,70.3,25,ask,YieldingYams,Johan Shajee,3716585
2026-07-14T21:00:38.654444,2026-07-14T21:00:38.664528+00:00,70.3,25,ask,YieldingYams,Johan Shajee,3716591
2026-07-14T21:00:38.861631,2026-07-14T21:00:38.866760+00:00,70.4,20,bid,BrilliantBurritos,WavyWalnuts,3716597
2026-07-14T21:00:38.870521,2026-07-14T21:00:38.877430+00:00,70.3,25,ask,YieldingYams,Johan Shajee,3716598
2026-07-14T21:00:38.917853,2026-07-14T21:00:38.920139+00:00,70.3,25,ask,YieldingYams,Dinh Nguyen,3716603
2026-07-14T21:00:39.084356,2026-07-14T21:00:39.091901+00:00,70.3,25,ask,YieldingYams,Johan Shajee,3716608
2026-07-14T21:00:39.306825,2026-07-14T21:00:39.316776+00:00,70.3,20,ask,YieldingYams,Johan Shajee,3716614
2026-07-14T21:00:39.933967,2026-07-14T21:00:39.936734+00:00,70.4,2,bid,Johan Shajee,Sze-Yong Ng,3716628
2026-07-14T21:00:40.141055,2026-07-14T21:00:40.149765+00:00,70.4,2,bid,Johan Shajee,Sze-Yong Ng,3716629
2026-07-14T21:00:40.348483,2026-07-14T21:00:40.350966+00:00,70.4,2,bid,Johan Shajee,Sze-Yong Ng,3716630
2026-07-14T21:00:40.554719,2026-07-14T21:00:40.565478+00:00,70.4,2,bid,Johan Shajee,Sze-Yong Ng,3716636
2026-07-14T21:00:40.759814,2026-07-14T21:00:40.768143+00:00,70.4,2,bid,Johan Shajee,Sze-Yong Ng,3716642
2026-07-14T21:00:40.966341,2026-07-14T21:00:40.971186+00:00,70.4,2,bid,Johan Shajee,Sze-Yong Ng,3716647
2026-07-14T21:00:42.349964,2026-07-14T21:00:42.355057+00:00,70.2,20,bid,BrilliantBurritos,WavyWalnuts,3716666
2026-07-14T21:00:43.523177,2026-07-14T21:00:43.528152+00:00,70.2,200,bid,WavyWalnuts,YieldingYams,3716684
2026-07-14T21:00:43.528047,2026-07-14T21:00:43.539052+00:00,70.1,20,ask,AverageAlmonds,BrilliantBurritos,3716685
2026-07-14T21:00:44.098847,2026-07-14T21:00:44.106797+00:00,70.2,11,bid,AverageAlmonds,Sze-Yong Ng,3716691
2026-07-14T21:00:44.740754,2026-07-14T21:00:44.744400+00:00,70.2,200,ask,AverageAlmonds,WavyWalnuts,3716709
2026-07-14T21:00:44.941028,2026-07-14T21:00:44.943702+00:00,70.2,300,ask,AverageAlmonds,YieldingYams,3716711
2026-07-14T21:00:45.179843,2026-07-14T21:00:45.189860+00:00,70.1,12,ask,WavyWalnuts,Johan Shajee,3716712
2026-07-14T21:00:45.296474,2026-07-14T21:00:45.322579+00:00,70.2,325,bid,AverageAlmonds,YieldingYams,3716715
2026-07-14T21:00:45.643098,2026-07-14T21:00:45.653208+00:00,70.3,25,ask,AverageAlmonds,Dinh Nguyen,3716723
2026-07-14T21:00:46.258044,2026-07-14T21:00:46.272769+00:00,70.4,200,bid,YieldingYams,WavyWalnuts,3716735
2026-07-14T21:00:46.258044,2026-07-14T21:00:46.272769+00:00,70.4,13,bid,YieldingYams,Sze-Yong Ng,3716736
2026-07-14T21:00:47.180159,2026-07-14T21:00:47.185722+00:00,70.4,25,ask,YieldingYams,Dinh Nguyen,3716745
2026-07-14T21:00:47.572551,2026-07-14T21:00:47.584661+00:00,70.4,200,ask,WavyWalnuts,YieldingYams,3716756
2026-07-14T21:00:48.362591,2026-07-14T21:00:48.366619+00:00,70.4,200,bid,WavyWalnuts,YieldingYams,3716769
2026-07-14T21:00:48.880587,2026-07-14T21:00:48.892422+00:00,70.4,8,bid,YieldingYams,Sze-Yong Ng,3716777
2026-07-14T21:00:50.392258,2026-07-14T21:00:50.402639+00:00,70.5,20,bid,BrilliantBurritos,WavyWalnuts,3716792
2026-07-14T21:00:50.633111,2026-07-14T21:00:50.638247+00:00,70.4,25,ask,YieldingYams,Dinh Nguyen,3716794
2026-07-14T21:00:51.296665,2026-07-14T21:00:51.302235+00:00,70.5,20,bid,BrilliantBurritos,AverageAlmonds,3716801
2026-07-14T21:00:51.524500,2026-07-14T21:00:51.528217+00:00,70.5,200,bid,YieldingYams,WavyWalnuts,3716807
2026-07-14T21:00:51.987830,2026-07-14T21:00:51.989739+00:00,70.6,200,bid,WavyWalnuts,YieldingYams,3716813
2026-07-14T21:00:52.836103,2026-07-14T21:00:52.846860+00:00,70.6,500,bid,YieldingYams,AverageAlmonds,3716822
2026-07-14T21:00:53.163325,2026-07-14T21:00:53.175485+00:00,70.6,125,ask,YieldingYams,AverageAlmonds,3716826
2026-07-14T21:00:53.194871,2026-07-14T21:00:53.197328+00:00,70.5,200,bid,WavyWalnuts,AverageAlmonds,3716829
2026-07-14T21:00:54.613692,2026-07-14T21:00:54.621271+00:00,70.4,25,bid,Johan Shajee,WavyWalnuts,3716848
2026-07-14T21:00:54.823398,2026-07-14T21:00:54.827946+00:00,70.4,25,bid,Johan Shajee,WavyWalnuts,3716855
2026-07-14T21:00:54.828132,2026-07-14T21:00:54.839088+00:00,70.3,2,ask,YieldingYams,Johan Shajee,3716856
2026-07-14T21:00:55.039139,2026-07-14T21:00:55.045996+00:00,70.3,2,ask,YieldingYams,Johan Shajee,3716863
2026-07-14T21:00:55.213092,2026-07-14T21:00:55.270316+00:00,70.4,25,bid,Dinh Nguyen,WavyWalnuts,3716864
2026-07-14T21:00:55.245808,2026-07-14T21:00:55.270316+00:00,70.3,2,ask,Sze-Yong Ng,Dinh Nguyen,3716865
2026-07-14T21:00:55.450943,2026-07-14T21:00:55.477383+00:00,70.3,2,ask,YieldingYams,Johan Shajee,3716867
2026-07-14T21:00:55.470334,2026-07-14T21:00:55.477383+00:00,70.3,2,ask,YieldingYams,Johan Shajee,3716868
2026-07-14T21:00:55.656323,2026-07-14T21:00:55.761245+00:00,70.4,2,ask,WavyWalnuts,Johan Shajee,3716873
2026-07-14T21:00:55.862080,2026-07-14T21:00:55.870319+00:00,70.4,2,ask,WavyWalnuts,Johan Shajee,3716878
2026-07-14T21:00:56.067657,2026-07-14T21:00:56.074685+00:00,70.4,2,ask,WavyWalnuts,Dinh Nguyen,3716879
2026-07-14T21:00:56.273674,2026-07-14T21:00:56.279921+00:00,70.4,2,ask,WavyWalnuts,Johan Shajee,3716884
2026-07-14T21:00:56.478847,2026-07-14T21:00:56.483749+00:00,70.4,2,ask,WavyWalnuts,Johan Shajee,3716886
2026-07-14T21:00:56.684011,2026-07-14T21:00:56.689657+00:00,70.4,1,ask,WavyWalnuts,Johan Shajee,3716892
2026-07-14T21:00:56.709096,2026-07-14T21:00:56.711611+00:00,70.4,2,ask,WavyWalnuts,Johan Shajee,3716893
2026-07-14T21:00:57.930115,2026-07-14T21:00:57.936256+00:00,70.4,2,ask,Sze-Yong Ng,Dinh Nguyen,3716906
2026-07-14T21:00:58.038756,2026-07-14T21:00:58.046070+00:00,70.5,200,bid,WavyWalnuts,YieldingYams,3716909
2026-07-14T21:00:58.090316,2026-07-14T21:00:58.121019+00:00,70.5,500,bid,YieldingYams,AverageAlmonds,3716910
2026-07-14T21:00:58.611964,2026-07-14T21:00:58.615435+00:00,70.5,125,ask,YieldingYams,AverageAlmonds,3716921
2026-07-14T21:00:58.611964,2026-07-14T21:00:58.626422+00:00,70.5,78,ask,Sze-Yong Ng,AverageAlmonds,3716922
2026-07-14T21:00:59.163159,2026-07-14T21:00:59.174622+00:00,70.0,2,ask,AverageAlmonds,Dinh Nguyen,3716937
2026-07-14T21:00:59.404656,2026-07-14T21:00:59.410223+00:00,70.5,200,ask,WavyWalnuts,YieldingYams,3716945
2026-07-14T21:01:00.440995,2026-07-14T21:01:00.449454+00:00,70.2,2,ask,YieldingYams,Dinh Nguyen,3716958
2026-07-14T21:01:00.455781,2026-07-14T21:01:00.460242+00:00,70.4,200,bid,WavyWalnuts,YieldingYams,3716960
2026-07-14T21:01:01.670678,2026-07-14T21:01:01.674197+00:00,70.4,2,ask,YieldingYams,Dinh Nguyen,3716974
2026-07-14T21:01:02.891090,2026-07-14T21:01:02.903637+00:00,70.4,2,ask,YieldingYams,Dinh Nguyen,3716997
2026-07-14T21:01:04.101904,2026-07-14T21:01:04.112380+00:00,70.5,200,bid,WavyWalnuts,YieldingYams,3717013
2026-07-14T21:01:05.309264,2026-07-14T21:01:05.312249+00:00,70.5,200,bid,WavyWalnuts,YieldingYams,3717029
2026-07-14T21:01:06.516828,2026-07-14T21:01:06.525981+00:00,70.5,200,bid,WavyWalnuts,YieldingYams,3717047
2026-07-14T21:01:07.317694,2026-07-14T21:01:07.321991+00:00,70.5,25,bid,Johan Shajee,YieldingYams,3717062
2026-07-14T21:01:07.528999,2026-07-14T21:01:07.537373+00:00,70.5,25,bid,Johan Shajee,YieldingYams,3717065
2026-07-14T21:01:07.724350,2026-07-14T21:01:07.732613+00:00,70.5,200,bid,WavyWalnuts,YieldingYams,3717066
2026-07-14T21:01:07.739311,2026-07-14T21:01:07.743560+00:00,70.5,25,bid,Johan Shajee,YieldingYams,3717069
2026-07-14T21:01:08.038153,2026-07-14T21:01:08.048778+00:00,70.5,25,bid,Dinh Nguyen,YieldingYams,3717074
2026-07-14T21:01:08.778334,2026-07-14T21:01:08.785946+00:00,70.4,2,ask,YieldingYams,Johan Shajee,3717089
2026-07-14T21:01:08.983604,2026-07-14T21:01:08.990740+00:00,70.4,2,ask,YieldingYams,Johan Shajee,3717091
2026-07-14T21:01:09.190235,2026-07-14T21:01:09.195184+00:00,70.4,2,ask,YieldingYams,Johan Shajee,3717095
2026-07-14T21:01:09.397338,2026-07-14T21:01:09.410065+00:00,70.4,2,ask,YieldingYams,Johan Shajee,3717100
2026-07-14T21:01:09.585096,2026-07-14T21:01:09.594712+00:00,70.4,2,ask,YieldingYams,Dinh Nguyen,3717104
2026-07-14T21:01:09.602411,2026-07-14T21:01:09.605704+00:00,70.4,2,ask,YieldingYams,Johan Shajee,3717105
2026-07-14T21:01:09.807357,2026-07-14T21:01:09.810885+00:00,70.4,2,ask,YieldingYams,Johan Shajee,3717108
2026-07-14T21:01:10.013172,2026-07-14T21:01:10.015879+00:00,70.4,1,ask,Sze-Yong Ng,Johan Shajee,3717112
2026-07-14T21:01:10.151106,2026-07-14T21:01:10.156726+00:00,70.4,73,ask,Sze-Yong Ng,WavyWalnuts,3717119
2026-07-14T21:01:10.151106,2026-07-14T21:01:10.156726+00:00,70.4,127,ask,YieldingYams,WavyWalnuts,3717120
2026-07-14T21:01:10.803141,2026-07-14T21:01:10.812713+00:00,70.4,2,ask,YieldingYams,Dinh Nguyen,3717129
2026-07-14T21:01:11.358573,2026-07-14T21:01:11.362673+00:00,70.5,200,bid,WavyWalnuts,AverageAlmonds,3717139
2026-07-14T21:01:12.021165,2026-07-14T21:01:12.026325+00:00,70.4,2,ask,YieldingYams,Dinh Nguyen,3717143
2026-07-14T21:01:12.566296,2026-07-14T21:01:12.568729+00:00,70.5,13,bid,WavyWalnuts,Sze-Yong Ng,3717149
2026-07-14T21:01:13.279124,2026-07-14T21:01:13.285631+00:00,70.5,2,ask,WavyWalnuts,Dinh Nguyen,3717160
2026-07-14T21:01:13.626907,2026-07-14T21:01:13.629526+00:00,70.5,25,ask,WavyWalnuts,Johan Shajee,3717174
2026-07-14T21:01:14.036975,2026-07-14T21:01:14.039920+00:00,70.5,25,ask,YieldingYams,Johan Shajee,3717181
2026-07-14T21:01:14.246051,2026-07-14T21:01:14.256583+00:00,70.5,25,ask,YieldingYams,Dinh Nguyen,3717183
2026-07-14T21:01:14.458318,2026-07-14T21:01:14.462989+00:00,70.5,18,ask,YieldingYams,Johan Shajee,3717187
2026-07-14T21:01:14.513129,2026-07-14T21:01:14.517397+00:00,70.5,25,ask,YieldingYams,Johan Shajee,3717189
2026-07-14T21:01:15.000797,2026-07-14T21:01:15.011799+00:00,70.5,200,ask,YieldingYams,WavyWalnuts,3717193
2026-07-14T21:01:15.026140,2026-07-14T21:01:15.033463+00:00,70.5,2,ask,YieldingYams,Dinh Nguyen,3717194
2026-07-14T21:01:16.261113,2026-07-14T21:01:16.269512+00:00,70.5,2,ask,YieldingYams,Dinh Nguyen,3717217
2026-07-14T21:01:17.416586,2026-07-14T21:01:17.422805+00:00,70.5,200,ask,YieldingYams,WavyWalnuts,3717232
2026-07-14T21:01:17.513133,2026-07-14T21:01:17.519278+00:00,70.5,2,ask,YieldingYams,Dinh Nguyen,3717233
2026-07-14T21:01:18.625496,2026-07-14T21:01:18.629129+00:00,70.5,200,ask,YieldingYams,WavyWalnuts,3717257
2026-07-14T21:01:18.777129,2026-07-14T21:01:18.789459+00:00,70.5,2,ask,YieldingYams,Dinh Nguyen,3717259
2026-07-14T21:01:20.010191,2026-07-14T21:01:20.015286+00:00,70.4,2,ask,YieldingYams,Dinh Nguyen,3717278
2026-07-14T21:01:20.455601,2026-07-14T21:01:20.467834+00:00,70.4,200,ask,WavyWalnuts,YieldingYams,3717289
2026-07-14T21:01:21.045707,2026-07-14T21:01:21.052187+00:00,70.4,200,bid,WavyWalnuts,YieldingYams,3717296
2026-07-14T21:01:21.267384,2026-07-14T21:01:21.276489+00:00,70.3,2,ask,YieldingYams,Dinh Nguyen,3717297
2026-07-14T21:01:21.765754,2026-07-14T21:01:21.774028+00:00,70.4,99,bid,YieldingYams,Sze-Yong Ng,3717304
2026-07-14T21:01:21.765754,2026-07-14T21:01:21.774028+00:00,70.5,200,bid,YieldingYams,WavyWalnuts,3717305
2026-07-14T21:01:21.765754,2026-07-14T21:01:21.774028+00:00,70.5,326,bid,YieldingYams,AverageAlmonds,3717306
2026-07-14T21:01:22.530143,2026-07-14T21:01:22.540058+00:00,70.4,25,ask,WavyWalnuts,Dinh Nguyen,3717310
2026-07-14T21:01:23.042143,2026-07-14T21:01:23.052640+00:00,70.4,2,ask,WavyWalnuts,Dinh Nguyen,3717322
2026-07-14T21:01:23.081816,2026-07-14T21:01:23.090968+00:00,70.4,173,ask,WavyWalnuts,YieldingYams,3717324
2026-07-14T21:01:23.389072,2026-07-14T21:01:23.391065+00:00,70.3,20,bid,BrilliantBurritos,YieldingYams,3717330
2026-07-14T21:01:23.456954,2026-07-14T21:01:23.466569+00:00,70.3,200,bid,WavyWalnuts,YieldingYams,3717333
2026-07-14T21:01:24.671611,2026-07-14T21:01:24.676998+00:00,70.4,200,bid,WavyWalnuts,YieldingYams,3717350
2026-07-14T21:01:27.104684,2026-07-14T21:01:27.110580+00:00,70.4,200,ask,YieldingYams,WavyWalnuts,3717385
2026-07-14T21:01:27.185182,2026-07-14T21:01:27.197206+00:00,70.4,25,ask,YieldingYams,Dinh Nguyen,3717387
2026-07-14T21:01:28.311763,2026-07-14T21:01:28.323310+00:00,70.4,200,ask,YieldingYams,WavyWalnuts,3717403
2026-07-14T21:01:28.328403,2026-07-14T21:01:28.334337+00:00,70.3,200,ask,WavyWalnuts,YieldingYams,3717404
2026-07-14T21:01:28.328403,2026-07-14T21:01:28.334337+00:00,70.1,425,ask,AverageAlmonds,YieldingYams,3717405
2026-07-14T21:01:30.947247,2026-07-14T21:01:30.957110+00:00,70.2,38,ask,Sze-Yong Ng,YieldingYams,3717435
2026-07-14T21:01:30.947247,2026-07-14T21:01:30.957110+00:00,70.2,500,ask,AverageAlmonds,YieldingYams,3717436
2026-07-14T21:01:30.947247,2026-07-14T21:01:30.957110+00:00,70.2,87,ask,WavyWalnuts,YieldingYams,3717437
2026-07-14T21:01:32.256566,2026-07-14T21:01:32.263376+00:00,70.3,200,bid,YieldingYams,WavyWalnuts,3717449
2026-07-14T21:01:33.188328,2026-07-14T21:01:33.198298+00:00,70.4,200,ask,YieldingYams,WavyWalnuts,3717460
2026-07-14T21:01:33.708599,2026-07-14T21:01:33.710590+00:00,70.3,25,bid,Johan Shajee,YieldingYams,3717472
2026-07-14T21:01:33.918587,2026-07-14T21:01:33.929287+00:00,70.3,25,bid,Johan Shajee,YieldingYams,3717477
2026-07-14T21:01:34.129395,2026-07-14T21:01:34.132323+00:00,70.3,25,bid,Johan Shajee,YieldingYams,3717484
2026-07-14T21:01:34.134026,2026-07-14T21:01:34.143260+00:00,70.2,2,ask,WavyWalnuts,Johan Shajee,3717485
2026-07-14T21:01:34.363226,2026-07-14T21:01:34.368815+00:00,70.2,2,ask,WavyWalnuts,Johan Shajee,3717490
2026-07-14T21:01:34.569137,2026-07-14T21:01:34.571950+00:00,70.2,2,ask,Sze-Yong Ng,Johan Shajee,3717492
2026-07-14T21:01:34.775270,2026-07-14T21:01:34.786522+00:00,70.2,2,ask,Sze-Yong Ng,Johan Shajee,3717496
2026-07-14T21:01:34.875593,2026-07-14T21:01:34.883417+00:00,70.4,200,bid,YieldingYams,WavyWalnuts,3717497
2026-07-14T21:01:34.981440,2026-07-14T21:01:34.993835+00:00,70.4,2,ask,YieldingYams,Johan Shajee,3717500
2026-07-14T21:01:35.186676,2026-07-14T21:01:35.198246+00:00,70.4,2,ask,YieldingYams,Johan Shajee,3717508
2026-07-14T21:01:35.392464,2026-07-14T21:01:35.401381+00:00,70.4,2,ask,YieldingYams,Johan Shajee,3717511
2026-07-14T21:01:35.597893,2026-07-14T21:01:35.604836+00:00,70.4,2,ask,YieldingYams,Johan Shajee,3717517
2026-07-14T21:01:35.802889,2026-07-14T21:01:35.807733+00:00,70.4,2,ask,YieldingYams,Johan Shajee,3717521
2026-07-14T21:01:36.194057,2026-07-14T21:01:36.207079+00:00,70.4,38,ask,Sze-Yong Ng,YieldingYams,3717526
2026-07-14T21:01:36.194057,2026-07-14T21:01:36.207079+00:00,70.4,200,ask,WavyWalnuts,YieldingYams,3717527
2026-07-14T21:01:37.506309,2026-07-14T21:01:37.518460+00:00,70.4,200,bid,YieldingYams,WavyWalnuts,3717555
2026-07-14T21:01:40.241030,2026-07-14T21:01:40.247371+00:00,70.5,20,bid,BrilliantBurritos,AverageAlmonds,3717586
2026-07-14T21:01:40.433044,2026-07-14T21:01:40.441762+00:00,70.5,200,bid,WavyWalnuts,YieldingYams,3717589
2026-07-14T21:01:41.626606,2026-07-14T21:01:41.634248+00:00,70.5,500,ask,YieldingYams,AverageAlmonds,3717610
2026-07-14T21:01:41.641746,2026-07-14T21:01:41.645134+00:00,70.5,125,ask,YieldingYams,WavyWalnuts,3717611
2026-07-14T21:01:42.751096,2026-07-14T21:01:42.757725+00:00,70.3,200,ask,WavyWalnuts,YieldingYams,3717626
2026-07-14T21:01:42.838442,2026-07-14T21:01:42.844217+00:00,70.3,25,bid,Johan Shajee,YieldingYams,3717629
2026-07-14T21:01:43.051643,2026-07-14T21:01:43.061967+00:00,70.3,25,bid,Johan Shajee,YieldingYams,3717632
2026-07-14T21:01:44.019574,2026-07-14T21:01:44.030337+00:00,70.3,20,bid,BrilliantBurritos,YieldingYams,3717650
2026-07-14T21:01:44.111069,2026-07-14T21:01:44.130480+00:00,70.3,200,bid,YieldingYams,WavyWalnuts,3717652
2026-07-14T21:01:44.141517,2026-07-14T21:01:44.152370+00:00,70.4,200,ask,YieldingYams,WavyWalnuts,3717656
2026-07-14T21:01:45.431890,2026-07-14T21:01:45.443028+00:00,70.4,200,ask,WavyWalnuts,YieldingYams,3717677
2026-07-14T21:01:45.467283,2026-07-14T21:01:45.475370+00:00,70.3,25,bid,Johan Shajee,YieldingYams,3717680
2026-07-14T21:01:45.678538,2026-07-14T21:01:45.688883+00:00,70.3,25,bid,Johan Shajee,YieldingYams,3717685
2026-07-14T21:01:45.894282,2026-07-14T21:01:45.903210+00:00,70.3,25,bid,Johan Shajee,YieldingYams,3717690
2026-07-14T21:01:46.575549,2026-07-14T21:01:46.579267+00:00,70.3,200,bid,WavyWalnuts,YieldingYams,3717701
2026-07-14T21:01:46.741867,2026-07-14T21:01:46.749789+00:00,70.5,200,bid,YieldingYams,WavyWalnuts,3717702
2026-07-14T21:01:47.676394,2026-07-14T21:01:47.687633+00:00,70.5,425,ask,YieldingYams,AverageAlmonds,3717713
2026-07-14T21:01:47.676394,2026-07-14T21:01:47.687633+00:00,70.5,19,ask,Sze-Yong Ng,AverageAlmonds,3717714
2026-07-14T21:01:48.055095,2026-07-14T21:01:48.067875+00:00,70.4,200,ask,WavyWalnuts,YieldingYams,3717717
2026-07-14T21:01:48.111576,2026-07-14T21:01:48.122323+00:00,70.4,18,bid,Johan Shajee,YieldingYams,3717721
2026-07-14T21:01:55.917711,2026-07-14T21:01:55.920744+00:00,70.4,200,bid,YieldingYams,WavyWalnuts,3717824
2026-07-14T21:01:55.917711,2026-07-14T21:01:55.931596+00:00,70.4,425,bid,YieldingYams,AverageAlmonds,3717825
2026-07-14T21:01:56.237422,2026-07-14T21:01:56.243953+00:00,70.4,200,bid,WavyWalnuts,AverageAlmonds,3717828
2026-07-14T21:01:57.445794,2026-07-14T21:01:57.458063+00:00,70.2,200,bid,WavyWalnuts,YieldingYams,3717845
2026-07-14T21:01:59.864115,2026-07-14T21:01:59.873878+00:00,70.3,200,ask,YieldingYams,WavyWalnuts,3717899
2026-07-14T21:02:02.462258,2026-07-14T21:02:02.464363+00:00,70.2,200,ask,WavyWalnuts,YieldingYams,3717930
2026-07-14T21:02:03.770856,2026-07-14T21:02:03.772844+00:00,70.2,200,bid,YieldingYams,WavyWalnuts,3717943
2026-07-14T21:02:04.698855,2026-07-14T21:02:04.705607+00:00,70.2,200,ask,YieldingYams,WavyWalnuts,3717955
2026-07-14T21:02:05.084425,2026-07-14T21:02:05.087627+00:00,70.1,500,ask,AverageAlmonds,YieldingYams,3717963
2026-07-14T21:02:05.084425,2026-07-14T21:02:05.098338+00:00,70.1,125,ask,WavyWalnuts,YieldingYams,3717964
2026-07-14T21:02:06.393952,2026-07-14T21:02:06.412388+00:00,70.2,200,bid,YieldingYams,WavyWalnuts,3717977
2026-07-14T21:02:06.988070,2026-07-14T21:02:06.991267+00:00,70.5,2,bid,Dinh Nguyen,YieldingYams,3717994
2026-07-14T21:02:07.117210,2026-07-14T21:02:07.121028+00:00,70.3,200,ask,YieldingYams,WavyWalnuts,3717995
2026-07-14T21:02:08.450905,2026-07-14T21:02:08.458015+00:00,70.3,25,bid,Dinh Nguyen,YieldingYams,3718023
2026-07-14T21:02:08.703909,2026-07-14T21:02:08.709090+00:00,70.3,2,bid,Dinh Nguyen,YieldingYams,3718026
2026-07-14T21:02:09.024656,2026-07-14T21:02:09.031318+00:00,70.2,200,ask,WavyWalnuts,YieldingYams,3718031
2026-07-14T21:02:09.024656,2026-07-14T21:02:09.031318+00:00,70.1,425,ask,AverageAlmonds,YieldingYams,3718032
2026-07-14T21:02:09.533204,2026-07-14T21:02:09.536295+00:00,70.1,200,ask,AverageAlmonds,WavyWalnuts,3718040
2026-07-14T21:02:09.913936,2026-07-14T21:02:09.919137+00:00,70.5,2,bid,Dinh Nguyen,AverageAlmonds,3718045
2026-07-14T21:02:10.741430,2026-07-14T21:02:10.749083+00:00,70.2,200,ask,YieldingYams,WavyWalnuts,3718060
2026-07-14T21:02:10.925695,2026-07-14T21:02:10.929769+00:00,70.2,20,ask,YieldingYams,BrilliantBurritos,3718062
2026-07-14T21:02:11.409936,2026-07-14T21:02:11.419410+00:00,70.4,25,bid,Dinh Nguyen,YieldingYams,3718078
2026-07-14T21:02:11.666895,2026-07-14T21:02:11.670301+00:00,70.2,2,bid,Dinh Nguyen,YieldingYams,3718088
2026-07-14T21:02:11.884117,2026-07-14T21:02:11.893715+00:00,70.2,500,bid,AverageAlmonds,YieldingYams,3718092
2026-07-14T21:02:11.951813,2026-07-14T21:02:11.957423+00:00,70.2,123,bid,WavyWalnuts,YieldingYams,3718095
2026-07-14T21:02:12.953451,2026-07-14T21:02:12.963130+00:00,70.4,200,bid,YieldingYams,WavyWalnuts,3718114
2026-07-14T21:02:13.387924,2026-07-14T21:02:13.395837+00:00,70.5,2,bid,Dinh Nguyen,WavyWalnuts,3718118
2026-07-14T21:02:14.274543,2026-07-14T21:02:14.279998+00:00,70.4,13,ask,Sze-Yong Ng,YieldingYams,3718135
2026-07-14T21:02:14.274543,2026-07-14T21:02:14.279998+00:00,70.3,200,ask,WavyWalnuts,YieldingYams,3718136
2026-07-14T21:02:14.372856,2026-07-14T21:02:14.383688+00:00,70.3,200,bid,WavyWalnuts,YieldingYams,3718139
2026-07-14T21:02:14.856901,2026-07-14T21:02:14.868217+00:00,70.3,25,bid,Dinh Nguyen,YieldingYams,3718144
2026-07-14T21:02:15.113947,2026-07-14T21:02:15.123027+00:00,70.3,2,bid,Dinh Nguyen,YieldingYams,3718150
2026-07-14T21:02:15.593981,2026-07-14T21:02:15.599460+00:00,70.5,500,bid,YieldingYams,AverageAlmonds,3718158
2026-07-14T21:02:15.598011,2026-07-14T21:02:15.610304+00:00,70.5,125,ask,YieldingYams,WavyWalnuts,3718159
2026-07-14T21:02:16.322942,2026-07-14T21:02:16.327533+00:00,70.5,2,bid,Dinh Nguyen,WavyWalnuts,3718178
2026-07-14T21:02:16.912314,2026-07-14T21:02:16.914690+00:00,70.3,26,ask,Sze-Yong Ng,YieldingYams,3718189
2026-07-14T21:02:17.542926,2026-07-14T21:02:17.553031+00:00,70.3,2,bid,Dinh Nguyen,YieldingYams,3718194
2026-07-14T21:02:18.016804,2026-07-14T21:02:18.019106+00:00,70.3,200,bid,WavyWalnuts,YieldingYams,3718203
2026-07-14T21:02:18.786887,2026-07-14T21:02:18.797492+00:00,70.4,2,bid,Dinh Nguyen,YieldingYams,3718215
2026-07-14T21:02:19.216916,2026-07-14T21:02:19.223327+00:00,70.2,20,ask,YieldingYams,BrilliantBurritos,3718225
2026-07-14T21:02:19.537935,2026-07-14T21:02:19.543616+00:00,70.3,200,ask,WavyWalnuts,YieldingYams,3718235
2026-07-14T21:02:19.987899,2026-07-14T21:02:19.989966+00:00,70.3,2,bid,Dinh Nguyen,YieldingYams,3718241
2026-07-14T21:02:20.436851,2026-07-14T21:02:20.444263+00:00,70.3,200,bid,WavyWalnuts,YieldingYams,3718243
2026-07-14T21:02:21.213965,2026-07-14T21:02:21.218594+00:00,70.4,2,bid,Dinh Nguyen,WavyWalnuts,3718262
2026-07-14T21:02:21.649614,2026-07-14T21:02:21.653742+00:00,70.3,200,ask,YieldingYams,WavyWalnuts,3718268
2026-07-14T21:02:22.442901,2026-07-14T21:02:22.452888+00:00,70.4,2,bid,Dinh Nguyen,AverageAlmonds,3718273
2026-07-14T21:02:22.858652,2026-07-14T21:02:22.870322+00:00,70.3,200,ask,YieldingYams,WavyWalnuts,3718275
2026-07-14T21:02:23.466094,2026-07-14T21:02:23.468288+00:00,70.4,500,bid,YieldingYams,AverageAlmonds,3718291
2026-07-14T21:02:23.684006,2026-07-14T21:02:23.687281+00:00,70.6,2,bid,Dinh Nguyen,YieldingYams,3718296
2026-07-14T21:02:23.992256,2026-07-14T21:02:23.995173+00:00,70.4,125,ask,YieldingYams,AverageAlmonds,3718297
2026-07-14T21:02:24.065227,2026-07-14T21:02:24.070067+00:00,70.4,200,bid,WavyWalnuts,AverageAlmonds,3718298
2026-07-14T21:02:24.892951,2026-07-14T21:02:24.896348+00:00,70.0,2,bid,Dinh Nguyen,YieldingYams,3718306
2026-07-14T21:02:25.197938,2026-07-14T21:02:25.204164+00:00,70.0,500,bid,AverageAlmonds,YieldingYams,3718311
2026-07-14T21:02:25.276767,2026-07-14T21:02:25.288933+00:00,70.0,123,bid,WavyWalnuts,YieldingYams,3718313
2026-07-14T21:02:25.276767,2026-07-14T21:02:25.288933+00:00,70.0,17,bid,WavyWalnuts,Sze-Yong Ng,3718314
2026-07-14T21:02:25.276767,2026-07-14T21:02:25.288933+00:00,70.4,60,bid,WavyWalnuts,AverageAlmonds,3718315
2026-07-14T21:02:26.080842,2026-07-14T21:02:26.102311+00:00,70.4,500,bid,YieldingYams,AverageAlmonds,3718327
2026-07-14T21:02:26.113887,2026-07-14T21:02:26.123988+00:00,70.5,2,bid,Dinh Nguyen,WavyWalnuts,3718330
2026-07-14T21:02:26.862285,2026-07-14T21:02:26.870797+00:00,70.5,20,bid,BrilliantBurritos,Sze-Yong Ng,3718341
2026-07-14T21:02:27.396147,2026-07-14T21:02:27.401537+00:00,70.4,200,ask,WavyWalnuts,YieldingYams,3718353
2026-07-14T21:02:27.696343,2026-07-14T21:02:27.699987+00:00,70.3,200,bid,WavyWalnuts,YieldingYams,3718355
2026-07-14T21:02:28.599929,2026-07-14T21:02:28.605393+00:00,70.3,2,bid,Dinh Nguyen,YieldingYams,3718367
2026-07-14T21:02:28.706749,2026-07-14T21:02:28.710624+00:00,70.3,63,bid,YieldingYams,Sze-Yong Ng,3718368
2026-07-14T21:02:28.908663,2026-07-14T21:02:28.910766+00:00,70.4,200,ask,YieldingYams,WavyWalnuts,3718371
2026-07-14T21:02:29.443631,2026-07-14T21:02:29.449979+00:00,70.4,362,ask,YieldingYams,AverageAlmonds,3718377
2026-07-14T21:02:29.807916,2026-07-14T21:02:29.824024+00:00,70.4,2,bid,Dinh Nguyen,AverageAlmonds,3718387
2026-07-14T21:02:30.016409,2026-07-14T21:02:30.063380+00:00,70.3,200,ask,WavyWalnuts,YieldingYams,3718393
2026-07-14T21:02:31.027897,2026-07-14T21:02:31.033553+00:00,70.3,2,bid,Dinh Nguyen,YieldingYams,3718411
2026-07-14T21:02:31.344466,2026-07-14T21:02:31.369229+00:00,70.2,200,ask,WavyWalnuts,YieldingYams,3718416
2026-07-14T21:02:32.261901,2026-07-14T21:02:32.270340+00:00,70.2,2,bid,Dinh Nguyen,YieldingYams,3718426
2026-07-14T21:02:32.547834,2026-07-14T21:02:32.555819+00:00,70.2,200,bid,WavyWalnuts,YieldingYams,3718438
2026-07-14T21:02:32.651983,2026-07-14T21:02:32.663256+00:00,70.4,500,bid,YieldingYams,AverageAlmonds,3718439
2026-07-14T21:02:32.651983,2026-07-14T21:02:32.663256+00:00,70.4,125,bid,YieldingYams,WavyWalnuts,3718440
2026-07-14T21:02:32.804302,2026-07-14T21:02:32.806335+00:00,70.0,25,ask,AverageAlmonds,Johan Shajee,3718447
2026-07-14T21:02:32.813765,2026-07-14T21:02:32.816976+00:00,70.4,2,bid,Johan Shajee,WavyWalnuts,3718449
2026-07-14T21:02:33.018656,2026-07-14T21:02:33.027066+00:00,70.4,2,bid,Johan Shajee,WavyWalnuts,3718450
2026-07-14T21:02:33.224462,2026-07-14T21:02:33.227729+00:00,70.4,2,bid,Johan Shajee,WavyWalnuts,3718454
2026-07-14T21:02:33.429282,2026-07-14T21:02:33.438550+00:00,70.4,2,bid,Johan Shajee,WavyWalnuts,3718457
2026-07-14T21:02:33.470942,2026-07-14T21:02:33.480681+00:00,70.4,2,bid,Dinh Nguyen,WavyWalnuts,3718458
2026-07-14T21:02:33.634368,2026-07-14T21:02:33.639066+00:00,70.4,2,bid,Johan Shajee,WavyWalnuts,3718462
2026-07-14T21:02:33.839885,2026-07-14T21:02:33.850621+00:00,70.2,2,bid,Johan Shajee,WavyWalnuts,3718466
2026-07-14T21:02:34.044969,2026-07-14T21:02:34.051656+00:00,70.2,1,bid,Johan Shajee,WavyWalnuts,3718473
2026-07-14T21:02:34.692013,2026-07-14T21:02:34.698302+00:00,70.2,2,bid,Dinh Nguyen,WavyWalnuts,3718482
2026-07-14T21:02:34.964286,2026-07-14T21:02:34.966381+00:00,70.1,200,ask,YieldingYams,WavyWalnuts,3718490
2026-07-14T21:02:35.912933,2026-07-14T21:02:35.924617+00:00,70.1,2,bid,Dinh Nguyen,YieldingYams,3718501
2026-07-14T21:02:36.094929,2026-07-14T21:02:36.104458+00:00,70.1,500,bid,AverageAlmonds,YieldingYams,3718503
2026-07-14T21:02:36.171930,2026-07-14T21:02:36.179299+00:00,70.1,123,bid,WavyWalnuts,YieldingYams,3718505
2026-07-14T21:02:36.171930,2026-07-14T21:02:36.179299+00:00,70.1,38,bid,WavyWalnuts,Sze-Yong Ng,3718506
2026-07-14T21:02:37.456008,2026-07-14T21:02:37.467651+00:00,70.3,25,ask,WavyWalnuts,Johan Shajee,3718525
2026-07-14T21:02:37.667479,2026-07-14T21:02:37.673152+00:00,70.3,25,ask,WavyWalnuts,Johan Shajee,3718529
2026-07-14T21:02:37.877509,2026-07-14T21:02:37.879739+00:00,70.3,25,ask,WavyWalnuts,Johan Shajee,3718537
2026-07-14T21:02:37.892382,2026-07-14T21:02:37.901612+00:00,70.3,125,ask,WavyWalnuts,YieldingYams,3718539
2026-07-14T21:02:38.047569,2026-07-14T21:02:38.053510+00:00,70.3,20,bid,BrilliantBurritos,YieldingYams,3718543
2026-07-14T21:02:39.799411,2026-07-14T21:02:39.803889+00:00,70.1,200,ask,YieldingYams,WavyWalnuts,3718572
2026-07-14T21:02:40.509788,2026-07-14T21:02:40.520697+00:00,70.1,500,ask,AverageAlmonds,YieldingYams,3718579
2026-07-14T21:02:40.931783,2026-07-14T21:02:40.943348+00:00,70.1,125,bid,AverageAlmonds,YieldingYams,3718587
2026-07-14T21:02:41.093760,2026-07-14T21:02:41.102944+00:00,70.2,25,ask,WavyWalnuts,Johan Shajee,3718590
2026-07-14T21:02:41.304751,2026-07-14T21:02:41.315960+00:00,70.2,25,ask,WavyWalnuts,Dinh Nguyen,3718592
2026-07-14T21:02:41.440945,2026-07-14T21:02:41.443827+00:00,70.2,25,ask,WavyWalnuts,Johan Shajee,3718595
2026-07-14T21:02:41.516116,2026-07-14T21:02:41.519085+00:00,70.2,25,ask,WavyWalnuts,Johan Shajee,3718596
2026-07-14T21:02:41.728243,2026-07-14T21:02:41.737892+00:00,70.2,25,ask,WavyWalnuts,Johan Shajee,3718601
2026-07-14T21:02:41.736441,2026-07-14T21:02:41.748872+00:00,70.4,2,bid,Johan Shajee,WavyWalnuts,3718603
2026-07-14T21:02:41.941106,2026-07-14T21:02:41.951241+00:00,70.4,2,bid,Johan Shajee,WavyWalnuts,3718608
2026-07-14T21:02:42.158086,2026-07-14T21:02:42.163887+00:00,70.4,2,bid,Johan Shajee,WavyWalnuts,3718610
2026-07-14T21:02:42.217086,2026-07-14T21:02:42.228190+00:00,70.2,200,ask,YieldingYams,WavyWalnuts,3718613
2026-07-14T21:02:42.363447,2026-07-14T21:02:42.366782+00:00,70.2,19,ask,YieldingYams,Johan Shajee,3718614
2026-07-14T21:02:42.934904,2026-07-14T21:02:42.939123+00:00,70.2,25,ask,YieldingYams,Dinh Nguyen,3718632
2026-07-14T21:02:43.428169,2026-07-14T21:02:43.438541+00:00,70.1,200,ask,AverageAlmonds,WavyWalnuts,3718644
2026-07-14T21:02:44.636344,2026-07-14T21:02:44.642656+00:00,70.2,200,bid,WavyWalnuts,YieldingYams,3718660
2026-07-14T21:02:45.847915,2026-07-14T21:02:45.850161+00:00,70.4,200,bid,WavyWalnuts,YieldingYams,3718673
2026-07-14T21:02:48.805949,2026-07-14T21:02:48.808807+00:00,70.4,200,ask,WavyWalnuts,AverageAlmonds,3718721
2026-07-14T21:02:49.748213,2026-07-14T21:02:49.753926+00:00,70.4,20,bid,BrilliantBurritos,AverageAlmonds,3718736
2026-07-14T21:02:51.898900,2026-07-14T21:02:51.906742+00:00,70.4,200,bid,WavyWalnuts,YieldingYams,3718771
2026-07-14T21:02:51.988015,2026-07-14T21:02:51.991878+00:00,70.3,25,ask,YieldingYams,Dinh Nguyen,3718773
2026-07-14T21:02:53.048441,2026-07-14T21:02:53.060596+00:00,70.4,500,ask,YieldingYams,AverageAlmonds,3718786
2026-07-14T21:02:53.111119,2026-07-14T21:02:53.114882+00:00,70.4,125,ask,YieldingYams,WavyWalnuts,3718787
2026-07-14T21:02:53.606463,2026-07-14T21:02:53.616687+00:00,70.2,200,ask,WavyWalnuts,YieldingYams,3718793
2026-07-14T21:02:54.924625,2026-07-14T21:02:54.927951+00:00,70.2,23,bid,YieldingYams,Sze-Yong Ng,3718816
2026-07-14T21:02:55.305905,2026-07-14T21:02:55.313029+00:00,70.3,20,bid,BrilliantBurritos,WavyWalnuts,3718822
2026-07-14T21:02:55.533639,2026-07-14T21:02:55.570268+00:00,70.3,200,bid,WavyWalnuts,YieldingYams,3718827
2026-07-14T21:02:56.254727,2026-07-14T21:02:56.260526+00:00,70.4,200,bid,YieldingYams,WavyWalnuts,3718841
2026-07-14T21:02:56.254727,2026-07-14T21:02:56.260526+00:00,70.4,425,bid,YieldingYams,AverageAlmonds,3718842
2026-07-14T21:02:57.298914,2026-07-14T21:02:57.309695+00:00,70.3,25,ask,WavyWalnuts,Dinh Nguyen,3718854
2026-07-14T21:02:58.872317,2026-07-14T21:02:58.879930+00:00,70.4,500,bid,YieldingYams,AverageAlmonds,3718887
2026-07-14T21:02:59.093663,2026-07-14T21:02:59.103320+00:00,70.4,125,ask,YieldingYams,AverageAlmonds,3718888
2026-07-14T21:02:59.093663,2026-07-14T21:02:59.103320+00:00,70.3,200,ask,WavyWalnuts,AverageAlmonds,3718889
2026-07-14T21:03:00.183234,2026-07-14T21:03:00.193743+00:00,70.1,200,ask,WavyWalnuts,YieldingYams,3718905
2026-07-14T21:03:00.363126,2026-07-14T21:03:00.375148+00:00,70.0,200,bid,WavyWalnuts,YieldingYams,3718911
2026-07-14T21:03:01.575064,2026-07-14T21:03:01.579312+00:00,70.1,200,bid,WavyWalnuts,YieldingYams,3718943
2026-07-14T21:03:01.631958,2026-07-14T21:03:01.642802+00:00,70.0,25,ask,YieldingYams,Dinh Nguyen,3718945
2026-07-14T21:03:02.534821,2026-07-14T21:03:02.542085+00:00,70.1,20,bid,BrilliantBurritos,YieldingYams,3718955
2026-07-14T21:03:02.828429,2026-07-14T21:03:02.836378+00:00,70.1,13,bid,YieldingYams,Sze-Yong Ng,3718965
2026-07-14T21:03:02.828429,2026-07-14T21:03:02.836378+00:00,70.1,200,bid,YieldingYams,WavyWalnuts,3718966
2026-07-14T21:03:03.990244,2026-07-14T21:03:03.997719+00:00,70.2,200,ask,YieldingYams,WavyWalnuts,3718980
2026-07-14T21:03:05.196436,2026-07-14T21:03:05.207845+00:00,70.1,200,bid,WavyWalnuts,YieldingYams,3719010
2026-07-14T21:03:05.456937,2026-07-14T21:03:05.459929+00:00,70.1,20,ask,YieldingYams,BrilliantBurritos,3719013
2026-07-14T21:03:08.067797,2026-07-14T21:03:08.070187+00:00,70.2,500,bid,YieldingYams,AverageAlmonds,3719057
2026-07-14T21:03:08.067797,2026-07-14T21:03:08.080780+00:00,70.2,125,bid,YieldingYams,WavyWalnuts,3719058
2026-07-14T21:03:08.820167,2026-07-14T21:03:08.828799+00:00,70.2,200,bid,WavyWalnuts,AverageAlmonds,3719068
2026-07-14T21:03:09.412480,2026-07-14T21:03:09.418092+00:00,70.1,13,ask,Sze-Yong Ng,YieldingYams,3719076
2026-07-14T21:03:10.028606,2026-07-14T21:03:10.037935+00:00,70.1,200,bid,WavyWalnuts,YieldingYams,3719083
2026-07-14T21:03:13.013058,2026-07-14T21:03:13.024953+00:00,70.0,61,ask,Sze-Yong Ng,AverageAlmonds,3719126
2026-07-14T21:03:13.013058,2026-07-14T21:03:13.024953+00:00,70.0,439,ask,YieldingYams,AverageAlmonds,3719127
2026-07-14T21:03:13.224576,2026-07-14T21:03:13.227860+00:00,70.0,20,ask,YieldingYams,BrilliantBurritos,3719131
2026-07-14T21:03:13.339089,2026-07-14T21:03:13.344361+00:00,70.0,200,ask,WavyWalnuts,YieldingYams,3719133
2026-07-14T21:03:13.895907,2026-07-14T21:03:13.908088+00:00,69.9,25,bid,Johan Shajee,WavyWalnuts,3719142
2026-07-14T21:03:14.106526,2026-07-14T21:03:14.109522+00:00,69.9,25,bid,Johan Shajee,WavyWalnuts,3719145
2026-07-14T21:03:14.321515,2026-07-14T21:03:14.332234+00:00,69.9,25,bid,Johan Shajee,WavyWalnuts,3719151
2026-07-14T21:03:14.531246,2026-07-14T21:03:14.533040+00:00,69.9,25,bid,Johan Shajee,WavyWalnuts,3719156
2026-07-14T21:03:14.646778,2026-07-14T21:03:14.649166+00:00,69.9,100,bid,YieldingYams,WavyWalnuts,3719160
2026-07-14T21:03:14.646778,2026-07-14T21:03:14.674659+00:00,70.0,500,bid,YieldingYams,AverageAlmonds,3719161
2026-07-14T21:03:14.742309,2026-07-14T21:03:14.749826+00:00,70.0,2,ask,YieldingYams,Johan Shajee,3719164
2026-07-14T21:03:14.843790,2026-07-14T21:03:14.855854+00:00,70.0,23,ask,YieldingYams,AverageAlmonds,3719165
2026-07-14T21:03:14.843790,2026-07-14T21:03:14.855854+00:00,70.0,61,ask,Sze-Yong Ng,AverageAlmonds,3719166
2026-07-14T21:03:14.954623,2026-07-14T21:03:14.956972+00:00,69.9,2,ask,WavyWalnuts,Johan Shajee,3719175
2026-07-14T21:03:15.159598,2026-07-14T21:03:15.171557+00:00,69.9,2,ask,WavyWalnuts,Johan Shajee,3719178
2026-07-14T21:03:15.365210,2026-07-14T21:03:15.377311+00:00,69.9,2,ask,WavyWalnuts,Johan Shajee,3719183
2026-07-14T21:03:15.569854,2026-07-14T21:03:15.579183+00:00,69.9,1,ask,WavyWalnuts,Johan Shajee,3719189
2026-07-14T21:03:17.285531,2026-07-14T21:03:17.296106+00:00,70.0,200,bid,WavyWalnuts,YieldingYams,3719206
2026-07-14T21:03:18.493622,2026-07-14T21:03:18.498026+00:00,70.0,200,bid,WavyWalnuts,YieldingYams,3719230
2026-07-14T21:03:19.899289,2026-07-14T21:03:19.906920+00:00,70.1,500,bid,YieldingYams,AverageAlmonds,3719243
2026-07-14T21:03:20.191887,2026-07-14T21:03:20.203017+00:00,70.2,25,bid,Johan Shajee,WavyWalnuts,3719252
2026-07-14T21:03:20.297975,2026-07-14T21:03:20.309139+00:00,70.1,125,ask,YieldingYams,AverageAlmonds,3719254
2026-07-14T21:03:20.402078,2026-07-14T21:03:20.405670+00:00,70.1,25,bid,Johan Shajee,AverageAlmonds,3719260
2026-07-14T21:03:20.406720,2026-07-14T21:03:20.416317+00:00,70.0,2,ask,WavyWalnuts,Johan Shajee,3719261
2026-07-14T21:03:20.611827,2026-07-14T21:03:20.617269+00:00,70.0,2,ask,WavyWalnuts,Johan Shajee,3719263
2026-07-14T21:03:20.812725,2026-07-14T21:03:20.818455+00:00,70.1,25,bid,Dinh Nguyen,AverageAlmonds,3719266
2026-07-14T21:03:20.819306,2026-07-14T21:03:20.829341+00:00,70.0,2,ask,WavyWalnuts,Johan Shajee,3719268
2026-07-14T21:03:20.925303,2026-07-14T21:03:20.937218+00:00,70.0,13,ask,Sze-Yong Ng,WavyWalnuts,3719273
2026-07-14T21:03:21.024047,2026-07-14T21:03:21.033603+00:00,69.9,2,ask,WavyWalnuts,Johan Shajee,3719274
2026-07-14T21:03:21.070049,2026-07-14T21:03:21.077528+00:00,69.9,2,ask,WavyWalnuts,Johan Shajee,3719276
2026-07-14T21:03:21.230441,2026-07-14T21:03:21.238924+00:00,69.9,2,ask,WavyWalnuts,Johan Shajee,3719278
2026-07-14T21:03:21.436622,2026-07-14T21:03:21.443100+00:00,69.9,2,ask,WavyWalnuts,Johan Shajee,3719284
2026-07-14T21:03:21.644367,2026-07-14T21:03:21.656493+00:00,69.9,2,ask,WavyWalnuts,Dinh Nguyen,3719293
2026-07-14T21:03:21.848960,2026-07-14T21:03:21.857814+00:00,69.9,2,ask,WavyWalnuts,Johan Shajee,3719294
2026-07-14T21:03:22.054175,2026-07-14T21:03:22.058912+00:00,69.9,1,ask,WavyWalnuts,Johan Shajee,3719302
2026-07-14T21:03:22.137074,2026-07-14T21:03:22.146312+00:00,69.9,200,ask,YieldingYams,WavyWalnuts,3719304
2026-07-14T21:03:22.284964,2026-07-14T21:03:22.287202+00:00,69.9,2,ask,YieldingYams,Dinh Nguyen,3719305
2026-07-14T21:03:23.344836,2026-07-14T21:03:23.351882+00:00,69.9,200,ask,YieldingYams,WavyWalnuts,3719318
2026-07-14T21:03:23.516983,2026-07-14T21:03:23.521092+00:00,69.9,2,ask,YieldingYams,Dinh Nguyen,3719320
2026-07-14T21:03:23.826330,2026-07-14T21:03:23.842766+00:00,69.7,200,ask,WavyWalnuts,YieldingYams,3719328
2026-07-14T21:03:23.868711,2026-07-14T21:03:23.874933+00:00,69.7,25,bid,Johan Shajee,YieldingYams,3719332
2026-07-14T21:03:24.078302,2026-07-14T21:03:24.080919+00:00,69.7,25,bid,Johan Shajee,YieldingYams,3719341
2026-07-14T21:03:24.293187,2026-07-14T21:03:24.303922+00:00,69.7,25,bid,Johan Shajee,YieldingYams,3719347
2026-07-14T21:03:24.547181,2026-07-14T21:03:24.549002+00:00,69.7,1,bid,Johan Shajee,YieldingYams,3719353
2026-07-14T21:03:24.992992,2026-07-14T21:03:24.997675+00:00,69.7,25,bid,Dinh Nguyen,YieldingYams,3719364
2026-07-14T21:03:25.157002,2026-07-14T21:03:25.159576+00:00,69.7,200,bid,YieldingYams,WavyWalnuts,3719369
2026-07-14T21:03:25.763235,2026-07-14T21:03:25.766188+00:00,69.9,200,ask,YieldingYams,WavyWalnuts,3719382
2026-07-14T21:03:26.970449,2026-07-14T21:03:26.981820+00:00,69.8,200,ask,YieldingYams,WavyWalnuts,3719403
2026-07-14T21:03:30.595706,2026-07-14T21:03:30.604614+00:00,69.8,39,bid,WavyWalnuts,Sze-Yong Ng,3719448
2026-07-14T21:03:30.595706,2026-07-14T21:03:30.604614+00:00,69.8,161,bid,WavyWalnuts,YieldingYams,3719449
2026-07-14T21:03:31.188724,2026-07-14T21:03:31.197887+00:00,69.8,25,bid,Dinh Nguyen,YieldingYams,3719464
2026-07-14T21:03:31.987096,2026-07-14T21:03:31.994370+00:00,69.8,20,bid,BrilliantBurritos,WavyWalnuts,3719482
2026-07-14T21:03:32.892303,2026-07-14T21:03:32.900398+00:00,69.8,25,bid,Dinh Nguyen,WavyWalnuts,3719500
2026-07-14T21:03:35.715290,2026-07-14T21:03:35.722588+00:00,69.8,2,ask,Sze-Yong Ng,Dinh Nguyen,3719527
2026-07-14T21:03:37.249500,2026-07-14T21:03:37.259734+00:00,69.9,25,bid,Dinh Nguyen,WavyWalnuts,3719551
2026-07-14T21:03:39.016302,2026-07-14T21:03:39.025922+00:00,69.9,25,bid,Dinh Nguyen,WavyWalnuts,3719580
2026-07-14T21:03:39.084111,2026-07-14T21:03:39.089863+00:00,69.8,24,ask,Sze-Yong Ng,WavyWalnuts,3719581
2026-07-14T21:03:39.084111,2026-07-14T21:03:39.089863+00:00,69.8,176,ask,YieldingYams,WavyWalnuts,3719582
2026-07-14T21:03:39.405306,2026-07-14T21:03:39.412353+00:00,69.8,20,ask,YieldingYams,BrilliantBurritos,3719591
2026-07-14T21:03:39.592051,2026-07-14T21:03:39.602026+00:00,69.8,13,ask,Sze-Yong Ng,YieldingYams,3719592
2026-07-14T21:03:40.310937,2026-07-14T21:03:40.319399+00:00,69.8,200,bid,WavyWalnuts,YieldingYams,3719603
2026-07-14T21:03:40.780415,2026-07-14T21:03:40.783827+00:00,69.8,25,bid,Dinh Nguyen,YieldingYams,3719611
2026-07-14T21:03:40.901988,2026-07-14T21:03:40.910910+00:00,69.9,500,bid,YieldingYams,AverageAlmonds,3719616
2026-07-14T21:03:41.477875,2026-07-14T21:03:41.479771+00:00,69.9,125,ask,YieldingYams,AverageAlmonds,3719625
2026-07-14T21:03:42.734748,2026-07-14T21:03:42.745219+00:00,69.8,200,bid,WavyWalnuts,YieldingYams,3719637
2026-07-14T21:03:43.524187,2026-07-14T21:03:43.531206+00:00,69.9,200,bid,YieldingYams,WavyWalnuts,3719654
2026-07-14T21:03:43.652718,2026-07-14T21:03:43.657903+00:00,69.9,20,ask,YieldingYams,BrilliantBurritos,3719656
2026-07-14T21:03:46.151492,2026-07-14T21:03:46.155860+00:00,69.9,200,ask,WavyWalnuts,YieldingYams,3719693
2026-07-14T21:03:46.151492,2026-07-14T21:03:46.155860+00:00,69.9,9,ask,Sze-Yong Ng,YieldingYams,3719694
2026-07-14T21:03:46.356653,2026-07-14T21:03:46.365215+00:00,69.8,200,bid,WavyWalnuts,YieldingYams,3719698
2026-07-14T21:03:47.163031,2026-07-14T21:03:47.165642+00:00,69.7,20,ask,YieldingYams,BrilliantBurritos,3719710
2026-07-14T21:03:48.408350,2026-07-14T21:03:48.418756+00:00,69.9,2,ask,YieldingYams,Dinh Nguyen,3719728
2026-07-14T21:03:48.777125,2026-07-14T21:03:48.786142+00:00,70.0,200,bid,YieldingYams,WavyWalnuts,3719734
2026-07-14T21:03:48.777125,2026-07-14T21:03:48.786142+00:00,70.0,425,bid,YieldingYams,AverageAlmonds,3719735
2026-07-14T21:03:49.344574,2026-07-14T21:03:49.347680+00:00,69.9,17,ask,Sze-Yong Ng,AverageAlmonds,3719736
2026-07-14T21:03:49.995589,2026-07-14T21:03:50.004594+00:00,69.9,200,bid,WavyWalnuts,AverageAlmonds,3719752
2026-07-14T21:03:51.202866,2026-07-14T21:03:51.205001+00:00,69.7,200,bid,WavyWalnuts,YieldingYams,3719766
2026-07-14T21:03:52.411034,2026-07-14T21:03:52.416863+00:00,69.8,200,ask,YieldingYams,WavyWalnuts,3719785
2026-07-14T21:03:54.028005,2026-07-14T21:03:54.031069+00:00,69.7,200,ask,WavyWalnuts,YieldingYams,3719817
2026-07-14T21:03:54.823334,2026-07-14T21:03:54.825307+00:00,69.6,200,bid,WavyWalnuts,YieldingYams,3719825
2026-07-14T21:03:55.033136,2026-07-14T21:03:55.039602+00:00,69.6,20,bid,BrilliantBurritos,YieldingYams,3719831
2026-07-14T21:03:56.034738,2026-07-14T21:03:56.039565+00:00,69.8,200,bid,WavyWalnuts,YieldingYams,3719842
2026-07-14T21:03:56.661102,2026-07-14T21:03:56.665781+00:00,69.8,17,bid,YieldingYams,Sze-Yong Ng,3719855
2026-07-14T21:03:56.661102,2026-07-14T21:03:56.665781+00:00,69.8,500,bid,YieldingYams,AverageAlmonds,3719856
2026-07-14T21:03:56.864692,2026-07-14T21:03:56.874728+00:00,69.8,20,ask,YieldingYams,BrilliantBurritos,3719863
2026-07-14T21:03:56.983353,2026-07-14T21:03:56.991169+00:00,69.8,2,ask,YieldingYams,Dinh Nguyen,3719867
2026-07-14T21:03:57.229569,2026-07-14T21:03:57.236921+00:00,69.8,86,ask,YieldingYams,AverageAlmonds,3719869
2026-07-14T21:03:57.245080,2026-07-14T21:03:57.247664+00:00,69.8,200,bid,WavyWalnuts,AverageAlmonds,3719870
2026-07-14T21:03:58.457558,2026-07-14T21:03:58.469487+00:00,69.7,25,bid,Dinh Nguyen,YieldingYams,3719882
2026-07-14T21:03:58.460934,2026-07-14T21:03:58.469487+00:00,69.7,200,bid,WavyWalnuts,YieldingYams,3719883
2026-07-14T21:04:00.606343,2026-07-14T21:04:00.619674+00:00,69.7,200,bid,YieldingYams,WavyWalnuts,3719914
2026-07-14T21:04:02.066086,2026-07-14T21:04:02.077807+00:00,69.8,200,ask,WavyWalnuts,AverageAlmonds,3719936
2026-07-14T21:04:03.316923,2026-07-14T21:04:03.327487+00:00,69.7,200,ask,YieldingYams,WavyWalnuts,3719954
2026-07-14T21:04:03.978872,2026-07-14T21:04:03.990923+00:00,69.8,9,bid,BrilliantBurritos,Sze-Yong Ng,3719966
2026-07-14T21:04:03.978872,2026-07-14T21:04:03.990923+00:00,69.8,11,bid,BrilliantBurritos,AverageAlmonds,3719967
2026-07-14T21:04:04.543589,2026-07-14T21:04:04.549374+00:00,69.8,500,bid,YieldingYams,AverageAlmonds,3719981
2026-07-14T21:04:04.543589,2026-07-14T21:04:04.549374+00:00,69.8,125,bid,YieldingYams,WavyWalnuts,3719982
2026-07-14T21:04:05.730812,2026-07-14T21:04:05.741099+00:00,69.7,200,bid,WavyWalnuts,AverageAlmonds,3720004
2026-07-14T21:04:06.939756,2026-07-14T21:04:06.948254+00:00,69.5,200,bid,WavyWalnuts,YieldingYams,3720018
2026-07-14T21:04:08.150151,2026-07-14T21:04:08.158751+00:00,69.7,200,bid,WavyWalnuts,YieldingYams,3720040
2026-07-14T21:04:09.363667,2026-07-14T21:04:09.372596+00:00,69.6,200,bid,WavyWalnuts,YieldingYams,3720062
2026-07-14T21:04:11.104420,2026-07-14T21:04:11.106672+00:00,69.7,200,bid,YieldingYams,WavyWalnuts,3720090
2026-07-14T21:04:11.636215,2026-07-14T21:04:11.642374+00:00,69.8,20,bid,BrilliantBurritos,YieldingYams,3720100
2026-07-14T21:04:11.780310,2026-07-14T21:04:11.782595+00:00,69.8,200,bid,WavyWalnuts,YieldingYams,3720104
2026-07-14T21:04:12.990222,2026-07-14T21:04:13.000885+00:00,69.7,200,ask,YieldingYams,WavyWalnuts,3720126
2026-07-14T21:04:15.056887,2026-07-14T21:04:15.065718+00:00,69.7,200,ask,WavyWalnuts,YieldingYams,3720170
2026-07-14T21:04:15.419207,2026-07-14T21:04:15.429652+00:00,69.5,200,ask,YieldingYams,WavyWalnuts,3720173
2026-07-14T21:04:17.677737,2026-07-14T21:04:17.688121+00:00,69.5,9,ask,Sze-Yong Ng,YieldingYams,3720196
2026-07-14T21:04:17.677737,2026-07-14T21:04:17.688121+00:00,69.5,200,ask,WavyWalnuts,YieldingYams,3720197
2026-07-14T21:04:17.677737,2026-07-14T21:04:17.688121+00:00,69.4,416,ask,AverageAlmonds,YieldingYams,3720198
2026-07-14T21:04:17.734403,2026-07-14T21:04:17.743129+00:00,69.7,20,bid,BrilliantBurritos,WavyWalnuts,3720200
2026-07-14T21:04:17.838793,2026-07-14T21:04:17.846888+00:00,69.5,200,ask,AverageAlmonds,WavyWalnuts,3720204
2026-07-14T21:04:19.058257,2026-07-14T21:04:19.060790+00:00,69.7,20,ask,YieldingYams,BrilliantBurritos,3720230
2026-07-14T21:04:22.695062,2026-07-14T21:04:22.704187+00:00,69.8,200,bid,WavyWalnuts,YieldingYams,3720275
2026-07-14T21:04:22.913720,2026-07-14T21:04:22.918494+00:00,69.8,500,bid,YieldingYams,AverageAlmonds,3720278
2026-07-14T21:04:23.263388,2026-07-14T21:04:23.273142+00:00,69.9,125,ask,YieldingYams,AverageAlmonds,3720284
2026-07-14T21:04:23.799169,2026-07-14T21:04:23.808163+00:00,69.9,20,bid,BrilliantBurritos,AverageAlmonds,3720288
2026-07-14T21:04:23.902140,2026-07-14T21:04:23.905510+00:00,69.9,9,bid,WavyWalnuts,Sze-Yong Ng,3720290
2026-07-14T21:04:23.902140,2026-07-14T21:04:23.905510+00:00,69.9,191,bid,WavyWalnuts,AverageAlmonds,3720291
2026-07-14T21:04:27.542166,2026-07-14T21:04:27.554266+00:00,69.7,200,ask,YieldingYams,WavyWalnuts,3720337
2026-07-14T21:04:30.878852,2026-07-14T21:04:30.890188+00:00,69.9,20,ask,WavyWalnuts,BrilliantBurritos,3720382
2026-07-14T21:04:32.386171,2026-07-14T21:04:32.390461+00:00,70.0,200,bid,WavyWalnuts,AverageAlmonds,3720411
2026-07-14T21:04:36.040681,2026-07-14T21:04:36.047974+00:00,70.0,500,bid,YieldingYams,AverageAlmonds,3720453
2026-07-14T21:04:36.040681,2026-07-14T21:04:36.047974+00:00,70.0,125,bid,YieldingYams,WavyWalnuts,3720454
2026-07-14T21:04:37.354723,2026-07-14T21:04:37.369483+00:00,69.9,200,ask,WavyWalnuts,YieldingYams,3720469
2026-07-14T21:04:38.429448,2026-07-14T21:04:38.431938+00:00,69.7,200,bid,WavyWalnuts,YieldingYams,3720488
2026-07-14T21:04:41.113025,2026-07-14T21:04:41.119294+00:00,69.7,20,ask,YieldingYams,BrilliantBurritos,3720523
2026-07-14T21:04:42.075638,2026-07-14T21:04:42.087906+00:00,69.8,200,ask,YieldingYams,WavyWalnuts,3720533
2026-07-14T21:04:42.612612,2026-07-14T21:04:42.622452+00:00,69.6,500,ask,AverageAlmonds,YieldingYams,3720545
2026-07-14T21:04:42.612612,2026-07-14T21:04:42.622452+00:00,69.6,125,ask,WavyWalnuts,YieldingYams,3720546
2026-07-14T21:04:43.923384,2026-07-14T21:04:43.925866+00:00,69.8,200,bid,YieldingYams,WavyWalnuts,3720569
2026-07-14T21:04:44.492177,2026-07-14T21:04:44.500628+00:00,69.9,200,ask,YieldingYams,WavyWalnuts,3720575
2026-07-14T21:04:45.238504,2026-07-14T21:04:45.247313+00:00,70.0,500,bid,YieldingYams,AverageAlmonds,3720592
2026-07-14T21:04:45.685507,2026-07-14T21:04:45.694348+00:00,70.0,125,ask,YieldingYams,AverageAlmonds,3720597
2026-07-14T21:04:49.909752,2026-07-14T21:04:49.915678+00:00,69.7,500,bid,AverageAlmonds,YieldingYams,3720651
2026-07-14T21:04:50.482791,2026-07-14T21:04:50.528259+00:00,69.8,200,bid,YieldingYams,WavyWalnuts,3720663
2026-07-14T21:04:51.799486,2026-07-14T21:04:51.810602+00:00,69.8,200,ask,WavyWalnuts,YieldingYams,3720682
2026-07-14T21:04:52.979973,2026-07-14T21:04:52.988772+00:00,69.8,200,bid,WavyWalnuts,YieldingYams,3720703
2026-07-14T21:04:54.417176,2026-07-14T21:04:54.426935+00:00,70.0,200,bid,YieldingYams,WavyWalnuts,3720721
2026-07-14T21:04:55.393719,2026-07-14T21:04:55.470270+00:00,70.1,200,bid,WavyWalnuts,AverageAlmonds,3720734
2026-07-14T21:04:59.927855,2026-07-14T21:04:59.938674+00:00,70.0,20,bid,BrilliantBurritos,AverageAlmonds,3720797
2026-07-14T21:05:00.235612,2026-07-14T21:05:00.246166+00:00,70.0,200,bid,WavyWalnuts,YieldingYams,3720805
2026-07-14T21:05:01.444800,2026-07-14T21:05:01.449404+00:00,70.0,200,bid,WavyWalnuts,YieldingYams,3720820
2026-07-14T21:05:02.655053,2026-07-14T21:05:02.663335+00:00,69.9,200,ask,YieldingYams,WavyWalnuts,3720836
2026-07-14T21:05:03.869335,2026-07-14T21:05:03.880322+00:00,69.8,200,bid,WavyWalnuts,YieldingYams,3720868
2026-07-14T21:05:05.077559,2026-07-14T21:05:05.079501+00:00,69.9,200,bid,WavyWalnuts,YieldingYams,3720884
2026-07-14T21:05:06.294432,2026-07-14T21:05:06.305837+00:00,69.9,200,ask,YieldingYams,WavyWalnuts,3720900
2026-07-14T21:05:07.501765,2026-07-14T21:05:07.503873+00:00,70.0,43,bid,WavyWalnuts,Sze-Yong Ng,3720919
2026-07-14T21:05:07.529529,2026-07-14T21:05:07.535963+00:00,70.0,157,ask,WavyWalnuts,YieldingYams,3720921
2026-07-14T21:05:08.710329,2026-07-14T21:05:08.721393+00:00,70.0,200,bid,WavyWalnuts,YieldingYams,3720945
2026-07-14T21:05:09.925743,2026-07-14T21:05:09.937946+00:00,70.0,200,ask,YieldingYams,WavyWalnuts,3720955
2026-07-14T21:05:11.457906,2026-07-14T21:05:11.462192+00:00,70.2,500,bid,YieldingYams,AverageAlmonds,3720976
2026-07-14T21:05:11.457906,2026-07-14T21:05:11.462192+00:00,70.2,125,bid,YieldingYams,WavyWalnuts,3720977
2026-07-14T21:05:11.803289,2026-07-14T21:05:11.814134+00:00,70.0,20,ask,Sze-Yong Ng,BrilliantBurritos,3720979
2026-07-14T21:05:12.780103,2026-07-14T21:05:12.788482+00:00,70.0,10,ask,Sze-Yong Ng,YieldingYams,3720994
2026-07-14T21:05:12.780103,2026-07-14T21:05:12.788482+00:00,70.0,200,ask,WavyWalnuts,YieldingYams,3720995
2026-07-14T21:05:13.554949,2026-07-14T21:05:13.563522+00:00,69.9,200,bid,WavyWalnuts,YieldingYams,3721005
2026-07-14T21:05:14.337949,2026-07-14T21:05:14.342149+00:00,70.0,25,ask,YieldingYams,Dinh Nguyen,3721023
2026-07-14T21:05:14.763263,2026-07-14T21:05:14.765582+00:00,70.1,200,bid,WavyWalnuts,YieldingYams,3721027
2026-07-14T21:05:14.835882,2026-07-14T21:05:14.839795+00:00,70.0,20,ask,YieldingYams,BrilliantBurritos,3721028
2026-07-14T21:05:14.861057,2026-07-14T21:05:14.871590+00:00,70.1,2,bid,Dinh Nguyen,YieldingYams,3721029
2026-07-14T21:05:16.078063,2026-07-14T21:05:16.090319+00:00,70.1,2,bid,Dinh Nguyen,Sze-Yong Ng,3721046
2026-07-14T21:05:16.580171,2026-07-14T21:05:16.585804+00:00,70.0,200,ask,WavyWalnuts,AverageAlmonds,3721050
2026-07-14T21:05:17.358665,2026-07-14T21:05:17.377870+00:00,69.9,2,bid,Dinh Nguyen,WavyWalnuts,3721061
2026-07-14T21:05:18.040123,2026-07-14T21:05:18.056677+00:00,69.8,200,ask,WavyWalnuts,YieldingYams,3721068
2026-07-14T21:05:18.403983,2026-07-14T21:05:18.412660+00:00,69.8,200,bid,WavyWalnuts,YieldingYams,3721073
2026-07-14T21:05:18.626009,2026-07-14T21:05:18.636097+00:00,69.8,2,bid,Dinh Nguyen,YieldingYams,3721075
2026-07-14T21:05:19.351311,2026-07-14T21:05:19.359656+00:00,69.8,21,bid,YieldingYams,Sze-Yong Ng,3721086
2026-07-14T21:05:19.612062,2026-07-14T21:05:19.615715+00:00,69.8,200,ask,YieldingYams,WavyWalnuts,3721087
2026-07-14T21:05:21.094029,2026-07-14T21:05:21.104833+00:00,69.8,2,bid,Dinh Nguyen,YieldingYams,3721101
2026-07-14T21:05:21.976731,2026-07-14T21:05:21.988577+00:00,69.7,200,ask,WavyWalnuts,YieldingYams,3721109
2026-07-14T21:05:22.356013,2026-07-14T21:05:22.361646+00:00,69.7,2,bid,Dinh Nguyen,YieldingYams,3721118
2026-07-14T21:05:23.231228,2026-07-14T21:05:23.235914+00:00,69.7,423,bid,AverageAlmonds,YieldingYams,3721130
2026-07-14T21:05:23.231228,2026-07-14T21:05:23.235914+00:00,69.7,38,bid,AverageAlmonds,Sze-Yong Ng,3721131
2026-07-14T21:05:23.283424,2026-07-14T21:05:23.297272+00:00,69.8,200,bid,YieldingYams,WavyWalnuts,3721132
2026-07-14T21:05:24.476968,2026-07-14T21:05:24.484669+00:00,69.9,200,ask,YieldingYams,WavyWalnuts,3721149
2026-07-14T21:05:24.796988,2026-07-14T21:05:24.808598+00:00,69.9,2,bid,Dinh Nguyen,YieldingYams,3721154
2026-07-14T21:05:25.905179,2026-07-14T21:05:25.918177+00:00,69.8,200,ask,WavyWalnuts,YieldingYams,3721164
2026-07-14T21:05:26.079988,2026-07-14T21:05:26.088957+00:00,69.7,2,bid,Dinh Nguyen,YieldingYams,3721169
2026-07-14T21:05:26.889777,2026-07-14T21:05:26.898993+00:00,69.7,200,bid,WavyWalnuts,YieldingYams,3721180
2026-07-14T21:05:27.216887,2026-07-14T21:05:27.218668+00:00,69.7,59,bid,YieldingYams,Sze-Yong Ng,3721183
2026-07-14T21:05:27.309064,2026-07-14T21:05:27.315555+00:00,69.9,2,bid,Dinh Nguyen,WavyWalnuts,3721184
2026-07-14T21:05:28.101682,2026-07-14T21:05:28.105076+00:00,69.8,200,ask,YieldingYams,WavyWalnuts,3721191
2026-07-14T21:05:28.571978,2026-07-14T21:05:28.577171+00:00,69.8,2,bid,Dinh Nguyen,YieldingYams,3721196
2026-07-14T21:05:29.307237,2026-07-14T21:05:29.312752+00:00,69.8,200,bid,WavyWalnuts,YieldingYams,3721210
2026-07-14T21:05:29.802049,2026-07-14T21:05:29.811490+00:00,69.8,1,bid,Dinh Nguyen,YieldingYams,3721216
2026-07-14T21:05:30.517333,2026-07-14T21:05:30.526132+00:00,69.9,200,ask,YieldingYams,WavyWalnuts,3721224
2026-07-14T21:05:31.159301,2026-07-14T21:05:31.169918+00:00,69.9,97,ask,Sze-Yong Ng,YieldingYams,3721233
2026-07-14T21:05:31.723543,2026-07-14T21:05:31.733687+00:00,69.8,200,bid,WavyWalnuts,YieldingYams,3721236
2026-07-14T21:05:32.470154,2026-07-14T21:05:32.478423+00:00,69.9,200,bid,YieldingYams,WavyWalnuts,3721244
2026-07-14T21:05:33.785395,2026-07-14T21:05:33.792451+00:00,69.8,200,ask,WavyWalnuts,YieldingYams,3721260
2026-07-14T21:05:34.049273,2026-07-14T21:05:34.056633+00:00,69.7,20,ask,YieldingYams,BrilliantBurritos,3721265
2026-07-14T21:05:35.360652,2026-07-14T21:05:35.371394+00:00,69.8,200,ask,YieldingYams,WavyWalnuts,3721281
2026-07-14T21:05:38.755017,2026-07-14T21:05:38.764807+00:00,69.7,20,ask,YieldingYams,BrilliantBurritos,3721329
2026-07-14T21:05:40.344377,2026-07-14T21:05:40.356807+00:00,69.9,200,bid,YieldingYams,WavyWalnuts,3721345
2026-07-14T21:05:41.408530,2026-07-14T21:05:41.419136+00:00,70.0,200,ask,YieldingYams,WavyWalnuts,3721361
2026-07-14T21:05:42.624957,2026-07-14T21:05:42.627742+00:00,70.0,200,ask,YieldingYams,WavyWalnuts,3721372
2026-07-14T21:05:45.042022,2026-07-14T21:05:45.044365+00:00,69.9,200,ask,YieldingYams,WavyWalnuts,3721396
2026-07-14T21:05:48.221688,2026-07-14T21:05:48.230274+00:00,69.9,200,ask,WavyWalnuts,YieldingYams,3721435
2026-07-14T21:05:50.844994,2026-07-14T21:05:50.851768+00:00,69.8,4,ask,Sze-Yong Ng,YieldingYams,3721464
2026-07-14T21:05:50.844994,2026-07-14T21:05:50.851768+00:00,69.8,200,ask,WavyWalnuts,YieldingYams,3721465
2026-07-14T21:05:53.640092,2026-07-14T21:05:53.646194+00:00,69.8,20,bid,BrilliantBurritos,WavyWalnuts,3721494
2026-07-14T21:05:54.739269,2026-07-14T21:05:54.745652+00:00,69.7,200,ask,YieldingYams,WavyWalnuts,3721507
2026-07-14T21:05:57.405641,2026-07-14T21:05:57.414435+00:00,69.7,200,bid,YieldingYams,WavyWalnuts,3721543
2026-07-14T21:05:58.064098,2026-07-14T21:05:58.068021+00:00,69.7,20,ask,YieldingYams,BrilliantBurritos,3721550
2026-07-14T21:05:58.370264,2026-07-14T21:05:58.378712+00:00,69.7,200,ask,YieldingYams,WavyWalnuts,3721553
2026-07-14T21:05:58.717568,2026-07-14T21:05:58.734108+00:00,69.7,19,ask,Sze-Yong Ng,YieldingYams,3721556
2026-07-14T21:05:58.717568,2026-07-14T21:05:58.734108+00:00,69.7,500,ask,AverageAlmonds,YieldingYams,3721557
2026-07-14T21:06:00.028340,2026-07-14T21:06:00.037021+00:00,69.7,200,bid,YieldingYams,WavyWalnuts,3721581
2026-07-14T21:06:00.791783,2026-07-14T21:06:00.801064+00:00,69.9,200,ask,YieldingYams,WavyWalnuts,3721589
2026-07-14T21:06:01.999218,2026-07-14T21:06:02.007687+00:00,70.0,200,bid,WavyWalnuts,YieldingYams,3721601
2026-07-14T21:06:02.650708,2026-07-14T21:06:02.655759+00:00,70.0,500,bid,YieldingYams,AverageAlmonds,3721618
2026-07-14T21:06:03.169623,2026-07-14T21:06:03.171635+00:00,70.0,125,ask,YieldingYams,AverageAlmonds,3721628
2026-07-14T21:06:03.169623,2026-07-14T21:06:03.192267+00:00,70.0,13,ask,Sze-Yong Ng,AverageAlmonds,3721629
2026-07-14T21:06:05.269310,2026-07-14T21:06:05.287546+00:00,69.9,200,bid,YieldingYams,WavyWalnuts,3721653
2026-07-14T21:06:06.580745,2026-07-14T21:06:06.588484+00:00,70.0,200,ask,WavyWalnuts,YieldingYams,3721676
2026-07-14T21:06:06.834894,2026-07-14T21:06:06.844233+00:00,69.9,200,bid,WavyWalnuts,YieldingYams,3721677
2026-07-14T21:06:07.892795,2026-07-14T21:06:07.899706+00:00,69.9,13,bid,YieldingYams,Sze-Yong Ng,3721688
2026-07-14T21:06:07.892795,2026-07-14T21:06:07.899706+00:00,70.0,500,bid,YieldingYams,AverageAlmonds,3721689
2026-07-14T21:06:08.015576,2026-07-14T21:06:08.028674+00:00,70.0,112,ask,YieldingYams,AverageAlmonds,3721690
2026-07-14T21:06:10.198615,2026-07-14T21:06:10.202928+00:00,69.9,20,bid,BrilliantBurritos,YieldingYams,3721722
2026-07-14T21:06:10.479618,2026-07-14T21:06:10.484373+00:00,69.8,200,ask,YieldingYams,WavyWalnuts,3721731
2026-07-14T21:06:11.685929,2026-07-14T21:06:11.693819+00:00,69.7,200,bid,WavyWalnuts,YieldingYams,3721749
2026-07-14T21:06:12.895343,2026-07-14T21:06:12.904536+00:00,69.7,200,bid,WavyWalnuts,YieldingYams,3721764
2026-07-14T21:06:15.322797,2026-07-14T21:06:15.325646+00:00,69.8,200,bid,WavyWalnuts,YieldingYams,3721792
2026-07-14T21:06:19.687384,2026-07-14T21:06:19.689827+00:00,69.8,200,bid,YieldingYams,WavyWalnuts,3721853
2026-07-14T21:06:19.687384,2026-07-14T21:06:19.700595+00:00,69.8,61,bid,YieldingYams,Sze-Yong Ng,3721854
2026-07-14T21:06:21.007272,2026-07-14T21:06:21.012023+00:00,69.8,200,ask,WavyWalnuts,YieldingYams,3721872
2026-07-14T21:06:22.319630,2026-07-14T21:06:22.330221+00:00,69.7,200,bid,YieldingYams,WavyWalnuts,3721886
2026-07-14T21:06:22.515435,2026-07-14T21:06:22.521497+00:00,69.8,25,ask,YieldingYams,Johan Shajee,3721890
2026-07-14T21:06:22.587106,2026-07-14T21:06:22.596460+00:00,69.8,200,ask,YieldingYams,WavyWalnuts,3721896
2026-07-14T21:06:26.259864,2026-07-14T21:06:26.261989+00:00,69.6,200,ask,WavyWalnuts,YieldingYams,3721945
2026-07-14T21:06:26.933787,2026-07-14T21:06:26.943146+00:00,69.5,25,ask,YieldingYams,Johan Shajee,3721953
2026-07-14T21:06:27.144658,2026-07-14T21:06:27.156070+00:00,69.5,25,ask,YieldingYams,Johan Shajee,3721957
2026-07-14T21:06:27.572654,2026-07-14T21:06:27.584022+00:00,69.6,38,bid,YieldingYams,Sze-Yong Ng,3721965
2026-07-14T21:06:29.883530,2026-07-14T21:06:29.891409+00:00,69.7,20,bid,BrilliantBurritos,YieldingYams,3721992
2026-07-14T21:06:30.199610,2026-07-14T21:06:30.210425+00:00,69.6,200,ask,WavyWalnuts,YieldingYams,3721994
2026-07-14T21:06:32.251887,2026-07-14T21:06:32.263431+00:00,69.5,200,bid,WavyWalnuts,YieldingYams,3722023
2026-07-14T21:06:32.820006,2026-07-14T21:06:32.823417+00:00,69.8,500,bid,YieldingYams,AverageAlmonds,3722029
2026-07-14T21:06:32.820006,2026-07-14T21:06:32.833967+00:00,69.8,125,bid,YieldingYams,WavyWalnuts,3722030
2026-07-14T21:06:33.568516,2026-07-14T21:06:33.570616+00:00,69.7,25,ask,WavyWalnuts,Johan Shajee,3722044
2026-07-14T21:06:33.778210,2026-07-14T21:06:33.782616+00:00,69.7,25,ask,WavyWalnuts,Johan Shajee,3722049
2026-07-14T21:06:33.989584,2026-07-14T21:06:33.994916+00:00,69.7,25,ask,WavyWalnuts,Johan Shajee,3722055
2026-07-14T21:06:34.167338,2026-07-14T21:06:34.175794+00:00,69.7,125,ask,WavyWalnuts,YieldingYams,3722061
2026-07-14T21:06:34.866376,2026-07-14T21:06:34.874381+00:00,69.6,20,bid,BrilliantBurritos,YieldingYams,3722068
2026-07-14T21:06:35.893652,2026-07-14T21:06:35.898557+00:00,69.5,200,ask,YieldingYams,WavyWalnuts,3722077
2026-07-14T21:06:37.298203,2026-07-14T21:06:37.305016+00:00,69.6,20,bid,BrilliantBurritos,YieldingYams,3722095
2026-07-14T21:06:38.112725,2026-07-14T21:06:38.115855+00:00,69.5,20,ask,Sze-Yong Ng,BrilliantBurritos,3722102
2026-07-14T21:06:40.740180,2026-07-14T21:06:40.750851+00:00,69.5,18,ask,Sze-Yong Ng,YieldingYams,3722132
2026-07-14T21:06:40.744852,2026-07-14T21:06:40.750851+00:00,69.4,200,bid,WavyWalnuts,YieldingYams,3722133
2026-07-14T21:06:41.952983,2026-07-14T21:06:41.962838+00:00,69.4,200,bid,WavyWalnuts,YieldingYams,3722150
2026-07-14T21:06:42.214871,2026-07-14T21:06:42.227150+00:00,69.5,25,ask,YieldingYams,Johan Shajee,3722153
2026-07-14T21:06:42.426595,2026-07-14T21:06:42.429347+00:00,69.5,25,ask,YieldingYams,Johan Shajee,3722157
2026-07-14T21:06:43.162319,2026-07-14T21:06:43.173379+00:00,69.5,200,ask,YieldingYams,WavyWalnuts,3722169
2026-07-14T21:06:43.203411,2026-07-14T21:06:43.215606+00:00,69.5,25,ask,YieldingYams,Dinh Nguyen,3722170
2026-07-14T21:06:44.376648,2026-07-14T21:06:44.384770+00:00,69.4,200,ask,YieldingYams,WavyWalnuts,3722194
2026-07-14T21:06:45.585546,2026-07-14T21:06:45.587447+00:00,69.4,200,ask,YieldingYams,WavyWalnuts,3722202
2026-07-14T21:06:46.272019,2026-07-14T21:06:46.279684+00:00,69.5,2,bid,Dinh Nguyen,YieldingYams,3722208
2026-07-14T21:06:46.801762,2026-07-14T21:06:46.812812+00:00,69.4,200,ask,AverageAlmonds,WavyWalnuts,3722211
2026-07-14T21:06:47.391117,2026-07-14T21:06:47.400202+00:00,69.4,20,ask,AverageAlmonds,BrilliantBurritos,3722216
2026-07-14T21:06:47.534077,2026-07-14T21:06:47.539730+00:00,69.5,2,bid,Dinh Nguyen,Sze-Yong Ng,3722222
2026-07-14T21:06:48.767116,2026-07-14T21:06:48.769602+00:00,69.5,2,bid,Dinh Nguyen,Sze-Yong Ng,3722234
2026-07-14T21:06:49.989104,2026-07-14T21:06:49.993419+00:00,69.5,2,bid,Dinh Nguyen,WavyWalnuts,3722248
2026-07-14T21:06:50.426275,2026-07-14T21:06:50.429042+00:00,69.4,4,ask,Sze-Yong Ng,WavyWalnuts,3722251
2026-07-14T21:06:50.426275,2026-07-14T21:06:50.439695+00:00,69.4,196,ask,YieldingYams,WavyWalnuts,3722252
2026-07-14T21:06:51.211059,2026-07-14T21:06:51.215572+00:00,69.6,1,bid,Dinh Nguyen,YieldingYams,3722265
2026-07-14T21:06:52.545079,2026-07-14T21:06:52.548422+00:00,69.4,200,ask,WavyWalnuts,YieldingYams,3722279
2026-07-14T21:06:52.824134,2026-07-14T21:06:52.835776+00:00,69.4,425,bid,AverageAlmonds,YieldingYams,3722281
2026-07-14T21:06:53.852630,2026-07-14T21:06:53.859058+00:00,69.5,200,bid,YieldingYams,WavyWalnuts,3722291
2026-07-14T21:06:54.053344,2026-07-14T21:06:54.061941+00:00,69.6,200,ask,YieldingYams,WavyWalnuts,3722292
2026-07-14T21:06:55.164277,2026-07-14T21:06:55.167440+00:00,69.5,200,ask,WavyWalnuts,YieldingYams,3722310
2026-07-14T21:06:55.164277,2026-07-14T21:06:55.178460+00:00,69.5,425,ask,AverageAlmonds,YieldingYams,3722311
2026-07-14T21:06:57.072875,2026-07-14T21:06:57.081830+00:00,69.8,20,bid,BrilliantBurritos,WavyWalnuts,3722325
2026-07-14T21:06:57.677532,2026-07-14T21:06:57.689243+00:00,69.8,200,bid,WavyWalnuts,YieldingYams,3722337
2026-07-14T21:06:57.782959,2026-07-14T21:06:57.785527+00:00,69.8,500,bid,YieldingYams,AverageAlmonds,3722339
2026-07-14T21:06:58.276797,2026-07-14T21:06:58.284074+00:00,69.8,125,ask,YieldingYams,AverageAlmonds,3722345
2026-07-14T21:07:00.096050,2026-07-14T21:07:00.107907+00:00,69.6,20,ask,WavyWalnuts,BrilliantBurritos,3722371
2026-07-14T21:07:00.122589,2026-07-14T21:07:00.129275+00:00,69.7,200,bid,WavyWalnuts,YieldingYams,3722372
2026-07-14T21:07:00.403390,2026-07-14T21:07:00.405213+00:00,69.7,500,bid,YieldingYams,AverageAlmonds,3722376
2026-07-14T21:07:00.683802,2026-07-14T21:07:00.692341+00:00,69.8,125,ask,YieldingYams,AverageAlmonds,3722381
2026-07-14T21:07:01.329833,2026-07-14T21:07:01.341342+00:00,69.7,200,bid,WavyWalnuts,AverageAlmonds,3722389
2026-07-14T21:07:02.537038,2026-07-14T21:07:02.541794+00:00,69.5,200,bid,WavyWalnuts,YieldingYams,3722417
2026-07-14T21:07:04.357733,2026-07-14T21:07:04.366692+00:00,69.5,200,ask,WavyWalnuts,YieldingYams,3722429
2026-07-14T21:07:04.956647,2026-07-14T21:07:04.962525+00:00,69.5,200,bid,WavyWalnuts,YieldingYams,3722437
2026-07-14T21:07:06.975687,2026-07-14T21:07:06.977661+00:00,69.5,200,ask,WavyWalnuts,YieldingYams,3722462
2026-07-14T21:07:06.975687,2026-07-14T21:07:06.988381+00:00,69.4,425,ask,AverageAlmonds,YieldingYams,3722463
2026-07-14T21:07:09.787050,2026-07-14T21:07:09.792706+00:00,69.7,200,bid,WavyWalnuts,YieldingYams,3722483
2026-07-14T21:07:13.448802,2026-07-14T21:07:13.450745+00:00,69.6,200,ask,YieldingYams,WavyWalnuts,3722520
2026-07-14T21:07:14.706052,2026-07-14T21:07:14.712658+00:00,69.7,25,bid,Johan Shajee,WavyWalnuts,3722536
2026-07-14T21:07:14.849115,2026-07-14T21:07:14.852318+00:00,69.7,175,bid,YieldingYams,WavyWalnuts,3722539
2026-07-14T21:07:15.864938,2026-07-14T21:07:15.876970+00:00,69.7,200,ask,YieldingYams,WavyWalnuts,3722553
2026-07-14T21:07:19.499229,2026-07-14T21:07:19.503329+00:00,69.8,200,bid,WavyWalnuts,AverageAlmonds,3722597
2026-07-14T21:07:21.402466,2026-07-14T21:07:21.404561+00:00,69.8,200,bid,YieldingYams,WavyWalnuts,3722627
2026-07-14T21:07:21.402466,2026-07-14T21:07:21.415269+00:00,69.8,425,bid,YieldingYams,AverageAlmonds,3722628
2026-07-14T21:07:22.712419,2026-07-14T21:07:22.718585+00:00,69.7,42,ask,Sze-Yong Ng,YieldingYams,3722646
2026-07-14T21:07:22.712419,2026-07-14T21:07:22.718585+00:00,69.6,200,ask,WavyWalnuts,YieldingYams,3722647
2026-07-14T21:07:23.125151,2026-07-14T21:07:23.133138+00:00,69.6,200,bid,WavyWalnuts,YieldingYams,3722659
2026-07-14T21:07:24.264293,2026-07-14T21:07:24.269594+00:00,69.7,20,bid,BrilliantBurritos,WavyWalnuts,3722678
2026-07-14T21:07:24.333834,2026-07-14T21:07:24.345368+00:00,69.6,200,ask,YieldingYams,WavyWalnuts,3722679
2026-07-14T21:07:25.337722,2026-07-14T21:07:25.345044+00:00,69.4,200,ask,WavyWalnuts,YieldingYams,3722691
2026-07-14T21:07:25.337722,2026-07-14T21:07:25.345044+00:00,69.4,425,ask,AverageAlmonds,YieldingYams,3722692
2026-07-14T21:07:26.746474,2026-07-14T21:07:26.748666+00:00,69.6,200,ask,YieldingYams,WavyWalnuts,3722727
2026-07-14T21:07:27.961249,2026-07-14T21:07:27.964740+00:00,69.6,200,ask,WavyWalnuts,YieldingYams,3722743
2026-07-14T21:07:30.386557,2026-07-14T21:07:30.388759+00:00,69.4,200,ask,YieldingYams,WavyWalnuts,3722771
2026-07-14T21:07:30.586432,2026-07-14T21:07:30.592905+00:00,69.4,500,ask,AverageAlmonds,YieldingYams,3722772
2026-07-14T21:07:30.586432,2026-07-14T21:07:30.592905+00:00,69.3,125,ask,WavyWalnuts,YieldingYams,3722773
2026-07-14T21:07:31.894001,2026-07-14T21:07:31.896514+00:00,69.5,200,bid,YieldingYams,WavyWalnuts,3722789
2026-07-14T21:07:32.805857,2026-07-14T21:07:32.816003+00:00,69.5,200,ask,YieldingYams,WavyWalnuts,3722804
2026-07-14T21:07:33.208545,2026-07-14T21:07:33.213186+00:00,69.4,500,ask,AverageAlmonds,YieldingYams,3722809
2026-07-14T21:07:33.208545,2026-07-14T21:07:33.213186+00:00,69.3,125,ask,WavyWalnuts,YieldingYams,3722810
2026-07-14T21:07:33.825971,2026-07-14T21:07:33.831916+00:00,69.3,20,ask,WavyWalnuts,BrilliantBurritos,3722825
2026-07-14T21:07:34.018961,2026-07-14T21:07:34.029288+00:00,69.4,200,ask,AverageAlmonds,WavyWalnuts,3722831
2026-07-14T21:07:34.516165,2026-07-14T21:07:34.529620+00:00,69.6,42,bid,YieldingYams,Sze-Yong Ng,3722842
2026-07-14T21:07:35.835506,2026-07-14T21:07:35.840205+00:00,69.7,200,bid,YieldingYams,WavyWalnuts,3722859
2026-07-14T21:07:37.153666,2026-07-14T21:07:37.156055+00:00,69.7,200,ask,WavyWalnuts,YieldingYams,3722884
2026-07-14T21:07:37.649344,2026-07-14T21:07:37.653448+00:00,69.7,200,bid,WavyWalnuts,YieldingYams,3722891
2026-07-14T21:07:39.761819,2026-07-14T21:07:39.771021+00:00,69.7,25,ask,YieldingYams,Johan Shajee,3722921
2026-07-14T21:07:40.066354,2026-07-14T21:07:40.078418+00:00,69.7,200,bid,WavyWalnuts,YieldingYams,3722923
2026-07-14T21:07:40.633128,2026-07-14T21:07:40.640158+00:00,69.6,25,ask,YieldingYams,Dinh Nguyen,3722935
2026-07-14T21:07:41.085690,2026-07-14T21:07:41.094085+00:00,69.7,61,bid,YieldingYams,Sze-Yong Ng,3722946
2026-07-14T21:07:41.159168,2026-07-14T21:07:41.167653+00:00,69.8,2,bid,Dinh Nguyen,WavyWalnuts,3722947
2026-07-14T21:07:42.424721,2026-07-14T21:07:42.436014+00:00,69.7,25,ask,WavyWalnuts,Dinh Nguyen,3722959
2026-07-14T21:07:43.704894,2026-07-14T21:07:43.710218+00:00,69.7,200,ask,WavyWalnuts,YieldingYams,3722977
2026-07-14T21:07:44.913996,2026-07-14T21:07:44.922342+00:00,69.7,20,bid,BrilliantBurritos,YieldingYams,3722996
2026-07-14T21:07:46.264506,2026-07-14T21:07:46.267095+00:00,69.7,20,ask,WavyWalnuts,BrilliantBurritos,3723011
2026-07-14T21:07:46.325729,2026-07-14T21:07:46.331999+00:00,69.7,180,ask,WavyWalnuts,YieldingYams,3723013
2026-07-14T21:07:48.554159,2026-07-14T21:07:48.558108+00:00,69.8,200,bid,WavyWalnuts,YieldingYams,3723036
2026-07-14T21:07:50.252986,2026-07-14T21:07:50.262818+00:00,69.8,200,ask,WavyWalnuts,YieldingYams,3723056
2026-07-14T21:07:50.961805,2026-07-14T21:07:50.969276+00:00,69.5,20,ask,YieldingYams,BrilliantBurritos,3723061
2026-07-14T21:07:51.729214,2026-07-14T21:07:51.732929+00:00,69.6,20,ask,WavyWalnuts,BrilliantBurritos,3723076
2026-07-14T21:07:54.213333,2026-07-14T21:07:54.218973+00:00,69.6,20,ask,YieldingYams,BrilliantBurritos,3723108
2026-07-14T21:07:55.484410,2026-07-14T21:07:55.560125+00:00,69.6,86,ask,Sze-Yong Ng,YieldingYams,3723125
2026-07-14T21:07:55.484410,2026-07-14T21:07:55.560125+00:00,69.5,200,ask,WavyWalnuts,YieldingYams,3723126
2026-07-14T21:07:55.484410,2026-07-14T21:07:55.560125+00:00,69.5,339,ask,AverageAlmonds,YieldingYams,3723127
2026-07-14T21:07:56.793926,2026-07-14T21:07:56.801456+00:00,69.7,200,bid,YieldingYams,WavyWalnuts,3723141
2026-07-14T21:07:57.035565,2026-07-14T21:07:57.046680+00:00,69.7,200,ask,YieldingYams,WavyWalnuts,3723144
2026-07-14T21:07:58.111790,2026-07-14T21:07:58.118360+00:00,69.6,200,ask,WavyWalnuts,YieldingYams,3723156
2026-07-14T21:07:58.111790,2026-07-14T21:07:58.118360+00:00,69.6,425,ask,AverageAlmonds,YieldingYams,3723157
2026-07-14T21:07:58.613664,2026-07-14T21:07:58.618000+00:00,70.0,25,bid,Johan Shajee,WavyWalnuts,3723167
2026-07-14T21:07:58.850594,2026-07-14T21:07:58.852600+00:00,70.0,25,bid,Johan Shajee,WavyWalnuts,3723170
2026-07-14T21:07:59.061386,2026-07-14T21:07:59.065345+00:00,70.0,25,bid,Johan Shajee,WavyWalnuts,3723175
2026-07-14T21:07:59.273043,2026-07-14T21:07:59.279164+00:00,70.0,25,bid,Johan Shajee,WavyWalnuts,3723177
2026-07-14T21:07:59.475590,2026-07-14T21:07:59.483504+00:00,69.9,200,ask,YieldingYams,WavyWalnuts,3723187
2026-07-14T21:07:59.926193,2026-07-14T21:07:59.931799+00:00,70.1,2,bid,Dinh Nguyen,AverageAlmonds,3723193
2026-07-14T21:08:00.684107,2026-07-14T21:08:00.688397+00:00,69.9,200,ask,YieldingYams,WavyWalnuts,3723205
2026-07-14T21:08:00.886230,2026-07-14T21:08:00.891481+00:00,70.0,25,bid,Johan Shajee,YieldingYams,3723207
2026-07-14T21:08:00.890496,2026-07-14T21:08:00.902074+00:00,69.9,2,ask,Sze-Yong Ng,Johan Shajee,3723208
2026-07-14T21:08:01.095345,2026-07-14T21:08:01.104082+00:00,69.9,2,ask,Sze-Yong Ng,Johan Shajee,3723211
2026-07-14T21:08:01.190168,2026-07-14T21:08:01.200053+00:00,70.0,2,bid,Dinh Nguyen,YieldingYams,3723213
2026-07-14T21:08:01.300168,2026-07-14T21:08:01.307665+00:00,69.9,2,ask,Sze-Yong Ng,Johan Shajee,3723214
2026-07-14T21:08:01.504692,2026-07-14T21:08:01.509669+00:00,69.9,2,ask,Sze-Yong Ng,Johan Shajee,3723222
2026-07-14T21:08:01.710008,2026-07-14T21:08:01.721606+00:00,69.9,2,ask,Sze-Yong Ng,Johan Shajee,3723230
2026-07-14T21:08:01.893254,2026-07-14T21:08:01.902662+00:00,69.9,7,ask,Sze-Yong Ng,WavyWalnuts,3723232
2026-07-14T21:08:01.893254,2026-07-14T21:08:01.902662+00:00,69.8,193,ask,YieldingYams,WavyWalnuts,3723233
2026-07-14T21:08:02.127933,2026-07-14T21:08:02.135208+00:00,69.8,25,bid,Johan Shajee,YieldingYams,3723238
2026-07-14T21:08:02.343906,2026-07-14T21:08:02.346535+00:00,69.8,25,bid,Johan Shajee,YieldingYams,3723241
2026-07-14T21:08:02.555125,2026-07-14T21:08:02.558768+00:00,69.6,1,ask,WavyWalnuts,Johan Shajee,3723252
2026-07-14T21:08:02.669499,2026-07-14T21:08:02.675476+00:00,69.8,25,bid,Dinh Nguyen,YieldingYams,3723255
2026-07-14T21:08:02.932220,2026-07-14T21:08:02.939934+00:00,69.8,2,bid,Dinh Nguyen,YieldingYams,3723264
2026-07-14T21:08:03.103120,2026-07-14T21:08:03.109352+00:00,69.8,200,bid,WavyWalnuts,YieldingYams,3723268
2026-07-14T21:08:04.197154,2026-07-14T21:08:04.209831+00:00,69.9,2,bid,Dinh Nguyen,WavyWalnuts,3723278
2026-07-14T21:08:04.314012,2026-07-14T21:08:04.318122+00:00,69.8,200,ask,YieldingYams,WavyWalnuts,3723280
2026-07-14T21:08:04.966740,2026-07-14T21:08:04.976334+00:00,69.8,25,ask,YieldingYams,Johan Shajee,3723300
2026-07-14T21:08:05.463190,2026-07-14T21:08:05.468461+00:00,69.9,2,bid,Dinh Nguyen,YieldingYams,3723312
2026-07-14T21:08:05.520870,2026-07-14T21:08:05.533139+00:00,69.9,200,bid,WavyWalnuts,YieldingYams,3723313
2026-07-14T21:08:06.726179,2026-07-14T21:08:06.733394+00:00,69.9,2,bid,Dinh Nguyen,Sze-Yong Ng,3723323
2026-07-14T21:08:07.319589,2026-07-14T21:08:07.322032+00:00,69.9,17,bid,YieldingYams,Sze-Yong Ng,3723333
2026-07-14T21:08:07.319589,2026-07-14T21:08:07.332753+00:00,69.9,500,bid,YieldingYams,AverageAlmonds,3723334
2026-07-14T21:08:07.381813,2026-07-14T21:08:07.386995+00:00,69.9,25,ask,YieldingYams,Johan Shajee,3723339
2026-07-14T21:08:07.593426,2026-07-14T21:08:07.600713+00:00,69.9,25,ask,YieldingYams,Johan Shajee,3723344
2026-07-14T21:08:07.602644,2026-07-14T21:08:07.611462+00:00,70.0,2,bid,Johan Shajee,WavyWalnuts,3723346
2026-07-14T21:08:07.807085,2026-07-14T21:08:07.814448+00:00,70.0,2,bid,Johan Shajee,WavyWalnuts,3723348
2026-07-14T21:08:08.011723,2026-07-14T21:08:08.017575+00:00,70.0,2,bid,Johan Shajee,YieldingYams,3723349
2026-07-14T21:08:08.219060,2026-07-14T21:08:08.226491+00:00,70.0,2,bid,Johan Shajee,YieldingYams,3723354
2026-07-14T21:08:08.424453,2026-07-14T21:08:08.430460+00:00,70.0,2,bid,Johan Shajee,YieldingYams,3723357
2026-07-14T21:08:08.505754,2026-07-14T21:08:08.525793+00:00,69.9,58,ask,YieldingYams,AverageAlmonds,3723358
2026-07-14T21:08:08.505754,2026-07-14T21:08:08.525793+00:00,69.9,200,ask,WavyWalnuts,AverageAlmonds,3723359
2026-07-14T21:08:08.629658,2026-07-14T21:08:08.634002+00:00,69.9,1,bid,Johan Shajee,AverageAlmonds,3723366
2026-07-14T21:08:09.146752,2026-07-14T21:08:09.154001+00:00,69.7,200,bid,WavyWalnuts,YieldingYams,3723377
2026-07-14T21:08:09.943753,2026-07-14T21:08:09.951290+00:00,69.7,23,bid,YieldingYams,Sze-Yong Ng,3723393
2026-07-14T21:08:10.327001,2026-07-14T21:08:10.333914+00:00,69.9,20,bid,BrilliantBurritos,YieldingYams,3723396
2026-07-14T21:08:10.358767,2026-07-14T21:08:10.366457+00:00,69.8,200,ask,YieldingYams,WavyWalnuts,3723397
2026-07-14T21:08:11.566554,2026-07-14T21:08:11.569512+00:00,69.9,200,ask,YieldingYams,WavyWalnuts,3723410
2026-07-14T21:08:13.911536,2026-07-14T21:08:13.923439+00:00,69.9,2,bid,Dinh Nguyen,WavyWalnuts,3723430
2026-07-14T21:08:15.120537,2026-07-14T21:08:15.123718+00:00,69.9,2,bid,Dinh Nguyen,WavyWalnuts,3723441
2026-07-14T21:08:16.331516,2026-07-14T21:08:16.336127+00:00,69.9,2,bid,Dinh Nguyen,YieldingYams,3723448
2026-07-14T21:08:17.539577,2026-07-14T21:08:17.541507+00:00,69.9,2,bid,Dinh Nguyen,WavyWalnuts,3723465
2026-07-14T21:08:17.616506,2026-07-14T21:08:17.626805+00:00,69.8,200,ask,YieldingYams,WavyWalnuts,3723467
2026-07-14T21:08:18.745574,2026-07-14T21:08:18.752385+00:00,69.9,2,bid,Dinh Nguyen,AverageAlmonds,3723477
2026-07-14T21:08:18.836065,2026-07-14T21:08:18.838779+00:00,69.9,200,bid,WavyWalnuts,AverageAlmonds,3723483
2026-07-14T21:08:19.319339,2026-07-14T21:08:19.329417+00:00,69.7,20,ask,YieldingYams,BrilliantBurritos,3723486
2026-07-14T21:08:19.951578,2026-07-14T21:08:19.955201+00:00,69.9,1,bid,Dinh Nguyen,YieldingYams,3723500
2026-07-14T21:08:20.043990,2026-07-14T21:08:20.050704+00:00,69.9,200,bid,WavyWalnuts,YieldingYams,3723501
2026-07-14T21:08:20.426038,2026-07-14T21:08:20.430301+00:00,69.9,500,bid,YieldingYams,AverageAlmonds,3723503
2026-07-14T21:08:20.603200,2026-07-14T21:08:20.609948+00:00,69.9,125,ask,YieldingYams,AverageAlmonds,3723504
2026-07-14T21:08:21.252302,2026-07-14T21:08:21.264207+00:00,69.8,200,bid,WavyWalnuts,AverageAlmonds,3723517
2026-07-14T21:08:21.939435,2026-07-14T21:08:21.944653+00:00,69.6,20,ask,YieldingYams,BrilliantBurritos,3723532
2026-07-14T21:08:22.461621,2026-07-14T21:08:22.467492+00:00,69.7,200,bid,WavyWalnuts,YieldingYams,3723537
2026-07-14T21:08:24.399284,2026-07-14T21:08:24.407011+00:00,69.7,200,ask,WavyWalnuts,YieldingYams,3723562
2026-07-14T21:08:24.868885,2026-07-14T21:08:24.878900+00:00,69.7,20,bid,BrilliantBurritos,YieldingYams,3723565
2026-07-14T21:08:26.088723,2026-07-14T21:08:26.099033+00:00,69.7,200,ask,YieldingYams,WavyWalnuts,3723583
2026-07-14T21:08:26.719657,2026-07-14T21:08:26.726046+00:00,69.8,20,bid,BrilliantBurritos,AverageAlmonds,3723590
2026-07-14T21:08:28.329846,2026-07-14T21:08:28.340048+00:00,69.8,200,bid,YieldingYams,WavyWalnuts,3723606
2026-07-14T21:08:28.329846,2026-07-14T21:08:28.340048+00:00,69.8,425,bid,YieldingYams,AverageAlmonds,3723607
2026-07-14T21:08:28.745244,2026-07-14T21:08:28.747594+00:00,69.8,20,bid,BrilliantBurritos,AverageAlmonds,3723611
2026-07-14T21:08:29.641882,2026-07-14T21:08:29.653994+00:00,69.7,200,ask,WavyWalnuts,YieldingYams,3723624
2026-07-14T21:08:30.952622,2026-07-14T21:08:30.965702+00:00,69.6,200,ask,WavyWalnuts,YieldingYams,3723642
2026-07-14T21:08:31.081117,2026-07-14T21:08:31.083996+00:00,69.6,25,bid,Johan Shajee,YieldingYams,3723645
2026-07-14T21:08:31.426080,2026-07-14T21:08:31.437059+00:00,69.6,20,bid,BrilliantBurritos,YieldingYams,3723650
2026-07-14T21:08:33.494828,2026-07-14T21:08:33.499181+00:00,69.6,25,bid,Johan Shajee,WavyWalnuts,3723680
2026-07-14T21:08:33.571100,2026-07-14T21:08:33.573361+00:00,69.5,23,ask,Sze-Yong Ng,YieldingYams,3723682
2026-07-14T21:08:33.571100,2026-07-14T21:08:33.583872+00:00,69.4,500,ask,AverageAlmonds,YieldingYams,3723683
2026-07-14T21:08:33.571100,2026-07-14T21:08:33.583872+00:00,69.4,102,ask,WavyWalnuts,YieldingYams,3723684
2026-07-14T21:08:33.706013,2026-07-14T21:08:33.710650+00:00,69.6,25,bid,Johan Shajee,YieldingYams,3723686
2026-07-14T21:08:33.945104,2026-07-14T21:08:33.953059+00:00,69.6,25,bid,Johan Shajee,WavyWalnuts,3723688
2026-07-14T21:08:36.999130,2026-07-14T21:08:37.007452+00:00,69.5,200,ask,YieldingYams,WavyWalnuts,3723722
2026-07-14T21:08:38.835907,2026-07-14T21:08:38.854018+00:00,69.5,20,ask,Sze-Yong Ng,YieldingYams,3723756
2026-07-14T21:08:38.835907,2026-07-14T21:08:38.854018+00:00,69.5,200,ask,WavyWalnuts,YieldingYams,3723757
2026-07-14T21:08:39.411089,2026-07-14T21:08:39.414821+00:00,69.4,200,bid,WavyWalnuts,YieldingYams,3723762
2026-07-14T21:08:40.147169,2026-07-14T21:08:40.157202+00:00,69.6,200,bid,YieldingYams,WavyWalnuts,3723776
2026-07-14T21:08:40.147169,2026-07-14T21:08:40.157202+00:00,69.6,425,bid,YieldingYams,AverageAlmonds,3723777
2026-07-14T21:08:41.222377,2026-07-14T21:08:41.228820+00:00,69.4,20,bid,BrilliantBurritos,WavyWalnuts,3723790
2026-07-14T21:08:41.457281,2026-07-14T21:08:41.464524+00:00,69.4,180,bid,YieldingYams,WavyWalnuts,3723797
2026-07-14T21:08:42.773412,2026-07-14T21:08:42.785904+00:00,69.4,18,ask,Sze-Yong Ng,YieldingYams,3723820
2026-07-14T21:08:42.773412,2026-07-14T21:08:42.785904+00:00,69.4,200,ask,WavyWalnuts,YieldingYams,3723821
2026-07-14T21:08:43.033967,2026-07-14T21:08:43.046045+00:00,69.3,200,bid,WavyWalnuts,YieldingYams,3723827
2026-07-14T21:08:44.244523,2026-07-14T21:08:44.248465+00:00,69.4,200,ask,YieldingYams,WavyWalnuts,3723842
2026-07-14T21:08:46.702869,2026-07-14T21:08:46.710305+00:00,69.5,200,bid,YieldingYams,WavyWalnuts,3723872
2026-07-14T21:08:46.702869,2026-07-14T21:08:46.710305+00:00,69.6,425,bid,YieldingYams,AverageAlmonds,3723873
2026-07-14T21:08:50.299581,2026-07-14T21:08:50.309947+00:00,69.5,200,bid,WavyWalnuts,YieldingYams,3723930
2026-07-14T21:08:50.627212,2026-07-14T21:08:50.637162+00:00,69.5,61,bid,YieldingYams,Sze-Yong Ng,3723931
2026-07-14T21:08:51.509659,2026-07-14T21:08:51.521682+00:00,69.5,200,ask,YieldingYams,WavyWalnuts,3723955
2026-07-14T21:08:51.937742,2026-07-14T21:08:51.943140+00:00,69.4,200,ask,WavyWalnuts,YieldingYams,3723960
2026-07-14T21:08:55.140659,2026-07-14T21:08:55.146224+00:00,69.5,200,bid,WavyWalnuts,YieldingYams,3724011
2026-07-14T21:08:57.563071,2026-07-14T21:08:57.572102+00:00,69.5,200,ask,YieldingYams,WavyWalnuts,3724043
2026-07-14T21:09:06.352936,2026-07-14T21:09:06.356224+00:00,69.5,44,ask,Sze-Yong Ng,YieldingYams,3724157
2026-07-14T21:09:06.352936,2026-07-14T21:09:06.356224+00:00,69.5,200,ask,WavyWalnuts,YieldingYams,3724158
2026-07-14T21:09:07.662344,2026-07-14T21:09:07.673890+00:00,69.5,200,bid,YieldingYams,WavyWalnuts,3724178
2026-07-14T21:09:07.662344,2026-07-14T21:09:07.673890+00:00,69.6,425,bid,YieldingYams,AverageAlmonds,3724179
2026-07-14T21:09:08.978708,2026-07-14T21:09:08.986050+00:00,69.5,200,ask,WavyWalnuts,YieldingYams,3724200
2026-07-14T21:09:09.662724,2026-07-14T21:09:09.670603+00:00,69.3,200,ask,YieldingYams,WavyWalnuts,3724210
2026-07-14T21:09:10.871527,2026-07-14T21:09:10.879370+00:00,69.4,200,ask,YieldingYams,WavyWalnuts,3724228
2026-07-14T21:09:12.101714,2026-07-14T21:09:12.105174+00:00,69.3,200,ask,YieldingYams,WavyWalnuts,3724245
2026-07-14T21:09:12.914928,2026-07-14T21:09:12.917356+00:00,69.2,500,ask,AverageAlmonds,YieldingYams,3724263
2026-07-14T21:09:13.274636,2026-07-14T21:09:13.276895+00:00,69.2,125,bid,AverageAlmonds,YieldingYams,3724265
2026-07-14T21:09:13.309146,2026-07-14T21:09:13.319647+00:00,69.2,200,ask,AverageAlmonds,WavyWalnuts,3724266
2026-07-14T21:09:14.520681,2026-07-14T21:09:14.533162+00:00,69.4,200,ask,YieldingYams,WavyWalnuts,3724277
2026-07-14T21:09:16.841688,2026-07-14T21:09:16.848065+00:00,69.4,200,bid,YieldingYams,WavyWalnuts,3724322
2026-07-14T21:09:16.841688,2026-07-14T21:09:16.848065+00:00,69.4,44,bid,YieldingYams,Sze-Yong Ng,3724323
2026-07-14T21:09:18.150282,2026-07-14T21:09:18.174940+00:00,69.4,200,ask,YieldingYams,WavyWalnuts,3724339
2026-07-14T21:09:18.157221,2026-07-14T21:09:18.174940+00:00,69.2,500,ask,AverageAlmonds,YieldingYams,3724340
2026-07-14T21:09:18.720711,2026-07-14T21:09:18.727925+00:00,69.2,125,bid,AverageAlmonds,YieldingYams,3724349
2026-07-14T21:09:19.466184,2026-07-14T21:09:19.475193+00:00,69.4,200,ask,WavyWalnuts,YieldingYams,3724364
2026-07-14T21:09:19.466184,2026-07-14T21:09:19.475193+00:00,69.4,42,ask,Sze-Yong Ng,YieldingYams,3724365
2026-07-14T21:09:19.466184,2026-07-14T21:09:19.475193+00:00,69.3,383,ask,AverageAlmonds,YieldingYams,3724366
2026-07-14T21:09:20.591233,2026-07-14T21:09:20.600540+00:00,69.3,200,ask,AverageAlmonds,WavyWalnuts,3724379
2026-07-14T21:09:21.799381,2026-07-14T21:09:21.808644+00:00,69.6,200,ask,YieldingYams,WavyWalnuts,3724400
2026-07-14T21:09:23.007369,2026-07-14T21:09:23.012890+00:00,69.5,200,ask,YieldingYams,WavyWalnuts,3724414
2026-07-14T21:09:24.243238,2026-07-14T21:09:24.251887+00:00,69.3,25,ask,YieldingYams,Johan Shajee,3724428
2026-07-14T21:09:24.320744,2026-07-14T21:09:24.326184+00:00,69.3,25,ask,YieldingYams,Dinh Nguyen,3724430
2026-07-14T21:09:24.455796,2026-07-14T21:09:24.463390+00:00,69.3,25,ask,YieldingYams,Johan Shajee,3724431
2026-07-14T21:09:24.704366,2026-07-14T21:09:24.706363+00:00,69.5,42,bid,YieldingYams,Sze-Yong Ng,3724435
2026-07-14T21:09:24.704366,2026-07-14T21:09:24.716948+00:00,69.5,200,bid,YieldingYams,WavyWalnuts,3724436
2026-07-14T21:09:24.830772,2026-07-14T21:09:24.834162+00:00,69.7,2,bid,Dinh Nguyen,YieldingYams,3724440
2026-07-14T21:09:29.947403,2026-07-14T21:09:29.961221+00:00,69.5,38,bid,YieldingYams,Sze-Yong Ng,3724503
2026-07-14T21:09:29.947403,2026-07-14T21:09:29.961221+00:00,69.5,200,bid,YieldingYams,WavyWalnuts,3724504
2026-07-14T21:09:30.079002,2026-07-14T21:09:30.087562+00:00,69.5,25,ask,YieldingYams,Johan Shajee,3724507
2026-07-14T21:09:30.277619,2026-07-14T21:09:30.289484+00:00,69.6,200,bid,WavyWalnuts,YieldingYams,3724511
2026-07-14T21:09:30.291305,2026-07-14T21:09:30.300175+00:00,69.5,25,ask,YieldingYams,Johan Shajee,3724512
2026-07-14T21:09:30.501086,2026-07-14T21:09:30.511481+00:00,69.5,25,ask,YieldingYams,Johan Shajee,3724519
2026-07-14T21:09:30.710815,2026-07-14T21:09:30.722268+00:00,69.5,25,ask,YieldingYams,Johan Shajee,3724522
2026-07-14T21:09:30.720287,2026-07-14T21:09:30.722268+00:00,69.6,2,bid,Johan Shajee,YieldingYams,3724524
2026-07-14T21:09:31.216094,2026-07-14T21:09:31.218399+00:00,69.6,2,bid,Dinh Nguyen,YieldingYams,3724528
2026-07-14T21:09:31.487818,2026-07-14T21:09:31.494957+00:00,69.5,200,bid,WavyWalnuts,YieldingYams,3724529
2026-07-14T21:09:32.422137,2026-07-14T21:09:32.431953+00:00,69.5,2,bid,Dinh Nguyen,YieldingYams,3724543
2026-07-14T21:09:32.697158,2026-07-14T21:09:32.705908+00:00,69.6,200,bid,WavyWalnuts,YieldingYams,3724544
2026-07-14T21:09:33.643701,2026-07-14T21:09:33.647531+00:00,69.6,2,bid,Dinh Nguyen,YieldingYams,3724559
2026-07-14T21:09:33.872848,2026-07-14T21:09:33.878877+00:00,69.7,200,bid,YieldingYams,WavyWalnuts,3724561
2026-07-14T21:09:33.872848,2026-07-14T21:09:33.878877+00:00,69.7,425,bid,YieldingYams,AverageAlmonds,3724562
2026-07-14T21:09:34.453518,2026-07-14T21:09:34.457835+00:00,69.6,200,ask,WavyWalnuts,AverageAlmonds,3724563
2026-07-14T21:09:34.880101,2026-07-14T21:09:34.890187+00:00,69.6,2,bid,Dinh Nguyen,AverageAlmonds,3724576
2026-07-14T21:09:35.184041,2026-07-14T21:09:35.194560+00:00,69.5,200,ask,WavyWalnuts,YieldingYams,3724580
2026-07-14T21:09:36.318274,2026-07-14T21:09:36.324477+00:00,69.5,200,bid,WavyWalnuts,YieldingYams,3724597
2026-07-14T21:09:36.535946,2026-07-14T21:09:36.546959+00:00,69.5,25,ask,YieldingYams,Johan Shajee,3724598
2026-07-14T21:09:36.746596,2026-07-14T21:09:36.753623+00:00,69.5,25,ask,YieldingYams,Johan Shajee,3724602
2026-07-14T21:09:36.954760,2026-07-14T21:09:36.965624+00:00,69.5,2,ask,YieldingYams,Johan Shajee,3724607
2026-07-14T21:09:37.339092,2026-07-14T21:09:37.348449+00:00,69.5,25,ask,YieldingYams,Dinh Nguyen,3724615
2026-07-14T21:09:37.802324,2026-07-14T21:09:37.805504+00:00,69.5,200,ask,WavyWalnuts,YieldingYams,3724625
2026-07-14T21:09:39.110712,2026-07-14T21:09:39.117345+00:00,69.3,200,bid,YieldingYams,WavyWalnuts,3724642
2026-07-14T21:09:39.110712,2026-07-14T21:09:39.117345+00:00,69.3,36,bid,YieldingYams,Sze-Yong Ng,3724643
2026-07-14T21:09:40.319114,2026-07-14T21:09:40.330814+00:00,69.4,2,bid,Dinh Nguyen,YieldingYams,3724662
2026-07-14T21:09:40.425044,2026-07-14T21:09:40.442507+00:00,69.3,200,ask,WavyWalnuts,YieldingYams,3724667
2026-07-14T21:09:41.387037,2026-07-14T21:09:41.399506+00:00,69.3,20,bid,BrilliantBurritos,YieldingYams,3724678
2026-07-14T21:09:42.350943,2026-07-14T21:09:42.361013+00:00,69.2,200,ask,YieldingYams,WavyWalnuts,3724690
2026-07-14T21:09:43.556616,2026-07-14T21:09:43.565812+00:00,69.4,200,bid,WavyWalnuts,YieldingYams,3724705
2026-07-14T21:09:44.766565,2026-07-14T21:09:44.777898+00:00,69.3,200,bid,WavyWalnuts,YieldingYams,3724721
2026-07-14T21:09:45.976335,2026-07-14T21:09:45.987034+00:00,69.3,200,bid,WavyWalnuts,YieldingYams,3724742
2026-07-14T21:09:47.186093,2026-07-14T21:09:47.193263+00:00,69.3,200,ask,YieldingYams,WavyWalnuts,3724760
2026-07-14T21:09:49.619150,2026-07-14T21:09:49.645100+00:00,69.4,200,ask,WavyWalnuts,YieldingYams,3724804
2026-07-14T21:09:49.619150,2026-07-14T21:09:49.645100+00:00,69.3,13,ask,Sze-Yong Ng,YieldingYams,3724805
2026-07-14T21:09:49.795113,2026-07-14T21:09:49.802885+00:00,69.2,25,bid,Johan Shajee,YieldingYams,3724813
2026-07-14T21:09:50.006348,2026-07-14T21:09:50.014288+00:00,69.2,25,bid,Johan Shajee,YieldingYams,3724817
2026-07-14T21:09:50.010749,2026-07-14T21:09:50.014288+00:00,69.1,2,ask,AverageAlmonds,Johan Shajee,3724818
2026-07-14T21:09:50.215530,2026-07-14T21:09:50.225503+00:00,69.1,2,ask,Sze-Yong Ng,Johan Shajee,3724825
2026-07-14T21:09:50.420561,2026-07-14T21:09:50.425940+00:00,69.1,2,ask,Sze-Yong Ng,Johan Shajee,3724828
2026-07-14T21:09:50.626716,2026-07-14T21:09:50.638148+00:00,69.1,2,ask,Sze-Yong Ng,Johan Shajee,3724830
2026-07-14T21:09:50.710350,2026-07-14T21:09:50.722631+00:00,69.1,20,ask,Sze-Yong Ng,BrilliantBurritos,3724831
2026-07-14T21:09:50.828577,2026-07-14T21:09:50.839290+00:00,69.2,200,bid,WavyWalnuts,YieldingYams,3724833
2026-07-14T21:09:50.832767,2026-07-14T21:09:50.839290+00:00,69.1,2,ask,Sze-Yong Ng,Johan Shajee,3724834
2026-07-14T21:09:50.929860,2026-07-14T21:09:50.943753+00:00,69.4,200,bid,YieldingYams,WavyWalnuts,3724835
2026-07-14T21:09:51.038020,2026-07-14T21:09:51.050132+00:00,69.4,2,ask,YieldingYams,Johan Shajee,3724838
2026-07-14T21:09:51.244879,2026-07-14T21:09:51.250718+00:00,69.4,2,ask,YieldingYams,Johan Shajee,3724840
2026-07-14T21:09:51.402428,2026-07-14T21:09:51.409927+00:00,69.4,421,ask,YieldingYams,AverageAlmonds,3724842
2026-07-14T21:09:51.402428,2026-07-14T21:09:51.409927+00:00,69.4,75,ask,Sze-Yong Ng,AverageAlmonds,3724843
2026-07-14T21:09:52.680145,2026-07-14T21:09:52.688037+00:00,69.3,25,ask,WavyWalnuts,Johan Shajee,3724869
2026-07-14T21:09:52.890392,2026-07-14T21:09:52.904422+00:00,69.3,11,ask,WavyWalnuts,Johan Shajee,3724873
2026-07-14T21:09:53.176445,2026-07-14T21:09:53.184585+00:00,69.3,25,ask,WavyWalnuts,Dinh Nguyen,3724881
2026-07-14T21:09:53.247413,2026-07-14T21:09:53.259254+00:00,69.4,200,bid,WavyWalnuts,YieldingYams,3724882
2026-07-14T21:09:54.463494,2026-07-14T21:09:54.473830+00:00,69.4,80,bid,WavyWalnuts,Sze-Yong Ng,3724897
2026-07-14T21:09:54.463494,2026-07-14T21:09:54.473830+00:00,69.4,120,bid,WavyWalnuts,YieldingYams,3724898
2026-07-14T21:09:57.512500,2026-07-14T21:09:57.520878+00:00,69.4,25,bid,Johan Shajee,WavyWalnuts,3724944
2026-07-14T21:09:59.573328,2026-07-14T21:09:59.577539+00:00,69.3,20,ask,Sze-Yong Ng,BrilliantBurritos,3724974
2026-07-14T21:10:00.511806,2026-07-14T21:10:00.516880+00:00,69.4,200,bid,WavyWalnuts,YieldingYams,3724988
2026-07-14T21:10:01.728760,2026-07-14T21:10:01.738470+00:00,69.4,200,bid,WavyWalnuts,YieldingYams,3725001
2026-07-14T21:10:02.024161,2026-07-14T21:10:02.034825+00:00,69.4,20,bid,BrilliantBurritos,YieldingYams,3725005
2026-07-14T21:10:02.938161,2026-07-14T21:10:02.942325+00:00,69.4,200,bid,WavyWalnuts,YieldingYams,3725016
2026-07-14T21:10:04.113552,2026-07-14T21:10:04.120061+00:00,69.5,500,ask,YieldingYams,AverageAlmonds,3725031
2026-07-14T21:10:04.152069,2026-07-14T21:10:04.162500+00:00,69.5,125,ask,YieldingYams,WavyWalnuts,3725033
2026-07-14T21:10:04.152069,2026-07-14T21:10:04.162500+00:00,69.5,52,ask,Sze-Yong Ng,WavyWalnuts,3725034
2026-07-14T21:10:05.338395,2026-07-14T21:10:05.345267+00:00,69.4,23,bid,Johan Shajee,WavyWalnuts,3725051
2026-07-14T21:10:05.338395,2026-07-14T21:10:05.345267+00:00,69.4,2,bid,Johan Shajee,YieldingYams,3725052
2026-07-14T21:10:05.359937,2026-07-14T21:10:05.366481+00:00,69.4,200,bid,WavyWalnuts,YieldingYams,3725053
2026-07-14T21:10:05.550787,2026-07-14T21:10:05.556573+00:00,69.4,25,bid,Johan Shajee,YieldingYams,3725056
2026-07-14T21:10:05.761940,2026-07-14T21:10:05.767444+00:00,69.4,25,bid,Johan Shajee,YieldingYams,3725059
2026-07-14T21:10:05.776129,2026-07-14T21:10:05.777966+00:00,69.4,25,bid,Dinh Nguyen,YieldingYams,3725060
2026-07-14T21:10:05.972156,2026-07-14T21:10:05.977807+00:00,69.4,25,bid,Johan Shajee,YieldingYams,3725063
2026-07-14T21:10:06.183210,2026-07-14T21:10:06.188285+00:00,69.4,25,bid,Johan Shajee,YieldingYams,3725070
2026-07-14T21:10:06.187916,2026-07-14T21:10:06.198856+00:00,69.2,2,ask,Sze-Yong Ng,Johan Shajee,3725071
2026-07-14T21:10:06.392375,2026-07-14T21:10:06.404204+00:00,69.2,2,ask,Sze-Yong Ng,Johan Shajee,3725074
2026-07-14T21:10:06.573133,2026-07-14T21:10:06.579871+00:00,69.4,200,bid,WavyWalnuts,YieldingYams,3725078
2026-07-14T21:10:06.600224,2026-07-14T21:10:06.611569+00:00,69.2,2,ask,Sze-Yong Ng,Johan Shajee,3725079
2026-07-14T21:10:06.807003,2026-07-14T21:10:06.812018+00:00,69.4,2,ask,YieldingYams,Johan Shajee,3725080
2026-07-14T21:10:08.992404,2026-07-14T21:10:09.004660+00:00,69.4,2,ask,Sze-Yong Ng,WavyWalnuts,3725107
2026-07-14T21:10:08.992404,2026-07-14T21:10:09.004660+00:00,69.4,198,ask,YieldingYams,WavyWalnuts,3725108
2026-07-14T21:10:11.877852,2026-07-14T21:10:11.895724+00:00,69.6,200,bid,YieldingYams,WavyWalnuts,3725146
2026-07-14T21:10:15.833177,2026-07-14T21:10:15.844576+00:00,69.7,42,bid,YieldingYams,Sze-Yong Ng,3725208
2026-07-14T21:10:15.833177,2026-07-14T21:10:15.844576+00:00,69.7,200,bid,YieldingYams,WavyWalnuts,3725209
2026-07-14T21:10:16.214110,2026-07-14T21:10:16.222590+00:00,69.7,383,ask,YieldingYams,AverageAlmonds,3725213
2026-07-14T21:10:17.146107,2026-07-14T21:10:17.157531+00:00,69.6,200,ask,WavyWalnuts,YieldingYams,3725222
2026-07-14T21:10:17.462018,2026-07-14T21:10:17.472943+00:00,69.5,200,bid,WavyWalnuts,YieldingYams,3725227
2026-07-14T21:10:18.931444,2026-07-14T21:10:18.936466+00:00,69.6,20,bid,BrilliantBurritos,WavyWalnuts,3725250
2026-07-14T21:10:19.882809,2026-07-14T21:10:19.886063+00:00,69.5,200,ask,YieldingYams,WavyWalnuts,3725266
2026-07-14T21:10:21.666223,2026-07-14T21:10:21.669091+00:00,69.5,500,ask,YieldingYams,AverageAlmonds,3725291
2026-07-14T21:10:22.263793,2026-07-14T21:10:22.268945+00:00,69.5,125,ask,YieldingYams,AverageAlmonds,3725300
2026-07-14T21:10:22.298248,2026-07-14T21:10:22.300886+00:00,69.5,200,bid,WavyWalnuts,AverageAlmonds,3725301
2026-07-14T21:10:23.483789,2026-07-14T21:10:23.494650+00:00,69.1,20,ask,AverageAlmonds,BrilliantBurritos,3725321
2026-07-14T21:10:23.508427,2026-07-14T21:10:23.515767+00:00,69.2,200,bid,WavyWalnuts,YieldingYams,3725322
2026-07-14T21:10:25.941586,2026-07-14T21:10:25.953131+00:00,69.2,200,ask,YieldingYams,WavyWalnuts,3725345
2026-07-14T21:10:30.254344,2026-07-14T21:10:30.263220+00:00,69.2,200,ask,WavyWalnuts,YieldingYams,3725419
2026-07-14T21:10:30.794247,2026-07-14T21:10:30.800057+00:00,69.2,200,bid,WavyWalnuts,YieldingYams,3725425
2026-07-14T21:10:33.668354,2026-07-14T21:10:33.677443+00:00,69.5,25,bid,Johan Shajee,WavyWalnuts,3725459
2026-07-14T21:10:34.183263,2026-07-14T21:10:34.187731+00:00,69.5,175,bid,YieldingYams,WavyWalnuts,3725466
2026-07-14T21:10:34.183263,2026-07-14T21:10:34.187731+00:00,69.5,450,bid,YieldingYams,AverageAlmonds,3725467
2026-07-14T21:10:34.303170,2026-07-14T21:10:34.305111+00:00,69.5,25,bid,Dinh Nguyen,AverageAlmonds,3725468
2026-07-14T21:10:34.420579,2026-07-14T21:10:34.423089+00:00,69.6,200,bid,WavyWalnuts,AverageAlmonds,3725469
2026-07-14T21:10:35.152191,2026-07-14T21:10:35.156759+00:00,69.6,20,bid,BrilliantBurritos,AverageAlmonds,3725481
2026-07-14T21:10:35.628817,2026-07-14T21:10:35.632291+00:00,69.5,200,bid,WavyWalnuts,YieldingYams,3725493
2026-07-14T21:10:36.846060,2026-07-14T21:10:36.858074+00:00,69.5,200,bid,WavyWalnuts,YieldingYams,3725506
2026-07-14T21:10:38.057092,2026-07-14T21:10:38.062616+00:00,69.5,200,bid,WavyWalnuts,YieldingYams,3725526
2026-07-14T21:10:38.113876,2026-07-14T21:10:38.126028+00:00,69.5,500,bid,YieldingYams,AverageAlmonds,3725527
2026-07-14T21:10:38.113876,2026-07-14T21:10:38.126028+00:00,69.7,125,bid,YieldingYams,WavyWalnuts,3725528
2026-07-14T21:10:38.325137,2026-07-14T21:10:38.332279+00:00,69.4,2,ask,Sze-Yong Ng,Dinh Nguyen,3725532
2026-07-14T21:10:39.525530,2026-07-14T21:10:39.528177+00:00,69.4,2,ask,Sze-Yong Ng,Dinh Nguyen,3725555
2026-07-14T21:10:40.478421,2026-07-14T21:10:40.490516+00:00,69.4,70,ask,Sze-Yong Ng,WavyWalnuts,3725570
2026-07-14T21:10:40.478421,2026-07-14T21:10:40.490516+00:00,69.4,130,ask,YieldingYams,WavyWalnuts,3725571
2026-07-14T21:10:40.755525,2026-07-14T21:10:40.764082+00:00,69.2,2,ask,WavyWalnuts,Dinh Nguyen,3725572
2026-07-14T21:10:40.875219,2026-07-14T21:10:40.879823+00:00,69.2,20,ask,WavyWalnuts,BrilliantBurritos,3725573
2026-07-14T21:10:40.892309,2026-07-14T21:10:40.900851+00:00,69.3,25,bid,Johan Shajee,YieldingYams,3725576
2026-07-14T21:10:41.106832,2026-07-14T21:10:41.113139+00:00,69.3,8,bid,Johan Shajee,YieldingYams,3725581
2026-07-14T21:10:42.505566,2026-07-14T21:10:42.511073+00:00,69.4,2,bid,Dinh Nguyen,WavyWalnuts,3725599
2026-07-14T21:10:42.907881,2026-07-14T21:10:42.915310+00:00,69.2,200,ask,YieldingYams,WavyWalnuts,3725608
2026-07-14T21:10:43.738567,2026-07-14T21:10:43.748390+00:00,69.4,2,bid,Dinh Nguyen,YieldingYams,3725622
2026-07-14T21:10:44.121722,2026-07-14T21:10:44.131670+00:00,69.2,200,ask,YieldingYams,WavyWalnuts,3725626
2026-07-14T21:10:44.951576,2026-07-14T21:10:44.960890+00:00,69.2,2,bid,Dinh Nguyen,YieldingYams,3725636
2026-07-14T21:10:47.368576,2026-07-14T21:10:47.370592+00:00,69.1,25,bid,Dinh Nguyen,WavyWalnuts,3725670
2026-07-14T21:10:47.744747,2026-07-14T21:10:47.749464+00:00,69.0,200,ask,YieldingYams,WavyWalnuts,3725674
2026-07-14T21:10:48.968576,2026-07-14T21:10:48.979860+00:00,69.1,200,bid,WavyWalnuts,YieldingYams,3725694
2026-07-14T21:10:50.175951,2026-07-14T21:10:50.179476+00:00,69.0,200,bid,WavyWalnuts,YieldingYams,3725710
2026-07-14T21:10:51.382357,2026-07-14T21:10:51.390303+00:00,69.1,200,bid,WavyWalnuts,YieldingYams,3725725
2026-07-14T21:10:52.592539,2026-07-14T21:10:52.602871+00:00,69.1,200,bid,WavyWalnuts,YieldingYams,3725744
