timestamp,recv_time,price,volume,aggressor_side,buyer,seller,trade_id
2026-07-14T22:00:00.313272,2026-07-14T22:00:00.341472+00:00,68.0,200,bid,WavyWalnuts,YieldingYams,3769699
2026-07-14T22:00:01.152386,2026-07-14T22:00:01.134585+00:00,68.1,25,ask,YieldingYams,Johan Shajee,3769709
2026-07-14T22:00:01.364340,2026-07-14T22:00:01.368742+00:00,68.1,25,ask,YieldingYams,Johan Shajee,3769712
2026-07-14T22:00:01.577832,2026-07-14T22:00:01.584311+00:00,68.2,25,ask,WavyWalnuts,Johan Shajee,3769718
2026-07-14T22:00:01.774315,2026-07-14T22:00:01.782970+00:00,68.2,25,ask,WavyWalnuts,Dinh Nguyen,3769721
2026-07-14T22:00:01.790779,2026-07-14T22:00:01.793935+00:00,68.2,25,ask,WavyWalnuts,Johan Shajee,3769724
2026-07-14T22:00:01.830794,2026-07-14T22:00:01.836974+00:00,68.2,125,ask,WavyWalnuts,YieldingYams,3769727
2026-07-14T22:00:02.006741,2026-07-14T22:00:01.998605+00:00,68.1,2,bid,Johan Shajee,YieldingYams,3769730
2026-07-14T22:00:02.215198,2026-07-14T22:00:02.279517+00:00,68.1,2,bid,Johan Shajee,YieldingYams,3769736
2026-07-14T22:00:02.285280,2026-07-14T22:00:02.290551+00:00,68.1,2,bid,Dinh Nguyen,YieldingYams,3769739
2026-07-14T22:00:02.336142,2026-07-14T22:00:02.375267+00:00,67.9,20,ask,YieldingYams,BrilliantBurritos,3769741
2026-07-14T22:00:02.421119,2026-07-14T22:00:02.459290+00:00,68.1,2,bid,Johan Shajee,YieldingYams,3769744
2026-07-14T22:00:02.835245,2026-07-14T22:00:02.841306+00:00,68.0,25,ask,WavyWalnuts,Johan Shajee,3769751
2026-07-14T22:00:03.058088,2026-07-14T22:00:03.990214+00:00,68.0,25,ask,WavyWalnuts,Johan Shajee,3769757
2026-07-14T22:00:03.139343,2026-07-14T22:00:03.990214+00:00,68.1,23,bid,YieldingYams,Sze-Yong Ng,3769762
2026-07-14T22:00:03.272615,2026-07-14T22:00:03.990214+00:00,68.1,7,ask,YieldingYams,Johan Shajee,3769764
2026-07-14T22:00:03.572340,2026-07-14T22:00:03.990214+00:00,68.1,25,ask,YieldingYams,Dinh Nguyen,3769771
2026-07-14T22:00:03.946079,2026-07-14T22:00:03.990214+00:00,68.1,200,ask,YieldingYams,WavyWalnuts,3769781
2026-07-14T22:00:05.312287,2026-07-14T22:00:05.318378+00:00,68.1,25,ask,YieldingYams,Dinh Nguyen,3769798
2026-07-14T22:00:05.767508,2026-07-14T22:00:05.773453+00:00,68.1,200,ask,WavyWalnuts,YieldingYams,3769804
2026-07-14T22:00:05.824269,2026-07-14T22:00:05.826434+00:00,68.0,2,bid,Dinh Nguyen,YieldingYams,3769805
2026-07-14T22:00:07.040399,2026-07-14T22:00:07.048971+00:00,68.0,2,bid,Dinh Nguyen,YieldingYams,3769823
2026-07-14T22:00:07.086295,2026-07-14T22:00:07.091725+00:00,67.9,200,ask,WavyWalnuts,YieldingYams,3769826
2026-07-14T22:00:08.251884,2026-07-14T22:00:08.259970+00:00,67.9,2,bid,Dinh Nguyen,YieldingYams,3769837
2026-07-14T22:00:08.399641,2026-07-14T22:00:08.403005+00:00,67.8,61,ask,Sze-Yong Ng,YieldingYams,3769843
2026-07-14T22:00:08.399641,2026-07-14T22:00:08.413651+00:00,67.8,200,ask,WavyWalnuts,YieldingYams,3769844
2026-07-14T22:00:08.399641,2026-07-14T22:00:08.413651+00:00,67.8,364,ask,AverageAlmonds,YieldingYams,3769845
2026-07-14T22:00:08.771964,2026-07-14T22:00:08.780624+00:00,67.8,200,ask,AverageAlmonds,WavyWalnuts,3769853
2026-07-14T22:00:09.536310,2026-07-14T22:00:09.569205+00:00,67.8,25,ask,AverageAlmonds,Dinh Nguyen,3769870
2026-07-14T22:00:09.999419,2026-07-14T22:00:10.007915+00:00,68.0,200,ask,YieldingYams,WavyWalnuts,3769879
2026-07-14T22:00:10.543530,2026-07-14T22:00:10.550333+00:00,68.2,20,bid,BrilliantBurritos,Sze-Yong Ng,3769890
2026-07-14T22:00:11.334321,2026-07-14T22:00:11.340816+00:00,68.1,2,bid,Dinh Nguyen,YieldingYams,3769902
2026-07-14T22:00:12.345351,2026-07-14T22:00:12.348913+00:00,68.1,54,bid,YieldingYams,Sze-Yong Ng,3769922
2026-07-14T22:00:12.345351,2026-07-14T22:00:12.348913+00:00,68.1,200,bid,YieldingYams,WavyWalnuts,3769923
2026-07-14T22:00:12.345351,2026-07-14T22:00:12.359922+00:00,68.1,371,bid,YieldingYams,AverageAlmonds,3769924
2026-07-14T22:00:12.417236,2026-07-14T22:00:12.425597+00:00,68.0,200,bid,WavyWalnuts,AverageAlmonds,3769926
2026-07-14T22:00:12.618322,2026-07-14T22:00:12.628392+00:00,68.0,2,bid,Dinh Nguyen,AverageAlmonds,3769929
2026-07-14T22:00:13.676748,2026-07-14T22:00:13.687630+00:00,67.9,13,ask,Sze-Yong Ng,YieldingYams,3769942
2026-07-14T22:00:13.676748,2026-07-14T22:00:13.687630+00:00,67.9,200,ask,WavyWalnuts,YieldingYams,3769943
2026-07-14T22:00:13.734585,2026-07-14T22:00:13.746972+00:00,67.9,25,bid,Johan Shajee,YieldingYams,3769948
2026-07-14T22:00:13.892289,2026-07-14T22:00:13.902629+00:00,67.9,2,bid,Dinh Nguyen,YieldingYams,3769954
2026-07-14T22:00:14.513875,2026-07-14T22:00:14.519482+00:00,67.8,20,ask,YieldingYams,BrilliantBurritos,3769967
2026-07-14T22:00:14.831615,2026-07-14T22:00:14.839303+00:00,67.9,200,bid,WavyWalnuts,YieldingYams,3769971
2026-07-14T22:00:15.145336,2026-07-14T22:00:15.155354+00:00,67.9,25,ask,YieldingYams,Johan Shajee,3769977
2026-07-14T22:00:16.054878,2026-07-14T22:00:16.061077+00:00,67.9,200,ask,YieldingYams,WavyWalnuts,3769994
2026-07-14T22:00:16.834281,2026-07-14T22:00:16.837002+00:00,67.8,2,bid,Dinh Nguyen,YieldingYams,3770010
2026-07-14T22:00:17.261853,2026-07-14T22:00:17.265862+00:00,67.8,200,bid,WavyWalnuts,YieldingYams,3770013
2026-07-14T22:00:19.054068,2026-07-14T22:00:19.059176+00:00,67.9,500,ask,YieldingYams,AverageAlmonds,3770044
2026-07-14T22:00:19.396337,2026-07-14T22:00:19.401140+00:00,68.0,2,bid,Dinh Nguyen,WavyWalnuts,3770047
2026-07-14T22:00:19.657893,2026-07-14T22:00:19.667287+00:00,67.9,125,ask,YieldingYams,AverageAlmonds,3770052
2026-07-14T22:00:19.679688,2026-07-14T22:00:19.688739+00:00,67.9,20,bid,BrilliantBurritos,AverageAlmonds,3770053
2026-07-14T22:00:20.680314,2026-07-14T22:00:20.683418+00:00,67.9,2,bid,Dinh Nguyen,YieldingYams,3770066
2026-07-14T22:00:21.925331,2026-07-14T22:00:21.934798+00:00,67.8,25,ask,WavyWalnuts,Dinh Nguyen,3770084
2026-07-14T22:00:22.121657,2026-07-14T22:00:22.129509+00:00,67.9,200,bid,WavyWalnuts,AverageAlmonds,3770087
2026-07-14T22:00:22.702578,2026-07-14T22:00:22.708169+00:00,67.8,500,ask,YieldingYams,AverageAlmonds,3770094
2026-07-14T22:00:23.334960,2026-07-14T22:00:23.342432+00:00,67.6,200,bid,WavyWalnuts,YieldingYams,3770109
2026-07-14T22:00:25.463362,2026-07-14T22:00:25.468573+00:00,67.5,61,ask,Sze-Yong Ng,YieldingYams,3770137
2026-07-14T22:00:25.463362,2026-07-14T22:00:25.468573+00:00,67.5,200,ask,WavyWalnuts,YieldingYams,3770138
2026-07-14T22:00:25.463362,2026-07-14T22:00:25.479311+00:00,67.5,364,ask,AverageAlmonds,YieldingYams,3770139
2026-07-14T22:00:25.753225,2026-07-14T22:00:25.763884+00:00,67.5,200,ask,AverageAlmonds,WavyWalnuts,3770144
2026-07-14T22:00:26.961393,2026-07-14T22:00:26.966302+00:00,67.8,200,ask,YieldingYams,WavyWalnuts,3770161
2026-07-14T22:00:27.600000,2026-07-14T22:00:27.603642+00:00,67.8,25,ask,YieldingYams,Dinh Nguyen,3770171
2026-07-14T22:00:28.121298,2026-07-14T22:00:28.124016+00:00,67.8,2,bid,Dinh Nguyen,YieldingYams,3770182
2026-07-14T22:00:29.394173,2026-07-14T22:00:29.399118+00:00,67.7,61,bid,YieldingYams,Sze-Yong Ng,3770196
2026-07-14T22:00:29.394173,2026-07-14T22:00:29.399118+00:00,67.7,200,bid,YieldingYams,WavyWalnuts,3770197
2026-07-14T22:00:29.394173,2026-07-14T22:00:29.409829+00:00,67.8,364,bid,YieldingYams,AverageAlmonds,3770198
2026-07-14T22:00:29.412356,2026-07-14T22:00:29.420492+00:00,67.8,2,bid,Dinh Nguyen,AverageAlmonds,3770199
2026-07-14T22:00:30.707016,2026-07-14T22:00:30.713168+00:00,67.6,200,bid,YieldingYams,WavyWalnuts,3770225
2026-07-14T22:00:32.019644,2026-07-14T22:00:32.031934+00:00,67.6,61,ask,Sze-Yong Ng,YieldingYams,3770248
2026-07-14T22:00:32.996901,2026-07-14T22:00:33.006768+00:00,67.6,200,bid,WavyWalnuts,YieldingYams,3770261
2026-07-14T22:00:33.124322,2026-07-14T22:00:33.134616+00:00,67.6,2,bid,Dinh Nguyen,YieldingYams,3770262
2026-07-14T22:00:34.376405,2026-07-14T22:00:34.387525+00:00,67.6,25,ask,YieldingYams,Dinh Nguyen,3770272
2026-07-14T22:00:39.877658,2026-07-14T22:00:39.881429+00:00,67.7,61,bid,YieldingYams,Sze-Yong Ng,3770360
2026-07-14T22:00:39.877658,2026-07-14T22:00:39.881429+00:00,67.7,200,bid,YieldingYams,WavyWalnuts,3770361
2026-07-14T22:00:39.877658,2026-07-14T22:00:39.892154+00:00,67.8,364,bid,YieldingYams,AverageAlmonds,3770362
2026-07-14T22:00:39.906311,2026-07-14T22:00:39.913464+00:00,67.8,2,bid,Dinh Nguyen,AverageAlmonds,3770363
2026-07-14T22:00:42.498197,2026-07-14T22:00:42.500789+00:00,67.7,500,bid,YieldingYams,AverageAlmonds,3770398
2026-07-14T22:00:42.498197,2026-07-14T22:00:42.511499+00:00,67.8,125,bid,YieldingYams,WavyWalnuts,3770399
2026-07-14T22:00:42.702919,2026-07-14T22:00:42.704917+00:00,67.7,200,bid,WavyWalnuts,AverageAlmonds,3770401
2026-07-14T22:00:43.912520,2026-07-14T22:00:43.922479+00:00,67.7,200,bid,WavyWalnuts,YieldingYams,3770428
2026-07-14T22:00:47.465356,2026-07-14T22:00:47.473207+00:00,67.7,2,bid,Dinh Nguyen,Sze-Yong Ng,3770479
2026-07-14T22:00:47.550534,2026-07-14T22:00:47.560352+00:00,67.6,200,ask,YieldingYams,WavyWalnuts,3770481
2026-07-14T22:00:48.759925,2026-07-14T22:00:48.766697+00:00,67.6,200,ask,YieldingYams,WavyWalnuts,3770503
2026-07-14T22:00:49.968003,2026-07-14T22:00:49.978922+00:00,67.6,200,ask,YieldingYams,WavyWalnuts,3770521
2026-07-14T22:00:50.334903,2026-07-14T22:00:50.342976+00:00,67.6,20,ask,YieldingYams,BrilliantBurritos,3770525
2026-07-14T22:00:51.187427,2026-07-14T22:00:51.193411+00:00,67.7,19,bid,WavyWalnuts,Sze-Yong Ng,3770537
2026-07-14T22:00:51.187427,2026-07-14T22:00:51.193411+00:00,67.7,181,bid,WavyWalnuts,YieldingYams,3770538
2026-07-14T22:00:53.058022,2026-07-14T22:00:53.059830+00:00,67.6,20,ask,WavyWalnuts,BrilliantBurritos,3770559
2026-07-14T22:00:53.610328,2026-07-14T22:00:53.617465+00:00,67.7,18,bid,WavyWalnuts,Sze-Yong Ng,3770565
2026-07-14T22:00:53.610328,2026-07-14T22:00:53.617465+00:00,67.7,182,bid,WavyWalnuts,YieldingYams,3770566
2026-07-14T22:00:54.202682,2026-07-14T22:00:54.219803+00:00,67.5,20,ask,YieldingYams,BrilliantBurritos,3770576
2026-07-14T22:00:55.600383,2026-07-14T22:00:55.603065+00:00,67.6,20,bid,BrilliantBurritos,YieldingYams,3770591
2026-07-14T22:00:56.034763,2026-07-14T22:00:56.041805+00:00,67.6,200,bid,WavyWalnuts,AverageAlmonds,3770600
2026-07-14T22:00:56.934651,2026-07-14T22:00:56.944212+00:00,67.5,18,ask,Sze-Yong Ng,YieldingYams,3770610
2026-07-14T22:00:57.244351,2026-07-14T22:00:57.247855+00:00,67.5,200,bid,WavyWalnuts,YieldingYams,3770617
2026-07-14T22:00:58.247822,2026-07-14T22:00:58.255025+00:00,67.6,200,bid,YieldingYams,WavyWalnuts,3770630
2026-07-14T22:00:58.247822,2026-07-14T22:00:58.255025+00:00,67.6,425,bid,YieldingYams,AverageAlmonds,3770631
2026-07-14T22:00:59.665997,2026-07-14T22:00:59.675726+00:00,67.5,200,bid,WavyWalnuts,YieldingYams,3770647
2026-07-14T22:01:03.887187,2026-07-14T22:01:03.893427+00:00,67.4,8,ask,Sze-Yong Ng,AverageAlmonds,3770710
2026-07-14T22:01:03.887187,2026-07-14T22:01:03.893427+00:00,67.4,200,ask,WavyWalnuts,AverageAlmonds,3770711
2026-07-14T22:01:03.887187,2026-07-14T22:01:03.893427+00:00,67.4,292,ask,YieldingYams,AverageAlmonds,3770712
2026-07-14T22:01:04.479930,2026-07-14T22:01:04.482824+00:00,67.4,333,ask,YieldingYams,AverageAlmonds,3770727
2026-07-14T22:01:04.479930,2026-07-14T22:01:04.493800+00:00,67.4,13,ask,Sze-Yong Ng,AverageAlmonds,3770728
2026-07-14T22:01:04.663870,2026-07-14T22:01:04.671521+00:00,67.2,25,bid,Johan Shajee,WavyWalnuts,3770733
2026-07-14T22:01:05.713232,2026-07-14T22:01:05.720917+00:00,67.1,1,ask,Sze-Yong Ng,Johan Shajee,3770754
2026-07-14T22:01:05.722728,2026-07-14T22:01:05.731959+00:00,67.1,60,ask,Sze-Yong Ng,WavyWalnuts,3770756
2026-07-14T22:01:05.722728,2026-07-14T22:01:05.731959+00:00,67.1,140,ask,YieldingYams,WavyWalnuts,3770757
2026-07-14T22:01:08.724639,2026-07-14T22:01:08.736046+00:00,67.0,200,ask,WavyWalnuts,YieldingYams,3770780
2026-07-14T22:01:08.930687,2026-07-14T22:01:08.940282+00:00,67.0,25,bid,Johan Shajee,YieldingYams,3770786
2026-07-14T22:01:09.680254,2026-07-14T22:01:09.684454+00:00,66.9,20,ask,YieldingYams,BrilliantBurritos,3770793
2026-07-14T22:01:10.558589,2026-07-14T22:01:10.565814+00:00,67.0,200,ask,AverageAlmonds,WavyWalnuts,3770803
2026-07-14T22:01:11.343571,2026-07-14T22:01:11.351807+00:00,67.0,25,ask,Sze-Yong Ng,YieldingYams,3770812
2026-07-14T22:01:11.343571,2026-07-14T22:01:11.351807+00:00,67.0,500,ask,AverageAlmonds,YieldingYams,3770813
2026-07-14T22:01:11.728140,2026-07-14T22:01:11.739818+00:00,67.0,100,bid,AverageAlmonds,YieldingYams,3770815
2026-07-14T22:01:12.354542,2026-07-14T22:01:12.361625+00:00,67.3,20,bid,BrilliantBurritos,WavyWalnuts,3770825
2026-07-14T22:01:12.653140,2026-07-14T22:01:12.656071+00:00,67.3,180,bid,YieldingYams,WavyWalnuts,3770830
2026-07-14T22:01:12.752209,2026-07-14T22:01:12.755037+00:00,67.3,25,ask,YieldingYams,Johan Shajee,3770838
2026-07-14T22:01:12.976393,2026-07-14T22:01:12.981048+00:00,67.3,200,ask,YieldingYams,WavyWalnuts,3770844
2026-07-14T22:01:14.000974,2026-07-14T22:01:14.004287+00:00,67.3,2,bid,Johan Shajee,YieldingYams,3770862
2026-07-14T22:01:14.185315,2026-07-14T22:01:14.187910+00:00,67.3,200,bid,WavyWalnuts,YieldingYams,3770866
2026-07-14T22:01:14.207110,2026-07-14T22:01:14.209785+00:00,67.3,2,bid,Johan Shajee,YieldingYams,3770867
2026-07-14T22:01:14.412371,2026-07-14T22:01:14.424443+00:00,67.3,2,bid,Johan Shajee,YieldingYams,3770871
2026-07-14T22:01:14.618856,2026-07-14T22:01:14.628991+00:00,67.3,2,bid,Johan Shajee,YieldingYams,3770872
2026-07-14T22:01:14.825206,2026-07-14T22:01:14.835002+00:00,67.3,2,bid,Johan Shajee,YieldingYams,3770875
2026-07-14T22:01:15.277478,2026-07-14T22:01:15.289055+00:00,67.3,25,bid,YieldingYams,Sze-Yong Ng,3770881
2026-07-14T22:01:15.277478,2026-07-14T22:01:15.289055+00:00,67.4,200,bid,YieldingYams,WavyWalnuts,3770882
2026-07-14T22:01:15.277478,2026-07-14T22:01:15.289055+00:00,67.4,400,bid,YieldingYams,AverageAlmonds,3770883
2026-07-14T22:01:15.453450,2026-07-14T22:01:15.462656+00:00,67.3,20,bid,BrilliantBurritos,WavyWalnuts,3770886
2026-07-14T22:01:18.444596,2026-07-14T22:01:18.449296+00:00,67.3,25,bid,Johan Shajee,YieldingYams,3770931
2026-07-14T22:01:18.655643,2026-07-14T22:01:18.664148+00:00,67.3,25,bid,Johan Shajee,YieldingYams,3770942
2026-07-14T22:01:18.867619,2026-07-14T22:01:18.879540+00:00,67.3,25,bid,Johan Shajee,YieldingYams,3770945
2026-07-14T22:01:18.872498,2026-07-14T22:01:18.879540+00:00,67.2,2,ask,WavyWalnuts,Johan Shajee,3770946
2026-07-14T22:01:19.082057,2026-07-14T22:01:19.093749+00:00,67.2,2,ask,Sze-Yong Ng,Johan Shajee,3770952
2026-07-14T22:01:19.287759,2026-07-14T22:01:19.297297+00:00,67.2,2,ask,Sze-Yong Ng,Johan Shajee,3770955
2026-07-14T22:01:19.494220,2026-07-14T22:01:19.499524+00:00,67.2,2,ask,Sze-Yong Ng,Johan Shajee,3770956
2026-07-14T22:01:19.700591,2026-07-14T22:01:19.703541+00:00,67.2,2,ask,Sze-Yong Ng,Johan Shajee,3770960
2026-07-14T22:01:19.906505,2026-07-14T22:01:19.917581+00:00,67.2,2,ask,Sze-Yong Ng,Johan Shajee,3770964
2026-07-14T22:01:20.543144,2026-07-14T22:01:20.552026+00:00,67.3,200,bid,YieldingYams,WavyWalnuts,3770971
2026-07-14T22:01:22.660992,2026-07-14T22:01:22.672451+00:00,67.3,32,ask,Sze-Yong Ng,WavyWalnuts,3770996
2026-07-14T22:01:22.660992,2026-07-14T22:01:22.672451+00:00,67.2,168,ask,YieldingYams,WavyWalnuts,3770997
2026-07-14T22:01:25.780571,2026-07-14T22:01:25.790550+00:00,67.3,200,ask,WavyWalnuts,YieldingYams,3771049
2026-07-14T22:01:26.540469,2026-07-14T22:01:26.549436+00:00,67.3,25,bid,Johan Shajee,YieldingYams,3771061
2026-07-14T22:01:26.751950,2026-07-14T22:01:26.764311+00:00,67.3,25,bid,Johan Shajee,YieldingYams,3771063
2026-07-14T22:01:26.963231,2026-07-14T22:01:26.971569+00:00,67.3,25,bid,Johan Shajee,YieldingYams,3771067
2026-07-14T22:01:27.105665,2026-07-14T22:01:27.111966+00:00,67.3,200,bid,YieldingYams,WavyWalnuts,3771068
2026-07-14T22:01:27.494103,2026-07-14T22:01:27.497120+00:00,67.3,200,ask,YieldingYams,WavyWalnuts,3771074
2026-07-14T22:01:27.751809,2026-07-14T22:01:27.757668+00:00,67.4,20,bid,BrilliantBurritos,YieldingYams,3771078
2026-07-14T22:01:27.821356,2026-07-14T22:01:27.833707+00:00,67.4,2,bid,Dinh Nguyen,YieldingYams,3771079
2026-07-14T22:01:28.420750,2026-07-14T22:01:28.422665+00:00,67.1,200,ask,WavyWalnuts,YieldingYams,3771088
2026-07-14T22:01:28.420750,2026-07-14T22:01:28.433559+00:00,67.1,425,ask,AverageAlmonds,YieldingYams,3771089
2026-07-14T22:01:28.779843,2026-07-14T22:01:28.789176+00:00,67.2,25,bid,Johan Shajee,WavyWalnuts,3771094
2026-07-14T22:01:28.994317,2026-07-14T22:01:29.004104+00:00,67.2,3,bid,Johan Shajee,WavyWalnuts,3771100
2026-07-14T22:01:29.333211,2026-07-14T22:01:29.337659+00:00,67.2,25,bid,Dinh Nguyen,WavyWalnuts,3771106
2026-07-14T22:01:29.590406,2026-07-14T22:01:29.595037+00:00,67.2,2,bid,Dinh Nguyen,WavyWalnuts,3771110
2026-07-14T22:01:29.730047,2026-07-14T22:01:29.734645+00:00,67.2,145,bid,YieldingYams,WavyWalnuts,3771112
2026-07-14T22:01:29.922016,2026-07-14T22:01:29.928271+00:00,67.4,200,ask,YieldingYams,WavyWalnuts,3771114
2026-07-14T22:01:30.375623,2026-07-14T22:01:30.377893+00:00,67.4,20,ask,YieldingYams,BrilliantBurritos,3771121
2026-07-14T22:01:31.129433,2026-07-14T22:01:31.131293+00:00,67.3,200,ask,YieldingYams,WavyWalnuts,3771130
2026-07-14T22:01:32.116441,2026-07-14T22:01:32.128841+00:00,67.5,2,bid,Dinh Nguyen,YieldingYams,3771144
2026-07-14T22:01:33.384361,2026-07-14T22:01:33.391384+00:00,67.4,2,bid,Dinh Nguyen,YieldingYams,3771161
2026-07-14T22:01:34.632409,2026-07-14T22:01:34.642064+00:00,67.4,2,bid,Dinh Nguyen,YieldingYams,3771177
2026-07-14T22:01:34.965572,2026-07-14T22:01:34.973989+00:00,67.4,94,bid,YieldingYams,Sze-Yong Ng,3771179
2026-07-14T22:01:34.965572,2026-07-14T22:01:34.973989+00:00,67.4,200,bid,YieldingYams,WavyWalnuts,3771180
2026-07-14T22:01:35.881399,2026-07-14T22:01:35.885224+00:00,67.5,2,bid,Dinh Nguyen,YieldingYams,3771197
2026-07-14T22:01:35.978247,2026-07-14T22:01:35.980624+00:00,67.5,200,bid,WavyWalnuts,YieldingYams,3771201
2026-07-14T22:01:37.122416,2026-07-14T22:01:37.131100+00:00,67.5,2,bid,Dinh Nguyen,YieldingYams,3771215
2026-07-14T22:01:38.389406,2026-07-14T22:01:38.397379+00:00,67.5,2,bid,Dinh Nguyen,WavyWalnuts,3771238
2026-07-14T22:01:39.606711,2026-07-14T22:01:39.611822+00:00,67.4,200,bid,WavyWalnuts,YieldingYams,3771247
2026-07-14T22:01:39.680414,2026-07-14T22:01:39.687473+00:00,67.4,2,bid,Dinh Nguyen,YieldingYams,3771248
2026-07-14T22:01:40.829291,2026-07-14T22:01:40.840643+00:00,67.4,200,ask,YieldingYams,WavyWalnuts,3771266
2026-07-14T22:01:40.933400,2026-07-14T22:01:40.937865+00:00,67.5,2,bid,Dinh Nguyen,YieldingYams,3771267
2026-07-14T22:01:41.561670,2026-07-14T22:01:41.563981+00:00,67.4,47,ask,Sze-Yong Ng,YieldingYams,3771279
2026-07-14T22:01:42.174405,2026-07-14T22:01:42.185932+00:00,67.4,2,bid,Dinh Nguyen,YieldingYams,3771283
2026-07-14T22:01:42.872195,2026-07-14T22:01:42.884146+00:00,67.4,200,bid,YieldingYams,WavyWalnuts,3771301
2026-07-14T22:01:43.432417,2026-07-14T22:01:43.440523+00:00,67.5,1,bid,Dinh Nguyen,WavyWalnuts,3771304
2026-07-14T22:01:44.185293,2026-07-14T22:01:44.191406+00:00,67.4,5,ask,Sze-Yong Ng,YieldingYams,3771313
2026-07-14T22:01:44.185293,2026-07-14T22:01:44.191406+00:00,67.4,200,ask,WavyWalnuts,YieldingYams,3771314
2026-07-14T22:01:44.696042,2026-07-14T22:01:44.708832+00:00,67.3,20,bid,BrilliantBurritos,WavyWalnuts,3771323
2026-07-14T22:01:45.495782,2026-07-14T22:01:45.507904+00:00,67.3,180,bid,YieldingYams,WavyWalnuts,3771331
2026-07-14T22:01:46.167417,2026-07-14T22:01:46.179550+00:00,67.4,2,bid,Dinh Nguyen,WavyWalnuts,3771340
2026-07-14T22:01:46.809595,2026-07-14T22:01:46.818540+00:00,67.3,42,ask,Sze-Yong Ng,YieldingYams,3771345
2026-07-14T22:01:46.809595,2026-07-14T22:01:46.818540+00:00,67.3,500,ask,AverageAlmonds,YieldingYams,3771346
2026-07-14T22:01:46.886039,2026-07-14T22:01:46.901941+00:00,67.3,83,bid,WavyWalnuts,YieldingYams,3771349
2026-07-14T22:01:47.034265,2026-07-14T22:01:47.040966+00:00,67.4,25,ask,WavyWalnuts,Johan Shajee,3771356
2026-07-14T22:01:47.048860,2026-07-14T22:01:47.051729+00:00,67.5,2,bid,Johan Shajee,WavyWalnuts,3771361
2026-07-14T22:01:47.253412,2026-07-14T22:01:47.265047+00:00,67.5,2,bid,Johan Shajee,WavyWalnuts,3771364
2026-07-14T22:01:47.483326,2026-07-14T22:01:47.493535+00:00,67.5,2,bid,Johan Shajee,WavyWalnuts,3771367
2026-07-14T22:01:47.483543,2026-07-14T22:01:47.493535+00:00,67.5,2,bid,Dinh Nguyen,WavyWalnuts,3771368
2026-07-14T22:01:50.509326,2026-07-14T22:01:50.519418+00:00,67.5,80,bid,WavyWalnuts,Sze-Yong Ng,3771406
2026-07-14T22:01:50.509326,2026-07-14T22:01:50.519418+00:00,67.5,120,bid,WavyWalnuts,YieldingYams,3771407
2026-07-14T22:01:52.829350,2026-07-14T22:01:52.837584+00:00,67.5,2,bid,Dinh Nguyen,WavyWalnuts,3771437
2026-07-14T22:01:52.957261,2026-07-14T22:01:52.965849+00:00,67.4,200,ask,YieldingYams,WavyWalnuts,3771444
2026-07-14T22:01:53.359512,2026-07-14T22:01:53.370827+00:00,67.4,38,ask,Sze-Yong Ng,YieldingYams,3771449
2026-07-14T22:01:54.085627,2026-07-14T22:01:54.097538+00:00,67.4,2,bid,Dinh Nguyen,YieldingYams,3771458
2026-07-14T22:01:54.671098,2026-07-14T22:01:54.674686+00:00,67.3,500,ask,AverageAlmonds,YieldingYams,3771464
2026-07-14T22:01:54.671098,2026-07-14T22:01:54.674686+00:00,67.3,125,ask,WavyWalnuts,YieldingYams,3771465
2026-07-14T22:01:55.394572,2026-07-14T22:01:55.403070+00:00,67.5,2,bid,Dinh Nguyen,WavyWalnuts,3771478
2026-07-14T22:01:55.986682,2026-07-14T22:01:55.994257+00:00,67.4,500,ask,AverageAlmonds,YieldingYams,3771482
2026-07-14T22:01:56.249115,2026-07-14T22:01:56.252574+00:00,67.4,20,bid,BrilliantBurritos,YieldingYams,3771484
2026-07-14T22:01:56.505884,2026-07-14T22:01:56.513276+00:00,67.3,25,ask,WavyWalnuts,Johan Shajee,3771492
2026-07-14T22:01:56.534757,2026-07-14T22:01:56.562635+00:00,67.4,105,bid,AverageAlmonds,YieldingYams,3771494
2026-07-14T22:01:56.534757,2026-07-14T22:01:56.562635+00:00,67.4,61,bid,AverageAlmonds,Sze-Yong Ng,3771495
2026-07-14T22:01:56.592096,2026-07-14T22:01:56.595234+00:00,67.4,200,ask,AverageAlmonds,WavyWalnuts,3771501
2026-07-14T22:01:56.659542,2026-07-14T22:01:56.669243+00:00,67.4,25,ask,AverageAlmonds,Dinh Nguyen,3771502
2026-07-14T22:01:56.716636,2026-07-14T22:01:56.721955+00:00,67.4,25,ask,AverageAlmonds,Johan Shajee,3771503
2026-07-14T22:01:57.168712,2026-07-14T22:01:57.171403+00:00,67.5,2,bid,Dinh Nguyen,Sze-Yong Ng,3771513
2026-07-14T22:01:57.294272,2026-07-14T22:01:57.299847+00:00,67.5,11,bid,YieldingYams,Sze-Yong Ng,3771518
2026-07-14T22:01:57.329432,2026-07-14T22:01:57.331646+00:00,67.6,25,ask,YieldingYams,Johan Shajee,3771519
2026-07-14T22:01:57.541393,2026-07-14T22:01:57.548250+00:00,67.6,25,ask,YieldingYams,Johan Shajee,3771522
2026-07-14T22:01:58.425702,2026-07-14T22:01:58.432045+00:00,67.7,2,bid,Dinh Nguyen,WavyWalnuts,3771536
2026-07-14T22:01:58.560373,2026-07-14T22:01:58.570225+00:00,67.7,20,bid,BrilliantBurritos,WavyWalnuts,3771539
2026-07-14T22:01:58.604106,2026-07-14T22:01:58.612557+00:00,67.7,178,bid,YieldingYams,WavyWalnuts,3771542
2026-07-14T22:01:59.008345,2026-07-14T22:01:59.017250+00:00,67.7,200,ask,YieldingYams,WavyWalnuts,3771546
2026-07-14T22:01:59.674605,2026-07-14T22:01:59.678699+00:00,67.8,2,bid,Dinh Nguyen,AverageAlmonds,3771557
2026-07-14T22:01:59.918519,2026-07-14T22:01:59.930149+00:00,67.7,13,ask,Sze-Yong Ng,YieldingYams,3771560
2026-07-14T22:01:59.965683,2026-07-14T22:01:59.973196+00:00,67.6,25,bid,Johan Shajee,YieldingYams,3771565
2026-07-14T22:02:00.215383,2026-07-14T22:02:00.220079+00:00,67.6,25,bid,Johan Shajee,YieldingYams,3771569
2026-07-14T22:02:00.220345,2026-07-14T22:02:00.230805+00:00,67.5,2,ask,YieldingYams,Johan Shajee,3771570
2026-07-14T22:02:00.223658,2026-07-14T22:02:00.230805+00:00,67.6,200,bid,WavyWalnuts,YieldingYams,3771571
2026-07-14T22:02:00.425607,2026-07-14T22:02:00.432545+00:00,67.5,2,ask,YieldingYams,Johan Shajee,3771572
2026-07-14T22:02:00.631774,2026-07-14T22:02:00.633893+00:00,67.5,2,ask,YieldingYams,Johan Shajee,3771574
2026-07-14T22:02:00.838263,2026-07-14T22:02:00.846791+00:00,67.5,2,ask,YieldingYams,Johan Shajee,3771576
2026-07-14T22:02:00.923597,2026-07-14T22:02:00.931776+00:00,67.6,2,bid,Dinh Nguyen,YieldingYams,3771582
2026-07-14T22:02:01.043470,2026-07-14T22:02:01.048853+00:00,67.5,2,ask,YieldingYams,Johan Shajee,3771586
2026-07-14T22:02:01.248527,2026-07-14T22:02:01.251605+00:00,67.6,2,ask,YieldingYams,Johan Shajee,3771588
2026-07-14T22:02:01.432608,2026-07-14T22:02:01.444876+00:00,67.7,200,bid,WavyWalnuts,YieldingYams,3771592
2026-07-14T22:02:01.453109,2026-07-14T22:02:01.455623+00:00,67.6,2,ask,YieldingYams,Johan Shajee,3771593
2026-07-14T22:02:01.658614,2026-07-14T22:02:01.668280+00:00,67.6,2,ask,YieldingYams,Johan Shajee,3771594
2026-07-14T22:02:01.863630,2026-07-14T22:02:01.869822+00:00,67.6,2,ask,YieldingYams,Johan Shajee,3771597
2026-07-14T22:02:02.071141,2026-07-14T22:02:02.082345+00:00,67.6,1,ask,YieldingYams,Johan Shajee,3771604
2026-07-14T22:02:02.176531,2026-07-14T22:02:02.178704+00:00,67.7,2,bid,Dinh Nguyen,YieldingYams,3771605
2026-07-14T22:02:02.877413,2026-07-14T22:02:02.882844+00:00,67.6,25,ask,Sze-Yong Ng,Johan Shajee,3771614
2026-07-14T22:02:03.089158,2026-07-14T22:02:03.095251+00:00,67.6,25,ask,YieldingYams,Dinh Nguyen,3771616
2026-07-14T22:02:03.300929,2026-07-14T22:02:03.309460+00:00,67.6,25,ask,YieldingYams,Johan Shajee,3771624
2026-07-14T22:02:03.505559,2026-07-14T22:02:03.512345+00:00,67.6,25,ask,YieldingYams,Johan Shajee,3771631
2026-07-14T22:02:03.854723,2026-07-14T22:02:03.865758+00:00,67.6,200,bid,WavyWalnuts,YieldingYams,3771638
2026-07-14T22:02:03.932325,2026-07-14T22:02:03.939979+00:00,67.6,2,bid,Johan Shajee,YieldingYams,3771639
2026-07-14T22:02:05.157697,2026-07-14T22:02:05.161738+00:00,67.6,2,bid,YieldingYams,Sze-Yong Ng,3771651
2026-07-14T22:02:05.340885,2026-07-14T22:02:05.352168+00:00,67.6,25,ask,YieldingYams,Johan Shajee,3771653
2026-07-14T22:02:05.553692,2026-07-14T22:02:05.565234+00:00,67.6,14,ask,YieldingYams,Johan Shajee,3771658
2026-07-14T22:02:06.520725,2026-07-14T22:02:06.525057+00:00,67.8,2,bid,Dinh Nguyen,WavyWalnuts,3771671
2026-07-14T22:02:07.776591,2026-07-14T22:02:07.786653+00:00,67.8,2,bid,Dinh Nguyen,WavyWalnuts,3771683
2026-07-14T22:02:08.691180,2026-07-14T22:02:08.694655+00:00,67.7,200,ask,YieldingYams,WavyWalnuts,3771704
2026-07-14T22:02:09.019586,2026-07-14T22:02:09.027663+00:00,67.8,2,bid,Dinh Nguyen,YieldingYams,3771706
2026-07-14T22:02:09.104088,2026-07-14T22:02:09.109070+00:00,67.7,36,ask,Sze-Yong Ng,YieldingYams,3771711
2026-07-14T22:02:09.104088,2026-07-14T22:02:09.109070+00:00,67.6,200,ask,WavyWalnuts,YieldingYams,3771712
2026-07-14T22:02:09.898536,2026-07-14T22:02:09.910564+00:00,67.5,200,ask,YieldingYams,WavyWalnuts,3771726
2026-07-14T22:02:10.266893,2026-07-14T22:02:10.272858+00:00,67.6,2,bid,Dinh Nguyen,YieldingYams,3771729
2026-07-14T22:02:11.590588,2026-07-14T22:02:11.595254+00:00,67.6,2,bid,Dinh Nguyen,YieldingYams,3771743
2026-07-14T22:02:12.830642,2026-07-14T22:02:12.834805+00:00,67.6,2,bid,Dinh Nguyen,YieldingYams,3771762
2026-07-14T22:02:13.531971,2026-07-14T22:02:13.540273+00:00,67.5,200,ask,YieldingYams,WavyWalnuts,3771773
2026-07-14T22:02:14.073622,2026-07-14T22:02:14.084451+00:00,67.6,2,bid,Dinh Nguyen,YieldingYams,3771780
2026-07-14T22:02:14.350198,2026-07-14T22:02:14.359739+00:00,67.5,2,ask,Sze-Yong Ng,YieldingYams,3771783
2026-07-14T22:02:14.350198,2026-07-14T22:02:14.359739+00:00,67.5,500,ask,AverageAlmonds,YieldingYams,3771784
2026-07-14T22:02:14.398733,2026-07-14T22:02:14.402389+00:00,67.5,25,bid,Johan Shajee,YieldingYams,3771786
2026-07-14T22:02:14.704213,2026-07-14T22:02:14.708226+00:00,67.5,98,bid,AverageAlmonds,YieldingYams,3771793
2026-07-14T22:02:15.335827,2026-07-14T22:02:15.345270+00:00,67.7,2,bid,Dinh Nguyen,WavyWalnuts,3771804
2026-07-14T22:02:15.947454,2026-07-14T22:02:15.949101+00:00,67.6,200,ask,YieldingYams,WavyWalnuts,3771812
2026-07-14T22:02:16.585860,2026-07-14T22:02:16.596842+00:00,67.8,2,bid,Dinh Nguyen,YieldingYams,3771825
2026-07-14T22:02:17.846629,2026-07-14T22:02:17.853014+00:00,67.7,2,bid,Dinh Nguyen,YieldingYams,3771841
2026-07-14T22:02:18.617333,2026-07-14T22:02:18.621616+00:00,67.7,25,bid,Johan Shajee,YieldingYams,3771847
2026-07-14T22:02:19.167664,2026-07-14T22:02:19.176568+00:00,67.7,2,bid,Dinh Nguyen,YieldingYams,3771856
2026-07-14T22:02:20.468627,2026-07-14T22:02:20.479121+00:00,67.7,2,bid,Dinh Nguyen,WavyWalnuts,3771874
2026-07-14T22:02:20.807163,2026-07-14T22:02:20.810369+00:00,67.6,42,ask,Sze-Yong Ng,WavyWalnuts,3771878
2026-07-14T22:02:20.807163,2026-07-14T22:02:20.810369+00:00,67.6,158,ask,YieldingYams,WavyWalnuts,3771879
2026-07-14T22:02:21.715564,2026-07-14T22:02:21.722227+00:00,67.7,2,bid,Dinh Nguyen,YieldingYams,3771892
2026-07-14T22:02:22.018699,2026-07-14T22:02:22.022139+00:00,67.6,200,ask,YieldingYams,WavyWalnuts,3771899
2026-07-14T22:02:22.221995,2026-07-14T22:02:22.225797+00:00,67.6,15,ask,Sze-Yong Ng,YieldingYams,3771903
2026-07-14T22:02:22.234383,2026-07-14T22:02:22.236440+00:00,67.5,25,bid,Johan Shajee,YieldingYams,3771905
2026-07-14T22:02:22.446377,2026-07-14T22:02:22.452621+00:00,67.5,25,bid,Johan Shajee,YieldingYams,3771908
2026-07-14T22:02:22.600832,2026-07-14T22:02:22.612845+00:00,67.5,500,bid,AverageAlmonds,YieldingYams,3771911
2026-07-14T22:02:22.656298,2026-07-14T22:02:22.666972+00:00,67.5,25,bid,Johan Shajee,YieldingYams,3771915
2026-07-14T22:02:22.973612,2026-07-14T22:02:22.977632+00:00,67.5,2,bid,Dinh Nguyen,YieldingYams,3771920
2026-07-14T22:02:23.197074,2026-07-14T22:02:23.203215+00:00,67.5,33,bid,AverageAlmonds,YieldingYams,3771927
2026-07-14T22:02:23.529260,2026-07-14T22:02:23.536841+00:00,67.6,200,bid,YieldingYams,WavyWalnuts,3771929
2026-07-14T22:02:23.529260,2026-07-14T22:02:23.536841+00:00,67.9,425,bid,YieldingYams,AverageAlmonds,3771930
2026-07-14T22:02:23.613570,2026-07-14T22:02:23.621849+00:00,67.5,20,ask,AverageAlmonds,BrilliantBurritos,3771932
2026-07-14T22:02:29.285096,2026-07-14T22:02:29.289818+00:00,67.8,200,bid,WavyWalnuts,YieldingYams,3772004
2026-07-14T22:02:31.391663,2026-07-14T22:02:31.400918+00:00,67.7,4,ask,Sze-Yong Ng,YieldingYams,3772027
2026-07-14T22:02:31.484686,2026-07-14T22:02:31.489145+00:00,67.7,25,bid,Johan Shajee,YieldingYams,3772033
2026-07-14T22:02:31.707072,2026-07-14T22:02:31.719225+00:00,67.7,25,bid,Johan Shajee,YieldingYams,3772039
2026-07-14T22:02:34.001809,2026-07-14T22:02:34.007537+00:00,67.6,20,ask,YieldingYams,BrilliantBurritos,3772074
2026-07-14T22:02:34.010092,2026-07-14T22:02:34.039296+00:00,67.8,200,bid,YieldingYams,WavyWalnuts,3772075
2026-07-14T22:02:34.131209,2026-07-14T22:02:34.134866+00:00,67.9,200,bid,WavyWalnuts,YieldingYams,3772081
2026-07-14T22:02:36.662514,2026-07-14T22:02:36.671784+00:00,67.9,500,bid,YieldingYams,AverageAlmonds,3772119
2026-07-14T22:02:37.136979,2026-07-14T22:02:37.138918+00:00,67.9,125,ask,YieldingYams,AverageAlmonds,3772123
2026-07-14T22:02:37.931336,2026-07-14T22:02:37.936311+00:00,67.8,25,bid,Johan Shajee,WavyWalnuts,3772141
2026-07-14T22:02:38.667623,2026-07-14T22:02:38.669968+00:00,67.8,25,bid,Dinh Nguyen,WavyWalnuts,3772159
2026-07-14T22:02:38.974731,2026-07-14T22:02:38.980766+00:00,67.7,200,ask,YieldingYams,WavyWalnuts,3772164
2026-07-14T22:02:40.171463,2026-07-14T22:02:40.183097+00:00,67.8,20,bid,BrilliantBurritos,AverageAlmonds,3772185
2026-07-14T22:02:41.406638,2026-07-14T22:02:41.411873+00:00,67.7,200,ask,YieldingYams,WavyWalnuts,3772206
2026-07-14T22:02:43.223830,2026-07-14T22:02:43.232625+00:00,67.6,200,ask,WavyWalnuts,YieldingYams,3772238
2026-07-14T22:02:43.829178,2026-07-14T22:02:43.838641+00:00,67.5,200,ask,YieldingYams,WavyWalnuts,3772245
2026-07-14T22:02:44.312421,2026-07-14T22:02:44.318583+00:00,67.6,20,bid,BrilliantBurritos,YieldingYams,3772248
2026-07-14T22:02:45.037341,2026-07-14T22:02:45.041269+00:00,67.5,200,ask,YieldingYams,WavyWalnuts,3772257
2026-07-14T22:02:47.153041,2026-07-14T22:02:47.164998+00:00,67.5,200,bid,YieldingYams,WavyWalnuts,3772284
2026-07-14T22:02:47.460572,2026-07-14T22:02:47.465873+00:00,67.6,2,bid,Dinh Nguyen,YieldingYams,3772290
2026-07-14T22:02:47.467165,2026-07-14T22:02:47.476901+00:00,67.5,200,ask,YieldingYams,WavyWalnuts,3772291
2026-07-14T22:02:48.465791,2026-07-14T22:02:48.474478+00:00,67.4,200,ask,WavyWalnuts,YieldingYams,3772306
2026-07-14T22:02:50.211628,2026-07-14T22:02:50.223276+00:00,67.4,25,bid,Dinh Nguyen,WavyWalnuts,3772331
2026-07-14T22:02:50.451931,2026-07-14T22:02:50.460720+00:00,67.4,175,bid,AverageAlmonds,WavyWalnuts,3772335
2026-07-14T22:02:50.470518,2026-07-14T22:02:50.482953+00:00,67.5,2,bid,Dinh Nguyen,YieldingYams,3772336
2026-07-14T22:02:51.797607,2026-07-14T22:02:51.809788+00:00,67.6,2,bid,Dinh Nguyen,YieldingYams,3772356
2026-07-14T22:02:52.399956,2026-07-14T22:02:52.410995+00:00,67.5,200,ask,WavyWalnuts,YieldingYams,3772366
2026-07-14T22:02:53.062620,2026-07-14T22:02:53.070009+00:00,67.5,2,bid,Dinh Nguyen,YieldingYams,3772377
2026-07-14T22:02:54.306640,2026-07-14T22:02:54.308718+00:00,67.5,2,bid,Dinh Nguyen,YieldingYams,3772391
2026-07-14T22:02:55.022076,2026-07-14T22:02:55.034201+00:00,67.4,200,ask,WavyWalnuts,YieldingYams,3772406
2026-07-14T22:02:55.560592,2026-07-14T22:02:55.570088+00:00,67.4,2,bid,Dinh Nguyen,YieldingYams,3772408
2026-07-14T22:02:56.331556,2026-07-14T22:02:56.350823+00:00,67.5,200,bid,YieldingYams,WavyWalnuts,3772424
2026-07-14T22:02:56.815609,2026-07-14T22:02:56.827331+00:00,67.6,2,bid,Dinh Nguyen,YieldingYams,3772434
2026-07-14T22:02:57.136593,2026-07-14T22:02:57.145622+00:00,67.5,200,ask,YieldingYams,WavyWalnuts,3772442
2026-07-14T22:02:57.645162,2026-07-14T22:02:57.653597+00:00,67.4,500,ask,AverageAlmonds,YieldingYams,3772447
2026-07-14T22:02:57.708250,2026-07-14T22:02:57.761504+00:00,67.4,125,bid,AverageAlmonds,YieldingYams,3772448
2026-07-14T22:02:58.979824,2026-07-14T22:02:58.996894+00:00,67.5,200,ask,WavyWalnuts,YieldingYams,3772465
2026-07-14T22:02:59.359636,2026-07-14T22:02:59.365468+00:00,67.5,2,bid,Dinh Nguyen,YieldingYams,3772473
2026-07-14T22:03:00.666706,2026-07-14T22:03:00.670602+00:00,67.6,2,bid,Dinh Nguyen,WavyWalnuts,3772493
2026-07-14T22:03:01.601557,2026-07-14T22:03:01.603658+00:00,67.5,200,bid,YieldingYams,WavyWalnuts,3772505
2026-07-14T22:03:01.921654,2026-07-14T22:03:01.933084+00:00,67.7,2,bid,Dinh Nguyen,YieldingYams,3772508
2026-07-14T22:03:02.917193,2026-07-14T22:03:02.921003+00:00,67.6,200,ask,WavyWalnuts,YieldingYams,3772524
2026-07-14T22:03:03.187225,2026-07-14T22:03:03.197202+00:00,67.6,1,bid,Dinh Nguyen,YieldingYams,3772530
2026-07-14T22:03:04.226137,2026-07-14T22:03:04.232758+00:00,67.6,200,bid,YieldingYams,WavyWalnuts,3772543
2026-07-14T22:03:05.640911,2026-07-14T22:03:05.653634+00:00,67.8,200,bid,WavyWalnuts,YieldingYams,3772564
2026-07-14T22:03:06.883878,2026-07-14T22:03:06.890856+00:00,67.7,20,ask,WavyWalnuts,BrilliantBurritos,3772581
2026-07-14T22:03:08.067049,2026-07-14T22:03:08.074818+00:00,67.8,200,bid,WavyWalnuts,YieldingYams,3772592
2026-07-14T22:03:08.166767,2026-07-14T22:03:08.169292+00:00,67.8,500,bid,YieldingYams,AverageAlmonds,3772593
2026-07-14T22:03:08.625576,2026-07-14T22:03:08.636040+00:00,67.9,125,ask,YieldingYams,AverageAlmonds,3772602
2026-07-14T22:03:09.277162,2026-07-14T22:03:09.281721+00:00,67.8,200,bid,WavyWalnuts,AverageAlmonds,3772615
2026-07-14T22:03:10.793101,2026-07-14T22:03:10.817491+00:00,67.6,200,ask,WavyWalnuts,YieldingYams,3772644
2026-07-14T22:03:11.697469,2026-07-14T22:03:11.706016+00:00,67.6,200,bid,WavyWalnuts,YieldingYams,3772659
2026-07-14T22:03:12.104181,2026-07-14T22:03:12.112641+00:00,67.7,500,bid,YieldingYams,AverageAlmonds,3772667
2026-07-14T22:03:12.268915,2026-07-14T22:03:12.271663+00:00,67.7,125,ask,YieldingYams,AverageAlmonds,3772671
2026-07-14T22:03:12.908315,2026-07-14T22:03:12.915501+00:00,67.7,200,bid,WavyWalnuts,AverageAlmonds,3772679
2026-07-14T22:03:14.462770,2026-07-14T22:03:14.468889+00:00,67.6,25,bid,Dinh Nguyen,YieldingYams,3772699
2026-07-14T22:03:14.736545,2026-07-14T22:03:14.744515+00:00,67.5,2,ask,WavyWalnuts,Dinh Nguyen,3772702
2026-07-14T22:03:16.076774,2026-07-14T22:03:16.086108+00:00,67.5,2,ask,YieldingYams,Dinh Nguyen,3772727
2026-07-14T22:03:17.343822,2026-07-14T22:03:17.356199+00:00,67.5,2,ask,YieldingYams,Dinh Nguyen,3772748
2026-07-14T22:03:18.613824,2026-07-14T22:03:18.617928+00:00,67.5,2,ask,YieldingYams,Dinh Nguyen,3772768
2026-07-14T22:03:18.669768,2026-07-14T22:03:18.681102+00:00,67.4,200,ask,WavyWalnuts,YieldingYams,3772770
2026-07-14T22:03:18.881121,2026-07-14T22:03:18.892626+00:00,67.3,20,ask,YieldingYams,BrilliantBurritos,3772773
2026-07-14T22:03:18.948921,2026-07-14T22:03:18.956029+00:00,67.4,200,bid,WavyWalnuts,YieldingYams,3772775
2026-07-14T22:03:19.875788,2026-07-14T22:03:19.882829+00:00,67.3,2,ask,YieldingYams,Dinh Nguyen,3772794
2026-07-14T22:03:21.141779,2026-07-14T22:03:21.146526+00:00,67.3,2,ask,YieldingYams,Dinh Nguyen,3772823
2026-07-14T22:03:22.407779,2026-07-14T22:03:22.409582+00:00,67.3,2,ask,WavyWalnuts,Dinh Nguyen,3772837
2026-07-14T22:03:23.722785,2026-07-14T22:03:23.731531+00:00,67.3,2,ask,WavyWalnuts,Dinh Nguyen,3772853
2026-07-14T22:03:25.031832,2026-07-14T22:03:25.039249+00:00,67.2,2,ask,YieldingYams,Dinh Nguyen,3772876
2026-07-14T22:03:26.293800,2026-07-14T22:03:26.298255+00:00,67.2,2,ask,AverageAlmonds,Dinh Nguyen,3772892
2026-07-14T22:03:26.535421,2026-07-14T22:03:26.550211+00:00,67.3,200,bid,YieldingYams,WavyWalnuts,3772893
2026-07-14T22:03:27.560811,2026-07-14T22:03:27.565709+00:00,67.4,2,ask,YieldingYams,Dinh Nguyen,3772911
2026-07-14T22:03:27.845974,2026-07-14T22:03:27.873654+00:00,67.5,200,bid,YieldingYams,WavyWalnuts,3772915
2026-07-14T22:03:28.648858,2026-07-14T22:03:28.656496+00:00,67.5,200,ask,YieldingYams,WavyWalnuts,3772933
2026-07-14T22:03:31.663496,2026-07-14T22:03:31.673617+00:00,67.5,25,bid,Dinh Nguyen,WavyWalnuts,3772972
2026-07-14T22:03:31.928835,2026-07-14T22:03:31.937283+00:00,67.4,2,ask,AverageAlmonds,Dinh Nguyen,3772978
2026-07-14T22:03:32.584576,2026-07-14T22:03:32.587875+00:00,67.5,19,bid,BrilliantBurritos,Sze-Yong Ng,3772986
2026-07-14T22:03:33.224814,2026-07-14T22:03:33.227885+00:00,67.4,2,ask,WavyWalnuts,Dinh Nguyen,3773002
2026-07-14T22:03:33.484038,2026-07-14T22:03:33.492188+00:00,67.5,200,bid,WavyWalnuts,YieldingYams,3773004
2026-07-14T22:03:34.051687,2026-07-14T22:03:34.073604+00:00,67.5,425,bid,AverageAlmonds,YieldingYams,3773013
2026-07-14T22:03:34.413428,2026-07-14T22:03:34.418892+00:00,67.6,200,bid,YieldingYams,WavyWalnuts,3773022
2026-07-14T22:03:34.413428,2026-07-14T22:03:34.418892+00:00,67.9,425,bid,YieldingYams,AverageAlmonds,3773023
2026-07-14T22:03:34.490790,2026-07-14T22:03:34.498918+00:00,67.5,2,ask,AverageAlmonds,Dinh Nguyen,3773028
2026-07-14T22:03:34.692922,2026-07-14T22:03:34.694798+00:00,67.5,200,ask,AverageAlmonds,WavyWalnuts,3773031
2026-07-14T22:03:35.794746,2026-07-14T22:03:35.798830+00:00,67.9,20,bid,BrilliantBurritos,AverageAlmonds,3773055
2026-07-14T22:03:35.909726,2026-07-14T22:03:35.914834+00:00,67.7,200,ask,YieldingYams,WavyWalnuts,3773056
2026-07-14T22:03:37.021815,2026-07-14T22:03:37.028135+00:00,67.7,2,ask,YieldingYams,Dinh Nguyen,3773080
2026-07-14T22:03:38.315100,2026-07-14T22:03:38.324385+00:00,67.6,2,ask,WavyWalnuts,Dinh Nguyen,3773094
2026-07-14T22:03:38.334031,2026-07-14T22:03:38.345516+00:00,67.7,200,bid,WavyWalnuts,YieldingYams,3773096
2026-07-14T22:03:39.543719,2026-07-14T22:03:39.554432+00:00,67.7,42,bid,WavyWalnuts,Sze-Yong Ng,3773110
2026-07-14T22:03:39.543719,2026-07-14T22:03:39.554432+00:00,67.8,158,bid,WavyWalnuts,YieldingYams,3773111
2026-07-14T22:03:39.582849,2026-07-14T22:03:39.586223+00:00,67.6,2,ask,YieldingYams,Dinh Nguyen,3773112
2026-07-14T22:03:39.856307,2026-07-14T22:03:39.860510+00:00,67.8,25,ask,YieldingYams,Johan Shajee,3773118
2026-07-14T22:03:40.066256,2026-07-14T22:03:40.072563+00:00,67.8,25,ask,YieldingYams,Johan Shajee,3773121
2026-07-14T22:03:40.281385,2026-07-14T22:03:40.285886+00:00,67.8,25,ask,YieldingYams,Johan Shajee,3773127
2026-07-14T22:03:40.360321,2026-07-14T22:03:40.370301+00:00,67.8,20,ask,YieldingYams,BrilliantBurritos,3773129
2026-07-14T22:03:40.494998,2026-07-14T22:03:40.496939+00:00,67.8,25,ask,YieldingYams,Johan Shajee,3773132
2026-07-14T22:03:40.508285,2026-07-14T22:03:40.518119+00:00,67.9,2,bid,Johan Shajee,WavyWalnuts,3773134
2026-07-14T22:03:40.736194,2026-07-14T22:03:40.750537+00:00,67.9,2,bid,Johan Shajee,WavyWalnuts,3773136
2026-07-14T22:03:40.758051,2026-07-14T22:03:40.761269+00:00,67.9,61,bid,WavyWalnuts,Sze-Yong Ng,3773137
2026-07-14T22:03:40.758051,2026-07-14T22:03:40.771934+00:00,67.9,139,bid,WavyWalnuts,AverageAlmonds,3773138
2026-07-14T22:03:40.942357,2026-07-14T22:03:40.952837+00:00,67.9,2,bid,Johan Shajee,AverageAlmonds,3773140
2026-07-14T22:03:40.959046,2026-07-14T22:03:40.970635+00:00,67.9,359,bid,YieldingYams,AverageAlmonds,3773141
2026-07-14T22:03:41.343500,2026-07-14T22:03:41.353999+00:00,68.0,266,ask,YieldingYams,AverageAlmonds,3773148
2026-07-14T22:03:42.271797,2026-07-14T22:03:42.284461+00:00,67.8,200,ask,WavyWalnuts,YieldingYams,3773165
2026-07-14T22:03:42.271797,2026-07-14T22:03:42.284461+00:00,67.8,61,ask,Sze-Yong Ng,YieldingYams,3773166
2026-07-14T22:03:42.355813,2026-07-14T22:03:42.358242+00:00,67.7,25,bid,Johan Shajee,YieldingYams,3773170
2026-07-14T22:03:42.361392,2026-07-14T22:03:42.368809+00:00,67.5,2,ask,YieldingYams,Johan Shajee,3773171
2026-07-14T22:03:42.568982,2026-07-14T22:03:42.583144+00:00,67.5,2,ask,AverageAlmonds,Johan Shajee,3773174
2026-07-14T22:03:42.774573,2026-07-14T22:03:42.784425+00:00,67.5,2,ask,YieldingYams,Johan Shajee,3773176
2026-07-14T22:03:42.980036,2026-07-14T22:03:42.985811+00:00,67.5,2,ask,YieldingYams,Johan Shajee,3773180
2026-07-14T22:03:43.185496,2026-07-14T22:03:43.197470+00:00,67.6,2,ask,WavyWalnuts,Johan Shajee,3773184
2026-07-14T22:03:43.392737,2026-07-14T22:03:43.399573+00:00,67.6,1,ask,WavyWalnuts,Johan Shajee,3773188
2026-07-14T22:03:45.491085,2026-07-14T22:03:45.493535+00:00,67.5,2,ask,YieldingYams,Dinh Nguyen,3773217
2026-07-14T22:03:46.203849,2026-07-14T22:03:46.214462+00:00,67.6,25,ask,YieldingYams,Johan Shajee,3773225
2026-07-14T22:03:46.739073,2026-07-14T22:03:46.747720+00:00,67.6,2,ask,YieldingYams,Dinh Nguyen,3773238
2026-07-14T22:03:47.506631,2026-07-14T22:03:47.523606+00:00,67.7,26,bid,YieldingYams,Sze-Yong Ng,3773249
2026-07-14T22:03:48.022513,2026-07-14T22:03:48.024365+00:00,67.7,2,ask,YieldingYams,Dinh Nguyen,3773254
2026-07-14T22:03:48.818597,2026-07-14T22:03:48.826521+00:00,67.7,200,ask,WavyWalnuts,YieldingYams,3773269
2026-07-14T22:03:49.238480,2026-07-14T22:03:49.247889+00:00,67.7,200,bid,WavyWalnuts,YieldingYams,3773273
2026-07-14T22:03:49.281113,2026-07-14T22:03:49.290214+00:00,67.5,2,ask,YieldingYams,Dinh Nguyen,3773274
2026-07-14T22:03:50.448419,2026-07-14T22:03:50.460064+00:00,67.7,200,ask,YieldingYams,WavyWalnuts,3773294
2026-07-14T22:03:50.528126,2026-07-14T22:03:50.536367+00:00,67.7,2,ask,YieldingYams,Dinh Nguyen,3773297
2026-07-14T22:03:51.777094,2026-07-14T22:03:51.787330+00:00,67.7,1,ask,YieldingYams,Dinh Nguyen,3773315
2026-07-14T22:03:53.026012,2026-07-14T22:03:53.035089+00:00,67.8,25,ask,WavyWalnuts,Johan Shajee,3773330
2026-07-14T22:03:55.297209,2026-07-14T22:03:55.359881+00:00,67.8,200,ask,YieldingYams,WavyWalnuts,3773370
2026-07-14T22:03:59.335178,2026-07-14T22:03:59.352500+00:00,67.8,26,ask,Sze-Yong Ng,YieldingYams,3773431
2026-07-14T22:04:00.646894,2026-07-14T22:04:00.653139+00:00,67.7,200,ask,WavyWalnuts,YieldingYams,3773465
2026-07-14T22:04:01.954695,2026-07-14T22:04:01.966078+00:00,67.7,200,bid,YieldingYams,WavyWalnuts,3773477
2026-07-14T22:04:02.058375,2026-07-14T22:04:02.061708+00:00,67.9,25,ask,YieldingYams,Johan Shajee,3773482
2026-07-14T22:04:02.267940,2026-07-14T22:04:02.273182+00:00,67.9,25,ask,YieldingYams,Johan Shajee,3773489
2026-07-14T22:04:02.479789,2026-07-14T22:04:02.491934+00:00,67.9,20,ask,YieldingYams,Johan Shajee,3773497
2026-07-14T22:04:02.566903,2026-07-14T22:04:02.572752+00:00,67.9,200,ask,YieldingYams,WavyWalnuts,3773505
2026-07-14T22:04:03.052175,2026-07-14T22:04:03.060636+00:00,67.9,25,ask,YieldingYams,Dinh Nguyen,3773509
2026-07-14T22:04:03.305575,2026-07-14T22:04:03.318577+00:00,67.8,25,bid,Johan Shajee,YieldingYams,3773520
2026-07-14T22:04:03.566100,2026-07-14T22:04:03.575472+00:00,67.8,2,bid,Dinh Nguyen,YieldingYams,3773527
2026-07-14T22:04:05.885511,2026-07-14T22:04:05.903591+00:00,67.8,200,ask,WavyWalnuts,YieldingYams,3773564
2026-07-14T22:04:05.885511,2026-07-14T22:04:05.903591+00:00,67.8,57,ask,Sze-Yong Ng,YieldingYams,3773565
2026-07-14T22:04:07.662233,2026-07-14T22:04:07.673161+00:00,67.8,20,bid,BrilliantBurritos,Sze-Yong Ng,3773594
2026-07-14T22:04:08.614665,2026-07-14T22:04:08.626555+00:00,67.7,200,ask,AverageAlmonds,WavyWalnuts,3773611
2026-07-14T22:04:09.840324,2026-07-14T22:04:09.850853+00:00,67.7,200,ask,AverageAlmonds,WavyWalnuts,3773634
2026-07-14T22:04:10.028366,2026-07-14T22:04:10.033198+00:00,67.8,2,bid,Dinh Nguyen,Sze-Yong Ng,3773637
2026-07-14T22:04:11.049926,2026-07-14T22:04:11.053431+00:00,67.7,200,ask,AverageAlmonds,WavyWalnuts,3773647
2026-07-14T22:04:11.128837,2026-07-14T22:04:11.139317+00:00,67.7,25,ask,AverageAlmonds,Johan Shajee,3773649
2026-07-14T22:04:11.154934,2026-07-14T22:04:11.178298+00:00,67.7,275,ask,AverageAlmonds,YieldingYams,3773651
2026-07-14T22:04:11.622934,2026-07-14T22:04:11.632667+00:00,67.7,350,bid,AverageAlmonds,YieldingYams,3773664
2026-07-14T22:04:11.622934,2026-07-14T22:04:11.632667+00:00,67.7,73,bid,AverageAlmonds,Sze-Yong Ng,3773665
2026-07-14T22:04:11.789436,2026-07-14T22:04:11.794191+00:00,67.7,2,ask,AverageAlmonds,Dinh Nguyen,3773669
2026-07-14T22:04:12.257836,2026-07-14T22:04:12.267179+00:00,67.7,200,ask,AverageAlmonds,WavyWalnuts,3773675
2026-07-14T22:04:13.060905,2026-07-14T22:04:13.064638+00:00,67.8,2,ask,YieldingYams,Dinh Nguyen,3773686
2026-07-14T22:04:13.465646,2026-07-14T22:04:13.473139+00:00,67.8,200,ask,YieldingYams,WavyWalnuts,3773689
2026-07-14T22:04:14.312469,2026-07-14T22:04:14.323592+00:00,67.8,2,ask,YieldingYams,Dinh Nguyen,3773696
2026-07-14T22:04:14.672912,2026-07-14T22:04:14.679517+00:00,67.8,200,ask,YieldingYams,WavyWalnuts,3773706
2026-07-14T22:04:15.881479,2026-07-14T22:04:15.892512+00:00,67.7,200,ask,YieldingYams,WavyWalnuts,3773725
2026-07-14T22:04:16.391994,2026-07-14T22:04:16.409128+00:00,67.7,500,ask,AverageAlmonds,YieldingYams,3773732
2026-07-14T22:04:16.449961,2026-07-14T22:04:16.452234+00:00,67.6,125,bid,AverageAlmonds,YieldingYams,3773734
2026-07-14T22:04:17.089902,2026-07-14T22:04:17.104453+00:00,67.7,38,ask,Sze-Yong Ng,WavyWalnuts,3773746
2026-07-14T22:04:17.705237,2026-07-14T22:04:17.718101+00:00,67.7,162,bid,YieldingYams,WavyWalnuts,3773756
2026-07-14T22:04:18.320535,2026-07-14T22:04:18.332933+00:00,67.7,200,ask,YieldingYams,WavyWalnuts,3773769
2026-07-14T22:04:21.649456,2026-07-14T22:04:21.652507+00:00,67.7,200,ask,WavyWalnuts,YieldingYams,3773818
2026-07-14T22:04:22.594900,2026-07-14T22:04:22.607026+00:00,67.6,25,ask,YieldingYams,Dinh Nguyen,3773833
2026-07-14T22:04:22.959746,2026-07-14T22:04:22.986442+00:00,67.7,38,bid,YieldingYams,Sze-Yong Ng,3773842
2026-07-14T22:04:23.125033,2026-07-14T22:04:23.126809+00:00,67.8,2,bid,Dinh Nguyen,WavyWalnuts,3773848
2026-07-14T22:04:23.159361,2026-07-14T22:04:23.170078+00:00,67.7,200,ask,YieldingYams,WavyWalnuts,3773851
2026-07-14T22:04:24.276300,2026-07-14T22:04:24.278726+00:00,67.7,500,ask,AverageAlmonds,YieldingYams,3773867
2026-07-14T22:04:24.367036,2026-07-14T22:04:24.375855+00:00,67.7,125,bid,WavyWalnuts,YieldingYams,3773868
2026-07-14T22:04:24.385512,2026-07-14T22:04:24.397798+00:00,68.0,2,bid,Dinh Nguyen,WavyWalnuts,3773869
2026-07-14T22:04:25.583487,2026-07-14T22:04:25.592056+00:00,67.7,200,bid,YieldingYams,WavyWalnuts,3773885
2026-07-14T22:04:25.649208,2026-07-14T22:04:25.656642+00:00,67.9,2,bid,Dinh Nguyen,YieldingYams,3773887
2026-07-14T22:04:26.895365,2026-07-14T22:04:26.911949+00:00,67.7,38,ask,Sze-Yong Ng,YieldingYams,3773900
2026-07-14T22:04:26.903471,2026-07-14T22:04:26.911949+00:00,67.7,2,bid,Dinh Nguyen,YieldingYams,3773901
2026-07-14T22:04:26.975041,2026-07-14T22:04:26.987015+00:00,67.7,25,bid,Johan Shajee,YieldingYams,3773905
2026-07-14T22:04:27.187065,2026-07-14T22:04:27.199693+00:00,67.7,25,bid,Johan Shajee,YieldingYams,3773907
2026-07-14T22:04:27.413448,2026-07-14T22:04:27.424004+00:00,67.7,25,bid,Johan Shajee,YieldingYams,3773912
2026-07-14T22:04:27.637911,2026-07-14T22:04:27.648817+00:00,67.7,25,bid,Johan Shajee,YieldingYams,3773921
2026-07-14T22:04:27.855537,2026-07-14T22:04:27.865075+00:00,67.7,25,bid,Johan Shajee,YieldingYams,3773927
2026-07-14T22:04:27.992403,2026-07-14T22:04:28.004818+00:00,67.7,200,bid,WavyWalnuts,YieldingYams,3773930
2026-07-14T22:04:28.068634,2026-07-14T22:04:28.079723+00:00,67.7,25,bid,Johan Shajee,YieldingYams,3773932
2026-07-14T22:04:28.072646,2026-07-14T22:04:28.079723+00:00,67.6,2,ask,Sze-Yong Ng,Johan Shajee,3773933
2026-07-14T22:04:28.277227,2026-07-14T22:04:28.282842+00:00,67.7,2,ask,YieldingYams,Johan Shajee,3773936
2026-07-14T22:04:28.482515,2026-07-14T22:04:28.491535+00:00,67.7,25,ask,YieldingYams,Johan Shajee,3773939
2026-07-14T22:04:28.493329,2026-07-14T22:04:28.502231+00:00,67.7,2,ask,YieldingYams,Johan Shajee,3773941
2026-07-14T22:04:28.698246,2026-07-14T22:04:28.705034+00:00,67.7,25,ask,YieldingYams,Johan Shajee,3773944
2026-07-14T22:04:28.706306,2026-07-14T22:04:28.715697+00:00,67.8,2,bid,Johan Shajee,YieldingYams,3773946
2026-07-14T22:04:28.910841,2026-07-14T22:04:28.920126+00:00,67.8,2,bid,Johan Shajee,YieldingYams,3773948
2026-07-14T22:04:29.116549,2026-07-14T22:04:29.123816+00:00,67.8,2,bid,Johan Shajee,YieldingYams,3773952
2026-07-14T22:04:29.322154,2026-07-14T22:04:29.328636+00:00,67.8,2,bid,Johan Shajee,YieldingYams,3773955
2026-07-14T22:04:29.511232,2026-07-14T22:04:29.521209+00:00,67.8,40,bid,YieldingYams,Sze-Yong Ng,3773959
2026-07-14T22:04:29.804987,2026-07-14T22:04:29.810630+00:00,67.8,500,ask,YieldingYams,AverageAlmonds,3773960
2026-07-14T22:04:30.398916,2026-07-14T22:04:30.408839+00:00,67.8,85,ask,YieldingYams,AverageAlmonds,3773964
2026-07-14T22:04:30.537422,2026-07-14T22:04:30.543136+00:00,67.7,25,bid,Johan Shajee,WavyWalnuts,3773971
2026-07-14T22:04:30.666786,2026-07-14T22:04:30.671747+00:00,67.7,20,bid,BrilliantBurritos,WavyWalnuts,3773974
2026-07-14T22:04:31.651114,2026-07-14T22:04:31.653383+00:00,67.6,200,ask,YieldingYams,WavyWalnuts,3773982
2026-07-14T22:04:32.860569,2026-07-14T22:04:32.870014+00:00,67.6,72,ask,Sze-Yong Ng,WavyWalnuts,3773997
2026-07-14T22:04:32.860569,2026-07-14T22:04:32.870014+00:00,67.6,128,ask,YieldingYams,WavyWalnuts,3773998
2026-07-14T22:04:33.966366,2026-07-14T22:04:33.977651+00:00,67.6,2,bid,Dinh Nguyen,YieldingYams,3774011
2026-07-14T22:04:34.747435,2026-07-14T22:04:34.759211+00:00,67.5,200,ask,WavyWalnuts,YieldingYams,3774027
2026-07-14T22:04:34.747435,2026-07-14T22:04:34.759211+00:00,67.5,425,ask,AverageAlmonds,YieldingYams,3774028
2026-07-14T22:04:36.055265,2026-07-14T22:04:36.066857+00:00,67.6,200,bid,YieldingYams,WavyWalnuts,3774045
2026-07-14T22:04:37.366596,2026-07-14T22:04:37.374614+00:00,67.5,200,ask,WavyWalnuts,YieldingYams,3774063
2026-07-14T22:04:37.366596,2026-07-14T22:04:37.374614+00:00,67.5,425,ask,AverageAlmonds,YieldingYams,3774064
2026-07-14T22:04:38.675284,2026-07-14T22:04:38.677431+00:00,67.5,200,bid,YieldingYams,WavyWalnuts,3774083
2026-07-14T22:04:38.675284,2026-07-14T22:04:38.688480+00:00,67.5,34,bid,YieldingYams,Sze-Yong Ng,3774084
2026-07-14T22:04:38.909261,2026-07-14T22:04:38.917620+00:00,67.7,200,ask,YieldingYams,WavyWalnuts,3774086
2026-07-14T22:04:40.118756,2026-07-14T22:04:40.131855+00:00,67.5,200,bid,WavyWalnuts,YieldingYams,3774103
2026-07-14T22:04:44.825570,2026-07-14T22:04:44.837786+00:00,67.7,20,bid,BrilliantBurritos,YieldingYams,3774172
2026-07-14T22:04:46.160382,2026-07-14T22:04:46.164341+00:00,67.6,200,ask,YieldingYams,WavyWalnuts,3774187
2026-07-14T22:04:47.278377,2026-07-14T22:04:47.281617+00:00,67.5,20,bid,BrilliantBurritos,YieldingYams,3774201
2026-07-14T22:04:47.847240,2026-07-14T22:04:47.854165+00:00,67.5,200,bid,YieldingYams,WavyWalnuts,3774213
2026-07-14T22:04:47.981620,2026-07-14T22:04:47.985229+00:00,67.5,25,ask,YieldingYams,Johan Shajee,3774215
2026-07-14T22:04:48.193527,2026-07-14T22:04:48.199901+00:00,67.5,25,ask,YieldingYams,Johan Shajee,3774221
2026-07-14T22:04:48.407375,2026-07-14T22:04:48.413901+00:00,67.5,25,ask,YieldingYams,Johan Shajee,3774223
2026-07-14T22:04:48.512397,2026-07-14T22:04:48.521500+00:00,67.5,25,ask,YieldingYams,Johan Shajee,3774228
2026-07-14T22:04:48.593677,2026-07-14T22:04:48.597076+00:00,67.5,200,ask,YieldingYams,WavyWalnuts,3774230
2026-07-14T22:04:48.620082,2026-07-14T22:04:48.629572+00:00,67.5,25,ask,YieldingYams,Dinh Nguyen,3774231
2026-07-14T22:04:49.033051,2026-07-14T22:04:49.037575+00:00,67.5,25,ask,YieldingYams,Johan Shajee,3774243
2026-07-14T22:04:49.045398,2026-07-14T22:04:49.048419+00:00,67.6,2,bid,Dinh Nguyen,YieldingYams,3774245
2026-07-14T22:04:49.191261,2026-07-14T22:04:49.198385+00:00,67.3,200,ask,WavyWalnuts,YieldingYams,3774246
2026-07-14T22:04:49.191261,2026-07-14T22:04:49.198385+00:00,67.3,425,ask,AverageAlmonds,YieldingYams,3774247
2026-07-14T22:04:51.565404,2026-07-14T22:04:51.572412+00:00,67.5,2,bid,Dinh Nguyen,Sze-Yong Ng,3774276
2026-07-14T22:04:52.223538,2026-07-14T22:04:52.225928+00:00,67.5,36,bid,WavyWalnuts,Sze-Yong Ng,3774284
2026-07-14T22:04:52.223538,2026-07-14T22:04:52.236849+00:00,67.5,164,bid,WavyWalnuts,YieldingYams,3774285
2026-07-14T22:04:52.819389,2026-07-14T22:04:52.827679+00:00,67.5,2,bid,Dinh Nguyen,YieldingYams,3774291
2026-07-14T22:04:53.124994,2026-07-14T22:04:53.131193+00:00,67.6,200,bid,YieldingYams,WavyWalnuts,3774301
2026-07-14T22:04:53.434726,2026-07-14T22:04:53.436621+00:00,67.6,200,ask,YieldingYams,WavyWalnuts,3774306
2026-07-14T22:04:54.640074,2026-07-14T22:04:54.651345+00:00,67.6,200,bid,WavyWalnuts,YieldingYams,3774319
2026-07-14T22:04:55.343421,2026-07-14T22:04:55.359945+00:00,67.6,2,bid,Dinh Nguyen,YieldingYams,3774326
2026-07-14T22:04:56.599363,2026-07-14T22:04:56.610894+00:00,67.7,1,bid,Dinh Nguyen,WavyWalnuts,3774348
2026-07-14T22:04:57.060632,2026-07-14T22:04:57.071715+00:00,67.6,2,ask,YieldingYams,Johan Shajee,3774357
2026-07-14T22:04:57.070281,2026-07-14T22:04:57.082886+00:00,67.6,200,ask,YieldingYams,WavyWalnuts,3774359
2026-07-14T22:04:57.853390,2026-07-14T22:04:57.856754+00:00,67.6,25,ask,YieldingYams,Dinh Nguyen,3774375
2026-07-14T22:04:58.277013,2026-07-14T22:04:58.286700+00:00,67.7,36,bid,WavyWalnuts,Sze-Yong Ng,3774381
2026-07-14T22:04:58.372540,2026-07-14T22:04:58.384424+00:00,67.8,2,bid,Dinh Nguyen,YieldingYams,3774382
2026-07-14T22:04:58.380359,2026-07-14T22:04:58.384424+00:00,67.7,164,ask,WavyWalnuts,YieldingYams,3774383
2026-07-14T22:04:59.485941,2026-07-14T22:04:59.489638+00:00,67.7,200,bid,WavyWalnuts,YieldingYams,3774403
2026-07-14T22:04:59.635394,2026-07-14T22:04:59.639812+00:00,67.7,2,bid,Dinh Nguyen,YieldingYams,3774407
2026-07-14T22:05:02.149446,2026-07-14T22:05:02.159160+00:00,67.8,25,ask,WavyWalnuts,Dinh Nguyen,3774437
2026-07-14T22:05:02.311838,2026-07-14T22:05:02.318944+00:00,67.8,175,ask,WavyWalnuts,YieldingYams,3774438
2026-07-14T22:05:03.913387,2026-07-14T22:05:03.920546+00:00,67.7,25,ask,WavyWalnuts,Dinh Nguyen,3774462
2026-07-14T22:05:05.539405,2026-07-14T22:05:05.543740+00:00,67.8,200,bid,WavyWalnuts,YieldingYams,3774482
2026-07-14T22:05:09.149757,2026-07-14T22:05:09.160815+00:00,67.7,200,ask,WavyWalnuts,AverageAlmonds,3774522
2026-07-14T22:05:09.167696,2026-07-14T22:05:09.171528+00:00,67.7,200,bid,WavyWalnuts,AverageAlmonds,3774524
2026-07-14T22:05:09.784651,2026-07-14T22:05:09.786897+00:00,67.7,20,bid,BrilliantBurritos,AverageAlmonds,3774532
2026-07-14T22:05:10.398469,2026-07-14T22:05:10.407486+00:00,67.7,200,bid,WavyWalnuts,YieldingYams,3774535
2026-07-14T22:05:11.609149,2026-07-14T22:05:11.620468+00:00,67.6,200,bid,WavyWalnuts,YieldingYams,3774552
2026-07-14T22:05:13.999830,2026-07-14T22:05:14.010881+00:00,67.7,500,ask,YieldingYams,AverageAlmonds,3774587
2026-07-14T22:05:14.126174,2026-07-14T22:05:14.131575+00:00,67.6,200,ask,WavyWalnuts,YieldingYams,3774589
2026-07-14T22:05:15.235883,2026-07-14T22:05:15.240918+00:00,67.6,200,bid,WavyWalnuts,YieldingYams,3774614
2026-07-14T22:05:16.744305,2026-07-14T22:05:16.757176+00:00,67.7,200,bid,YieldingYams,WavyWalnuts,3774646
2026-07-14T22:05:17.620342,2026-07-14T22:05:17.630091+00:00,67.7,425,ask,YieldingYams,AverageAlmonds,3774666
2026-07-14T22:05:18.054163,2026-07-14T22:05:18.071354+00:00,67.6,200,ask,WavyWalnuts,YieldingYams,3774675
2026-07-14T22:05:18.860664,2026-07-14T22:05:18.865817+00:00,67.5,200,bid,WavyWalnuts,YieldingYams,3774695
2026-07-14T22:05:20.073431,2026-07-14T22:05:20.085285+00:00,67.7,200,bid,WavyWalnuts,YieldingYams,3774715
2026-07-14T22:05:22.463920,2026-07-14T22:05:22.468481+00:00,67.7,500,ask,YieldingYams,AverageAlmonds,3774753
2026-07-14T22:05:22.501832,2026-07-14T22:05:22.518073+00:00,67.7,125,ask,YieldingYams,WavyWalnuts,3774754
2026-07-14T22:05:22.514971,2026-07-14T22:05:22.518073+00:00,67.7,20,bid,BrilliantBurritos,WavyWalnuts,3774756
2026-07-14T22:05:23.710801,2026-07-14T22:05:23.716021+00:00,67.7,200,bid,WavyWalnuts,YieldingYams,3774775
2026-07-14T22:05:24.919073,2026-07-14T22:05:24.928095+00:00,67.7,200,bid,WavyWalnuts,YieldingYams,3774797
2026-07-14T22:05:28.571258,2026-07-14T22:05:28.583376+00:00,67.7,200,bid,YieldingYams,WavyWalnuts,3774854
2026-07-14T22:05:29.756563,2026-07-14T22:05:29.763716+00:00,67.7,200,ask,YieldingYams,WavyWalnuts,3774870
2026-07-14T22:05:31.741675,2026-07-14T22:05:31.752296+00:00,67.7,25,bid,Johan Shajee,YieldingYams,3774911
2026-07-14T22:05:31.746335,2026-07-14T22:05:31.752296+00:00,67.6,2,ask,WavyWalnuts,Johan Shajee,3774912
2026-07-14T22:05:31.951185,2026-07-14T22:05:31.957428+00:00,67.6,2,ask,WavyWalnuts,Johan Shajee,3774919
2026-07-14T22:05:32.163143,2026-07-14T22:05:32.173946+00:00,67.6,2,ask,YieldingYams,Johan Shajee,3774922
2026-07-14T22:05:32.368518,2026-07-14T22:05:32.376104+00:00,67.6,2,ask,WavyWalnuts,Johan Shajee,3774927
2026-07-14T22:05:32.503108,2026-07-14T22:05:32.505628+00:00,67.6,200,ask,WavyWalnuts,YieldingYams,3774930
2026-07-14T22:05:32.575004,2026-07-14T22:05:32.580548+00:00,67.5,2,ask,AverageAlmonds,Johan Shajee,3774931
2026-07-14T22:05:32.781315,2026-07-14T22:05:32.785368+00:00,67.5,2,ask,YieldingYams,Johan Shajee,3774934
2026-07-14T22:05:32.987954,2026-07-14T22:05:33.000362+00:00,67.5,2,ask,YieldingYams,Johan Shajee,3774937
2026-07-14T22:05:33.193106,2026-07-14T22:05:33.204358+00:00,67.5,2,ask,YieldingYams,Johan Shajee,3774940
2026-07-14T22:05:33.400172,2026-07-14T22:05:33.407402+00:00,67.5,2,ask,AverageAlmonds,Johan Shajee,3774948
2026-07-14T22:05:33.605141,2026-07-14T22:05:33.609705+00:00,67.5,2,ask,YieldingYams,Johan Shajee,3774950
2026-07-14T22:05:33.812363,2026-07-14T22:05:33.822139+00:00,67.5,2,ask,YieldingYams,Johan Shajee,3774953
2026-07-14T22:05:34.017406,2026-07-14T22:05:34.024222+00:00,67.5,2,ask,WavyWalnuts,Johan Shajee,3774955
2026-07-14T22:05:35.125141,2026-07-14T22:05:35.136552+00:00,67.5,500,ask,AverageAlmonds,YieldingYams,3774973
2026-07-14T22:05:35.125141,2026-07-14T22:05:35.136552+00:00,67.5,125,ask,WavyWalnuts,YieldingYams,3774974
2026-07-14T22:05:35.800851,2026-07-14T22:05:35.808709+00:00,67.4,200,ask,AverageAlmonds,WavyWalnuts,3774982
2026-07-14T22:05:37.027429,2026-07-14T22:05:37.040763+00:00,67.6,200,ask,YieldingYams,WavyWalnuts,3775005
2026-07-14T22:05:38.239184,2026-07-14T22:05:38.251884+00:00,67.6,13,ask,Sze-Yong Ng,WavyWalnuts,3775022
2026-07-14T22:05:42.727039,2026-07-14T22:05:42.739879+00:00,67.6,20,ask,WavyWalnuts,BrilliantBurritos,3775088
2026-07-14T22:05:44.448960,2026-07-14T22:05:44.460281+00:00,67.7,25,bid,Johan Shajee,WavyWalnuts,3775110
2026-07-14T22:05:44.659904,2026-07-14T22:05:44.663705+00:00,67.7,25,bid,Johan Shajee,WavyWalnuts,3775112
2026-07-14T22:05:44.883299,2026-07-14T22:05:44.888184+00:00,67.7,25,bid,Johan Shajee,WavyWalnuts,3775114
2026-07-14T22:05:45.096349,2026-07-14T22:05:45.102545+00:00,67.7,25,bid,Johan Shajee,WavyWalnuts,3775122
2026-07-14T22:05:45.307475,2026-07-14T22:05:45.315986+00:00,67.7,25,bid,Johan Shajee,WavyWalnuts,3775127
2026-07-14T22:05:45.613679,2026-07-14T22:05:45.620164+00:00,67.7,25,bid,Dinh Nguyen,WavyWalnuts,3775131
2026-07-14T22:05:46.713003,2026-07-14T22:05:46.716782+00:00,67.7,200,bid,WavyWalnuts,AverageAlmonds,3775157
2026-07-14T22:05:48.229116,2026-07-14T22:05:48.232270+00:00,67.6,87,ask,Sze-Yong Ng,YieldingYams,3775188
2026-07-14T22:05:48.229116,2026-07-14T22:05:48.243187+00:00,67.6,200,ask,WavyWalnuts,YieldingYams,3775189
2026-07-14T22:05:48.399338,2026-07-14T22:05:48.404552+00:00,67.6,25,bid,Johan Shajee,YieldingYams,3775193
2026-07-14T22:05:48.610939,2026-07-14T22:05:48.620110+00:00,67.6,25,bid,Johan Shajee,YieldingYams,3775199
2026-07-14T22:05:48.821925,2026-07-14T22:05:48.827272+00:00,67.6,24,bid,Johan Shajee,YieldingYams,3775206
2026-07-14T22:05:49.640216,2026-07-14T22:05:49.651408+00:00,67.5,2,ask,WavyWalnuts,Dinh Nguyen,3775225
2026-07-14T22:05:50.367980,2026-07-14T22:05:50.379103+00:00,67.6,200,bid,WavyWalnuts,YieldingYams,3775236
2026-07-14T22:05:50.848450,2026-07-14T22:05:50.853019+00:00,67.7,500,bid,YieldingYams,AverageAlmonds,3775243
2026-07-14T22:05:50.897183,2026-07-14T22:05:50.906410+00:00,67.7,2,ask,YieldingYams,Dinh Nguyen,3775244
2026-07-14T22:05:50.918277,2026-07-14T22:05:50.927882+00:00,67.7,123,ask,YieldingYams,AverageAlmonds,3775245
2026-07-14T22:05:50.918277,2026-07-14T22:05:50.927882+00:00,67.7,35,ask,Sze-Yong Ng,AverageAlmonds,3775246
2026-07-14T22:05:53.472336,2026-07-14T22:05:53.480331+00:00,67.4,200,ask,WavyWalnuts,YieldingYams,3775279
2026-07-14T22:05:53.675202,2026-07-14T22:05:53.683435+00:00,67.4,25,bid,Dinh Nguyen,YieldingYams,3775281
2026-07-14T22:05:53.994703,2026-07-14T22:05:53.998531+00:00,67.3,200,ask,AverageAlmonds,WavyWalnuts,3775290
2026-07-14T22:05:55.202823,2026-07-14T22:05:55.206863+00:00,67.4,200,ask,YieldingYams,WavyWalnuts,3775308
2026-07-14T22:05:55.213175,2026-07-14T22:05:55.217769+00:00,67.4,2,ask,YieldingYams,Dinh Nguyen,3775309
2026-07-14T22:05:56.468247,2026-07-14T22:05:56.472821+00:00,67.3,2,ask,YieldingYams,Dinh Nguyen,3775335
2026-07-14T22:05:57.618676,2026-07-14T22:05:57.625095+00:00,67.4,200,bid,WavyWalnuts,YieldingYams,3775351
2026-07-14T22:05:57.983288,2026-07-14T22:05:57.991387+00:00,67.4,25,bid,Dinh Nguyen,YieldingYams,3775355
2026-07-14T22:05:58.832504,2026-07-14T22:05:58.834950+00:00,67.5,200,ask,YieldingYams,WavyWalnuts,3775380
2026-07-14T22:05:59.513185,2026-07-14T22:05:59.518015+00:00,67.5,2,ask,YieldingYams,Dinh Nguyen,3775383
2026-07-14T22:06:00.043532,2026-07-14T22:06:00.055956+00:00,67.5,200,ask,YieldingYams,WavyWalnuts,3775397
2026-07-14T22:06:00.770211,2026-07-14T22:06:00.777004+00:00,67.5,2,ask,YieldingYams,Dinh Nguyen,3775409
2026-07-14T22:06:01.257917,2026-07-14T22:06:01.266233+00:00,67.5,200,ask,YieldingYams,WavyWalnuts,3775415
2026-07-14T22:06:02.026203,2026-07-14T22:06:02.029485+00:00,67.4,2,ask,AverageAlmonds,Dinh Nguyen,3775426
2026-07-14T22:06:02.644408,2026-07-14T22:06:02.649284+00:00,67.4,200,ask,WavyWalnuts,YieldingYams,3775431
2026-07-14T22:06:03.670265,2026-07-14T22:06:03.672424+00:00,67.4,200,bid,WavyWalnuts,YieldingYams,3775454
2026-07-14T22:06:04.881344,2026-07-14T22:06:04.886277+00:00,67.4,56,bid,WavyWalnuts,Sze-Yong Ng,3775464
2026-07-14T22:06:05.169256,2026-07-14T22:06:05.174077+00:00,67.5,20,bid,BrilliantBurritos,YieldingYams,3775467
2026-07-14T22:06:06.096511,2026-07-14T22:06:06.107778+00:00,67.5,200,ask,YieldingYams,WavyWalnuts,3775495
2026-07-14T22:06:08.513894,2026-07-14T22:06:08.515851+00:00,67.6,200,bid,WavyWalnuts,YieldingYams,3775540
2026-07-14T22:06:08.814697,2026-07-14T22:06:08.826008+00:00,67.6,25,bid,Dinh Nguyen,YieldingYams,3775544
2026-07-14T22:06:10.342216,2026-07-14T22:06:10.347080+00:00,67.7,25,bid,Dinh Nguyen,WavyWalnuts,3775566
2026-07-14T22:06:10.525149,2026-07-14T22:06:10.532867+00:00,67.7,175,bid,YieldingYams,WavyWalnuts,3775572
2026-07-14T22:06:10.525149,2026-07-14T22:06:10.532867+00:00,67.7,450,bid,YieldingYams,AverageAlmonds,3775573
2026-07-14T22:06:10.600248,2026-07-14T22:06:10.608445+00:00,67.6,2,ask,Sze-Yong Ng,Dinh Nguyen,3775574
2026-07-14T22:06:10.936866,2026-07-14T22:06:10.944032+00:00,67.6,54,ask,Sze-Yong Ng,WavyWalnuts,3775581
2026-07-14T22:06:13.365866,2026-07-14T22:06:13.370832+00:00,67.6,200,bid,WavyWalnuts,YieldingYams,3775608
2026-07-14T22:06:14.368010,2026-07-14T22:06:14.380160+00:00,67.6,20,bid,BrilliantBurritos,YieldingYams,3775622
2026-07-14T22:06:14.575104,2026-07-14T22:06:14.586213+00:00,67.6,200,bid,WavyWalnuts,AverageAlmonds,3775627
2026-07-14T22:06:15.113219,2026-07-14T22:06:15.124674+00:00,67.6,25,bid,Dinh Nguyen,AverageAlmonds,3775633
2026-07-14T22:06:15.774591,2026-07-14T22:06:15.792476+00:00,67.6,500,bid,YieldingYams,AverageAlmonds,3775647
2026-07-14T22:06:16.005738,2026-07-14T22:06:16.017114+00:00,67.8,20,bid,BrilliantBurritos,YieldingYams,3775653
2026-07-14T22:06:16.358282,2026-07-14T22:06:16.379856+00:00,67.7,200,ask,WavyWalnuts,AverageAlmonds,3775656
2026-07-14T22:06:16.358282,2026-07-14T22:06:16.379856+00:00,67.6,125,ask,YieldingYams,AverageAlmonds,3775657
2026-07-14T22:06:16.639248,2026-07-14T22:06:16.643627+00:00,67.6,25,bid,Dinh Nguyen,AverageAlmonds,3775672
2026-07-14T22:06:16.990823,2026-07-14T22:06:17.003853+00:00,67.6,200,bid,WavyWalnuts,AverageAlmonds,3775675
2026-07-14T22:06:18.150234,2026-07-14T22:06:18.159836+00:00,67.6,25,bid,Dinh Nguyen,YieldingYams,3775689
2026-07-14T22:06:18.204985,2026-07-14T22:06:18.213341+00:00,67.6,200,bid,WavyWalnuts,YieldingYams,3775690
2026-07-14T22:06:20.004620,2026-07-14T22:06:20.009293+00:00,67.5,200,ask,WavyWalnuts,AverageAlmonds,3775717
2026-07-14T22:06:20.004620,2026-07-14T22:06:20.009293+00:00,67.5,13,ask,Sze-Yong Ng,AverageAlmonds,3775718
2026-07-14T22:06:22.419179,2026-07-14T22:06:22.434766+00:00,67.5,200,ask,WavyWalnuts,AverageAlmonds,3775747
2026-07-14T22:06:23.043589,2026-07-14T22:06:23.054408+00:00,67.4,200,ask,YieldingYams,WavyWalnuts,3775755
2026-07-14T22:06:23.854282,2026-07-14T22:06:23.858487+00:00,67.6,20,bid,BrilliantBurritos,AverageAlmonds,3775761
2026-07-14T22:06:24.257556,2026-07-14T22:06:24.265032+00:00,67.5,200,ask,YieldingYams,WavyWalnuts,3775767
2026-07-14T22:06:24.888913,2026-07-14T22:06:24.894101+00:00,67.7,20,bid,BrilliantBurritos,YieldingYams,3775774
2026-07-14T22:06:25.475472,2026-07-14T22:06:25.480855+00:00,67.6,200,ask,YieldingYams,WavyWalnuts,3775779
2026-07-14T22:06:26.246102,2026-07-14T22:06:26.250488+00:00,67.7,500,bid,YieldingYams,AverageAlmonds,3775797
2026-07-14T22:06:26.660127,2026-07-14T22:06:26.665881+00:00,67.7,125,ask,YieldingYams,AverageAlmonds,3775801
2026-07-14T22:06:26.660127,2026-07-14T22:06:26.665881+00:00,67.7,9,ask,Sze-Yong Ng,AverageAlmonds,3775802
2026-07-14T22:06:30.175567,2026-07-14T22:06:30.184172+00:00,67.6,200,ask,WavyWalnuts,YieldingYams,3775847
2026-07-14T22:06:33.851555,2026-07-14T22:06:33.863639+00:00,67.7,20,bid,BrilliantBurritos,WavyWalnuts,3775899
2026-07-14T22:06:35.158936,2026-07-14T22:06:35.164868+00:00,67.6,200,bid,WavyWalnuts,YieldingYams,3775922
2026-07-14T22:06:36.730367,2026-07-14T22:06:36.741916+00:00,67.7,17,ask,Sze-Yong Ng,YieldingYams,3775940
2026-07-14T22:06:36.730367,2026-07-14T22:06:36.741916+00:00,67.7,200,ask,WavyWalnuts,YieldingYams,3775941
2026-07-14T22:06:37.588863,2026-07-14T22:06:37.600577+00:00,67.7,200,bid,WavyWalnuts,YieldingYams,3775949
2026-07-14T22:06:38.039868,2026-07-14T22:06:38.047379+00:00,67.7,500,bid,YieldingYams,AverageAlmonds,3775957
2026-07-14T22:06:38.039868,2026-07-14T22:06:38.047379+00:00,67.8,125,bid,YieldingYams,WavyWalnuts,3775958
2026-07-14T22:06:39.350780,2026-07-14T22:06:39.354572+00:00,67.5,200,bid,YieldingYams,WavyWalnuts,3775964
2026-07-14T22:06:40.006968,2026-07-14T22:06:40.015560+00:00,67.5,200,ask,YieldingYams,WavyWalnuts,3775974
2026-07-14T22:06:42.521198,2026-07-14T22:06:42.525399+00:00,67.5,20,bid,BrilliantBurritos,WavyWalnuts,3776010
2026-07-14T22:06:43.640772,2026-07-14T22:06:43.650771+00:00,67.4,200,ask,AverageAlmonds,WavyWalnuts,3776020
2026-07-14T22:06:44.851834,2026-07-14T22:06:44.861144+00:00,67.3,200,ask,YieldingYams,WavyWalnuts,3776034
2026-07-14T22:06:45.917648,2026-07-14T22:06:45.924582+00:00,67.4,500,ask,AverageAlmonds,YieldingYams,3776044
2026-07-14T22:06:46.025953,2026-07-14T22:06:46.029891+00:00,67.4,125,bid,AverageAlmonds,YieldingYams,3776049
2026-07-14T22:06:46.066526,2026-07-14T22:06:46.072895+00:00,67.4,200,ask,AverageAlmonds,WavyWalnuts,3776052
2026-07-14T22:06:50.136264,2026-07-14T22:06:50.144940+00:00,67.5,20,ask,YieldingYams,BrilliantBurritos,3776113
2026-07-14T22:06:51.206487,2026-07-14T22:06:51.217045+00:00,67.5,200,ask,WavyWalnuts,YieldingYams,3776127
2026-07-14T22:06:53.335575,2026-07-14T22:06:53.338999+00:00,67.4,200,ask,YieldingYams,WavyWalnuts,3776154
2026-07-14T22:06:54.546141,2026-07-14T22:06:54.551442+00:00,67.4,200,ask,AverageAlmonds,WavyWalnuts,3776169
2026-07-14T22:06:55.769469,2026-07-14T22:06:55.778703+00:00,67.4,200,ask,AverageAlmonds,WavyWalnuts,3776185
2026-07-14T22:06:56.460402,2026-07-14T22:06:56.464136+00:00,67.4,500,ask,AverageAlmonds,YieldingYams,3776190
2026-07-14T22:06:56.939459,2026-07-14T22:06:56.946264+00:00,67.4,125,bid,AverageAlmonds,YieldingYams,3776198
2026-07-14T22:07:00.389095,2026-07-14T22:07:00.399325+00:00,67.4,200,ask,WavyWalnuts,YieldingYams,3776232
2026-07-14T22:07:00.420241,2026-07-14T22:07:00.431417+00:00,67.3,20,ask,AverageAlmonds,BrilliantBurritos,3776235
2026-07-14T22:07:00.562978,2026-07-14T22:07:00.572610+00:00,67.4,425,bid,AverageAlmonds,YieldingYams,3776238
2026-07-14T22:07:00.606997,2026-07-14T22:07:00.616530+00:00,67.4,75,ask,AverageAlmonds,WavyWalnuts,3776240
2026-07-14T22:07:01.184674,2026-07-14T22:07:01.187947+00:00,67.4,125,bid,AverageAlmonds,WavyWalnuts,3776249
2026-07-14T22:07:03.017397,2026-07-14T22:07:03.025645+00:00,67.6,200,bid,YieldingYams,WavyWalnuts,3776282
2026-07-14T22:07:03.017397,2026-07-14T22:07:03.025645+00:00,67.6,17,bid,YieldingYams,Sze-Yong Ng,3776283
2026-07-14T22:07:03.025313,2026-07-14T22:07:03.036615+00:00,67.7,200,ask,YieldingYams,WavyWalnuts,3776284
2026-07-14T22:07:04.232172,2026-07-14T22:07:04.234309+00:00,67.7,200,ask,YieldingYams,WavyWalnuts,3776294
2026-07-14T22:07:04.332730,2026-07-14T22:07:04.348271+00:00,67.5,200,ask,WavyWalnuts,YieldingYams,3776295
2026-07-14T22:07:05.410165,2026-07-14T22:07:05.415784+00:00,67.5,425,bid,AverageAlmonds,YieldingYams,3776309
2026-07-14T22:07:06.951772,2026-07-14T22:07:06.965147+00:00,67.8,200,bid,YieldingYams,WavyWalnuts,3776328
2026-07-14T22:07:06.951772,2026-07-14T22:07:06.965147+00:00,67.8,22,bid,YieldingYams,Sze-Yong Ng,3776329
2026-07-14T22:07:07.681867,2026-07-14T22:07:07.688150+00:00,67.8,20,ask,YieldingYams,BrilliantBurritos,3776348
2026-07-14T22:07:07.856931,2026-07-14T22:07:07.861994+00:00,67.8,383,ask,YieldingYams,AverageAlmonds,3776349
2026-07-14T22:07:08.267083,2026-07-14T22:07:08.273819+00:00,67.7,200,ask,WavyWalnuts,YieldingYams,3776364
2026-07-14T22:07:09.088199,2026-07-14T22:07:09.099385+00:00,67.5,200,bid,WavyWalnuts,YieldingYams,3776378
2026-07-14T22:07:09.576980,2026-07-14T22:07:09.583816+00:00,67.5,61,bid,YieldingYams,Sze-Yong Ng,3776388
2026-07-14T22:07:10.272386,2026-07-14T22:07:10.278140+00:00,67.7,500,ask,YieldingYams,AverageAlmonds,3776393
2026-07-14T22:07:12.724283,2026-07-14T22:07:12.738216+00:00,67.6,42,ask,Sze-Yong Ng,WavyWalnuts,3776420
2026-07-14T22:07:13.934369,2026-07-14T22:07:13.941552+00:00,67.7,200,bid,WavyWalnuts,YieldingYams,3776448
2026-07-14T22:07:17.443507,2026-07-14T22:07:17.453328+00:00,67.8,42,bid,YieldingYams,Sze-Yong Ng,3776501
2026-07-14T22:07:17.443507,2026-07-14T22:07:17.453328+00:00,67.8,200,bid,YieldingYams,WavyWalnuts,3776502
2026-07-14T22:07:17.443507,2026-07-14T22:07:17.453328+00:00,67.8,383,bid,YieldingYams,AverageAlmonds,3776503
2026-07-14T22:07:17.747896,2026-07-14T22:07:17.750680+00:00,67.7,20,bid,BrilliantBurritos,WavyWalnuts,3776507
2026-07-14T22:07:19.987316,2026-07-14T22:07:20.088017+00:00,67.6,200,ask,YieldingYams,WavyWalnuts,3776539
2026-07-14T22:07:21.210624,2026-07-14T22:07:21.212659+00:00,67.6,25,ask,YieldingYams,Johan Shajee,3776557
2026-07-14T22:07:21.420070,2026-07-14T22:07:21.436521+00:00,67.6,25,ask,WavyWalnuts,Johan Shajee,3776561
2026-07-14T22:07:22.688670,2026-07-14T22:07:22.699921+00:00,67.6,200,ask,WavyWalnuts,YieldingYams,3776583
2026-07-14T22:07:22.688670,2026-07-14T22:07:22.699921+00:00,67.5,425,ask,AverageAlmonds,YieldingYams,3776584
2026-07-14T22:07:23.387282,2026-07-14T22:07:23.398399+00:00,67.7,20,bid,BrilliantBurritos,Sze-Yong Ng,3776596
2026-07-14T22:07:23.998885,2026-07-14T22:07:24.006872+00:00,67.7,18,bid,YieldingYams,Sze-Yong Ng,3776602
2026-07-14T22:07:23.998885,2026-07-14T22:07:24.006872+00:00,67.7,200,bid,YieldingYams,WavyWalnuts,3776603
2026-07-14T22:07:24.237286,2026-07-14T22:07:24.239723+00:00,67.9,20,bid,BrilliantBurritos,YieldingYams,3776608
2026-07-14T22:07:25.313733,2026-07-14T22:07:25.318624+00:00,67.8,200,ask,WavyWalnuts,YieldingYams,3776620
2026-07-14T22:07:26.671794,2026-07-14T22:07:26.692502+00:00,67.7,200,ask,WavyWalnuts,YieldingYams,3776638
2026-07-14T22:07:28.847908,2026-07-14T22:07:28.859167+00:00,67.6,25,ask,AverageAlmonds,Johan Shajee,3776669
2026-07-14T22:07:29.062026,2026-07-14T22:07:29.071101+00:00,67.6,25,ask,WavyWalnuts,Johan Shajee,3776673
2026-07-14T22:07:29.098429,2026-07-14T22:07:29.103520+00:00,67.6,25,ask,WavyWalnuts,Johan Shajee,3776675
2026-07-14T22:07:29.273373,2026-07-14T22:07:29.284584+00:00,67.6,25,ask,YieldingYams,Johan Shajee,3776680
2026-07-14T22:07:29.483608,2026-07-14T22:07:29.486147+00:00,67.6,25,ask,WavyWalnuts,Johan Shajee,3776685
2026-07-14T22:07:29.695307,2026-07-14T22:07:29.703863+00:00,67.6,25,ask,WavyWalnuts,Dinh Nguyen,3776688
2026-07-14T22:07:30.598631,2026-07-14T22:07:30.607058+00:00,67.7,200,bid,YieldingYams,WavyWalnuts,3776698
2026-07-14T22:07:30.706263,2026-07-14T22:07:30.713266+00:00,67.7,25,ask,YieldingYams,Johan Shajee,3776699
2026-07-14T22:07:30.756264,2026-07-14T22:07:30.766209+00:00,67.7,20,ask,YieldingYams,BrilliantBurritos,3776701
2026-07-14T22:07:30.879989,2026-07-14T22:07:30.883531+00:00,67.7,200,ask,YieldingYams,WavyWalnuts,3776702
2026-07-14T22:07:31.102958,2026-07-14T22:07:31.114730+00:00,67.7,20,ask,YieldingYams,BrilliantBurritos,3776703
2026-07-14T22:07:31.621284,2026-07-14T22:07:31.631997+00:00,67.7,25,ask,YieldingYams,Dinh Nguyen,3776723
2026-07-14T22:07:31.911523,2026-07-14T22:07:31.922537+00:00,67.6,500,ask,AverageAlmonds,YieldingYams,3776727
2026-07-14T22:07:32.690028,2026-07-14T22:07:32.700901+00:00,67.6,125,bid,AverageAlmonds,YieldingYams,3776736
2026-07-14T22:07:33.219914,2026-07-14T22:07:33.221757+00:00,67.7,200,bid,YieldingYams,WavyWalnuts,3776747
2026-07-14T22:07:33.315677,2026-07-14T22:07:33.323615+00:00,67.8,200,ask,YieldingYams,WavyWalnuts,3776749
2026-07-14T22:07:34.523420,2026-07-14T22:07:34.527066+00:00,67.8,200,ask,YieldingYams,WavyWalnuts,3776775
2026-07-14T22:07:34.536645,2026-07-14T22:07:34.548439+00:00,67.8,86,ask,Sze-Yong Ng,YieldingYams,3776776
2026-07-14T22:07:34.536645,2026-07-14T22:07:34.548439+00:00,67.6,500,ask,AverageAlmonds,YieldingYams,3776777
2026-07-14T22:07:34.536645,2026-07-14T22:07:34.548439+00:00,67.6,39,ask,WavyWalnuts,YieldingYams,3776778
2026-07-14T22:07:35.846320,2026-07-14T22:07:35.850963+00:00,67.9,200,bid,YieldingYams,WavyWalnuts,3776805
2026-07-14T22:07:35.846320,2026-07-14T22:07:35.850963+00:00,67.9,86,bid,YieldingYams,Sze-Yong Ng,3776806
2026-07-14T22:07:37.162013,2026-07-14T22:07:37.172826+00:00,67.9,200,ask,WavyWalnuts,YieldingYams,3776818
2026-07-14T22:07:37.750737,2026-07-14T22:07:37.757292+00:00,67.8,2,ask,YieldingYams,Dinh Nguyen,3776833
2026-07-14T22:07:38.156440,2026-07-14T22:07:38.159010+00:00,67.9,200,bid,WavyWalnuts,YieldingYams,3776844
2026-07-14T22:07:39.780287,2026-07-14T22:07:39.790023+00:00,67.8,200,bid,YieldingYams,WavyWalnuts,3776868
2026-07-14T22:07:40.260323,2026-07-14T22:07:40.266831+00:00,67.8,2,ask,YieldingYams,Dinh Nguyen,3776874
2026-07-14T22:07:41.093923,2026-07-14T22:07:41.103410+00:00,67.8,38,ask,Sze-Yong Ng,YieldingYams,3776894
2026-07-14T22:07:41.511785,2026-07-14T22:07:41.517451+00:00,67.7,2,ask,WavyWalnuts,Dinh Nguyen,3776906
2026-07-14T22:07:41.792542,2026-07-14T22:07:41.803769+00:00,67.8,200,bid,WavyWalnuts,YieldingYams,3776912
2026-07-14T22:07:42.408234,2026-07-14T22:07:42.413626+00:00,67.8,38,bid,YieldingYams,Sze-Yong Ng,3776920
2026-07-14T22:07:42.767761,2026-07-14T22:07:42.776406+00:00,67.8,25,ask,YieldingYams,Dinh Nguyen,3776930
2026-07-14T22:07:43.270741,2026-07-14T22:07:43.277803+00:00,67.8,2,ask,YieldingYams,Dinh Nguyen,3776942
2026-07-14T22:07:44.522752,2026-07-14T22:07:44.527061+00:00,67.8,25,ask,WavyWalnuts,Dinh Nguyen,3776957
2026-07-14T22:07:45.039227,2026-07-14T22:07:45.047232+00:00,67.8,175,ask,WavyWalnuts,YieldingYams,3776970
2026-07-14T22:07:45.427766,2026-07-14T22:07:45.436072+00:00,67.8,200,bid,WavyWalnuts,YieldingYams,3776975
2026-07-14T22:07:46.285804,2026-07-14T22:07:46.293183+00:00,67.8,2,bid,Dinh Nguyen,YieldingYams,3776986
2026-07-14T22:07:46.365056,2026-07-14T22:07:46.367809+00:00,67.8,23,bid,YieldingYams,Sze-Yong Ng,3776987
2026-07-14T22:07:46.636126,2026-07-14T22:07:46.641887+00:00,67.9,200,bid,WavyWalnuts,YieldingYams,3776996
2026-07-14T22:07:47.677940,2026-07-14T22:07:47.700991+00:00,68.0,500,bid,YieldingYams,AverageAlmonds,3777010
2026-07-14T22:07:47.844442,2026-07-14T22:07:47.852488+00:00,68.0,125,ask,YieldingYams,WavyWalnuts,3777019
2026-07-14T22:07:49.052514,2026-07-14T22:07:49.054900+00:00,67.9,200,bid,WavyWalnuts,YieldingYams,3777038
2026-07-14T22:07:50.055837,2026-07-14T22:07:50.062693+00:00,67.9,2,bid,Dinh Nguyen,YieldingYams,3777058
2026-07-14T22:07:51.311856,2026-07-14T22:07:51.316501+00:00,67.7,25,ask,YieldingYams,Dinh Nguyen,3777080
2026-07-14T22:07:51.817768,2026-07-14T22:07:51.828838+00:00,67.8,2,bid,Dinh Nguyen,Sze-Yong Ng,3777086
2026-07-14T22:07:53.073766,2026-07-14T22:07:53.077273+00:00,67.7,25,ask,AverageAlmonds,Dinh Nguyen,3777106
2026-07-14T22:07:53.268403,2026-07-14T22:07:53.279713+00:00,67.8,2,bid,AverageAlmonds,Sze-Yong Ng,3777108
2026-07-14T22:07:54.239994,2026-07-14T22:07:54.243562+00:00,67.8,200,ask,WavyWalnuts,YieldingYams,3777132
2026-07-14T22:07:54.239994,2026-07-14T22:07:54.243562+00:00,67.7,425,ask,AverageAlmonds,YieldingYams,3777133
2026-07-14T22:07:54.837775,2026-07-14T22:07:54.841238+00:00,67.9,2,bid,Dinh Nguyen,Sze-Yong Ng,3777150
2026-07-14T22:07:56.091759,2026-07-14T22:07:56.094594+00:00,67.9,2,bid,Dinh Nguyen,Sze-Yong Ng,3777161
2026-07-14T22:07:56.867107,2026-07-14T22:07:56.878164+00:00,67.8,200,ask,WavyWalnuts,YieldingYams,3777169
2026-07-14T22:07:57.344776,2026-07-14T22:07:57.354844+00:00,67.8,2,bid,Dinh Nguyen,YieldingYams,3777183
2026-07-14T22:07:57.537627,2026-07-14T22:07:57.547854+00:00,67.8,200,bid,WavyWalnuts,YieldingYams,3777187
2026-07-14T22:07:58.180003,2026-07-14T22:07:58.190780+00:00,67.8,5,bid,YieldingYams,Sze-Yong Ng,3777190
2026-07-14T22:07:58.747607,2026-07-14T22:07:58.759116+00:00,67.9,200,ask,YieldingYams,WavyWalnuts,3777197
2026-07-14T22:07:59.955700,2026-07-14T22:07:59.965159+00:00,67.9,200,ask,YieldingYams,WavyWalnuts,3777210
2026-07-14T22:08:00.707122,2026-07-14T22:08:00.710603+00:00,67.9,20,ask,YieldingYams,BrilliantBurritos,3777224
2026-07-14T22:08:01.152927,2026-07-14T22:08:01.156568+00:00,68.0,2,bid,Dinh Nguyen,YieldingYams,3777227
2026-07-14T22:08:02.414832,2026-07-14T22:08:02.420589+00:00,67.9,2,bid,Dinh Nguyen,YieldingYams,3777245
2026-07-14T22:08:03.602822,2026-07-14T22:08:03.613220+00:00,67.8,13,ask,Sze-Yong Ng,WavyWalnuts,3777255
2026-07-14T22:08:03.602822,2026-07-14T22:08:03.613220+00:00,67.8,187,ask,YieldingYams,WavyWalnuts,3777256
2026-07-14T22:08:03.669794,2026-07-14T22:08:03.676739+00:00,68.0,2,bid,Dinh Nguyen,YieldingYams,3777257
2026-07-14T22:08:04.744368,2026-07-14T22:08:04.753579+00:00,67.8,500,ask,AverageAlmonds,YieldingYams,3777270
2026-07-14T22:08:04.772904,2026-07-14T22:08:04.774768+00:00,67.8,125,bid,AverageAlmonds,YieldingYams,3777271
2026-07-14T22:08:04.924803,2026-07-14T22:08:04.934566+00:00,67.9,2,bid,Dinh Nguyen,WavyWalnuts,3777272
2026-07-14T22:08:06.019735,2026-07-14T22:08:06.021524+00:00,67.8,200,ask,AverageAlmonds,WavyWalnuts,3777284
2026-07-14T22:08:06.179779,2026-07-14T22:08:06.191439+00:00,68.2,2,bid,Dinh Nguyen,AverageAlmonds,3777286
2026-07-14T22:08:07.230213,2026-07-14T22:08:07.233205+00:00,68.1,200,ask,YieldingYams,WavyWalnuts,3777313
2026-07-14T22:08:10.471288,2026-07-14T22:08:10.475435+00:00,68.1,20,ask,WavyWalnuts,BrilliantBurritos,3777355
2026-07-14T22:08:13.205695,2026-07-14T22:08:13.207828+00:00,68.3,25,bid,Johan Shajee,YieldingYams,3777410
2026-07-14T22:08:13.290473,2026-07-14T22:08:13.293927+00:00,68.3,200,bid,WavyWalnuts,YieldingYams,3777416
2026-07-14T22:08:13.369878,2026-07-14T22:08:13.378429+00:00,68.2,20,ask,YieldingYams,BrilliantBurritos,3777417
2026-07-14T22:08:13.418743,2026-07-14T22:08:13.420834+00:00,68.3,25,bid,Johan Shajee,YieldingYams,3777421
2026-07-14T22:08:13.630675,2026-07-14T22:08:13.642121+00:00,68.3,25,bid,Johan Shajee,YieldingYams,3777424
2026-07-14T22:08:13.840750,2026-07-14T22:08:13.852226+00:00,68.3,25,bid,Johan Shajee,WavyWalnuts,3777428
2026-07-14T22:08:13.845252,2026-07-14T22:08:13.852226+00:00,68.2,2,ask,YieldingYams,Johan Shajee,3777429
2026-07-14T22:08:13.926451,2026-07-14T22:08:13.936594+00:00,68.4,500,bid,YieldingYams,AverageAlmonds,3777432
2026-07-14T22:08:14.050228,2026-07-14T22:08:14.052594+00:00,68.4,2,ask,YieldingYams,Johan Shajee,3777438
2026-07-14T22:08:14.191825,2026-07-14T22:08:14.200479+00:00,68.5,2,bid,Dinh Nguyen,WavyWalnuts,3777442
2026-07-14T22:08:14.256261,2026-07-14T22:08:14.263970+00:00,68.4,2,ask,YieldingYams,Johan Shajee,3777445
2026-07-14T22:08:14.461612,2026-07-14T22:08:14.465209+00:00,68.4,2,ask,YieldingYams,Johan Shajee,3777450
2026-07-14T22:08:14.482756,2026-07-14T22:08:14.486487+00:00,68.4,119,ask,YieldingYams,AverageAlmonds,3777451
2026-07-14T22:08:14.482756,2026-07-14T22:08:14.486487+00:00,68.4,103,ask,Sze-Yong Ng,AverageAlmonds,3777452
2026-07-14T22:08:14.502788,2026-07-14T22:08:14.507742+00:00,68.4,200,bid,WavyWalnuts,AverageAlmonds,3777453
2026-07-14T22:08:14.667009,2026-07-14T22:08:14.676182+00:00,67.9,2,ask,AverageAlmonds,Johan Shajee,3777458
2026-07-14T22:08:14.871833,2026-07-14T22:08:14.877097+00:00,67.9,2,ask,AverageAlmonds,Johan Shajee,3777462
2026-07-14T22:08:15.309735,2026-07-14T22:08:15.318299+00:00,68.0,2,ask,YieldingYams,Johan Shajee,3777475
2026-07-14T22:08:15.444791,2026-07-14T22:08:15.456198+00:00,68.1,2,bid,Dinh Nguyen,YieldingYams,3777478
2026-07-14T22:08:15.515901,2026-07-14T22:08:15.520169+00:00,68.0,2,ask,YieldingYams,Johan Shajee,3777479
2026-07-14T22:08:15.716583,2026-07-14T22:08:15.721988+00:00,68.1,200,bid,WavyWalnuts,YieldingYams,3777484
2026-07-14T22:08:15.722012,2026-07-14T22:08:15.732722+00:00,68.0,2,ask,YieldingYams,Johan Shajee,3777485
2026-07-14T22:08:16.699812,2026-07-14T22:08:16.707113+00:00,68.3,2,bid,Dinh Nguyen,AverageAlmonds,3777505
2026-07-14T22:08:16.731280,2026-07-14T22:08:16.738692+00:00,68.2,25,ask,YieldingYams,Johan Shajee,3777506
2026-07-14T22:08:16.940923,2026-07-14T22:08:16.950895+00:00,68.2,25,ask,YieldingYams,Johan Shajee,3777509
2026-07-14T22:08:17.152644,2026-07-14T22:08:17.162626+00:00,68.2,25,ask,YieldingYams,Johan Shajee,3777512
2026-07-14T22:08:17.164052,2026-07-14T22:08:17.173279+00:00,68.3,2,bid,Johan Shajee,Sze-Yong Ng,3777514
2026-07-14T22:08:17.368882,2026-07-14T22:08:17.371646+00:00,68.3,2,bid,Dinh Nguyen,AverageAlmonds,3777517
2026-07-14T22:08:17.574558,2026-07-14T22:08:17.586162+00:00,68.3,2,bid,Johan Shajee,Sze-Yong Ng,3777524
2026-07-14T22:08:17.779886,2026-07-14T22:08:17.783815+00:00,68.3,2,bid,Johan Shajee,Sze-Yong Ng,3777533
2026-07-14T22:08:17.864175,2026-07-14T22:08:17.869225+00:00,68.3,72,bid,YieldingYams,Sze-Yong Ng,3777534
2026-07-14T22:08:17.864175,2026-07-14T22:08:17.869225+00:00,68.3,200,bid,YieldingYams,WavyWalnuts,3777535
2026-07-14T22:08:17.864175,2026-07-14T22:08:17.869225+00:00,68.3,353,bid,YieldingYams,AverageAlmonds,3777536
2026-07-14T22:08:17.988775,2026-07-14T22:08:17.996259+00:00,68.3,2,bid,Johan Shajee,Sze-Yong Ng,3777541
2026-07-14T22:08:19.182316,2026-07-14T22:08:19.184161+00:00,68.2,200,ask,WavyWalnuts,YieldingYams,3777554
2026-07-14T22:08:19.241796,2026-07-14T22:08:19.248176+00:00,68.2,2,bid,Dinh Nguyen,YieldingYams,3777557
2026-07-14T22:08:19.596005,2026-07-14T22:08:19.605367+00:00,68.2,25,bid,Johan Shajee,YieldingYams,3777562
2026-07-14T22:08:19.807912,2026-07-14T22:08:19.817496+00:00,68.2,25,bid,Johan Shajee,YieldingYams,3777567
2026-07-14T22:08:20.018011,2026-07-14T22:08:20.020052+00:00,68.2,25,bid,Johan Shajee,YieldingYams,3777574
2026-07-14T22:08:20.022309,2026-07-14T22:08:20.030716+00:00,68.1,2,ask,WavyWalnuts,Johan Shajee,3777575
2026-07-14T22:08:20.227135,2026-07-14T22:08:20.232594+00:00,68.1,2,ask,WavyWalnuts,Johan Shajee,3777578
2026-07-14T22:08:20.434237,2026-07-14T22:08:20.444252+00:00,68.1,2,ask,WavyWalnuts,Johan Shajee,3777582
2026-07-14T22:08:20.494188,2026-07-14T22:08:20.497083+00:00,68.2,2,bid,Dinh Nguyen,WavyWalnuts,3777584
2026-07-14T22:08:20.639935,2026-07-14T22:08:20.645483+00:00,68.1,2,ask,Sze-Yong Ng,Johan Shajee,3777588
2026-07-14T22:08:21.770053,2026-07-14T22:08:21.773075+00:00,68.2,2,bid,Dinh Nguyen,YieldingYams,3777600
2026-07-14T22:08:21.774376,2026-07-14T22:08:21.783764+00:00,68.2,200,bid,WavyWalnuts,YieldingYams,3777601
2026-07-14T22:08:22.982769,2026-07-14T22:08:22.986990+00:00,68.3,200,bid,WavyWalnuts,YieldingYams,3777618
2026-07-14T22:08:23.130466,2026-07-14T22:08:23.135165+00:00,68.1,78,ask,Sze-Yong Ng,YieldingYams,3777622
2026-07-14T22:08:24.192703,2026-07-14T22:08:24.196576+00:00,68.1,200,bid,WavyWalnuts,YieldingYams,3777637
2026-07-14T22:08:24.276803,2026-07-14T22:08:24.281591+00:00,68.1,2,bid,Dinh Nguyen,YieldingYams,3777638
2026-07-14T22:08:25.402977,2026-07-14T22:08:25.412384+00:00,68.1,200,bid,WavyWalnuts,YieldingYams,3777661
2026-07-14T22:08:25.534775,2026-07-14T22:08:25.540770+00:00,68.1,2,bid,Dinh Nguyen,YieldingYams,3777662
2026-07-14T22:08:25.568548,2026-07-14T22:08:25.572683+00:00,68.1,20,bid,BrilliantBurritos,YieldingYams,3777663
2026-07-14T22:08:26.620759,2026-07-14T22:08:26.630081+00:00,68.1,200,ask,YieldingYams,WavyWalnuts,3777675
2026-07-14T22:08:26.798786,2026-07-14T22:08:26.800739+00:00,68.2,2,bid,Dinh Nguyen,YieldingYams,3777677
2026-07-14T22:08:27.829677,2026-07-14T22:08:27.834468+00:00,68.1,200,ask,YieldingYams,WavyWalnuts,3777686
2026-07-14T22:08:29.307833,2026-07-14T22:08:29.319924+00:00,68.1,1,bid,Dinh Nguyen,YieldingYams,3777701
2026-07-14T22:08:30.246489,2026-07-14T22:08:30.250958+00:00,68.1,200,bid,WavyWalnuts,YieldingYams,3777718
2026-07-14T22:08:31.008388,2026-07-14T22:08:31.014105+00:00,68.1,42,bid,YieldingYams,Sze-Yong Ng,3777729
2026-07-14T22:08:31.065832,2026-07-14T22:08:31.078199+00:00,68.1,25,ask,YieldingYams,Johan Shajee,3777732
2026-07-14T22:08:31.075955,2026-07-14T22:08:31.078199+00:00,68.3,2,bid,Johan Shajee,WavyWalnuts,3777734
2026-07-14T22:08:31.280778,2026-07-14T22:08:31.291867+00:00,68.3,2,bid,Johan Shajee,WavyWalnuts,3777738
2026-07-14T22:08:31.488055,2026-07-14T22:08:31.495597+00:00,68.2,2,bid,Johan Shajee,WavyWalnuts,3777743
2026-07-14T22:08:31.693083,2026-07-14T22:08:31.699430+00:00,68.2,2,bid,Johan Shajee,WavyWalnuts,3777750
2026-07-14T22:08:32.322397,2026-07-14T22:08:32.326972+00:00,68.2,196,bid,YieldingYams,WavyWalnuts,3777768
2026-07-14T22:08:32.322397,2026-07-14T22:08:32.326972+00:00,68.2,38,bid,YieldingYams,Sze-Yong Ng,3777769
2026-07-14T22:08:32.667393,2026-07-14T22:08:32.678371+00:00,68.2,200,ask,YieldingYams,WavyWalnuts,3777773
2026-07-14T22:08:35.096906,2026-07-14T22:08:35.101101+00:00,68.1,200,ask,AverageAlmonds,WavyWalnuts,3777800
2026-07-14T22:08:36.305086,2026-07-14T22:08:36.314949+00:00,68.1,200,ask,AverageAlmonds,WavyWalnuts,3777818
2026-07-14T22:08:41.139393,2026-07-14T22:08:41.141785+00:00,68.2,200,ask,YieldingYams,WavyWalnuts,3777877
2026-07-14T22:08:42.846100,2026-07-14T22:08:42.848772+00:00,68.2,200,bid,YieldingYams,WavyWalnuts,3777896
2026-07-14T22:08:43.552980,2026-07-14T22:08:43.564884+00:00,68.3,200,bid,WavyWalnuts,YieldingYams,3777906
2026-07-14T22:08:44.170333,2026-07-14T22:08:44.182061+00:00,68.2,26,ask,Sze-Yong Ng,YieldingYams,3777916
2026-07-14T22:08:45.484929,2026-07-14T22:08:45.493382+00:00,68.0,200,ask,WavyWalnuts,YieldingYams,3777941
2026-07-14T22:08:45.484929,2026-07-14T22:08:45.493382+00:00,68.0,425,ask,AverageAlmonds,YieldingYams,3777942
2026-07-14T22:08:46.796408,2026-07-14T22:08:46.811470+00:00,68.1,200,bid,YieldingYams,WavyWalnuts,3777958
2026-07-14T22:08:47.191001,2026-07-14T22:08:47.194321+00:00,68.1,200,ask,YieldingYams,WavyWalnuts,3777963
2026-07-14T22:08:50.655646,2026-07-14T22:08:50.661726+00:00,68.2,20,bid,BrilliantBurritos,AverageAlmonds,3778013
2026-07-14T22:08:50.738602,2026-07-14T22:08:50.746921+00:00,68.1,200,ask,WavyWalnuts,YieldingYams,3778014
2026-07-14T22:08:51.638782,2026-07-14T22:08:51.642244+00:00,68.0,20,ask,YieldingYams,BrilliantBurritos,3778034
2026-07-14T22:08:52.043197,2026-07-14T22:08:52.046307+00:00,68.0,200,ask,YieldingYams,WavyWalnuts,3778043
2026-07-14T22:08:53.539452,2026-07-14T22:08:53.549757+00:00,68.0,25,ask,YieldingYams,Johan Shajee,3778057
2026-07-14T22:08:53.751664,2026-07-14T22:08:53.763099+00:00,68.0,25,ask,YieldingYams,Johan Shajee,3778063
2026-07-14T22:08:53.961917,2026-07-14T22:08:53.964054+00:00,68.0,15,ask,YieldingYams,Johan Shajee,3778069
2026-07-14T22:08:54.574881,2026-07-14T22:08:54.579112+00:00,68.0,25,ask,YieldingYams,Dinh Nguyen,3778071
2026-07-14T22:08:55.670054,2026-07-14T22:08:55.681797+00:00,67.9,200,ask,YieldingYams,WavyWalnuts,3778089
2026-07-14T22:08:56.393851,2026-07-14T22:08:56.402647+00:00,67.8,20,ask,YieldingYams,BrilliantBurritos,3778096
2026-07-14T22:08:58.083333,2026-07-14T22:08:58.091126+00:00,67.8,25,ask,WavyWalnuts,Dinh Nguyen,3778125
2026-07-14T22:08:58.618856,2026-07-14T22:08:58.620464+00:00,67.8,200,ask,WavyWalnuts,YieldingYams,3778127
2026-07-14T22:08:59.006941,2026-07-14T22:08:59.010994+00:00,67.8,20,bid,BrilliantBurritos,YieldingYams,3778131
2026-07-14T22:08:59.595840,2026-07-14T22:08:59.606041+00:00,67.7,25,ask,AverageAlmonds,Dinh Nguyen,3778138
2026-07-14T22:08:59.931228,2026-07-14T22:08:59.940519+00:00,67.8,49,bid,YieldingYams,Sze-Yong Ng,3778144
2026-07-14T22:08:59.931228,2026-07-14T22:08:59.940519+00:00,67.8,200,bid,YieldingYams,WavyWalnuts,3778145
2026-07-14T22:09:01.205607,2026-07-14T22:09:01.209908+00:00,67.9,20,bid,BrilliantBurritos,YieldingYams,3778167
2026-07-14T22:09:01.252528,2026-07-14T22:09:01.264379+00:00,67.8,200,ask,WavyWalnuts,YieldingYams,3778168
2026-07-14T22:09:01.252528,2026-07-14T22:09:01.264379+00:00,67.7,425,ask,AverageAlmonds,YieldingYams,3778169
2026-07-14T22:09:04.162747,2026-07-14T22:09:04.174920+00:00,68.0,200,ask,YieldingYams,WavyWalnuts,3778199
2026-07-14T22:09:06.577204,2026-07-14T22:09:06.582636+00:00,68.2,200,bid,WavyWalnuts,YieldingYams,3778227
2026-07-14T22:09:06.922210,2026-07-14T22:09:06.933490+00:00,68.0,20,ask,YieldingYams,BrilliantBurritos,3778235
2026-07-14T22:09:10.444582,2026-07-14T22:09:10.452017+00:00,68.1,200,bid,YieldingYams,WavyWalnuts,3778286
2026-07-14T22:09:10.799731,2026-07-14T22:09:10.809691+00:00,68.1,425,ask,YieldingYams,AverageAlmonds,3778289
2026-07-14T22:09:11.759381,2026-07-14T22:09:11.762357+00:00,68.0,200,ask,WavyWalnuts,YieldingYams,3778306
2026-07-14T22:09:12.620551,2026-07-14T22:09:12.631955+00:00,68.0,200,bid,WavyWalnuts,YieldingYams,3778318
2026-07-14T22:09:14.379875,2026-07-14T22:09:14.390447+00:00,68.1,21,bid,YieldingYams,Sze-Yong Ng,3778340
2026-07-14T22:09:14.379875,2026-07-14T22:09:14.390447+00:00,68.1,200,bid,YieldingYams,WavyWalnuts,3778341
2026-07-14T22:09:15.047098,2026-07-14T22:09:15.067967+00:00,68.1,404,ask,YieldingYams,AverageAlmonds,3778351
2026-07-14T22:09:15.066492,2026-07-14T22:09:15.067967+00:00,68.1,96,bid,WavyWalnuts,AverageAlmonds,3778354
2026-07-14T22:09:15.642097,2026-07-14T22:09:15.645403+00:00,68.2,104,ask,WavyWalnuts,AverageAlmonds,3778358
2026-07-14T22:09:15.694511,2026-07-14T22:09:15.705597+00:00,67.7,500,ask,AverageAlmonds,YieldingYams,3778361
2026-07-14T22:09:16.236013,2026-07-14T22:09:16.248070+00:00,67.7,125,bid,AverageAlmonds,YieldingYams,3778373
2026-07-14T22:09:16.274989,2026-07-14T22:09:16.281335+00:00,68.2,200,bid,WavyWalnuts,AverageAlmonds,3778374
2026-07-14T22:09:18.314189,2026-07-14T22:09:18.344337+00:00,67.9,200,ask,WavyWalnuts,YieldingYams,3778411
2026-07-14T22:09:18.314189,2026-07-14T22:09:18.344337+00:00,67.9,82,ask,Sze-Yong Ng,YieldingYams,3778412
2026-07-14T22:09:20.938612,2026-07-14T22:09:20.948870+00:00,68.0,200,bid,YieldingYams,WavyWalnuts,3778445
2026-07-14T22:09:21.124748,2026-07-14T22:09:21.130903+00:00,68.0,200,ask,YieldingYams,WavyWalnuts,3778454
2026-07-14T22:09:21.722970,2026-07-14T22:09:21.732797+00:00,68.1,20,bid,BrilliantBurritos,Sze-Yong Ng,3778464
2026-07-14T22:09:22.253872,2026-07-14T22:09:22.265250+00:00,67.9,200,ask,WavyWalnuts,YieldingYams,3778469
2026-07-14T22:09:23.539115,2026-07-14T22:09:23.551686+00:00,67.8,200,ask,YieldingYams,WavyWalnuts,3778498
2026-07-14T22:09:25.955239,2026-07-14T22:09:25.961779+00:00,67.9,18,bid,WavyWalnuts,Sze-Yong Ng,3778536
2026-07-14T22:09:25.955239,2026-07-14T22:09:25.961779+00:00,67.9,182,bid,WavyWalnuts,YieldingYams,3778537
2026-07-14T22:09:27.128455,2026-07-14T22:09:27.131447+00:00,68.1,20,bid,BrilliantBurritos,WavyWalnuts,3778552
2026-07-14T22:09:27.165647,2026-07-14T22:09:27.175264+00:00,68.0,500,ask,YieldingYams,AverageAlmonds,3778554
2026-07-14T22:09:27.179157,2026-07-14T22:09:27.186238+00:00,68.0,125,ask,YieldingYams,WavyWalnuts,3778555
2026-07-14T22:09:27.502090,2026-07-14T22:09:27.518995+00:00,67.8,200,ask,WavyWalnuts,YieldingYams,3778562
2026-07-14T22:09:28.383657,2026-07-14T22:09:28.394561+00:00,67.7,20,bid,BrilliantBurritos,YieldingYams,3778578
2026-07-14T22:09:28.386384,2026-07-14T22:09:28.394561+00:00,67.7,200,bid,WavyWalnuts,YieldingYams,3778579
2026-07-14T22:09:28.810856,2026-07-14T22:09:28.819891+00:00,67.7,23,bid,YieldingYams,Sze-Yong Ng,3778581
2026-07-14T22:09:28.810856,2026-07-14T22:09:28.819891+00:00,67.8,200,bid,YieldingYams,WavyWalnuts,3778582
2026-07-14T22:09:29.593308,2026-07-14T22:09:29.596923+00:00,67.8,200,ask,YieldingYams,WavyWalnuts,3778594
2026-07-14T22:09:30.801677,2026-07-14T22:09:30.814685+00:00,67.7,200,bid,WavyWalnuts,YieldingYams,3778609
2026-07-14T22:09:32.013865,2026-07-14T22:09:32.021005+00:00,67.7,200,bid,WavyWalnuts,YieldingYams,3778624
2026-07-14T22:09:33.240217,2026-07-14T22:09:33.248452+00:00,67.8,200,bid,WavyWalnuts,YieldingYams,3778641
2026-07-14T22:09:33.837972,2026-07-14T22:09:33.848734+00:00,67.8,20,bid,BrilliantBurritos,YieldingYams,3778653
2026-07-14T22:09:34.459403,2026-07-14T22:09:34.460978+00:00,67.8,200,ask,YieldingYams,WavyWalnuts,3778661
2026-07-14T22:09:35.665789,2026-07-14T22:09:35.674559+00:00,67.7,200,bid,WavyWalnuts,YieldingYams,3778676
2026-07-14T22:09:38.002351,2026-07-14T22:09:38.005980+00:00,67.8,200,ask,WavyWalnuts,YieldingYams,3778712
2026-07-14T22:09:38.079924,2026-07-14T22:09:38.090617+00:00,67.8,200,bid,WavyWalnuts,YieldingYams,3778714
2026-07-14T22:09:39.294239,2026-07-14T22:09:39.299064+00:00,67.8,200,bid,WavyWalnuts,YieldingYams,3778730
2026-07-14T22:09:39.311471,2026-07-14T22:09:39.336727+00:00,67.9,200,bid,YieldingYams,WavyWalnuts,3778731
2026-07-14T22:09:40.503116,2026-07-14T22:09:40.513644+00:00,67.9,200,ask,YieldingYams,WavyWalnuts,3778757
2026-07-14T22:09:40.630132,2026-07-14T22:09:40.639690+00:00,67.8,200,ask,WavyWalnuts,YieldingYams,3778761
2026-07-14T22:09:40.630132,2026-07-14T22:09:40.639690+00:00,67.7,425,ask,AverageAlmonds,YieldingYams,3778762
2026-07-14T22:09:41.866719,2026-07-14T22:09:41.873658+00:00,67.8,25,bid,Johan Shajee,WavyWalnuts,3778778
2026-07-14T22:09:41.939711,2026-07-14T22:09:41.953142+00:00,67.8,175,bid,YieldingYams,WavyWalnuts,3778779
2026-07-14T22:09:42.915456,2026-07-14T22:09:42.922180+00:00,68.0,200,ask,YieldingYams,WavyWalnuts,3778790
2026-07-14T22:09:43.255110,2026-07-14T22:09:43.260249+00:00,68.0,61,ask,Sze-Yong Ng,YieldingYams,3778796
2026-07-14T22:09:44.122696,2026-07-14T22:09:44.125793+00:00,67.9,200,bid,WavyWalnuts,YieldingYams,3778809
2026-07-14T22:09:45.350570,2026-07-14T22:09:45.354917+00:00,67.8,200,ask,YieldingYams,WavyWalnuts,3778829
2026-07-14T22:09:48.514291,2026-07-14T22:09:48.516523+00:00,67.6,200,ask,WavyWalnuts,YieldingYams,3778866
2026-07-14T22:09:48.690374,2026-07-14T22:09:48.701484+00:00,67.6,25,bid,Johan Shajee,YieldingYams,3778872
2026-07-14T22:09:48.830153,2026-07-14T22:09:48.838965+00:00,67.5,20,ask,AverageAlmonds,BrilliantBurritos,3778876
2026-07-14T22:09:48.902665,2026-07-14T22:09:48.912593+00:00,67.6,25,bid,Johan Shajee,YieldingYams,3778878
2026-07-14T22:09:48.941483,2026-07-14T22:09:48.944417+00:00,67.6,375,bid,AverageAlmonds,YieldingYams,3778879
2026-07-14T22:09:49.821718,2026-07-14T22:09:49.824981+00:00,67.7,200,bid,YieldingYams,WavyWalnuts,3778895
2026-07-14T22:09:50.179917,2026-07-14T22:09:50.188313+00:00,67.8,200,ask,YieldingYams,WavyWalnuts,3778902
2026-07-14T22:09:51.140146,2026-07-14T22:09:51.152229+00:00,67.8,42,ask,Sze-Yong Ng,YieldingYams,3778920
2026-07-14T22:09:51.140146,2026-07-14T22:09:51.152229+00:00,67.7,200,ask,WavyWalnuts,YieldingYams,3778921
2026-07-14T22:09:51.140146,2026-07-14T22:09:51.152229+00:00,67.7,383,ask,AverageAlmonds,YieldingYams,3778922
2026-07-14T22:09:53.822845,2026-07-14T22:09:53.828683+00:00,67.7,200,ask,YieldingYams,WavyWalnuts,3778957
2026-07-14T22:09:54.437079,2026-07-14T22:09:54.444304+00:00,67.7,20,ask,YieldingYams,BrilliantBurritos,3778964
2026-07-14T22:09:59.862399,2026-07-14T22:09:59.872438+00:00,67.9,200,ask,WavyWalnuts,AverageAlmonds,3779028
2026-07-14T22:09:59.862399,2026-07-14T22:09:59.872438+00:00,67.9,300,ask,YieldingYams,AverageAlmonds,3779029
2026-07-14T22:10:00.453769,2026-07-14T22:10:00.460354+00:00,67.9,200,ask,WavyWalnuts,AverageAlmonds,3779032
2026-07-14T22:10:00.453769,2026-07-14T22:10:00.460354+00:00,67.9,300,ask,YieldingYams,AverageAlmonds,3779033
2026-07-14T22:10:01.634651,2026-07-14T22:10:01.641051+00:00,67.8,200,ask,WavyWalnuts,YieldingYams,3779045
2026-07-14T22:10:02.944690,2026-07-14T22:10:02.947794+00:00,67.8,42,bid,YieldingYams,Sze-Yong Ng,3779072
2026-07-14T22:10:02.944690,2026-07-14T22:10:02.984199+00:00,67.8,200,bid,YieldingYams,WavyWalnuts,3779073
2026-07-14T22:10:03.134659,2026-07-14T22:10:03.143812+00:00,67.8,25,ask,YieldingYams,Johan Shajee,3779079
2026-07-14T22:10:03.345593,2026-07-14T22:10:03.356201+00:00,67.8,25,ask,YieldingYams,Johan Shajee,3779083
2026-07-14T22:10:03.556588,2026-07-14T22:10:03.567240+00:00,67.8,25,ask,YieldingYams,Johan Shajee,3779089
2026-07-14T22:10:03.566279,2026-07-14T22:10:03.577917+00:00,67.9,2,bid,Johan Shajee,WavyWalnuts,3779091
2026-07-14T22:10:03.771265,2026-07-14T22:10:03.778785+00:00,67.9,2,bid,Johan Shajee,WavyWalnuts,3779092
2026-07-14T22:10:03.980280,2026-07-14T22:10:03.989591+00:00,67.9,2,bid,Johan Shajee,WavyWalnuts,3779095
2026-07-14T22:10:04.186624,2026-07-14T22:10:04.190109+00:00,67.9,2,bid,Johan Shajee,WavyWalnuts,3779097
2026-07-14T22:10:04.392093,2026-07-14T22:10:04.400830+00:00,67.8,2,bid,Johan Shajee,YieldingYams,3779101
2026-07-14T22:10:04.598178,2026-07-14T22:10:04.601925+00:00,67.8,2,bid,Johan Shajee,YieldingYams,3779105
2026-07-14T22:10:04.803788,2026-07-14T22:10:04.813639+00:00,67.8,1,bid,Johan Shajee,YieldingYams,3779110
2026-07-14T22:10:05.571518,2026-07-14T22:10:05.578438+00:00,67.7,200,ask,WavyWalnuts,YieldingYams,3779125
2026-07-14T22:10:05.571518,2026-07-14T22:10:05.578438+00:00,67.6,425,ask,AverageAlmonds,YieldingYams,3779126
2026-07-14T22:10:06.881054,2026-07-14T22:10:06.891881+00:00,67.8,38,bid,YieldingYams,Sze-Yong Ng,3779142
2026-07-14T22:10:06.881054,2026-07-14T22:10:06.891881+00:00,67.8,200,bid,YieldingYams,WavyWalnuts,3779143
2026-07-14T22:10:07.214842,2026-07-14T22:10:07.218762+00:00,67.8,13,ask,YieldingYams,Johan Shajee,3779148
2026-07-14T22:10:08.196597,2026-07-14T22:10:08.199795+00:00,67.8,200,ask,WavyWalnuts,YieldingYams,3779163
2026-07-14T22:10:09.508011,2026-07-14T22:10:09.515390+00:00,67.8,200,bid,YieldingYams,WavyWalnuts,3779180
2026-07-14T22:10:09.573840,2026-07-14T22:10:09.579096+00:00,67.9,200,bid,WavyWalnuts,YieldingYams,3779181
2026-07-14T22:10:10.785451,2026-07-14T22:10:10.791320+00:00,67.8,200,ask,YieldingYams,WavyWalnuts,3779200
2026-07-14T22:10:13.201740,2026-07-14T22:10:13.205093+00:00,67.8,200,ask,YieldingYams,WavyWalnuts,3779225
2026-07-14T22:10:14.412543,2026-07-14T22:10:14.415367+00:00,67.8,200,bid,WavyWalnuts,YieldingYams,3779243
2026-07-14T22:10:15.634004,2026-07-14T22:10:15.639371+00:00,67.8,200,ask,YieldingYams,WavyWalnuts,3779261
