timestamp,recv_time,price,volume,aggressor_side,buyer,seller,trade_id
2026-07-03T21:00:02.259685,2026-07-03T21:00:02.270139+00:00,118.8,200,ask,YieldingYams,WavyWalnuts,6187912
2026-07-03T21:00:03.519270,2026-07-03T21:00:03.522737+00:00,118.8,3,ask,AverageAlmonds,Xuanyu Liu,6187926
2026-07-03T21:00:03.579464,2026-07-03T21:00:03.588889+00:00,118.9,20,bid,BrilliantBurritos,YieldingYams,6187929
2026-07-03T21:00:06.078958,2026-07-03T21:00:06.088632+00:00,118.6,20,ask,WavyWalnuts,BrilliantBurritos,6187964
2026-07-03T21:00:06.589600,2026-07-03T21:00:06.601395+00:00,118.6,20,ask,AverageAlmonds,BrilliantBurritos,6187969
2026-07-03T21:00:09.681245,2026-07-03T21:00:09.692892+00:00,118.6,20,ask,AverageAlmonds,BrilliantBurritos,6188012
2026-07-03T21:00:10.686317,2026-07-03T21:00:10.696376+00:00,118.7,125,bid,AverageAlmonds,YieldingYams,6188029
2026-07-03T21:00:10.727012,2026-07-03T21:00:10.730068+00:00,118.7,200,ask,AverageAlmonds,WavyWalnuts,6188031
2026-07-03T21:00:11.937400,2026-07-03T21:00:11.947187+00:00,118.8,200,ask,YieldingYams,WavyWalnuts,6188050
2026-07-03T21:00:12.446875,2026-07-03T21:00:12.464041+00:00,118.8,500,ask,AverageAlmonds,YieldingYams,6188055
2026-07-03T21:00:12.496566,2026-07-03T21:00:12.505652+00:00,118.8,125,bid,AverageAlmonds,YieldingYams,6188056
2026-07-03T21:00:13.148566,2026-07-03T21:00:13.163771+00:00,118.8,200,ask,AverageAlmonds,WavyWalnuts,6188068
2026-07-03T21:00:13.779922,2026-07-03T21:00:13.783482+00:00,118.9,3,bid,Xuanyu Liu,YieldingYams,6188078
2026-07-03T21:00:14.187756,2026-07-03T21:00:14.199121+00:00,118.8,20,ask,AverageAlmonds,BrilliantBurritos,6188080
2026-07-03T21:00:14.357713,2026-07-03T21:00:14.368826+00:00,118.8,200,ask,AverageAlmonds,WavyWalnuts,6188081
2026-07-03T21:00:14.941344,2026-07-03T21:00:14.949018+00:00,118.9,500,bid,AverageAlmonds,YieldingYams,6188090
2026-07-03T21:00:15.565896,2026-07-03T21:00:15.574490+00:00,118.9,200,ask,AverageAlmonds,WavyWalnuts,6188104
2026-07-03T21:00:16.138764,2026-07-03T21:00:16.158920+00:00,119.0,500,bid,AverageAlmonds,YieldingYams,6188109
2026-07-03T21:00:16.776735,2026-07-03T21:00:16.784513+00:00,119.0,200,ask,YieldingYams,WavyWalnuts,6188118
2026-07-03T21:00:17.171081,2026-07-03T21:00:17.182994+00:00,119.2,20,bid,BrilliantBurritos,YieldingYams,6188121
2026-07-03T21:00:17.983228,2026-07-03T21:00:17.991535+00:00,119.0,200,ask,YieldingYams,WavyWalnuts,6188139
2026-07-03T21:00:19.011077,2026-07-03T21:00:19.031205+00:00,118.9,500,ask,AverageAlmonds,YieldingYams,6188145
2026-07-03T21:00:19.027553,2026-07-03T21:00:19.031205+00:00,118.9,11,bid,Xuanyu Liu,YieldingYams,6188149
2026-07-03T21:00:19.175905,2026-07-03T21:00:19.184562+00:00,118.9,114,bid,AverageAlmonds,YieldingYams,6188150
2026-07-03T21:00:19.200163,2026-07-03T21:00:19.210706+00:00,118.9,200,ask,AverageAlmonds,WavyWalnuts,6188151
2026-07-03T21:00:20.407313,2026-07-03T21:00:20.416765+00:00,119.0,200,ask,YieldingYams,WavyWalnuts,6188175
2026-07-03T21:00:21.614347,2026-07-03T21:00:21.623662+00:00,119.0,200,ask,YieldingYams,WavyWalnuts,6188189
2026-07-03T21:00:21.632879,2026-07-03T21:00:21.639427+00:00,119.0,500,ask,AverageAlmonds,YieldingYams,6188191
2026-07-03T21:00:21.650695,2026-07-03T21:00:21.654756+00:00,118.8,23,bid,Xuanyu Liu,YieldingYams,6188193
2026-07-03T21:00:22.188184,2026-07-03T21:00:22.198227+00:00,118.8,102,bid,AverageAlmonds,YieldingYams,6188207
2026-07-03T21:00:25.561471,2026-07-03T21:00:25.570002+00:00,119.1,200,ask,WavyWalnuts,YieldingYams,6188252
2026-07-03T21:00:25.702605,2026-07-03T21:00:25.706728+00:00,118.9,34,ask,AverageAlmonds,Xuanyu Liu,6188256
2026-07-03T21:00:25.867285,2026-07-03T21:00:25.871168+00:00,119.0,3,ask,AverageAlmonds,Xuanyu Liu,6188259
2026-07-03T21:00:26.475189,2026-07-03T21:00:26.486280+00:00,119.1,200,bid,WavyWalnuts,YieldingYams,6188264
2026-07-03T21:00:29.492313,2026-07-03T21:00:29.513710+00:00,119.3,200,ask,WavyWalnuts,YieldingYams,6188314
2026-07-03T21:00:33.580509,2026-07-03T21:00:33.587221+00:00,119.2,20,ask,WavyWalnuts,BrilliantBurritos,6188368
2026-07-03T21:00:37.398972,2026-07-03T21:00:37.406110+00:00,119.2,200,ask,YieldingYams,WavyWalnuts,6188417
2026-07-03T21:00:39.754265,2026-07-03T21:00:39.758558+00:00,119.2,500,bid,AverageAlmonds,YieldingYams,6188448
2026-07-03T21:00:39.818552,2026-07-03T21:00:39.826709+00:00,119.2,125,bid,WavyWalnuts,YieldingYams,6188449
2026-07-03T21:00:42.637316,2026-07-03T21:00:42.640758+00:00,119.4,3,ask,YieldingYams,Xuanyu Liu,6188483
2026-07-03T21:00:42.884436,2026-07-03T21:00:42.896221+00:00,119.5,20,bid,BrilliantBurritos,WavyWalnuts,6188492
2026-07-03T21:00:44.665035,2026-07-03T21:00:44.676242+00:00,119.4,200,ask,YieldingYams,WavyWalnuts,6188518
2026-07-03T21:00:46.555448,2026-07-03T21:00:46.558590+00:00,119.4,200,bid,YieldingYams,WavyWalnuts,6188555
2026-07-03T21:00:46.706768,2026-07-03T21:00:46.718683+00:00,119.4,20,ask,YieldingYams,BrilliantBurritos,6188557
2026-07-03T21:00:47.076938,2026-07-03T21:00:47.086817+00:00,119.4,200,ask,YieldingYams,WavyWalnuts,6188562
2026-07-03T21:00:48.282028,2026-07-03T21:00:48.290536+00:00,119.3,200,bid,WavyWalnuts,YieldingYams,6188583
2026-07-03T21:00:50.492220,2026-07-03T21:00:50.502448+00:00,119.3,200,bid,YieldingYams,WavyWalnuts,6188619
2026-07-03T21:00:50.698853,2026-07-03T21:00:50.708326+00:00,119.3,200,ask,YieldingYams,WavyWalnuts,6188626
2026-07-03T21:00:54.174651,2026-07-03T21:00:54.178070+00:00,119.1,11,ask,YieldingYams,Xuanyu Liu,6188669
2026-07-03T21:00:54.352610,2026-07-03T21:00:54.356121+00:00,119.2,12,ask,WavyWalnuts,Xuanyu Liu,6188672
2026-07-03T21:00:55.568231,2026-07-03T21:00:55.579702+00:00,119.3,20,bid,BrilliantBurritos,YieldingYams,6188686
2026-07-03T21:00:57.292137,2026-07-03T21:00:57.295862+00:00,119.3,12,bid,Xuanyu Liu,YieldingYams,6188708
2026-07-03T21:00:57.854606,2026-07-03T21:00:57.858631+00:00,119.2,20,ask,WavyWalnuts,BrilliantBurritos,6188717
2026-07-03T21:00:59.045934,2026-07-03T21:00:59.063932+00:00,119.3,20,bid,BrilliantBurritos,WavyWalnuts,6188733
2026-07-03T21:00:59.166747,2026-07-03T21:00:59.175223+00:00,119.3,200,bid,WavyWalnuts,YieldingYams,6188738
2026-07-03T21:01:00.992624,2026-07-03T21:01:01.006410+00:00,119.4,200,bid,YieldingYams,WavyWalnuts,6188767
2026-07-03T21:01:01.012264,2026-07-03T21:01:01.015716+00:00,119.4,12,ask,YieldingYams,Xuanyu Liu,6188772
2026-07-03T21:01:01.584045,2026-07-03T21:01:01.590520+00:00,119.4,200,ask,YieldingYams,WavyWalnuts,6188781
2026-07-03T21:01:01.632982,2026-07-03T21:01:01.644679+00:00,119.6,20,bid,BrilliantBurritos,YieldingYams,6188782
2026-07-03T21:01:02.790513,2026-07-03T21:01:02.801550+00:00,119.3,200,bid,WavyWalnuts,YieldingYams,6188794
2026-07-03T21:01:03.092846,2026-07-03T21:01:03.104838+00:00,119.3,20,bid,BrilliantBurritos,YieldingYams,6188796
2026-07-03T21:01:04.923851,2026-07-03T21:01:04.933302+00:00,119.3,200,bid,YieldingYams,WavyWalnuts,6188815
2026-07-03T21:01:06.423966,2026-07-03T21:01:06.433819+00:00,119.3,200,bid,WavyWalnuts,YieldingYams,6188835
2026-07-03T21:01:07.634688,2026-07-03T21:01:07.646225+00:00,119.3,200,bid,WavyWalnuts,YieldingYams,6188852
2026-07-03T21:01:08.874429,2026-07-03T21:01:08.878047+00:00,119.2,11,ask,YieldingYams,Xuanyu Liu,6188873
2026-07-03T21:01:10.059904,2026-07-03T21:01:10.069105+00:00,119.2,200,ask,YieldingYams,WavyWalnuts,6188887
2026-07-03T21:01:12.010388,2026-07-03T21:01:12.022019+00:00,119.4,20,bid,BrilliantBurritos,WavyWalnuts,6188923
2026-07-03T21:01:13.692242,2026-07-03T21:01:13.701746+00:00,119.3,200,ask,YieldingYams,WavyWalnuts,6188943
2026-07-03T21:01:16.333051,2026-07-03T21:01:16.336711+00:00,119.1,23,ask,YieldingYams,Xuanyu Liu,6188978
2026-07-03T21:01:22.009748,2026-07-03T21:01:22.013382+00:00,119.3,11,ask,YieldingYams,Xuanyu Liu,6189051
2026-07-03T21:01:22.195889,2026-07-03T21:01:22.199516+00:00,119.4,12,ask,WavyWalnuts,Xuanyu Liu,6189053
2026-07-03T21:01:22.663579,2026-07-03T21:01:22.667181+00:00,119.5,34,bid,Xuanyu Liu,YieldingYams,6189065
2026-07-03T21:01:23.312515,2026-07-03T21:01:23.359945+00:00,119.4,188,ask,WavyWalnuts,YieldingYams,6189074
2026-07-03T21:01:23.356591,2026-07-03T21:01:23.359945+00:00,119.4,12,bid,Xuanyu Liu,YieldingYams,6189080
2026-07-03T21:01:24.605137,2026-07-03T21:01:24.611727+00:00,119.3,200,ask,AverageAlmonds,WavyWalnuts,6189096
2026-07-03T21:01:25.813483,2026-07-03T21:01:25.822566+00:00,119.3,200,ask,YieldingYams,WavyWalnuts,6189111
2026-07-03T21:01:27.244402,2026-07-03T21:01:27.268733+00:00,119.5,200,bid,YieldingYams,WavyWalnuts,6189128
2026-07-03T21:01:27.265135,2026-07-03T21:01:27.268733+00:00,119.5,23,ask,YieldingYams,Xuanyu Liu,6189130
2026-07-03T21:01:28.225953,2026-07-03T21:01:28.234669+00:00,119.5,200,ask,YieldingYams,WavyWalnuts,6189144
2026-07-03T21:01:28.576890,2026-07-03T21:01:28.580380+00:00,119.4,11,bid,Xuanyu Liu,YieldingYams,6189147
2026-07-03T21:01:32.995610,2026-07-03T21:01:33.002134+00:00,119.4,20,bid,BrilliantBurritos,WavyWalnuts,6189227
2026-07-03T21:01:33.078594,2026-07-03T21:01:33.085894+00:00,119.2,200,ask,YieldingYams,WavyWalnuts,6189232
2026-07-03T21:01:33.710288,2026-07-03T21:01:33.721925+00:00,119.5,20,bid,BrilliantBurritos,YieldingYams,6189241
2026-07-03T21:01:33.819277,2026-07-03T21:01:33.823167+00:00,119.3,23,bid,Xuanyu Liu,YieldingYams,6189244
2026-07-03T21:01:35.116677,2026-07-03T21:01:35.128215+00:00,119.2,200,ask,WavyWalnuts,YieldingYams,6189261
2026-07-03T21:01:35.134406,2026-07-03T21:01:35.137887+00:00,119.1,23,bid,Xuanyu Liu,YieldingYams,6189263
2026-07-03T21:01:37.735896,2026-07-03T21:01:37.759021+00:00,119.3,200,bid,YieldingYams,WavyWalnuts,6189289
2026-07-03T21:01:37.752982,2026-07-03T21:01:37.759021+00:00,119.3,11,ask,YieldingYams,Xuanyu Liu,6189292
2026-07-03T21:01:39.744428,2026-07-03T21:01:39.758614+00:00,119.4,20,ask,WavyWalnuts,BrilliantBurritos,6189319
2026-07-03T21:01:40.333350,2026-07-03T21:01:40.342162+00:00,119.5,200,bid,WavyWalnuts,AverageAlmonds,6189327
2026-07-03T21:01:41.539252,2026-07-03T21:01:41.550191+00:00,119.5,200,bid,WavyWalnuts,YieldingYams,6189353
2026-07-03T21:01:41.621051,2026-07-03T21:01:41.624870+00:00,119.5,11,bid,Xuanyu Liu,YieldingYams,6189356
2026-07-03T21:01:41.675409,2026-07-03T21:01:41.693642+00:00,119.6,500,bid,YieldingYams,AverageAlmonds,6189358
2026-07-03T21:01:42.095882,2026-07-03T21:01:42.103312+00:00,119.6,125,ask,YieldingYams,AverageAlmonds,6189365
2026-07-03T21:01:42.747585,2026-07-03T21:01:42.753824+00:00,119.6,200,bid,WavyWalnuts,AverageAlmonds,6189380
2026-07-03T21:01:43.973744,2026-07-03T21:01:43.981011+00:00,119.5,200,bid,WavyWalnuts,YieldingYams,6189398
2026-07-03T21:01:45.507564,2026-07-03T21:01:45.514041+00:00,119.5,20,bid,BrilliantBurritos,AverageAlmonds,6189421
2026-07-03T21:01:45.607873,2026-07-03T21:01:45.621992+00:00,119.5,480,bid,YieldingYams,AverageAlmonds,6189422
2026-07-03T21:01:45.607873,2026-07-03T21:01:45.621992+00:00,119.5,145,bid,YieldingYams,WavyWalnuts,6189423
2026-07-03T21:01:46.399485,2026-07-03T21:01:46.406794+00:00,119.6,200,bid,WavyWalnuts,AverageAlmonds,6189436
2026-07-03T21:01:46.943953,2026-07-03T21:01:46.949639+00:00,119.4,3,bid,Xuanyu Liu,YieldingYams,6189440
2026-07-03T21:01:52.608189,2026-07-03T21:01:52.618683+00:00,119.5,20,bid,BrilliantBurritos,YieldingYams,6189524
2026-07-03T21:01:56.090273,2026-07-03T21:01:56.099910+00:00,119.4,200,bid,WavyWalnuts,YieldingYams,6189567
2026-07-03T21:01:59.865311,2026-07-03T21:01:59.874286+00:00,119.4,20,ask,YieldingYams,BrilliantBurritos,6189621
2026-07-03T21:02:00.043836,2026-07-03T21:02:00.050471+00:00,119.5,200,bid,YieldingYams,WavyWalnuts,6189625
2026-07-03T21:02:00.599511,2026-07-03T21:02:00.603221+00:00,119.6,3,bid,Xuanyu Liu,AverageAlmonds,6189634
2026-07-03T21:02:00.611886,2026-07-03T21:02:00.618766+00:00,119.5,20,ask,YieldingYams,BrilliantBurritos,6189635
2026-07-03T21:02:01.160972,2026-07-03T21:02:01.169041+00:00,119.5,20,ask,YieldingYams,BrilliantBurritos,6189643
2026-07-03T21:02:03.347126,2026-07-03T21:02:03.353688+00:00,119.6,200,bid,WavyWalnuts,YieldingYams,6189666
2026-07-03T21:02:03.989999,2026-07-03T21:02:03.998435+00:00,119.6,500,bid,YieldingYams,AverageAlmonds,6189675
2026-07-03T21:02:04.004117,2026-07-03T21:02:04.007449+00:00,119.6,3,ask,YieldingYams,Xuanyu Liu,6189679
2026-07-03T21:02:04.054754,2026-07-03T21:02:04.061600+00:00,119.6,20,ask,YieldingYams,BrilliantBurritos,6189681
2026-07-03T21:02:04.512655,2026-07-03T21:02:04.520825+00:00,119.6,102,ask,YieldingYams,AverageAlmonds,6189687
2026-07-03T21:02:05.304743,2026-07-03T21:02:05.315319+00:00,119.5,200,ask,WavyWalnuts,YieldingYams,6189703
2026-07-03T21:02:05.762467,2026-07-03T21:02:05.771787+00:00,119.5,200,bid,WavyWalnuts,YieldingYams,6189707
2026-07-03T21:02:06.378356,2026-07-03T21:02:06.385006+00:00,119.5,20,bid,BrilliantBurritos,YieldingYams,6189712
2026-07-03T21:02:06.972904,2026-07-03T21:02:06.981185+00:00,119.5,200,ask,YieldingYams,WavyWalnuts,6189721
2026-07-03T21:02:09.406926,2026-07-03T21:02:09.417522+00:00,119.6,200,bid,WavyWalnuts,AverageAlmonds,6189763
2026-07-03T21:02:10.580835,2026-07-03T21:02:10.591326+00:00,119.5,500,ask,YieldingYams,AverageAlmonds,6189776
2026-07-03T21:02:10.617107,2026-07-03T21:02:10.624023+00:00,119.7,200,bid,WavyWalnuts,YieldingYams,6189777
2026-07-03T21:02:11.169688,2026-07-03T21:02:11.173539+00:00,119.5,125,ask,YieldingYams,AverageAlmonds,6189780
2026-07-03T21:02:11.826082,2026-07-03T21:02:11.834707+00:00,119.6,200,bid,WavyWalnuts,AverageAlmonds,6189795
2026-07-03T21:02:13.034712,2026-07-03T21:02:13.041858+00:00,119.5,200,bid,WavyWalnuts,YieldingYams,6189807
2026-07-03T21:02:14.242693,2026-07-03T21:02:14.252533+00:00,119.3,200,bid,WavyWalnuts,YieldingYams,6189827
2026-07-03T21:02:15.450754,2026-07-03T21:02:15.464124+00:00,119.3,200,bid,WavyWalnuts,YieldingYams,6189842
2026-07-03T21:02:19.766042,2026-07-03T21:02:19.775689+00:00,119.4,200,bid,YieldingYams,WavyWalnuts,6189893
2026-07-03T21:02:23.923553,2026-07-03T21:02:23.932218+00:00,119.5,200,bid,WavyWalnuts,YieldingYams,6189944
2026-07-03T21:02:26.933929,2026-07-03T21:02:26.944900+00:00,119.5,200,ask,WavyWalnuts,AverageAlmonds,6189987
2026-07-03T21:02:27.669741,2026-07-03T21:02:27.679416+00:00,119.4,500,bid,YieldingYams,AverageAlmonds,6190000
2026-07-03T21:02:28.129153,2026-07-03T21:02:28.139432+00:00,119.4,125,ask,YieldingYams,AverageAlmonds,6190008
2026-07-03T21:02:28.745269,2026-07-03T21:02:28.767436+00:00,119.3,200,ask,WavyWalnuts,AverageAlmonds,6190017
2026-07-03T21:02:28.764058,2026-07-03T21:02:28.767436+00:00,119.3,3,bid,Xuanyu Liu,AverageAlmonds,6190019
2026-07-03T21:02:28.976849,2026-07-03T21:02:28.987125+00:00,119.3,297,bid,YieldingYams,AverageAlmonds,6190021
2026-07-03T21:02:29.343757,2026-07-03T21:02:29.351457+00:00,119.3,328,ask,YieldingYams,AverageAlmonds,6190023
2026-07-03T21:02:31.602546,2026-07-03T21:02:31.614015+00:00,119.1,200,ask,WavyWalnuts,YieldingYams,6190049
2026-07-03T21:02:32.436453,2026-07-03T21:02:32.440262+00:00,119.0,3,ask,WavyWalnuts,Xuanyu Liu,6190065
2026-07-03T21:02:34.229256,2026-07-03T21:02:34.236412+00:00,119.1,200,ask,WavyWalnuts,YieldingYams,6190087
2026-07-03T21:02:34.838443,2026-07-03T21:02:34.845665+00:00,119.0,200,bid,WavyWalnuts,YieldingYams,6190092
2026-07-03T21:02:36.046022,2026-07-03T21:02:36.058624+00:00,119.0,200,bid,WavyWalnuts,YieldingYams,6190105
2026-07-03T21:02:40.790516,2026-07-03T21:02:40.797915+00:00,119.1,200,bid,YieldingYams,WavyWalnuts,6190166
2026-07-03T21:02:41.759463,2026-07-03T21:02:41.763343+00:00,119.1,3,ask,YieldingYams,Xuanyu Liu,6190182
2026-07-03T21:02:43.318424,2026-07-03T21:02:43.328567+00:00,119.0,200,ask,YieldingYams,WavyWalnuts,6190204
2026-07-03T21:02:44.919089,2026-07-03T21:02:44.922758+00:00,118.8,23,ask,WavyWalnuts,Xuanyu Liu,6190228
2026-07-03T21:02:45.737253,2026-07-03T21:02:45.745934+00:00,118.9,200,bid,WavyWalnuts,YieldingYams,6190245
2026-07-03T21:02:46.066479,2026-07-03T21:02:46.070000+00:00,118.9,11,ask,YieldingYams,Xuanyu Liu,6190250
2026-07-03T21:02:47.610514,2026-07-03T21:02:47.622151+00:00,118.8,20,ask,WavyWalnuts,BrilliantBurritos,6190277
2026-07-03T21:02:47.970006,2026-07-03T21:02:47.978170+00:00,118.9,20,bid,BrilliantBurritos,YieldingYams,6190280
2026-07-03T21:02:48.087361,2026-07-03T21:02:48.090860+00:00,118.9,11,bid,Xuanyu Liu,YieldingYams,6190283
2026-07-03T21:02:49.374578,2026-07-03T21:02:49.382758+00:00,118.8,200,ask,YieldingYams,WavyWalnuts,6190302
2026-07-03T21:02:51.248759,2026-07-03T21:02:51.252130+00:00,118.9,12,bid,Xuanyu Liu,YieldingYams,6190337
2026-07-03T21:02:53.004944,2026-07-03T21:02:53.006754+00:00,118.9,200,ask,YieldingYams,WavyWalnuts,6190349
2026-07-03T21:02:54.214370,2026-07-03T21:02:54.221854+00:00,118.8,200,ask,YieldingYams,WavyWalnuts,6190365
2026-07-03T21:02:55.427521,2026-07-03T21:02:55.438295+00:00,118.9,200,ask,YieldingYams,WavyWalnuts,6190380
2026-07-03T21:02:56.639822,2026-07-03T21:02:56.647739+00:00,118.8,200,ask,YieldingYams,WavyWalnuts,6190399
2026-07-03T21:02:58.412356,2026-07-03T21:02:58.418838+00:00,118.9,200,bid,AverageAlmonds,WavyWalnuts,6190427
2026-07-03T21:02:58.412356,2026-07-03T21:02:58.424288+00:00,118.9,300,bid,AverageAlmonds,YieldingYams,6190428
2026-07-03T21:02:59.005170,2026-07-03T21:02:59.016092+00:00,118.9,325,bid,AverageAlmonds,YieldingYams,6190435
2026-07-03T21:03:01.494347,2026-07-03T21:03:01.497682+00:00,119.0,12,ask,WavyWalnuts,Xuanyu Liu,6190467
2026-07-03T21:03:01.794178,2026-07-03T21:03:01.801351+00:00,119.0,188,ask,WavyWalnuts,YieldingYams,6190471
2026-07-03T21:03:02.693738,2026-07-03T21:03:02.702273+00:00,119.0,200,bid,WavyWalnuts,YieldingYams,6190484
2026-07-03T21:03:04.414725,2026-07-03T21:03:04.421099+00:00,119.1,200,bid,YieldingYams,WavyWalnuts,6190505
2026-07-03T21:03:04.431788,2026-07-03T21:03:04.435189+00:00,119.2,11,ask,YieldingYams,Xuanyu Liu,6190507
2026-07-03T21:03:04.561778,2026-07-03T21:03:04.573349+00:00,119.2,20,ask,YieldingYams,BrilliantBurritos,6190511
2026-07-03T21:03:05.123773,2026-07-03T21:03:05.134094+00:00,119.2,200,ask,YieldingYams,WavyWalnuts,6190520
2026-07-03T21:03:08.750361,2026-07-03T21:03:08.758629+00:00,119.1,200,bid,WavyWalnuts,YieldingYams,6190561
2026-07-03T21:03:08.949717,2026-07-03T21:03:08.958562+00:00,118.9,20,ask,YieldingYams,BrilliantBurritos,6190565
2026-07-03T21:03:09.958434,2026-07-03T21:03:09.969991+00:00,119.2,200,bid,WavyWalnuts,YieldingYams,6190587
2026-07-03T21:03:10.975859,2026-07-03T21:03:10.978981+00:00,119.2,23,ask,YieldingYams,Xuanyu Liu,6190597
2026-07-03T21:03:11.180225,2026-07-03T21:03:11.183815+00:00,119.3,11,ask,WavyWalnuts,Xuanyu Liu,6190603
2026-07-03T21:03:13.330797,2026-07-03T21:03:13.334511+00:00,119.5,22,bid,Xuanyu Liu,YieldingYams,6190632
2026-07-03T21:03:13.620239,2026-07-03T21:03:13.624209+00:00,119.4,12,bid,Xuanyu Liu,YieldingYams,6190641
2026-07-03T21:03:14.911548,2026-07-03T21:03:14.935616+00:00,119.4,200,bid,YieldingYams,WavyWalnuts,6190660
2026-07-03T21:03:14.932143,2026-07-03T21:03:14.935616+00:00,119.4,23,ask,YieldingYams,Xuanyu Liu,6190665
2026-07-03T21:03:18.447374,2026-07-03T21:03:18.458611+00:00,119.3,200,ask,YieldingYams,WavyWalnuts,6190705
2026-07-03T21:03:20.863933,2026-07-03T21:03:20.871998+00:00,119.4,200,bid,WavyWalnuts,YieldingYams,6190732
2026-07-03T21:03:21.479401,2026-07-03T21:03:21.482401+00:00,119.3,11,ask,YieldingYams,Xuanyu Liu,6190741
2026-07-03T21:03:22.789365,2026-07-03T21:03:22.793232+00:00,119.4,12,ask,YieldingYams,Xuanyu Liu,6190755
2026-07-03T21:03:24.083595,2026-07-03T21:03:24.101873+00:00,119.5,500,bid,YieldingYams,AverageAlmonds,6190782
2026-07-03T21:03:24.098152,2026-07-03T21:03:24.101873+00:00,119.5,11,ask,YieldingYams,Xuanyu Liu,6190784
2026-07-03T21:03:24.444737,2026-07-03T21:03:24.463729+00:00,119.5,114,ask,YieldingYams,AverageAlmonds,6190787
2026-07-03T21:03:25.397978,2026-07-03T21:03:25.407933+00:00,119.3,200,ask,WavyWalnuts,YieldingYams,6190803
2026-07-03T21:03:25.690305,2026-07-03T21:03:25.706657+00:00,119.2,200,bid,WavyWalnuts,YieldingYams,6190811
2026-07-03T21:03:25.974912,2026-07-03T21:03:25.979108+00:00,119.2,11,bid,Xuanyu Liu,YieldingYams,6190815
2026-07-03T21:03:26.706218,2026-07-03T21:03:26.716342+00:00,119.5,200,bid,YieldingYams,WavyWalnuts,6190828
2026-07-03T21:03:29.185005,2026-07-03T21:03:29.188649+00:00,119.5,23,bid,Xuanyu Liu,AverageAlmonds,6190865
2026-07-03T21:03:30.550141,2026-07-03T21:03:30.558577+00:00,119.5,200,bid,WavyWalnuts,AverageAlmonds,6190886
2026-07-03T21:03:31.101171,2026-07-03T21:03:31.108669+00:00,119.4,500,ask,YieldingYams,AverageAlmonds,6190893
2026-07-03T21:03:31.695516,2026-07-03T21:03:31.705756+00:00,119.4,125,ask,YieldingYams,AverageAlmonds,6190895
2026-07-03T21:03:31.757948,2026-07-03T21:03:31.769246+00:00,119.4,200,bid,WavyWalnuts,AverageAlmonds,6190897
2026-07-03T21:03:32.972914,2026-07-03T21:03:32.979635+00:00,119.4,200,bid,WavyWalnuts,YieldingYams,6190916
2026-07-03T21:03:34.739665,2026-07-03T21:03:34.750801+00:00,119.3,200,ask,WavyWalnuts,AverageAlmonds,6190941
2026-07-03T21:03:34.739665,2026-07-03T21:03:34.750801+00:00,119.3,300,ask,YieldingYams,AverageAlmonds,6190942
2026-07-03T21:03:35.334792,2026-07-03T21:03:35.343489+00:00,119.3,325,ask,YieldingYams,AverageAlmonds,6190951
2026-07-03T21:03:35.883471,2026-07-03T21:03:35.889889+00:00,119.1,200,ask,WavyWalnuts,YieldingYams,6190958
2026-07-03T21:03:35.904103,2026-07-03T21:03:35.908318+00:00,119.1,11,bid,Xuanyu Liu,YieldingYams,6190961
2026-07-03T21:03:36.589732,2026-07-03T21:03:36.601265+00:00,119.1,200,bid,WavyWalnuts,YieldingYams,6190972
2026-07-03T21:03:37.194862,2026-07-03T21:03:37.202628+00:00,119.2,500,bid,YieldingYams,AverageAlmonds,6190980
2026-07-03T21:03:37.220159,2026-07-03T21:03:37.223568+00:00,119.2,11,ask,YieldingYams,Xuanyu Liu,6190986
2026-07-03T21:03:37.748151,2026-07-03T21:03:37.758613+00:00,119.2,114,ask,YieldingYams,AverageAlmonds,6190993
2026-07-03T21:03:37.796585,2026-07-03T21:03:37.805932+00:00,119.1,200,bid,WavyWalnuts,AverageAlmonds,6190995
2026-07-03T21:03:39.007468,2026-07-03T21:03:39.017274+00:00,119.0,200,bid,WavyWalnuts,YieldingYams,6191009
2026-07-03T21:03:40.218157,2026-07-03T21:03:40.229713+00:00,118.9,200,bid,WavyWalnuts,YieldingYams,6191027
2026-07-03T21:03:41.428332,2026-07-03T21:03:41.436971+00:00,118.9,200,bid,WavyWalnuts,YieldingYams,6191046
2026-07-03T21:03:43.760054,2026-07-03T21:03:43.768739+00:00,118.9,200,ask,WavyWalnuts,YieldingYams,6191078
2026-07-03T21:03:43.783288,2026-07-03T21:03:43.786860+00:00,118.9,11,bid,Xuanyu Liu,YieldingYams,6191083
2026-07-03T21:03:44.880019,2026-07-03T21:03:44.888306+00:00,118.9,20,bid,BrilliantBurritos,YieldingYams,6191101
2026-07-03T21:03:47.490920,2026-07-03T21:03:47.502250+00:00,118.9,200,ask,YieldingYams,WavyWalnuts,6191141
2026-07-03T21:03:48.105603,2026-07-03T21:03:48.110246+00:00,119.0,12,bid,Xuanyu Liu,YieldingYams,6191150
2026-07-03T21:03:48.715014,2026-07-03T21:03:48.718622+00:00,118.9,11,bid,Xuanyu Liu,WavyWalnuts,6191159
2026-07-03T21:03:49.021782,2026-07-03T21:03:49.031553+00:00,118.9,189,bid,YieldingYams,WavyWalnuts,6191169
2026-07-03T21:03:53.539222,2026-07-03T21:03:53.546055+00:00,119.0,200,bid,WavyWalnuts,YieldingYams,6191244
2026-07-03T21:03:57.647355,2026-07-03T21:03:57.651052+00:00,119.0,11,ask,YieldingYams,Xuanyu Liu,6191296
2026-07-03T21:03:58.226894,2026-07-03T21:03:58.230626+00:00,119.1,12,ask,YieldingYams,Xuanyu Liu,6191304
2026-07-03T21:03:59.526862,2026-07-03T21:03:59.534247+00:00,119.2,200,bid,YieldingYams,WavyWalnuts,6191317
2026-07-03T21:03:59.544826,2026-07-03T21:03:59.548435+00:00,119.2,11,ask,YieldingYams,Xuanyu Liu,6191319
2026-07-03T21:03:59.620455,2026-07-03T21:03:59.629369+00:00,119.2,200,ask,YieldingYams,WavyWalnuts,6191323
2026-07-03T21:04:00.781286,2026-07-03T21:04:00.790719+00:00,119.2,20,ask,YieldingYams,BrilliantBurritos,6191342
2026-07-03T21:04:00.831850,2026-07-03T21:04:00.841268+00:00,119.2,194,ask,YieldingYams,WavyWalnuts,6191343
2026-07-03T21:04:01.957617,2026-07-03T21:04:01.967159+00:00,119.1,20,bid,BrilliantBurritos,YieldingYams,6191360
2026-07-03T21:04:02.044152,2026-07-03T21:04:02.052039+00:00,119.1,200,bid,WavyWalnuts,YieldingYams,6191362
2026-07-03T21:04:03.972391,2026-07-03T21:04:03.976292+00:00,119.1,11,ask,WavyWalnuts,Xuanyu Liu,6191396
2026-07-03T21:04:04.467520,2026-07-03T21:04:04.474469+00:00,119.2,200,bid,WavyWalnuts,YieldingYams,6191403
2026-07-03T21:04:05.176631,2026-07-03T21:04:05.183399+00:00,119.2,20,bid,BrilliantBurritos,YieldingYams,6191416
2026-07-03T21:04:08.711422,2026-07-03T21:04:08.722537+00:00,119.0,200,ask,WavyWalnuts,YieldingYams,6191464
2026-07-03T21:04:08.799886,2026-07-03T21:04:08.811281+00:00,119.0,20,bid,BrilliantBurritos,YieldingYams,6191466
2026-07-03T21:04:11.733810,2026-07-03T21:04:11.742093+00:00,118.8,200,ask,AverageAlmonds,WavyWalnuts,6191495
2026-07-03T21:04:12.253324,2026-07-03T21:04:12.263954+00:00,118.9,20,bid,BrilliantBurritos,YieldingYams,6191502
2026-07-03T21:04:12.273656,2026-07-03T21:04:12.284886+00:00,118.9,500,bid,AverageAlmonds,YieldingYams,6191504
2026-07-03T21:04:14.152193,2026-07-03T21:04:14.158606+00:00,119.0,200,ask,YieldingYams,WavyWalnuts,6191527
2026-07-03T21:04:15.285880,2026-07-03T21:04:15.289364+00:00,119.1,11,bid,Xuanyu Liu,YieldingYams,6191545
2026-07-03T21:04:16.169860,2026-07-03T21:04:16.181376+00:00,118.9,20,ask,YieldingYams,BrilliantBurritos,6191566
2026-07-03T21:04:17.773710,2026-07-03T21:04:17.781976+00:00,119.1,200,bid,WavyWalnuts,YieldingYams,6191586
2026-07-03T21:04:20.190039,2026-07-03T21:04:20.198263+00:00,119.2,200,bid,WavyWalnuts,YieldingYams,6191619
2026-07-03T21:04:21.398156,2026-07-03T21:04:21.406154+00:00,119.2,200,bid,WavyWalnuts,YieldingYams,6191634
2026-07-03T21:04:23.148726,2026-07-03T21:04:23.197175+00:00,119.1,200,ask,WavyWalnuts,YieldingYams,6191664
2026-07-03T21:04:23.799097,2026-07-03T21:04:23.808238+00:00,118.9,20,ask,YieldingYams,BrilliantBurritos,6191674
2026-07-03T21:04:25.206273,2026-07-03T21:04:25.217950+00:00,119.1,20,ask,YieldingYams,BrilliantBurritos,6191692
2026-07-03T21:04:26.049744,2026-07-03T21:04:26.053984+00:00,119.3,11,bid,Xuanyu Liu,WavyWalnuts,6191708
2026-07-03T21:04:26.251857,2026-07-03T21:04:26.255932+00:00,119.2,12,bid,Xuanyu Liu,WavyWalnuts,6191713
2026-07-03T21:04:26.695439,2026-07-03T21:04:26.706876+00:00,119.2,20,bid,BrilliantBurritos,WavyWalnuts,6191717
2026-07-03T21:04:27.464008,2026-07-03T21:04:27.467478+00:00,119.1,11,bid,Xuanyu Liu,WavyWalnuts,6191729
2026-07-03T21:04:28.392382,2026-07-03T21:04:28.395695+00:00,119.1,189,bid,YieldingYams,WavyWalnuts,6191740
2026-07-03T21:04:29.105102,2026-07-03T21:04:29.116765+00:00,119.2,20,bid,BrilliantBurritos,WavyWalnuts,6191757
2026-07-03T21:04:29.270562,2026-07-03T21:04:29.273968+00:00,119.1,11,ask,YieldingYams,Xuanyu Liu,6191762
2026-07-03T21:04:29.616176,2026-07-03T21:04:29.624749+00:00,119.1,20,ask,YieldingYams,BrilliantBurritos,6191766
2026-07-03T21:04:31.020722,2026-07-03T21:04:31.028883+00:00,119.1,200,ask,WavyWalnuts,YieldingYams,6191792
2026-07-03T21:04:33.505389,2026-07-03T21:04:33.512742+00:00,119.1,200,bid,WavyWalnuts,YieldingYams,6191842
2026-07-03T21:04:34.568844,2026-07-03T21:04:34.580425+00:00,119.0,20,ask,YieldingYams,BrilliantBurritos,6191853
2026-07-03T21:04:37.142541,2026-07-03T21:04:37.148471+00:00,119.0,200,ask,YieldingYams,WavyWalnuts,6191881
2026-07-03T21:04:38.350660,2026-07-03T21:04:38.358559+00:00,118.9,200,ask,YieldingYams,WavyWalnuts,6191904
2026-07-03T21:04:38.697222,2026-07-03T21:04:38.701342+00:00,119.2,11,bid,Xuanyu Liu,YieldingYams,6191907
2026-07-03T21:04:38.911232,2026-07-03T21:04:38.914635+00:00,118.9,26,bid,Xuanyu Liu,YieldingYams,6191911
2026-07-03T21:04:39.556610,2026-07-03T21:04:39.563828+00:00,118.9,200,bid,WavyWalnuts,YieldingYams,6191923
2026-07-03T21:04:43.188671,2026-07-03T21:04:43.197334+00:00,118.7,200,ask,AverageAlmonds,WavyWalnuts,6191973
2026-07-03T21:04:45.436689,2026-07-03T21:04:45.444556+00:00,118.8,200,bid,YieldingYams,WavyWalnuts,6191999
2026-07-03T21:04:45.455901,2026-07-03T21:04:45.460223+00:00,118.8,3,ask,YieldingYams,Xuanyu Liu,6192002
2026-07-03T21:04:46.834938,2026-07-03T21:04:46.838469+00:00,118.9,11,ask,WavyWalnuts,Xuanyu Liu,6192017
2026-07-03T21:04:48.064305,2026-07-03T21:04:48.090838+00:00,119.1,200,bid,YieldingYams,WavyWalnuts,6192032
2026-07-03T21:04:48.085976,2026-07-03T21:04:48.090838+00:00,119.1,23,ask,YieldingYams,Xuanyu Liu,6192034
2026-07-03T21:04:48.255790,2026-07-03T21:04:48.259199+00:00,119.3,23,bid,Xuanyu Liu,YieldingYams,6192039
2026-07-03T21:04:49.270427,2026-07-03T21:04:49.273849+00:00,119.2,11,bid,Xuanyu Liu,WavyWalnuts,6192057
2026-07-03T21:04:50.462356,2026-07-03T21:04:50.469355+00:00,119.1,200,ask,YieldingYams,WavyWalnuts,6192071
2026-07-03T21:04:51.592563,2026-07-03T21:04:51.604392+00:00,119.4,20,bid,BrilliantBurritos,AverageAlmonds,6192084
2026-07-03T21:04:51.673057,2026-07-03T21:04:51.683776+00:00,119.3,200,ask,YieldingYams,WavyWalnuts,6192086
2026-07-03T21:04:54.091250,2026-07-03T21:04:54.100535+00:00,119.3,200,bid,WavyWalnuts,YieldingYams,6192120
2026-07-03T21:04:54.670232,2026-07-03T21:04:54.673826+00:00,119.2,11,ask,YieldingYams,Xuanyu Liu,6192128
2026-07-03T21:04:55.301333,2026-07-03T21:04:55.311205+00:00,119.3,200,bid,WavyWalnuts,AverageAlmonds,6192137
2026-07-03T21:04:56.508984,2026-07-03T21:04:56.518284+00:00,119.2,200,bid,WavyWalnuts,YieldingYams,6192153
2026-07-03T21:04:57.716100,2026-07-03T21:04:57.725998+00:00,119.2,200,bid,WavyWalnuts,YieldingYams,6192167
2026-07-03T21:04:59.882584,2026-07-03T21:04:59.892242+00:00,119.2,200,ask,WavyWalnuts,YieldingYams,6192201
2026-07-03T21:05:03.862468,2026-07-03T21:05:03.869558+00:00,119.3,500,bid,YieldingYams,AverageAlmonds,6192262
2026-07-03T21:05:03.862468,2026-07-03T21:05:03.874779+00:00,119.4,125,bid,YieldingYams,WavyWalnuts,6192263
2026-07-03T21:05:08.635169,2026-07-03T21:05:08.642429+00:00,119.2,200,bid,WavyWalnuts,YieldingYams,6192331
2026-07-03T21:05:09.842746,2026-07-03T21:05:09.858572+00:00,119.1,200,bid,WavyWalnuts,YieldingYams,6192355
2026-07-03T21:05:11.739606,2026-07-03T21:05:11.750520+00:00,119.2,200,ask,WavyWalnuts,YieldingYams,6192373
2026-07-03T21:05:12.007637,2026-07-03T21:05:12.016408+00:00,119.0,20,ask,YieldingYams,BrilliantBurritos,6192379
2026-07-03T21:05:14.020968,2026-07-03T21:05:14.027556+00:00,119.1,500,ask,YieldingYams,AverageAlmonds,6192402
2026-07-03T21:05:14.364212,2026-07-03T21:05:14.384132+00:00,119.1,200,ask,WavyWalnuts,YieldingYams,6192412
2026-07-03T21:05:14.380375,2026-07-03T21:05:14.384132+00:00,119.0,11,bid,Xuanyu Liu,YieldingYams,6192414
2026-07-03T21:05:14.674085,2026-07-03T21:05:14.687781+00:00,119.0,200,bid,WavyWalnuts,YieldingYams,6192417
2026-07-03T21:05:15.041296,2026-07-03T21:05:15.052927+00:00,118.8,20,ask,YieldingYams,BrilliantBurritos,6192423
2026-07-03T21:05:16.717868,2026-07-03T21:05:16.722527+00:00,119.0,11,ask,YieldingYams,Xuanyu Liu,6192445
2026-07-03T21:05:17.097702,2026-07-03T21:05:17.106568+00:00,119.0,200,ask,YieldingYams,WavyWalnuts,6192449
2026-07-03T21:05:20.741994,2026-07-03T21:05:20.752531+00:00,119.0,200,bid,WavyWalnuts,YieldingYams,6192497
2026-07-03T21:05:21.949708,2026-07-03T21:05:21.959206+00:00,119.0,200,bid,WavyWalnuts,YieldingYams,6192510
2026-07-03T21:05:28.821286,2026-07-03T21:05:28.831194+00:00,118.9,200,ask,WavyWalnuts,YieldingYams,6192584
2026-07-03T21:05:29.221081,2026-07-03T21:05:29.228869+00:00,118.9,200,bid,WavyWalnuts,YieldingYams,6192593
2026-07-03T21:05:29.659814,2026-07-03T21:05:29.667782+00:00,118.7,20,ask,YieldingYams,BrilliantBurritos,6192598
2026-07-03T21:05:30.433848,2026-07-03T21:05:30.458588+00:00,118.9,200,ask,AverageAlmonds,WavyWalnuts,6192609
2026-07-03T21:05:31.648132,2026-07-03T21:05:31.658609+00:00,118.9,200,ask,YieldingYams,WavyWalnuts,6192629
2026-07-03T21:05:32.856223,2026-07-03T21:05:32.858560+00:00,119.1,200,bid,WavyWalnuts,YieldingYams,6192649
2026-07-03T21:05:35.289221,2026-07-03T21:05:35.296232+00:00,119.1,200,bid,WavyWalnuts,YieldingYams,6192679
2026-07-03T21:05:38.869546,2026-07-03T21:05:38.873764+00:00,119.3,14,bid,Xuanyu Liu,WavyWalnuts,6192729
2026-07-03T21:05:42.571978,2026-07-03T21:05:42.575631+00:00,119.3,3,bid,Xuanyu Liu,WavyWalnuts,6192776
2026-07-03T21:05:43.768570,2026-07-03T21:05:43.779764+00:00,119.2,200,ask,YieldingYams,WavyWalnuts,6192787
2026-07-03T21:05:44.953391,2026-07-03T21:05:44.965001+00:00,119.3,20,bid,BrilliantBurritos,YieldingYams,6192803
2026-07-03T21:05:49.251967,2026-07-03T21:05:49.263885+00:00,119.2,20,bid,BrilliantBurritos,YieldingYams,6192873
2026-07-03T21:05:49.803369,2026-07-03T21:05:49.807373+00:00,119.1,11,bid,Xuanyu Liu,YieldingYams,6192882
2026-07-03T21:05:49.827521,2026-07-03T21:05:49.838923+00:00,119.1,200,bid,WavyWalnuts,YieldingYams,6192885
2026-07-03T21:05:54.617280,2026-07-03T21:05:54.620844+00:00,119.1,12,bid,Xuanyu Liu,WavyWalnuts,6192953
2026-07-03T21:05:54.674124,2026-07-03T21:05:54.681945+00:00,119.0,200,ask,YieldingYams,WavyWalnuts,6192954
2026-07-03T21:05:55.070475,2026-07-03T21:05:55.074747+00:00,119.0,11,bid,Xuanyu Liu,YieldingYams,6192961
2026-07-03T21:05:57.652386,2026-07-03T21:05:57.658609+00:00,119.1,20,bid,BrilliantBurritos,WavyWalnuts,6192986
2026-07-03T21:05:59.481152,2026-07-03T21:05:59.492613+00:00,118.8,20,ask,WavyWalnuts,BrilliantBurritos,6193007
2026-07-03T21:05:59.518486,2026-07-03T21:05:59.529297+00:00,118.8,200,ask,YieldingYams,WavyWalnuts,6193011
2026-07-03T21:06:00.726590,2026-07-03T21:06:00.735136+00:00,118.9,200,ask,YieldingYams,WavyWalnuts,6193027
2026-07-03T21:06:00.939691,2026-07-03T21:06:00.943532+00:00,119.1,12,bid,Xuanyu Liu,YieldingYams,6193029
2026-07-03T21:06:01.620029,2026-07-03T21:06:01.633745+00:00,119.0,11,bid,Xuanyu Liu,YieldingYams,6193044
2026-07-03T21:06:01.936294,2026-07-03T21:06:01.947959+00:00,118.8,200,ask,YieldingYams,WavyWalnuts,6193050
2026-07-03T21:06:03.145576,2026-07-03T21:06:03.158626+00:00,118.7,200,ask,YieldingYams,WavyWalnuts,6193061
2026-07-03T21:06:05.686865,2026-07-03T21:06:05.690470+00:00,118.9,11,bid,Xuanyu Liu,YieldingYams,6193092
2026-07-03T21:06:06.789835,2026-07-03T21:06:06.793178+00:00,118.8,12,bid,Xuanyu Liu,WavyWalnuts,6193109
2026-07-03T21:06:06.830804,2026-07-03T21:06:06.837989+00:00,118.7,500,ask,AverageAlmonds,YieldingYams,6193110
2026-07-03T21:06:06.847560,2026-07-03T21:06:06.854441+00:00,118.6,20,ask,WavyWalnuts,BrilliantBurritos,6193114
2026-07-03T21:06:06.851227,2026-07-03T21:06:06.854441+00:00,118.7,11,bid,Xuanyu Liu,YieldingYams,6193115
2026-07-03T21:06:07.318143,2026-07-03T21:06:07.321533+00:00,118.6,11,ask,WavyWalnuts,Xuanyu Liu,6193119
2026-07-03T21:06:07.985255,2026-07-03T21:06:07.996363+00:00,118.7,114,bid,WavyWalnuts,YieldingYams,6193141
2026-07-03T21:06:08.002172,2026-07-03T21:06:08.005499+00:00,118.8,23,ask,WavyWalnuts,Xuanyu Liu,6193143
2026-07-03T21:06:09.199966,2026-07-03T21:06:09.207608+00:00,118.8,200,ask,YieldingYams,WavyWalnuts,6193160
2026-07-03T21:06:10.751278,2026-07-03T21:06:10.769539+00:00,118.8,200,ask,WavyWalnuts,YieldingYams,6193177
2026-07-03T21:06:10.765965,2026-07-03T21:06:10.769539+00:00,118.8,11,bid,Xuanyu Liu,YieldingYams,6193180
2026-07-03T21:06:11.639936,2026-07-03T21:06:11.643620+00:00,118.7,12,bid,Xuanyu Liu,WavyWalnuts,6193193
2026-07-03T21:06:12.058607,2026-07-03T21:06:12.077334+00:00,118.7,188,bid,YieldingYams,WavyWalnuts,6193203
2026-07-03T21:06:12.073802,2026-07-03T21:06:12.077334+00:00,118.7,12,ask,YieldingYams,Xuanyu Liu,6193207
2026-07-03T21:06:12.093566,2026-07-03T21:06:12.097479+00:00,118.7,11,ask,YieldingYams,Xuanyu Liu,6193210
2026-07-03T21:06:12.321048,2026-07-03T21:06:12.332582+00:00,118.7,20,ask,YieldingYams,BrilliantBurritos,6193213
2026-07-03T21:06:13.368697,2026-07-03T21:06:13.380361+00:00,118.7,200,ask,WavyWalnuts,YieldingYams,6193223
2026-07-03T21:06:14.045554,2026-07-03T21:06:14.052674+00:00,118.6,200,ask,AverageAlmonds,WavyWalnuts,6193239
2026-07-03T21:06:15.257963,2026-07-03T21:06:15.269358+00:00,118.6,200,ask,YieldingYams,WavyWalnuts,6193251
2026-07-03T21:06:15.989553,2026-07-03T21:06:15.998419+00:00,118.7,500,ask,AverageAlmonds,YieldingYams,6193261
2026-07-03T21:06:16.988229,2026-07-03T21:06:17.000047+00:00,118.7,125,bid,AverageAlmonds,YieldingYams,6193275
2026-07-03T21:06:16.988229,2026-07-03T21:06:17.000047+00:00,118.7,200,bid,AverageAlmonds,WavyWalnuts,6193276
2026-07-03T21:06:17.307176,2026-07-03T21:06:17.310573+00:00,118.9,11,ask,YieldingYams,Xuanyu Liu,6193282
2026-07-03T21:06:17.677399,2026-07-03T21:06:17.684055+00:00,118.9,200,ask,YieldingYams,WavyWalnuts,6193289
2026-07-03T21:06:20.096354,2026-07-03T21:06:20.104343+00:00,118.6,200,ask,YieldingYams,WavyWalnuts,6193334
2026-07-03T21:06:21.308927,2026-07-03T21:06:21.316927+00:00,118.7,200,ask,AverageAlmonds,WavyWalnuts,6193351
2026-07-03T21:06:22.560785,2026-07-03T21:06:22.568792+00:00,118.7,500,ask,AverageAlmonds,YieldingYams,6193363
2026-07-03T21:06:22.560785,2026-07-03T21:06:22.568792+00:00,118.6,125,ask,WavyWalnuts,YieldingYams,6193364
2026-07-03T21:06:23.072322,2026-07-03T21:06:23.075874+00:00,118.8,12,ask,AverageAlmonds,Xuanyu Liu,6193368
2026-07-03T21:06:23.729462,2026-07-03T21:06:23.738121+00:00,118.8,200,ask,AverageAlmonds,WavyWalnuts,6193376
2026-07-03T21:06:24.850436,2026-07-03T21:06:24.856009+00:00,118.9,500,bid,AverageAlmonds,YieldingYams,6193396
2026-07-03T21:06:25.176361,2026-07-03T21:06:25.183705+00:00,118.8,200,bid,YieldingYams,WavyWalnuts,6193400
2026-07-03T21:06:26.142848,2026-07-03T21:06:26.151098+00:00,119.0,200,ask,YieldingYams,WavyWalnuts,6193413
2026-07-03T21:06:26.485584,2026-07-03T21:06:26.495655+00:00,119.0,500,ask,AverageAlmonds,YieldingYams,6193416
2026-07-03T21:06:26.651176,2026-07-03T21:06:26.658578+00:00,118.9,125,bid,AverageAlmonds,YieldingYams,6193418
2026-07-03T21:06:27.350817,2026-07-03T21:06:27.358587+00:00,118.9,200,ask,AverageAlmonds,WavyWalnuts,6193432
2026-07-03T21:06:28.559117,2026-07-03T21:06:28.566358+00:00,119.1,200,ask,YieldingYams,WavyWalnuts,6193455
2026-07-03T21:06:29.767399,2026-07-03T21:06:29.774448+00:00,119.0,200,ask,YieldingYams,WavyWalnuts,6193473
2026-07-03T21:06:30.978677,2026-07-03T21:06:30.987692+00:00,118.9,200,ask,AverageAlmonds,WavyWalnuts,6193484
2026-07-03T21:06:31.507692,2026-07-03T21:06:31.512807+00:00,119.0,500,bid,AverageAlmonds,YieldingYams,6193489
2026-07-03T21:06:32.129940,2026-07-03T21:06:32.133419+00:00,119.0,11,ask,AverageAlmonds,Xuanyu Liu,6193499
2026-07-03T21:06:32.186702,2026-07-03T21:06:32.194106+00:00,119.0,200,ask,AverageAlmonds,WavyWalnuts,6193501
2026-07-03T21:06:32.622882,2026-07-03T21:06:32.626359+00:00,119.0,12,ask,AverageAlmonds,Xuanyu Liu,6193508
2026-07-03T21:06:33.397729,2026-07-03T21:06:33.404612+00:00,118.9,200,ask,YieldingYams,WavyWalnuts,6193516
2026-07-03T21:06:34.604989,2026-07-03T21:06:34.612654+00:00,118.9,200,ask,YieldingYams,WavyWalnuts,6193533
2026-07-03T21:06:35.791320,2026-07-03T21:06:35.795194+00:00,118.9,11,ask,YieldingYams,Xuanyu Liu,6193545
2026-07-03T21:06:35.813028,2026-07-03T21:06:35.820243+00:00,118.9,200,ask,YieldingYams,WavyWalnuts,6193546
2026-07-03T21:06:35.871936,2026-07-03T21:06:35.883448+00:00,118.9,20,ask,YieldingYams,BrilliantBurritos,6193550
2026-07-03T21:06:37.021394,2026-07-03T21:06:37.029894+00:00,118.9,200,ask,YieldingYams,WavyWalnuts,6193564
2026-07-03T21:06:37.036557,2026-07-03T21:06:37.045650+00:00,118.9,500,ask,AverageAlmonds,YieldingYams,6193567
2026-07-03T21:06:38.346497,2026-07-03T21:06:38.367410+00:00,118.9,200,bid,YieldingYams,WavyWalnuts,6193587
2026-07-03T21:06:38.363991,2026-07-03T21:06:38.367410+00:00,119.0,3,ask,YieldingYams,Xuanyu Liu,6193589
2026-07-03T21:06:38.967051,2026-07-03T21:06:38.978690+00:00,119.2,20,bid,BrilliantBurritos,YieldingYams,6193597
2026-07-03T21:06:39.437878,2026-07-03T21:06:39.458599+00:00,119.0,200,ask,YieldingYams,WavyWalnuts,6193605
2026-07-03T21:06:45.504652,2026-07-03T21:06:45.507938+00:00,119.0,3,bid,Xuanyu Liu,WavyWalnuts,6193693
2026-07-03T21:06:46.694332,2026-07-03T21:06:46.702437+00:00,118.9,200,ask,YieldingYams,WavyWalnuts,6193715
2026-07-03T21:06:47.902197,2026-07-03T21:06:47.910015+00:00,119.0,200,ask,YieldingYams,WavyWalnuts,6193725
2026-07-03T21:06:50.318135,2026-07-03T21:06:50.329781+00:00,118.9,200,ask,YieldingYams,WavyWalnuts,6193769
2026-07-03T21:06:51.524138,2026-07-03T21:06:51.533351+00:00,118.8,200,bid,WavyWalnuts,YieldingYams,6193780
2026-07-03T21:06:54.081848,2026-07-03T21:06:54.088667+00:00,118.9,200,bid,YieldingYams,WavyWalnuts,6193818
2026-07-03T21:06:56.360725,2026-07-03T21:06:56.369042+00:00,119.0,200,bid,WavyWalnuts,YieldingYams,6193852
2026-07-03T21:06:57.569210,2026-07-03T21:06:57.580133+00:00,119.1,200,ask,YieldingYams,WavyWalnuts,6193876
2026-07-03T21:06:59.469710,2026-07-03T21:06:59.472799+00:00,119.2,11,bid,Xuanyu Liu,WavyWalnuts,6193908
2026-07-03T21:06:59.999389,2026-07-03T21:07:00.006369+00:00,119.1,200,ask,YieldingYams,WavyWalnuts,6193923
2026-07-03T21:07:01.209032,2026-07-03T21:07:01.220096+00:00,119.1,200,ask,YieldingYams,WavyWalnuts,6193939
2026-07-03T21:07:05.903077,2026-07-03T21:07:05.910769+00:00,119.2,500,bid,YieldingYams,AverageAlmonds,6193990
2026-07-03T21:07:06.015197,2026-07-03T21:07:06.023246+00:00,119.2,125,ask,YieldingYams,AverageAlmonds,6193994
2026-07-03T21:07:07.235279,2026-07-03T21:07:07.252361+00:00,119.1,200,ask,WavyWalnuts,YieldingYams,6194009
2026-07-03T21:07:07.271581,2026-07-03T21:07:07.278321+00:00,119.1,200,bid,WavyWalnuts,YieldingYams,6194014
2026-07-03T21:07:08.546001,2026-07-03T21:07:08.558589+00:00,119.1,200,bid,YieldingYams,WavyWalnuts,6194026
2026-07-03T21:07:08.546001,2026-07-03T21:07:08.558589+00:00,119.2,425,bid,YieldingYams,AverageAlmonds,6194027
2026-07-03T21:07:09.860518,2026-07-03T21:07:09.870449+00:00,119.0,200,ask,WavyWalnuts,YieldingYams,6194034
2026-07-03T21:07:11.172824,2026-07-03T21:07:11.182220+00:00,119.0,200,bid,YieldingYams,WavyWalnuts,6194056
2026-07-03T21:07:12.487169,2026-07-03T21:07:12.496041+00:00,119.0,200,ask,WavyWalnuts,YieldingYams,6194065
2026-07-03T21:07:12.674609,2026-07-03T21:07:12.682894+00:00,118.9,425,bid,AverageAlmonds,YieldingYams,6194067
2026-07-03T21:07:13.794236,2026-07-03T21:07:13.802766+00:00,119.0,200,bid,YieldingYams,WavyWalnuts,6194082
2026-07-03T21:07:14.528870,2026-07-03T21:07:14.538762+00:00,119.0,200,ask,YieldingYams,WavyWalnuts,6194091
2026-07-03T21:07:17.724349,2026-07-03T21:07:17.731745+00:00,118.9,200,ask,WavyWalnuts,YieldingYams,6194145
2026-07-03T21:07:19.390030,2026-07-03T21:07:19.401483+00:00,119.0,20,bid,BrilliantBurritos,YieldingYams,6194161
2026-07-03T21:07:20.080702,2026-07-03T21:07:20.084722+00:00,118.8,14,ask,YieldingYams,Xuanyu Liu,6194169
2026-07-03T21:07:20.343045,2026-07-03T21:07:20.358561+00:00,119.0,200,bid,YieldingYams,WavyWalnuts,6194172
2026-07-03T21:07:20.581293,2026-07-03T21:07:20.591383+00:00,119.0,200,ask,YieldingYams,WavyWalnuts,6194175
2026-07-03T21:07:21.525928,2026-07-03T21:07:21.538102+00:00,119.0,20,ask,YieldingYams,BrilliantBurritos,6194189
2026-07-03T21:07:25.583053,2026-07-03T21:07:25.592303+00:00,119.1,200,bid,YieldingYams,WavyWalnuts,6194249
2026-07-03T21:07:27.858745,2026-07-03T21:07:27.868975+00:00,119.1,200,ask,YieldingYams,WavyWalnuts,6194278
2026-07-03T21:07:31.485732,2026-07-03T21:07:31.495953+00:00,119.3,200,bid,WavyWalnuts,YieldingYams,6194322
2026-07-03T21:07:36.324772,2026-07-03T21:07:36.335784+00:00,119.2,200,bid,WavyWalnuts,YieldingYams,6194387
2026-07-03T21:07:38.756577,2026-07-03T21:07:38.755200+00:00,119.1,20,ask,YieldingYams,BrilliantBurritos,6194410
2026-07-03T21:07:39.959885,2026-07-03T21:07:39.969678+00:00,119.1,200,ask,YieldingYams,WavyWalnuts,6194423
2026-07-03T21:07:41.309572,2026-07-03T21:07:41.317608+00:00,119.2,200,bid,YieldingYams,WavyWalnuts,6194443
2026-07-03T21:07:41.309572,2026-07-03T21:07:41.317608+00:00,119.3,425,bid,YieldingYams,AverageAlmonds,6194444
2026-07-03T21:07:42.395170,2026-07-03T21:07:42.398621+00:00,119.1,3,ask,WavyWalnuts,Xuanyu Liu,6194459
2026-07-03T21:07:42.623981,2026-07-03T21:07:42.632355+00:00,119.1,197,ask,WavyWalnuts,YieldingYams,6194461
2026-07-03T21:07:42.779451,2026-07-03T21:07:42.790441+00:00,119.1,20,bid,BrilliantBurritos,YieldingYams,6194464
2026-07-03T21:07:43.591682,2026-07-03T21:07:43.600000+00:00,119.1,200,bid,WavyWalnuts,YieldingYams,6194473
2026-07-03T21:07:43.945362,2026-07-03T21:07:43.948751+00:00,119.2,11,ask,YieldingYams,Xuanyu Liu,6194477
2026-07-03T21:07:44.819291,2026-07-03T21:07:44.823203+00:00,119.3,12,ask,WavyWalnuts,Xuanyu Liu,6194492
2026-07-03T21:07:45.246805,2026-07-03T21:07:45.263855+00:00,119.3,188,ask,WavyWalnuts,YieldingYams,6194499
2026-07-03T21:07:45.328952,2026-07-03T21:07:45.332554+00:00,119.2,12,bid,Xuanyu Liu,YieldingYams,6194503
2026-07-03T21:07:45.787069,2026-07-03T21:07:45.798744+00:00,119.0,20,ask,YieldingYams,BrilliantBurritos,6194510
2026-07-03T21:07:46.016539,2026-07-03T21:07:46.027932+00:00,119.2,200,bid,WavyWalnuts,YieldingYams,6194514
2026-07-03T21:07:46.621190,2026-07-03T21:07:46.624614+00:00,119.1,11,bid,Xuanyu Liu,YieldingYams,6194525
2026-07-03T21:07:48.535815,2026-07-03T21:07:48.540079+00:00,119.1,11,ask,WavyWalnuts,Xuanyu Liu,6194556
2026-07-03T21:07:52.085423,2026-07-03T21:07:52.093831+00:00,119.0,200,ask,YieldingYams,WavyWalnuts,6194603
2026-07-03T21:07:56.938413,2026-07-03T21:07:56.947103+00:00,119.1,200,bid,WavyWalnuts,YieldingYams,6194654
2026-07-03T21:08:01.072332,2026-07-03T21:08:01.078969+00:00,119.2,200,bid,YieldingYams,WavyWalnuts,6194712
2026-07-03T21:08:01.089737,2026-07-03T21:08:01.093167+00:00,119.2,10,ask,YieldingYams,Xuanyu Liu,6194715
2026-07-03T21:08:01.724227,2026-07-03T21:08:01.734862+00:00,119.2,415,ask,YieldingYams,AverageAlmonds,6194725
2026-07-03T21:08:01.778450,2026-07-03T21:08:01.785946+00:00,119.2,85,bid,WavyWalnuts,AverageAlmonds,6194729
2026-07-03T21:08:02.313526,2026-07-03T21:08:02.321435+00:00,119.2,115,ask,WavyWalnuts,AverageAlmonds,6194736
2026-07-03T21:08:02.987407,2026-07-03T21:08:02.993710+00:00,119.1,200,bid,WavyWalnuts,YieldingYams,6194752
2026-07-03T21:08:04.901221,2026-07-03T21:08:04.912966+00:00,118.9,20,ask,YieldingYams,BrilliantBurritos,6194774
2026-07-03T21:08:07.474647,2026-07-03T21:08:07.478225+00:00,119.1,10,bid,Xuanyu Liu,YieldingYams,6194803
2026-07-03T21:08:10.189597,2026-07-03T21:08:10.199254+00:00,119.0,200,ask,WavyWalnuts,AverageAlmonds,6194835
2026-07-03T21:08:10.204793,2026-07-03T21:08:10.208474+00:00,119.0,11,bid,Xuanyu Liu,AverageAlmonds,6194837
2026-07-03T21:08:12.875250,2026-07-03T21:08:12.882866+00:00,118.9,200,ask,WavyWalnuts,YieldingYams,6194876
2026-07-03T21:08:14.184686,2026-07-03T21:08:14.193170+00:00,118.9,200,bid,YieldingYams,WavyWalnuts,6194894
2026-07-03T21:08:16.863469,2026-07-03T21:08:16.875060+00:00,118.9,20,bid,BrilliantBurritos,WavyWalnuts,6194920
2026-07-03T21:08:18.128751,2026-07-03T21:08:18.133056+00:00,118.8,3,bid,Xuanyu Liu,YieldingYams,6194938
2026-07-03T21:08:18.718722,2026-07-03T21:08:18.727325+00:00,118.8,200,bid,WavyWalnuts,YieldingYams,6194953
2026-07-03T21:08:19.929850,2026-07-03T21:08:19.941623+00:00,118.9,200,ask,YieldingYams,WavyWalnuts,6194971
2026-07-03T21:08:22.346292,2026-07-03T21:08:22.358595+00:00,118.9,200,bid,WavyWalnuts,YieldingYams,6195004
2026-07-03T21:08:24.779535,2026-07-03T21:08:24.788640+00:00,118.8,200,ask,YieldingYams,WavyWalnuts,6195029
2026-07-03T21:08:27.193085,2026-07-03T21:08:27.204195+00:00,118.9,200,bid,WavyWalnuts,YieldingYams,6195053
2026-07-03T21:08:28.404533,2026-07-03T21:08:28.411321+00:00,118.9,200,bid,WavyWalnuts,YieldingYams,6195077
2026-07-03T21:08:30.821239,2026-07-03T21:08:30.827914+00:00,118.8,200,ask,YieldingYams,WavyWalnuts,6195112
2026-07-03T21:08:32.521859,2026-07-03T21:08:32.528839+00:00,118.9,200,bid,YieldingYams,WavyWalnuts,6195136
2026-07-03T21:08:32.766330,2026-07-03T21:08:32.778044+00:00,118.9,20,ask,YieldingYams,BrilliantBurritos,6195140
2026-07-03T21:08:37.786424,2026-07-03T21:08:37.789966+00:00,119.0,3,bid,Xuanyu Liu,YieldingYams,6195217
2026-07-03T21:08:41.539879,2026-07-03T21:08:41.558768+00:00,119.0,20,ask,WavyWalnuts,BrilliantBurritos,6195267
2026-07-03T21:08:41.736821,2026-07-03T21:08:41.748294+00:00,119.0,200,ask,YieldingYams,WavyWalnuts,6195271
2026-07-03T21:08:42.951191,2026-07-03T21:08:42.958571+00:00,119.0,200,ask,YieldingYams,WavyWalnuts,6195293
2026-07-03T21:08:43.051271,2026-07-03T21:08:43.054421+00:00,119.0,23,bid,Xuanyu Liu,YieldingYams,6195297
2026-07-03T21:08:48.283239,2026-07-03T21:08:48.294934+00:00,118.9,200,ask,WavyWalnuts,YieldingYams,6195378
2026-07-03T21:08:48.283239,2026-07-03T21:08:48.294934+00:00,118.8,425,ask,AverageAlmonds,YieldingYams,6195379
2026-07-03T21:08:49.013282,2026-07-03T21:08:49.017652+00:00,118.8,23,bid,Xuanyu Liu,WavyWalnuts,6195388
2026-07-03T21:08:49.591537,2026-07-03T21:08:49.599110+00:00,118.8,177,bid,YieldingYams,WavyWalnuts,6195395
2026-07-03T21:08:50.206839,2026-07-03T21:08:50.215965+00:00,118.9,200,ask,YieldingYams,WavyWalnuts,6195408
2026-07-03T21:08:51.416711,2026-07-03T21:08:51.429802+00:00,118.8,200,bid,WavyWalnuts,YieldingYams,6195429
2026-07-03T21:08:53.842998,2026-07-03T21:08:53.853273+00:00,118.7,200,ask,YieldingYams,WavyWalnuts,6195471
2026-07-03T21:08:56.498385,2026-07-03T21:08:56.509155+00:00,118.8,20,bid,BrilliantBurritos,YieldingYams,6195507
2026-07-03T21:08:56.824294,2026-07-03T21:08:56.834319+00:00,118.8,500,bid,AverageAlmonds,YieldingYams,6195511
2026-07-03T21:08:57.421547,2026-07-03T21:08:57.429771+00:00,118.8,105,bid,AverageAlmonds,YieldingYams,6195519
2026-07-03T21:08:57.421547,2026-07-03T21:08:57.429771+00:00,118.8,200,bid,AverageAlmonds,WavyWalnuts,6195520
2026-07-03T21:08:58.128403,2026-07-03T21:08:58.132691+00:00,118.8,12,ask,YieldingYams,Xuanyu Liu,6195527
2026-07-03T21:08:58.651865,2026-07-03T21:08:58.655446+00:00,118.9,11,ask,AverageAlmonds,Xuanyu Liu,6195532
2026-07-03T21:08:58.683933,2026-07-03T21:08:58.693272+00:00,119.0,200,bid,WavyWalnuts,YieldingYams,6195533
2026-07-03T21:08:59.276965,2026-07-03T21:08:59.285280+00:00,118.9,20,ask,YieldingYams,BrilliantBurritos,6195542
2026-07-03T21:09:00.081954,2026-07-03T21:09:00.092131+00:00,119.1,200,bid,YieldingYams,WavyWalnuts,6195550
2026-07-03T21:09:01.236612,2026-07-03T21:09:01.240182+00:00,119.2,11,bid,Xuanyu Liu,WavyWalnuts,6195573
2026-07-03T21:09:03.541238,2026-07-03T21:09:03.549823+00:00,119.1,200,ask,YieldingYams,WavyWalnuts,6195613
2026-07-03T21:09:05.337368,2026-07-03T21:09:05.351046+00:00,119.2,200,bid,YieldingYams,WavyWalnuts,6195633
2026-07-03T21:09:05.357250,2026-07-03T21:09:05.361044+00:00,119.3,23,ask,YieldingYams,Xuanyu Liu,6195635
2026-07-03T21:09:05.957868,2026-07-03T21:09:05.969416+00:00,119.3,200,ask,YieldingYams,WavyWalnuts,6195641
2026-07-03T21:09:07.558676,2026-07-03T21:09:07.562955+00:00,119.2,23,bid,Xuanyu Liu,WavyWalnuts,6195674
2026-07-03T21:09:08.375539,2026-07-03T21:09:08.382527+00:00,119.1,200,ask,YieldingYams,WavyWalnuts,6195687
2026-07-03T21:09:09.583027,2026-07-03T21:09:09.591709+00:00,119.1,200,ask,YieldingYams,WavyWalnuts,6195709
2026-07-03T21:09:10.776643,2026-07-03T21:09:10.788291+00:00,119.1,20,ask,YieldingYams,BrilliantBurritos,6195725
2026-07-03T21:09:10.793700,2026-07-03T21:09:10.804032+00:00,119.1,200,ask,YieldingYams,WavyWalnuts,6195727
2026-07-03T21:09:11.465797,2026-07-03T21:09:11.476520+00:00,119.3,20,bid,BrilliantBurritos,YieldingYams,6195734
2026-07-03T21:09:12.004222,2026-07-03T21:09:12.012715+00:00,119.1,200,ask,YieldingYams,WavyWalnuts,6195741
2026-07-03T21:09:14.435195,2026-07-03T21:09:14.445785+00:00,119.0,200,ask,YieldingYams,WavyWalnuts,6195780
2026-07-03T21:09:16.607749,2026-07-03T21:09:16.619552+00:00,119.1,20,ask,WavyWalnuts,BrilliantBurritos,6195811
2026-07-03T21:09:16.850202,2026-07-03T21:09:16.858886+00:00,119.2,200,bid,WavyWalnuts,YieldingYams,6195818
2026-07-03T21:09:18.464169,2026-07-03T21:09:18.472396+00:00,119.3,500,bid,YieldingYams,AverageAlmonds,6195835
2026-07-03T21:09:18.633907,2026-07-03T21:09:18.642313+00:00,119.3,125,ask,YieldingYams,AverageAlmonds,6195838
2026-07-03T21:09:18.673750,2026-07-03T21:09:18.677321+00:00,119.3,12,bid,Xuanyu Liu,AverageAlmonds,6195843
2026-07-03T21:09:19.779118,2026-07-03T21:09:19.796392+00:00,119.2,200,ask,WavyWalnuts,YieldingYams,6195857
2026-07-03T21:09:19.793074,2026-07-03T21:09:19.796392+00:00,119.2,11,bid,Xuanyu Liu,YieldingYams,6195859
2026-07-03T21:09:20.490478,2026-07-03T21:09:20.499184+00:00,119.2,200,bid,WavyWalnuts,YieldingYams,6195868
2026-07-03T21:09:22.511031,2026-07-03T21:09:22.522596+00:00,119.3,20,bid,BrilliantBurritos,WavyWalnuts,6195892
2026-07-03T21:09:24.118187,2026-07-03T21:09:24.126988+00:00,119.1,200,ask,YieldingYams,WavyWalnuts,6195913
2026-07-03T21:09:25.326933,2026-07-03T21:09:25.338319+00:00,119.0,200,ask,YieldingYams,WavyWalnuts,6195930
2026-07-03T21:09:26.370796,2026-07-03T21:09:26.382493+00:00,119.1,20,bid,BrilliantBurritos,YieldingYams,6195951
2026-07-03T21:09:27.649538,2026-07-03T21:09:27.654331+00:00,119.0,200,bid,YieldingYams,WavyWalnuts,6195969
2026-07-03T21:09:27.739543,2026-07-03T21:09:27.747904+00:00,119.0,200,ask,YieldingYams,WavyWalnuts,6195971
2026-07-03T21:09:28.946370,2026-07-03T21:09:28.958565+00:00,119.0,200,ask,YieldingYams,WavyWalnuts,6195985
2026-07-03T21:09:28.963625,2026-07-03T21:09:28.974972+00:00,118.8,200,ask,WavyWalnuts,YieldingYams,6195986
2026-07-03T21:09:29.763302,2026-07-03T21:09:29.766988+00:00,118.7,34,ask,AverageAlmonds,Xuanyu Liu,6195999
2026-07-03T21:09:30.161836,2026-07-03T21:09:30.175669+00:00,118.8,200,bid,WavyWalnuts,YieldingYams,6196002
2026-07-03T21:09:31.389767,2026-07-03T21:09:31.392877+00:00,118.9,12,ask,WavyWalnuts,Xuanyu Liu,6196023
2026-07-03T21:09:31.881446,2026-07-03T21:09:31.893293+00:00,118.9,20,ask,WavyWalnuts,BrilliantBurritos,6196030
2026-07-03T21:09:32.898210,2026-07-03T21:09:32.905351+00:00,118.9,200,ask,WavyWalnuts,YieldingYams,6196046
2026-07-03T21:09:32.916164,2026-07-03T21:09:32.919573+00:00,118.9,23,bid,Xuanyu Liu,YieldingYams,6196049
2026-07-03T21:09:33.790530,2026-07-03T21:09:33.799579+00:00,118.9,200,bid,WavyWalnuts,YieldingYams,6196061
2026-07-03T21:09:35.003086,2026-07-03T21:09:35.010315+00:00,119.0,200,ask,YieldingYams,WavyWalnuts,6196073
2026-07-03T21:09:36.223255,2026-07-03T21:09:36.233941+00:00,119.0,200,ask,YieldingYams,WavyWalnuts,6196088
2026-07-03T21:09:36.625618,2026-07-03T21:09:36.637205+00:00,119.2,20,bid,BrilliantBurritos,YieldingYams,6196099
2026-07-03T21:09:38.639818,2026-07-03T21:09:38.651261+00:00,119.1,200,ask,YieldingYams,WavyWalnuts,6196134
2026-07-03T21:09:40.222469,2026-07-03T21:09:40.233902+00:00,119.0,20,bid,BrilliantBurritos,WavyWalnuts,6196157
2026-07-03T21:09:41.054421,2026-07-03T21:09:41.055490+00:00,118.9,200,ask,YieldingYams,WavyWalnuts,6196166
2026-07-03T21:09:42.410374,2026-07-03T21:09:42.414352+00:00,118.9,34,ask,YieldingYams,Xuanyu Liu,6196185
2026-07-03T21:09:43.385473,2026-07-03T21:09:43.395817+00:00,118.9,200,ask,WavyWalnuts,YieldingYams,6196201
2026-07-03T21:09:44.713606,2026-07-03T21:09:44.721892+00:00,118.7,200,bid,YieldingYams,WavyWalnuts,6196217
2026-07-03T21:09:46.191833,2026-07-03T21:09:46.198942+00:00,118.7,20,ask,WavyWalnuts,BrilliantBurritos,6196243
2026-07-03T21:09:50.787850,2026-07-03T21:09:50.795929+00:00,118.9,200,bid,WavyWalnuts,YieldingYams,6196309
2026-07-03T21:09:54.205454,2026-07-03T21:09:54.217066+00:00,119.0,20,bid,BrilliantBurritos,AverageAlmonds,6196355
2026-07-03T21:09:55.066756,2026-07-03T21:09:55.069867+00:00,118.9,3,ask,YieldingYams,Xuanyu Liu,6196368
2026-07-03T21:09:56.478498,2026-07-03T21:09:56.488317+00:00,118.9,200,ask,WavyWalnuts,YieldingYams,6196399
2026-07-03T21:09:56.849520,2026-07-03T21:09:56.857483+00:00,118.9,200,bid,WavyWalnuts,YieldingYams,6196403
2026-07-03T21:09:56.858124,2026-07-03T21:09:56.869573+00:00,118.9,20,bid,BrilliantBurritos,YieldingYams,6196404
2026-07-03T21:09:57.785824,2026-07-03T21:09:57.792526+00:00,118.9,500,bid,YieldingYams,AverageAlmonds,6196416
2026-07-03T21:09:57.977427,2026-07-03T21:09:57.988484+00:00,118.9,125,ask,YieldingYams,AverageAlmonds,6196417
2026-07-03T21:09:58.056759,2026-07-03T21:09:58.064315+00:00,118.9,200,bid,WavyWalnuts,AverageAlmonds,6196419
2026-07-03T21:09:59.264840,2026-07-03T21:09:59.274232+00:00,118.7,200,bid,WavyWalnuts,YieldingYams,6196435
2026-07-03T21:10:00.473694,2026-07-03T21:10:00.483680+00:00,118.6,200,bid,WavyWalnuts,YieldingYams,6196450
2026-07-03T21:10:01.682046,2026-07-03T21:10:01.691997+00:00,118.6,200,bid,WavyWalnuts,YieldingYams,6196469
2026-07-03T21:10:01.752141,2026-07-03T21:10:01.755922+00:00,118.7,14,ask,YieldingYams,Xuanyu Liu,6196471
2026-07-03T21:10:03.049836,2026-07-03T21:10:03.058951+00:00,119.0,500,bid,YieldingYams,AverageAlmonds,6196488
2026-07-03T21:10:03.049836,2026-07-03T21:10:03.058951+00:00,119.0,125,bid,YieldingYams,WavyWalnuts,6196489
2026-07-03T21:10:04.115356,2026-07-03T21:10:04.119184+00:00,118.8,12,ask,WavyWalnuts,Xuanyu Liu,6196506
2026-07-03T21:10:05.327679,2026-07-03T21:10:05.331306+00:00,118.9,12,bid,Xuanyu Liu,WavyWalnuts,6196522
2026-07-03T21:10:05.673554,2026-07-03T21:10:05.683544+00:00,118.9,188,bid,YieldingYams,WavyWalnuts,6196533
2026-07-03T21:10:05.844487,2026-07-03T21:10:05.864121+00:00,118.9,437,ask,YieldingYams,AverageAlmonds,6196535
2026-07-03T21:10:06.532259,2026-07-03T21:10:06.535771+00:00,118.8,12,ask,WavyWalnuts,Xuanyu Liu,6196551
2026-07-03T21:10:06.987844,2026-07-03T21:10:06.997624+00:00,118.8,188,ask,WavyWalnuts,YieldingYams,6196555
2026-07-03T21:10:07.722893,2026-07-03T21:10:07.732963+00:00,118.7,200,bid,WavyWalnuts,YieldingYams,6196564
2026-07-03T21:10:07.988128,2026-07-03T21:10:07.999837+00:00,118.5,20,ask,YieldingYams,BrilliantBurritos,6196572
2026-07-03T21:10:08.310249,2026-07-03T21:10:08.313679+00:00,118.7,11,ask,YieldingYams,Xuanyu Liu,6196576
2026-07-03T21:10:08.710076,2026-07-03T21:10:08.721905+00:00,118.7,20,ask,YieldingYams,BrilliantBurritos,6196581
2026-07-03T21:10:14.013479,2026-07-03T21:10:14.025435+00:00,118.8,20,bid,BrilliantBurritos,YieldingYams,6196632
2026-07-03T21:10:14.937073,2026-07-03T21:10:14.948020+00:00,118.7,200,ask,WavyWalnuts,AverageAlmonds,6196643
2026-07-03T21:10:14.937073,2026-07-03T21:10:14.948020+00:00,118.7,300,ask,YieldingYams,AverageAlmonds,6196644
2026-07-03T21:10:15.533682,2026-07-03T21:10:15.542235+00:00,118.7,325,ask,YieldingYams,AverageAlmonds,6196652
2026-07-03T21:10:15.533682,2026-07-03T21:10:15.542235+00:00,118.7,175,ask,WavyWalnuts,AverageAlmonds,6196653
2026-07-03T21:10:16.133765,2026-07-03T21:10:16.141992+00:00,118.7,25,ask,WavyWalnuts,AverageAlmonds,6196663
2026-07-03T21:10:16.151778,2026-07-03T21:10:16.155717+00:00,118.5,23,bid,Xuanyu Liu,AverageAlmonds,6196666
2026-07-03T21:10:16.164190,2026-07-03T21:10:16.171233+00:00,118.5,452,bid,YieldingYams,AverageAlmonds,6196667
2026-07-03T21:10:16.180501,2026-07-03T21:10:16.191892+00:00,118.7,200,bid,WavyWalnuts,YieldingYams,6196668
2026-07-03T21:10:16.738076,2026-07-03T21:10:16.745236+00:00,118.5,173,ask,YieldingYams,AverageAlmonds,6196676
2026-07-03T21:10:17.394937,2026-07-03T21:10:17.406069+00:00,118.5,200,bid,WavyWalnuts,AverageAlmonds,6196688
2026-07-03T21:10:17.485764,2026-07-03T21:10:17.489064+00:00,118.3,12,ask,YieldingYams,Xuanyu Liu,6196691
2026-07-03T21:10:18.623150,2026-07-03T21:10:18.626927+00:00,118.4,11,ask,WavyWalnuts,Xuanyu Liu,6196712
2026-07-03T21:10:19.181189,2026-07-03T21:10:19.188059+00:00,118.4,189,ask,WavyWalnuts,AverageAlmonds,6196722
2026-07-03T21:10:19.794470,2026-07-03T21:10:19.801533+00:00,118.3,20,ask,YieldingYams,BrilliantBurritos,6196731
2026-07-03T21:10:24.010165,2026-07-03T21:10:24.029288+00:00,118.2,500,ask,YieldingYams,AverageAlmonds,6196788
2026-07-03T21:10:24.035260,2026-07-03T21:10:24.044529+00:00,118.2,200,ask,WavyWalnuts,YieldingYams,6196790
2026-07-03T21:10:24.647317,2026-07-03T21:10:24.658672+00:00,118.1,200,bid,WavyWalnuts,YieldingYams,6196798
2026-07-03T21:10:25.362037,2026-07-03T21:10:25.365429+00:00,118.0,12,ask,YieldingYams,Xuanyu Liu,6196816
2026-07-03T21:10:25.867891,2026-07-03T21:10:25.871333+00:00,118.1,11,ask,WavyWalnuts,Xuanyu Liu,6196818
2026-07-03T21:10:28.292042,2026-07-03T21:10:28.301289+00:00,118.3,200,bid,WavyWalnuts,AverageAlmonds,6196847
2026-07-03T21:10:29.608726,2026-07-03T21:10:29.620543+00:00,118.0,20,ask,WavyWalnuts,BrilliantBurritos,6196867
2026-07-03T21:10:31.927176,2026-07-03T21:10:31.937291+00:00,118.3,200,bid,WavyWalnuts,YieldingYams,6196901
2026-07-03T21:10:33.013395,2026-07-03T21:10:33.017165+00:00,118.1,34,ask,YieldingYams,Xuanyu Liu,6196912
2026-07-03T21:10:33.151357,2026-07-03T21:10:33.151407+00:00,118.3,200,bid,WavyWalnuts,YieldingYams,6196916
2026-07-03T21:10:33.237518,2026-07-03T21:10:33.241387+00:00,118.2,6,ask,YieldingYams,Xuanyu Liu,6196923
2026-07-03T21:10:34.370412,2026-07-03T21:10:34.379286+00:00,118.3,200,bid,WavyWalnuts,AverageAlmonds,6196944
2026-07-03T21:10:35.580480,2026-07-03T21:10:35.587556+00:00,118.2,200,bid,WavyWalnuts,YieldingYams,6196959
2026-07-03T21:10:36.794064,2026-07-03T21:10:36.803230+00:00,118.2,200,ask,YieldingYams,WavyWalnuts,6196979
2026-07-03T21:10:38.930595,2026-07-03T21:10:38.942136+00:00,118.4,20,bid,BrilliantBurritos,WavyWalnuts,6197002
2026-07-03T21:10:39.787828,2026-07-03T21:10:39.796102+00:00,118.1,200,ask,WavyWalnuts,YieldingYams,6197014
2026-07-03T21:10:42.413790,2026-07-03T21:10:42.422986+00:00,118.2,200,ask,WavyWalnuts,YieldingYams,6197039
2026-07-03T21:10:46.364208,2026-07-03T21:10:46.368007+00:00,118.1,6,bid,Xuanyu Liu,YieldingYams,6197082
2026-07-03T21:10:48.787194,2026-07-03T21:10:48.791255+00:00,118.1,11,bid,Xuanyu Liu,YieldingYams,6197113
2026-07-03T21:10:55.529182,2026-07-03T21:10:55.537773+00:00,118.0,200,bid,YieldingYams,WavyWalnuts,6197201
2026-07-03T21:10:57.346149,2026-07-03T21:10:57.358590+00:00,118.0,200,ask,YieldingYams,WavyWalnuts,6197237
2026-07-03T21:10:58.264001,2026-07-03T21:10:58.267578+00:00,118.2,12,bid,Xuanyu Liu,AverageAlmonds,6197246
2026-07-03T21:10:58.553886,2026-07-03T21:10:58.558555+00:00,118.0,200,ask,YieldingYams,WavyWalnuts,6197253
2026-07-03T21:10:59.480281,2026-07-03T21:10:59.483810+00:00,118.0,22,bid,Xuanyu Liu,YieldingYams,6197267
2026-07-03T21:11:02.182331,2026-07-03T21:11:02.189733+00:00,118.0,200,bid,WavyWalnuts,YieldingYams,6197303
2026-07-03T21:11:05.541672,2026-07-03T21:11:05.548487+00:00,118.0,20,bid,BrilliantBurritos,WavyWalnuts,6197339
2026-07-03T21:11:07.338806,2026-07-03T21:11:07.346286+00:00,118.2,200,bid,YieldingYams,WavyWalnuts,6197366
2026-07-03T21:11:08.653597,2026-07-03T21:11:08.668668+00:00,118.2,200,ask,WavyWalnuts,YieldingYams,6197391
2026-07-03T21:11:09.454549,2026-07-03T21:11:09.463628+00:00,118.2,200,bid,WavyWalnuts,YieldingYams,6197399
2026-07-03T21:11:10.021086,2026-07-03T21:11:10.027891+00:00,118.2,500,ask,YieldingYams,AverageAlmonds,6197411
2026-07-03T21:11:10.460858,2026-07-03T21:11:10.472477+00:00,118.2,20,ask,YieldingYams,BrilliantBurritos,6197416
2026-07-03T21:11:10.618067,2026-07-03T21:11:10.625726+00:00,118.2,105,ask,YieldingYams,AverageAlmonds,6197419
2026-07-03T21:11:10.662948,2026-07-03T21:11:10.672691+00:00,118.2,200,bid,WavyWalnuts,AverageAlmonds,6197422
2026-07-03T21:11:11.870895,2026-07-03T21:11:11.880630+00:00,118.1,200,bid,WavyWalnuts,YieldingYams,6197435
2026-07-03T21:11:12.367268,2026-07-03T21:11:12.376249+00:00,118.1,20,bid,BrilliantBurritos,YieldingYams,6197437
2026-07-03T21:11:15.208866,2026-07-03T21:11:15.215946+00:00,117.8,200,ask,WavyWalnuts,YieldingYams,6197484
2026-07-03T21:11:15.208866,2026-07-03T21:11:15.221438+00:00,117.6,425,ask,AverageAlmonds,YieldingYams,6197485
2026-07-03T21:11:15.510864,2026-07-03T21:11:15.513951+00:00,117.8,12,bid,Xuanyu Liu,WavyWalnuts,6197490
2026-07-03T21:11:16.519579,2026-07-03T21:11:16.520999+00:00,117.8,188,bid,YieldingYams,WavyWalnuts,6197498
2026-07-03T21:11:17.317019,2026-07-03T21:11:17.320623+00:00,117.8,23,ask,YieldingYams,Xuanyu Liu,6197512
2026-07-03T21:11:21.616992,2026-07-03T21:11:21.628463+00:00,117.9,20,ask,WavyWalnuts,BrilliantBurritos,6197573
2026-07-03T21:11:22.079361,2026-07-03T21:11:22.091098+00:00,117.9,20,ask,WavyWalnuts,BrilliantBurritos,6197578
2026-07-03T21:11:23.098654,2026-07-03T21:11:23.102138+00:00,117.9,11,bid,Xuanyu Liu,YieldingYams,6197588
2026-07-03T21:11:23.191501,2026-07-03T21:11:23.202795+00:00,117.9,20,bid,BrilliantBurritos,YieldingYams,6197591
2026-07-03T21:11:24.396518,2026-07-03T21:11:24.413567+00:00,117.8,200,ask,WavyWalnuts,YieldingYams,6197602
2026-07-03T21:11:24.409904,2026-07-03T21:11:24.413567+00:00,117.8,12,bid,Xuanyu Liu,YieldingYams,6197604
2026-07-03T21:11:26.791242,2026-07-03T21:11:26.795150+00:00,117.8,12,ask,WavyWalnuts,Xuanyu Liu,6197637
2026-07-03T21:11:27.022233,2026-07-03T21:11:27.030600+00:00,117.8,188,ask,WavyWalnuts,YieldingYams,6197640
2026-07-03T21:11:27.607416,2026-07-03T21:11:27.614544+00:00,117.8,200,bid,WavyWalnuts,YieldingYams,6197651
2026-07-03T21:11:28.348699,2026-07-03T21:11:28.353075+00:00,117.9,11,ask,YieldingYams,Xuanyu Liu,6197660
2026-07-03T21:11:30.024894,2026-07-03T21:11:30.033842+00:00,117.9,200,ask,YieldingYams,WavyWalnuts,6197676
2026-07-03T21:11:31.480540,2026-07-03T21:11:31.484111+00:00,118.0,11,bid,Xuanyu Liu,AverageAlmonds,6197704
2026-07-03T21:11:32.453110,2026-07-03T21:11:32.452947+00:00,117.9,200,ask,YieldingYams,WavyWalnuts,6197712
2026-07-03T21:11:33.635979,2026-07-03T21:11:33.647107+00:00,117.9,500,ask,YieldingYams,AverageAlmonds,6197721
2026-07-03T21:11:33.666346,2026-07-03T21:11:33.683249+00:00,117.9,125,ask,YieldingYams,WavyWalnuts,6197722
2026-07-03T21:11:33.679871,2026-07-03T21:11:33.683249+00:00,117.8,23,bid,Xuanyu Liu,WavyWalnuts,6197726
2026-07-03T21:11:34.887094,2026-07-03T21:11:34.897538+00:00,117.8,200,ask,WavyWalnuts,YieldingYams,6197743
2026-07-03T21:11:36.068585,2026-07-03T21:11:36.080343+00:00,117.8,20,bid,BrilliantBurritos,YieldingYams,6197754
2026-07-03T21:11:38.819733,2026-07-03T21:11:38.828295+00:00,117.7,200,ask,WavyWalnuts,YieldingYams,6197791
2026-07-03T21:11:39.715942,2026-07-03T21:11:39.723993+00:00,117.7,200,bid,WavyWalnuts,YieldingYams,6197806
2026-07-03T21:11:40.601581,2026-07-03T21:11:40.613317+00:00,117.8,20,ask,YieldingYams,BrilliantBurritos,6197815
2026-07-03T21:11:40.926828,2026-07-03T21:11:40.934499+00:00,117.8,200,ask,YieldingYams,WavyWalnuts,6197819
2026-07-03T21:11:42.137367,2026-07-03T21:11:42.158579+00:00,117.8,200,ask,YieldingYams,WavyWalnuts,6197836
2026-07-03T21:11:42.774352,2026-07-03T21:11:42.777897+00:00,117.9,12,bid,Xuanyu Liu,YieldingYams,6197848
2026-07-03T21:11:42.818128,2026-07-03T21:11:42.829723+00:00,117.6,20,ask,WavyWalnuts,BrilliantBurritos,6197850
2026-07-03T21:11:45.376042,2026-07-03T21:11:45.385656+00:00,117.8,200,ask,WavyWalnuts,YieldingYams,6197881
2026-07-03T21:11:46.701957,2026-07-03T21:11:46.706263+00:00,117.7,12,ask,YieldingYams,Xuanyu Liu,6197899
2026-07-03T21:11:49.307673,2026-07-03T21:11:49.314440+00:00,117.8,200,bid,YieldingYams,WavyWalnuts,6197935
2026-07-03T21:11:50.602629,2026-07-03T21:11:50.612547+00:00,118.0,200,bid,WavyWalnuts,YieldingYams,6197951
2026-07-03T21:11:51.813618,2026-07-03T21:11:51.820883+00:00,117.9,200,bid,WavyWalnuts,YieldingYams,6197964
2026-07-03T21:11:51.934146,2026-07-03T21:11:51.944551+00:00,117.9,500,bid,YieldingYams,AverageAlmonds,6197970
2026-07-03T21:11:52.039660,2026-07-03T21:11:52.043317+00:00,118.1,12,bid,Xuanyu Liu,WavyWalnuts,6197974
2026-07-03T21:11:52.386076,2026-07-03T21:11:52.406624+00:00,118.0,125,ask,YieldingYams,AverageAlmonds,6197980
2026-07-03T21:11:52.403117,2026-07-03T21:11:52.406624+00:00,118.0,11,bid,Xuanyu Liu,AverageAlmonds,6197982
2026-07-03T21:11:53.043915,2026-07-03T21:11:53.047433+00:00,117.9,3,bid,Xuanyu Liu,WavyWalnuts,6197990
2026-07-03T21:11:54.559932,2026-07-03T21:11:54.569516+00:00,117.8,200,ask,WavyWalnuts,YieldingYams,6198016
2026-07-03T21:11:55.253583,2026-07-03T21:11:55.257444+00:00,117.5,14,ask,YieldingYams,Xuanyu Liu,6198024
2026-07-03T21:11:55.463760,2026-07-03T21:11:55.466888+00:00,117.6,12,ask,WavyWalnuts,Xuanyu Liu,6198029
2026-07-03T21:11:55.869380,2026-07-03T21:11:55.886008+00:00,117.8,200,bid,YieldingYams,WavyWalnuts,6198035
2026-07-03T21:11:55.882668,2026-07-03T21:11:55.886008+00:00,117.9,34,ask,YieldingYams,Xuanyu Liu,6198037
2026-07-03T21:11:56.043164,2026-07-03T21:11:56.050055+00:00,117.9,391,ask,YieldingYams,AverageAlmonds,6198039
2026-07-03T21:11:56.646740,2026-07-03T21:11:56.658604+00:00,118.0,200,bid,WavyWalnuts,AverageAlmonds,6198045
2026-07-03T21:11:57.845363,2026-07-03T21:11:57.854222+00:00,117.7,20,ask,YieldingYams,BrilliantBurritos,6198059
2026-07-03T21:11:58.359460,2026-07-03T21:11:58.363427+00:00,117.9,34,bid,Xuanyu Liu,YieldingYams,6198064
2026-07-03T21:11:59.819576,2026-07-03T21:11:59.823291+00:00,117.8,12,bid,Xuanyu Liu,YieldingYams,6198090
2026-07-03T21:12:00.301704,2026-07-03T21:12:00.310483+00:00,117.8,200,bid,WavyWalnuts,YieldingYams,6198103
2026-07-03T21:12:04.691173,2026-07-03T21:12:04.695611+00:00,117.8,14,bid,Xuanyu Liu,YieldingYams,6198166
2026-07-03T21:12:05.115451,2026-07-03T21:12:05.122792+00:00,117.7,20,ask,WavyWalnuts,BrilliantBurritos,6198170
2026-07-03T21:12:07.423678,2026-07-03T21:12:07.432252+00:00,117.8,20,ask,YieldingYams,BrilliantBurritos,6198209
2026-07-03T21:12:07.589588,2026-07-03T21:12:07.600499+00:00,117.8,200,ask,YieldingYams,WavyWalnuts,6198211
2026-07-03T21:12:10.326951,2026-07-03T21:12:10.335014+00:00,118.0,200,bid,YieldingYams,WavyWalnuts,6198254
2026-07-03T21:12:11.641363,2026-07-03T21:12:11.648374+00:00,118.1,500,bid,YieldingYams,AverageAlmonds,6198275
2026-07-03T21:12:11.641363,2026-07-03T21:12:11.653571+00:00,118.1,125,bid,YieldingYams,WavyWalnuts,6198276
2026-07-03T21:12:15.595054,2026-07-03T21:12:15.601980+00:00,118.0,500,bid,YieldingYams,AverageAlmonds,6198320
2026-07-03T21:12:15.595054,2026-07-03T21:12:15.607276+00:00,118.1,125,bid,YieldingYams,WavyWalnuts,6198321
2026-07-03T21:12:15.776681,2026-07-03T21:12:15.788389+00:00,118.1,20,bid,BrilliantBurritos,WavyWalnuts,6198322
2026-07-03T21:12:16.044882,2026-07-03T21:12:16.058559+00:00,118.0,200,bid,WavyWalnuts,AverageAlmonds,6198326
2026-07-03T21:12:16.929626,2026-07-03T21:12:16.933350+00:00,117.7,3,bid,Xuanyu Liu,YieldingYams,6198334
2026-07-03T21:12:17.252572,2026-07-03T21:12:17.262383+00:00,117.7,200,bid,WavyWalnuts,YieldingYams,6198341
2026-07-03T21:12:18.459803,2026-07-03T21:12:18.469664+00:00,117.7,200,bid,WavyWalnuts,YieldingYams,6198354
2026-07-03T21:12:19.557671,2026-07-03T21:12:19.561240+00:00,117.7,3,ask,YieldingYams,Xuanyu Liu,6198371
2026-07-03T21:12:22.043022,2026-07-03T21:12:22.051782+00:00,117.7,500,ask,YieldingYams,AverageAlmonds,6198405
2026-07-03T21:12:22.186322,2026-07-03T21:12:22.196881+00:00,117.8,200,ask,WavyWalnuts,YieldingYams,6198410
2026-07-03T21:12:25.058799,2026-07-03T21:12:25.069284+00:00,117.7,200,ask,WavyWalnuts,AverageAlmonds,6198446
2026-07-03T21:12:26.114656,2026-07-03T21:12:26.123040+00:00,117.7,500,bid,YieldingYams,AverageAlmonds,6198463
2026-07-03T21:12:26.114656,2026-07-03T21:12:26.123040+00:00,117.7,125,bid,YieldingYams,WavyWalnuts,6198464
2026-07-03T21:12:28.034009,2026-07-03T21:12:28.041480+00:00,117.4,20,ask,WavyWalnuts,BrilliantBurritos,6198489
2026-07-03T21:12:30.554021,2026-07-03T21:12:30.558559+00:00,117.6,200,bid,WavyWalnuts,YieldingYams,6198523
2026-07-03T21:12:32.783059,2026-07-03T21:12:32.794641+00:00,117.6,20,ask,WavyWalnuts,BrilliantBurritos,6198566
2026-07-03T21:12:32.972069,2026-07-03T21:12:32.983266+00:00,117.6,200,ask,YieldingYams,WavyWalnuts,6198568
2026-07-03T21:12:35.299352,2026-07-03T21:12:35.317187+00:00,117.4,200,ask,WavyWalnuts,YieldingYams,6198605
2026-07-03T21:12:35.313823,2026-07-03T21:12:35.317187+00:00,117.3,3,bid,Xuanyu Liu,YieldingYams,6198607
2026-07-03T21:12:35.384824,2026-07-03T21:12:35.394571+00:00,117.3,200,bid,WavyWalnuts,YieldingYams,6198611
2026-07-03T21:12:36.593895,2026-07-03T21:12:36.601898+00:00,117.3,200,bid,WavyWalnuts,YieldingYams,6198627
2026-07-03T21:12:36.609067,2026-07-03T21:12:36.626751+00:00,117.5,200,bid,YieldingYams,WavyWalnuts,6198629
2026-07-03T21:12:36.623236,2026-07-03T21:12:36.626751+00:00,117.5,6,ask,YieldingYams,Xuanyu Liu,6198631
2026-07-03T21:12:39.484486,2026-07-03T21:12:39.488128+00:00,117.5,3,bid,Xuanyu Liu,WavyWalnuts,6198665
2026-07-03T21:12:45.091153,2026-07-03T21:12:45.101022+00:00,117.5,200,bid,WavyWalnuts,YieldingYams,6198737
2026-07-03T21:12:49.720154,2026-07-03T21:12:49.729349+00:00,117.3,200,ask,WavyWalnuts,YieldingYams,6198807
2026-07-03T21:12:49.930915,2026-07-03T21:12:49.939555+00:00,117.2,200,ask,AverageAlmonds,WavyWalnuts,6198817
2026-07-03T21:12:52.337419,2026-07-03T21:12:52.345264+00:00,117.3,500,ask,AverageAlmonds,YieldingYams,6198839
2026-07-03T21:12:52.348642,2026-07-03T21:12:52.350266+00:00,117.3,125,bid,WavyWalnuts,YieldingYams,6198840
2026-07-03T21:12:53.644086,2026-07-03T21:12:53.658556+00:00,117.4,200,bid,YieldingYams,WavyWalnuts,6198856
2026-07-03T21:12:56.280133,2026-07-03T21:12:56.286484+00:00,117.4,200,ask,WavyWalnuts,YieldingYams,6198884
2026-07-03T21:12:57.912868,2026-07-03T21:12:57.924355+00:00,117.4,20,bid,BrilliantBurritos,WavyWalnuts,6198905
2026-07-03T21:12:58.397129,2026-07-03T21:12:58.405764+00:00,117.3,200,ask,YieldingYams,WavyWalnuts,6198910
2026-07-03T21:12:59.408955,2026-07-03T21:12:59.417275+00:00,117.3,20,ask,YieldingYams,BrilliantBurritos,6198927
2026-07-03T21:13:02.032066,2026-07-03T21:13:02.041334+00:00,117.2,200,ask,YieldingYams,WavyWalnuts,6198973
2026-07-03T21:13:04.146234,2026-07-03T21:13:04.155778+00:00,117.3,200,ask,WavyWalnuts,YieldingYams,6198998
2026-07-03T21:13:04.444611,2026-07-03T21:13:04.458764+00:00,117.3,200,bid,WavyWalnuts,YieldingYams,6199002
2026-07-03T21:13:04.818346,2026-07-03T21:13:04.826132+00:00,117.3,20,bid,BrilliantBurritos,YieldingYams,6199006
2026-07-03T21:13:11.729267,2026-07-03T21:13:11.736823+00:00,117.3,200,ask,YieldingYams,WavyWalnuts,6199083
2026-07-03T21:13:13.385502,2026-07-03T21:13:13.397162+00:00,117.5,20,bid,BrilliantBurritos,WavyWalnuts,6199102
2026-07-03T21:13:14.273457,2026-07-03T21:13:14.277630+00:00,117.6,14,bid,Xuanyu Liu,YieldingYams,6199121
2026-07-03T21:13:17.277865,2026-07-03T21:13:17.285491+00:00,117.6,200,ask,WavyWalnuts,YieldingYams,6199159
2026-07-03T21:13:18.586575,2026-07-03T21:13:18.593158+00:00,117.6,200,bid,YieldingYams,WavyWalnuts,6199174
2026-07-03T21:13:21.205411,2026-07-03T21:13:21.214794+00:00,117.7,200,bid,YieldingYams,WavyWalnuts,6199201
2026-07-03T21:13:21.888800,2026-07-03T21:13:21.900373+00:00,117.8,20,bid,BrilliantBurritos,AverageAlmonds,6199212
2026-07-03T21:13:22.518908,2026-07-03T21:13:22.527050+00:00,117.7,200,ask,WavyWalnuts,YieldingYams,6199221
2026-07-03T21:13:23.814627,2026-07-03T21:13:23.817761+00:00,117.6,14,ask,WavyWalnuts,Xuanyu Liu,6199236
2026-07-03T21:13:23.832654,2026-07-03T21:13:23.843657+00:00,117.6,200,ask,WavyWalnuts,YieldingYams,6199237
2026-07-03T21:13:25.028409,2026-07-03T21:13:25.038782+00:00,117.6,200,bid,WavyWalnuts,YieldingYams,6199255
2026-07-03T21:13:27.462725,2026-07-03T21:13:27.469191+00:00,117.6,200,ask,YieldingYams,WavyWalnuts,6199293
2026-07-03T21:13:28.864252,2026-07-03T21:13:28.875423+00:00,117.5,20,bid,BrilliantBurritos,WavyWalnuts,6199326
2026-07-03T21:13:29.075722,2026-07-03T21:13:29.086043+00:00,117.5,180,bid,YieldingYams,WavyWalnuts,6199329
2026-07-03T21:13:29.984849,2026-07-03T21:13:29.996236+00:00,117.7,20,bid,BrilliantBurritos,YieldingYams,6199337
2026-07-03T21:13:30.883875,2026-07-03T21:13:30.895324+00:00,117.7,20,bid,BrilliantBurritos,WavyWalnuts,6199347
2026-07-03T21:13:33.009248,2026-07-03T21:13:33.019706+00:00,117.8,200,bid,YieldingYams,WavyWalnuts,6199374
2026-07-03T21:13:33.025521,2026-07-03T21:13:33.029158+00:00,117.9,3,ask,YieldingYams,Xuanyu Liu,6199376
2026-07-03T21:13:33.518680,2026-07-03T21:13:33.527079+00:00,117.9,200,ask,YieldingYams,WavyWalnuts,6199381
2026-07-03T21:13:34.728375,2026-07-03T21:13:34.737801+00:00,117.9,200,ask,YieldingYams,WavyWalnuts,6199400
2026-07-03T21:13:38.363505,2026-07-03T21:13:38.374877+00:00,117.7,200,ask,YieldingYams,WavyWalnuts,6199449
2026-07-03T21:13:39.581356,2026-07-03T21:13:39.589716+00:00,117.6,200,ask,YieldingYams,WavyWalnuts,6199463
2026-07-03T21:13:42.787683,2026-07-03T21:13:42.791752+00:00,117.6,11,ask,YieldingYams,Xuanyu Liu,6199524
2026-07-03T21:13:43.488988,2026-07-03T21:13:43.499694+00:00,117.6,20,ask,YieldingYams,BrilliantBurritos,6199532
2026-07-03T21:13:43.502936,2026-07-03T21:13:43.510372+00:00,117.7,200,bid,YieldingYams,WavyWalnuts,6199533
2026-07-03T21:13:43.521062,2026-07-03T21:13:43.524698+00:00,117.7,12,ask,YieldingYams,Xuanyu Liu,6199535
2026-07-03T21:13:45.637323,2026-07-03T21:13:45.648812+00:00,117.8,200,bid,WavyWalnuts,YieldingYams,6199561
2026-07-03T21:13:47.452866,2026-07-03T21:13:47.454377+00:00,117.8,200,ask,WavyWalnuts,YieldingYams,6199580
2026-07-03T21:13:47.452866,2026-07-03T21:13:47.463793+00:00,117.8,425,ask,AverageAlmonds,YieldingYams,6199581
2026-07-03T21:13:47.649278,2026-07-03T21:13:47.658572+00:00,118.0,20,bid,BrilliantBurritos,WavyWalnuts,6199582
2026-07-03T21:13:48.759876,2026-07-03T21:13:48.769668+00:00,117.9,200,bid,YieldingYams,WavyWalnuts,6199603
2026-07-03T21:13:52.892401,2026-07-03T21:13:52.901859+00:00,118.0,200,ask,YieldingYams,WavyWalnuts,6199647
2026-07-03T21:13:54.097900,2026-07-03T21:13:54.105544+00:00,117.9,200,bid,WavyWalnuts,YieldingYams,6199665
2026-07-03T21:13:57.917128,2026-07-03T21:13:57.927989+00:00,117.8,500,ask,AverageAlmonds,YieldingYams,6199708
2026-07-03T21:13:57.917128,2026-07-03T21:13:57.927989+00:00,117.8,125,ask,WavyWalnuts,YieldingYams,6199709
2026-07-03T21:13:59.226340,2026-07-03T21:13:59.234060+00:00,118.0,200,bid,YieldingYams,WavyWalnuts,6199731
2026-07-03T21:14:00.538769,2026-07-03T21:14:00.558724+00:00,118.1,200,ask,WavyWalnuts,YieldingYams,6199751
2026-07-03T21:14:01.866371,2026-07-03T21:14:01.870051+00:00,118.0,7,bid,Xuanyu Liu,YieldingYams,6199765
2026-07-03T21:14:02.233429,2026-07-03T21:14:02.245160+00:00,118.0,20,bid,BrilliantBurritos,YieldingYams,6199773
2026-07-03T21:14:02.568868,2026-07-03T21:14:02.579406+00:00,118.0,200,bid,WavyWalnuts,YieldingYams,6199781
2026-07-03T21:14:05.830788,2026-07-03T21:14:05.834368+00:00,118.1,7,ask,YieldingYams,Xuanyu Liu,6199807
2026-07-03T21:14:06.199995,2026-07-03T21:14:06.210280+00:00,118.1,200,ask,YieldingYams,WavyWalnuts,6199811
2026-07-03T21:14:07.278223,2026-07-03T21:14:07.285445+00:00,118.4,20,bid,BrilliantBurritos,YieldingYams,6199823
2026-07-03T21:14:08.048761,2026-07-03T21:14:08.052137+00:00,118.3,23,bid,Xuanyu Liu,WavyWalnuts,6199832
2026-07-03T21:14:12.266531,2026-07-03T21:14:12.276590+00:00,118.3,200,bid,WavyWalnuts,YieldingYams,6199883
2026-07-03T21:14:13.550080,2026-07-03T21:14:13.558543+00:00,118.2,20,ask,YieldingYams,BrilliantBurritos,6199897
2026-07-03T21:14:14.700918,2026-07-03T21:14:14.704051+00:00,118.3,11,ask,WavyWalnuts,Xuanyu Liu,6199909
2026-07-03T21:14:17.009952,2026-07-03T21:14:17.021711+00:00,118.3,20,bid,BrilliantBurritos,WavyWalnuts,6199941
2026-07-03T21:14:23.161013,2026-07-03T21:14:23.169053+00:00,118.3,200,bid,WavyWalnuts,YieldingYams,6200019
2026-07-03T21:14:24.371299,2026-07-03T21:14:24.380003+00:00,118.4,200,bid,WavyWalnuts,YieldingYams,6200037
2026-07-03T21:14:26.793963,2026-07-03T21:14:26.801558+00:00,118.4,200,bid,WavyWalnuts,YieldingYams,6200075
2026-07-03T21:14:29.381428,2026-07-03T21:14:29.388750+00:00,118.4,20,bid,BrilliantBurritos,YieldingYams,6200101
2026-07-03T21:14:30.427526,2026-07-03T21:14:30.435995+00:00,118.3,200,bid,WavyWalnuts,YieldingYams,6200120
2026-07-03T21:14:31.588912,2026-07-03T21:14:31.595841+00:00,118.2,500,ask,YieldingYams,AverageAlmonds,6200134
2026-07-03T21:14:32.065465,2026-07-03T21:14:32.074267+00:00,118.1,200,ask,WavyWalnuts,YieldingYams,6200142
2026-07-03T21:14:32.080343,2026-07-03T21:14:32.084234+00:00,118.1,11,bid,Xuanyu Liu,YieldingYams,6200144
2026-07-03T21:14:32.793222,2026-07-03T21:14:32.800749+00:00,117.9,20,ask,YieldingYams,BrilliantBurritos,6200154
2026-07-03T21:14:34.052246,2026-07-03T21:14:34.058553+00:00,118.1,200,bid,WavyWalnuts,AverageAlmonds,6200168
2026-07-03T21:14:34.684031,2026-07-03T21:14:34.692464+00:00,118.1,500,bid,YieldingYams,AverageAlmonds,6200179
2026-07-03T21:14:35.226321,2026-07-03T21:14:35.238068+00:00,118.1,125,ask,YieldingYams,AverageAlmonds,6200185
2026-07-03T21:14:35.835023,2026-07-03T21:14:35.856075+00:00,118.0,200,ask,WavyWalnuts,AverageAlmonds,6200193
2026-07-03T21:14:35.852544,2026-07-03T21:14:35.856075+00:00,118.0,3,bid,Xuanyu Liu,AverageAlmonds,6200196
2026-07-03T21:14:38.065125,2026-07-03T21:14:38.076653+00:00,117.9,20,ask,WavyWalnuts,BrilliantBurritos,6200220
2026-07-03T21:14:38.611278,2026-07-03T21:14:38.618212+00:00,118.0,500,bid,YieldingYams,AverageAlmonds,6200226
2026-07-03T21:14:38.866261,2026-07-03T21:14:38.870325+00:00,118.0,125,ask,YieldingYams,AverageAlmonds,6200227
2026-07-03T21:14:38.886819,2026-07-03T21:14:38.897364+00:00,118.0,200,bid,WavyWalnuts,AverageAlmonds,6200230
2026-07-03T21:14:40.097796,2026-07-03T21:14:40.105895+00:00,117.9,200,bid,WavyWalnuts,YieldingYams,6200245
2026-07-03T21:14:41.222812,2026-07-03T21:14:41.229764+00:00,117.6,20,ask,YieldingYams,BrilliantBurritos,6200257
2026-07-03T21:14:41.306219,2026-07-03T21:14:41.316384+00:00,118.0,200,bid,WavyWalnuts,YieldingYams,6200259
2026-07-03T21:14:42.532436,2026-07-03T21:14:42.535689+00:00,117.9,3,ask,WavyWalnuts,Xuanyu Liu,6200279
2026-07-03T21:14:42.548160,2026-07-03T21:14:42.561751+00:00,117.9,197,ask,WavyWalnuts,YieldingYams,6200281
2026-07-03T21:14:43.097460,2026-07-03T21:14:43.108263+00:00,117.7,20,ask,YieldingYams,BrilliantBurritos,6200283
2026-07-03T21:14:43.855262,2026-07-03T21:14:43.854480+00:00,117.9,200,bid,YieldingYams,WavyWalnuts,6200300
2026-07-03T21:14:46.156418,2026-07-03T21:14:46.168933+00:00,117.9,200,ask,YieldingYams,WavyWalnuts,6200328
2026-07-03T21:14:48.575120,2026-07-03T21:14:48.585028+00:00,117.9,200,ask,YieldingYams,WavyWalnuts,6200360
2026-07-03T21:14:49.166290,2026-07-03T21:14:49.178011+00:00,118.0,20,bid,BrilliantBurritos,YieldingYams,6200368
2026-07-03T21:14:49.785658,2026-07-03T21:14:49.795435+00:00,117.8,200,ask,YieldingYams,WavyWalnuts,6200374
2026-07-03T21:14:50.414369,2026-07-03T21:14:50.417732+00:00,117.8,3,bid,Xuanyu Liu,YieldingYams,6200385
2026-07-03T21:14:50.990831,2026-07-03T21:14:51.000428+00:00,117.8,200,bid,WavyWalnuts,YieldingYams,6200393
2026-07-03T21:14:51.722745,2026-07-03T21:14:51.726316+00:00,117.9,3,ask,YieldingYams,Xuanyu Liu,6200408
2026-07-03T21:14:53.400227,2026-07-03T21:14:53.409194+00:00,118.0,20,bid,BrilliantBurritos,WavyWalnuts,6200429
2026-07-03T21:14:54.599304,2026-07-03T21:14:54.609968+00:00,117.9,20,ask,YieldingYams,BrilliantBurritos,6200446
2026-07-03T21:14:54.628724,2026-07-03T21:14:54.635690+00:00,117.9,200,ask,YieldingYams,WavyWalnuts,6200447
2026-07-03T21:14:55.834513,2026-07-03T21:14:55.842772+00:00,117.9,200,bid,WavyWalnuts,YieldingYams,6200462
2026-07-03T21:14:57.552310,2026-07-03T21:14:57.563902+00:00,118.0,20,ask,WavyWalnuts,BrilliantBurritos,6200482
2026-07-03T21:14:58.532519,2026-07-03T21:14:58.544080+00:00,118.0,20,bid,BrilliantBurritos,YieldingYams,6200494
2026-07-03T21:14:59.483375,2026-07-03T21:14:59.490094+00:00,118.0,200,bid,WavyWalnuts,YieldingYams,6200502
2026-07-03T21:15:02.456253,2026-07-03T21:15:02.463838+00:00,118.1,500,ask,YieldingYams,AverageAlmonds,6200545
2026-07-03T21:15:03.076048,2026-07-03T21:15:03.083434+00:00,118.1,125,ask,YieldingYams,AverageAlmonds,6200552
2026-07-03T21:15:03.549199,2026-07-03T21:15:03.556565+00:00,118.0,200,ask,WavyWalnuts,YieldingYams,6200564
2026-07-03T21:15:04.316892,2026-07-03T21:15:04.328412+00:00,118.0,200,bid,WavyWalnuts,YieldingYams,6200575
2026-07-03T21:15:05.538599,2026-07-03T21:15:05.542092+00:00,118.1,23,ask,WavyWalnuts,Xuanyu Liu,6200604
2026-07-03T21:15:08.746244,2026-07-03T21:15:08.758495+00:00,118.1,20,ask,YieldingYams,BrilliantBurritos,6200645
2026-07-03T21:15:08.790283,2026-07-03T21:15:08.798142+00:00,118.2,500,bid,YieldingYams,AverageAlmonds,6200646
2026-07-03T21:15:09.127324,2026-07-03T21:15:09.137478+00:00,118.2,125,ask,YieldingYams,AverageAlmonds,6200648
2026-07-03T21:15:10.363789,2026-07-03T21:15:10.374115+00:00,118.1,200,bid,WavyWalnuts,YieldingYams,6200667
2026-07-03T21:15:11.409034,2026-07-03T21:15:11.419920+00:00,118.1,500,bid,YieldingYams,AverageAlmonds,6200676
2026-07-03T21:15:11.426203,2026-07-03T21:15:11.430087+00:00,118.1,11,ask,YieldingYams,Xuanyu Liu,6200679
2026-07-03T21:15:11.535281,2026-07-03T21:15:11.543395+00:00,118.1,114,ask,YieldingYams,AverageAlmonds,6200680
2026-07-03T21:15:12.149082,2026-07-03T21:15:12.164563+00:00,118.0,200,ask,WavyWalnuts,AverageAlmonds,6200690
2026-07-03T21:15:12.779402,2026-07-03T21:15:12.785978+00:00,117.9,200,bid,WavyWalnuts,AverageAlmonds,6200697
2026-07-03T21:15:15.352608,2026-07-03T21:15:15.356003+00:00,117.9,12,ask,YieldingYams,Xuanyu Liu,6200739
2026-07-03T21:15:16.430895,2026-07-03T21:15:16.439136+00:00,117.9,200,ask,YieldingYams,WavyWalnuts,6200747
2026-07-03T21:15:17.958416,2026-07-03T21:15:17.968999+00:00,117.9,200,bid,YieldingYams,WavyWalnuts,6200770
2026-07-03T21:15:18.846424,2026-07-03T21:15:18.852931+00:00,117.9,200,ask,YieldingYams,WavyWalnuts,6200777
2026-07-03T21:15:20.051903,2026-07-03T21:15:20.059560+00:00,117.8,200,bid,WavyWalnuts,YieldingYams,6200795
2026-07-03T21:15:21.257956,2026-07-03T21:15:21.269308+00:00,117.9,200,bid,WavyWalnuts,YieldingYams,6200808
2026-07-03T21:15:24.001192,2026-07-03T21:15:24.005377+00:00,118.0,12,bid,Xuanyu Liu,AverageAlmonds,6200842
2026-07-03T21:15:24.248768,2026-07-03T21:15:24.258501+00:00,117.9,500,ask,YieldingYams,AverageAlmonds,6200848
2026-07-03T21:15:24.507298,2026-07-03T21:15:24.516094+00:00,117.9,200,ask,WavyWalnuts,YieldingYams,6200852
2026-07-03T21:15:24.521617,2026-07-03T21:15:24.525078+00:00,117.9,11,bid,Xuanyu Liu,YieldingYams,6200854
2026-07-03T21:15:26.060974,2026-07-03T21:15:26.069027+00:00,117.8,500,ask,YieldingYams,AverageAlmonds,6200865
2026-07-03T21:15:26.657266,2026-07-03T21:15:26.716562+00:00,117.8,125,ask,YieldingYams,AverageAlmonds,6200871
2026-07-03T21:15:26.712403,2026-07-03T21:15:26.716562+00:00,117.8,12,bid,Xuanyu Liu,AverageAlmonds,6200874
2026-07-03T21:15:27.126766,2026-07-03T21:15:27.138066+00:00,117.7,200,ask,WavyWalnuts,YieldingYams,6200883
2026-07-03T21:15:29.746167,2026-07-03T21:15:29.758808+00:00,117.6,200,ask,WavyWalnuts,YieldingYams,6200908
2026-07-03T21:15:30.938718,2026-07-03T21:15:30.945670+00:00,117.6,200,bid,WavyWalnuts,YieldingYams,6200922
2026-07-03T21:15:34.592991,2026-07-03T21:15:34.603229+00:00,117.7,200,ask,YieldingYams,WavyWalnuts,6200963
2026-07-03T21:15:34.896835,2026-07-03T21:15:34.908294+00:00,117.7,20,ask,YieldingYams,BrilliantBurritos,6200964
2026-07-03T21:15:37.613722,2026-07-03T21:15:37.621409+00:00,117.5,200,ask,WavyWalnuts,YieldingYams,6201017
2026-07-03T21:15:38.203787,2026-07-03T21:15:38.215592+00:00,117.5,20,bid,BrilliantBurritos,YieldingYams,6201020
2026-07-03T21:15:40.155876,2026-07-03T21:15:40.163926+00:00,117.3,20,ask,YieldingYams,BrilliantBurritos,6201060
2026-07-03T21:15:40.234035,2026-07-03T21:15:40.243519+00:00,117.3,500,ask,AverageAlmonds,YieldingYams,6201063
2026-07-03T21:15:40.591243,2026-07-03T21:15:40.601004+00:00,117.3,125,bid,AverageAlmonds,YieldingYams,6201070
2026-07-03T21:15:40.591243,2026-07-03T21:15:40.601004+00:00,117.4,200,bid,AverageAlmonds,WavyWalnuts,6201071
2026-07-03T21:15:41.540461,2026-07-03T21:15:41.547297+00:00,117.5,200,bid,YieldingYams,WavyWalnuts,6201078
2026-07-03T21:15:42.993036,2026-07-03T21:15:42.997301+00:00,117.6,14,bid,Xuanyu Liu,WavyWalnuts,6201106
2026-07-03T21:15:43.456604,2026-07-03T21:15:43.464820+00:00,117.5,20,ask,YieldingYams,BrilliantBurritos,6201114
2026-07-03T21:15:46.691155,2026-07-03T21:15:46.702271+00:00,117.4,200,ask,YieldingYams,WavyWalnuts,6201149
2026-07-03T21:15:47.632882,2026-07-03T21:15:47.644786+00:00,117.4,20,ask,AverageAlmonds,BrilliantBurritos,6201168
2026-07-03T21:15:49.064161,2026-07-03T21:15:49.075845+00:00,117.5,200,bid,AverageAlmonds,WavyWalnuts,6201179
2026-07-03T21:15:51.174599,2026-07-03T21:15:51.186478+00:00,117.7,20,bid,BrilliantBurritos,WavyWalnuts,6201201
2026-07-03T21:15:52.028741,2026-07-03T21:15:52.037451+00:00,117.7,200,bid,YieldingYams,WavyWalnuts,6201222
2026-07-03T21:15:52.754716,2026-07-03T21:15:52.758624+00:00,117.8,200,ask,YieldingYams,WavyWalnuts,6201232
2026-07-03T21:15:53.375569,2026-07-03T21:15:53.380930+00:00,117.7,3,bid,Xuanyu Liu,YieldingYams,6201249
2026-07-03T21:15:54.660094,2026-07-03T21:15:54.678012+00:00,117.6,200,ask,WavyWalnuts,YieldingYams,6201273
2026-07-03T21:15:54.674741,2026-07-03T21:15:54.678012+00:00,117.6,11,bid,Xuanyu Liu,YieldingYams,6201276
2026-07-03T21:15:56.411257,2026-07-03T21:15:56.414953+00:00,117.5,11,ask,WavyWalnuts,Xuanyu Liu,6201300
2026-07-03T21:15:57.220317,2026-07-03T21:15:57.231770+00:00,117.5,20,ask,WavyWalnuts,BrilliantBurritos,6201307
2026-07-03T21:15:57.287438,2026-07-03T21:15:57.296314+00:00,117.5,169,ask,WavyWalnuts,YieldingYams,6201309
2026-07-03T21:15:58.599313,2026-07-03T21:15:58.608740+00:00,117.4,200,ask,WavyWalnuts,YieldingYams,6201339
2026-07-03T21:15:58.815337,2026-07-03T21:15:58.825257+00:00,117.4,200,bid,WavyWalnuts,YieldingYams,6201343
2026-07-03T21:16:00.026670,2026-07-03T21:16:00.036351+00:00,117.6,200,bid,WavyWalnuts,YieldingYams,6201361
2026-07-03T21:16:01.252326,2026-07-03T21:16:01.255988+00:00,117.5,3,ask,WavyWalnuts,Xuanyu Liu,6201383
2026-07-03T21:16:07.779110,2026-07-03T21:16:07.789943+00:00,117.4,200,bid,YieldingYams,WavyWalnuts,6201464
2026-07-03T21:16:08.234165,2026-07-03T21:16:08.245943+00:00,117.6,20,bid,BrilliantBurritos,YieldingYams,6201472
2026-07-03T21:16:08.497215,2026-07-03T21:16:08.506455+00:00,117.4,200,ask,YieldingYams,WavyWalnuts,6201477
2026-07-03T21:16:09.705572,2026-07-03T21:16:09.712555+00:00,117.4,200,ask,AverageAlmonds,WavyWalnuts,6201493
2026-07-03T21:16:10.912102,2026-07-03T21:16:10.919392+00:00,117.5,200,ask,YieldingYams,WavyWalnuts,6201514
2026-07-03T21:16:12.119231,2026-07-03T21:16:12.128981+00:00,117.5,200,ask,YieldingYams,WavyWalnuts,6201535
2026-07-03T21:16:13.325896,2026-07-03T21:16:13.336764+00:00,117.6,200,ask,AverageAlmonds,WavyWalnuts,6201554
2026-07-03T21:16:14.478504,2026-07-03T21:16:14.489769+00:00,117.7,500,bid,AverageAlmonds,YieldingYams,6201565
2026-07-03T21:16:15.072391,2026-07-03T21:16:15.080865+00:00,117.6,200,bid,AverageAlmonds,WavyWalnuts,6201569
2026-07-03T21:16:15.072391,2026-07-03T21:16:15.080865+00:00,117.7,125,bid,AverageAlmonds,YieldingYams,6201570
2026-07-03T21:16:15.097080,2026-07-03T21:16:15.100403+00:00,117.8,14,ask,AverageAlmonds,Xuanyu Liu,6201572
2026-07-03T21:16:15.742944,2026-07-03T21:16:15.753740+00:00,117.8,200,ask,AverageAlmonds,WavyWalnuts,6201586
2026-07-03T21:16:16.949615,2026-07-03T21:16:16.959239+00:00,117.8,200,ask,AverageAlmonds,WavyWalnuts,6201603
2026-07-03T21:16:16.963936,2026-07-03T21:16:16.974993+00:00,117.8,300,ask,AverageAlmonds,YieldingYams,6201605
2026-07-03T21:16:17.510149,2026-07-03T21:16:17.520646+00:00,117.8,325,bid,AverageAlmonds,YieldingYams,6201610
2026-07-03T21:16:18.163548,2026-07-03T21:16:18.166602+00:00,117.9,17,bid,Xuanyu Liu,WavyWalnuts,6201621
2026-07-03T21:16:18.273173,2026-07-03T21:16:18.283292+00:00,117.8,500,ask,AverageAlmonds,YieldingYams,6201623
2026-07-03T21:16:18.288952,2026-07-03T21:16:18.292635+00:00,117.8,11,bid,Xuanyu Liu,YieldingYams,6201625
2026-07-03T21:16:18.714236,2026-07-03T21:16:18.724305+00:00,117.8,114,bid,AverageAlmonds,YieldingYams,6201630
2026-07-03T21:16:18.714236,2026-07-03T21:16:18.724305+00:00,117.9,183,bid,AverageAlmonds,WavyWalnuts,6201631
2026-07-03T21:16:20.568958,2026-07-03T21:16:20.579573+00:00,118.1,200,bid,WavyWalnuts,YieldingYams,6201656
2026-07-03T21:16:20.944715,2026-07-03T21:16:20.948385+00:00,118.1,14,ask,YieldingYams,Xuanyu Liu,6201665
2026-07-03T21:16:23.503389,2026-07-03T21:16:23.511843+00:00,118.3,200,bid,YieldingYams,WavyWalnuts,6201705
2026-07-03T21:16:23.503389,2026-07-03T21:16:23.511843+00:00,118.4,425,bid,YieldingYams,AverageAlmonds,6201706
2026-07-03T21:16:27.436057,2026-07-03T21:16:27.442495+00:00,118.3,200,bid,YieldingYams,WavyWalnuts,6201760
2026-07-03T21:16:27.825689,2026-07-03T21:16:27.837227+00:00,118.4,425,ask,YieldingYams,AverageAlmonds,6201771
2026-07-03T21:16:31.364532,2026-07-03T21:16:31.373512+00:00,118.2,200,ask,WavyWalnuts,YieldingYams,6201808
2026-07-03T21:16:34.838609,2026-07-03T21:16:34.846816+00:00,118.0,20,ask,WavyWalnuts,BrilliantBurritos,6201843
2026-07-03T21:16:35.291303,2026-07-03T21:16:35.299091+00:00,118.0,200,bid,YieldingYams,WavyWalnuts,6201849
2026-07-03T21:16:36.352914,2026-07-03T21:16:36.358622+00:00,118.1,200,ask,YieldingYams,WavyWalnuts,6201869
2026-07-03T21:16:37.561249,2026-07-03T21:16:37.567895+00:00,117.9,200,ask,YieldingYams,WavyWalnuts,6201882
2026-07-03T21:16:39.242222,2026-07-03T21:16:39.245996+00:00,118.1,3,ask,YieldingYams,Xuanyu Liu,6201917
2026-07-03T21:16:39.951265,2026-07-03T21:16:39.955009+00:00,118.2,3,bid,Xuanyu Liu,WavyWalnuts,6201926
2026-07-03T21:16:40.094438,2026-07-03T21:16:40.106074+00:00,118.1,20,ask,YieldingYams,BrilliantBurritos,6201930
2026-07-03T21:16:43.595961,2026-07-03T21:16:43.603240+00:00,118.0,200,bid,WavyWalnuts,YieldingYams,6201969
2026-07-03T21:16:47.242145,2026-07-03T21:16:47.250475+00:00,117.8,20,ask,YieldingYams,BrilliantBurritos,6202018
2026-07-03T21:16:49.648509,2026-07-03T21:16:49.657636+00:00,117.7,200,ask,YieldingYams,WavyWalnuts,6202046
2026-07-03T21:16:52.683927,2026-07-03T21:16:52.695264+00:00,117.8,20,bid,BrilliantBurritos,WavyWalnuts,6202087
2026-07-03T21:16:58.917262,2026-07-03T21:16:58.923814+00:00,117.5,200,ask,WavyWalnuts,YieldingYams,6202163
2026-07-03T21:16:59.300986,2026-07-03T21:16:59.309476+00:00,117.5,425,bid,AverageAlmonds,YieldingYams,6202168
2026-07-03T21:17:00.547952,2026-07-03T21:17:00.564078+00:00,117.6,200,ask,AverageAlmonds,WavyWalnuts,6202182
2026-07-03T21:17:01.540891,2026-07-03T21:17:01.551179+00:00,117.6,500,ask,AverageAlmonds,YieldingYams,6202197
2026-07-03T21:17:01.708477,2026-07-03T21:17:01.715866+00:00,117.6,125,bid,AverageAlmonds,YieldingYams,6202198
2026-07-03T21:17:01.761865,2026-07-03T21:17:01.769199+00:00,117.6,200,ask,AverageAlmonds,WavyWalnuts,6202202
2026-07-03T21:17:02.971258,2026-07-03T21:17:02.979891+00:00,117.9,200,ask,YieldingYams,WavyWalnuts,6202222
2026-07-03T21:17:04.182931,2026-07-03T21:17:04.189990+00:00,117.9,200,ask,YieldingYams,WavyWalnuts,6202234
2026-07-03T21:17:05.094022,2026-07-03T21:17:05.100756+00:00,118.1,20,bid,BrilliantBurritos,YieldingYams,6202241
2026-07-03T21:17:05.391457,2026-07-03T21:17:05.401325+00:00,117.9,200,ask,YieldingYams,WavyWalnuts,6202242
2026-07-03T21:17:05.493767,2026-07-03T21:17:05.497303+00:00,117.7,3,bid,Xuanyu Liu,YieldingYams,6202245
2026-07-03T21:17:06.246594,2026-07-03T21:17:06.258589+00:00,117.5,20,ask,YieldingYams,BrilliantBurritos,6202257
2026-07-03T21:17:06.598767,2026-07-03T21:17:06.607802+00:00,117.5,200,ask,YieldingYams,WavyWalnuts,6202266
2026-07-03T21:17:07.548562,2026-07-03T21:17:07.558610+00:00,117.7,20,bid,BrilliantBurritos,YieldingYams,6202273
2026-07-03T21:17:08.402846,2026-07-03T21:17:08.406279+00:00,117.5,3,ask,WavyWalnuts,Xuanyu Liu,6202282
2026-07-03T21:17:12.041645,2026-07-03T21:17:12.068722+00:00,117.7,200,bid,YieldingYams,WavyWalnuts,6202330
2026-07-03T21:17:12.075966,2026-07-03T21:17:12.079954+00:00,117.8,3,ask,YieldingYams,Xuanyu Liu,6202332
2026-07-03T21:17:13.357733,2026-07-03T21:17:13.368846+00:00,117.7,200,ask,WavyWalnuts,YieldingYams,6202348
2026-07-03T21:17:15.337263,2026-07-03T21:17:15.348801+00:00,117.6,20,bid,BrilliantBurritos,WavyWalnuts,6202375
2026-07-03T21:17:19.928282,2026-07-03T21:17:19.937934+00:00,117.6,200,ask,YieldingYams,WavyWalnuts,6202446
2026-07-03T21:17:21.135221,2026-07-03T21:17:21.144250+00:00,117.6,200,ask,YieldingYams,WavyWalnuts,6202459
2026-07-03T21:17:22.545029,2026-07-03T21:17:22.558582+00:00,117.6,200,bid,YieldingYams,WavyWalnuts,6202477
2026-07-03T21:17:23.552387,2026-07-03T21:17:23.564264+00:00,117.6,200,ask,YieldingYams,WavyWalnuts,6202484
2026-07-03T21:17:23.875559,2026-07-03T21:17:23.879008+00:00,117.5,3,bid,Xuanyu Liu,YieldingYams,6202486
2026-07-03T21:17:24.759972,2026-07-03T21:17:24.770090+00:00,117.5,200,bid,WavyWalnuts,YieldingYams,6202498
2026-07-03T21:17:25.540823,2026-07-03T21:17:25.550295+00:00,117.6,20,bid,BrilliantBurritos,YieldingYams,6202506
2026-07-03T21:17:25.969048,2026-07-03T21:17:25.976214+00:00,117.6,200,bid,WavyWalnuts,YieldingYams,6202513
2026-07-03T21:17:26.004807,2026-07-03T21:17:26.016582+00:00,117.6,20,bid,BrilliantBurritos,YieldingYams,6202514
2026-07-03T21:17:27.179718,2026-07-03T21:17:27.187322+00:00,117.6,200,ask,YieldingYams,WavyWalnuts,6202531
2026-07-03T21:17:28.385062,2026-07-03T21:17:28.395161+00:00,117.5,200,bid,WavyWalnuts,YieldingYams,6202542
2026-07-03T21:17:29.121625,2026-07-03T21:17:29.125301+00:00,117.4,3,bid,Xuanyu Liu,YieldingYams,6202557
2026-07-03T21:17:29.593374,2026-07-03T21:17:29.604551+00:00,117.4,200,bid,WavyWalnuts,YieldingYams,6202561
2026-07-03T21:17:30.801480,2026-07-03T21:17:30.809769+00:00,117.3,200,ask,YieldingYams,WavyWalnuts,6202580
2026-07-03T21:17:32.007861,2026-07-03T21:17:32.014418+00:00,117.3,200,ask,YieldingYams,WavyWalnuts,6202599
2026-07-03T21:17:33.215269,2026-07-03T21:17:33.222063+00:00,117.2,200,ask,YieldingYams,WavyWalnuts,6202612
2026-07-03T21:17:34.344771,2026-07-03T21:17:34.358561+00:00,117.5,20,bid,BrilliantBurritos,YieldingYams,6202625
2026-07-03T21:17:39.843288,2026-07-03T21:17:39.850966+00:00,117.2,20,ask,WavyWalnuts,BrilliantBurritos,6202705
2026-07-03T21:17:42.226919,2026-07-03T21:17:42.237080+00:00,117.2,200,ask,WavyWalnuts,YieldingYams,6202746
2026-07-03T21:17:42.243542,2026-07-03T21:17:42.247694+00:00,117.2,11,bid,Xuanyu Liu,YieldingYams,6202748
2026-07-03T21:17:42.874938,2026-07-03T21:17:42.880081+00:00,117.2,414,bid,AverageAlmonds,YieldingYams,6202754
2026-07-03T21:17:44.685229,2026-07-03T21:17:44.691992+00:00,117.4,500,bid,AverageAlmonds,YieldingYams,6202783
2026-07-03T21:17:44.844615,2026-07-03T21:17:44.854483+00:00,117.4,200,bid,YieldingYams,WavyWalnuts,6202786
2026-07-03T21:17:46.493870,2026-07-03T21:17:46.501074+00:00,117.4,20,ask,AverageAlmonds,BrilliantBurritos,6202817
2026-07-03T21:17:55.345208,2026-07-03T21:17:55.351878+00:00,117.4,500,ask,AverageAlmonds,YieldingYams,6202945
2026-07-03T21:17:55.345208,2026-07-03T21:17:55.358736+00:00,117.4,125,ask,WavyWalnuts,YieldingYams,6202946
2026-07-03T21:17:57.494683,2026-07-03T21:17:57.506188+00:00,117.4,200,ask,YieldingYams,WavyWalnuts,6202977
2026-07-03T21:18:01.135717,2026-07-03T21:18:01.139299+00:00,117.6,11,ask,WavyWalnuts,Xuanyu Liu,6203017
2026-07-03T21:18:01.158145,2026-07-03T21:18:01.169850+00:00,117.6,20,ask,WavyWalnuts,BrilliantBurritos,6203018
2026-07-03T21:18:03.116031,2026-07-03T21:18:03.123432+00:00,117.7,20,bid,BrilliantBurritos,YieldingYams,6203038
2026-07-03T21:18:04.760243,2026-07-03T21:18:04.770075+00:00,117.6,200,ask,YieldingYams,WavyWalnuts,6203056
2026-07-03T21:18:05.968750,2026-07-03T21:18:05.975672+00:00,117.6,200,ask,YieldingYams,WavyWalnuts,6203074
2026-07-03T21:18:07.164017,2026-07-03T21:18:07.167352+00:00,117.6,23,bid,Xuanyu Liu,YieldingYams,6203092
2026-07-03T21:18:08.459086,2026-07-03T21:18:08.468918+00:00,117.5,200,ask,WavyWalnuts,YieldingYams,6203106
2026-07-03T21:18:08.471996,2026-07-03T21:18:08.475462+00:00,117.5,11,bid,Xuanyu Liu,YieldingYams,6203108
2026-07-03T21:18:09.592294,2026-07-03T21:18:09.602316+00:00,117.5,200,bid,WavyWalnuts,YieldingYams,6203125
2026-07-03T21:18:11.908568,2026-07-03T21:18:11.919406+00:00,117.6,20,bid,BrilliantBurritos,WavyWalnuts,6203150
2026-07-03T21:18:12.008958,2026-07-03T21:18:12.017430+00:00,117.7,200,bid,WavyWalnuts,YieldingYams,6203154
2026-07-03T21:18:13.217450,2026-07-03T21:18:13.227109+00:00,117.7,200,bid,WavyWalnuts,YieldingYams,6203180
2026-07-03T21:18:14.845407,2026-07-03T21:18:14.851887+00:00,117.7,20,ask,YieldingYams,BrilliantBurritos,6203207
2026-07-03T21:18:16.042041,2026-07-03T21:18:16.058643+00:00,117.7,20,bid,BrilliantBurritos,AverageAlmonds,6203224
2026-07-03T21:18:17.353508,2026-07-03T21:18:17.365365+00:00,117.7,20,bid,BrilliantBurritos,WavyWalnuts,6203249
2026-07-03T21:18:18.957006,2026-07-03T21:18:18.951811+00:00,117.6,200,ask,WavyWalnuts,YieldingYams,6203275
2026-07-03T21:18:18.975992,2026-07-03T21:18:18.980193+00:00,117.6,12,bid,Xuanyu Liu,YieldingYams,6203277
2026-07-03T21:18:20.275528,2026-07-03T21:18:20.282885+00:00,117.5,200,ask,WavyWalnuts,YieldingYams,6203296
2026-07-03T21:18:21.698339,2026-07-03T21:18:21.708682+00:00,117.4,200,ask,YieldingYams,WavyWalnuts,6203320
2026-07-03T21:18:24.050565,2026-07-03T21:18:24.058619+00:00,117.6,20,bid,BrilliantBurritos,YieldingYams,6203357
2026-07-03T21:18:24.209404,2026-07-03T21:18:24.220351+00:00,117.4,200,ask,WavyWalnuts,YieldingYams,6203359
2026-07-03T21:18:26.918891,2026-07-03T21:18:26.930848+00:00,117.5,20,bid,BrilliantBurritos,AverageAlmonds,6203394
2026-07-03T21:18:27.749499,2026-07-03T21:18:27.758565+00:00,117.5,200,bid,WavyWalnuts,AverageAlmonds,6203409
