timestamp,recv_time,price,volume,aggressor_side,buyer,seller,trade_id
2026-07-08T14:00:00.559695,2026-07-08T14:00:00.563608+00:00,143.3,1,ask,,,12284884
2026-07-08T14:00:00.616828,2026-07-08T14:00:00.620391+00:00,143.3,2,ask,,,12284888
2026-07-08T14:00:01.600654,2026-07-08T14:00:01.609334+00:00,143.4,2,bid,,,12284907
2026-07-08T14:00:01.659271,2026-07-08T14:00:01.669526+00:00,143.3,500,ask,,,12284908
2026-07-08T14:00:01.761206,2026-07-08T14:00:01.756891+00:00,143.5,200,bid,,,12284918
2026-07-08T14:00:01.791973,2026-07-08T14:00:01.794550+00:00,143.2,8,ask,,,12284920
2026-07-08T14:00:02.978103,2026-07-08T14:00:02.986234+00:00,143.2,200,bid,,,12284931
2026-07-08T14:00:03.531640,2026-07-08T14:00:03.543115+00:00,143.3,20,bid,,,12284943
2026-07-08T14:00:03.675747,2026-07-08T14:00:03.683456+00:00,143.3,2,bid,,,12284946
2026-07-08T14:00:04.192960,2026-07-08T14:00:04.203714+00:00,143.3,200,bid,,,12284950
2026-07-08T14:00:06.354894,2026-07-08T14:00:06.358962+00:00,143.4,1,bid,,,12284983
2026-07-08T14:00:06.771308,2026-07-08T14:00:06.782766+00:00,143.4,2,bid,,,12284989
2026-07-08T14:00:09.617547,2026-07-08T14:00:09.621520+00:00,143.3,1,bid,,,12285037
2026-07-08T14:00:09.834527,2026-07-08T14:00:09.844048+00:00,143.3,2,bid,,,12285041
2026-07-08T14:00:10.246578,2026-07-08T14:00:10.258609+00:00,143.3,200,bid,,,12285052
2026-07-08T14:00:11.024448,2026-07-08T14:00:11.028234+00:00,143.2,1,bid,,,12285060
2026-07-08T14:00:11.114628,2026-07-08T14:00:11.122366+00:00,143.2,20,bid,,,12285062
2026-07-08T14:00:11.223479,2026-07-08T14:00:11.234007+00:00,143.2,20,bid,,,12285066
2026-07-08T14:00:11.286681,2026-07-08T14:00:11.290575+00:00,143.2,8,bid,,,12285070
2026-07-08T14:00:11.331351,2026-07-08T14:00:11.342661+00:00,143.2,20,bid,,,12285072
2026-07-08T14:00:11.334171,2026-07-08T14:00:11.342661+00:00,143.2,20,bid,,,12285073
2026-07-08T14:00:11.447190,2026-07-08T14:00:11.458601+00:00,143.2,20,bid,,,12285081
2026-07-08T14:00:11.455514,2026-07-08T14:00:11.458601+00:00,143.2,200,bid,,,12285082
2026-07-08T14:00:11.560400,2026-07-08T14:00:11.568981+00:00,143.2,20,bid,,,12285085
2026-07-08T14:00:12.278594,2026-07-08T14:00:12.282501+00:00,143.0,8,ask,,,12285101
2026-07-08T14:00:12.421242,2026-07-08T14:00:12.425597+00:00,143.1,1,ask,,,12285106
2026-07-08T14:00:14.392618,2026-07-08T14:00:14.399970+00:00,143.2,20,bid,,,12285136
2026-07-08T14:00:14.925451,2026-07-08T14:00:14.936808+00:00,143.2,2,bid,,,12285157
2026-07-08T14:00:16.858528,2026-07-08T14:00:16.870104+00:00,143.1,61,bid,,,12285186
2026-07-08T14:00:16.885481,2026-07-08T14:00:16.896378+00:00,143.1,20,bid,,,12285190
2026-07-08T14:00:16.994071,2026-07-08T14:00:17.001393+00:00,143.1,1,bid,,,12285197
2026-07-08T14:00:16.997011,2026-07-08T14:00:17.006643+00:00,143.1,20,bid,,,12285198
2026-07-08T14:00:17.523044,2026-07-08T14:00:17.525413+00:00,143.0,200,ask,,,12285213
2026-07-08T14:00:17.564034,2026-07-08T14:00:17.572185+00:00,143.0,8,ask,,,12285215
2026-07-08T14:00:17.877789,2026-07-08T14:00:17.881478+00:00,142.9,8,bid,,,12285218
2026-07-08T14:00:18.063712,2026-07-08T14:00:18.075428+00:00,143.0,1,bid,,,12285225
2026-07-08T14:00:18.666615,2026-07-08T14:00:18.670325+00:00,142.7,8,ask,,,12285237
2026-07-08T14:00:18.747232,2026-07-08T14:00:18.750924+00:00,142.8,3,ask,,,12285239
2026-07-08T14:00:18.906668,2026-07-08T14:00:18.918428+00:00,142.8,20,ask,,,12285249
2026-07-08T14:00:19.016834,2026-07-08T14:00:19.028369+00:00,142.8,20,ask,,,12285253
2026-07-08T14:00:19.130314,2026-07-08T14:00:19.141874+00:00,142.8,20,ask,,,12285263
2026-07-08T14:00:19.261052,2026-07-08T14:00:19.270817+00:00,142.8,20,ask,,,12285265
2026-07-08T14:00:19.280004,2026-07-08T14:00:19.291541+00:00,142.8,1,ask,,,12285268
2026-07-08T14:00:19.375323,2026-07-08T14:00:19.384717+00:00,142.8,20,ask,,,12285275
2026-07-08T14:00:19.490278,2026-07-08T14:00:19.500568+00:00,142.8,20,ask,,,12285282
2026-07-08T14:00:19.807497,2026-07-08T14:00:19.815316+00:00,142.8,20,ask,,,12285291
2026-07-08T14:00:20.031714,2026-07-08T14:00:20.043495+00:00,142.8,8,bid,,,12285297
2026-07-08T14:00:20.182425,2026-07-08T14:00:20.189266+00:00,142.8,192,bid,,,12285303
2026-07-08T14:00:20.485688,2026-07-08T14:00:20.497587+00:00,142.9,8,bid,,,12285308
2026-07-08T14:00:21.144725,2026-07-08T14:00:21.154567+00:00,142.8,200,ask,,,12285322
2026-07-08T14:00:22.353486,2026-07-08T14:00:22.358650+00:00,142.7,200,bid,,,12285344
2026-07-08T14:00:22.843184,2026-07-08T14:00:22.855005+00:00,142.6,20,ask,,,12285360
2026-07-08T14:00:22.957456,2026-07-08T14:00:22.968803+00:00,142.8,17,bid,,,12285365
2026-07-08T14:00:23.001793,2026-07-08T14:00:23.009938+00:00,142.6,20,ask,,,12285368
2026-07-08T14:00:23.517028,2026-07-08T14:00:23.524350+00:00,142.8,2,bid,,,12285381
2026-07-08T14:00:24.117190,2026-07-08T14:00:24.128242+00:00,142.7,200,bid,,,12285394
2026-07-08T14:00:24.165465,2026-07-08T14:00:24.177251+00:00,142.8,20,ask,,,12285397
2026-07-08T14:00:24.580192,2026-07-08T14:00:24.591352+00:00,142.8,20,ask,,,12285405
2026-07-08T14:00:24.701906,2026-07-08T14:00:24.715131+00:00,142.8,20,ask,,,12285409
2026-07-08T14:00:24.772296,2026-07-08T14:00:24.783583+00:00,142.8,200,ask,,,12285413
2026-07-08T14:00:25.569760,2026-07-08T14:00:25.576142+00:00,142.9,2,bid,,,12285422
2026-07-08T14:00:25.626089,2026-07-08T14:00:25.637709+00:00,142.9,20,bid,,,12285424
2026-07-08T14:00:26.745711,2026-07-08T14:00:26.754625+00:00,142.8,200,bid,,,12285445
2026-07-08T14:00:28.952681,2026-07-08T14:00:28.964544+00:00,142.7,5,ask,,,12285475
2026-07-08T14:00:29.616510,2026-07-08T14:00:29.625559+00:00,142.8,200,ask,,,12285492
2026-07-08T14:00:29.862605,2026-07-08T14:00:29.879835+00:00,143.0,2,bid,,,12285498
2026-07-08T14:00:30.825635,2026-07-08T14:00:30.833794+00:00,142.9,200,bid,,,12285513
2026-07-08T14:00:32.065742,2026-07-08T14:00:32.072548+00:00,142.8,2,ask,,,12285538
2026-07-08T14:00:33.009150,2026-07-08T14:00:33.020883+00:00,142.9,2,bid,,,12285553
2026-07-08T14:00:33.322010,2026-07-08T14:00:33.329908+00:00,142.8,200,ask,,,12285562
2026-07-08T14:00:34.084117,2026-07-08T14:00:34.093342+00:00,142.7,1,ask,,,12285574
2026-07-08T14:00:34.450406,2026-07-08T14:00:34.454881+00:00,142.8,1,bid,,,12285578
2026-07-08T14:00:34.652284,2026-07-08T14:00:34.663012+00:00,142.8,2,ask,,,12285589
2026-07-08T14:00:34.851912,2026-07-08T14:00:34.862227+00:00,142.8,35,ask,,,12285591
2026-07-08T14:00:35.141110,2026-07-08T14:00:35.158611+00:00,142.8,1,ask,,,12285601
2026-07-08T14:00:35.547570,2026-07-08T14:00:35.556986+00:00,142.8,20,ask,,,12285603
2026-07-08T14:00:35.674215,2026-07-08T14:00:35.682280+00:00,142.8,200,ask,,,12285604
2026-07-08T14:00:36.230176,2026-07-08T14:00:36.237409+00:00,142.8,1,ask,,,12285617
2026-07-08T14:00:36.885128,2026-07-08T14:00:36.894032+00:00,142.8,200,ask,,,12285634
2026-07-08T14:00:37.309651,2026-07-08T14:00:37.321319+00:00,142.7,1,ask,,,12285640
2026-07-08T14:00:38.093050,2026-07-08T14:00:38.101436+00:00,142.8,200,bid,,,12285656
2026-07-08T14:00:38.357874,2026-07-08T14:00:38.364584+00:00,142.6,1,ask,,,12285661
2026-07-08T14:00:39.415255,2026-07-08T14:00:39.423701+00:00,142.8,1,ask,,,12285685
2026-07-08T14:00:40.495522,2026-07-08T14:00:40.506905+00:00,142.7,1,ask,,,12285709
2026-07-08T14:00:41.569798,2026-07-08T14:00:41.581454+00:00,142.7,1,ask,,,12285721
2026-07-08T14:00:41.728473,2026-07-08T14:00:41.737932+00:00,142.7,200,ask,,,12285726
2026-07-08T14:00:42.491123,2026-07-08T14:00:42.499215+00:00,142.7,8,ask,,,12285743
2026-07-08T14:00:42.634218,2026-07-08T14:00:42.642780+00:00,142.6,1,ask,,,12285746
2026-07-08T14:00:42.858022,2026-07-08T14:00:42.869396+00:00,142.7,500,bid,,,12285747
2026-07-08T14:00:43.456087,2026-07-08T14:00:43.458067+00:00,142.7,117,bid,,,12285757
2026-07-08T14:00:43.456087,2026-07-08T14:00:43.469585+00:00,142.7,200,bid,,,12285758
2026-07-08T14:00:43.456087,2026-07-08T14:00:43.469585+00:00,142.7,8,bid,,,12285759
2026-07-08T14:00:43.686660,2026-07-08T14:00:43.691172+00:00,143.0,8,ask,,,12285765
2026-07-08T14:00:43.819981,2026-07-08T14:00:43.828152+00:00,143.0,3,ask,,,12285770
2026-07-08T14:00:44.151704,2026-07-08T14:00:44.169695+00:00,143.0,200,ask,,,12285771
2026-07-08T14:00:44.802685,2026-07-08T14:00:44.810457+00:00,143.0,1,ask,,,12285785
2026-07-08T14:00:45.149343,2026-07-08T14:00:45.154035+00:00,143.0,1,bid,,,12285792
2026-07-08T14:00:45.362891,2026-07-08T14:00:45.374478+00:00,142.9,200,ask,,,12285798
2026-07-08T14:00:45.850951,2026-07-08T14:00:45.857454+00:00,142.9,1,ask,,,12285805
2026-07-08T14:00:46.217111,2026-07-08T14:00:46.221750+00:00,143.0,1,bid,,,12285810
2026-07-08T14:00:46.920558,2026-07-08T14:00:46.929573+00:00,143.0,1,ask,,,12285821
2026-07-08T14:00:47.837784,2026-07-08T14:00:47.847436+00:00,143.0,20,ask,,,12285835
2026-07-08T14:00:47.895716,2026-07-08T14:00:47.901907+00:00,143.0,1,ask,,,12285838
2026-07-08T14:00:47.974746,2026-07-08T14:00:47.987493+00:00,143.0,1,ask,,,12285840
2026-07-08T14:00:48.329949,2026-07-08T14:00:48.335644+00:00,143.0,1,ask,,,12285849
2026-07-08T14:00:49.026176,2026-07-08T14:00:49.033987+00:00,142.9,1,ask,,,12285865
2026-07-08T14:00:50.068958,2026-07-08T14:00:50.075649+00:00,142.8,1,ask,,,12285878
2026-07-08T14:00:51.115840,2026-07-08T14:00:51.122542+00:00,142.8,1,ask,,,12285899
2026-07-08T14:00:52.161201,2026-07-08T14:00:52.168881+00:00,142.8,1,ask,,,12285925
2026-07-08T14:00:53.003815,2026-07-08T14:00:53.014401+00:00,142.9,200,bid,,,12285947
2026-07-08T14:00:53.003815,2026-07-08T14:00:53.014401+00:00,143.0,8,bid,,,12285948
2026-07-08T14:00:53.031020,2026-07-08T14:00:53.038316+00:00,143.0,12,ask,,,12285950
2026-07-08T14:00:53.097167,2026-07-08T14:00:53.108904+00:00,143.0,25,ask,,,12285951
2026-07-08T14:00:53.222241,2026-07-08T14:00:53.232120+00:00,143.0,1,ask,,,12285956
2026-07-08T14:00:53.469622,2026-07-08T14:00:53.473529+00:00,143.2,12,bid,,,12285964
2026-07-08T14:00:53.523483,2026-07-08T14:00:53.527632+00:00,143.2,1,bid,,,12285968
2026-07-08T14:00:53.863761,2026-07-08T14:00:53.870335+00:00,143.0,200,ask,,,12285975
2026-07-08T14:00:54.341733,2026-07-08T14:00:54.346146+00:00,143.0,13,bid,,,12285982
2026-07-08T14:00:55.269822,2026-07-08T14:00:55.280349+00:00,143.0,2,bid,,,12285999
2026-07-08T14:00:56.630816,2026-07-08T14:00:56.635216+00:00,142.9,3,ask,,,12286024
2026-07-08T14:00:57.325534,2026-07-08T14:00:57.335914+00:00,142.8,1,ask,,,12286040
2026-07-08T14:00:58.363501,2026-07-08T14:00:58.370862+00:00,142.8,1,ask,,,12286055
2026-07-08T14:00:59.409179,2026-07-08T14:00:59.416875+00:00,142.9,1,ask,,,12286070
2026-07-08T14:00:59.576060,2026-07-08T14:00:59.586432+00:00,142.9,199,ask,,,12286078
2026-07-08T14:00:59.576060,2026-07-08T14:00:59.586432+00:00,142.9,426,ask,,,12286079
2026-07-08T14:01:00.454114,2026-07-08T14:01:00.457200+00:00,142.8,1,ask,,,12286088
2026-07-08T14:01:00.887287,2026-07-08T14:01:00.907926+00:00,143.0,200,bid,,,12286097
2026-07-08T14:01:00.887287,2026-07-08T14:01:00.907926+00:00,143.1,8,bid,,,12286098
2026-07-08T14:01:00.904079,2026-07-08T14:01:00.907926+00:00,143.1,11,ask,,,12286100
2026-07-08T14:01:00.996850,2026-07-08T14:01:01.008721+00:00,143.1,20,ask,,,12286102
2026-07-08T14:01:01.127767,2026-07-08T14:01:01.135371+00:00,143.1,200,ask,,,12286106
2026-07-08T14:01:02.204572,2026-07-08T14:01:02.212751+00:00,143.0,8,ask,,,12286133
2026-07-08T14:01:02.219678,2026-07-08T14:01:02.223819+00:00,142.9,11,bid,,,12286135
2026-07-08T14:01:03.518819,2026-07-08T14:01:03.527382+00:00,142.8,1,ask,,,12286159
2026-07-08T14:01:03.570178,2026-07-08T14:01:03.574524+00:00,142.9,11,ask,,,12286161
2026-07-08T14:01:04.567822,2026-07-08T14:01:04.579286+00:00,142.9,1,ask,,,12286177
2026-07-08T14:01:05.612401,2026-07-08T14:01:05.619399+00:00,142.9,1,ask,,,12286196
2026-07-08T14:01:05.965344,2026-07-08T14:01:05.969356+00:00,142.9,1,ask,,,12286203
2026-07-08T14:01:06.653860,2026-07-08T14:01:06.663710+00:00,142.9,1,ask,,,12286223
2026-07-08T14:01:07.451409,2026-07-08T14:01:07.459415+00:00,142.9,500,ask,,,12286235
2026-07-08T14:01:07.451409,2026-07-08T14:01:07.459415+00:00,142.9,125,ask,,,12286236
2026-07-08T14:01:07.720081,2026-07-08T14:01:07.728074+00:00,142.9,1,ask,,,12286240
2026-07-08T14:01:08.768409,2026-07-08T14:01:08.779498+00:00,143.0,1,ask,,,12286262
2026-07-08T14:01:09.645420,2026-07-08T14:01:09.656995+00:00,143.0,20,ask,,,12286271
2026-07-08T14:01:11.421088,2026-07-08T14:01:11.427462+00:00,143.0,200,ask,,,12286305
2026-07-08T14:01:11.464598,2026-07-08T14:01:11.469235+00:00,143.0,1,bid,,,12286308
2026-07-08T14:01:13.607599,2026-07-08T14:01:13.619499+00:00,142.9,20,bid,,,12286334
2026-07-08T14:01:13.755334,2026-07-08T14:01:13.753472+00:00,142.9,180,bid,,,12286335
2026-07-08T14:01:16.668517,2026-07-08T14:01:16.676156+00:00,143.0,500,ask,,,12286379
2026-07-08T14:01:16.874332,2026-07-08T14:01:16.884233+00:00,143.0,2,bid,,,12286382
2026-07-08T14:01:17.406757,2026-07-08T14:01:17.416809+00:00,143.0,123,bid,,,12286394
2026-07-08T14:01:17.406757,2026-07-08T14:01:17.416809+00:00,143.0,200,bid,,,12286395
2026-07-08T14:01:17.470984,2026-07-08T14:01:17.475577+00:00,143.2,8,ask,,,12286401
2026-07-08T14:01:17.679663,2026-07-08T14:01:17.693036+00:00,143.6,8,bid,,,12286403
2026-07-08T14:01:17.796999,2026-07-08T14:01:17.800767+00:00,143.2,3,ask,,,12286406
2026-07-08T14:01:17.810111,2026-07-08T14:01:17.813754+00:00,143.2,1,ask,,,12286410
2026-07-08T14:01:17.963062,2026-07-08T14:01:17.972933+00:00,143.2,1,ask,,,12286414
2026-07-08T14:01:18.068999,2026-07-08T14:01:18.080968+00:00,143.5,20,bid,,,12286416
2026-07-08T14:01:18.083236,2026-07-08T14:01:18.091188+00:00,143.2,3,ask,,,12286418
2026-07-08T14:01:18.083236,2026-07-08T14:01:18.091188+00:00,143.2,197,ask,,,12286419
2026-07-08T14:01:19.300008,2026-07-08T14:01:19.308825+00:00,143.2,8,ask,,,12286440
2026-07-08T14:01:19.300008,2026-07-08T14:01:19.308825+00:00,143.2,192,ask,,,12286441
2026-07-08T14:01:19.321127,2026-07-08T14:01:19.324915+00:00,143.4,9,bid,,,12286444
2026-07-08T14:01:20.007919,2026-07-08T14:01:20.011981+00:00,143.4,1,bid,,,12286456
2026-07-08T14:01:20.268530,2026-07-08T14:01:20.280131+00:00,143.4,2,bid,,,12286464
2026-07-08T14:01:20.858855,2026-07-08T14:01:20.863362+00:00,143.4,1,bid,,,12286472
2026-07-08T14:01:21.264820,2026-07-08T14:01:21.268831+00:00,143.4,1,bid,,,12286476
2026-07-08T14:01:21.462146,2026-07-08T14:01:21.472878+00:00,143.3,1,ask,,,12286478
2026-07-08T14:01:22.487431,2026-07-08T14:01:22.491676+00:00,143.5,1,bid,,,12286500
2026-07-08T14:01:23.048698,2026-07-08T14:01:23.058567+00:00,143.3,20,ask,,,12286508
2026-07-08T14:01:23.249492,2026-07-08T14:01:23.254462+00:00,143.4,10,bid,,,12286518
2026-07-08T14:01:24.138219,2026-07-08T14:01:24.150090+00:00,143.4,200,bid,,,12286527
2026-07-08T14:01:25.286513,2026-07-08T14:01:25.296000+00:00,143.6,1,bid,,,12286544
2026-07-08T14:01:25.355039,2026-07-08T14:01:25.368701+00:00,143.4,200,ask,,,12286547
2026-07-08T14:01:25.526705,2026-07-08T14:01:25.536956+00:00,143.6,2,bid,,,12286554
2026-07-08T14:01:25.903307,2026-07-08T14:01:25.908041+00:00,143.5,3,bid,,,12286560
2026-07-08T14:01:26.742213,2026-07-08T14:01:26.754132+00:00,143.3,20,bid,,,12286573
2026-07-08T14:01:29.610647,2026-07-08T14:01:29.614596+00:00,143.1,2,ask,,,12286637
2026-07-08T14:01:30.600775,2026-07-08T14:01:30.612572+00:00,143.2,2,bid,,,12286654
2026-07-08T14:01:31.465876,2026-07-08T14:01:31.469529+00:00,142.9,1,ask,,,12286673
2026-07-08T14:01:31.640839,2026-07-08T14:01:31.650764+00:00,142.9,1,ask,,,12286677
2026-07-08T14:01:31.750779,2026-07-08T14:01:31.754418+00:00,142.9,1,ask,,,12286680
2026-07-08T14:01:32.454334,2026-07-08T14:01:32.458102+00:00,143.0,10,ask,,,12286697
2026-07-08T14:01:32.681819,2026-07-08T14:01:32.689998+00:00,143.0,1,ask,,,12286702
2026-07-08T14:01:33.761694,2026-07-08T14:01:33.768709+00:00,143.0,1,ask,,,12286715
2026-07-08T14:01:33.826619,2026-07-08T14:01:33.837356+00:00,143.0,200,ask,,,12286720
2026-07-08T14:01:35.036030,2026-07-08T14:01:35.045416+00:00,143.0,200,ask,,,12286747
2026-07-08T14:01:35.364555,2026-07-08T14:01:35.368779+00:00,143.1,1,bid,,,12286753
2026-07-08T14:01:35.801684,2026-07-08T14:01:35.813359+00:00,143.1,2,bid,,,12286759
2026-07-08T14:01:36.276533,2026-07-08T14:01:36.280800+00:00,143.0,10,bid,,,12286781
2026-07-08T14:01:36.396430,2026-07-08T14:01:36.405419+00:00,143.0,190,bid,,,12286783
2026-07-08T14:01:36.839620,2026-07-08T14:01:36.858629+00:00,143.0,1,ask,,,12286795
2026-07-08T14:01:37.707871,2026-07-08T14:01:37.719607+00:00,143.1,500,ask,,,12286809
2026-07-08T14:01:37.707871,2026-07-08T14:01:37.719607+00:00,143.1,125,ask,,,12286810
2026-07-08T14:01:37.879609,2026-07-08T14:01:37.886258+00:00,143.1,1,ask,,,12286815
2026-07-08T14:01:39.436839,2026-07-08T14:01:39.440660+00:00,143.2,1,bid,,,12286852
2026-07-08T14:01:39.795726,2026-07-08T14:01:39.807253+00:00,143.2,500,bid,,,12286862
2026-07-08T14:01:39.884806,2026-07-08T14:01:39.899455+00:00,143.2,124,bid,,,12286866
2026-07-08T14:01:39.920744,2026-07-08T14:01:39.932328+00:00,143.4,2,bid,,,12286867
2026-07-08T14:01:41.094896,2026-07-08T14:01:41.101684+00:00,143.2,200,ask,,,12286889
2026-07-08T14:01:41.676307,2026-07-08T14:01:41.680104+00:00,143.3,2,bid,,,12286897
2026-07-08T14:01:42.841788,2026-07-08T14:01:42.849118+00:00,143.3,500,bid,,,12286919
2026-07-08T14:01:42.972534,2026-07-08T14:01:42.983162+00:00,143.3,200,bid,,,12286921
2026-07-08T14:01:43.507129,2026-07-08T14:01:43.516457+00:00,143.3,200,ask,,,12286935
2026-07-08T14:01:43.863628,2026-07-08T14:01:43.875751+00:00,143.5,1,bid,,,12286941
2026-07-08T14:01:43.985848,2026-07-08T14:01:44.000119+00:00,143.5,2,bid,,,12286944
2026-07-08T14:01:44.291746,2026-07-08T14:01:44.299391+00:00,143.2,500,ask,,,12286954
2026-07-08T14:01:44.291746,2026-07-08T14:01:44.304608+00:00,143.2,8,ask,,,12286955
2026-07-08T14:01:44.644956,2026-07-08T14:01:44.651988+00:00,143.2,117,bid,,,12286961
2026-07-08T14:01:45.024137,2026-07-08T14:01:45.030548+00:00,143.2,1,ask,,,12286965
2026-07-08T14:01:45.147354,2026-07-08T14:01:45.163704+00:00,143.2,20,ask,,,12286969
2026-07-08T14:01:45.618460,2026-07-08T14:01:45.622132+00:00,143.3,1,ask,,,12286986
2026-07-08T14:01:45.913153,2026-07-08T14:01:45.922024+00:00,143.5,1,bid,,,12286996
2026-07-08T14:01:47.022448,2026-07-08T14:01:47.034229+00:00,143.3,20,ask,,,12287017
2026-07-08T14:01:47.171515,2026-07-08T14:01:47.175588+00:00,143.3,1,ask,,,12287023
2026-07-08T14:01:47.256428,2026-07-08T14:01:47.260894+00:00,143.4,2,bid,,,12287028
2026-07-08T14:01:47.861318,2026-07-08T14:01:47.869811+00:00,143.3,20,ask,,,12287035
2026-07-08T14:01:48.071732,2026-07-08T14:01:48.083420+00:00,143.4,2,bid,,,12287041
2026-07-08T14:01:48.222895,2026-07-08T14:01:48.232712+00:00,143.4,196,bid,,,12287046
2026-07-08T14:01:49.110650,2026-07-08T14:01:49.121587+00:00,143.4,1,ask,,,12287054
2026-07-08T14:01:49.551173,2026-07-08T14:01:49.560065+00:00,143.5,20,bid,,,12287064
2026-07-08T14:01:49.560757,2026-07-08T14:01:49.570296+00:00,143.4,200,ask,,,12287065
2026-07-08T14:01:51.157810,2026-07-08T14:01:51.169125+00:00,143.4,2,bid,,,12287103
2026-07-08T14:01:51.917844,2026-07-08T14:01:51.926479+00:00,143.4,198,bid,,,12287116
2026-07-08T14:01:52.195749,2026-07-08T14:01:52.203437+00:00,143.4,1,ask,,,12287125
2026-07-08T14:01:56.290976,2026-07-08T14:01:56.297824+00:00,143.4,1,bid,,,12287195
2026-07-08T14:01:57.322762,2026-07-08T14:01:57.331926+00:00,143.2,1,ask,,,12287217
2026-07-08T14:01:57.399283,2026-07-08T14:01:57.409698+00:00,143.4,200,bid,,,12287218
2026-07-08T14:01:57.406054,2026-07-08T14:01:57.421974+00:00,143.4,8,ask,,,12287219
2026-07-08T14:01:57.418263,2026-07-08T14:01:57.421974+00:00,143.4,3,ask,,,12287221
2026-07-08T14:01:58.368301,2026-07-08T14:01:58.375193+00:00,143.4,1,ask,,,12287238
2026-07-08T14:01:58.501984,2026-07-08T14:01:58.506474+00:00,143.4,1,ask,,,12287243
2026-07-08T14:01:59.409364,2026-07-08T14:01:59.417539+00:00,143.3,1,ask,,,12287266
2026-07-08T14:02:00.039854,2026-07-08T14:02:00.043709+00:00,143.4,10,ask,,,12287287
2026-07-08T14:02:00.459678,2026-07-08T14:02:00.469137+00:00,143.4,1,ask,,,12287294
2026-07-08T14:02:01.330171,2026-07-08T14:02:01.348637+00:00,143.6,200,bid,,,12287302
2026-07-08T14:02:01.330171,2026-07-08T14:02:01.348637+00:00,143.6,8,bid,,,12287303
2026-07-08T14:02:01.345018,2026-07-08T14:02:01.348637+00:00,143.6,23,ask,,,12287305
2026-07-08T14:02:01.503174,2026-07-08T14:02:01.512627+00:00,143.6,1,ask,,,12287308
2026-07-08T14:02:01.691485,2026-07-08T14:02:01.702043+00:00,143.6,2,ask,,,12287312
2026-07-08T14:02:02.550176,2026-07-08T14:02:02.560641+00:00,143.6,1,ask,,,12287324
2026-07-08T14:02:02.684179,2026-07-08T14:02:02.688665+00:00,143.7,12,ask,,,12287329
2026-07-08T14:02:02.905752,2026-07-08T14:02:02.916666+00:00,143.7,25,ask,,,12287332
2026-07-08T14:02:02.934453,2026-07-08T14:02:02.938756+00:00,143.7,1,ask,,,12287335
2026-07-08T14:02:03.335813,2026-07-08T14:02:03.339600+00:00,143.8,1,bid,,,12287341
2026-07-08T14:02:03.628068,2026-07-08T14:02:03.640889+00:00,143.7,1,ask,,,12287352
2026-07-08T14:02:04.136547,2026-07-08T14:02:04.147799+00:00,143.8,14,bid,,,12287370
2026-07-08T14:02:04.704456,2026-07-08T14:02:04.713801+00:00,143.6,1,ask,,,12287383
2026-07-08T14:02:05.743578,2026-07-08T14:02:05.748503+00:00,143.7,1,ask,,,12287394
2026-07-08T14:02:05.888363,2026-07-08T14:02:05.892142+00:00,143.8,1,bid,,,12287396
2026-07-08T14:02:06.730388,2026-07-08T14:02:06.737673+00:00,143.8,500,bid,,,12287407
2026-07-08T14:02:07.076977,2026-07-08T14:02:07.085012+00:00,143.8,125,ask,,,12287423
2026-07-08T14:02:07.678188,2026-07-08T14:02:07.684751+00:00,143.7,200,ask,,,12287429
2026-07-08T14:02:07.764829,2026-07-08T14:02:07.768378+00:00,143.5,8,bid,,,12287434
2026-07-08T14:02:07.814738,2026-07-08T14:02:07.818662+00:00,143.7,1,bid,,,12287438
2026-07-08T14:02:08.039275,2026-07-08T14:02:08.048141+00:00,143.7,299,bid,,,12287442
2026-07-08T14:02:08.039275,2026-07-08T14:02:08.048141+00:00,143.7,200,bid,,,12287443
2026-07-08T14:02:08.275048,2026-07-08T14:02:08.282307+00:00,143.7,126,ask,,,12287447
2026-07-08T14:02:08.829690,2026-07-08T14:02:08.838637+00:00,143.7,1,bid,,,12287455
2026-07-08T14:02:09.351002,2026-07-08T14:02:09.373370+00:00,143.6,200,ask,,,12287467
2026-07-08T14:02:09.369540,2026-07-08T14:02:09.373370+00:00,143.6,1,bid,,,12287471
2026-07-08T14:02:09.382028,2026-07-08T14:02:09.385931+00:00,143.6,1,bid,,,12287473
2026-07-08T14:02:09.407377,2026-07-08T14:02:09.411322+00:00,143.6,11,bid,,,12287475
2026-07-08T14:02:09.423937,2026-07-08T14:02:09.432353+00:00,143.6,1,bid,,,12287476
2026-07-08T14:02:09.463526,2026-07-08T14:02:09.475282+00:00,143.4,20,ask,,,12287478
2026-07-08T14:02:09.849362,2026-07-08T14:02:09.854150+00:00,143.6,1,bid,,,12287484
2026-07-08T14:02:10.245058,2026-07-08T14:02:10.252856+00:00,143.6,1,bid,,,12287487
2026-07-08T14:02:10.247920,2026-07-08T14:02:10.252856+00:00,143.6,200,bid,,,12287488
2026-07-08T14:02:10.660894,2026-07-08T14:02:10.669324+00:00,143.7,8,bid,,,12287499
2026-07-08T14:02:10.676131,2026-07-08T14:02:10.680047+00:00,143.7,1,ask,,,12287504
2026-07-08T14:02:10.683065,2026-07-08T14:02:10.687026+00:00,143.7,8,ask,,,12287505
2026-07-08T14:02:10.750405,2026-07-08T14:02:10.754132+00:00,143.7,3,ask,,,12287511
2026-07-08T14:02:10.869213,2026-07-08T14:02:10.880082+00:00,143.7,1,ask,,,12287515
2026-07-08T14:02:11.460851,2026-07-08T14:02:11.471797+00:00,143.7,200,ask,,,12287525
2026-07-08T14:02:11.923288,2026-07-08T14:02:11.944407+00:00,143.7,404,ask,,,12287541
2026-07-08T14:02:11.940651,2026-07-08T14:02:11.944407+00:00,143.7,1,bid,,,12287543
2026-07-08T14:02:13.918075,2026-07-08T14:02:13.929537+00:00,143.7,2,bid,,,12287574
2026-07-08T14:02:13.933344,2026-07-08T14:02:13.944803+00:00,143.5,20,ask,,,12287575
2026-07-08T14:02:14.956503,2026-07-08T14:02:14.958577+00:00,143.5,1,ask,,,12287593
2026-07-08T14:02:15.444251,2026-07-08T14:02:15.458544+00:00,143.6,20,bid,,,12287597
2026-07-08T14:02:15.997534,2026-07-08T14:02:16.004674+00:00,143.5,1,ask,,,12287610
2026-07-08T14:02:16.234788,2026-07-08T14:02:16.246822+00:00,143.5,20,ask,,,12287617
2026-07-08T14:02:17.226829,2026-07-08T14:02:17.230767+00:00,143.5,1,bid,,,12287629
2026-07-08T14:02:18.523377,2026-07-08T14:02:18.542904+00:00,143.4,200,ask,,,12287658
2026-07-08T14:02:18.538583,2026-07-08T14:02:18.542904+00:00,143.4,9,bid,,,12287660
2026-07-08T14:02:20.080192,2026-07-08T14:02:20.090124+00:00,143.5,2,bid,,,12287688
2026-07-08T14:02:21.263436,2026-07-08T14:02:21.274281+00:00,143.3,1,ask,,,12287717
2026-07-08T14:02:22.378852,2026-07-08T14:02:22.388296+00:00,143.2,1,ask,,,12287739
2026-07-08T14:02:22.524836,2026-07-08T14:02:22.536604+00:00,143.3,20,ask,,,12287740
2026-07-08T14:02:24.438236,2026-07-08T14:02:24.450015+00:00,143.5,2,bid,,,12287776
2026-07-08T14:02:25.480575,2026-07-08T14:02:25.491510+00:00,143.3,1,ask,,,12287799
2026-07-08T14:02:26.046229,2026-07-08T14:02:26.053135+00:00,143.4,20,bid,,,12287806
2026-07-08T14:02:26.518411,2026-07-08T14:02:26.525043+00:00,143.3,1,ask,,,12287816
2026-07-08T14:02:27.695714,2026-07-08T14:02:27.704710+00:00,143.3,200,ask,,,12287832
2026-07-08T14:02:27.695714,2026-07-08T14:02:27.704710+00:00,143.2,8,ask,,,12287833
2026-07-08T14:02:27.695714,2026-07-08T14:02:27.709681+00:00,143.2,417,ask,,,12287834
2026-07-08T14:02:29.253760,2026-07-08T14:02:29.265366+00:00,143.2,20,ask,,,12287852
2026-07-08T14:02:30.581364,2026-07-08T14:02:30.593063+00:00,143.4,2,bid,,,12287870
2026-07-08T14:02:31.152203,2026-07-08T14:02:31.163852+00:00,143.5,20,bid,,,12287878
2026-07-08T14:02:32.631508,2026-07-08T14:02:32.642093+00:00,143.4,1,ask,,,12287903
2026-07-08T14:02:34.673760,2026-07-08T14:02:34.680424+00:00,143.6,2,bid,,,12287941
2026-07-08T14:02:34.714803,2026-07-08T14:02:34.718760+00:00,143.6,26,bid,,,12287943
2026-07-08T14:02:36.756113,2026-07-08T14:02:36.758608+00:00,143.6,2,bid,,,12287980
2026-07-08T14:02:36.871007,2026-07-08T14:02:36.878600+00:00,143.6,200,bid,,,12287982
2026-07-08T14:02:38.811863,2026-07-08T14:02:38.823709+00:00,143.6,2,bid,,,12288011
2026-07-08T14:02:39.849491,2026-07-08T14:02:39.853439+00:00,143.4,2,ask,,,12288022
2026-07-08T14:02:40.844241,2026-07-08T14:02:40.854584+00:00,143.6,2,bid,,,12288041
2026-07-08T14:02:41.067503,2026-07-08T14:02:41.072060+00:00,143.6,2,bid,,,12288045
2026-07-08T14:02:43.909139,2026-07-08T14:02:43.920422+00:00,143.5,2,bid,,,12288101
2026-07-08T14:02:45.954973,2026-07-08T14:02:45.962042+00:00,143.6,2,bid,,,12288143
2026-07-08T14:02:47.765135,2026-07-08T14:02:47.775281+00:00,143.5,200,bid,,,12288178
2026-07-08T14:02:48.004918,2026-07-08T14:02:48.024442+00:00,143.5,2,bid,,,12288182
2026-07-08T14:02:48.978941,2026-07-08T14:02:48.985525+00:00,143.5,200,bid,,,12288199
2026-07-08T14:02:50.196705,2026-07-08T14:02:50.205931+00:00,143.5,200,bid,,,12288226
2026-07-08T14:02:51.085637,2026-07-08T14:02:51.092988+00:00,143.5,2,bid,,,12288242
2026-07-08T14:02:51.405050,2026-07-08T14:02:51.413822+00:00,143.6,8,bid,,,12288250
2026-07-08T14:02:51.405050,2026-07-08T14:02:51.413822+00:00,143.6,192,bid,,,12288251
2026-07-08T14:02:52.617581,2026-07-08T14:02:52.624161+00:00,143.6,200,bid,,,12288270
2026-07-08T14:02:54.158738,2026-07-08T14:02:54.170370+00:00,143.7,2,bid,,,12288297
2026-07-08T14:02:55.107744,2026-07-08T14:02:55.116984+00:00,143.6,8,ask,,,12288314
2026-07-08T14:02:56.207834,2026-07-08T14:02:56.216064+00:00,143.7,2,bid,,,12288334
2026-07-08T14:02:56.263535,2026-07-08T14:02:56.271332+00:00,143.6,20,bid,,,12288339
2026-07-08T14:02:56.267661,2026-07-08T14:02:56.271332+00:00,143.6,3,bid,,,12288340
2026-07-08T14:02:56.373396,2026-07-08T14:02:56.382340+00:00,143.6,20,bid,,,12288342
2026-07-08T14:02:56.486000,2026-07-08T14:02:56.495053+00:00,143.6,20,bid,,,12288344
2026-07-08T14:02:56.544274,2026-07-08T14:02:56.548166+00:00,143.6,8,bid,,,12288346
2026-07-08T14:02:56.596541,2026-07-08T14:02:56.605899+00:00,143.6,20,bid,,,12288348
2026-07-08T14:02:56.740695,2026-07-08T14:02:56.750396+00:00,143.6,20,bid,,,12288350
2026-07-08T14:02:57.055326,2026-07-08T14:02:57.066514+00:00,143.6,20,bid,,,12288355
2026-07-08T14:02:57.469528,2026-07-08T14:02:57.476253+00:00,143.5,20,bid,,,12288365
2026-07-08T14:02:57.579549,2026-07-08T14:02:57.589857+00:00,143.5,20,bid,,,12288371
2026-07-08T14:02:57.690951,2026-07-08T14:02:57.699643+00:00,143.5,20,bid,,,12288373
2026-07-08T14:02:57.801206,2026-07-08T14:02:57.812166+00:00,143.5,20,bid,,,12288376
2026-07-08T14:02:57.892399,2026-07-08T14:02:57.896286+00:00,143.4,3,bid,,,12288379
2026-07-08T14:02:58.262065,2026-07-08T14:02:58.270464+00:00,143.4,2,bid,,,12288385
2026-07-08T14:02:59.296368,2026-07-08T14:02:59.307795+00:00,143.4,1,bid,,,12288399
2026-07-08T14:02:59.872948,2026-07-08T14:02:59.880374+00:00,143.4,200,bid,,,12288410
2026-07-08T14:03:00.104117,2026-07-08T14:03:00.108739+00:00,143.1,11,ask,,,12288419
2026-07-08T14:03:00.386026,2026-07-08T14:03:00.389936+00:00,143.1,2,ask,,,12288430
2026-07-08T14:03:01.082082,2026-07-08T14:03:01.090077+00:00,143.3,200,bid,,,12288432
2026-07-08T14:03:01.380620,2026-07-08T14:03:01.387175+00:00,143.3,2,bid,,,12288437
2026-07-08T14:03:01.824124,2026-07-08T14:03:01.828091+00:00,143.2,1,ask,,,12288448
2026-07-08T14:03:02.525011,2026-07-08T14:03:02.532067+00:00,143.2,20,ask,,,12288464
2026-07-08T14:03:02.638983,2026-07-08T14:03:02.650427+00:00,143.4,12,bid,,,12288468
2026-07-08T14:03:03.453600,2026-07-08T14:03:03.456457+00:00,143.5,2,bid,,,12288481
2026-07-08T14:03:05.515145,2026-07-08T14:03:05.522389+00:00,143.6,2,bid,,,12288525
2026-07-08T14:03:06.550205,2026-07-08T14:03:06.557355+00:00,143.6,1,bid,,,12288541
2026-07-08T14:03:06.565920,2026-07-08T14:03:06.570082+00:00,143.6,8,bid,,,12288545
2026-07-08T14:03:06.566163,2026-07-08T14:03:06.580365+00:00,143.6,3,bid,,,12288546
2026-07-08T14:03:07.132805,2026-07-08T14:03:07.142476+00:00,143.5,200,ask,,,12288562
2026-07-08T14:03:08.343560,2026-07-08T14:03:08.353811+00:00,143.5,200,ask,,,12288577
2026-07-08T14:03:08.601407,2026-07-08T14:03:08.610832+00:00,143.6,1,bid,,,12288579
2026-07-08T14:03:09.662487,2026-07-08T14:03:09.666537+00:00,143.5,2,ask,,,12288602
2026-07-08T14:03:09.668536,2026-07-08T14:03:09.683012+00:00,143.5,198,ask,,,12288603
2026-07-08T14:03:10.658472,2026-07-08T14:03:10.670067+00:00,143.5,2,bid,,,12288628
2026-07-08T14:03:12.721480,2026-07-08T14:03:12.725683+00:00,143.5,1,ask,,,12288679
2026-07-08T14:03:13.195463,2026-07-08T14:03:13.205343+00:00,143.6,200,bid,,,12288686
2026-07-08T14:03:13.394826,2026-07-08T14:03:13.406520+00:00,143.6,20,bid,,,12288691
2026-07-08T14:03:13.716976,2026-07-08T14:03:13.727322+00:00,143.6,1,bid,,,12288699
2026-07-08T14:03:14.407936,2026-07-08T14:03:14.419607+00:00,143.6,200,bid,,,12288719
2026-07-08T14:03:15.493341,2026-07-08T14:03:15.502519+00:00,143.5,500,ask,,,12288736
2026-07-08T14:03:16.215280,2026-07-08T14:03:16.224185+00:00,143.5,200,ask,,,12288752
2026-07-08T14:03:16.215280,2026-07-08T14:03:16.224185+00:00,143.4,8,ask,,,12288753
2026-07-08T14:03:16.791204,2026-07-08T14:03:16.800532+00:00,143.3,2,bid,,,12288767
2026-07-08T14:03:16.825900,2026-07-08T14:03:16.835478+00:00,143.3,200,bid,,,12288769
2026-07-08T14:03:18.900491,2026-07-08T14:03:18.912402+00:00,143.3,20,ask,,,12288806
2026-07-08T14:03:19.017009,2026-07-08T14:03:19.025479+00:00,143.5,10,bid,,,12288809
2026-07-08T14:03:19.323745,2026-07-08T14:03:19.335267+00:00,143.4,20,ask,,,12288815
2026-07-08T14:03:19.433753,2026-07-08T14:03:19.445500+00:00,143.4,20,ask,,,12288820
2026-07-08T14:03:19.504840,2026-07-08T14:03:19.516557+00:00,143.4,20,ask,,,12288823
2026-07-08T14:03:19.542924,2026-07-08T14:03:19.554705+00:00,143.4,20,ask,,,12288824
2026-07-08T14:03:19.654940,2026-07-08T14:03:19.667058+00:00,143.4,20,ask,,,12288826
2026-07-08T14:03:19.766326,2026-07-08T14:03:19.778262+00:00,143.4,20,ask,,,12288828
2026-07-08T14:03:19.854723,2026-07-08T14:03:19.862048+00:00,143.5,2,bid,,,12288832
2026-07-08T14:03:20.910842,2026-07-08T14:03:20.914887+00:00,143.4,2,ask,,,12288844
2026-07-08T14:03:21.033269,2026-07-08T14:03:21.044811+00:00,143.4,20,ask,,,12288851
2026-07-08T14:03:21.902051,2026-07-08T14:03:21.909073+00:00,143.6,2,bid,,,12288862
2026-07-08T14:03:22.249784,2026-07-08T14:03:22.254533+00:00,143.6,2,bid,,,12288867
2026-07-08T14:03:22.632303,2026-07-08T14:03:22.639796+00:00,143.6,20,bid,,,12288873
2026-07-08T14:03:24.091080,2026-07-08T14:03:24.098001+00:00,143.5,200,bid,,,12288898
2026-07-08T14:03:24.963278,2026-07-08T14:03:24.974504+00:00,143.6,2,bid,,,12288915
2026-07-08T14:03:25.313756,2026-07-08T14:03:25.318026+00:00,143.5,3,bid,,,12288921
2026-07-08T14:03:25.398425,2026-07-08T14:03:25.408956+00:00,143.5,197,bid,,,12288922
2026-07-08T14:03:25.398425,2026-07-08T14:03:25.408956+00:00,143.6,428,bid,,,12288923
2026-07-08T14:03:27.067832,2026-07-08T14:03:27.076947+00:00,143.5,2,bid,,,12288957
2026-07-08T14:03:28.877944,2026-07-08T14:03:28.889692+00:00,143.3,20,ask,,,12288988
2026-07-08T14:03:29.115395,2026-07-08T14:03:29.123485+00:00,143.6,2,bid,,,12288992
2026-07-08T14:03:30.667698,2026-07-08T14:03:30.674359+00:00,143.5,200,ask,,,12289010
2026-07-08T14:03:30.667698,2026-07-08T14:03:30.679324+00:00,143.4,8,ask,,,12289011
2026-07-08T14:03:30.725523,2026-07-08T14:03:30.733680+00:00,143.4,20,bid,,,12289014
2026-07-08T14:03:30.838290,2026-07-08T14:03:30.847349+00:00,143.4,20,bid,,,12289016
2026-07-08T14:03:30.948743,2026-07-08T14:03:30.949894+00:00,143.4,20,bid,,,12289018
2026-07-08T14:03:31.058268,2026-07-08T14:03:31.064972+00:00,143.4,20,bid,,,12289020
2026-07-08T14:03:31.167194,2026-07-08T14:03:31.174452+00:00,143.4,1,bid,,,12289022
2026-07-08T14:03:31.172756,2026-07-08T14:03:31.184984+00:00,143.4,20,bid,,,12289024
2026-07-08T14:03:31.281275,2026-07-08T14:03:31.288263+00:00,143.4,10,bid,,,12289029
2026-07-08T14:03:31.344706,2026-07-08T14:03:31.354176+00:00,143.4,200,bid,,,12289033
2026-07-08T14:03:31.977472,2026-07-08T14:03:31.984860+00:00,143.4,8,bid,,,12289049
2026-07-08T14:03:31.994256,2026-07-08T14:03:32.001005+00:00,143.4,20,ask,,,12289051
2026-07-08T14:03:31.997143,2026-07-08T14:03:32.001005+00:00,143.4,3,ask,,,12289052
2026-07-08T14:03:32.105312,2026-07-08T14:03:32.112597+00:00,143.4,20,ask,,,12289056
2026-07-08T14:03:32.113568,2026-07-08T14:03:32.122868+00:00,143.5,1,bid,,,12289058
2026-07-08T14:03:32.217993,2026-07-08T14:03:32.226000+00:00,143.4,20,ask,,,12289062
2026-07-08T14:03:32.227692,2026-07-08T14:03:32.236259+00:00,143.5,18,bid,,,12289064
2026-07-08T14:03:32.448642,2026-07-08T14:03:32.458619+00:00,143.4,500,ask,,,12289067
2026-07-08T14:03:33.043247,2026-07-08T14:03:33.058595+00:00,143.4,54,ask,,,12289075
2026-07-08T14:03:33.043247,2026-07-08T14:03:33.058595+00:00,143.4,200,ask,,,12289076
2026-07-08T14:03:33.043247,2026-07-08T14:03:33.058595+00:00,143.4,8,ask,,,12289077
2026-07-08T14:03:33.129975,2026-07-08T14:03:33.133990+00:00,143.1,3,bid,,,12289081
2026-07-08T14:03:33.139970,2026-07-08T14:03:33.149239+00:00,143.1,5,bid,,,12289083
2026-07-08T14:03:33.143905,2026-07-08T14:03:33.154654+00:00,143.4,15,bid,,,12289084
2026-07-08T14:03:33.224777,2026-07-08T14:03:33.234524+00:00,143.4,2,bid,,,12289085
2026-07-08T14:03:34.600297,2026-07-08T14:03:34.607159+00:00,143.2,200,ask,,,12289100
2026-07-08T14:03:34.969614,2026-07-08T14:03:34.979651+00:00,143.2,200,bid,,,12289111
2026-07-08T14:03:36.177894,2026-07-08T14:03:36.185968+00:00,143.1,200,bid,,,12289126
2026-07-08T14:03:36.300010,2026-07-08T14:03:36.306658+00:00,143.1,2,bid,,,12289128
2026-07-08T14:03:36.690367,2026-07-08T14:03:36.701376+00:00,143.0,500,ask,,,12289131
2026-07-08T14:03:37.286553,2026-07-08T14:03:37.293883+00:00,143.0,8,ask,,,12289144
2026-07-08T14:03:37.286553,2026-07-08T14:03:37.299148+00:00,143.0,492,ask,,,12289145
2026-07-08T14:03:37.386832,2026-07-08T14:03:37.397875+00:00,143.2,200,bid,,,12289150
2026-07-08T14:03:37.890462,2026-07-08T14:03:37.899353+00:00,143.0,133,ask,,,12289161
2026-07-08T14:03:37.890462,2026-07-08T14:03:37.899353+00:00,142.9,8,ask,,,12289162
2026-07-08T14:03:37.911328,2026-07-08T14:03:37.915482+00:00,142.9,11,bid,,,12289164
2026-07-08T14:03:37.971486,2026-07-08T14:03:37.980932+00:00,142.9,20,bid,,,12289168
2026-07-08T14:03:38.082451,2026-07-08T14:03:38.099278+00:00,142.6,1,bid,,,12289170
2026-07-08T14:03:38.095348,2026-07-08T14:03:38.099278+00:00,142.6,7,bid,,,12289172
2026-07-08T14:03:38.533422,2026-07-08T14:03:38.541162+00:00,142.7,8,bid,,,12289184
2026-07-08T14:03:38.552769,2026-07-08T14:03:38.557149+00:00,142.8,2,ask,,,12289186
2026-07-08T14:03:38.563310,2026-07-08T14:03:38.567624+00:00,142.8,5,ask,,,12289188
2026-07-08T14:03:38.600763,2026-07-08T14:03:38.609454+00:00,143.0,200,bid,,,12289191
2026-07-08T14:03:39.385924,2026-07-08T14:03:39.397224+00:00,143.0,2,bid,,,12289206
2026-07-08T14:03:39.809105,2026-07-08T14:03:39.816765+00:00,143.0,200,bid,,,12289220
2026-07-08T14:03:40.448171,2026-07-08T14:03:40.452352+00:00,142.8,2,ask,,,12289230
2026-07-08T14:03:41.021065,2026-07-08T14:03:41.031033+00:00,143.0,200,bid,,,12289242
2026-07-08T14:03:41.156438,2026-07-08T14:03:41.158611+00:00,143.0,300,bid,,,12289243
2026-07-08T14:03:41.176250,2026-07-08T14:03:41.180822+00:00,143.0,12,ask,,,12289245
2026-07-08T14:03:41.437455,2026-07-08T14:03:41.447161+00:00,143.2,2,bid,,,12289247
2026-07-08T14:03:41.535529,2026-07-08T14:03:41.544155+00:00,143.0,313,ask,,,12289248
2026-07-08T14:03:41.535529,2026-07-08T14:03:41.544155+00:00,142.9,8,ask,,,12289249
2026-07-08T14:03:41.565034,2026-07-08T14:03:41.568707+00:00,142.9,26,bid,,,12289252
2026-07-08T14:03:41.759952,2026-07-08T14:03:41.763409+00:00,142.7,8,bid,,,12289257
2026-07-08T14:03:42.086628,2026-07-08T14:03:42.090641+00:00,142.7,8,bid,,,12289263
2026-07-08T14:03:42.233129,2026-07-08T14:03:42.244489+00:00,142.9,200,bid,,,12289266
2026-07-08T14:03:42.410252,2026-07-08T14:03:42.413946+00:00,142.7,7,bid,,,12289273
2026-07-08T14:03:42.473784,2026-07-08T14:03:42.480328+00:00,142.7,1,bid,,,12289274
2026-07-08T14:03:43.448952,2026-07-08T14:03:43.458535+00:00,142.8,200,bid,,,12289292
2026-07-08T14:03:43.568703,2026-07-08T14:03:43.580407+00:00,142.8,1,bid,,,12289299
2026-07-08T14:03:44.592844,2026-07-08T14:03:44.597482+00:00,142.7,12,ask,,,12289322
2026-07-08T14:03:44.611435,2026-07-08T14:03:44.618193+00:00,142.9,1,bid,,,12289323
2026-07-08T14:03:44.660193,2026-07-08T14:03:44.667692+00:00,142.9,200,bid,,,12289325
2026-07-08T14:03:45.084177,2026-07-08T14:03:45.091917+00:00,142.9,299,bid,,,12289332
2026-07-08T14:03:45.102767,2026-07-08T14:03:45.106804+00:00,142.9,23,ask,,,12289334
2026-07-08T14:03:45.152673,2026-07-08T14:03:45.162210+00:00,142.9,303,ask,,,12289335
2026-07-08T14:03:45.876901,2026-07-08T14:03:45.884348+00:00,142.8,8,bid,,,12289350
2026-07-08T14:03:45.876901,2026-07-08T14:03:45.889342+00:00,142.9,192,bid,,,12289351
2026-07-08T14:03:46.397355,2026-07-08T14:03:46.405741+00:00,142.8,500,bid,,,12289368
2026-07-08T14:03:46.397355,2026-07-08T14:03:46.405741+00:00,142.8,8,bid,,,12289369
2026-07-08T14:03:46.419208,2026-07-08T14:03:46.423463+00:00,142.8,2,ask,,,12289371
2026-07-08T14:03:46.664314,2026-07-08T14:03:46.670946+00:00,143.1,2,bid,,,12289383
2026-07-08T14:03:47.088941,2026-07-08T14:03:47.097289+00:00,142.9,200,bid,,,12289392
2026-07-08T14:03:47.701706,2026-07-08T14:03:47.709295+00:00,142.9,1,bid,,,12289400
2026-07-08T14:03:47.737916,2026-07-08T14:03:47.741704+00:00,142.8,2,bid,,,12289404
2026-07-08T14:03:48.297719,2026-07-08T14:03:48.306528+00:00,142.8,200,bid,,,12289411
2026-07-08T14:03:48.749116,2026-07-08T14:03:48.758555+00:00,142.8,1,bid,,,12289416
2026-07-08T14:03:49.506865,2026-07-08T14:03:49.516227+00:00,142.9,200,bid,,,12289437
2026-07-08T14:03:49.785303,2026-07-08T14:03:49.797048+00:00,142.9,1,bid,,,12289443
2026-07-08T14:03:50.340993,2026-07-08T14:03:50.350431+00:00,142.8,500,bid,,,12289459
2026-07-08T14:03:51.840007,2026-07-08T14:03:51.850528+00:00,142.9,2,bid,,,12289479
2026-07-08T14:03:52.872951,2026-07-08T14:03:52.884664+00:00,142.9,1,bid,,,12289500
2026-07-08T14:03:52.887907,2026-07-08T14:03:52.895151+00:00,142.7,20,ask,,,12289502
2026-07-08T14:03:53.910614,2026-07-08T14:03:53.914542+00:00,142.7,11,ask,,,12289514
2026-07-08T14:03:54.925203,2026-07-08T14:03:54.931635+00:00,142.8,2,bid,,,12289535
2026-07-08T14:03:55.558859,2026-07-08T14:03:55.567202+00:00,142.7,200,ask,,,12289542
2026-07-08T14:03:55.959910,2026-07-08T14:03:55.971703+00:00,142.8,1,bid,,,12289550
2026-07-08T14:03:59.025769,2026-07-08T14:03:59.034398+00:00,142.7,2,bid,,,12289608
2026-07-08T14:04:00.418907,2026-07-08T14:04:00.423249+00:00,142.6,11,bid,,,12289631
2026-07-08T14:04:00.663154,2026-07-08T14:04:00.674651+00:00,142.5,20,ask,,,12289639
2026-07-08T14:04:01.075016,2026-07-08T14:04:01.086493+00:00,142.6,2,bid,,,12289650
2026-07-08T14:04:02.131868,2026-07-08T14:04:02.141690+00:00,142.6,1,bid,,,12289662
2026-07-08T14:04:04.188735,2026-07-08T14:04:04.195512+00:00,142.7,2,bid,,,12289697
2026-07-08T14:04:05.229523,2026-07-08T14:04:05.236045+00:00,142.7,1,bid,,,12289721
2026-07-08T14:04:07.310369,2026-07-08T14:04:07.320715+00:00,142.6,2,ask,,,12289747
2026-07-08T14:04:08.364255,2026-07-08T14:04:08.368217+00:00,142.7,2,ask,,,12289769
2026-07-08T14:04:08.861084,2026-07-08T14:04:08.871584+00:00,142.7,8,ask,,,12289780
2026-07-08T14:04:08.861084,2026-07-08T14:04:08.871584+00:00,142.7,192,ask,,,12289781
2026-07-08T14:04:09.389729,2026-07-08T14:04:09.400902+00:00,142.8,2,bid,,,12289793
2026-07-08T14:04:09.731161,2026-07-08T14:04:09.735461+00:00,142.7,9,ask,,,12289800
2026-07-08T14:04:12.413460,2026-07-08T14:04:12.420149+00:00,142.7,500,ask,,,12289852
2026-07-08T14:04:12.668473,2026-07-08T14:04:12.681461+00:00,142.6,200,ask,,,12289858
2026-07-08T14:04:12.668473,2026-07-08T14:04:12.681461+00:00,142.6,8,ask,,,12289859
2026-07-08T14:04:12.687013,2026-07-08T14:04:12.690843+00:00,142.5,11,bid,,,12289863
2026-07-08T14:04:13.470167,2026-07-08T14:04:13.479871+00:00,142.3,2,ask,,,12289882
2026-07-08T14:04:13.699598,2026-07-08T14:04:13.709133+00:00,142.5,200,bid,,,12289890
2026-07-08T14:04:13.977251,2026-07-08T14:04:13.984940+00:00,142.6,8,bid,,,12289896
2026-07-08T14:04:13.977251,2026-07-08T14:04:14.001873+00:00,142.7,500,bid,,,12289897
2026-07-08T14:04:13.996787,2026-07-08T14:04:14.001873+00:00,142.7,8,ask,,,12289899
2026-07-08T14:04:14.260666,2026-07-08T14:04:14.264968+00:00,142.7,3,ask,,,12289903
2026-07-08T14:04:14.509866,2026-07-08T14:04:14.526563+00:00,142.7,20,ask,,,12289913
2026-07-08T14:04:14.522632,2026-07-08T14:04:14.526563+00:00,142.7,2,ask,,,12289918
2026-07-08T14:04:14.525425,2026-07-08T14:04:14.539327+00:00,142.8,18,bid,,,12289919
2026-07-08T14:04:15.291684,2026-07-08T14:04:15.301083+00:00,142.7,200,ask,,,12289932
2026-07-08T14:04:15.291684,2026-07-08T14:04:15.301083+00:00,142.6,8,ask,,,12289933
2026-07-08T14:04:15.515361,2026-07-08T14:04:15.522672+00:00,142.6,2,bid,,,12289940
2026-07-08T14:04:16.053627,2026-07-08T14:04:16.057076+00:00,142.6,13,bid,,,12289956
2026-07-08T14:04:16.117940,2026-07-08T14:04:16.127502+00:00,142.6,200,bid,,,12289957
2026-07-08T14:04:16.138992,2026-07-08T14:04:16.148978+00:00,142.6,2,bid,,,12289959
2026-07-08T14:04:16.212654,2026-07-08T14:04:16.216646+00:00,142.6,8,bid,,,12289962
2026-07-08T14:04:16.539590,2026-07-08T14:04:16.543972+00:00,142.6,4,bid,,,12289971
2026-07-08T14:04:16.549726,2026-07-08T14:04:16.564671+00:00,142.6,1,bid,,,12289972
2026-07-08T14:04:17.587798,2026-07-08T14:04:17.599523+00:00,142.7,1,bid,,,12289990
2026-07-08T14:04:18.546383,2026-07-08T14:04:18.556343+00:00,142.6,200,ask,,,12290008
2026-07-08T14:04:18.626798,2026-07-08T14:04:18.638701+00:00,142.7,1,bid,,,12290009
2026-07-08T14:04:19.224303,2026-07-08T14:04:19.232121+00:00,142.7,500,bid,,,12290024
2026-07-08T14:04:19.664974,2026-07-08T14:04:19.668001+00:00,142.7,125,ask,,,12290029
2026-07-08T14:04:19.664974,2026-07-08T14:04:19.668001+00:00,142.7,8,ask,,,12290030
2026-07-08T14:04:19.684876,2026-07-08T14:04:19.695107+00:00,142.7,1,bid,,,12290031
2026-07-08T14:04:20.536702,2026-07-08T14:04:20.557047+00:00,142.6,200,ask,,,12290049
2026-07-08T14:04:20.536702,2026-07-08T14:04:20.557047+00:00,142.5,8,ask,,,12290050
2026-07-08T14:04:20.553361,2026-07-08T14:04:20.557047+00:00,142.5,23,bid,,,12290052
2026-07-08T14:04:20.729435,2026-07-08T14:04:20.740286+00:00,142.5,1,bid,,,12290054
2026-07-08T14:04:20.799655,2026-07-08T14:04:20.803512+00:00,142.4,8,bid,,,12290058
2026-07-08T14:04:20.965853,2026-07-08T14:04:20.976219+00:00,142.5,200,bid,,,12290062
2026-07-08T14:04:21.770092,2026-07-08T14:04:21.776911+00:00,142.5,1,bid,,,12290080
2026-07-08T14:04:21.848366,2026-07-08T14:04:21.858802+00:00,142.5,8,bid,,,12290083
2026-07-08T14:04:22.807225,2026-07-08T14:04:22.818904+00:00,142.7,1,bid,,,12290094
2026-07-08T14:04:23.847594,2026-07-08T14:04:23.857036+00:00,142.6,1,bid,,,12290114
2026-07-08T14:04:24.487687,2026-07-08T14:04:24.492170+00:00,142.5,3,bid,,,12290129
2026-07-08T14:04:24.601802,2026-07-08T14:04:24.611836+00:00,142.5,200,bid,,,12290134
2026-07-08T14:04:24.885552,2026-07-08T14:04:24.894116+00:00,142.5,1,bid,,,12290140
2026-07-08T14:04:25.939982,2026-07-08T14:04:25.943901+00:00,142.3,2,ask,,,12290163
2026-07-08T14:04:26.950069,2026-07-08T14:04:26.953841+00:00,142.5,2,bid,,,12290173
2026-07-08T14:04:27.101560,2026-07-08T14:04:27.105761+00:00,142.4,9,ask,,,12290183
2026-07-08T14:04:27.834318,2026-07-08T14:04:27.846046+00:00,142.5,20,bid,,,12290195
2026-07-08T14:04:28.004291,2026-07-08T14:04:28.008747+00:00,142.4,2,ask,,,12290198
2026-07-08T14:04:28.997404,2026-07-08T14:04:29.008226+00:00,142.5,2,bid,,,12290219
2026-07-08T14:04:30.059178,2026-07-08T14:04:30.070851+00:00,142.5,1,bid,,,12290233
2026-07-08T14:04:31.019951,2026-07-08T14:04:31.031405+00:00,142.5,500,bid,,,12290259
2026-07-08T14:04:31.117052,2026-07-08T14:04:31.120831+00:00,142.5,2,ask,,,12290262
2026-07-08T14:04:31.865338,2026-07-08T14:04:31.869040+00:00,142.5,8,ask,,,12290278
2026-07-08T14:04:31.881023,2026-07-08T14:04:31.889818+00:00,142.5,115,ask,,,12290279
2026-07-08T14:04:32.121937,2026-07-08T14:04:32.129216+00:00,142.5,2,bid,,,12290290
2026-07-08T14:04:33.648520,2026-07-08T14:04:33.657131+00:00,142.3,200,ask,,,12290323
2026-07-08T14:04:34.173387,2026-07-08T14:04:34.184808+00:00,142.1,2,ask,,,12290334
2026-07-08T14:04:34.300046,2026-07-08T14:04:34.307001+00:00,142.3,200,bid,,,12290337
2026-07-08T14:04:35.031660,2026-07-08T14:04:35.035941+00:00,142.2,37,ask,,,12290357
2026-07-08T14:04:35.541996,2026-07-08T14:04:35.554662+00:00,142.4,20,ask,,,12290368
2026-07-08T14:04:35.656689,2026-07-08T14:04:35.668384+00:00,142.5,7,bid,,,12290372
2026-07-08T14:04:38.200912,2026-07-08T14:04:38.204718+00:00,142.5,3,bid,,,12290419
2026-07-08T14:04:38.272183,2026-07-08T14:04:38.280124+00:00,142.5,13,bid,,,12290423
2026-07-08T14:04:38.886739,2026-07-08T14:04:38.896860+00:00,142.5,2,bid,,,12290429
2026-07-08T14:04:39.639426,2026-07-08T14:04:39.650139+00:00,142.4,500,ask,,,12290436
2026-07-08T14:04:39.922756,2026-07-08T14:04:39.929558+00:00,142.5,1,bid,,,12290444
2026-07-08T14:04:40.223114,2026-07-08T14:04:40.227304+00:00,142.4,11,bid,,,12290450
2026-07-08T14:04:41.358873,2026-07-08T14:04:41.362735+00:00,142.2,11,ask,,,12290473
2026-07-08T14:04:41.543529,2026-07-08T14:04:41.547118+00:00,142.3,3,ask,,,12290479
2026-07-08T14:04:41.981906,2026-07-08T14:04:41.993371+00:00,142.3,2,ask,,,12290483
2026-07-08T14:04:43.088265,2026-07-08T14:04:43.100171+00:00,142.3,20,ask,,,12290507
2026-07-08T14:04:44.104894,2026-07-08T14:04:44.164393+00:00,142.3,20,ask,,,12290527
2026-07-08T14:04:45.115988,2026-07-08T14:04:45.126959+00:00,142.5,2,bid,,,12290549
2026-07-08T14:04:46.757409,2026-07-08T14:04:46.769029+00:00,142.4,200,bid,,,12290582
2026-07-08T14:04:47.163687,2026-07-08T14:04:47.174607+00:00,142.4,2,ask,,,12290586
2026-07-08T14:04:47.612234,2026-07-08T14:04:47.623423+00:00,142.4,200,ask,,,12290595
2026-07-08T14:04:48.073380,2026-07-08T14:04:48.084714+00:00,142.4,8,ask,,,12290603
2026-07-08T14:04:48.819196,2026-07-08T14:04:48.829792+00:00,142.3,200,bid,,,12290614
2026-07-08T14:04:50.228457,2026-07-08T14:04:50.239919+00:00,142.2,2,ask,,,12290637
2026-07-08T14:04:51.253141,2026-07-08T14:04:51.263879+00:00,142.3,200,bid,,,12290652
2026-07-08T14:04:51.336179,2026-07-08T14:04:51.347652+00:00,142.2,8,ask,,,12290653
2026-07-08T14:04:51.604579,2026-07-08T14:04:51.616029+00:00,142.3,20,bid,,,12290667
2026-07-08T14:04:52.010325,2026-07-08T14:04:52.018207+00:00,142.3,8,bid,,,12290680
2026-07-08T14:04:52.052147,2026-07-08T14:04:52.063853+00:00,142.3,20,ask,,,12290683
2026-07-08T14:04:52.162341,2026-07-08T14:04:52.174012+00:00,142.3,20,ask,,,12290685
2026-07-08T14:04:52.278578,2026-07-08T14:04:52.288607+00:00,142.3,20,ask,,,12290690
2026-07-08T14:04:52.281383,2026-07-08T14:04:52.288607+00:00,142.3,1,ask,,,12290691
2026-07-08T14:04:52.472456,2026-07-08T14:04:52.482802+00:00,142.4,20,ask,,,12290697
2026-07-08T14:04:52.581271,2026-07-08T14:04:52.588486+00:00,142.4,20,ask,,,12290700
2026-07-08T14:04:52.694455,2026-07-08T14:04:52.702890+00:00,142.4,20,ask,,,12290703
2026-07-08T14:04:52.805213,2026-07-08T14:04:52.813254+00:00,142.4,20,ask,,,12290705
2026-07-08T14:04:52.914519,2026-07-08T14:04:52.925019+00:00,142.4,12,ask,,,12290708
2026-07-08T14:04:53.329255,2026-07-08T14:04:53.336500+00:00,142.4,1,ask,,,12290716
2026-07-08T14:04:54.268371,2026-07-08T14:04:54.280348+00:00,142.3,20,ask,,,12290724
2026-07-08T14:04:55.958066,2026-07-08T14:04:55.970808+00:00,142.3,200,ask,,,12290766
2026-07-08T14:04:57.300699,2026-07-08T14:04:57.311375+00:00,142.3,200,bid,,,12290795
2026-07-08T14:04:57.405163,2026-07-08T14:04:57.412038+00:00,142.1,2,ask,,,12290798
2026-07-08T14:04:58.508121,2026-07-08T14:04:58.514827+00:00,142.3,200,bid,,,12290816
2026-07-08T14:04:58.596706,2026-07-08T14:04:58.620576+00:00,142.4,8,bid,,,12290822
2026-07-08T14:04:58.616131,2026-07-08T14:04:58.620576+00:00,142.4,2,ask,,,12290827
2026-07-08T14:04:58.626276,2026-07-08T14:04:58.630066+00:00,142.4,1,ask,,,12290829
2026-07-08T14:04:59.452162,2026-07-08T14:04:59.459062+00:00,142.5,2,bid,,,12290847
2026-07-08T14:04:59.716803,2026-07-08T14:04:59.725001+00:00,142.4,200,ask,,,12290850
2026-07-08T14:05:01.511111,2026-07-08T14:05:01.520924+00:00,142.3,1,ask,,,12290882
2026-07-08T14:05:02.562154,2026-07-08T14:05:02.571627+00:00,142.4,1,ask,,,12290917
2026-07-08T14:05:03.610892,2026-07-08T14:05:03.621220+00:00,142.4,1,ask,,,12290940
2026-07-08T14:05:04.634567,2026-07-08T14:05:04.646471+00:00,142.5,1,bid,,,12290956
2026-07-08T14:05:05.692772,2026-07-08T14:05:05.706200+00:00,142.3,1,ask,,,12290984
2026-07-08T14:05:06.496495,2026-07-08T14:05:06.505661+00:00,142.3,200,ask,,,12290995
2026-07-08T14:05:06.718598,2026-07-08T14:05:06.724322+00:00,142.1,23,ask,,,12291000
2026-07-08T14:05:06.738673,2026-07-08T14:05:06.749989+00:00,142.1,1,ask,,,12291002
2026-07-08T14:05:07.789305,2026-07-08T14:05:07.799661+00:00,142.1,1,ask,,,12291016
2026-07-08T14:05:08.209801,2026-07-08T14:05:08.213729+00:00,142.2,11,ask,,,12291029
2026-07-08T14:05:08.828624,2026-07-08T14:05:08.835594+00:00,142.2,1,ask,,,12291044
2026-07-08T14:05:09.866754,2026-07-08T14:05:09.878241+00:00,142.1,1,ask,,,12291054
2026-07-08T14:05:09.921231,2026-07-08T14:05:09.930382+00:00,142.2,200,bid,,,12291055
2026-07-08T14:05:09.921231,2026-07-08T14:05:09.930382+00:00,142.3,300,bid,,,12291056
2026-07-08T14:05:10.917201,2026-07-08T14:05:10.928974+00:00,142.3,1,ask,,,12291081
2026-07-08T14:05:11.826719,2026-07-08T14:05:11.837832+00:00,142.3,200,ask,,,12291093
2026-07-08T14:05:11.959984,2026-07-08T14:05:11.969903+00:00,142.3,1,ask,,,12291095
2026-07-08T14:05:13.001707,2026-07-08T14:05:13.010810+00:00,142.3,1,ask,,,12291115
2026-07-08T14:05:13.061178,2026-07-08T14:05:13.065166+00:00,142.3,12,ask,,,12291121
2026-07-08T14:05:13.571750,2026-07-08T14:05:13.582738+00:00,142.4,200,bid,,,12291123
2026-07-08T14:05:13.571750,2026-07-08T14:05:13.582738+00:00,142.4,300,bid,,,12291124
2026-07-08T14:05:14.041097,2026-07-08T14:05:14.048077+00:00,142.2,1,ask,,,12291135
2026-07-08T14:05:14.668821,2026-07-08T14:05:14.688856+00:00,142.3,20,ask,,,12291138
2026-07-08T14:05:15.079392,2026-07-08T14:05:15.086643+00:00,142.3,1,ask,,,12291145
2026-07-08T14:05:15.464621,2026-07-08T14:05:15.475281+00:00,142.4,200,bid,,,12291155
2026-07-08T14:05:15.568230,2026-07-08T14:05:15.578959+00:00,142.3,20,ask,,,12291156
2026-07-08T14:05:16.118575,2026-07-08T14:05:16.128177+00:00,142.3,1,ask,,,12291163
2026-07-08T14:05:17.160822,2026-07-08T14:05:17.169258+00:00,142.4,1,ask,,,12291181
2026-07-08T14:05:18.262466,2026-07-08T14:05:18.269804+00:00,142.4,1,ask,,,12291199
2026-07-08T14:05:19.380860,2026-07-08T14:05:19.389079+00:00,142.5,1,ask,,,12291220
2026-07-08T14:05:19.606508,2026-07-08T14:05:19.613750+00:00,142.6,200,bid,,,12291224
2026-07-08T14:05:20.304846,2026-07-08T14:05:20.313198+00:00,142.6,200,ask,,,12291240
2026-07-08T14:05:20.422759,2026-07-08T14:05:20.430896+00:00,142.6,1,ask,,,12291243
2026-07-08T14:05:20.918316,2026-07-08T14:05:20.926725+00:00,142.5,500,ask,,,12291249
2026-07-08T14:05:20.918316,2026-07-08T14:05:20.926725+00:00,142.5,8,ask,,,12291250
2026-07-08T14:05:20.918316,2026-07-08T14:05:20.932180+00:00,142.4,117,ask,,,12291251
2026-07-08T14:05:21.466866,2026-07-08T14:05:21.474136+00:00,142.6,1,ask,,,12291260
2026-07-08T14:05:22.507221,2026-07-08T14:05:22.515879+00:00,142.4,1,ask,,,12291279
2026-07-08T14:05:23.548103,2026-07-08T14:05:23.554882+00:00,142.5,1,ask,,,12291308
2026-07-08T14:05:24.591979,2026-07-08T14:05:24.598748+00:00,142.5,1,ask,,,12291332
2026-07-08T14:05:24.851487,2026-07-08T14:05:24.872375+00:00,142.8,200,bid,,,12291337
2026-07-08T14:05:24.859084,2026-07-08T14:05:24.872375+00:00,142.8,8,ask,,,12291338
2026-07-08T14:05:24.868137,2026-07-08T14:05:24.872375+00:00,142.8,11,ask,,,12291340
2026-07-08T14:05:25.632204,2026-07-08T14:05:25.640547+00:00,142.8,1,ask,,,12291351
2026-07-08T14:05:25.729973,2026-07-08T14:05:25.734314+00:00,142.9,23,bid,,,12291355
2026-07-08T14:05:27.512212,2026-07-08T14:05:27.554100+00:00,142.8,200,ask,,,12291387
2026-07-08T14:05:27.549493,2026-07-08T14:05:27.554100+00:00,142.8,11,bid,,,12291389
2026-07-08T14:05:28.541442,2026-07-08T14:05:28.548157+00:00,142.8,20,bid,,,12291400
2026-07-08T14:05:28.784514,2026-07-08T14:05:28.794531+00:00,142.8,200,bid,,,12291404
2026-07-08T14:05:28.890342,2026-07-08T14:05:28.894092+00:00,142.7,11,ask,,,12291410
2026-07-08T14:05:29.747360,2026-07-08T14:05:29.758707+00:00,142.7,2,ask,,,12291423
2026-07-08T14:05:30.145224,2026-07-08T14:05:30.158632+00:00,142.7,200,ask,,,12291432
2026-07-08T14:05:31.796450,2026-07-08T14:05:31.806787+00:00,142.7,2,bid,,,12291462
2026-07-08T14:05:32.413163,2026-07-08T14:05:32.421380+00:00,142.7,200,bid,,,12291465
2026-07-08T14:05:32.783412,2026-07-08T14:05:32.795297+00:00,142.6,20,ask,,,12291471
2026-07-08T14:05:32.837891,2026-07-08T14:05:32.847642+00:00,142.6,1,ask,,,12291474
2026-07-08T14:05:33.880750,2026-07-08T14:05:33.889880+00:00,142.7,1,ask,,,12291494
2026-07-08T14:05:34.918083,2026-07-08T14:05:34.926200+00:00,142.7,1,ask,,,12291511
2026-07-08T14:05:35.323024,2026-07-08T14:05:35.327022+00:00,142.8,23,bid,,,12291520
2026-07-08T14:05:35.373493,2026-07-08T14:05:35.384337+00:00,142.7,199,ask,,,12291521
2026-07-08T14:05:35.397216,2026-07-08T14:05:35.403494+00:00,142.7,301,bid,,,12291523
2026-07-08T14:05:35.969319,2026-07-08T14:05:36.008483+00:00,142.7,324,ask,,,12291531
2026-07-08T14:05:36.002605,2026-07-08T14:05:36.008483+00:00,142.7,11,bid,,,12291532
2026-07-08T14:05:36.054949,2026-07-08T14:05:36.065583+00:00,142.7,165,bid,,,12291536
2026-07-08T14:05:36.594009,2026-07-08T14:05:36.601972+00:00,142.7,35,ask,,,12291540
2026-07-08T14:05:37.036634,2026-07-08T14:05:37.047520+00:00,142.4,1,ask,,,12291549
2026-07-08T14:05:37.262062,2026-07-08T14:05:37.270661+00:00,142.7,200,bid,,,12291557
2026-07-08T14:05:38.469024,2026-07-08T14:05:38.480120+00:00,142.8,200,bid,,,12291587
2026-07-08T14:05:40.087488,2026-07-08T14:05:40.094648+00:00,142.8,2,bid,,,12291613
2026-07-08T14:05:40.635674,2026-07-08T14:05:40.644083+00:00,142.7,200,ask,,,12291619
2026-07-08T14:05:40.635674,2026-07-08T14:05:40.644083+00:00,142.6,8,ask,,,12291620
2026-07-08T14:05:40.891267,2026-07-08T14:05:40.901378+00:00,142.6,200,bid,,,12291627
2026-07-08T14:05:42.135284,2026-07-08T14:05:42.142766+00:00,142.7,2,bid,,,12291657
2026-07-08T14:05:43.177229,2026-07-08T14:05:43.187361+00:00,142.5,1,ask,,,12291676
2026-07-08T14:05:44.217967,2026-07-08T14:05:44.264274+00:00,142.5,1,ask,,,12291698
2026-07-08T14:05:44.520208,2026-07-08T14:05:44.532386+00:00,142.7,200,bid,,,12291706
2026-07-08T14:05:46.300833,2026-07-08T14:05:46.307323+00:00,142.6,1,ask,,,12291737
2026-07-08T14:05:49.367260,2026-07-08T14:05:49.377741+00:00,142.6,2,bid,,,12291793
2026-07-08T14:05:49.383258,2026-07-08T14:05:49.393316+00:00,142.5,200,ask,,,12291795
2026-07-08T14:05:51.307062,2026-07-08T14:05:51.310876+00:00,142.6,3,bid,,,12291835
2026-07-08T14:05:51.584370,2026-07-08T14:05:51.593001+00:00,142.6,2,bid,,,12291842
2026-07-08T14:05:52.468764,2026-07-08T14:05:52.478651+00:00,142.5,200,ask,,,12291859
2026-07-08T14:05:53.631395,2026-07-08T14:05:53.638363+00:00,142.5,2,bid,,,12291879
2026-07-08T14:05:54.781946,2026-07-08T14:05:54.788346+00:00,142.5,500,ask,,,12291893
2026-07-08T14:05:55.088815,2026-07-08T14:05:55.099128+00:00,142.5,200,ask,,,12291901
2026-07-08T14:05:55.088815,2026-07-08T14:05:55.099128+00:00,142.5,8,ask,,,12291902
2026-07-08T14:05:56.691985,2026-07-08T14:05:56.702010+00:00,142.4,2,bid,,,12291924
2026-07-08T14:05:57.191276,2026-07-08T14:05:57.199833+00:00,142.3,500,ask,,,12291927
2026-07-08T14:05:59.762570,2026-07-08T14:05:59.773448+00:00,142.4,2,bid,,,12291972
2026-07-08T14:06:00.810745,2026-07-08T14:06:00.821655+00:00,142.3,20,bid,,,12291983
2026-07-08T14:06:03.594885,2026-07-08T14:06:03.605847+00:00,142.1,20,bid,,,12292026
2026-07-08T14:06:03.868775,2026-07-08T14:06:03.880088+00:00,141.9,2,ask,,,12292032
2026-07-08T14:06:03.947198,2026-07-08T14:06:03.951227+00:00,142.1,14,ask,,,12292039
2026-07-08T14:06:04.913203,2026-07-08T14:06:04.922478+00:00,142.1,1,ask,,,12292051
2026-07-08T14:06:05.143690,2026-07-08T14:06:05.151985+00:00,142.2,200,bid,,,12292056
2026-07-08T14:06:05.954613,2026-07-08T14:06:05.952703+00:00,142.1,1,ask,,,12292072
2026-07-08T14:06:06.920608,2026-07-08T14:06:06.924446+00:00,142.2,11,bid,,,12292082
2026-07-08T14:06:06.991359,2026-07-08T14:06:06.997888+00:00,142.1,1,ask,,,12292084
2026-07-08T14:06:07.366294,2026-07-08T14:06:07.378174+00:00,142.2,20,bid,,,12292092
2026-07-08T14:06:08.214491,2026-07-08T14:06:08.235052+00:00,142.1,200,ask,,,12292100
2026-07-08T14:06:08.230764,2026-07-08T14:06:08.235052+00:00,142.1,3,bid,,,12292102
2026-07-08T14:06:10.074505,2026-07-08T14:06:10.084280+00:00,142.2,2,bid,,,12292140
2026-07-08T14:06:10.942382,2026-07-08T14:06:10.958684+00:00,142.1,20,bid,,,12292152
2026-07-08T14:06:11.136340,2026-07-08T14:06:11.144647+00:00,142.0,1,ask,,,12292155
2026-07-08T14:06:13.178602,2026-07-08T14:06:13.185749+00:00,142.2,2,bid,,,12292202
2026-07-08T14:06:18.461824,2026-07-08T14:06:18.469686+00:00,142.1,200,ask,,,12292282
2026-07-08T14:06:20.877379,2026-07-08T14:06:20.887848+00:00,142.1,200,bid,,,12292322
2026-07-08T14:06:22.087991,2026-07-08T14:06:22.097635+00:00,142.2,200,bid,,,12292335
2026-07-08T14:06:23.699397,2026-07-08T14:06:23.709518+00:00,142.3,20,bid,,,12292373
2026-07-08T14:06:25.270645,2026-07-08T14:06:25.280279+00:00,142.1,200,ask,,,12292396
2026-07-08T14:06:25.721554,2026-07-08T14:06:25.728405+00:00,142.1,200,bid,,,12292401
2026-07-08T14:06:26.580475,2026-07-08T14:06:26.588292+00:00,142.1,8,bid,,,12292422
2026-07-08T14:06:29.369901,2026-07-08T14:06:29.380125+00:00,142.1,200,ask,,,12292479
2026-07-08T14:06:31.927256,2026-07-08T14:06:31.939445+00:00,142.2,20,ask,,,12292535
2026-07-08T14:06:33.122660,2026-07-08T14:06:33.129958+00:00,142.4,200,bid,,,12292556
2026-07-08T14:06:36.916920,2026-07-08T14:06:36.925569+00:00,142.5,20,ask,,,12292623
2026-07-08T14:06:37.833801,2026-07-08T14:06:37.844497+00:00,142.5,200,bid,,,12292646
2026-07-08T14:06:39.043583,2026-07-08T14:06:39.050293+00:00,142.5,200,bid,,,12292662
2026-07-08T14:06:41.026918,2026-07-08T14:06:41.033888+00:00,142.6,200,bid,,,12292703
2026-07-08T14:06:41.471862,2026-07-08T14:06:41.479891+00:00,142.6,200,ask,,,12292709
2026-07-08T14:06:41.560189,2026-07-08T14:06:41.571948+00:00,142.8,20,bid,,,12292710
2026-07-08T14:06:42.341339,2026-07-08T14:06:42.348631+00:00,142.5,8,ask,,,12292720
2026-07-08T14:06:42.365968,2026-07-08T14:06:42.373493+00:00,142.5,3,bid,,,12292722
2026-07-08T14:06:42.388454,2026-07-08T14:06:42.399334+00:00,142.5,20,bid,,,12292724
2026-07-08T14:06:42.497689,2026-07-08T14:06:42.505722+00:00,142.5,20,bid,,,12292727
2026-07-08T14:06:43.016885,2026-07-08T14:06:43.028701+00:00,142.3,20,ask,,,12292736
2026-07-08T14:06:43.990904,2026-07-08T14:06:44.002537+00:00,142.5,20,bid,,,12292752
2026-07-08T14:06:44.855562,2026-07-08T14:06:44.859133+00:00,142.4,3,ask,,,12292772
2026-07-08T14:06:44.912652,2026-07-08T14:06:44.929508+00:00,142.4,20,ask,,,12292776
2026-07-08T14:06:45.129989,2026-07-08T14:06:45.140930+00:00,142.4,20,ask,,,12292782
2026-07-08T14:06:46.126937,2026-07-08T14:06:46.130930+00:00,142.4,1,ask,,,12292801
2026-07-08T14:06:46.270291,2026-07-08T14:06:46.279898+00:00,142.4,179,ask,,,12292803
2026-07-08T14:06:46.305122,2026-07-08T14:06:46.316553+00:00,142.4,200,bid,,,12292805
2026-07-08T14:06:48.159929,2026-07-08T14:06:48.164252+00:00,142.5,1,bid,,,12292843
2026-07-08T14:06:48.728630,2026-07-08T14:06:48.738870+00:00,142.4,200,ask,,,12292853
2026-07-08T14:06:54.700961,2026-07-08T14:06:54.710220+00:00,142.4,500,bid,,,12292952
2026-07-08T14:06:55.328419,2026-07-08T14:06:55.362587+00:00,142.4,125,bid,,,12292962
2026-07-08T14:06:55.358762,2026-07-08T14:06:55.362587+00:00,142.4,3,ask,,,12292966
2026-07-08T14:06:55.445914,2026-07-08T14:06:55.455149+00:00,142.5,200,bid,,,12292970
2026-07-08T14:06:55.445914,2026-07-08T14:06:55.455149+00:00,142.6,8,bid,,,12292971
2026-07-08T14:06:55.466017,2026-07-08T14:06:55.470336+00:00,142.7,34,ask,,,12292973
2026-07-08T14:06:55.998770,2026-07-08T14:06:56.009589+00:00,142.7,200,ask,,,12292992
2026-07-08T14:06:57.617627,2026-07-08T14:06:57.621609+00:00,142.7,11,bid,,,12293011
2026-07-08T14:06:57.835739,2026-07-08T14:06:57.839871+00:00,142.7,1,bid,,,12293016
2026-07-08T14:06:58.244096,2026-07-08T14:06:58.248793+00:00,142.7,1,bid,,,12293024
2026-07-08T14:06:58.411920,2026-07-08T14:06:58.419829+00:00,142.7,200,bid,,,12293028
2026-07-08T14:07:00.623471,2026-07-08T14:07:00.627518+00:00,142.8,24,bid,,,12293064
2026-07-08T14:07:00.692538,2026-07-08T14:07:00.699888+00:00,142.7,200,ask,,,12293066
2026-07-08T14:07:02.027590,2026-07-08T14:07:02.037898+00:00,142.7,200,bid,,,12293089
2026-07-08T14:07:04.460504,2026-07-08T14:07:04.469683+00:00,142.6,200,ask,,,12293130
2026-07-08T14:07:08.109010,2026-07-08T14:07:08.122586+00:00,142.6,200,bid,,,12293188
2026-07-08T14:07:10.529545,2026-07-08T14:07:10.539673+00:00,142.8,200,bid,,,12293235
2026-07-08T14:07:11.087776,2026-07-08T14:07:11.095751+00:00,142.8,20,bid,,,12293243
2026-07-08T14:07:14.171420,2026-07-08T14:07:14.179777+00:00,142.6,200,ask,,,12293286
2026-07-08T14:07:16.223843,2026-07-08T14:07:16.230771+00:00,142.6,20,ask,,,12293318
2026-07-08T14:07:17.799585,2026-07-08T14:07:17.807172+00:00,142.5,8,ask,,,12293346
2026-07-08T14:07:19.925921,2026-07-08T14:07:19.937208+00:00,142.6,1,bid,,,12293374
2026-07-08T14:07:20.383572,2026-07-08T14:07:20.390877+00:00,142.5,200,ask,,,12293389
2026-07-08T14:07:21.440148,2026-07-08T14:07:21.449367+00:00,142.4,200,bid,,,12293404
2026-07-08T14:07:21.854072,2026-07-08T14:07:21.858578+00:00,142.7,20,bid,,,12293418
2026-07-08T14:07:22.648453,2026-07-08T14:07:22.658621+00:00,142.7,200,bid,,,12293426
2026-07-08T14:07:23.164125,2026-07-08T14:07:23.172848+00:00,142.7,1,bid,,,12293436
2026-07-08T14:07:23.857857,2026-07-08T14:07:23.869481+00:00,142.7,200,bid,,,12293446
2026-07-08T14:07:25.072032,2026-07-08T14:07:25.079966+00:00,142.7,200,bid,,,12293474
2026-07-08T14:07:28.898805,2026-07-08T14:07:28.908751+00:00,142.4,20,ask,,,12293542
2026-07-08T14:07:30.875620,2026-07-08T14:07:30.879340+00:00,142.6,1,ask,,,12293576
2026-07-08T14:07:31.219842,2026-07-08T14:07:31.224007+00:00,142.6,1,ask,,,12293579
2026-07-08T14:07:34.790507,2026-07-08T14:07:34.798148+00:00,142.4,200,ask,,,12293640
2026-07-08T14:07:34.924294,2026-07-08T14:07:34.933093+00:00,142.3,20,ask,,,12293642
2026-07-08T14:07:37.459564,2026-07-08T14:07:37.463727+00:00,142.4,2,bid,,,12293688
2026-07-08T14:07:38.749305,2026-07-08T14:07:38.758587+00:00,142.3,200,ask,,,12293707
2026-07-08T14:07:41.386559,2026-07-08T14:07:41.408494+00:00,142.4,200,bid,,,12293758
2026-07-08T14:07:42.057045,2026-07-08T14:07:42.064523+00:00,142.4,200,ask,,,12293772
2026-07-08T14:07:42.716743,2026-07-08T14:07:42.720628+00:00,142.5,1,bid,,,12293792
2026-07-08T14:07:44.011209,2026-07-08T14:07:44.064065+00:00,142.4,200,ask,,,12293827
2026-07-08T14:07:44.091896,2026-07-08T14:07:44.164611+00:00,142.4,20,bid,,,12293829
2026-07-08T14:07:44.475127,2026-07-08T14:07:44.484977+00:00,142.4,200,bid,,,12293834
2026-07-08T14:07:44.902006,2026-07-08T14:07:44.906788+00:00,142.4,1,bid,,,12293841
2026-07-08T14:07:44.975962,2026-07-08T14:07:44.980183+00:00,142.1,2,ask,,,12293849
2026-07-08T14:07:45.318928,2026-07-08T14:07:45.326110+00:00,142.4,8,bid,,,12293852
2026-07-08T14:07:45.318928,2026-07-08T14:07:45.331104+00:00,142.5,500,bid,,,12293853
2026-07-08T14:07:45.338773,2026-07-08T14:07:45.342834+00:00,142.5,14,ask,,,12293855
2026-07-08T14:07:45.404191,2026-07-08T14:07:45.415982+00:00,142.5,20,ask,,,12293856
2026-07-08T14:07:45.690078,2026-07-08T14:07:45.701566+00:00,142.5,83,ask,,,12293861
2026-07-08T14:07:45.690078,2026-07-08T14:07:45.701566+00:00,142.4,8,ask,,,12293862
2026-07-08T14:07:46.902605,2026-07-08T14:07:46.911981+00:00,142.3,200,ask,,,12293884
2026-07-08T14:07:47.111697,2026-07-08T14:07:47.123273+00:00,142.3,20,ask,,,12293885
2026-07-08T14:07:48.099969,2026-07-08T14:07:48.103895+00:00,142.3,14,bid,,,12293904
2026-07-08T14:07:48.111871,2026-07-08T14:07:48.119581+00:00,142.3,200,bid,,,12293906
2026-07-08T14:07:49.334438,2026-07-08T14:07:49.344386+00:00,142.3,8,bid,,,12293937
2026-07-08T14:07:49.334438,2026-07-08T14:07:49.344386+00:00,142.3,192,bid,,,12293938
2026-07-08T14:07:50.586659,2026-07-08T14:07:50.596335+00:00,142.4,8,bid,,,12293958
2026-07-08T14:07:50.586659,2026-07-08T14:07:50.596335+00:00,142.4,12,bid,,,12293959
2026-07-08T14:07:51.761274,2026-07-08T14:07:51.769573+00:00,142.3,200,ask,,,12293978
2026-07-08T14:07:53.201402,2026-07-08T14:07:53.213089+00:00,142.2,200,ask,,,12294005
2026-07-08T14:07:53.201402,2026-07-08T14:07:53.213089+00:00,142.2,8,ask,,,12294006
2026-07-08T14:07:54.775843,2026-07-08T14:07:54.783960+00:00,142.2,20,ask,,,12294034
2026-07-08T14:07:56.605421,2026-07-08T14:07:56.612554+00:00,142.2,200,ask,,,12294064
2026-07-08T14:07:57.145280,2026-07-08T14:07:57.174311+00:00,142.2,8,ask,,,12294075
2026-07-08T14:07:57.145280,2026-07-08T14:07:57.174311+00:00,142.1,500,ask,,,12294076
2026-07-08T14:07:57.166110,2026-07-08T14:07:57.174311+00:00,142.1,20,bid,,,12294078
2026-07-08T14:07:57.169978,2026-07-08T14:07:57.174311+00:00,142.1,1,bid,,,12294079
2026-07-08T14:07:57.278070,2026-07-08T14:07:57.289688+00:00,141.9,12,ask,,,12294085
2026-07-08T14:07:57.630615,2026-07-08T14:07:57.634272+00:00,141.9,1,ask,,,12294088
2026-07-08T14:07:57.785361,2026-07-08T14:07:57.795433+00:00,142.0,8,ask,,,12294095
2026-07-08T14:07:58.454337,2026-07-08T14:07:58.468696+00:00,142.2,8,bid,,,12294105
2026-07-08T14:07:58.454337,2026-07-08T14:07:58.468696+00:00,142.3,200,bid,,,12294106
2026-07-08T14:07:58.464805,2026-07-08T14:07:58.468696+00:00,142.4,26,ask,,,12294108
2026-07-08T14:07:59.044830,2026-07-08T14:07:59.056235+00:00,142.4,200,ask,,,12294118
2026-07-08T14:07:59.251356,2026-07-08T14:07:59.262159+00:00,142.6,20,bid,,,12294123
2026-07-08T14:07:59.770803,2026-07-08T14:07:59.781564+00:00,142.3,8,ask,,,12294135
2026-07-08T14:08:00.258621,2026-07-08T14:08:00.272683+00:00,142.3,200,bid,,,12294144
2026-07-08T14:08:00.764680,2026-07-08T14:08:00.768419+00:00,142.3,26,bid,,,12294154
2026-07-08T14:08:02.393813,2026-07-08T14:08:02.403191+00:00,142.5,200,bid,,,12294193
2026-07-08T14:08:02.692181,2026-07-08T14:08:02.695685+00:00,142.6,1,ask,,,12294198
2026-07-08T14:08:03.709576,2026-07-08T14:08:03.718606+00:00,142.6,199,ask,,,12294216
2026-07-08T14:08:04.068002,2026-07-08T14:08:04.072601+00:00,142.6,1,bid,,,12294230
2026-07-08T14:08:04.302465,2026-07-08T14:08:04.314035+00:00,142.6,20,bid,,,12294233
2026-07-08T14:08:06.791243,2026-07-08T14:08:06.798305+00:00,142.5,20,ask,,,12294270
2026-07-08T14:08:08.956831,2026-07-08T14:08:08.966618+00:00,142.6,200,bid,,,12294319
2026-07-08T14:08:10.281317,2026-07-08T14:08:10.290542+00:00,142.7,200,ask,,,12294346
2026-07-08T14:08:11.171279,2026-07-08T14:08:11.180326+00:00,142.6,200,bid,,,12294357
2026-07-08T14:08:12.380207,2026-07-08T14:08:12.391172+00:00,142.7,200,bid,,,12294381
2026-07-08T14:08:14.217612,2026-07-08T14:08:14.224838+00:00,142.8,200,bid,,,12294412
2026-07-08T14:08:14.217612,2026-07-08T14:08:14.230321+00:00,142.8,425,bid,,,12294413
2026-07-08T14:08:14.903252,2026-07-08T14:08:14.912766+00:00,142.8,20,bid,,,12294424
2026-07-08T14:08:18.440675,2026-07-08T14:08:18.444453+00:00,142.6,1,bid,,,12294488
2026-07-08T14:08:29.246953,2026-07-08T14:08:29.251376+00:00,142.7,1,ask,,,12294671
2026-07-08T14:08:29.599347,2026-07-08T14:08:29.610967+00:00,142.8,20,bid,,,12294681
2026-07-08T14:08:30.061116,2026-07-08T14:08:30.073090+00:00,142.6,20,ask,,,12294686
2026-07-08T14:08:37.947180,2026-07-08T14:08:37.950904+00:00,142.6,1,ask,,,12294822
2026-07-08T14:08:38.505488,2026-07-08T14:08:38.513863+00:00,142.6,20,ask,,,12294837
2026-07-08T14:08:40.248765,2026-07-08T14:08:40.252757+00:00,142.7,1,ask,,,12294872
2026-07-08T14:08:41.441419,2026-07-08T14:08:41.449614+00:00,142.8,200,bid,,,12294889
2026-07-08T14:08:41.899049,2026-07-08T14:08:41.914628+00:00,142.9,8,ask,,,12294895
2026-07-08T14:08:41.909915,2026-07-08T14:08:41.914628+00:00,142.9,1,ask,,,12294897
2026-07-08T14:08:41.962191,2026-07-08T14:08:41.966433+00:00,142.9,11,ask,,,12294900
2026-07-08T14:08:42.148618,2026-07-08T14:08:42.158623+00:00,143.1,20,bid,,,12294903
2026-07-08T14:08:42.664584,2026-07-08T14:08:42.668447+00:00,143.0,12,ask,,,12294908
2026-07-08T14:08:45.826175,2026-07-08T14:08:45.837411+00:00,143.0,200,ask,,,12294954
2026-07-08T14:08:46.278572,2026-07-08T14:08:46.288063+00:00,143.0,200,bid,,,12294960
2026-07-08T14:08:47.136397,2026-07-08T14:08:47.146786+00:00,143.1,8,bid,,,12294973
2026-07-08T14:08:49.378185,2026-07-08T14:08:49.390024+00:00,143.2,20,bid,,,12295009
2026-07-08T14:08:51.975828,2026-07-08T14:08:51.984553+00:00,142.9,20,ask,,,12295033
2026-07-08T14:08:53.700979,2026-07-08T14:08:53.704968+00:00,143.1,11,ask,,,12295073
2026-07-08T14:08:55.018758,2026-07-08T14:08:55.029296+00:00,143.2,200,bid,,,12295093
2026-07-08T14:08:59.578979,2026-07-08T14:08:59.588888+00:00,143.3,200,ask,,,12295188
2026-07-08T14:08:59.902358,2026-07-08T14:08:59.914121+00:00,143.3,20,ask,,,12295195
2026-07-08T14:09:00.896996,2026-07-08T14:09:00.901147+00:00,143.4,11,bid,,,12295210
2026-07-08T14:09:01.044969,2026-07-08T14:09:01.049297+00:00,143.4,1,bid,,,12295213
2026-07-08T14:09:01.567485,2026-07-08T14:09:01.574733+00:00,143.4,500,bid,,,12295222
2026-07-08T14:09:01.894595,2026-07-08T14:09:01.901349+00:00,143.4,125,ask,,,12295224
2026-07-08T14:09:01.894595,2026-07-08T14:09:01.922231+00:00,143.3,8,ask,,,12295225
2026-07-08T14:09:01.917950,2026-07-08T14:09:01.922231+00:00,143.3,11,bid,,,12295227
2026-07-08T14:09:01.995585,2026-07-08T14:09:02.002599+00:00,143.3,200,bid,,,12295229
2026-07-08T14:09:02.329277,2026-07-08T14:09:02.333374+00:00,143.1,8,bid,,,12295232
2026-07-08T14:09:02.899358,2026-07-08T14:09:02.903768+00:00,143.2,3,bid,,,12295244
2026-07-08T14:09:03.203977,2026-07-08T14:09:03.215016+00:00,143.2,200,bid,,,12295250
2026-07-08T14:09:04.664306,2026-07-08T14:09:04.668643+00:00,143.2,1,ask,,,12295268
2026-07-08T14:09:05.080296,2026-07-08T14:09:05.084292+00:00,143.2,1,ask,,,12295272
2026-07-08T14:09:05.877862,2026-07-08T14:09:05.881701+00:00,143.2,1,ask,,,12295283
2026-07-08T14:09:06.289677,2026-07-08T14:09:06.294239+00:00,143.2,1,ask,,,12295286
2026-07-08T14:09:08.118156,2026-07-08T14:09:08.128582+00:00,143.2,200,bid,,,12295332
2026-07-08T14:09:09.276506,2026-07-08T14:09:09.284523+00:00,143.3,200,ask,,,12295344
2026-07-08T14:09:10.485273,2026-07-08T14:09:10.486736+00:00,143.3,200,ask,,,12295362
2026-07-08T14:09:10.698699,2026-07-08T14:09:10.703179+00:00,143.4,1,bid,,,12295365
2026-07-08T14:09:11.512740,2026-07-08T14:09:11.516690+00:00,143.4,1,bid,,,12295374
2026-07-08T14:09:12.368311,2026-07-08T14:09:12.374972+00:00,143.5,20,bid,,,12295389
2026-07-08T14:09:14.679628,2026-07-08T14:09:14.687145+00:00,143.4,200,bid,,,12295430
2026-07-08T14:09:15.319155,2026-07-08T14:09:15.327692+00:00,143.4,200,ask,,,12295447
2026-07-08T14:09:16.256450,2026-07-08T14:09:16.268115+00:00,143.5,20,bid,,,12295456
2026-07-08T14:09:16.710984,2026-07-08T14:09:16.715244+00:00,143.5,5,bid,,,12295465
2026-07-08T14:09:18.608874,2026-07-08T14:09:18.619927+00:00,143.4,200,ask,,,12295497
2026-07-08T14:09:18.608874,2026-07-08T14:09:18.619927+00:00,143.4,8,ask,,,12295498
2026-07-08T14:09:18.944086,2026-07-08T14:09:18.955020+00:00,143.4,200,bid,,,12295502
2026-07-08T14:09:19.918282,2026-07-08T14:09:19.925005+00:00,143.4,8,bid,,,12295515
2026-07-08T14:09:22.536860,2026-07-08T14:09:22.547876+00:00,143.6,200,bid,,,12295549
2026-07-08T14:09:22.536860,2026-07-08T14:09:22.547876+00:00,143.7,8,bid,,,12295550
2026-07-08T14:09:22.536860,2026-07-08T14:09:22.547876+00:00,143.7,417,bid,,,12295551
2026-07-08T14:09:24.983019,2026-07-08T14:09:24.992105+00:00,143.5,200,bid,,,12295591
2026-07-08T14:09:28.629794,2026-07-08T14:09:28.637996+00:00,143.4,200,ask,,,12295650
2026-07-08T14:09:29.837282,2026-07-08T14:09:29.848418+00:00,143.4,8,ask,,,12295672
2026-07-08T14:09:29.837282,2026-07-08T14:09:29.848418+00:00,143.3,192,ask,,,12295673
2026-07-08T14:09:30.411548,2026-07-08T14:09:30.420309+00:00,143.4,8,ask,,,12295685
2026-07-08T14:09:31.118598,2026-07-08T14:09:31.127185+00:00,143.3,20,bid,,,12295698
2026-07-08T14:09:31.726924,2026-07-08T14:09:31.738145+00:00,143.3,180,bid,,,12295713
2026-07-08T14:09:32.798177,2026-07-08T14:09:32.802030+00:00,143.4,1,bid,,,12295731
2026-07-08T14:09:37.231789,2026-07-08T14:09:37.235318+00:00,143.2,1,ask,,,12295800
2026-07-08T14:09:38.305998,2026-07-08T14:09:38.317204+00:00,143.2,500,ask,,,12295817
2026-07-08T14:09:39.495027,2026-07-08T14:09:39.539581+00:00,143.2,200,bid,,,12295850
2026-07-08T14:09:39.536095,2026-07-08T14:09:39.555154+00:00,143.2,3,ask,,,12295854
2026-07-08T14:09:40.759356,2026-07-08T14:09:40.762745+00:00,143.3,11,ask,,,12295871
2026-07-08T14:09:40.926166,2026-07-08T14:09:40.933717+00:00,143.5,8,bid,,,12295874
2026-07-08T14:09:40.945394,2026-07-08T14:09:40.949744+00:00,143.5,23,ask,,,12295876
2026-07-08T14:09:42.103023,2026-07-08T14:09:42.106770+00:00,143.7,37,bid,,,12295904
2026-07-08T14:09:46.105228,2026-07-08T14:09:46.109299+00:00,143.5,1,ask,,,12295972
2026-07-08T14:09:48.019390,2026-07-08T14:09:48.029308+00:00,143.6,200,bid,,,12296009
2026-07-08T14:09:48.822174,2026-07-08T14:09:48.826958+00:00,143.5,1,ask,,,12296019
2026-07-08T14:09:49.350282,2026-07-08T14:09:49.354070+00:00,143.6,1,ask,,,12296032
2026-07-08T14:09:51.409709,2026-07-08T14:09:51.420621+00:00,143.6,200,ask,,,12296063
2026-07-08T14:09:51.653369,2026-07-08T14:09:51.662112+00:00,143.6,200,bid,,,12296070
2026-07-08T14:09:52.732616,2026-07-08T14:09:52.736831+00:00,143.6,11,ask,,,12296093
2026-07-08T14:09:52.864765,2026-07-08T14:09:52.874656+00:00,143.7,200,bid,,,12296097
2026-07-08T14:09:54.622790,2026-07-08T14:09:54.630870+00:00,143.6,500,ask,,,12296122
2026-07-08T14:09:55.218048,2026-07-08T14:09:55.227751+00:00,143.6,125,ask,,,12296128
2026-07-08T14:09:55.218048,2026-07-08T14:09:55.227751+00:00,143.5,200,ask,,,12296129
2026-07-08T14:09:55.218048,2026-07-08T14:09:55.227751+00:00,143.5,8,ask,,,12296130
2026-07-08T14:09:55.242828,2026-07-08T14:09:55.246321+00:00,143.5,14,bid,,,12296133
2026-07-08T14:09:55.283039,2026-07-08T14:09:55.292802+00:00,143.5,153,bid,,,12296135
2026-07-08T14:09:55.347459,2026-07-08T14:09:55.358282+00:00,143.5,47,ask,,,12296137
2026-07-08T14:09:56.655639,2026-07-08T14:09:56.663896+00:00,143.4,500,bid,,,12296164
2026-07-08T14:09:56.655639,2026-07-08T14:09:56.663896+00:00,143.5,8,bid,,,12296165
2026-07-08T14:09:56.655639,2026-07-08T14:09:56.668878+00:00,143.5,117,bid,,,12296166
2026-07-08T14:10:00.863870,2026-07-08T14:10:00.875676+00:00,143.3,20,bid,,,12296231
2026-07-08T14:10:04.271694,2026-07-08T14:10:04.276096+00:00,142.9,26,ask,,,12296296
2026-07-08T14:10:04.595011,2026-07-08T14:10:04.598777+00:00,142.9,1,ask,,,12296298
2026-07-08T14:10:05.006567,2026-07-08T14:10:05.010402+00:00,142.9,1,ask,,,12296307
2026-07-08T14:10:06.214235,2026-07-08T14:10:06.218966+00:00,142.9,1,ask,,,12296330
2026-07-08T14:10:06.623173,2026-07-08T14:10:06.627551+00:00,142.9,1,ask,,,12296336
2026-07-08T14:10:07.407591,2026-07-08T14:10:07.410998+00:00,142.9,4,bid,,,12296346
2026-07-08T14:10:07.829598,2026-07-08T14:10:07.833804+00:00,142.9,1,bid,,,12296355
2026-07-08T14:10:09.824817,2026-07-08T14:10:09.832241+00:00,142.7,200,bid,,,12296391
2026-07-08T14:10:10.377004,2026-07-08T14:10:10.386308+00:00,142.7,425,bid,,,12296404
2026-07-08T14:10:10.695359,2026-07-08T14:10:10.699351+00:00,142.8,1,ask,,,12296407
2026-07-08T14:10:11.055652,2026-07-08T14:10:11.059550+00:00,143.0,11,ask,,,12296416
2026-07-08T14:10:11.105103,2026-07-08T14:10:11.109046+00:00,143.0,1,ask,,,12296421
2026-07-08T14:10:11.129667,2026-07-08T14:10:11.140191+00:00,143.0,188,ask,,,12296422
2026-07-08T14:10:12.241593,2026-07-08T14:10:12.258609+00:00,143.0,200,bid,,,12296434
2026-07-08T14:10:13.708298,2026-07-08T14:10:13.712050+00:00,143.1,1,bid,,,12296449
2026-07-08T14:10:13.844749,2026-07-08T14:10:13.855118+00:00,142.8,20,ask,,,12296453
2026-07-08T14:10:16.368227,2026-07-08T14:10:16.379325+00:00,142.9,200,bid,,,12296493
2026-07-08T14:10:17.086131,2026-07-08T14:10:17.095849+00:00,142.9,200,ask,,,12296504
2026-07-08T14:10:20.375278,2026-07-08T14:10:20.379449+00:00,142.8,1,ask,,,12296573
2026-07-08T14:10:21.180074,2026-07-08T14:10:21.184604+00:00,142.8,1,ask,,,12296593
2026-07-08T14:10:21.649610,2026-07-08T14:10:21.659934+00:00,143.0,20,bid,,,12296600
2026-07-08T14:10:22.388589,2026-07-08T14:10:22.392305+00:00,142.8,1,ask,,,12296615
2026-07-08T14:10:22.924412,2026-07-08T14:10:22.934672+00:00,143.0,200,bid,,,12296627
2026-07-08T14:10:22.924412,2026-07-08T14:10:22.934672+00:00,143.1,8,bid,,,12296628
2026-07-08T14:10:22.940564,2026-07-08T14:10:22.944235+00:00,143.1,31,ask,,,12296630
2026-07-08T14:10:23.130797,2026-07-08T14:10:23.138595+00:00,143.1,200,ask,,,12296637
2026-07-08T14:10:23.181210,2026-07-08T14:10:23.191770+00:00,143.1,8,ask,,,12296640
2026-07-08T14:10:23.245983,2026-07-08T14:10:23.249859+00:00,143.3,11,bid,,,12296644
2026-07-08T14:10:23.361897,2026-07-08T14:10:23.368974+00:00,143.3,20,bid,,,12296648
2026-07-08T14:10:23.604939,2026-07-08T14:10:23.609281+00:00,143.3,1,bid,,,12296652
2026-07-08T14:10:24.239338,2026-07-08T14:10:24.249782+00:00,143.0,8,ask,,,12296662
2026-07-08T14:10:24.256445,2026-07-08T14:10:24.260830+00:00,143.0,31,bid,,,12296664
2026-07-08T14:10:24.336333,2026-07-08T14:10:24.347123+00:00,143.0,200,bid,,,12296666
2026-07-08T14:10:24.418192,2026-07-08T14:10:24.429264+00:00,143.0,4,bid,,,12296669
2026-07-08T14:10:25.546304,2026-07-08T14:10:25.557738+00:00,143.0,200,bid,,,12296683
2026-07-08T14:10:25.554231,2026-07-08T14:10:25.557738+00:00,143.1,8,bid,,,12296684
2026-07-08T14:10:26.412480,2026-07-08T14:10:26.416516+00:00,143.1,21,ask,,,12296698
2026-07-08T14:10:26.442514,2026-07-08T14:10:26.452539+00:00,143.1,14,ask,,,12296699
2026-07-08T14:10:28.179077,2026-07-08T14:10:28.185898+00:00,142.9,200,ask,,,12296729
2026-07-08T14:10:28.197761,2026-07-08T14:10:28.201649+00:00,142.9,12,bid,,,12296732
2026-07-08T14:10:29.195401,2026-07-08T14:10:29.206740+00:00,142.9,200,bid,,,12296749
2026-07-08T14:10:29.485000,2026-07-08T14:10:29.506131+00:00,143.0,8,bid,,,12296754
2026-07-08T14:10:29.502086,2026-07-08T14:10:29.506131+00:00,143.0,1,ask,,,12296756
2026-07-08T14:10:29.715660,2026-07-08T14:10:29.719849+00:00,143.0,11,ask,,,12296759
2026-07-08T14:10:29.724472,2026-07-08T14:10:29.735289+00:00,143.1,20,bid,,,12296760
2026-07-08T14:10:30.076238,2026-07-08T14:10:30.087149+00:00,143.0,1,ask,,,12296771
2026-07-08T14:10:30.103425,2026-07-08T14:10:30.107534+00:00,143.0,1,ask,,,12296774
2026-07-08T14:10:30.413094,2026-07-08T14:10:30.422533+00:00,143.0,200,ask,,,12296781
2026-07-08T14:10:34.059923,2026-07-08T14:10:34.069804+00:00,143.0,200,ask,,,12296856
2026-07-08T14:10:35.778939,2026-07-08T14:10:35.783156+00:00,143.0,1,ask,,,12296893
2026-07-08T14:10:35.898787,2026-07-08T14:10:35.902824+00:00,143.0,20,ask,,,12296897
2026-07-08T14:10:36.148234,2026-07-08T14:10:36.164008+00:00,143.0,11,ask,,,12296899
2026-07-08T14:10:36.575154,2026-07-08T14:10:36.579401+00:00,143.0,1,ask,,,12296908
2026-07-08T14:10:37.786222,2026-07-08T14:10:37.790264+00:00,143.0,1,ask,,,12296927
2026-07-08T14:10:38.248306,2026-07-08T14:10:38.252844+00:00,143.0,1,ask,,,12296936
2026-07-08T14:10:40.139375,2026-07-08T14:10:40.146330+00:00,143.1,200,bid,,,12296956
2026-07-08T14:10:42.227752,2026-07-08T14:10:42.231790+00:00,142.9,9,ask,,,12296982
2026-07-08T14:10:43.918049,2026-07-08T14:10:43.925177+00:00,142.9,200,bid,,,12297009
2026-07-08T14:10:44.949386,2026-07-08T14:10:44.958560+00:00,142.9,20,ask,,,12297020
2026-07-08T14:10:45.443827,2026-07-08T14:10:45.448260+00:00,143.0,1,bid,,,12297035
2026-07-08T14:10:46.540488,2026-07-08T14:10:46.549663+00:00,142.9,200,ask,,,12297045
2026-07-08T14:10:54.804552,2026-07-08T14:10:54.811274+00:00,143.1,20,bid,,,12297173
2026-07-08T14:10:58.010396,2026-07-08T14:10:58.014439+00:00,142.9,8,bid,,,12297231
2026-07-08T14:10:58.724603,2026-07-08T14:10:58.729066+00:00,142.9,1,bid,,,12297245
2026-07-08T14:10:58.814304,2026-07-08T14:10:58.824830+00:00,142.9,199,bid,,,12297246
2026-07-08T14:11:02.256758,2026-07-08T14:11:02.258587+00:00,143.0,500,ask,,,12297296
2026-07-08T14:11:02.256758,2026-07-08T14:11:02.269910+00:00,143.0,125,ask,,,12297297
2026-07-08T14:11:03.664076,2026-07-08T14:11:03.674226+00:00,143.2,200,bid,,,12297315
2026-07-08T14:11:04.266815,2026-07-08T14:11:04.275259+00:00,143.3,500,bid,,,12297320
2026-07-08T14:11:04.907038,2026-07-08T14:11:04.922768+00:00,143.3,200,bid,,,12297332
2026-07-08T14:11:04.930855,2026-07-08T14:11:04.938598+00:00,143.4,8,ask,,,12297334
2026-07-08T14:11:05.584915,2026-07-08T14:11:05.596318+00:00,143.4,200,ask,,,12297341
2026-07-08T14:11:08.875019,2026-07-08T14:11:08.878643+00:00,143.2,2,bid,,,12297412
2026-07-08T14:11:09.089274,2026-07-08T14:11:09.097432+00:00,143.2,500,bid,,,12297416
2026-07-08T14:11:09.211167,2026-07-08T14:11:09.222385+00:00,143.2,123,bid,,,12297421
2026-07-08T14:11:09.240562,2026-07-08T14:11:09.245827+00:00,143.4,8,ask,,,12297424
2026-07-08T14:11:10.180329,2026-07-08T14:11:10.184209+00:00,143.4,4,ask,,,12297445
2026-07-08T14:11:11.472631,2026-07-08T14:11:11.479337+00:00,143.5,200,bid,,,12297476
2026-07-08T14:11:11.634667,2026-07-08T14:11:11.642483+00:00,143.5,200,ask,,,12297479
2026-07-08T14:11:12.787998,2026-07-08T14:11:12.798004+00:00,143.4,8,ask,,,12297499
2026-07-08T14:11:12.840646,2026-07-08T14:11:12.851037+00:00,143.4,200,bid,,,12297502
2026-07-08T14:11:16.714447,2026-07-08T14:11:16.722184+00:00,143.5,200,bid,,,12297582
2026-07-08T14:11:16.732952,2026-07-08T14:11:16.736885+00:00,143.5,11,ask,,,12297584
2026-07-08T14:11:17.450082,2026-07-08T14:11:17.453917+00:00,143.6,8,bid,,,12297599
2026-07-08T14:11:17.616779,2026-07-08T14:11:17.620510+00:00,143.6,1,bid,,,12297608
2026-07-08T14:11:17.767565,2026-07-08T14:11:17.771457+00:00,143.6,2,bid,,,12297616
2026-07-08T14:11:18.024858,2026-07-08T14:11:18.036581+00:00,143.6,497,bid,,,12297623
2026-07-08T14:11:18.187346,2026-07-08T14:11:18.196997+00:00,143.6,128,ask,,,12297626
2026-07-08T14:11:18.794464,2026-07-08T14:11:18.805107+00:00,143.5,200,ask,,,12297639
2026-07-08T14:11:18.812576,2026-07-08T14:11:18.816833+00:00,143.5,9,bid,,,12297642
2026-07-08T14:11:18.838899,2026-07-08T14:11:18.843139+00:00,143.5,1,bid,,,12297644
2026-07-08T14:11:19.241510,2026-07-08T14:11:19.244927+00:00,143.5,1,bid,,,12297651
2026-07-08T14:11:19.648489,2026-07-08T14:11:19.652656+00:00,143.5,1,bid,,,12297662
2026-07-08T14:11:21.613938,2026-07-08T14:11:21.625736+00:00,143.6,20,bid,,,12297711
2026-07-08T14:11:21.962081,2026-07-08T14:11:21.968770+00:00,143.6,200,bid,,,12297720
2026-07-08T14:11:21.962081,2026-07-08T14:11:21.974050+00:00,143.6,425,bid,,,12297721
2026-07-08T14:11:26.150683,2026-07-08T14:11:26.151228+00:00,143.4,200,ask,,,12297789
2026-07-08T14:11:26.503392,2026-07-08T14:11:26.507674+00:00,143.6,34,bid,,,12297796
2026-07-08T14:11:26.614339,2026-07-08T14:11:26.618560+00:00,143.6,8,bid,,,12297799
2026-07-08T14:11:26.878243,2026-07-08T14:11:26.885955+00:00,143.6,8,bid,,,12297807
2026-07-08T14:11:27.303034,2026-07-08T14:11:27.309839+00:00,143.7,1,bid,,,12297821
2026-07-08T14:11:27.713084,2026-07-08T14:11:27.724902+00:00,143.6,2,bid,,,12297828
2026-07-08T14:11:28.533672,2026-07-08T14:11:28.541859+00:00,143.6,9,bid,,,12297850
2026-07-08T14:11:29.664563,2026-07-08T14:11:29.668370+00:00,143.5,8,ask,,,12297870
2026-07-08T14:11:31.149557,2026-07-08T14:11:31.153913+00:00,143.6,12,ask,,,12297908
2026-07-08T14:11:31.376103,2026-07-08T14:11:31.387189+00:00,143.6,7,ask,,,12297910
2026-07-08T14:11:31.784731,2026-07-08T14:11:31.794101+00:00,143.6,1,ask,,,12297915
2026-07-08T14:11:32.455595,2026-07-08T14:11:32.459133+00:00,143.7,11,ask,,,12297928
2026-07-08T14:11:32.845596,2026-07-08T14:11:32.849853+00:00,143.8,23,bid,,,12297933
2026-07-08T14:11:32.994390,2026-07-08T14:11:33.003696+00:00,143.8,15,bid,,,12297936
2026-07-08T14:11:33.014782,2026-07-08T14:11:33.019170+00:00,143.8,1,bid,,,12297939
2026-07-08T14:11:33.410270,2026-07-08T14:11:33.418429+00:00,143.9,1,bid,,,12297948
2026-07-08T14:11:33.834696,2026-07-08T14:11:33.838797+00:00,143.8,1,bid,,,12297954
2026-07-08T14:11:34.229015,2026-07-08T14:11:34.236471+00:00,143.8,1,bid,,,12297963
2026-07-08T14:11:34.672693,2026-07-08T14:11:34.676938+00:00,143.8,1,bid,,,12297978
2026-07-08T14:11:35.049089,2026-07-08T14:11:35.058535+00:00,143.8,1,bid,,,12297980
2026-07-08T14:11:35.074759,2026-07-08T14:11:35.078205+00:00,143.8,1,bid,,,12297983
2026-07-08T14:11:35.475892,2026-07-08T14:11:35.479793+00:00,143.8,1,bid,,,12297993
2026-07-08T14:11:35.842802,2026-07-08T14:11:35.851393+00:00,143.7,200,ask,,,12297999
2026-07-08T14:11:36.397343,2026-07-08T14:11:36.401583+00:00,143.8,1,bid,,,12298008
2026-07-08T14:11:37.067345,2026-07-08T14:11:37.071078+00:00,143.6,17,bid,,,12298021
2026-07-08T14:11:37.687031,2026-07-08T14:11:37.695109+00:00,143.6,183,bid,,,12298035
2026-07-08T14:11:37.687031,2026-07-08T14:11:37.695109+00:00,143.7,8,bid,,,12298036
2026-07-08T14:11:38.254783,2026-07-08T14:11:38.264006+00:00,143.7,200,ask,,,12298039
2026-07-08T14:11:39.000842,2026-07-08T14:11:39.010374+00:00,143.7,8,ask,,,12298060
2026-07-08T14:11:39.096284,2026-07-08T14:11:39.099965+00:00,143.6,1,bid,,,12298062
2026-07-08T14:11:41.620470,2026-07-08T14:11:41.629493+00:00,143.5,200,ask,,,12298098
2026-07-08T14:11:41.620470,2026-07-08T14:11:41.629493+00:00,143.4,425,ask,,,12298099
2026-07-08T14:11:42.994841,2026-07-08T14:11:43.002496+00:00,143.6,200,bid,,,12298117
2026-07-08T14:11:43.119908,2026-07-08T14:11:43.127421+00:00,143.6,200,ask,,,12298121
2026-07-08T14:11:45.520488,2026-07-08T14:11:45.525120+00:00,143.5,1,ask,,,12298162
2026-07-08T14:11:45.556596,2026-07-08T14:11:45.568422+00:00,143.7,200,ask,,,12298167
2026-07-08T14:11:48.144384,2026-07-08T14:11:48.163850+00:00,143.5,20,ask,,,12298215
2026-07-08T14:11:48.185883,2026-07-08T14:11:48.189647+00:00,143.6,1,ask,,,12298217
2026-07-08T14:11:48.781635,2026-07-08T14:11:48.785653+00:00,143.8,1,bid,,,12298227
2026-07-08T14:11:54.932839,2026-07-08T14:11:54.937351+00:00,143.7,11,bid,,,12298319
2026-07-08T14:11:55.608430,2026-07-08T14:11:55.619681+00:00,143.7,20,bid,,,12298329
2026-07-08T14:11:56.315157,2026-07-08T14:11:56.321833+00:00,143.7,180,bid,,,12298334
2026-07-08T14:11:56.454743,2026-07-08T14:11:56.464385+00:00,143.7,200,ask,,,12298335
2026-07-08T14:11:57.363704,2026-07-08T14:11:57.373546+00:00,143.7,500,ask,,,12298355
2026-07-08T14:11:57.363704,2026-07-08T14:11:57.373546+00:00,143.7,8,ask,,,12298356
2026-07-08T14:11:57.661469,2026-07-08T14:11:57.670079+00:00,143.7,117,bid,,,12298364
2026-07-08T14:11:57.661469,2026-07-08T14:11:57.670079+00:00,143.8,8,bid,,,12298365
2026-07-08T14:11:58.674243,2026-07-08T14:11:58.681262+00:00,143.8,75,ask,,,12298384
2026-07-08T14:11:58.674243,2026-07-08T14:11:58.686291+00:00,143.8,8,ask,,,12298385
2026-07-08T14:12:01.161050,2026-07-08T14:12:01.169125+00:00,143.8,500,bid,,,12298417
2026-07-08T14:12:01.306285,2026-07-08T14:12:01.318247+00:00,143.9,8,bid,,,12298420
2026-07-08T14:12:01.310645,2026-07-08T14:12:01.318247+00:00,143.9,200,ask,,,12298421
2026-07-08T14:12:01.324881,2026-07-08T14:12:01.328789+00:00,143.9,23,ask,,,12298423
2026-07-08T14:12:02.518289,2026-07-08T14:12:02.526021+00:00,143.9,200,ask,,,12298445
2026-07-08T14:12:02.621337,2026-07-08T14:12:02.628906+00:00,143.9,8,ask,,,12298447
2026-07-08T14:12:02.982529,2026-07-08T14:12:02.991563+00:00,143.9,20,bid,,,12298452
2026-07-08T14:12:04.200307,2026-07-08T14:12:04.211923+00:00,143.7,500,bid,,,12298470
2026-07-08T14:12:04.425143,2026-07-08T14:12:04.429136+00:00,143.7,12,bid,,,12298476
2026-07-08T14:12:04.795336,2026-07-08T14:12:04.804233+00:00,143.7,113,bid,,,12298485
2026-07-08T14:12:04.937080,2026-07-08T14:12:04.949942+00:00,143.7,200,ask,,,12298490
2026-07-08T14:12:06.324837,2026-07-08T14:12:06.333121+00:00,144.1,20,bid,,,12298519
2026-07-08T14:12:06.586957,2026-07-08T14:12:06.590775+00:00,143.9,1,bid,,,12298531
2026-07-08T14:12:10.491437,2026-07-08T14:12:10.499469+00:00,143.8,200,bid,,,12298590
2026-07-08T14:12:10.491437,2026-07-08T14:12:10.504462+00:00,143.9,8,bid,,,12298591
2026-07-08T14:12:10.796150,2026-07-08T14:12:10.800268+00:00,143.9,13,ask,,,12298599
2026-07-08T14:12:11.243747,2026-07-08T14:12:11.247841+00:00,143.9,1,ask,,,12298611
2026-07-08T14:12:11.493916,2026-07-08T14:12:11.502936+00:00,144.1,20,bid,,,12298617
2026-07-08T14:12:12.463052,2026-07-08T14:12:12.466947+00:00,144.1,1,bid,,,12298638
2026-07-08T14:12:13.416604,2026-07-08T14:12:13.426280+00:00,144.0,200,ask,,,12298653
2026-07-08T14:12:14.625195,2026-07-08T14:12:14.631982+00:00,143.9,8,ask,,,12298671
2026-07-08T14:12:14.643401,2026-07-08T14:12:14.647250+00:00,143.9,23,bid,,,12298673
2026-07-08T14:12:19.463050,2026-07-08T14:12:19.469362+00:00,143.9,200,bid,,,12298770
2026-07-08T14:12:19.724215,2026-07-08T14:12:19.733446+00:00,143.9,20,bid,,,12298771
2026-07-08T14:12:22.373932,2026-07-08T14:12:22.385236+00:00,143.8,200,ask,,,12298817
2026-07-08T14:12:31.477353,2026-07-08T14:12:31.485329+00:00,143.6,200,bid,,,12298937
2026-07-08T14:12:31.575546,2026-07-08T14:12:31.585512+00:00,143.6,200,ask,,,12298939
2026-07-08T14:12:32.791496,2026-07-08T14:12:32.803124+00:00,143.6,8,ask,,,12298960
2026-07-08T14:12:34.104392,2026-07-08T14:12:34.111971+00:00,143.5,200,ask,,,12298979
2026-07-08T14:12:34.125512,2026-07-08T14:12:34.129830+00:00,143.5,3,bid,,,12298982
2026-07-08T14:12:39.381563,2026-07-08T14:12:39.386077+00:00,143.3,3,ask,,,12299061
2026-07-08T14:12:42.264985,2026-07-08T14:12:42.274153+00:00,143.5,20,bid,,,12299105
2026-07-08T14:12:42.516454,2026-07-08T14:12:42.520747+00:00,143.4,3,bid,,,12299109
2026-07-08T14:12:43.095529,2026-07-08T14:12:43.105590+00:00,143.3,20,ask,,,12299119
2026-07-08T14:12:43.275756,2026-07-08T14:12:43.283753+00:00,143.4,197,bid,,,12299121
2026-07-08T14:12:50.978347,2026-07-08T14:12:50.986253+00:00,143.3,200,bid,,,12299238
2026-07-08T14:12:52.466657,2026-07-08T14:12:52.477020+00:00,143.4,200,ask,,,12299265
2026-07-08T14:12:52.466657,2026-07-08T14:12:52.477020+00:00,143.3,8,ask,,,12299266
2026-07-08T14:12:53.391783,2026-07-08T14:12:53.399201+00:00,143.3,200,bid,,,12299280
2026-07-08T14:12:53.779677,2026-07-08T14:12:53.787015+00:00,143.3,8,bid,,,12299285
2026-07-08T14:12:54.612453,2026-07-08T14:12:54.623325+00:00,143.3,200,ask,,,12299304
2026-07-08T14:12:56.267988,2026-07-08T14:12:56.274794+00:00,143.3,200,bid,,,12299334
2026-07-08T14:12:56.403003,2026-07-08T14:12:56.413587+00:00,143.3,300,ask,,,12299337
2026-07-08T14:12:56.864498,2026-07-08T14:12:56.872729+00:00,143.3,325,bid,,,12299344
2026-07-08T14:12:56.864498,2026-07-08T14:12:56.872729+00:00,143.3,8,bid,,,12299345
2026-07-08T14:12:56.964142,2026-07-08T14:12:56.967668+00:00,143.6,1,ask,,,12299347
2026-07-08T14:12:56.973012,2026-07-08T14:12:56.976380+00:00,143.6,2,ask,,,12299349
2026-07-08T14:12:57.028260,2026-07-08T14:12:57.038426+00:00,143.6,5,ask,,,12299353
2026-07-08T14:12:57.298057,2026-07-08T14:12:57.302119+00:00,143.4,3,bid,,,12299361
2026-07-08T14:12:57.712844,2026-07-08T14:12:57.722858+00:00,143.4,192,bid,,,12299369
2026-07-08T14:12:57.712844,2026-07-08T14:12:57.722858+00:00,143.5,8,bid,,,12299370
2026-07-08T14:12:58.126518,2026-07-08T14:12:58.139178+00:00,143.7,20,bid,,,12299373
2026-07-08T14:12:58.241166,2026-07-08T14:12:58.248307+00:00,143.5,200,ask,,,12299378
2026-07-08T14:12:59.449537,2026-07-08T14:12:59.452786+00:00,143.4,200,ask,,,12299403
2026-07-08T14:13:00.533459,2026-07-08T14:13:00.544425+00:00,143.5,20,bid,,,12299420
2026-07-08T14:13:00.657501,2026-07-08T14:13:00.669044+00:00,143.3,200,ask,,,12299424
2026-07-08T14:13:01.420367,2026-07-08T14:13:01.424084+00:00,143.3,3,ask,,,12299437
2026-07-08T14:13:01.552392,2026-07-08T14:13:01.556184+00:00,143.3,8,ask,,,12299439
2026-07-08T14:13:07.138273,2026-07-08T14:13:07.158643+00:00,143.3,20,ask,,,12299528
2026-07-08T14:13:07.219063,2026-07-08T14:13:07.223544+00:00,143.5,1,bid,,,12299533
2026-07-08T14:13:07.879622,2026-07-08T14:13:07.883212+00:00,143.5,7,bid,,,12299543
2026-07-08T14:13:07.916409,2026-07-08T14:13:07.924721+00:00,143.5,200,bid,,,12299545
2026-07-08T14:13:09.124007,2026-07-08T14:13:09.133542+00:00,143.6,200,bid,,,12299560
2026-07-08T14:13:10.804342,2026-07-08T14:13:10.812253+00:00,143.7,200,bid,,,12299583
2026-07-08T14:13:11.232293,2026-07-08T14:13:11.240942+00:00,143.9,1,bid,,,12299589
2026-07-08T14:13:11.587996,2026-07-08T14:13:11.594778+00:00,143.7,200,ask,,,12299599
2026-07-08T14:13:12.115809,2026-07-08T14:13:12.137059+00:00,143.7,8,ask,,,12299610
2026-07-08T14:13:12.133203,2026-07-08T14:13:12.137059+00:00,143.6,1,bid,,,12299612
2026-07-08T14:13:12.142828,2026-07-08T14:13:12.146485+00:00,143.6,2,bid,,,12299614
2026-07-08T14:13:14.434482,2026-07-08T14:13:14.444824+00:00,143.7,20,bid,,,12299645
2026-07-08T14:13:14.735451,2026-07-08T14:13:14.745335+00:00,143.5,200,ask,,,12299649
2026-07-08T14:13:14.735451,2026-07-08T14:13:14.745335+00:00,143.5,8,ask,,,12299650
2026-07-08T14:13:15.207304,2026-07-08T14:13:15.216753+00:00,143.5,200,bid,,,12299654
2026-07-08T14:13:16.360220,2026-07-08T14:13:16.370842+00:00,143.5,20,bid,,,12299674
2026-07-08T14:13:16.891334,2026-07-08T14:13:16.899373+00:00,143.5,500,bid,,,12299678
2026-07-08T14:13:18.664591,2026-07-08T14:13:18.672583+00:00,143.4,200,ask,,,12299714
2026-07-08T14:13:18.664591,2026-07-08T14:13:18.677544+00:00,143.4,425,ask,,,12299715
2026-07-08T14:13:18.843012,2026-07-08T14:13:18.851819+00:00,143.4,200,ask,,,12299721
2026-07-08T14:13:20.054672,2026-07-08T14:13:20.065863+00:00,143.6,8,ask,,,12299737
2026-07-08T14:13:20.054672,2026-07-08T14:13:20.065863+00:00,143.5,192,ask,,,12299738
2026-07-08T14:13:22.943130,2026-07-08T14:13:22.953686+00:00,143.5,200,bid,,,12299784
2026-07-08T14:13:22.943130,2026-07-08T14:13:22.953686+00:00,143.5,300,bid,,,12299785
2026-07-08T14:13:23.540796,2026-07-08T14:13:23.550622+00:00,143.5,325,bid,,,12299796
2026-07-08T14:13:23.540796,2026-07-08T14:13:23.550622+00:00,143.6,8,bid,,,12299797
2026-07-08T14:13:23.688016,2026-07-08T14:13:23.694822+00:00,143.8,8,ask,,,12299798
2026-07-08T14:13:23.688016,2026-07-08T14:13:23.700077+00:00,143.6,167,ask,,,12299799
2026-07-08T14:13:25.568724,2026-07-08T14:13:25.579330+00:00,143.7,20,bid,,,12299836
2026-07-08T14:13:27.163914,2026-07-08T14:13:27.175471+00:00,143.7,500,bid,,,12299860
2026-07-08T14:13:27.758281,2026-07-08T14:13:27.770347+00:00,143.6,200,bid,,,12299874
2026-07-08T14:13:27.758281,2026-07-08T14:13:27.770347+00:00,143.7,125,bid,,,12299875
2026-07-08T14:13:27.758281,2026-07-08T14:13:27.770347+00:00,143.7,8,bid,,,12299876
2026-07-08T14:13:28.548276,2026-07-08T14:13:28.558651+00:00,143.8,200,ask,,,12299890
2026-07-08T14:13:29.756731,2026-07-08T14:13:29.768698+00:00,143.8,200,ask,,,12299907
2026-07-08T14:13:30.452450,2026-07-08T14:13:30.453546+00:00,143.9,500,ask,,,12299929
2026-07-08T14:13:30.802712,2026-07-08T14:13:30.809513+00:00,143.9,125,bid,,,12299936
2026-07-08T14:13:30.864654,2026-07-08T14:13:30.868907+00:00,144.1,1,ask,,,12299938
2026-07-08T14:13:30.875158,2026-07-08T14:13:30.879294+00:00,144.1,2,ask,,,12299940
2026-07-08T14:13:30.969831,2026-07-08T14:13:30.981438+00:00,144.1,5,ask,,,12299942
2026-07-08T14:13:30.969831,2026-07-08T14:13:30.981438+00:00,143.9,195,ask,,,12299943
2026-07-08T14:13:31.309002,2026-07-08T14:13:31.320670+00:00,144.1,8,ask,,,12299951
2026-07-08T14:13:32.181524,2026-07-08T14:13:32.192491+00:00,143.9,200,ask,,,12299962
2026-07-08T14:13:32.454338,2026-07-08T14:13:32.460917+00:00,143.9,20,ask,,,12299971
2026-07-08T14:13:33.215669,2026-07-08T14:13:33.226649+00:00,144.1,500,bid,,,12299994
2026-07-08T14:13:33.391334,2026-07-08T14:13:33.403089+00:00,143.9,200,ask,,,12299999
2026-07-08T14:13:33.812878,2026-07-08T14:13:33.821900+00:00,144.1,125,bid,,,12300002
2026-07-08T14:13:33.812878,2026-07-08T14:13:33.821900+00:00,144.2,8,bid,,,12300003
2026-07-08T14:13:33.853838,2026-07-08T14:13:33.857587+00:00,144.2,1,ask,,,12300005
2026-07-08T14:13:34.123837,2026-07-08T14:13:34.127519+00:00,144.3,8,ask,,,12300011
2026-07-08T14:13:34.599175,2026-07-08T14:13:34.607721+00:00,144.2,200,ask,,,12300015
2026-07-08T14:13:35.809161,2026-07-08T14:13:35.816451+00:00,144.1,200,ask,,,12300033
2026-07-08T14:13:36.435308,2026-07-08T14:13:36.438900+00:00,144.4,8,bid,,,12300052
2026-07-08T14:13:36.672269,2026-07-08T14:13:36.676105+00:00,144.4,1,bid,,,12300058
2026-07-08T14:13:37.016718,2026-07-08T14:13:37.028141+00:00,144.2,200,ask,,,12300065
2026-07-08T14:13:37.353282,2026-07-08T14:13:37.365181+00:00,144.2,20,ask,,,12300068
2026-07-08T14:13:38.072144,2026-07-08T14:13:38.081142+00:00,144.3,500,bid,,,12300079
2026-07-08T14:13:38.225638,2026-07-08T14:13:38.233510+00:00,144.0,200,ask,,,12300084
2026-07-08T14:13:39.431968,2026-07-08T14:13:39.439419+00:00,144.2,200,ask,,,12300099
2026-07-08T14:13:40.673041,2026-07-08T14:13:40.676823+00:00,144.2,3,bid,,,12300125
2026-07-08T14:13:40.941328,2026-07-08T14:13:40.952171+00:00,144.2,197,bid,,,12300129
2026-07-08T14:13:41.870406,2026-07-08T14:13:41.881354+00:00,144.3,200,ask,,,12300138
2026-07-08T14:13:42.955912,2026-07-08T14:13:42.959819+00:00,144.2,3,ask,,,12300155
2026-07-08T14:13:43.080287,2026-07-08T14:13:43.086818+00:00,144.2,200,ask,,,12300159
2026-07-08T14:13:44.290206,2026-07-08T14:13:44.299205+00:00,144.2,200,bid,,,12300177
2026-07-08T14:13:45.923145,2026-07-08T14:13:45.934358+00:00,144.3,1,bid,,,12300203
2026-07-08T14:13:45.979388,2026-07-08T14:13:45.998770+00:00,144.3,1,bid,,,12300206
2026-07-08T14:13:47.589917,2026-07-08T14:13:47.594521+00:00,144.3,1,bid,,,12300233
2026-07-08T14:13:48.984389,2026-07-08T14:13:48.991770+00:00,144.3,200,bid,,,12300251
2026-07-08T14:13:48.984389,2026-07-08T14:13:48.997061+00:00,144.3,300,bid,,,12300252
2026-07-08T14:13:49.580310,2026-07-08T14:13:49.587278+00:00,144.3,325,bid,,,12300263
