timestamp,recv_time,price,volume,aggressor_side,buyer,seller,trade_id
2026-07-04T10:00:00.803130,2026-07-04T10:00:00.806718+00:00,143.9,12,ask,AverageAlmonds,Xuanyu Liu,6856987
2026-07-04T10:00:00.818464,2026-07-04T10:00:00.806718+00:00,143.9,200,ask,AverageAlmonds,WavyWalnuts,6856988
2026-07-04T10:00:01.036233,2026-07-04T10:00:01.048125+00:00,143.9,10,ask,AverageAlmonds,Yashwanth Madan,6856993
2026-07-04T10:00:01.388758,2026-07-04T10:00:01.403314+00:00,144.0,500,bid,AverageAlmonds,YieldingYams,6856997
2026-07-04T10:00:01.538339,2026-07-04T10:00:01.542082+00:00,144.1,23,ask,YieldingYams,Xuanyu Liu,6856999
2026-07-04T10:00:01.627261,2026-07-04T10:00:01.615049+00:00,144.1,1,ask,YieldingYams,Yashwanth Madan,6857003
2026-07-04T10:00:02.027444,2026-07-04T10:00:02.016578+00:00,144.1,200,ask,YieldingYams,WavyWalnuts,6857008
2026-07-04T10:00:02.188495,2026-07-04T10:00:02.200403+00:00,144.1,9,ask,YieldingYams,Yashwanth Madan,6857011
2026-07-04T10:00:02.943876,2026-07-04T10:00:02.947944+00:00,144.1,46,bid,Xuanyu Liu,YieldingYams,6857022
2026-07-04T10:00:02.995120,2026-07-04T10:00:03.006865+00:00,144.1,20,bid,Yashwanth Madan,YieldingYams,6857024
2026-07-04T10:00:03.022213,2026-07-04T10:00:03.034203+00:00,144.0,7,ask,AverageAlmonds,Yashwanth Madan,6857025
2026-07-04T10:00:03.230479,2026-07-04T10:00:03.239766+00:00,144.1,500,bid,AverageAlmonds,YieldingYams,6857027
2026-07-04T10:00:03.827793,2026-07-04T10:00:03.836577+00:00,144.1,59,bid,AverageAlmonds,YieldingYams,6857035
2026-07-04T10:00:03.827793,2026-07-04T10:00:03.836577+00:00,144.1,200,bid,AverageAlmonds,WavyWalnuts,6857036
2026-07-04T10:00:04.459917,2026-07-04T10:00:04.469140+00:00,144.1,200,ask,AverageAlmonds,WavyWalnuts,6857043
2026-07-04T10:00:05.667315,2026-07-04T10:00:05.674249+00:00,144.2,200,ask,AverageAlmonds,WavyWalnuts,6857056
2026-07-04T10:00:06.118722,2026-07-04T10:00:06.122857+00:00,144.2,11,ask,AverageAlmonds,Xuanyu Liu,6857063
2026-07-04T10:00:06.754567,2026-07-04T10:00:06.749786+00:00,144.1,500,ask,AverageAlmonds,YieldingYams,6857078
2026-07-04T10:00:06.822627,2026-07-04T10:00:06.831241+00:00,144.1,20,bid,Yashwanth Madan,YieldingYams,6857080
2026-07-04T10:00:06.839728,2026-07-04T10:00:06.844378+00:00,144.1,105,bid,AverageAlmonds,YieldingYams,6857081
2026-07-04T10:00:08.084080,2026-07-04T10:00:08.090579+00:00,144.2,200,ask,YieldingYams,WavyWalnuts,6857106
2026-07-04T10:00:09.628256,2026-07-04T10:00:09.639761+00:00,144.1,10,ask,WavyWalnuts,Yashwanth Madan,6857121
2026-07-04T10:00:11.992097,2026-07-04T10:00:12.063690+00:00,144.2,200,bid,YieldingYams,WavyWalnuts,6857148
2026-07-04T10:00:12.935659,2026-07-04T10:00:12.945347+00:00,144.2,200,ask,YieldingYams,WavyWalnuts,6857155
2026-07-04T10:00:13.403120,2026-07-04T10:00:13.414547+00:00,144.1,10,ask,AverageAlmonds,Yashwanth Madan,6857162
2026-07-04T10:00:14.349417,2026-07-04T10:00:14.358615+00:00,144.2,20,bid,BrilliantBurritos,YieldingYams,6857173
2026-07-04T10:00:14.550422,2026-07-04T10:00:14.558593+00:00,144.0,10,ask,YieldingYams,Yashwanth Madan,6857176
2026-07-04T10:00:15.675812,2026-07-04T10:00:15.682855+00:00,144.0,3,ask,WavyWalnuts,Yashwanth Madan,6857199
2026-07-04T10:00:15.955065,2026-07-04T10:00:15.958409+00:00,144.1,12,ask,YieldingYams,Xuanyu Liu,6857205
2026-07-04T10:00:15.981057,2026-07-04T10:00:15.984303+00:00,144.1,11,ask,YieldingYams,Xuanyu Liu,6857207
2026-07-04T10:00:17.746405,2026-07-04T10:00:17.758602+00:00,144.2,500,bid,AverageAlmonds,YieldingYams,6857227
2026-07-04T10:00:18.340802,2026-07-04T10:00:18.350022+00:00,144.2,125,bid,AverageAlmonds,YieldingYams,6857237
2026-07-04T10:00:18.340802,2026-07-04T10:00:18.350022+00:00,144.3,200,bid,AverageAlmonds,WavyWalnuts,6857238
2026-07-04T10:00:18.372288,2026-07-04T10:00:18.376088+00:00,144.3,23,ask,AverageAlmonds,Xuanyu Liu,6857240
2026-07-04T10:00:18.548781,2026-07-04T10:00:18.552602+00:00,144.4,11,ask,YieldingYams,Xuanyu Liu,6857245
2026-07-04T10:00:19.015726,2026-07-04T10:00:19.026217+00:00,144.4,200,ask,YieldingYams,WavyWalnuts,6857253
2026-07-04T10:00:20.223236,2026-07-04T10:00:20.230217+00:00,144.5,200,ask,YieldingYams,WavyWalnuts,6857272
2026-07-04T10:00:22.639194,2026-07-04T10:00:22.650337+00:00,144.6,200,ask,YieldingYams,WavyWalnuts,6857298
2026-07-04T10:00:22.788124,2026-07-04T10:00:22.799786+00:00,144.8,20,bid,BrilliantBurritos,YieldingYams,6857299
2026-07-04T10:00:24.623591,2026-07-04T10:00:24.635541+00:00,144.6,20,ask,YieldingYams,BrilliantBurritos,6857320
2026-07-04T10:00:25.075792,2026-07-04T10:00:25.085388+00:00,144.7,200,bid,YieldingYams,WavyWalnuts,6857328
2026-07-04T10:00:26.267543,2026-07-04T10:00:26.274320+00:00,144.8,200,ask,YieldingYams,WavyWalnuts,6857336
2026-07-04T10:00:31.105669,2026-07-04T10:00:31.113761+00:00,144.9,200,bid,WavyWalnuts,AverageAlmonds,6857406
2026-07-04T10:00:31.623330,2026-07-04T10:00:31.631149+00:00,144.9,300,bid,YieldingYams,AverageAlmonds,6857412
2026-07-04T10:00:32.315465,2026-07-04T10:00:32.323647+00:00,144.9,200,ask,YieldingYams,WavyWalnuts,6857432
2026-07-04T10:00:32.953697,2026-07-04T10:00:32.957199+00:00,144.8,22,bid,Xuanyu Liu,YieldingYams,6857447
2026-07-04T10:00:33.529244,2026-07-04T10:00:33.538788+00:00,144.8,200,bid,WavyWalnuts,YieldingYams,6857462
2026-07-04T10:00:36.867208,2026-07-04T10:00:36.877348+00:00,144.7,200,bid,YieldingYams,WavyWalnuts,6857514
2026-07-04T10:00:37.652364,2026-07-04T10:00:37.664187+00:00,144.8,20,bid,BrilliantBurritos,WavyWalnuts,6857529
2026-07-04T10:00:37.759686,2026-07-04T10:00:37.763557+00:00,144.7,11,ask,YieldingYams,Xuanyu Liu,6857531
2026-07-04T10:00:40.609821,2026-07-04T10:00:40.621620+00:00,144.8,20,bid,BrilliantBurritos,YieldingYams,6857578
2026-07-04T10:00:40.913449,2026-07-04T10:00:40.916757+00:00,144.7,11,ask,YieldingYams,Xuanyu Liu,6857584
2026-07-04T10:00:44.080560,2026-07-04T10:00:44.084504+00:00,144.8,11,bid,Xuanyu Liu,YieldingYams,6857625
2026-07-04T10:00:47.588170,2026-07-04T10:00:47.592372+00:00,144.7,11,bid,Xuanyu Liu,YieldingYams,6857671
2026-07-04T10:00:48.026362,2026-07-04T10:00:48.033642+00:00,144.7,500,bid,AverageAlmonds,YieldingYams,6857674
2026-07-04T10:00:48.650798,2026-07-04T10:00:48.656747+00:00,144.8,200,bid,YieldingYams,WavyWalnuts,6857687
2026-07-04T10:00:48.669818,2026-07-04T10:00:48.673534+00:00,144.9,11,ask,YieldingYams,Xuanyu Liu,6857690
2026-07-04T10:00:49.283314,2026-07-04T10:00:49.292467+00:00,144.9,200,ask,YieldingYams,WavyWalnuts,6857698
2026-07-04T10:00:53.511864,2026-07-04T10:00:53.515684+00:00,145.1,23,bid,Xuanyu Liu,YieldingYams,6857757
2026-07-04T10:00:55.198662,2026-07-04T10:00:55.206155+00:00,145.1,200,bid,YieldingYams,WavyWalnuts,6857786
2026-07-04T10:00:56.512504,2026-07-04T10:00:56.520710+00:00,145.2,200,bid,YieldingYams,WavyWalnuts,6857799
2026-07-04T10:00:56.536059,2026-07-04T10:00:56.542997+00:00,145.2,200,ask,YieldingYams,WavyWalnuts,6857801
2026-07-04T10:00:57.780289,2026-07-04T10:00:57.790049+00:00,145.3,20,bid,BrilliantBurritos,WavyWalnuts,6857815
2026-07-04T10:00:58.996874,2026-07-04T10:00:59.000643+00:00,145.2,11,bid,Xuanyu Liu,WavyWalnuts,6857827
2026-07-04T10:01:01.765497,2026-07-04T10:01:01.770049+00:00,145.0,12,bid,Xuanyu Liu,YieldingYams,6857859
2026-07-04T10:01:02.335610,2026-07-04T10:01:02.347669+00:00,145.0,20,bid,Yashwanth Madan,YieldingYams,6857866
2026-07-04T10:01:02.625999,2026-07-04T10:01:02.633380+00:00,145.0,200,bid,WavyWalnuts,YieldingYams,6857871
2026-07-04T10:01:04.366165,2026-07-04T10:01:04.377764+00:00,145.0,200,bid,YieldingYams,WavyWalnuts,6857889
2026-07-04T10:01:04.390342,2026-07-04T10:01:04.399366+00:00,145.1,425,ask,YieldingYams,AverageAlmonds,6857890
2026-07-04T10:01:10.444845,2026-07-04T10:01:10.452250+00:00,145.0,200,ask,WavyWalnuts,AverageAlmonds,6857961
2026-07-04T10:01:11.110797,2026-07-04T10:01:11.117569+00:00,145.0,200,bid,WavyWalnuts,AverageAlmonds,6857975
2026-07-04T10:01:12.320232,2026-07-04T10:01:12.323604+00:00,145.0,200,bid,WavyWalnuts,AverageAlmonds,6857994
2026-07-04T10:01:14.057191,2026-07-04T10:01:14.055494+00:00,145.0,200,ask,WavyWalnuts,AverageAlmonds,6858016
2026-07-04T10:01:14.659558,2026-07-04T10:01:14.669783+00:00,144.9,500,ask,YieldingYams,AverageAlmonds,6858026
2026-07-04T10:01:14.889318,2026-07-04T10:01:14.897812+00:00,145.0,200,ask,WavyWalnuts,YieldingYams,6858032
2026-07-04T10:01:15.941622,2026-07-04T10:01:15.949329+00:00,144.8,200,bid,WavyWalnuts,YieldingYams,6858048
2026-07-04T10:01:16.212037,2026-07-04T10:01:16.215704+00:00,144.9,35,ask,YieldingYams,Xuanyu Liu,6858053
2026-07-04T10:01:17.152030,2026-07-04T10:01:17.169003+00:00,144.9,200,ask,YieldingYams,WavyWalnuts,6858066
2026-07-04T10:01:18.816757,2026-07-04T10:01:18.828032+00:00,145.0,200,bid,YieldingYams,WavyWalnuts,6858089
2026-07-04T10:01:19.031342,2026-07-04T10:01:19.037830+00:00,145.0,10,ask,YieldingYams,Yashwanth Madan,6858096
2026-07-04T10:01:19.517507,2026-07-04T10:01:19.526029+00:00,145.0,415,ask,YieldingYams,AverageAlmonds,6858100
2026-07-04T10:01:19.534551,2026-07-04T10:01:19.538148+00:00,145.0,10,bid,Xuanyu Liu,AverageAlmonds,6858102
2026-07-04T10:01:19.656171,2026-07-04T10:01:19.667613+00:00,144.6,10,ask,WavyWalnuts,Yashwanth Madan,6858106
2026-07-04T10:01:19.708178,2026-07-04T10:01:19.719652+00:00,144.9,20,bid,Yashwanth Madan,WavyWalnuts,6858108
2026-07-04T10:01:19.991526,2026-07-04T10:01:20.000952+00:00,144.9,20,bid,Yashwanth Madan,WavyWalnuts,6858112
2026-07-04T10:01:21.986971,2026-07-04T10:01:21.995073+00:00,144.9,200,bid,WavyWalnuts,YieldingYams,6858140
2026-07-04T10:01:22.220867,2026-07-04T10:01:22.232449+00:00,144.7,5,ask,YieldingYams,Yashwanth Madan,6858147
2026-07-04T10:01:22.513990,2026-07-04T10:01:22.524740+00:00,144.7,5,ask,YieldingYams,Yashwanth Madan,6858150
2026-07-04T10:01:22.754138,2026-07-04T10:01:22.755377+00:00,144.9,500,bid,YieldingYams,AverageAlmonds,6858154
2026-07-04T10:01:22.763862,2026-07-04T10:01:22.767521+00:00,144.9,10,ask,YieldingYams,Xuanyu Liu,6858156
2026-07-04T10:01:23.158384,2026-07-04T10:01:23.170147+00:00,144.9,115,ask,YieldingYams,AverageAlmonds,6858163
2026-07-04T10:01:23.196291,2026-07-04T10:01:23.203852+00:00,144.9,200,bid,WavyWalnuts,AverageAlmonds,6858167
2026-07-04T10:01:25.336139,2026-07-04T10:01:25.347981+00:00,144.7,10,ask,YieldingYams,Yashwanth Madan,6858194
2026-07-04T10:01:27.581659,2026-07-04T10:01:27.585582+00:00,144.8,10,bid,Xuanyu Liu,WavyWalnuts,6858222
2026-07-04T10:01:27.594386,2026-07-04T10:01:27.601138+00:00,144.7,5,ask,YieldingYams,Yashwanth Madan,6858223
2026-07-04T10:01:27.842157,2026-07-04T10:01:27.858621+00:00,144.7,10,ask,YieldingYams,Yashwanth Madan,6858228
2026-07-04T10:01:28.334806,2026-07-04T10:01:28.338440+00:00,144.9,2,bid,Xuanyu Liu,AverageAlmonds,6858233
2026-07-04T10:01:31.498069,2026-07-04T10:01:31.502094+00:00,144.9,11,bid,Xuanyu Liu,AverageAlmonds,6858273
2026-07-04T10:01:31.700577,2026-07-04T10:01:31.712013+00:00,144.9,20,bid,Yashwanth Madan,AverageAlmonds,6858280
2026-07-04T10:01:37.209908,2026-07-04T10:01:37.213554+00:00,144.8,12,bid,Xuanyu Liu,YieldingYams,6858350
2026-07-04T10:01:41.032184,2026-07-04T10:01:41.035837+00:00,144.8,11,bid,Xuanyu Liu,YieldingYams,6858384
2026-07-04T10:01:43.741588,2026-07-04T10:01:43.749890+00:00,144.8,200,ask,WavyWalnuts,YieldingYams,6858416
2026-07-04T10:01:43.783590,2026-07-04T10:01:43.795175+00:00,144.8,200,bid,WavyWalnuts,YieldingYams,6858418
2026-07-04T10:01:44.995719,2026-07-04T10:01:45.005285+00:00,144.8,200,bid,WavyWalnuts,YieldingYams,6858431
2026-07-04T10:01:47.303337,2026-07-04T10:01:47.307577+00:00,145.0,3,bid,Xuanyu Liu,WavyWalnuts,6858461
2026-07-04T10:01:48.959495,2026-07-04T10:01:48.966086+00:00,144.9,20,ask,WavyWalnuts,BrilliantBurritos,6858487
2026-07-04T10:01:51.417960,2026-07-04T10:01:51.429956+00:00,145.0,20,bid,BrilliantBurritos,YieldingYams,6858528
2026-07-04T10:01:52.229529,2026-07-04T10:01:52.236344+00:00,144.9,200,ask,WavyWalnuts,AverageAlmonds,6858540
2026-07-04T10:01:52.275465,2026-07-04T10:01:52.287075+00:00,144.9,200,bid,WavyWalnuts,AverageAlmonds,6858541
2026-07-04T10:01:54.025466,2026-07-04T10:01:54.033829+00:00,144.9,500,ask,YieldingYams,AverageAlmonds,6858567
2026-07-04T10:01:54.221138,2026-07-04T10:01:54.229151+00:00,144.9,200,ask,WavyWalnuts,YieldingYams,6858569
2026-07-04T10:01:54.691435,2026-07-04T10:01:54.700463+00:00,144.9,200,bid,WavyWalnuts,YieldingYams,6858572
2026-07-04T10:01:56.562249,2026-07-04T10:01:56.569479+00:00,144.9,20,ask,YieldingYams,BrilliantBurritos,6858591
2026-07-04T10:01:56.930924,2026-07-04T10:01:56.940665+00:00,145.0,10,bid,Yashwanth Madan,AverageAlmonds,6858597
2026-07-04T10:01:58.146163,2026-07-04T10:01:58.153022+00:00,145.0,200,bid,YieldingYams,WavyWalnuts,6858611
2026-07-04T10:01:58.323846,2026-07-04T10:01:58.334356+00:00,145.0,200,ask,YieldingYams,WavyWalnuts,6858617
2026-07-04T10:01:58.915723,2026-07-04T10:01:58.927271+00:00,145.1,20,bid,BrilliantBurritos,AverageAlmonds,6858626
2026-07-04T10:01:59.966781,2026-07-04T10:01:59.973619+00:00,144.9,20,ask,WavyWalnuts,BrilliantBurritos,6858643
2026-07-04T10:02:02.077570,2026-07-04T10:02:02.085962+00:00,144.8,200,ask,WavyWalnuts,YieldingYams,6858691
2026-07-04T10:02:02.092369,2026-07-04T10:02:02.096383+00:00,144.8,3,bid,Xuanyu Liu,YieldingYams,6858693
2026-07-04T10:02:03.185737,2026-07-04T10:02:03.189660+00:00,144.7,3,ask,WavyWalnuts,Xuanyu Liu,6858707
2026-07-04T10:02:03.227864,2026-07-04T10:02:03.234694+00:00,144.8,3,bid,Yashwanth Madan,YieldingYams,6858710
2026-07-04T10:02:03.325822,2026-07-04T10:02:03.334950+00:00,144.8,5,bid,Yashwanth Madan,YieldingYams,6858713
2026-07-04T10:02:03.617561,2026-07-04T10:02:03.629173+00:00,144.9,2,bid,Yashwanth Madan,AverageAlmonds,6858716
2026-07-04T10:02:04.325085,2026-07-04T10:02:04.333594+00:00,144.7,197,ask,WavyWalnuts,AverageAlmonds,6858725
2026-07-04T10:02:04.325085,2026-07-04T10:02:04.333594+00:00,144.7,303,ask,YieldingYams,AverageAlmonds,6858726
2026-07-04T10:02:04.928576,2026-07-04T10:02:04.935709+00:00,144.7,500,ask,YieldingYams,AverageAlmonds,6858734
2026-07-04T10:02:06.034784,2026-07-04T10:02:06.046300+00:00,144.6,200,ask,WavyWalnuts,YieldingYams,6858745
2026-07-04T10:02:06.060589,2026-07-04T10:02:06.072136+00:00,144.4,20,ask,YieldingYams,BrilliantBurritos,6858746
2026-07-04T10:02:07.476352,2026-07-04T10:02:07.488103+00:00,144.6,5,bid,Yashwanth Madan,AverageAlmonds,6858764
2026-07-04T10:02:07.786266,2026-07-04T10:02:07.797710+00:00,144.5,10,ask,YieldingYams,Yashwanth Madan,6858770
2026-07-04T10:02:07.805020,2026-07-04T10:02:07.816529+00:00,144.6,10,bid,Yashwanth Madan,AverageAlmonds,6858771
2026-07-04T10:02:07.873757,2026-07-04T10:02:07.885337+00:00,144.6,5,bid,Yashwanth Madan,AverageAlmonds,6858772
2026-07-04T10:02:08.188593,2026-07-04T10:02:08.199974+00:00,144.5,10,ask,YieldingYams,Yashwanth Madan,6858775
2026-07-04T10:02:08.206487,2026-07-04T10:02:08.218100+00:00,144.7,10,bid,Yashwanth Madan,YieldingYams,6858776
2026-07-04T10:02:08.759490,2026-07-04T10:02:08.776480+00:00,144.5,20,ask,WavyWalnuts,BrilliantBurritos,6858786
2026-07-04T10:02:09.191062,2026-07-04T10:02:09.199461+00:00,144.6,200,bid,WavyWalnuts,AverageAlmonds,6858790
2026-07-04T10:02:09.873562,2026-07-04T10:02:09.877814+00:00,144.6,3,bid,Xuanyu Liu,AverageAlmonds,6858804
2026-07-04T10:02:10.446082,2026-07-04T10:02:10.458613+00:00,144.6,25,bid,Alan Tran,AverageAlmonds,6858814
2026-07-04T10:02:10.666877,2026-07-04T10:02:10.683532+00:00,144.5,20,ask,YieldingYams,BrilliantBurritos,6858815
2026-07-04T10:02:10.941200,2026-07-04T10:02:10.958621+00:00,144.6,10,bid,Yashwanth Madan,AverageAlmonds,6858819
2026-07-04T10:02:10.994786,2026-07-04T10:02:11.002710+00:00,144.5,500,ask,YieldingYams,AverageAlmonds,6858820
2026-07-04T10:02:11.240156,2026-07-04T10:02:11.251889+00:00,144.7,20,bid,BrilliantBurritos,YieldingYams,6858829
2026-07-04T10:02:11.290979,2026-07-04T10:02:11.301733+00:00,144.4,200,ask,WavyWalnuts,YieldingYams,6858830
2026-07-04T10:02:11.304857,2026-07-04T10:02:11.308714+00:00,144.4,23,bid,Xuanyu Liu,YieldingYams,6858832
2026-07-04T10:02:11.309766,2026-07-04T10:02:11.324368+00:00,144.4,72,bid,Chester Au,YieldingYams,6858833
2026-07-04T10:02:11.337947,2026-07-04T10:02:11.349427+00:00,144.4,128,bid,Chester Au,YieldingYams,6858835
2026-07-04T10:02:11.919359,2026-07-04T10:02:11.929467+00:00,144.4,25,bid,Yinxuan Li,YieldingYams,6858850
2026-07-04T10:02:12.600478,2026-07-04T10:02:12.610173+00:00,144.5,500,bid,YieldingYams,AverageAlmonds,6858862
2026-07-04T10:02:12.668242,2026-07-04T10:02:12.673587+00:00,144.5,12,ask,YieldingYams,Xuanyu Liu,6858863
2026-07-04T10:02:12.789759,2026-07-04T10:02:12.800281+00:00,144.5,113,ask,YieldingYams,AverageAlmonds,6858864
2026-07-04T10:02:12.820929,2026-07-04T10:02:12.831600+00:00,144.4,200,bid,WavyWalnuts,AverageAlmonds,6858867
2026-07-04T10:02:14.119848,2026-07-04T10:02:14.131451+00:00,144.2,4,ask,WavyWalnuts,Yashwanth Madan,6858882
2026-07-04T10:02:14.150199,2026-07-04T10:02:14.158676+00:00,144.4,20,bid,BrilliantBurritos,YieldingYams,6858884
2026-07-04T10:02:15.404643,2026-07-04T10:02:15.414033+00:00,144.4,20,bid,BrilliantBurritos,AverageAlmonds,6858899
2026-07-04T10:02:16.300076,2026-07-04T10:02:16.309861+00:00,144.4,10,bid,Yashwanth Madan,YieldingYams,6858912
2026-07-04T10:02:16.546153,2026-07-04T10:02:16.556646+00:00,144.4,500,bid,YieldingYams,AverageAlmonds,6858917
2026-07-04T10:02:16.665660,2026-07-04T10:02:16.677288+00:00,144.4,10,ask,YieldingYams,Yashwanth Madan,6858919
2026-07-04T10:02:16.685372,2026-07-04T10:02:16.697236+00:00,144.5,10,bid,Yashwanth Madan,WavyWalnuts,6858920
2026-07-04T10:02:16.814191,2026-07-04T10:02:16.822530+00:00,144.5,20,bid,BrilliantBurritos,WavyWalnuts,6858923
2026-07-04T10:02:17.055942,2026-07-04T10:02:17.067594+00:00,144.4,10,ask,YieldingYams,Yashwanth Madan,6858926
2026-07-04T10:02:17.073140,2026-07-04T10:02:17.084990+00:00,144.5,10,bid,Yashwanth Madan,AverageAlmonds,6858927
2026-07-04T10:02:17.444206,2026-07-04T10:02:17.463658+00:00,144.4,10,ask,YieldingYams,Yashwanth Madan,6858934
2026-07-04T10:02:17.463050,2026-07-04T10:02:17.474851+00:00,144.5,10,bid,Yashwanth Madan,WavyWalnuts,6858935
2026-07-04T10:02:17.825640,2026-07-04T10:02:17.837447+00:00,144.4,10,ask,YieldingYams,Yashwanth Madan,6858941
2026-07-04T10:02:17.844601,2026-07-04T10:02:17.858551+00:00,144.5,10,bid,Yashwanth Madan,WavyWalnuts,6858943
2026-07-04T10:02:18.457298,2026-07-04T10:02:18.468906+00:00,144.4,10,bid,Yashwanth Madan,YieldingYams,6858949
2026-07-04T10:02:19.102334,2026-07-04T10:02:19.114266+00:00,144.3,10,ask,WavyWalnuts,Yashwanth Madan,6858964
2026-07-04T10:02:19.121364,2026-07-04T10:02:19.133219+00:00,144.4,10,bid,Yashwanth Madan,YieldingYams,6858965
2026-07-04T10:02:19.503317,2026-07-04T10:02:19.517441+00:00,144.3,10,ask,WavyWalnuts,Yashwanth Madan,6858967
2026-07-04T10:02:19.521785,2026-07-04T10:02:19.533364+00:00,144.5,10,bid,Yashwanth Madan,WavyWalnuts,6858970
2026-07-04T10:02:20.088343,2026-07-04T10:02:20.095349+00:00,144.4,5,bid,Yashwanth Madan,AverageAlmonds,6858980
2026-07-04T10:02:21.290599,2026-07-04T10:02:21.300413+00:00,144.4,200,bid,WavyWalnuts,AverageAlmonds,6858992
2026-07-04T10:02:21.860430,2026-07-04T10:02:21.868971+00:00,144.3,500,ask,YieldingYams,AverageAlmonds,6858997
2026-07-04T10:02:21.868705,2026-07-04T10:02:21.879199+00:00,144.5,20,bid,BrilliantBurritos,YieldingYams,6858998
2026-07-04T10:02:22.490658,2026-07-04T10:02:22.498132+00:00,144.3,125,ask,YieldingYams,AverageAlmonds,6859006
2026-07-04T10:02:22.513519,2026-07-04T10:02:22.529564+00:00,144.3,200,bid,WavyWalnuts,AverageAlmonds,6859007
2026-07-04T10:02:24.427933,2026-07-04T10:02:24.447251+00:00,144.2,200,ask,WavyWalnuts,YieldingYams,6859048
2026-07-04T10:02:24.443475,2026-07-04T10:02:24.447251+00:00,144.2,12,bid,Xuanyu Liu,YieldingYams,6859050
2026-07-04T10:02:24.543232,2026-07-04T10:02:24.554729+00:00,144.2,20,bid,Yashwanth Madan,YieldingYams,6859053
2026-07-04T10:02:24.930467,2026-07-04T10:02:24.940444+00:00,144.2,200,bid,WavyWalnuts,YieldingYams,6859057
2026-07-04T10:02:24.933458,2026-07-04T10:02:24.940444+00:00,144.2,20,bid,Yashwanth Madan,YieldingYams,6859058
2026-07-04T10:02:25.224873,2026-07-04T10:02:25.236322+00:00,144.2,10,bid,Yashwanth Madan,YieldingYams,6859063
2026-07-04T10:02:25.354093,2026-07-04T10:02:25.358172+00:00,144.0,12,ask,YieldingYams,Xuanyu Liu,6859068
2026-07-04T10:02:25.521369,2026-07-04T10:02:25.530631+00:00,144.0,20,ask,YieldingYams,Yashwanth Madan,6859076
2026-07-04T10:02:25.749032,2026-07-04T10:02:25.752338+00:00,144.2,14,ask,YieldingYams,Xuanyu Liu,6859086
2026-07-04T10:02:25.798517,2026-07-04T10:02:25.805037+00:00,144.2,20,ask,YieldingYams,Yashwanth Madan,6859088
2026-07-04T10:02:26.093367,2026-07-04T10:02:26.105246+00:00,144.2,20,ask,YieldingYams,Yashwanth Madan,6859090
2026-07-04T10:02:26.142862,2026-07-04T10:02:26.158569+00:00,144.3,200,bid,WavyWalnuts,AverageAlmonds,6859093
2026-07-04T10:02:26.375085,2026-07-04T10:02:26.386878+00:00,144.2,20,ask,YieldingYams,Yashwanth Madan,6859095
2026-07-04T10:02:28.565158,2026-07-04T10:02:28.579841+00:00,144.4,10,bid,Yashwanth Madan,YieldingYams,6859129
2026-07-04T10:02:28.849991,2026-07-04T10:02:28.853425+00:00,144.4,3,bid,Xuanyu Liu,YieldingYams,6859135
2026-07-04T10:02:30.470424,2026-07-04T10:02:30.482056+00:00,144.4,25,bid,Alan Tran,YieldingYams,6859160
2026-07-04T10:02:31.041426,2026-07-04T10:02:31.051566+00:00,144.2,20,ask,YieldingYams,BrilliantBurritos,6859167
2026-07-04T10:02:32.220251,2026-07-04T10:02:32.228003+00:00,144.4,20,bid,BrilliantBurritos,YieldingYams,6859186
2026-07-04T10:02:32.330632,2026-07-04T10:02:32.334615+00:00,144.2,23,bid,Xuanyu Liu,YieldingYams,6859188
2026-07-04T10:02:32.664540,2026-07-04T10:02:32.674076+00:00,144.2,20,bid,Yashwanth Madan,YieldingYams,6859197
2026-07-04T10:02:32.957655,2026-07-04T10:02:32.969295+00:00,144.2,20,bid,Yashwanth Madan,YieldingYams,6859206
2026-07-04T10:02:33.326236,2026-07-04T10:02:33.337957+00:00,144.2,20,bid,Yashwanth Madan,YieldingYams,6859215
2026-07-04T10:02:33.619537,2026-07-04T10:02:33.627724+00:00,144.2,10,bid,Yashwanth Madan,WavyWalnuts,6859221
2026-07-04T10:02:33.912127,2026-07-04T10:02:33.923924+00:00,144.2,10,bid,Yashwanth Madan,WavyWalnuts,6859225
2026-07-04T10:02:34.204400,2026-07-04T10:02:34.211468+00:00,144.2,10,bid,Yashwanth Madan,WavyWalnuts,6859228
2026-07-04T10:02:34.498275,2026-07-04T10:02:34.509981+00:00,144.2,10,bid,Yashwanth Madan,YieldingYams,6859231
2026-07-04T10:02:34.790792,2026-07-04T10:02:34.801864+00:00,144.2,10,bid,Yashwanth Madan,WavyWalnuts,6859238
2026-07-04T10:02:34.810568,2026-07-04T10:02:34.822697+00:00,144.0,10,ask,YieldingYams,Yashwanth Madan,6859240
2026-07-04T10:02:35.865619,2026-07-04T10:02:35.870016+00:00,144.1,12,ask,WavyWalnuts,Xuanyu Liu,6859256
2026-07-04T10:02:36.144878,2026-07-04T10:02:36.156607+00:00,144.1,20,ask,WavyWalnuts,Yashwanth Madan,6859262
2026-07-04T10:02:36.241266,2026-07-04T10:02:36.248477+00:00,144.1,168,ask,WavyWalnuts,YieldingYams,6859263
2026-07-04T10:02:37.552572,2026-07-04T10:02:37.563978+00:00,144.0,200,ask,WavyWalnuts,YieldingYams,6859283
2026-07-04T10:02:38.267535,2026-07-04T10:02:38.274130+00:00,144.0,200,bid,WavyWalnuts,YieldingYams,6859288
2026-07-04T10:02:38.879886,2026-07-04T10:02:38.883695+00:00,144.0,11,ask,YieldingYams,Xuanyu Liu,6859298
2026-07-04T10:02:39.100766,2026-07-04T10:02:39.112507+00:00,144.0,20,ask,YieldingYams,Yashwanth Madan,6859301
2026-07-04T10:02:39.379474,2026-07-04T10:02:39.391156+00:00,144.0,20,ask,YieldingYams,Yashwanth Madan,6859305
2026-07-04T10:02:39.475986,2026-07-04T10:02:39.482794+00:00,144.0,200,ask,YieldingYams,WavyWalnuts,6859308
2026-07-04T10:02:39.659227,2026-07-04T10:02:39.671917+00:00,144.0,20,ask,YieldingYams,Yashwanth Madan,6859311
2026-07-04T10:02:39.945047,2026-07-04T10:02:39.958550+00:00,144.0,20,ask,YieldingYams,Yashwanth Madan,6859314
2026-07-04T10:02:41.294096,2026-07-04T10:02:41.300610+00:00,143.9,20,ask,AverageAlmonds,BrilliantBurritos,6859335
2026-07-04T10:02:48.070650,2026-07-04T10:02:48.074608+00:00,144.2,3,ask,YieldingYams,Xuanyu Liu,6859431
2026-07-04T10:02:48.124357,2026-07-04T10:02:48.131902+00:00,144.2,20,ask,YieldingYams,Yashwanth Madan,6859434
2026-07-04T10:02:48.403556,2026-07-04T10:02:48.415290+00:00,144.2,4,ask,YieldingYams,Yashwanth Madan,6859438
2026-07-04T10:02:49.831526,2026-07-04T10:02:49.843418+00:00,144.2,10,ask,YieldingYams,Yashwanth Madan,6859457
2026-07-04T10:02:53.300192,2026-07-04T10:02:53.307826+00:00,144.3,200,ask,WavyWalnuts,YieldingYams,6859507
2026-07-04T10:02:54.023523,2026-07-04T10:02:54.031353+00:00,144.3,200,bid,WavyWalnuts,YieldingYams,6859526
2026-07-04T10:02:54.694191,2026-07-04T10:02:54.705810+00:00,144.3,10,ask,YieldingYams,Yashwanth Madan,6859541
2026-07-04T10:02:55.497979,2026-07-04T10:02:55.509933+00:00,144.3,25,ask,YieldingYams,Alan Tran,6859550
2026-07-04T10:02:57.067453,2026-07-04T10:02:57.075501+00:00,144.5,20,bid,Yashwanth Madan,YieldingYams,6859580
2026-07-04T10:02:58.867505,2026-07-04T10:02:58.875682+00:00,144.4,200,bid,WavyWalnuts,YieldingYams,6859600
2026-07-04T10:02:59.200187,2026-07-04T10:02:59.207077+00:00,144.4,20,bid,BrilliantBurritos,YieldingYams,6859603
2026-07-04T10:03:00.515414,2026-07-04T10:03:00.527151+00:00,144.3,25,ask,YieldingYams,Alan Tran,6859626
2026-07-04T10:03:01.184413,2026-07-04T10:03:01.192406+00:00,144.4,45,ask,YieldingYams,Chester Au,6859642
2026-07-04T10:03:01.284007,2026-07-04T10:03:01.291650+00:00,144.4,200,ask,YieldingYams,WavyWalnuts,6859649
2026-07-04T10:03:02.489909,2026-07-04T10:03:02.500265+00:00,144.3,200,bid,WavyWalnuts,YieldingYams,6859667
2026-07-04T10:03:07.404232,2026-07-04T10:03:07.412133+00:00,144.3,200,bid,WavyWalnuts,YieldingYams,6859737
2026-07-04T10:03:12.964175,2026-07-04T10:03:12.968225+00:00,144.3,3,bid,Xuanyu Liu,YieldingYams,6859821
2026-07-04T10:03:15.337629,2026-07-04T10:03:15.344759+00:00,144.3,20,bid,BrilliantBurritos,AverageAlmonds,6859850
2026-07-04T10:03:15.568810,2026-07-04T10:03:15.576100+00:00,144.3,480,bid,YieldingYams,AverageAlmonds,6859852
2026-07-04T10:03:15.765315,2026-07-04T10:03:15.776089+00:00,144.3,145,ask,YieldingYams,AverageAlmonds,6859853
2026-07-04T10:03:20.743112,2026-07-04T10:03:20.747395+00:00,144.1,3,ask,WavyWalnuts,Xuanyu Liu,6859910
2026-07-04T10:03:20.862757,2026-07-04T10:03:20.870777+00:00,144.1,197,ask,WavyWalnuts,YieldingYams,6859912
2026-07-04T10:03:26.223456,2026-07-04T10:03:26.235284+00:00,144.3,20,bid,BrilliantBurritos,WavyWalnuts,6859989
2026-07-04T10:03:26.773217,2026-07-04T10:03:26.784438+00:00,144.2,200,ask,YieldingYams,WavyWalnuts,6859998
2026-07-04T10:03:27.646471,2026-07-04T10:03:27.658611+00:00,144.2,10,ask,YieldingYams,Yashwanth Madan,6860013
2026-07-04T10:03:28.222925,2026-07-04T10:03:28.230748+00:00,144.2,10,ask,YieldingYams,Yashwanth Madan,6860023
2026-07-04T10:03:28.665114,2026-07-04T10:03:28.669562+00:00,144.2,3,ask,YieldingYams,Xuanyu Liu,6860034
2026-07-04T10:03:28.669351,2026-07-04T10:03:28.684771+00:00,144.2,140,ask,YieldingYams,Chester Au,6860035
2026-07-04T10:03:28.801707,2026-07-04T10:03:28.813240+00:00,144.1,10,ask,YieldingYams,Yashwanth Madan,6860036
2026-07-04T10:03:28.940321,2026-07-04T10:03:28.952029+00:00,144.1,20,ask,YieldingYams,BrilliantBurritos,6860037
2026-07-04T10:03:29.204981,2026-07-04T10:03:29.208739+00:00,144.2,3,bid,Xuanyu Liu,WavyWalnuts,6860044
2026-07-04T10:03:30.405513,2026-07-04T10:03:30.415399+00:00,144.2,200,bid,WavyWalnuts,YieldingYams,6860061
2026-07-04T10:03:31.307897,2026-07-04T10:03:31.319617+00:00,144.0,20,ask,YieldingYams,BrilliantBurritos,6860081
2026-07-04T10:03:31.614867,2026-07-04T10:03:31.617893+00:00,144.3,200,bid,WavyWalnuts,YieldingYams,6860088
2026-07-04T10:03:31.937882,2026-07-04T10:03:31.949726+00:00,144.1,10,ask,YieldingYams,Yashwanth Madan,6860091
2026-07-04T10:03:36.573061,2026-07-04T10:03:36.584125+00:00,144.4,200,bid,YieldingYams,WavyWalnuts,6860162
2026-07-04T10:03:37.927123,2026-07-04T10:03:37.938725+00:00,144.5,20,bid,BrilliantBurritos,YieldingYams,6860176
2026-07-04T10:03:39.598260,2026-07-04T10:03:39.610124+00:00,144.4,20,ask,WavyWalnuts,BrilliantBurritos,6860202
2026-07-04T10:03:40.409711,2026-07-04T10:03:40.421515+00:00,144.5,20,bid,BrilliantBurritos,YieldingYams,6860210
2026-07-04T10:03:40.509619,2026-07-04T10:03:40.520889+00:00,144.4,200,ask,WavyWalnuts,YieldingYams,6860213
2026-07-04T10:03:42.523888,2026-07-04T10:03:42.530935+00:00,144.2,200,ask,YieldingYams,WavyWalnuts,6860232
2026-07-04T10:03:43.630105,2026-07-04T10:03:43.631569+00:00,144.3,500,bid,AverageAlmonds,YieldingYams,6860243
2026-07-04T10:03:44.225589,2026-07-04T10:03:44.233368+00:00,144.2,200,bid,AverageAlmonds,WavyWalnuts,6860252
2026-07-04T10:03:44.225589,2026-07-04T10:03:44.238825+00:00,144.3,125,bid,AverageAlmonds,YieldingYams,6860253
2026-07-04T10:03:44.943385,2026-07-04T10:03:44.954116+00:00,144.4,200,ask,YieldingYams,WavyWalnuts,6860265
2026-07-04T10:03:46.155665,2026-07-04T10:03:46.163578+00:00,144.3,200,ask,YieldingYams,WavyWalnuts,6860280
2026-07-04T10:03:47.654477,2026-07-04T10:03:47.658624+00:00,144.2,15,ask,YieldingYams,Chester Au,6860299
2026-07-04T10:03:47.887400,2026-07-04T10:03:47.890929+00:00,144.3,3,ask,AverageAlmonds,Xuanyu Liu,6860302
2026-07-04T10:03:48.404588,2026-07-04T10:03:48.414888+00:00,144.3,497,ask,AverageAlmonds,YieldingYams,6860308
2026-07-04T10:03:48.467476,2026-07-04T10:03:48.475756+00:00,144.2,128,bid,AverageAlmonds,YieldingYams,6860309
2026-07-04T10:03:49.709977,2026-07-04T10:03:49.729584+00:00,144.4,200,bid,YieldingYams,WavyWalnuts,6860329
2026-07-04T10:03:49.725669,2026-07-04T10:03:49.729584+00:00,144.5,23,ask,YieldingYams,Xuanyu Liu,6860331
2026-07-04T10:03:49.794458,2026-07-04T10:03:49.804017+00:00,144.5,200,ask,YieldingYams,WavyWalnuts,6860332
2026-07-04T10:03:49.976453,2026-07-04T10:03:49.988230+00:00,144.5,2,ask,YieldingYams,Yashwanth Madan,6860334
2026-07-04T10:03:51.021433,2026-07-04T10:03:51.031508+00:00,144.4,200,ask,WavyWalnuts,YieldingYams,6860350
2026-07-04T10:03:51.078014,2026-07-04T10:03:51.081847+00:00,144.4,26,bid,Xuanyu Liu,YieldingYams,6860352
2026-07-04T10:03:51.219322,2026-07-04T10:03:51.231169+00:00,144.4,20,bid,Yashwanth Madan,YieldingYams,6860354
2026-07-04T10:03:51.580158,2026-07-04T10:03:51.591982+00:00,144.4,20,bid,Yashwanth Madan,YieldingYams,6860364
2026-07-04T10:03:51.858858,2026-07-04T10:03:51.869087+00:00,144.4,2,bid,Yashwanth Madan,YieldingYams,6860369
2026-07-04T10:03:52.092132,2026-07-04T10:03:52.101666+00:00,144.4,357,bid,AverageAlmonds,YieldingYams,6860374
2026-07-04T10:03:53.180974,2026-07-04T10:03:53.192837+00:00,144.5,10,ask,WavyWalnuts,Yashwanth Madan,6860393
2026-07-04T10:03:53.907505,2026-07-04T10:03:53.916386+00:00,144.5,5,ask,AverageAlmonds,Yashwanth Madan,6860407
2026-07-04T10:03:54.153985,2026-07-04T10:03:54.165732+00:00,144.6,10,ask,AverageAlmonds,Yashwanth Madan,6860413
2026-07-04T10:03:55.402254,2026-07-04T10:03:55.414017+00:00,144.5,5,ask,WavyWalnuts,Yashwanth Madan,6860432
2026-07-04T10:03:55.659133,2026-07-04T10:03:55.670648+00:00,144.5,10,ask,WavyWalnuts,Yashwanth Madan,6860437
2026-07-04T10:03:57.578366,2026-07-04T10:03:57.585418+00:00,144.4,500,ask,AverageAlmonds,YieldingYams,6860464
2026-07-04T10:03:57.605082,2026-07-04T10:03:57.611602+00:00,144.3,20,ask,WavyWalnuts,BrilliantBurritos,6860467
2026-07-04T10:03:58.003088,2026-07-04T10:03:58.014605+00:00,144.4,2,bid,Yashwanth Madan,YieldingYams,6860471
2026-07-04T10:03:58.022893,2026-07-04T10:03:58.034621+00:00,144.3,2,ask,WavyWalnuts,Yashwanth Madan,6860472
2026-07-04T10:03:58.139907,2026-07-04T10:03:58.148480+00:00,144.4,123,bid,AverageAlmonds,YieldingYams,6860473
2026-07-04T10:03:58.243005,2026-07-04T10:03:58.254789+00:00,144.6,20,bid,BrilliantBurritos,WavyWalnuts,6860475
2026-07-04T10:04:03.962722,2026-07-04T10:04:03.974771+00:00,144.7,20,bid,Yashwanth Madan,YieldingYams,6860561
2026-07-04T10:04:06.734030,2026-07-04T10:04:06.744367+00:00,144.7,200,ask,YieldingYams,WavyWalnuts,6860612
2026-07-04T10:04:10.387989,2026-07-04T10:04:10.398246+00:00,144.8,200,bid,WavyWalnuts,YieldingYams,6860661
2026-07-04T10:04:13.316622,2026-07-04T10:04:13.325479+00:00,144.7,200,ask,WavyWalnuts,YieldingYams,6860700
2026-07-04T10:04:13.350818,2026-07-04T10:04:13.358610+00:00,144.7,20,bid,BrilliantBurritos,YieldingYams,6860701
2026-07-04T10:04:14.379842,2026-07-04T10:04:14.391653+00:00,144.7,10,bid,Yashwanth Madan,YieldingYams,6860710
2026-07-04T10:04:16.443734,2026-07-04T10:04:16.458893+00:00,144.7,200,ask,YieldingYams,WavyWalnuts,6860743
2026-07-04T10:04:21.149569,2026-07-04T10:04:21.157557+00:00,144.5,200,bid,AverageAlmonds,WavyWalnuts,6860821
2026-07-04T10:04:22.797044,2026-07-04T10:04:22.805965+00:00,144.5,20,ask,WavyWalnuts,BrilliantBurritos,6860855
2026-07-04T10:04:25.095888,2026-07-04T10:04:25.102810+00:00,144.5,200,bid,YieldingYams,WavyWalnuts,6860902
2026-07-04T10:04:27.069611,2026-07-04T10:04:27.081403+00:00,144.4,20,ask,YieldingYams,BrilliantBurritos,6860933
2026-07-04T10:04:27.627705,2026-07-04T10:04:27.634790+00:00,144.4,20,ask,YieldingYams,BrilliantBurritos,6860943
2026-07-04T10:04:28.797812,2026-07-04T10:04:28.801535+00:00,144.4,3,ask,YieldingYams,Xuanyu Liu,6860972
2026-07-04T10:04:29.042604,2026-07-04T10:04:29.068708+00:00,144.5,200,bid,YieldingYams,WavyWalnuts,6860978
2026-07-04T10:04:29.065207,2026-07-04T10:04:29.068708+00:00,144.5,4,ask,YieldingYams,Xuanyu Liu,6860981
2026-07-04T10:04:30.474747,2026-07-04T10:04:30.478693+00:00,144.6,4,bid,Xuanyu Liu,YieldingYams,6861001
2026-07-04T10:04:30.489034,2026-07-04T10:04:30.499257+00:00,144.5,4,ask,WavyWalnuts,Yashwanth Madan,6861002
2026-07-04T10:04:30.734804,2026-07-04T10:04:30.746497+00:00,144.5,4,ask,WavyWalnuts,Yashwanth Madan,6861005
2026-07-04T10:04:32.458431,2026-07-04T10:04:32.470029+00:00,144.5,10,ask,AverageAlmonds,Yashwanth Madan,6861029
2026-07-04T10:04:32.663657,2026-07-04T10:04:32.674466+00:00,144.6,500,bid,AverageAlmonds,YieldingYams,6861036
2026-07-04T10:04:33.259020,2026-07-04T10:04:33.269217+00:00,144.7,200,bid,AverageAlmonds,WavyWalnuts,6861039
2026-07-04T10:04:33.411790,2026-07-04T10:04:33.420342+00:00,144.7,200,ask,AverageAlmonds,WavyWalnuts,6861047
2026-07-04T10:04:33.436131,2026-07-04T10:04:33.447610+00:00,144.8,20,bid,BrilliantBurritos,YieldingYams,6861048
2026-07-04T10:04:35.843265,2026-07-04T10:04:35.846694+00:00,144.7,3,bid,Xuanyu Liu,WavyWalnuts,6861094
2026-07-04T10:04:42.163447,2026-07-04T10:04:42.174882+00:00,144.6,200,ask,WavyWalnuts,YieldingYams,6861174
2026-07-04T10:04:42.163447,2026-07-04T10:04:42.174882+00:00,144.5,425,ask,AverageAlmonds,YieldingYams,6861175
2026-07-04T10:04:43.103014,2026-07-04T10:04:43.114253+00:00,144.6,200,ask,AverageAlmonds,WavyWalnuts,6861194
2026-07-04T10:04:45.350910,2026-07-04T10:04:45.358544+00:00,144.5,20,ask,WavyWalnuts,BrilliantBurritos,6861226
2026-07-04T10:04:46.737182,2026-07-04T10:04:46.745933+00:00,144.5,200,ask,YieldingYams,WavyWalnuts,6861239
2026-07-04T10:04:47.948047,2026-07-04T10:04:47.955366+00:00,144.6,200,ask,AverageAlmonds,WavyWalnuts,6861265
2026-07-04T10:04:49.157146,2026-07-04T10:04:49.166594+00:00,144.7,200,ask,YieldingYams,WavyWalnuts,6861281
2026-07-04T10:04:50.826727,2026-07-04T10:04:50.834862+00:00,144.7,200,bid,AverageAlmonds,WavyWalnuts,6861303
2026-07-04T10:04:50.936075,2026-07-04T10:04:50.939980+00:00,144.7,3,ask,AverageAlmonds,Xuanyu Liu,6861310
2026-07-04T10:04:51.001245,2026-07-04T10:04:51.010627+00:00,144.7,10,ask,AverageAlmonds,Yashwanth Madan,6861311
2026-07-04T10:04:51.355374,2026-07-04T10:04:51.358965+00:00,144.8,11,ask,YieldingYams,Xuanyu Liu,6861320
2026-07-04T10:04:51.575253,2026-07-04T10:04:51.584839+00:00,144.8,200,ask,YieldingYams,WavyWalnuts,6861326
2026-07-04T10:04:51.722982,2026-07-04T10:04:51.732700+00:00,144.8,4,ask,YieldingYams,Yashwanth Madan,6861329
2026-07-04T10:04:54.045915,2026-07-04T10:04:54.049883+00:00,144.8,14,bid,Xuanyu Liu,WavyWalnuts,6861366
2026-07-04T10:04:54.207863,2026-07-04T10:04:54.219441+00:00,144.8,20,bid,Yashwanth Madan,WavyWalnuts,6861369
2026-07-04T10:04:54.751889,2026-07-04T10:04:54.758263+00:00,144.7,5,ask,AverageAlmonds,Yashwanth Madan,6861384
2026-07-04T10:04:57.311778,2026-07-04T10:04:57.323492+00:00,144.5,10,ask,WavyWalnuts,Yashwanth Madan,6861422
2026-07-04T10:04:58.803418,2026-07-04T10:04:58.810443+00:00,144.4,20,ask,WavyWalnuts,BrilliantBurritos,6861448
2026-07-04T10:05:00.484982,2026-07-04T10:05:00.493074+00:00,144.4,5,ask,YieldingYams,Yashwanth Madan,6861468
2026-07-04T10:05:01.127136,2026-07-04T10:05:01.134852+00:00,144.5,200,bid,AverageAlmonds,WavyWalnuts,6861474
2026-07-04T10:05:01.127136,2026-07-04T10:05:01.140109+00:00,144.5,300,bid,AverageAlmonds,YieldingYams,6861475
2026-07-04T10:05:01.725153,2026-07-04T10:05:01.731803+00:00,144.5,325,bid,AverageAlmonds,YieldingYams,6861483
2026-07-04T10:05:01.725153,2026-07-04T10:05:01.737265+00:00,144.5,175,bid,AverageAlmonds,WavyWalnuts,6861484
2026-07-04T10:05:01.807922,2026-07-04T10:05:01.818248+00:00,144.5,25,bid,YieldingYams,WavyWalnuts,6861488
2026-07-04T10:05:01.823536,2026-07-04T10:05:01.826781+00:00,144.7,3,ask,YieldingYams,Xuanyu Liu,6861490
2026-07-04T10:05:02.476102,2026-07-04T10:05:02.483976+00:00,144.7,200,ask,YieldingYams,WavyWalnuts,6861502
2026-07-04T10:05:04.891260,2026-07-04T10:05:04.897840+00:00,144.7,200,ask,YieldingYams,WavyWalnuts,6861531
2026-07-04T10:05:09.670043,2026-07-04T10:05:09.676890+00:00,144.6,200,ask,WavyWalnuts,YieldingYams,6861586
2026-07-04T10:05:10.995791,2026-07-04T10:05:10.999634+00:00,144.6,11,ask,YieldingYams,Xuanyu Liu,6861604
2026-07-04T10:05:12.139043,2026-07-04T10:05:12.164385+00:00,144.6,200,ask,YieldingYams,WavyWalnuts,6861614
2026-07-04T10:05:16.227084,2026-07-04T10:05:16.230366+00:00,144.8,12,ask,YieldingYams,Xuanyu Liu,6861663
2026-07-04T10:05:16.984160,2026-07-04T10:05:16.999163+00:00,144.8,200,ask,YieldingYams,WavyWalnuts,6861675
2026-07-04T10:05:19.323915,2026-07-04T10:05:19.332346+00:00,144.8,5,bid,Yashwanth Madan,YieldingYams,6861697
2026-07-04T10:05:19.571060,2026-07-04T10:05:19.582702+00:00,144.7,10,bid,Yashwanth Madan,WavyWalnuts,6861703
2026-07-04T10:05:19.632484,2026-07-04T10:05:19.636323+00:00,144.7,10,bid,Xuanyu Liu,WavyWalnuts,6861706
2026-07-04T10:05:19.650991,2026-07-04T10:05:19.658628+00:00,144.6,5,ask,YieldingYams,Yashwanth Madan,6861707
2026-07-04T10:05:19.721074,2026-07-04T10:05:19.724656+00:00,144.7,2,bid,Xuanyu Liu,WavyWalnuts,6861709
2026-07-04T10:05:19.901135,2026-07-04T10:05:19.916023+00:00,144.6,10,ask,YieldingYams,Yashwanth Madan,6861715
2026-07-04T10:05:20.618356,2026-07-04T10:05:20.663615+00:00,144.6,200,ask,YieldingYams,WavyWalnuts,6861726
2026-07-04T10:05:22.411282,2026-07-04T10:05:22.423142+00:00,144.7,20,bid,BrilliantBurritos,YieldingYams,6861749
2026-07-04T10:05:22.775407,2026-07-04T10:05:22.779337+00:00,144.6,11,bid,Xuanyu Liu,YieldingYams,6861755
2026-07-04T10:05:24.302052,2026-07-04T10:05:24.313684+00:00,144.5,20,ask,WavyWalnuts,BrilliantBurritos,6861771
2026-07-04T10:05:24.737854,2026-07-04T10:05:24.767290+00:00,144.5,180,ask,WavyWalnuts,AverageAlmonds,6861773
2026-07-04T10:05:24.764011,2026-07-04T10:05:24.767290+00:00,144.5,3,bid,Xuanyu Liu,AverageAlmonds,6861776
2026-07-04T10:05:24.830518,2026-07-04T10:05:24.842250+00:00,144.5,20,bid,Yashwanth Madan,AverageAlmonds,6861778
2026-07-04T10:05:25.115482,2026-07-04T10:05:25.127071+00:00,144.5,20,bid,Yashwanth Madan,AverageAlmonds,6861783
2026-07-04T10:05:25.394770,2026-07-04T10:05:25.405705+00:00,144.3,1,ask,YieldingYams,Yashwanth Madan,6861787
2026-07-04T10:05:25.882869,2026-07-04T10:05:25.889351+00:00,144.4,19,ask,WavyWalnuts,Yashwanth Madan,6861792
2026-07-04T10:05:29.562001,2026-07-04T10:05:29.569079+00:00,144.4,200,ask,WavyWalnuts,AverageAlmonds,6861845
2026-07-04T10:05:30.304523,2026-07-04T10:05:30.315908+00:00,144.4,200,bid,WavyWalnuts,AverageAlmonds,6861855
2026-07-04T10:05:30.617343,2026-07-04T10:05:30.663894+00:00,144.4,300,bid,YieldingYams,AverageAlmonds,6861861
2026-07-04T10:05:34.208560,2026-07-04T10:05:34.219455+00:00,144.3,8,bid,Yashwanth Madan,WavyWalnuts,6861910
2026-07-04T10:05:36.379661,2026-07-04T10:05:36.387970+00:00,144.3,200,bid,WavyWalnuts,YieldingYams,6861939
2026-07-04T10:05:37.479421,2026-07-04T10:05:37.490312+00:00,144.1,20,ask,YieldingYams,BrilliantBurritos,6861951
2026-07-04T10:05:38.538845,2026-07-04T10:05:38.546441+00:00,144.4,10,bid,Yashwanth Madan,YieldingYams,6861963
2026-07-04T10:05:39.709997,2026-07-04T10:05:39.722073+00:00,144.2,20,ask,WavyWalnuts,BrilliantBurritos,6861973
2026-07-04T10:05:40.013801,2026-07-04T10:05:40.023060+00:00,144.3,200,bid,WavyWalnuts,YieldingYams,6861981
2026-07-04T10:05:43.710339,2026-07-04T10:05:43.718905+00:00,144.3,200,ask,YieldingYams,WavyWalnuts,6862028
2026-07-04T10:05:44.225171,2026-07-04T10:05:44.236843+00:00,144.3,20,bid,BrilliantBurritos,YieldingYams,6862034
2026-07-04T10:05:46.333245,2026-07-04T10:05:46.358636+00:00,144.1,200,ask,WavyWalnuts,YieldingYams,6862072
2026-07-04T10:05:52.383139,2026-07-04T10:05:52.389608+00:00,144.0,10,ask,WavyWalnuts,Yashwanth Madan,6862135
2026-07-04T10:05:55.022367,2026-07-04T10:05:55.032255+00:00,144.1,200,ask,WavyWalnuts,AverageAlmonds,6862165
2026-07-04T10:05:55.747534,2026-07-04T10:05:55.764458+00:00,144.0,200,bid,WavyWalnuts,AverageAlmonds,6862180
2026-07-04T10:05:56.826864,2026-07-04T10:05:56.836059+00:00,143.9,500,ask,YieldingYams,AverageAlmonds,6862188
2026-07-04T10:05:56.956243,2026-07-04T10:05:56.963619+00:00,143.9,200,bid,WavyWalnuts,YieldingYams,6862190
2026-07-04T10:05:57.835957,2026-07-04T10:05:57.864014+00:00,143.9,20,bid,BrilliantBurritos,YieldingYams,6862200
2026-07-04T10:05:59.843675,2026-07-04T10:05:59.863609+00:00,143.9,500,ask,YieldingYams,AverageAlmonds,6862227
2026-07-04T10:06:00.464024,2026-07-04T10:06:00.474480+00:00,143.9,125,ask,YieldingYams,AverageAlmonds,6862232
2026-07-04T10:06:00.777139,2026-07-04T10:06:00.784731+00:00,143.8,200,ask,WavyWalnuts,YieldingYams,6862237
2026-07-04T10:06:01.788677,2026-07-04T10:06:01.799535+00:00,143.7,200,bid,WavyWalnuts,YieldingYams,6862252
2026-07-04T10:06:01.977599,2026-07-04T10:06:01.989329+00:00,143.5,2,ask,YieldingYams,Kaleb Liu,6862253
2026-07-04T10:06:02.989563,2026-07-04T10:06:03.000474+00:00,143.7,2,bid,Kaleb Liu,AverageAlmonds,6862260
2026-07-04T10:06:02.998081,2026-07-04T10:06:03.005720+00:00,143.6,2,ask,YieldingYams,Kaleb Liu,6862262
2026-07-04T10:06:03.005317,2026-07-04T10:06:03.016265+00:00,143.7,200,bid,WavyWalnuts,AverageAlmonds,6862263
2026-07-04T10:06:04.213540,2026-07-04T10:06:04.223309+00:00,143.6,200,bid,WavyWalnuts,AverageAlmonds,6862285
2026-07-04T10:06:05.010294,2026-07-04T10:06:05.022283+00:00,143.4,2,ask,YieldingYams,Kaleb Liu,6862294
2026-07-04T10:06:05.421001,2026-07-04T10:06:05.463726+00:00,143.5,200,bid,WavyWalnuts,AverageAlmonds,6862298
2026-07-04T10:06:06.018417,2026-07-04T10:06:06.028899+00:00,143.4,2,ask,YieldingYams,Kaleb Liu,6862310
2026-07-04T10:06:07.129686,2026-07-04T10:06:07.141155+00:00,143.5,200,ask,WavyWalnuts,AverageAlmonds,6862324
2026-07-04T10:06:07.327916,2026-07-04T10:06:07.335246+00:00,143.5,300,bid,YieldingYams,AverageAlmonds,6862328
2026-07-04T10:06:09.037897,2026-07-04T10:06:09.049803+00:00,143.4,2,ask,WavyWalnuts,Kaleb Liu,6862352
2026-07-04T10:06:09.954141,2026-07-04T10:06:09.963964+00:00,143.7,20,bid,BrilliantBurritos,WavyWalnuts,6862364
2026-07-04T10:06:11.260092,2026-07-04T10:06:11.269094+00:00,143.7,200,bid,YieldingYams,WavyWalnuts,6862379
2026-07-04T10:06:11.260092,2026-07-04T10:06:11.269094+00:00,143.7,425,bid,YieldingYams,AverageAlmonds,6862380
2026-07-04T10:06:11.459632,2026-07-04T10:06:11.471156+00:00,143.6,200,bid,WavyWalnuts,AverageAlmonds,6862386
2026-07-04T10:06:12.060041,2026-07-04T10:06:12.069872+00:00,142.8,2,ask,AverageAlmonds,Kaleb Liu,6862392
2026-07-04T10:06:12.667412,2026-07-04T10:06:12.674441+00:00,143.5,200,bid,WavyWalnuts,AverageAlmonds,6862407
2026-07-04T10:06:13.067513,2026-07-04T10:06:13.079305+00:00,143.3,2,ask,YieldingYams,Kaleb Liu,6862412
2026-07-04T10:06:13.875069,2026-07-04T10:06:13.884101+00:00,143.5,200,bid,WavyWalnuts,AverageAlmonds,6862427
2026-07-04T10:06:15.083429,2026-07-04T10:06:15.092986+00:00,143.4,200,bid,WavyWalnuts,YieldingYams,6862440
2026-07-04T10:06:16.097287,2026-07-04T10:06:16.108919+00:00,143.3,9,ask,YieldingYams,Kaleb Liu,6862454
2026-07-04T10:06:17.514845,2026-07-04T10:06:17.523618+00:00,143.4,200,ask,YieldingYams,WavyWalnuts,6862471
2026-07-04T10:06:18.114971,2026-07-04T10:06:18.126784+00:00,143.2,2,ask,WavyWalnuts,Kaleb Liu,6862482
2026-07-04T10:06:18.721194,2026-07-04T10:06:18.730891+00:00,143.4,200,bid,WavyWalnuts,YieldingYams,6862488
2026-07-04T10:06:19.121617,2026-07-04T10:06:19.128157+00:00,143.2,2,ask,YieldingYams,Kaleb Liu,6862497
2026-07-04T10:06:21.352956,2026-07-04T10:06:21.364616+00:00,143.4,2,ask,WavyWalnuts,Yashwanth Madan,6862527
2026-07-04T10:06:21.916004,2026-07-04T10:06:21.927971+00:00,143.5,20,bid,BrilliantBurritos,AverageAlmonds,6862534
2026-07-04T10:06:22.170815,2026-07-04T10:06:22.182573+00:00,143.4,2,ask,WavyWalnuts,Yashwanth Madan,6862538
2026-07-04T10:06:22.351072,2026-07-04T10:06:22.358556+00:00,143.5,200,bid,WavyWalnuts,YieldingYams,6862541
2026-07-04T10:06:22.718275,2026-07-04T10:06:22.730003+00:00,143.3,6,ask,YieldingYams,Yashwanth Madan,6862549
2026-07-04T10:06:23.103364,2026-07-04T10:06:23.110870+00:00,143.4,500,bid,YieldingYams,AverageAlmonds,6862560
2026-07-04T10:06:23.121770,2026-07-04T10:06:23.125369+00:00,143.4,3,ask,YieldingYams,Xuanyu Liu,6862562
2026-07-04T10:06:23.124444,2026-07-04T10:06:23.141022+00:00,143.4,5,ask,YieldingYams,Yashwanth Madan,6862563
2026-07-04T10:06:23.241366,2026-07-04T10:06:23.249313+00:00,143.6,20,bid,BrilliantBurritos,YieldingYams,6862567
2026-07-04T10:06:23.371070,2026-07-04T10:06:23.382892+00:00,143.4,10,ask,YieldingYams,Yashwanth Madan,6862568
2026-07-04T10:06:23.458759,2026-07-04T10:06:23.468946+00:00,143.4,107,ask,YieldingYams,AverageAlmonds,6862570
2026-07-04T10:06:24.067759,2026-07-04T10:06:24.074263+00:00,143.3,200,ask,WavyWalnuts,AverageAlmonds,6862582
2026-07-04T10:06:24.154691,2026-07-04T10:06:24.153712+00:00,142.5,2,ask,AverageAlmonds,Kaleb Liu,6862585
2026-07-04T10:06:25.976125,2026-07-04T10:06:25.985439+00:00,143.2,200,bid,WavyWalnuts,YieldingYams,6862607
2026-07-04T10:06:26.225326,2026-07-04T10:06:26.258652+00:00,143.0,2,ask,YieldingYams,Yashwanth Madan,6862611
2026-07-04T10:06:27.183938,2026-07-04T10:06:27.194566+00:00,143.1,24,ask,YieldingYams,Kaleb Liu,6862621
2026-07-04T10:06:29.057598,2026-07-04T10:06:29.061933+00:00,143.3,3,bid,Xuanyu Liu,WavyWalnuts,6862642
2026-07-04T10:06:29.197099,2026-07-04T10:06:29.207482+00:00,143.3,4,bid,Kaleb Liu,WavyWalnuts,6862645
2026-07-04T10:06:29.250543,2026-07-04T10:06:29.264070+00:00,143.3,20,bid,Yashwanth Madan,WavyWalnuts,6862649
2026-07-04T10:06:29.366733,2026-07-04T10:06:29.378422+00:00,143.3,20,bid,BrilliantBurritos,WavyWalnuts,6862655
2026-07-04T10:06:31.044572,2026-07-04T10:06:31.055866+00:00,143.2,2,bid,Yashwanth Madan,WavyWalnuts,6862677
2026-07-04T10:06:33.584585,2026-07-04T10:06:33.595883+00:00,143.1,200,bid,YieldingYams,WavyWalnuts,6862713
2026-07-04T10:06:36.802711,2026-07-04T10:06:36.813174+00:00,143.1,500,bid,AverageAlmonds,YieldingYams,6862757
2026-07-04T10:06:37.395449,2026-07-04T10:06:37.407105+00:00,143.1,125,bid,AverageAlmonds,YieldingYams,6862765
2026-07-04T10:06:37.511724,2026-07-04T10:06:37.520942+00:00,143.2,200,bid,YieldingYams,WavyWalnuts,6862769
2026-07-04T10:06:38.825306,2026-07-04T10:06:38.834557+00:00,143.3,200,ask,WavyWalnuts,YieldingYams,6862787
2026-07-04T10:06:42.752357,2026-07-04T10:06:42.758577+00:00,143.3,200,bid,YieldingYams,WavyWalnuts,6862833
2026-07-04T10:06:44.124296,2026-07-04T10:06:44.135695+00:00,143.5,200,bid,WavyWalnuts,YieldingYams,6862855
2026-07-04T10:06:45.403804,2026-07-04T10:06:45.415444+00:00,143.4,200,ask,WavyWalnuts,YieldingYams,6862872
2026-07-04T10:06:46.471994,2026-07-04T10:06:46.479028+00:00,143.4,425,bid,AverageAlmonds,YieldingYams,6862892
2026-07-04T10:06:47.008378,2026-07-04T10:06:47.017469+00:00,143.4,20,ask,AverageAlmonds,BrilliantBurritos,6862898
2026-07-04T10:06:48.024332,2026-07-04T10:06:48.040954+00:00,143.4,500,ask,AverageAlmonds,YieldingYams,6862910
2026-07-04T10:06:48.272554,2026-07-04T10:06:48.280925+00:00,143.4,125,bid,AverageAlmonds,YieldingYams,6862912
2026-07-04T10:06:48.665962,2026-07-04T10:06:48.672470+00:00,143.4,10,ask,AverageAlmonds,Yashwanth Madan,6862922
2026-07-04T10:06:50.124889,2026-07-04T10:06:50.142153+00:00,143.4,5,ask,WavyWalnuts,Yashwanth Madan,6862937
2026-07-04T10:06:50.640877,2026-07-04T10:06:50.647467+00:00,143.4,500,ask,AverageAlmonds,YieldingYams,6862947
2026-07-04T10:06:50.707307,2026-07-04T10:06:50.716703+00:00,143.4,125,bid,AverageAlmonds,YieldingYams,6862949
2026-07-04T10:06:51.211398,2026-07-04T10:06:51.215152+00:00,143.4,3,ask,AverageAlmonds,Xuanyu Liu,6862956
2026-07-04T10:06:51.225701,2026-07-04T10:06:51.235742+00:00,143.4,5,ask,AverageAlmonds,Yashwanth Madan,6862957
2026-07-04T10:06:51.487334,2026-07-04T10:06:51.498776+00:00,143.4,3,ask,AverageAlmonds,Yashwanth Madan,6862961
2026-07-04T10:06:51.946713,2026-07-04T10:06:51.952730+00:00,143.5,200,bid,YieldingYams,WavyWalnuts,6862964
2026-07-04T10:06:51.971978,2026-07-04T10:06:51.976226+00:00,143.5,11,ask,YieldingYams,Xuanyu Liu,6862967
2026-07-04T10:07:04.719427,2026-07-04T10:07:04.727692+00:00,143.8,200,ask,YieldingYams,WavyWalnuts,6863109
2026-07-04T10:07:07.325118,2026-07-04T10:07:07.328483+00:00,143.9,12,ask,YieldingYams,Xuanyu Liu,6863148
2026-07-04T10:07:08.354594,2026-07-04T10:07:08.358651+00:00,144.0,11,ask,WavyWalnuts,Xuanyu Liu,6863159
2026-07-04T10:07:09.021076,2026-07-04T10:07:09.023562+00:00,144.1,12,ask,YieldingYams,Xuanyu Liu,6863174
2026-07-04T10:07:09.491802,2026-07-04T10:07:09.503561+00:00,144.1,500,ask,YieldingYams,AverageAlmonds,6863179
2026-07-04T10:07:09.550719,2026-07-04T10:07:09.558623+00:00,144.1,113,ask,YieldingYams,WavyWalnuts,6863181
2026-07-04T10:07:10.317712,2026-07-04T10:07:10.326763+00:00,143.9,200,ask,WavyWalnuts,YieldingYams,6863193
2026-07-04T10:07:13.340925,2026-07-04T10:07:13.344686+00:00,143.7,11,ask,WavyWalnuts,Xuanyu Liu,6863238
2026-07-04T10:07:14.106016,2026-07-04T10:07:14.117711+00:00,143.7,20,ask,WavyWalnuts,BrilliantBurritos,6863253
2026-07-04T10:07:14.246819,2026-07-04T10:07:14.258603+00:00,143.7,169,ask,WavyWalnuts,YieldingYams,6863256
2026-07-04T10:07:16.809760,2026-07-04T10:07:16.820866+00:00,143.7,200,bid,WavyWalnuts,YieldingYams,6863300
2026-07-04T10:07:18.176684,2026-07-04T10:07:18.187363+00:00,143.6,500,ask,AverageAlmonds,YieldingYams,6863329
2026-07-04T10:07:18.176684,2026-07-04T10:07:18.187363+00:00,143.6,125,ask,WavyWalnuts,YieldingYams,6863330
2026-07-04T10:07:19.268008,2026-07-04T10:07:19.274554+00:00,143.7,4,ask,WavyWalnuts,Kaleb Liu,6863351
2026-07-04T10:07:19.660321,2026-07-04T10:07:19.663582+00:00,143.7,11,ask,WavyWalnuts,Xuanyu Liu,6863360
2026-07-04T10:07:20.279384,2026-07-04T10:07:20.290442+00:00,143.7,21,ask,WavyWalnuts,Kaleb Liu,6863370
2026-07-04T10:07:21.600411,2026-07-04T10:07:21.603956+00:00,143.8,12,ask,AverageAlmonds,Xuanyu Liu,6863396
2026-07-04T10:07:22.292753,2026-07-04T10:07:22.303978+00:00,143.8,28,ask,WavyWalnuts,Kaleb Liu,6863409
2026-07-04T10:07:25.769254,2026-07-04T10:07:25.780070+00:00,143.9,20,bid,BrilliantBurritos,WavyWalnuts,6863460
2026-07-04T10:07:25.828806,2026-07-04T10:07:25.835450+00:00,143.9,180,bid,AverageAlmonds,WavyWalnuts,6863461
2026-07-04T10:07:25.986089,2026-07-04T10:07:25.989683+00:00,143.9,11,ask,AverageAlmonds,Xuanyu Liu,6863468
2026-07-04T10:07:26.031973,2026-07-04T10:07:26.040024+00:00,143.9,309,ask,AverageAlmonds,YieldingYams,6863469
2026-07-04T10:07:26.421924,2026-07-04T10:07:26.430352+00:00,143.9,316,bid,AverageAlmonds,YieldingYams,6863472
2026-07-04T10:07:27.342544,2026-07-04T10:07:27.362411+00:00,144.0,200,bid,YieldingYams,WavyWalnuts,6863478
2026-07-04T10:07:27.358889,2026-07-04T10:07:27.362411+00:00,144.0,6,ask,YieldingYams,Xuanyu Liu,6863480
2026-07-04T10:07:28.963438,2026-07-04T10:07:28.974280+00:00,144.2,20,bid,BrilliantBurritos,WavyWalnuts,6863504
2026-07-04T10:07:30.163416,2026-07-04T10:07:30.175178+00:00,144.1,200,ask,YieldingYams,WavyWalnuts,6863526
2026-07-04T10:07:30.366575,2026-07-04T10:07:30.375597+00:00,144.1,20,ask,YieldingYams,BrilliantBurritos,6863527
2026-07-04T10:07:32.477552,2026-07-04T10:07:32.484588+00:00,144.2,500,bid,AverageAlmonds,YieldingYams,6863558
2026-07-04T10:07:32.607428,2026-07-04T10:07:32.615335+00:00,144.2,200,bid,YieldingYams,WavyWalnuts,6863564
2026-07-04T10:07:33.790249,2026-07-04T10:07:33.797303+00:00,144.3,200,ask,AverageAlmonds,WavyWalnuts,6863569
2026-07-04T10:07:33.920706,2026-07-04T10:07:33.931135+00:00,144.3,300,ask,AverageAlmonds,YieldingYams,6863573
2026-07-04T10:07:34.278944,2026-07-04T10:07:34.282121+00:00,144.1,325,bid,AverageAlmonds,YieldingYams,6863574
2026-07-04T10:07:34.998871,2026-07-04T10:07:35.005675+00:00,144.3,200,ask,AverageAlmonds,WavyWalnuts,6863592
2026-07-04T10:07:35.228526,2026-07-04T10:07:35.236221+00:00,144.3,300,ask,AverageAlmonds,YieldingYams,6863595
2026-07-04T10:07:35.425209,2026-07-04T10:07:35.429281+00:00,144.2,40,bid,Xuanyu Liu,YieldingYams,6863597
2026-07-04T10:07:35.484868,2026-07-04T10:07:35.493615+00:00,144.2,285,bid,AverageAlmonds,YieldingYams,6863598
2026-07-04T10:07:36.206230,2026-07-04T10:07:36.216326+00:00,144.4,200,ask,AverageAlmonds,WavyWalnuts,6863609
2026-07-04T10:07:37.016168,2026-07-04T10:07:37.027959+00:00,144.3,20,ask,YieldingYams,BrilliantBurritos,6863626
2026-07-04T10:07:38.639130,2026-07-04T10:07:38.642770+00:00,144.5,23,bid,Xuanyu Liu,WavyWalnuts,6863649
2026-07-04T10:07:39.153830,2026-07-04T10:07:39.164849+00:00,144.5,177,bid,YieldingYams,WavyWalnuts,6863658
2026-07-04T10:07:39.323833,2026-07-04T10:07:39.331560+00:00,144.7,7,bid,Kaleb Liu,YieldingYams,6863662
2026-07-04T10:07:40.359052,2026-07-04T10:07:40.368946+00:00,144.6,4,bid,Kaleb Liu,WavyWalnuts,6863679
2026-07-04T10:07:42.254136,2026-07-04T10:07:42.255621+00:00,144.5,200,ask,YieldingYams,WavyWalnuts,6863713
2026-07-04T10:07:42.372596,2026-07-04T10:07:42.383373+00:00,144.7,4,bid,Kaleb Liu,YieldingYams,6863720
2026-07-04T10:07:43.035608,2026-07-04T10:07:43.047706+00:00,144.5,20,ask,YieldingYams,BrilliantBurritos,6863736
2026-07-04T10:07:44.688716,2026-07-04T10:07:44.692769+00:00,144.6,12,ask,WavyWalnuts,Xuanyu Liu,6863763
2026-07-04T10:07:45.726078,2026-07-04T10:07:45.737880+00:00,144.6,20,ask,WavyWalnuts,BrilliantBurritos,6863782
2026-07-04T10:07:45.878198,2026-07-04T10:07:45.886879+00:00,144.7,200,bid,WavyWalnuts,YieldingYams,6863784
2026-07-04T10:07:49.522693,2026-07-04T10:07:49.526259+00:00,144.9,12,bid,Xuanyu Liu,WavyWalnuts,6863840
2026-07-04T10:07:52.265824,2026-07-04T10:07:52.273044+00:00,144.9,200,bid,YieldingYams,WavyWalnuts,6863875
2026-07-04T10:07:52.396022,2026-07-04T10:07:52.405738+00:00,145.1,5,bid,Kaleb Liu,YieldingYams,6863877
2026-07-04T10:07:53.407547,2026-07-04T10:07:53.414380+00:00,144.9,19,ask,YieldingYams,Kaleb Liu,6863897
2026-07-04T10:07:54.398106,2026-07-04T10:07:54.401343+00:00,145.0,11,bid,Xuanyu Liu,AverageAlmonds,6863904
2026-07-04T10:07:54.417206,2026-07-04T10:07:54.427424+00:00,145.0,19,bid,Kaleb Liu,AverageAlmonds,6863906
2026-07-04T10:07:54.864295,2026-07-04T10:07:54.874151+00:00,144.9,500,ask,YieldingYams,AverageAlmonds,6863915
2026-07-04T10:07:54.886743,2026-07-04T10:07:54.906980+00:00,144.9,200,ask,WavyWalnuts,YieldingYams,6863916
2026-07-04T10:07:54.901887,2026-07-04T10:07:54.906980+00:00,144.9,12,bid,Xuanyu Liu,YieldingYams,6863918
2026-07-04T10:07:55.428863,2026-07-04T10:07:55.439934+00:00,144.9,6,bid,Kaleb Liu,YieldingYams,6863924
2026-07-04T10:07:56.753628,2026-07-04T10:07:56.755283+00:00,144.9,200,bid,WavyWalnuts,AverageAlmonds,6863942
2026-07-04T10:07:59.051161,2026-07-04T10:07:59.061480+00:00,144.7,20,ask,WavyWalnuts,BrilliantBurritos,6863979
2026-07-04T10:08:00.386341,2026-07-04T10:08:00.397720+00:00,144.8,200,bid,WavyWalnuts,YieldingYams,6864005
2026-07-04T10:08:01.446377,2026-07-04T10:08:01.463756+00:00,144.9,7,bid,Kaleb Liu,AverageAlmonds,6864022
2026-07-04T10:08:01.609098,2026-07-04T10:08:01.612282+00:00,144.8,7,ask,WavyWalnuts,Xuanyu Liu,6864031
2026-07-04T10:08:02.465936,2026-07-04T10:08:02.474195+00:00,144.8,32,ask,WavyWalnuts,Kaleb Liu,6864042
2026-07-04T10:08:03.477048,2026-07-04T10:08:03.485251+00:00,144.7,1,ask,YieldingYams,Kaleb Liu,6864055
2026-07-04T10:08:04.488786,2026-07-04T10:08:04.500081+00:00,144.9,15,bid,Kaleb Liu,WavyWalnuts,6864069
2026-07-04T10:08:05.501256,2026-07-04T10:08:05.509681+00:00,144.8,5,bid,Kaleb Liu,WavyWalnuts,6864086
2026-07-04T10:08:06.448012,2026-07-04T10:08:06.463866+00:00,144.7,200,ask,YieldingYams,WavyWalnuts,6864102
2026-07-04T10:08:07.659822,2026-07-04T10:08:07.670103+00:00,144.8,200,ask,YieldingYams,WavyWalnuts,6864118
2026-07-04T10:08:08.870303,2026-07-04T10:08:08.877829+00:00,144.7,200,ask,AverageAlmonds,WavyWalnuts,6864132
2026-07-04T10:08:10.006481,2026-07-04T10:08:10.008205+00:00,144.9,500,bid,AverageAlmonds,YieldingYams,6864148
2026-07-04T10:08:10.599849,2026-07-04T10:08:10.610007+00:00,144.9,125,bid,AverageAlmonds,YieldingYams,6864158
2026-07-04T10:08:10.599849,2026-07-04T10:08:10.610007+00:00,144.9,200,bid,AverageAlmonds,WavyWalnuts,6864159
2026-07-04T10:08:10.628223,2026-07-04T10:08:10.631779+00:00,145.0,5,ask,AverageAlmonds,Xuanyu Liu,6864162
2026-07-04T10:08:10.662869,2026-07-04T10:08:10.666260+00:00,145.1,11,ask,YieldingYams,Xuanyu Liu,6864166
2026-07-04T10:08:11.293275,2026-07-04T10:08:11.304255+00:00,145.1,200,ask,YieldingYams,WavyWalnuts,6864184
2026-07-04T10:08:12.417927,2026-07-04T10:08:12.425542+00:00,145.0,500,bid,AverageAlmonds,YieldingYams,6864201
2026-07-04T10:08:13.013859,2026-07-04T10:08:13.021602+00:00,145.0,125,bid,AverageAlmonds,YieldingYams,6864208
2026-07-04T10:08:14.260591,2026-07-04T10:08:14.268979+00:00,145.1,500,bid,AverageAlmonds,YieldingYams,6864230
2026-07-04T10:08:16.381026,2026-07-04T10:08:16.390641+00:00,145.0,20,ask,YieldingYams,BrilliantBurritos,6864266
2026-07-04T10:08:17.369678,2026-07-04T10:08:17.379523+00:00,145.1,200,ask,YieldingYams,WavyWalnuts,6864282
2026-07-04T10:08:18.336484,2026-07-04T10:08:18.348165+00:00,145.3,20,bid,BrilliantBurritos,YieldingYams,6864300
2026-07-04T10:08:23.481775,2026-07-04T10:08:23.489814+00:00,145.3,200,ask,YieldingYams,WavyWalnuts,6864366
2026-07-04T10:08:23.533027,2026-07-04T10:08:23.539802+00:00,145.6,6,bid,Kaleb Liu,YieldingYams,6864369
2026-07-04T10:08:24.688887,2026-07-04T10:08:24.697939+00:00,145.4,200,ask,YieldingYams,WavyWalnuts,6864386
2026-07-04T10:08:25.905298,2026-07-04T10:08:25.913736+00:00,145.5,200,ask,YieldingYams,WavyWalnuts,6864407
2026-07-04T10:08:26.477525,2026-07-04T10:08:26.484152+00:00,145.7,500,bid,YieldingYams,AverageAlmonds,6864412
2026-07-04T10:08:26.965089,2026-07-04T10:08:26.975489+00:00,145.7,125,ask,YieldingYams,AverageAlmonds,6864418
2026-07-04T10:08:28.492345,2026-07-04T10:08:28.504080+00:00,145.5,20,ask,YieldingYams,BrilliantBurritos,6864443
2026-07-04T10:08:29.531696,2026-07-04T10:08:29.542871+00:00,145.5,200,ask,YieldingYams,WavyWalnuts,6864453
2026-07-04T10:08:31.944587,2026-07-04T10:08:31.953043+00:00,145.6,200,bid,WavyWalnuts,YieldingYams,6864499
2026-07-04T10:08:32.036114,2026-07-04T10:08:32.047828+00:00,145.6,20,bid,BrilliantBurritos,YieldingYams,6864503
2026-07-04T10:08:33.222915,2026-07-04T10:08:33.234518+00:00,145.6,20,ask,YieldingYams,BrilliantBurritos,6864523
2026-07-04T10:08:35.815214,2026-07-04T10:08:35.823711+00:00,145.6,20,ask,WavyWalnuts,BrilliantBurritos,6864547
2026-07-04T10:08:37.877928,2026-07-04T10:08:37.885630+00:00,145.5,200,ask,WavyWalnuts,AverageAlmonds,6864570
2026-07-04T10:08:37.877928,2026-07-04T10:08:37.890901+00:00,145.5,300,ask,YieldingYams,AverageAlmonds,6864571
2026-07-04T10:08:40.435090,2026-07-04T10:08:40.443233+00:00,145.4,200,bid,WavyWalnuts,AverageAlmonds,6864620
2026-07-04T10:08:41.565492,2026-07-04T10:08:41.572487+00:00,145.4,7,bid,Kaleb Liu,YieldingYams,6864640
2026-07-04T10:08:41.642690,2026-07-04T10:08:41.652120+00:00,145.4,200,bid,WavyWalnuts,YieldingYams,6864642
2026-07-04T10:08:41.708469,2026-07-04T10:08:41.720155+00:00,145.4,20,bid,BrilliantBurritos,YieldingYams,6864643
2026-07-04T10:08:42.699755,2026-07-04T10:08:42.710137+00:00,145.3,500,ask,YieldingYams,AverageAlmonds,6864664
2026-07-04T10:08:43.301929,2026-07-04T10:08:43.309972+00:00,145.3,125,ask,YieldingYams,AverageAlmonds,6864674
2026-07-04T10:08:44.578821,2026-07-04T10:08:44.589584+00:00,145.2,32,ask,WavyWalnuts,Kaleb Liu,6864693
2026-07-04T10:08:45.146696,2026-07-04T10:08:45.156152+00:00,145.2,168,ask,WavyWalnuts,AverageAlmonds,6864700
2026-07-04T10:08:45.146696,2026-07-04T10:08:45.156152+00:00,145.2,332,ask,YieldingYams,AverageAlmonds,6864701
2026-07-04T10:08:45.590606,2026-07-04T10:08:45.601875+00:00,145.2,1,ask,YieldingYams,Kaleb Liu,6864706
2026-07-04T10:08:45.745737,2026-07-04T10:08:45.753972+00:00,145.2,292,ask,YieldingYams,AverageAlmonds,6864707
2026-07-04T10:08:45.745737,2026-07-04T10:08:45.759385+00:00,145.0,200,ask,WavyWalnuts,AverageAlmonds,6864708
2026-07-04T10:08:46.479053,2026-07-04T10:08:46.487177+00:00,144.9,200,ask,YieldingYams,WavyWalnuts,6864725
2026-07-04T10:08:46.603325,2026-07-04T10:08:46.614222+00:00,145.0,7,bid,Kaleb Liu,AverageAlmonds,6864727
2026-07-04T10:08:47.614652,2026-07-04T10:08:47.626094+00:00,144.8,8,bid,Kaleb Liu,YieldingYams,6864733
2026-07-04T10:08:47.685094,2026-07-04T10:08:47.693517+00:00,144.8,200,bid,WavyWalnuts,YieldingYams,6864737
2026-07-04T10:08:48.296459,2026-07-04T10:08:48.300100+00:00,144.5,46,ask,YieldingYams,Xuanyu Liu,6864752
2026-07-04T10:08:48.626883,2026-07-04T10:08:48.637796+00:00,144.5,15,ask,YieldingYams,Kaleb Liu,6864758
2026-07-04T10:08:48.791724,2026-07-04T10:08:48.795847+00:00,144.7,17,ask,YieldingYams,Xuanyu Liu,6864762
2026-07-04T10:08:50.084899,2026-07-04T10:08:50.095145+00:00,144.9,200,ask,WavyWalnuts,YieldingYams,6864779
2026-07-04T10:08:50.700954,2026-07-04T10:08:50.712602+00:00,144.8,20,ask,WavyWalnuts,BrilliantBurritos,6864789
2026-07-04T10:08:51.308912,2026-07-04T10:08:51.315685+00:00,144.9,200,bid,WavyWalnuts,YieldingYams,6864798
2026-07-04T10:08:52.524449,2026-07-04T10:08:52.535354+00:00,145.0,200,ask,YieldingYams,WavyWalnuts,6864816
2026-07-04T10:08:53.734903,2026-07-04T10:08:53.743742+00:00,144.9,200,ask,YieldingYams,WavyWalnuts,6864833
2026-07-04T10:08:54.012469,2026-07-04T10:08:54.020097+00:00,145.0,500,bid,YieldingYams,AverageAlmonds,6864839
2026-07-04T10:08:54.203207,2026-07-04T10:08:54.210044+00:00,145.0,125,ask,YieldingYams,AverageAlmonds,6864840
2026-07-04T10:08:54.617783,2026-07-04T10:08:54.621483+00:00,144.9,63,bid,Xuanyu Liu,AverageAlmonds,6864849
2026-07-04T10:08:54.645069,2026-07-04T10:08:54.656270+00:00,144.9,15,bid,Kaleb Liu,AverageAlmonds,6864851
2026-07-04T10:08:54.824869,2026-07-04T10:08:54.828319+00:00,144.8,8,bid,Xuanyu Liu,AverageAlmonds,6864855
2026-07-04T10:08:55.656798,2026-07-04T10:08:55.668337+00:00,144.7,11,bid,Kaleb Liu,WavyWalnuts,6864868
2026-07-04T10:08:57.969693,2026-07-04T10:08:57.976946+00:00,144.7,200,bid,YieldingYams,WavyWalnuts,6864903
2026-07-04T10:08:57.987643,2026-07-04T10:08:57.991325+00:00,144.7,8,ask,YieldingYams,Xuanyu Liu,6864905
2026-07-04T10:08:58.567745,2026-07-04T10:08:58.574261+00:00,144.7,200,ask,YieldingYams,WavyWalnuts,6864918
2026-07-04T10:08:59.674521,2026-07-04T10:08:59.685085+00:00,144.7,7,bid,Kaleb Liu,YieldingYams,6864936
2026-07-04T10:09:01.154355,2026-07-04T10:09:01.158376+00:00,144.6,20,bid,BrilliantBurritos,WavyWalnuts,6864956
2026-07-04T10:09:06.822611,2026-07-04T10:09:06.834428+00:00,144.5,20,ask,WavyWalnuts,BrilliantBurritos,6865013
2026-07-04T10:09:07.438153,2026-07-04T10:09:07.441886+00:00,144.6,11,bid,Xuanyu Liu,WavyWalnuts,6865024
2026-07-04T10:09:09.361531,2026-07-04T10:09:09.369953+00:00,144.6,200,bid,AverageAlmonds,WavyWalnuts,6865053
2026-07-04T10:09:09.361531,2026-07-04T10:09:09.369953+00:00,144.6,300,bid,AverageAlmonds,YieldingYams,6865054
2026-07-04T10:09:09.438329,2026-07-04T10:09:09.445472+00:00,144.6,200,bid,WavyWalnuts,YieldingYams,6865058
2026-07-04T10:09:10.653840,2026-07-04T10:09:10.664315+00:00,144.7,200,ask,AverageAlmonds,WavyWalnuts,6865073
2026-07-04T10:09:13.070432,2026-07-04T10:09:13.077546+00:00,144.8,200,ask,AverageAlmonds,WavyWalnuts,6865105
2026-07-04T10:09:13.711652,2026-07-04T10:09:13.718187+00:00,144.8,500,ask,AverageAlmonds,YieldingYams,6865113
2026-07-04T10:09:13.729657,2026-07-04T10:09:13.733288+00:00,144.8,12,bid,Xuanyu Liu,YieldingYams,6865115
2026-07-04T10:09:13.771353,2026-07-04T10:09:13.774879+00:00,144.8,14,bid,Xuanyu Liu,YieldingYams,6865118
2026-07-04T10:09:14.205245,2026-07-04T10:09:14.216497+00:00,144.8,99,bid,AverageAlmonds,YieldingYams,6865127
2026-07-04T10:09:14.278745,2026-07-04T10:09:14.288719+00:00,144.9,200,ask,AverageAlmonds,WavyWalnuts,6865131
2026-07-04T10:09:14.450521,2026-07-04T10:09:14.458639+00:00,144.9,20,ask,AverageAlmonds,BrilliantBurritos,6865134
2026-07-04T10:09:14.704439,2026-07-04T10:09:14.715076+00:00,144.9,32,ask,AverageAlmonds,Kaleb Liu,6865140
2026-07-04T10:09:15.485581,2026-07-04T10:09:15.495446+00:00,144.9,200,ask,YieldingYams,WavyWalnuts,6865153
2026-07-04T10:09:15.720753,2026-07-04T10:09:15.727870+00:00,145.2,14,bid,Kaleb Liu,YieldingYams,6865156
2026-07-04T10:09:16.731990,2026-07-04T10:09:16.743500+00:00,145.0,38,bid,Kaleb Liu,WavyWalnuts,6865168
2026-07-04T10:09:16.838734,2026-07-04T10:09:16.849002+00:00,145.0,15,bid,Yashwanth Madan,WavyWalnuts,6865170
2026-07-04T10:09:17.231260,2026-07-04T10:09:17.242156+00:00,145.0,147,bid,AverageAlmonds,WavyWalnuts,6865176
2026-07-04T10:09:19.115024,2026-07-04T10:09:19.122772+00:00,145.0,200,ask,YieldingYams,WavyWalnuts,6865208
2026-07-04T10:09:20.325910,2026-07-04T10:09:20.335503+00:00,144.9,200,ask,YieldingYams,WavyWalnuts,6865226
2026-07-04T10:09:20.748425,2026-07-04T10:09:20.754069+00:00,145.1,47,bid,Kaleb Liu,YieldingYams,6865229
2026-07-04T10:09:20.846667,2026-07-04T10:09:20.858592+00:00,144.9,20,ask,YieldingYams,BrilliantBurritos,6865230
2026-07-04T10:09:21.535876,2026-07-04T10:09:21.544380+00:00,144.9,200,ask,YieldingYams,WavyWalnuts,6865249
2026-07-04T10:09:22.750734,2026-07-04T10:09:22.758545+00:00,144.9,200,ask,YieldingYams,WavyWalnuts,6865264
2026-07-04T10:09:22.903891,2026-07-04T10:09:22.913499+00:00,144.9,500,ask,AverageAlmonds,YieldingYams,6865266
2026-07-04T10:09:22.916488,2026-07-04T10:09:22.919761+00:00,144.9,8,bid,Xuanyu Liu,YieldingYams,6865268
2026-07-04T10:09:22.923082,2026-07-04T10:09:22.934996+00:00,144.9,8,bid,Chester Au,YieldingYams,6865269
2026-07-04T10:09:23.277535,2026-07-04T10:09:23.286174+00:00,144.9,109,bid,AverageAlmonds,YieldingYams,6865271
2026-07-04T10:09:23.313215,2026-07-04T10:09:23.317474+00:00,144.9,5,ask,AverageAlmonds,Xuanyu Liu,6865272
2026-07-04T10:09:23.962474,2026-07-04T10:09:23.974280+00:00,144.9,200,ask,AverageAlmonds,WavyWalnuts,6865283
2026-07-04T10:09:24.490098,2026-07-04T10:09:24.501113+00:00,145.0,500,bid,AverageAlmonds,YieldingYams,6865290
2026-07-04T10:09:24.765059,2026-07-04T10:09:24.775765+00:00,145.0,2,bid,Kaleb Liu,YieldingYams,6865300
2026-07-04T10:09:25.084101,2026-07-04T10:09:25.090609+00:00,145.0,123,bid,AverageAlmonds,YieldingYams,6865305
2026-07-04T10:09:25.105564,2026-07-04T10:09:25.124805+00:00,145.0,3,ask,AverageAlmonds,Xuanyu Liu,6865306
2026-07-04T10:09:25.171830,2026-07-04T10:09:25.178498+00:00,145.0,200,ask,AverageAlmonds,WavyWalnuts,6865310
2026-07-04T10:09:25.596290,2026-07-04T10:09:25.607167+00:00,145.3,20,bid,BrilliantBurritos,YieldingYams,6865318
2026-07-04T10:09:25.776370,2026-07-04T10:09:25.786736+00:00,145.1,2,ask,YieldingYams,Kaleb Liu,6865324
2026-07-04T10:09:26.379291,2026-07-04T10:09:26.388165+00:00,145.1,200,ask,YieldingYams,WavyWalnuts,6865331
2026-07-04T10:09:26.843979,2026-07-04T10:09:26.848009+00:00,145.1,3,bid,Xuanyu Liu,YieldingYams,6865341
2026-07-04T10:09:26.931018,2026-07-04T10:09:26.940716+00:00,145.1,500,bid,AverageAlmonds,YieldingYams,6865343
2026-07-04T10:09:27.524375,2026-07-04T10:09:27.531952+00:00,145.1,122,bid,AverageAlmonds,YieldingYams,6865347
2026-07-04T10:09:28.307513,2026-07-04T10:09:28.319346+00:00,145.3,10,bid,Yashwanth Madan,WavyWalnuts,6865364
2026-07-04T10:09:30.362715,2026-07-04T10:09:30.369592+00:00,145.4,5,bid,Yashwanth Madan,YieldingYams,6865389
2026-07-04T10:09:30.626341,2026-07-04T10:09:30.635393+00:00,145.4,10,bid,Yashwanth Madan,YieldingYams,6865398
2026-07-04T10:09:30.905952,2026-07-04T10:09:30.917639+00:00,145.2,20,ask,WavyWalnuts,BrilliantBurritos,6865404
2026-07-04T10:09:31.204398,2026-07-04T10:09:31.212409+00:00,145.3,200,bid,WavyWalnuts,YieldingYams,6865409
2026-07-04T10:09:32.462327,2026-07-04T10:09:32.473820+00:00,145.5,10,bid,Yashwanth Madan,YieldingYams,6865429
2026-07-04T10:09:34.711751,2026-07-04T10:09:34.721662+00:00,145.4,20,bid,BrilliantBurritos,WavyWalnuts,6865469
2026-07-04T10:09:36.021652,2026-07-04T10:09:36.029791+00:00,145.4,200,bid,YieldingYams,WavyWalnuts,6865481
2026-07-04T10:09:36.335274,2026-07-04T10:09:36.347120+00:00,145.4,10,ask,YieldingYams,Yashwanth Madan,6865487
2026-07-04T10:09:36.354166,2026-07-04T10:09:36.365656+00:00,145.5,10,bid,Yashwanth Madan,WavyWalnuts,6865488
2026-07-04T10:09:37.250918,2026-07-04T10:09:37.258615+00:00,145.4,200,ask,YieldingYams,WavyWalnuts,6865497
2026-07-04T10:09:38.864083,2026-07-04T10:09:38.875726+00:00,145.5,150,bid,Chester Au,WavyWalnuts,6865525
2026-07-04T10:09:39.803902,2026-07-04T10:09:39.815429+00:00,145.5,2,bid,Kaleb Liu,YieldingYams,6865542
2026-07-04T10:09:41.259317,2026-07-04T10:09:41.270225+00:00,145.3,200,ask,WavyWalnuts,YieldingYams,6865560
2026-07-04T10:09:41.816833,2026-07-04T10:09:41.823250+00:00,145.1,2,ask,YieldingYams,Kaleb Liu,6865569
2026-07-04T10:09:43.423257,2026-07-04T10:09:43.435217+00:00,145.2,20,ask,YieldingYams,BrilliantBurritos,6865591
2026-07-04T10:09:44.025475,2026-07-04T10:09:44.037359+00:00,145.3,20,ask,YieldingYams,Yashwanth Madan,6865600
2026-07-04T10:09:44.513709,2026-07-04T10:09:44.524444+00:00,145.3,200,ask,YieldingYams,WavyWalnuts,6865602
2026-07-04T10:09:45.723401,2026-07-04T10:09:45.734957+00:00,145.3,200,ask,YieldingYams,WavyWalnuts,6865618
2026-07-04T10:09:45.831749,2026-07-04T10:09:45.838773+00:00,145.5,2,bid,Kaleb Liu,YieldingYams,6865621
2026-07-04T10:09:46.843966,2026-07-04T10:09:46.858587+00:00,145.1,2,ask,AverageAlmonds,Kaleb Liu,6865637
2026-07-04T10:09:46.929281,2026-07-04T10:09:46.939037+00:00,145.4,200,bid,WavyWalnuts,YieldingYams,6865638
2026-07-04T10:09:47.854867,2026-07-04T10:09:47.858541+00:00,145.2,2,ask,YieldingYams,Kaleb Liu,6865660
2026-07-04T10:09:48.402374,2026-07-04T10:09:48.406390+00:00,145.3,3,ask,WavyWalnuts,Xuanyu Liu,6865666
2026-07-04T10:09:48.605141,2026-07-04T10:09:48.615170+00:00,145.3,10,ask,WavyWalnuts,Yashwanth Madan,6865670
2026-07-04T10:09:48.868055,2026-07-04T10:09:48.878478+00:00,145.5,2,bid,Kaleb Liu,YieldingYams,6865675
2026-07-04T10:09:49.346266,2026-07-04T10:09:49.353602+00:00,145.3,200,ask,YieldingYams,WavyWalnuts,6865689
2026-07-04T10:09:49.880205,2026-07-04T10:09:49.891515+00:00,145.5,6,bid,Kaleb Liu,YieldingYams,6865696
2026-07-04T10:09:50.088040,2026-07-04T10:09:50.095507+00:00,145.3,6,ask,YieldingYams,Yashwanth Madan,6865699
2026-07-04T10:09:50.482625,2026-07-04T10:09:50.494583+00:00,145.0,20,ask,WavyWalnuts,BrilliantBurritos,6865705
2026-07-04T10:09:50.577218,2026-07-04T10:09:50.588624+00:00,145.2,5,bid,Yashwanth Madan,YieldingYams,6865708
2026-07-04T10:09:50.915853,2026-07-04T10:09:50.923537+00:00,145.2,5,bid,Yashwanth Madan,YieldingYams,6865715
2026-07-04T10:09:51.684403,2026-07-04T10:09:51.692240+00:00,145.2,10,bid,Yashwanth Madan,YieldingYams,6865729
2026-07-04T10:09:51.774248,2026-07-04T10:09:51.784867+00:00,145.2,200,ask,YieldingYams,WavyWalnuts,6865732
2026-07-04T10:09:52.982512,2026-07-04T10:09:52.989346+00:00,145.2,200,ask,YieldingYams,WavyWalnuts,6865751
2026-07-04T10:09:54.768513,2026-07-04T10:09:54.779976+00:00,145.2,6,bid,Yashwanth Madan,YieldingYams,6865780
2026-07-04T10:09:54.897782,2026-07-04T10:09:54.909213+00:00,145.1,6,ask,WavyWalnuts,Kaleb Liu,6865783
2026-07-04T10:09:56.606788,2026-07-04T10:09:56.617741+00:00,145.2,200,bid,WavyWalnuts,YieldingYams,6865810
2026-07-04T10:09:57.816162,2026-07-04T10:09:57.823705+00:00,145.3,200,bid,WavyWalnuts,YieldingYams,6865818
2026-07-04T10:09:57.912737,2026-07-04T10:09:57.923865+00:00,145.0,2,ask,YieldingYams,Kaleb Liu,6865820
2026-07-04T10:09:59.024590,2026-07-04T10:09:59.035472+00:00,145.2,200,bid,WavyWalnuts,YieldingYams,6865829
2026-07-04T10:09:59.951234,2026-07-04T10:09:59.950222+00:00,145.3,10,bid,Yashwanth Madan,YieldingYams,6865845
2026-07-04T10:10:00.233708,2026-07-04T10:10:00.243210+00:00,145.3,200,bid,WavyWalnuts,YieldingYams,6865847
2026-07-04T10:10:00.342172,2026-07-04T10:10:00.352528+00:00,145.3,20,bid,BrilliantBurritos,YieldingYams,6865850
2026-07-04T10:10:01.441767,2026-07-04T10:10:01.458750+00:00,145.4,200,bid,WavyWalnuts,YieldingYams,6865868
2026-07-04T10:10:03.706066,2026-07-04T10:10:03.717678+00:00,145.3,20,ask,YieldingYams,BrilliantBurritos,6865910
2026-07-04T10:10:04.128889,2026-07-04T10:10:04.140659+00:00,145.4,10,bid,Yashwanth Madan,AverageAlmonds,6865916
2026-07-04T10:10:04.369169,2026-07-04T10:10:04.372651+00:00,145.4,3,bid,Xuanyu Liu,AverageAlmonds,6865919
2026-07-04T10:10:04.462783,2026-07-04T10:10:04.470280+00:00,145.4,10,bid,Yashwanth Madan,WavyWalnuts,6865920
2026-07-04T10:10:04.932610,2026-07-04T10:10:04.943445+00:00,145.4,2,bid,Kaleb Liu,WavyWalnuts,6865935
2026-07-04T10:10:05.080652,2026-07-04T10:10:05.089525+00:00,145.3,200,bid,WavyWalnuts,AverageAlmonds,6865939
2026-07-04T10:10:05.085927,2026-07-04T10:10:05.089525+00:00,145.3,11,bid,Xuanyu Liu,AverageAlmonds,6865940
2026-07-04T10:10:05.086044,2026-07-04T10:10:05.105052+00:00,145.3,42,bid,Chester Au,AverageAlmonds,6865941
2026-07-04T10:10:05.926086,2026-07-04T10:10:05.936913+00:00,145.3,25,bid,Alan Tran,AverageAlmonds,6865955
2026-07-04T10:10:06.180421,2026-07-04T10:10:06.187659+00:00,145.3,475,bid,YieldingYams,AverageAlmonds,6865957
2026-07-04T10:10:06.256298,2026-07-04T10:10:06.258609+00:00,145.3,150,ask,YieldingYams,AverageAlmonds,6865959
2026-07-04T10:10:06.553224,2026-07-04T10:10:06.562132+00:00,145.3,10,bid,Yashwanth Madan,AverageAlmonds,6865963
2026-07-04T10:10:07.489494,2026-07-04T10:10:07.496205+00:00,145.2,200,ask,WavyWalnuts,YieldingYams,6865974
2026-07-04T10:10:07.496975,2026-07-04T10:10:07.516208+00:00,145.0,200,bid,WavyWalnuts,YieldingYams,6865976
2026-07-04T10:10:07.512690,2026-07-04T10:10:07.516208+00:00,145.0,12,bid,Xuanyu Liu,YieldingYams,6865978
2026-07-04T10:10:07.819390,2026-07-04T10:10:07.828061+00:00,145.0,20,bid,Yashwanth Madan,YieldingYams,6865983
2026-07-04T10:10:07.946566,2026-07-04T10:10:07.958619+00:00,145.0,2,bid,Kaleb Liu,YieldingYams,6865986
2026-07-04T10:10:08.112357,2026-07-04T10:10:08.123817+00:00,145.0,10,bid,Yashwanth Madan,YieldingYams,6865990
2026-07-04T10:10:08.403595,2026-07-04T10:10:08.415419+00:00,145.0,10,bid,Yashwanth Madan,YieldingYams,6865998
2026-07-04T10:10:08.746120,2026-07-04T10:10:08.753674+00:00,145.0,10,bid,Yashwanth Madan,YieldingYams,6866006
2026-07-04T10:10:08.802560,2026-07-04T10:10:08.815445+00:00,145.1,200,bid,YieldingYams,WavyWalnuts,6866008
2026-07-04T10:10:10.544543,2026-07-04T10:10:10.548543+00:00,145.1,12,ask,YieldingYams,Xuanyu Liu,6866027
2026-07-04T10:10:10.738428,2026-07-04T10:10:10.746286+00:00,145.1,20,ask,YieldingYams,Yashwanth Madan,6866031
2026-07-04T10:10:11.021108,2026-07-04T10:10:11.032784+00:00,145.1,20,ask,YieldingYams,Yashwanth Madan,6866037
2026-07-04T10:10:11.380527,2026-07-04T10:10:11.392324+00:00,145.1,20,ask,YieldingYams,Yashwanth Madan,6866041
2026-07-04T10:10:15.977102,2026-07-04T10:10:15.984398+00:00,145.0,200,ask,YieldingYams,WavyWalnuts,6866110
2026-07-04T10:10:17.187401,2026-07-04T10:10:17.195099+00:00,145.0,200,ask,YieldingYams,WavyWalnuts,6866129
2026-07-04T10:10:20.975507,2026-07-04T10:10:20.983146+00:00,145.1,4,bid,Kaleb Liu,YieldingYams,6866177
2026-07-04T10:10:23.199355,2026-07-04T10:10:23.203969+00:00,145.0,14,ask,YieldingYams,Xuanyu Liu,6866206
2026-07-04T10:10:23.243374,2026-07-04T10:10:23.251000+00:00,145.1,200,ask,WavyWalnuts,YieldingYams,6866208
2026-07-04T10:10:23.473265,2026-07-04T10:10:23.484948+00:00,144.8,20,ask,YieldingYams,Yashwanth Madan,6866218
2026-07-04T10:10:23.754796,2026-07-04T10:10:23.757886+00:00,144.8,20,ask,YieldingYams,Yashwanth Madan,6866220
2026-07-04T10:10:24.644169,2026-07-04T10:10:24.658544+00:00,144.8,10,ask,YieldingYams,Yashwanth Madan,6866237
2026-07-04T10:10:25.269974,2026-07-04T10:10:25.281612+00:00,144.8,5,ask,YieldingYams,Yashwanth Madan,6866242
2026-07-04T10:10:25.517957,2026-07-04T10:10:25.525742+00:00,144.8,10,ask,YieldingYams,Yashwanth Madan,6866245
2026-07-04T10:10:25.594109,2026-07-04T10:10:25.605678+00:00,144.9,5,bid,Yashwanth Madan,WavyWalnuts,6866247
2026-07-04T10:10:26.277610,2026-07-04T10:10:26.289399+00:00,144.9,20,bid,BrilliantBurritos,WavyWalnuts,6866257
2026-07-04T10:10:26.993430,2026-07-04T10:10:27.002755+00:00,144.7,6,ask,YieldingYams,Kaleb Liu,6866272
2026-07-04T10:10:28.081332,2026-07-04T10:10:28.090335+00:00,144.9,200,bid,WavyWalnuts,YieldingYams,6866285
2026-07-04T10:10:29.324357,2026-07-04T10:10:29.332682+00:00,144.9,4,ask,WavyWalnuts,Chester Au,6866307
2026-07-04T10:10:29.692290,2026-07-04T10:10:29.703797+00:00,144.9,10,ask,WavyWalnuts,Yashwanth Madan,6866311
2026-07-04T10:10:30.955041,2026-07-04T10:10:30.966887+00:00,145.0,25,ask,WavyWalnuts,Alan Tran,6866335
2026-07-04T10:10:36.055930,2026-07-04T10:10:36.056379+00:00,144.8,100,ask,YieldingYams,Chester Au,6866413
2026-07-04T10:10:37.746258,2026-07-04T10:10:37.758588+00:00,144.9,200,ask,YieldingYams,WavyWalnuts,6866444
2026-07-04T10:10:38.981546,2026-07-04T10:10:38.990041+00:00,145.0,200,ask,WavyWalnuts,YieldingYams,6866457
2026-07-04T10:10:39.009868,2026-07-04T10:10:39.013465+00:00,144.8,3,ask,YieldingYams,Xuanyu Liu,6866460
2026-07-04T10:10:39.012563,2026-07-04T10:10:39.033859+00:00,144.8,96,ask,YieldingYams,Chester Au,6866461
2026-07-04T10:10:39.017836,2026-07-04T10:10:39.033859+00:00,144.8,2,ask,YieldingYams,Kaleb Liu,6866463
2026-07-04T10:10:40.196736,2026-07-04T10:10:40.201013+00:00,144.9,11,ask,WavyWalnuts,Xuanyu Liu,6866475
2026-07-04T10:10:41.030138,2026-07-04T10:10:41.041419+00:00,144.9,4,ask,WavyWalnuts,Kaleb Liu,6866487
2026-07-04T10:10:41.060284,2026-07-04T10:10:41.072045+00:00,145.1,20,bid,BrilliantBurritos,WavyWalnuts,6866488
2026-07-04T10:10:41.329823,2026-07-04T10:10:41.341408+00:00,144.9,20,ask,WavyWalnuts,BrilliantBurritos,6866496
2026-07-04T10:10:42.912296,2026-07-04T10:10:42.923116+00:00,144.8,200,ask,WavyWalnuts,YieldingYams,6866517
2026-07-04T10:10:43.043311,2026-07-04T10:10:43.049994+00:00,144.8,6,bid,Kaleb Liu,YieldingYams,6866522
2026-07-04T10:10:45.575332,2026-07-04T10:10:45.587170+00:00,144.8,20,bid,BrilliantBurritos,YieldingYams,6866555
2026-07-04T10:10:46.056183,2026-07-04T10:10:46.063650+00:00,144.6,2,ask,WavyWalnuts,Kaleb Liu,6866565
2026-07-04T10:10:50.434947,2026-07-04T10:10:50.444431+00:00,144.6,200,bid,AverageAlmonds,WavyWalnuts,6866630
2026-07-04T10:10:51.673913,2026-07-04T10:10:51.698011+00:00,144.7,500,bid,AverageAlmonds,YieldingYams,6866638
2026-07-04T10:10:51.694112,2026-07-04T10:10:51.698011+00:00,144.6,12,ask,WavyWalnuts,Xuanyu Liu,6866640
2026-07-04T10:10:52.081106,2026-07-04T10:10:52.089132+00:00,144.6,10,ask,WavyWalnuts,Kaleb Liu,6866644
2026-07-04T10:10:52.087996,2026-07-04T10:10:52.094663+00:00,144.8,200,bid,YieldingYams,WavyWalnuts,6866645
2026-07-04T10:10:52.105831,2026-07-04T10:10:52.110088+00:00,144.8,23,ask,YieldingYams,Xuanyu Liu,6866647
2026-07-04T10:10:53.093473,2026-07-04T10:10:53.105329+00:00,144.8,22,ask,YieldingYams,Kaleb Liu,6866660
2026-07-04T10:10:54.708794,2026-07-04T10:10:54.715913+00:00,144.9,200,bid,YieldingYams,WavyWalnuts,6866678
2026-07-04T10:10:57.330568,2026-07-04T10:10:57.337843+00:00,145.0,200,bid,YieldingYams,WavyWalnuts,6866709
2026-07-04T10:11:00.137992,2026-07-04T10:11:00.164286+00:00,145.0,500,bid,AverageAlmonds,YieldingYams,6866745
2026-07-04T10:11:01.263552,2026-07-04T10:11:01.267186+00:00,145.0,11,ask,YieldingYams,Xuanyu Liu,6866759
2026-07-04T10:11:02.116466,2026-07-04T10:11:02.125625+00:00,145.0,17,ask,YieldingYams,Kaleb Liu,6866782
2026-07-04T10:11:02.591379,2026-07-04T10:11:02.595567+00:00,145.1,11,ask,YieldingYams,Xuanyu Liu,6866792
2026-07-04T10:11:02.594700,2026-07-04T10:11:02.611160+00:00,145.1,20,ask,YieldingYams,BrilliantBurritos,6866793
2026-07-04T10:11:02.889622,2026-07-04T10:11:02.898367+00:00,145.2,20,bid,BrilliantBurritos,WavyWalnuts,6866794
2026-07-04T10:11:03.130053,2026-07-04T10:11:03.140060+00:00,145.1,21,ask,YieldingYams,Kaleb Liu,6866796
2026-07-04T10:11:03.398854,2026-07-04T10:11:03.410667+00:00,145.1,20,ask,YieldingYams,BrilliantBurritos,6866803
2026-07-04T10:11:04.310277,2026-07-04T10:11:04.314125+00:00,145.2,22,bid,Xuanyu Liu,WavyWalnuts,6866826
2026-07-04T10:11:05.194776,2026-07-04T10:11:05.201717+00:00,145.2,200,bid,YieldingYams,WavyWalnuts,6866851
2026-07-04T10:11:05.645610,2026-07-04T10:11:05.663795+00:00,145.2,200,ask,YieldingYams,WavyWalnuts,6866858
2026-07-04T10:11:06.162789,2026-07-04T10:11:06.172088+00:00,145.5,13,bid,Kaleb Liu,YieldingYams,6866870
2026-07-04T10:11:06.856624,2026-07-04T10:11:06.869001+00:00,145.1,200,ask,YieldingYams,WavyWalnuts,6866880
2026-07-04T10:11:07.430203,2026-07-04T10:11:07.434091+00:00,145.3,12,bid,Xuanyu Liu,YieldingYams,6866888
2026-07-04T10:11:07.832203,2026-07-04T10:11:07.836176+00:00,145.2,11,bid,Xuanyu Liu,YieldingYams,6866896
2026-07-04T10:11:09.127128,2026-07-04T10:11:09.136063+00:00,145.1,500,ask,AverageAlmonds,YieldingYams,6866911
2026-07-04T10:11:09.141706,2026-07-04T10:11:09.145619+00:00,145.0,23,bid,Xuanyu Liu,YieldingYams,6866913
2026-07-04T10:11:09.221609,2026-07-04T10:11:09.231935+00:00,145.0,102,bid,AverageAlmonds,YieldingYams,6866914
2026-07-04T10:11:09.277471,2026-07-04T10:11:09.285435+00:00,145.1,200,ask,AverageAlmonds,WavyWalnuts,6866916
2026-07-04T10:11:10.190522,2026-07-04T10:11:10.200501+00:00,145.1,41,ask,AverageAlmonds,Kaleb Liu,6866931
2026-07-04T10:11:11.209460,2026-07-04T10:11:11.227205+00:00,145.3,20,bid,Kaleb Liu,WavyWalnuts,6866946
2026-07-04T10:11:13.061841,2026-07-04T10:11:13.070103+00:00,145.3,200,bid,YieldingYams,WavyWalnuts,6866975
2026-07-04T10:11:14.450899,2026-07-04T10:11:14.458553+00:00,145.4,20,bid,BrilliantBurritos,YieldingYams,6866994
2026-07-04T10:11:15.690283,2026-07-04T10:11:15.697471+00:00,145.3,200,ask,WavyWalnuts,YieldingYams,6867009
2026-07-04T10:11:16.488627,2026-07-04T10:11:16.499207+00:00,145.3,425,bid,AverageAlmonds,YieldingYams,6867021
2026-07-04T10:11:17.743550,2026-07-04T10:11:17.756028+00:00,145.6,200,bid,WavyWalnuts,YieldingYams,6867046
2026-07-04T10:11:18.964277,2026-07-04T10:11:18.968082+00:00,145.6,10,ask,WavyWalnuts,Xuanyu Liu,6867065
2026-07-04T10:11:18.973595,2026-07-04T10:11:18.977263+00:00,145.6,1,ask,WavyWalnuts,Xuanyu Liu,6867067
2026-07-04T10:11:19.231358,2026-07-04T10:11:19.241626+00:00,145.7,6,bid,Kaleb Liu,YieldingYams,6867071
2026-07-04T10:11:20.141106,2026-07-04T10:11:20.144961+00:00,145.6,23,ask,WavyWalnuts,Xuanyu Liu,6867093
2026-07-04T10:11:21.372774,2026-07-04T10:11:21.381803+00:00,145.6,200,ask,YieldingYams,WavyWalnuts,6867116
2026-07-04T10:11:24.882027,2026-07-04T10:11:24.889563+00:00,145.6,200,bid,YieldingYams,WavyWalnuts,6867166
2026-07-04T10:11:27.422359,2026-07-04T10:11:27.432432+00:00,145.7,200,ask,YieldingYams,WavyWalnuts,6867210
2026-07-04T10:11:28.812946,2026-07-04T10:11:28.819927+00:00,145.7,200,bid,YieldingYams,WavyWalnuts,6867226
2026-07-04T10:11:29.256003,2026-07-04T10:11:29.258587+00:00,146.0,15,bid,Kaleb Liu,YieldingYams,6867234
2026-07-04T10:11:29.841319,2026-07-04T10:11:29.850836+00:00,145.7,200,ask,YieldingYams,WavyWalnuts,6867250
2026-07-04T10:11:35.358306,2026-07-04T10:11:35.366000+00:00,145.7,200,bid,YieldingYams,WavyWalnuts,6867306
2026-07-04T10:11:35.376593,2026-07-04T10:11:35.380464+00:00,145.7,12,ask,YieldingYams,Xuanyu Liu,6867308
2026-07-04T10:11:37.094076,2026-07-04T10:11:37.101748+00:00,145.8,200,bid,WavyWalnuts,YieldingYams,6867333
2026-07-04T10:11:38.318198,2026-07-04T10:11:38.321864+00:00,145.8,11,ask,WavyWalnuts,Xuanyu Liu,6867347
2026-07-04T10:11:39.284123,2026-07-04T10:11:39.294795+00:00,145.9,500,bid,YieldingYams,AverageAlmonds,6867362
2026-07-04T10:11:39.313757,2026-07-04T10:11:39.317799+00:00,145.9,11,ask,YieldingYams,Xuanyu Liu,6867364
2026-07-04T10:11:39.495930,2026-07-04T10:11:39.504723+00:00,145.9,114,ask,YieldingYams,AverageAlmonds,6867365
2026-07-04T10:11:41.906551,2026-07-04T10:11:41.917004+00:00,145.8,200,ask,WavyWalnuts,AverageAlmonds,6867394
2026-07-04T10:11:41.963707,2026-07-04T10:11:41.967064+00:00,145.7,7,bid,Xuanyu Liu,WavyWalnuts,6867397
2026-07-04T10:11:42.265079,2026-07-04T10:11:42.268679+00:00,145.6,19,ask,YieldingYams,Xuanyu Liu,6867399
2026-07-04T10:11:42.281833,2026-07-04T10:11:42.289230+00:00,145.6,41,ask,YieldingYams,Kaleb Liu,6867401
2026-07-04T10:11:44.556069,2026-07-04T10:11:44.559758+00:00,145.7,8,ask,YieldingYams,Xuanyu Liu,6867449
2026-07-04T10:11:45.581954,2026-07-04T10:11:45.590322+00:00,145.8,200,bid,WavyWalnuts,AverageAlmonds,6867458
2026-07-04T10:11:47.162886,2026-07-04T10:11:47.169832+00:00,145.7,200,ask,WavyWalnuts,YieldingYams,6867485
2026-07-04T10:11:52.938285,2026-07-04T10:11:52.949076+00:00,145.5,20,ask,YieldingYams,BrilliantBurritos,6867554
2026-07-04T10:11:54.911498,2026-07-04T10:11:54.916044+00:00,145.5,3,ask,YieldingYams,Xuanyu Liu,6867578
2026-07-04T10:11:55.036690,2026-07-04T10:11:55.043579+00:00,145.6,200,bid,YieldingYams,WavyWalnuts,6867580
2026-07-04T10:11:55.054954,2026-07-04T10:11:55.059038+00:00,145.6,6,ask,YieldingYams,Xuanyu Liu,6867582
2026-07-04T10:11:56.354766,2026-07-04T10:11:56.368985+00:00,145.6,20,bid,BrilliantBurritos,YieldingYams,6867591
2026-07-04T10:11:58.900723,2026-07-04T10:11:58.907665+00:00,145.6,200,ask,AverageAlmonds,WavyWalnuts,6867629
2026-07-04T10:11:58.985251,2026-07-04T10:11:58.993687+00:00,145.6,300,ask,AverageAlmonds,YieldingYams,6867630
2026-07-04T10:11:59.451860,2026-07-04T10:11:59.458561+00:00,145.6,325,bid,AverageAlmonds,YieldingYams,6867638
2026-07-04T10:12:00.108811,2026-07-04T10:12:00.116413+00:00,145.7,200,ask,AverageAlmonds,WavyWalnuts,6867653
2026-07-04T10:12:00.895116,2026-07-04T10:12:00.906810+00:00,145.8,20,bid,BrilliantBurritos,YieldingYams,6867663
2026-07-04T10:12:01.603149,2026-07-04T10:12:01.610927+00:00,145.7,200,ask,WavyWalnuts,YieldingYams,6867674
2026-07-04T10:12:01.621738,2026-07-04T10:12:01.625369+00:00,145.7,6,bid,Xuanyu Liu,YieldingYams,6867676
2026-07-04T10:12:01.870728,2026-07-04T10:12:01.881683+00:00,145.7,419,bid,AverageAlmonds,YieldingYams,6867678
2026-07-04T10:12:03.080001,2026-07-04T10:12:03.089713+00:00,145.8,200,bid,AverageAlmonds,WavyWalnuts,6867696
2026-07-04T10:12:04.301279,2026-07-04T10:12:04.311369+00:00,145.9,200,bid,AverageAlmonds,WavyWalnuts,6867712
2026-07-04T10:12:04.393682,2026-07-04T10:12:04.397069+00:00,145.9,6,ask,AverageAlmonds,Xuanyu Liu,6867715
2026-07-04T10:12:08.023200,2026-07-04T10:12:08.035036+00:00,145.9,20,bid,BrilliantBurritos,WavyWalnuts,6867782
2026-07-04T10:12:08.525425,2026-07-04T10:12:08.532413+00:00,145.9,180,bid,AverageAlmonds,WavyWalnuts,6867785
2026-07-04T10:12:08.525425,2026-07-04T10:12:08.537429+00:00,145.9,320,bid,AverageAlmonds,YieldingYams,6867786
2026-07-04T10:12:09.123356,2026-07-04T10:12:09.132059+00:00,145.9,305,bid,AverageAlmonds,YieldingYams,6867808
2026-07-04T10:12:09.123356,2026-07-04T10:12:09.132059+00:00,145.9,195,bid,AverageAlmonds,WavyWalnuts,6867809
2026-07-04T10:12:12.164029,2026-07-04T10:12:12.174393+00:00,146.0,200,bid,AverageAlmonds,WavyWalnuts,6867849
2026-07-04T10:12:12.205596,2026-07-04T10:12:12.215562+00:00,146.0,200,ask,AverageAlmonds,WavyWalnuts,6867851
2026-07-04T10:12:20.152609,2026-07-04T10:12:20.156372+00:00,146.2,6,bid,Xuanyu Liu,WavyWalnuts,6867953
2026-07-04T10:12:21.289598,2026-07-04T10:12:21.293537+00:00,146.1,11,bid,Xuanyu Liu,YieldingYams,6867977
2026-07-04T10:12:23.877540,2026-07-04T10:12:23.887568+00:00,146.2,200,bid,YieldingYams,WavyWalnuts,6868011
2026-07-04T10:12:24.285607,2026-07-04T10:12:24.296710+00:00,146.2,425,ask,YieldingYams,AverageAlmonds,6868014
2026-07-04T10:12:25.526879,2026-07-04T10:12:25.529011+00:00,146.2,200,bid,WavyWalnuts,AverageAlmonds,6868035
2026-07-04T10:12:26.687860,2026-07-04T10:12:26.698810+00:00,146.2,125,ask,YieldingYams,AverageAlmonds,6868051
2026-07-04T10:12:27.803514,2026-07-04T10:12:27.811139+00:00,146.1,200,ask,WavyWalnuts,YieldingYams,6868070
2026-07-04T10:12:29.636885,2026-07-04T10:12:29.641027+00:00,146.1,12,bid,Xuanyu Liu,YieldingYams,6868091
2026-07-04T10:12:30.351608,2026-07-04T10:12:30.358621+00:00,146.1,3,bid,Kaleb Liu,YieldingYams,6868106
2026-07-04T10:12:31.559427,2026-07-04T10:12:31.563119+00:00,146.0,11,bid,Xuanyu Liu,AverageAlmonds,6868121
2026-07-04T10:12:32.365372,2026-07-04T10:12:32.376351+00:00,146.0,4,bid,Kaleb Liu,WavyWalnuts,6868135
2026-07-04T10:12:32.776918,2026-07-04T10:12:32.788481+00:00,145.9,20,bid,BrilliantBurritos,AverageAlmonds,6868144
2026-07-04T10:12:33.050250,2026-07-04T10:12:33.058596+00:00,145.9,480,bid,YieldingYams,AverageAlmonds,6868148
2026-07-04T10:12:33.384384,2026-07-04T10:12:33.395077+00:00,145.9,6,ask,YieldingYams,Kaleb Liu,6868155
2026-07-04T10:12:33.981073,2026-07-04T10:12:33.992381+00:00,145.9,139,ask,YieldingYams,AverageAlmonds,6868159
2026-07-04T10:12:34.018484,2026-07-04T10:12:34.028968+00:00,145.9,200,bid,WavyWalnuts,AverageAlmonds,6868161
2026-07-04T10:12:34.396221,2026-07-04T10:12:34.407304+00:00,145.8,6,bid,Kaleb Liu,YieldingYams,6868169
2026-07-04T10:12:35.228788,2026-07-04T10:12:35.238020+00:00,145.8,200,bid,WavyWalnuts,YieldingYams,6868178
2026-07-04T10:12:35.668504,2026-07-04T10:12:35.677819+00:00,145.8,500,bid,YieldingYams,AverageAlmonds,6868181
2026-07-04T10:12:35.780634,2026-07-04T10:12:35.801769+00:00,145.8,125,ask,YieldingYams,AverageAlmonds,6868183
2026-07-04T10:12:35.797824,2026-07-04T10:12:35.801769+00:00,145.7,11,bid,Xuanyu Liu,AverageAlmonds,6868185
2026-07-04T10:12:36.407624,2026-07-04T10:12:36.414341+00:00,144.9,6,ask,AverageAlmonds,Kaleb Liu,6868196
2026-07-04T10:12:36.438112,2026-07-04T10:12:36.445364+00:00,145.7,200,bid,WavyWalnuts,AverageAlmonds,6868198
2026-07-04T10:12:37.029748,2026-07-04T10:12:37.033653+00:00,145.6,22,ask,YieldingYams,Xuanyu Liu,6868206
2026-07-04T10:12:37.419854,2026-07-04T10:12:37.430501+00:00,145.6,1,ask,YieldingYams,Kaleb Liu,6868209
2026-07-04T10:12:37.594604,2026-07-04T10:12:37.601334+00:00,145.6,500,ask,YieldingYams,AverageAlmonds,6868220
2026-07-04T10:12:37.664081,2026-07-04T10:12:37.667639+00:00,145.7,12,ask,WavyWalnuts,Xuanyu Liu,6868222
2026-07-04T10:12:38.187490,2026-07-04T10:12:38.194293+00:00,145.7,188,ask,WavyWalnuts,AverageAlmonds,6868229
2026-07-04T10:12:38.187490,2026-07-04T10:12:38.199577+00:00,145.6,102,ask,YieldingYams,AverageAlmonds,6868230
2026-07-04T10:12:38.851389,2026-07-04T10:12:38.858100+00:00,145.5,200,bid,WavyWalnuts,YieldingYams,6868237
2026-07-04T10:12:39.207163,2026-07-04T10:12:39.210718+00:00,145.5,34,bid,Xuanyu Liu,YieldingYams,6868246
2026-07-04T10:12:39.251697,2026-07-04T10:12:39.263167+00:00,145.5,20,bid,BrilliantBurritos,YieldingYams,6868249
2026-07-04T10:12:39.434854,2026-07-04T10:12:39.444721+00:00,145.5,11,bid,Kaleb Liu,YieldingYams,6868255
2026-07-04T10:12:40.629448,2026-07-04T10:12:40.640928+00:00,145.5,200,ask,WavyWalnuts,AverageAlmonds,6868271
2026-07-04T10:12:40.930426,2026-07-04T10:12:40.937176+00:00,145.5,300,bid,YieldingYams,AverageAlmonds,6868277
2026-07-04T10:12:41.226456,2026-07-04T10:12:41.233290+00:00,145.5,325,ask,YieldingYams,AverageAlmonds,6868279
2026-07-04T10:12:41.245265,2026-07-04T10:12:41.248836+00:00,145.4,12,bid,Xuanyu Liu,AverageAlmonds,6868281
2026-07-04T10:12:41.269344,2026-07-04T10:12:41.279974+00:00,145.4,163,bid,WavyWalnuts,AverageAlmonds,6868282
2026-07-04T10:12:41.831713,2026-07-04T10:12:41.838622+00:00,145.4,37,ask,WavyWalnuts,AverageAlmonds,6868289
2026-07-04T10:12:42.479080,2026-07-04T10:12:42.487702+00:00,145.3,200,bid,WavyWalnuts,YieldingYams,6868302
2026-07-04T10:12:43.450504,2026-07-04T10:12:43.458579+00:00,145.0,10,ask,YieldingYams,Kaleb Liu,6868318
2026-07-04T10:12:43.689702,2026-07-04T10:12:43.698580+00:00,145.3,200,bid,WavyWalnuts,AverageAlmonds,6868321
2026-07-04T10:12:44.465031,2026-07-04T10:12:44.474327+00:00,145.1,1,ask,YieldingYams,Kaleb Liu,6868335
2026-07-04T10:12:46.079742,2026-07-04T10:12:46.090874+00:00,145.2,200,ask,WavyWalnuts,AverageAlmonds,6868356
2026-07-04T10:12:46.478166,2026-07-04T10:12:46.489833+00:00,145.2,11,bid,Kaleb Liu,AverageAlmonds,6868360
2026-07-04T10:12:49.493874,2026-07-04T10:12:49.504238+00:00,144.8,10,ask,WavyWalnuts,Kaleb Liu,6868404
2026-07-04T10:12:49.736028,2026-07-04T10:12:49.745979+00:00,144.9,200,bid,WavyWalnuts,AverageAlmonds,6868409
2026-07-04T10:12:50.300148,2026-07-04T10:12:50.310202+00:00,144.8,500,ask,YieldingYams,AverageAlmonds,6868416
2026-07-04T10:12:50.507549,2026-07-04T10:12:50.518075+00:00,144.8,1,ask,YieldingYams,Kaleb Liu,6868421
2026-07-04T10:12:50.895454,2026-07-04T10:12:50.902116+00:00,144.8,124,ask,YieldingYams,AverageAlmonds,6868431
2026-07-04T10:12:51.499587,2026-07-04T10:12:51.510187+00:00,144.7,200,ask,WavyWalnuts,AverageAlmonds,6868438
2026-07-04T10:12:51.499587,2026-07-04T10:12:51.510187+00:00,144.7,300,ask,YieldingYams,AverageAlmonds,6868439
2026-07-04T10:12:52.123596,2026-07-04T10:12:52.135216+00:00,144.7,325,ask,YieldingYams,AverageAlmonds,6868450
2026-07-04T10:12:52.520516,2026-07-04T10:12:52.531717+00:00,144.7,3,bid,Kaleb Liu,AverageAlmonds,6868455
2026-07-04T10:12:53.360150,2026-07-04T10:12:53.369181+00:00,144.6,200,bid,WavyWalnuts,YieldingYams,6868466
2026-07-04T10:12:53.534226,2026-07-04T10:12:53.543988+00:00,144.6,4,bid,Kaleb Liu,YieldingYams,6868469
2026-07-04T10:12:55.981197,2026-07-04T10:12:55.993239+00:00,144.7,20,bid,BrilliantBurritos,YieldingYams,6868501
2026-07-04T10:12:56.547527,2026-07-04T10:12:56.558594+00:00,144.4,6,ask,YieldingYams,Kaleb Liu,6868509
2026-07-04T10:12:56.992368,2026-07-04T10:12:56.999564+00:00,144.5,200,ask,YieldingYams,WavyWalnuts,6868511
2026-07-04T10:12:57.579608,2026-07-04T10:12:57.590496+00:00,144.5,1,ask,YieldingYams,Kaleb Liu,6868523
2026-07-04T10:12:59.430863,2026-07-04T10:12:59.440316+00:00,144.5,200,ask,YieldingYams,WavyWalnuts,6868544
2026-07-04T10:13:04.271302,2026-07-04T10:13:04.279254+00:00,144.6,200,bid,WavyWalnuts,YieldingYams,6868607
2026-07-04T10:13:04.547589,2026-07-04T10:13:04.563657+00:00,144.6,500,bid,YieldingYams,AverageAlmonds,6868610
2026-07-04T10:13:04.837556,2026-07-04T10:13:04.848978+00:00,144.6,125,ask,YieldingYams,AverageAlmonds,6868615
2026-07-04T10:13:05.863573,2026-07-04T10:13:05.867001+00:00,144.5,11,bid,Xuanyu Liu,YieldingYams,6868639
2026-07-04T10:13:07.180640,2026-07-04T10:13:07.184259+00:00,144.4,12,bid,Xuanyu Liu,YieldingYams,6868659
2026-07-04T10:13:11.464618,2026-07-04T10:13:11.476210+00:00,144.2,20,ask,YieldingYams,BrilliantBurritos,6868711
2026-07-04T10:13:13.553264,2026-07-04T10:13:13.564930+00:00,144.2,20,ask,YieldingYams,BrilliantBurritos,6868746
2026-07-04T10:13:13.949512,2026-07-04T10:13:13.957635+00:00,144.3,200,ask,YieldingYams,WavyWalnuts,6868757
2026-07-04T10:13:14.043777,2026-07-04T10:13:14.047913+00:00,144.5,14,bid,Xuanyu Liu,YieldingYams,6868762
2026-07-04T10:13:15.263302,2026-07-04T10:13:15.275057+00:00,144.3,20,bid,Yashwanth Madan,WavyWalnuts,6868783
2026-07-04T10:13:15.500144,2026-07-04T10:13:15.511952+00:00,144.2,20,ask,YieldingYams,BrilliantBurritos,6868790
2026-07-04T10:13:15.620976,2026-07-04T10:13:15.632523+00:00,144.3,10,bid,Yashwanth Madan,WavyWalnuts,6868793
2026-07-04T10:13:16.186110,2026-07-04T10:13:16.197746+00:00,144.3,10,bid,Yashwanth Madan,WavyWalnuts,6868804
2026-07-04T10:13:16.323450,2026-07-04T10:13:16.329299+00:00,144.3,160,bid,YieldingYams,WavyWalnuts,6868807
2026-07-04T10:13:17.402062,2026-07-04T10:13:17.413708+00:00,144.3,4,ask,YieldingYams,Yashwanth Madan,6868826
2026-07-04T10:13:17.634590,2026-07-04T10:13:17.643293+00:00,144.4,200,ask,WavyWalnuts,YieldingYams,6868830
2026-07-04T10:13:18.210406,2026-07-04T10:13:18.220334+00:00,144.2,10,bid,Yashwanth Madan,YieldingYams,6868844
2026-07-04T10:13:18.782860,2026-07-04T10:13:18.790699+00:00,144.2,200,bid,WavyWalnuts,YieldingYams,6868854
2026-07-04T10:13:20.257080,2026-07-04T10:13:20.251900+00:00,144.4,200,ask,WavyWalnuts,YieldingYams,6868872
2026-07-04T10:13:20.372261,2026-07-04T10:13:20.376684+00:00,144.3,3,bid,Xuanyu Liu,YieldingYams,6868875
2026-07-04T10:13:21.134431,2026-07-04T10:13:21.141602+00:00,144.3,25,bid,Alan Tran,YieldingYams,6868884
2026-07-04T10:13:23.531231,2026-07-04T10:13:23.535113+00:00,144.3,3,ask,WavyWalnuts,Xuanyu Liu,6868919
2026-07-04T10:13:24.184164,2026-07-04T10:13:24.190935+00:00,144.3,200,ask,WavyWalnuts,YieldingYams,6868932
2026-07-04T10:13:26.072195,2026-07-04T10:13:26.081312+00:00,144.2,200,ask,YieldingYams,WavyWalnuts,6868972
2026-07-04T10:13:29.439302,2026-07-04T10:13:29.443019+00:00,144.2,3,bid,Xuanyu Liu,YieldingYams,6869021
2026-07-04T10:13:30.973436,2026-07-04T10:13:30.985363+00:00,144.3,10,bid,Yashwanth Madan,YieldingYams,6869041
2026-07-04T10:13:31.054224,2026-07-04T10:13:31.065872+00:00,144.3,5,bid,Yashwanth Madan,YieldingYams,6869044
2026-07-04T10:13:31.377577,2026-07-04T10:13:31.389737+00:00,144.3,10,bid,Yashwanth Madan,YieldingYams,6869046
2026-07-04T10:13:31.520263,2026-07-04T10:13:31.532041+00:00,144.2,5,ask,WavyWalnuts,Yashwanth Madan,6869049
2026-07-04T10:13:32.038408,2026-07-04T10:13:32.048799+00:00,144.2,195,ask,WavyWalnuts,YieldingYams,6869052
2026-07-04T10:13:32.991611,2026-07-04T10:13:33.003239+00:00,144.2,5,bid,Yashwanth Madan,YieldingYams,6869066
2026-07-04T10:13:33.238648,2026-07-04T10:13:33.250549+00:00,144.2,10,bid,Yashwanth Madan,YieldingYams,6869070
2026-07-04T10:13:33.276226,2026-07-04T10:13:33.285961+00:00,144.2,415,bid,AverageAlmonds,YieldingYams,6869071
2026-07-04T10:13:34.654993,2026-07-04T10:13:34.658558+00:00,144.3,500,ask,AverageAlmonds,YieldingYams,6869096
2026-07-04T10:13:35.103598,2026-07-04T10:13:35.113930+00:00,144.3,125,bid,AverageAlmonds,YieldingYams,6869100
2026-07-04T10:13:35.553691,2026-07-04T10:13:35.565568+00:00,144.4,5,bid,Yashwanth Madan,WavyWalnuts,6869109
2026-07-04T10:13:36.136014,2026-07-04T10:13:36.139683+00:00,144.4,23,bid,Xuanyu Liu,WavyWalnuts,6869122
2026-07-04T10:13:36.142597,2026-07-04T10:13:36.154985+00:00,144.4,140,bid,Chester Au,WavyWalnuts,6869123
2026-07-04T10:13:36.164867,2026-07-04T10:13:36.176744+00:00,144.4,10,bid,Yashwanth Madan,WavyWalnuts,6869124
2026-07-04T10:13:36.222027,2026-07-04T10:13:36.226241+00:00,144.3,5,ask,YieldingYams,Xuanyu Liu,6869126
2026-07-04T10:13:36.988044,2026-07-04T10:13:36.991740+00:00,144.5,5,ask,WavyWalnuts,Xuanyu Liu,6869134
2026-07-04T10:13:36.995410,2026-07-04T10:13:36.998889+00:00,144.5,2,ask,WavyWalnuts,Xuanyu Liu,6869136
2026-07-04T10:13:36.999758,2026-07-04T10:13:37.003131+00:00,144.5,2,ask,WavyWalnuts,Xuanyu Liu,6869137
2026-07-04T10:13:37.004017,2026-07-04T10:13:37.007407+00:00,144.5,2,ask,WavyWalnuts,Xuanyu Liu,6869138
2026-07-04T10:13:37.008271,2026-07-04T10:13:37.011510+00:00,144.5,2,ask,WavyWalnuts,Xuanyu Liu,6869139
2026-07-04T10:13:37.012377,2026-07-04T10:13:37.015782+00:00,144.5,2,ask,WavyWalnuts,Xuanyu Liu,6869140
2026-07-04T10:13:37.016645,2026-07-04T10:13:37.020015+00:00,144.5,2,ask,WavyWalnuts,Xuanyu Liu,6869141
2026-07-04T10:13:37.019276,2026-07-04T10:13:37.028391+00:00,144.6,3,bid,Yashwanth Madan,YieldingYams,6869143
2026-07-04T10:13:37.024647,2026-07-04T10:13:37.028391+00:00,144.5,2,ask,WavyWalnuts,Xuanyu Liu,6869144
2026-07-04T10:13:37.029307,2026-07-04T10:13:37.032792+00:00,144.5,2,ask,WavyWalnuts,Xuanyu Liu,6869145
2026-07-04T10:13:37.083232,2026-07-04T10:13:37.094939+00:00,144.5,2,ask,WavyWalnuts,Yashwanth Madan,6869146
2026-07-04T10:13:37.102089,2026-07-04T10:13:37.111717+00:00,144.6,2,bid,Yashwanth Madan,YieldingYams,6869147
2026-07-04T10:13:37.271549,2026-07-04T10:13:37.281328+00:00,144.5,177,ask,WavyWalnuts,YieldingYams,6869149
2026-07-04T10:13:37.722267,2026-07-04T10:13:37.734247+00:00,144.5,10,bid,Yashwanth Madan,YieldingYams,6869162
2026-07-04T10:13:38.559507,2026-07-04T10:13:38.571359+00:00,144.5,20,bid,BrilliantBurritos,YieldingYams,6869173
2026-07-04T10:13:39.890092,2026-07-04T10:13:39.898341+00:00,144.5,200,bid,YieldingYams,WavyWalnuts,6869195
2026-07-04T10:13:42.105742,2026-07-04T10:13:42.116216+00:00,144.4,20,ask,YieldingYams,BrilliantBurritos,6869211
2026-07-04T10:13:44.347403,2026-07-04T10:13:44.358971+00:00,144.5,20,ask,WavyWalnuts,Yashwanth Madan,6869246
2026-07-04T10:13:44.630270,2026-07-04T10:13:44.637915+00:00,144.5,20,ask,WavyWalnuts,Yashwanth Madan,6869250
