timestamp,recv_time,price,volume,aggressor_side,buyer,seller,trade_id
2026-06-30T13:00:03.042671,2026-06-30T03:00:03.982793+00:00,72.0,200,bid,,,127810
2026-06-30T13:00:03.042671,2026-06-30T03:00:03.982793+00:00,72.1,425,bid,,,127811
2026-06-30T13:00:03.073511,2026-06-30T03:00:04.015982+00:00,72.1,20,bid,,,127813
2026-06-30T13:00:05.047827,2026-06-30T03:00:05.994096+00:00,72.0,200,ask,,,127831
2026-06-30T13:00:06.890625,2026-06-30T03:00:07.834116+00:00,71.9,200,ask,,,127846
2026-06-30T13:00:08.694908,2026-06-30T03:00:09.631871+00:00,71.9,200,ask,,,127868
2026-06-30T13:00:08.694908,2026-06-30T03:00:09.642945+00:00,71.9,300,ask,,,127869
2026-06-30T13:00:09.153022,2026-06-30T03:00:10.088997+00:00,71.9,20,ask,,,127873
2026-06-30T13:00:09.293065,2026-06-30T03:00:10.230928+00:00,71.9,305,ask,,,127875
2026-06-30T13:00:09.592315,2026-06-30T03:00:10.536018+00:00,71.7,200,ask,,,127878
2026-06-30T13:00:09.604597,2026-06-30T03:00:10.547081+00:00,71.6,174,bid,,,127880
2026-06-30T13:00:10.526706,2026-06-30T03:00:11.470888+00:00,71.6,200,bid,,,127887
2026-06-30T13:00:10.900466,2026-06-30T03:00:11.837815+00:00,71.7,200,bid,,,127896
2026-06-30T13:00:10.907287,2026-06-30T03:00:11.858970+00:00,71.8,164,ask,,,127897
2026-06-30T13:00:12.214354,2026-06-30T03:00:13.159032+00:00,71.7,200,ask,,,127909
2026-06-30T13:00:12.941889,2026-06-30T03:00:13.880705+00:00,71.7,200,bid,,,127922
2026-06-30T13:00:14.829534,2026-06-30T03:00:15.776027+00:00,71.9,500,bid,,,127945
2026-06-30T13:00:14.829534,2026-06-30T03:00:15.776027+00:00,72.0,125,bid,,,127946
2026-06-30T13:00:15.344587,2026-06-30T03:00:16.298145+00:00,71.8,200,ask,,,127951
2026-06-30T13:00:15.361181,2026-06-30T03:00:16.308723+00:00,71.8,200,bid,,,127953
2026-06-30T13:00:16.567214,2026-06-30T03:00:17.505242+00:00,71.8,200,bid,,,127963
2026-06-30T13:00:17.772634,2026-06-30T03:00:18.713038+00:00,71.9,200,bid,,,127976
2026-06-30T13:00:18.760359,2026-06-30T03:00:19.699628+00:00,71.9,500,bid,,,127983
2026-06-30T13:00:18.760359,2026-06-30T03:00:19.699628+00:00,72.0,125,bid,,,127984
2026-06-30T13:00:20.073826,2026-06-30T03:00:21.014448+00:00,71.9,200,ask,,,128004
2026-06-30T13:00:21.385168,2026-06-30T03:00:22.336249+00:00,71.9,200,bid,,,128017
2026-06-30T13:00:21.425563,2026-06-30T03:00:22.368516+00:00,72.0,200,bid,,,128018
2026-06-30T13:00:22.697265,2026-06-30T03:00:23.638520+00:00,72.0,500,bid,,,128032
2026-06-30T13:00:22.697265,2026-06-30T03:00:23.638520+00:00,72.0,125,bid,,,128033
2026-06-30T13:00:24.009390,2026-06-30T03:00:24.956529+00:00,71.9,200,ask,,,128053
2026-06-30T13:00:25.052714,2026-06-30T03:00:25.989989+00:00,71.7,200,bid,,,128066
2026-06-30T13:00:26.588812,2026-06-30T03:00:27.526165+00:00,71.9,20,bid,,,128086
2026-06-30T13:00:28.673536,2026-06-30T03:00:29.615317+00:00,72.0,200,bid,,,128106
2026-06-30T13:00:31.086384,2026-06-30T03:00:32.028222+00:00,71.9,200,bid,,,128134
2026-06-30T13:00:33.543263,2026-06-30T03:00:34.488218+00:00,71.9,200,ask,,,128171
2026-06-30T13:00:34.274067,2026-06-30T03:00:35.217634+00:00,71.9,20,ask,,,128187
2026-06-30T13:00:34.748553,2026-06-30T03:00:35.685346+00:00,72.1,200,bid,,,128194
2026-06-30T13:00:35.805350,2026-06-30T03:00:36.749954+00:00,72.1,500,bid,,,128207
2026-06-30T13:00:35.810850,2026-06-30T03:00:36.749954+00:00,72.1,36,ask,,,128209
2026-06-30T13:00:35.922589,2026-06-30T03:00:36.869676+00:00,72.1,89,ask,,,128212
2026-06-30T13:00:35.955320,2026-06-30T03:00:36.891778+00:00,72.1,200,bid,,,128213
2026-06-30T13:00:37.166941,2026-06-30T03:00:38.107382+00:00,71.8,200,bid,,,128231
2026-06-30T13:00:38.383487,2026-06-30T03:00:39.323075+00:00,71.8,200,bid,,,128254
2026-06-30T13:00:39.590282,2026-06-30T03:00:40.528388+00:00,72.1,200,bid,,,128266
2026-06-30T13:00:40.796085,2026-06-30T03:00:41.734006+00:00,72.1,200,bid,,,128287
2026-06-30T13:00:41.273244,2026-06-30T03:00:42.211743+00:00,71.9,20,ask,,,128294
2026-06-30T13:00:42.001494,2026-06-30T03:00:42.938741+00:00,72.1,200,bid,,,128298
2026-06-30T13:00:43.658245,2026-06-30T03:00:44.605035+00:00,72.1,500,bid,,,128318
2026-06-30T13:00:44.451088,2026-06-30T03:00:45.388332+00:00,72.2,200,bid,,,128327
2026-06-30T13:00:44.984070,2026-06-30T03:00:45.930674+00:00,72.1,150,bid,,,128341
2026-06-30T13:00:45.660115,2026-06-30T03:00:46.602867+00:00,72.1,200,bid,,,128346
2026-06-30T13:00:47.050022,2026-06-30T03:00:47.992253+00:00,72.1,20,ask,,,128366
2026-06-30T13:00:48.899397,2026-06-30T03:00:49.840141+00:00,72.3,200,bid,,,128382
2026-06-30T13:00:48.899397,2026-06-30T03:00:49.840141+00:00,72.3,425,bid,,,128383
2026-06-30T13:00:49.281094,2026-06-30T03:00:50.220874+00:00,72.3,200,bid,,,128386
2026-06-30T13:00:50.208752,2026-06-30T03:00:51.147900+00:00,72.3,500,bid,,,128397
2026-06-30T13:00:50.470211,2026-06-30T03:00:51.408213+00:00,72.3,125,ask,,,128401
2026-06-30T13:00:50.490041,2026-06-30T03:00:51.429865+00:00,72.2,200,bid,,,128405
2026-06-30T13:00:50.605739,2026-06-30T03:00:51.548734+00:00,72.2,25,bid,,,128414
2026-06-30T13:00:50.813882,2026-06-30T03:00:51.757583+00:00,72.2,25,bid,,,128423
2026-06-30T13:00:54.111340,2026-06-30T03:00:55.049719+00:00,72.2,200,bid,,,128456
2026-06-30T13:00:54.694513,2026-06-30T03:00:55.639773+00:00,72.1,500,ask,,,128473
2026-06-30T13:00:55.256678,2026-06-30T03:00:56.198219+00:00,72.1,20,ask,,,128483
2026-06-30T13:00:55.292040,2026-06-30T03:00:56.230884+00:00,72.1,105,ask,,,128484
2026-06-30T13:00:55.318448,2026-06-30T03:00:56.264052+00:00,72.1,200,bid,,,128485
2026-06-30T13:00:55.430476,2026-06-30T03:00:56.373144+00:00,72.1,25,bid,,,128489
2026-06-30T13:00:56.546219,2026-06-30T03:00:57.492259+00:00,72.0,200,bid,,,128503
2026-06-30T13:00:56.868987,2026-06-30T03:00:57.807627+00:00,72.0,2,ask,,,128511
2026-06-30T13:00:59.546509,2026-06-30T03:01:00.493535+00:00,72.0,200,ask,,,128548
2026-06-30T13:00:59.546509,2026-06-30T03:01:00.493535+00:00,72.0,300,ask,,,128549
2026-06-30T13:01:00.142793,2026-06-30T03:01:01.091017+00:00,72.0,325,ask,,,128554
2026-06-30T13:01:01.902153,2026-06-30T03:01:02.845015+00:00,71.6,20,ask,,,128581
2026-06-30T13:01:03.311606,2026-06-30T03:01:04.257200+00:00,71.7,200,bid,,,128595
2026-06-30T13:01:03.741624,2026-06-30T03:01:04.679075+00:00,71.7,100,ask,,,128599
2026-06-30T13:01:03.846529,2026-06-30T03:01:04.788378+00:00,71.8,200,bid,,,128604
2026-06-30T13:01:07.239161,2026-06-30T03:01:08.186542+00:00,71.9,200,bid,,,128641
2026-06-30T13:01:08.697431,2026-06-30T03:01:09.634073+00:00,72.0,200,bid,,,128667
2026-06-30T13:01:12.496917,2026-06-30T03:01:13.439822+00:00,71.9,200,ask,,,128713
2026-06-30T13:01:13.534283,2026-06-30T03:01:14.473366+00:00,71.9,200,bid,,,128732
2026-06-30T13:01:14.748042,2026-06-30T03:01:15.690028+00:00,71.9,200,ask,,,128745
2026-06-30T13:01:17.163763,2026-06-30T03:01:18.113090+00:00,71.8,200,ask,,,128769
2026-06-30T13:01:18.309991,2026-06-30T03:01:19.253284+00:00,71.8,500,bid,,,128777
2026-06-30T13:01:18.371434,2026-06-30T03:01:19.318262+00:00,71.7,200,ask,,,128779
2026-06-30T13:01:20.809364,2026-06-30T03:01:21.748967+00:00,71.8,200,ask,,,128809
2026-06-30T13:01:22.020931,2026-06-30T03:01:22.957056+00:00,71.9,200,bid,,,128823
2026-06-30T13:01:22.763216,2026-06-30T03:01:23.707609+00:00,71.8,25,ask,,,128829
2026-06-30T13:01:22.974188,2026-06-30T03:01:23.925047+00:00,71.8,25,ask,,,128833
2026-06-30T13:01:23.182311,2026-06-30T03:01:24.119910+00:00,71.8,23,ask,,,128840
2026-06-30T13:01:23.309283,2026-06-30T03:01:24.249793+00:00,71.9,20,bid,,,128847
2026-06-30T13:01:23.711853,2026-06-30T03:01:24.653929+00:00,71.9,20,bid,,,128848
2026-06-30T13:01:24.282688,2026-06-30T03:01:25.228326+00:00,71.8,200,ask,,,128852
2026-06-30T13:01:24.282688,2026-06-30T03:01:25.228326+00:00,71.8,425,ask,,,128853
2026-06-30T13:01:25.592206,2026-06-30T03:01:26.537658+00:00,71.9,200,bid,,,128874
2026-06-30T13:01:25.614464,2026-06-30T03:01:26.558774+00:00,71.9,27,ask,,,128876
2026-06-30T13:01:26.903979,2026-06-30T03:01:27.846203+00:00,72.0,200,bid,,,128901
2026-06-30T13:01:29.261048,2026-06-30T03:01:30.207691+00:00,72.1,200,bid,,,128927
2026-06-30T13:01:30.467542,2026-06-30T03:01:31.405209+00:00,72.2,200,bid,,,128939
2026-06-30T13:01:30.834949,2026-06-30T03:01:31.777319+00:00,72.2,500,bid,,,128941
2026-06-30T13:01:30.842545,2026-06-30T03:01:31.787949+00:00,72.2,23,ask,,,128942
2026-06-30T13:01:31.033777,2026-06-30T03:01:31.984265+00:00,72.2,102,ask,,,128947
2026-06-30T13:01:34.681897,2026-06-30T03:01:35.652272+00:00,72.0,200,bid,,,129001
2026-06-30T13:01:34.764367,2026-06-30T03:01:35.728277+00:00,72.0,300,ask,,,129003
2026-06-30T13:01:34.764367,2026-06-30T03:01:35.728277+00:00,71.9,200,ask,,,129004
2026-06-30T13:01:35.048612,2026-06-30T03:01:35.988639+00:00,71.8,20,ask,,,129007
2026-06-30T13:01:35.278200,2026-06-30T03:01:36.217691+00:00,71.9,125,bid,,,129009
2026-06-30T13:01:36.071876,2026-06-30T03:01:37.009675+00:00,72.1,200,bid,,,129021
2026-06-30T13:01:37.384603,2026-06-30T03:01:38.327410+00:00,72.2,200,ask,,,129037
2026-06-30T13:01:37.384603,2026-06-30T03:01:38.327410+00:00,71.9,425,ask,,,129038
2026-06-30T13:01:38.691614,2026-06-30T03:01:39.674065+00:00,72.1,200,ask,,,129049
2026-06-30T13:01:38.724354,2026-06-30T03:01:39.707237+00:00,72.0,200,bid,,,129050
2026-06-30T13:01:38.925140,2026-06-30T03:01:39.869674+00:00,72.0,225,bid,,,129052
2026-06-30T13:01:39.997900,2026-06-30T03:01:40.964256+00:00,72.2,200,bid,,,129070
2026-06-30T13:01:42.601866,2026-06-30T03:01:43.553026+00:00,72.4,200,bid,,,129100
2026-06-30T13:01:42.624108,2026-06-30T03:01:43.564089+00:00,72.4,300,bid,,,129103
2026-06-30T13:01:42.642540,2026-06-30T03:01:43.586214+00:00,72.4,25,ask,,,129105
2026-06-30T13:01:42.670722,2026-06-30T03:01:43.617959+00:00,72.4,25,ask,,,129107
2026-06-30T13:01:46.222415,2026-06-30T03:01:47.167823+00:00,72.4,200,bid,,,129167
2026-06-30T13:01:46.639602,2026-06-30T03:01:47.579811+00:00,72.3,25,bid,,,129173
2026-06-30T13:01:46.847833,2026-06-30T03:01:47.787023+00:00,72.3,25,bid,,,129176
2026-06-30T13:01:47.055865,2026-06-30T03:01:47.992129+00:00,72.3,25,bid,,,129180
2026-06-30T13:01:47.263968,2026-06-30T03:01:48.208578+00:00,72.3,25,bid,,,129185
2026-06-30T13:01:47.430205,2026-06-30T03:01:48.372163+00:00,72.3,200,bid,,,129188
2026-06-30T13:01:47.472419,2026-06-30T03:01:48.416404+00:00,72.3,25,bid,,,129191
2026-06-30T13:01:47.681611,2026-06-30T03:01:48.622861+00:00,72.3,25,bid,,,129198
2026-06-30T13:01:48.168584,2026-06-30T03:01:49.113239+00:00,72.3,20,ask,,,129204
2026-06-30T13:01:48.292057,2026-06-30T03:01:49.233085+00:00,72.3,25,ask,,,129210
2026-06-30T13:01:49.172737,2026-06-30T03:01:50.113211+00:00,72.4,200,bid,,,129215
2026-06-30T13:01:49.177210,2026-06-30T03:01:50.124274+00:00,72.4,50,ask,,,129216
2026-06-30T13:01:49.288561,2026-06-30T03:01:50.233036+00:00,72.4,25,ask,,,129217
2026-06-30T13:01:49.805661,2026-06-30T03:01:50.744125+00:00,72.4,350,ask,,,129224
2026-06-30T13:01:49.846227,2026-06-30T03:01:50.787956+00:00,72.4,150,bid,,,129226
2026-06-30T13:01:50.483490,2026-06-30T03:01:51.420819+00:00,72.4,50,ask,,,129236
2026-06-30T13:01:51.058010,2026-06-30T03:01:51.998286+00:00,72.3,200,bid,,,129244
2026-06-30T13:01:53.475851,2026-06-30T03:01:54.420135+00:00,72.4,200,bid,,,129273
2026-06-30T13:01:54.685710,2026-06-30T03:01:55.630070+00:00,72.5,200,bid,,,129289
2026-06-30T13:01:57.106265,2026-06-30T03:01:58.044970+00:00,72.5,200,bid,,,129325
2026-06-30T13:01:57.692016,2026-06-30T03:01:58.634044+00:00,72.4,500,ask,,,129331
2026-06-30T13:01:58.315327,2026-06-30T03:01:59.263275+00:00,72.5,200,bid,,,129340
2026-06-30T13:01:58.518661,2026-06-30T03:01:59.480746+00:00,72.3,25,bid,,,129345
2026-06-30T13:01:58.728077,2026-06-30T03:01:59.665451+00:00,72.3,25,bid,,,129348
2026-06-30T13:01:59.522697,2026-06-30T03:02:00.467620+00:00,72.3,200,bid,,,129354
2026-06-30T13:02:00.932344,2026-06-30T03:02:01.873186+00:00,72.3,75,ask,,,129374
2026-06-30T13:02:00.936103,2026-06-30T03:02:01.873186+00:00,72.3,25,ask,,,129375
2026-06-30T13:02:01.143796,2026-06-30T03:02:02.090132+00:00,72.3,25,ask,,,129380
2026-06-30T13:02:01.352165,2026-06-30T03:02:02.297542+00:00,72.3,25,ask,,,129387
2026-06-30T13:02:02.552552,2026-06-30T03:02:03.501738+00:00,72.3,200,ask,,,129407
2026-06-30T13:02:06.161750,2026-06-30T03:02:07.108228+00:00,72.1,200,bid,,,129451
2026-06-30T13:02:06.369252,2026-06-30T03:02:07.307160+00:00,72.2,25,ask,,,129458
2026-06-30T13:02:06.579221,2026-06-30T03:02:07.524264+00:00,72.2,25,ask,,,129463
2026-06-30T13:02:06.787807,2026-06-30T03:02:07.731101+00:00,72.2,25,ask,,,129466
2026-06-30T13:02:06.800655,2026-06-30T03:02:07.742172+00:00,72.4,200,bid,,,129469
2026-06-30T13:02:07.742962,2026-06-30T03:02:08.697822+00:00,72.4,20,bid,,,129482
2026-06-30T13:02:10.458310,2026-06-30T03:02:11.402859+00:00,72.3,200,ask,,,129510
2026-06-30T13:02:10.959819,2026-06-30T03:02:11.902795+00:00,72.5,20,bid,,,129512
2026-06-30T13:02:11.663980,2026-06-30T03:02:12.611071+00:00,72.3,200,bid,,,129522
2026-06-30T13:02:11.733306,2026-06-30T03:02:12.677420+00:00,72.2,20,ask,,,129525
2026-06-30T13:02:12.825329,2026-06-30T03:02:13.767170+00:00,72.3,500,ask,,,129526
2026-06-30T13:02:13.421073,2026-06-30T03:02:14.364223+00:00,72.3,125,ask,,,129534
2026-06-30T13:02:13.900163,2026-06-30T03:02:14.842840+00:00,72.2,20,ask,,,129538
2026-06-30T13:02:14.055500,2026-06-30T03:02:14.995354+00:00,72.2,180,ask,,,129540
2026-06-30T13:02:16.677742,2026-06-30T03:02:17.624405+00:00,72.2,200,bid,,,129574
2026-06-30T13:02:16.677742,2026-06-30T03:02:17.624405+00:00,72.3,425,bid,,,129575
2026-06-30T13:02:19.295423,2026-06-30T03:02:20.240889+00:00,72.1,200,ask,,,129604
2026-06-30T13:02:20.145692,2026-06-30T03:02:21.088758+00:00,72.1,200,bid,,,129611
2026-06-30T13:02:20.603205,2026-06-30T03:02:21.557152+00:00,72.2,500,bid,,,129619
2026-06-30T13:02:20.723397,2026-06-30T03:02:21.666415+00:00,72.2,125,ask,,,129623
2026-06-30T13:02:21.936212,2026-06-30T03:02:22.878774+00:00,72.0,200,ask,,,129640
2026-06-30T13:02:22.161241,2026-06-30T03:02:23.106266+00:00,71.9,20,ask,,,129643
2026-06-30T13:02:26.232035,2026-06-30T03:02:27.190029+00:00,72.1,25,ask,,,129690
2026-06-30T13:02:27.169291,2026-06-30T03:02:28.110679+00:00,72.1,175,ask,,,129695
2026-06-30T13:02:28.477106,2026-06-30T03:02:29.416484+00:00,72.1,200,bid,,,129709
2026-06-30T13:02:28.477106,2026-06-30T03:02:29.416484+00:00,72.2,425,bid,,,129710
2026-06-30T13:02:32.262173,2026-06-30T03:02:33.209912+00:00,72.1,200,bid,,,129780
2026-06-30T13:02:32.655775,2026-06-30T03:02:33.600075+00:00,72.0,25,bid,,,129788
2026-06-30T13:02:32.735432,2026-06-30T03:02:33.677532+00:00,71.9,20,ask,,,129789
2026-06-30T13:02:32.863883,2026-06-30T03:02:33.807444+00:00,72.0,25,bid,,,129792
2026-06-30T13:02:33.469417,2026-06-30T03:02:34.415064+00:00,72.0,200,bid,,,129803
2026-06-30T13:02:35.029020,2026-06-30T03:02:35.977432+00:00,72.1,200,bid,,,129824
2026-06-30T13:02:38.973542,2026-06-30T03:02:39.941192+00:00,72.1,200,ask,,,129882
2026-06-30T13:02:40.286958,2026-06-30T03:02:41.234346+00:00,72.0,200,ask,,,129901
2026-06-30T13:02:40.729563,2026-06-30T03:02:41.677438+00:00,72.0,200,bid,,,129906
2026-06-30T13:02:41.599376,2026-06-30T03:02:42.543287+00:00,72.1,200,bid,,,129912
2026-06-30T13:02:41.853083,2026-06-30T03:02:42.794976+00:00,72.2,20,ask,,,129914
2026-06-30T13:02:44.555714,2026-06-30T03:02:45.495429+00:00,72.2,20,ask,,,129938
2026-06-30T13:02:45.581815,2026-06-30T03:02:46.526025+00:00,72.2,200,bid,,,129951
2026-06-30T13:02:46.795061,2026-06-30T03:02:47.735323+00:00,72.2,200,bid,,,129965
2026-06-30T13:02:48.202850,2026-06-30T03:02:49.148003+00:00,72.1,500,ask,,,129983
2026-06-30T13:02:48.202850,2026-06-30T03:02:49.148003+00:00,72.1,125,ask,,,129984
2026-06-30T13:02:49.227347,2026-06-30T03:02:50.169095+00:00,72.1,200,ask,,,130005
2026-06-30T13:02:50.440067,2026-06-30T03:02:51.417431+00:00,72.3,200,ask,,,130029
2026-06-30T13:02:51.303644,2026-06-30T03:02:52.246162+00:00,72.4,25,bid,,,130043
2026-06-30T13:02:51.512819,2026-06-30T03:02:52.472286+00:00,72.4,25,bid,,,130045
2026-06-30T13:02:51.648468,2026-06-30T03:02:52.604039+00:00,72.2,200,ask,,,130049
2026-06-30T13:02:51.730267,2026-06-30T03:02:52.680002+00:00,72.4,25,bid,,,130054
2026-06-30T13:02:52.149367,2026-06-30T03:02:53.093243+00:00,72.3,25,bid,,,130066
2026-06-30T13:02:52.361667,2026-06-30T03:02:53.300680+00:00,72.3,25,bid,,,130071
2026-06-30T13:02:52.573971,2026-06-30T03:02:53.518164+00:00,72.3,25,bid,,,130077
2026-06-30T13:02:52.856379,2026-06-30T03:02:53.800145+00:00,72.2,200,ask,,,130086
2026-06-30T13:02:53.125633,2026-06-30T03:02:54.072015+00:00,72.3,20,bid,,,130092
2026-06-30T13:02:53.454508,2026-06-30T03:02:54.398771+00:00,72.2,60,bid,,,130096
2026-06-30T13:02:53.994111,2026-06-30T03:02:54.931886+00:00,72.2,500,bid,,,130101
2026-06-30T13:02:54.060650,2026-06-30T03:02:54.997326+00:00,72.2,65,bid,,,130103
2026-06-30T13:02:54.739692,2026-06-30T03:02:55.690845+00:00,72.4,200,bid,,,130107
2026-06-30T13:02:55.268816,2026-06-30T03:02:56.211067+00:00,72.5,200,ask,,,130118
2026-06-30T13:02:56.474542,2026-06-30T03:02:57.420762+00:00,72.4,200,ask,,,130134
2026-06-30T13:02:57.681951,2026-06-30T03:02:58.628269+00:00,72.3,200,ask,,,130148
2026-06-30T13:02:57.779924,2026-06-30T03:02:58.727363+00:00,72.4,20,bid,,,130151
2026-06-30T13:02:59.972417,2026-06-30T03:03:00.914969+00:00,72.2,200,ask,,,130169
2026-06-30T13:02:59.996348,2026-06-30T03:03:00.937094+00:00,72.2,140,bid,,,130172
2026-06-30T13:03:01.278641,2026-06-30T03:03:02.218919+00:00,72.2,200,bid,,,130182
2026-06-30T13:03:02.510195,2026-06-30T03:03:03.449757+00:00,72.3,200,ask,,,130201
2026-06-30T13:03:05.200971,2026-06-30T03:03:06.139881+00:00,72.4,200,bid,,,130227
2026-06-30T13:03:05.436846,2026-06-30T03:03:06.377469+00:00,72.5,20,ask,,,130230
2026-06-30T13:03:06.126024,2026-06-30T03:03:07.063275+00:00,72.5,200,ask,,,130238
2026-06-30T13:03:07.329923,2026-06-30T03:03:08.267672+00:00,72.4,200,bid,,,130260
2026-06-30T13:03:09.157485,2026-06-30T03:03:10.102892+00:00,72.3,200,ask,,,130280
2026-06-30T13:03:14.217121,2026-06-30T03:03:15.154018+00:00,72.5,20,bid,,,130330
2026-06-30T13:03:17.026305,2026-06-30T03:03:17.970181+00:00,72.3,200,ask,,,130369
2026-06-30T13:03:18.247216,2026-06-30T03:03:19.189081+00:00,72.3,200,bid,,,130381
2026-06-30T13:03:19.643342,2026-06-30T03:03:20.588586+00:00,72.3,200,bid,,,130392
2026-06-30T13:03:23.566275,2026-06-30T03:03:24.512094+00:00,72.3,200,ask,,,130438
2026-06-30T13:03:23.660046,2026-06-30T03:03:24.598753+00:00,72.3,20,bid,,,130441
2026-06-30T13:03:24.873566,2026-06-30T03:03:25.817529+00:00,72.2,200,ask,,,130456
2026-06-30T13:03:24.873566,2026-06-30T03:03:25.817529+00:00,72.2,425,ask,,,130457
2026-06-30T13:03:26.180216,2026-06-30T03:03:27.127354+00:00,72.2,200,bid,,,130473
2026-06-30T13:03:26.706214,2026-06-30T03:03:27.647898+00:00,72.3,200,ask,,,130483
2026-06-30T13:03:28.796978,2026-06-30T03:03:29.747233+00:00,72.4,200,bid,,,130513
2026-06-30T13:03:29.588398,2026-06-30T03:03:30.536089+00:00,72.4,20,ask,,,130521
2026-06-30T13:03:30.352829,2026-06-30T03:03:31.297272+00:00,72.5,200,bid,,,130528
2026-06-30T13:03:31.562062,2026-06-30T03:03:32.503323+00:00,72.5,200,bid,,,130545
2026-06-30T13:03:32.740215,2026-06-30T03:03:33.678501+00:00,72.5,500,bid,,,130556
2026-06-30T13:03:33.350402,2026-06-30T03:03:34.297321+00:00,72.6,200,ask,,,130567
2026-06-30T13:03:33.350402,2026-06-30T03:03:34.297321+00:00,72.5,125,ask,,,130568
2026-06-30T13:03:34.984073,2026-06-30T03:03:35.928629+00:00,72.5,20,bid,,,130591
2026-06-30T13:03:35.164676,2026-06-30T03:03:36.113409+00:00,72.4,200,ask,,,130593
2026-06-30T13:03:35.200697,2026-06-30T03:03:36.146601+00:00,72.3,200,ask,,,130595
2026-06-30T13:03:37.617281,2026-06-30T03:03:38.564148+00:00,72.1,200,ask,,,130627
2026-06-30T13:03:39.301011,2026-06-30T03:03:40.248382+00:00,72.1,200,ask,,,130643
2026-06-30T13:03:40.033243,2026-06-30T03:03:40.975516+00:00,72.0,200,ask,,,130653
2026-06-30T13:03:43.257293,2026-06-30T03:03:44.201155+00:00,72.1,200,bid,,,130694
2026-06-30T13:03:43.671079,2026-06-30T03:03:44.615417+00:00,72.2,200,bid,,,130700
2026-06-30T13:03:45.882598,2026-06-30T03:03:46.824179+00:00,72.0,200,ask,,,130729
2026-06-30T13:03:46.084880,2026-06-30T03:03:47.029102+00:00,72.0,200,bid,,,130732
2026-06-30T13:03:47.189202,2026-06-30T03:03:48.128189+00:00,72.1,500,bid,,,130744
2026-06-30T13:03:47.298424,2026-06-30T03:03:48.248535+00:00,72.1,125,ask,,,130748
2026-06-30T13:03:48.498074,2026-06-30T03:03:49.438300+00:00,71.9,200,ask,,,130764
2026-06-30T13:03:48.498074,2026-06-30T03:03:49.438300+00:00,71.8,425,ask,,,130765
2026-06-30T13:03:48.511050,2026-06-30T03:03:49.448911+00:00,72.2,200,bid,,,130768
2026-06-30T13:03:54.586926,2026-06-30T03:03:55.574259+00:00,71.9,200,bid,,,130816
2026-06-30T13:03:55.054844,2026-06-30T03:03:55.998162+00:00,71.9,150,ask,,,130824
2026-06-30T13:03:55.785748,2026-06-30T03:03:56.728667+00:00,71.9,20,ask,,,130832
2026-06-30T13:03:57.002030,2026-06-30T03:03:57.945373+00:00,72.0,200,bid,,,130844
2026-06-30T13:03:58.967939,2026-06-30T03:03:59.910833+00:00,72.1,500,bid,,,130869
2026-06-30T13:04:00.280726,2026-06-30T03:04:01.227049+00:00,72.0,200,ask,,,130888
2026-06-30T13:04:01.276596,2026-06-30T03:04:02.217194+00:00,71.8,20,ask,,,130906
2026-06-30T13:04:01.588892,2026-06-30T03:04:02.532900+00:00,72.0,200,bid,,,130910
2026-06-30T13:04:01.588892,2026-06-30T03:04:02.532900+00:00,72.1,425,bid,,,130911
2026-06-30T13:04:01.826379,2026-06-30T03:04:02.772015+00:00,72.1,200,bid,,,130920
2026-06-30T13:04:05.515864,2026-06-30T03:04:06.457416+00:00,71.9,200,bid,,,130963
2026-06-30T13:04:06.683711,2026-06-30T03:04:07.620775+00:00,71.9,200,ask,,,130978
2026-06-30T13:04:06.815692,2026-06-30T03:04:07.761997+00:00,71.9,20,ask,,,130980
2026-06-30T13:04:08.145046,2026-06-30T03:04:09.090706+00:00,71.8,200,ask,,,130994
2026-06-30T13:04:08.457017,2026-06-30T03:04:09.405254+00:00,71.8,425,bid,,,130996
2026-06-30T13:04:09.099123,2026-06-30T03:04:10.045028+00:00,71.8,200,ask,,,131006
2026-06-30T13:04:10.324693,2026-06-30T03:04:11.273119+00:00,71.9,200,ask,,,131018
2026-06-30T13:04:11.536829,2026-06-30T03:04:12.477451+00:00,71.9,200,ask,,,131036
2026-06-30T13:04:13.951121,2026-06-30T03:04:14.892175+00:00,71.8,200,ask,,,131070
2026-06-30T13:04:16.374388,2026-06-30T03:04:17.322141+00:00,71.9,200,ask,,,131104
2026-06-30T13:04:17.081877,2026-06-30T03:04:18.028969+00:00,71.9,20,ask,,,131111
2026-06-30T13:04:19.963569,2026-06-30T03:04:20.907331+00:00,71.7,200,ask,,,131137
2026-06-30T13:04:19.999216,2026-06-30T03:04:20.939054+00:00,71.7,200,bid,,,131141
2026-06-30T13:04:21.270360,2026-06-30T03:04:22.212006+00:00,71.7,200,bid,,,131158
2026-06-30T13:04:23.390705,2026-06-30T03:04:24.333888+00:00,71.6,25,ask,,,131188
2026-06-30T13:04:23.619367,2026-06-30T03:04:24.561795+00:00,71.6,25,ask,,,131197
2026-06-30T13:04:23.884710,2026-06-30T03:04:24.823084+00:00,71.6,500,ask,,,131200
2026-06-30T13:04:23.884710,2026-06-30T03:04:24.823084+00:00,71.6,125,ask,,,131201
2026-06-30T13:04:25.191666,2026-06-30T03:04:26.137295+00:00,71.7,200,bid,,,131220
2026-06-30T13:04:26.500352,2026-06-30T03:04:27.441192+00:00,71.9,200,bid,,,131231
2026-06-30T13:04:26.634050,2026-06-30T03:04:27.584148+00:00,71.9,25,ask,,,131233
2026-06-30T13:04:26.841350,2026-06-30T03:04:27.779028+00:00,71.9,25,ask,,,131236
2026-06-30T13:04:27.050858,2026-06-30T03:04:27.997258+00:00,71.9,25,ask,,,131240
2026-06-30T13:04:27.256504,2026-06-30T03:04:28.204109+00:00,71.9,25,ask,,,131243
2026-06-30T13:04:27.263628,2026-06-30T03:04:28.204109+00:00,71.9,200,ask,,,131245
2026-06-30T13:04:27.470287,2026-06-30T03:04:28.409591+00:00,71.9,25,ask,,,131249
2026-06-30T13:04:27.681117,2026-06-30T03:04:28.627559+00:00,71.9,25,ask,,,131254
2026-06-30T13:04:27.810424,2026-06-30T03:04:28.757999+00:00,71.7,200,ask,,,131256
2026-06-30T13:04:28.452146,2026-06-30T03:04:29.398291+00:00,71.7,425,bid,,,131259
2026-06-30T13:04:29.726352,2026-06-30T03:04:30.670695+00:00,71.8,20,ask,,,131278
2026-06-30T13:04:33.039032,2026-06-30T03:04:33.977731+00:00,71.8,200,bid,,,131315
2026-06-30T13:04:34.350828,2026-06-30T03:04:35.294408+00:00,71.7,200,ask,,,131338
2026-06-30T13:04:34.350828,2026-06-30T03:04:35.294408+00:00,71.6,425,ask,,,131339
2026-06-30T13:04:36.128612,2026-06-30T03:04:37.069969+00:00,71.8,20,ask,,,131364
2026-06-30T13:04:38.154443,2026-06-30T03:04:39.098074+00:00,71.9,200,ask,,,131389
2026-06-30T13:04:39.362556,2026-06-30T03:04:40.318040+00:00,71.9,200,bid,,,131404
2026-06-30T13:04:40.578139,2026-06-30T03:04:41.526252+00:00,71.8,200,bid,,,131424
2026-06-30T13:04:43.609279,2026-06-30T03:04:44.553903+00:00,71.8,20,ask,,,131466
2026-06-30T13:04:45.526178,2026-06-30T03:04:46.467236+00:00,71.8,25,bid,,,131492
2026-06-30T13:04:45.735261,2026-06-30T03:04:46.673139+00:00,71.8,25,bid,,,131495
2026-06-30T13:04:45.945647,2026-06-30T03:04:46.889087+00:00,71.8,25,bid,,,131499
2026-06-30T13:04:45.949914,2026-06-30T03:04:46.889087+00:00,71.7,2,ask,,,131500
2026-06-30T13:04:46.155025,2026-06-30T03:04:47.097480+00:00,71.7,2,ask,,,131504
2026-06-30T13:04:46.359488,2026-06-30T03:04:47.304423+00:00,71.7,2,ask,,,131506
2026-06-30T13:04:46.565135,2026-06-30T03:04:47.509835+00:00,71.7,2,ask,,,131510
2026-06-30T13:04:46.769229,2026-06-30T03:04:47.717251+00:00,71.7,2,ask,,,131519
2026-06-30T13:04:46.974521,2026-06-30T03:04:47.912974+00:00,71.7,2,ask,,,131524
2026-06-30T13:04:47.179437,2026-06-30T03:04:48.120095+00:00,71.7,2,ask,,,131525
2026-06-30T13:04:47.385894,2026-06-30T03:04:48.327242+00:00,71.7,2,ask,,,131528
2026-06-30T13:04:47.590365,2026-06-30T03:04:48.534117+00:00,71.6,2,ask,,,131530
2026-06-30T13:04:47.794827,2026-06-30T03:04:48.742066+00:00,71.6,2,ask,,,131535
2026-06-30T13:04:47.999869,2026-06-30T03:04:48.938402+00:00,71.6,1,ask,,,131539
2026-06-30T13:04:49.049903,2026-06-30T03:04:49.996408+00:00,71.7,200,bid,,,131551
2026-06-30T13:04:50.746617,2026-06-30T03:04:51.689659+00:00,71.8,20,bid,,,131565
2026-06-30T13:04:51.414419,2026-06-30T03:04:52.353270+00:00,71.8,25,bid,,,131575
2026-06-30T13:04:51.477216,2026-06-30T03:04:52.418233+00:00,71.8,200,bid,,,131578
2026-06-30T13:04:51.623175,2026-06-30T03:04:52.570778+00:00,71.8,25,bid,,,131584
2026-06-30T13:04:51.831546,2026-06-30T03:04:52.777632+00:00,71.8,25,bid,,,131587
2026-06-30T13:04:52.039548,2026-06-30T03:04:52.982978+00:00,71.8,25,bid,,,131589
2026-06-30T13:04:53.900129,2026-06-30T03:04:54.853283+00:00,72.0,200,bid,,,131616
2026-06-30T13:04:53.979433,2026-06-30T03:04:54.918207+00:00,72.0,300,bid,,,131618
2026-06-30T13:04:54.470388,2026-06-30T03:04:55.408040+00:00,72.1,325,ask,,,131620
2026-06-30T13:04:55.252863,2026-06-30T03:04:56.190020+00:00,71.9,25,bid,,,131634
2026-06-30T13:04:55.461914,2026-06-30T03:04:56.408030+00:00,71.9,21,bid,,,131637
2026-06-30T13:04:57.011926,2026-06-30T03:04:57.951016+00:00,71.9,20,bid,,,131654
2026-06-30T13:04:57.977700,2026-06-30T03:04:58.918027+00:00,71.9,50,bid,,,131674
2026-06-30T13:04:58.741436,2026-06-30T03:04:59.687333+00:00,71.9,200,bid,,,131683
2026-06-30T13:04:59.296445,2026-06-30T03:05:00.243053+00:00,71.9,20,bid,,,131689
2026-06-30T13:05:01.847507,2026-06-30T03:05:02.785202+00:00,71.8,200,ask,,,131722
2026-06-30T13:05:02.380824,2026-06-30T03:05:03.327815+00:00,71.8,200,bid,,,131727
2026-06-30T13:05:03.154986,2026-06-30T03:05:04.097998+00:00,71.9,200,bid,,,131740
2026-06-30T13:05:03.280385,2026-06-30T03:05:04.227362+00:00,71.9,25,ask,,,131742
2026-06-30T13:05:03.490336,2026-06-30T03:05:04.433258+00:00,71.9,25,ask,,,131746
2026-06-30T13:05:03.699636,2026-06-30T03:05:04.638240+00:00,71.9,25,ask,,,131749
2026-06-30T13:05:03.706819,2026-06-30T03:05:04.648818+00:00,72.0,2,bid,,,131751
2026-06-30T13:05:03.910814,2026-06-30T03:05:04.855164+00:00,72.0,2,bid,,,131754
2026-06-30T13:05:04.114789,2026-06-30T03:05:05.059620+00:00,72.0,2,bid,,,131757
2026-06-30T13:05:04.320347,2026-06-30T03:05:05.267486+00:00,72.0,2,bid,,,131759
2026-06-30T13:05:04.525142,2026-06-30T03:05:05.472251+00:00,72.0,2,bid,,,131762
2026-06-30T13:05:04.729846,2026-06-30T03:05:05.667422+00:00,72.0,2,bid,,,131765
2026-06-30T13:05:04.934561,2026-06-30T03:05:05.874389+00:00,72.0,2,bid,,,131771
2026-06-30T13:05:05.139047,2026-06-30T03:05:06.079378+00:00,72.0,1,bid,,,131773
2026-06-30T13:05:05.774728,2026-06-30T03:05:06.733201+00:00,72.0,200,bid,,,131780
2026-06-30T13:05:05.774728,2026-06-30T03:05:06.733201+00:00,72.0,425,bid,,,131781
2026-06-30T13:05:07.125459,2026-06-30T03:05:08.068746+00:00,72.0,20,bid,,,131792
2026-06-30T13:05:08.399450,2026-06-30T03:05:09.339080+00:00,71.8,200,ask,,,131810
2026-06-30T13:05:08.432194,2026-06-30T03:05:09.372391+00:00,71.8,200,bid,,,131815
2026-06-30T13:05:09.638552,2026-06-30T03:05:10.597371+00:00,71.8,200,bid,,,131831
2026-06-30T13:05:09.710244,2026-06-30T03:05:10.673885+00:00,71.9,500,bid,,,131835
2026-06-30T13:05:09.710244,2026-06-30T03:05:10.673885+00:00,71.9,125,bid,,,131836
2026-06-30T13:05:10.844964,2026-06-30T03:05:11.789618+00:00,71.9,200,bid,,,131852
2026-06-30T13:05:11.017770,2026-06-30T03:05:11.963274+00:00,71.9,300,bid,,,131853
2026-06-30T13:05:11.153681,2026-06-30T03:05:12.127302+00:00,71.9,25,ask,,,131855
2026-06-30T13:05:11.361073,2026-06-30T03:05:12.311194+00:00,71.9,25,ask,,,131858
2026-06-30T13:05:11.419153,2026-06-30T03:05:12.366500+00:00,71.9,275,ask,,,131861
2026-06-30T13:05:12.169377,2026-06-30T03:05:13.107575+00:00,71.9,25,ask,,,131876
2026-06-30T13:05:12.324289,2026-06-30T03:05:13.269743+00:00,71.9,175,ask,,,131879
2026-06-30T13:05:13.042190,2026-06-30T03:05:13.988208+00:00,71.8,20,bid,,,131890
2026-06-30T13:05:13.267548,2026-06-30T03:05:14.206110+00:00,71.8,200,bid,,,131899
2026-06-30T13:05:13.804796,2026-06-30T03:05:14.748899+00:00,72.1,50,bid,,,131905
2026-06-30T13:05:14.437840,2026-06-30T03:05:15.378659+00:00,72.0,500,ask,,,131917
2026-06-30T13:05:14.477027,2026-06-30T03:05:15.422929+00:00,72.0,125,ask,,,131921
2026-06-30T13:05:17.551820,2026-06-30T03:05:18.495118+00:00,72.0,200,bid,,,131952
2026-06-30T13:05:18.115796,2026-06-30T03:05:19.061062+00:00,72.0,200,ask,,,131961
2026-06-30T13:05:20.489168,2026-06-30T03:05:21.435248+00:00,72.0,500,ask,,,132003
2026-06-30T13:05:21.087605,2026-06-30T03:05:22.031092+00:00,72.0,125,ask,,,132011
2026-06-30T13:05:21.473545,2026-06-30T03:05:22.444322+00:00,71.9,200,ask,,,132017
2026-06-30T13:05:23.196546,2026-06-30T03:05:24.139695+00:00,71.7,25,ask,,,132049
2026-06-30T13:05:23.403631,2026-06-30T03:05:24.347570+00:00,71.7,25,ask,,,132054
2026-06-30T13:05:23.613391,2026-06-30T03:05:24.555450+00:00,71.7,15,ask,,,132057
2026-06-30T13:05:25.378792,2026-06-30T03:05:26.326540+00:00,71.9,200,bid,,,132089
2026-06-30T13:05:26.587763,2026-06-30T03:05:27.527609+00:00,71.8,200,ask,,,132105
2026-06-30T13:05:27.794828,2026-06-30T03:05:28.740726+00:00,71.8,200,ask,,,132117
2026-06-30T13:05:29.005882,2026-06-30T03:05:29.959057+00:00,71.8,200,ask,,,132138
2026-06-30T13:05:33.238617,2026-06-30T03:05:34.181188+00:00,71.7,200,ask,,,132182
2026-06-30T13:05:34.319844,2026-06-30T03:05:35.257617+00:00,71.6,20,ask,,,132195
2026-06-30T13:05:35.253225,2026-06-30T03:05:36.192137+00:00,71.6,20,ask,,,132207
2026-06-30T13:05:36.894222,2026-06-30T03:05:37.836556+00:00,71.7,20,bid,,,132229
2026-06-30T13:05:37.160307,2026-06-30T03:05:38.107376+00:00,71.6,500,ask,,,132231
2026-06-30T13:05:37.433951,2026-06-30T03:05:38.378801+00:00,71.6,125,bid,,,132238
2026-06-30T13:05:37.433951,2026-06-30T03:05:38.378801+00:00,71.7,200,bid,,,132239
2026-06-30T13:05:37.498221,2026-06-30T03:05:38.445226+00:00,71.8,150,ask,,,132243
2026-06-30T13:05:38.606004,2026-06-30T03:05:39.551757+00:00,71.9,20,bid,,,132260
2026-06-30T13:05:39.773278,2026-06-30T03:05:40.736173+00:00,71.8,200,bid,,,132275
2026-06-30T13:05:40.945159,2026-06-30T03:05:41.887605+00:00,71.8,20,ask,,,132287
2026-06-30T13:05:41.094269,2026-06-30T03:05:42.040715+00:00,71.8,200,ask,,,132289
2026-06-30T13:05:42.360295,2026-06-30T03:05:43.304400+00:00,71.6,200,ask,,,132305
2026-06-30T13:05:43.705537,2026-06-30T03:05:44.652052+00:00,71.7,200,bid,,,132321
2026-06-30T13:05:45.979191,2026-06-30T03:05:46.925322+00:00,71.7,200,ask,,,132355
2026-06-30T13:05:48.185642,2026-06-30T03:05:49.132218+00:00,71.8,20,bid,,,132382
2026-06-30T13:05:48.508392,2026-06-30T03:05:49.447295+00:00,71.8,150,bid,,,132388
2026-06-30T13:05:48.959408,2026-06-30T03:05:49.904057+00:00,71.7,200,ask,,,132394
2026-06-30T13:05:49.598349,2026-06-30T03:05:50.545456+00:00,71.6,200,ask,,,132399
2026-06-30T13:05:54.197553,2026-06-30T03:05:55.137619+00:00,71.7,200,bid,,,132459
2026-06-30T13:05:54.437184,2026-06-30T03:05:55.377822+00:00,71.7,200,ask,,,132468
2026-06-30T13:05:54.879941,2026-06-30T03:05:55.832855+00:00,71.9,25,bid,,,132477
2026-06-30T13:05:55.088861,2026-06-30T03:05:56.027538+00:00,71.9,25,bid,,,132482
2026-06-30T13:05:55.297089,2026-06-30T03:05:56.244944+00:00,71.9,25,bid,,,132484
2026-06-30T13:05:55.507605,2026-06-30T03:05:56.452826+00:00,71.9,2,bid,,,132486
2026-06-30T13:05:55.659270,2026-06-30T03:05:56.606209+00:00,71.8,50,bid,,,132492
2026-06-30T13:05:55.710099,2026-06-30T03:05:56.648446+00:00,71.8,2,bid,,,132494
2026-06-30T13:05:55.915082,2026-06-30T03:05:56.857042+00:00,71.8,2,bid,,,132498
2026-06-30T13:05:56.120564,2026-06-30T03:05:57.061954+00:00,71.8,2,bid,,,132502
2026-06-30T13:05:56.325699,2026-06-30T03:05:57.267335+00:00,71.8,2,bid,,,132506
2026-06-30T13:05:56.531078,2026-06-30T03:05:57.473218+00:00,71.8,2,bid,,,132507
2026-06-30T13:05:56.736264,2026-06-30T03:05:57.679631+00:00,71.8,2,bid,,,132508
2026-06-30T13:05:56.941060,2026-06-30T03:05:57.887582+00:00,71.9,2,bid,,,132516
2026-06-30T13:05:57.145066,2026-06-30T03:05:58.117103+00:00,71.9,2,bid,,,132518
2026-06-30T13:05:57.349340,2026-06-30T03:05:58.321995+00:00,71.9,2,bid,,,132521
2026-06-30T13:05:57.554201,2026-06-30T03:05:58.497264+00:00,71.9,2,bid,,,132524
2026-06-30T13:05:57.759706,2026-06-30T03:05:58.703210+00:00,71.9,2,bid,,,132526
2026-06-30T13:05:57.964897,2026-06-30T03:05:58.907576+00:00,71.9,1,bid,,,132527
2026-06-30T13:05:58.056712,2026-06-30T03:05:58.995146+00:00,71.9,200,bid,,,132531
2026-06-30T13:06:00.491869,2026-06-30T03:06:01.443049+00:00,71.8,200,ask,,,132567
2026-06-30T13:06:01.703695,2026-06-30T03:06:02.652050+00:00,71.8,200,ask,,,132581
2026-06-30T13:06:02.913311,2026-06-30T03:06:03.860152+00:00,71.8,200,ask,,,132593
2026-06-30T13:06:03.384123,2026-06-30T03:06:04.327681+00:00,71.8,25,bid,,,132596
2026-06-30T13:06:03.388315,2026-06-30T03:06:04.327681+00:00,71.7,2,ask,,,132597
2026-06-30T13:06:03.592540,2026-06-30T03:06:04.534125+00:00,71.7,2,ask,,,132602
2026-06-30T13:06:03.797883,2026-06-30T03:06:04.738527+00:00,71.7,2,ask,,,132603
2026-06-30T13:06:04.003240,2026-06-30T03:06:04.945349+00:00,71.7,2,ask,,,132605
2026-06-30T13:06:04.120212,2026-06-30T03:06:05.066369+00:00,71.7,200,ask,,,132610
2026-06-30T13:06:04.209454,2026-06-30T03:06:05.152979+00:00,71.7,2,ask,,,132613
2026-06-30T13:06:04.413766,2026-06-30T03:06:05.360254+00:00,71.7,2,ask,,,132616
2026-06-30T13:06:04.618080,2026-06-30T03:06:05.556565+00:00,71.7,2,ask,,,132619
2026-06-30T13:06:04.823503,2026-06-30T03:06:05.764241+00:00,71.7,2,ask,,,132622
2026-06-30T13:06:05.027918,2026-06-30T03:06:05.972063+00:00,71.7,2,ask,,,132626
2026-06-30T13:06:05.233549,2026-06-30T03:06:06.178000+00:00,71.7,2,ask,,,132629
2026-06-30T13:06:05.336369,2026-06-30T03:06:06.277133+00:00,71.7,200,ask,,,132631
2026-06-30T13:06:05.437494,2026-06-30T03:06:06.397466+00:00,71.7,2,ask,,,132636
2026-06-30T13:06:09.898501,2026-06-30T03:06:10.846287+00:00,71.8,500,bid,,,132678
2026-06-30T13:06:09.898501,2026-06-30T03:06:10.846287+00:00,71.9,125,bid,,,132679
2026-06-30T13:06:12.615169,2026-06-30T03:06:13.557522+00:00,71.8,200,bid,,,132706
2026-06-30T13:06:13.825295,2026-06-30T03:06:14.771951+00:00,71.8,200,bid,,,132718
2026-06-30T13:06:13.930752,2026-06-30T03:06:14.870031+00:00,71.7,20,bid,,,132720
2026-06-30T13:06:15.031972,2026-06-30T03:06:15.977622+00:00,71.7,200,bid,,,132734
2026-06-30T13:06:15.138008,2026-06-30T03:06:16.086363+00:00,71.8,500,bid,,,132737
2026-06-30T13:06:16.192083,2026-06-30T03:06:17.138254+00:00,71.8,125,ask,,,132754
2026-06-30T13:06:16.447247,2026-06-30T03:06:17.387674+00:00,71.7,200,ask,,,132757
2026-06-30T13:06:16.465886,2026-06-30T03:06:17.408829+00:00,71.5,25,bid,,,132759
2026-06-30T13:06:16.674944,2026-06-30T03:06:17.628172+00:00,71.5,25,bid,,,132765
2026-06-30T13:06:17.445342,2026-06-30T03:06:18.388762+00:00,71.5,200,bid,,,132773
2026-06-30T13:06:18.656860,2026-06-30T03:06:19.598410+00:00,71.6,200,ask,,,132788
2026-06-30T13:06:20.372617,2026-06-30T03:06:21.313120+00:00,71.7,200,ask,,,132805
2026-06-30T13:06:20.493237,2026-06-30T03:06:21.432906+00:00,71.6,25,bid,,,132812
2026-06-30T13:06:20.703345,2026-06-30T03:06:21.649708+00:00,71.6,22,bid,,,132816
2026-06-30T13:06:22.987035,2026-06-30T03:06:23.927359+00:00,71.6,200,ask,,,132840
2026-06-30T13:06:22.987035,2026-06-30T03:06:23.927359+00:00,71.5,425,ask,,,132841
2026-06-30T13:06:24.923371,2026-06-30T03:06:25.868752+00:00,71.8,20,bid,,,132869
2026-06-30T13:06:25.830910,2026-06-30T03:06:26.770855+00:00,71.6,20,ask,,,132879
2026-06-30T13:06:25.914969,2026-06-30T03:06:26.858483+00:00,71.8,200,bid,,,132881
2026-06-30T13:06:28.327114,2026-06-30T03:06:29.272109+00:00,71.7,200,ask,,,132908
2026-06-30T13:06:29.580155,2026-06-30T03:06:30.518729+00:00,71.6,20,ask,,,132924
2026-06-30T13:06:30.854727,2026-06-30T03:06:31.804324+00:00,71.6,200,ask,,,132936
2026-06-30T13:06:31.971386,2026-06-30T03:06:32.912231+00:00,71.5,200,ask,,,132947
2026-06-30T13:06:33.184141,2026-06-30T03:06:34.130768+00:00,71.4,200,ask,,,132956
2026-06-30T13:06:34.354311,2026-06-30T03:06:35.300960+00:00,71.5,500,bid,,,132971
2026-06-30T13:06:34.394148,2026-06-30T03:06:35.345223+00:00,71.3,200,ask,,,132972
2026-06-30T13:06:34.977103,2026-06-30T03:06:35.920902+00:00,71.4,500,bid,,,132982
2026-06-30T13:06:35.580236,2026-06-30T03:06:36.518512+00:00,71.4,125,bid,,,132991
2026-06-30T13:06:35.615669,2026-06-30T03:06:36.562298+00:00,71.4,200,ask,,,132994
2026-06-30T13:06:36.822488,2026-06-30T03:06:37.767717+00:00,71.6,200,ask,,,133002
2026-06-30T13:06:38.030346,2026-06-30T03:06:38.972148+00:00,71.5,200,ask,,,133017
2026-06-30T13:06:38.359435,2026-06-30T03:06:39.297611+00:00,71.5,20,ask,,,133023
2026-06-30T13:06:38.719249,2026-06-30T03:06:39.657596+00:00,71.4,500,ask,,,133030
2026-06-30T13:06:40.027384,2026-06-30T03:06:40.973865+00:00,71.4,200,bid,,,133043
2026-06-30T13:06:42.643713,2026-06-30T03:06:43.588408+00:00,71.3,200,ask,,,133068
2026-06-30T13:06:42.643713,2026-06-30T03:06:43.588408+00:00,71.3,425,ask,,,133069
2026-06-30T13:06:43.951150,2026-06-30T03:06:44.889773+00:00,71.4,200,bid,,,133087
2026-06-30T13:06:44.084654,2026-06-30T03:06:45.030728+00:00,71.5,200,ask,,,133088
2026-06-30T13:06:45.274819,2026-06-30T03:06:46.212804+00:00,71.4,200,ask,,,133108
2026-06-30T13:06:46.194109,2026-06-30T03:06:47.136550+00:00,71.3,20,ask,,,133124
2026-06-30T13:06:46.466814,2026-06-30T03:06:47.407913+00:00,71.4,425,bid,,,133126
2026-06-30T13:06:46.579938,2026-06-30T03:06:47.527699+00:00,71.5,200,bid,,,133129
2026-06-30T13:06:46.597182,2026-06-30T03:06:47.538276+00:00,71.6,50,ask,,,133131
2026-06-30T13:06:47.723610,2026-06-30T03:06:48.672005+00:00,71.6,200,ask,,,133141
2026-06-30T13:06:47.890597,2026-06-30T03:06:48.835061+00:00,71.5,200,ask,,,133143
2026-06-30T13:06:48.928169,2026-06-30T03:06:49.867336+00:00,71.5,200,bid,,,133158
2026-06-30T13:06:50.138321,2026-06-30T03:06:51.083303+00:00,71.6,200,ask,,,133172
2026-06-30T13:06:52.553247,2026-06-30T03:06:53.496214+00:00,71.6,200,bid,,,133203
2026-06-30T13:06:54.994837,2026-06-30T03:06:55.934166+00:00,71.5,200,bid,,,133234
2026-06-30T13:06:55.289534,2026-06-30T03:06:56.227877+00:00,71.5,20,bid,,,133242
2026-06-30T13:06:56.746007,2026-06-30T03:06:57.685066+00:00,71.5,20,ask,,,133252
2026-06-30T13:06:57.049787,2026-06-30T03:06:57.988641+00:00,71.6,200,bid,,,133257
2026-06-30T13:06:57.172260,2026-06-30T03:06:58.118995+00:00,71.6,25,ask,,,133258
2026-06-30T13:06:57.392162,2026-06-30T03:06:58.337929+00:00,71.6,25,ask,,,133263
2026-06-30T13:06:57.418651,2026-06-30T03:06:58.359078+00:00,71.7,200,bid,,,133265
2026-06-30T13:06:57.601362,2026-06-30T03:06:58.545271+00:00,71.6,25,ask,,,133269
2026-06-30T13:06:58.211660,2026-06-30T03:06:59.155398+00:00,71.6,25,ask,,,133279
2026-06-30T13:06:58.629860,2026-06-30T03:06:59.578311+00:00,71.7,200,bid,,,133285
2026-06-30T13:06:59.830253,2026-06-30T03:07:00.776219+00:00,71.6,25,ask,,,133294
2026-06-30T13:06:59.843729,2026-06-30T03:07:00.787282+00:00,71.7,200,bid,,,133296
2026-06-30T13:07:00.045961,2026-06-30T03:07:00.994202+00:00,71.6,25,ask,,,133301
2026-06-30T13:07:00.253471,2026-06-30T03:07:01.202143+00:00,71.6,25,ask,,,133304
2026-06-30T13:07:00.461160,2026-06-30T03:07:01.399029+00:00,71.6,25,ask,,,133308
2026-06-30T13:07:01.053421,2026-06-30T03:07:01.999611+00:00,71.5,200,bid,,,133316
2026-06-30T13:07:02.286598,2026-06-30T03:07:03.235307+00:00,71.5,200,bid,,,133331
2026-06-30T13:07:03.452202,2026-06-30T03:07:04.397692+00:00,71.7,20,bid,,,133344
2026-06-30T13:07:05.623212,2026-06-30T03:07:06.567772+00:00,71.6,20,ask,,,133365
2026-06-30T13:07:06.209116,2026-06-30T03:07:07.153296+00:00,71.7,500,bid,,,133372
2026-06-30T13:07:06.231990,2026-06-30T03:07:07.175422+00:00,71.7,100,ask,,,133376
2026-06-30T13:07:06.482190,2026-06-30T03:07:07.426123+00:00,71.7,25,ask,,,133380
2026-06-30T13:07:07.520206,2026-06-30T03:07:08.468248+00:00,71.5,200,ask,,,133392
2026-06-30T13:07:08.142319,2026-06-30T03:07:09.088375+00:00,71.5,20,bid,,,133402
2026-06-30T13:07:09.539713,2026-06-30T03:07:10.482578+00:00,71.5,200,ask,,,133413
2026-06-30T13:07:12.753863,2026-06-30T03:07:13.698746+00:00,71.5,200,ask,,,133451
2026-06-30T13:07:13.948164,2026-06-30T03:07:14.886440+00:00,71.4,50,ask,,,133466
2026-06-30T13:07:14.061879,2026-06-30T03:07:15.006263+00:00,71.5,200,bid,,,133467
2026-06-30T13:07:14.089742,2026-06-30T03:07:15.037582+00:00,71.8,20,bid,,,133468
2026-06-30T13:07:14.395617,2026-06-30T03:07:15.341123+00:00,71.7,200,ask,,,133476
2026-06-30T13:07:16.485117,2026-06-30T03:07:17.434260+00:00,71.8,20,bid,,,133498
2026-06-30T13:07:17.105781,2026-06-30T03:07:18.045459+00:00,71.7,20,ask,,,133508
2026-06-30T13:07:17.394815,2026-06-30T03:07:18.338522+00:00,71.7,500,ask,,,133509
2026-06-30T13:07:18.009595,2026-06-30T03:07:18.948219+00:00,71.7,200,ask,,,133517
2026-06-30T13:07:18.014817,2026-06-30T03:07:18.958797+00:00,71.6,200,bid,,,133518
2026-06-30T13:07:18.102410,2026-06-30T03:07:19.047327+00:00,71.6,20,bid,,,133521
2026-06-30T13:07:19.221522,2026-06-30T03:07:20.167411+00:00,71.6,200,bid,,,133533
2026-06-30T13:07:19.318698,2026-06-30T03:07:20.266142+00:00,71.7,500,bid,,,133534
2026-06-30T13:07:19.802483,2026-06-30T03:07:20.751984+00:00,71.7,125,ask,,,133540
2026-06-30T13:07:20.428695,2026-06-30T03:07:21.381788+00:00,71.8,200,bid,,,133545
2026-06-30T13:07:21.638464,2026-06-30T03:07:22.583300+00:00,71.5,200,bid,,,133562
2026-06-30T13:07:21.984013,2026-06-30T03:07:22.932177+00:00,71.8,20,bid,,,133574
2026-06-30T13:07:22.849421,2026-06-30T03:07:23.793951+00:00,71.6,200,ask,,,133583
2026-06-30T13:07:24.067064,2026-06-30T03:07:25.011965+00:00,71.6,200,ask,,,133593
2026-06-30T13:07:26.490304,2026-06-30T03:07:27.438929+00:00,71.6,200,bid,,,133620
2026-06-30T13:07:27.177482,2026-06-30T03:07:28.122109+00:00,71.8,200,bid,,,133627
2026-06-30T13:07:27.177482,2026-06-30T03:07:28.122109+00:00,71.8,425,bid,,,133628
2026-06-30T13:07:28.486464,2026-06-30T03:07:29.430019+00:00,71.6,200,bid,,,133641
2026-06-30T13:07:29.797169,2026-06-30T03:07:30.742016+00:00,71.6,200,ask,,,133661
2026-06-30T13:07:30.117853,2026-06-30T03:07:31.057573+00:00,71.5,200,bid,,,133663
2026-06-30T13:07:31.106846,2026-06-30T03:07:32.047304+00:00,71.8,500,bid,,,133679
2026-06-30T13:07:31.308788,2026-06-30T03:07:32.254213+00:00,71.8,125,ask,,,133683
2026-06-30T13:07:31.921697,2026-06-30T03:07:32.872973+00:00,71.7,200,ask,,,133688
2026-06-30T13:07:32.540540,2026-06-30T03:07:33.480907+00:00,71.7,200,bid,,,133696
2026-06-30T13:07:36.198146,2026-06-30T03:07:37.139855+00:00,71.5,200,ask,,,133730
2026-06-30T13:07:38.900121,2026-06-30T03:07:39.846004+00:00,71.6,20,bid,,,133761
2026-06-30T13:07:42.258899,2026-06-30T03:07:43.197930+00:00,71.5,200,ask,,,133799
2026-06-30T13:07:47.101317,2026-06-30T03:07:48.046153+00:00,71.6,200,bid,,,133870
2026-06-30T13:07:48.311594,2026-06-30T03:07:49.252097+00:00,71.7,200,ask,,,133887
2026-06-30T13:07:51.942582,2026-06-30T03:07:52.881180+00:00,71.6,200,ask,,,133920
2026-06-30T13:07:52.094731,2026-06-30T03:07:53.034214+00:00,71.5,20,bid,,,133921
2026-06-30T13:07:54.664234,2026-06-30T03:07:55.610909+00:00,71.5,200,bid,,,133955
2026-06-30T13:07:57.280315,2026-06-30T03:07:58.228353+00:00,71.6,200,bid,,,133986
2026-06-30T13:07:59.661469,2026-06-30T03:08:00.608045+00:00,71.6,20,bid,,,134008
2026-06-30T13:08:01.200689,2026-06-30T03:08:02.149101+00:00,71.5,200,bid,,,134030
2026-06-30T13:08:01.658439,2026-06-30T03:08:02.604047+00:00,71.5,200,ask,,,134039
2026-06-30T13:08:01.786644,2026-06-30T03:08:02.733914+00:00,71.6,25,bid,,,134042
2026-06-30T13:08:01.996672,2026-06-30T03:08:02.938934+00:00,71.6,25,bid,,,134051
2026-06-30T13:08:02.506835,2026-06-30T03:08:03.450918+00:00,71.3,20,ask,,,134058
2026-06-30T13:08:03.816317,2026-06-30T03:08:04.757466+00:00,71.4,200,ask,,,134077
2026-06-30T13:08:04.073557,2026-06-30T03:08:05.018278+00:00,71.4,200,bid,,,134083
2026-06-30T13:08:04.171293,2026-06-30T03:08:05.117391+00:00,71.4,20,bid,,,134084
2026-06-30T13:08:04.587251,2026-06-30T03:08:05.528860+00:00,71.2,20,ask,,,134092
2026-06-30T13:08:05.280251,2026-06-30T03:08:06.225447+00:00,71.5,200,bid,,,134097
2026-06-30T13:08:07.674086,2026-06-30T03:08:08.626132+00:00,71.5,200,bid,,,134132
2026-06-30T13:08:09.044695,2026-06-30T03:08:09.992865+00:00,71.7,500,bid,,,134148
2026-06-30T13:08:09.044695,2026-06-30T03:08:09.992865+00:00,71.7,125,bid,,,134149
2026-06-30T13:08:09.828423,2026-06-30T03:08:10.774462+00:00,71.5,20,ask,,,134156
2026-06-30T13:08:10.353852,2026-06-30T03:08:11.297477+00:00,71.5,200,ask,,,134163
2026-06-30T13:08:11.315957,2026-06-30T03:08:12.254110+00:00,71.4,200,bid,,,134179
2026-06-30T13:08:12.547908,2026-06-30T03:08:13.494579+00:00,71.5,200,ask,,,134193
2026-06-30T13:08:13.761130,2026-06-30T03:08:14.701950+00:00,71.5,200,ask,,,134219
2026-06-30T13:08:14.026832,2026-06-30T03:08:14.965950+00:00,71.7,25,bid,,,134222
2026-06-30T13:08:14.235557,2026-06-30T03:08:15.174951+00:00,71.7,25,bid,,,134224
2026-06-30T13:08:14.947790,2026-06-30T03:08:15.889538+00:00,71.5,20,bid,,,134232
2026-06-30T13:08:14.965815,2026-06-30T03:08:15.911538+00:00,71.5,200,bid,,,134234
2026-06-30T13:08:15.581634,2026-06-30T03:08:16.526049+00:00,71.6,200,bid,,,134244
2026-06-30T13:08:16.173748,2026-06-30T03:08:17.121727+00:00,71.6,200,ask,,,134247
2026-06-30T13:08:17.048807,2026-06-30T03:08:17.994046+00:00,71.6,25,bid,,,134264
2026-06-30T13:08:18.085486,2026-06-30T03:08:19.027277+00:00,71.6,20,bid,,,134280
2026-06-30T13:08:18.667756,2026-06-30T03:08:19.613017+00:00,71.5,20,ask,,,134287
2026-06-30T13:08:23.268326,2026-06-30T03:08:24.213863+00:00,71.6,25,bid,,,134336
2026-06-30T13:08:23.476713,2026-06-30T03:08:24.420769+00:00,71.6,25,bid,,,134345
2026-06-30T13:08:23.685053,2026-06-30T03:08:24.627588+00:00,71.6,25,bid,,,134349
2026-06-30T13:08:24.644479,2026-06-30T03:08:25.585433+00:00,71.6,200,bid,,,134367
2026-06-30T13:08:26.057907,2026-06-30T03:08:26.997504+00:00,71.5,500,ask,,,134389
2026-06-30T13:08:26.057907,2026-06-30T03:08:27.008118+00:00,71.5,125,ask,,,134390
2026-06-30T13:08:30.209320,2026-06-30T03:08:31.153150+00:00,71.5,20,ask,,,134444
2026-06-30T13:08:33.134999,2026-06-30T03:08:34.080814+00:00,71.6,200,bid,,,134484
2026-06-30T13:08:35.551890,2026-06-30T03:08:36.490792+00:00,71.5,200,ask,,,134512
2026-06-30T13:08:37.973181,2026-06-30T03:08:38.916479+00:00,71.5,200,ask,,,134543
2026-06-30T13:08:40.397976,2026-06-30T03:08:41.340067+00:00,71.6,200,bid,,,134564
2026-06-30T13:08:41.608284,2026-06-30T03:08:42.551964+00:00,71.5,200,ask,,,134584
2026-06-30T13:08:42.813081,2026-06-30T03:08:43.759972+00:00,71.6,200,bid,,,134598
2026-06-30T13:08:44.385961,2026-06-30T03:08:45.330078+00:00,71.6,200,ask,,,134613
2026-06-30T13:08:45.229311,2026-06-30T03:08:46.167744+00:00,71.6,200,bid,,,134626
2026-06-30T13:08:45.578511,2026-06-30T03:08:46.527599+00:00,71.4,20,ask,,,134628
2026-06-30T13:08:46.439504,2026-06-30T03:08:47.388530+00:00,71.7,200,ask,,,134639
2026-06-30T13:08:47.655470,2026-06-30T03:08:48.596045+00:00,71.6,200,bid,,,134656
2026-06-30T13:08:48.028954,2026-06-30T03:08:48.977084+00:00,71.6,20,bid,,,134660
2026-06-30T13:08:48.882430,2026-06-30T03:08:49.826147+00:00,71.6,200,bid,,,134668
2026-06-30T13:08:51.280390,2026-06-30T03:08:52.220692+00:00,71.6,20,bid,,,134690
2026-06-30T13:08:51.313375,2026-06-30T03:08:52.253840+00:00,71.5,200,ask,,,134692
2026-06-30T13:08:53.728975,2026-06-30T03:08:54.677178+00:00,71.5,200,bid,,,134723
2026-06-30T13:08:57.354055,2026-06-30T03:08:58.299975+00:00,71.6,200,bid,,,134753
2026-06-30T13:08:58.566409,2026-06-30T03:08:59.507452+00:00,71.6,200,bid,,,134766
2026-06-30T13:08:59.775519,2026-06-30T03:09:00.724380+00:00,71.7,200,bid,,,134784
2026-06-30T13:09:00.147909,2026-06-30T03:09:01.093331+00:00,71.7,20,bid,,,134786
2026-06-30T13:09:01.392174,2026-06-30T03:09:02.332292+00:00,71.7,500,bid,,,134797
2026-06-30T13:09:01.392174,2026-06-30T03:09:02.332292+00:00,71.8,125,bid,,,134798
2026-06-30T13:09:02.145630,2026-06-30T03:09:03.093968+00:00,71.6,200,ask,,,134814
2026-06-30T13:09:02.702464,2026-06-30T03:09:03.647031+00:00,71.5,200,ask,,,134819
2026-06-30T13:09:03.140006,2026-06-30T03:09:04.080162+00:00,71.4,20,bid,,,134825
2026-06-30T13:09:06.623300,2026-06-30T03:09:07.568856+00:00,71.4,200,bid,,,134882
2026-06-30T13:09:08.149733,2026-06-30T03:09:09.103417+00:00,71.5,20,bid,,,134889
2026-06-30T13:09:10.699497,2026-06-30T03:09:11.643273+00:00,71.4,200,ask,,,134918
2026-06-30T13:09:11.909290,2026-06-30T03:09:12.860125+00:00,71.3,200,bid,,,134927
2026-06-30T13:09:11.993691,2026-06-30T03:09:12.937593+00:00,71.2,20,ask,,,134928
2026-06-30T13:09:13.533489,2026-06-30T03:09:14.477697+00:00,71.3,20,bid,,,134946
2026-06-30T13:09:14.334176,2026-06-30T03:09:15.285407+00:00,71.2,200,ask,,,134960
2026-06-30T13:09:16.104089,2026-06-30T03:09:17.043372+00:00,71.2,20,ask,,,134980
2026-06-30T13:09:16.592301,2026-06-30T03:09:17.533186+00:00,71.2,20,ask,,,134985
2026-06-30T13:09:17.089015,2026-06-30T03:09:18.033173+00:00,71.3,200,bid,,,134993
2026-06-30T13:09:18.397170,2026-06-30T03:09:19.346498+00:00,71.3,200,ask,,,135010
2026-06-30T13:09:19.174795,2026-06-30T03:09:20.118736+00:00,71.1,200,ask,,,135021
2026-06-30T13:09:20.379791,2026-06-30T03:09:21.325069+00:00,71.3,200,bid,,,135037
2026-06-30T13:09:21.023814,2026-06-30T03:09:21.966076+00:00,71.4,200,bid,,,135045
2026-06-30T13:09:21.023814,2026-06-30T03:09:21.966076+00:00,71.4,425,bid,,,135046
2026-06-30T13:09:22.150068,2026-06-30T03:09:23.095178+00:00,71.3,20,ask,,,135057
2026-06-30T13:09:22.332839,2026-06-30T03:09:23.279931+00:00,71.3,180,ask,,,135060
2026-06-30T13:09:22.332839,2026-06-30T03:09:23.279931+00:00,71.1,445,ask,,,135061
2026-06-30T13:09:23.639854,2026-06-30T03:09:24.585164+00:00,71.3,200,bid,,,135082
2026-06-30T13:09:24.949673,2026-06-30T03:09:25.897604+00:00,71.3,200,ask,,,135099
2026-06-30T13:09:26.251110,2026-06-30T03:09:27.189970+00:00,71.1,20,ask,,,135114
2026-06-30T13:09:26.256691,2026-06-30T03:09:27.201034+00:00,71.3,200,bid,,,135115
2026-06-30T13:09:26.424247,2026-06-30T03:09:27.365088+00:00,71.3,200,ask,,,135118
2026-06-30T13:09:27.628229,2026-06-30T03:09:28.573100+00:00,71.2,200,bid,,,135143
2026-06-30T13:09:28.879634,2026-06-30T03:09:29.821205+00:00,71.2,200,bid,,,135153
2026-06-30T13:09:29.811630,2026-06-30T03:09:30.757036+00:00,71.3,25,ask,,,135167
2026-06-30T13:09:30.019854,2026-06-30T03:09:30.963371+00:00,71.3,25,ask,,,135171
2026-06-30T13:09:30.050112,2026-06-30T03:09:30.996585+00:00,71.3,200,ask,,,135175
2026-06-30T13:09:30.190032,2026-06-30T03:09:31.137585+00:00,71.1,500,ask,,,135178
2026-06-30T13:09:30.190032,2026-06-30T03:09:31.137585+00:00,71.1,125,ask,,,135179
2026-06-30T13:09:32.469004,2026-06-30T03:09:33.418014+00:00,71.2,200,ask,,,135208
2026-06-30T13:09:33.015397,2026-06-30T03:09:33.962218+00:00,71.2,500,bid,,,135215
2026-06-30T13:09:33.634963,2026-06-30T03:09:34.579908+00:00,71.1,25,ask,,,135224
2026-06-30T13:09:33.842215,2026-06-30T03:09:34.787389+00:00,71.1,25,ask,,,135231
2026-06-30T13:09:34.049281,2026-06-30T03:09:34.994330+00:00,71.1,25,ask,,,135235
2026-06-30T13:09:34.243150,2026-06-30T03:09:35.189714+00:00,71.1,20,ask,,,135238
2026-06-30T13:09:34.256783,2026-06-30T03:09:35.200776+00:00,71.1,25,ask,,,135239
2026-06-30T13:09:34.464020,2026-06-30T03:09:35.407604+00:00,71.1,25,ask,,,135242
2026-06-30T13:09:34.561059,2026-06-30T03:09:35.505898+00:00,71.3,20,bid,,,135244
2026-06-30T13:09:34.671672,2026-06-30T03:09:35.612291+00:00,71.1,25,ask,,,135246
2026-06-30T13:09:34.886424,2026-06-30T03:09:35.829762+00:00,71.1,200,ask,,,135252
2026-06-30T13:09:35.439790,2026-06-30T03:09:36.384037+00:00,71.2,500,ask,,,135260
2026-06-30T13:09:36.021956,2026-06-30T03:09:36.969951+00:00,71.1,125,bid,,,135264
2026-06-30T13:09:36.040028,2026-06-30T03:09:36.992056+00:00,71.1,200,ask,,,135266
2026-06-30T13:09:38.053138,2026-06-30T03:09:38.998637+00:00,71.2,200,ask,,,135294
2026-06-30T13:09:38.061367,2026-06-30T03:09:39.009725+00:00,71.2,100,bid,,,135295
2026-06-30T13:09:38.087075,2026-06-30T03:09:39.031849+00:00,71.2,25,bid,,,135297
2026-06-30T13:09:38.296418,2026-06-30T03:09:39.238755+00:00,71.2,25,bid,,,135299
2026-06-30T13:09:38.514936,2026-06-30T03:09:39.457119+00:00,71.2,25,bid,,,135304
2026-06-30T13:09:38.554548,2026-06-30T03:09:39.499009+00:00,71.1,20,ask,,,135306
2026-06-30T13:09:38.723839,2026-06-30T03:09:39.663081+00:00,71.2,25,bid,,,135313
2026-06-30T13:09:39.357458,2026-06-30T03:09:40.303018+00:00,71.3,200,bid,,,135323
2026-06-30T13:09:39.368711,2026-06-30T03:09:40.314082+00:00,71.3,100,ask,,,135324
2026-06-30T13:09:41.974634,2026-06-30T03:09:42.921171+00:00,71.2,200,ask,,,135351
2026-06-30T13:09:41.974634,2026-06-30T03:09:42.921171+00:00,71.2,425,ask,,,135352
2026-06-30T13:09:42.139660,2026-06-30T03:09:43.084237+00:00,71.2,200,ask,,,135357
2026-06-30T13:09:43.346441,2026-06-30T03:09:44.301899+00:00,71.4,200,ask,,,135367
2026-06-30T13:09:44.552235,2026-06-30T03:09:45.496404+00:00,71.4,200,ask,,,135382
2026-06-30T13:09:44.742958,2026-06-30T03:09:45.688977+00:00,71.3,25,bid,,,135388
2026-06-30T13:09:44.950998,2026-06-30T03:09:45.895354+00:00,71.3,25,bid,,,135393
2026-06-30T13:09:45.159841,2026-06-30T03:09:46.102194+00:00,71.3,25,bid,,,135396
2026-06-30T13:09:45.368961,2026-06-30T03:09:46.308552+00:00,71.3,25,bid,,,135400
2026-06-30T13:09:45.773668,2026-06-30T03:09:46.722933+00:00,71.2,25,ask,,,135409
2026-06-30T13:09:45.980881,2026-06-30T03:09:46.927763+00:00,71.2,25,ask,,,135414
2026-06-30T13:09:46.190771,2026-06-30T03:09:47.135165+00:00,71.2,25,ask,,,135416
2026-06-30T13:09:46.400328,2026-06-30T03:09:47.342202+00:00,71.2,25,ask,,,135420
2026-06-30T13:09:46.608447,2026-06-30T03:09:47.548137+00:00,71.2,25,ask,,,135426
2026-06-30T13:09:46.615596,2026-06-30T03:09:47.559255+00:00,71.3,2,bid,,,135428
2026-06-30T13:09:46.819782,2026-06-30T03:09:47.767517+00:00,71.3,2,bid,,,135435
2026-06-30T13:09:46.963252,2026-06-30T03:09:47.909496+00:00,71.2,200,ask,,,135440
2026-06-30T13:09:47.024197,2026-06-30T03:09:47.964847+00:00,71.4,2,bid,,,135441
2026-06-30T13:09:47.201402,2026-06-30T03:09:48.148883+00:00,71.2,500,ask,,,135442
2026-06-30T13:09:47.229140,2026-06-30T03:09:48.170986+00:00,71.2,2,bid,,,135444
2026-06-30T13:09:47.433755,2026-06-30T03:09:48.377841+00:00,71.2,2,bid,,,135445
2026-06-30T13:09:47.521157,2026-06-30T03:09:48.465386+00:00,71.2,121,bid,,,135446
2026-06-30T13:09:48.177897,2026-06-30T03:09:49.117880+00:00,71.2,200,ask,,,135459
2026-06-30T13:09:48.875557,2026-06-30T03:09:49.814969+00:00,71.4,2,bid,,,135471
2026-06-30T13:09:51.123893,2026-06-30T03:09:52.070935+00:00,71.3,200,ask,,,135496
2026-06-30T13:09:51.171660,2026-06-30T03:09:52.115206+00:00,71.3,425,bid,,,135498
2026-06-30T13:09:51.825870,2026-06-30T03:09:52.767577+00:00,71.3,200,ask,,,135510
2026-06-30T13:09:52.280116,2026-06-30T03:09:53.225191+00:00,71.7,20,bid,,,135518
2026-06-30T13:09:53.033572,2026-06-30T03:09:53.977360+00:00,71.4,200,ask,,,135528
2026-06-30T13:09:53.046336,2026-06-30T03:09:53.998512+00:00,71.4,20,ask,,,135529
2026-06-30T13:09:54.242588,2026-06-30T03:09:55.185097+00:00,71.3,200,ask,,,135547
2026-06-30T13:09:55.045199,2026-06-30T03:09:55.988693+00:00,71.2,500,ask,,,135555
2026-06-30T13:09:55.290713,2026-06-30T03:09:56.240216+00:00,71.1,25,ask,,,135556
2026-06-30T13:09:55.414475,2026-06-30T03:09:56.359017+00:00,71.2,125,bid,,,135561
2026-06-30T13:09:55.499706,2026-06-30T03:09:56.447528+00:00,71.3,25,ask,,,135564
2026-06-30T13:09:55.708737,2026-06-30T03:09:56.652987+00:00,71.3,25,ask,,,135568
2026-06-30T13:09:55.917253,2026-06-30T03:09:56.858350+00:00,71.3,12,ask,,,135571
2026-06-30T13:09:58.901027,2026-06-30T03:09:59.847222+00:00,71.4,20,ask,,,135609
2026-06-30T13:09:59.080062,2026-06-30T03:10:00.021021+00:00,71.4,200,ask,,,135614
2026-06-30T13:10:03.913559,2026-06-30T03:10:04.860178+00:00,71.2,200,ask,,,135676
2026-06-30T13:10:04.204718,2026-06-30T03:10:05.146052+00:00,71.2,500,ask,,,135681
2026-06-30T13:10:04.479503,2026-06-30T03:10:05.429049+00:00,71.1,125,bid,,,135683
2026-06-30T13:10:05.510328,2026-06-30T03:10:06.458464+00:00,71.3,200,bid,,,135695
2026-06-30T13:10:06.324231,2026-06-30T03:10:07.272962+00:00,71.3,200,ask,,,135704
2026-06-30T13:10:07.527944,2026-06-30T03:10:08.476512+00:00,71.3,500,bid,,,135717
2026-06-30T13:10:07.564034,2026-06-30T03:10:08.508779+00:00,71.1,200,ask,,,135719
2026-06-30T13:10:07.751777,2026-06-30T03:10:08.695000+00:00,71.3,25,bid,,,135725
2026-06-30T13:10:07.961259,2026-06-30T03:10:08.910965+00:00,71.3,25,bid,,,135728
2026-06-30T13:10:08.126219,2026-06-30T03:10:09.073990+00:00,71.3,75,bid,,,135730
2026-06-30T13:10:08.778906,2026-06-30T03:10:09.726329+00:00,71.3,200,ask,,,135742
2026-06-30T13:10:09.457093,2026-06-30T03:10:10.399946+00:00,71.3,500,ask,,,135751
2026-06-30T13:10:09.457093,2026-06-30T03:10:10.399946+00:00,71.2,125,ask,,,135752
2026-06-30T13:10:09.985502,2026-06-30T03:10:10.934926+00:00,71.3,200,ask,,,135757
2026-06-30T13:10:10.936482,2026-06-30T03:10:11.878939+00:00,71.5,200,bid,,,135768
2026-06-30T13:10:11.191603,2026-06-30T03:10:12.140733+00:00,71.4,200,ask,,,135776
2026-06-30T13:10:12.399687,2026-06-30T03:10:13.339852+00:00,71.4,200,ask,,,135790
2026-06-30T13:10:13.381305,2026-06-30T03:10:14.329886+00:00,71.3,500,ask,,,135800
2026-06-30T13:10:13.588176,2026-06-30T03:10:14.533436+00:00,71.3,25,bid,,,135804
2026-06-30T13:10:13.798171,2026-06-30T03:10:14.740092+00:00,71.3,25,bid,,,135813
2026-06-30T13:10:14.687885,2026-06-30T03:10:15.632351+00:00,71.3,200,bid,,,135820
2026-06-30T13:10:14.705625,2026-06-30T03:10:15.654469+00:00,71.5,25,ask,,,135822
2026-06-30T13:10:14.733122,2026-06-30T03:10:15.676603+00:00,71.5,25,ask,,,135824
2026-06-30T13:10:14.760506,2026-06-30T03:10:15.708350+00:00,71.5,25,ask,,,135826
2026-06-30T13:10:14.811012,2026-06-30T03:10:15.752133+00:00,71.5,200,ask,,,135827
2026-06-30T13:10:16.015791,2026-06-30T03:10:16.959843+00:00,71.4,200,bid,,,135844
2026-06-30T13:10:16.563920,2026-06-30T03:10:17.505144+00:00,71.4,20,bid,,,135847
2026-06-30T13:10:17.328137,2026-06-30T03:10:18.276482+00:00,71.5,50,bid,,,135858
2026-06-30T13:10:19.667873,2026-06-30T03:10:20.620023+00:00,71.4,200,ask,,,135880
2026-06-30T13:10:22.146650,2026-06-30T03:10:23.089814+00:00,71.2,20,ask,,,135909
2026-06-30T13:10:22.220398,2026-06-30T03:10:23.167284+00:00,71.3,25,bid,,,135911
2026-06-30T13:10:22.224022,2026-06-30T03:10:23.167284+00:00,71.2,2,ask,,,135912
2026-06-30T13:10:22.427955,2026-06-30T03:10:23.374194+00:00,71.2,2,ask,,,135916
2026-06-30T13:10:22.651157,2026-06-30T03:10:23.590984+00:00,71.2,2,ask,,,135920
2026-06-30T13:10:22.855277,2026-06-30T03:10:23.798651+00:00,71.2,2,ask,,,135924
2026-06-30T13:10:23.060068,2026-06-30T03:10:24.005243+00:00,71.2,2,ask,,,135926
2026-06-30T13:10:23.265246,2026-06-30T03:10:24.210156+00:00,71.2,2,ask,,,135928
2026-06-30T13:10:23.470065,2026-06-30T03:10:24.417518+00:00,71.3,2,ask,,,135932
2026-06-30T13:10:23.675107,2026-06-30T03:10:24.623872+00:00,71.3,1,ask,,,135934
2026-06-30T13:10:23.851794,2026-06-30T03:10:24.798084+00:00,71.3,197,ask,,,135937
2026-06-30T13:10:24.492441,2026-06-30T03:10:25.438857+00:00,71.3,200,bid,,,135942
2026-06-30T13:10:26.294991,2026-06-30T03:10:27.243376+00:00,71.4,20,ask,,,135970
2026-06-30T13:10:28.120326,2026-06-30T03:10:29.070685+00:00,71.4,200,ask,,,135992
2026-06-30T13:10:28.619597,2026-06-30T03:10:29.559051+00:00,71.6,20,bid,,,135995
2026-06-30T13:10:29.330313,2026-06-30T03:10:30.277404+00:00,71.4,200,ask,,,136002
2026-06-30T13:10:30.094116,2026-06-30T03:10:31.037706+00:00,71.5,25,bid,,,136015
2026-06-30T13:10:30.304960,2026-06-30T03:10:31.255135+00:00,71.5,25,bid,,,136019
2026-06-30T13:10:30.520097,2026-06-30T03:10:31.462079+00:00,71.4,25,bid,,,136022
2026-06-30T13:10:30.537963,2026-06-30T03:10:31.484209+00:00,71.4,200,bid,,,136024
2026-06-30T13:10:30.729649,2026-06-30T03:10:31.678058+00:00,71.4,15,bid,,,136027
2026-06-30T13:10:31.755438,2026-06-30T03:10:32.702007+00:00,71.5,200,ask,,,136042
2026-06-30T13:10:32.829261,2026-06-30T03:10:33.768205+00:00,71.6,20,bid,,,136051
2026-06-30T13:10:32.970647,2026-06-30T03:10:33.921033+00:00,71.5,200,ask,,,136057
2026-06-30T13:10:33.146007,2026-06-30T03:10:34.095087+00:00,71.3,25,ask,,,136062
2026-06-30T13:10:33.174959,2026-06-30T03:10:34.117221+00:00,71.3,25,ask,,,136064
2026-06-30T13:10:34.178705,2026-06-30T03:10:35.129028+00:00,71.3,200,ask,,,136073
2026-06-30T13:10:34.748773,2026-06-30T03:10:35.694334+00:00,71.3,500,bid,,,136083
2026-06-30T13:10:35.348967,2026-06-30T03:10:36.288394+00:00,71.3,125,bid,,,136090
2026-06-30T13:10:35.615438,2026-06-30T03:10:36.558723+00:00,71.4,200,bid,,,136095
2026-06-30T13:10:37.830956,2026-06-30T03:10:38.776949+00:00,71.6,200,bid,,,136130
2026-06-30T13:10:39.613418,2026-06-30T03:10:40.556940+00:00,71.7,200,ask,,,136154
2026-06-30T13:10:39.613418,2026-06-30T03:10:40.568003+00:00,71.7,300,ask,,,136155
2026-06-30T13:10:42.152310,2026-06-30T03:10:43.100065+00:00,71.8,500,bid,,,136187
2026-06-30T13:10:42.690416,2026-06-30T03:10:43.633118+00:00,71.8,125,ask,,,136194
2026-06-30T13:10:45.105593,2026-06-30T03:10:46.059751+00:00,71.8,200,bid,,,136225
2026-06-30T13:10:46.071518,2026-06-30T03:10:47.012044+00:00,71.8,500,bid,,,136233
2026-06-30T13:10:46.263601,2026-06-30T03:10:47.208261+00:00,71.8,125,ask,,,136235
2026-06-30T13:10:46.313300,2026-06-30T03:10:47.263122+00:00,71.8,200,bid,,,136237
2026-06-30T13:10:48.731894,2026-06-30T03:10:49.677624+00:00,71.7,200,ask,,,136260
2026-06-30T13:10:50.002147,2026-06-30T03:10:50.953147+00:00,71.7,200,ask,,,136277
2026-06-30T13:10:51.307811,2026-06-30T03:10:52.248710+00:00,71.7,200,bid,,,136298
2026-06-30T13:10:52.619418,2026-06-30T03:10:53.564262+00:00,71.7,200,ask,,,136312
2026-06-30T13:10:54.786746,2026-06-30T03:10:55.728716+00:00,71.7,200,ask,,,136339
2026-06-30T13:10:55.238190,2026-06-30T03:10:56.187662+00:00,71.8,500,bid,,,136345
2026-06-30T13:10:55.367921,2026-06-30T03:10:56.307451+00:00,71.8,125,ask,,,136347
2026-06-30T13:10:56.817231,2026-06-30T03:10:57.762919+00:00,71.6,20,ask,,,136367
2026-06-30T13:10:58.422726,2026-06-30T03:10:59.362971+00:00,71.8,200,bid,,,136391
2026-06-30T13:10:59.498235,2026-06-30T03:11:00.438303+00:00,71.8,20,bid,,,136403
2026-06-30T13:11:00.793419,2026-06-30T03:11:01.744267+00:00,71.7,200,ask,,,136425
2026-06-30T13:11:00.793419,2026-06-30T03:11:01.744267+00:00,71.7,300,ask,,,136426
2026-06-30T13:11:00.837905,2026-06-30T03:11:01.788074+00:00,71.7,200,ask,,,136428
2026-06-30T13:11:01.414073,2026-06-30T03:11:02.364287+00:00,71.7,125,ask,,,136435
2026-06-30T13:11:01.776881,2026-06-30T03:11:02.723178+00:00,71.6,200,ask,,,136438
2026-06-30T13:11:02.043272,2026-06-30T03:11:02.983927+00:00,71.6,200,bid,,,136444
2026-06-30T13:11:03.083686,2026-06-30T03:11:04.027431+00:00,71.7,500,bid,,,136458
2026-06-30T13:11:03.224437,2026-06-30T03:11:04.167952+00:00,71.7,125,ask,,,136460
2026-06-30T13:11:07.650203,2026-06-30T03:11:08.594074+00:00,71.5,75,bid,,,136510
2026-06-30T13:11:08.111228,2026-06-30T03:11:09.061735+00:00,71.5,20,bid,,,136514
2026-06-30T13:11:08.315136,2026-06-30T03:11:09.257522+00:00,71.5,180,bid,,,136517
2026-06-30T13:11:10.528910,2026-06-30T03:11:11.469662+00:00,71.6,200,bid,,,136538
2026-06-30T13:11:13.549484,2026-06-30T03:11:14.490970+00:00,71.6,200,bid,,,136568
2026-06-30T13:11:13.549484,2026-06-30T03:11:14.490970+00:00,71.6,425,bid,,,136569
2026-06-30T13:11:14.154980,2026-06-30T03:11:15.100138+00:00,71.6,200,bid,,,136574
2026-06-30T13:11:15.843022,2026-06-30T03:11:16.787442+00:00,71.5,20,bid,,,136591
2026-06-30T13:11:16.163940,2026-06-30T03:11:17.113215+00:00,71.4,200,ask,,,136595
2026-06-30T13:11:17.789196,2026-06-30T03:11:18.735021+00:00,71.4,200,bid,,,136614
2026-06-30T13:11:20.088563,2026-06-30T03:11:21.037634+00:00,71.5,200,bid,,,136639
2026-06-30T13:11:20.088563,2026-06-30T03:11:21.037634+00:00,71.5,425,bid,,,136640
2026-06-30T13:11:20.201532,2026-06-30T03:11:21.147333+00:00,71.5,200,bid,,,136645
2026-06-30T13:11:21.407501,2026-06-30T03:11:22.354064+00:00,71.4,200,bid,,,136664
2026-06-30T13:11:26.629625,2026-06-30T03:11:27.569052+00:00,71.4,200,bid,,,136727
2026-06-30T13:11:26.634326,2026-06-30T03:11:27.580132+00:00,71.4,25,ask,,,136728
2026-06-30T13:11:26.641619,2026-06-30T03:11:27.591196+00:00,71.5,2,bid,,,136730
2026-06-30T13:11:26.845657,2026-06-30T03:11:27.788547+00:00,71.5,2,bid,,,136732
2026-06-30T13:11:27.050009,2026-06-30T03:11:27.995391+00:00,71.5,2,bid,,,136734
2026-06-30T13:11:27.258941,2026-06-30T03:11:28.200778+00:00,71.5,2,bid,,,136739
2026-06-30T13:11:27.467171,2026-06-30T03:11:28.408665+00:00,71.5,2,bid,,,136742
2026-06-30T13:11:27.481499,2026-06-30T03:11:28.430858+00:00,71.4,200,ask,,,136743
2026-06-30T13:11:27.674242,2026-06-30T03:11:28.617070+00:00,71.5,2,bid,,,136747
2026-06-30T13:11:27.878608,2026-06-30T03:11:28.824038+00:00,71.5,2,bid,,,136751
2026-06-30T13:11:27.939986,2026-06-30T03:11:28.888486+00:00,71.3,200,ask,,,136752
2026-06-30T13:11:28.089358,2026-06-30T03:11:29.028947+00:00,71.2,4,bid,,,136754
2026-06-30T13:11:28.092658,2026-06-30T03:11:29.040040+00:00,71.2,2,bid,,,136755
2026-06-30T13:11:28.296389,2026-06-30T03:11:29.237407+00:00,71.2,2,bid,,,136756
2026-06-30T13:11:28.500409,2026-06-30T03:11:29.445315+00:00,71.2,2,bid,,,136762
2026-06-30T13:11:28.704818,2026-06-30T03:11:29.652255+00:00,71.2,1,bid,,,136766
2026-06-30T13:11:31.113048,2026-06-30T03:11:32.053955+00:00,71.0,200,ask,,,136789
2026-06-30T13:11:33.523398,2026-06-30T03:11:34.471130+00:00,71.2,200,bid,,,136828
2026-06-30T13:11:35.090654,2026-06-30T03:11:36.039750+00:00,71.3,20,bid,,,136855
2026-06-30T13:11:35.789756,2026-06-30T03:11:36.737278+00:00,71.3,200,bid,,,136863
2026-06-30T13:11:35.957122,2026-06-30T03:11:36.898945+00:00,71.3,200,ask,,,136866
2026-06-30T13:11:37.168337,2026-06-30T03:11:38.118552+00:00,71.3,200,bid,,,136881
2026-06-30T13:11:38.430779,2026-06-30T03:11:39.381082+00:00,71.3,200,bid,,,136899
2026-06-30T13:11:39.587779,2026-06-30T03:11:40.533821+00:00,71.3,200,ask,,,136920
2026-06-30T13:11:39.738901,2026-06-30T03:11:40.687402+00:00,71.2,200,ask,,,136925
2026-06-30T13:11:42.002256,2026-06-30T03:11:42.949720+00:00,71.2,200,bid,,,136952
2026-06-30T13:11:42.708504,2026-06-30T03:11:43.656465+00:00,71.2,200,ask,,,136956
2026-06-30T13:11:43.658693,2026-06-30T03:11:44.607744+00:00,71.3,200,bid,,,136970
2026-06-30T13:11:44.424258,2026-06-30T03:11:45.379980+00:00,71.3,200,ask,,,136980
2026-06-30T13:11:45.739405,2026-06-30T03:11:46.684014+00:00,71.2,25,ask,,,136994
2026-06-30T13:11:45.946537,2026-06-30T03:11:46.892001+00:00,71.2,25,ask,,,136999
2026-06-30T13:11:46.154484,2026-06-30T03:11:47.098446+00:00,71.2,25,ask,,,137003
2026-06-30T13:11:46.363044,2026-06-30T03:11:47.306278+00:00,71.2,25,ask,,,137011
2026-06-30T13:11:47.583229,2026-06-30T03:11:48.531149+00:00,71.2,200,ask,,,137023
2026-06-30T13:11:48.889876,2026-06-30T03:11:49.837352+00:00,71.3,200,bid,,,137039
2026-06-30T13:11:49.176465,2026-06-30T03:11:50.120013+00:00,71.3,25,ask,,,137043
2026-06-30T13:11:49.385949,2026-06-30T03:11:50.328126+00:00,71.3,25,ask,,,137049
2026-06-30T13:11:49.594774,2026-06-30T03:11:50.534549+00:00,71.3,25,ask,,,137054
2026-06-30T13:11:50.198967,2026-06-30T03:11:51.141062+00:00,71.3,200,ask,,,137065
2026-06-30T13:11:50.218827,2026-06-30T03:11:51.163186+00:00,71.2,2,bid,,,137066
2026-06-30T13:11:50.423774,2026-06-30T03:11:51.367554+00:00,71.2,2,bid,,,137068
2026-06-30T13:11:50.629177,2026-06-30T03:11:51.573902+00:00,71.2,2,bid,,,137071
2026-06-30T13:11:50.834978,2026-06-30T03:11:51.778815+00:00,71.2,2,bid,,,137074
2026-06-30T13:11:51.048851,2026-06-30T03:11:51.997753+00:00,71.2,2,bid,,,137080
2026-06-30T13:11:51.253125,2026-06-30T03:11:52.205033+00:00,71.2,2,bid,,,137082
2026-06-30T13:11:51.458367,2026-06-30T03:11:52.399882+00:00,71.2,2,bid,,,137084
2026-06-30T13:11:51.673593,2026-06-30T03:11:52.618819+00:00,71.2,2,bid,,,137086
2026-06-30T13:11:51.877678,2026-06-30T03:11:52.827782+00:00,71.2,1,bid,,,137088
2026-06-30T13:11:52.082771,2026-06-30T03:11:53.024124+00:00,71.1,25,ask,,,137090
2026-06-30T13:11:52.290781,2026-06-30T03:11:53.231043+00:00,71.1,17,ask,,,137092
2026-06-30T13:11:55.297418,2026-06-30T03:11:56.244363+00:00,71.2,200,ask,,,137120
2026-06-30T13:11:56.343048,2026-06-30T03:11:57.288840+00:00,71.4,20,bid,,,137136
2026-06-30T13:11:59.005834,2026-06-30T03:11:59.955480+00:00,71.2,20,ask,,,137170
2026-06-30T13:12:01.364928,2026-06-30T03:12:02.319948+00:00,71.1,200,ask,,,137202
2026-06-30T13:12:02.582243,2026-06-30T03:12:03.537198+00:00,71.0,200,ask,,,137216
2026-06-30T13:12:03.144170,2026-06-30T03:12:04.088721+00:00,71.1,500,bid,,,137221
2026-06-30T13:12:03.793396,2026-06-30T03:12:04.743211+00:00,71.4,200,ask,,,137230
2026-06-30T13:12:04.598319,2026-06-30T03:12:05.538933+00:00,71.4,20,bid,,,137238
2026-06-30T13:12:05.004343,2026-06-30T03:12:05.953170+00:00,71.2,200,ask,,,137248
2026-06-30T13:12:06.213606,2026-06-30T03:12:07.157177+00:00,71.1,200,ask,,,137261
2026-06-30T13:12:07.436875,2026-06-30T03:12:08.385124+00:00,71.2,200,ask,,,137278
2026-06-30T13:12:08.642324,2026-06-30T03:12:09.590696+00:00,71.2,200,bid,,,137287
2026-06-30T13:12:09.817128,2026-06-30T03:12:10.766356+00:00,71.3,200,bid,,,137307
2026-06-30T13:12:09.852063,2026-06-30T03:12:10.797604+00:00,71.3,200,ask,,,137309
2026-06-30T13:12:11.127799,2026-06-30T03:12:12.068291+00:00,71.2,200,ask,,,137322
2026-06-30T13:12:12.267393,2026-06-30T03:12:13.208995+00:00,71.1,200,bid,,,137335
2026-06-30T13:12:13.480898,2026-06-30T03:12:14.427707+00:00,71.2,200,ask,,,137347
2026-06-30T13:12:15.047998,2026-06-30T03:12:15.992840+00:00,71.3,200,bid,,,137368
2026-06-30T13:12:15.860847,2026-06-30T03:12:16.808052+00:00,71.3,425,ask,,,137379
2026-06-30T13:12:15.894080,2026-06-30T03:12:16.840787+00:00,71.3,75,bid,,,137382
2026-06-30T13:12:15.894080,2026-06-30T03:12:16.840787+00:00,71.5,125,bid,,,137383
2026-06-30T13:12:17.103721,2026-06-30T03:12:18.049044+00:00,71.1,200,bid,,,137395
2026-06-30T13:12:18.317153,2026-06-30T03:12:19.258554+00:00,71.3,200,bid,,,137412
2026-06-30T13:12:21.610129,2026-06-30T03:12:22.552887+00:00,71.4,200,bid,,,137451
2026-06-30T13:12:21.610129,2026-06-30T03:12:22.552887+00:00,71.4,425,bid,,,137452
2026-06-30T13:12:21.935908,2026-06-30T03:12:22.879635+00:00,71.4,200,bid,,,137456
2026-06-30T13:12:22.366020,2026-06-30T03:12:23.313987+00:00,70.9,20,ask,,,137463
2026-06-30T13:12:23.143189,2026-06-30T03:12:24.087211+00:00,71.4,200,bid,,,137471
2026-06-30T13:12:24.223758,2026-06-30T03:12:25.166017+00:00,71.4,500,bid,,,137485
2026-06-30T13:12:24.223758,2026-06-30T03:12:25.166017+00:00,71.5,125,bid,,,137486
2026-06-30T13:12:25.536970,2026-06-30T03:12:26.480967+00:00,71.2,200,ask,,,137498
2026-06-30T13:12:28.026817,2026-06-30T03:12:28.981926+00:00,71.2,200,ask,,,137527
2026-06-30T13:12:29.459890,2026-06-30T03:12:30.407510+00:00,71.1,200,ask,,,137543
2026-06-30T13:12:30.580196,2026-06-30T03:12:31.528166+00:00,71.0,25,bid,,,137556
2026-06-30T13:12:30.766893,2026-06-30T03:12:31.713874+00:00,71.0,175,bid,,,137560
2026-06-30T13:12:31.649403,2026-06-30T03:12:32.593393+00:00,71.1,200,ask,,,137568
2026-06-30T13:12:31.779789,2026-06-30T03:12:32.723229+00:00,71.1,20,ask,,,137570
2026-06-30T13:12:32.075953,2026-06-30T03:12:33.017141+00:00,71.0,200,ask,,,137573
2026-06-30T13:12:32.075953,2026-06-30T03:12:33.017141+00:00,70.9,425,ask,,,137574
2026-06-30T13:12:33.382278,2026-06-30T03:12:34.324193+00:00,71.0,200,bid,,,137591
2026-06-30T13:12:34.061836,2026-06-30T03:12:35.010787+00:00,71.2,200,ask,,,137599
2026-06-30T13:12:35.269262,2026-06-30T03:12:36.215406+00:00,71.0,200,ask,,,137613
2026-06-30T13:12:36.001597,2026-06-30T03:12:36.951916+00:00,70.9,200,ask,,,137622
2026-06-30T13:12:36.012738,2026-06-30T03:12:36.962978+00:00,70.9,150,bid,,,137624
2026-06-30T13:12:36.180225,2026-06-30T03:12:37.125162+00:00,70.9,50,bid,,,137626
2026-06-30T13:12:36.197410,2026-06-30T03:12:37.147288+00:00,70.9,25,bid,,,137628
2026-06-30T13:12:36.405910,2026-06-30T03:12:37.352204+00:00,70.9,25,bid,,,137630
2026-06-30T13:12:36.471982,2026-06-30T03:12:37.418158+00:00,70.9,175,bid,,,137634
2026-06-30T13:12:37.305162,2026-06-30T03:12:38.252818+00:00,71.1,200,bid,,,137643
2026-06-30T13:12:37.326017,2026-06-30T03:12:38.274951+00:00,71.1,150,ask,,,137646
2026-06-30T13:12:37.680551,2026-06-30T03:12:38.621860+00:00,71.1,200,ask,,,137650
2026-06-30T13:12:39.388751,2026-06-30T03:12:40.338548+00:00,71.1,60,bid,,,137669
2026-06-30T13:12:39.619530,2026-06-30T03:12:40.569938+00:00,71.1,25,bid,,,137673
2026-06-30T13:12:39.827710,2026-06-30T03:12:40.767167+00:00,71.1,25,bid,,,137676
2026-06-30T13:12:39.921058,2026-06-30T03:12:40.865188+00:00,71.1,200,bid,,,137678
2026-06-30T13:12:39.921058,2026-06-30T03:12:40.865188+00:00,71.1,425,bid,,,137679
2026-06-30T13:12:40.036187,2026-06-30T03:12:40.984393+00:00,71.1,25,bid,,,137681
2026-06-30T13:12:40.243974,2026-06-30T03:12:41.191067+00:00,71.1,25,bid,,,137685
2026-06-30T13:12:40.451570,2026-06-30T03:12:41.408020+00:00,71.1,25,bid,,,137687
2026-06-30T13:12:41.085020,2026-06-30T03:12:42.031752+00:00,71.2,20,bid,,,137699
2026-06-30T13:12:41.235365,2026-06-30T03:12:42.184269+00:00,71.0,200,ask,,,137701
2026-06-30T13:12:41.242050,2026-06-30T03:12:42.184269+00:00,70.9,90,bid,,,137702
2026-06-30T13:12:41.308771,2026-06-30T03:12:42.249752+00:00,70.9,200,bid,,,137705
2026-06-30T13:12:42.519839,2026-06-30T03:12:43.469144+00:00,70.9,135,bid,,,137719
2026-06-30T13:12:42.519839,2026-06-30T03:12:43.469144+00:00,71.1,65,bid,,,137720
2026-06-30T13:12:42.539927,2026-06-30T03:12:43.491288+00:00,71.1,435,bid,,,137721
2026-06-30T13:12:43.703889,2026-06-30T03:12:44.654185+00:00,71.1,190,ask,,,137732
2026-06-30T13:12:43.848527,2026-06-30T03:12:44.797099+00:00,71.0,200,ask,,,137736
2026-06-30T13:12:50.812497,2026-06-30T03:12:51.753963+00:00,70.8,20,ask,,,137826
2026-06-30T13:12:54.317562,2026-06-30T03:12:55.262832+00:00,71.0,200,ask,,,137873
2026-06-30T13:12:54.629344,2026-06-30T03:12:55.576100+00:00,71.0,200,bid,,,137876
2026-06-30T13:12:56.933573,2026-06-30T03:12:57.882201+00:00,71.0,200,ask,,,137901
2026-06-30T13:12:58.305106,2026-06-30T03:12:59.250974+00:00,70.9,200,ask,,,137917
2026-06-30T13:13:01.927618,2026-06-30T03:13:02.868372+00:00,71.1,200,bid,,,137964
2026-06-30T13:13:03.492740,2026-06-30T03:13:04.437254+00:00,71.1,500,bid,,,137979
2026-06-30T13:13:03.496973,2026-06-30T03:13:04.437254+00:00,71.1,25,ask,,,137980
2026-06-30T13:13:03.699064,2026-06-30T03:13:04.644198+00:00,71.1,100,ask,,,137982
2026-06-30T13:13:04.706367,2026-06-30T03:13:05.654050+00:00,71.0,25,ask,,,137992
2026-06-30T13:13:04.799945,2026-06-30T03:13:05.750736+00:00,71.0,175,ask,,,137995
2026-06-30T13:13:05.544248,2026-06-30T03:13:06.490828+00:00,70.8,200,bid,,,138007
2026-06-30T13:13:06.755083,2026-06-30T03:13:07.698586+00:00,70.9,200,bid,,,138022
2026-06-30T13:13:07.965161,2026-06-30T03:13:08.905362+00:00,70.9,200,bid,,,138034
2026-06-30T13:13:09.184151,2026-06-30T03:13:10.124185+00:00,70.9,200,bid,,,138051
2026-06-30T13:13:10.395760,2026-06-30T03:13:11.338619+00:00,71.0,200,bid,,,138066
2026-06-30T13:13:14.021847,2026-06-30T03:13:14.969073+00:00,70.9,200,bid,,,138096
2026-06-30T13:13:16.613633,2026-06-30T03:13:17.559376+00:00,70.9,200,bid,,,138129
2026-06-30T13:13:16.735659,2026-06-30T03:13:17.680375+00:00,71.0,25,ask,,,138130
2026-06-30T13:13:16.945166,2026-06-30T03:13:17.889225+00:00,71.0,25,ask,,,138133
2026-06-30T13:13:17.154357,2026-06-30T03:13:18.098252+00:00,71.0,25,ask,,,138137
2026-06-30T13:13:17.171968,2026-06-30T03:13:18.120372+00:00,71.0,20,ask,,,138139
2026-06-30T13:13:17.363438,2026-06-30T03:13:18.307019+00:00,71.0,25,ask,,,138142
2026-06-30T13:13:17.597554,2026-06-30T03:13:18.537892+00:00,71.2,25,bid,,,138146
2026-06-30T13:13:17.807705,2026-06-30T03:13:18.758258+00:00,71.2,25,bid,,,138153
2026-06-30T13:13:17.923632,2026-06-30T03:13:18.868259+00:00,71.0,200,ask,,,138154
2026-06-30T13:13:18.017336,2026-06-30T03:13:18.967499+00:00,71.0,25,bid,,,138157
2026-06-30T13:13:18.235526,2026-06-30T03:13:19.187144+00:00,71.0,25,bid,,,138159
2026-06-30T13:13:18.447250,2026-06-30T03:13:19.396597+00:00,71.0,25,bid,,,138163
2026-06-30T13:13:18.451344,2026-06-30T03:13:19.396597+00:00,70.9,2,ask,,,138164
2026-06-30T13:13:18.655989,2026-06-30T03:13:19.605001+00:00,70.9,2,ask,,,138166
2026-06-30T13:13:18.862370,2026-06-30T03:13:19.812728+00:00,70.9,200,ask,,,138173
2026-06-30T13:13:18.865570,2026-06-30T03:13:19.812728+00:00,70.9,2,ask,,,138175
2026-06-30T13:13:19.069420,2026-06-30T03:13:20.018897+00:00,70.9,2,ask,,,138181
2026-06-30T13:13:19.273619,2026-06-30T03:13:20.215894+00:00,71.0,2,ask,,,138183
2026-06-30T13:13:19.477863,2026-06-30T03:13:20.424332+00:00,71.0,2,ask,,,138185
2026-06-30T13:13:19.682626,2026-06-30T03:13:20.628852+00:00,71.0,2,ask,,,138187
2026-06-30T13:13:19.886712,2026-06-30T03:13:20.836972+00:00,71.0,2,ask,,,138192
2026-06-30T13:13:20.071110,2026-06-30T03:13:21.022048+00:00,71.0,200,ask,,,138197
2026-06-30T13:13:20.091332,2026-06-30T03:13:21.033096+00:00,71.0,2,ask,,,138198
2026-06-30T13:13:20.295973,2026-06-30T03:13:21.240752+00:00,71.0,2,ask,,,138201
2026-06-30T13:13:24.464753,2026-06-30T03:13:25.415672+00:00,70.8,200,ask,,,138247
2026-06-30T13:13:24.464753,2026-06-30T03:13:25.415672+00:00,70.8,425,ask,,,138248
2026-06-30T13:13:24.912346,2026-06-30T03:13:25.856443+00:00,70.8,200,ask,,,138254
2026-06-30T13:13:26.140651,2026-06-30T03:13:27.083513+00:00,70.9,200,ask,,,138268
2026-06-30T13:13:28.314625,2026-06-30T03:13:29.259017+00:00,70.8,20,ask,,,138293
2026-06-30T13:13:28.570123,2026-06-30T03:13:29.520171+00:00,70.9,200,bid,,,138296
2026-06-30T13:13:30.162551,2026-06-30T03:13:31.108624+00:00,70.8,20,ask,,,138312
2026-06-30T13:13:30.176597,2026-06-30T03:13:31.119689+00:00,70.8,25,ask,,,138313
2026-06-30T13:13:31.008181,2026-06-30T03:13:31.953855+00:00,70.7,500,ask,,,138330
2026-06-30T13:13:31.008181,2026-06-30T03:13:31.953855+00:00,70.7,125,ask,,,138331
2026-06-30T13:13:32.314578,2026-06-30T03:13:33.264854+00:00,70.8,200,bid,,,138344
2026-06-30T13:13:32.329006,2026-06-30T03:13:33.275853+00:00,70.9,35,ask,,,138346
2026-06-30T13:13:32.388824,2026-06-30T03:13:33.330854+00:00,70.9,25,ask,,,138347
2026-06-30T13:13:32.598622,2026-06-30T03:13:33.539854+00:00,70.9,25,ask,,,138351
2026-06-30T13:13:32.807844,2026-06-30T03:13:33.750854+00:00,70.9,25,ask,,,138356
2026-06-30T13:13:33.015726,2026-06-30T03:13:33.959855+00:00,70.9,25,ask,,,138364
2026-06-30T13:13:33.024719,2026-06-30T03:13:33.970854+00:00,71.1,2,bid,,,138365
2026-06-30T13:13:33.229180,2026-06-30T03:13:34.179853+00:00,71.1,2,bid,,,138366
2026-06-30T13:13:33.401326,2026-06-30T03:13:34.344853+00:00,70.9,200,ask,,,138368
2026-06-30T13:13:33.433822,2026-06-30T03:13:34.377854+00:00,71.1,2,bid,,,138371
2026-06-30T13:13:33.642933,2026-06-30T03:13:34.586854+00:00,70.9,25,bid,,,138375
2026-06-30T13:13:33.646871,2026-06-30T03:13:34.586854+00:00,70.9,2,bid,,,138376
2026-06-30T13:13:33.856305,2026-06-30T03:13:34.806853+00:00,70.9,25,bid,,,138380
2026-06-30T13:13:33.860594,2026-06-30T03:13:34.806853+00:00,70.9,2,bid,,,138381
2026-06-30T13:13:34.070099,2026-06-30T03:13:35.015853+00:00,70.9,25,bid,,,138386
2026-06-30T13:13:34.074379,2026-06-30T03:13:35.026854+00:00,70.9,2,bid,,,138387
2026-06-30T13:13:34.283726,2026-06-30T03:13:35.224855+00:00,70.9,25,bid,,,138392
2026-06-30T13:13:34.287097,2026-06-30T03:13:35.235855+00:00,70.9,2,bid,,,138393
2026-06-30T13:13:34.490993,2026-06-30T03:13:35.433853+00:00,70.9,2,bid,,,138394
2026-06-30T13:13:34.696754,2026-06-30T03:13:35.642854+00:00,70.8,2,bid,,,138399
2026-06-30T13:13:34.811667,2026-06-30T03:13:35.752854+00:00,70.7,20,ask,,,138401
2026-06-30T13:13:34.902101,2026-06-30T03:13:35.851854+00:00,70.8,2,bid,,,138402
2026-06-30T13:13:35.107601,2026-06-30T03:13:36.049090+00:00,70.8,2,bid,,,138404
2026-06-30T13:13:35.313309,2026-06-30T03:13:36.257465+00:00,70.8,2,bid,,,138409
2026-06-30T13:13:35.519124,2026-06-30T03:13:36.464658+00:00,70.8,1,bid,,,138411
2026-06-30T13:13:35.816535,2026-06-30T03:13:36.761514+00:00,70.7,200,ask,,,138417
2026-06-30T13:13:36.743489,2026-06-30T03:13:37.686335+00:00,70.6,20,ask,,,138422
2026-06-30T13:13:39.480831,2026-06-30T03:13:40.420985+00:00,70.6,100,ask,,,138462
2026-06-30T13:13:40.161866,2026-06-30T03:13:41.112663+00:00,70.6,500,ask,,,138470
2026-06-30T13:13:40.632860,2026-06-30T03:13:41.585582+00:00,70.6,125,bid,,,138474
2026-06-30T13:13:41.467930,2026-06-30T03:13:42.416967+00:00,70.8,200,bid,,,138486
2026-06-30T13:13:41.483638,2026-06-30T03:13:42.427968+00:00,70.9,65,ask,,,138488
2026-06-30T13:13:41.533961,2026-06-30T03:13:42.482967+00:00,70.9,25,ask,,,138489
2026-06-30T13:13:41.743826,2026-06-30T03:13:42.691777+00:00,70.9,25,ask,,,138493
2026-06-30T13:13:41.753063,2026-06-30T03:13:42.702774+00:00,71.0,2,bid,,,138496
2026-06-30T13:13:41.880301,2026-06-30T03:13:42.821899+00:00,70.9,200,ask,,,138499
2026-06-30T13:13:41.958659,2026-06-30T03:13:42.908646+00:00,71.0,2,bid,,,138500
2026-06-30T13:13:42.163757,2026-06-30T03:13:43.104260+00:00,71.0,1,bid,,,138506
2026-06-30T13:13:42.801830,2026-06-30T03:13:43.750012+00:00,70.8,200,bid,,,138516
2026-06-30T13:13:45.525562,2026-06-30T03:13:46.473444+00:00,70.7,200,ask,,,138539
2026-06-30T13:13:48.016618,2026-06-30T03:13:48.965496+00:00,70.6,500,ask,,,138575
2026-06-30T13:13:48.016618,2026-06-30T03:13:48.965496+00:00,70.6,125,ask,,,138576
2026-06-30T13:13:49.184222,2026-06-30T03:13:50.127688+00:00,70.6,25,bid,,,138597
2026-06-30T13:13:49.323571,2026-06-30T03:13:50.269722+00:00,70.6,175,bid,,,138599
2026-06-30T13:13:50.362465,2026-06-30T03:13:51.305694+00:00,70.9,200,ask,,,138614
2026-06-30T13:13:51.570414,2026-06-30T03:13:52.511478+00:00,70.8,200,ask,,,138636
2026-06-30T13:13:52.719403,2026-06-30T03:13:53.660656+00:00,70.9,20,bid,,,138649
2026-06-30T13:13:52.785337,2026-06-30T03:13:53.737654+00:00,70.7,200,ask,,,138654
2026-06-30T13:13:56.002345,2026-06-30T03:13:56.947624+00:00,70.9,25,bid,,,138692
2026-06-30T13:13:56.004580,2026-06-30T03:13:56.947624+00:00,70.8,2,ask,,,138693
2026-06-30T13:13:56.207754,2026-06-30T03:13:57.156121+00:00,70.8,2,ask,,,138699
2026-06-30T13:13:56.412000,2026-06-30T03:13:57.353534+00:00,70.8,2,ask,,,138704
2026-06-30T13:13:56.423868,2026-06-30T03:13:57.364535+00:00,70.9,200,bid,,,138706
2026-06-30T13:13:56.616598,2026-06-30T03:13:57.562565+00:00,70.7,2,ask,,,138711
2026-06-30T13:13:56.821605,2026-06-30T03:13:57.770151+00:00,70.7,2,ask,,,138717
2026-06-30T13:13:57.026634,2026-06-30T03:13:57.967191+00:00,70.7,2,ask,,,138721
2026-06-30T13:13:57.230802,2026-06-30T03:13:58.174822+00:00,70.8,2,ask,,,138723
2026-06-30T13:13:57.434823,2026-06-30T03:13:58.384116+00:00,70.8,1,ask,,,138724
2026-06-30T13:13:59.803901,2026-06-30T03:14:00.750904+00:00,70.9,200,ask,,,138746
2026-06-30T13:13:59.846947,2026-06-30T03:14:00.794905+00:00,70.7,25,bid,,,138749
2026-06-30T13:14:00.041116,2026-06-30T03:14:00.991957+00:00,70.7,200,bid,,,138751
2026-06-30T13:14:00.055026,2026-06-30T03:14:01.002957+00:00,70.7,25,bid,,,138754
2026-06-30T13:14:00.264066,2026-06-30T03:14:01.211010+00:00,70.7,5,bid,,,138759
2026-06-30T13:14:00.982627,2026-06-30T03:14:01.931186+00:00,70.7,20,bid,,,138770
2026-06-30T13:14:01.109400,2026-06-30T03:14:02.053233+00:00,70.9,200,bid,,,138771
2026-06-30T13:14:01.216278,2026-06-30T03:14:02.163234+00:00,70.9,425,ask,,,138773
2026-06-30T13:14:03.047638,2026-06-30T03:14:03.998297+00:00,70.8,200,ask,,,138796
2026-06-30T13:14:04.900467,2026-06-30T03:14:05.848596+00:00,70.8,200,bid,,,138809
2026-06-30T13:14:06.112653,2026-06-30T03:14:07.054310+00:00,70.8,200,bid,,,138833
2026-06-30T13:14:07.658275,2026-06-30T03:14:08.607517+00:00,70.7,500,bid,,,138849
2026-06-30T13:14:07.658275,2026-06-30T03:14:08.607517+00:00,70.8,125,bid,,,138850
2026-06-30T13:14:07.812361,2026-06-30T03:14:08.761530+00:00,70.8,20,bid,,,138855
2026-06-30T13:14:08.529751,2026-06-30T03:14:09.471630+00:00,70.7,200,bid,,,138865
