timestamp,recv_time,price,volume,aggressor_side,buyer,seller,trade_id
2026-07-07T17:00:00.131970,2026-07-07T17:00:00.148677+00:00,142.2,200,bid,,,11105815
2026-07-07T17:00:00.624844,2026-07-07T17:00:00.628787+00:00,142.3,34,bid,,,11105824
2026-07-07T17:00:04.423944,2026-07-07T17:00:04.431325+00:00,142.2,20,bid,,,11105861
2026-07-07T17:00:06.649750,2026-07-07T17:00:06.661666+00:00,142.2,20,ask,,,11105893
2026-07-07T17:00:08.381771,2026-07-07T17:00:08.392738+00:00,142.2,500,bid,,,11105911
2026-07-07T17:00:08.603483,2026-07-07T17:00:08.610257+00:00,142.2,125,bid,,,11105917
2026-07-07T17:00:09.525879,2026-07-07T17:00:09.534388+00:00,142.4,200,bid,,,11105924
2026-07-07T17:00:09.541762,2026-07-07T17:00:09.546103+00:00,142.4,7,ask,,,11105926
2026-07-07T17:00:09.551851,2026-07-07T17:00:09.555972+00:00,142.4,4,ask,,,11105928
2026-07-07T17:00:09.817997,2026-07-07T17:00:09.827438+00:00,142.4,200,ask,,,11105933
2026-07-07T17:00:12.150497,2026-07-07T17:00:12.168991+00:00,142.4,200,ask,,,11105968
2026-07-07T17:00:12.164726,2026-07-07T17:00:12.168991+00:00,142.3,11,bid,,,11105970
2026-07-07T17:00:12.236158,2026-07-07T17:00:12.242555+00:00,142.3,200,bid,,,11105972
2026-07-07T17:00:13.246371,2026-07-07T17:00:13.258642+00:00,142.3,214,bid,,,11105982
2026-07-07T17:00:14.687759,2026-07-07T17:00:14.699456+00:00,142.4,20,ask,,,11106005
2026-07-07T17:00:16.079230,2026-07-07T17:00:16.087222+00:00,142.4,200,ask,,,11106024
2026-07-07T17:00:17.081132,2026-07-07T17:00:17.088097+00:00,142.3,200,bid,,,11106037
2026-07-07T17:00:18.208408,2026-07-07T17:00:18.219949+00:00,142.2,20,ask,,,11106050
2026-07-07T17:00:18.297709,2026-07-07T17:00:18.305259+00:00,142.2,200,ask,,,11106051
2026-07-07T17:00:20.504292,2026-07-07T17:00:20.515029+00:00,142.3,200,bid,,,11106076
2026-07-07T17:00:20.715926,2026-07-07T17:00:20.727078+00:00,142.3,200,ask,,,11106079
2026-07-07T17:00:21.927557,2026-07-07T17:00:21.937004+00:00,142.3,200,ask,,,11106091
2026-07-07T17:00:23.138632,2026-07-07T17:00:23.158852+00:00,142.2,200,ask,,,11106107
2026-07-07T17:00:23.941695,2026-07-07T17:00:23.972834+00:00,142.2,500,ask,,,11106122
2026-07-07T17:00:23.968960,2026-07-07T17:00:23.972834+00:00,142.2,12,bid,,,11106126
2026-07-07T17:00:24.113629,2026-07-07T17:00:24.122313+00:00,142.2,113,bid,,,11106133
2026-07-07T17:00:24.349616,2026-07-07T17:00:24.360458+00:00,142.2,200,ask,,,11106136
2026-07-07T17:00:25.562942,2026-07-07T17:00:25.570409+00:00,142.3,20,ask,,,11106149
2026-07-07T17:00:29.165718,2026-07-07T17:00:29.170134+00:00,142.1,12,ask,,,11106208
2026-07-07T17:00:29.199250,2026-07-07T17:00:29.206964+00:00,142.2,200,bid,,,11106209
2026-07-07T17:00:29.218833,2026-07-07T17:00:29.223278+00:00,142.2,11,ask,,,11106211
2026-07-07T17:00:30.417957,2026-07-07T17:00:30.422125+00:00,142.3,11,ask,,,11106225
2026-07-07T17:00:30.510533,2026-07-07T17:00:30.517290+00:00,142.3,189,ask,,,11106228
2026-07-07T17:00:30.570042,2026-07-07T17:00:30.581511+00:00,142.3,20,bid,,,11106229
2026-07-07T17:00:32.272475,2026-07-07T17:00:32.276719+00:00,142.4,11,bid,,,11106255
2026-07-07T17:00:34.064871,2026-07-07T17:00:34.069128+00:00,142.3,11,bid,,,11106276
2026-07-07T17:00:38.380073,2026-07-07T17:00:38.389777+00:00,142.2,200,ask,,,11106337
2026-07-07T17:00:38.888599,2026-07-07T17:00:38.897032+00:00,142.2,200,bid,,,11106354
2026-07-07T17:00:42.296023,2026-07-07T17:00:42.308444+00:00,142.1,20,ask,,,11106388
2026-07-07T17:00:44.940156,2026-07-07T17:00:44.944082+00:00,142.3,23,bid,,,11106425
2026-07-07T17:00:44.967292,2026-07-07T17:00:44.971297+00:00,142.2,12,bid,,,11106427
2026-07-07T17:00:45.289155,2026-07-07T17:00:45.298018+00:00,142.2,20,bid,,,11106431
2026-07-07T17:00:48.890942,2026-07-07T17:00:48.895734+00:00,142.2,11,bid,,,11106476
2026-07-07T17:00:49.780596,2026-07-07T17:00:49.787488+00:00,142.2,200,bid,,,11106487
2026-07-07T17:00:50.302691,2026-07-07T17:00:50.313186+00:00,142.3,20,bid,,,11106493
2026-07-07T17:00:51.420153,2026-07-07T17:00:51.431856+00:00,142.3,20,bid,,,11106510
2026-07-07T17:00:52.199263,2026-07-07T17:00:52.205752+00:00,142.2,200,ask,,,11106521
2026-07-07T17:00:56.763201,2026-07-07T17:00:56.770169+00:00,142.3,200,bid,,,11106582
2026-07-07T17:00:57.646528,2026-07-07T17:00:57.651363+00:00,142.4,3,bid,,,11106603
2026-07-07T17:00:58.243167,2026-07-07T17:00:58.250334+00:00,142.3,200,ask,,,11106606
2026-07-07T17:01:00.807849,2026-07-07T17:01:00.811681+00:00,142.4,3,ask,,,11106641
2026-07-07T17:01:01.893770,2026-07-07T17:01:01.898166+00:00,142.5,1,ask,,,11106660
2026-07-07T17:01:03.313022,2026-07-07T17:01:03.321297+00:00,142.5,200,ask,,,11106679
2026-07-07T17:01:05.056588,2026-07-07T17:01:05.068077+00:00,142.5,20,bid,,,11106705
2026-07-07T17:01:05.506306,2026-07-07T17:01:05.516491+00:00,142.5,200,bid,,,11106713
2026-07-07T17:01:06.726360,2026-07-07T17:01:06.730323+00:00,142.6,10,ask,,,11106735
2026-07-07T17:01:08.127378,2026-07-07T17:01:08.139394+00:00,142.6,20,ask,,,11106756
2026-07-07T17:01:10.424173,2026-07-07T17:01:10.433881+00:00,142.4,12,ask,,,11106793
2026-07-07T17:01:11.199377,2026-07-07T17:01:11.203709+00:00,142.5,12,ask,,,11106802
2026-07-07T17:01:11.431733,2026-07-07T17:01:11.443256+00:00,142.6,12,bid,,,11106808
2026-07-07T17:01:11.556862,2026-07-07T17:01:11.563738+00:00,142.5,200,ask,,,11106813
2026-07-07T17:01:12.505070,2026-07-07T17:01:12.509376+00:00,142.7,11,ask,,,11106833
2026-07-07T17:01:12.765164,2026-07-07T17:01:12.774196+00:00,142.7,200,ask,,,11106837
2026-07-07T17:01:13.968181,2026-07-07T17:01:13.975776+00:00,142.8,20,bid,,,11106853
2026-07-07T17:01:16.452142,2026-07-07T17:01:16.458701+00:00,142.6,200,ask,,,11106877
2026-07-07T17:01:16.468895,2026-07-07T17:01:16.472839+00:00,142.6,11,bid,,,11106879
2026-07-07T17:01:23.523899,2026-07-07T17:01:23.535606+00:00,142.3,20,ask,,,11106957
2026-07-07T17:01:24.283605,2026-07-07T17:01:24.295327+00:00,142.5,20,bid,,,11106966
2026-07-07T17:01:27.800973,2026-07-07T17:01:27.811959+00:00,142.4,20,ask,,,11107002
2026-07-07T17:01:28.484910,2026-07-07T17:01:28.493932+00:00,142.4,200,ask,,,11107007
2026-07-07T17:01:29.564614,2026-07-07T17:01:29.568504+00:00,142.6,12,bid,,,11107017
2026-07-07T17:01:32.129696,2026-07-07T17:01:32.133749+00:00,142.5,11,bid,,,11107055
2026-07-07T17:01:35.741060,2026-07-07T17:01:35.758563+00:00,142.4,200,ask,,,11107102
2026-07-07T17:01:39.368767,2026-07-07T17:01:39.380001+00:00,142.5,200,bid,,,11107155
2026-07-07T17:01:44.160735,2026-07-07T17:01:44.169199+00:00,142.4,20,ask,,,11107216
2026-07-07T17:01:44.208221,2026-07-07T17:01:44.219682+00:00,142.4,200,ask,,,11107218
2026-07-07T17:01:47.843966,2026-07-07T17:01:47.854015+00:00,142.5,200,bid,,,11107253
2026-07-07T17:01:48.582488,2026-07-07T17:01:48.590348+00:00,142.5,20,ask,,,11107260
2026-07-07T17:01:50.128194,2026-07-07T17:01:50.136475+00:00,142.4,200,ask,,,11107274
2026-07-07T17:01:50.128194,2026-07-07T17:01:50.141487+00:00,142.4,300,ask,,,11107275
2026-07-07T17:01:50.551151,2026-07-07T17:01:50.558614+00:00,142.4,200,ask,,,11107277
2026-07-07T17:01:53.892455,2026-07-07T17:01:53.900878+00:00,142.3,200,bid,,,11107314
2026-07-07T17:01:55.101411,2026-07-07T17:01:55.111271+00:00,142.2,200,bid,,,11107336
2026-07-07T17:01:55.805241,2026-07-07T17:01:55.809252+00:00,142.1,11,ask,,,11107343
2026-07-07T17:01:56.327081,2026-07-07T17:01:56.331260+00:00,142.2,12,ask,,,11107352
2026-07-07T17:01:56.515980,2026-07-07T17:01:56.527596+00:00,142.2,20,ask,,,11107355
2026-07-07T17:01:57.175569,2026-07-07T17:01:57.186646+00:00,142.2,20,ask,,,11107362
2026-07-07T17:01:58.431065,2026-07-07T17:01:58.435978+00:00,142.2,12,bid,,,11107378
2026-07-07T17:01:58.502660,2026-07-07T17:01:58.509226+00:00,142.1,12,ask,,,11107382
2026-07-07T17:01:58.758299,2026-07-07T17:01:58.769852+00:00,142.2,12,bid,,,11107390
2026-07-07T17:01:59.725541,2026-07-07T17:01:59.730516+00:00,142.0,200,ask,,,11107399
2026-07-07T17:01:59.725541,2026-07-07T17:01:59.730516+00:00,142.0,425,ask,,,11107400
2026-07-07T17:02:04.959137,2026-07-07T17:02:04.966963+00:00,142.2,200,bid,,,11107470
2026-07-07T17:02:04.977937,2026-07-07T17:02:04.981943+00:00,142.3,23,ask,,,11107472
2026-07-07T17:02:07.281335,2026-07-07T17:02:07.285758+00:00,142.3,12,ask,,,11107503
2026-07-07T17:02:07.581833,2026-07-07T17:02:07.583386+00:00,142.4,200,bid,,,11107504
2026-07-07T17:02:07.595630,2026-07-07T17:02:07.599690+00:00,142.4,11,ask,,,11107506
2026-07-07T17:02:08.442482,2026-07-07T17:02:08.452488+00:00,142.6,200,bid,,,11107522
2026-07-07T17:02:09.007469,2026-07-07T17:02:09.015422+00:00,142.6,20,bid,,,11107533
2026-07-07T17:02:11.381072,2026-07-07T17:02:11.388178+00:00,142.4,12,ask,,,11107574
2026-07-07T17:02:13.608492,2026-07-07T17:02:13.613186+00:00,142.5,23,ask,,,11107603
2026-07-07T17:02:13.934078,2026-07-07T17:02:13.942000+00:00,142.6,20,bid,,,11107608
2026-07-07T17:02:14.453577,2026-07-07T17:02:14.465301+00:00,142.5,12,ask,,,11107616
2026-07-07T17:02:14.941301,2026-07-07T17:02:14.949456+00:00,142.5,500,ask,,,11107620
2026-07-07T17:02:15.534129,2026-07-07T17:02:15.542685+00:00,142.5,200,ask,,,11107627
2026-07-07T17:02:15.714759,2026-07-07T17:02:15.724340+00:00,142.5,200,bid,,,11107630
2026-07-07T17:02:17.953660,2026-07-07T17:02:17.964184+00:00,142.3,500,ask,,,11107652
2026-07-07T17:02:18.139381,2026-07-07T17:02:18.158613+00:00,142.4,200,bid,,,11107654
2026-07-07T17:02:19.351892,2026-07-07T17:02:19.363934+00:00,142.3,200,bid,,,11107665
2026-07-07T17:02:19.398211,2026-07-07T17:02:19.407975+00:00,142.3,300,bid,,,11107666
2026-07-07T17:02:19.753613,2026-07-07T17:02:19.758560+00:00,142.3,325,ask,,,11107673
2026-07-07T17:02:20.069495,2026-07-07T17:02:20.077742+00:00,141.5,12,ask,,,11107685
2026-07-07T17:02:20.576062,2026-07-07T17:02:20.580061+00:00,142.2,17,ask,,,11107691
2026-07-07T17:02:21.479869,2026-07-07T17:02:21.491573+00:00,142.3,20,bid,,,11107710
2026-07-07T17:02:21.846265,2026-07-07T17:02:21.858629+00:00,142.3,9,bid,,,11107721
2026-07-07T17:02:23.051298,2026-07-07T17:02:23.055348+00:00,142.3,17,bid,,,11107737
2026-07-07T17:02:23.328175,2026-07-07T17:02:23.348871+00:00,142.1,200,ask,,,11107742
2026-07-07T17:02:23.344610,2026-07-07T17:02:23.348871+00:00,142.1,23,bid,,,11107745
2026-07-07T17:02:23.892036,2026-07-07T17:02:23.902887+00:00,142.1,12,bid,,,11107759
2026-07-07T17:02:24.636537,2026-07-07T17:02:24.643831+00:00,142.1,200,bid,,,11107770
2026-07-07T17:02:25.404261,2026-07-07T17:02:25.411073+00:00,142.1,200,ask,,,11107780
2026-07-07T17:02:28.731792,2026-07-07T17:02:28.738261+00:00,142.1,12,bid,,,11107833
2026-07-07T17:02:30.236996,2026-07-07T17:02:30.244444+00:00,142.1,200,bid,,,11107857
2026-07-07T17:02:30.240301,2026-07-07T17:02:30.249488+00:00,141.9,12,ask,,,11107858
2026-07-07T17:02:30.345568,2026-07-07T17:02:30.357014+00:00,142.1,20,bid,,,11107860
2026-07-07T17:02:33.296255,2026-07-07T17:02:33.300683+00:00,141.9,11,ask,,,11107898
2026-07-07T17:02:33.880666,2026-07-07T17:02:33.890222+00:00,141.8,200,ask,,,11107904
2026-07-07T17:02:35.711649,2026-07-07T17:02:35.723421+00:00,141.9,20,bid,,,11107929
2026-07-07T17:02:35.759487,2026-07-07T17:02:35.763621+00:00,141.7,23,ask,,,11107933
2026-07-07T17:02:35.787193,2026-07-07T17:02:35.794661+00:00,141.7,24,ask,,,11107935
2026-07-07T17:02:36.298620,2026-07-07T17:02:36.305540+00:00,141.7,200,ask,,,11107943
2026-07-07T17:02:41.139824,2026-07-07T17:02:41.147298+00:00,141.7,200,ask,,,11108012
2026-07-07T17:02:42.348431,2026-07-07T17:02:42.348410+00:00,141.8,200,ask,,,11108026
2026-07-07T17:02:42.832138,2026-07-07T17:02:42.841275+00:00,142.0,12,bid,,,11108034
2026-07-07T17:02:43.560326,2026-07-07T17:02:43.570695+00:00,141.7,200,ask,,,11108043
2026-07-07T17:02:44.769187,2026-07-07T17:02:44.779236+00:00,141.7,200,ask,,,11108057
2026-07-07T17:02:45.352823,2026-07-07T17:02:45.357909+00:00,141.7,12,ask,,,11108064
2026-07-07T17:02:45.978521,2026-07-07T17:02:45.985907+00:00,141.7,200,ask,,,11108075
2026-07-07T17:02:47.121156,2026-07-07T17:02:47.128887+00:00,141.9,12,bid,,,11108098
2026-07-07T17:02:48.226174,2026-07-07T17:02:48.237021+00:00,141.9,500,bid,,,11108110
2026-07-07T17:02:48.261070,2026-07-07T17:02:48.269511+00:00,142.0,200,bid,,,11108111
2026-07-07T17:02:48.411020,2026-07-07T17:02:48.415071+00:00,142.1,11,bid,,,11108115
2026-07-07T17:02:49.157209,2026-07-07T17:02:49.163943+00:00,142.1,12,bid,,,11108131
2026-07-07T17:02:50.808991,2026-07-07T17:02:50.815747+00:00,142.1,200,bid,,,11108146
2026-07-07T17:02:55.507624,2026-07-07T17:02:55.518079+00:00,142.3,12,bid,,,11108217
2026-07-07T17:02:56.987145,2026-07-07T17:02:56.999140+00:00,142.3,20,bid,,,11108236
2026-07-07T17:02:57.788956,2026-07-07T17:02:57.796012+00:00,142.3,3,bid,,,11108251
2026-07-07T17:02:58.580075,2026-07-07T17:02:58.584668+00:00,142.3,12,bid,,,11108261
2026-07-07T17:02:58.744984,2026-07-07T17:02:58.770279+00:00,142.2,200,ask,,,11108264
2026-07-07T17:02:58.765601,2026-07-07T17:02:58.770279+00:00,142.2,11,bid,,,11108266
2026-07-07T17:02:59.287237,2026-07-07T17:02:59.297509+00:00,142.2,200,bid,,,11108275
2026-07-07T17:03:04.589542,2026-07-07T17:03:04.599029+00:00,142.4,500,bid,,,11108350
2026-07-07T17:03:05.787254,2026-07-07T17:03:05.798441+00:00,142.4,200,bid,,,11108366
2026-07-07T17:03:07.364938,2026-07-07T17:03:07.369054+00:00,142.5,23,bid,,,11108385
2026-07-07T17:03:08.969922,2026-07-07T17:03:08.980254+00:00,142.4,200,ask,,,11108407
2026-07-07T17:03:10.179821,2026-07-07T17:03:10.190790+00:00,142.4,200,ask,,,11108416
2026-07-07T17:03:11.243072,2026-07-07T17:03:11.253549+00:00,142.5,500,bid,,,11108433
2026-07-07T17:03:11.836145,2026-07-07T17:03:11.847757+00:00,142.4,200,bid,,,11108440
2026-07-07T17:03:12.600095,2026-07-07T17:03:12.610358+00:00,142.5,200,ask,,,11108453
2026-07-07T17:03:13.811898,2026-07-07T17:03:13.821658+00:00,142.5,200,ask,,,11108461
2026-07-07T17:03:15.839261,2026-07-07T17:03:15.843457+00:00,142.5,3,bid,,,11108490
2026-07-07T17:03:16.852484,2026-07-07T17:03:16.864201+00:00,142.4,20,ask,,,11108500
2026-07-07T17:03:17.134592,2026-07-07T17:03:17.143576+00:00,142.4,180,ask,,,11108504
2026-07-07T17:03:17.134592,2026-07-07T17:03:17.143576+00:00,142.3,445,ask,,,11108505
2026-07-07T17:03:19.879385,2026-07-07T17:03:19.888859+00:00,142.6,200,bid,,,11108541
2026-07-07T17:03:25.156879,2026-07-07T17:03:25.163797+00:00,142.6,200,bid,,,11108604
2026-07-07T17:03:25.156879,2026-07-07T17:03:25.169397+00:00,142.6,300,bid,,,11108605
2026-07-07T17:03:25.751549,2026-07-07T17:03:25.758846+00:00,142.6,325,bid,,,11108615
2026-07-07T17:03:26.410846,2026-07-07T17:03:26.415078+00:00,142.7,8,bid,,,11108631
2026-07-07T17:03:29.624223,2026-07-07T17:03:29.628389+00:00,142.8,23,bid,,,11108668
2026-07-07T17:03:32.897294,2026-07-07T17:03:32.904222+00:00,142.8,200,bid,,,11108701
2026-07-07T17:03:33.212856,2026-07-07T17:03:33.219508+00:00,142.8,200,ask,,,11108708
2026-07-07T17:03:33.261971,2026-07-07T17:03:33.273626+00:00,143.0,20,bid,,,11108710
2026-07-07T17:03:34.211074,2026-07-07T17:03:34.218201+00:00,142.7,500,ask,,,11108720
2026-07-07T17:03:34.233549,2026-07-07T17:03:34.237484+00:00,142.7,3,bid,,,11108722
2026-07-07T17:03:34.248212,2026-07-07T17:03:34.258371+00:00,142.7,122,bid,,,11108723
2026-07-07T17:03:35.517791,2026-07-07T17:03:35.527268+00:00,142.9,200,bid,,,11108734
2026-07-07T17:03:35.638845,2026-07-07T17:03:35.647591+00:00,142.9,200,ask,,,11108738
2026-07-07T17:03:36.107822,2026-07-07T17:03:36.118718+00:00,143.2,20,bid,,,11108743
2026-07-07T17:03:38.060664,2026-07-07T17:03:38.069449+00:00,142.7,200,ask,,,11108766
2026-07-07T17:03:38.159334,2026-07-07T17:03:38.162804+00:00,142.7,14,bid,,,11108768
2026-07-07T17:03:38.173840,2026-07-07T17:03:38.185188+00:00,142.7,45,bid,,,11108769
2026-07-07T17:03:39.136055,2026-07-07T17:03:39.139738+00:00,142.5,14,ask,,,11108785
2026-07-07T17:03:39.147609,2026-07-07T17:03:39.158634+00:00,142.5,45,ask,,,11108787
2026-07-07T17:03:39.269464,2026-07-07T17:03:39.276784+00:00,142.7,200,bid,,,11108789
2026-07-07T17:03:39.314768,2026-07-07T17:03:39.322206+00:00,142.7,20,bid,,,11108791
2026-07-07T17:03:40.342828,2026-07-07T17:03:40.350308+00:00,142.9,20,bid,,,11108811
2026-07-07T17:03:44.474489,2026-07-07T17:03:44.481428+00:00,142.7,20,ask,,,11108862
2026-07-07T17:03:45.157952,2026-07-07T17:03:45.169485+00:00,142.8,200,bid,,,11108870
2026-07-07T17:03:45.157952,2026-07-07T17:03:45.169485+00:00,142.9,300,bid,,,11108871
2026-07-07T17:03:50.674665,2026-07-07T17:03:50.686352+00:00,142.8,20,ask,,,11108947
2026-07-07T17:03:51.257904,2026-07-07T17:03:51.269126+00:00,142.8,180,ask,,,11108952
2026-07-07T17:03:51.401537,2026-07-07T17:03:51.407980+00:00,142.8,200,bid,,,11108953
2026-07-07T17:03:53.640764,2026-07-07T17:03:53.653914+00:00,142.9,20,bid,,,11108981
2026-07-07T17:03:55.218271,2026-07-07T17:03:55.230331+00:00,142.9,20,bid,,,11109008
2026-07-07T17:03:55.844297,2026-07-07T17:03:55.851764+00:00,142.9,20,bid,,,11109017
2026-07-07T17:03:56.248777,2026-07-07T17:03:56.263999+00:00,142.7,200,ask,,,11109023
2026-07-07T17:03:57.459477,2026-07-07T17:03:57.469470+00:00,142.8,200,ask,,,11109040
2026-07-07T17:03:57.800975,2026-07-07T17:03:57.808347+00:00,142.8,500,ask,,,11109045
2026-07-07T17:03:59.109587,2026-07-07T17:03:59.116988+00:00,142.7,200,bid,,,11109065
2026-07-07T17:03:59.131300,2026-07-07T17:03:59.135130+00:00,142.8,3,ask,,,11109068
2026-07-07T17:04:04.366946,2026-07-07T17:04:04.375421+00:00,142.7,200,ask,,,11109129
2026-07-07T17:04:04.366946,2026-07-07T17:04:04.380625+00:00,142.7,425,ask,,,11109130
2026-07-07T17:04:04.478699,2026-07-07T17:04:04.483099+00:00,142.7,11,ask,,,11109132
2026-07-07T17:04:04.563276,2026-07-07T17:04:04.567518+00:00,142.8,12,ask,,,11109135
2026-07-07T17:04:05.937021,2026-07-07T17:04:05.944008+00:00,142.8,200,ask,,,11109160
2026-07-07T17:04:06.370967,2026-07-07T17:04:06.374711+00:00,142.9,11,ask,,,11109172
2026-07-07T17:04:06.986031,2026-07-07T17:04:06.996265+00:00,142.9,500,ask,,,11109175
2026-07-07T17:04:07.335795,2026-07-07T17:04:07.346138+00:00,142.6,12,ask,,,11109188
2026-07-07T17:04:07.543042,2026-07-07T17:04:07.550965+00:00,142.8,200,bid,,,11109192
2026-07-07T17:04:07.543042,2026-07-07T17:04:07.550965+00:00,142.9,125,bid,,,11109193
2026-07-07T17:04:07.571856,2026-07-07T17:04:07.580665+00:00,142.9,20,ask,,,11109196
2026-07-07T17:04:07.576683,2026-07-07T17:04:07.580665+00:00,142.9,12,ask,,,11109197
2026-07-07T17:04:07.596649,2026-07-07T17:04:07.606769+00:00,143.7,12,bid,,,11109198
2026-07-07T17:04:08.297746,2026-07-07T17:04:08.308716+00:00,143.1,500,ask,,,11109213
2026-07-07T17:04:08.358303,2026-07-07T17:04:08.369888+00:00,142.9,200,ask,,,11109215
2026-07-07T17:04:08.748687,2026-07-07T17:04:08.755447+00:00,143.1,125,bid,,,11109221
2026-07-07T17:04:10.786180,2026-07-07T17:04:10.792819+00:00,143.0,200,ask,,,11109247
2026-07-07T17:04:10.804575,2026-07-07T17:04:10.808703+00:00,143.3,23,bid,,,11109249
2026-07-07T17:04:10.934439,2026-07-07T17:04:10.938481+00:00,143.2,12,bid,,,11109254
2026-07-07T17:04:13.539956,2026-07-07T17:04:13.558649+00:00,143.0,200,ask,,,11109292
2026-07-07T17:04:13.610391,2026-07-07T17:04:13.620694+00:00,143.0,425,bid,,,11109295
2026-07-07T17:04:13.909470,2026-07-07T17:04:13.921083+00:00,143.0,12,ask,,,11109301
2026-07-07T17:04:14.565406,2026-07-07T17:04:14.569430+00:00,143.0,12,ask,,,11109307
2026-07-07T17:04:14.683486,2026-07-07T17:04:14.687585+00:00,143.0,11,ask,,,11109309
2026-07-07T17:04:14.848347,2026-07-07T17:04:14.868578+00:00,143.1,200,bid,,,11109310
2026-07-07T17:04:14.864413,2026-07-07T17:04:14.868578+00:00,143.2,1,ask,,,11109312
2026-07-07T17:04:14.875578,2026-07-07T17:04:14.879539+00:00,143.2,11,ask,,,11109314
2026-07-07T17:04:14.932266,2026-07-07T17:04:14.940629+00:00,143.4,12,bid,,,11109315
2026-07-07T17:04:15.618894,2026-07-07T17:04:15.628895+00:00,143.2,200,ask,,,11109329
2026-07-07T17:04:18.043617,2026-07-07T17:04:18.058613+00:00,143.2,200,ask,,,11109360
2026-07-07T17:04:19.253851,2026-07-07T17:04:19.264819+00:00,143.3,200,bid,,,11109374
2026-07-07T17:04:20.448923,2026-07-07T17:04:20.455326+00:00,143.3,20,ask,,,11109392
2026-07-07T17:04:22.858591,2026-07-07T17:04:22.870039+00:00,143.3,20,ask,,,11109408
2026-07-07T17:04:25.317075,2026-07-07T17:04:25.324135+00:00,143.3,20,ask,,,11109443
2026-07-07T17:04:26.529150,2026-07-07T17:04:26.542088+00:00,143.6,200,bid,,,11109461
2026-07-07T17:04:27.013058,2026-07-07T17:04:27.029167+00:00,143.6,20,bid,,,11109469
2026-07-07T17:04:28.178788,2026-07-07T17:04:28.189827+00:00,143.6,200,ask,,,11109475
2026-07-07T17:04:28.945524,2026-07-07T17:04:28.952669+00:00,143.6,200,bid,,,11109492
2026-07-07T17:04:29.287256,2026-07-07T17:04:29.296494+00:00,143.6,300,bid,,,11109496
2026-07-07T17:04:29.566750,2026-07-07T17:04:29.578694+00:00,143.6,20,ask,,,11109502
2026-07-07T17:04:32.575059,2026-07-07T17:04:32.582396+00:00,143.5,200,ask,,,11109535
2026-07-07T17:04:33.353007,2026-07-07T17:04:33.364807+00:00,143.7,20,bid,,,11109542
2026-07-07T17:04:33.783253,2026-07-07T17:04:33.792983+00:00,143.5,200,ask,,,11109548
2026-07-07T17:04:34.990947,2026-07-07T17:04:35.001019+00:00,143.4,200,ask,,,11109560
2026-07-07T17:04:36.939311,2026-07-07T17:04:36.950899+00:00,143.4,12,ask,,,11109581
2026-07-07T17:04:37.158499,2026-07-07T17:04:37.169861+00:00,143.4,188,ask,,,11109588
2026-07-07T17:04:37.408203,2026-07-07T17:04:37.416893+00:00,143.4,200,bid,,,11109594
2026-07-07T17:04:38.462753,2026-07-07T17:04:38.475334+00:00,143.4,12,bid,,,11109611
2026-07-07T17:04:39.575182,2026-07-07T17:04:39.586789+00:00,143.4,20,ask,,,11109625
2026-07-07T17:04:41.091595,2026-07-07T17:04:41.102797+00:00,143.4,200,bid,,,11109641
2026-07-07T17:04:42.248434,2026-07-07T17:04:42.258642+00:00,143.4,20,ask,,,11109655
2026-07-07T17:04:45.633579,2026-07-07T17:04:45.637176+00:00,143.4,12,bid,,,11109706
2026-07-07T17:04:45.977840,2026-07-07T17:04:45.989573+00:00,143.4,20,bid,,,11109712
2026-07-07T17:04:47.261633,2026-07-07T17:04:47.270520+00:00,143.2,3,ask,,,11109724
2026-07-07T17:04:52.037729,2026-07-07T17:04:52.044744+00:00,143.3,3,bid,,,11109783
2026-07-07T17:04:52.543628,2026-07-07T17:04:52.558596+00:00,143.2,12,ask,,,11109791
2026-07-07T17:04:54.213054,2026-07-07T17:04:54.223720+00:00,143.3,500,bid,,,11109813
2026-07-07T17:04:55.443572,2026-07-07T17:04:55.447669+00:00,143.5,12,ask,,,11109840
2026-07-07T17:04:55.579713,2026-07-07T17:04:55.587026+00:00,143.6,7,bid,,,11109843
2026-07-07T17:04:55.956519,2026-07-07T17:04:55.968285+00:00,143.6,20,bid,,,11109849
2026-07-07T17:04:56.874111,2026-07-07T17:04:56.895013+00:00,143.5,500,ask,,,11109863
2026-07-07T17:04:56.890756,2026-07-07T17:04:56.895013+00:00,143.5,12,bid,,,11109865
2026-07-07T17:04:57.216684,2026-07-07T17:04:57.224534+00:00,143.5,113,bid,,,11109870
2026-07-07T17:04:58.359571,2026-07-07T17:04:58.371290+00:00,143.7,5,bid,,,11109884
2026-07-07T17:05:02.131615,2026-07-07T17:05:02.143286+00:00,143.7,12,ask,,,11109942
2026-07-07T17:05:02.876851,2026-07-07T17:05:02.884671+00:00,143.7,200,ask,,,11109955
2026-07-07T17:05:04.085133,2026-07-07T17:05:04.092238+00:00,143.8,200,bid,,,11109971
2026-07-07T17:05:05.311194,2026-07-07T17:05:05.315028+00:00,143.8,12,ask,,,11109987
2026-07-07T17:05:06.409297,2026-07-07T17:05:06.420974+00:00,143.8,12,ask,,,11109998
2026-07-07T17:05:07.729774,2026-07-07T17:05:07.733647+00:00,143.9,11,ask,,,11110018
2026-07-07T17:05:07.924773,2026-07-07T17:05:07.936026+00:00,144.0,12,bid,,,11110022
2026-07-07T17:05:08.693991,2026-07-07T17:05:08.705863+00:00,143.9,12,ask,,,11110035
2026-07-07T17:05:08.951500,2026-07-07T17:05:08.958587+00:00,144.0,12,bid,,,11110041
2026-07-07T17:05:11.301435,2026-07-07T17:05:11.312522+00:00,144.0,200,bid,,,11110075
2026-07-07T17:05:11.320162,2026-07-07T17:05:11.324416+00:00,144.0,23,ask,,,11110077
2026-07-07T17:05:11.789446,2026-07-07T17:05:11.798183+00:00,144.0,402,ask,,,11110085
2026-07-07T17:05:12.224755,2026-07-07T17:05:12.236369+00:00,144.0,12,bid,,,11110096
2026-07-07T17:05:12.613006,2026-07-07T17:05:12.620001+00:00,144.0,200,ask,,,11110100
2026-07-07T17:05:12.732402,2026-07-07T17:05:12.739036+00:00,143.6,12,ask,,,11110103
2026-07-07T17:05:13.764050,2026-07-07T17:05:13.774321+00:00,143.8,200,bid,,,11110117
2026-07-07T17:05:15.241286,2026-07-07T17:05:15.263273+00:00,143.9,200,ask,,,11110130
2026-07-07T17:05:15.259162,2026-07-07T17:05:15.263273+00:00,143.7,23,bid,,,11110132
2026-07-07T17:05:16.189338,2026-07-07T17:05:16.199685+00:00,143.7,200,bid,,,11110147
2026-07-07T17:05:17.536314,2026-07-07T17:05:17.543334+00:00,143.6,12,ask,,,11110164
2026-07-07T17:05:17.863182,2026-07-07T17:05:17.874674+00:00,143.7,200,bid,,,11110168
2026-07-07T17:05:17.863182,2026-07-07T17:05:17.874674+00:00,143.8,425,bid,,,11110169
2026-07-07T17:05:18.603583,2026-07-07T17:05:18.610528+00:00,143.7,200,bid,,,11110181
2026-07-07T17:05:19.066398,2026-07-07T17:05:19.075160+00:00,142.9,12,ask,,,11110191
2026-07-07T17:05:19.811396,2026-07-07T17:05:19.822031+00:00,143.6,200,bid,,,11110200
2026-07-07T17:05:21.343422,2026-07-07T17:05:21.351721+00:00,143.5,12,ask,,,11110228
2026-07-07T17:05:24.654412,2026-07-07T17:05:24.658551+00:00,143.6,200,ask,,,11110258
2026-07-07T17:05:29.659843,2026-07-07T17:05:29.669333+00:00,143.5,200,ask,,,11110325
2026-07-07T17:05:33.123506,2026-07-07T17:05:33.135000+00:00,143.3,200,ask,,,11110378
2026-07-07T17:05:33.757771,2026-07-07T17:05:33.769436+00:00,143.5,12,bid,,,11110386
2026-07-07T17:05:34.904567,2026-07-07T17:05:34.912166+00:00,143.4,200,bid,,,11110410
2026-07-07T17:05:34.904567,2026-07-07T17:05:34.917409+00:00,143.4,425,bid,,,11110411
2026-07-07T17:05:36.028540,2026-07-07T17:05:36.040104+00:00,143.3,12,bid,,,11110422
2026-07-07T17:05:36.236277,2026-07-07T17:05:36.240266+00:00,143.1,11,bid,,,11110425
2026-07-07T17:05:36.748748,2026-07-07T17:05:36.758555+00:00,143.1,200,bid,,,11110436
2026-07-07T17:05:36.995930,2026-07-07T17:05:37.004682+00:00,142.9,20,ask,,,11110437
2026-07-07T17:05:37.956318,2026-07-07T17:05:37.965902+00:00,143.1,200,bid,,,11110447
2026-07-07T17:05:38.086844,2026-07-07T17:05:38.098504+00:00,143.1,12,bid,,,11110451
2026-07-07T17:05:41.588054,2026-07-07T17:05:41.597726+00:00,143.2,200,bid,,,11110495
2026-07-07T17:05:43.128766,2026-07-07T17:05:43.136068+00:00,143.2,12,ask,,,11110518
2026-07-07T17:05:45.660190,2026-07-07T17:05:45.669123+00:00,143.2,6,bid,,,11110548
2026-07-07T17:05:46.670609,2026-07-07T17:05:46.679660+00:00,143.2,6,bid,,,11110565
2026-07-07T17:05:46.925912,2026-07-07T17:05:46.935217+00:00,143.0,12,ask,,,11110569
2026-07-07T17:05:47.661530,2026-07-07T17:05:47.669819+00:00,143.1,200,bid,,,11110581
2026-07-07T17:05:49.370770,2026-07-07T17:05:49.381309+00:00,143.1,200,ask,,,11110605
2026-07-07T17:05:50.077370,2026-07-07T17:05:50.084752+00:00,143.0,200,bid,,,11110611
2026-07-07T17:05:50.351030,2026-07-07T17:05:50.358576+00:00,142.8,20,ask,,,11110613
2026-07-07T17:05:51.988940,2026-07-07T17:05:51.996270+00:00,143.2,200,bid,,,11110634
2026-07-07T17:05:52.007847,2026-07-07T17:05:52.011738+00:00,143.2,3,ask,,,11110636
2026-07-07T17:05:52.498279,2026-07-07T17:05:52.506617+00:00,143.2,200,ask,,,11110648
2026-07-07T17:05:53.250706,2026-07-07T17:05:53.258539+00:00,143.2,12,ask,,,11110664
2026-07-07T17:05:53.708331,2026-07-07T17:05:53.716451+00:00,143.1,200,bid,,,11110672
2026-07-07T17:05:54.919166,2026-07-07T17:05:54.926036+00:00,143.0,200,bid,,,11110685
2026-07-07T17:05:55.042577,2026-07-07T17:05:55.054326+00:00,142.8,12,ask,,,11110690
2026-07-07T17:05:55.932309,2026-07-07T17:05:55.936766+00:00,143.1,8,ask,,,11110701
2026-07-07T17:05:56.070819,2026-07-07T17:05:56.080778+00:00,143.2,8,bid,,,11110702
2026-07-07T17:05:57.077774,2026-07-07T17:05:57.089633+00:00,143.1,12,ask,,,11110718
2026-07-07T17:05:57.235525,2026-07-07T17:05:57.245056+00:00,143.2,200,bid,,,11110721
2026-07-07T17:05:57.252192,2026-07-07T17:05:57.256464+00:00,143.2,11,ask,,,11110723
2026-07-07T17:05:57.346774,2026-07-07T17:05:57.356469+00:00,143.2,200,ask,,,11110726
2026-07-07T17:05:59.854615,2026-07-07T17:05:59.856079+00:00,143.1,200,bid,,,11110757
2026-07-07T17:05:59.871177,2026-07-07T17:05:59.879932+00:00,143.4,12,bid,,,11110759
2026-07-07T17:06:01.408589,2026-07-07T17:06:01.418265+00:00,143.1,12,ask,,,11110779
2026-07-07T17:06:01.650412,2026-07-07T17:06:01.654723+00:00,143.1,12,ask,,,11110789
2026-07-07T17:06:01.674724,2026-07-07T17:06:01.682367+00:00,143.1,12,ask,,,11110791
2026-07-07T17:06:02.464858,2026-07-07T17:06:02.476695+00:00,143.0,12,ask,,,11110799
2026-07-07T17:06:03.410324,2026-07-07T17:06:03.420195+00:00,143.0,200,ask,,,11110817
2026-07-07T17:06:07.049913,2026-07-07T17:06:07.053755+00:00,143.2,200,ask,,,11110864
2026-07-07T17:06:07.746707,2026-07-07T17:06:07.758696+00:00,143.2,12,ask,,,11110873
2026-07-07T17:06:09.782471,2026-07-07T17:06:09.794124+00:00,143.2,12,ask,,,11110907
2026-07-07T17:06:11.822770,2026-07-07T17:06:11.830987+00:00,143.0,12,ask,,,11110937
2026-07-07T17:06:14.082412,2026-07-07T17:06:14.094061+00:00,142.9,12,ask,,,11110969
2026-07-07T17:06:14.337525,2026-07-07T17:06:14.341806+00:00,143.0,11,ask,,,11110973
2026-07-07T17:06:15.560054,2026-07-07T17:06:15.565765+00:00,143.1,6,ask,,,11110984
2026-07-07T17:06:15.869354,2026-07-07T17:06:15.876391+00:00,143.1,6,ask,,,11110987
2026-07-07T17:06:17.428744,2026-07-07T17:06:17.433595+00:00,143.2,6,bid,,,11111012
2026-07-07T17:06:19.153752,2026-07-07T17:06:19.151357+00:00,143.2,200,bid,,,11111033
2026-07-07T17:06:20.363121,2026-07-07T17:06:20.373954+00:00,143.2,200,bid,,,11111051
2026-07-07T17:06:22.158795,2026-07-07T17:06:22.162791+00:00,143.3,6,ask,,,11111073
2026-07-07T17:06:22.781990,2026-07-07T17:06:22.793361+00:00,143.3,200,ask,,,11111083
2026-07-07T17:06:24.446576,2026-07-07T17:06:24.458839+00:00,143.4,12,bid,,,11111115
2026-07-07T17:06:26.716280,2026-07-07T17:06:26.728319+00:00,143.1,12,ask,,,11111141
2026-07-07T17:06:30.327183,2026-07-07T17:06:30.337942+00:00,143.3,20,bid,,,11111196
2026-07-07T17:06:33.939812,2026-07-07T17:06:33.948576+00:00,143.1,200,ask,,,11111231
2026-07-07T17:06:34.874280,2026-07-07T17:06:34.881294+00:00,143.0,200,bid,,,11111250
2026-07-07T17:06:42.145717,2026-07-07T17:06:42.152831+00:00,143.1,200,bid,,,11111320
2026-07-07T17:06:45.743370,2026-07-07T17:06:45.751567+00:00,143.0,200,bid,,,11111368
2026-07-07T17:06:47.055732,2026-07-07T17:06:47.058644+00:00,143.1,200,ask,,,11111388
2026-07-07T17:06:47.441203,2026-07-07T17:06:47.450862+00:00,143.1,425,bid,,,11111398
2026-07-07T17:06:48.362679,2026-07-07T17:06:48.372154+00:00,143.2,200,bid,,,11111406
2026-07-07T17:06:49.397846,2026-07-07T17:06:49.408304+00:00,143.3,200,ask,,,11111422
2026-07-07T17:06:50.609517,2026-07-07T17:06:50.618237+00:00,143.3,200,ask,,,11111437
2026-07-07T17:06:50.984696,2026-07-07T17:06:50.992287+00:00,143.3,300,ask,,,11111441
2026-07-07T17:06:51.049060,2026-07-07T17:06:51.058548+00:00,143.3,325,bid,,,11111442
2026-07-07T17:06:51.817462,2026-07-07T17:06:51.824462+00:00,143.5,200,ask,,,11111458
2026-07-07T17:06:52.314579,2026-07-07T17:06:52.319234+00:00,143.5,6,bid,,,11111467
2026-07-07T17:06:53.608576,2026-07-07T17:06:53.614974+00:00,143.4,500,ask,,,11111480
2026-07-07T17:06:53.608576,2026-07-07T17:06:53.620218+00:00,143.3,125,ask,,,11111481
2026-07-07T17:06:55.451719,2026-07-07T17:06:55.483009+00:00,143.4,200,ask,,,11111501
2026-07-07T17:06:55.478758,2026-07-07T17:06:55.483009+00:00,143.4,6,ask,,,11111503
2026-07-07T17:06:55.686455,2026-07-07T17:06:55.696155+00:00,143.6,10,bid,,,11111507
2026-07-07T17:06:56.206556,2026-07-07T17:06:56.214629+00:00,143.4,9,ask,,,11111516
2026-07-07T17:06:56.660207,2026-07-07T17:06:56.670363+00:00,143.4,200,ask,,,11111523
2026-07-07T17:06:58.848919,2026-07-07T17:06:58.858563+00:00,143.5,500,ask,,,11111557
2026-07-07T17:07:00.299972,2026-07-07T17:07:00.308060+00:00,143.5,200,ask,,,11111576
2026-07-07T17:07:01.513572,2026-07-07T17:07:01.521495+00:00,143.4,200,ask,,,11111585
2026-07-07T17:07:02.721736,2026-07-07T17:07:02.730793+00:00,143.5,200,ask,,,11111607
2026-07-07T17:07:02.807627,2026-07-07T17:07:02.818401+00:00,143.5,300,ask,,,11111610
2026-07-07T17:07:03.157907,2026-07-07T17:07:03.169126+00:00,143.5,325,bid,,,11111616
2026-07-07T17:07:03.182557,2026-07-07T17:07:03.200250+00:00,143.5,20,ask,,,11111618
2026-07-07T17:07:04.115223,2026-07-07T17:07:04.124140+00:00,143.5,200,bid,,,11111619
2026-07-07T17:07:05.429509,2026-07-07T17:07:05.435832+00:00,143.6,200,ask,,,11111638
2026-07-07T17:07:06.360018,2026-07-07T17:07:06.368938+00:00,143.6,200,bid,,,11111650
2026-07-07T17:07:08.011247,2026-07-07T17:07:08.018640+00:00,143.7,200,bid,,,11111671
2026-07-07T17:07:08.788691,2026-07-07T17:07:08.795166+00:00,143.8,200,ask,,,11111681
2026-07-07T17:07:10.002894,2026-07-07T17:07:10.009756+00:00,143.9,200,ask,,,11111698
2026-07-07T17:07:10.424355,2026-07-07T17:07:10.431037+00:00,144.0,500,bid,,,11111702
2026-07-07T17:07:11.233426,2026-07-07T17:07:11.238359+00:00,144.1,6,bid,,,11111714
2026-07-07T17:07:12.427949,2026-07-07T17:07:12.437560+00:00,144.0,200,ask,,,11111731
2026-07-07T17:07:12.878190,2026-07-07T17:07:12.889926+00:00,144.3,11,bid,,,11111742
2026-07-07T17:07:13.309730,2026-07-07T17:07:13.313587+00:00,144.0,4,bid,,,11111746
2026-07-07T17:07:13.356210,2026-07-07T17:07:13.367703+00:00,144.0,20,bid,,,11111747
2026-07-07T17:07:14.393087,2026-07-07T17:07:14.404949+00:00,143.8,12,ask,,,11111767
2026-07-07T17:07:16.486349,2026-07-07T17:07:16.497683+00:00,143.9,200,bid,,,11111795
2026-07-07T17:07:17.712787,2026-07-07T17:07:17.720681+00:00,144.0,200,bid,,,11111813
2026-07-07T17:07:19.525095,2026-07-07T17:07:19.536982+00:00,144.1,200,bid,,,11111839
2026-07-07T17:07:19.525095,2026-07-07T17:07:19.536982+00:00,144.1,300,bid,,,11111840
2026-07-07T17:07:19.742919,2026-07-07T17:07:19.758614+00:00,144.1,12,bid,,,11111844
2026-07-07T17:07:23.047195,2026-07-07T17:07:23.058568+00:00,144.3,12,ask,,,11111874
2026-07-07T17:07:30.850497,2026-07-07T17:07:30.855510+00:00,144.4,20,bid,,,11111977
2026-07-07T17:07:32.616509,2026-07-07T17:07:32.628332+00:00,144.2,20,ask,,,11112001
2026-07-07T17:07:32.986565,2026-07-07T17:07:32.990344+00:00,144.3,7,bid,,,11112012
2026-07-07T17:07:32.992758,2026-07-07T17:07:33.005583+00:00,144.3,200,bid,,,11112013
2026-07-07T17:07:32.997730,2026-07-07T17:07:33.005583+00:00,144.3,20,bid,,,11112014
2026-07-07T17:07:34.199977,2026-07-07T17:07:34.208428+00:00,144.3,200,bid,,,11112032
2026-07-07T17:07:37.837546,2026-07-07T17:07:37.847769+00:00,144.5,200,bid,,,11112080
2026-07-07T17:07:37.845079,2026-07-07T17:07:37.853218+00:00,144.5,12,bid,,,11112081
2026-07-07T17:07:39.047858,2026-07-07T17:07:39.056328+00:00,144.5,200,bid,,,11112098
2026-07-07T17:07:39.517653,2026-07-07T17:07:39.527967+00:00,144.5,500,bid,,,11112099
2026-07-07T17:07:40.096853,2026-07-07T17:07:40.104304+00:00,144.5,125,ask,,,11112106
2026-07-07T17:07:40.256803,2026-07-07T17:07:40.258552+00:00,144.5,200,bid,,,11112111
2026-07-07T17:07:40.650225,2026-07-07T17:07:40.658583+00:00,144.5,12,bid,,,11112118
2026-07-07T17:07:40.856671,2026-07-07T17:07:40.860822+00:00,144.3,23,bid,,,11112122
2026-07-07T17:07:41.466165,2026-07-07T17:07:41.476732+00:00,144.3,200,bid,,,11112138
2026-07-07T17:07:42.410074,2026-07-07T17:07:42.421747+00:00,144.4,12,bid,,,11112155
2026-07-07T17:07:43.760520,2026-07-07T17:07:43.769683+00:00,144.3,200,ask,,,11112165
2026-07-07T17:07:44.933853,2026-07-07T17:07:44.945981+00:00,144.3,12,bid,,,11112191
2026-07-07T17:07:47.947658,2026-07-07T17:07:47.958759+00:00,144.1,12,ask,,,11112226
2026-07-07T17:07:49.251993,2026-07-07T17:07:49.264006+00:00,144.1,20,ask,,,11112244
2026-07-07T17:07:50.031378,2026-07-07T17:07:50.041322+00:00,144.1,200,ask,,,11112251
2026-07-07T17:07:51.341590,2026-07-07T17:07:51.350812+00:00,144.2,200,bid,,,11112268
2026-07-07T17:07:53.501682,2026-07-07T17:07:53.513388+00:00,144.2,12,ask,,,11112306
2026-07-07T17:07:54.795449,2026-07-07T17:07:54.805836+00:00,144.2,200,bid,,,11112323
2026-07-07T17:07:55.775148,2026-07-07T17:07:55.787325+00:00,143.9,12,ask,,,11112341
2026-07-07T17:07:56.029363,2026-07-07T17:07:56.034182+00:00,144.1,23,ask,,,11112349
2026-07-07T17:07:56.592479,2026-07-07T17:07:56.600087+00:00,144.1,177,ask,,,11112358
2026-07-07T17:07:57.600430,2026-07-07T17:07:57.611905+00:00,143.9,12,ask,,,11112374
2026-07-07T17:07:58.739181,2026-07-07T17:07:58.743774+00:00,144.1,12,bid,,,11112398
2026-07-07T17:07:58.920941,2026-07-07T17:07:58.930903+00:00,144.1,12,bid,,,11112399
2026-07-07T17:07:59.638857,2026-07-07T17:07:59.649910+00:00,144.1,200,bid,,,11112405
2026-07-07T17:08:01.830002,2026-07-07T17:08:01.840906+00:00,144.2,200,bid,,,11112428
2026-07-07T17:08:01.830002,2026-07-07T17:08:01.840906+00:00,144.3,425,bid,,,11112429
2026-07-07T17:08:02.009243,2026-07-07T17:08:02.018095+00:00,143.9,7,ask,,,11112433
2026-07-07T17:08:04.027338,2026-07-07T17:08:04.035775+00:00,144.0,5,ask,,,11112459
2026-07-07T17:08:08.269220,2026-07-07T17:08:08.274050+00:00,144.2,29,ask,,,11112515
2026-07-07T17:08:08.387879,2026-07-07T17:08:08.397783+00:00,144.2,171,ask,,,11112517
2026-07-07T17:08:11.178207,2026-07-07T17:08:11.189837+00:00,144.1,20,bid,,,11112553
2026-07-07T17:08:12.328502,2026-07-07T17:08:12.339696+00:00,144.1,500,bid,,,11112566
2026-07-07T17:08:12.827133,2026-07-07T17:08:12.834116+00:00,144.1,125,ask,,,11112574
2026-07-07T17:08:12.964723,2026-07-07T17:08:12.972510+00:00,144.1,200,bid,,,11112579
2026-07-07T17:08:14.156301,2026-07-07T17:08:14.168884+00:00,144.2,20,bid,,,11112606
2026-07-07T17:08:14.963423,2026-07-07T17:08:14.971889+00:00,144.1,200,ask,,,11112618
2026-07-07T17:08:15.384685,2026-07-07T17:08:15.394700+00:00,144.1,200,bid,,,11112624
2026-07-07T17:08:16.592300,2026-07-07T17:08:16.602370+00:00,144.3,200,bid,,,11112643
2026-07-07T17:08:19.021391,2026-07-07T17:08:19.030481+00:00,144.3,200,ask,,,11112685
2026-07-07T17:08:20.228720,2026-07-07T17:08:20.239676+00:00,144.3,200,ask,,,11112707
2026-07-07T17:08:21.549346,2026-07-07T17:08:21.552967+00:00,144.2,200,ask,,,11112723
2026-07-07T17:08:23.935437,2026-07-07T17:08:23.947041+00:00,144.4,20,bid,,,11112758
2026-07-07T17:08:24.466795,2026-07-07T17:08:24.474290+00:00,144.3,20,ask,,,11112764
2026-07-07T17:08:25.477262,2026-07-07T17:08:25.483951+00:00,144.4,200,bid,,,11112780
2026-07-07T17:08:25.539985,2026-07-07T17:08:25.549176+00:00,144.4,425,ask,,,11112781
2026-07-07T17:08:28.101338,2026-07-07T17:08:28.107734+00:00,144.1,200,ask,,,11112809
2026-07-07T17:08:28.118466,2026-07-07T17:08:28.122441+00:00,144.1,17,bid,,,11112811
2026-07-07T17:08:30.414186,2026-07-07T17:08:30.418374+00:00,144.0,17,ask,,,11112839
2026-07-07T17:08:30.807147,2026-07-07T17:08:30.819274+00:00,144.1,20,bid,,,11112844
2026-07-07T17:08:33.338176,2026-07-07T17:08:33.349565+00:00,144.1,200,bid,,,11112871
2026-07-07T17:08:34.652885,2026-07-07T17:08:34.658555+00:00,144.2,200,ask,,,11112884
2026-07-07T17:08:37.277969,2026-07-07T17:08:37.287512+00:00,144.2,200,ask,,,11112910
2026-07-07T17:08:38.397319,2026-07-07T17:08:38.407099+00:00,144.1,200,bid,,,11112925
2026-07-07T17:08:39.601019,2026-07-07T17:08:39.613031+00:00,144.0,20,ask,,,11112942
2026-07-07T17:08:45.503708,2026-07-07T17:08:45.515468+00:00,144.0,500,bid,,,11113005
2026-07-07T17:08:45.664253,2026-07-07T17:08:45.671951+00:00,144.0,125,bid,,,11113007
2026-07-07T17:08:46.455488,2026-07-07T17:08:46.458571+00:00,144.2,200,bid,,,11113014
2026-07-07T17:08:46.886755,2026-07-07T17:08:46.895963+00:00,144.2,200,ask,,,11113023
2026-07-07T17:08:48.019254,2026-07-07T17:08:48.028647+00:00,144.1,20,bid,,,11113040
2026-07-07T17:08:48.095562,2026-07-07T17:08:48.103041+00:00,144.1,200,bid,,,11113044
2026-07-07T17:08:48.990630,2026-07-07T17:08:49.002286+00:00,143.9,20,ask,,,11113055
2026-07-07T17:08:50.388034,2026-07-07T17:08:50.395168+00:00,144.1,200,ask,,,11113071
2026-07-07T17:08:50.512322,2026-07-07T17:08:50.519532+00:00,144.1,200,bid,,,11113074
2026-07-07T17:08:53.007885,2026-07-07T17:08:53.018084+00:00,144.4,200,bid,,,11113106
2026-07-07T17:08:56.674020,2026-07-07T17:08:56.683972+00:00,144.4,12,bid,,,11113168
2026-07-07T17:08:57.795345,2026-07-07T17:08:57.799368+00:00,144.3,6,bid,,,11113191
2026-07-07T17:08:58.718535,2026-07-07T17:08:58.726778+00:00,144.3,12,bid,,,11113206
2026-07-07T17:08:58.995765,2026-07-07T17:08:59.005194+00:00,144.2,200,ask,,,11113210
2026-07-07T17:09:00.176839,2026-07-07T17:09:00.188636+00:00,144.1,20,ask,,,11113221
2026-07-07T17:09:00.217483,2026-07-07T17:09:00.222168+00:00,144.2,11,bid,,,11113224
2026-07-07T17:09:00.257648,2026-07-07T17:09:00.268419+00:00,144.1,11,ask,,,11113225
2026-07-07T17:09:00.513337,2026-07-07T17:09:00.521647+00:00,144.1,12,ask,,,11113230
2026-07-07T17:09:01.413589,2026-07-07T17:09:01.422698+00:00,143.9,200,ask,,,11113250
2026-07-07T17:09:02.475703,2026-07-07T17:09:02.486555+00:00,144.0,500,bid,,,11113260
2026-07-07T17:09:03.069860,2026-07-07T17:09:03.079235+00:00,144.0,125,bid,,,11113267
2026-07-07T17:09:03.069860,2026-07-07T17:09:03.079235+00:00,144.0,200,bid,,,11113268
2026-07-07T17:09:03.100065,2026-07-07T17:09:03.104030+00:00,144.1,17,ask,,,11113270
2026-07-07T17:09:03.836663,2026-07-07T17:09:03.844041+00:00,144.1,200,ask,,,11113280
2026-07-07T17:09:05.044062,2026-07-07T17:09:05.051993+00:00,144.1,200,ask,,,11113290
2026-07-07T17:09:06.250672,2026-07-07T17:09:06.258603+00:00,144.2,200,ask,,,11113311
2026-07-07T17:09:06.724873,2026-07-07T17:09:06.734871+00:00,144.3,500,bid,,,11113317
2026-07-07T17:09:07.321560,2026-07-07T17:09:07.332165+00:00,144.3,125,bid,,,11113325
2026-07-07T17:09:07.457638,2026-07-07T17:09:07.467374+00:00,144.3,200,ask,,,11113326
2026-07-07T17:09:08.669985,2026-07-07T17:09:08.676681+00:00,144.4,200,ask,,,11113344
2026-07-07T17:09:09.881869,2026-07-07T17:09:09.892651+00:00,144.4,200,ask,,,11113358
2026-07-07T17:09:11.089181,2026-07-07T17:09:11.097679+00:00,144.4,200,ask,,,11113370
2026-07-07T17:09:11.380653,2026-07-07T17:09:11.392459+00:00,144.5,11,bid,,,11113375
2026-07-07T17:09:12.546569,2026-07-07T17:09:12.558550+00:00,144.4,20,ask,,,11113389
2026-07-07T17:09:15.162016,2026-07-07T17:09:15.169033+00:00,144.5,12,ask,,,11113432
2026-07-07T17:09:15.230729,2026-07-07T17:09:15.235715+00:00,144.6,6,bid,,,11113436
2026-07-07T17:09:15.687640,2026-07-07T17:09:15.699587+00:00,144.6,12,bid,,,11113444
2026-07-07T17:09:18.351609,2026-07-07T17:09:18.358590+00:00,144.6,200,ask,,,11113485
2026-07-07T17:09:19.574887,2026-07-07T17:09:19.578951+00:00,144.6,11,bid,,,11113502
2026-07-07T17:09:20.572850,2026-07-07T17:09:20.582566+00:00,144.4,200,ask,,,11113517
2026-07-07T17:09:20.572850,2026-07-07T17:09:20.582566+00:00,144.4,425,ask,,,11113518
2026-07-07T17:09:21.226205,2026-07-07T17:09:21.238066+00:00,144.7,12,bid,,,11113526
2026-07-07T17:09:21.739935,2026-07-07T17:09:21.748227+00:00,144.4,12,ask,,,11113533
2026-07-07T17:09:21.995547,2026-07-07T17:09:22.006527+00:00,144.6,12,bid,,,11113540
2026-07-07T17:09:24.177352,2026-07-07T17:09:24.181520+00:00,144.6,12,bid,,,11113570
2026-07-07T17:09:24.510134,2026-07-07T17:09:24.521358+00:00,144.5,500,ask,,,11113573
2026-07-07T17:09:24.510134,2026-07-07T17:09:24.521358+00:00,144.5,125,ask,,,11113574
2026-07-07T17:09:24.529984,2026-07-07T17:09:24.542137+00:00,144.8,20,bid,,,11113575
2026-07-07T17:09:25.269609,2026-07-07T17:09:25.279089+00:00,144.8,12,bid,,,11113594
2026-07-07T17:09:28.033443,2026-07-07T17:09:28.041804+00:00,144.6,200,bid,,,11113632
2026-07-07T17:09:32.551760,2026-07-07T17:09:32.558614+00:00,144.6,12,ask,,,11113690
2026-07-07T17:09:34.085523,2026-07-07T17:09:34.093880+00:00,144.6,200,ask,,,11113715
2026-07-07T17:09:35.157596,2026-07-07T17:09:35.169086+00:00,144.6,500,bid,,,11113727
2026-07-07T17:09:35.564693,2026-07-07T17:09:35.574191+00:00,144.6,12,bid,,,11113740
2026-07-07T17:09:36.297317,2026-07-07T17:09:36.304488+00:00,144.6,200,bid,,,11113751
2026-07-07T17:09:36.501588,2026-07-07T17:09:36.509245+00:00,144.7,200,ask,,,11113757
2026-07-07T17:09:37.078252,2026-07-07T17:09:37.086473+00:00,144.7,12,ask,,,11113762
2026-07-07T17:09:38.851326,2026-07-07T17:09:38.860249+00:00,144.7,12,bid,,,11113789
2026-07-07T17:09:38.933883,2026-07-07T17:09:38.940593+00:00,144.6,200,bid,,,11113790
2026-07-07T17:09:40.127880,2026-07-07T17:09:40.136664+00:00,144.6,200,ask,,,11113806
2026-07-07T17:09:40.608961,2026-07-07T17:09:40.619642+00:00,144.6,500,bid,,,11113810
2026-07-07T17:09:43.691868,2026-07-07T17:09:43.696055+00:00,144.7,12,ask,,,11113848
2026-07-07T17:09:46.323659,2026-07-07T17:09:46.328329+00:00,144.8,12,bid,,,11113884
2026-07-07T17:09:46.673607,2026-07-07T17:09:46.684932+00:00,144.8,500,bid,,,11113885
2026-07-07T17:09:46.813851,2026-07-07T17:09:46.820886+00:00,144.8,200,bid,,,11113887
2026-07-07T17:09:49.241178,2026-07-07T17:09:49.252841+00:00,145.0,24,bid,,,11113925
2026-07-07T17:09:49.554487,2026-07-07T17:09:49.566370+00:00,144.9,20,ask,,,11113927
2026-07-07T17:09:49.826475,2026-07-07T17:09:49.837609+00:00,144.9,200,ask,,,11113929
2026-07-07T17:09:50.016937,2026-07-07T17:09:50.028373+00:00,145.1,12,bid,,,11113934
2026-07-07T17:09:50.759726,2026-07-07T17:09:50.763516+00:00,144.8,34,bid,,,11113948
2026-07-07T17:09:51.040911,2026-07-07T17:09:51.050916+00:00,144.8,12,bid,,,11113952
2026-07-07T17:09:52.458518,2026-07-07T17:09:52.470007+00:00,144.6,20,ask,,,11113973
2026-07-07T17:09:53.326303,2026-07-07T17:09:53.335683+00:00,144.7,12,bid,,,11113989
2026-07-07T17:09:55.893710,2026-07-07T17:09:55.902566+00:00,144.7,200,bid,,,11114033
2026-07-07T17:09:57.106224,2026-07-07T17:09:57.114940+00:00,144.8,200,bid,,,11114045
2026-07-07T17:09:57.323152,2026-07-07T17:09:57.327011+00:00,144.7,12,ask,,,11114049
2026-07-07T17:09:57.372342,2026-07-07T17:09:57.380616+00:00,144.9,12,bid,,,11114054
2026-07-07T17:10:01.431605,2026-07-07T17:10:01.438670+00:00,145.0,12,bid,,,11114096
2026-07-07T17:10:01.954705,2026-07-07T17:10:01.958642+00:00,144.8,200,ask,,,11114109
2026-07-07T17:10:03.161051,2026-07-07T17:10:03.170657+00:00,144.7,200,bid,,,11114123
2026-07-07T17:10:05.365402,2026-07-07T17:10:05.369934+00:00,144.6,22,ask,,,11114156
2026-07-07T17:10:05.472210,2026-07-07T17:10:05.483709+00:00,144.6,12,ask,,,11114157
2026-07-07T17:10:06.788127,2026-07-07T17:10:06.797963+00:00,144.8,200,bid,,,11114172
2026-07-07T17:10:07.997739,2026-07-07T17:10:08.006792+00:00,144.8,200,bid,,,11114192
2026-07-07T17:10:09.514930,2026-07-07T17:10:09.525531+00:00,144.7,12,ask,,,11114212
2026-07-07T17:10:10.449457,2026-07-07T17:10:10.454102+00:00,144.8,200,bid,,,11114219
2026-07-07T17:10:10.474572,2026-07-07T17:10:10.479692+00:00,144.8,12,ask,,,11114221
2026-07-07T17:10:10.556801,2026-07-07T17:10:10.564254+00:00,144.8,12,ask,,,11114226
2026-07-07T17:10:11.342862,2026-07-07T17:10:11.352048+00:00,144.8,12,ask,,,11114244
2026-07-07T17:10:11.640813,2026-07-07T17:10:11.651850+00:00,144.8,200,ask,,,11114248
2026-07-07T17:10:12.871559,2026-07-07T17:10:12.883092+00:00,144.5,12,ask,,,11114258
2026-07-07T17:10:14.062769,2026-07-07T17:10:14.072398+00:00,144.7,200,bid,,,11114277
2026-07-07T17:10:16.774809,2026-07-07T17:10:16.786564+00:00,144.9,20,bid,,,11114301
2026-07-07T17:10:17.003083,2026-07-07T17:10:17.010315+00:00,144.9,180,bid,,,11114304
2026-07-07T17:10:17.021686,2026-07-07T17:10:17.026180+00:00,144.9,17,ask,,,11114306
2026-07-07T17:10:17.150225,2026-07-07T17:10:17.163880+00:00,144.9,12,ask,,,11114308
2026-07-07T17:10:25.470017,2026-07-07T17:10:25.479531+00:00,145.2,12,bid,,,11114420
2026-07-07T17:10:25.976107,2026-07-07T17:10:25.988133+00:00,145.1,12,ask,,,11114429
2026-07-07T17:10:29.411750,2026-07-07T17:10:29.422057+00:00,145.1,20,bid,,,11114472
2026-07-07T17:10:31.779058,2026-07-07T17:10:31.790534+00:00,145.2,12,bid,,,11114491
2026-07-07T17:10:32.185943,2026-07-07T17:10:32.197759+00:00,145.2,20,bid,,,11114501
2026-07-07T17:10:33.799986,2026-07-07T17:10:33.804983+00:00,145.2,17,bid,,,11114516
2026-07-07T17:10:34.049447,2026-07-07T17:10:34.058608+00:00,145.2,12,bid,,,11114520
2026-07-07T17:10:35.894655,2026-07-07T17:10:35.899130+00:00,145.1,12,bid,,,11114544
2026-07-07T17:10:36.080791,2026-07-07T17:10:36.089858+00:00,145.1,12,bid,,,11114547
2026-07-07T17:10:38.353254,2026-07-07T17:10:38.365101+00:00,145.1,12,bid,,,11114571
2026-07-07T17:10:40.622573,2026-07-07T17:10:40.626637+00:00,145.0,11,bid,,,11114602
2026-07-07T17:10:41.932181,2026-07-07T17:10:41.943555+00:00,145.0,200,bid,,,11114623
2026-07-07T17:10:43.140063,2026-07-07T17:10:43.148891+00:00,145.0,200,bid,,,11114642
2026-07-07T17:10:44.824428,2026-07-07T17:10:44.835145+00:00,145.1,200,bid,,,11114659
2026-07-07T17:10:44.824428,2026-07-07T17:10:44.835145+00:00,145.1,300,bid,,,11114660
2026-07-07T17:10:45.422843,2026-07-07T17:10:45.434137+00:00,145.1,325,bid,,,11114669
2026-07-07T17:10:45.564738,2026-07-07T17:10:45.574380+00:00,145.1,175,ask,,,11114672
2026-07-07T17:10:45.840162,2026-07-07T17:10:45.848736+00:00,145.0,25,bid,,,11114677
2026-07-07T17:10:45.854556,2026-07-07T17:10:45.858701+00:00,145.2,11,ask,,,11114679
2026-07-07T17:10:46.780907,2026-07-07T17:10:46.787794+00:00,145.3,200,ask,,,11114692
2026-07-07T17:10:47.988582,2026-07-07T17:10:47.999880+00:00,145.4,200,ask,,,11114702
2026-07-07T17:10:49.073218,2026-07-07T17:10:49.083856+00:00,145.5,500,bid,,,11114715
2026-07-07T17:10:49.201928,2026-07-07T17:10:49.215296+00:00,145.3,200,ask,,,11114720
2026-07-07T17:10:49.668855,2026-07-07T17:10:49.680447+00:00,145.5,125,bid,,,11114724
2026-07-07T17:10:50.414478,2026-07-07T17:10:50.421840+00:00,145.5,200,ask,,,11114734
2026-07-07T17:10:51.108709,2026-07-07T17:10:51.118436+00:00,145.5,500,ask,,,11114747
2026-07-07T17:10:51.475621,2026-07-07T17:10:51.484224+00:00,145.5,125,bid,,,11114750
2026-07-07T17:10:51.625127,2026-07-07T17:10:51.636143+00:00,145.5,200,ask,,,11114754
2026-07-07T17:10:52.836537,2026-07-07T17:10:52.847725+00:00,145.6,200,ask,,,11114776
2026-07-07T17:10:53.748699,2026-07-07T17:10:53.753328+00:00,145.7,11,bid,,,11114789
2026-07-07T17:10:53.849882,2026-07-07T17:10:53.860726+00:00,145.7,20,bid,,,11114790
2026-07-07T17:10:54.049023,2026-07-07T17:10:54.058564+00:00,145.5,200,ask,,,11114792
2026-07-07T17:10:54.993381,2026-07-07T17:10:55.001058+00:00,145.7,12,bid,,,11114807
2026-07-07T17:10:55.038669,2026-07-07T17:10:55.058650+00:00,145.5,500,ask,,,11114809
2026-07-07T17:10:55.054617,2026-07-07T17:10:55.058650+00:00,145.4,34,bid,,,11114811
2026-07-07T17:10:55.117858,2026-07-07T17:10:55.125778+00:00,145.4,91,bid,,,11114813
2026-07-07T17:10:55.999973,2026-07-07T17:10:56.004949+00:00,145.5,11,ask,,,11114828
2026-07-07T17:10:56.597619,2026-07-07T17:10:56.601536+00:00,145.5,12,ask,,,11114836
2026-07-07T17:10:57.304201,2026-07-07T17:10:57.311933+00:00,145.5,12,ask,,,11114858
2026-07-07T17:10:57.557236,2026-07-07T17:10:57.561094+00:00,145.6,11,ask,,,11114864
2026-07-07T17:10:58.985141,2026-07-07T17:10:59.007352+00:00,145.7,200,bid,,,11114883
2026-07-07T17:10:59.002989,2026-07-07T17:10:59.007352+00:00,145.8,23,ask,,,11114885
2026-07-07T17:10:59.592490,2026-07-07T17:10:59.601818+00:00,145.8,12,ask,,,11114897
2026-07-07T17:11:00.105043,2026-07-07T17:11:00.113215+00:00,145.8,200,ask,,,11114907
2026-07-07T17:11:01.314281,2026-07-07T17:11:01.324649+00:00,145.6,200,ask,,,11114920
2026-07-07T17:11:02.383880,2026-07-07T17:11:02.391403+00:00,145.5,12,ask,,,11114936
2026-07-07T17:11:02.413337,2026-07-07T17:11:02.427903+00:00,145.5,20,ask,,,11114939
2026-07-07T17:11:02.639682,2026-07-07T17:11:02.651489+00:00,145.5,12,ask,,,11114947
2026-07-07T17:11:02.918609,2026-07-07T17:11:02.925968+00:00,145.5,200,ask,,,11114950
2026-07-07T17:11:03.658238,2026-07-07T17:11:03.669796+00:00,145.3,12,ask,,,11114965
2026-07-07T17:11:04.944854,2026-07-07T17:11:04.955101+00:00,145.5,200,bid,,,11114983
2026-07-07T17:11:05.330229,2026-07-07T17:11:05.342398+00:00,145.5,20,bid,,,11114987
2026-07-07T17:11:06.853281,2026-07-07T17:11:06.857848+00:00,145.5,200,ask,,,11115001
2026-07-07T17:11:08.165847,2026-07-07T17:11:08.169895+00:00,145.5,200,bid,,,11115027
2026-07-07T17:11:08.673597,2026-07-07T17:11:08.678191+00:00,145.6,23,bid,,,11115039
2026-07-07T17:11:08.715533,2026-07-07T17:11:08.724852+00:00,145.6,12,bid,,,11115042
2026-07-07T17:11:09.819525,2026-07-07T17:11:09.823065+00:00,145.5,11,bid,,,11115059
2026-07-07T17:11:09.992141,2026-07-07T17:11:10.004085+00:00,145.5,12,bid,,,11115062
2026-07-07T17:11:11.016499,2026-07-07T17:11:11.023043+00:00,145.4,200,ask,,,11115073
2026-07-07T17:11:12.226379,2026-07-07T17:11:12.234236+00:00,145.3,200,ask,,,11115087
2026-07-07T17:11:13.437436,2026-07-07T17:11:13.446073+00:00,145.2,200,ask,,,11115094
2026-07-07T17:11:14.059277,2026-07-07T17:11:14.071212+00:00,145.4,12,bid,,,11115104
2026-07-07T17:11:14.722804,2026-07-07T17:11:14.733692+00:00,145.3,500,ask,,,11115110
2026-07-07T17:11:16.032004,2026-07-07T17:11:16.039377+00:00,145.4,200,bid,,,11115126
2026-07-07T17:11:16.050893,2026-07-07T17:11:16.054762+00:00,145.6,11,ask,,,11115128
2026-07-07T17:11:17.064275,2026-07-07T17:11:17.075388+00:00,145.6,200,ask,,,11115142
2026-07-07T17:11:18.285928,2026-07-07T17:11:18.289860+00:00,145.5,11,bid,,,11115164
2026-07-07T17:11:18.371853,2026-07-07T17:11:18.380214+00:00,145.5,12,bid,,,11115165
2026-07-07T17:11:18.884521,2026-07-07T17:11:18.894694+00:00,145.5,3,bid,,,11115172
2026-07-07T17:11:19.145316,2026-07-07T17:11:19.158550+00:00,145.5,3,bid,,,11115176
2026-07-07T17:11:19.405742,2026-07-07T17:11:19.416941+00:00,145.5,3,bid,,,11115180
2026-07-07T17:11:19.664261,2026-07-07T17:11:19.672067+00:00,145.5,3,bid,,,11115183
2026-07-07T17:11:19.924827,2026-07-07T17:11:19.931698+00:00,145.5,3,bid,,,11115189
2026-07-07T17:11:20.430079,2026-07-07T17:11:20.438106+00:00,145.6,12,bid,,,11115194
2026-07-07T17:11:21.270737,2026-07-07T17:11:21.279303+00:00,145.5,200,bid,,,11115208
2026-07-07T17:11:22.038896,2026-07-07T17:11:22.048785+00:00,145.8,20,bid,,,11115216
2026-07-07T17:11:23.204999,2026-07-07T17:11:23.216980+00:00,145.6,11,ask,,,11115229
2026-07-07T17:11:23.910735,2026-07-07T17:11:23.920970+00:00,145.6,189,ask,,,11115237
2026-07-07T17:11:24.498313,2026-07-07T17:11:24.502200+00:00,145.5,23,bid,,,11115251
2026-07-07T17:11:24.739736,2026-07-07T17:11:24.746542+00:00,145.5,15,bid,,,11115260
2026-07-07T17:11:25.259352,2026-07-07T17:11:25.270866+00:00,145.7,3,bid,,,11115266
2026-07-07T17:11:27.026990,2026-07-07T17:11:27.035834+00:00,145.7,20,bid,,,11115289
2026-07-07T17:11:29.156613,2026-07-07T17:11:29.163621+00:00,145.6,200,ask,,,11115319
2026-07-07T17:11:29.175741,2026-07-07T17:11:29.184698+00:00,145.6,200,bid,,,11115323
2026-07-07T17:11:30.564929,2026-07-07T17:11:30.577243+00:00,145.5,20,ask,,,11115340
2026-07-07T17:11:33.263330,2026-07-07T17:11:33.274291+00:00,145.6,500,ask,,,11115374
2026-07-07T17:11:33.867961,2026-07-07T17:11:33.874896+00:00,145.6,125,ask,,,11115380
2026-07-07T17:11:33.867961,2026-07-07T17:11:33.880150+00:00,145.5,200,ask,,,11115381
2026-07-07T17:11:34.067076,2026-07-07T17:11:34.071050+00:00,145.4,11,ask,,,11115392
2026-07-07T17:11:35.679273,2026-07-07T17:11:35.689901+00:00,145.4,200,ask,,,11115409
2026-07-07T17:11:37.236486,2026-07-07T17:11:37.241333+00:00,145.4,34,bid,,,11115426
2026-07-07T17:11:38.333185,2026-07-07T17:11:38.343364+00:00,145.3,200,ask,,,11115440
2026-07-07T17:11:38.871814,2026-07-07T17:11:38.879618+00:00,145.1,200,bid,,,11115449
2026-07-07T17:11:39.642764,2026-07-07T17:11:39.654403+00:00,145.1,500,bid,,,11115452
2026-07-07T17:11:39.917691,2026-07-07T17:11:39.928720+00:00,145.2,125,ask,,,11115453
2026-07-07T17:11:40.528032,2026-07-07T17:11:40.536198+00:00,145.1,200,ask,,,11115461
2026-07-07T17:11:41.291147,2026-07-07T17:11:41.302395+00:00,144.9,200,bid,,,11115473
2026-07-07T17:11:41.625559,2026-07-07T17:11:41.636570+00:00,144.8,12,ask,,,11115479
2026-07-07T17:11:41.733305,2026-07-07T17:11:41.742994+00:00,144.8,500,ask,,,11115480
2026-07-07T17:11:42.500465,2026-07-07T17:11:42.508008+00:00,144.7,200,bid,,,11115493
2026-07-07T17:11:43.605961,2026-07-07T17:11:43.609897+00:00,144.6,34,ask,,,11115513
2026-07-07T17:11:43.712189,2026-07-07T17:11:43.720433+00:00,144.8,200,bid,,,11115516
2026-07-07T17:11:46.140793,2026-07-07T17:11:46.151143+00:00,144.7,200,bid,,,11115548
2026-07-07T17:11:47.525730,2026-07-07T17:11:47.532575+00:00,144.7,200,bid,,,11115563
2026-07-07T17:11:47.543453,2026-07-07T17:11:47.547563+00:00,144.7,12,ask,,,11115565
2026-07-07T17:11:47.662998,2026-07-07T17:11:47.674679+00:00,144.9,12,bid,,,11115566
2026-07-07T17:11:47.918976,2026-07-07T17:11:47.925687+00:00,144.7,12,ask,,,11115570
2026-07-07T17:11:48.024578,2026-07-07T17:11:48.035547+00:00,144.7,20,ask,,,11115572
2026-07-07T17:11:50.148715,2026-07-07T17:11:50.149624+00:00,144.7,200,bid,,,11115600
2026-07-07T17:11:52.232335,2026-07-07T17:11:52.242645+00:00,144.8,12,ask,,,11115630
2026-07-07T17:11:56.706201,2026-07-07T17:11:56.717045+00:00,144.6,200,ask,,,11115692
2026-07-07T17:11:58.017176,2026-07-07T17:11:58.026470+00:00,144.5,200,ask,,,11115709
2026-07-07T17:11:59.920797,2026-07-07T17:11:59.924895+00:00,144.4,11,ask,,,11115731
2026-07-07T17:12:01.950588,2026-07-07T17:12:01.968048+00:00,144.4,200,bid,,,11115758
2026-07-07T17:12:01.964202,2026-07-07T17:12:01.968048+00:00,144.5,11,ask,,,11115760
2026-07-07T17:12:02.346760,2026-07-07T17:12:02.358604+00:00,144.5,12,ask,,,11115763
2026-07-07T17:12:03.108000,2026-07-07T17:12:03.118054+00:00,144.5,200,ask,,,11115773
2026-07-07T17:12:03.854471,2026-07-07T17:12:03.866253+00:00,144.4,12,ask,,,11115780
2026-07-07T17:12:04.318686,2026-07-07T17:12:04.329203+00:00,144.4,200,ask,,,11115787
2026-07-07T17:12:04.864028,2026-07-07T17:12:04.875747+00:00,144.6,12,bid,,,11115796
2026-07-07T17:12:05.530424,2026-07-07T17:12:05.539564+00:00,144.4,200,ask,,,11115804
2026-07-07T17:12:08.818679,2026-07-07T17:12:08.830527+00:00,144.3,20,ask,,,11115840
2026-07-07T17:12:09.137045,2026-07-07T17:12:09.144485+00:00,144.5,12,bid,,,11115851
2026-07-07T17:12:09.830050,2026-07-07T17:12:09.833830+00:00,144.3,22,bid,,,11115860
2026-07-07T17:12:10.230236,2026-07-07T17:12:10.237673+00:00,144.3,12,bid,,,11115868
2026-07-07T17:12:10.385615,2026-07-07T17:12:10.393003+00:00,144.3,200,bid,,,11115872
2026-07-07T17:12:13.993708,2026-07-07T17:12:14.004521+00:00,144.2,12,ask,,,11115924
2026-07-07T17:12:15.913908,2026-07-07T17:12:15.925864+00:00,144.3,20,bid,,,11115948
2026-07-07T17:12:17.678640,2026-07-07T17:12:17.686710+00:00,144.3,200,bid,,,11115972
2026-07-07T17:12:18.863601,2026-07-07T17:12:18.873906+00:00,144.3,200,ask,,,11115982
2026-07-07T17:12:19.037787,2026-07-07T17:12:19.048908+00:00,144.4,3,bid,,,11115986
2026-07-07T17:12:19.299093,2026-07-07T17:12:19.309745+00:00,144.4,3,bid,,,11115992
2026-07-07T17:12:19.570099,2026-07-07T17:12:19.579606+00:00,144.4,15,bid,,,11116000
2026-07-07T17:12:19.636164,2026-07-07T17:12:19.647903+00:00,144.4,20,bid,,,11116002
2026-07-07T17:12:21.630751,2026-07-07T17:12:21.634887+00:00,144.3,12,bid,,,11116024
2026-07-07T17:12:21.847467,2026-07-07T17:12:21.858615+00:00,144.3,3,bid,,,11116029
2026-07-07T17:12:22.927843,2026-07-07T17:12:22.948699+00:00,144.2,200,ask,,,11116040
2026-07-07T17:12:22.944603,2026-07-07T17:12:22.948699+00:00,144.1,23,bid,,,11116042
2026-07-07T17:12:23.702910,2026-07-07T17:12:23.710344+00:00,144.1,200,bid,,,11116062
2026-07-07T17:12:25.343780,2026-07-07T17:12:25.353334+00:00,144.2,20,bid,,,11116080
2026-07-07T17:12:28.663496,2026-07-07T17:12:28.675509+00:00,144.1,20,ask,,,11116115
2026-07-07T17:12:31.673402,2026-07-07T17:12:31.684473+00:00,144.2,20,bid,,,11116172
2026-07-07T17:12:35.823382,2026-07-07T17:12:35.833889+00:00,144.1,200,bid,,,11116237
2026-07-07T17:12:37.347683,2026-07-07T17:12:37.352792+00:00,144.1,200,bid,,,11116255
2026-07-07T17:12:37.406992,2026-07-07T17:12:37.410936+00:00,144.1,35,ask,,,11116258
2026-07-07T17:12:38.691173,2026-07-07T17:12:38.702055+00:00,144.2,200,ask,,,11116280
2026-07-07T17:12:40.000946,2026-07-07T17:12:40.011833+00:00,144.1,200,ask,,,11116296
2026-07-07T17:12:40.515911,2026-07-07T17:12:40.519874+00:00,143.9,23,bid,,,11116303
2026-07-07T17:12:40.659402,2026-07-07T17:12:40.670444+00:00,143.9,200,bid,,,11116306
2026-07-07T17:12:41.203612,2026-07-07T17:12:41.215345+00:00,143.9,20,bid,,,11116317
2026-07-07T17:12:43.931764,2026-07-07T17:12:43.941006+00:00,144.0,200,ask,,,11116355
2026-07-07T17:12:47.869022,2026-07-07T17:12:47.878613+00:00,144.2,200,bid,,,11116407
2026-07-07T17:12:47.933742,2026-07-07T17:12:47.942972+00:00,144.2,200,ask,,,11116409
2026-07-07T17:12:49.142145,2026-07-07T17:12:49.158579+00:00,144.2,200,ask,,,11116429
2026-07-07T17:12:50.348593,2026-07-07T17:12:50.358604+00:00,144.0,200,bid,,,11116439
2026-07-07T17:12:51.822594,2026-07-07T17:12:51.826693+00:00,144.0,11,ask,,,11116463
2026-07-07T17:12:52.495570,2026-07-07T17:12:52.507506+00:00,144.0,20,ask,,,11116473
2026-07-07T17:12:52.779366,2026-07-07T17:12:52.789441+00:00,144.0,200,ask,,,11116481
2026-07-07T17:12:54.441363,2026-07-07T17:12:54.445542+00:00,143.9,11,bid,,,11116506
2026-07-07T17:12:55.203092,2026-07-07T17:12:55.211402+00:00,143.9,200,bid,,,11116512
2026-07-07T17:12:56.222003,2026-07-07T17:12:56.229785+00:00,143.9,500,bid,,,11116521
2026-07-07T17:12:56.817557,2026-07-07T17:12:56.825936+00:00,143.9,125,bid,,,11116532
2026-07-07T17:12:57.038889,2026-07-07T17:12:57.047498+00:00,144.0,200,bid,,,11116535
2026-07-07T17:12:57.059174,2026-07-07T17:12:57.063775+00:00,144.3,11,ask,,,11116537
2026-07-07T17:12:57.620037,2026-07-07T17:12:57.628391+00:00,144.3,200,ask,,,11116553
2026-07-07T17:12:59.658367,2026-07-07T17:12:59.670079+00:00,144.2,200,bid,,,11116589
2026-07-07T17:13:00.040920,2026-07-07T17:13:00.050248+00:00,144.2,200,ask,,,11116592
2026-07-07T17:13:00.972553,2026-07-07T17:13:00.993355+00:00,144.0,200,ask,,,11116597
2026-07-07T17:13:00.989080,2026-07-07T17:13:00.993355+00:00,144.0,34,bid,,,11116599
2026-07-07T17:13:01.244995,2026-07-07T17:13:01.258545+00:00,144.0,200,bid,,,11116604
2026-07-07T17:13:02.714501,2026-07-07T17:13:02.718370+00:00,144.0,11,ask,,,11116632
2026-07-07T17:13:04.112650,2026-07-07T17:13:04.116315+00:00,144.1,12,ask,,,11116652
2026-07-07T17:13:06.528360,2026-07-07T17:13:06.532884+00:00,144.2,11,ask,,,11116689
2026-07-07T17:13:07.315807,2026-07-07T17:13:07.323138+00:00,144.2,200,ask,,,11116699
2026-07-07T17:13:09.043780,2026-07-07T17:13:09.048763+00:00,144.1,12,ask,,,11116717
2026-07-07T17:13:09.741637,2026-07-07T17:13:09.749219+00:00,144.1,200,ask,,,11116722
2026-07-07T17:13:10.172715,2026-07-07T17:13:10.176487+00:00,144.2,11,ask,,,11116732
2026-07-07T17:13:10.179024,2026-07-07T17:13:10.197127+00:00,144.2,489,ask,,,11116733
2026-07-07T17:13:10.399468,2026-07-07T17:13:10.410881+00:00,144.0,12,ask,,,11116740
2026-07-07T17:13:10.735528,2026-07-07T17:13:10.743161+00:00,144.2,136,bid,,,11116744
2026-07-07T17:13:11.353046,2026-07-07T17:13:11.358557+00:00,144.3,200,bid,,,11116754
2026-07-07T17:13:11.384749,2026-07-07T17:13:11.389842+00:00,144.3,11,ask,,,11116756
2026-07-07T17:13:11.451945,2026-07-07T17:13:11.459398+00:00,144.3,10,ask,,,11116760
2026-07-07T17:13:11.507383,2026-07-07T17:13:11.512360+00:00,144.4,12,ask,,,11116762
2026-07-07T17:13:12.161757,2026-07-07T17:13:12.168772+00:00,144.4,200,ask,,,11116772
2026-07-07T17:13:12.210070,2026-07-07T17:13:12.214502+00:00,144.7,23,bid,,,11116775
2026-07-07T17:13:12.227013,2026-07-07T17:13:12.235252+00:00,144.7,9,bid,,,11116776
2026-07-07T17:13:13.372610,2026-07-07T17:13:13.382355+00:00,144.4,200,ask,,,11116792
2026-07-07T17:13:14.584751,2026-07-07T17:13:14.592388+00:00,144.4,200,ask,,,11116809
2026-07-07T17:13:15.794579,2026-07-07T17:13:15.802317+00:00,144.4,200,ask,,,11116821
2026-07-07T17:13:16.034291,2026-07-07T17:13:16.041519+00:00,144.4,12,ask,,,11116829
2026-07-07T17:13:16.740400,2026-07-07T17:13:16.744240+00:00,144.6,11,ask,,,11116840
2026-07-07T17:13:17.002645,2026-07-07T17:13:17.010139+00:00,144.6,200,ask,,,11116844
2026-07-07T17:13:17.310852,2026-07-07T17:13:17.319692+00:00,144.6,12,ask,,,11116850
2026-07-07T17:13:18.591199,2026-07-07T17:13:18.597948+00:00,144.4,12,ask,,,11116864
2026-07-07T17:13:19.429865,2026-07-07T17:13:19.436529+00:00,144.4,200,ask,,,11116876
2026-07-07T17:13:19.454650,2026-07-07T17:13:19.461886+00:00,144.6,20,bid,,,11116877
2026-07-07T17:13:20.111504,2026-07-07T17:13:20.121379+00:00,144.5,12,ask,,,11116890
2026-07-07T17:13:20.679813,2026-07-07T17:13:20.689078+00:00,144.5,200,ask,,,11116893
2026-07-07T17:13:20.894243,2026-07-07T17:13:20.901497+00:00,144.4,12,ask,,,11116896
2026-07-07T17:13:21.587180,2026-07-07T17:13:21.598646+00:00,144.5,20,bid,,,11116899
2026-07-07T17:13:23.302501,2026-07-07T17:13:23.309876+00:00,144.5,200,ask,,,11116923
2026-07-07T17:13:24.066640,2026-07-07T17:13:24.073232+00:00,144.5,425,bid,,,11116939
2026-07-07T17:13:24.613050,2026-07-07T17:13:24.632911+00:00,144.6,200,bid,,,11116948
2026-07-07T17:13:24.628926,2026-07-07T17:13:24.632911+00:00,144.6,4,ask,,,11116950
2026-07-07T17:13:24.696665,2026-07-07T17:13:24.706592+00:00,144.6,12,ask,,,11116951
2026-07-07T17:13:24.866281,2026-07-07T17:13:24.870529+00:00,144.8,4,bid,,,11116956
2026-07-07T17:13:24.960495,2026-07-07T17:13:24.969903+00:00,144.8,12,bid,,,11116958
2026-07-07T17:13:25.215407,2026-07-07T17:13:25.227338+00:00,144.8,12,bid,,,11116962
2026-07-07T17:13:25.496151,2026-07-07T17:13:25.500186+00:00,144.7,11,bid,,,11116970
2026-07-07T17:13:28.551946,2026-07-07T17:13:28.560178+00:00,144.7,500,ask,,,11117002
2026-07-07T17:13:28.651200,2026-07-07T17:13:28.658542+00:00,144.6,20,ask,,,11117004
2026-07-07T17:13:28.763060,2026-07-07T17:13:28.774761+00:00,144.6,12,ask,,,11117007
2026-07-07T17:13:28.912249,2026-07-07T17:13:28.919657+00:00,144.7,125,bid,,,11117009
2026-07-07T17:13:29.125466,2026-07-07T17:13:29.137415+00:00,144.7,200,ask,,,11117014
2026-07-07T17:13:29.879019,2026-07-07T17:13:29.882883+00:00,144.8,11,ask,,,11117025
2026-07-07T17:13:30.751212,2026-07-07T17:13:30.754813+00:00,144.9,12,ask,,,11117037
2026-07-07T17:13:31.193363,2026-07-07T17:13:31.197888+00:00,145.0,23,bid,,,11117042
2026-07-07T17:13:31.358937,2026-07-07T17:13:31.368772+00:00,145.0,12,bid,,,11117048
2026-07-07T17:13:31.540662,2026-07-07T17:13:31.549925+00:00,144.9,200,ask,,,11117051
2026-07-07T17:13:32.748687,2026-07-07T17:13:32.759159+00:00,144.9,200,ask,,,11117064
2026-07-07T17:13:35.181925,2026-07-07T17:13:35.186712+00:00,144.9,11,ask,,,11117096
2026-07-07T17:13:35.653579,2026-07-07T17:13:35.665188+00:00,144.9,12,ask,,,11117099
2026-07-07T17:13:37.582642,2026-07-07T17:13:37.590669+00:00,145.1,200,bid,,,11117128
2026-07-07T17:13:41.955010,2026-07-07T17:13:41.956015+00:00,145.0,12,ask,,,11117174
2026-07-07T17:13:42.243968,2026-07-07T17:13:42.254500+00:00,145.3,20,bid,,,11117178
2026-07-07T17:13:43.637976,2026-07-07T17:13:43.649241+00:00,145.0,200,ask,,,11117196
2026-07-07T17:13:44.215365,2026-07-07T17:13:44.224324+00:00,145.0,12,ask,,,11117206
2026-07-07T17:13:44.299990,2026-07-07T17:13:44.310273+00:00,145.2,20,bid,,,11117207
2026-07-07T17:13:44.848113,2026-07-07T17:13:44.863947+00:00,144.9,200,ask,,,11117209
2026-07-07T17:13:46.056330,2026-07-07T17:13:46.058615+00:00,145.0,200,ask,,,11117221
2026-07-07T17:13:47.016080,2026-07-07T17:13:47.027882+00:00,145.2,20,bid,,,11117234
2026-07-07T17:13:47.268970,2026-07-07T17:13:47.275777+00:00,145.0,200,ask,,,11117236
2026-07-07T17:13:50.506793,2026-07-07T17:13:50.518725+00:00,145.1,12,bid,,,11117279
2026-07-07T17:13:50.905799,2026-07-07T17:13:50.913170+00:00,145.0,200,ask,,,11117285
2026-07-07T17:13:52.519082,2026-07-07T17:13:52.529346+00:00,145.0,12,ask,,,11117312
2026-07-07T17:13:53.322142,2026-07-07T17:13:53.329399+00:00,145.0,200,ask,,,11117318
2026-07-07T17:13:54.540344,2026-07-07T17:13:54.550087+00:00,145.1,12,bid,,,11117333
2026-07-07T17:13:56.058460,2026-07-07T17:13:56.069316+00:00,145.0,12,ask,,,11117351
2026-07-07T17:14:01.086565,2026-07-07T17:14:01.094298+00:00,145.1,12,bid,,,11117400
2026-07-07T17:14:02.645613,2026-07-07T17:14:02.652202+00:00,145.1,200,bid,,,11117425
2026-07-07T17:14:03.022390,2026-07-07T17:14:03.031642+00:00,145.2,200,ask,,,11117434
2026-07-07T17:14:03.115741,2026-07-07T17:14:03.127443+00:00,145.3,12,bid,,,11117435
2026-07-07T17:14:03.975907,2026-07-07T17:14:03.980124+00:00,145.1,11,bid,,,11117448
2026-07-07T17:14:05.282395,2026-07-07T17:14:05.286726+00:00,145.0,11,bid,,,11117470
2026-07-07T17:14:05.652010,2026-07-07T17:14:05.658560+00:00,145.0,12,bid,,,11117475
2026-07-07T17:14:06.835225,2026-07-07T17:14:06.839683+00:00,145.0,20,bid,,,11117493
2026-07-07T17:14:09.193791,2026-07-07T17:14:09.202906+00:00,145.0,200,bid,,,11117521
2026-07-07T17:14:09.209450,2026-07-07T17:14:09.213509+00:00,145.1,22,ask,,,11117523
2026-07-07T17:14:09.504203,2026-07-07T17:14:09.512500+00:00,145.1,12,ask,,,11117527
2026-07-07T17:14:10.292504,2026-07-07T17:14:10.299485+00:00,145.1,200,ask,,,11117541
2026-07-07T17:14:10.530486,2026-07-07T17:14:10.535984+00:00,145.0,11,bid,,,11117544
2026-07-07T17:14:11.499791,2026-07-07T17:14:11.506488+00:00,145.0,200,bid,,,11117570
2026-07-07T17:14:12.706377,2026-07-07T17:14:12.714468+00:00,145.1,200,bid,,,11117579
2026-07-07T17:14:14.465347,2026-07-07T17:14:14.469960+00:00,145.0,11,ask,,,11117596
2026-07-07T17:14:15.145654,2026-07-07T17:14:15.149599+00:00,145.1,12,ask,,,11117605
2026-07-07T17:14:15.890312,2026-07-07T17:14:15.900509+00:00,145.1,12,ask,,,11117617
2026-07-07T17:14:16.344217,2026-07-07T17:14:16.358572+00:00,145.1,200,ask,,,11117619
2026-07-07T17:14:18.378593,2026-07-07T17:14:18.389002+00:00,145.0,200,ask,,,11117641
2026-07-07T17:14:18.676861,2026-07-07T17:14:18.688581+00:00,144.8,12,ask,,,11117645
2026-07-07T17:14:18.802198,2026-07-07T17:14:18.813580+00:00,145.0,20,bid,,,11117648
2026-07-07T17:14:18.932473,2026-07-07T17:14:18.944300+00:00,144.9,12,ask,,,11117650
2026-07-07T17:14:19.103871,2026-07-07T17:14:19.114092+00:00,144.9,20,ask,,,11117653
2026-07-07T17:14:19.691025,2026-07-07T17:14:19.700625+00:00,144.9,168,ask,,,11117667
2026-07-07T17:14:19.944594,2026-07-07T17:14:19.954276+00:00,144.9,20,bid,,,11117669
2026-07-07T17:14:22.223904,2026-07-07T17:14:22.233942+00:00,144.7,12,ask,,,11117698
2026-07-07T17:14:22.394694,2026-07-07T17:14:22.405952+00:00,144.8,200,bid,,,11117700
2026-07-07T17:14:23.636144,2026-07-07T17:14:23.640529+00:00,144.8,11,ask,,,11117714
2026-07-07T17:14:24.233119,2026-07-07T17:14:24.244493+00:00,144.8,9,ask,,,11117719
2026-07-07T17:14:26.035585,2026-07-07T17:14:26.043212+00:00,144.9,200,bid,,,11117746
2026-07-07T17:14:29.680162,2026-07-07T17:14:29.690221+00:00,144.8,200,ask,,,11117793
2026-07-07T17:14:30.537001,2026-07-07T17:14:30.548873+00:00,144.9,12,bid,,,11117808
2026-07-07T17:14:31.496219,2026-07-07T17:14:31.507669+00:00,144.8,200,bid,,,11117817
2026-07-07T17:14:35.750116,2026-07-07T17:14:35.759198+00:00,144.7,200,ask,,,11117869
2026-07-07T17:14:37.578086,2026-07-07T17:14:37.582200+00:00,144.7,11,bid,,,11117891
2026-07-07T17:14:38.172729,2026-07-07T17:14:38.182057+00:00,144.6,200,ask,,,11117900
2026-07-07T17:14:40.602295,2026-07-07T17:14:40.609705+00:00,144.6,200,bid,,,11117937
2026-07-07T17:14:40.655573,2026-07-07T17:14:40.657711+00:00,144.4,9,ask,,,11117939
2026-07-07T17:14:43.019160,2026-07-07T17:14:43.026192+00:00,144.8,200,bid,,,11117966
2026-07-07T17:14:43.302697,2026-07-07T17:14:43.306705+00:00,144.7,11,ask,,,11117970
2026-07-07T17:14:44.183395,2026-07-07T17:14:44.193476+00:00,144.9,12,bid,,,11117980
2026-07-07T17:14:45.237284,2026-07-07T17:14:45.247186+00:00,145.0,12,bid,,,11117993
2026-07-07T17:14:46.664681,2026-07-07T17:14:46.675768+00:00,144.7,200,ask,,,11118010
2026-07-07T17:14:47.265945,2026-07-07T17:14:47.270009+00:00,144.8,11,bid,,,11118018
2026-07-07T17:14:47.509874,2026-07-07T17:14:47.521984+00:00,144.8,12,bid,,,11118023
2026-07-07T17:14:47.657031,2026-07-07T17:14:47.658574+00:00,144.8,20,bid,,,11118024
2026-07-07T17:14:49.093374,2026-07-07T17:14:49.097378+00:00,144.6,12,bid,,,11118044
2026-07-07T17:14:49.872177,2026-07-07T17:14:49.881468+00:00,144.6,188,bid,,,11118053
2026-07-07T17:14:52.692854,2026-07-07T17:14:52.699899+00:00,144.8,20,bid,,,11118079
2026-07-07T17:14:53.829443,2026-07-07T17:14:53.837114+00:00,144.7,12,ask,,,11118093
2026-07-07T17:14:53.925510,2026-07-07T17:14:53.933876+00:00,144.7,200,ask,,,11118094
2026-07-07T17:14:56.286476,2026-07-07T17:14:56.298188+00:00,144.6,20,bid,,,11118136
2026-07-07T17:14:57.605263,2026-07-07T17:14:57.614724+00:00,144.5,12,ask,,,11118155
2026-07-07T17:14:59.814202,2026-07-07T17:14:59.818224+00:00,144.4,12,ask,,,11118186
2026-07-07T17:15:01.689382,2026-07-07T17:15:01.694279+00:00,144.5,11,ask,,,11118210
2026-07-07T17:15:05.391893,2026-07-07T17:15:05.403493+00:00,144.3,12,ask,,,11118264
2026-07-07T17:15:09.475052,2026-07-07T17:15:09.486983+00:00,144.4,12,bid,,,11118317
2026-07-07T17:15:10.026249,2026-07-07T17:15:10.037239+00:00,144.4,200,bid,,,11118322
2026-07-07T17:15:10.026249,2026-07-07T17:15:10.037239+00:00,144.5,300,bid,,,11118323
2026-07-07T17:15:10.853185,2026-07-07T17:15:10.856961+00:00,144.7,5,ask,,,11118336
2026-07-07T17:15:10.909341,2026-07-07T17:15:10.917663+00:00,144.7,200,ask,,,11118337
2026-07-07T17:15:12.119359,2026-07-07T17:15:12.128392+00:00,144.7,200,ask,,,11118357
2026-07-07T17:15:12.775674,2026-07-07T17:15:12.788439+00:00,144.7,12,bid,,,11118366
2026-07-07T17:15:13.329924,2026-07-07T17:15:13.338005+00:00,144.6,200,ask,,,11118372
2026-07-07T17:15:14.541717,2026-07-07T17:15:14.548598+00:00,144.6,200,ask,,,11118386
2026-07-07T17:15:14.848669,2026-07-07T17:15:14.859843+00:00,144.7,500,bid,,,11118390
2026-07-07T17:15:15.790719,2026-07-07T17:15:15.800454+00:00,144.6,12,ask,,,11118414
2026-07-07T17:15:16.078080,2026-07-07T17:15:16.088235+00:00,144.7,125,bid,,,11118415
2026-07-07T17:15:19.224458,2026-07-07T17:15:19.228186+00:00,145.0,16,bid,,,11118467
2026-07-07T17:15:21.593033,2026-07-07T17:15:21.604852+00:00,145.2,20,bid,,,11118490
2026-07-07T17:15:22.785584,2026-07-07T17:15:22.794988+00:00,145.2,12,bid,,,11118508
2026-07-07T17:15:23.291695,2026-07-07T17:15:23.303402+00:00,145.2,12,bid,,,11118516
2026-07-07T17:15:23.985914,2026-07-07T17:15:23.989861+00:00,145.1,12,bid,,,11118529
2026-07-07T17:15:25.562229,2026-07-07T17:15:25.574245+00:00,145.1,12,bid,,,11118559
2026-07-07T17:15:27.606946,2026-07-07T17:15:27.615281+00:00,145.1,12,bid,,,11118584
2026-07-07T17:15:27.895900,2026-07-07T17:15:27.902584+00:00,145.1,200,bid,,,11118585
2026-07-07T17:15:27.895900,2026-07-07T17:15:27.907858+00:00,145.2,425,bid,,,11118586
2026-07-07T17:15:31.882815,2026-07-07T17:15:31.891125+00:00,145.0,12,bid,,,11118629
2026-07-07T17:15:32.425663,2026-07-07T17:15:32.434782+00:00,144.9,200,ask,,,11118636
2026-07-07T17:15:33.154710,2026-07-07T17:15:33.158624+00:00,144.8,200,ask,,,11118649
2026-07-07T17:15:33.911414,2026-07-07T17:15:33.919592+00:00,144.8,200,bid,,,11118656
2026-07-07T17:15:34.617272,2026-07-07T17:15:34.621840+00:00,144.9,11,bid,,,11118667
2026-07-07T17:15:34.687991,2026-07-07T17:15:34.694861+00:00,144.9,12,bid,,,11118668
2026-07-07T17:15:35.473727,2026-07-07T17:15:35.485302+00:00,144.8,500,ask,,,11118677
2026-07-07T17:15:35.791893,2026-07-07T17:15:35.795888+00:00,144.8,11,bid,,,11118687
2026-07-07T17:15:36.206382,2026-07-07T17:15:36.215235+00:00,144.7,12,ask,,,11118695
2026-07-07T17:15:37.213568,2026-07-07T17:15:37.225296+00:00,144.7,12,ask,,,11118713
2026-07-07T17:15:38.232456,2026-07-07T17:15:38.244248+00:00,144.6,5,ask,,,11118733
2026-07-07T17:15:38.395532,2026-07-07T17:15:38.406037+00:00,144.6,195,ask,,,11118735
2026-07-07T17:15:38.751409,2026-07-07T17:15:38.755888+00:00,144.4,7,ask,,,11118739
2026-07-07T17:15:38.765358,2026-07-07T17:15:38.774118+00:00,144.6,200,bid,,,11118740
2026-07-07T17:15:40.260431,2026-07-07T17:15:40.272195+00:00,144.6,12,bid,,,11118767
2026-07-07T17:15:40.854521,2026-07-07T17:15:40.866561+00:00,144.5,20,ask,,,11118773
2026-07-07T17:15:41.198284,2026-07-07T17:15:41.209342+00:00,144.5,200,ask,,,11118779
2026-07-07T17:15:42.873648,2026-07-07T17:15:42.885759+00:00,144.4,20,ask,,,11118811
2026-07-07T17:15:43.945935,2026-07-07T17:15:43.954601+00:00,144.4,200,ask,,,11118823
2026-07-07T17:15:44.564939,2026-07-07T17:15:44.574949+00:00,144.4,12,bid,,,11118835
2026-07-07T17:15:44.825320,2026-07-07T17:15:44.833750+00:00,144.4,200,bid,,,11118837
2026-07-07T17:15:45.144989,2026-07-07T17:15:45.164206+00:00,144.3,500,ask,,,11118843
2026-07-07T17:15:46.377795,2026-07-07T17:15:46.385656+00:00,144.2,200,ask,,,11118861
2026-07-07T17:15:47.267173,2026-07-07T17:15:47.274521+00:00,144.1,200,ask,,,11118872
2026-07-07T17:15:48.784892,2026-07-07T17:15:48.791646+00:00,144.1,200,ask,,,11118901
2026-07-07T17:15:49.607162,2026-07-07T17:15:49.619091+00:00,144.2,12,bid,,,11118915
2026-07-07T17:15:50.873608,2026-07-07T17:15:50.881710+00:00,144.1,12,ask,,,11118931
2026-07-07T17:15:51.128896,2026-07-07T17:15:51.136422+00:00,144.0,12,ask,,,11118938
2026-07-07T17:15:52.487233,2026-07-07T17:15:52.494347+00:00,144.0,20,ask,,,11118958
2026-07-07T17:15:54.109663,2026-07-07T17:15:54.113306+00:00,144.0,11,ask,,,11118981
2026-07-07T17:15:54.157218,2026-07-07T17:15:54.168370+00:00,144.1,20,bid,,,11118983
2026-07-07T17:15:56.042617,2026-07-07T17:15:56.049416+00:00,143.9,500,ask,,,11119002
2026-07-07T17:15:56.917487,2026-07-07T17:15:56.927904+00:00,143.9,3,bid,,,11119019
2026-07-07T17:15:56.973479,2026-07-07T17:15:56.982772+00:00,143.9,20,bid,,,11119020
2026-07-07T17:15:57.172627,2026-07-07T17:15:57.179570+00:00,143.9,9,bid,,,11119025
2026-07-07T17:15:58.693487,2026-07-07T17:15:58.705275+00:00,143.8,12,ask,,,11119043
2026-07-07T17:15:59.200150,2026-07-07T17:15:59.211935+00:00,143.9,12,bid,,,11119058
2026-07-07T17:16:00.897380,2026-07-07T17:16:00.907800+00:00,143.8,200,ask,,,11119078
2026-07-07T17:16:01.802838,2026-07-07T17:16:01.813948+00:00,143.8,200,bid,,,11119088
2026-07-07T17:16:02.706425,2026-07-07T17:16:02.714937+00:00,143.7,500,ask,,,11119097
2026-07-07T17:16:03.300925,2026-07-07T17:16:03.344404+00:00,143.7,125,ask,,,11119106
2026-07-07T17:16:03.300925,2026-07-07T17:16:03.344404+00:00,143.7,200,ask,,,11119107
2026-07-07T17:16:03.340086,2026-07-07T17:16:03.344404+00:00,143.7,23,bid,,,11119110
2026-07-07T17:16:04.221303,2026-07-07T17:16:04.228907+00:00,143.7,200,bid,,,11119123
2026-07-07T17:16:04.241062,2026-07-07T17:16:04.258785+00:00,143.7,12,bid,,,11119124
2026-07-07T17:16:05.498164,2026-07-07T17:16:05.506611+00:00,143.8,12,bid,,,11119141
2026-07-07T17:16:05.981521,2026-07-07T17:16:05.985480+00:00,143.6,11,bid,,,11119149
2026-07-07T17:16:06.392201,2026-07-07T17:16:06.397032+00:00,143.5,11,ask,,,11119152
2026-07-07T17:16:08.584666,2026-07-07T17:16:08.594639+00:00,143.4,200,ask,,,11119179
2026-07-07T17:16:08.697399,2026-07-07T17:16:08.709360+00:00,143.4,20,bid,,,11119181
2026-07-07T17:16:09.041579,2026-07-07T17:16:09.050048+00:00,143.4,12,bid,,,11119184
2026-07-07T17:16:09.076255,2026-07-07T17:16:09.083507+00:00,143.4,200,bid,,,11119185
2026-07-07T17:16:09.809094,2026-07-07T17:16:09.816061+00:00,143.4,12,bid,,,11119202
2026-07-07T17:16:09.930985,2026-07-07T17:16:09.935138+00:00,143.5,12,ask,,,11119204
2026-07-07T17:16:10.292665,2026-07-07T17:16:10.301728+00:00,143.5,200,ask,,,11119208
2026-07-07T17:16:12.531908,2026-07-07T17:16:12.538678+00:00,143.4,200,bid,,,11119232
2026-07-07T17:16:12.711927,2026-07-07T17:16:12.722518+00:00,143.4,200,ask,,,11119236
2026-07-07T17:16:12.847333,2026-07-07T17:16:12.858652+00:00,143.7,10,bid,,,11119237
2026-07-07T17:16:13.844611,2026-07-07T17:16:13.865558+00:00,143.4,500,ask,,,11119251
2026-07-07T17:16:13.861638,2026-07-07T17:16:13.865558+00:00,143.4,35,bid,,,11119253
2026-07-07T17:16:15.126698,2026-07-07T17:16:15.134513+00:00,143.4,90,bid,,,11119272
2026-07-07T17:16:15.153592,2026-07-07T17:16:15.163721+00:00,143.6,200,bid,,,11119275
2026-07-07T17:16:15.890989,2026-07-07T17:16:15.894981+00:00,143.7,12,ask,,,11119289
2026-07-07T17:16:16.341468,2026-07-07T17:16:16.358692+00:00,143.7,200,ask,,,11119296
2026-07-07T17:16:18.770763,2026-07-07T17:16:18.779584+00:00,143.7,200,bid,,,11119337
2026-07-07T17:16:19.979241,2026-07-07T17:16:19.988304+00:00,143.8,200,bid,,,11119354
2026-07-07T17:16:20.425286,2026-07-07T17:16:20.429365+00:00,143.8,23,ask,,,11119363
2026-07-07T17:16:20.654180,2026-07-07T17:16:20.666305+00:00,143.8,12,ask,,,11119364
2026-07-07T17:16:21.191471,2026-07-07T17:16:21.199265+00:00,143.8,200,ask,,,11119374
2026-07-07T17:16:22.401809,2026-07-07T17:16:22.411200+00:00,143.8,200,ask,,,11119387
2026-07-07T17:16:26.902166,2026-07-07T17:16:26.914144+00:00,143.6,12,ask,,,11119447
2026-07-07T17:16:26.957667,2026-07-07T17:16:26.968942+00:00,143.6,188,ask,,,11119449
2026-07-07T17:16:28.186298,2026-07-07T17:16:28.201099+00:00,143.3,12,ask,,,11119469
2026-07-07T17:16:28.925572,2026-07-07T17:16:28.930077+00:00,143.5,22,ask,,,11119474
2026-07-07T17:16:29.576569,2026-07-07T17:16:29.587449+00:00,143.6,200,bid,,,11119480
2026-07-07T17:16:29.594903,2026-07-07T17:16:29.599685+00:00,143.6,12,ask,,,11119482
2026-07-07T17:16:29.676534,2026-07-07T17:16:29.681116+00:00,143.7,11,ask,,,11119485
2026-07-07T17:16:29.710412,2026-07-07T17:16:29.717024+00:00,143.7,12,ask,,,11119487
2026-07-07T17:16:30.532242,2026-07-07T17:16:30.544218+00:00,143.7,20,ask,,,11119500
2026-07-07T17:16:30.877469,2026-07-07T17:16:30.887027+00:00,143.8,200,bid,,,11119505
2026-07-07T17:16:32.086102,2026-07-07T17:16:32.094790+00:00,143.7,200,bid,,,11119519
2026-07-07T17:16:32.749815,2026-07-07T17:16:32.758590+00:00,143.9,20,bid,,,11119526
2026-07-07T17:16:33.251561,2026-07-07T17:16:33.263665+00:00,143.7,15,ask,,,11119533
2026-07-07T17:16:33.512571,2026-07-07T17:16:33.521273+00:00,143.7,3,ask,,,11119539
2026-07-07T17:16:33.774070,2026-07-07T17:16:33.781981+00:00,143.7,3,ask,,,11119544
2026-07-07T17:16:34.035486,2026-07-07T17:16:34.041191+00:00,143.7,3,ask,,,11119546
2026-07-07T17:16:34.297607,2026-07-07T17:16:34.306262+00:00,143.7,3,ask,,,11119551
2026-07-07T17:16:34.558804,2026-07-07T17:16:34.569456+00:00,143.7,3,ask,,,11119555
2026-07-07T17:16:35.744119,2026-07-07T17:16:35.758659+00:00,143.8,200,bid,,,11119577
2026-07-07T17:16:36.953313,2026-07-07T17:16:36.963943+00:00,143.8,200,bid,,,11119589
2026-07-07T17:16:37.241408,2026-07-07T17:16:37.258618+00:00,143.7,500,ask,,,11119594
2026-07-07T17:16:38.162591,2026-07-07T17:16:38.171190+00:00,143.8,200,bid,,,11119605
2026-07-07T17:16:39.374083,2026-07-07T17:16:39.382536+00:00,143.8,200,bid,,,11119625
2026-07-07T17:16:39.585249,2026-07-07T17:16:39.593312+00:00,143.5,12,ask,,,11119629
2026-07-07T17:16:40.585036,2026-07-07T17:16:40.592719+00:00,143.8,200,bid,,,11119652
2026-07-07T17:16:40.585270,2026-07-07T17:16:40.597913+00:00,143.8,20,bid,,,11119653
2026-07-07T17:16:41.796532,2026-07-07T17:16:41.806005+00:00,143.8,200,bid,,,11119668
2026-07-07T17:16:43.004882,2026-07-07T17:16:43.014099+00:00,143.8,200,bid,,,11119691
2026-07-07T17:16:45.351626,2026-07-07T17:16:45.371931+00:00,143.7,200,ask,,,11119712
2026-07-07T17:16:45.367600,2026-07-07T17:16:45.371931+00:00,143.6,11,bid,,,11119714
2026-07-07T17:16:45.377690,2026-07-07T17:16:45.381901+00:00,143.6,1,bid,,,11119716
2026-07-07T17:16:45.422693,2026-07-07T17:16:45.431628+00:00,143.6,200,bid,,,11119720
2026-07-07T17:16:45.627116,2026-07-07T17:16:45.635970+00:00,143.4,12,ask,,,11119725
2026-07-07T17:16:46.607616,2026-07-07T17:16:46.619300+00:00,143.6,20,bid,,,11119738
2026-07-07T17:16:46.637760,2026-07-07T17:16:46.646795+00:00,143.6,193,bid,,,11119742
2026-07-07T17:16:47.514477,2026-07-07T17:16:47.518367+00:00,143.6,1,ask,,,11119754
2026-07-07T17:16:47.563700,2026-07-07T17:16:47.575800+00:00,143.6,6,ask,,,11119755
2026-07-07T17:16:47.563700,2026-07-07T17:16:47.575800+00:00,143.6,14,ask,,,11119756
2026-07-07T17:16:47.639551,2026-07-07T17:16:47.651477+00:00,143.6,12,ask,,,11119758
2026-07-07T17:16:47.858378,2026-07-07T17:16:47.865739+00:00,143.6,200,ask,,,11119762
2026-07-07T17:16:52.164831,2026-07-07T17:16:52.176658+00:00,143.6,12,bid,,,11119810
2026-07-07T17:16:53.906400,2026-07-07T17:16:53.915929+00:00,143.5,200,bid,,,11119843
2026-07-07T17:16:57.139415,2026-07-07T17:16:57.150301+00:00,143.6,200,bid,,,11119890
2026-07-07T17:16:58.710588,2026-07-07T17:16:58.722245+00:00,143.7,12,bid,,,11119919
2026-07-07T17:17:00.117341,2026-07-07T17:17:00.121090+00:00,143.7,23,bid,,,11119937
2026-07-07T17:17:01.475224,2026-07-07T17:17:01.478399+00:00,143.6,500,ask,,,11119957
2026-07-07T17:17:01.527846,2026-07-07T17:17:01.534682+00:00,143.7,12,bid,,,11119960
2026-07-07T17:17:04.800921,2026-07-07T17:17:04.812435+00:00,143.4,12,ask,,,11120004
2026-07-07T17:17:07.087782,2026-07-07T17:17:07.099506+00:00,143.3,12,ask,,,11120033
2026-07-07T17:17:07.474230,2026-07-07T17:17:07.483816+00:00,143.4,20,bid,,,11120037
2026-07-07T17:17:11.112256,2026-07-07T17:17:11.120971+00:00,143.4,12,bid,,,11120086
2026-07-07T17:17:11.617180,2026-07-07T17:17:11.628000+00:00,143.3,200,ask,,,11120089
2026-07-07T17:17:12.880622,2026-07-07T17:17:12.887931+00:00,143.1,12,ask,,,11120105
2026-07-07T17:17:13.265371,2026-07-07T17:17:13.269887+00:00,143.2,11,ask,,,11120111
2026-07-07T17:17:14.236313,2026-07-07T17:17:14.246165+00:00,143.2,189,ask,,,11120126
2026-07-07T17:17:14.404039,2026-07-07T17:17:14.412398+00:00,143.0,12,ask,,,11120130
2026-07-07T17:17:14.960684,2026-07-07T17:17:14.972396+00:00,143.1,20,ask,,,11120144
2026-07-07T17:17:15.664858,2026-07-07T17:17:15.674315+00:00,143.3,12,bid,,,11120156
2026-07-07T17:17:16.884259,2026-07-07T17:17:16.894142+00:00,143.1,200,ask,,,11120170
2026-07-07T17:17:17.433779,2026-07-07T17:17:17.445341+00:00,143.3,12,bid,,,11120183
2026-07-07T17:17:18.110524,2026-07-07T17:17:18.114922+00:00,143.2,1,bid,,,11120200
2026-07-07T17:17:19.450891,2026-07-07T17:17:19.463624+00:00,142.8,20,ask,,,11120216
2026-07-07T17:17:21.715104,2026-07-07T17:17:21.722788+00:00,143.0,200,bid,,,11120264
2026-07-07T17:17:21.727535,2026-07-07T17:17:21.738373+00:00,143.0,12,bid,,,11120265
2026-07-07T17:17:22.305042,2026-07-07T17:17:22.309194+00:00,143.0,10,bid,,,11120270
2026-07-07T17:17:22.922629,2026-07-07T17:17:22.932441+00:00,143.0,200,bid,,,11120278
2026-07-07T17:17:23.780788,2026-07-07T17:17:23.790488+00:00,143.1,12,bid,,,11120285
2026-07-07T17:17:26.037780,2026-07-07T17:17:26.041785+00:00,143.0,11,bid,,,11120323
2026-07-07T17:17:29.673779,2026-07-07T17:17:29.680982+00:00,143.0,20,bid,,,11120378
2026-07-07T17:17:30.174845,2026-07-07T17:17:30.184615+00:00,142.9,200,ask,,,11120382
2026-07-07T17:17:31.795190,2026-07-07T17:17:31.798965+00:00,143.1,23,bid,,,11120407
2026-07-07T17:17:32.068580,2026-07-07T17:17:32.079916+00:00,143.1,12,bid,,,11120409
2026-07-07T17:17:32.599582,2026-07-07T17:17:32.604003+00:00,143.0,12,bid,,,11120415
2026-07-07T17:17:34.373680,2026-07-07T17:17:34.385485+00:00,143.0,12,bid,,,11120433
2026-07-07T17:17:37.050982,2026-07-07T17:17:37.057446+00:00,142.9,20,bid,,,11120475
2026-07-07T17:17:37.585494,2026-07-07T17:17:37.597025+00:00,142.7,20,ask,,,11120483
2026-07-07T17:17:40.416266,2026-07-07T17:17:40.427925+00:00,143.0,12,bid,,,11120522
2026-07-07T17:17:42.700226,2026-07-07T17:17:42.710873+00:00,143.1,12,bid,,,11120545
2026-07-07T17:17:43.468607,2026-07-07T17:17:43.480469+00:00,143.2,12,bid,,,11120560
2026-07-07T17:17:45.006828,2026-07-07T17:17:45.017284+00:00,143.0,12,ask,,,11120575
2026-07-07T17:17:45.691092,2026-07-07T17:17:45.712030+00:00,143.1,200,bid,,,11120593
2026-07-07T17:17:45.707614,2026-07-07T17:17:45.712030+00:00,143.1,12,ask,,,11120595
2026-07-07T17:17:47.036465,2026-07-07T17:17:47.043812+00:00,143.1,12,ask,,,11120610
2026-07-07T17:17:48.364451,2026-07-07T17:17:48.371014+00:00,143.2,200,bid,,,11120633
2026-07-07T17:17:48.843346,2026-07-07T17:17:48.858653+00:00,143.2,20,bid,,,11120636
2026-07-07T17:17:49.048807,2026-07-07T17:17:49.057567+00:00,142.9,12,ask,,,11120644
2026-07-07T17:17:49.573709,2026-07-07T17:17:49.583168+00:00,143.2,200,bid,,,11120657
2026-07-07T17:17:49.644426,2026-07-07T17:17:49.648802+00:00,143.2,11,ask,,,11120660
2026-07-07T17:17:49.805530,2026-07-07T17:17:49.817457+00:00,143.5,11,bid,,,11120661
2026-07-07T17:17:51.327331,2026-07-07T17:17:51.339135+00:00,143.2,12,ask,,,11120681
2026-07-07T17:17:51.998288,2026-07-07T17:17:52.006020+00:00,143.2,200,ask,,,11120690
2026-07-07T17:17:52.837905,2026-07-07T17:17:52.845070+00:00,143.4,12,bid,,,11120701
2026-07-07T17:17:53.593895,2026-07-07T17:17:53.605372+00:00,143.3,200,bid,,,11120708
2026-07-07T17:17:53.997513,2026-07-07T17:17:54.001745+00:00,143.3,34,ask,,,11120714
2026-07-07T17:17:54.415964,2026-07-07T17:17:54.423962+00:00,143.3,200,ask,,,11120719
2026-07-07T17:17:55.605625,2026-07-07T17:17:55.617295+00:00,143.2,12,ask,,,11120733
2026-07-07T17:17:56.215771,2026-07-07T17:17:56.226776+00:00,143.4,200,bid,,,11120743
2026-07-07T17:17:56.215771,2026-07-07T17:17:56.226776+00:00,143.4,425,bid,,,11120744
2026-07-07T17:17:57.374418,2026-07-07T17:17:57.386280+00:00,143.5,12,bid,,,11120766
2026-07-07T17:17:57.528348,2026-07-07T17:17:57.536973+00:00,143.3,200,ask,,,11120769
2026-07-07T17:17:57.631403,2026-07-07T17:17:57.643224+00:00,143.0,12,ask,,,11120771
2026-07-07T17:17:58.040076,2026-07-07T17:17:58.050585+00:00,143.3,200,bid,,,11120775
2026-07-07T17:17:58.076327,2026-07-07T17:17:58.085230+00:00,143.3,20,bid,,,11120776
2026-07-07T17:18:00.149970,2026-07-07T17:18:00.163974+00:00,143.4,200,ask,,,11120812
2026-07-07T17:18:01.671233,2026-07-07T17:18:01.679361+00:00,143.2,200,ask,,,11120832
2026-07-07T17:18:06.728522,2026-07-07T17:18:06.732702+00:00,143.2,11,bid,,,11120882
2026-07-07T17:18:10.176061,2026-07-07T17:18:10.183878+00:00,143.2,12,bid,,,11120915
2026-07-07T17:18:11.685131,2026-07-07T17:18:11.706440+00:00,143.0,12,ask,,,11120937
2026-07-07T17:18:14.665187,2026-07-07T17:18:14.676950+00:00,143.2,20,bid,,,11120968
2026-07-07T17:18:17.439157,2026-07-07T17:18:17.449362+00:00,143.3,200,bid,,,11121002
2026-07-07T17:18:18.227335,2026-07-07T17:18:18.235988+00:00,143.3,20,bid,,,11121017
2026-07-07T17:18:18.649784,2026-07-07T17:18:18.658636+00:00,143.3,200,ask,,,11121025
2026-07-07T17:18:18.797556,2026-07-07T17:18:18.804720+00:00,143.3,12,ask,,,11121026
2026-07-07T17:18:20.315817,2026-07-07T17:18:20.324517+00:00,143.1,12,ask,,,11121052
2026-07-07T17:18:22.624667,2026-07-07T17:18:22.635246+00:00,143.1,12,ask,,,11121088
2026-07-07T17:18:23.076387,2026-07-07T17:18:23.088317+00:00,143.1,20,ask,,,11121093
2026-07-07T17:18:25.063324,2026-07-07T17:18:25.090867+00:00,143.2,200,bid,,,11121128
2026-07-07T17:18:25.086960,2026-07-07T17:18:25.090867+00:00,143.2,11,ask,,,11121131
2026-07-07T17:18:25.403701,2026-07-07T17:18:25.407304+00:00,143.2,12,ask,,,11121135
2026-07-07T17:18:26.394646,2026-07-07T17:18:26.404310+00:00,143.3,200,ask,,,11121147
2026-07-07T17:18:27.424383,2026-07-07T17:18:27.432488+00:00,143.3,12,bid,,,11121170
2026-07-07T17:18:27.702153,2026-07-07T17:18:27.712210+00:00,143.3,200,bid,,,11121177
2026-07-07T17:18:27.948143,2026-07-07T17:18:27.958558+00:00,143.6,12,bid,,,11121182
2026-07-07T17:18:29.205618,2026-07-07T17:18:29.217354+00:00,143.2,12,ask,,,11121199
2026-07-07T17:18:29.535827,2026-07-07T17:18:29.545424+00:00,143.2,200,ask,,,11121204
2026-07-07T17:18:30.750477,2026-07-07T17:18:30.757647+00:00,143.2,200,ask,,,11121219
2026-07-07T17:18:31.483681,2026-07-07T17:18:31.495202+00:00,143.4,12,bid,,,11121233
2026-07-07T17:18:31.646795,2026-07-07T17:18:31.650811+00:00,143.1,11,bid,,,11121236
2026-07-07T17:18:32.000124,2026-07-07T17:18:32.011831+00:00,143.1,12,bid,,,11121243
2026-07-07T17:18:36.230523,2026-07-07T17:18:36.243136+00:00,143.1,20,bid,,,11121301
2026-07-07T17:18:36.794307,2026-07-07T17:18:36.804991+00:00,142.9,200,ask,,,11121313
2026-07-07T17:18:37.168872,2026-07-07T17:18:37.179785+00:00,142.8,12,ask,,,11121317
2026-07-07T17:18:38.186802,2026-07-07T17:18:38.196130+00:00,143.0,200,ask,,,11121334
2026-07-07T17:18:40.419964,2026-07-07T17:18:40.426898+00:00,143.1,200,bid,,,11121352
2026-07-07T17:18:41.960124,2026-07-07T17:18:41.972164+00:00,143.0,12,ask,,,11121375
2026-07-07T17:18:43.163978,2026-07-07T17:18:43.174487+00:00,143.0,20,bid,,,11121389
2026-07-07T17:18:43.809113,2026-07-07T17:18:43.818183+00:00,143.0,180,bid,,,11121399
2026-07-07T17:18:43.809113,2026-07-07T17:18:43.818183+00:00,143.0,320,bid,,,11121400
2026-07-07T17:18:44.672338,2026-07-07T17:18:44.676594+00:00,142.9,11,ask,,,11121416
2026-07-07T17:18:44.746428,2026-07-07T17:18:44.757374+00:00,142.9,12,ask,,,11121417
2026-07-07T17:18:45.281055,2026-07-07T17:18:45.284958+00:00,143.0,12,ask,,,11121425
2026-07-07T17:18:46.479584,2026-07-07T17:18:46.488901+00:00,143.1,200,ask,,,11121441
2026-07-07T17:18:47.691109,2026-07-07T17:18:47.700762+00:00,143.1,200,ask,,,11121451
2026-07-07T17:18:48.900921,2026-07-07T17:18:48.912716+00:00,143.2,200,ask,,,11121474
2026-07-07T17:18:52.609966,2026-07-07T17:18:52.619252+00:00,143.2,12,ask,,,11121521
2026-07-07T17:18:53.926720,2026-07-07T17:18:53.946497+00:00,143.3,200,ask,,,11121542
2026-07-07T17:18:53.942283,2026-07-07T17:18:53.946497+00:00,143.1,12,bid,,,11121544
2026-07-07T17:18:54.942961,2026-07-07T17:18:54.951673+00:00,143.1,200,bid,,,11121562
2026-07-07T17:18:57.432335,2026-07-07T17:18:57.444072+00:00,143.1,20,ask,,,11121597
2026-07-07T17:18:57.915405,2026-07-07T17:18:57.925093+00:00,143.1,12,ask,,,11121607
2026-07-07T17:19:02.215552,2026-07-07T17:19:02.226300+00:00,143.2,200,ask,,,11121665
2026-07-07T17:19:02.949070,2026-07-07T17:19:02.953505+00:00,143.2,12,ask,,,11121675
2026-07-07T17:19:03.426257,2026-07-07T17:19:03.437996+00:00,143.2,200,ask,,,11121678
2026-07-07T17:19:05.846148,2026-07-07T17:19:05.858629+00:00,143.1,200,bid,,,11121707
2026-07-07T17:19:07.069660,2026-07-07T17:19:07.073519+00:00,143.1,12,ask,,,11121723
2026-07-07T17:19:07.248523,2026-07-07T17:19:07.258536+00:00,143.1,3,ask,,,11121726
2026-07-07T17:19:09.877581,2026-07-07T17:19:09.891316+00:00,143.4,20,bid,,,11121767
2026-07-07T17:19:10.011968,2026-07-07T17:19:10.016939+00:00,143.4,12,bid,,,11121771
2026-07-07T17:19:10.024858,2026-07-07T17:19:10.032225+00:00,143.4,12,bid,,,11121772
2026-07-07T17:19:11.892404,2026-07-07T17:19:11.899949+00:00,143.3,200,bid,,,11121797
2026-07-07T17:19:12.334270,2026-07-07T17:19:12.338222+00:00,143.4,12,ask,,,11121805
2026-07-07T17:19:13.508095,2026-07-07T17:19:13.515239+00:00,143.4,500,ask,,,11121818
2026-07-07T17:19:17.558809,2026-07-07T17:19:17.565500+00:00,143.4,200,bid,,,11121867
2026-07-07T17:19:17.558809,2026-07-07T17:19:17.570514+00:00,143.4,425,bid,,,11121868
2026-07-07T17:19:18.885435,2026-07-07T17:19:18.890049+00:00,143.3,12,bid,,,11121887
2026-07-07T17:19:19.151295,2026-07-07T17:19:19.163989+00:00,143.3,200,bid,,,11121895
2026-07-07T17:19:19.889820,2026-07-07T17:19:19.901597+00:00,143.3,12,bid,,,11121908
2026-07-07T17:19:20.899827,2026-07-07T17:19:20.907655+00:00,143.3,12,ask,,,11121918
2026-07-07T17:19:21.570508,2026-07-07T17:19:21.582087+00:00,143.4,200,bid,,,11121924
2026-07-07T17:19:24.169507,2026-07-07T17:19:24.181452+00:00,143.5,12,bid,,,11121953
2026-07-07T17:19:25.476999,2026-07-07T17:19:25.488778+00:00,143.4,20,bid,,,11121979
2026-07-07T17:19:26.405441,2026-07-07T17:19:26.412696+00:00,143.4,200,bid,,,11121990
2026-07-07T17:19:31.733536,2026-07-07T17:19:31.741734+00:00,143.4,12,bid,,,11122051
2026-07-07T17:19:32.460806,2026-07-07T17:19:32.470474+00:00,143.3,200,ask,,,11122060
2026-07-07T17:19:33.283144,2026-07-07T17:19:33.294757+00:00,143.5,12,bid,,,11122068
2026-07-07T17:19:33.684237,2026-07-07T17:19:33.688122+00:00,143.3,11,bid,,,11122075
2026-07-07T17:19:36.820457,2026-07-07T17:19:36.832268+00:00,143.1,12,ask,,,11122120
2026-07-07T17:19:42.134748,2026-07-07T17:19:42.141801+00:00,143.5,200,bid,,,11122167
2026-07-07T17:19:42.451035,2026-07-07T17:19:42.457508+00:00,143.5,20,bid,,,11122170
2026-07-07T17:19:42.720914,2026-07-07T17:19:42.730041+00:00,143.5,12,bid,,,11122175
2026-07-07T17:19:43.343042,2026-07-07T17:19:43.358601+00:00,143.5,200,bid,,,11122183
2026-07-07T17:19:45.125750,2026-07-07T17:19:45.133661+00:00,143.7,200,bid,,,11122205
2026-07-07T17:19:45.125750,2026-07-07T17:19:45.138916+00:00,143.7,425,bid,,,11122206
2026-07-07T17:19:47.278121,2026-07-07T17:19:47.286047+00:00,143.7,12,bid,,,11122229
2026-07-07T17:19:49.064214,2026-07-07T17:19:49.074376+00:00,143.6,200,ask,,,11122254
2026-07-07T17:19:49.389521,2026-07-07T17:19:49.398700+00:00,143.5,200,bid,,,11122259
2026-07-07T17:19:49.545402,2026-07-07T17:19:49.555067+00:00,143.3,12,ask,,,11122260
2026-07-07T17:19:50.051347,2026-07-07T17:19:50.058183+00:00,143.3,12,ask,,,11122266
2026-07-07T17:19:51.811833,2026-07-07T17:19:51.822118+00:00,143.5,200,ask,,,11122290
2026-07-07T17:19:52.382722,2026-07-07T17:19:52.394254+00:00,143.7,20,bid,,,11122295
2026-07-07T17:19:53.021549,2026-07-07T17:19:53.032770+00:00,143.4,200,ask,,,11122304
2026-07-07T17:19:54.232009,2026-07-07T17:19:54.241196+00:00,143.4,200,ask,,,11122318
2026-07-07T17:19:55.299962,2026-07-07T17:19:55.311132+00:00,143.4,20,bid,,,11122334
2026-07-07T17:19:57.470963,2026-07-07T17:19:57.475289+00:00,143.2,23,ask,,,11122356
2026-07-07T17:19:57.608721,2026-07-07T17:19:57.616517+00:00,143.2,12,ask,,,11122358
2026-07-07T17:19:59.067051,2026-07-07T17:19:59.077225+00:00,143.1,200,ask,,,11122384
2026-07-07T17:20:01.216457,2026-07-07T17:20:01.228060+00:00,143.3,20,bid,,,11122413
2026-07-07T17:20:02.189601,2026-07-07T17:20:02.197364+00:00,143.1,12,ask,,,11122425
2026-07-07T17:20:04.202012,2026-07-07T17:20:04.208734+00:00,143.2,12,ask,,,11122445
2026-07-07T17:20:05.121809,2026-07-07T17:20:05.129593+00:00,143.4,200,bid,,,11122463
2026-07-07T17:20:10.113291,2026-07-07T17:20:10.118170+00:00,143.1,17,ask,,,11122532
2026-07-07T17:20:13.587793,2026-07-07T17:20:13.598844+00:00,143.1,200,ask,,,11122566
2026-07-07T17:20:14.994764,2026-07-07T17:20:15.006628+00:00,143.1,20,bid,,,11122577
2026-07-07T17:20:23.289905,2026-07-07T17:20:23.300176+00:00,143.1,200,ask,,,11122693
2026-07-07T17:20:28.371105,2026-07-07T17:20:28.382221+00:00,143.2,200,bid,,,11122756
2026-07-07T17:20:30.993037,2026-07-07T17:20:31.004367+00:00,143.3,200,bid,,,11122794
2026-07-07T17:20:31.106731,2026-07-07T17:20:31.113627+00:00,143.5,12,bid,,,11122798
2026-07-07T17:20:32.188739,2026-07-07T17:20:32.193039+00:00,143.4,29,bid,,,11122813
2026-07-07T17:20:33.618075,2026-07-07T17:20:33.628279+00:00,143.4,12,bid,,,11122847
2026-07-07T17:20:34.980591,2026-07-07T17:20:34.984974+00:00,143.3,11,bid,,,11122868
2026-07-07T17:20:35.395743,2026-07-07T17:20:35.405902+00:00,143.3,200,bid,,,11122873
2026-07-07T17:20:35.633384,2026-07-07T17:20:35.644115+00:00,143.0,12,ask,,,11122877
2026-07-07T17:20:38.654952,2026-07-07T17:20:38.656629+00:00,143.3,12,bid,,,11122917
2026-07-07T17:20:39.915297,2026-07-07T17:20:39.924383+00:00,143.3,12,bid,,,11122945
2026-07-07T17:20:42.212474,2026-07-07T17:20:42.224158+00:00,143.2,12,bid,,,11122971
2026-07-07T17:20:43.935505,2026-07-07T17:20:43.944374+00:00,143.1,20,bid,,,11122994
2026-07-07T17:20:44.936354,2026-07-07T17:20:44.940546+00:00,143.2,34,bid,,,11123015
2026-07-07T17:20:45.444499,2026-07-07T17:20:45.465543+00:00,143.1,500,ask,,,11123018
2026-07-07T17:20:45.461482,2026-07-07T17:20:45.465543+00:00,143.1,12,bid,,,11123020
2026-07-07T17:20:46.146408,2026-07-07T17:20:46.152442+00:00,143.0,20,ask,,,11123028
2026-07-07T17:20:48.076299,2026-07-07T17:20:48.084259+00:00,143.0,200,ask,,,11123054
2026-07-07T17:20:48.076299,2026-07-07T17:20:48.089500+00:00,143.0,425,ask,,,11123055
2026-07-07T17:20:48.597349,2026-07-07T17:20:48.601426+00:00,143.1,12,ask,,,11123060
2026-07-07T17:20:50.599579,2026-07-07T17:20:50.611255+00:00,143.1,20,bid,,,11123089
2026-07-07T17:20:51.829246,2026-07-07T17:20:51.834058+00:00,142.9,11,ask,,,11123105
2026-07-07T17:20:52.067813,2026-07-07T17:20:52.079711+00:00,143.0,11,bid,,,11123109
2026-07-07T17:20:53.997144,2026-07-07T17:20:54.008688+00:00,142.9,200,bid,,,11123134
2026-07-07T17:20:54.631973,2026-07-07T17:20:54.639450+00:00,143.0,500,bid,,,11123143
2026-07-07T17:20:54.667595,2026-07-07T17:20:54.686665+00:00,143.1,12,ask,,,11123148
2026-07-07T17:20:54.789776,2026-07-07T17:20:54.798547+00:00,143.1,200,ask,,,11123152
2026-07-07T17:20:54.839360,2026-07-07T17:20:54.847614+00:00,143.1,11,ask,,,11123154
2026-07-07T17:20:56.002226,2026-07-07T17:20:56.011101+00:00,143.0,200,ask,,,11123188
