timestamp,recv_time,price,volume,aggressor_side,buyer,seller,trade_id
2026-07-07T08:00:00.720365,2026-07-07T08:00:00.729879+00:00,157.1,200,bid,,,10581843
2026-07-07T08:00:01.832666,2026-07-07T08:00:01.859533+00:00,157.1,500,bid,,,10581861
2026-07-07T08:00:02.471455,2026-07-07T08:00:02.476216+00:00,157.1,11,ask,,,10581869
2026-07-07T08:00:03.604526,2026-07-07T08:00:03.612546+00:00,157.1,500,ask,,,10581883
2026-07-07T08:00:05.417010,2026-07-07T08:00:05.420829+00:00,157.2,11,bid,,,10581911
2026-07-07T08:00:06.224251,2026-07-07T08:00:06.234732+00:00,157.2,200,bid,,,10581930
2026-07-07T08:00:06.773343,2026-07-07T08:00:06.783215+00:00,157.2,200,ask,,,10581935
2026-07-07T08:00:07.886142,2026-07-07T08:00:07.893980+00:00,157.4,500,bid,,,10581958
2026-07-07T08:00:08.482484,2026-07-07T08:00:08.491656+00:00,157.2,200,bid,,,10581965
2026-07-07T08:00:08.482484,2026-07-07T08:00:08.491656+00:00,157.4,125,bid,,,10581966
2026-07-07T08:00:09.197218,2026-07-07T08:00:09.204273+00:00,157.4,200,ask,,,10581980
2026-07-07T08:00:10.408039,2026-07-07T08:00:10.414838+00:00,157.4,200,ask,,,10582012
2026-07-07T08:00:11.618534,2026-07-07T08:00:11.630223+00:00,157.4,200,ask,,,10582033
2026-07-07T08:00:12.827049,2026-07-07T08:00:12.836661+00:00,157.4,200,ask,,,10582053
2026-07-07T08:00:16.469529,2026-07-07T08:00:16.479982+00:00,157.5,50,bid,,,10582095
2026-07-07T08:00:16.469529,2026-07-07T08:00:16.479982+00:00,157.5,150,bid,,,10582096
2026-07-07T08:00:18.708390,2026-07-07T08:00:18.720395+00:00,157.4,20,ask,,,10582139
2026-07-07T08:00:21.330122,2026-07-07T08:00:21.337141+00:00,157.5,200,bid,,,10582167
2026-07-07T08:00:24.595711,2026-07-07T08:00:24.615414+00:00,157.6,50,bid,,,10582226
2026-07-07T08:00:24.611597,2026-07-07T08:00:24.615414+00:00,157.6,11,ask,,,10582228
2026-07-07T08:00:26.196316,2026-07-07T08:00:26.203649+00:00,157.7,20,ask,,,10582255
2026-07-07T08:00:26.259111,2026-07-07T08:00:26.271276+00:00,157.7,50,ask,,,10582256
2026-07-07T08:00:28.475618,2026-07-07T08:00:28.484913+00:00,157.7,500,ask,,,10582291
2026-07-07T08:00:31.154751,2026-07-07T08:00:31.169083+00:00,157.7,500,bid,,,10582329
2026-07-07T08:00:31.245294,2026-07-07T08:00:31.256377+00:00,157.8,20,bid,,,10582331
2026-07-07T08:00:32.230231,2026-07-07T08:00:32.240649+00:00,157.7,125,ask,,,10582343
2026-07-07T08:00:34.648447,2026-07-07T08:00:34.655006+00:00,157.6,200,bid,,,10582403
2026-07-07T08:00:35.579492,2026-07-07T08:00:35.583977+00:00,157.5,11,ask,,,10582418
2026-07-07T08:00:39.041963,2026-07-07T08:00:39.050134+00:00,157.5,39,ask,,,10582481
2026-07-07T08:00:39.494257,2026-07-07T08:00:39.505215+00:00,157.5,200,bid,,,10582493
2026-07-07T08:00:40.356217,2026-07-07T08:00:40.360416+00:00,157.4,50,ask,,,10582506
2026-07-07T08:00:40.707911,2026-07-07T08:00:40.715293+00:00,157.4,200,bid,,,10582517
2026-07-07T08:00:41.806717,2026-07-07T08:00:41.827547+00:00,157.4,12,ask,,,10582538
2026-07-07T08:00:41.921093,2026-07-07T08:00:41.931280+00:00,157.5,200,bid,,,10582540
2026-07-07T08:00:42.500269,2026-07-07T08:00:42.512640+00:00,157.5,20,bid,,,10582550
2026-07-07T08:00:46.762984,2026-07-07T08:00:46.774295+00:00,157.4,200,ask,,,10582629
2026-07-07T08:00:47.976850,2026-07-07T08:00:47.987497+00:00,157.4,200,ask,,,10582644
2026-07-07T08:00:48.221866,2026-07-07T08:00:48.232964+00:00,157.4,300,ask,,,10582660
2026-07-07T08:00:48.443528,2026-07-07T08:00:48.454789+00:00,157.4,325,bid,,,10582661
2026-07-07T08:00:49.528560,2026-07-07T08:00:49.547682+00:00,157.4,200,bid,,,10582684
2026-07-07T08:00:50.391593,2026-07-07T08:00:50.399147+00:00,157.5,200,ask,,,10582705
2026-07-07T08:00:50.405399,2026-07-07T08:00:50.414554+00:00,157.5,20,ask,,,10582706
2026-07-07T08:00:52.175357,2026-07-07T08:00:52.184635+00:00,157.4,200,bid,,,10582748
2026-07-07T08:00:53.742876,2026-07-07T08:00:53.758642+00:00,157.3,20,ask,,,10582789
2026-07-07T08:00:53.858535,2026-07-07T08:00:53.870174+00:00,157.3,20,ask,,,10582790
2026-07-07T08:00:54.801414,2026-07-07T08:00:54.812930+00:00,157.3,10,ask,,,10582803
2026-07-07T08:00:57.945926,2026-07-07T08:00:57.955922+00:00,157.3,20,ask,,,10582873
2026-07-07T08:00:59.365602,2026-07-07T08:00:59.376570+00:00,157.4,500,bid,,,10582893
2026-07-07T08:01:00.043499,2026-07-07T08:01:00.068536+00:00,157.4,200,bid,,,10582924
2026-07-07T08:01:00.063331,2026-07-07T08:01:00.068536+00:00,157.5,17,ask,,,10582926
2026-07-07T08:01:00.069438,2026-07-07T08:01:00.083803+00:00,157.5,200,ask,,,10582927
2026-07-07T08:01:00.127419,2026-07-07T08:01:00.134638+00:00,157.5,25,ask,,,10582928
2026-07-07T08:01:00.362159,2026-07-07T08:01:00.370186+00:00,157.5,25,ask,,,10582932
2026-07-07T08:01:00.373463,2026-07-07T08:01:00.380507+00:00,157.6,17,bid,,,10582934
2026-07-07T08:01:01.172429,2026-07-07T08:01:01.184370+00:00,157.6,20,bid,,,10582952
2026-07-07T08:01:01.278264,2026-07-07T08:01:01.286578+00:00,157.5,158,ask,,,10582954
2026-07-07T08:01:01.278264,2026-07-07T08:01:01.286578+00:00,157.4,42,ask,,,10582955
2026-07-07T08:01:01.358298,2026-07-07T08:01:01.379930+00:00,157.4,458,ask,,,10582957
2026-07-07T08:01:01.375699,2026-07-07T08:01:01.379930+00:00,157.4,6,bid,,,10582959
2026-07-07T08:01:01.434847,2026-07-07T08:01:01.446628+00:00,157.2,6,ask,,,10582960
2026-07-07T08:01:01.793002,2026-07-07T08:01:01.803859+00:00,157.4,161,bid,,,10582964
2026-07-07T08:01:01.906107,2026-07-07T08:01:01.918092+00:00,157.4,20,ask,,,10582966
2026-07-07T08:01:03.973137,2026-07-07T08:01:03.984793+00:00,157.5,200,bid,,,10583012
2026-07-07T08:01:04.828475,2026-07-07T08:01:04.840902+00:00,157.5,20,ask,,,10583020
2026-07-07T08:01:06.641364,2026-07-07T08:01:06.648417+00:00,157.6,30,bid,,,10583051
2026-07-07T08:01:07.877929,2026-07-07T08:01:07.885090+00:00,157.6,20,ask,,,10583077
2026-07-07T08:01:10.591493,2026-07-07T08:01:10.600257+00:00,157.7,50,bid,,,10583117
2026-07-07T08:01:10.650970,2026-07-07T08:01:10.651919+00:00,157.7,25,ask,,,10583118
2026-07-07T08:01:10.893676,2026-07-07T08:01:10.901284+00:00,157.7,25,ask,,,10583121
2026-07-07T08:01:11.115465,2026-07-07T08:01:11.124802+00:00,157.7,11,ask,,,10583124
2026-07-07T08:01:12.723980,2026-07-07T08:01:12.751767+00:00,157.8,20,bid,,,10583161
2026-07-07T08:01:13.218612,2026-07-07T08:01:13.228895+00:00,157.8,23,bid,,,10583172
2026-07-07T08:01:13.218612,2026-07-07T08:01:13.228895+00:00,157.9,200,bid,,,10583173
2026-07-07T08:01:15.719660,2026-07-07T08:01:15.730149+00:00,157.9,200,bid,,,10583219
2026-07-07T08:01:21.750143,2026-07-07T08:01:21.763994+00:00,157.9,20,bid,,,10583333
2026-07-07T08:01:22.375403,2026-07-07T08:01:22.385360+00:00,157.8,200,bid,,,10583338
2026-07-07T08:01:23.889853,2026-07-07T08:01:23.901695+00:00,157.7,20,ask,,,10583362
2026-07-07T08:01:25.496345,2026-07-07T08:01:25.505337+00:00,157.7,200,ask,,,10583397
2026-07-07T08:01:26.705488,2026-07-07T08:01:26.712830+00:00,157.6,200,ask,,,10583419
2026-07-07T08:01:27.670446,2026-07-07T08:01:27.679494+00:00,157.7,500,ask,,,10583446
2026-07-07T08:01:28.428804,2026-07-07T08:01:28.440530+00:00,157.7,125,bid,,,10583457
2026-07-07T08:01:29.029902,2026-07-07T08:01:29.037724+00:00,157.8,200,bid,,,10583466
2026-07-07T08:01:30.240286,2026-07-07T08:01:30.248011+00:00,157.9,500,bid,,,10583484
2026-07-07T08:01:30.831851,2026-07-07T08:01:30.840003+00:00,157.9,200,bid,,,10583492
2026-07-07T08:01:30.831851,2026-07-07T08:01:30.845314+00:00,158.0,300,bid,,,10583493
2026-07-07T08:01:32.080014,2026-07-07T08:01:32.088419+00:00,158.0,200,bid,,,10583530
2026-07-07T08:01:34.185525,2026-07-07T08:01:34.197368+00:00,157.9,20,bid,,,10583567
2026-07-07T08:01:35.710073,2026-07-07T08:01:35.721124+00:00,157.8,20,bid,,,10583606
2026-07-07T08:01:35.928807,2026-07-07T08:01:35.937593+00:00,157.8,20,bid,,,10583610
2026-07-07T08:01:36.848017,2026-07-07T08:01:36.858615+00:00,157.8,200,bid,,,10583622
2026-07-07T08:01:38.735610,2026-07-07T08:01:38.747031+00:00,157.9,200,bid,,,10583657
2026-07-07T08:01:38.803908,2026-07-07T08:01:38.811851+00:00,157.9,200,ask,,,10583658
2026-07-07T08:01:39.337657,2026-07-07T08:01:39.346986+00:00,158.0,500,bid,,,10583663
2026-07-07T08:01:39.611749,2026-07-07T08:01:39.622618+00:00,158.0,20,bid,,,10583668
2026-07-07T08:01:39.934182,2026-07-07T08:01:39.943640+00:00,158.0,500,bid,,,10583669
2026-07-07T08:01:40.798602,2026-07-07T08:01:40.810074+00:00,158.1,200,bid,,,10583681
2026-07-07T08:01:41.434057,2026-07-07T08:01:41.446176+00:00,158.3,20,bid,,,10583696
2026-07-07T08:01:42.753804,2026-07-07T08:01:42.758616+00:00,158.0,20,ask,,,10583722
2026-07-07T08:01:43.653185,2026-07-07T08:01:43.657263+00:00,158.1,11,bid,,,10583742
2026-07-07T08:01:44.336291,2026-07-07T08:01:44.347136+00:00,158.1,20,bid,,,10583759
2026-07-07T08:01:44.429216,2026-07-07T08:01:44.438036+00:00,158.0,20,ask,,,10583760
2026-07-07T08:01:44.743500,2026-07-07T08:01:44.753102+00:00,158.1,169,bid,,,10583765
2026-07-07T08:01:44.846911,2026-07-07T08:01:44.854125+00:00,158.3,200,ask,,,10583766
2026-07-07T08:01:46.063886,2026-07-07T08:01:46.074235+00:00,158.1,200,ask,,,10583783
2026-07-07T08:01:46.839620,2026-07-07T08:01:46.843794+00:00,158.4,12,bid,,,10583800
2026-07-07T08:01:47.273751,2026-07-07T08:01:47.282970+00:00,158.1,200,ask,,,10583808
2026-07-07T08:01:47.386426,2026-07-07T08:01:47.391297+00:00,158.1,34,bid,,,10583810
2026-07-07T08:01:47.573954,2026-07-07T08:01:47.580907+00:00,158.1,25,bid,,,10583818
2026-07-07T08:01:47.578317,2026-07-07T08:01:47.586066+00:00,157.9,21,ask,,,10583819
2026-07-07T08:01:48.459051,2026-07-07T08:01:48.469764+00:00,158.1,20,bid,,,10583840
2026-07-07T08:01:48.490453,2026-07-07T08:01:48.499941+00:00,157.9,200,ask,,,10583842
2026-07-07T08:01:48.676253,2026-07-07T08:01:48.687246+00:00,158.1,20,bid,,,10583850
2026-07-07T08:01:48.899223,2026-07-07T08:01:48.907179+00:00,157.9,25,bid,,,10583854
2026-07-07T08:01:49.010446,2026-07-07T08:01:49.018667+00:00,157.9,500,bid,,,10583856
2026-07-07T08:01:49.120746,2026-07-07T08:01:49.131647+00:00,157.9,25,bid,,,10583860
2026-07-07T08:01:49.991805,2026-07-07T08:01:50.002758+00:00,158.0,200,bid,,,10583874
2026-07-07T08:01:50.009893,2026-07-07T08:01:50.013690+00:00,158.1,34,ask,,,10583876
2026-07-07T08:01:50.918641,2026-07-07T08:01:50.929477+00:00,158.1,200,ask,,,10583895
2026-07-07T08:01:53.166032,2026-07-07T08:01:53.169976+00:00,158.1,6,bid,,,10583945
2026-07-07T08:01:53.206157,2026-07-07T08:01:53.214235+00:00,158.1,20,bid,,,10583946
2026-07-07T08:01:55.259969,2026-07-07T08:01:55.269971+00:00,157.9,200,ask,,,10583984
2026-07-07T08:01:56.284499,2026-07-07T08:01:56.293728+00:00,157.7,20,ask,,,10583998
2026-07-07T08:01:57.998706,2026-07-07T08:01:58.010862+00:00,157.8,20,ask,,,10584043
2026-07-07T08:02:00.540805,2026-07-07T08:02:00.575793+00:00,157.9,200,ask,,,10584094
2026-07-07T08:02:00.571161,2026-07-07T08:02:00.575793+00:00,157.9,5,bid,,,10584101
2026-07-07T08:02:00.757139,2026-07-07T08:02:00.768979+00:00,157.9,25,bid,,,10584108
2026-07-07T08:02:00.978748,2026-07-07T08:02:00.985907+00:00,157.9,1,bid,,,10584114
2026-07-07T08:02:01.850274,2026-07-07T08:02:01.858604+00:00,157.9,200,bid,,,10584127
2026-07-07T08:02:04.469559,2026-07-07T08:02:04.479607+00:00,158.1,200,bid,,,10584173
2026-07-07T08:02:05.432080,2026-07-07T08:02:05.439364+00:00,158.1,200,ask,,,10584190
2026-07-07T08:02:07.222235,2026-07-07T08:02:07.234189+00:00,158.0,20,ask,,,10584222
2026-07-07T08:02:09.010542,2026-07-07T08:02:09.021617+00:00,158.1,200,bid,,,10584243
2026-07-07T08:02:09.010542,2026-07-07T08:02:09.021617+00:00,158.1,300,bid,,,10584244
2026-07-07T08:02:09.604923,2026-07-07T08:02:09.613747+00:00,158.1,325,bid,,,10584258
2026-07-07T08:02:09.604923,2026-07-07T08:02:09.613747+00:00,158.1,175,bid,,,10584259
2026-07-07T08:02:09.736893,2026-07-07T08:02:09.756734+00:00,158.1,25,bid,,,10584263
2026-07-07T08:02:09.752602,2026-07-07T08:02:09.756734+00:00,158.3,23,ask,,,10584265
2026-07-07T08:02:10.263618,2026-07-07T08:02:10.271500+00:00,158.3,200,ask,,,10584276
2026-07-07T08:02:12.113705,2026-07-07T08:02:12.118091+00:00,158.3,23,bid,,,10584309
2026-07-07T08:02:12.681888,2026-07-07T08:02:12.693085+00:00,158.2,200,ask,,,10584322
2026-07-07T08:02:13.894422,2026-07-07T08:02:13.901943+00:00,158.3,200,ask,,,10584335
2026-07-07T08:02:14.457626,2026-07-07T08:02:14.469285+00:00,158.4,500,bid,,,10584344
2026-07-07T08:02:17.536740,2026-07-07T08:02:17.544246+00:00,158.4,200,ask,,,10584392
2026-07-07T08:02:22.320816,2026-07-07T08:02:22.331174+00:00,158.5,500,bid,,,10584462
2026-07-07T08:02:22.871080,2026-07-07T08:02:22.881446+00:00,158.5,200,bid,,,10584476
2026-07-07T08:02:26.810157,2026-07-07T08:02:26.821764+00:00,158.5,200,ask,,,10584542
2026-07-07T08:02:26.810157,2026-07-07T08:02:26.821764+00:00,158.5,425,ask,,,10584543
2026-07-07T08:02:27.253267,2026-07-07T08:02:27.258042+00:00,158.6,11,bid,,,10584559
2026-07-07T08:02:28.974963,2026-07-07T08:02:28.985034+00:00,158.5,200,bid,,,10584601
2026-07-07T08:02:30.859903,2026-07-07T08:02:30.869299+00:00,158.6,200,bid,,,10584638
2026-07-07T08:02:31.384213,2026-07-07T08:02:31.394489+00:00,158.6,425,bid,,,10584641
2026-07-07T08:02:32.071328,2026-07-07T08:02:32.079205+00:00,158.7,200,ask,,,10584660
2026-07-07T08:02:34.197788,2026-07-07T08:02:34.201886+00:00,158.7,23,bid,,,10584694
2026-07-07T08:02:34.672194,2026-07-07T08:02:34.683333+00:00,158.8,200,bid,,,10584700
2026-07-07T08:02:34.861681,2026-07-07T08:02:34.869138+00:00,158.8,20,ask,,,10584705
2026-07-07T08:02:36.901589,2026-07-07T08:02:36.909080+00:00,158.9,200,bid,,,10584733
2026-07-07T08:02:40.682083,2026-07-07T08:02:40.686444+00:00,158.9,23,ask,,,10584799
2026-07-07T08:02:41.254360,2026-07-07T08:02:41.261261+00:00,158.8,20,ask,,,10584809
2026-07-07T08:02:42.975755,2026-07-07T08:02:42.987299+00:00,159.1,200,bid,,,10584827
2026-07-07T08:02:43.415754,2026-07-07T08:02:43.423850+00:00,158.9,20,ask,,,10584831
2026-07-07T08:02:43.856968,2026-07-07T08:02:43.858604+00:00,159.3,25,bid,,,10584843
2026-07-07T08:02:43.859582,2026-07-07T08:02:43.869695+00:00,158.9,500,ask,,,10584844
2026-07-07T08:02:43.878569,2026-07-07T08:02:43.897951+00:00,158.9,7,bid,,,10584846
2026-07-07T08:02:44.183102,2026-07-07T08:02:44.190281+00:00,158.9,118,bid,,,10584851
2026-07-07T08:02:44.202488,2026-07-07T08:02:44.207227+00:00,159.1,15,ask,,,10584853
2026-07-07T08:02:44.290734,2026-07-07T08:02:44.301371+00:00,159.4,20,bid,,,10584856
2026-07-07T08:02:44.297856,2026-07-07T08:02:44.306589+00:00,159.4,15,bid,,,10584857
2026-07-07T08:02:45.167287,2026-07-07T08:02:45.174642+00:00,159.1,67,ask,,,10584885
2026-07-07T08:02:46.615716,2026-07-07T08:02:46.625416+00:00,159.2,200,bid,,,10584908
2026-07-07T08:02:48.137272,2026-07-07T08:02:48.144340+00:00,159.0,20,ask,,,10584944
2026-07-07T08:02:50.064446,2026-07-07T08:02:50.068588+00:00,159.0,3,ask,,,10584986
2026-07-07T08:02:51.898267,2026-07-07T08:02:51.906622+00:00,159.0,20,ask,,,10585012
2026-07-07T08:02:53.959898,2026-07-07T08:02:53.971627+00:00,159.0,20,ask,,,10585050
2026-07-07T08:02:55.660855,2026-07-07T08:02:55.664778+00:00,159.1,11,ask,,,10585089
2026-07-07T08:02:56.959601,2026-07-07T08:02:56.967742+00:00,159.2,200,bid,,,10585122
2026-07-07T08:03:00.408346,2026-07-07T08:03:00.418842+00:00,159.0,20,ask,,,10585188
2026-07-07T08:03:02.238490,2026-07-07T08:03:02.242353+00:00,159.3,12,ask,,,10585247
2026-07-07T08:03:03.594209,2026-07-07T08:03:03.598257+00:00,159.3,12,bid,,,10585275
2026-07-07T08:03:05.998482,2026-07-07T08:03:06.005797+00:00,159.2,200,ask,,,10585314
2026-07-07T08:03:06.963787,2026-07-07T08:03:06.975933+00:00,159.4,20,bid,,,10585333
2026-07-07T08:03:08.854158,2026-07-07T08:03:08.858571+00:00,159.3,20,ask,,,10585369
2026-07-07T08:03:10.709922,2026-07-07T08:03:10.718211+00:00,159.3,20,ask,,,10585416
2026-07-07T08:03:11.398189,2026-07-07T08:03:11.405381+00:00,159.5,200,bid,,,10585429
2026-07-07T08:03:11.420710,2026-07-07T08:03:11.424651+00:00,159.5,12,ask,,,10585432
2026-07-07T08:03:12.435284,2026-07-07T08:03:12.442250+00:00,159.5,20,ask,,,10585451
2026-07-07T08:03:13.264945,2026-07-07T08:03:13.269345+00:00,159.6,11,ask,,,10585479
2026-07-07T08:03:13.286728,2026-07-07T08:03:13.298018+00:00,159.6,25,ask,,,10585480
2026-07-07T08:03:13.510380,2026-07-07T08:03:13.519976+00:00,159.6,25,ask,,,10585484
2026-07-07T08:03:13.734635,2026-07-07T08:03:13.745485+00:00,159.6,25,ask,,,10585487
2026-07-07T08:03:13.995830,2026-07-07T08:03:14.007338+00:00,159.6,25,ask,,,10585495
2026-07-07T08:03:14.216875,2026-07-07T08:03:14.223616+00:00,159.6,25,ask,,,10585503
2026-07-07T08:03:14.225972,2026-07-07T08:03:14.234323+00:00,159.8,6,bid,,,10585505
2026-07-07T08:03:15.332207,2026-07-07T08:03:15.338853+00:00,159.7,500,bid,,,10585527
2026-07-07T08:03:15.332207,2026-07-07T08:03:15.344173+00:00,159.8,125,bid,,,10585528
2026-07-07T08:03:15.609024,2026-07-07T08:03:15.612620+00:00,159.7,11,bid,,,10585533
2026-07-07T08:03:16.207617,2026-07-07T08:03:16.214413+00:00,159.6,200,ask,,,10585546
2026-07-07T08:03:16.234895,2026-07-07T08:03:16.239321+00:00,159.6,12,bid,,,10585548
2026-07-07T08:03:16.642511,2026-07-07T08:03:16.658574+00:00,159.6,288,bid,,,10585560
2026-07-07T08:03:16.802343,2026-07-07T08:03:16.812185+00:00,159.7,337,ask,,,10585563
2026-07-07T08:03:19.328206,2026-07-07T08:03:19.332788+00:00,159.4,11,bid,,,10585608
2026-07-07T08:03:19.380190,2026-07-07T08:03:19.387748+00:00,159.4,25,bid,,,10585610
2026-07-07T08:03:19.387511,2026-07-07T08:03:19.398405+00:00,159.4,20,bid,,,10585611
2026-07-07T08:03:19.627345,2026-07-07T08:03:19.636368+00:00,159.4,25,bid,,,10585622
2026-07-07T08:03:19.631920,2026-07-07T08:03:19.641631+00:00,159.2,11,ask,,,10585623
2026-07-07T08:03:20.056057,2026-07-07T08:03:20.058580+00:00,159.2,20,ask,,,10585631
2026-07-07T08:03:20.570156,2026-07-07T08:03:20.577048+00:00,159.3,200,bid,,,10585639
2026-07-07T08:03:21.186409,2026-07-07T08:03:21.190398+00:00,159.4,11,ask,,,10585651
2026-07-07T08:03:22.949124,2026-07-07T08:03:22.959903+00:00,159.4,200,ask,,,10585671
2026-07-07T08:03:23.822000,2026-07-07T08:03:23.833912+00:00,159.6,20,bid,,,10585687
2026-07-07T08:03:25.418669,2026-07-07T08:03:25.430379+00:00,159.5,20,ask,,,10585706
2026-07-07T08:03:26.496882,2026-07-07T08:03:26.505536+00:00,159.6,200,bid,,,10585732
2026-07-07T08:03:27.785807,2026-07-07T08:03:27.796661+00:00,159.6,200,ask,,,10585766
2026-07-07T08:03:27.792655,2026-07-07T08:03:27.802074+00:00,159.6,20,ask,,,10585767
2026-07-07T08:03:28.335404,2026-07-07T08:03:28.339586+00:00,159.7,12,ask,,,10585781
2026-07-07T08:03:28.995414,2026-07-07T08:03:29.004392+00:00,159.6,200,ask,,,10585796
2026-07-07T08:03:31.322163,2026-07-07T08:03:31.331591+00:00,159.7,200,bid,,,10585832
2026-07-07T08:03:31.322163,2026-07-07T08:03:31.331591+00:00,159.7,300,bid,,,10585833
2026-07-07T08:03:31.918616,2026-07-07T08:03:31.927048+00:00,159.7,325,bid,,,10585840
2026-07-07T08:03:31.918616,2026-07-07T08:03:31.927048+00:00,159.8,175,bid,,,10585841
2026-07-07T08:03:32.371355,2026-07-07T08:03:32.393113+00:00,159.8,25,bid,,,10585857
2026-07-07T08:03:32.389400,2026-07-07T08:03:32.393113+00:00,159.9,17,ask,,,10585860
2026-07-07T08:03:32.526700,2026-07-07T08:03:32.538451+00:00,159.9,25,ask,,,10585865
2026-07-07T08:03:32.621598,2026-07-07T08:03:32.631425+00:00,159.9,200,ask,,,10585868
2026-07-07T08:03:32.777858,2026-07-07T08:03:32.787857+00:00,159.9,25,ask,,,10585875
2026-07-07T08:03:32.843070,2026-07-07T08:03:32.858626+00:00,159.9,20,ask,,,10585878
2026-07-07T08:03:33.003269,2026-07-07T08:03:33.015163+00:00,159.9,10,ask,,,10585882
2026-07-07T08:03:33.833669,2026-07-07T08:03:33.842684+00:00,159.8,200,ask,,,10585916
2026-07-07T08:03:35.004154,2026-07-07T08:03:35.013649+00:00,159.8,500,ask,,,10585937
2026-07-07T08:03:35.028814,2026-07-07T08:03:35.032746+00:00,159.8,6,bid,,,10585940
2026-07-07T08:03:35.557321,2026-07-07T08:03:35.569185+00:00,159.8,119,bid,,,10585948
2026-07-07T08:03:35.557321,2026-07-07T08:03:35.569185+00:00,159.8,200,bid,,,10585949
2026-07-07T08:03:36.251987,2026-07-07T08:03:36.259040+00:00,159.9,200,ask,,,10585965
2026-07-07T08:03:36.355585,2026-07-07T08:03:36.363601+00:00,160.1,20,bid,,,10585968
2026-07-07T08:03:37.463263,2026-07-07T08:03:37.474412+00:00,159.9,200,ask,,,10585995
2026-07-07T08:03:38.671918,2026-07-07T08:03:38.679709+00:00,159.8,200,ask,,,10586024
2026-07-07T08:03:40.024405,2026-07-07T08:03:40.034580+00:00,160.0,20,bid,,,10586049
2026-07-07T08:03:41.552867,2026-07-07T08:03:41.558611+00:00,159.9,200,bid,,,10586076
2026-07-07T08:03:44.736231,2026-07-07T08:03:44.745933+00:00,159.9,200,bid,,,10586147
2026-07-07T08:03:45.511198,2026-07-07T08:03:45.515685+00:00,159.9,6,ask,,,10586162
2026-07-07T08:03:48.373861,2026-07-07T08:03:48.380610+00:00,160.0,200,ask,,,10586206
2026-07-07T08:03:53.153151,2026-07-07T08:03:53.163900+00:00,159.8,500,bid,,,10586274
2026-07-07T08:03:53.749288,2026-07-07T08:03:53.759630+00:00,159.9,200,bid,,,10586286
2026-07-07T08:03:55.561170,2026-07-07T08:03:55.569611+00:00,160.0,200,bid,,,10586327
2026-07-07T08:03:56.786273,2026-07-07T08:03:56.794634+00:00,160.1,500,bid,,,10586346
2026-07-07T08:03:56.841395,2026-07-07T08:03:56.849030+00:00,160.1,125,bid,,,10586348
2026-07-07T08:03:58.053680,2026-07-07T08:03:58.054427+00:00,160.2,200,bid,,,10586365
2026-07-07T08:04:00.474028,2026-07-07T08:04:00.483326+00:00,160.2,200,ask,,,10586419
2026-07-07T08:04:04.649454,2026-07-07T08:04:04.658615+00:00,160.0,200,bid,,,10586489
2026-07-07T08:04:07.060434,2026-07-07T08:04:07.069127+00:00,160.1,500,bid,,,10586527
2026-07-07T08:04:07.804685,2026-07-07T08:04:07.816330+00:00,160.1,200,bid,,,10586552
2026-07-07T08:04:10.169736,2026-07-07T08:04:10.177230+00:00,160.2,200,ask,,,10586602
2026-07-07T08:04:11.280483,2026-07-07T08:04:11.292222+00:00,160.3,20,bid,,,10586621
2026-07-07T08:04:11.740870,2026-07-07T08:04:11.749210+00:00,160.3,200,bid,,,10586625
2026-07-07T08:04:15.617861,2026-07-07T08:04:15.626661+00:00,160.2,20,ask,,,10586692
2026-07-07T08:04:15.681732,2026-07-07T08:04:15.693312+00:00,160.2,200,ask,,,10586697
2026-07-07T08:04:16.216355,2026-07-07T08:04:16.225575+00:00,160.2,200,bid,,,10586706
2026-07-07T08:04:20.301278,2026-07-07T08:04:20.310494+00:00,160.5,20,bid,,,10586768
2026-07-07T08:04:21.077873,2026-07-07T08:04:21.089281+00:00,160.3,200,ask,,,10586780
2026-07-07T08:04:24.722324,2026-07-07T08:04:24.733953+00:00,160.2,200,ask,,,10586841
2026-07-07T08:04:29.132966,2026-07-07T08:04:29.144766+00:00,160.3,20,ask,,,10586909
2026-07-07T08:04:31.776571,2026-07-07T08:04:31.784624+00:00,160.4,20,ask,,,10586951
2026-07-07T08:04:34.033551,2026-07-07T08:04:34.042396+00:00,160.6,200,bid,,,10586993
2026-07-07T08:04:36.664850,2026-07-07T08:04:36.675354+00:00,160.7,200,bid,,,10587039
2026-07-07T08:04:36.664850,2026-07-07T08:04:36.675354+00:00,160.8,425,bid,,,10587040
2026-07-07T08:04:41.695788,2026-07-07T08:04:41.707325+00:00,160.7,200,bid,,,10587128
2026-07-07T08:04:42.903495,2026-07-07T08:04:42.913267+00:00,160.8,200,bid,,,10587158
2026-07-07T08:04:43.458104,2026-07-07T08:04:43.469938+00:00,160.8,20,bid,,,10587172
2026-07-07T08:04:44.704163,2026-07-07T08:04:44.712210+00:00,160.8,90,bid,,,10587185
2026-07-07T08:04:46.438238,2026-07-07T08:04:46.450337+00:00,160.8,20,bid,,,10587223
2026-07-07T08:04:46.538907,2026-07-07T08:04:46.550619+00:00,160.8,200,bid,,,10587229
2026-07-07T08:04:47.760507,2026-07-07T08:04:47.770963+00:00,160.8,200,bid,,,10587258
2026-07-07T08:04:48.969580,2026-07-07T08:04:48.978287+00:00,160.8,200,bid,,,10587282
2026-07-07T08:04:50.044012,2026-07-07T08:04:50.058581+00:00,160.7,20,bid,,,10587304
2026-07-07T08:04:50.179507,2026-07-07T08:04:50.187772+00:00,160.7,200,bid,,,10587307
2026-07-07T08:04:51.390059,2026-07-07T08:04:51.397506+00:00,160.8,200,bid,,,10587328
2026-07-07T08:04:54.561609,2026-07-07T08:04:54.569947+00:00,160.8,20,bid,,,10587364
2026-07-07T08:04:55.102322,2026-07-07T08:04:55.106660+00:00,160.7,1,bid,,,10587375
2026-07-07T08:04:59.776427,2026-07-07T08:04:59.785870+00:00,160.5,500,bid,,,10587455
2026-07-07T08:04:59.897336,2026-07-07T08:04:59.901398+00:00,160.4,5,bid,,,10587458
2026-07-07T08:04:59.928808,2026-07-07T08:04:59.932849+00:00,160.2,6,ask,,,10587461
2026-07-07T08:05:00.127305,2026-07-07T08:05:00.137947+00:00,160.2,25,ask,,,10587462
2026-07-07T08:05:00.348853,2026-07-07T08:05:00.358555+00:00,160.3,15,ask,,,10587465
2026-07-07T08:05:00.370458,2026-07-07T08:05:00.379402+00:00,160.4,195,bid,,,10587467
2026-07-07T08:05:00.565956,2026-07-07T08:05:00.577716+00:00,160.6,20,bid,,,10587475
2026-07-07T08:05:01.089986,2026-07-07T08:05:01.096935+00:00,160.5,200,ask,,,10587483
2026-07-07T08:05:01.659160,2026-07-07T08:05:01.670713+00:00,160.7,20,bid,,,10587498
2026-07-07T08:05:02.300445,2026-07-07T08:05:02.308107+00:00,160.5,200,ask,,,10587509
2026-07-07T08:05:02.735632,2026-07-07T08:05:02.746612+00:00,160.7,20,bid,,,10587513
2026-07-07T08:05:03.515181,2026-07-07T08:05:03.527011+00:00,160.5,200,ask,,,10587537
2026-07-07T08:05:04.283083,2026-07-07T08:05:04.302441+00:00,160.5,500,ask,,,10587549
2026-07-07T08:05:04.297954,2026-07-07T08:05:04.302441+00:00,160.5,17,bid,,,10587551
2026-07-07T08:05:04.626580,2026-07-07T08:05:04.635589+00:00,160.5,108,bid,,,10587554
2026-07-07T08:05:05.589915,2026-07-07T08:05:05.598347+00:00,160.7,200,bid,,,10587570
2026-07-07T08:05:05.937195,2026-07-07T08:05:05.943813+00:00,160.7,200,ask,,,10587574
2026-07-07T08:05:06.113347,2026-07-07T08:05:06.125577+00:00,160.7,50,ask,,,10587576
2026-07-07T08:05:07.147943,2026-07-07T08:05:07.158656+00:00,160.7,200,ask,,,10587605
2026-07-07T08:05:09.528021,2026-07-07T08:05:09.536951+00:00,160.7,500,ask,,,10587671
2026-07-07T08:05:09.528021,2026-07-07T08:05:09.536951+00:00,160.6,50,ask,,,10587672
2026-07-07T08:05:09.549924,2026-07-07T08:05:09.554390+00:00,160.6,23,bid,,,10587674
2026-07-07T08:05:09.606112,2026-07-07T08:05:09.617288+00:00,160.6,25,bid,,,10587677
2026-07-07T08:05:09.832073,2026-07-07T08:05:09.843691+00:00,160.6,25,bid,,,10587680
2026-07-07T08:05:10.052263,2026-07-07T08:05:10.054527+00:00,160.6,2,bid,,,10587687
2026-07-07T08:05:10.056776,2026-07-07T08:05:10.054527+00:00,160.8,23,bid,,,10587688
2026-07-07T08:05:10.073863,2026-07-07T08:05:10.085275+00:00,160.8,177,bid,,,10587689
2026-07-07T08:05:10.073863,2026-07-07T08:05:10.085275+00:00,160.8,50,bid,,,10587690
2026-07-07T08:05:10.106543,2026-07-07T08:05:10.110170+00:00,160.8,11,ask,,,10587693
2026-07-07T08:05:12.495199,2026-07-07T08:05:12.502683+00:00,160.9,500,bid,,,10587734
2026-07-07T08:05:13.091024,2026-07-07T08:05:13.098702+00:00,160.9,125,bid,,,10587738
2026-07-07T08:05:13.091024,2026-07-07T08:05:13.126057+00:00,161.0,200,bid,,,10587739
2026-07-07T08:05:13.121918,2026-07-07T08:05:13.126057+00:00,161.0,29,ask,,,10587741
2026-07-07T08:05:13.266140,2026-07-07T08:05:13.272960+00:00,161.0,25,ask,,,10587746
2026-07-07T08:05:13.425058,2026-07-07T08:05:13.437017+00:00,161.0,5,ask,,,10587749
2026-07-07T08:05:13.487680,2026-07-07T08:05:13.498672+00:00,161.0,25,ask,,,10587751
2026-07-07T08:05:13.702099,2026-07-07T08:05:13.712516+00:00,161.1,200,bid,,,10587756
2026-07-07T08:05:13.727317,2026-07-07T08:05:13.738414+00:00,161.1,25,ask,,,10587757
2026-07-07T08:05:13.950774,2026-07-07T08:05:13.963927+00:00,161.1,25,ask,,,10587764
2026-07-07T08:05:14.174298,2026-07-07T08:05:14.183575+00:00,161.1,25,ask,,,10587768
2026-07-07T08:05:14.184345,2026-07-07T08:05:14.194019+00:00,161.2,4,bid,,,10587770
2026-07-07T08:05:15.615234,2026-07-07T08:05:15.622011+00:00,161.2,200,bid,,,10587798
2026-07-07T08:05:15.698035,2026-07-07T08:05:15.701715+00:00,161.2,6,bid,,,10587802
2026-07-07T08:05:16.579408,2026-07-07T08:05:16.583124+00:00,161.1,5,bid,,,10587822
2026-07-07T08:05:17.388893,2026-07-07T08:05:17.395509+00:00,161.1,200,ask,,,10587832
2026-07-07T08:05:17.409526,2026-07-07T08:05:17.413785+00:00,161.1,6,bid,,,10587834
2026-07-07T08:05:20.039360,2026-07-07T08:05:20.043537+00:00,161.0,11,ask,,,10587887
2026-07-07T08:05:20.283015,2026-07-07T08:05:20.296138+00:00,161.0,5,ask,,,10587894
2026-07-07T08:05:22.230871,2026-07-07T08:05:22.241429+00:00,161.1,20,bid,,,10587929
2026-07-07T08:05:22.894609,2026-07-07T08:05:22.902480+00:00,161.1,20,bid,,,10587951
2026-07-07T08:05:23.536036,2026-07-07T08:05:23.546760+00:00,161.2,20,bid,,,10587959
2026-07-07T08:05:23.751079,2026-07-07T08:05:23.763958+00:00,161.2,20,bid,,,10587962
2026-07-07T08:05:25.064477,2026-07-07T08:05:25.072874+00:00,161.2,20,bid,,,10587985
2026-07-07T08:05:26.125654,2026-07-07T08:05:26.137439+00:00,161.1,20,bid,,,10588001
2026-07-07T08:05:30.188133,2026-07-07T08:05:30.200025+00:00,160.9,20,ask,,,10588067
2026-07-07T08:05:37.423168,2026-07-07T08:05:37.427141+00:00,160.9,11,bid,,,10588192
2026-07-07T08:05:44.687047,2026-07-07T08:05:44.693987+00:00,160.8,50,ask,,,10588331
2026-07-07T08:05:44.687047,2026-07-07T08:05:44.699212+00:00,160.7,150,ask,,,10588332
2026-07-07T08:05:48.318092,2026-07-07T08:05:48.328398+00:00,160.7,50,ask,,,10588397
2026-07-07T08:05:48.318092,2026-07-07T08:05:48.328398+00:00,160.7,150,ask,,,10588398
2026-07-07T08:05:48.856022,2026-07-07T08:05:48.868865+00:00,160.6,20,ask,,,10588406
2026-07-07T08:05:49.291231,2026-07-07T08:05:49.302149+00:00,160.8,20,bid,,,10588422
2026-07-07T08:05:50.742355,2026-07-07T08:05:50.753662+00:00,160.7,200,ask,,,10588467
2026-07-07T08:05:51.216405,2026-07-07T08:05:51.224195+00:00,160.8,20,bid,,,10588477
2026-07-07T08:05:53.170021,2026-07-07T08:05:53.179213+00:00,160.7,200,ask,,,10588507
2026-07-07T08:05:53.593350,2026-07-07T08:05:53.597434+00:00,160.8,12,bid,,,10588526
2026-07-07T08:05:53.686409,2026-07-07T08:05:53.697598+00:00,160.8,500,bid,,,10588530
2026-07-07T08:05:53.828338,2026-07-07T08:05:53.837337+00:00,160.8,25,bid,,,10588534
2026-07-07T08:05:54.051021,2026-07-07T08:05:54.057706+00:00,160.8,21,bid,,,10588536
2026-07-07T08:05:54.327040,2026-07-07T08:05:54.338809+00:00,160.8,20,ask,,,10588544
2026-07-07T08:05:54.380825,2026-07-07T08:05:54.392189+00:00,160.8,200,ask,,,10588545
2026-07-07T08:05:55.474445,2026-07-07T08:05:55.485035+00:00,160.9,50,bid,,,10588565
2026-07-07T08:05:56.829570,2026-07-07T08:05:56.833456+00:00,160.9,11,bid,,,10588592
2026-07-07T08:05:57.307138,2026-07-07T08:05:57.314130+00:00,160.9,189,bid,,,10588604
2026-07-07T08:05:57.931858,2026-07-07T08:05:57.943454+00:00,161.0,50,bid,,,10588618
2026-07-07T08:05:58.019831,2026-07-07T08:05:58.029572+00:00,161.0,200,ask,,,10588619
2026-07-07T08:05:58.104116,2026-07-07T08:05:58.111995+00:00,161.0,250,ask,,,10588623
2026-07-07T08:05:58.526182,2026-07-07T08:05:58.535971+00:00,160.9,375,bid,,,10588631
2026-07-07T08:05:59.228017,2026-07-07T08:05:59.235507+00:00,161.2,200,ask,,,10588642
2026-07-07T08:05:59.412257,2026-07-07T08:05:59.422887+00:00,161.2,300,ask,,,10588644
2026-07-07T08:05:59.731691,2026-07-07T08:05:59.741638+00:00,161.2,325,bid,,,10588658
2026-07-07T08:06:00.435931,2026-07-07T08:06:00.446965+00:00,161.1,200,ask,,,10588678
2026-07-07T08:06:00.735348,2026-07-07T08:06:00.739208+00:00,161.5,34,bid,,,10588690
2026-07-07T08:06:01.646158,2026-07-07T08:06:01.657817+00:00,161.3,200,ask,,,10588716
2026-07-07T08:06:02.854694,2026-07-07T08:06:02.858579+00:00,161.3,200,ask,,,10588741
2026-07-07T08:06:04.063896,2026-07-07T08:06:04.071044+00:00,161.2,200,ask,,,10588765
2026-07-07T08:06:05.272698,2026-07-07T08:06:05.281092+00:00,161.1,200,ask,,,10588785
2026-07-07T08:06:06.397859,2026-07-07T08:06:06.406885+00:00,161.2,500,bid,,,10588810
2026-07-07T08:06:06.989792,2026-07-07T08:06:06.997062+00:00,161.2,125,bid,,,10588820
2026-07-07T08:06:08.897030,2026-07-07T08:06:08.906067+00:00,161.2,200,ask,,,10588858
2026-07-07T08:06:12.541341,2026-07-07T08:06:12.554266+00:00,161.4,200,bid,,,10588932
2026-07-07T08:06:13.750612,2026-07-07T08:06:13.758587+00:00,161.4,200,bid,,,10588960
2026-07-07T08:06:16.169744,2026-07-07T08:06:16.180752+00:00,161.3,200,ask,,,10589024
2026-07-07T08:06:16.521558,2026-07-07T08:06:16.525694+00:00,161.4,12,bid,,,10589035
2026-07-07T08:06:16.963165,2026-07-07T08:06:16.974739+00:00,161.4,20,bid,,,10589043
2026-07-07T08:06:18.898701,2026-07-07T08:06:18.902279+00:00,161.4,11,bid,,,10589072
2026-07-07T08:06:19.118173,2026-07-07T08:06:19.126931+00:00,161.2,200,ask,,,10589077
2026-07-07T08:06:20.910542,2026-07-07T08:06:20.921632+00:00,161.2,200,bid,,,10589108
2026-07-07T08:06:21.530191,2026-07-07T08:06:21.546496+00:00,161.2,20,ask,,,10589122
2026-07-07T08:06:22.174970,2026-07-07T08:06:22.179061+00:00,161.3,3,bid,,,10589138
2026-07-07T08:06:23.048340,2026-07-07T08:06:23.058611+00:00,161.2,500,ask,,,10589152
2026-07-07T08:06:23.048340,2026-07-07T08:06:23.058611+00:00,161.1,125,ask,,,10589153
2026-07-07T08:06:24.637071,2026-07-07T08:06:24.647016+00:00,161.3,200,ask,,,10589192
2026-07-07T08:06:25.684839,2026-07-07T08:06:25.688344+00:00,161.3,3,bid,,,10589220
2026-07-07T08:06:26.991674,2026-07-07T08:06:27.019685+00:00,161.2,500,ask,,,10589247
2026-07-07T08:06:27.015361,2026-07-07T08:06:27.019685+00:00,161.2,11,bid,,,10589249
2026-07-07T08:06:27.055352,2026-07-07T08:06:27.063829+00:00,161.2,114,bid,,,10589251
2026-07-07T08:06:28.564698,2026-07-07T08:06:28.568957+00:00,161.3,11,ask,,,10589285
2026-07-07T08:06:29.498950,2026-07-07T08:06:29.503584+00:00,161.4,3,ask,,,10589293
2026-07-07T08:06:30.375760,2026-07-07T08:06:30.385545+00:00,161.4,20,ask,,,10589320
2026-07-07T08:06:31.922094,2026-07-07T08:06:31.926104+00:00,161.4,3,bid,,,10589345
2026-07-07T08:06:33.420282,2026-07-07T08:06:33.433392+00:00,161.4,20,bid,,,10589375
2026-07-07T08:06:33.553869,2026-07-07T08:06:33.558602+00:00,161.4,180,bid,,,10589380
2026-07-07T08:06:38.057611,2026-07-07T08:06:38.062149+00:00,161.3,3,ask,,,10589467
2026-07-07T08:06:45.234492,2026-07-07T08:06:45.238408+00:00,161.6,14,ask,,,10589596
2026-07-07T08:06:46.982202,2026-07-07T08:06:46.990848+00:00,161.6,500,ask,,,10589642
2026-07-07T08:06:48.185379,2026-07-07T08:06:48.196304+00:00,161.6,500,ask,,,10589663
2026-07-07T08:06:48.783735,2026-07-07T08:06:48.793402+00:00,161.6,125,ask,,,10589675
2026-07-07T08:06:48.852000,2026-07-07T08:06:48.860674+00:00,161.6,200,bid,,,10589678
2026-07-07T08:06:49.936432,2026-07-07T08:06:49.948337+00:00,161.6,20,bid,,,10589714
2026-07-07T08:06:50.756075,2026-07-07T08:06:50.759885+00:00,161.4,12,ask,,,10589726
2026-07-07T08:06:51.299122,2026-07-07T08:06:51.303564+00:00,161.5,11,ask,,,10589735
2026-07-07T08:06:52.500291,2026-07-07T08:06:52.507649+00:00,161.6,200,bid,,,10589751
2026-07-07T08:06:52.938720,2026-07-07T08:06:52.950637+00:00,161.3,20,ask,,,10589756
2026-07-07T08:06:56.048580,2026-07-07T08:06:56.055861+00:00,161.5,200,ask,,,10589816
2026-07-07T08:06:57.265892,2026-07-07T08:06:57.274253+00:00,161.4,200,ask,,,10589836
2026-07-07T08:06:57.288847,2026-07-07T08:06:57.300226+00:00,161.4,300,bid,,,10589838
2026-07-07T08:06:57.826278,2026-07-07T08:06:57.838156+00:00,161.5,20,ask,,,10589849
2026-07-07T08:06:57.846071,2026-07-07T08:06:57.858613+00:00,161.5,305,ask,,,10589850
2026-07-07T08:06:57.846071,2026-07-07T08:06:57.858613+00:00,161.5,195,ask,,,10589851
2026-07-07T08:06:58.475464,2026-07-07T08:06:58.485518+00:00,161.5,5,ask,,,10589872
2026-07-07T08:06:59.149732,2026-07-07T08:06:59.153423+00:00,161.4,20,bid,,,10589878
2026-07-07T08:06:59.756022,2026-07-07T08:06:59.763967+00:00,161.3,200,bid,,,10589893
2026-07-07T08:07:00.241176,2026-07-07T08:07:00.245109+00:00,161.2,12,ask,,,10589904
2026-07-07T08:07:00.290652,2026-07-07T08:07:00.300584+00:00,161.2,500,ask,,,10589905
2026-07-07T08:07:00.968737,2026-07-07T08:07:00.979129+00:00,161.3,200,bid,,,10589918
2026-07-07T08:07:01.234411,2026-07-07T08:07:01.245871+00:00,161.1,50,ask,,,10589929
2026-07-07T08:07:02.178922,2026-07-07T08:07:02.187703+00:00,161.1,200,bid,,,10589943
2026-07-07T08:07:02.243003,2026-07-07T08:07:02.260337+00:00,161.0,20,ask,,,10589946
2026-07-07T08:07:03.362324,2026-07-07T08:07:03.369572+00:00,161.0,20,ask,,,10589971
2026-07-07T08:07:03.908891,2026-07-07T08:07:03.917406+00:00,161.1,200,ask,,,10589982
2026-07-07T08:07:03.908891,2026-07-07T08:07:03.917406+00:00,161.1,300,ask,,,10589983
2026-07-07T08:07:04.536669,2026-07-07T08:07:04.552151+00:00,161.1,325,ask,,,10589991
2026-07-07T08:07:06.827679,2026-07-07T08:07:06.839304+00:00,161.1,20,bid,,,10590032
2026-07-07T08:07:07.824669,2026-07-07T08:07:07.835527+00:00,161.0,200,ask,,,10590054
2026-07-07T08:07:10.406381,2026-07-07T08:07:10.421332+00:00,161.0,20,bid,,,10590088
2026-07-07T08:07:11.767912,2026-07-07T08:07:11.774451+00:00,160.9,50,ask,,,10590120
2026-07-07T08:07:11.767912,2026-07-07T08:07:11.779893+00:00,160.8,200,ask,,,10590121
2026-07-07T08:07:12.032795,2026-07-07T08:07:12.043381+00:00,160.8,20,bid,,,10590123
2026-07-07T08:07:13.070370,2026-07-07T08:07:13.080893+00:00,160.8,200,bid,,,10590151
2026-07-07T08:07:13.917525,2026-07-07T08:07:13.929318+00:00,160.8,20,ask,,,10590168
2026-07-07T08:07:15.860747,2026-07-07T08:07:15.869359+00:00,160.8,5,ask,,,10590203
2026-07-07T08:07:15.860747,2026-07-07T08:07:15.869359+00:00,160.7,15,ask,,,10590204
2026-07-07T08:07:16.717876,2026-07-07T08:07:16.722058+00:00,160.9,22,ask,,,10590210
2026-07-07T08:07:17.035639,2026-07-07T08:07:17.044436+00:00,160.9,178,ask,,,10590220
2026-07-07T08:07:18.343097,2026-07-07T08:07:18.351346+00:00,161.0,200,bid,,,10590241
2026-07-07T08:07:22.423064,2026-07-07T08:07:22.426897+00:00,160.8,12,ask,,,10590308
2026-07-07T08:07:22.511770,2026-07-07T08:07:22.520586+00:00,160.8,18,ask,,,10590312
2026-07-07T08:07:22.511770,2026-07-07T08:07:22.520586+00:00,160.8,2,ask,,,10590313
2026-07-07T08:07:22.764800,2026-07-07T08:07:22.768850+00:00,160.9,11,ask,,,10590321
2026-07-07T08:07:22.941590,2026-07-07T08:07:22.958633+00:00,160.9,25,ask,,,10590322
2026-07-07T08:07:23.164565,2026-07-07T08:07:23.174154+00:00,160.9,25,ask,,,10590325
2026-07-07T08:07:23.400949,2026-07-07T08:07:23.411574+00:00,160.9,25,ask,,,10590330
2026-07-07T08:07:23.412210,2026-07-07T08:07:23.422084+00:00,161.0,3,bid,,,10590332
2026-07-07T08:07:24.041417,2026-07-07T08:07:24.050630+00:00,160.9,20,ask,,,10590346
2026-07-07T08:07:24.862548,2026-07-07T08:07:24.874477+00:00,161.0,20,bid,,,10590361
2026-07-07T08:07:25.714275,2026-07-07T08:07:25.723715+00:00,160.9,500,ask,,,10590368
2026-07-07T08:07:25.759418,2026-07-07T08:07:25.771245+00:00,160.9,20,ask,,,10590370
2026-07-07T08:07:26.278423,2026-07-07T08:07:26.285854+00:00,160.9,200,ask,,,10590386
2026-07-07T08:07:26.305627,2026-07-07T08:07:26.309838+00:00,160.9,11,bid,,,10590389
2026-07-07T08:07:26.373047,2026-07-07T08:07:26.384911+00:00,160.9,200,bid,,,10590392
2026-07-07T08:07:27.597189,2026-07-07T08:07:27.606288+00:00,160.9,500,bid,,,10590412
2026-07-07T08:07:27.597189,2026-07-07T08:07:27.606288+00:00,161.0,30,bid,,,10590413
2026-07-07T08:07:28.116564,2026-07-07T08:07:28.127621+00:00,161.0,95,ask,,,10590418
2026-07-07T08:07:28.116564,2026-07-07T08:07:28.127621+00:00,160.9,200,ask,,,10590419
2026-07-07T08:07:28.754585,2026-07-07T08:07:28.782477+00:00,160.8,20,ask,,,10590431
2026-07-07T08:07:28.777975,2026-07-07T08:07:28.782477+00:00,160.7,12,bid,,,10590434
2026-07-07T08:07:28.822875,2026-07-07T08:07:28.832929+00:00,160.7,200,bid,,,10590435
2026-07-07T08:07:28.920418,2026-07-07T08:07:28.943509+00:00,160.7,268,bid,,,10590437
2026-07-07T08:07:28.938789,2026-07-07T08:07:28.943509+00:00,160.7,20,ask,,,10590439
2026-07-07T08:07:28.944556,2026-07-07T08:07:28.948954+00:00,160.7,3,ask,,,10590440
2026-07-07T08:07:28.949899,2026-07-07T08:07:28.954478+00:00,160.7,3,ask,,,10590441
2026-07-07T08:07:28.955391,2026-07-07T08:07:28.959807+00:00,160.7,3,ask,,,10590442
2026-07-07T08:07:29.128512,2026-07-07T08:07:29.139477+00:00,160.9,17,bid,,,10590449
2026-07-07T08:07:30.221603,2026-07-07T08:07:30.230299+00:00,160.7,20,ask,,,10590458
2026-07-07T08:07:30.667733,2026-07-07T08:07:30.679242+00:00,160.6,20,ask,,,10590468
2026-07-07T08:07:31.244012,2026-07-07T08:07:31.258591+00:00,160.8,200,bid,,,10590480
2026-07-07T08:07:31.570405,2026-07-07T08:07:31.579587+00:00,160.7,30,ask,,,10590491
2026-07-07T08:07:32.097432,2026-07-07T08:07:32.109419+00:00,160.7,20,bid,,,10590506
2026-07-07T08:07:33.665342,2026-07-07T08:07:33.674615+00:00,160.7,200,bid,,,10590522
2026-07-07T08:07:34.362094,2026-07-07T08:07:34.369497+00:00,160.8,25,ask,,,10590535
2026-07-07T08:07:34.585033,2026-07-07T08:07:34.595591+00:00,160.8,20,ask,,,10590541
2026-07-07T08:07:35.053320,2026-07-07T08:07:35.061879+00:00,160.9,25,bid,,,10590558
2026-07-07T08:07:35.058285,2026-07-07T08:07:35.061879+00:00,160.9,40,bid,,,10590559
2026-07-07T08:07:35.060900,2026-07-07T08:07:35.077468+00:00,160.9,20,bid,,,10590560
2026-07-07T08:07:35.279831,2026-07-07T08:07:35.288307+00:00,160.9,25,bid,,,10590567
2026-07-07T08:07:35.284210,2026-07-07T08:07:35.293321+00:00,160.8,10,ask,,,10590568
2026-07-07T08:07:36.947530,2026-07-07T08:07:36.958546+00:00,160.9,20,bid,,,10590600
2026-07-07T08:07:40.648286,2026-07-07T08:07:40.658559+00:00,160.9,20,bid,,,10590669
2026-07-07T08:07:40.776659,2026-07-07T08:07:40.795119+00:00,160.9,500,bid,,,10590672
2026-07-07T08:07:40.791179,2026-07-07T08:07:40.795119+00:00,160.9,11,ask,,,10590674
2026-07-07T08:07:40.859854,2026-07-07T08:07:40.871507+00:00,160.9,114,ask,,,10590675
2026-07-07T08:07:42.096106,2026-07-07T08:07:42.106488+00:00,160.7,200,ask,,,10590703
2026-07-07T08:07:43.411060,2026-07-07T08:07:43.419466+00:00,160.7,200,bid,,,10590727
2026-07-07T08:07:46.096425,2026-07-07T08:07:46.103486+00:00,160.6,20,ask,,,10590771
2026-07-07T08:07:49.438332,2026-07-07T08:07:49.449054+00:00,160.4,200,ask,,,10590829
2026-07-07T08:07:50.042398,2026-07-07T08:07:50.052644+00:00,160.5,20,bid,,,10590843
2026-07-07T08:07:50.645017,2026-07-07T08:07:50.653778+00:00,160.5,200,bid,,,10590848
2026-07-07T08:07:53.919509,2026-07-07T08:07:53.927770+00:00,160.3,200,ask,,,10590901
2026-07-07T08:07:54.986040,2026-07-07T08:07:54.995049+00:00,160.1,20,ask,,,10590927
2026-07-07T08:07:57.246701,2026-07-07T08:07:57.258553+00:00,160.3,20,bid,,,10590964
2026-07-07T08:07:57.276260,2026-07-07T08:07:57.280389+00:00,160.3,11,bid,,,10590971
2026-07-07T08:07:57.461201,2026-07-07T08:07:57.470176+00:00,160.3,25,bid,,,10590976
2026-07-07T08:07:57.466097,2026-07-07T08:07:57.475161+00:00,160.1,12,ask,,,10590977
2026-07-07T08:07:58.965715,2026-07-07T08:07:58.974137+00:00,160.1,20,ask,,,10591001
2026-07-07T08:08:00.436238,2026-07-07T08:08:00.440557+00:00,160.3,11,ask,,,10591032
2026-07-07T08:08:00.488765,2026-07-07T08:08:00.497732+00:00,160.3,189,ask,,,10591034
2026-07-07T08:08:04.495148,2026-07-07T08:08:04.507172+00:00,160.4,20,bid,,,10591099
2026-07-07T08:08:05.722883,2026-07-07T08:08:05.734408+00:00,160.3,500,bid,,,10591115
2026-07-07T08:08:06.279829,2026-07-07T08:08:06.291515+00:00,160.3,125,ask,,,10591129
2026-07-07T08:08:07.035960,2026-07-07T08:08:07.044622+00:00,160.1,200,ask,,,10591151
2026-07-07T08:08:08.829194,2026-07-07T08:08:08.837042+00:00,160.1,200,bid,,,10591177
2026-07-07T08:08:09.913699,2026-07-07T08:08:09.922506+00:00,159.9,500,ask,,,10591210
2026-07-07T08:08:10.057525,2026-07-07T08:08:10.062200+00:00,160.1,12,ask,,,10591213
2026-07-07T08:08:10.497921,2026-07-07T08:08:10.507305+00:00,160.1,188,ask,,,10591215
2026-07-07T08:08:11.247770,2026-07-07T08:08:11.254901+00:00,160.0,200,bid,,,10591239
2026-07-07T08:08:12.460347,2026-07-07T08:08:12.469817+00:00,159.9,200,bid,,,10591248
2026-07-07T08:08:12.963735,2026-07-07T08:08:12.967794+00:00,159.8,12,bid,,,10591257
2026-07-07T08:08:13.618335,2026-07-07T08:08:13.625745+00:00,159.8,500,bid,,,10591271
2026-07-07T08:08:14.141489,2026-07-07T08:08:14.158580+00:00,159.8,125,ask,,,10591276
2026-07-07T08:08:14.141489,2026-07-07T08:08:14.158580+00:00,159.7,200,ask,,,10591277
2026-07-07T08:08:15.126091,2026-07-07T08:08:15.134168+00:00,159.7,20,bid,,,10591302
2026-07-07T08:08:15.959982,2026-07-07T08:08:15.966905+00:00,159.6,200,ask,,,10591320
2026-07-07T08:08:15.979097,2026-07-07T08:08:15.983607+00:00,159.6,11,bid,,,10591322
2026-07-07T08:08:16.010633,2026-07-07T08:08:16.021902+00:00,159.6,25,bid,,,10591324
2026-07-07T08:08:16.255801,2026-07-07T08:08:16.258599+00:00,159.6,22,bid,,,10591330
2026-07-07T08:08:16.261693,2026-07-07T08:08:16.268999+00:00,159.5,8,ask,,,10591331
2026-07-07T08:08:17.571539,2026-07-07T08:08:17.579978+00:00,159.5,200,ask,,,10591356
2026-07-07T08:08:18.504822,2026-07-07T08:08:18.513500+00:00,159.4,200,bid,,,10591365
2026-07-07T08:08:18.857708,2026-07-07T08:08:18.868864+00:00,159.4,8,bid,,,10591372
2026-07-07T08:08:19.490587,2026-07-07T08:08:19.503844+00:00,159.4,20,ask,,,10591386
2026-07-07T08:08:19.714908,2026-07-07T08:08:19.725983+00:00,159.6,200,bid,,,10591387
2026-07-07T08:08:20.236992,2026-07-07T08:08:20.245098+00:00,159.6,500,bid,,,10591404
2026-07-07T08:08:20.260351,2026-07-07T08:08:20.264776+00:00,159.6,23,ask,,,10591406
2026-07-07T08:08:20.570291,2026-07-07T08:08:20.578422+00:00,159.6,20,ask,,,10591420
2026-07-07T08:08:20.794143,2026-07-07T08:08:20.801919+00:00,159.6,82,ask,,,10591421
2026-07-07T08:08:20.923241,2026-07-07T08:08:20.931982+00:00,159.5,200,bid,,,10591422
2026-07-07T08:08:22.134364,2026-07-07T08:08:22.144043+00:00,159.4,200,bid,,,10591442
2026-07-07T08:08:23.600120,2026-07-07T08:08:23.608500+00:00,159.3,20,ask,,,10591462
2026-07-07T08:08:24.176566,2026-07-07T08:08:24.187637+00:00,159.4,500,bid,,,10591472
2026-07-07T08:08:24.442367,2026-07-07T08:08:24.458613+00:00,159.4,125,ask,,,10591476
2026-07-07T08:08:24.553326,2026-07-07T08:08:24.564004+00:00,159.4,200,bid,,,10591479
2026-07-07T08:08:25.761624,2026-07-07T08:08:25.770659+00:00,159.2,200,bid,,,10591496
2026-07-07T08:08:26.170392,2026-07-07T08:08:26.178843+00:00,159.0,20,ask,,,10591500
2026-07-07T08:08:26.977631,2026-07-07T08:08:26.987295+00:00,159.4,200,bid,,,10591521
2026-07-07T08:08:27.414043,2026-07-07T08:08:27.425619+00:00,159.2,20,ask,,,10591525
2026-07-07T08:08:29.889985,2026-07-07T08:08:29.897723+00:00,159.2,200,ask,,,10591562
2026-07-07T08:08:30.022524,2026-07-07T08:08:30.030214+00:00,159.1,20,ask,,,10591567
2026-07-07T08:08:31.763830,2026-07-07T08:08:31.775320+00:00,159.1,20,ask,,,10591599
2026-07-07T08:08:32.053500,2026-07-07T08:08:32.068727+00:00,159.2,500,bid,,,10591604
2026-07-07T08:08:32.112710,2026-07-07T08:08:32.116872+00:00,159.2,11,ask,,,10591607
2026-07-07T08:08:32.179935,2026-07-07T08:08:32.191631+00:00,159.2,25,ask,,,10591608
2026-07-07T08:08:32.221812,2026-07-07T08:08:32.233733+00:00,159.2,20,ask,,,10591610
2026-07-07T08:08:32.290715,2026-07-07T08:08:32.299660+00:00,159.2,69,ask,,,10591611
2026-07-07T08:08:33.030774,2026-07-07T08:08:33.038005+00:00,159.2,200,bid,,,10591623
2026-07-07T08:08:35.224635,2026-07-07T08:08:35.229051+00:00,159.1,11,bid,,,10591662
2026-07-07T08:08:35.464235,2026-07-07T08:08:35.468168+00:00,159.0,12,bid,,,10591666
2026-07-07T08:08:37.299620,2026-07-07T08:08:37.306283+00:00,158.9,200,ask,,,10591702
2026-07-07T08:08:38.433793,2026-07-07T08:08:38.437906+00:00,158.8,12,ask,,,10591732
2026-07-07T08:08:41.515431,2026-07-07T08:08:41.522489+00:00,158.9,200,bid,,,10591791
2026-07-07T08:08:48.327191,2026-07-07T08:08:48.335206+00:00,158.6,20,ask,,,10591877
2026-07-07T08:08:50.412832,2026-07-07T08:08:50.420385+00:00,158.7,200,ask,,,10591905
2026-07-07T08:08:51.206579,2026-07-07T08:08:51.213944+00:00,158.6,200,bid,,,10591915
2026-07-07T08:08:51.761446,2026-07-07T08:08:51.768813+00:00,158.6,25,ask,,,10591931
2026-07-07T08:08:51.764819,2026-07-07T08:08:51.768813+00:00,158.6,11,ask,,,10591932
2026-07-07T08:08:51.987052,2026-07-07T08:08:51.995381+00:00,158.6,25,ask,,,10591937
2026-07-07T08:08:52.220353,2026-07-07T08:08:52.230299+00:00,158.6,5,ask,,,10591947
2026-07-07T08:08:53.064642,2026-07-07T08:08:53.068677+00:00,158.8,6,ask,,,10591967
2026-07-07T08:08:53.626762,2026-07-07T08:08:53.635459+00:00,158.8,200,ask,,,10591970
2026-07-07T08:08:54.208292,2026-07-07T08:08:54.212209+00:00,159.0,6,bid,,,10591981
2026-07-07T08:08:54.384676,2026-07-07T08:08:54.389118+00:00,158.8,23,bid,,,10591985
2026-07-07T08:08:55.683887,2026-07-07T08:08:55.690422+00:00,158.7,200,ask,,,10592008
2026-07-07T08:08:58.458157,2026-07-07T08:08:58.469325+00:00,158.6,200,bid,,,10592046
2026-07-07T08:08:59.192895,2026-07-07T08:08:59.204981+00:00,158.4,20,ask,,,10592057
2026-07-07T08:09:00.578679,2026-07-07T08:09:00.582707+00:00,158.4,12,ask,,,10592087
2026-07-07T08:09:00.928235,2026-07-07T08:09:00.948966+00:00,158.5,200,bid,,,10592091
2026-07-07T08:09:00.944635,2026-07-07T08:09:00.948966+00:00,158.5,11,ask,,,10592093
2026-07-07T08:09:02.086298,2026-07-07T08:09:02.096258+00:00,158.5,200,ask,,,10592111
2026-07-07T08:09:02.244767,2026-07-07T08:09:02.256347+00:00,158.3,500,ask,,,10592114
2026-07-07T08:09:02.559066,2026-07-07T08:09:02.569100+00:00,158.3,125,bid,,,10592121
2026-07-07T08:09:04.885174,2026-07-07T08:09:04.889193+00:00,158.6,6,ask,,,10592151
2026-07-07T08:09:07.492882,2026-07-07T08:09:07.500691+00:00,158.7,500,ask,,,10592189
2026-07-07T08:09:08.012538,2026-07-07T08:09:08.020909+00:00,158.6,125,bid,,,10592200
2026-07-07T08:09:12.254468,2026-07-07T08:09:12.266059+00:00,158.8,20,bid,,,10592265
2026-07-07T08:09:12.950057,2026-07-07T08:09:12.958597+00:00,158.6,20,ask,,,10592287
2026-07-07T08:09:14.055668,2026-07-07T08:09:14.058600+00:00,158.6,200,bid,,,10592308
2026-07-07T08:09:14.182244,2026-07-07T08:09:14.193499+00:00,158.7,200,ask,,,10592311
2026-07-07T08:09:17.474461,2026-07-07T08:09:17.480924+00:00,158.8,20,bid,,,10592348
2026-07-07T08:09:19.020783,2026-07-07T08:09:19.030467+00:00,158.6,200,ask,,,10592376
2026-07-07T08:09:20.608374,2026-07-07T08:09:20.616676+00:00,158.6,200,bid,,,10592400
2026-07-07T08:09:21.992718,2026-07-07T08:09:22.002334+00:00,158.7,20,bid,,,10592417
2026-07-07T08:09:24.543240,2026-07-07T08:09:24.554615+00:00,158.4,200,ask,,,10592471
2026-07-07T08:09:24.543240,2026-07-07T08:09:24.554615+00:00,158.4,425,ask,,,10592472
2026-07-07T08:09:26.273501,2026-07-07T08:09:26.284126+00:00,158.4,200,ask,,,10592494
2026-07-07T08:09:26.698997,2026-07-07T08:09:26.710894+00:00,158.7,20,bid,,,10592502
2026-07-07T08:09:27.413689,2026-07-07T08:09:27.421751+00:00,158.5,20,ask,,,10592526
2026-07-07T08:09:27.487248,2026-07-07T08:09:27.495043+00:00,158.5,200,ask,,,10592529
2026-07-07T08:09:28.602191,2026-07-07T08:09:28.613950+00:00,158.5,500,bid,,,10592553
2026-07-07T08:09:29.198886,2026-07-07T08:09:29.206795+00:00,158.5,125,bid,,,10592556
2026-07-07T08:09:29.198886,2026-07-07T08:09:29.212197+00:00,158.5,200,bid,,,10592557
2026-07-07T08:09:29.906763,2026-07-07T08:09:29.916877+00:00,158.8,200,ask,,,10592583
2026-07-07T08:09:32.245879,2026-07-07T08:09:32.253726+00:00,158.7,200,bid,,,10592619
2026-07-07T08:09:32.851783,2026-07-07T08:09:32.858625+00:00,158.8,200,bid,,,10592629
2026-07-07T08:09:32.851783,2026-07-07T08:09:32.863849+00:00,158.8,300,bid,,,10592630
2026-07-07T08:09:35.888018,2026-07-07T08:09:35.897937+00:00,158.9,500,bid,,,10592682
2026-07-07T08:09:36.348732,2026-07-07T08:09:36.357999+00:00,158.9,200,bid,,,10592687
2026-07-07T08:09:37.165010,2026-07-07T08:09:37.171665+00:00,159.1,200,ask,,,10592710
2026-07-07T08:09:38.974897,2026-07-07T08:09:38.985484+00:00,158.9,200,ask,,,10592743
2026-07-07T08:09:38.974897,2026-07-07T08:09:38.985484+00:00,158.9,425,ask,,,10592744
2026-07-07T08:09:39.583603,2026-07-07T08:09:39.594662+00:00,158.9,200,ask,,,10592756
2026-07-07T08:09:40.713728,2026-07-07T08:09:40.723729+00:00,159.1,500,bid,,,10592765
2026-07-07T08:09:40.818586,2026-07-07T08:09:40.822837+00:00,158.9,17,bid,,,10592768
2026-07-07T08:09:41.307551,2026-07-07T08:09:41.316473+00:00,158.9,183,bid,,,10592777
2026-07-07T08:09:41.664176,2026-07-07T08:09:41.673346+00:00,159.4,20,bid,,,10592786
2026-07-07T08:09:42.014939,2026-07-07T08:09:42.025146+00:00,159.2,200,ask,,,10592791
2026-07-07T08:09:43.229905,2026-07-07T08:09:43.240993+00:00,159.1,200,ask,,,10592817
2026-07-07T08:09:43.809736,2026-07-07T08:09:43.817471+00:00,159.4,20,bid,,,10592824
2026-07-07T08:09:44.376959,2026-07-07T08:09:44.381707+00:00,159.2,12,bid,,,10592841
2026-07-07T08:09:44.440800,2026-07-07T08:09:44.450135+00:00,159.1,200,ask,,,10592842
2026-07-07T08:09:44.449979,2026-07-07T08:09:44.460818+00:00,159.2,20,bid,,,10592843
2026-07-07T08:09:44.895270,2026-07-07T08:09:44.899520+00:00,159.1,23,ask,,,10592852
2026-07-07T08:09:44.955923,2026-07-07T08:09:44.963393+00:00,159.2,500,bid,,,10592853
2026-07-07T08:09:45.574569,2026-07-07T08:09:45.578562+00:00,159.2,6,ask,,,10592860
2026-07-07T08:09:45.650865,2026-07-07T08:09:45.661760+00:00,159.2,200,ask,,,10592863
2026-07-07T08:09:45.748129,2026-07-07T08:09:45.758853+00:00,159.2,25,ask,,,10592864
2026-07-07T08:09:45.757209,2026-07-07T08:09:45.764408+00:00,159.3,22,bid,,,10592866
2026-07-07T08:09:45.980721,2026-07-07T08:09:45.991535+00:00,159.3,20,bid,,,10592872
2026-07-07T08:09:46.196876,2026-07-07T08:09:46.206133+00:00,159.2,20,ask,,,10592875
2026-07-07T08:09:46.888294,2026-07-07T08:09:46.896554+00:00,159.2,200,ask,,,10592885
2026-07-07T08:09:47.330075,2026-07-07T08:09:47.337085+00:00,159.3,20,bid,,,10592893
2026-07-07T08:09:49.918673,2026-07-07T08:09:49.923143+00:00,159.3,6,bid,,,10592942
2026-07-07T08:09:50.401594,2026-07-07T08:09:50.412000+00:00,159.3,194,bid,,,10592945
2026-07-07T08:09:53.463650,2026-07-07T08:09:53.488140+00:00,159.4,500,ask,,,10593001
2026-07-07T08:09:53.483669,2026-07-07T08:09:53.488140+00:00,159.4,11,bid,,,10593003
2026-07-07T08:09:54.328764,2026-07-07T08:09:54.341028+00:00,159.3,20,ask,,,10593010
2026-07-07T08:09:54.352606,2026-07-07T08:09:54.357210+00:00,159.4,12,bid,,,10593013
2026-07-07T08:09:54.650957,2026-07-07T08:09:54.658617+00:00,159.4,102,bid,,,10593023
2026-07-07T08:09:54.770831,2026-07-07T08:09:54.781883+00:00,159.5,50,bid,,,10593031
2026-07-07T08:09:55.350592,2026-07-07T08:09:55.358594+00:00,159.5,200,ask,,,10593044
2026-07-07T08:09:56.558997,2026-07-07T08:09:56.566847+00:00,159.4,200,ask,,,10593061
2026-07-07T08:09:57.767002,2026-07-07T08:09:57.774995+00:00,159.5,200,ask,,,10593078
2026-07-07T08:10:00.188494,2026-07-07T08:10:00.198696+00:00,159.5,200,ask,,,10593117
2026-07-07T08:10:05.303703,2026-07-07T08:10:05.310562+00:00,159.5,200,ask,,,10593211
2026-07-07T08:10:06.229559,2026-07-07T08:10:06.239238+00:00,159.5,200,bid,,,10593224
2026-07-07T08:10:09.294056,2026-07-07T08:10:09.302087+00:00,159.5,20,ask,,,10593276
2026-07-07T08:10:11.064576,2026-07-07T08:10:11.071885+00:00,159.6,50,bid,,,10593311
2026-07-07T08:10:11.458476,2026-07-07T08:10:11.470251+00:00,159.6,20,ask,,,10593316
2026-07-07T08:10:12.280660,2026-07-07T08:10:12.288449+00:00,159.7,200,bid,,,10593343
2026-07-07T08:10:13.491452,2026-07-07T08:10:13.512221+00:00,159.7,50,bid,,,10593361
2026-07-07T08:10:14.462328,2026-07-07T08:10:14.474022+00:00,159.8,150,ask,,,10593381
2026-07-07T08:10:15.910985,2026-07-07T08:10:15.920080+00:00,159.7,200,ask,,,10593408
2026-07-07T08:10:17.055631,2026-07-07T08:10:17.060009+00:00,159.8,3,bid,,,10593442
2026-07-07T08:10:22.331378,2026-07-07T08:10:22.338766+00:00,159.7,200,bid,,,10593533
2026-07-07T08:10:22.350939,2026-07-07T08:10:22.354795+00:00,159.7,3,ask,,,10593535
2026-07-07T08:10:24.963441,2026-07-07T08:10:24.974832+00:00,159.7,200,ask,,,10593592
2026-07-07T08:10:27.948348,2026-07-07T08:10:27.958549+00:00,159.6,200,ask,,,10593640
2026-07-07T08:10:28.732305,2026-07-07T08:10:28.744153+00:00,159.7,20,bid,,,10593660
2026-07-07T08:10:30.443010,2026-07-07T08:10:30.458533+00:00,159.5,50,ask,,,10593688
2026-07-07T08:10:30.465412,2026-07-07T08:10:30.469428+00:00,159.5,11,bid,,,10593693
2026-07-07T08:10:31.660301,2026-07-07T08:10:31.669080+00:00,159.4,200,ask,,,10593708
2026-07-07T08:10:33.121568,2026-07-07T08:10:33.133483+00:00,159.4,20,ask,,,10593731
2026-07-07T08:10:35.317418,2026-07-07T08:10:35.331275+00:00,159.5,200,ask,,,10593778
2026-07-07T08:10:36.755217,2026-07-07T08:10:36.758606+00:00,159.5,20,bid,,,10593801
2026-07-07T08:10:37.393455,2026-07-07T08:10:37.401477+00:00,159.5,20,bid,,,10593817
2026-07-07T08:10:38.094088,2026-07-07T08:10:38.102234+00:00,159.4,30,ask,,,10593828
2026-07-07T08:10:38.949916,2026-07-07T08:10:38.958276+00:00,159.4,200,bid,,,10593832
2026-07-07T08:10:41.377381,2026-07-07T08:10:41.385188+00:00,159.3,20,ask,,,10593876
2026-07-07T08:10:42.039820,2026-07-07T08:10:42.047650+00:00,159.3,180,ask,,,10593881
2026-07-07T08:10:43.232925,2026-07-07T08:10:43.239993+00:00,159.3,20,bid,,,10593898
2026-07-07T08:10:46.235443,2026-07-07T08:10:46.245518+00:00,159.3,200,ask,,,10593947
2026-07-07T08:10:49.481459,2026-07-07T08:10:49.493309+00:00,159.3,20,ask,,,10594004
2026-07-07T08:10:51.287367,2026-07-07T08:10:51.294824+00:00,159.5,200,bid,,,10594028
2026-07-07T08:10:58.928203,2026-07-07T08:10:58.936392+00:00,159.5,20,bid,,,10594166
2026-07-07T08:10:59.168478,2026-07-07T08:10:59.179646+00:00,159.5,180,bid,,,10594175
2026-07-07T08:11:01.884076,2026-07-07T08:11:01.895000+00:00,159.4,200,ask,,,10594217
2026-07-07T08:11:02.234189,2026-07-07T08:11:02.245326+00:00,159.3,15,ask,,,10594224
2026-07-07T08:11:03.193602,2026-07-07T08:11:03.202588+00:00,159.4,200,bid,,,10594244
2026-07-07T08:11:04.433207,2026-07-07T08:11:04.437602+00:00,159.4,11,ask,,,10594259
2026-07-07T08:11:07.240292,2026-07-07T08:11:07.244518+00:00,159.5,11,bid,,,10594328
2026-07-07T08:11:08.358714,2026-07-07T08:11:08.366445+00:00,159.4,200,ask,,,10594345
2026-07-07T08:11:08.379349,2026-07-07T08:11:08.383937+00:00,159.4,11,bid,,,10594347
2026-07-07T08:11:08.465225,2026-07-07T08:11:08.476728+00:00,159.4,25,bid,,,10594351
2026-07-07T08:11:08.688724,2026-07-07T08:11:08.696138+00:00,159.4,25,bid,,,10594356
2026-07-07T08:11:08.910078,2026-07-07T08:11:08.917298+00:00,159.4,25,bid,,,10594361
2026-07-07T08:11:09.159057,2026-07-07T08:11:09.169488+00:00,159.4,3,bid,,,10594363
2026-07-07T08:11:09.670747,2026-07-07T08:11:09.680236+00:00,159.4,500,bid,,,10594371
2026-07-07T08:11:09.739905,2026-07-07T08:11:09.746932+00:00,159.4,125,ask,,,10594374
2026-07-07T08:11:09.816251,2026-07-07T08:11:09.826561+00:00,159.4,20,bid,,,10594381
2026-07-07T08:11:10.299933,2026-07-07T08:11:10.312355+00:00,159.3,5,ask,,,10594389
2026-07-07T08:11:10.299933,2026-07-07T08:11:10.312355+00:00,159.3,15,ask,,,10594390
2026-07-07T08:11:10.630066,2026-07-07T08:11:10.641923+00:00,159.3,20,ask,,,10594399
2026-07-07T08:11:10.990707,2026-07-07T08:11:11.000612+00:00,159.3,180,ask,,,10594408
2026-07-07T08:11:11.589685,2026-07-07T08:11:11.600153+00:00,159.3,45,bid,,,10594418
2026-07-07T08:11:11.667021,2026-07-07T08:11:11.678127+00:00,159.3,200,bid,,,10594419
2026-07-07T08:11:12.806046,2026-07-07T08:11:12.816445+00:00,159.3,16,ask,,,10594451
2026-07-07T08:11:14.094151,2026-07-07T08:11:14.101131+00:00,159.5,50,bid,,,10594464
2026-07-07T08:11:14.111951,2026-07-07T08:11:14.115909+00:00,159.5,11,ask,,,10594466
2026-07-07T08:11:14.952428,2026-07-07T08:11:14.952346+00:00,159.5,20,ask,,,10594491
2026-07-07T08:11:15.324391,2026-07-07T08:11:15.328749+00:00,159.6,11,ask,,,10594502
2026-07-07T08:11:15.623141,2026-07-07T08:11:15.634861+00:00,159.6,50,ask,,,10594511
2026-07-07T08:11:15.969201,2026-07-07T08:11:15.980895+00:00,159.7,20,bid,,,10594517
2026-07-07T08:11:17.568533,2026-07-07T08:11:17.575857+00:00,159.6,200,ask,,,10594535
2026-07-07T08:11:18.942787,2026-07-07T08:11:18.952047+00:00,159.7,50,bid,,,10594558
2026-07-07T08:11:18.942787,2026-07-07T08:11:18.952047+00:00,159.7,150,bid,,,10594559
2026-07-07T08:11:22.595535,2026-07-07T08:11:22.599714+00:00,159.7,7,ask,,,10594616
2026-07-07T08:11:25.554435,2026-07-07T08:11:25.566184+00:00,159.6,20,ask,,,10594660
2026-07-07T08:11:27.926538,2026-07-07T08:11:27.936794+00:00,159.8,20,bid,,,10594688
2026-07-07T08:11:28.047780,2026-07-07T08:11:28.059289+00:00,159.6,200,ask,,,10594691
2026-07-07T08:11:28.065125,2026-07-07T08:11:28.068811+00:00,159.6,7,bid,,,10594693
2026-07-07T08:11:29.481536,2026-07-07T08:11:29.486215+00:00,159.4,12,ask,,,10594722
2026-07-07T08:11:29.607832,2026-07-07T08:11:29.617556+00:00,159.4,25,ask,,,10594724
2026-07-07T08:11:29.618009,2026-07-07T08:11:29.627954+00:00,159.4,20,ask,,,10594726
2026-07-07T08:11:29.833692,2026-07-07T08:11:29.843027+00:00,159.5,20,bid,,,10594731
2026-07-07T08:11:30.903974,2026-07-07T08:11:30.910966+00:00,159.5,20,bid,,,10594753
2026-07-07T08:11:31.785412,2026-07-07T08:11:31.792723+00:00,159.6,20,bid,,,10594762
2026-07-07T08:11:33.293841,2026-07-07T08:11:33.301763+00:00,159.5,200,ask,,,10594788
2026-07-07T08:11:33.313168,2026-07-07T08:11:33.317582+00:00,159.4,12,bid,,,10594790
2026-07-07T08:11:33.722975,2026-07-07T08:11:33.732247+00:00,159.4,10,bid,,,10594799
2026-07-07T08:11:35.911449,2026-07-07T08:11:35.919395+00:00,159.5,200,bid,,,10594827
2026-07-07T08:11:35.932278,2026-07-07T08:11:35.941354+00:00,159.5,200,ask,,,10594829
2026-07-07T08:11:37.374498,2026-07-07T08:11:37.382154+00:00,159.3,20,ask,,,10594859
2026-07-07T08:11:38.706445,2026-07-07T08:11:38.710756+00:00,159.5,11,bid,,,10594891
2026-07-07T08:11:38.810076,2026-07-07T08:11:38.821066+00:00,159.5,189,bid,,,10594892
2026-07-07T08:11:41.154725,2026-07-07T08:11:41.163621+00:00,159.6,200,bid,,,10594938
2026-07-07T08:11:42.466886,2026-07-07T08:11:42.488803+00:00,159.7,200,ask,,,10594953
2026-07-07T08:11:42.485065,2026-07-07T08:11:42.488803+00:00,159.6,23,bid,,,10594955
2026-07-07T08:11:42.578812,2026-07-07T08:11:42.587524+00:00,159.6,25,bid,,,10594959
2026-07-07T08:11:42.802365,2026-07-07T08:11:42.812454+00:00,159.6,25,bid,,,10594961
2026-07-07T08:11:43.028337,2026-07-07T08:11:43.039039+00:00,159.6,1,bid,,,10594967
2026-07-07T08:11:43.199966,2026-07-07T08:11:43.211683+00:00,159.6,200,bid,,,10594968
2026-07-07T08:11:45.295226,2026-07-07T08:11:45.300304+00:00,159.6,23,ask,,,10595010
2026-07-07T08:11:45.628128,2026-07-07T08:11:45.634770+00:00,159.6,200,ask,,,10595013
2026-07-07T08:11:51.658329,2026-07-07T08:11:51.682694+00:00,159.6,200,bid,,,10595124
2026-07-07T08:11:51.678278,2026-07-07T08:11:51.682694+00:00,159.6,11,ask,,,10595126
2026-07-07T08:11:51.695375,2026-07-07T08:11:51.703478+00:00,159.6,200,ask,,,10595128
2026-07-07T08:11:52.910217,2026-07-07T08:11:52.917484+00:00,159.6,200,ask,,,10595166
2026-07-07T08:11:52.915118,2026-07-07T08:11:52.922539+00:00,159.6,14,ask,,,10595167
2026-07-07T08:11:52.915118,2026-07-07T08:11:52.927968+00:00,159.5,6,ask,,,10595168
2026-07-07T08:11:57.242951,2026-07-07T08:11:57.254930+00:00,159.5,20,ask,,,10595242
2026-07-07T08:12:01.397923,2026-07-07T08:12:01.404766+00:00,159.5,24,ask,,,10595314
2026-07-07T08:12:02.143352,2026-07-07T08:12:02.151457+00:00,159.5,176,bid,,,10595328
2026-07-07T08:12:02.440020,2026-07-07T08:12:02.458566+00:00,159.5,20,ask,,,10595334
2026-07-07T08:12:02.609702,2026-07-07T08:12:02.619728+00:00,159.5,200,ask,,,10595338
2026-07-07T08:12:03.116761,2026-07-07T08:12:03.123845+00:00,159.5,20,ask,,,10595347
2026-07-07T08:12:03.543770,2026-07-07T08:12:03.554852+00:00,159.4,20,ask,,,10595359
2026-07-07T08:12:05.499274,2026-07-07T08:12:05.510889+00:00,159.4,20,ask,,,10595397
2026-07-07T08:12:07.464111,2026-07-07T08:12:07.474976+00:00,159.4,10,ask,,,10595422
2026-07-07T08:12:07.629271,2026-07-07T08:12:07.637024+00:00,159.2,20,ask,,,10595428
2026-07-07T08:12:11.096018,2026-07-07T08:12:11.107507+00:00,159.4,200,bid,,,10595494
2026-07-07T08:12:12.000300,2026-07-07T08:12:12.007975+00:00,159.3,20,ask,,,10595507
2026-07-07T08:12:13.967015,2026-07-07T08:12:13.976997+00:00,159.3,30,ask,,,10595536
2026-07-07T08:12:13.967015,2026-07-07T08:12:13.976997+00:00,159.3,200,ask,,,10595537
2026-07-07T08:12:14.724588,2026-07-07T08:12:14.734700+00:00,159.2,200,bid,,,10595546
2026-07-07T08:12:15.936657,2026-07-07T08:12:15.946055+00:00,159.4,200,bid,,,10595565
2026-07-07T08:12:16.114121,2026-07-07T08:12:16.125471+00:00,159.3,20,ask,,,10595568
2026-07-07T08:12:16.348189,2026-07-07T08:12:16.356365+00:00,159.3,500,ask,,,10595572
2026-07-07T08:12:16.579418,2026-07-07T08:12:16.586135+00:00,159.3,20,ask,,,10595581
2026-07-07T08:12:19.567391,2026-07-07T08:12:19.575555+00:00,159.1,200,ask,,,10595644
2026-07-07T08:12:20.883081,2026-07-07T08:12:20.894822+00:00,159.0,20,ask,,,10595667
2026-07-07T08:12:23.204236,2026-07-07T08:12:23.215183+00:00,159.0,200,ask,,,10595705
2026-07-07T08:12:24.428077,2026-07-07T08:12:24.432401+00:00,159.1,12,ask,,,10595729
2026-07-07T08:12:27.881435,2026-07-07T08:12:27.886180+00:00,158.9,11,ask,,,10595791
2026-07-07T08:12:28.016030,2026-07-07T08:12:28.024446+00:00,158.9,25,ask,,,10595795
2026-07-07T08:12:28.052001,2026-07-07T08:12:28.058597+00:00,158.9,200,ask,,,10595797
2026-07-07T08:12:28.238695,2026-07-07T08:12:28.249795+00:00,158.9,15,ask,,,10595800
2026-07-07T08:12:28.249494,2026-07-07T08:12:28.260324+00:00,159.0,1,bid,,,10595802
2026-07-07T08:12:29.762982,2026-07-07T08:12:29.784130+00:00,159.0,20,bid,,,10595838
2026-07-07T08:12:29.765882,2026-07-07T08:12:29.784130+00:00,158.8,500,ask,,,10595839
2026-07-07T08:12:29.780230,2026-07-07T08:12:29.784130+00:00,158.8,23,bid,,,10595841
2026-07-07T08:12:30.250672,2026-07-07T08:12:30.257987+00:00,158.8,102,bid,,,10595847
2026-07-07T08:12:30.476810,2026-07-07T08:12:30.487083+00:00,158.9,200,ask,,,10595850
2026-07-07T08:12:33.640464,2026-07-07T08:12:33.647939+00:00,159.2,20,bid,,,10595895
2026-07-07T08:12:36.886687,2026-07-07T08:12:36.895067+00:00,159.2,20,bid,,,10595935
2026-07-07T08:12:37.289183,2026-07-07T08:12:37.297066+00:00,159.2,20,bid,,,10595949
2026-07-07T08:12:38.624080,2026-07-07T08:12:38.635995+00:00,159.0,20,ask,,,10595973
2026-07-07T08:12:41.579972,2026-07-07T08:12:41.586696+00:00,159.2,200,bid,,,10596026
2026-07-07T08:12:45.019885,2026-07-07T08:12:45.023778+00:00,159.2,11,bid,,,10596083
2026-07-07T08:12:45.067824,2026-07-07T08:12:45.076342+00:00,159.2,25,bid,,,10596086
2026-07-07T08:12:45.446756,2026-07-07T08:12:45.467212+00:00,159.0,11,ask,,,10596094
2026-07-07T08:12:47.450665,2026-07-07T08:12:47.454573+00:00,159.1,12,ask,,,10596131
2026-07-07T08:12:52.077762,2026-07-07T08:12:52.086140+00:00,159.1,200,bid,,,10596205
2026-07-07T08:12:54.212548,2026-07-07T08:12:54.224330+00:00,159.2,20,bid,,,10596246
2026-07-07T08:12:54.491025,2026-07-07T08:12:54.518450+00:00,159.2,180,bid,,,10596256
2026-07-07T08:12:54.513917,2026-07-07T08:12:54.518450+00:00,159.2,6,ask,,,10596258
2026-07-07T08:12:54.843495,2026-07-07T08:12:54.847663+00:00,159.3,18,bid,,,10596266
2026-07-07T08:12:56.104678,2026-07-07T08:12:56.115152+00:00,159.3,20,bid,,,10596296
2026-07-07T08:12:58.325621,2026-07-07T08:12:58.336407+00:00,159.2,200,ask,,,10596345
2026-07-07T08:12:58.733024,2026-07-07T08:12:58.743506+00:00,159.3,12,bid,,,10596355
2026-07-07T08:12:58.733024,2026-07-07T08:12:58.743506+00:00,159.3,488,bid,,,10596356
2026-07-07T08:12:59.327769,2026-07-07T08:12:59.336747+00:00,159.3,137,bid,,,10596367
2026-07-07T08:12:59.534453,2026-07-07T08:12:59.542154+00:00,159.4,200,ask,,,10596376
2026-07-07T08:12:59.586667,2026-07-07T08:12:59.594154+00:00,159.4,20,ask,,,10596377
2026-07-07T08:13:00.742345,2026-07-07T08:13:00.750792+00:00,159.4,200,ask,,,10596407
2026-07-07T08:13:01.297484,2026-07-07T08:13:01.305681+00:00,159.5,500,ask,,,10596418
2026-07-07T08:13:01.765029,2026-07-07T08:13:01.773647+00:00,159.5,125,bid,,,10596419
2026-07-07T08:13:01.765029,2026-07-07T08:13:01.773647+00:00,159.5,50,bid,,,10596420
2026-07-07T08:13:01.954358,2026-07-07T08:13:01.958630+00:00,159.5,200,ask,,,10596429
2026-07-07T08:13:03.163897,2026-07-07T08:13:03.174269+00:00,159.6,200,ask,,,10596446
2026-07-07T08:13:04.372818,2026-07-07T08:13:04.380957+00:00,159.6,200,ask,,,10596467
2026-07-07T08:13:05.175140,2026-07-07T08:13:05.185360+00:00,159.8,20,bid,,,10596477
2026-07-07T08:13:05.580829,2026-07-07T08:13:05.592161+00:00,159.5,200,ask,,,10596483
2026-07-07T08:13:06.788501,2026-07-07T08:13:06.800030+00:00,159.6,200,bid,,,10596504
2026-07-07T08:13:07.555768,2026-07-07T08:13:07.559750+00:00,159.4,12,ask,,,10596529
2026-07-07T08:13:07.876536,2026-07-07T08:13:07.880490+00:00,159.5,11,ask,,,10596536
2026-07-07T08:13:07.993094,2026-07-07T08:13:08.003229+00:00,159.5,25,ask,,,10596538
2026-07-07T08:13:08.002515,2026-07-07T08:13:08.013663+00:00,159.8,3,bid,,,10596540
2026-07-07T08:13:08.895499,2026-07-07T08:13:08.907296+00:00,159.5,20,ask,,,10596563
2026-07-07T08:13:08.918376,2026-07-07T08:13:08.930013+00:00,159.8,12,bid,,,10596566
2026-07-07T08:13:08.918376,2026-07-07T08:13:08.930013+00:00,159.8,8,bid,,,10596567
2026-07-07T08:13:10.475881,2026-07-07T08:13:10.482837+00:00,159.6,200,bid,,,10596588
2026-07-07T08:13:11.643062,2026-07-07T08:13:11.650110+00:00,159.6,200,ask,,,10596613
2026-07-07T08:13:12.854147,2026-07-07T08:13:12.858572+00:00,159.4,200,ask,,,10596625
2026-07-07T08:13:14.061774,2026-07-07T08:13:14.069644+00:00,159.5,200,ask,,,10596643
2026-07-07T08:13:15.153346,2026-07-07T08:13:15.158609+00:00,159.7,20,bid,,,10596664
2026-07-07T08:13:15.201397,2026-07-07T08:13:15.213379+00:00,159.5,20,ask,,,10596665
2026-07-07T08:13:15.269086,2026-07-07T08:13:15.279370+00:00,159.5,200,ask,,,10596672
2026-07-07T08:13:16.496570,2026-07-07T08:13:16.501224+00:00,159.6,11,bid,,,10596690
2026-07-07T08:13:18.355565,2026-07-07T08:13:18.363973+00:00,159.5,200,bid,,,10596732
2026-07-07T08:13:18.727604,2026-07-07T08:13:18.739745+00:00,159.5,20,ask,,,10596733
2026-07-07T08:13:21.315799,2026-07-07T08:13:21.327076+00:00,159.5,200,ask,,,10596768
2026-07-07T08:13:24.911249,2026-07-07T08:13:24.918978+00:00,159.7,25,bid,,,10596811
2026-07-07T08:13:24.911249,2026-07-07T08:13:24.923981+00:00,159.7,200,bid,,,10596812
2026-07-07T08:13:27.682190,2026-07-07T08:13:27.693499+00:00,159.8,20,bid,,,10596858
2026-07-07T08:13:32.837255,2026-07-07T08:13:32.848621+00:00,159.8,2,bid,,,10596941
2026-07-07T08:13:35.074678,2026-07-07T08:13:35.084730+00:00,159.7,200,ask,,,10596975
2026-07-07T08:13:36.029019,2026-07-07T08:13:36.033497+00:00,159.7,12,bid,,,10596986
2026-07-07T08:13:36.752302,2026-07-07T08:13:36.758535+00:00,159.7,200,bid,,,10597002
2026-07-07T08:13:36.885035,2026-07-07T08:13:36.892314+00:00,159.7,425,ask,,,10597004
2026-07-07T08:13:37.172923,2026-07-07T08:13:37.177651+00:00,159.7,11,bid,,,10597007
2026-07-07T08:13:37.190226,2026-07-07T08:13:37.198388+00:00,159.7,25,bid,,,10597009
2026-07-07T08:13:37.195230,2026-07-07T08:13:37.203634+00:00,159.7,14,bid,,,10597010
2026-07-07T08:13:38.263503,2026-07-07T08:13:38.274517+00:00,159.7,200,bid,,,10597030
2026-07-07T08:13:39.062329,2026-07-07T08:13:39.074103+00:00,159.4,20,ask,,,10597050
2026-07-07T08:13:39.389917,2026-07-07T08:13:39.393869+00:00,159.6,23,ask,,,10597060
2026-07-07T08:13:40.691817,2026-07-07T08:13:40.700593+00:00,159.6,200,ask,,,10597077
2026-07-07T08:13:43.107214,2026-07-07T08:13:43.114398+00:00,159.7,200,bid,,,10597127
2026-07-07T08:13:43.564314,2026-07-07T08:13:43.568213+00:00,159.6,12,bid,,,10597132
2026-07-07T08:13:44.175040,2026-07-07T08:13:44.184952+00:00,159.5,50,ask,,,10597148
2026-07-07T08:13:44.175040,2026-07-07T08:13:44.184952+00:00,159.5,450,ask,,,10597149
2026-07-07T08:13:44.621461,2026-07-07T08:13:44.629729+00:00,159.6,200,ask,,,10597155
2026-07-07T08:13:45.582077,2026-07-07T08:13:45.587313+00:00,159.4,12,ask,,,10597173
2026-07-07T08:13:45.930831,2026-07-07T08:13:45.937631+00:00,159.5,500,bid,,,10597179
2026-07-07T08:13:45.948766,2026-07-07T08:13:45.952511+00:00,159.5,11,ask,,,10597181
2026-07-07T08:13:45.973330,2026-07-07T08:13:45.981012+00:00,159.5,114,ask,,,10597182
2026-07-07T08:13:46.743981,2026-07-07T08:13:46.752495+00:00,159.6,200,bid,,,10597205
2026-07-07T08:13:46.846821,2026-07-07T08:13:46.854580+00:00,159.4,20,ask,,,10597208
2026-07-07T08:13:47.263604,2026-07-07T08:13:47.274218+00:00,159.4,18,ask,,,10597213
2026-07-07T08:13:47.954844,2026-07-07T08:13:47.958576+00:00,159.4,200,bid,,,10597219
2026-07-07T08:13:48.690644,2026-07-07T08:13:48.694715+00:00,159.3,11,bid,,,10597240
2026-07-07T08:13:48.923434,2026-07-07T08:13:48.935079+00:00,159.3,50,bid,,,10597243
2026-07-07T08:13:49.162322,2026-07-07T08:13:49.169480+00:00,159.3,200,bid,,,10597248
2026-07-07T08:13:49.901270,2026-07-07T08:13:49.905761+00:00,159.2,12,bid,,,10597267
2026-07-07T08:13:50.373676,2026-07-07T08:13:50.385184+00:00,159.2,200,bid,,,10597281
2026-07-07T08:13:50.657679,2026-07-07T08:13:50.669426+00:00,159.2,20,bid,,,10597287
2026-07-07T08:13:51.104587,2026-07-07T08:13:51.112497+00:00,159.2,20,bid,,,10597298
2026-07-07T08:13:51.586753,2026-07-07T08:13:51.598798+00:00,159.2,200,bid,,,10597303
2026-07-07T08:13:52.797620,2026-07-07T08:13:52.808098+00:00,159.2,200,bid,,,10597332
2026-07-07T08:13:54.026628,2026-07-07T08:13:54.030714+00:00,159.2,12,ask,,,10597359
2026-07-07T08:13:55.011976,2026-07-07T08:13:55.015925+00:00,159.4,12,bid,,,10597381
2026-07-07T08:13:55.274495,2026-07-07T08:13:55.282137+00:00,159.4,20,bid,,,10597388
2026-07-07T08:13:55.679964,2026-07-07T08:13:55.688886+00:00,159.2,20,ask,,,10597398
2026-07-07T08:13:56.451067,2026-07-07T08:13:56.454939+00:00,159.2,11,bid,,,10597411
2026-07-07T08:13:56.460461,2026-07-07T08:13:56.464258+00:00,159.2,11,bid,,,10597413
2026-07-07T08:13:56.578171,2026-07-07T08:13:56.589547+00:00,159.2,15,bid,,,10597416
2026-07-07T08:13:57.672504,2026-07-07T08:13:57.676454+00:00,159.1,12,bid,,,10597428
2026-07-07T08:13:57.734085,2026-07-07T08:13:57.741930+00:00,159.1,188,bid,,,10597432
2026-07-07T08:13:58.233846,2026-07-07T08:13:58.238100+00:00,159.1,23,ask,,,10597441
2026-07-07T08:14:02.971694,2026-07-07T08:14:02.979337+00:00,159.3,200,bid,,,10597502
2026-07-07T08:14:03.693503,2026-07-07T08:14:03.701923+00:00,159.3,20,ask,,,10597516
2026-07-07T08:14:04.282816,2026-07-07T08:14:04.289814+00:00,159.2,500,ask,,,10597526
2026-07-07T08:14:04.729215,2026-07-07T08:14:04.737785+00:00,159.2,125,bid,,,10597531
2026-07-07T08:14:07.351045,2026-07-07T08:14:07.358563+00:00,159.2,200,ask,,,10597576
2026-07-07T08:14:11.392180,2026-07-07T08:14:11.402805+00:00,159.2,500,bid,,,10597639
2026-07-07T08:14:11.986297,2026-07-07T08:14:11.993035+00:00,159.2,125,bid,,,10597653
2026-07-07T08:14:12.014682,2026-07-07T08:14:12.018652+00:00,159.2,11,ask,,,10597656
2026-07-07T08:14:12.304305,2026-07-07T08:14:12.312543+00:00,159.2,20,ask,,,10597662
2026-07-07T08:14:14.248825,2026-07-07T08:14:14.256926+00:00,159.2,20,ask,,,10597698
2026-07-07T08:14:14.616048,2026-07-07T08:14:14.623876+00:00,159.2,200,ask,,,10597705
2026-07-07T08:14:16.381979,2026-07-07T08:14:16.390250+00:00,159.2,20,ask,,,10597736
2026-07-07T08:14:20.497117,2026-07-07T08:14:20.508478+00:00,159.2,200,bid,,,10597802
2026-07-07T08:14:20.497117,2026-07-07T08:14:20.508478+00:00,159.2,300,bid,,,10597803
2026-07-07T08:14:21.091358,2026-07-07T08:14:21.100910+00:00,159.2,325,bid,,,10597819
2026-07-07T08:14:23.898844,2026-07-07T08:14:23.907388+00:00,159.4,20,bid,,,10597858
2026-07-07T08:14:24.456732,2026-07-07T08:14:24.468655+00:00,159.1,20,ask,,,10597874
2026-07-07T08:14:24.791778,2026-07-07T08:14:24.800808+00:00,159.2,20,bid,,,10597883
2026-07-07T08:14:25.320587,2026-07-07T08:14:25.327833+00:00,159.2,180,bid,,,10597895
2026-07-07T08:14:26.599856,2026-07-07T08:14:26.607387+00:00,159.2,500,ask,,,10597921
2026-07-07T08:14:31.542500,2026-07-07T08:14:31.549580+00:00,159.4,30,bid,,,10597998
2026-07-07T08:14:31.542500,2026-07-07T08:14:31.554815+00:00,159.4,170,bid,,,10597999
2026-07-07T08:14:32.441243,2026-07-07T08:14:32.449990+00:00,159.6,20,bid,,,10598008
2026-07-07T08:14:37.586318,2026-07-07T08:14:37.597505+00:00,159.5,50,bid,,,10598076
2026-07-07T08:14:41.097161,2026-07-07T08:14:41.116563+00:00,159.5,11,bid,,,10598121
2026-07-07T08:14:41.109287,2026-07-07T08:14:41.116563+00:00,159.5,25,bid,,,10598123
2026-07-07T08:14:41.329098,2026-07-07T08:14:41.337971+00:00,159.5,25,bid,,,10598126
2026-07-07T08:14:41.333561,2026-07-07T08:14:41.343019+00:00,159.4,2,ask,,,10598127
2026-07-07T08:14:43.673065,2026-07-07T08:14:43.679899+00:00,159.5,500,bid,,,10598171
2026-07-07T08:14:44.096065,2026-07-07T08:14:44.104977+00:00,159.5,125,ask,,,10598175
2026-07-07T08:14:44.857607,2026-07-07T08:14:44.869427+00:00,159.4,200,bid,,,10598183
2026-07-07T08:14:46.072646,2026-07-07T08:14:46.081216+00:00,159.4,200,bid,,,10598206
2026-07-07T08:14:47.281588,2026-07-07T08:14:47.292402+00:00,159.4,200,bid,,,10598223
2026-07-07T08:14:50.269898,2026-07-07T08:14:50.281055+00:00,159.2,50,ask,,,10598271
2026-07-07T08:14:50.400053,2026-07-07T08:14:50.411374+00:00,159.2,12,bid,,,10598273
2026-07-07T08:14:52.889973,2026-07-07T08:14:52.901747+00:00,159.1,50,ask,,,10598321
2026-07-07T08:14:54.199538,2026-07-07T08:14:54.210260+00:00,159.0,200,ask,,,10598344
2026-07-07T08:14:56.973293,2026-07-07T08:14:56.982884+00:00,159.0,200,bid,,,10598391
2026-07-07T08:14:58.670902,2026-07-07T08:14:58.679565+00:00,159.0,20,ask,,,10598408
2026-07-07T08:14:59.449117,2026-07-07T08:14:59.463753+00:00,159.1,200,bid,,,10598430
2026-07-07T08:14:59.449117,2026-07-07T08:14:59.463753+00:00,159.3,50,bid,,,10598431
2026-07-07T08:14:59.449117,2026-07-07T08:14:59.463753+00:00,159.3,375,bid,,,10598432
2026-07-07T08:15:01.676084,2026-07-07T08:15:01.684718+00:00,159.1,200,ask,,,10598465
2026-07-07T08:15:02.305811,2026-07-07T08:15:02.310012+00:00,159.0,11,bid,,,10598482
2026-07-07T08:15:02.992532,2026-07-07T08:15:03.015860+00:00,159.1,20,bid,,,10598501
2026-07-07T08:15:03.523959,2026-07-07T08:15:03.527752+00:00,159.0,500,ask,,,10598508
2026-07-07T08:15:04.111775,2026-07-07T08:15:04.120775+00:00,159.0,125,ask,,,10598519
2026-07-07T08:15:04.111775,2026-07-07T08:15:04.120775+00:00,158.9,200,ask,,,10598520
2026-07-07T08:15:04.137263,2026-07-07T08:15:04.140982+00:00,158.9,12,bid,,,10598525
2026-07-07T08:15:05.794636,2026-07-07T08:15:05.806588+00:00,158.8,20,ask,,,10598543
2026-07-07T08:15:07.315678,2026-07-07T08:15:07.327075+00:00,158.9,500,bid,,,10598580
2026-07-07T08:15:07.315678,2026-07-07T08:15:07.327075+00:00,159.0,125,bid,,,10598581
2026-07-07T08:15:08.626927,2026-07-07T08:15:08.633427+00:00,158.9,200,ask,,,10598601
2026-07-07T08:15:08.666281,2026-07-07T08:15:08.678292+00:00,158.9,20,bid,,,10598602
2026-07-07T08:15:11.243428,2026-07-07T08:15:11.252079+00:00,158.8,200,ask,,,10598652
2026-07-07T08:15:13.933393,2026-07-07T08:15:13.944149+00:00,158.7,200,ask,,,10598688
2026-07-07T08:15:14.282597,2026-07-07T08:15:14.291131+00:00,159.0,20,bid,,,10598693
2026-07-07T08:15:18.767888,2026-07-07T08:15:18.779686+00:00,158.7,200,ask,,,10598779
2026-07-07T08:15:19.979413,2026-07-07T08:15:19.990217+00:00,158.8,200,ask,,,10598799
2026-07-07T08:15:20.127041,2026-07-07T08:15:20.138363+00:00,158.8,20,ask,,,10598804
2026-07-07T08:15:20.564017,2026-07-07T08:15:20.571287+00:00,158.9,20,bid,,,10598819
2026-07-07T08:15:21.190926,2026-07-07T08:15:21.202073+00:00,158.6,200,ask,,,10598828
2026-07-07T08:15:21.825869,2026-07-07T08:15:21.837449+00:00,158.6,20,ask,,,10598843
2026-07-07T08:15:22.399643,2026-07-07T08:15:22.406944+00:00,158.6,200,ask,,,10598845
2026-07-07T08:15:22.755951,2026-07-07T08:15:22.767590+00:00,158.6,20,ask,,,10598849
2026-07-07T08:15:23.694594,2026-07-07T08:15:23.699153+00:00,158.5,12,ask,,,10598866
2026-07-07T08:15:24.819684,2026-07-07T08:15:24.830327+00:00,158.5,78,ask,,,10598891
2026-07-07T08:15:25.662005,2026-07-07T08:15:25.670281+00:00,158.5,122,bid,,,10598904
2026-07-07T08:15:28.284901,2026-07-07T08:15:28.291678+00:00,158.4,200,ask,,,10598956
2026-07-07T08:15:29.996058,2026-07-07T08:15:30.005974+00:00,158.4,20,ask,,,10598981
2026-07-07T08:15:33.218327,2026-07-07T08:15:33.222478+00:00,158.5,22,ask,,,10599024
2026-07-07T08:15:33.547849,2026-07-07T08:15:33.558574+00:00,158.5,200,ask,,,10599030
2026-07-07T08:15:34.514085,2026-07-07T08:15:34.522447+00:00,158.5,200,bid,,,10599043
2026-07-07T08:15:38.275620,2026-07-07T08:15:38.292745+00:00,158.6,20,ask,,,10599088
2026-07-07T08:15:38.888331,2026-07-07T08:15:38.899760+00:00,158.6,20,ask,,,10599104
2026-07-07T08:15:39.857635,2026-07-07T08:15:39.869195+00:00,158.7,200,bid,,,10599116
2026-07-07T08:15:41.015084,2026-07-07T08:15:41.024658+00:00,158.7,20,ask,,,10599139
2026-07-07T08:15:41.411833,2026-07-07T08:15:41.422171+00:00,158.7,200,ask,,,10599146
2026-07-07T08:15:42.969905,2026-07-07T08:15:42.977947+00:00,158.6,20,ask,,,10599168
2026-07-07T08:15:44.038290,2026-07-07T08:15:44.055555+00:00,158.7,25,ask,,,10599181
2026-07-07T08:15:44.047430,2026-07-07T08:15:44.055555+00:00,158.7,12,ask,,,10599184
2026-07-07T08:15:44.209592,2026-07-07T08:15:44.217506+00:00,158.7,200,ask,,,10599188
2026-07-07T08:15:44.270610,2026-07-07T08:15:44.279889+00:00,158.7,25,ask,,,10599189
2026-07-07T08:15:44.491811,2026-07-07T08:15:44.503369+00:00,158.7,25,ask,,,10599193
2026-07-07T08:15:44.717188,2026-07-07T08:15:44.727436+00:00,158.7,25,ask,,,10599196
2026-07-07T08:15:44.727088,2026-07-07T08:15:44.737729+00:00,159.0,11,bid,,,10599198
2026-07-07T08:15:45.803181,2026-07-07T08:15:45.814600+00:00,158.6,19,ask,,,10599221
2026-07-07T08:15:46.440002,2026-07-07T08:15:46.448041+00:00,158.7,20,bid,,,10599230
2026-07-07T08:15:47.291376,2026-07-07T08:15:47.303441+00:00,158.5,20,ask,,,10599241
2026-07-07T08:15:47.986855,2026-07-07T08:15:47.996798+00:00,158.5,200,ask,,,10599247
2026-07-07T08:15:49.064527,2026-07-07T08:15:49.068374+00:00,158.3,12,bid,,,10599258
2026-07-07T08:15:49.299391,2026-07-07T08:15:49.310699+00:00,158.3,188,bid,,,10599260
2026-07-07T08:15:51.625518,2026-07-07T08:15:51.636081+00:00,158.4,3,ask,,,10599304
2026-07-07T08:15:52.693525,2026-07-07T08:15:52.702351+00:00,158.4,200,ask,,,10599323
2026-07-07T08:15:54.588748,2026-07-07T08:15:54.596833+00:00,158.4,200,ask,,,10599360
2026-07-07T08:15:55.342296,2026-07-07T08:15:55.347598+00:00,158.2,23,ask,,,10599368
2026-07-07T08:15:55.482434,2026-07-07T08:15:55.489252+00:00,158.2,9,ask,,,10599371
2026-07-07T08:15:55.898708,2026-07-07T08:15:55.917175+00:00,158.3,200,bid,,,10599383
2026-07-07T08:15:55.913290,2026-07-07T08:15:55.917175+00:00,158.3,6,ask,,,10599385
2026-07-07T08:15:56.326782,2026-07-07T08:15:56.335427+00:00,158.3,200,ask,,,10599392
2026-07-07T08:15:57.976520,2026-07-07T08:15:57.986133+00:00,158.4,20,bid,,,10599410
2026-07-07T08:16:02.535360,2026-07-07T08:16:02.544029+00:00,158.3,20,bid,,,10599492
2026-07-07T08:16:03.610191,2026-07-07T08:16:03.619562+00:00,158.3,200,bid,,,10599506
2026-07-07T08:16:14.301008,2026-07-07T08:16:14.310556+00:00,158.6,200,ask,,,10599666
2026-07-07T08:16:14.317756,2026-07-07T08:16:14.321888+00:00,158.6,6,bid,,,10599668
2026-07-07T08:16:16.926219,2026-07-07T08:16:16.932941+00:00,158.6,20,bid,,,10599715
2026-07-07T08:16:16.967637,2026-07-07T08:16:16.991766+00:00,158.4,200,bid,,,10599717
2026-07-07T08:16:16.987474,2026-07-07T08:16:16.991766+00:00,158.4,23,bid,,,10599722
2026-07-07T08:16:17.501047,2026-07-07T08:16:17.504954+00:00,158.2,23,ask,,,10599739
2026-07-07T08:16:17.573893,2026-07-07T08:16:17.582794+00:00,158.2,20,ask,,,10599741
2026-07-07T08:16:18.194115,2026-07-07T08:16:18.198190+00:00,158.3,6,ask,,,10599754
2026-07-07T08:16:20.152725,2026-07-07T08:16:20.164351+00:00,158.3,20,ask,,,10599778
2026-07-07T08:16:21.180077,2026-07-07T08:16:21.188425+00:00,158.5,20,bid,,,10599787
2026-07-07T08:16:22.217803,2026-07-07T08:16:22.221401+00:00,158.4,6,bid,,,10599809
2026-07-07T08:16:23.124887,2026-07-07T08:16:23.133619+00:00,158.4,20,bid,,,10599822
2026-07-07T08:16:27.880281,2026-07-07T08:16:27.890073+00:00,158.2,200,ask,,,10599891
2026-07-07T08:16:28.165947,2026-07-07T08:16:28.176753+00:00,158.2,20,ask,,,10599898
2026-07-07T08:16:30.096585,2026-07-07T08:16:30.106647+00:00,158.2,200,bid,,,10599925
2026-07-07T08:16:32.672567,2026-07-07T08:16:32.682910+00:00,158.2,20,ask,,,10599965
2026-07-07T08:16:37.990216,2026-07-07T08:16:37.996828+00:00,158.3,200,bid,,,10600036
2026-07-07T08:16:38.712839,2026-07-07T08:16:38.724426+00:00,158.3,16,ask,,,10600053
2026-07-07T08:16:39.360176,2026-07-07T08:16:39.364063+00:00,158.3,11,bid,,,10600065
2026-07-07T08:16:41.232167,2026-07-07T08:16:41.240969+00:00,158.3,200,bid,,,10600092
2026-07-07T08:16:42.175545,2026-07-07T08:16:42.184612+00:00,158.4,20,bid,,,10600106
2026-07-07T08:16:44.329249,2026-07-07T08:16:44.337981+00:00,158.3,20,ask,,,10600136
2026-07-07T08:16:44.652599,2026-07-07T08:16:44.669789+00:00,158.3,20,ask,,,10600140
2026-07-07T08:16:44.871655,2026-07-07T08:16:44.882096+00:00,158.4,200,bid,,,10600141
2026-07-07T08:16:47.786602,2026-07-07T08:16:47.795182+00:00,158.4,20,ask,,,10600184
2026-07-07T08:16:50.762690,2026-07-07T08:16:50.771581+00:00,158.3,4,ask,,,10600244
2026-07-07T08:16:50.939754,2026-07-07T08:16:50.950489+00:00,158.4,200,bid,,,10600249
2026-07-07T08:16:51.177880,2026-07-07T08:16:51.186918+00:00,158.2,20,ask,,,10600259
2026-07-07T08:16:55.530119,2026-07-07T08:16:55.534231+00:00,158.4,4,ask,,,10600334
2026-07-07T08:16:58.218197,2026-07-07T08:16:58.230266+00:00,158.4,20,ask,,,10600377
2026-07-07T08:16:58.359195,2026-07-07T08:16:58.363242+00:00,158.3,7,ask,,,10600381
2026-07-07T08:16:59.062792,2026-07-07T08:16:59.074231+00:00,158.5,20,bid,,,10600393
2026-07-07T08:17:00.426767,2026-07-07T08:17:00.430685+00:00,158.4,6,ask,,,10600418
2026-07-07T08:17:01.665398,2026-07-07T08:17:01.675441+00:00,158.5,500,ask,,,10600437
2026-07-07T08:17:02.211136,2026-07-07T08:17:02.218319+00:00,158.5,125,bid,,,10600443
2026-07-07T08:17:02.211136,2026-07-07T08:17:02.223832+00:00,158.5,200,bid,,,10600444
2026-07-07T08:17:02.974990,2026-07-07T08:17:02.985241+00:00,158.6,500,ask,,,10600451
2026-07-07T08:17:03.415684,2026-07-07T08:17:03.423966+00:00,158.6,125,bid,,,10600453
2026-07-07T08:17:04.286613,2026-07-07T08:17:04.295659+00:00,158.7,50,bid,,,10600463
2026-07-07T08:17:08.875982,2026-07-07T08:17:08.887891+00:00,158.8,50,bid,,,10600516
2026-07-07T08:17:10.882210,2026-07-07T08:17:10.891259+00:00,158.8,500,ask,,,10600541
2026-07-07T08:17:11.297314,2026-07-07T08:17:11.306539+00:00,158.8,125,bid,,,10600546
2026-07-07T08:17:11.907294,2026-07-07T08:17:11.916001+00:00,158.9,50,bid,,,10600559
2026-07-07T08:17:11.907294,2026-07-07T08:17:11.916001+00:00,158.9,200,bid,,,10600560
2026-07-07T08:17:12.754726,2026-07-07T08:17:12.758583+00:00,158.9,200,ask,,,10600572
2026-07-07T08:17:13.768829,2026-07-07T08:17:13.780766+00:00,159.0,20,ask,,,10600586
2026-07-07T08:17:13.965515,2026-07-07T08:17:13.976176+00:00,159.0,200,ask,,,10600588
2026-07-07T08:17:14.208256,2026-07-07T08:17:14.217642+00:00,159.1,5,bid,,,10600592
2026-07-07T08:17:14.919880,2026-07-07T08:17:14.927299+00:00,159.0,500,bid,,,10600600
2026-07-07T08:17:15.516356,2026-07-07T08:17:15.525152+00:00,159.0,125,bid,,,10600614
2026-07-07T08:17:15.516356,2026-07-07T08:17:15.525152+00:00,159.0,200,bid,,,10600615
2026-07-07T08:17:16.383078,2026-07-07T08:17:16.389972+00:00,159.1,200,ask,,,10600640
2026-07-07T08:17:17.382800,2026-07-07T08:17:17.395371+00:00,159.1,20,ask,,,10600648
2026-07-07T08:17:20.015807,2026-07-07T08:17:20.023108+00:00,159.3,200,bid,,,10600682
2026-07-07T08:17:26.618146,2026-07-07T08:17:26.624728+00:00,159.3,200,ask,,,10600797
2026-07-07T08:17:29.235257,2026-07-07T08:17:29.245212+00:00,159.3,200,bid,,,10600842
2026-07-07T08:17:30.838163,2026-07-07T08:17:30.846489+00:00,159.2,20,ask,,,10600873
2026-07-07T08:17:32.901801,2026-07-07T08:17:32.916758+00:00,159.0,20,ask,,,10600916
2026-07-07T08:17:33.703351,2026-07-07T08:17:33.712338+00:00,159.1,500,ask,,,10600927
2026-07-07T08:17:34.324416,2026-07-07T08:17:34.331743+00:00,159.1,125,ask,,,10600940
2026-07-07T08:17:34.324416,2026-07-07T08:17:34.336986+00:00,159.1,200,ask,,,10600941
2026-07-07T08:17:34.547207,2026-07-07T08:17:34.558604+00:00,158.9,175,bid,,,10600943
2026-07-07T08:17:34.928908,2026-07-07T08:17:34.939851+00:00,158.9,25,ask,,,10600951
2026-07-07T08:17:36.742085,2026-07-07T08:17:36.752980+00:00,158.9,500,ask,,,10600981
2026-07-07T08:17:37.338573,2026-07-07T08:17:37.350270+00:00,158.8,50,ask,,,10601000
2026-07-07T08:17:37.338573,2026-07-07T08:17:37.350270+00:00,158.8,200,ask,,,10601001
2026-07-07T08:17:39.152726,2026-07-07T08:17:39.151160+00:00,158.7,200,ask,,,10601040
2026-07-07T08:17:39.152726,2026-07-07T08:17:39.151160+00:00,158.7,50,ask,,,10601041
2026-07-07T08:17:39.376906,2026-07-07T08:17:39.384356+00:00,158.7,200,bid,,,10601048
2026-07-07T08:17:42.203932,2026-07-07T08:17:42.211075+00:00,158.6,500,ask,,,10601097
2026-07-07T08:17:42.798949,2026-07-07T08:17:42.809210+00:00,158.6,200,ask,,,10601106
2026-07-07T08:17:43.009672,2026-07-07T08:17:43.016615+00:00,158.6,200,bid,,,10601109
2026-07-07T08:17:43.637067,2026-07-07T08:17:43.648600+00:00,158.6,500,bid,,,10601129
2026-07-07T08:17:43.999842,2026-07-07T08:17:44.010989+00:00,158.6,125,ask,,,10601135
2026-07-07T08:17:44.954707,2026-07-07T08:17:44.958655+00:00,158.5,50,ask,,,10601152
2026-07-07T08:17:44.954707,2026-07-07T08:17:44.963791+00:00,158.5,200,ask,,,10601153
2026-07-07T08:17:44.975099,2026-07-07T08:17:44.979565+00:00,158.3,17,bid,,,10601155
2026-07-07T08:17:45.429569,2026-07-07T08:17:45.438554+00:00,158.3,200,bid,,,10601158
2026-07-07T08:17:45.472321,2026-07-07T08:17:45.484230+00:00,158.3,20,bid,,,10601162
2026-07-07T08:17:46.659255,2026-07-07T08:17:46.663195+00:00,158.3,11,ask,,,10601180
2026-07-07T08:17:47.855069,2026-07-07T08:17:47.858551+00:00,158.4,200,bid,,,10601204
2026-07-07T08:17:50.210976,2026-07-07T08:17:50.218073+00:00,158.4,200,ask,,,10601232
2026-07-07T08:17:51.967572,2026-07-07T08:17:51.975996+00:00,158.4,20,bid,,,10601268
2026-07-07T08:17:53.005948,2026-07-07T08:17:53.016223+00:00,158.2,20,ask,,,10601288
2026-07-07T08:17:55.100513,2026-07-07T08:17:55.112131+00:00,158.4,20,bid,,,10601326
2026-07-07T08:17:55.114035,2026-07-07T08:17:55.122753+00:00,158.3,200,ask,,,10601327
2026-07-07T08:17:58.554760,2026-07-07T08:17:58.554803+00:00,158.2,500,bid,,,10601388
2026-07-07T08:17:58.752949,2026-07-07T08:17:58.754227+00:00,158.2,125,bid,,,10601391
2026-07-07T08:17:58.764739,2026-07-07T08:17:58.768660+00:00,158.2,6,ask,,,10601393
2026-07-07T08:17:58.850059,2026-07-07T08:17:58.861445+00:00,158.2,25,ask,,,10601399
2026-07-07T08:17:59.071313,2026-07-07T08:17:59.079414+00:00,158.2,15,ask,,,10601405
2026-07-07T08:18:00.690383,2026-07-07T08:18:00.700701+00:00,158.3,200,bid,,,10601426
2026-07-07T08:18:04.637453,2026-07-07T08:18:04.644394+00:00,158.4,200,bid,,,10601504
2026-07-07T08:18:07.224627,2026-07-07T08:18:07.234679+00:00,158.5,200,bid,,,10601545
2026-07-07T08:18:08.434150,2026-07-07T08:18:08.458555+00:00,158.5,200,ask,,,10601560
2026-07-07T08:18:10.807347,2026-07-07T08:18:10.815177+00:00,158.5,20,bid,,,10601608
2026-07-07T08:18:14.246894,2026-07-07T08:18:14.258584+00:00,158.3,20,ask,,,10601663
2026-07-07T08:18:17.130401,2026-07-07T08:18:17.137130+00:00,158.4,20,ask,,,10601693
2026-07-07T08:18:19.056074,2026-07-07T08:18:19.058612+00:00,158.4,200,ask,,,10601726
2026-07-07T08:18:19.077292,2026-07-07T08:18:19.081994+00:00,158.3,6,bid,,,10601728
2026-07-07T08:18:19.196604,2026-07-07T08:18:19.208601+00:00,158.3,20,bid,,,10601734
2026-07-07T08:18:19.340322,2026-07-07T08:18:19.346952+00:00,158.3,200,bid,,,10601738
2026-07-07T08:18:21.033108,2026-07-07T08:18:21.037237+00:00,158.3,6,ask,,,10601784
2026-07-07T08:18:23.011818,2026-07-07T08:18:23.021036+00:00,158.3,200,ask,,,10601846
2026-07-07T08:18:24.215483,2026-07-07T08:18:24.225459+00:00,158.3,200,bid,,,10601866
2026-07-07T08:18:25.426849,2026-07-07T08:18:25.434895+00:00,158.3,200,ask,,,10601893
2026-07-07T08:18:26.636276,2026-07-07T08:18:26.646795+00:00,158.3,200,ask,,,10601920
2026-07-07T08:18:31.481263,2026-07-07T08:18:31.491017+00:00,158.2,200,ask,,,10601991
2026-07-07T08:18:31.816949,2026-07-07T08:18:31.825540+00:00,158.4,20,bid,,,10601996
2026-07-07T08:18:32.651757,2026-07-07T08:18:32.658564+00:00,157.9,20,ask,,,10602013
2026-07-07T08:18:35.050010,2026-07-07T08:18:35.061641+00:00,157.9,20,ask,,,10602056
2026-07-07T08:18:36.317063,2026-07-07T08:18:36.324604+00:00,158.1,200,bid,,,10602084
2026-07-07T08:18:37.524847,2026-07-07T08:18:37.534336+00:00,158.1,200,bid,,,10602103
2026-07-07T08:18:38.506195,2026-07-07T08:18:38.517056+00:00,158.1,425,bid,,,10602112
2026-07-07T08:18:43.578510,2026-07-07T08:18:43.588383+00:00,158.3,200,bid,,,10602182
2026-07-07T08:18:46.003967,2026-07-07T08:18:46.010822+00:00,158.4,200,bid,,,10602218
2026-07-07T08:18:48.430736,2026-07-07T08:18:48.437349+00:00,158.4,200,bid,,,10602270
2026-07-07T08:18:48.593300,2026-07-07T08:18:48.604911+00:00,158.1,20,ask,,,10602271
2026-07-07T08:18:49.549611,2026-07-07T08:18:49.558603+00:00,158.2,20,ask,,,10602295
2026-07-07T08:18:49.638995,2026-07-07T08:18:49.648134+00:00,158.3,200,bid,,,10602296
2026-07-07T08:18:53.055701,2026-07-07T08:18:53.063837+00:00,158.3,500,bid,,,10602339
2026-07-07T08:18:53.370383,2026-07-07T08:18:53.378602+00:00,158.4,20,bid,,,10602350
2026-07-07T08:19:00.326972,2026-07-07T08:19:00.341839+00:00,158.5,20,bid,,,10602458
2026-07-07T08:19:03.156827,2026-07-07T08:19:03.168780+00:00,158.4,20,bid,,,10602517
2026-07-07T08:19:03.603321,2026-07-07T08:19:03.610622+00:00,158.4,20,bid,,,10602533
2026-07-07T08:19:07.801081,2026-07-07T08:19:07.812119+00:00,158.3,200,ask,,,10602604
2026-07-07T08:19:08.504880,2026-07-07T08:19:08.510008+00:00,158.5,6,bid,,,10602616
2026-07-07T08:19:08.528744,2026-07-07T08:19:08.539560+00:00,158.5,20,bid,,,10602617
2026-07-07T08:19:08.933428,2026-07-07T08:19:08.937586+00:00,158.4,11,bid,,,10602622
2026-07-07T08:19:08.960664,2026-07-07T08:19:08.968852+00:00,158.4,25,bid,,,10602624
2026-07-07T08:19:09.188080,2026-07-07T08:19:09.199345+00:00,158.4,25,bid,,,10602635
2026-07-07T08:19:09.411525,2026-07-07T08:19:09.428320+00:00,158.4,25,bid,,,10602641
2026-07-07T08:19:11.722721,2026-07-07T08:19:11.726795+00:00,158.3,11,ask,,,10602698
2026-07-07T08:19:11.967772,2026-07-07T08:19:11.976229+00:00,158.3,20,ask,,,10602703
2026-07-07T08:19:12.861288,2026-07-07T08:19:12.870063+00:00,158.2,35,ask,,,10602720
2026-07-07T08:19:12.861288,2026-07-07T08:19:12.870063+00:00,158.2,200,ask,,,10602721
2026-07-07T08:19:12.881678,2026-07-07T08:19:12.885597+00:00,158.2,11,bid,,,10602723
2026-07-07T08:19:13.860320,2026-07-07T08:19:13.869063+00:00,158.2,200,bid,,,10602732
2026-07-07T08:19:14.347692,2026-07-07T08:19:14.358544+00:00,158.5,4,bid,,,10602742
2026-07-07T08:19:14.347692,2026-07-07T08:19:14.358544+00:00,158.5,16,bid,,,10602743
2026-07-07T08:19:16.281804,2026-07-07T08:19:16.292414+00:00,158.3,200,ask,,,10602768
2026-07-07T08:19:17.360720,2026-07-07T08:19:17.370347+00:00,158.2,20,ask,,,10602795
2026-07-07T08:19:17.796791,2026-07-07T08:19:17.806000+00:00,158.5,20,bid,,,10602806
2026-07-07T08:19:18.709418,2026-07-07T08:19:18.720953+00:00,158.4,200,bid,,,10602829
2026-07-07T08:19:21.245563,2026-07-07T08:19:21.256884+00:00,158.2,25,bid,,,10602874
2026-07-07T08:19:21.465518,2026-07-07T08:19:21.474530+00:00,158.2,20,bid,,,10602879
2026-07-07T08:19:22.692875,2026-07-07T08:19:22.704560+00:00,158.2,200,bid,,,10602899
2026-07-07T08:19:24.377735,2026-07-07T08:19:24.390477+00:00,158.1,20,ask,,,10602919
2026-07-07T08:19:24.671923,2026-07-07T08:19:24.681907+00:00,158.1,10,ask,,,10602924
2026-07-07T08:19:27.183591,2026-07-07T08:19:27.193316+00:00,158.1,200,bid,,,10602961
2026-07-07T08:19:27.431924,2026-07-07T08:19:27.443923+00:00,158.0,20,ask,,,10602963
2026-07-07T08:19:28.628059,2026-07-07T08:19:28.635643+00:00,158.0,200,ask,,,10602984
2026-07-07T08:19:29.592750,2026-07-07T08:19:29.604549+00:00,157.8,20,ask,,,10602998
2026-07-07T08:19:33.243802,2026-07-07T08:19:33.251576+00:00,158.2,200,ask,,,10603062
2026-07-07T08:19:33.385578,2026-07-07T08:19:33.392988+00:00,158.2,20,ask,,,10603068
2026-07-07T08:19:40.504996,2026-07-07T08:19:40.513393+00:00,158.3,200,ask,,,10603164
2026-07-07T08:19:41.713701,2026-07-07T08:19:41.722605+00:00,158.3,200,ask,,,10603177
2026-07-07T08:19:45.353205,2026-07-07T08:19:45.358562+00:00,158.1,200,ask,,,10603233
2026-07-07T08:19:46.652778,2026-07-07T08:19:46.664469+00:00,158.2,20,bid,,,10603264
2026-07-07T08:19:47.992661,2026-07-07T08:19:48.001715+00:00,158.2,20,bid,,,10603295
2026-07-07T08:19:48.298247,2026-07-07T08:19:48.308305+00:00,158.1,200,ask,,,10603302
2026-07-07T08:19:50.197513,2026-07-07T08:19:50.206380+00:00,157.9,200,ask,,,10603328
2026-07-07T08:19:51.422502,2026-07-07T08:19:51.426364+00:00,158.0,12,bid,,,10603340
2026-07-07T08:19:52.613434,2026-07-07T08:19:52.622151+00:00,157.9,200,ask,,,10603366
2026-07-07T08:19:54.848942,2026-07-07T08:19:54.858597+00:00,158.0,200,bid,,,10603423
2026-07-07T08:19:55.028948,2026-07-07T08:19:55.040553+00:00,158.1,200,ask,,,10603426
2026-07-07T08:19:57.751568,2026-07-07T08:19:57.758580+00:00,158.2,20,bid,,,10603469
2026-07-07T08:19:58.923465,2026-07-07T08:19:58.932106+00:00,158.0,20,ask,,,10603487
2026-07-07T08:20:01.406081,2026-07-07T08:20:01.419602+00:00,158.1,200,bid,,,10603538
2026-07-07T08:20:02.767950,2026-07-07T08:20:02.775329+00:00,158.1,90,ask,,,10603566
2026-07-07T08:20:03.109516,2026-07-07T08:20:03.117487+00:00,158.1,20,ask,,,10603571
2026-07-07T08:20:06.649371,2026-07-07T08:20:06.658582+00:00,158.0,200,ask,,,10603644
2026-07-07T08:20:08.277745,2026-07-07T08:20:08.281730+00:00,158.0,12,ask,,,10603667
2026-07-07T08:20:08.358702,2026-07-07T08:20:08.362811+00:00,158.1,11,ask,,,10603671
2026-07-07T08:20:08.696437,2026-07-07T08:20:08.700911+00:00,158.1,6,ask,,,10603677
2026-07-07T08:20:08.883582,2026-07-07T08:20:08.895579+00:00,158.1,20,ask,,,10603682
2026-07-07T08:20:09.112336,2026-07-07T08:20:09.123443+00:00,158.1,20,ask,,,10603689
2026-07-07T08:20:09.274252,2026-07-07T08:20:09.282120+00:00,158.1,143,ask,,,10603692
2026-07-07T08:20:11.275314,2026-07-07T08:20:11.283206+00:00,157.9,20,ask,,,10603725
2026-07-07T08:20:11.973473,2026-07-07T08:20:11.983900+00:00,158.1,200,ask,,,10603731
2026-07-07T08:20:14.189781,2026-07-07T08:20:14.201305+00:00,158.2,20,bid,,,10603758
2026-07-07T08:20:14.497487,2026-07-07T08:20:14.506000+00:00,158.0,20,ask,,,10603761
2026-07-07T08:20:16.587189,2026-07-07T08:20:16.595626+00:00,157.9,200,bid,,,10603789
2026-07-07T08:20:16.641853,2026-07-07T08:20:16.652512+00:00,157.9,25,ask,,,10603791
2026-07-07T08:20:16.809596,2026-07-07T08:20:16.821533+00:00,157.9,200,ask,,,10603795
2026-07-07T08:20:16.868664,2026-07-07T08:20:16.879987+00:00,157.9,25,ask,,,10603801
2026-07-07T08:20:16.932456,2026-07-07T08:20:16.941127+00:00,157.9,20,ask,,,10603807
2026-07-07T08:20:17.100770,2026-07-07T08:20:17.107698+00:00,157.9,25,ask,,,10603809
2026-07-07T08:20:17.325031,2026-07-07T08:20:17.332145+00:00,158.0,25,ask,,,10603818
2026-07-07T08:20:18.020002,2026-07-07T08:20:18.031434+00:00,158.0,200,ask,,,10603833
2026-07-07T08:20:19.243359,2026-07-07T08:20:19.247373+00:00,158.0,6,bid,,,10603856
2026-07-07T08:20:19.278931,2026-07-07T08:20:19.290464+00:00,158.0,25,bid,,,10603858
2026-07-07T08:20:19.499468,2026-07-07T08:20:19.508094+00:00,158.0,25,bid,,,10603861
2026-07-07T08:20:20.232846,2026-07-07T08:20:20.240994+00:00,158.0,144,bid,,,10603874
2026-07-07T08:20:21.340484,2026-07-07T08:20:21.344670+00:00,158.0,6,ask,,,10603897
2026-07-07T08:20:23.247895,2026-07-07T08:20:23.254028+00:00,158.0,200,bid,,,10603913
2026-07-07T08:20:25.950872,2026-07-07T08:20:25.951774+00:00,158.1,20,bid,,,10603952
2026-07-07T08:20:29.185094,2026-07-07T08:20:29.193220+00:00,157.9,20,bid,,,10604003
2026-07-07T08:20:31.582061,2026-07-07T08:20:31.589679+00:00,157.8,200,ask,,,10604027
2026-07-07T08:20:34.142210,2026-07-07T08:20:34.152782+00:00,157.8,500,bid,,,10604055
2026-07-07T08:20:34.205396,2026-07-07T08:20:34.216805+00:00,157.8,200,bid,,,10604058
2026-07-07T08:20:38.905514,2026-07-07T08:20:38.913807+00:00,157.9,20,ask,,,10604129
2026-07-07T08:20:39.937328,2026-07-07T08:20:39.949504+00:00,157.8,20,ask,,,10604141
2026-07-07T08:20:42.351021,2026-07-07T08:20:42.364120+00:00,157.9,20,bid,,,10604182
2026-07-07T08:20:44.635009,2026-07-07T08:20:44.645310+00:00,157.8,200,ask,,,10604210
2026-07-07T08:20:48.638145,2026-07-07T08:20:48.658578+00:00,157.5,20,ask,,,10604278
2026-07-07T08:20:55.523940,2026-07-07T08:20:55.530508+00:00,157.9,200,bid,,,10604367
2026-07-07T08:20:56.054364,2026-07-07T08:20:56.066244+00:00,157.7,20,ask,,,10604374
2026-07-07T08:20:56.735257,2026-07-07T08:20:56.746209+00:00,157.9,200,bid,,,10604386
2026-07-07T08:20:57.944763,2026-07-07T08:20:57.953860+00:00,158.0,200,bid,,,10604403
2026-07-07T08:21:00.361032,2026-07-07T08:21:00.368956+00:00,158.0,200,bid,,,10604440
2026-07-07T08:21:01.568564,2026-07-07T08:21:01.579402+00:00,157.9,200,bid,,,10604452
2026-07-07T08:21:01.976254,2026-07-07T08:21:01.983530+00:00,157.9,20,bid,,,10604465
