timestamp,recv_time,price,volume,aggressor_side,buyer,seller,trade_id
2026-07-16T05:03:45.664183,2026-07-16T05:03:45.682713+00:00,63.5,20,ask,,,6021116
2026-07-16T05:03:45.807283,2026-07-16T05:03:45.817454+00:00,63.6,20,bid,,,6021117
2026-07-16T05:03:45.831886,2026-07-16T05:03:45.827856+00:00,63.6,69,ask,,,6021119
2026-07-16T05:03:45.866346,2026-07-16T05:03:45.881207+00:00,63.6,2,ask,,,6021124
2026-07-16T05:03:45.866679,2026-07-16T05:03:45.881207+00:00,63.6,10,ask,,,6021125
2026-07-16T05:03:45.924099,2026-07-16T05:03:45.933304+00:00,63.6,2,ask,,,6021126
2026-07-16T05:03:46.090809,2026-07-16T05:03:46.098641+00:00,63.6,200,ask,,,6021131
2026-07-16T05:03:46.816314,2026-07-16T05:03:46.834119+00:00,63.7,25,bid,,,6021149
2026-07-16T05:03:46.917651,2026-07-16T05:03:46.926857+00:00,63.7,17,bid,,,6021151
2026-07-16T05:03:47.046322,2026-07-16T05:03:47.054231+00:00,63.7,1,bid,,,6021157
2026-07-16T05:03:47.133176,2026-07-16T05:03:47.136744+00:00,63.6,41,ask,,,6021158
2026-07-16T05:03:47.133176,2026-07-16T05:03:47.154690+00:00,63.6,30,ask,,,6021159
2026-07-16T05:03:47.187322,2026-07-16T05:03:47.196338+00:00,63.6,30,bid,,,6021162
2026-07-16T05:03:47.232717,2026-07-16T05:03:47.237670+00:00,63.6,50,bid,,,6021166
2026-07-16T05:03:47.237345,2026-07-16T05:03:47.248002+00:00,63.6,10,bid,,,6021167
2026-07-16T05:03:47.299880,2026-07-16T05:03:47.309570+00:00,63.6,2,bid,,,6021168
2026-07-16T05:03:47.309777,2026-07-16T05:03:47.319917+00:00,63.6,200,bid,,,6021169
2026-07-16T05:03:48.550054,2026-07-16T05:03:48.567352+00:00,63.6,7,bid,,,6021193
2026-07-16T05:03:48.657156,2026-07-16T05:03:48.659117+00:00,63.6,13,bid,,,6021198
2026-07-16T05:03:48.662777,2026-07-16T05:03:48.669407+00:00,63.7,10,bid,,,6021199
2026-07-16T05:03:49.241541,2026-07-16T05:03:49.248820+00:00,63.7,1,bid,,,6021208
2026-07-16T05:03:49.267325,2026-07-16T05:03:49.269368+00:00,63.7,2,bid,,,6021209
2026-07-16T05:03:49.288558,2026-07-16T05:03:49.300359+00:00,63.5,19,ask,,,6021210
2026-07-16T05:03:49.288558,2026-07-16T05:03:49.300359+00:00,63.5,1,ask,,,6021211
2026-07-16T05:03:50.614381,2026-07-16T05:03:50.628591+00:00,63.6,20,bid,,,6021227
2026-07-16T05:03:51.022253,2026-07-16T05:03:51.028572+00:00,63.6,200,bid,,,6021228
2026-07-16T05:03:51.120485,2026-07-16T05:03:51.151278+00:00,63.6,20,bid,,,6021233
2026-07-16T05:03:51.120485,2026-07-16T05:03:51.151278+00:00,63.7,30,bid,,,6021234
2026-07-16T05:03:51.120485,2026-07-16T05:03:51.151278+00:00,63.7,30,bid,,,6021235
2026-07-16T05:03:51.120485,2026-07-16T05:03:51.151278+00:00,63.7,200,bid,,,6021236
2026-07-16T05:03:51.190380,2026-07-16T05:03:51.192872+00:00,63.7,30,ask,,,6021240
2026-07-16T05:03:51.282975,2026-07-16T05:03:51.297304+00:00,63.7,20,ask,,,6021244
2026-07-16T05:03:51.326392,2026-07-16T05:03:51.338951+00:00,63.7,2,ask,,,6021245
2026-07-16T05:03:51.403626,2026-07-16T05:03:51.411994+00:00,63.7,67,ask,,,6021251
2026-07-16T05:03:52.077482,2026-07-16T05:03:52.087466+00:00,63.7,2,ask,,,6021260
2026-07-16T05:03:52.444133,2026-07-16T05:03:52.461030+00:00,63.7,20,ask,,,6021263
2026-07-16T05:03:52.495600,2026-07-16T05:03:52.502683+00:00,63.7,30,ask,,,6021264
2026-07-16T05:03:52.495600,2026-07-16T05:03:52.502683+00:00,63.7,10,ask,,,6021265
2026-07-16T05:03:52.495600,2026-07-16T05:03:52.502683+00:00,63.7,200,ask,,,6021266
2026-07-16T05:03:52.495600,2026-07-16T05:03:52.513081+00:00,63.6,30,ask,,,6021267
2026-07-16T05:03:52.495600,2026-07-16T05:03:52.513081+00:00,63.6,4,ask,,,6021268
2026-07-16T05:03:52.550538,2026-07-16T05:03:52.554724+00:00,63.6,25,bid,,,6021270
2026-07-16T05:03:52.603662,2026-07-16T05:03:52.606823+00:00,63.6,10,bid,,,6021274
2026-07-16T05:03:52.617544,2026-07-16T05:03:52.627626+00:00,63.6,30,bid,,,6021277
2026-07-16T05:03:52.646572,2026-07-16T05:03:52.648795+00:00,63.6,20,bid,,,6021279
2026-07-16T05:03:52.662014,2026-07-16T05:03:52.669620+00:00,63.6,28,bid,,,6021281
2026-07-16T05:03:52.985619,2026-07-16T05:03:52.991843+00:00,63.6,18,bid,,,6021294
2026-07-16T05:03:53.116884,2026-07-16T05:03:53.127643+00:00,63.6,2,bid,,,6021298
2026-07-16T05:03:53.189374,2026-07-16T05:03:53.200514+00:00,63.6,25,bid,,,6021303
2026-07-16T05:03:53.275531,2026-07-16T05:03:53.284009+00:00,63.6,20,bid,,,6021304
2026-07-16T05:03:53.430833,2026-07-16T05:03:53.440235+00:00,63.6,5,bid,,,6021312
2026-07-16T05:03:53.448585,2026-07-16T05:03:53.450657+00:00,63.6,168,bid,,,6021314
2026-07-16T05:03:53.448585,2026-07-16T05:03:53.461104+00:00,63.6,19,bid,,,6021315
2026-07-16T05:03:53.448585,2026-07-16T05:03:53.461104+00:00,63.7,13,bid,,,6021316
2026-07-16T05:03:54.029392,2026-07-16T05:03:54.035261+00:00,63.9,1,bid,,,6021328
2026-07-16T05:03:54.300605,2026-07-16T05:03:54.306815+00:00,63.7,20,ask,,,6021331
2026-07-16T05:03:56.242207,2026-07-16T05:03:56.244380+00:00,63.8,1,bid,,,6021360
2026-07-16T05:03:57.770434,2026-07-16T05:03:57.773361+00:00,63.8,20,bid,,,6021374
2026-07-16T05:03:57.770434,2026-07-16T05:03:57.783798+00:00,63.8,500,bid,,,6021375
2026-07-16T05:03:57.790774,2026-07-16T05:03:57.794319+00:00,63.8,15,ask,,,6021376
2026-07-16T05:03:57.802578,2026-07-16T05:03:57.804885+00:00,63.8,16,ask,,,6021377
2026-07-16T05:03:58.259575,2026-07-16T05:03:58.266618+00:00,63.8,2,ask,,,6021383
2026-07-16T05:03:58.357766,2026-07-16T05:03:58.360740+00:00,63.9,20,bid,,,6021386
2026-07-16T05:03:58.357766,2026-07-16T05:03:58.371217+00:00,63.9,180,bid,,,6021387
2026-07-16T05:03:58.638864,2026-07-16T05:03:58.643057+00:00,63.9,1,bid,,,6021394
2026-07-16T05:03:59.131439,2026-07-16T05:03:59.134120+00:00,63.8,30,ask,,,6021399
2026-07-16T05:03:59.159130,2026-07-16T05:03:59.165532+00:00,63.7,26,bid,,,6021402
2026-07-16T05:03:59.183251,2026-07-16T05:03:59.196829+00:00,63.7,13,bid,,,6021407
2026-07-16T05:03:59.287755,2026-07-16T05:03:59.291549+00:00,63.6,2,ask,,,6021409
2026-07-16T05:03:59.582699,2026-07-16T05:03:59.594502+00:00,63.7,200,bid,,,6021419
2026-07-16T05:03:59.898934,2026-07-16T05:03:59.908624+00:00,63.7,20,bid,,,6021426
2026-07-16T05:04:00.335481,2026-07-16T05:04:00.347867+00:00,63.6,2,ask,,,6021438
2026-07-16T05:04:01.132003,2026-07-16T05:04:01.137698+00:00,63.8,1,bid,,,6021448
2026-07-16T05:04:01.350791,2026-07-16T05:04:01.357385+00:00,63.6,1,ask,,,6021454
2026-07-16T05:04:01.361789,2026-07-16T05:04:01.367865+00:00,63.6,2,ask,,,6021456
2026-07-16T05:04:01.806402,2026-07-16T05:04:01.817210+00:00,63.8,200,bid,,,6021458
2026-07-16T05:04:01.806402,2026-07-16T05:04:01.817210+00:00,63.8,70,bid,,,6021459
2026-07-16T05:04:01.806402,2026-07-16T05:04:01.817210+00:00,63.8,10,bid,,,6021460
2026-07-16T05:04:01.806402,2026-07-16T05:04:01.817210+00:00,63.8,4,bid,,,6021461
2026-07-16T05:04:01.840276,2026-07-16T05:04:01.848649+00:00,63.8,25,ask,,,6021463
2026-07-16T05:04:01.893327,2026-07-16T05:04:01.900952+00:00,63.8,9,ask,,,6021466
2026-07-16T05:04:02.405586,2026-07-16T05:04:02.415651+00:00,63.8,85,ask,,,6021475
2026-07-16T05:04:02.443762,2026-07-16T05:04:02.447243+00:00,63.8,2,ask,,,6021479
2026-07-16T05:04:03.162954,2026-07-16T05:04:03.170640+00:00,63.8,200,ask,,,6021494
2026-07-16T05:04:03.162954,2026-07-16T05:04:03.170640+00:00,63.7,30,ask,,,6021495
2026-07-16T05:04:03.162954,2026-07-16T05:04:03.181153+00:00,63.7,4,ask,,,6021496
2026-07-16T05:04:03.240166,2026-07-16T05:04:03.244151+00:00,63.7,200,bid,,,6021499
2026-07-16T05:04:03.476100,2026-07-16T05:04:03.485630+00:00,63.5,20,ask,,,6021508
2026-07-16T05:04:03.480796,2026-07-16T05:04:03.485630+00:00,63.7,2,bid,,,6021509
2026-07-16T05:04:03.614874,2026-07-16T05:04:03.621437+00:00,63.7,1,bid,,,6021510
2026-07-16T05:04:04.506091,2026-07-16T05:04:04.509604+00:00,63.7,2,bid,,,6021527
2026-07-16T05:04:04.512226,2026-07-16T05:04:04.520401+00:00,63.7,10,bid,,,6021528
2026-07-16T05:04:04.569979,2026-07-16T05:04:04.572996+00:00,63.7,4,bid,,,6021530
2026-07-16T05:04:04.734773,2026-07-16T05:04:04.741538+00:00,63.7,20,bid,,,6021534
2026-07-16T05:04:05.536824,2026-07-16T05:04:05.546932+00:00,63.7,2,bid,,,6021550
2026-07-16T05:04:05.542786,2026-07-16T05:04:05.546932+00:00,63.7,10,bid,,,6021551
2026-07-16T05:04:05.615562,2026-07-16T05:04:05.620079+00:00,63.7,15,bid,,,6021555
2026-07-16T05:04:05.670194,2026-07-16T05:04:05.672488+00:00,63.7,200,bid,,,6021557
2026-07-16T05:04:06.130262,2026-07-16T05:04:06.140565+00:00,63.8,1,bid,,,6021564
2026-07-16T05:04:06.569456,2026-07-16T05:04:06.571187+00:00,63.8,2,bid,,,6021569
2026-07-16T05:04:06.887927,2026-07-16T05:04:06.895819+00:00,63.8,200,bid,,,6021573
2026-07-16T05:04:07.599737,2026-07-16T05:04:07.609205+00:00,63.8,2,bid,,,6021588
2026-07-16T05:04:08.332281,2026-07-16T05:04:08.341158+00:00,63.8,1,bid,,,6021600
2026-07-16T05:04:08.619700,2026-07-16T05:04:08.624080+00:00,63.7,2,ask,,,6021604
2026-07-16T05:04:09.322523,2026-07-16T05:04:09.327357+00:00,63.8,30,bid,,,6021613
2026-07-16T05:04:09.322523,2026-07-16T05:04:09.337927+00:00,63.8,39,bid,,,6021614
2026-07-16T05:04:09.322523,2026-07-16T05:04:09.337927+00:00,63.8,131,bid,,,6021615
2026-07-16T05:04:09.642325,2026-07-16T05:04:09.653529+00:00,63.7,2,ask,,,6021621
2026-07-16T05:04:09.788490,2026-07-16T05:04:09.800638+00:00,63.7,2,ask,,,6021623
2026-07-16T05:04:10.682723,2026-07-16T05:04:10.694427+00:00,63.7,2,bid,,,6021640
2026-07-16T05:04:10.832577,2026-07-16T05:04:10.841624+00:00,63.7,1,bid,,,6021643
2026-07-16T05:04:11.143505,2026-07-16T05:04:11.145477+00:00,63.6,30,bid,,,6021649
2026-07-16T05:04:11.150917,2026-07-16T05:04:11.155974+00:00,63.6,42,bid,,,6021650
2026-07-16T05:04:11.158065,2026-07-16T05:04:11.166458+00:00,63.6,1,bid,,,6021651
2026-07-16T05:04:11.711877,2026-07-16T05:04:11.721649+00:00,63.6,2,bid,,,6021655
2026-07-16T05:04:11.789845,2026-07-16T05:04:11.794936+00:00,63.6,200,bid,,,6021657
2026-07-16T05:04:12.478907,2026-07-16T05:04:12.487941+00:00,63.6,3,bid,,,6021672
2026-07-16T05:04:12.493908,2026-07-16T05:04:12.498505+00:00,63.6,30,ask,,,6021673
2026-07-16T05:04:12.743774,2026-07-16T05:04:12.751409+00:00,63.6,2,ask,,,6021676
2026-07-16T05:04:13.054515,2026-07-16T05:04:13.065961+00:00,63.6,200,ask,,,6021679
2026-07-16T05:04:13.772212,2026-07-16T05:04:13.778588+00:00,63.6,2,ask,,,6021688
2026-07-16T05:04:14.269627,2026-07-16T05:04:14.272881+00:00,63.6,200,ask,,,6021694
2026-07-16T05:04:14.794672,2026-07-16T05:04:14.798614+00:00,63.6,1,ask,,,6021706
2026-07-16T05:04:15.492798,2026-07-16T05:04:15.502943+00:00,63.6,200,ask,,,6021716
2026-07-16T05:04:15.517588,2026-07-16T05:04:15.523961+00:00,63.7,1,bid,,,6021717
2026-07-16T05:04:16.485740,2026-07-16T05:04:16.496363+00:00,63.6,20,ask,,,6021730
2026-07-16T05:04:16.718626,2026-07-16T05:04:16.728337+00:00,63.6,200,bid,,,6021735
2026-07-16T05:04:17.805962,2026-07-16T05:04:17.811033+00:00,63.6,68,ask,,,6021762
2026-07-16T05:04:17.842057,2026-07-16T05:04:17.853191+00:00,63.7,1,bid,,,6021763
2026-07-16T05:04:17.947689,2026-07-16T05:04:17.958534+00:00,63.7,4,bid,,,6021764
2026-07-16T05:04:17.947689,2026-07-16T05:04:17.958534+00:00,63.7,196,bid,,,6021765
2026-07-16T05:04:19.119580,2026-07-16T05:04:19.122615+00:00,63.7,500,bid,,,6021777
2026-07-16T05:04:19.134071,2026-07-16T05:04:19.143661+00:00,63.7,10,ask,,,6021778
2026-07-16T05:04:19.670845,2026-07-16T05:04:19.678378+00:00,63.7,115,ask,,,6021789
2026-07-16T05:04:19.670845,2026-07-16T05:04:19.678378+00:00,63.7,64,ask,,,6021790
2026-07-16T05:04:19.670845,2026-07-16T05:04:19.678378+00:00,63.7,10,ask,,,6021791
2026-07-16T05:04:19.670845,2026-07-16T05:04:19.688994+00:00,63.7,30,ask,,,6021792
2026-07-16T05:04:19.670845,2026-07-16T05:04:19.688994+00:00,63.7,16,ask,,,6021793
2026-07-16T05:04:19.715354,2026-07-16T05:04:19.720624+00:00,63.7,30,bid,,,6021797
2026-07-16T05:04:19.744529,2026-07-16T05:04:19.752221+00:00,63.7,1,bid,,,6021799
2026-07-16T05:04:20.120480,2026-07-16T05:04:20.131476+00:00,63.7,1,bid,,,6021802
2026-07-16T05:04:20.306856,2026-07-16T05:04:20.320648+00:00,63.7,20,bid,,,6021805
2026-07-16T05:04:20.448809,2026-07-16T05:04:20.457850+00:00,63.6,22,ask,,,6021809
2026-07-16T05:04:20.448809,2026-07-16T05:04:20.457850+00:00,63.6,15,ask,,,6021810
2026-07-16T05:04:20.448809,2026-07-16T05:04:20.457850+00:00,63.6,200,ask,,,6021811
2026-07-16T05:04:20.475253,2026-07-16T05:04:20.478901+00:00,63.6,5,bid,,,6021813
2026-07-16T05:04:20.507085,2026-07-16T05:04:20.510751+00:00,63.6,5,bid,,,6021815
2026-07-16T05:04:20.607158,2026-07-16T05:04:20.616242+00:00,63.6,21,bid,,,6021818
2026-07-16T05:04:20.626461,2026-07-16T05:04:20.637264+00:00,63.6,36,bid,,,6021820
2026-07-16T05:04:22.334715,2026-07-16T05:04:22.340786+00:00,63.6,1,bid,,,6021844
2026-07-16T05:04:22.514702,2026-07-16T05:04:22.519203+00:00,63.6,6,bid,,,6021852
2026-07-16T05:04:24.815649,2026-07-16T05:04:24.818085+00:00,63.6,1,bid,,,6021881
2026-07-16T05:04:26.460274,2026-07-16T05:04:26.467378+00:00,63.5,200,ask,,,6021898
2026-07-16T05:04:26.769333,2026-07-16T05:04:26.772437+00:00,63.6,20,bid,,,6021906
2026-07-16T05:04:27.170218,2026-07-16T05:04:27.181579+00:00,63.5,8,bid,,,6021916
2026-07-16T05:04:27.372791,2026-07-16T05:04:27.381399+00:00,63.5,51,bid,,,6021922
2026-07-16T05:04:27.627453,2026-07-16T05:04:27.633310+00:00,63.5,1,bid,,,6021926
2026-07-16T05:04:28.484323,2026-07-16T05:04:28.490832+00:00,63.4,200,ask,,,6021939
2026-07-16T05:04:29.020465,2026-07-16T05:04:29.022484+00:00,63.4,20,bid,,,6021957
2026-07-16T05:04:29.809332,2026-07-16T05:04:29.820961+00:00,63.3,200,ask,,,6021964
2026-07-16T05:04:29.809332,2026-07-16T05:04:29.820961+00:00,63.3,425,ask,,,6021965
2026-07-16T05:04:29.842213,2026-07-16T05:04:29.852656+00:00,63.4,1,bid,,,6021966
2026-07-16T05:04:31.128392,2026-07-16T05:04:31.132668+00:00,63.4,9,bid,,,6021983
2026-07-16T05:04:31.128392,2026-07-16T05:04:31.143239+00:00,63.4,10,bid,,,6021984
2026-07-16T05:04:31.128392,2026-07-16T05:04:31.143239+00:00,63.4,71,bid,,,6021985
2026-07-16T05:04:31.128392,2026-07-16T05:04:31.143239+00:00,63.5,30,bid,,,6021986
2026-07-16T05:04:31.128392,2026-07-16T05:04:31.143239+00:00,63.5,200,bid,,,6021987
2026-07-16T05:04:31.128392,2026-07-16T05:04:31.153789+00:00,63.5,30,bid,,,6021988
2026-07-16T05:04:31.166836,2026-07-16T05:04:31.174838+00:00,63.5,17,ask,,,6021990
2026-07-16T05:04:31.263973,2026-07-16T05:04:31.269696+00:00,63.5,1,ask,,,6021993
2026-07-16T05:04:31.787596,2026-07-16T05:04:31.795974+00:00,63.6,1,bid,,,6022005
2026-07-16T05:04:32.040995,2026-07-16T05:04:32.048499+00:00,63.6,1,bid,,,6022011
2026-07-16T05:04:32.471590,2026-07-16T05:04:32.478487+00:00,63.4,200,ask,,,6022016
2026-07-16T05:04:32.471590,2026-07-16T05:04:32.478487+00:00,63.4,4,ask,,,6022017
2026-07-16T05:04:32.471590,2026-07-16T05:04:32.478487+00:00,63.4,30,ask,,,6022018
2026-07-16T05:04:32.511545,2026-07-16T05:04:32.521945+00:00,63.4,10,bid,,,6022022
2026-07-16T05:04:32.547982,2026-07-16T05:04:32.553479+00:00,63.4,16,bid,,,6022029
2026-07-16T05:04:32.548441,2026-07-16T05:04:32.563958+00:00,63.4,20,bid,,,6022030
2026-07-16T05:04:32.692627,2026-07-16T05:04:32.700772+00:00,63.4,30,bid,,,6022035
2026-07-16T05:04:32.697352,2026-07-16T05:04:32.700772+00:00,63.4,19,bid,,,6022036
2026-07-16T05:04:32.720788,2026-07-16T05:04:32.732703+00:00,63.4,9,bid,,,6022038
2026-07-16T05:04:33.788894,2026-07-16T05:04:33.792634+00:00,63.4,200,bid,,,6022057
2026-07-16T05:04:33.801347,2026-07-16T05:04:33.827214+00:00,63.5,30,bid,,,6022058
2026-07-16T05:04:33.801347,2026-07-16T05:04:33.827214+00:00,63.5,4,bid,,,6022059
2026-07-16T05:04:33.842520,2026-07-16T05:04:33.848251+00:00,63.5,20,ask,,,6022065
2026-07-16T05:04:33.937186,2026-07-16T05:04:33.942553+00:00,63.5,28,ask,,,6022072
2026-07-16T05:04:34.103430,2026-07-16T05:04:34.111772+00:00,63.5,30,ask,,,6022077
2026-07-16T05:04:34.127239,2026-07-16T05:04:34.132925+00:00,63.6,2,bid,,,6022079
2026-07-16T05:04:34.338063,2026-07-16T05:04:34.342770+00:00,63.6,1,bid,,,6022082
2026-07-16T05:04:35.008579,2026-07-16T05:04:35.014023+00:00,63.5,200,ask,,,6022086
2026-07-16T05:04:35.149281,2026-07-16T05:04:35.161017+00:00,63.5,2,bid,,,6022088
2026-07-16T05:04:36.172374,2026-07-16T05:04:36.182949+00:00,63.5,2,bid,,,6022104
2026-07-16T05:04:36.535685,2026-07-16T05:04:36.540132+00:00,63.5,1,bid,,,6022107
2026-07-16T05:04:37.192844,2026-07-16T05:04:37.200160+00:00,63.5,2,bid,,,6022112
2026-07-16T05:04:37.452973,2026-07-16T05:04:37.462367+00:00,63.4,200,ask,,,6022115
2026-07-16T05:04:38.213339,2026-07-16T05:04:38.216965+00:00,63.5,2,bid,,,6022127
2026-07-16T05:04:38.939826,2026-07-16T05:04:38.943350+00:00,63.5,1,bid,,,6022141
2026-07-16T05:04:39.135043,2026-07-16T05:04:39.141084+00:00,63.5,38,bid,,,6022147
2026-07-16T05:04:39.135043,2026-07-16T05:04:39.141084+00:00,63.6,200,bid,,,6022148
2026-07-16T05:04:39.149295,2026-07-16T05:04:39.151568+00:00,63.6,38,ask,,,6022149
2026-07-16T05:04:39.155101,2026-07-16T05:04:39.172537+00:00,63.6,100,ask,,,6022150
2026-07-16T05:04:39.173506,2026-07-16T05:04:39.183003+00:00,63.6,25,ask,,,6022151
2026-07-16T05:04:39.194816,2026-07-16T05:04:39.203962+00:00,63.6,10,ask,,,6022153
2026-07-16T05:04:39.203709,2026-07-16T05:04:39.214449+00:00,63.6,10,ask,,,6022154
2026-07-16T05:04:39.237275,2026-07-16T05:04:39.245983+00:00,63.6,10,ask,,,6022158
2026-07-16T05:04:39.291620,2026-07-16T05:04:39.298543+00:00,63.6,10,ask,,,6022161
2026-07-16T05:04:39.307815,2026-07-16T05:04:39.329995+00:00,63.6,5,ask,,,6022163
2026-07-16T05:04:39.348283,2026-07-16T05:04:39.351003+00:00,63.7,2,bid,,,6022165
2026-07-16T05:04:39.881560,2026-07-16T05:04:39.885751+00:00,63.6,179,ask,,,6022173
2026-07-16T05:04:39.881560,2026-07-16T05:04:39.885751+00:00,63.6,21,ask,,,6022174
2026-07-16T05:04:39.915583,2026-07-16T05:04:39.927764+00:00,63.7,10,bid,,,6022175
2026-07-16T05:04:40.382683,2026-07-16T05:04:40.390293+00:00,63.7,2,bid,,,6022179
2026-07-16T05:04:40.470237,2026-07-16T05:04:40.474422+00:00,63.6,10,ask,,,6022180
2026-07-16T05:04:40.470237,2026-07-16T05:04:40.491307+00:00,63.6,17,ask,,,6022181
2026-07-16T05:04:40.470237,2026-07-16T05:04:40.491307+00:00,63.6,30,ask,,,6022182
2026-07-16T05:04:40.470237,2026-07-16T05:04:40.491307+00:00,63.5,200,ask,,,6022183
2026-07-16T05:04:40.470237,2026-07-16T05:04:40.491307+00:00,63.5,4,ask,,,6022184
2026-07-16T05:04:40.524262,2026-07-16T05:04:40.533429+00:00,63.5,5,bid,,,6022192
2026-07-16T05:04:40.529174,2026-07-16T05:04:40.533429+00:00,63.5,10,bid,,,6022193
2026-07-16T05:04:40.529522,2026-07-16T05:04:40.544052+00:00,63.5,10,bid,,,6022194
2026-07-16T05:04:40.538677,2026-07-16T05:04:40.544052+00:00,63.5,100,bid,,,6022195
2026-07-16T05:04:40.543758,2026-07-16T05:04:40.554704+00:00,63.5,20,bid,,,6022196
2026-07-16T05:04:41.099259,2026-07-16T05:04:41.103010+00:00,63.5,200,bid,,,6022208
2026-07-16T05:04:41.133432,2026-07-16T05:04:41.144956+00:00,63.5,1,bid,,,6022210
2026-07-16T05:04:41.411204,2026-07-16T05:04:41.418623+00:00,63.5,2,bid,,,6022217
2026-07-16T05:04:41.613399,2026-07-16T05:04:41.618464+00:00,63.5,10,bid,,,6022223
2026-07-16T05:04:41.798126,2026-07-16T05:04:41.807937+00:00,63.5,10,bid,,,6022226
2026-07-16T05:04:41.798126,2026-07-16T05:04:41.807937+00:00,63.6,21,bid,,,6022227
2026-07-16T05:04:41.798126,2026-07-16T05:04:41.807937+00:00,63.6,4,bid,,,6022228
2026-07-16T05:04:41.798126,2026-07-16T05:04:41.807937+00:00,63.8,200,bid,,,6022229
2026-07-16T05:04:41.798126,2026-07-16T05:04:41.818768+00:00,63.8,390,bid,,,6022230
2026-07-16T05:04:42.474895,2026-07-16T05:04:42.479801+00:00,63.6,2,bid,,,6022237
2026-07-16T05:04:43.438020,2026-07-16T05:04:43.443230+00:00,63.6,1,bid,,,6022251
2026-07-16T05:04:43.499389,2026-07-16T05:04:43.505926+00:00,63.6,2,bid,,,6022253
2026-07-16T05:04:43.708812,2026-07-16T05:04:43.714969+00:00,63.6,20,bid,,,6022255
2026-07-16T05:04:44.586838,2026-07-16T05:04:44.595523+00:00,63.6,2,bid,,,6022262
2026-07-16T05:04:44.746192,2026-07-16T05:04:44.748682+00:00,63.5,200,ask,,,6022267
2026-07-16T05:04:45.615525,2026-07-16T05:04:45.619849+00:00,63.7,2,bid,,,6022284
2026-07-16T05:04:46.216544,2026-07-16T05:04:46.224888+00:00,63.6,1,bid,,,6022290
2026-07-16T05:04:46.636227,2026-07-16T05:04:46.643211+00:00,63.6,2,bid,,,6022298
2026-07-16T05:04:47.159773,2026-07-16T05:04:47.167256+00:00,63.5,61,ask,,,6022302
2026-07-16T05:04:47.159773,2026-07-16T05:04:47.167256+00:00,63.5,200,ask,,,6022303
2026-07-16T05:04:47.174258,2026-07-16T05:04:47.177784+00:00,63.5,30,bid,,,6022304
2026-07-16T05:04:47.194546,2026-07-16T05:04:47.198824+00:00,63.5,200,bid,,,6022306
2026-07-16T05:04:47.290546,2026-07-16T05:04:47.293389+00:00,63.5,20,bid,,,6022312
2026-07-16T05:04:47.658184,2026-07-16T05:04:47.661335+00:00,63.5,2,bid,,,6022319
2026-07-16T05:04:48.476197,2026-07-16T05:04:48.484509+00:00,63.5,20,bid,,,6022329
2026-07-16T05:04:48.476197,2026-07-16T05:04:48.484509+00:00,63.5,200,bid,,,6022330
2026-07-16T05:04:48.476197,2026-07-16T05:04:48.484509+00:00,63.6,28,bid,,,6022331
2026-07-16T05:04:48.476197,2026-07-16T05:04:48.484509+00:00,63.6,4,bid,,,6022332
2026-07-16T05:04:48.476197,2026-07-16T05:04:48.495120+00:00,63.7,373,bid,,,6022333
2026-07-16T05:04:48.539270,2026-07-16T05:04:48.547755+00:00,63.5,28,bid,,,6022335
2026-07-16T05:04:48.604059,2026-07-16T05:04:48.611456+00:00,63.5,2,ask,,,6022342
2026-07-16T05:04:48.691797,2026-07-16T05:04:48.695862+00:00,63.3,2,ask,,,6022344
2026-07-16T05:04:49.717126,2026-07-16T05:04:49.725221+00:00,63.3,16,ask,,,6022352
2026-07-16T05:04:49.737341,2026-07-16T05:04:49.746317+00:00,63.5,2,bid,,,6022355
2026-07-16T05:04:50.768436,2026-07-16T05:04:50.775437+00:00,63.5,2,bid,,,6022374
2026-07-16T05:04:51.417067,2026-07-16T05:04:51.421316+00:00,63.5,1,bid,,,6022383
2026-07-16T05:04:51.815216,2026-07-16T05:04:51.820319+00:00,63.5,2,bid,,,6022388
2026-07-16T05:04:52.075829,2026-07-16T05:04:52.083206+00:00,63.5,10,bid,,,6022395
2026-07-16T05:04:52.075829,2026-07-16T05:04:52.083206+00:00,63.6,30,bid,,,6022396
2026-07-16T05:04:52.075829,2026-07-16T05:04:52.093700+00:00,63.6,160,bid,,,6022397
2026-07-16T05:04:52.514904,2026-07-16T05:04:52.525890+00:00,63.6,8,ask,,,6022404
2026-07-16T05:04:52.850102,2026-07-16T05:04:52.861907+00:00,63.7,2,bid,,,6022410
2026-07-16T05:04:52.858350,2026-07-16T05:04:52.861907+00:00,63.7,10,bid,,,6022411
2026-07-16T05:04:53.858633,2026-07-16T05:04:53.869807+00:00,63.7,20,bid,,,6022420
2026-07-16T05:04:53.902400,2026-07-16T05:04:53.911782+00:00,63.7,1,bid,,,6022421
2026-07-16T05:04:53.941591,2026-07-16T05:04:53.953758+00:00,63.7,1,bid,,,6022422
2026-07-16T05:04:56.240021,2026-07-16T05:04:56.242431+00:00,63.7,1,bid,,,6022443
2026-07-16T05:04:56.267337,2026-07-16T05:04:56.273862+00:00,63.6,20,ask,,,6022445
2026-07-16T05:04:56.468055,2026-07-16T05:04:56.473331+00:00,63.7,30,bid,,,6022452
2026-07-16T05:04:56.468055,2026-07-16T05:04:56.473331+00:00,63.7,200,bid,,,6022453
2026-07-16T05:04:56.515134,2026-07-16T05:04:56.526298+00:00,63.7,50,ask,,,6022454
2026-07-16T05:04:57.980101,2026-07-16T05:04:57.983332+00:00,63.6,2,ask,,,6022477
2026-07-16T05:04:57.986294,2026-07-16T05:04:57.993832+00:00,63.6,10,ask,,,6022478
2026-07-16T05:04:58.433092,2026-07-16T05:04:58.435438+00:00,63.7,1,ask,,,6022487
2026-07-16T05:04:58.643051,2026-07-16T05:04:58.646662+00:00,63.7,1,ask,,,6022493
2026-07-16T05:04:59.006336,2026-07-16T05:04:59.009274+00:00,63.8,2,bid,,,6022495
2026-07-16T05:04:59.148495,2026-07-16T05:04:59.156893+00:00,63.8,9,bid,,,6022497
2026-07-16T05:04:59.148495,2026-07-16T05:04:59.156893+00:00,63.8,80,bid,,,6022498
2026-07-16T05:04:59.148495,2026-07-16T05:04:59.156893+00:00,63.8,200,bid,,,6022499
2026-07-16T05:04:59.148495,2026-07-16T05:04:59.156893+00:00,63.8,1,bid,,,6022500
2026-07-16T05:04:59.148495,2026-07-16T05:04:59.167522+00:00,63.8,10,bid,,,6022501
2026-07-16T05:04:59.148495,2026-07-16T05:04:59.167522+00:00,63.8,325,bid,,,6022502
2026-07-16T05:05:00.221951,2026-07-16T05:05:00.227928+00:00,63.8,20,bid,,,6022519
2026-07-16T05:05:00.480531,2026-07-16T05:05:00.492896+00:00,63.7,80,ask,,,6022526
2026-07-16T05:05:00.480531,2026-07-16T05:05:00.492896+00:00,63.7,10,ask,,,6022527
2026-07-16T05:05:00.480531,2026-07-16T05:05:00.492896+00:00,63.6,200,ask,,,6022528
2026-07-16T05:05:00.480531,2026-07-16T05:05:00.492896+00:00,63.6,30,ask,,,6022529
2026-07-16T05:05:00.503176,2026-07-16T05:05:00.514379+00:00,63.6,30,bid,,,6022530
2026-07-16T05:05:00.600105,2026-07-16T05:05:00.609603+00:00,63.6,200,bid,,,6022534
2026-07-16T05:05:01.073066,2026-07-16T05:05:01.082037+00:00,63.4,10,ask,,,6022544
2026-07-16T05:05:01.090239,2026-07-16T05:05:01.092570+00:00,63.6,2,bid,,,6022545
2026-07-16T05:05:01.800904,2026-07-16T05:05:01.809412+00:00,63.6,10,bid,,,6022553
2026-07-16T05:05:01.901227,2026-07-16T05:05:01.904307+00:00,63.6,9,ask,,,6022559
2026-07-16T05:05:03.119093,2026-07-16T05:05:03.124724+00:00,63.7,200,bid,,,6022575
2026-07-16T05:05:03.119093,2026-07-16T05:05:03.135263+00:00,63.7,38,bid,,,6022576
2026-07-16T05:05:03.149535,2026-07-16T05:05:03.156305+00:00,63.7,1,ask,,,6022577
2026-07-16T05:05:04.276727,2026-07-16T05:05:04.288312+00:00,63.8,200,bid,,,6022601
2026-07-16T05:05:04.459104,2026-07-16T05:05:04.467745+00:00,63.7,10,ask,,,6022605
2026-07-16T05:05:04.459104,2026-07-16T05:05:04.467745+00:00,63.7,15,ask,,,6022606
2026-07-16T05:05:05.274562,2026-07-16T05:05:05.277765+00:00,63.4,6,ask,,,6022623
2026-07-16T05:05:05.290619,2026-07-16T05:05:05.299300+00:00,63.6,1,bid,,,6022624
2026-07-16T05:05:05.303284,2026-07-16T05:05:05.310141+00:00,63.6,1,bid,,,6022626
2026-07-16T05:05:05.511631,2026-07-16T05:05:05.521023+00:00,63.6,200,bid,,,6022630
2026-07-16T05:05:07.345603,2026-07-16T05:05:07.352503+00:00,63.6,2,bid,,,6022654
2026-07-16T05:05:07.356158,2026-07-16T05:05:07.363063+00:00,63.6,10,bid,,,6022655
2026-07-16T05:05:08.397348,2026-07-16T05:05:08.404158+00:00,63.6,2,bid,,,6022667
2026-07-16T05:05:08.454785,2026-07-16T05:05:08.467287+00:00,63.6,200,bid,,,6022668
2026-07-16T05:05:08.454785,2026-07-16T05:05:08.467287+00:00,63.6,30,bid,,,6022669
2026-07-16T05:05:08.454785,2026-07-16T05:05:08.467287+00:00,63.7,30,bid,,,6022670
2026-07-16T05:05:08.454785,2026-07-16T05:05:08.467287+00:00,63.7,4,bid,,,6022671
2026-07-16T05:05:08.511935,2026-07-16T05:05:08.520752+00:00,63.7,100,ask,,,6022677
2026-07-16T05:05:08.516556,2026-07-16T05:05:08.520752+00:00,63.7,30,ask,,,6022678
2026-07-16T05:05:08.523863,2026-07-16T05:05:08.531308+00:00,63.7,100,ask,,,6022679
2026-07-16T05:05:08.528596,2026-07-16T05:05:08.531308+00:00,63.7,50,ask,,,6022680
2026-07-16T05:05:08.556814,2026-07-16T05:05:08.562920+00:00,63.7,5,ask,,,6022683
2026-07-16T05:05:08.580689,2026-07-16T05:05:08.583889+00:00,63.7,7,ask,,,6022686
2026-07-16T05:05:09.170217,2026-07-16T05:05:09.173463+00:00,63.7,69,ask,,,6022694
2026-07-16T05:05:09.170217,2026-07-16T05:05:09.183947+00:00,63.6,30,ask,,,6022695
2026-07-16T05:05:09.170217,2026-07-16T05:05:09.183947+00:00,63.6,30,ask,,,6022696
2026-07-16T05:05:09.170217,2026-07-16T05:05:09.183947+00:00,63.6,4,ask,,,6022697
2026-07-16T05:05:09.491343,2026-07-16T05:05:09.501028+00:00,63.6,2,bid,,,6022710
2026-07-16T05:05:09.784027,2026-07-16T05:05:09.795668+00:00,63.4,200,ask,,,6022713
2026-07-16T05:05:09.784027,2026-07-16T05:05:09.795668+00:00,63.4,425,ask,,,6022714
2026-07-16T05:05:10.573766,2026-07-16T05:05:10.585443+00:00,63.6,2,bid,,,6022726
2026-07-16T05:05:11.580682,2026-07-16T05:05:11.585919+00:00,63.6,2,bid,,,6022738
2026-07-16T05:05:11.609340,2026-07-16T05:05:11.617438+00:00,63.5,2,ask,,,6022739
2026-07-16T05:05:12.129281,2026-07-16T05:05:12.134010+00:00,63.5,1,ask,,,6022746
2026-07-16T05:05:12.837086,2026-07-16T05:05:12.847026+00:00,63.5,200,ask,,,6022749
2026-07-16T05:05:14.045675,2026-07-16T05:05:14.054395+00:00,63.6,200,bid,,,6022764
2026-07-16T05:05:14.212571,2026-07-16T05:05:14.222101+00:00,63.4,20,ask,,,6022772
2026-07-16T05:05:14.591457,2026-07-16T05:05:14.599965+00:00,63.6,2,bid,,,6022776
2026-07-16T05:05:15.707464,2026-07-16T05:05:15.712754+00:00,63.6,13,ask,,,6022788
2026-07-16T05:05:16.500006,2026-07-16T05:05:16.503090+00:00,63.8,30,bid,,,6022802
2026-07-16T05:05:16.500006,2026-07-16T05:05:16.513623+00:00,63.8,170,bid,,,6022803
2026-07-16T05:05:16.640563,2026-07-16T05:05:16.645924+00:00,63.6,1,ask,,,6022806
2026-07-16T05:05:17.601384,2026-07-16T05:05:17.605236+00:00,63.6,20,ask,,,6022817
2026-07-16T05:05:17.722833,2026-07-16T05:05:17.731507+00:00,63.8,200,bid,,,6022821
2026-07-16T05:05:18.733822,2026-07-16T05:05:18.743432+00:00,63.7,1,ask,,,6022838
2026-07-16T05:05:19.081839,2026-07-16T05:05:19.090551+00:00,63.9,500,bid,,,6022846
2026-07-16T05:05:19.081839,2026-07-16T05:05:19.090551+00:00,63.9,4,bid,,,6022847
2026-07-16T05:05:19.081839,2026-07-16T05:05:19.090551+00:00,63.9,121,bid,,,6022848
2026-07-16T05:05:19.800776,2026-07-16T05:05:19.805337+00:00,63.7,2,ask,,,6022858
2026-07-16T05:05:19.809616,2026-07-16T05:05:19.815929+00:00,63.7,10,ask,,,6022859
2026-07-16T05:05:20.158692,2026-07-16T05:05:20.164493+00:00,63.9,47,bid,,,6022864
2026-07-16T05:05:20.158692,2026-07-16T05:05:20.164493+00:00,63.9,153,bid,,,6022865
2026-07-16T05:05:20.839143,2026-07-16T05:05:20.850744+00:00,63.7,12,bid,,,6022878
2026-07-16T05:05:20.854114,2026-07-16T05:05:20.861336+00:00,63.6,2,ask,,,6022880
2026-07-16T05:05:21.127383,2026-07-16T05:05:21.130769+00:00,63.6,1,ask,,,6022883
2026-07-16T05:05:21.394493,2026-07-16T05:05:21.403223+00:00,63.7,200,bid,,,6022884
2026-07-16T05:05:21.814276,2026-07-16T05:05:21.826253+00:00,63.7,24,ask,,,6022887
2026-07-16T05:05:21.886406,2026-07-16T05:05:21.889593+00:00,63.7,2,ask,,,6022889
2026-07-16T05:05:22.619259,2026-07-16T05:05:22.627809+00:00,63.8,200,bid,,,6022898
2026-07-16T05:05:22.924161,2026-07-16T05:05:22.934154+00:00,63.7,2,ask,,,6022901
2026-07-16T05:05:23.145240,2026-07-16T05:05:23.155306+00:00,63.8,10,ask,,,6022909
2026-07-16T05:05:23.155624,2026-07-16T05:05:23.165843+00:00,63.8,24,ask,,,6022910
2026-07-16T05:05:23.173338,2026-07-16T05:05:23.181530+00:00,63.8,44,ask,,,6022912
2026-07-16T05:05:23.345631,2026-07-16T05:05:23.349974+00:00,63.8,500,ask,,,6022914
2026-07-16T05:05:23.421880,2026-07-16T05:05:23.434902+00:00,63.9,3,bid,,,6022915
2026-07-16T05:05:23.569186,2026-07-16T05:05:23.571523+00:00,63.8,5,ask,,,6022918
2026-07-16T05:05:23.962545,2026-07-16T05:05:23.970805+00:00,63.8,2,ask,,,6022925
2026-07-16T05:05:24.193925,2026-07-16T05:05:24.201777+00:00,63.8,12,ask,,,6022929
2026-07-16T05:05:24.452537,2026-07-16T05:05:24.472346+00:00,63.7,30,ask,,,6022933
2026-07-16T05:05:24.452537,2026-07-16T05:05:24.472346+00:00,63.7,200,ask,,,6022934
2026-07-16T05:05:24.452537,2026-07-16T05:05:24.472346+00:00,63.7,4,ask,,,6022935
2026-07-16T05:05:24.452537,2026-07-16T05:05:24.472346+00:00,63.6,30,ask,,,6022936
2026-07-16T05:05:24.471107,2026-07-16T05:05:24.483025+00:00,63.5,30,bid,,,6022938
2026-07-16T05:05:24.518593,2026-07-16T05:05:24.525152+00:00,63.5,100,bid,,,6022945
2026-07-16T05:05:24.537261,2026-07-16T05:05:24.546364+00:00,63.5,50,bid,,,6022946
2026-07-16T05:05:24.560843,2026-07-16T05:05:24.567505+00:00,63.5,181,bid,,,6022947
2026-07-16T05:05:24.560843,2026-07-16T05:05:24.567505+00:00,63.5,38,bid,,,6022948
2026-07-16T05:05:25.004194,2026-07-16T05:05:25.006726+00:00,63.6,2,ask,,,6022958
2026-07-16T05:05:25.013280,2026-07-16T05:05:25.017356+00:00,63.6,10,ask,,,6022959
2026-07-16T05:05:25.118989,2026-07-16T05:05:25.123392+00:00,63.6,10,ask,,,6022967
2026-07-16T05:05:25.914765,2026-07-16T05:05:25.916732+00:00,63.6,1,ask,,,6022977
2026-07-16T05:05:26.035739,2026-07-16T05:05:26.045708+00:00,63.7,2,bid,,,6022978
2026-07-16T05:05:27.129584,2026-07-16T05:05:27.135040+00:00,63.5,30,ask,,,6022992
2026-07-16T05:05:27.129584,2026-07-16T05:05:27.135040+00:00,63.5,200,ask,,,6022993
2026-07-16T05:05:27.129584,2026-07-16T05:05:27.145600+00:00,63.5,38,ask,,,6022994
2026-07-16T05:05:27.129584,2026-07-16T05:05:27.145600+00:00,63.5,49,ask,,,6022995
2026-07-16T05:05:27.129584,2026-07-16T05:05:27.145600+00:00,63.5,308,ask,,,6022996
2026-07-16T05:05:27.472324,2026-07-16T05:05:27.483177+00:00,63.5,20,ask,,,6023003
2026-07-16T05:05:27.484798,2026-07-16T05:05:27.493973+00:00,63.5,172,ask,,,6023004
2026-07-16T05:05:27.484798,2026-07-16T05:05:27.493973+00:00,63.5,28,ask,,,6023005
2026-07-16T05:05:27.862864,2026-07-16T05:05:27.874130+00:00,63.7,4,bid,,,6023017
2026-07-16T05:05:27.862864,2026-07-16T05:05:27.874130+00:00,63.7,21,bid,,,6023018
2026-07-16T05:05:28.477482,2026-07-16T05:05:28.485691+00:00,63.7,100,ask,,,6023026
2026-07-16T05:05:28.513266,2026-07-16T05:05:28.517485+00:00,63.7,38,ask,,,6023032
2026-07-16T05:05:28.521192,2026-07-16T05:05:28.528014+00:00,63.7,60,ask,,,6023033
2026-07-16T05:05:28.576777,2026-07-16T05:05:28.580593+00:00,63.7,15,ask,,,6023037
2026-07-16T05:05:28.628548,2026-07-16T05:05:28.633290+00:00,63.7,1,ask,,,6023038
2026-07-16T05:05:28.701591,2026-07-16T05:05:28.707379+00:00,63.7,200,ask,,,6023041
2026-07-16T05:05:29.913774,2026-07-16T05:05:29.926085+00:00,63.6,4,ask,,,6023054
2026-07-16T05:05:30.142823,2026-07-16T05:05:30.148404+00:00,63.5,10,ask,,,6023067
2026-07-16T05:05:30.150692,2026-07-16T05:05:30.159031+00:00,63.6,2,bid,,,6023068
2026-07-16T05:05:30.834514,2026-07-16T05:05:30.842824+00:00,63.6,1,bid,,,6023085
2026-07-16T05:05:31.260707,2026-07-16T05:05:31.275307+00:00,63.6,200,bid,,,6023090
2026-07-16T05:05:31.428452,2026-07-16T05:05:31.444738+00:00,63.6,16,bid,,,6023095
2026-07-16T05:05:31.453952,2026-07-16T05:05:31.465960+00:00,63.6,9,bid,,,6023097
2026-07-16T05:05:31.514065,2026-07-16T05:05:31.519420+00:00,63.6,2,bid,,,6023101
2026-07-16T05:05:31.735912,2026-07-16T05:05:31.739065+00:00,63.6,20,bid,,,6023106
2026-07-16T05:05:32.496130,2026-07-16T05:05:32.505295+00:00,63.6,200,bid,,,6023118
2026-07-16T05:05:32.586977,2026-07-16T05:05:32.599981+00:00,63.6,8,bid,,,6023119
2026-07-16T05:05:32.635665,2026-07-16T05:05:32.642677+00:00,63.6,2,bid,,,6023122
2026-07-16T05:05:33.672394,2026-07-16T05:05:33.697505+00:00,63.7,2,bid,,,6023139
2026-07-16T05:05:33.937069,2026-07-16T05:05:33.948756+00:00,63.6,200,ask,,,6023145
2026-07-16T05:05:34.695171,2026-07-16T05:05:34.705619+00:00,63.6,2,bid,,,6023157
2026-07-16T05:05:35.254759,2026-07-16T05:05:35.286468+00:00,63.6,30,bid,,,6023171
2026-07-16T05:05:35.254759,2026-07-16T05:05:35.286468+00:00,63.6,200,bid,,,6023172
2026-07-16T05:05:35.414648,2026-07-16T05:05:35.423472+00:00,63.7,1,bid,,,6023174
2026-07-16T05:05:35.719732,2026-07-16T05:05:35.728722+00:00,63.7,2,bid,,,6023179
2026-07-16T05:05:35.726898,2026-07-16T05:05:35.739244+00:00,63.7,10,bid,,,6023180
2026-07-16T05:05:36.160763,2026-07-16T05:05:36.170411+00:00,63.6,200,ask,,,6023184
2026-07-16T05:05:36.580989,2026-07-16T05:05:36.592133+00:00,63.5,10,ask,,,6023193
2026-07-16T05:05:36.580989,2026-07-16T05:05:36.592133+00:00,63.5,30,ask,,,6023194
2026-07-16T05:05:36.580989,2026-07-16T05:05:36.592133+00:00,63.5,18,ask,,,6023195
2026-07-16T05:05:36.580989,2026-07-16T05:05:36.592133+00:00,63.5,500,ask,,,6023196
2026-07-16T05:05:36.580989,2026-07-16T05:05:36.602658+00:00,63.5,67,ask,,,6023197
2026-07-16T05:05:36.754847,2026-07-16T05:05:36.760700+00:00,63.8,2,bid,,,6023200
2026-07-16T05:05:37.778061,2026-07-16T05:05:37.782971+00:00,63.7,2,bid,,,6023209
2026-07-16T05:05:37.916428,2026-07-16T05:05:37.919821+00:00,63.7,198,bid,,,6023210
2026-07-16T05:05:37.916428,2026-07-16T05:05:37.930364+00:00,63.7,80,bid,,,6023211
2026-07-16T05:05:37.916428,2026-07-16T05:05:37.930364+00:00,63.8,30,bid,,,6023212
2026-07-16T05:05:37.958280,2026-07-16T05:05:37.962012+00:00,63.8,4,ask,,,6023213
2026-07-16T05:05:37.973040,2026-07-16T05:05:37.983004+00:00,63.8,28,ask,,,6023214
2026-07-16T05:05:38.800532,2026-07-16T05:05:38.802871+00:00,63.9,2,bid,,,6023221
2026-07-16T05:05:39.682020,2026-07-16T05:05:39.686856+00:00,63.8,80,ask,,,6023233
2026-07-16T05:05:39.682020,2026-07-16T05:05:39.686856+00:00,63.8,200,ask,,,6023234
2026-07-16T05:05:39.836041,2026-07-16T05:05:39.844958+00:00,63.8,2,bid,,,6023236
2026-07-16T05:05:40.588254,2026-07-16T05:05:40.590966+00:00,63.8,500,bid,,,6023246
2026-07-16T05:05:40.637582,2026-07-16T05:05:40.643887+00:00,63.8,11,ask,,,6023247
2026-07-16T05:05:40.856693,2026-07-16T05:05:40.864533+00:00,63.9,2,bid,,,6023251
2026-07-16T05:05:40.919563,2026-07-16T05:05:40.927472+00:00,63.8,114,ask,,,6023252
2026-07-16T05:05:41.102664,2026-07-16T05:05:41.117775+00:00,63.8,38,bid,,,6023262
2026-07-16T05:05:41.120772,2026-07-16T05:05:41.128361+00:00,63.8,10,bid,,,6023264
2026-07-16T05:05:41.132888,2026-07-16T05:05:41.138920+00:00,63.8,100,bid,,,6023266
2026-07-16T05:05:41.147579,2026-07-16T05:05:41.160056+00:00,63.8,5,bid,,,6023267
2026-07-16T05:05:41.147833,2026-07-16T05:05:41.160056+00:00,63.8,87,bid,,,6023268
2026-07-16T05:05:41.932162,2026-07-16T05:05:41.937761+00:00,63.7,200,ask,,,6023281
2026-07-16T05:05:41.932162,2026-07-16T05:05:41.937761+00:00,63.7,42,ask,,,6023282
2026-07-16T05:05:42.018068,2026-07-16T05:05:42.022084+00:00,63.7,83,bid,,,6023288
2026-07-16T05:05:44.726574,2026-07-16T05:05:44.731604+00:00,63.7,10,ask,,,6023313
2026-07-16T05:05:44.924977,2026-07-16T05:05:44.932765+00:00,63.7,28,ask,,,6023316
2026-07-16T05:05:45.426102,2026-07-16T05:05:45.428146+00:00,63.7,28,ask,,,6023324
2026-07-16T05:05:45.935979,2026-07-16T05:05:45.945554+00:00,63.7,200,ask,,,6023329
2026-07-16T05:05:47.148335,2026-07-16T05:05:47.159439+00:00,63.7,200,ask,,,6023357
2026-07-16T05:05:48.005056,2026-07-16T05:05:48.011158+00:00,63.5,10,ask,,,6023376
2026-07-16T05:05:48.011408,2026-07-16T05:05:48.021682+00:00,63.7,2,bid,,,6023377
2026-07-16T05:05:49.033837,2026-07-16T05:05:49.042018+00:00,63.7,8,bid,,,6023389
2026-07-16T05:05:50.784647,2026-07-16T05:05:50.796768+00:00,63.7,200,bid,,,6023403
2026-07-16T05:05:51.280923,2026-07-16T05:05:51.289265+00:00,63.7,5,bid,,,6023407
2026-07-16T05:05:51.280923,2026-07-16T05:05:51.289265+00:00,63.8,30,bid,,,6023408
2026-07-16T05:05:51.280923,2026-07-16T05:05:51.289265+00:00,63.8,200,bid,,,6023409
2026-07-16T05:05:51.280923,2026-07-16T05:05:51.299818+00:00,63.8,7,bid,,,6023410
2026-07-16T05:05:51.280923,2026-07-16T05:05:51.299818+00:00,63.9,4,bid,,,6023411
2026-07-16T05:05:51.280923,2026-07-16T05:05:51.299818+00:00,63.9,379,bid,,,6023412
2026-07-16T05:05:52.023346,2026-07-16T05:05:52.028733+00:00,63.7,1,bid,,,6023429
2026-07-16T05:05:52.617679,2026-07-16T05:05:52.628679+00:00,63.7,199,bid,,,6023432
2026-07-16T05:05:52.617679,2026-07-16T05:05:52.628679+00:00,63.7,42,bid,,,6023433
2026-07-16T05:05:52.617679,2026-07-16T05:05:52.628679+00:00,63.8,30,bid,,,6023434
2026-07-16T05:05:52.617679,2026-07-16T05:05:52.628679+00:00,63.8,5,bid,,,6023435
2026-07-16T05:05:52.651434,2026-07-16T05:05:52.668833+00:00,63.9,100,ask,,,6023438
2026-07-16T05:05:52.669149,2026-07-16T05:05:52.679377+00:00,63.9,5,ask,,,6023440
2026-07-16T05:05:52.684457,2026-07-16T05:05:52.700506+00:00,63.9,100,ask,,,6023442
2026-07-16T05:05:52.696643,2026-07-16T05:05:52.700506+00:00,63.9,30,ask,,,6023443
2026-07-16T05:05:52.732910,2026-07-16T05:05:52.742713+00:00,63.9,100,ask,,,6023448
2026-07-16T05:05:52.733346,2026-07-16T05:05:52.742713+00:00,63.9,14,ask,,,6023449
2026-07-16T05:05:52.783742,2026-07-16T05:05:52.795722+00:00,64.0,67,bid,,,6023452
2026-07-16T05:05:53.259199,2026-07-16T05:05:53.268268+00:00,63.8,4,bid,,,6023459
2026-07-16T05:05:53.946487,2026-07-16T05:05:53.952273+00:00,63.7,200,ask,,,6023474
2026-07-16T05:05:53.946487,2026-07-16T05:05:53.952273+00:00,63.7,30,ask,,,6023475
2026-07-16T05:05:53.946487,2026-07-16T05:05:53.962765+00:00,63.7,5,ask,,,6023476
2026-07-16T05:05:54.402281,2026-07-16T05:05:54.414238+00:00,63.7,1,bid,,,6023481
2026-07-16T05:05:55.264582,2026-07-16T05:05:55.277136+00:00,63.7,61,bid,,,6023486
2026-07-16T05:05:55.264582,2026-07-16T05:05:55.277136+00:00,63.7,200,bid,,,6023487
2026-07-16T05:05:55.264582,2026-07-16T05:05:55.277136+00:00,63.8,11,bid,,,6023488
2026-07-16T05:05:55.264582,2026-07-16T05:05:55.277136+00:00,64.0,353,bid,,,6023489
2026-07-16T05:05:56.168852,2026-07-16T05:05:56.176023+00:00,63.8,2,bid,,,6023511
2026-07-16T05:05:56.179011,2026-07-16T05:05:56.186961+00:00,63.8,10,bid,,,6023512
2026-07-16T05:05:56.602971,2026-07-16T05:05:56.607867+00:00,63.8,188,bid,,,6023518
2026-07-16T05:05:56.602971,2026-07-16T05:05:56.607867+00:00,63.9,8,bid,,,6023519
2026-07-16T05:05:56.857036,2026-07-16T05:05:56.861064+00:00,63.9,200,ask,,,6023526
2026-07-16T05:05:57.208489,2026-07-16T05:05:57.220649+00:00,63.9,10,ask,,,6023530
2026-07-16T05:05:57.303421,2026-07-16T05:05:57.316102+00:00,63.9,2,ask,,,6023533
2026-07-16T05:05:58.086510,2026-07-16T05:05:58.096877+00:00,63.9,10,bid,,,6023542
2026-07-16T05:05:59.245239,2026-07-16T05:05:59.248009+00:00,63.9,1,bid,,,6023557
2026-07-16T05:05:59.250859,2026-07-16T05:05:59.258568+00:00,63.9,199,bid,,,6023558
2026-07-16T05:05:59.312876,2026-07-16T05:05:59.321718+00:00,63.9,6,ask,,,6023559
2026-07-16T05:05:59.345743,2026-07-16T05:05:59.353586+00:00,63.9,200,ask,,,6023560
2026-07-16T05:06:00.561312,2026-07-16T05:06:00.568699+00:00,63.9,200,ask,,,6023573
2026-07-16T05:06:00.581473,2026-07-16T05:06:00.589898+00:00,63.8,30,ask,,,6023574
2026-07-16T05:06:00.581473,2026-07-16T05:06:00.589898+00:00,63.8,4,ask,,,6023575
2026-07-16T05:06:00.581473,2026-07-16T05:06:00.589898+00:00,63.7,200,ask,,,6023576
2026-07-16T05:06:00.591977,2026-07-16T05:06:00.608104+00:00,63.7,61,bid,,,6023577
2026-07-16T05:06:00.596673,2026-07-16T05:06:00.608104+00:00,63.7,30,bid,,,6023578
2026-07-16T05:06:00.625936,2026-07-16T05:06:00.640129+00:00,63.7,80,bid,,,6023583
2026-07-16T05:06:00.639851,2026-07-16T05:06:00.650806+00:00,63.7,13,bid,,,6023584
2026-07-16T05:06:00.644630,2026-07-16T05:06:00.650806+00:00,63.7,55,bid,,,6023585
2026-07-16T05:06:00.644934,2026-07-16T05:06:00.661379+00:00,63.7,53,bid,,,6023586
2026-07-16T05:06:00.645108,2026-07-16T05:06:00.661379+00:00,63.7,99,bid,,,6023587
2026-07-16T05:06:02.989692,2026-07-16T05:06:02.993147+00:00,63.9,22,bid,,,6023621
2026-07-16T05:06:02.989692,2026-07-16T05:06:03.003637+00:00,63.9,178,bid,,,6023622
2026-07-16T05:06:03.624975,2026-07-16T05:06:03.652535+00:00,63.8,76,ask,,,6023641
2026-07-16T05:06:03.625146,2026-07-16T05:06:03.652535+00:00,63.8,99,ask,,,6023642
2026-07-16T05:06:03.682490,2026-07-16T05:06:03.694977+00:00,63.9,99,bid,,,6023646
2026-07-16T05:06:03.689215,2026-07-16T05:06:03.694977+00:00,63.8,77,ask,,,6023647
2026-07-16T05:06:03.694351,2026-07-16T05:06:03.705514+00:00,63.8,1,ask,,,6023648
2026-07-16T05:06:04.038466,2026-07-16T05:06:04.041694+00:00,63.8,1,ask,,,6023653
2026-07-16T05:06:04.229658,2026-07-16T05:06:04.240941+00:00,63.9,200,bid,,,6023654
2026-07-16T05:06:04.459542,2026-07-16T05:06:04.475785+00:00,63.8,2,ask,,,6023657
2026-07-16T05:06:04.471963,2026-07-16T05:06:04.486357+00:00,63.8,10,ask,,,6023658
2026-07-16T05:06:05.518275,2026-07-16T05:06:05.529081+00:00,63.7,1,ask,,,6023676
2026-07-16T05:06:05.533534,2026-07-16T05:06:05.539624+00:00,63.7,1,ask,,,6023678
2026-07-16T05:06:05.958775,2026-07-16T05:06:05.961532+00:00,63.7,6,ask,,,6023686
2026-07-16T05:06:05.958775,2026-07-16T05:06:05.982207+00:00,63.7,200,ask,,,6023687
2026-07-16T05:06:06.103743,2026-07-16T05:06:06.113397+00:00,63.7,45,bid,,,6023692
2026-07-16T05:06:06.224325,2026-07-16T05:06:06.229104+00:00,63.6,1,ask,,,6023693
2026-07-16T05:06:06.556704,2026-07-16T05:06:06.566076+00:00,63.7,2,bid,,,6023700
2026-07-16T05:06:06.669402,2026-07-16T05:06:06.681692+00:00,63.7,200,bid,,,6023702
2026-07-16T05:06:08.347416,2026-07-16T05:06:08.349840+00:00,63.6,1,ask,,,6023729
2026-07-16T05:06:08.621017,2026-07-16T05:06:08.632739+00:00,63.7,48,bid,,,6023732
2026-07-16T05:06:08.621017,2026-07-16T05:06:08.632739+00:00,63.7,200,bid,,,6023733
2026-07-16T05:06:08.621017,2026-07-16T05:06:08.632739+00:00,63.7,10,bid,,,6023734
2026-07-16T05:06:09.114510,2026-07-16T05:06:09.122995+00:00,63.7,200,ask,,,6023739
2026-07-16T05:06:11.323094,2026-07-16T05:06:11.325370+00:00,63.6,22,ask,,,6023777
2026-07-16T05:06:11.323094,2026-07-16T05:06:11.335899+00:00,63.6,500,ask,,,6023778
2026-07-16T05:06:11.542856,2026-07-16T05:06:11.546630+00:00,63.5,10,ask,,,6023784
2026-07-16T05:06:11.676904,2026-07-16T05:06:11.683796+00:00,63.5,12,bid,,,6023786
2026-07-16T05:06:11.698707,2026-07-16T05:06:11.704931+00:00,63.5,2,bid,,,6023789
2026-07-16T05:06:11.810789,2026-07-16T05:06:11.820764+00:00,63.5,176,bid,,,6023791
2026-07-16T05:06:11.810789,2026-07-16T05:06:11.820764+00:00,63.6,103,bid,,,6023792
2026-07-16T05:06:11.810789,2026-07-16T05:06:11.820764+00:00,63.6,10,bid,,,6023793
2026-07-16T05:06:11.810789,2026-07-16T05:06:11.831334+00:00,63.6,30,bid,,,6023794
2026-07-16T05:06:11.810789,2026-07-16T05:06:11.831334+00:00,63.6,4,bid,,,6023795
2026-07-16T05:06:12.092586,2026-07-16T05:06:12.105330+00:00,63.7,20,ask,,,6023798
2026-07-16T05:06:12.107663,2026-07-16T05:06:12.115903+00:00,63.7,48,ask,,,6023800
2026-07-16T05:06:12.161864,2026-07-16T05:06:12.168741+00:00,63.6,48,ask,,,6023807
2026-07-16T05:06:12.655434,2026-07-16T05:06:12.672411+00:00,63.8,51,ask,,,6023819
2026-07-16T05:06:12.669880,2026-07-16T05:06:12.672411+00:00,63.8,63,ask,,,6023820
2026-07-16T05:06:12.725966,2026-07-16T05:06:12.735641+00:00,63.8,2,ask,,,6023824
2026-07-16T05:06:12.772615,2026-07-16T05:06:12.778009+00:00,63.8,200,ask,,,6023826
2026-07-16T05:06:13.183583,2026-07-16T05:06:13.187787+00:00,63.8,36,ask,,,6023840
2026-07-16T05:06:13.194143,2026-07-16T05:06:13.198284+00:00,63.8,45,ask,,,6023841
2026-07-16T05:06:13.200295,2026-07-16T05:06:13.208940+00:00,63.8,39,ask,,,6023842
2026-07-16T05:06:13.229832,2026-07-16T05:06:13.240514+00:00,63.8,40,ask,,,6023845
2026-07-16T05:06:13.974381,2026-07-16T05:06:13.976671+00:00,63.8,10,ask,,,6023851
2026-07-16T05:06:13.974381,2026-07-16T05:06:13.987255+00:00,63.7,30,ask,,,6023852
2026-07-16T05:06:13.974381,2026-07-16T05:06:13.987255+00:00,63.7,30,ask,,,6023853
2026-07-16T05:06:13.974381,2026-07-16T05:06:13.987255+00:00,63.7,4,ask,,,6023854
2026-07-16T05:06:13.974381,2026-07-16T05:06:13.987255+00:00,63.6,500,ask,,,6023855
2026-07-16T05:06:14.007289,2026-07-16T05:06:14.018750+00:00,63.6,51,bid,,,6023860
2026-07-16T05:06:14.801389,2026-07-16T05:06:14.809950+00:00,63.7,2,ask,,,6023878
2026-07-16T05:06:14.867844,2026-07-16T05:06:14.883640+00:00,63.7,10,ask,,,6023880
2026-07-16T05:06:15.049966,2026-07-16T05:06:15.052003+00:00,63.8,1,bid,,,6023884
2026-07-16T05:06:15.241265,2026-07-16T05:06:15.251012+00:00,63.8,30,bid,,,6023886
2026-07-16T05:06:15.241265,2026-07-16T05:06:15.251012+00:00,63.9,4,bid,,,6023887
2026-07-16T05:06:15.277526,2026-07-16T05:06:15.283231+00:00,63.9,20,ask,,,6023891
2026-07-16T05:06:15.284362,2026-07-16T05:06:15.293883+00:00,63.9,30,ask,,,6023892
2026-07-16T05:06:15.306988,2026-07-16T05:06:15.315253+00:00,63.9,116,ask,,,6023894
2026-07-16T05:06:15.311780,2026-07-16T05:06:15.325933+00:00,63.8,10,ask,,,6023895
2026-07-16T05:06:15.889960,2026-07-16T05:06:15.893840+00:00,63.9,2,bid,,,6023903
2026-07-16T05:06:16.465201,2026-07-16T05:06:16.474119+00:00,63.9,200,bid,,,6023909
2026-07-16T05:06:16.614805,2026-07-16T05:06:16.621248+00:00,63.9,20,bid,,,6023912
2026-07-16T05:06:17.320748,2026-07-16T05:06:17.325415+00:00,63.9,1,bid,,,6023923
2026-07-16T05:06:17.779515,2026-07-16T05:06:17.788363+00:00,63.9,16,bid,,,6023927
2026-07-16T05:06:17.779515,2026-07-16T05:06:17.788363+00:00,63.9,4,bid,,,6023928
2026-07-16T05:06:19.528301,2026-07-16T05:06:19.530412+00:00,63.8,1,bid,,,6023951
2026-07-16T05:06:20.608124,2026-07-16T05:06:20.620457+00:00,63.8,200,bid,,,6023962
2026-07-16T05:06:20.608124,2026-07-16T05:06:20.620457+00:00,63.9,28,bid,,,6023963
2026-07-16T05:06:21.330667,2026-07-16T05:06:21.333922+00:00,63.9,200,ask,,,6023974
2026-07-16T05:06:21.730386,2026-07-16T05:06:21.736210+00:00,63.9,1,ask,,,6023977
2026-07-16T05:06:21.951650,2026-07-16T05:06:21.959213+00:00,63.9,1,ask,,,6023984
2026-07-16T05:06:21.951650,2026-07-16T05:06:21.959213+00:00,63.9,10,ask,,,6023985
2026-07-16T05:06:21.951650,2026-07-16T05:06:21.959213+00:00,63.9,20,ask,,,6023986
2026-07-16T05:06:21.951650,2026-07-16T05:06:21.969773+00:00,63.8,30,ask,,,6023987
2026-07-16T05:06:21.951650,2026-07-16T05:06:21.969773+00:00,63.8,4,ask,,,6023988
2026-07-16T05:06:21.951650,2026-07-16T05:06:21.969773+00:00,63.7,500,ask,,,6023989
2026-07-16T05:06:21.981672,2026-07-16T05:06:21.990940+00:00,63.7,30,bid,,,6023990
2026-07-16T05:06:21.986541,2026-07-16T05:06:21.990940+00:00,63.7,20,bid,,,6023991
2026-07-16T05:06:22.007962,2026-07-16T05:06:22.012128+00:00,63.7,10,bid,,,6023994
2026-07-16T05:06:22.007962,2026-07-16T05:06:22.012128+00:00,63.7,7,bid,,,6023995
2026-07-16T05:06:22.017054,2026-07-16T05:06:22.022696+00:00,63.6,2,ask,,,6023996
2026-07-16T05:06:22.021825,2026-07-16T05:06:22.033208+00:00,64.1,8,bid,,,6023997
2026-07-16T05:06:22.030796,2026-07-16T05:06:22.033208+00:00,63.6,10,ask,,,6023998
2026-07-16T05:06:23.042891,2026-07-16T05:06:23.054148+00:00,63.9,20,bid,,,6024013
2026-07-16T05:06:23.073219,2026-07-16T05:06:23.075380+00:00,63.8,2,ask,,,6024015
2026-07-16T05:06:23.274271,2026-07-16T05:06:23.286241+00:00,63.9,180,bid,,,6024017
2026-07-16T05:06:23.274271,2026-07-16T05:06:23.286241+00:00,63.9,30,bid,,,6024018
2026-07-16T05:06:23.292269,2026-07-16T05:06:23.296900+00:00,63.9,20,ask,,,6024019
2026-07-16T05:06:23.371770,2026-07-16T05:06:23.382359+00:00,63.9,12,ask,,,6024023
2026-07-16T05:06:23.401196,2026-07-16T05:06:23.414154+00:00,63.9,30,ask,,,6024027
2026-07-16T05:06:23.401451,2026-07-16T05:06:23.414154+00:00,63.9,46,ask,,,6024028
2026-07-16T05:06:24.094286,2026-07-16T05:06:24.097326+00:00,64.0,2,bid,,,6024046
2026-07-16T05:06:24.215774,2026-07-16T05:06:24.224463+00:00,64.0,1,bid,,,6024049
2026-07-16T05:06:24.995329,2026-07-16T05:06:24.997702+00:00,63.9,80,ask,,,6024057
2026-07-16T05:06:25.951593,2026-07-16T05:06:25.959281+00:00,63.9,120,bid,,,6024070
2026-07-16T05:06:25.951593,2026-07-16T05:06:25.959281+00:00,63.9,28,bid,,,6024071
2026-07-16T05:06:25.951593,2026-07-16T05:06:25.959281+00:00,63.9,3,bid,,,6024072
2026-07-16T05:06:26.249883,2026-07-16T05:06:26.255707+00:00,64.0,13,ask,,,6024078
2026-07-16T05:06:26.449144,2026-07-16T05:06:26.456493+00:00,64.0,25,ask,,,6024083
2026-07-16T05:06:29.320814,2026-07-16T05:06:29.329156+00:00,64.2,1,bid,,,6024126
2026-07-16T05:06:29.871589,2026-07-16T05:06:29.876338+00:00,64.1,200,ask,,,6024131
2026-07-16T05:06:31.163594,2026-07-16T05:06:31.167326+00:00,64.2,1,bid,,,6024143
2026-07-16T05:06:31.270254,2026-07-16T05:06:31.273640+00:00,64.2,9,bid,,,6024146
2026-07-16T05:06:31.270254,2026-07-16T05:06:31.284496+00:00,64.2,200,bid,,,6024147
2026-07-16T05:06:31.270254,2026-07-16T05:06:31.284496+00:00,64.2,1,bid,,,6024148
2026-07-16T05:06:31.645672,2026-07-16T05:06:31.650078+00:00,64.3,1,bid,,,6024157
2026-07-16T05:06:32.302734,2026-07-16T05:06:32.309577+00:00,64.3,200,bid,,,6024167
2026-07-16T05:06:32.430257,2026-07-16T05:06:32.446975+00:00,64.2,20,ask,,,6024170
2026-07-16T05:06:33.515616,2026-07-16T05:06:33.520967+00:00,64.3,200,bid,,,6024183
2026-07-16T05:06:33.707963,2026-07-16T05:06:33.713122+00:00,64.3,20,bid,,,6024187
2026-07-16T05:06:34.063471,2026-07-16T05:06:34.072472+00:00,64.3,1,bid,,,6024191
2026-07-16T05:06:35.518750,2026-07-16T05:06:35.522952+00:00,64.1,20,ask,,,6024208
2026-07-16T05:06:35.954435,2026-07-16T05:06:35.966320+00:00,64.3,12,bid,,,6024216
2026-07-16T05:06:35.954435,2026-07-16T05:06:35.966320+00:00,64.3,188,bid,,,6024217
2026-07-16T05:06:36.535342,2026-07-16T05:06:36.546376+00:00,64.3,1,bid,,,6024230
2026-07-16T05:06:36.587880,2026-07-16T05:06:36.598988+00:00,64.3,53,bid,,,6024231
2026-07-16T05:06:36.587880,2026-07-16T05:06:36.598988+00:00,64.3,500,bid,,,6024232
2026-07-16T05:06:36.587880,2026-07-16T05:06:36.598988+00:00,64.3,7,bid,,,6024233
2026-07-16T05:06:36.587880,2026-07-16T05:06:36.598988+00:00,64.4,65,bid,,,6024234
2026-07-16T05:06:36.953014,2026-07-16T05:06:36.978260+00:00,64.2,39,bid,,,6024242
2026-07-16T05:06:37.185973,2026-07-16T05:06:37.188606+00:00,64.2,200,bid,,,6024244
2026-07-16T05:06:38.310799,2026-07-16T05:06:38.315911+00:00,64.2,2,bid,,,6024257
2026-07-16T05:06:38.316884,2026-07-16T05:06:38.326676+00:00,64.2,10,bid,,,6024258
2026-07-16T05:06:38.406460,2026-07-16T05:06:38.411359+00:00,64.2,200,bid,,,6024259
2026-07-16T05:06:39.022658,2026-07-16T05:06:39.032965+00:00,64.2,1,bid,,,6024272
2026-07-16T05:06:39.242911,2026-07-16T05:06:39.254548+00:00,64.2,22,bid,,,6024274
2026-07-16T05:06:39.242911,2026-07-16T05:06:39.254548+00:00,64.3,200,bid,,,6024275
2026-07-16T05:06:39.242911,2026-07-16T05:06:39.254548+00:00,64.3,4,bid,,,6024276
2026-07-16T05:06:39.242911,2026-07-16T05:06:39.254548+00:00,64.3,399,bid,,,6024277
2026-07-16T05:06:39.353929,2026-07-16T05:06:39.360288+00:00,64.3,2,bid,,,6024281
2026-07-16T05:06:40.374641,2026-07-16T05:06:40.384804+00:00,64.2,2,ask,,,6024300
2026-07-16T05:06:40.573392,2026-07-16T05:06:40.583776+00:00,64.2,198,ask,,,6024301
2026-07-16T05:06:40.573392,2026-07-16T05:06:40.583776+00:00,64.2,38,ask,,,6024302
2026-07-16T05:06:40.573392,2026-07-16T05:06:40.583776+00:00,64.2,23,ask,,,6024303
2026-07-16T05:06:40.573392,2026-07-16T05:06:40.583776+00:00,64.2,57,ask,,,6024304
2026-07-16T05:06:40.573392,2026-07-16T05:06:40.594323+00:00,64.1,30,ask,,,6024305
2026-07-16T05:06:40.573392,2026-07-16T05:06:40.594323+00:00,64.1,30,ask,,,6024306
2026-07-16T05:06:40.616575,2026-07-16T05:06:40.626076+00:00,64.1,33,bid,,,6024310
2026-07-16T05:06:40.634435,2026-07-16T05:06:40.636604+00:00,64.1,100,bid,,,6024314
2026-07-16T05:06:40.639314,2026-07-16T05:06:40.647112+00:00,64.1,100,bid,,,6024315
2026-07-16T05:06:40.828543,2026-07-16T05:06:40.836873+00:00,64.1,16,bid,,,6024324
2026-07-16T05:06:40.828543,2026-07-16T05:06:40.836873+00:00,64.1,28,bid,,,6024325
2026-07-16T05:06:41.335636,2026-07-16T05:06:41.342337+00:00,64.1,1,ask,,,6024329
2026-07-16T05:06:41.561323,2026-07-16T05:06:41.563923+00:00,64.1,20,ask,,,6024331
2026-07-16T05:06:41.900885,2026-07-16T05:06:41.910344+00:00,64.3,200,bid,,,6024334
2026-07-16T05:06:41.900885,2026-07-16T05:06:41.910344+00:00,64.3,11,bid,,,6024335
2026-07-16T05:06:41.900885,2026-07-16T05:06:41.910344+00:00,64.3,50,bid,,,6024336
2026-07-16T05:06:41.900885,2026-07-16T05:06:41.920876+00:00,64.3,30,bid,,,6024337
2026-07-16T05:06:41.915638,2026-07-16T05:06:41.920876+00:00,64.3,7,ask,,,6024338
2026-07-16T05:06:41.932177,2026-07-16T05:06:41.941983+00:00,64.3,33,ask,,,6024339
2026-07-16T05:06:41.951375,2026-07-16T05:06:41.963066+00:00,64.3,25,ask,,,6024342
2026-07-16T05:06:41.951674,2026-07-16T05:06:41.963066+00:00,64.3,100,ask,,,6024343
2026-07-16T05:06:41.969463,2026-07-16T05:06:41.973725+00:00,64.3,10,ask,,,6024345
2026-07-16T05:06:41.980721,2026-07-16T05:06:41.994900+00:00,64.3,50,ask,,,6024347
2026-07-16T05:06:42.061302,2026-07-16T05:06:42.068873+00:00,64.4,48,bid,,,6024353
2026-07-16T05:06:42.080557,2026-07-16T05:06:42.090003+00:00,64.3,109,ask,,,6024354
2026-07-16T05:06:42.080557,2026-07-16T05:06:42.090003+00:00,64.3,42,ask,,,6024355
2026-07-16T05:06:42.080557,2026-07-16T05:06:42.090003+00:00,64.3,49,ask,,,6024356
2026-07-16T05:06:42.157504,2026-07-16T05:06:42.164540+00:00,64.3,4,ask,,,6024358
2026-07-16T05:06:42.785942,2026-07-16T05:06:42.797977+00:00,64.3,10,bid,,,6024372
2026-07-16T05:06:42.950510,2026-07-16T05:06:42.956008+00:00,64.4,20,bid,,,6024377
2026-07-16T05:06:43.233873,2026-07-16T05:06:43.240675+00:00,64.1,200,ask,,,6024386
2026-07-16T05:06:43.233873,2026-07-16T05:06:43.240675+00:00,64.1,10,ask,,,6024387
2026-07-16T05:06:43.233873,2026-07-16T05:06:43.251258+00:00,64.1,50,ask,,,6024388
2026-07-16T05:06:43.270302,2026-07-16T05:06:43.272360+00:00,64.1,52,bid,,,6024392
2026-07-16T05:06:43.281919,2026-07-16T05:06:43.293376+00:00,64.1,20,bid,,,6024393
2026-07-16T05:06:43.294206,2026-07-16T05:06:43.314678+00:00,64.1,50,bid,,,6024395
2026-07-16T05:06:43.514098,2026-07-16T05:06:43.526494+00:00,64.1,5,bid,,,6024398
2026-07-16T05:06:44.596083,2026-07-16T05:06:44.607705+00:00,64.1,17,bid,,,6024414
2026-07-16T05:06:44.596083,2026-07-16T05:06:44.607705+00:00,64.1,80,bid,,,6024415
2026-07-16T05:06:44.596083,2026-07-16T05:06:44.607705+00:00,64.1,10,bid,,,6024416
2026-07-16T05:06:44.610461,2026-07-16T05:06:44.618217+00:00,64.1,200,ask,,,6024417
2026-07-16T05:06:45.835545,2026-07-16T05:06:45.843015+00:00,64.1,200,ask,,,6024429
2026-07-16T05:06:45.935133,2026-07-16T05:06:45.938643+00:00,64.1,10,ask,,,6024433
2026-07-16T05:06:45.935133,2026-07-16T05:06:45.949281+00:00,64.0,30,ask,,,6024434
2026-07-16T05:06:45.935133,2026-07-16T05:06:45.949281+00:00,64.0,30,ask,,,6024435
2026-07-16T05:06:45.935133,2026-07-16T05:06:45.949281+00:00,64.0,4,ask,,,6024436
2026-07-16T05:06:45.935133,2026-07-16T05:06:45.959926+00:00,64.0,500,ask,,,6024437
2026-07-16T05:06:45.935133,2026-07-16T05:06:45.959926+00:00,63.9,51,ask,,,6024438
2026-07-16T05:06:47.050616,2026-07-16T05:06:47.053594+00:00,64.1,71,ask,,,6024452
2026-07-16T05:06:47.050616,2026-07-16T05:06:47.064099+00:00,64.1,9,ask,,,6024453
2026-07-16T05:06:47.106511,2026-07-16T05:06:47.116658+00:00,64.1,24,bid,,,6024460
2026-07-16T05:06:47.111037,2026-07-16T05:06:47.116658+00:00,64.1,40,bid,,,6024461
2026-07-16T05:06:47.118212,2026-07-16T05:06:47.127189+00:00,64.1,56,bid,,,6024462
2026-07-16T05:06:47.261285,2026-07-16T05:06:47.264913+00:00,64.1,80,bid,,,6024464
2026-07-16T05:06:48.036016,2026-07-16T05:06:48.040589+00:00,64.1,1,ask,,,6024480
2026-07-16T05:06:48.585788,2026-07-16T05:06:48.588337+00:00,64.2,16,bid,,,6024485
2026-07-16T05:06:48.585788,2026-07-16T05:06:48.599047+00:00,64.2,200,bid,,,6024486
2026-07-16T05:06:48.585788,2026-07-16T05:06:48.599047+00:00,64.2,10,bid,,,6024487
2026-07-16T05:06:48.643627,2026-07-16T05:06:48.651844+00:00,64.2,10,ask,,,6024489
2026-07-16T05:06:49.481670,2026-07-16T05:06:49.491625+00:00,64.4,200,bid,,,6024509
2026-07-16T05:06:49.946618,2026-07-16T05:06:49.956412+00:00,64.3,9,ask,,,6024514
2026-07-16T05:06:50.413779,2026-07-16T05:06:50.423476+00:00,64.3,1,ask,,,6024520
2026-07-16T05:06:51.249007,2026-07-16T05:06:51.259794+00:00,64.4,15,bid,,,6024533
2026-07-16T05:06:51.249007,2026-07-16T05:06:51.259794+00:00,64.4,200,bid,,,6024534
2026-07-16T05:06:51.249007,2026-07-16T05:06:51.259794+00:00,64.4,7,bid,,,6024535
2026-07-16T05:06:51.249007,2026-07-16T05:06:51.259794+00:00,64.4,403,bid,,,6024536
2026-07-16T05:06:52.600046,2026-07-16T05:06:52.607759+00:00,64.3,20,ask,,,6024551
2026-07-16T05:06:52.738699,2026-07-16T05:06:52.745485+00:00,64.4,1,bid,,,6024556
2026-07-16T05:06:53.145662,2026-07-16T05:06:53.157015+00:00,64.3,200,ask,,,6024563
2026-07-16T05:06:54.359516,2026-07-16T05:06:54.365397+00:00,64.4,200,bid,,,6024577
2026-07-16T05:06:55.113435,2026-07-16T05:06:55.117273+00:00,64.3,1,bid,,,6024586
2026-07-16T05:06:55.198795,2026-07-16T05:06:55.201018+00:00,64.3,499,bid,,,6024588
2026-07-16T05:06:55.464851,2026-07-16T05:06:55.474987+00:00,64.3,126,ask,,,6024590
2026-07-16T05:06:55.464851,2026-07-16T05:06:55.474987+00:00,64.3,30,ask,,,6024591
2026-07-16T05:06:55.464851,2026-07-16T05:06:55.474987+00:00,64.3,10,ask,,,6024592
2026-07-16T05:06:55.577980,2026-07-16T05:06:55.580554+00:00,64.3,200,bid,,,6024594
2026-07-16T05:06:55.991353,2026-07-16T05:06:56.002288+00:00,64.2,15,bid,,,6024604
2026-07-16T05:06:56.469256,2026-07-16T05:06:56.478701+00:00,64.2,4,bid,,,6024611
2026-07-16T05:06:56.497606,2026-07-16T05:06:56.510220+00:00,64.3,4,bid,,,6024615
2026-07-16T05:06:56.553720,2026-07-16T05:06:56.562825+00:00,64.2,19,bid,,,6024618
2026-07-16T05:06:56.567095,2026-07-16T05:06:56.573347+00:00,64.2,25,bid,,,6024621
2026-07-16T05:06:56.572266,2026-07-16T05:06:56.584061+00:00,64.2,46,bid,,,6024622
2026-07-16T05:06:56.625392,2026-07-16T05:06:56.637449+00:00,64.2,4,bid,,,6024624
2026-07-16T05:06:56.791449,2026-07-16T05:06:56.795391+00:00,64.2,200,bid,,,6024627
2026-07-16T05:06:57.855194,2026-07-16T05:06:57.860114+00:00,64.2,10,bid,,,6024651
2026-07-16T05:06:57.932336,2026-07-16T05:06:57.934239+00:00,64.2,10,ask,,,6024653
2026-07-16T05:06:57.955099,2026-07-16T05:06:57.965876+00:00,64.2,4,ask,,,6024655
2026-07-16T05:06:58.004957,2026-07-16T05:06:58.007896+00:00,64.3,200,bid,,,6024658
2026-07-16T05:07:02.493837,2026-07-16T05:07:02.500542+00:00,64.1,20,ask,,,6024712
2026-07-16T05:07:04.041868,2026-07-16T05:07:04.043829+00:00,64.1,1,ask,,,6024730
2026-07-16T05:07:06.225819,2026-07-16T05:07:06.235893+00:00,64.1,1,ask,,,6024758
2026-07-16T05:07:06.538531,2026-07-16T05:07:06.540496+00:00,64.2,200,bid,,,6024762
2026-07-16T05:07:07.115885,2026-07-16T05:07:07.119799+00:00,64.2,15,bid,,,6024771
2026-07-16T05:07:07.115885,2026-07-16T05:07:07.130373+00:00,64.3,30,bid,,,6024772
2026-07-16T05:07:07.155271,2026-07-16T05:07:07.161929+00:00,64.3,20,ask,,,6024775
2026-07-16T05:07:07.160172,2026-07-16T05:07:07.172465+00:00,64.3,14,ask,,,6024776
2026-07-16T05:07:07.160531,2026-07-16T05:07:07.172465+00:00,64.3,100,ask,,,6024777
2026-07-16T05:07:07.185400,2026-07-16T05:07:07.193454+00:00,64.3,50,ask,,,6024780
2026-07-16T05:07:07.195575,2026-07-16T05:07:07.204016+00:00,64.3,31,ask,,,6024781
2026-07-16T05:07:08.446132,2026-07-16T05:07:08.448353+00:00,64.3,200,ask,,,6024809
2026-07-16T05:07:08.446132,2026-07-16T05:07:08.458887+00:00,64.3,10,ask,,,6024810
2026-07-16T05:07:08.446132,2026-07-16T05:07:08.458887+00:00,64.2,30,ask,,,6024811
2026-07-16T05:07:08.446132,2026-07-16T05:07:08.458887+00:00,64.2,4,ask,,,6024812
2026-07-16T05:07:08.491718,2026-07-16T05:07:08.501184+00:00,64.2,100,bid,,,6024816
2026-07-16T05:07:08.502440,2026-07-16T05:07:08.511739+00:00,64.2,44,bid,,,6024817
2026-07-16T05:07:08.525098,2026-07-16T05:07:08.532866+00:00,64.1,19,ask,,,6024821
2026-07-16T05:07:08.643349,2026-07-16T05:07:08.649381+00:00,64.1,1,ask,,,6024826
2026-07-16T05:07:08.857304,2026-07-16T05:07:08.859993+00:00,64.1,2,ask,,,6024830
2026-07-16T05:07:08.864682,2026-07-16T05:07:08.870470+00:00,64.1,7,ask,,,6024831
2026-07-16T05:07:08.871307,2026-07-16T05:07:08.881012+00:00,64.1,3,ask,,,6024832
2026-07-16T05:07:08.971433,2026-07-16T05:07:08.975736+00:00,64.2,200,bid,,,6024834
2026-07-16T05:07:09.764999,2026-07-16T05:07:09.773377+00:00,64.2,10,bid,,,6024840
2026-07-16T05:07:09.764999,2026-07-16T05:07:09.773377+00:00,64.3,25,bid,,,6024841
2026-07-16T05:07:09.764999,2026-07-16T05:07:09.773377+00:00,64.3,4,bid,,,6024842
2026-07-16T05:07:09.817023,2026-07-16T05:07:09.826381+00:00,64.3,9,ask,,,6024844
2026-07-16T05:07:09.909947,2026-07-16T05:07:09.921224+00:00,64.4,10,bid,,,6024849
2026-07-16T05:07:09.915627,2026-07-16T05:07:09.921224+00:00,64.3,2,ask,,,6024850
2026-07-16T05:07:10.027545,2026-07-16T05:07:10.037104+00:00,64.3,67,ask,,,6024854
2026-07-16T05:07:10.187640,2026-07-16T05:07:10.195160+00:00,64.3,200,ask,,,6024860
2026-07-16T05:07:10.847476,2026-07-16T05:07:10.859259+00:00,64.3,1,ask,,,6024874
2026-07-16T05:07:10.980722,2026-07-16T05:07:10.985206+00:00,64.3,2,ask,,,6024876
2026-07-16T05:07:12.034688,2026-07-16T05:07:12.039374+00:00,64.3,2,ask,,,6024888
2026-07-16T05:07:13.071045,2026-07-16T05:07:13.080553+00:00,64.4,2,bid,,,6024898
2026-07-16T05:07:13.125654,2026-07-16T05:07:13.133017+00:00,64.3,1,ask,,,6024900
2026-07-16T05:07:13.776360,2026-07-16T05:07:13.786118+00:00,64.4,198,bid,,,6024909
2026-07-16T05:07:13.776360,2026-07-16T05:07:13.786118+00:00,64.4,2,bid,,,6024910
2026-07-16T05:07:15.035174,2026-07-16T05:07:15.045813+00:00,64.5,10,ask,,,6024928
2026-07-16T05:07:15.157782,2026-07-16T05:07:15.161660+00:00,64.3,10,ask,,,6024930
2026-07-16T05:07:15.164579,2026-07-16T05:07:15.172173+00:00,64.5,2,bid,,,6024931
2026-07-16T05:07:15.708172,2026-07-16T05:07:15.719581+00:00,64.3,1,ask,,,6024938
2026-07-16T05:07:16.425013,2026-07-16T05:07:16.436310+00:00,64.4,200,bid,,,6024946
2026-07-16T05:07:16.429819,2026-07-16T05:07:16.436310+00:00,64.4,80,ask,,,6024947
2026-07-16T05:07:16.444950,2026-07-16T05:07:16.446998+00:00,64.4,10,ask,,,6024948
2026-07-16T05:07:17.201095,2026-07-16T05:07:17.205909+00:00,64.5,24,bid,,,6024954
2026-07-16T05:07:17.221085,2026-07-16T05:07:17.227011+00:00,64.4,2,ask,,,6024956
2026-07-16T05:07:17.457269,2026-07-16T05:07:17.469106+00:00,64.4,200,ask,,,6024958
2026-07-16T05:07:17.749272,2026-07-16T05:07:17.753280+00:00,64.4,66,ask,,,6024962
2026-07-16T05:07:17.749272,2026-07-16T05:07:17.763831+00:00,64.4,14,ask,,,6024963
2026-07-16T05:07:17.749272,2026-07-16T05:07:17.763831+00:00,64.3,30,ask,,,6024964
2026-07-16T05:07:17.786081,2026-07-16T05:07:17.795684+00:00,64.3,30,bid,,,6024968
2026-07-16T05:07:17.786407,2026-07-16T05:07:17.795684+00:00,64.3,18,bid,,,6024969
2026-07-16T05:07:17.798770,2026-07-16T05:07:17.806175+00:00,64.3,60,bid,,,6024970
2026-07-16T05:07:17.799083,2026-07-16T05:07:17.806175+00:00,64.3,19,bid,,,6024971
2026-07-16T05:07:18.077239,2026-07-16T05:07:18.080116+00:00,64.3,13,bid,,,6024979
2026-07-16T05:07:18.248179,2026-07-16T05:07:18.255070+00:00,64.2,2,ask,,,6024986
2026-07-16T05:07:18.254809,2026-07-16T05:07:18.265572+00:00,64.2,9,ask,,,6024987
2026-07-16T05:07:18.262742,2026-07-16T05:07:18.265572+00:00,64.2,1,ask,,,6024988
2026-07-16T05:07:18.667691,2026-07-16T05:07:18.677914+00:00,64.3,200,bid,,,6024992
2026-07-16T05:07:19.294585,2026-07-16T05:07:19.298725+00:00,64.2,2,ask,,,6024998
2026-07-16T05:07:19.890962,2026-07-16T05:07:19.903030+00:00,64.2,40,ask,,,6025002
2026-07-16T05:07:19.890962,2026-07-16T05:07:19.903030+00:00,64.2,15,ask,,,6025003
2026-07-16T05:07:19.890962,2026-07-16T05:07:19.903030+00:00,64.2,145,ask,,,6025004
2026-07-16T05:07:20.380984,2026-07-16T05:07:20.387651+00:00,64.4,2,bid,,,6025010
2026-07-16T05:07:21.402424,2026-07-16T05:07:21.408410+00:00,64.3,14,bid,,,6025029
2026-07-16T05:07:21.445387,2026-07-16T05:07:21.450592+00:00,64.2,2,ask,,,6025033
2026-07-16T05:07:21.754533,2026-07-16T05:07:21.756710+00:00,64.3,8,bid,,,6025036
2026-07-16T05:07:21.773293,2026-07-16T05:07:21.777815+00:00,64.3,30,ask,,,6025038
2026-07-16T05:07:22.476176,2026-07-16T05:07:22.481551+00:00,64.3,2,ask,,,6025045
2026-07-16T05:07:23.046573,2026-07-16T05:07:23.051118+00:00,64.3,1,ask,,,6025054
2026-07-16T05:07:23.549351,2026-07-16T05:07:23.562877+00:00,64.3,2,ask,,,6025064
2026-07-16T05:07:24.399188,2026-07-16T05:07:24.405252+00:00,64.3,6,ask,,,6025070
2026-07-16T05:07:24.602184,2026-07-16T05:07:24.605272+00:00,64.2,2,ask,,,6025075
2026-07-16T05:07:24.789117,2026-07-16T05:07:24.794339+00:00,64.2,23,ask,,,6025079
2026-07-16T05:07:24.789117,2026-07-16T05:07:24.794339+00:00,64.2,177,ask,,,6025080
2026-07-16T05:07:25.318089,2026-07-16T05:07:25.320706+00:00,64.3,1,bid,,,6025091
2026-07-16T05:07:26.000105,2026-07-16T05:07:26.011574+00:00,64.3,42,bid,,,6025099
2026-07-16T05:07:26.000105,2026-07-16T05:07:26.011574+00:00,64.3,158,bid,,,6025100
2026-07-16T05:07:28.338662,2026-07-16T05:07:28.350005+00:00,64.3,1,bid,,,6025128
2026-07-16T05:07:28.364522,2026-07-16T05:07:28.371158+00:00,64.3,199,bid,,,6025129
2026-07-16T05:07:28.364522,2026-07-16T05:07:28.371158+00:00,64.3,5,bid,,,6025130
2026-07-16T05:07:29.709281,2026-07-16T05:07:29.716980+00:00,64.2,5,ask,,,6025153
2026-07-16T05:07:29.709281,2026-07-16T05:07:29.716980+00:00,64.2,500,ask,,,6025154
2026-07-16T05:07:29.994990,2026-07-16T05:07:30.001151+00:00,64.2,120,bid,,,6025158
2026-07-16T05:07:30.503186,2026-07-16T05:07:30.507265+00:00,64.3,1,bid,,,6025173
2026-07-16T05:07:31.021342,2026-07-16T05:07:31.033181+00:00,64.3,5,bid,,,6025178
2026-07-16T05:07:31.021342,2026-07-16T05:07:31.033181+00:00,64.3,200,bid,,,6025179
2026-07-16T05:07:31.021342,2026-07-16T05:07:31.033181+00:00,64.4,30,bid,,,6025180
2026-07-16T05:07:31.021342,2026-07-16T05:07:31.033181+00:00,64.4,30,bid,,,6025181
2026-07-16T05:07:31.040396,2026-07-16T05:07:31.054329+00:00,64.4,100,ask,,,6025182
2026-07-16T05:07:31.076700,2026-07-16T05:07:31.085861+00:00,64.4,31,ask,,,6025187
2026-07-16T05:07:31.090767,2026-07-16T05:07:31.096601+00:00,64.4,100,ask,,,6025189
2026-07-16T05:07:31.144036,2026-07-16T05:07:31.149038+00:00,64.6,40,bid,,,6025191
2026-07-16T05:07:32.148377,2026-07-16T05:07:32.160302+00:00,64.4,129,ask,,,6025208
2026-07-16T05:07:32.148377,2026-07-16T05:07:32.160302+00:00,64.4,5,ask,,,6025209
2026-07-16T05:07:32.148377,2026-07-16T05:07:32.160302+00:00,64.4,30,ask,,,6025210
2026-07-16T05:07:32.173601,2026-07-16T05:07:32.181418+00:00,64.4,10,bid,,,6025212
2026-07-16T05:07:32.356644,2026-07-16T05:07:32.360792+00:00,64.3,7,ask,,,6025219
2026-07-16T05:07:32.356644,2026-07-16T05:07:32.371312+00:00,64.2,500,ask,,,6025220
2026-07-16T05:07:32.356644,2026-07-16T05:07:32.371312+00:00,64.2,118,ask,,,6025221
2026-07-16T05:07:32.739692,2026-07-16T05:07:32.751069+00:00,64.4,8,bid,,,6025235
2026-07-16T05:07:32.851901,2026-07-16T05:07:32.856535+00:00,64.4,1,bid,,,6025240
2026-07-16T05:07:34.996577,2026-07-16T05:07:35.003124+00:00,64.4,5,ask,,,6025262
2026-07-16T05:07:34.996577,2026-07-16T05:07:35.003124+00:00,64.4,200,ask,,,6025263
2026-07-16T05:07:34.996577,2026-07-16T05:07:35.013626+00:00,64.4,5,ask,,,6025264
2026-07-16T05:07:35.321344,2026-07-16T05:07:35.330569+00:00,64.4,1,bid,,,6025269
2026-07-16T05:07:35.815754,2026-07-16T05:07:35.826263+00:00,64.4,2,bid,,,6025290
2026-07-16T05:07:36.059217,2026-07-16T05:07:36.068636+00:00,64.3,5,ask,,,6025292
2026-07-16T05:07:36.331120,2026-07-16T05:07:36.342762+00:00,64.4,30,bid,,,6025299
2026-07-16T05:07:36.331120,2026-07-16T05:07:36.342762+00:00,64.4,5,bid,,,6025300
2026-07-16T05:07:37.674743,2026-07-16T05:07:37.677116+00:00,64.5,500,bid,,,6025316
2026-07-16T05:07:37.674743,2026-07-16T05:07:37.687641+00:00,64.5,30,bid,,,6025317
2026-07-16T05:07:37.674743,2026-07-16T05:07:37.687641+00:00,64.6,95,bid,,,6025318
2026-07-16T05:07:37.781765,2026-07-16T05:07:37.792724+00:00,64.4,20,ask,,,6025320
2026-07-16T05:07:38.257474,2026-07-16T05:07:38.269619+00:00,64.5,200,bid,,,6025328
2026-07-16T05:07:39.011403,2026-07-16T05:07:39.016726+00:00,64.4,5,ask,,,6025347
2026-07-16T05:07:39.044801,2026-07-16T05:07:39.048451+00:00,64.4,83,bid,,,6025351
2026-07-16T05:07:39.052249,2026-07-16T05:07:39.059071+00:00,64.4,100,bid,,,6025352
2026-07-16T05:07:39.126348,2026-07-16T05:07:39.133333+00:00,64.4,83,bid,,,6025355
2026-07-16T05:07:39.130953,2026-07-16T05:07:39.133333+00:00,64.4,8,bid,,,6025356
2026-07-16T05:07:39.159974,2026-07-16T05:07:39.165035+00:00,64.2,4,ask,,,6025361
2026-07-16T05:07:39.159974,2026-07-16T05:07:39.165035+00:00,64.2,29,ask,,,6025362
2026-07-16T05:07:39.752383,2026-07-16T05:07:39.759094+00:00,64.4,1,bid,,,6025374
2026-07-16T05:07:40.376559,2026-07-16T05:07:40.379576+00:00,64.3,5,ask,,,6025387
2026-07-16T05:07:40.388237,2026-07-16T05:07:40.400949+00:00,64.3,22,bid,,,6025389
2026-07-16T05:07:40.697242,2026-07-16T05:07:40.706013+00:00,64.3,200,bid,,,6025395
2026-07-16T05:07:40.787855,2026-07-16T05:07:40.789893+00:00,64.2,20,ask,,,6025396
2026-07-16T05:07:41.692476,2026-07-16T05:07:41.697419+00:00,64.4,5,bid,,,6025409
2026-07-16T05:07:41.692476,2026-07-16T05:07:41.697419+00:00,64.4,19,bid,,,6025410
2026-07-16T05:07:41.692476,2026-07-16T05:07:41.707992+00:00,64.4,30,bid,,,6025411
2026-07-16T05:07:41.692476,2026-07-16T05:07:41.707992+00:00,64.4,11,bid,,,6025412
2026-07-16T05:07:41.692476,2026-07-16T05:07:41.707992+00:00,64.4,4,bid,,,6025413
2026-07-16T05:07:41.921648,2026-07-16T05:07:41.929705+00:00,64.4,200,ask,,,6025415
2026-07-16T05:07:44.327056,2026-07-16T05:07:44.330418+00:00,64.4,1,bid,,,6025451
2026-07-16T05:07:44.407871,2026-07-16T05:07:44.417130+00:00,64.2,1,ask,,,6025456
2026-07-16T05:07:46.423017,2026-07-16T05:07:46.427684+00:00,64.2,5,ask,,,6025487
2026-07-16T05:07:46.630019,2026-07-16T05:07:46.638482+00:00,64.4,1,bid,,,6025492
2026-07-16T05:07:47.037861,2026-07-16T05:07:47.049715+00:00,64.3,200,bid,,,6025499
2026-07-16T05:07:47.037861,2026-07-16T05:07:47.049715+00:00,64.3,10,bid,,,6025500
2026-07-16T05:07:48.060844,2026-07-16T05:07:48.064746+00:00,64.3,200,ask,,,6025515
2026-07-16T05:07:48.366964,2026-07-16T05:07:48.369701+00:00,64.3,5,ask,,,6025519
2026-07-16T05:07:48.366964,2026-07-16T05:07:48.380218+00:00,64.2,5,ask,,,6025520
2026-07-16T05:07:48.366964,2026-07-16T05:07:48.380218+00:00,64.2,30,ask,,,6025521
2026-07-16T05:07:48.366964,2026-07-16T05:07:48.380218+00:00,64.1,200,ask,,,6025522
2026-07-16T05:07:48.366964,2026-07-16T05:07:48.380218+00:00,64.1,4,ask,,,6025523
2026-07-16T05:07:48.385080,2026-07-16T05:07:48.390783+00:00,64.1,23,bid,,,6025524
2026-07-16T05:07:48.421255,2026-07-16T05:07:48.433267+00:00,64.1,44,bid,,,6025528
2026-07-16T05:07:48.482972,2026-07-16T05:07:48.485898+00:00,64.1,1,bid,,,6025531
2026-07-16T05:07:49.026317,2026-07-16T05:07:49.036096+00:00,64.1,1,bid,,,6025542
2026-07-16T05:07:49.686294,2026-07-16T05:07:49.697197+00:00,64.1,200,bid,,,6025546
2026-07-16T05:07:49.686294,2026-07-16T05:07:49.697197+00:00,64.1,10,bid,,,6025547
2026-07-16T05:07:49.711025,2026-07-16T05:07:49.718230+00:00,64.1,30,ask,,,6025548
2026-07-16T05:07:50.563343,2026-07-16T05:07:50.575458+00:00,64.1,1,ask,,,6025565
2026-07-16T05:07:51.417165,2026-07-16T05:07:51.428862+00:00,64.1,1,ask,,,6025580
2026-07-16T05:07:51.547662,2026-07-16T05:07:51.555152+00:00,64.1,20,ask,,,6025582
2026-07-16T05:07:52.336236,2026-07-16T05:07:52.343381+00:00,64.2,5,bid,,,6025587
2026-07-16T05:07:52.336236,2026-07-16T05:07:52.343381+00:00,64.2,30,bid,,,6025588
2026-07-16T05:07:52.377346,2026-07-16T05:07:52.385609+00:00,64.2,100,ask,,,6025594
2026-07-16T05:07:52.388965,2026-07-16T05:07:52.396259+00:00,64.2,100,ask,,,6025595
2026-07-16T05:07:52.394045,2026-07-16T05:07:52.406914+00:00,64.2,23,ask,,,6025597
2026-07-16T05:07:52.403167,2026-07-16T05:07:52.406914+00:00,64.2,33,ask,,,6025598
2026-07-16T05:07:53.123838,2026-07-16T05:07:53.134325+00:00,64.2,2,ask,,,6025624
2026-07-16T05:07:53.129515,2026-07-16T05:07:53.134325+00:00,64.2,10,ask,,,6025625
2026-07-16T05:07:53.519506,2026-07-16T05:07:53.524483+00:00,64.3,20,bid,,,6025630
2026-07-16T05:07:53.847793,2026-07-16T05:07:53.861574+00:00,64.3,18,bid,,,6025635
2026-07-16T05:07:53.847793,2026-07-16T05:07:53.861574+00:00,64.3,2,bid,,,6025636
2026-07-16T05:07:54.157586,2026-07-16T05:07:54.166274+00:00,64.3,3,bid,,,6025637
2026-07-16T05:07:54.157586,2026-07-16T05:07:54.166274+00:00,64.3,7,bid,,,6025638
2026-07-16T05:07:54.195535,2026-07-16T05:07:54.198013+00:00,64.3,200,bid,,,6025641
2026-07-16T05:07:54.223791,2026-07-16T05:07:54.229805+00:00,64.1,2,ask,,,6025643
2026-07-16T05:07:54.697336,2026-07-16T05:07:54.703149+00:00,64.1,2,ask,,,6025653
2026-07-16T05:07:55.251769,2026-07-16T05:07:55.259483+00:00,64.1,2,ask,,,6025664
2026-07-16T05:07:55.427080,2026-07-16T05:07:55.438150+00:00,64.3,60,bid,,,6025667
2026-07-16T05:07:55.427080,2026-07-16T05:07:55.438150+00:00,64.3,10,bid,,,6025668
2026-07-16T05:07:55.427080,2026-07-16T05:07:55.438150+00:00,64.3,5,bid,,,6025669
2026-07-16T05:07:55.427080,2026-07-16T05:07:55.438150+00:00,64.3,125,bid,,,6025670
2026-07-16T05:07:56.126384,2026-07-16T05:07:56.130817+00:00,64.1,1,ask,,,6025684
2026-07-16T05:07:56.281427,2026-07-16T05:07:56.289157+00:00,64.3,2,bid,,,6025689
2026-07-16T05:07:56.738842,2026-07-16T05:07:56.743311+00:00,64.3,200,bid,,,6025694
2026-07-16T05:07:56.786647,2026-07-16T05:07:56.796460+00:00,64.3,5,bid,,,6025695
2026-07-16T05:07:58.323377,2026-07-16T05:07:58.333305+00:00,64.2,1,ask,,,6025718
2026-07-16T05:07:59.437517,2026-07-16T05:07:59.449746+00:00,64.3,5,bid,,,6025733
2026-07-16T05:07:59.437517,2026-07-16T05:07:59.449746+00:00,64.3,15,bid,,,6025734
2026-07-16T05:08:00.429739,2026-07-16T05:08:00.440332+00:00,64.3,200,bid,,,6025742
2026-07-16T05:08:00.613727,2026-07-16T05:08:00.618826+00:00,64.2,1,ask,,,6025744
2026-07-16T05:08:01.651784,2026-07-16T05:08:01.661180+00:00,64.3,200,bid,,,6025763
2026-07-16T05:08:01.674484,2026-07-16T05:08:01.682284+00:00,64.4,7,bid,,,6025764
2026-07-16T05:08:01.674484,2026-07-16T05:08:01.682284+00:00,64.4,5,bid,,,6025765
2026-07-16T05:08:01.674484,2026-07-16T05:08:01.682284+00:00,64.4,500,bid,,,6025766
2026-07-16T05:08:01.674484,2026-07-16T05:08:01.692797+00:00,64.4,4,bid,,,6025767
2026-07-16T05:08:01.674484,2026-07-16T05:08:01.692797+00:00,64.5,109,bid,,,6025768
2026-07-16T05:08:02.379070,2026-07-16T05:08:02.388530+00:00,64.2,2,ask,,,6025783
2026-07-16T05:08:02.386334,2026-07-16T05:08:02.388530+00:00,64.2,9,ask,,,6025784
2026-07-16T05:08:02.895001,2026-07-16T05:08:02.903856+00:00,64.3,28,ask,,,6025785
2026-07-16T05:08:02.927085,2026-07-16T05:08:02.935567+00:00,64.3,1,ask,,,6025786
2026-07-16T05:08:03.435524,2026-07-16T05:08:03.442306+00:00,64.3,2,ask,,,6025802
2026-07-16T05:08:04.317199,2026-07-16T05:08:04.326874+00:00,64.4,5,bid,,,6025815
2026-07-16T05:08:04.317199,2026-07-16T05:08:04.326874+00:00,64.4,500,bid,,,6025816
2026-07-16T05:08:04.470682,2026-07-16T05:08:04.485009+00:00,64.4,73,ask,,,6025821
2026-07-16T05:08:04.493616,2026-07-16T05:08:04.506200+00:00,64.4,25,ask,,,6025822
2026-07-16T05:08:04.494093,2026-07-16T05:08:04.506200+00:00,64.4,22,ask,,,6025823
2026-07-16T05:08:04.614514,2026-07-16T05:08:04.627393+00:00,64.4,2,bid,,,6025828
2026-07-16T05:08:04.731075,2026-07-16T05:08:04.743364+00:00,64.3,5,ask,,,6025831
2026-07-16T05:08:04.731075,2026-07-16T05:08:04.743364+00:00,64.3,5,ask,,,6025832
2026-07-16T05:08:05.166105,2026-07-16T05:08:05.173706+00:00,64.3,1,ask,,,6025843
2026-07-16T05:08:05.298783,2026-07-16T05:08:05.310907+00:00,64.4,200,bid,,,6025844
2026-07-16T05:08:05.642641,2026-07-16T05:08:05.649306+00:00,64.3,72,ask,,,6025851
2026-07-16T05:08:05.642641,2026-07-16T05:08:05.649306+00:00,64.3,5,ask,,,6025852
2026-07-16T05:08:05.642641,2026-07-16T05:08:05.659976+00:00,64.3,10,ask,,,6025853
2026-07-16T05:08:05.642641,2026-07-16T05:08:05.659976+00:00,64.3,8,ask,,,6025854
2026-07-16T05:08:05.692990,2026-07-16T05:08:05.702209+00:00,64.3,8,bid,,,6025855
2026-07-16T05:08:05.753531,2026-07-16T05:08:05.765631+00:00,64.2,2,ask,,,6025858
2026-07-16T05:08:05.838111,2026-07-16T05:08:05.850937+00:00,64.2,20,ask,,,6025860
2026-07-16T05:08:06.526905,2026-07-16T05:08:06.531933+00:00,64.3,200,bid,,,6025872
2026-07-16T05:08:06.773853,2026-07-16T05:08:06.784814+00:00,64.3,2,bid,,,6025873
2026-07-16T05:08:07.019300,2026-07-16T05:08:07.027393+00:00,64.3,500,bid,,,6025876
2026-07-16T05:08:07.019300,2026-07-16T05:08:07.027393+00:00,64.4,5,bid,,,6025877
2026-07-16T05:08:07.048871,2026-07-16T05:08:07.059564+00:00,64.4,10,ask,,,6025878
2026-07-16T05:08:07.060549,2026-07-16T05:08:07.070112+00:00,64.4,32,ask,,,6025880
2026-07-16T05:08:07.065083,2026-07-16T05:08:07.070112+00:00,64.4,32,ask,,,6025881
2026-07-16T05:08:07.094916,2026-07-16T05:08:07.101898+00:00,64.5,5,bid,,,6025882
2026-07-16T05:08:07.094916,2026-07-16T05:08:07.101898+00:00,64.5,28,bid,,,6025883
2026-07-16T05:08:07.432638,2026-07-16T05:08:07.439151+00:00,64.4,1,ask,,,6025894
2026-07-16T05:08:07.580798,2026-07-16T05:08:07.591330+00:00,64.4,45,ask,,,6025900
2026-07-16T05:08:07.580798,2026-07-16T05:08:07.591330+00:00,64.4,10,ask,,,6025901
2026-07-16T05:08:07.580798,2026-07-16T05:08:07.591330+00:00,64.3,30,ask,,,6025902
2026-07-16T05:08:07.580798,2026-07-16T05:08:07.591330+00:00,64.3,5,ask,,,6025903
2026-07-16T05:08:07.580798,2026-07-16T05:08:07.601827+00:00,64.3,30,ask,,,6025904
2026-07-16T05:08:07.639160,2026-07-16T05:08:07.644160+00:00,64.3,30,bid,,,6025908
2026-07-16T05:08:07.665140,2026-07-16T05:08:07.675715+00:00,64.3,38,bid,,,6025909
2026-07-16T05:08:07.665567,2026-07-16T05:08:07.675715+00:00,64.3,100,bid,,,6025910
2026-07-16T05:08:07.673647,2026-07-16T05:08:07.686218+00:00,64.3,66,bid,,,6025911
2026-07-16T05:08:07.703543,2026-07-16T05:08:07.707244+00:00,64.3,66,bid,,,6025915
2026-07-16T05:08:07.703973,2026-07-16T05:08:07.717897+00:00,64.3,41,bid,,,6025916
2026-07-16T05:08:07.713636,2026-07-16T05:08:07.717897+00:00,64.2,4,ask,,,6025917
2026-07-16T05:08:07.770236,2026-07-16T05:08:07.781216+00:00,64.3,39,bid,,,6025922
2026-07-16T05:08:07.770236,2026-07-16T05:08:07.781216+00:00,64.3,80,bid,,,6025923
2026-07-16T05:08:07.770236,2026-07-16T05:08:07.781216+00:00,64.4,30,bid,,,6025924
2026-07-16T05:08:07.788867,2026-07-16T05:08:07.791966+00:00,64.4,4,ask,,,6025925
2026-07-16T05:08:07.823008,2026-07-16T05:08:07.834183+00:00,64.5,2,bid,,,6025929
2026-07-16T05:08:07.861574,2026-07-16T05:08:07.865713+00:00,64.4,2,ask,,,6025930
2026-07-16T05:08:08.185091,2026-07-16T05:08:08.192199+00:00,64.4,45,ask,,,6025934
2026-07-16T05:08:08.185091,2026-07-16T05:08:08.192199+00:00,64.4,80,ask,,,6025935
2026-07-16T05:08:08.185091,2026-07-16T05:08:08.202710+00:00,64.3,17,ask,,,6025936
2026-07-16T05:08:08.341168,2026-07-16T05:08:08.350235+00:00,64.2,4,ask,,,6025940
2026-07-16T05:08:08.359231,2026-07-16T05:08:08.371291+00:00,64.2,14,bid,,,6025942
2026-07-16T05:08:08.367323,2026-07-16T05:08:08.371291+00:00,64.2,4,bid,,,6025943
2026-07-16T05:08:08.373552,2026-07-16T05:08:08.381791+00:00,64.2,14,bid,,,6025944
2026-07-16T05:08:08.868104,2026-07-16T05:08:08.879856+00:00,64.2,24,bid,,,6025953
2026-07-16T05:08:08.902204,2026-07-16T05:08:08.911751+00:00,64.2,2,bid,,,6025955
2026-07-16T05:08:08.996287,2026-07-16T05:08:09.007119+00:00,64.2,200,bid,,,6025963
2026-07-16T05:08:09.622563,2026-07-16T05:08:09.629275+00:00,64.2,50,bid,,,6025970
2026-07-16T05:08:09.654785,2026-07-16T05:08:09.661158+00:00,64.2,76,bid,,,6025971
2026-07-16T05:08:09.654785,2026-07-16T05:08:09.661158+00:00,64.2,30,bid,,,6025972
2026-07-16T05:08:09.654785,2026-07-16T05:08:09.661158+00:00,64.2,4,bid,,,6025973
2026-07-16T05:08:09.723335,2026-07-16T05:08:09.735075+00:00,64.2,1,ask,,,6025974
2026-07-16T05:08:09.939638,2026-07-16T05:08:09.945503+00:00,64.3,2,bid,,,6025979
2026-07-16T05:08:10.974806,2026-07-16T05:08:10.976973+00:00,64.2,2,ask,,,6025994
2026-07-16T05:08:11.453829,2026-07-16T05:08:11.462254+00:00,64.3,200,bid,,,6025999
2026-07-16T05:08:12.017322,2026-07-16T05:08:12.021012+00:00,64.2,2,ask,,,6026008
2026-07-16T05:08:12.041876,2026-07-16T05:08:12.052612+00:00,64.2,1,ask,,,6026009
2026-07-16T05:08:12.311812,2026-07-16T05:08:12.315204+00:00,64.3,30,bid,,,6026014
2026-07-16T05:08:12.311812,2026-07-16T05:08:12.325866+00:00,64.3,5,bid,,,6026015
2026-07-16T05:08:12.311812,2026-07-16T05:08:12.325866+00:00,64.3,500,bid,,,6026016
2026-07-16T05:08:12.311812,2026-07-16T05:08:12.325866+00:00,64.3,3,bid,,,6026017
2026-07-16T05:08:12.345227,2026-07-16T05:08:12.357583+00:00,64.3,87,ask,,,6026019
2026-07-16T05:08:12.345227,2026-07-16T05:08:12.357583+00:00,64.3,13,ask,,,6026020
2026-07-16T05:08:12.345602,2026-07-16T05:08:12.357583+00:00,64.3,17,ask,,,6026021
2026-07-16T05:08:12.389811,2026-07-16T05:08:12.399807+00:00,64.1,5,ask,,,6026025
2026-07-16T05:08:12.669711,2026-07-16T05:08:12.674732+00:00,64.2,4,bid,,,6026035
2026-07-16T05:08:13.063886,2026-07-16T05:08:13.074691+00:00,64.3,2,bid,,,6026042
2026-07-16T05:08:13.372501,2026-07-16T05:08:13.379940+00:00,64.3,5,bid,,,6026047
2026-07-16T05:08:14.084157,2026-07-16T05:08:14.095767+00:00,64.3,4,bid,,,6026054
2026-07-16T05:08:14.099708,2026-07-16T05:08:14.106358+00:00,64.3,2,bid,,,6026056
2026-07-16T05:08:15.137688,2026-07-16T05:08:15.140523+00:00,64.3,2,bid,,,6026069
2026-07-16T05:08:15.418021,2026-07-16T05:08:15.426124+00:00,64.3,5,bid,,,6026073
2026-07-16T05:08:16.175335,2026-07-16T05:08:16.185063+00:00,64.3,4,bid,,,6026083
2026-07-16T05:08:16.262668,2026-07-16T05:08:16.269640+00:00,64.3,2,bid,,,6026086
2026-07-16T05:08:16.332227,2026-07-16T05:08:16.343351+00:00,64.2,48,ask,,,6026087
2026-07-16T05:08:16.332227,2026-07-16T05:08:16.343351+00:00,64.2,152,ask,,,6026088
2026-07-16T05:08:16.452817,2026-07-16T05:08:16.459367+00:00,64.3,20,bid,,,6026091
2026-07-16T05:08:17.314512,2026-07-16T05:08:17.321798+00:00,64.3,2,bid,,,6026100
2026-07-16T05:08:17.543972,2026-07-16T05:08:17.552835+00:00,64.3,5,bid,,,6026103
2026-07-16T05:08:17.549570,2026-07-16T05:08:17.563354+00:00,64.3,200,bid,,,6026104
2026-07-16T05:08:18.357463,2026-07-16T05:08:18.368552+00:00,64.4,2,bid,,,6026113
2026-07-16T05:08:18.955980,2026-07-16T05:08:18.958650+00:00,64.3,8,ask,,,6026120
2026-07-16T05:08:19.213151,2026-07-16T05:08:19.222509+00:00,64.3,1,ask,,,6026126
2026-07-16T05:08:19.378240,2026-07-16T05:08:19.390547+00:00,64.4,2,bid,,,6026129
2026-07-16T05:08:19.596786,2026-07-16T05:08:19.601728+00:00,64.3,20,ask,,,6026130
2026-07-16T05:08:19.608104,2026-07-16T05:08:19.612260+00:00,64.3,1,ask,,,6026131
2026-07-16T05:08:19.990479,2026-07-16T05:08:20.000741+00:00,64.3,200,ask,,,6026135
2026-07-16T05:08:20.414545,2026-07-16T05:08:20.421519+00:00,64.3,66,ask,,,6026142
2026-07-16T05:08:20.423223,2026-07-16T05:08:20.432045+00:00,64.3,28,bid,,,6026143
2026-07-16T05:08:20.441225,2026-07-16T05:08:20.453151+00:00,64.3,2,bid,,,6026146
2026-07-16T05:08:20.448128,2026-07-16T05:08:20.453151+00:00,64.3,10,bid,,,6026147
2026-07-16T05:08:20.505253,2026-07-16T05:08:20.516686+00:00,64.3,10,bid,,,6026154
2026-07-16T05:08:20.517875,2026-07-16T05:08:20.527344+00:00,64.3,100,bid,,,6026155
2026-07-16T05:08:20.523532,2026-07-16T05:08:20.527344+00:00,64.3,50,bid,,,6026156
2026-07-16T05:08:20.524096,2026-07-16T05:08:20.537956+00:00,64.3,87,bid,,,6026157
2026-07-16T05:08:20.579950,2026-07-16T05:08:20.590527+00:00,64.2,5,ask,,,6026163
2026-07-16T05:08:20.579950,2026-07-16T05:08:20.590527+00:00,64.2,82,ask,,,6026164
2026-07-16T05:08:21.330050,2026-07-16T05:08:21.338206+00:00,64.3,1,bid,,,6026172
2026-07-16T05:08:21.542979,2026-07-16T05:08:21.549357+00:00,64.3,2,bid,,,6026174
2026-07-16T05:08:21.739219,2026-07-16T05:08:21.750107+00:00,64.3,73,bid,,,6026178
2026-07-16T05:08:21.739219,2026-07-16T05:08:21.750107+00:00,64.3,7,bid,,,6026179
2026-07-16T05:08:21.739219,2026-07-16T05:08:21.750107+00:00,64.4,30,bid,,,6026180
2026-07-16T05:08:21.739219,2026-07-16T05:08:21.750107+00:00,64.4,200,bid,,,6026181
2026-07-16T05:08:21.739219,2026-07-16T05:08:21.760760+00:00,64.4,315,bid,,,6026182
2026-07-16T05:08:22.411790,2026-07-16T05:08:22.417293+00:00,64.4,5,bid,,,6026192
2026-07-16T05:08:22.411790,2026-07-16T05:08:22.417293+00:00,64.4,10,bid,,,6026193
2026-07-16T05:08:22.411790,2026-07-16T05:08:22.427915+00:00,64.4,185,bid,,,6026194
2026-07-16T05:08:22.572819,2026-07-16T05:08:22.585122+00:00,64.4,2,bid,,,6026197
2026-07-16T05:08:23.627131,2026-07-16T05:08:23.638154+00:00,64.3,200,bid,,,6026216
2026-07-16T05:08:23.741150,2026-07-16T05:08:23.743451+00:00,64.2,5,ask,,,6026217
2026-07-16T05:08:24.408046,2026-07-16T05:08:24.416982+00:00,64.3,30,ask,,,6026231
2026-07-16T05:08:24.629098,2026-07-16T05:08:24.638327+00:00,64.4,2,bid,,,6026238
2026-07-16T05:08:24.641078,2026-07-16T05:08:24.648892+00:00,64.4,3,bid,,,6026239
2026-07-16T05:08:24.641078,2026-07-16T05:08:24.648892+00:00,64.4,5,bid,,,6026240
2026-07-16T05:08:24.843369,2026-07-16T05:08:24.850923+00:00,64.3,200,ask,,,6026244
2026-07-16T05:08:25.165976,2026-07-16T05:08:25.170074+00:00,64.3,20,ask,,,6026247
2026-07-16T05:08:25.820076,2026-07-16T05:08:25.830584+00:00,64.3,5,bid,,,6026261
2026-07-16T05:08:26.056578,2026-07-16T05:08:26.059656+00:00,64.2,5,ask,,,6026266
2026-07-16T05:08:26.082134,2026-07-16T05:08:26.099290+00:00,64.2,2,bid,,,6026269
2026-07-16T05:08:26.087551,2026-07-16T05:08:26.099290+00:00,64.2,5,bid,,,6026270
2026-07-16T05:08:26.098859,2026-07-16T05:08:26.109997+00:00,64.2,5,bid,,,6026272
2026-07-16T05:08:27.302729,2026-07-16T05:08:27.310584+00:00,64.1,82,bid,,,6026293
2026-07-16T05:08:27.323968,2026-07-16T05:08:27.331788+00:00,64.1,49,bid,,,6026298
2026-07-16T05:08:28.497236,2026-07-16T05:08:28.499714+00:00,64.1,10,bid,,,6026311
2026-07-16T05:08:28.885438,2026-07-16T05:08:28.889428+00:00,64.1,2,ask,,,6026319
2026-07-16T05:08:29.672653,2026-07-16T05:08:29.684250+00:00,64.2,10,bid,,,6026340
2026-07-16T05:08:29.672653,2026-07-16T05:08:29.684250+00:00,64.2,5,bid,,,6026341
2026-07-16T05:08:29.672653,2026-07-16T05:08:29.684250+00:00,64.2,200,bid,,,6026342
2026-07-16T05:08:29.685547,2026-07-16T05:08:29.694931+00:00,64.2,30,ask,,,6026343
2026-07-16T05:08:29.725833,2026-07-16T05:08:29.737236+00:00,64.2,200,ask,,,6026344
2026-07-16T05:08:29.740458,2026-07-16T05:08:29.747887+00:00,64.2,24,ask,,,6026345
2026-07-16T05:08:30.013377,2026-07-16T05:08:30.021870+00:00,64.2,156,ask,,,6026354
2026-07-16T05:08:30.773963,2026-07-16T05:08:30.784080+00:00,64.1,2,ask,,,6026368
2026-07-16T05:08:30.780246,2026-07-16T05:08:30.784080+00:00,64.1,3,ask,,,6026369
2026-07-16T05:08:31.002143,2026-07-16T05:08:31.005683+00:00,64.1,30,ask,,,6026373
2026-07-16T05:08:31.002143,2026-07-16T05:08:31.023855+00:00,64.1,200,ask,,,6026374
2026-07-16T05:08:31.002143,2026-07-16T05:08:31.023855+00:00,64.1,17,ask,,,6026375
2026-07-16T05:08:31.028961,2026-07-16T05:08:31.034521+00:00,63.9,35,bid,,,6026379
2026-07-16T05:08:31.041436,2026-07-16T05:08:31.045146+00:00,63.9,10,bid,,,6026381
2026-07-16T05:08:31.175654,2026-07-16T05:08:31.182753+00:00,63.9,10,bid,,,6026385
2026-07-16T05:08:31.228064,2026-07-16T05:08:31.236143+00:00,63.8,20,ask,,,6026386
2026-07-16T05:08:31.809110,2026-07-16T05:08:31.814856+00:00,63.9,323,bid,,,6026397
2026-07-16T05:08:31.809110,2026-07-16T05:08:31.814856+00:00,63.9,66,bid,,,6026398
2026-07-16T05:08:31.809110,2026-07-16T05:08:31.825451+00:00,63.9,10,bid,,,6026399
2026-07-16T05:08:31.809110,2026-07-16T05:08:31.825451+00:00,63.9,14,bid,,,6026400
2026-07-16T05:08:31.859380,2026-07-16T05:08:31.867858+00:00,64.0,17,bid,,,6026404
2026-07-16T05:08:31.864254,2026-07-16T05:08:31.867858+00:00,63.9,2,ask,,,6026405
2026-07-16T05:08:31.881632,2026-07-16T05:08:31.888924+00:00,63.9,30,ask,,,6026407
2026-07-16T05:08:32.063365,2026-07-16T05:08:32.067907+00:00,63.9,5,ask,,,6026410
2026-07-16T05:08:32.104233,2026-07-16T05:08:32.110180+00:00,64.0,30,ask,,,6026414
2026-07-16T05:08:32.145536,2026-07-16T05:08:32.152333+00:00,64.1,5,bid,,,6026417
2026-07-16T05:08:32.145536,2026-07-16T05:08:32.152333+00:00,64.1,38,bid,,,6026418
2026-07-16T05:08:32.145536,2026-07-16T05:08:32.152333+00:00,64.2,30,bid,,,6026419
2026-07-16T05:08:32.145536,2026-07-16T05:08:32.162844+00:00,64.3,127,bid,,,6026420
2026-07-16T05:08:32.344332,2026-07-16T05:08:32.353339+00:00,64.1,70,ask,,,6026423
2026-07-16T05:08:32.891711,2026-07-16T05:08:32.903401+00:00,64.1,2,ask,,,6026435
2026-07-16T05:08:33.678794,2026-07-16T05:08:33.685447+00:00,64.2,30,ask,,,6026450
2026-07-16T05:08:33.689201,2026-07-16T05:08:33.696004+00:00,64.2,94,ask,,,6026452
2026-07-16T05:08:33.701866,2026-07-16T05:08:33.706542+00:00,64.2,40,ask,,,6026453
2026-07-16T05:08:33.800445,2026-07-16T05:08:33.812052+00:00,64.2,37,ask,,,6026456
2026-07-16T05:08:33.926414,2026-07-16T05:08:33.928367+00:00,64.2,1,ask,,,6026459
2026-07-16T05:08:34.576909,2026-07-16T05:08:34.582171+00:00,64.2,200,ask,,,6026475
2026-07-16T05:08:34.935759,2026-07-16T05:08:34.941521+00:00,64.2,1,ask,,,6026487
2026-07-16T05:08:34.953129,2026-07-16T05:08:34.962798+00:00,64.2,2,ask,,,6026488
2026-07-16T05:08:34.960352,2026-07-16T05:08:34.962798+00:00,64.2,10,ask,,,6026489
2026-07-16T05:08:34.987244,2026-07-16T05:08:34.994664+00:00,64.2,38,ask,,,6026490
2026-07-16T05:08:34.987244,2026-07-16T05:08:34.994664+00:00,64.2,10,ask,,,6026491
2026-07-16T05:08:34.987244,2026-07-16T05:08:34.994664+00:00,64.2,30,ask,,,6026492
2026-07-16T05:08:34.987244,2026-07-16T05:08:35.005330+00:00,64.1,30,ask,,,6026493
2026-07-16T05:08:34.987244,2026-07-16T05:08:35.005330+00:00,64.1,5,ask,,,6026494
2026-07-16T05:08:34.987244,2026-07-16T05:08:35.005330+00:00,64.0,200,ask,,,6026495
2026-07-16T05:08:35.024944,2026-07-16T05:08:35.026751+00:00,64.0,38,bid,,,6026501
2026-07-16T05:08:35.031925,2026-07-16T05:08:35.037324+00:00,64.0,11,bid,,,6026502
2026-07-16T05:08:35.032302,2026-07-16T05:08:35.047863+00:00,64.0,61,bid,,,6026503
2026-07-16T05:08:35.038883,2026-07-16T05:08:35.047863+00:00,64.0,17,bid,,,6026504
2026-07-16T05:08:35.049206,2026-07-16T05:08:35.058362+00:00,64.0,100,bid,,,6026505
2026-07-16T05:08:35.102476,2026-07-16T05:08:35.111057+00:00,64.0,1,bid,,,6026511
2026-07-16T05:08:35.132071,2026-07-16T05:08:35.142664+00:00,63.9,49,ask,,,6026513
2026-07-16T05:08:35.537955,2026-07-16T05:08:35.544233+00:00,64.0,1,bid,,,6026517
2026-07-16T05:08:35.783802,2026-07-16T05:08:35.786016+00:00,64.0,83,bid,,,6026519
2026-07-16T05:08:35.783802,2026-07-16T05:08:35.796503+00:00,64.0,38,bid,,,6026520
2026-07-16T05:08:35.783802,2026-07-16T05:08:35.796503+00:00,64.1,30,bid,,,6026521
2026-07-16T05:08:35.806963,2026-07-16T05:08:35.817529+00:00,64.1,15,ask,,,6026522
2026-07-16T05:08:35.991957,2026-07-16T05:08:35.997606+00:00,64.1,2,ask,,,6026523
2026-07-16T05:08:35.998833,2026-07-16T05:08:36.008168+00:00,64.1,10,ask,,,6026524
2026-07-16T05:08:36.151184,2026-07-16T05:08:36.155976+00:00,64.1,5,ask,,,6026526
2026-07-16T05:08:36.307473,2026-07-16T05:08:36.317935+00:00,64.2,5,bid,,,6026539
2026-07-16T05:08:36.307473,2026-07-16T05:08:36.317935+00:00,64.3,200,bid,,,6026540
2026-07-16T05:08:36.307473,2026-07-16T05:08:36.317935+00:00,64.3,420,bid,,,6026541
2026-07-16T05:08:36.339691,2026-07-16T05:08:36.350028+00:00,64.1,6,ask,,,6026544
2026-07-16T05:08:37.030864,2026-07-16T05:08:37.034727+00:00,64.2,2,ask,,,6026562
2026-07-16T05:08:37.625445,2026-07-16T05:08:37.636394+00:00,64.2,198,ask,,,6026571
2026-07-16T05:08:37.625445,2026-07-16T05:08:37.636394+00:00,64.2,10,ask,,,6026572
2026-07-16T05:08:37.625445,2026-07-16T05:08:37.636394+00:00,64.1,30,ask,,,6026573
2026-07-16T05:08:37.793548,2026-07-16T05:08:37.805633+00:00,64.1,15,bid,,,6026579
2026-07-16T05:08:37.816163,2026-07-16T05:08:37.826665+00:00,64.1,1,bid,,,6026580
2026-07-16T05:08:37.927534,2026-07-16T05:08:37.932051+00:00,64.1,20,bid,,,6026582
2026-07-16T05:08:38.050478,2026-07-16T05:08:38.058912+00:00,64.1,32,bid,,,6026583
2026-07-16T05:08:38.066000,2026-07-16T05:08:38.069437+00:00,64.1,2,bid,,,6026586
2026-07-16T05:08:38.214013,2026-07-16T05:08:38.216563+00:00,64.1,200,bid,,,6026593
2026-07-16T05:08:38.270931,2026-07-16T05:08:38.279577+00:00,64.1,5,bid,,,6026594
2026-07-16T05:08:38.941871,2026-07-16T05:08:38.952311+00:00,64.1,52,bid,,,6026604
2026-07-16T05:08:38.941871,2026-07-16T05:08:38.952311+00:00,64.1,25,bid,,,6026605
2026-07-16T05:08:38.941871,2026-07-16T05:08:38.952311+00:00,64.2,5,bid,,,6026606
2026-07-16T05:08:38.941871,2026-07-16T05:08:38.963042+00:00,64.3,200,bid,,,6026607
2026-07-16T05:08:38.941871,2026-07-16T05:08:38.963042+00:00,64.3,343,bid,,,6026608
2026-07-16T05:08:39.146414,2026-07-16T05:08:39.153438+00:00,64.1,2,bid,,,6026619
2026-07-16T05:08:40.334258,2026-07-16T05:08:40.338792+00:00,64.2,200,ask,,,6026644
2026-07-16T05:08:40.334258,2026-07-16T05:08:40.338792+00:00,64.2,38,ask,,,6026645
2026-07-16T05:08:40.334258,2026-07-16T05:08:40.356699+00:00,64.2,38,ask,,,6026646
2026-07-16T05:08:40.334258,2026-07-16T05:08:40.356699+00:00,64.1,30,ask,,,6026647
2026-07-16T05:08:40.346640,2026-07-16T05:08:40.356699+00:00,64.0,5,bid,,,6026648
2026-07-16T05:08:40.375326,2026-07-16T05:08:40.377789+00:00,64.0,25,bid,,,6026652
2026-07-16T05:08:40.387819,2026-07-16T05:08:40.399017+00:00,64.0,50,bid,,,6026653
2026-07-16T05:08:40.419407,2026-07-16T05:08:40.430643+00:00,64.0,10,bid,,,6026655
2026-07-16T05:08:40.434220,2026-07-16T05:08:40.441151+00:00,64.0,42,bid,,,6026656
2026-07-16T05:08:40.650638,2026-07-16T05:08:40.661468+00:00,64.0,187,bid,,,6026660
2026-07-16T05:08:40.650638,2026-07-16T05:08:40.661468+00:00,64.1,13,bid,,,6026661
2026-07-16T05:08:41.650024,2026-07-16T05:08:41.652306+00:00,64.2,5,bid,,,6026688
2026-07-16T05:08:41.650024,2026-07-16T05:08:41.662956+00:00,64.2,3,bid,,,6026689
2026-07-16T05:08:41.689316,2026-07-16T05:08:41.694832+00:00,64.2,100,ask,,,6026692
2026-07-16T05:08:41.710111,2026-07-16T05:08:41.716231+00:00,64.2,24,ask,,,6026693
2026-07-16T05:08:41.714288,2026-07-16T05:08:41.716231+00:00,64.2,40,ask,,,6026694
2026-07-16T05:08:41.742060,2026-07-16T05:08:41.747882+00:00,64.3,10,bid,,,6026699
2026-07-16T05:08:41.904304,2026-07-16T05:08:41.916224+00:00,64.2,200,ask,,,6026701
2026-07-16T05:08:42.140432,2026-07-16T05:08:42.147253+00:00,64.2,253,ask,,,6026703
2026-07-16T05:08:42.140432,2026-07-16T05:08:42.147253+00:00,64.2,4,ask,,,6026704
2026-07-16T05:08:42.603647,2026-07-16T05:08:42.612110+00:00,64.2,20,bid,,,6026714
2026-07-16T05:08:44.288907,2026-07-16T05:08:44.297112+00:00,64.1,200,ask,,,6026742
2026-07-16T05:08:44.288907,2026-07-16T05:08:44.297112+00:00,64.1,9,ask,,,6026743
2026-07-16T05:08:44.313571,2026-07-16T05:08:44.318308+00:00,64.1,30,bid,,,6026744
2026-07-16T05:08:44.337495,2026-07-16T05:08:44.350319+00:00,64.1,200,bid,,,6026745
2026-07-16T05:08:44.502002,2026-07-16T05:08:44.508751+00:00,64.1,5,bid,,,6026747
2026-07-16T05:08:44.805684,2026-07-16T05:08:44.813753+00:00,64.1,1,bid,,,6026749
2026-07-16T05:08:45.057036,2026-07-16T05:08:45.066919+00:00,64.1,20,bid,,,6026755
2026-07-16T05:08:45.609958,2026-07-16T05:08:45.614675+00:00,64.1,10,bid,,,6026760
2026-07-16T05:08:45.609958,2026-07-16T05:08:45.625296+00:00,64.2,30,bid,,,6026761
2026-07-16T05:08:45.609958,2026-07-16T05:08:45.625296+00:00,64.2,5,bid,,,6026762
2026-07-16T05:08:45.609958,2026-07-16T05:08:45.625296+00:00,64.2,30,bid,,,6026763
2026-07-16T05:08:45.609958,2026-07-16T05:08:45.625296+00:00,64.2,200,bid,,,6026764
2026-07-16T05:08:45.609958,2026-07-16T05:08:45.625296+00:00,64.3,350,bid,,,6026765
2026-07-16T05:08:45.855424,2026-07-16T05:08:45.868733+00:00,64.1,10,ask,,,6026771
2026-07-16T05:08:46.687721,2026-07-16T05:08:46.691757+00:00,64.1,5,ask,,,6026779
2026-07-16T05:08:46.995413,2026-07-16T05:08:46.998533+00:00,64.2,200,bid,,,6026782
2026-07-16T05:08:46.995413,2026-07-16T05:08:47.056743+00:00,64.3,25,bid,,,6026783
2026-07-16T05:08:46.995413,2026-07-16T05:08:47.056743+00:00,64.3,5,bid,,,6026784
2026-07-16T05:08:47.004172,2026-07-16T05:08:47.056743+00:00,64.3,20,ask,,,6026785
2026-07-16T05:08:47.013472,2026-07-16T05:08:47.056743+00:00,64.3,99,ask,,,6026786
2026-07-16T05:08:47.037608,2026-07-16T05:08:47.056743+00:00,64.3,10,ask,,,6026789
2026-07-16T05:08:47.071288,2026-07-16T05:08:47.088921+00:00,64.3,25,ask,,,6026794
2026-07-16T05:08:47.113642,2026-07-16T05:08:47.120712+00:00,64.3,100,ask,,,6026799
2026-07-16T05:08:47.122935,2026-07-16T05:08:47.131277+00:00,64.3,5,ask,,,6026800
2026-07-16T05:08:47.148758,2026-07-16T05:08:47.152406+00:00,64.3,5,ask,,,6026803
2026-07-16T05:08:47.173336,2026-07-16T05:08:47.183966+00:00,64.3,5,ask,,,6026805
2026-07-16T05:08:47.413144,2026-07-16T05:08:47.416211+00:00,64.4,1,bid,,,6026810
2026-07-16T05:08:47.554813,2026-07-16T05:08:47.620561+00:00,64.3,126,ask,,,6026811
2026-07-16T05:08:47.554813,2026-07-16T05:08:47.620561+00:00,64.3,60,ask,,,6026812
2026-07-16T05:08:47.554813,2026-07-16T05:08:47.620561+00:00,64.3,20,ask,,,6026813
2026-07-16T05:08:47.600187,2026-07-16T05:08:47.620561+00:00,64.3,4,bid,,,6026816
2026-07-16T05:08:47.797827,2026-07-16T05:08:47.801145+00:00,64.3,10,bid,,,6026821
2026-07-16T05:08:47.929402,2026-07-16T05:08:47.935934+00:00,64.2,5,bid,,,6026825
2026-07-16T05:08:47.979967,2026-07-16T05:08:47.988671+00:00,64.1,10,ask,,,6026830
2026-07-16T05:08:48.653584,2026-07-16T05:08:48.664450+00:00,64.1,5,bid,,,6026842
2026-07-16T05:08:49.620105,2026-07-16T05:08:49.632264+00:00,64.1,1,bid,,,6026855
2026-07-16T05:08:49.658024,2026-07-16T05:08:49.663789+00:00,64.0,5,ask,,,6026856
2026-07-16T05:08:49.702503,2026-07-16T05:08:49.706034+00:00,64.0,100,bid,,,6026861
2026-07-16T05:08:49.708157,2026-07-16T05:08:49.727118+00:00,64.0,42,bid,,,6026863
2026-07-16T05:08:49.723828,2026-07-16T05:08:49.727118+00:00,64.0,50,bid,,,6026864
2026-07-16T05:08:49.769877,2026-07-16T05:08:49.779581+00:00,64.0,91,bid,,,6026867
2026-07-16T05:08:50.710741,2026-07-16T05:08:50.716569+00:00,63.9,5,ask,,,6026883
2026-07-16T05:08:50.976395,2026-07-16T05:08:50.979837+00:00,64.0,9,bid,,,6026890
2026-07-16T05:08:50.976395,2026-07-16T05:08:50.990426+00:00,64.0,10,bid,,,6026891
2026-07-16T05:08:50.976395,2026-07-16T05:08:50.990426+00:00,64.1,200,bid,,,6026892
2026-07-16T05:08:50.976395,2026-07-16T05:08:50.990426+00:00,64.1,5,bid,,,6026893
2026-07-16T05:08:50.998704,2026-07-16T05:08:51.001100+00:00,64.1,100,ask,,,6026895
2026-07-16T05:08:51.007993,2026-07-16T05:08:51.011656+00:00,64.1,10,ask,,,6026896
2026-07-16T05:08:51.030592,2026-07-16T05:08:51.032818+00:00,64.1,9,ask,,,6026901
2026-07-16T05:08:51.045641,2026-07-16T05:08:51.053921+00:00,64.1,60,ask,,,6026902
2026-07-16T05:08:51.348571,2026-07-16T05:08:51.359538+00:00,64.2,10,bid,,,6026909
2026-07-16T05:08:51.354442,2026-07-16T05:08:51.359538+00:00,64.1,2,ask,,,6026910
