timestamp,recv_time,price,volume,aggressor_side,buyer,seller,trade_id
2026-07-09T01:00:00.604809,2026-07-09T01:00:00.615951+00:00,132.1,200,bid,WavyWalnuts,YieldingYams,12899058
2026-07-09T01:00:01.834634,2026-07-09T01:00:01.839076+00:00,132.0,11,bid,Xuanyu Liu,WavyWalnuts,12899074
2026-07-09T01:00:06.550900,2026-07-09T01:00:06.557414+00:00,131.9,20,ask,WavyWalnuts,BrilliantBurritos,12899142
2026-07-09T01:00:07.863683,2026-07-09T01:00:07.872838+00:00,131.9,200,ask,YieldingYams,WavyWalnuts,12899160
2026-07-09T01:00:11.704619,2026-07-09T01:00:11.712472+00:00,131.8,20,ask,YieldingYams,BrilliantBurritos,12899213
2026-07-09T01:00:12.136034,2026-07-09T01:00:12.140428+00:00,132.1,3,bid,Xuanyu Liu,WavyWalnuts,12899222
2026-07-09T01:00:13.400467,2026-07-09T01:00:13.410178+00:00,131.9,20,ask,WavyWalnuts,BrilliantBurritos,12899248
2026-07-09T01:00:16.044188,2026-07-09T01:00:16.052974+00:00,132.0,200,ask,WavyWalnuts,YieldingYams,12899281
2026-07-09T01:00:16.126297,2026-07-09T01:00:16.138248+00:00,132.0,10,bid,Matthew Hanna,YieldingYams,12899282
2026-07-09T01:00:16.338342,2026-07-09T01:00:16.350536+00:00,132.0,10,bid,Matthew Hanna,YieldingYams,12899286
2026-07-09T01:00:16.361107,2026-07-09T01:00:16.371366+00:00,132.0,200,bid,WavyWalnuts,YieldingYams,12899288
2026-07-09T01:00:16.550714,2026-07-09T01:00:16.558569+00:00,132.0,5,bid,Matthew Hanna,YieldingYams,12899289
2026-07-09T01:00:17.578567,2026-07-09T01:00:17.590155+00:00,132.0,200,ask,YieldingYams,WavyWalnuts,12899299
2026-07-09T01:00:18.362372,2026-07-09T01:00:18.371328+00:00,132.0,425,ask,YieldingYams,AverageAlmonds,12899306
2026-07-09T01:00:18.672832,2026-07-09T01:00:18.681557+00:00,131.8,200,ask,WavyWalnuts,YieldingYams,12899313
2026-07-09T01:00:18.783808,2026-07-09T01:00:18.793715+00:00,131.7,200,bid,WavyWalnuts,YieldingYams,12899314
2026-07-09T01:00:19.998709,2026-07-09T01:00:20.007084+00:00,131.8,200,ask,YieldingYams,WavyWalnuts,12899347
2026-07-09T01:00:25.826061,2026-07-09T01:00:25.838331+00:00,131.3,20,ask,WavyWalnuts,BrilliantBurritos,12899419
2026-07-09T01:00:29.683196,2026-07-09T01:00:29.690020+00:00,131.4,200,ask,YieldingYams,WavyWalnuts,12899464
2026-07-09T01:00:31.809687,2026-07-09T01:00:31.819455+00:00,131.4,200,ask,WavyWalnuts,YieldingYams,12899501
2026-07-09T01:00:34.481340,2026-07-09T01:00:34.490376+00:00,131.4,20,bid,BrilliantBurritos,WavyWalnuts,12899535
2026-07-09T01:00:39.362753,2026-07-09T01:00:39.372487+00:00,131.4,200,bid,WavyWalnuts,YieldingYams,12899598
2026-07-09T01:00:40.167505,2026-07-09T01:00:40.174310+00:00,131.6,20,bid,BrilliantBurritos,AverageAlmonds,12899615
2026-07-09T01:00:41.787346,2026-07-09T01:00:41.792358+00:00,131.5,200,ask,YieldingYams,WavyWalnuts,12899632
2026-07-09T01:00:42.140570,2026-07-09T01:00:42.158642+00:00,131.5,20,ask,YieldingYams,BrilliantBurritos,12899638
2026-07-09T01:00:43.000749,2026-07-09T01:00:43.008723+00:00,131.5,200,ask,YieldingYams,WavyWalnuts,12899653
2026-07-09T01:00:46.634745,2026-07-09T01:00:46.642375+00:00,131.4,200,ask,YieldingYams,WavyWalnuts,12899708
2026-07-09T01:00:50.278672,2026-07-09T01:00:50.286051+00:00,131.5,200,bid,WavyWalnuts,YieldingYams,12899771
2026-07-09T01:00:52.780412,2026-07-09T01:00:52.787360+00:00,131.4,20,ask,YieldingYams,BrilliantBurritos,12899798
2026-07-09T01:00:53.328258,2026-07-09T01:00:53.332354+00:00,131.4,3,ask,YieldingYams,Xuanyu Liu,12899804
2026-07-09T01:00:53.429422,2026-07-09T01:00:53.441654+00:00,131.4,10,ask,YieldingYams,Matthew Hanna,12899805
2026-07-09T01:00:53.640592,2026-07-09T01:00:53.651287+00:00,131.4,10,ask,YieldingYams,Matthew Hanna,12899809
2026-07-09T01:00:53.852911,2026-07-09T01:00:53.858556+00:00,131.4,5,ask,YieldingYams,Matthew Hanna,12899815
2026-07-09T01:00:56.216783,2026-07-09T01:00:56.229030+00:00,131.5,20,bid,BrilliantBurritos,WavyWalnuts,12899847
2026-07-09T01:00:58.061829,2026-07-09T01:00:58.069987+00:00,131.4,200,ask,WavyWalnuts,YieldingYams,12899891
2026-07-09T01:00:58.767233,2026-07-09T01:00:58.776928+00:00,131.4,200,bid,WavyWalnuts,YieldingYams,12899901
2026-07-09T01:01:00.373317,2026-07-09T01:01:00.383230+00:00,131.3,20,ask,YieldingYams,BrilliantBurritos,12899923
2026-07-09T01:01:09.655779,2026-07-09T01:01:09.658216+00:00,131.5,200,bid,WavyWalnuts,AverageAlmonds,12900051
2026-07-09T01:01:12.297028,2026-07-09T01:01:12.314671+00:00,131.4,10,ask,YieldingYams,Matthew Hanna,12900093
2026-07-09T01:01:12.310227,2026-07-09T01:01:12.314671+00:00,131.4,34,ask,YieldingYams,Xuanyu Liu,12900096
2026-07-09T01:01:12.501426,2026-07-09T01:01:12.512813+00:00,131.4,200,ask,WavyWalnuts,YieldingYams,12900100
2026-07-09T01:01:13.277591,2026-07-09T01:01:13.285088+00:00,131.4,200,bid,WavyWalnuts,YieldingYams,12900109
2026-07-09T01:01:13.810314,2026-07-09T01:01:13.817143+00:00,131.4,500,bid,YieldingYams,AverageAlmonds,12900115
2026-07-09T01:01:14.076506,2026-07-09T01:01:14.083218+00:00,131.5,125,ask,YieldingYams,AverageAlmonds,12900117
2026-07-09T01:01:16.840934,2026-07-09T01:01:16.844944+00:00,131.4,23,bid,Xuanyu Liu,AverageAlmonds,12900158
2026-07-09T01:01:16.901988,2026-07-09T01:01:16.911481+00:00,131.4,200,bid,WavyWalnuts,AverageAlmonds,12900159
2026-07-09T01:01:17.793755,2026-07-09T01:01:17.798080+00:00,131.3,11,bid,Xuanyu Liu,YieldingYams,12900178
2026-07-09T01:01:18.110970,2026-07-09T01:01:18.121461+00:00,131.3,200,bid,WavyWalnuts,YieldingYams,12900185
2026-07-09T01:01:19.354803,2026-07-09T01:01:19.366434+00:00,131.3,20,ask,YieldingYams,BrilliantBurritos,12900208
2026-07-09T01:01:21.719783,2026-07-09T01:01:21.731304+00:00,131.3,200,ask,WavyWalnuts,YieldingYams,12900239
2026-07-09T01:01:29.022754,2026-07-09T01:01:29.032548+00:00,131.4,200,bid,WavyWalnuts,YieldingYams,12900339
2026-07-09T01:01:29.114002,2026-07-09T01:01:29.125989+00:00,131.4,20,bid,BrilliantBurritos,YieldingYams,12900342
2026-07-09T01:01:30.232704,2026-07-09T01:01:30.240295+00:00,131.3,200,ask,YieldingYams,WavyWalnuts,12900358
2026-07-09T01:01:32.204372,2026-07-09T01:01:32.213323+00:00,131.3,200,ask,WavyWalnuts,YieldingYams,12900390
2026-07-09T01:01:37.491612,2026-07-09T01:01:37.500116+00:00,131.2,200,ask,YieldingYams,WavyWalnuts,12900441
2026-07-09T01:01:38.790818,2026-07-09T01:01:38.794884+00:00,131.2,3,bid,Xuanyu Liu,YieldingYams,12900453
2026-07-09T01:01:38.954742,2026-07-09T01:01:38.961977+00:00,131.2,10,bid,Matthew Hanna,YieldingYams,12900456
2026-07-09T01:01:41.389136,2026-07-09T01:01:41.397248+00:00,131.2,200,bid,YieldingYams,WavyWalnuts,12900488
2026-07-09T01:01:43.536123,2026-07-09T01:01:43.544243+00:00,131.1,200,ask,YieldingYams,WavyWalnuts,12900520
2026-07-09T01:01:44.777850,2026-07-09T01:01:44.784741+00:00,131.1,10,bid,Matthew Hanna,WavyWalnuts,12900528
2026-07-09T01:01:44.992813,2026-07-09T01:01:45.007437+00:00,131.1,10,bid,Matthew Hanna,WavyWalnuts,12900537
2026-07-09T01:01:45.205701,2026-07-09T01:01:45.218022+00:00,131.1,5,bid,Matthew Hanna,WavyWalnuts,12900544
2026-07-09T01:01:52.717319,2026-07-09T01:01:52.729337+00:00,131.1,20,ask,YieldingYams,BrilliantBurritos,12900633
2026-07-09T01:01:54.570612,2026-07-09T01:01:54.581043+00:00,131.1,20,ask,AverageAlmonds,BrilliantBurritos,12900664
2026-07-09T01:01:59.294914,2026-07-09T01:01:59.302304+00:00,131.3,200,bid,WavyWalnuts,YieldingYams,12900736
2026-07-09T01:02:01.721640,2026-07-09T01:02:01.732028+00:00,131.2,200,ask,YieldingYams,WavyWalnuts,12900781
2026-07-09T01:02:02.431159,2026-07-09T01:02:02.435688+00:00,131.2,3,bid,Xuanyu Liu,YieldingYams,12900789
2026-07-09T01:02:02.451503,2026-07-09T01:02:02.461558+00:00,131.2,10,bid,Matthew Hanna,YieldingYams,12900790
2026-07-09T01:02:02.665648,2026-07-09T01:02:02.677923+00:00,131.2,10,bid,Matthew Hanna,YieldingYams,12900796
2026-07-09T01:02:04.946859,2026-07-09T01:02:04.952751+00:00,131.2,500,bid,AverageAlmonds,YieldingYams,12900822
2026-07-09T01:02:05.060264,2026-07-09T01:02:05.067582+00:00,131.2,200,bid,YieldingYams,WavyWalnuts,12900824
2026-07-09T01:02:05.359804,2026-07-09T01:02:05.369127+00:00,131.2,200,ask,YieldingYams,WavyWalnuts,12900831
2026-07-09T01:02:06.570523,2026-07-09T01:02:06.577938+00:00,131.2,200,bid,WavyWalnuts,YieldingYams,12900843
2026-07-09T01:02:07.693247,2026-07-09T01:02:07.704877+00:00,131.1,20,bid,BrilliantBurritos,YieldingYams,12900865
2026-07-09T01:02:07.783253,2026-07-09T01:02:07.794084+00:00,131.1,200,bid,WavyWalnuts,YieldingYams,12900867
2026-07-09T01:02:09.002356,2026-07-09T01:02:09.012470+00:00,131.2,200,ask,WavyWalnuts,YieldingYams,12900886
2026-07-09T01:02:10.337595,2026-07-09T01:02:10.342558+00:00,131.1,3,ask,YieldingYams,Xuanyu Liu,12900906
2026-07-09T01:02:11.421000,2026-07-09T01:02:11.427927+00:00,131.1,200,ask,YieldingYams,WavyWalnuts,12900923
2026-07-09T01:02:12.391528,2026-07-09T01:02:12.396414+00:00,131.0,3,bid,Xuanyu Liu,YieldingYams,12900932
2026-07-09T01:02:12.493978,2026-07-09T01:02:12.505965+00:00,131.0,5,bid,Matthew Hanna,YieldingYams,12900934
2026-07-09T01:02:12.630424,2026-07-09T01:02:12.637575+00:00,131.0,200,bid,WavyWalnuts,YieldingYams,12900936
2026-07-09T01:02:16.410492,2026-07-09T01:02:16.420973+00:00,131.1,20,bid,BrilliantBurritos,YieldingYams,12900983
2026-07-09T01:02:17.479579,2026-07-09T01:02:17.488643+00:00,131.1,200,bid,WavyWalnuts,YieldingYams,12901007
2026-07-09T01:02:18.441738,2026-07-09T01:02:18.464036+00:00,131.3,20,bid,BrilliantBurritos,WavyWalnuts,12901026
2026-07-09T01:02:20.832533,2026-07-09T01:02:20.839090+00:00,130.9,200,ask,WavyWalnuts,YieldingYams,12901049
2026-07-09T01:02:21.116322,2026-07-09T01:02:21.123015+00:00,130.9,200,bid,WavyWalnuts,YieldingYams,12901051
2026-07-09T01:02:22.332304,2026-07-09T01:02:22.341377+00:00,130.9,200,ask,YieldingYams,WavyWalnuts,12901061
2026-07-09T01:02:27.176838,2026-07-09T01:02:27.183800+00:00,130.9,200,ask,YieldingYams,WavyWalnuts,12901120
2026-07-09T01:02:30.824860,2026-07-09T01:02:30.828655+00:00,130.8,11,bid,Xuanyu Liu,WavyWalnuts,12901167
2026-07-09T01:02:31.330086,2026-07-09T01:02:31.340072+00:00,130.6,200,ask,WavyWalnuts,YieldingYams,12901172
2026-07-09T01:02:31.347366,2026-07-09T01:02:31.351419+00:00,130.6,23,bid,Xuanyu Liu,YieldingYams,12901174
2026-07-09T01:02:31.458450,2026-07-09T01:02:31.470144+00:00,130.6,10,bid,Matthew Hanna,YieldingYams,12901176
2026-07-09T01:02:31.674897,2026-07-09T01:02:31.683149+00:00,130.6,6,bid,Matthew Hanna,YieldingYams,12901182
2026-07-09T01:02:32.019340,2026-07-09T01:02:32.030627+00:00,130.6,200,bid,WavyWalnuts,YieldingYams,12901190
2026-07-09T01:02:33.232590,2026-07-09T01:02:33.239727+00:00,130.6,200,ask,YieldingYams,WavyWalnuts,12901205
2026-07-09T01:02:34.633679,2026-07-09T01:02:34.638791+00:00,130.5,37,ask,AverageAlmonds,Xuanyu Liu,12901230
2026-07-09T01:02:34.691525,2026-07-09T01:02:34.703764+00:00,130.5,10,ask,AverageAlmonds,Matthew Hanna,12901231
2026-07-09T01:02:34.901543,2026-07-09T01:02:34.913364+00:00,130.5,3,ask,AverageAlmonds,Matthew Hanna,12901236
2026-07-09T01:02:38.072608,2026-07-09T01:02:38.082427+00:00,130.7,200,ask,YieldingYams,WavyWalnuts,12901282
2026-07-09T01:02:40.633932,2026-07-09T01:02:40.645562+00:00,130.5,20,ask,AverageAlmonds,BrilliantBurritos,12901310
2026-07-09T01:02:41.846845,2026-07-09T01:02:41.854340+00:00,130.6,500,ask,AverageAlmonds,YieldingYams,12901323
2026-07-09T01:02:41.865380,2026-07-09T01:02:41.874074+00:00,130.6,125,bid,AverageAlmonds,YieldingYams,12901324
2026-07-09T01:02:43.154018,2026-07-09T01:02:43.163751+00:00,130.6,200,bid,YieldingYams,WavyWalnuts,12901347
2026-07-09T01:02:43.325343,2026-07-09T01:02:43.337141+00:00,130.8,3,ask,YieldingYams,Matthew Hanna,12901351
2026-07-09T01:02:43.428859,2026-07-09T01:02:43.438665+00:00,131.0,20,bid,BrilliantBurritos,YieldingYams,12901354
2026-07-09T01:02:44.147020,2026-07-09T01:02:44.148490+00:00,130.8,200,ask,YieldingYams,WavyWalnuts,12901361
2026-07-09T01:02:47.288806,2026-07-09T01:02:47.292721+00:00,130.7,3,ask,WavyWalnuts,Xuanyu Liu,12901411
2026-07-09T01:02:47.343741,2026-07-09T01:02:47.351997+00:00,130.7,10,ask,WavyWalnuts,Matthew Hanna,12901412
2026-07-09T01:02:47.553962,2026-07-09T01:02:47.566065+00:00,130.7,10,ask,WavyWalnuts,Matthew Hanna,12901416
2026-07-09T01:02:47.766262,2026-07-09T01:02:47.778214+00:00,130.7,10,ask,YieldingYams,Matthew Hanna,12901418
2026-07-09T01:02:47.977155,2026-07-09T01:02:47.988890+00:00,130.7,10,ask,WavyWalnuts,Matthew Hanna,12901423
2026-07-09T01:02:48.191152,2026-07-09T01:02:48.200691+00:00,130.7,10,ask,YieldingYams,Matthew Hanna,12901428
2026-07-09T01:02:48.421206,2026-07-09T01:02:48.429720+00:00,130.9,200,bid,YieldingYams,WavyWalnuts,12901431
2026-07-09T01:02:48.443656,2026-07-09T01:02:48.449291+00:00,130.9,23,ask,YieldingYams,Xuanyu Liu,12901433
2026-07-09T01:02:48.602947,2026-07-09T01:02:48.614068+00:00,130.9,10,ask,YieldingYams,Matthew Hanna,12901435
2026-07-09T01:02:50.400885,2026-07-09T01:02:50.404442+00:00,131.0,12,bid,Xuanyu Liu,YieldingYams,12901457
2026-07-09T01:02:51.067363,2026-07-09T01:02:51.071081+00:00,130.9,11,bid,Xuanyu Liu,YieldingYams,12901468
2026-07-09T01:02:51.379614,2026-07-09T01:02:51.391450+00:00,130.8,20,ask,WavyWalnuts,BrilliantBurritos,12901474
2026-07-09T01:02:52.364078,2026-07-09T01:02:52.374389+00:00,130.8,200,ask,WavyWalnuts,YieldingYams,12901485
2026-07-09T01:02:52.622392,2026-07-09T01:02:52.632089+00:00,130.8,200,bid,WavyWalnuts,YieldingYams,12901488
2026-07-09T01:02:53.687796,2026-07-09T01:02:53.691332+00:00,130.8,23,ask,YieldingYams,Xuanyu Liu,12901507
2026-07-09T01:02:53.821559,2026-07-09T01:02:53.833295+00:00,130.8,10,ask,YieldingYams,Matthew Hanna,12901510
2026-07-09T01:02:54.031317,2026-07-09T01:02:54.042872+00:00,130.8,5,ask,YieldingYams,Matthew Hanna,12901515
2026-07-09T01:02:55.239327,2026-07-09T01:02:55.249111+00:00,130.8,20,ask,YieldingYams,BrilliantBurritos,12901536
2026-07-09T01:02:56.265958,2026-07-09T01:02:56.276308+00:00,130.8,200,ask,YieldingYams,WavyWalnuts,12901547
2026-07-09T01:02:56.737401,2026-07-09T01:02:56.741845+00:00,130.9,12,bid,Xuanyu Liu,YieldingYams,12901555
2026-07-09T01:02:57.477420,2026-07-09T01:02:57.485558+00:00,130.8,200,ask,AverageAlmonds,WavyWalnuts,12901569
2026-07-09T01:02:57.633904,2026-07-09T01:02:57.664402+00:00,130.9,500,bid,AverageAlmonds,YieldingYams,12901574
2026-07-09T01:02:57.729386,2026-07-09T01:02:57.741202+00:00,131.0,20,ask,YieldingYams,BrilliantBurritos,12901581
2026-07-09T01:02:58.688968,2026-07-09T01:02:58.698326+00:00,131.0,200,ask,YieldingYams,WavyWalnuts,12901586
2026-07-09T01:02:58.975317,2026-07-09T01:02:58.995954+00:00,131.0,500,ask,AverageAlmonds,YieldingYams,12901592
2026-07-09T01:02:58.991773,2026-07-09T01:02:58.995954+00:00,130.9,11,bid,Xuanyu Liu,YieldingYams,12901594
2026-07-09T01:02:59.428083,2026-07-09T01:02:59.436419+00:00,130.9,114,bid,AverageAlmonds,YieldingYams,12901597
2026-07-09T01:02:59.917827,2026-07-09T01:02:59.921622+00:00,131.1,3,bid,Xuanyu Liu,WavyWalnuts,12901609
2026-07-09T01:03:00.053503,2026-07-09T01:03:00.069030+00:00,131.1,10,bid,Matthew Hanna,WavyWalnuts,12901610
2026-07-09T01:03:00.272867,2026-07-09T01:03:00.283848+00:00,131.1,10,bid,Matthew Hanna,WavyWalnuts,12901614
2026-07-09T01:03:00.290007,2026-07-09T01:03:00.299251+00:00,131.1,177,bid,YieldingYams,WavyWalnuts,12901616
2026-07-09T01:03:01.114142,2026-07-09T01:03:01.121409+00:00,131.1,200,ask,YieldingYams,WavyWalnuts,12901624
2026-07-09T01:03:01.608301,2026-07-09T01:03:01.617048+00:00,131.0,500,ask,AverageAlmonds,YieldingYams,12901628
2026-07-09T01:03:01.690598,2026-07-09T01:03:01.699791+00:00,131.0,10,bid,Matthew Hanna,YieldingYams,12901631
2026-07-09T01:03:01.868988,2026-07-09T01:03:01.877417+00:00,131.0,115,bid,AverageAlmonds,YieldingYams,12901639
2026-07-09T01:03:03.715212,2026-07-09T01:03:03.723015+00:00,131.1,20,ask,YieldingYams,BrilliantBurritos,12901664
2026-07-09T01:03:04.229923,2026-07-09T01:03:04.239053+00:00,131.2,200,bid,YieldingYams,WavyWalnuts,12901667
2026-07-09T01:03:04.748945,2026-07-09T01:03:04.759055+00:00,131.2,200,ask,YieldingYams,WavyWalnuts,12901679
2026-07-09T01:03:05.551072,2026-07-09T01:03:05.557556+00:00,131.1,500,ask,AverageAlmonds,YieldingYams,12901684
2026-07-09T01:03:06.089127,2026-07-09T01:03:06.098859+00:00,131.1,125,bid,AverageAlmonds,YieldingYams,12901696
2026-07-09T01:03:06.089127,2026-07-09T01:03:06.098859+00:00,131.1,200,bid,AverageAlmonds,WavyWalnuts,12901697
2026-07-09T01:03:07.172788,2026-07-09T01:03:07.180465+00:00,131.3,200,ask,YieldingYams,WavyWalnuts,12901719
2026-07-09T01:03:08.131593,2026-07-09T01:03:08.143363+00:00,131.6,20,bid,BrilliantBurritos,YieldingYams,12901732
2026-07-09T01:03:08.382586,2026-07-09T01:03:08.394024+00:00,131.3,200,ask,YieldingYams,WavyWalnuts,12901736
2026-07-09T01:03:08.550685,2026-07-09T01:03:08.558596+00:00,131.5,20,bid,BrilliantBurritos,YieldingYams,12901737
2026-07-09T01:03:09.744917,2026-07-09T01:03:09.758612+00:00,131.2,200,bid,AverageAlmonds,WavyWalnuts,12901750
2026-07-09T01:03:12.107299,2026-07-09T01:03:12.117547+00:00,131.1,500,ask,AverageAlmonds,YieldingYams,12901780
2026-07-09T01:03:12.107299,2026-07-09T01:03:12.117547+00:00,131.1,125,ask,WavyWalnuts,YieldingYams,12901781
2026-07-09T01:03:12.756525,2026-07-09T01:03:12.756193+00:00,131.3,200,bid,AverageAlmonds,WavyWalnuts,12901788
2026-07-09T01:03:13.227040,2026-07-09T01:03:13.237683+00:00,131.3,200,ask,AverageAlmonds,WavyWalnuts,12901791
2026-07-09T01:03:13.449034,2026-07-09T01:03:13.456141+00:00,131.4,20,bid,BrilliantBurritos,YieldingYams,12901797
2026-07-09T01:03:15.582228,2026-07-09T01:03:15.594791+00:00,131.5,20,bid,BrilliantBurritos,WavyWalnuts,12901826
2026-07-09T01:03:17.357717,2026-07-09T01:03:17.369520+00:00,131.5,200,ask,WavyWalnuts,YieldingYams,12901857
2026-07-09T01:03:18.082562,2026-07-09T01:03:18.089569+00:00,131.5,200,bid,WavyWalnuts,YieldingYams,12901860
2026-07-09T01:03:18.930348,2026-07-09T01:03:18.942348+00:00,131.6,10,bid,Matthew Hanna,YieldingYams,12901873
2026-07-09T01:03:19.142351,2026-07-09T01:03:19.158563+00:00,131.6,10,bid,Matthew Hanna,YieldingYams,12901878
2026-07-09T01:03:20.063175,2026-07-09T01:03:20.069049+00:00,131.6,20,bid,BrilliantBurritos,YieldingYams,12901885
2026-07-09T01:03:21.366747,2026-07-09T01:03:21.378669+00:00,131.4,20,ask,WavyWalnuts,BrilliantBurritos,12901910
2026-07-09T01:03:22.213941,2026-07-09T01:03:22.225621+00:00,131.6,20,bid,BrilliantBurritos,YieldingYams,12901917
2026-07-09T01:03:22.614712,2026-07-09T01:03:22.621465+00:00,131.5,200,ask,WavyWalnuts,YieldingYams,12901924
2026-07-09T01:03:23.515810,2026-07-09T01:03:23.520178+00:00,131.5,3,bid,Xuanyu Liu,YieldingYams,12901949
2026-07-09T01:03:23.562690,2026-07-09T01:03:23.571832+00:00,131.5,10,bid,Matthew Hanna,YieldingYams,12901951
2026-07-09T01:03:23.772016,2026-07-09T01:03:23.783924+00:00,131.5,10,bid,Matthew Hanna,YieldingYams,12901957
2026-07-09T01:03:25.349124,2026-07-09T01:03:25.355929+00:00,131.5,200,ask,YieldingYams,WavyWalnuts,12901986
2026-07-09T01:03:26.577990,2026-07-09T01:03:26.584838+00:00,131.5,200,bid,YieldingYams,WavyWalnuts,12901996
2026-07-09T01:03:28.392501,2026-07-09T01:03:28.411401+00:00,131.7,10,bid,Matthew Hanna,YieldingYams,12902023
2026-07-09T01:03:28.407049,2026-07-09T01:03:28.411401+00:00,131.7,34,bid,Xuanyu Liu,YieldingYams,12902026
2026-07-09T01:03:28.608805,2026-07-09T01:03:28.620754+00:00,131.7,10,bid,Matthew Hanna,YieldingYams,12902028
2026-07-09T01:03:28.823253,2026-07-09T01:03:28.835299+00:00,131.7,10,bid,Matthew Hanna,YieldingYams,12902033
2026-07-09T01:03:29.001680,2026-07-09T01:03:29.005748+00:00,131.6,12,bid,Xuanyu Liu,WavyWalnuts,12902041
2026-07-09T01:03:29.034864,2026-07-09T01:03:29.042270+00:00,131.6,10,bid,Matthew Hanna,WavyWalnuts,12902042
2026-07-09T01:03:29.248812,2026-07-09T01:03:29.258573+00:00,131.6,10,bid,Matthew Hanna,WavyWalnuts,12902051
2026-07-09T01:03:29.462211,2026-07-09T01:03:29.469420+00:00,131.6,5,bid,Matthew Hanna,WavyWalnuts,12902056
2026-07-09T01:03:31.407200,2026-07-09T01:03:31.418496+00:00,131.6,200,ask,YieldingYams,WavyWalnuts,12902083
2026-07-09T01:03:35.800502,2026-07-09T01:03:35.810320+00:00,131.5,200,ask,WavyWalnuts,YieldingYams,12902145
2026-07-09T01:03:39.871767,2026-07-09T01:03:39.879665+00:00,131.5,200,bid,WavyWalnuts,YieldingYams,12902209
2026-07-09T01:03:41.081836,2026-07-09T01:03:41.090833+00:00,131.5,200,bid,WavyWalnuts,YieldingYams,12902226
2026-07-09T01:03:43.061235,2026-07-09T01:03:43.069796+00:00,131.3,20,ask,WavyWalnuts,BrilliantBurritos,12902252
2026-07-09T01:03:43.746914,2026-07-09T01:03:43.758570+00:00,131.4,200,ask,WavyWalnuts,YieldingYams,12902261
2026-07-09T01:03:45.196882,2026-07-09T01:03:45.204375+00:00,131.2,20,ask,WavyWalnuts,BrilliantBurritos,12902290
2026-07-09T01:03:47.131106,2026-07-09T01:03:47.138107+00:00,131.3,200,bid,WavyWalnuts,YieldingYams,12902322
2026-07-09T01:03:47.473507,2026-07-09T01:03:47.477586+00:00,131.1,12,ask,YieldingYams,Xuanyu Liu,12902324
2026-07-09T01:03:48.911030,2026-07-09T01:03:48.915313+00:00,131.1,23,ask,YieldingYams,Xuanyu Liu,12902362
2026-07-09T01:03:49.013556,2026-07-09T01:03:49.017490+00:00,131.2,11,ask,YieldingYams,Xuanyu Liu,12902365
2026-07-09T01:03:50.602285,2026-07-09T01:03:50.614371+00:00,131.4,20,bid,BrilliantBurritos,WavyWalnuts,12902386
2026-07-09T01:03:54.401513,2026-07-09T01:03:54.410852+00:00,131.1,200,ask,AverageAlmonds,WavyWalnuts,12902448
2026-07-09T01:03:55.625875,2026-07-09T01:03:55.629843+00:00,131.2,11,bid,Xuanyu Liu,WavyWalnuts,12902469
2026-07-09T01:03:56.958569,2026-07-09T01:03:56.963277+00:00,131.1,11,ask,AverageAlmonds,Xuanyu Liu,12902495
2026-07-09T01:04:00.808768,2026-07-09T01:04:00.827349+00:00,131.2,20,bid,BrilliantBurritos,WavyWalnuts,12902552
2026-07-09T01:04:04.093376,2026-07-09T01:04:04.104018+00:00,131.2,200,ask,YieldingYams,WavyWalnuts,12902610
2026-07-09T01:04:06.049742,2026-07-09T01:04:06.060586+00:00,131.3,200,bid,YieldingYams,WavyWalnuts,12902638
2026-07-09T01:04:15.915111,2026-07-09T01:04:15.919355+00:00,131.7,11,bid,Xuanyu Liu,YieldingYams,12902810
2026-07-09T01:04:16.545903,2026-07-09T01:04:16.558560+00:00,131.6,200,ask,WavyWalnuts,YieldingYams,12902822
2026-07-09T01:04:16.566597,2026-07-09T01:04:16.570423+00:00,131.5,23,bid,Xuanyu Liu,YieldingYams,12902824
2026-07-09T01:04:17.417564,2026-07-09T01:04:17.424792+00:00,131.5,200,bid,WavyWalnuts,YieldingYams,12902838
2026-07-09T01:04:18.628105,2026-07-09T01:04:18.638635+00:00,131.6,200,bid,WavyWalnuts,YieldingYams,12902854
2026-07-09T01:04:18.982724,2026-07-09T01:04:18.992171+00:00,131.6,20,bid,BrilliantBurritos,YieldingYams,12902867
2026-07-09T01:04:19.866448,2026-07-09T01:04:19.870646+00:00,131.5,11,ask,WavyWalnuts,Xuanyu Liu,12902882
2026-07-09T01:04:20.732417,2026-07-09T01:04:20.741135+00:00,131.7,20,bid,BrilliantBurritos,WavyWalnuts,12902895
2026-07-09T01:04:25.724337,2026-07-09T01:04:25.735503+00:00,131.5,200,ask,WavyWalnuts,YieldingYams,12902962
2026-07-09T01:04:29.658612,2026-07-09T01:04:29.668891+00:00,131.5,200,ask,WavyWalnuts,YieldingYams,12903030
2026-07-09T01:04:29.698642,2026-07-09T01:04:29.702374+00:00,131.5,11,bid,Xuanyu Liu,YieldingYams,12903032
2026-07-09T01:04:31.963356,2026-07-09T01:04:31.974451+00:00,131.5,200,bid,WavyWalnuts,YieldingYams,12903065
2026-07-09T01:04:34.400802,2026-07-09T01:04:34.408550+00:00,131.5,200,ask,YieldingYams,WavyWalnuts,12903101
2026-07-09T01:04:34.975414,2026-07-09T01:04:34.987126+00:00,131.6,20,bid,BrilliantBurritos,YieldingYams,12903114
2026-07-09T01:04:38.023139,2026-07-09T01:04:38.032414+00:00,131.6,200,bid,WavyWalnuts,YieldingYams,12903161
2026-07-09T01:04:39.236340,2026-07-09T01:04:39.243523+00:00,131.6,200,bid,WavyWalnuts,YieldingYams,12903176
2026-07-09T01:04:41.334953,2026-07-09T01:04:41.339048+00:00,131.5,23,ask,WavyWalnuts,Xuanyu Liu,12903214
2026-07-09T01:04:42.876249,2026-07-09T01:04:42.880193+00:00,131.6,11,ask,WavyWalnuts,Xuanyu Liu,12903244
2026-07-09T01:04:43.740988,2026-07-09T01:04:43.747969+00:00,131.6,20,ask,WavyWalnuts,BrilliantBurritos,12903258
2026-07-09T01:04:44.198082,2026-07-09T01:04:44.210175+00:00,131.6,20,ask,WavyWalnuts,BrilliantBurritos,12903265
2026-07-09T01:04:47.473224,2026-07-09T01:04:47.485275+00:00,131.8,20,bid,BrilliantBurritos,YieldingYams,12903322
2026-07-09T01:04:52.317582,2026-07-09T01:04:52.321707+00:00,131.6,3,ask,WavyWalnuts,Xuanyu Liu,12903384
2026-07-09T01:04:52.424566,2026-07-09T01:04:52.436561+00:00,131.6,10,ask,WavyWalnuts,Matthew Hanna,12903385
2026-07-09T01:04:53.439594,2026-07-09T01:04:53.448677+00:00,131.7,10,ask,YieldingYams,Matthew Hanna,12903396
2026-07-09T01:04:53.652824,2026-07-09T01:04:53.658621+00:00,131.7,10,ask,YieldingYams,Matthew Hanna,12903403
2026-07-09T01:04:53.766451,2026-07-09T01:04:53.774780+00:00,131.7,200,ask,YieldingYams,WavyWalnuts,12903408
2026-07-09T01:04:53.863725,2026-07-09T01:04:53.872294+00:00,131.7,10,ask,YieldingYams,Matthew Hanna,12903409
2026-07-09T01:04:54.072559,2026-07-09T01:04:54.079865+00:00,131.7,10,ask,YieldingYams,Matthew Hanna,12903417
2026-07-09T01:04:57.143324,2026-07-09T01:04:57.148376+00:00,131.6,3,ask,YieldingYams,Xuanyu Liu,12903465
2026-07-09T01:04:57.287667,2026-07-09T01:04:57.298182+00:00,131.6,10,ask,YieldingYams,Matthew Hanna,12903466
2026-07-09T01:04:57.397063,2026-07-09T01:04:57.406599+00:00,131.6,200,ask,YieldingYams,WavyWalnuts,12903471
2026-07-09T01:04:57.497245,2026-07-09T01:04:57.506280+00:00,131.6,10,ask,YieldingYams,Matthew Hanna,12903473
2026-07-09T01:04:57.708893,2026-07-09T01:04:57.720819+00:00,131.6,10,ask,YieldingYams,Matthew Hanna,12903477
2026-07-09T01:04:57.920454,2026-07-09T01:04:57.932199+00:00,131.6,10,ask,YieldingYams,Matthew Hanna,12903481
2026-07-09T01:04:58.159447,2026-07-09T01:04:58.168808+00:00,131.6,10,ask,YieldingYams,Matthew Hanna,12903484
2026-07-09T01:04:58.603736,2026-07-09T01:04:58.615187+00:00,131.5,200,bid,WavyWalnuts,YieldingYams,12903497
2026-07-09T01:04:58.698247,2026-07-09T01:04:58.709110+00:00,131.2,20,ask,YieldingYams,BrilliantBurritos,12903499
2026-07-09T01:05:00.635947,2026-07-09T01:05:00.646731+00:00,131.4,20,bid,BrilliantBurritos,YieldingYams,12903520
2026-07-09T01:05:01.113689,2026-07-09T01:05:01.122263+00:00,131.3,200,ask,WavyWalnuts,YieldingYams,12903524
2026-07-09T01:05:03.464613,2026-07-09T01:05:03.469278+00:00,131.3,11,ask,YieldingYams,Xuanyu Liu,12903558
2026-07-09T01:05:04.647604,2026-07-09T01:05:04.658579+00:00,131.3,200,ask,YieldingYams,WavyWalnuts,12903576
2026-07-09T01:05:05.067502,2026-07-09T01:05:05.071492+00:00,131.4,12,ask,YieldingYams,Xuanyu Liu,12903584
2026-07-09T01:05:05.186670,2026-07-09T01:05:05.196822+00:00,131.4,10,ask,YieldingYams,Matthew Hanna,12903585
2026-07-09T01:05:05.427843,2026-07-09T01:05:05.438454+00:00,131.4,10,ask,YieldingYams,Matthew Hanna,12903589
2026-07-09T01:05:05.644742,2026-07-09T01:05:05.654899+00:00,131.4,5,ask,YieldingYams,Matthew Hanna,12903601
2026-07-09T01:05:10.968932,2026-07-09T01:05:10.980815+00:00,131.5,20,bid,BrilliantBurritos,WavyWalnuts,12903689
2026-07-09T01:05:13.885347,2026-07-09T01:05:13.892399+00:00,131.4,425,ask,YieldingYams,AverageAlmonds,12903747
2026-07-09T01:05:13.905155,2026-07-09T01:05:13.910374+00:00,131.4,12,bid,Xuanyu Liu,AverageAlmonds,12903749
2026-07-09T01:05:15.536103,2026-07-09T01:05:15.545603+00:00,131.3,200,ask,WavyWalnuts,YieldingYams,12903778
2026-07-09T01:05:15.551884,2026-07-09T01:05:15.555751+00:00,131.3,11,bid,Xuanyu Liu,YieldingYams,12903780
2026-07-09T01:05:17.943748,2026-07-09T01:05:17.952585+00:00,131.4,200,bid,WavyWalnuts,AverageAlmonds,12903808
2026-07-09T01:05:18.739623,2026-07-09T01:05:18.750199+00:00,131.3,500,ask,YieldingYams,AverageAlmonds,12903813
2026-07-09T01:05:19.257459,2026-07-09T01:05:19.262049+00:00,131.5,3,bid,Xuanyu Liu,YieldingYams,12903817
2026-07-09T01:05:19.278239,2026-07-09T01:05:19.289939+00:00,131.5,10,bid,Matthew Hanna,YieldingYams,12903818
2026-07-09T01:05:19.343358,2026-07-09T01:05:19.350767+00:00,131.3,125,ask,YieldingYams,AverageAlmonds,12903820
2026-07-09T01:05:19.343358,2026-07-09T01:05:19.355914+00:00,131.3,200,ask,WavyWalnuts,AverageAlmonds,12903821
2026-07-09T01:05:19.395871,2026-07-09T01:05:19.401608+00:00,131.2,3,bid,Xuanyu Liu,AverageAlmonds,12903824
2026-07-09T01:05:19.483993,2026-07-09T01:05:19.488984+00:00,131.1,11,bid,Xuanyu Liu,YieldingYams,12903829
2026-07-09T01:05:19.489914,2026-07-09T01:05:19.504708+00:00,131.1,10,bid,Matthew Hanna,YieldingYams,12903830
2026-07-09T01:05:19.711407,2026-07-09T01:05:19.721766+00:00,131.1,10,bid,Matthew Hanna,YieldingYams,12903842
2026-07-09T01:05:19.920488,2026-07-09T01:05:19.932231+00:00,131.1,10,bid,Matthew Hanna,YieldingYams,12903848
2026-07-09T01:05:20.132841,2026-07-09T01:05:20.142332+00:00,131.1,10,bid,Matthew Hanna,YieldingYams,12903854
2026-07-09T01:05:20.344537,2026-07-09T01:05:20.364053+00:00,131.1,10,bid,Matthew Hanna,YieldingYams,12903858
2026-07-09T01:05:20.358549,2026-07-09T01:05:20.368995+00:00,131.1,200,bid,WavyWalnuts,YieldingYams,12903860
2026-07-09T01:05:20.791450,2026-07-09T01:05:20.795324+00:00,131.0,11,ask,YieldingYams,Xuanyu Liu,12903872
2026-07-09T01:05:21.568704,2026-07-09T01:05:21.576488+00:00,131.1,200,bid,WavyWalnuts,AverageAlmonds,12903879
2026-07-09T01:05:21.785045,2026-07-09T01:05:21.792495+00:00,131.0,500,ask,YieldingYams,AverageAlmonds,12903881
2026-07-09T01:05:24.706645,2026-07-09T01:05:24.713676+00:00,130.9,200,bid,YieldingYams,WavyWalnuts,12903942
2026-07-09T01:05:24.706645,2026-07-09T01:05:24.719137+00:00,131.0,425,bid,YieldingYams,AverageAlmonds,12903943
2026-07-09T01:05:26.646890,2026-07-09T01:05:26.675420+00:00,130.9,20,bid,BrilliantBurritos,AverageAlmonds,12903974
2026-07-09T01:05:26.795905,2026-07-09T01:05:26.806434+00:00,130.9,10,bid,Matthew Hanna,AverageAlmonds,12903978
2026-07-09T01:05:27.022371,2026-07-09T01:05:27.031446+00:00,130.9,5,bid,Matthew Hanna,AverageAlmonds,12903983
2026-07-09T01:05:27.839648,2026-07-09T01:05:27.846362+00:00,130.8,200,ask,WavyWalnuts,AverageAlmonds,12904001
2026-07-09T01:05:27.866244,2026-07-09T01:05:27.870362+00:00,130.8,11,bid,Xuanyu Liu,AverageAlmonds,12904003
2026-07-09T01:05:28.849645,2026-07-09T01:05:28.853636+00:00,130.7,11,ask,WavyWalnuts,Xuanyu Liu,12904011
2026-07-09T01:05:32.475459,2026-07-09T01:05:32.482993+00:00,130.6,200,ask,YieldingYams,WavyWalnuts,12904045
2026-07-09T01:05:33.688194,2026-07-09T01:05:33.698951+00:00,130.6,200,ask,YieldingYams,WavyWalnuts,12904058
2026-07-09T01:05:35.144749,2026-07-09T01:05:35.148906+00:00,130.5,3,ask,YieldingYams,Xuanyu Liu,12904082
2026-07-09T01:05:37.330839,2026-07-09T01:05:37.346539+00:00,130.7,20,bid,BrilliantBurritos,YieldingYams,12904118
2026-07-09T01:05:38.950201,2026-07-09T01:05:38.963889+00:00,130.6,20,bid,BrilliantBurritos,WavyWalnuts,12904142
2026-07-09T01:05:39.753325,2026-07-09T01:05:39.758607+00:00,130.5,200,ask,YieldingYams,WavyWalnuts,12904147
2026-07-09T01:05:43.388387,2026-07-09T01:05:43.396743+00:00,130.3,200,ask,AverageAlmonds,WavyWalnuts,12904195
2026-07-09T01:05:44.625812,2026-07-09T01:05:44.629644+00:00,130.3,14,ask,AverageAlmonds,Xuanyu Liu,12904213
2026-07-09T01:05:44.666135,2026-07-09T01:05:44.677910+00:00,130.3,10,ask,AverageAlmonds,Matthew Hanna,12904216
2026-07-09T01:05:44.801951,2026-07-09T01:05:44.812726+00:00,130.4,200,bid,AverageAlmonds,WavyWalnuts,12904218
2026-07-09T01:05:44.841350,2026-07-09T01:05:44.845951+00:00,130.4,12,ask,AverageAlmonds,Xuanyu Liu,12904225
2026-07-09T01:05:44.875434,2026-07-09T01:05:44.881928+00:00,130.4,10,ask,AverageAlmonds,Matthew Hanna,12904226
2026-07-09T01:05:45.097181,2026-07-09T01:05:45.107459+00:00,130.4,10,ask,AverageAlmonds,Matthew Hanna,12904230
2026-07-09T01:05:45.315137,2026-07-09T01:05:45.323501+00:00,130.4,10,ask,AverageAlmonds,Matthew Hanna,12904235
2026-07-09T01:05:45.526057,2026-07-09T01:05:45.536216+00:00,130.4,10,ask,AverageAlmonds,Matthew Hanna,12904238
2026-07-09T01:05:45.737233,2026-07-09T01:05:45.746881+00:00,130.4,10,ask,AverageAlmonds,Matthew Hanna,12904240
2026-07-09T01:05:45.813760,2026-07-09T01:05:45.827790+00:00,130.4,200,ask,AverageAlmonds,WavyWalnuts,12904243
2026-07-09T01:05:45.952493,2026-07-09T01:05:45.960341+00:00,130.4,10,ask,AverageAlmonds,Matthew Hanna,12904250
2026-07-09T01:05:46.011792,2026-07-09T01:05:46.021491+00:00,130.5,500,bid,AverageAlmonds,YieldingYams,12904252
2026-07-09T01:05:46.602454,2026-07-09T01:05:46.618893+00:00,130.5,125,bid,AverageAlmonds,YieldingYams,12904259
2026-07-09T01:05:46.641644,2026-07-09T01:05:46.646721+00:00,130.5,11,ask,AverageAlmonds,Xuanyu Liu,12904262
2026-07-09T01:05:46.770085,2026-07-09T01:05:46.777661+00:00,130.5,10,ask,AverageAlmonds,Matthew Hanna,12904263
2026-07-09T01:05:46.981003,2026-07-09T01:05:46.992897+00:00,130.5,10,ask,AverageAlmonds,Matthew Hanna,12904267
2026-07-09T01:05:47.104477,2026-07-09T01:05:47.116537+00:00,130.6,20,bid,BrilliantBurritos,WavyWalnuts,12904269
2026-07-09T01:05:47.194999,2026-07-09T01:05:47.202736+00:00,130.5,10,ask,AverageAlmonds,Matthew Hanna,12904271
2026-07-09T01:05:47.795922,2026-07-09T01:05:47.800133+00:00,130.6,11,bid,Xuanyu Liu,WavyWalnuts,12904285
2026-07-09T01:05:48.366067,2026-07-09T01:05:48.376355+00:00,130.6,200,bid,YieldingYams,WavyWalnuts,12904297
2026-07-09T01:05:54.971671,2026-07-09T01:05:54.975763+00:00,130.7,11,ask,YieldingYams,Xuanyu Liu,12904402
2026-07-09T01:05:56.728643,2026-07-09T01:05:56.740404+00:00,130.7,200,ask,YieldingYams,WavyWalnuts,12904417
2026-07-09T01:05:57.291571,2026-07-09T01:05:57.295623+00:00,130.9,11,bid,Xuanyu Liu,YieldingYams,12904429
2026-07-09T01:06:00.366405,2026-07-09T01:06:00.374201+00:00,130.9,200,bid,WavyWalnuts,YieldingYams,12904471
2026-07-09T01:06:01.079819,2026-07-09T01:06:01.091834+00:00,130.6,20,ask,YieldingYams,BrilliantBurritos,12904477
2026-07-09T01:06:02.812853,2026-07-09T01:06:02.820563+00:00,130.8,200,ask,WavyWalnuts,YieldingYams,12904497
2026-07-09T01:06:05.988192,2026-07-09T01:06:06.010463+00:00,130.6,200,ask,WavyWalnuts,AverageAlmonds,12904537
2026-07-09T01:06:06.006444,2026-07-09T01:06:06.010463+00:00,130.6,12,bid,Xuanyu Liu,AverageAlmonds,12904539
2026-07-09T01:06:08.060440,2026-07-09T01:06:08.070082+00:00,130.6,200,bid,YieldingYams,WavyWalnuts,12904565
2026-07-09T01:06:08.060440,2026-07-09T01:06:08.070082+00:00,130.6,425,bid,YieldingYams,AverageAlmonds,12904566
2026-07-09T01:06:08.405825,2026-07-09T01:06:08.413552+00:00,130.4,20,ask,WavyWalnuts,BrilliantBurritos,12904573
2026-07-09T01:06:09.036916,2026-07-09T01:06:09.043737+00:00,130.7,200,ask,WavyWalnuts,AverageAlmonds,12904587
2026-07-09T01:06:10.080093,2026-07-09T01:06:10.087351+00:00,130.7,200,bid,WavyWalnuts,YieldingYams,12904602
2026-07-09T01:06:10.683517,2026-07-09T01:06:10.702544+00:00,130.7,500,bid,YieldingYams,AverageAlmonds,12904611
2026-07-09T01:06:10.698483,2026-07-09T01:06:10.702544+00:00,130.7,12,ask,YieldingYams,Xuanyu Liu,12904613
2026-07-09T01:06:10.836981,2026-07-09T01:06:10.846538+00:00,130.7,113,ask,YieldingYams,AverageAlmonds,12904614
2026-07-09T01:06:11.293404,2026-07-09T01:06:11.303479+00:00,130.6,200,bid,WavyWalnuts,AverageAlmonds,12904620
2026-07-09T01:06:12.502170,2026-07-09T01:06:12.512831+00:00,130.5,200,bid,WavyWalnuts,AverageAlmonds,12904639
2026-07-09T01:06:12.511958,2026-07-09T01:06:12.523108+00:00,130.5,20,bid,BrilliantBurritos,AverageAlmonds,12904640
2026-07-09T01:06:13.712271,2026-07-09T01:06:13.721301+00:00,130.6,200,bid,WavyWalnuts,AverageAlmonds,12904657
2026-07-09T01:06:14.924766,2026-07-09T01:06:14.932168+00:00,130.5,200,bid,WavyWalnuts,AverageAlmonds,12904683
2026-07-09T01:06:15.104153,2026-07-09T01:06:15.111457+00:00,130.4,500,ask,YieldingYams,AverageAlmonds,12904686
2026-07-09T01:06:15.887063,2026-07-09T01:06:15.893865+00:00,130.5,20,bid,BrilliantBurritos,AverageAlmonds,12904708
2026-07-09T01:06:16.137097,2026-07-09T01:06:16.158652+00:00,130.3,200,bid,WavyWalnuts,YieldingYams,12904722
2026-07-09T01:06:18.575406,2026-07-09T01:06:18.585565+00:00,130.3,200,ask,WavyWalnuts,YieldingYams,12904749
2026-07-09T01:06:19.774578,2026-07-09T01:06:19.783112+00:00,130.2,200,bid,WavyWalnuts,YieldingYams,12904767
2026-07-09T01:06:21.197045,2026-07-09T01:06:21.205364+00:00,130.2,200,ask,WavyWalnuts,YieldingYams,12904795
2026-07-09T01:06:21.220428,2026-07-09T01:06:21.224790+00:00,130.1,12,bid,Xuanyu Liu,YieldingYams,12904798
2026-07-09T01:06:24.618663,2026-07-09T01:06:24.627921+00:00,130.3,20,bid,BrilliantBurritos,WavyWalnuts,12904846
2026-07-09T01:06:26.675076,2026-07-09T01:06:26.686863+00:00,130.3,20,bid,BrilliantBurritos,YieldingYams,12904874
2026-07-09T01:06:35.314249,2026-07-09T01:06:35.325083+00:00,130.2,20,ask,YieldingYams,BrilliantBurritos,12904992
2026-07-09T01:06:35.697810,2026-07-09T01:06:35.702199+00:00,130.3,11,bid,Xuanyu Liu,YieldingYams,12905001
2026-07-09T01:06:35.723802,2026-07-09T01:06:35.735513+00:00,130.3,20,bid,BrilliantBurritos,YieldingYams,12905002
2026-07-09T01:06:36.753108,2026-07-09T01:06:36.755235+00:00,130.3,200,bid,WavyWalnuts,YieldingYams,12905012
2026-07-09T01:06:37.961485,2026-07-09T01:06:37.971169+00:00,130.3,200,bid,WavyWalnuts,YieldingYams,12905032
2026-07-09T01:06:39.176434,2026-07-09T01:06:39.185500+00:00,130.2,200,ask,YieldingYams,WavyWalnuts,12905050
2026-07-09T01:06:40.902030,2026-07-09T01:06:40.912118+00:00,130.3,200,bid,YieldingYams,WavyWalnuts,12905071
2026-07-09T01:06:41.592238,2026-07-09T01:06:41.609067+00:00,130.3,200,ask,YieldingYams,WavyWalnuts,12905082
2026-07-09T01:06:46.427095,2026-07-09T01:06:46.437443+00:00,130.2,200,bid,WavyWalnuts,AverageAlmonds,12905150
2026-07-09T01:06:47.978603,2026-07-09T01:06:47.982509+00:00,130.1,23,ask,YieldingYams,Xuanyu Liu,12905177
2026-07-09T01:06:50.203287,2026-07-09T01:06:50.210445+00:00,130.2,500,ask,YieldingYams,AverageAlmonds,12905202
2026-07-09T01:06:50.796540,2026-07-09T01:06:50.803364+00:00,130.2,125,ask,YieldingYams,AverageAlmonds,12905215
2026-07-09T01:06:51.474643,2026-07-09T01:06:51.486389+00:00,130.0,20,ask,WavyWalnuts,BrilliantBurritos,12905222
2026-07-09T01:06:56.129310,2026-07-09T01:06:56.139001+00:00,130.0,200,ask,YieldingYams,WavyWalnuts,12905287
2026-07-09T01:06:58.547860,2026-07-09T01:06:58.558531+00:00,129.8,200,ask,YieldingYams,WavyWalnuts,12905329
2026-07-09T01:07:01.113326,2026-07-09T01:07:01.121575+00:00,129.9,500,ask,YieldingYams,AverageAlmonds,12905363
2026-07-09T01:07:01.706107,2026-07-09T01:07:01.714110+00:00,129.9,125,ask,YieldingYams,AverageAlmonds,12905369
2026-07-09T01:07:01.706107,2026-07-09T01:07:01.719093+00:00,129.9,200,ask,WavyWalnuts,AverageAlmonds,12905370
2026-07-09T01:07:02.172693,2026-07-09T01:07:02.181322+00:00,129.8,175,bid,WavyWalnuts,AverageAlmonds,12905394
2026-07-09T01:07:02.172693,2026-07-09T01:07:02.186539+00:00,129.9,25,bid,WavyWalnuts,YieldingYams,12905395
2026-07-09T01:07:06.925337,2026-07-09T01:07:06.929135+00:00,129.8,12,bid,Xuanyu Liu,WavyWalnuts,12905455
2026-07-09T01:07:08.376309,2026-07-09T01:07:08.385040+00:00,129.7,500,ask,YieldingYams,AverageAlmonds,12905469
2026-07-09T01:07:08.536837,2026-07-09T01:07:08.543506+00:00,129.7,200,ask,WavyWalnuts,YieldingYams,12905473
2026-07-09T01:07:08.566054,2026-07-09T01:07:08.569840+00:00,129.7,11,bid,Xuanyu Liu,YieldingYams,12905475
2026-07-09T01:07:09.437847,2026-07-09T01:07:09.445870+00:00,129.7,200,bid,WavyWalnuts,YieldingYams,12905488
2026-07-09T01:07:09.849881,2026-07-09T01:07:09.858603+00:00,129.7,500,bid,YieldingYams,AverageAlmonds,12905492
2026-07-09T01:07:10.210195,2026-07-09T01:07:10.221931+00:00,129.8,125,ask,YieldingYams,AverageAlmonds,12905503
2026-07-09T01:07:12.479245,2026-07-09T01:07:12.486306+00:00,129.7,200,bid,YieldingYams,WavyWalnuts,12905537
2026-07-09T01:07:16.416737,2026-07-09T01:07:16.426458+00:00,129.8,500,bid,YieldingYams,AverageAlmonds,12905586
2026-07-09T01:07:16.878613,2026-07-09T01:07:16.886198+00:00,129.8,125,ask,YieldingYams,AverageAlmonds,12905600
2026-07-09T01:07:16.878613,2026-07-09T01:07:16.891681+00:00,129.8,200,ask,WavyWalnuts,AverageAlmonds,12905601
2026-07-09T01:07:17.748935,2026-07-09T01:07:17.752948+00:00,129.6,3,bid,Xuanyu Liu,YieldingYams,12905611
2026-07-09T01:07:17.801050,2026-07-09T01:07:17.811868+00:00,129.6,10,bid,Matthew Hanna,YieldingYams,12905613
2026-07-09T01:07:17.922477,2026-07-09T01:07:17.929133+00:00,129.6,200,bid,WavyWalnuts,YieldingYams,12905620
2026-07-09T01:07:18.015655,2026-07-09T01:07:18.027683+00:00,129.6,10,bid,Matthew Hanna,YieldingYams,12905621
2026-07-09T01:07:18.034809,2026-07-09T01:07:18.046440+00:00,129.6,20,bid,BrilliantBurritos,YieldingYams,12905623
2026-07-09T01:07:18.226923,2026-07-09T01:07:18.236860+00:00,129.6,10,bid,Matthew Hanna,YieldingYams,12905626
2026-07-09T01:07:18.437722,2026-07-09T01:07:18.458598+00:00,129.6,10,bid,Matthew Hanna,YieldingYams,12905634
2026-07-09T01:07:18.653977,2026-07-09T01:07:18.657028+00:00,129.6,10,bid,Matthew Hanna,YieldingYams,12905640
2026-07-09T01:07:21.571933,2026-07-09T01:07:21.580952+00:00,129.9,200,bid,WavyWalnuts,YieldingYams,12905676
2026-07-09T01:07:21.732678,2026-07-09T01:07:21.742583+00:00,129.8,500,ask,YieldingYams,AverageAlmonds,12905677
2026-07-09T01:07:22.330170,2026-07-09T01:07:22.338256+00:00,129.8,125,ask,YieldingYams,AverageAlmonds,12905692
2026-07-09T01:07:25.980255,2026-07-09T01:07:25.984066+00:00,129.6,3,ask,WavyWalnuts,Xuanyu Liu,12905745
2026-07-09T01:07:26.411505,2026-07-09T01:07:26.422498+00:00,129.7,200,bid,WavyWalnuts,YieldingYams,12905753
2026-07-09T01:07:30.172982,2026-07-09T01:07:30.184810+00:00,129.5,20,ask,YieldingYams,BrilliantBurritos,12905813
2026-07-09T01:07:30.545449,2026-07-09T01:07:30.549839+00:00,129.5,11,ask,YieldingYams,Xuanyu Liu,12905818
2026-07-09T01:07:33.691334,2026-07-09T01:07:33.701047+00:00,129.6,200,ask,YieldingYams,WavyWalnuts,12905858
2026-07-09T01:07:36.109987,2026-07-09T01:07:36.119415+00:00,129.6,200,bid,WavyWalnuts,YieldingYams,12905883
2026-07-09T01:07:37.418694,2026-07-09T01:07:37.425525+00:00,129.6,500,bid,YieldingYams,AverageAlmonds,12905903
2026-07-09T01:07:37.418694,2026-07-09T01:07:37.430725+00:00,129.6,125,bid,YieldingYams,WavyWalnuts,12905904
2026-07-09T01:07:39.916031,2026-07-09T01:07:39.925497+00:00,129.5,200,ask,WavyWalnuts,AverageAlmonds,12905947
2026-07-09T01:07:40.054286,2026-07-09T01:07:40.064572+00:00,129.5,300,bid,YieldingYams,AverageAlmonds,12905951
2026-07-09T01:07:40.449864,2026-07-09T01:07:40.463926+00:00,129.5,20,ask,YieldingYams,BrilliantBurritos,12905957
2026-07-09T01:07:40.505858,2026-07-09T01:07:40.512552+00:00,129.5,305,ask,YieldingYams,AverageAlmonds,12905958
2026-07-09T01:07:40.526860,2026-07-09T01:07:40.530702+00:00,129.4,11,bid,Xuanyu Liu,AverageAlmonds,12905960
2026-07-09T01:07:40.944553,2026-07-09T01:07:40.958563+00:00,129.4,184,bid,WavyWalnuts,AverageAlmonds,12905963
2026-07-09T01:07:41.721718,2026-07-09T01:07:41.732814+00:00,129.4,16,ask,WavyWalnuts,AverageAlmonds,12905976
2026-07-09T01:07:42.324609,2026-07-09T01:07:42.334385+00:00,129.3,500,ask,YieldingYams,AverageAlmonds,12905982
2026-07-09T01:07:42.696447,2026-07-09T01:07:42.704679+00:00,129.2,200,ask,WavyWalnuts,YieldingYams,12905992
2026-07-09T01:07:42.722014,2026-07-09T01:07:42.727126+00:00,129.2,3,bid,Xuanyu Liu,YieldingYams,12905994
2026-07-09T01:07:43.365112,2026-07-09T01:07:43.377133+00:00,129.2,200,bid,WavyWalnuts,YieldingYams,12905998
2026-07-09T01:07:47.011035,2026-07-09T01:07:47.022766+00:00,129.0,20,ask,WavyWalnuts,BrilliantBurritos,12906051
2026-07-09T01:07:49.447323,2026-07-09T01:07:49.448164+00:00,129.0,200,ask,YieldingYams,WavyWalnuts,12906092
2026-07-09T01:07:50.712134,2026-07-09T01:07:50.721598+00:00,129.0,10,bid,Matthew Hanna,YieldingYams,12906111
2026-07-09T01:07:50.922796,2026-07-09T01:07:50.933900+00:00,129.0,10,bid,Matthew Hanna,YieldingYams,12906119
2026-07-09T01:07:51.131853,2026-07-09T01:07:51.143700+00:00,129.0,5,bid,Matthew Hanna,YieldingYams,12906123
2026-07-09T01:07:54.659679,2026-07-09T01:07:54.671919+00:00,129.1,20,bid,BrilliantBurritos,WavyWalnuts,12906165
2026-07-09T01:07:55.859736,2026-07-09T01:07:55.870123+00:00,128.9,500,ask,AverageAlmonds,YieldingYams,12906178
2026-07-09T01:07:56.218741,2026-07-09T01:07:56.229402+00:00,128.9,125,bid,AverageAlmonds,YieldingYams,12906183
2026-07-09T01:07:56.218741,2026-07-09T01:07:56.229402+00:00,129.0,200,bid,AverageAlmonds,WavyWalnuts,12906184
2026-07-09T01:07:58.478648,2026-07-09T01:07:58.486296+00:00,129.1,200,bid,YieldingYams,WavyWalnuts,12906214
2026-07-09T01:08:01.103890,2026-07-09T01:08:01.113962+00:00,129.1,200,ask,WavyWalnuts,YieldingYams,12906246
2026-07-09T01:08:02.202166,2026-07-09T01:08:02.213837+00:00,128.9,20,ask,YieldingYams,BrilliantBurritos,12906258
2026-07-09T01:08:02.434826,2026-07-09T01:08:02.438800+00:00,129.0,3,ask,YieldingYams,Xuanyu Liu,12906267
2026-07-09T01:08:02.776528,2026-07-09T01:08:02.788429+00:00,129.0,10,ask,YieldingYams,Matthew Hanna,12906275
2026-07-09T01:08:02.986343,2026-07-09T01:08:02.998358+00:00,129.0,5,ask,YieldingYams,Matthew Hanna,12906278
2026-07-09T01:08:03.746878,2026-07-09T01:08:03.759880+00:00,129.1,11,ask,YieldingYams,Xuanyu Liu,12906292
2026-07-09T01:08:03.987383,2026-07-09T01:08:03.994768+00:00,129.1,200,ask,YieldingYams,WavyWalnuts,12906300
2026-07-09T01:08:05.193592,2026-07-09T01:08:05.200662+00:00,129.1,200,bid,WavyWalnuts,YieldingYams,12906321
2026-07-09T01:08:07.619066,2026-07-09T01:08:07.626986+00:00,129.2,200,bid,WavyWalnuts,AverageAlmonds,12906367
2026-07-09T01:08:08.831201,2026-07-09T01:08:08.838556+00:00,129.1,200,bid,WavyWalnuts,AverageAlmonds,12906383
2026-07-09T01:08:08.971036,2026-07-09T01:08:08.979650+00:00,129.1,500,bid,YieldingYams,AverageAlmonds,12906390
2026-07-09T01:08:09.542458,2026-07-09T01:08:09.553096+00:00,129.1,125,ask,YieldingYams,AverageAlmonds,12906400
2026-07-09T01:08:10.282755,2026-07-09T01:08:10.291622+00:00,129.0,200,ask,WavyWalnuts,YieldingYams,12906406
2026-07-09T01:08:15.825308,2026-07-09T01:08:15.837181+00:00,129.0,20,bid,BrilliantBurritos,WavyWalnuts,12906474
2026-07-09T01:08:16.237577,2026-07-09T01:08:16.245529+00:00,129.0,200,ask,WavyWalnuts,AverageAlmonds,12906476
2026-07-09T01:08:17.315195,2026-07-09T01:08:17.324926+00:00,128.8,200,bid,WavyWalnuts,YieldingYams,12906497
2026-07-09T01:08:19.466737,2026-07-09T01:08:19.473146+00:00,128.9,500,bid,YieldingYams,AverageAlmonds,12906518
2026-07-09T01:08:21.137946,2026-07-09T01:08:21.142594+00:00,128.9,11,bid,Xuanyu Liu,YieldingYams,12906541
2026-07-09T01:08:21.165282,2026-07-09T01:08:21.176958+00:00,128.9,20,bid,BrilliantBurritos,YieldingYams,12906542
2026-07-09T01:08:24.029231,2026-07-09T01:08:24.041397+00:00,129.0,20,bid,BrilliantBurritos,YieldingYams,12906578
2026-07-09T01:08:24.566710,2026-07-09T01:08:24.578187+00:00,129.0,200,bid,WavyWalnuts,YieldingYams,12906591
2026-07-09T01:08:25.777015,2026-07-09T01:08:25.786218+00:00,128.9,200,bid,WavyWalnuts,YieldingYams,12906616
2026-07-09T01:08:26.778880,2026-07-09T01:08:26.788312+00:00,128.7,20,ask,YieldingYams,BrilliantBurritos,12906637
2026-07-09T01:08:26.985016,2026-07-09T01:08:26.994344+00:00,128.9,200,bid,WavyWalnuts,YieldingYams,12906639
2026-07-09T01:08:28.650081,2026-07-09T01:08:28.664094+00:00,128.9,200,bid,YieldingYams,WavyWalnuts,12906662
2026-07-09T01:08:28.845240,2026-07-09T01:08:28.853980+00:00,129.1,20,bid,BrilliantBurritos,AverageAlmonds,12906664
2026-07-09T01:08:29.307676,2026-07-09T01:08:29.311487+00:00,129.1,3,bid,Xuanyu Liu,YieldingYams,12906676
2026-07-09T01:08:31.583170,2026-07-09T01:08:31.595582+00:00,128.9,20,ask,WavyWalnuts,BrilliantBurritos,12906709
2026-07-09T01:08:34.242192,2026-07-09T01:08:34.249496+00:00,128.8,200,ask,YieldingYams,WavyWalnuts,12906755
2026-07-09T01:08:35.453558,2026-07-09T01:08:35.463892+00:00,128.9,200,ask,YieldingYams,WavyWalnuts,12906767
2026-07-09T01:08:36.660064,2026-07-09T01:08:36.669463+00:00,128.9,10,bid,Matthew Hanna,YieldingYams,12906781
2026-07-09T01:08:36.875565,2026-07-09T01:08:36.887349+00:00,128.9,10,bid,Matthew Hanna,YieldingYams,12906788
2026-07-09T01:08:37.086803,2026-07-09T01:08:37.098890+00:00,128.9,5,bid,Matthew Hanna,YieldingYams,12906793
2026-07-09T01:08:37.874915,2026-07-09T01:08:37.878998+00:00,128.8,3,bid,Xuanyu Liu,YieldingYams,12906807
2026-07-09T01:08:37.898915,2026-07-09T01:08:37.910681+00:00,128.8,10,bid,Matthew Hanna,YieldingYams,12906808
2026-07-09T01:08:38.109552,2026-07-09T01:08:38.121641+00:00,128.8,10,bid,Matthew Hanna,YieldingYams,12906810
2026-07-09T01:08:38.321835,2026-07-09T01:08:38.334733+00:00,128.8,5,bid,Matthew Hanna,YieldingYams,12906814
2026-07-09T01:08:45.156033,2026-07-09T01:08:45.158598+00:00,128.9,200,bid,WavyWalnuts,AverageAlmonds,12906913
2026-07-09T01:08:45.735437,2026-07-09T01:08:45.750391+00:00,128.9,500,bid,YieldingYams,AverageAlmonds,12906921
2026-07-09T01:08:45.832726,2026-07-09T01:08:45.843313+00:00,129.1,20,bid,BrilliantBurritos,YieldingYams,12906926
2026-07-09T01:08:45.860489,2026-07-09T01:08:45.869088+00:00,128.9,125,ask,YieldingYams,AverageAlmonds,12906927
2026-07-09T01:08:48.311282,2026-07-09T01:08:48.320373+00:00,128.7,500,ask,YieldingYams,AverageAlmonds,12906967
2026-07-09T01:08:48.366457,2026-07-09T01:08:48.375123+00:00,128.7,200,ask,WavyWalnuts,YieldingYams,12906968
2026-07-09T01:08:48.807721,2026-07-09T01:08:48.814241+00:00,128.6,200,bid,WavyWalnuts,YieldingYams,12906973
2026-07-09T01:08:50.990753,2026-07-09T01:08:51.005385+00:00,128.6,500,bid,YieldingYams,AverageAlmonds,12907000
2026-07-09T01:08:51.234512,2026-07-09T01:08:51.263736+00:00,128.6,125,ask,YieldingYams,WavyWalnuts,12907005
2026-07-09T01:08:51.455915,2026-07-09T01:08:51.459457+00:00,128.3,3,ask,WavyWalnuts,Xuanyu Liu,12907010
2026-07-09T01:08:53.652028,2026-07-09T01:08:53.658577+00:00,128.6,200,bid,WavyWalnuts,AverageAlmonds,12907039
2026-07-09T01:08:55.574514,2026-07-09T01:08:55.584794+00:00,128.5,200,ask,WavyWalnuts,AverageAlmonds,12907056
2026-07-09T01:08:56.228699,2026-07-09T01:08:56.264575+00:00,128.6,200,bid,YieldingYams,WavyWalnuts,12907065
2026-07-09T01:08:56.228699,2026-07-09T01:08:56.264575+00:00,128.6,425,bid,YieldingYams,AverageAlmonds,12907066
2026-07-09T01:08:57.541531,2026-07-09T01:08:57.564082+00:00,128.5,200,ask,WavyWalnuts,YieldingYams,12907090
2026-07-09T01:08:58.486773,2026-07-09T01:08:58.494978+00:00,128.4,200,bid,WavyWalnuts,YieldingYams,12907101
2026-07-09T01:08:59.235849,2026-07-09T01:08:59.243847+00:00,128.4,20,ask,YieldingYams,BrilliantBurritos,12907118
2026-07-09T01:09:02.121317,2026-07-09T01:09:02.132582+00:00,128.5,200,bid,WavyWalnuts,AverageAlmonds,12907157
2026-07-09T01:09:02.781515,2026-07-09T01:09:02.790028+00:00,128.5,500,bid,YieldingYams,AverageAlmonds,12907164
2026-07-09T01:09:02.830358,2026-07-09T01:09:02.840661+00:00,128.5,125,ask,YieldingYams,AverageAlmonds,12907168
2026-07-09T01:09:03.344635,2026-07-09T01:09:03.348100+00:00,128.4,3,bid,Xuanyu Liu,WavyWalnuts,12907176
2026-07-09T01:09:04.996564,2026-07-09T01:09:05.008636+00:00,128.2,20,ask,WavyWalnuts,BrilliantBurritos,12907209
2026-07-09T01:09:05.750554,2026-07-09T01:09:05.758614+00:00,128.3,200,bid,WavyWalnuts,YieldingYams,12907222
2026-07-09T01:09:06.958862,2026-07-09T01:09:06.968506+00:00,128.3,200,bid,WavyWalnuts,YieldingYams,12907232
2026-07-09T01:09:09.344271,2026-07-09T01:09:09.355078+00:00,128.4,200,bid,YieldingYams,WavyWalnuts,12907265
2026-07-09T01:09:11.707664,2026-07-09T01:09:11.716672+00:00,128.5,20,bid,BrilliantBurritos,WavyWalnuts,12907296
2026-07-09T01:09:12.451042,2026-07-09T01:09:12.457952+00:00,128.5,20,bid,BrilliantBurritos,AverageAlmonds,12907307
2026-07-09T01:09:13.003573,2026-07-09T01:09:13.013213+00:00,128.6,200,bid,WavyWalnuts,YieldingYams,12907311
2026-07-09T01:09:13.753560,2026-07-09T01:09:13.753158+00:00,128.5,500,ask,YieldingYams,AverageAlmonds,12907322
2026-07-09T01:09:17.216994,2026-07-09T01:09:17.228848+00:00,128.4,200,ask,WavyWalnuts,YieldingYams,12907363
2026-07-09T01:09:17.839555,2026-07-09T01:09:17.848867+00:00,128.4,200,bid,WavyWalnuts,YieldingYams,12907377
2026-07-09T01:09:23.895586,2026-07-09T01:09:23.906460+00:00,128.6,200,bid,WavyWalnuts,AverageAlmonds,12907442
2026-07-09T01:09:24.050503,2026-07-09T01:09:24.064105+00:00,128.5,500,ask,YieldingYams,AverageAlmonds,12907444
2026-07-09T01:09:24.645744,2026-07-09T01:09:24.656831+00:00,128.5,125,ask,YieldingYams,AverageAlmonds,12907456
2026-07-09T01:09:25.110045,2026-07-09T01:09:25.121367+00:00,128.5,200,bid,WavyWalnuts,AverageAlmonds,12907465
2026-07-09T01:09:26.317742,2026-07-09T01:09:26.326303+00:00,128.5,200,bid,WavyWalnuts,AverageAlmonds,12907482
2026-07-09T01:09:27.524480,2026-07-09T01:09:27.534887+00:00,128.5,200,bid,WavyWalnuts,AverageAlmonds,12907503
2026-07-09T01:09:28.736057,2026-07-09T01:09:28.747215+00:00,128.4,200,ask,YieldingYams,WavyWalnuts,12907532
2026-07-09T01:09:30.178383,2026-07-09T01:09:30.191891+00:00,128.3,20,ask,YieldingYams,BrilliantBurritos,12907548
2026-07-09T01:09:30.948402,2026-07-09T01:09:30.960644+00:00,128.4,20,bid,BrilliantBurritos,WavyWalnuts,12907565
2026-07-09T01:09:33.572028,2026-07-09T01:09:33.579373+00:00,128.2,200,ask,YieldingYams,WavyWalnuts,12907591
2026-07-09T01:09:34.778403,2026-07-09T01:09:34.787417+00:00,128.2,200,bid,WavyWalnuts,YieldingYams,12907611
2026-07-09T01:09:39.530782,2026-07-09T01:09:39.540676+00:00,127.9,200,ask,WavyWalnuts,YieldingYams,12907683
2026-07-09T01:09:42.143306,2026-07-09T01:09:42.147380+00:00,127.7,3,ask,WavyWalnuts,Xuanyu Liu,12907716
2026-07-09T01:09:42.161037,2026-07-09T01:09:42.168124+00:00,127.7,197,ask,WavyWalnuts,YieldingYams,12907719
2026-07-09T01:09:43.267077,2026-07-09T01:09:43.276387+00:00,127.7,200,bid,WavyWalnuts,YieldingYams,12907738
2026-07-09T01:09:43.504674,2026-07-09T01:09:43.516455+00:00,127.9,20,bid,BrilliantBurritos,WavyWalnuts,12907745
2026-07-09T01:09:45.688423,2026-07-09T01:09:45.700138+00:00,127.7,200,ask,YieldingYams,WavyWalnuts,12907776
2026-07-09T01:09:51.080469,2026-07-09T01:09:51.094487+00:00,127.8,20,ask,YieldingYams,BrilliantBurritos,12907843
2026-07-09T01:09:52.705194,2026-07-09T01:09:52.713512+00:00,127.8,200,ask,WavyWalnuts,YieldingYams,12907866
2026-07-09T01:09:52.724545,2026-07-09T01:09:52.728806+00:00,127.8,3,bid,Xuanyu Liu,YieldingYams,12907868
2026-07-09T01:09:54.149930,2026-07-09T01:09:54.164133+00:00,127.9,200,bid,WavyWalnuts,YieldingYams,12907886
2026-07-09T01:09:56.646852,2026-07-09T01:09:56.671842+00:00,127.9,200,bid,YieldingYams,WavyWalnuts,12907924
2026-07-09T01:09:57.788587,2026-07-09T01:09:57.798656+00:00,128.0,200,ask,YieldingYams,WavyWalnuts,12907933
2026-07-09T01:09:58.996525,2026-07-09T01:09:59.004108+00:00,127.8,200,ask,YieldingYams,WavyWalnuts,12907948
2026-07-09T01:09:59.087498,2026-07-09T01:09:59.094480+00:00,127.8,20,ask,YieldingYams,BrilliantBurritos,12907950
2026-07-09T01:09:59.302845,2026-07-09T01:09:59.311305+00:00,127.6,200,ask,WavyWalnuts,YieldingYams,12907958
2026-07-09T01:09:59.325357,2026-07-09T01:09:59.330085+00:00,127.6,57,bid,Xuanyu Liu,YieldingYams,12907961
2026-07-09T01:09:59.485543,2026-07-09T01:09:59.503393+00:00,127.6,10,bid,Matthew Hanna,YieldingYams,12907963
2026-07-09T01:09:59.696021,2026-07-09T01:09:59.706865+00:00,127.6,10,bid,Matthew Hanna,YieldingYams,12907967
2026-07-09T01:09:59.910352,2026-07-09T01:09:59.917862+00:00,127.6,10,bid,Matthew Hanna,YieldingYams,12907973
2026-07-09T01:10:00.122036,2026-07-09T01:10:00.133887+00:00,127.6,10,bid,Matthew Hanna,YieldingYams,12907977
2026-07-09T01:10:00.200369,2026-07-09T01:10:00.208483+00:00,127.6,200,bid,WavyWalnuts,YieldingYams,12907979
2026-07-09T01:10:00.333320,2026-07-09T01:10:00.343093+00:00,127.6,10,bid,Matthew Hanna,YieldingYams,12907980
2026-07-09T01:10:01.136532,2026-07-09T01:10:01.141082+00:00,127.5,50,ask,YieldingYams,Xuanyu Liu,12907997
2026-07-09T01:10:01.416632,2026-07-09T01:10:01.426203+00:00,127.5,200,ask,YieldingYams,WavyWalnuts,12907999
2026-07-09T01:10:02.629042,2026-07-09T01:10:02.637602+00:00,127.5,200,ask,AverageAlmonds,WavyWalnuts,12908024
2026-07-09T01:10:03.250997,2026-07-09T01:10:03.258209+00:00,127.5,500,ask,AverageAlmonds,YieldingYams,12908030
2026-07-09T01:10:03.387482,2026-07-09T01:10:03.396544+00:00,127.5,125,bid,AverageAlmonds,YieldingYams,12908034
2026-07-09T01:10:05.885738,2026-07-09T01:10:05.895442+00:00,127.6,200,ask,WavyWalnuts,YieldingYams,12908079
2026-07-09T01:10:05.885738,2026-07-09T01:10:05.895442+00:00,127.6,425,ask,AverageAlmonds,YieldingYams,12908080
2026-07-09T01:10:07.194492,2026-07-09T01:10:07.203385+00:00,127.7,200,bid,YieldingYams,WavyWalnuts,12908102
2026-07-09T01:10:07.472056,2026-07-09T01:10:07.482551+00:00,127.7,200,ask,YieldingYams,WavyWalnuts,12908104
2026-07-09T01:10:08.507325,2026-07-09T01:10:08.528672+00:00,127.7,500,ask,AverageAlmonds,YieldingYams,12908114
2026-07-09T01:10:08.524532,2026-07-09T01:10:08.528672+00:00,127.6,16,bid,Xuanyu Liu,YieldingYams,12908117
2026-07-09T01:10:08.678685,2026-07-09T01:10:08.688007+00:00,127.6,109,bid,WavyWalnuts,YieldingYams,12908118
2026-07-09T01:10:14.749784,2026-07-09T01:10:14.758571+00:00,127.7,200,ask,YieldingYams,WavyWalnuts,12908207
2026-07-09T01:10:16.379853,2026-07-09T01:10:16.387082+00:00,127.6,200,ask,WavyWalnuts,YieldingYams,12908227
2026-07-09T01:10:16.544817,2026-07-09T01:10:16.563829+00:00,127.6,20,bid,BrilliantBurritos,YieldingYams,12908229
2026-07-09T01:10:16.717523,2026-07-09T01:10:16.727151+00:00,127.6,405,bid,AverageAlmonds,YieldingYams,12908232
2026-07-09T01:10:19.001268,2026-07-09T01:10:19.016227+00:00,127.6,20,ask,WavyWalnuts,BrilliantBurritos,12908263
2026-07-09T01:10:19.590624,2026-07-09T01:10:19.597820+00:00,127.7,200,bid,WavyWalnuts,YieldingYams,12908270
2026-07-09T01:10:23.357327,2026-07-09T01:10:23.369185+00:00,127.8,20,bid,BrilliantBurritos,WavyWalnuts,12908324
2026-07-09T01:10:24.237031,2026-07-09T01:10:24.247445+00:00,127.8,180,bid,YieldingYams,WavyWalnuts,12908336
2026-07-09T01:10:24.437925,2026-07-09T01:10:24.445250+00:00,127.9,200,ask,YieldingYams,WavyWalnuts,12908343
2026-07-09T01:10:28.314250,2026-07-09T01:10:28.316293+00:00,127.6,20,ask,AverageAlmonds,BrilliantBurritos,12908390
2026-07-09T01:10:29.299325,2026-07-09T01:10:29.306494+00:00,127.8,200,bid,WavyWalnuts,YieldingYams,12908395
2026-07-09T01:10:30.379454,2026-07-09T01:10:30.391363+00:00,127.9,20,bid,BrilliantBurritos,YieldingYams,12908406
2026-07-09T01:10:34.669565,2026-07-09T01:10:34.681761+00:00,127.8,20,bid,BrilliantBurritos,WavyWalnuts,12908455
2026-07-09T01:10:34.748000,2026-07-09T01:10:34.758570+00:00,127.7,500,ask,AverageAlmonds,YieldingYams,12908460
2026-07-09T01:10:34.869547,2026-07-09T01:10:34.878252+00:00,127.7,125,bid,AverageAlmonds,YieldingYams,12908463
2026-07-09T01:10:35.791889,2026-07-09T01:10:35.803747+00:00,127.9,20,bid,BrilliantBurritos,WavyWalnuts,12908469
2026-07-09T01:10:36.556104,2026-07-09T01:10:36.558579+00:00,127.8,200,ask,YieldingYams,WavyWalnuts,12908485
2026-07-09T01:10:40.192185,2026-07-09T01:10:40.199643+00:00,127.9,200,bid,WavyWalnuts,YieldingYams,12908533
2026-07-09T01:10:40.410058,2026-07-09T01:10:40.413823+00:00,127.7,12,ask,YieldingYams,Xuanyu Liu,12908538
2026-07-09T01:10:42.279370,2026-07-09T01:10:42.284235+00:00,127.7,14,ask,YieldingYams,Xuanyu Liu,12908573
2026-07-09T01:10:42.421310,2026-07-09T01:10:42.433002+00:00,127.7,10,ask,AverageAlmonds,Matthew Hanna,12908574
2026-07-09T01:10:42.633517,2026-07-09T01:10:42.647322+00:00,127.7,10,ask,YieldingYams,Matthew Hanna,12908579
2026-07-09T01:10:42.844966,2026-07-09T01:10:42.856964+00:00,127.7,10,ask,YieldingYams,Matthew Hanna,12908586
2026-07-09T01:10:43.055913,2026-07-09T01:10:43.067545+00:00,127.7,10,ask,YieldingYams,Matthew Hanna,12908589
2026-07-09T01:10:43.266629,2026-07-09T01:10:43.278490+00:00,127.7,10,ask,YieldingYams,Matthew Hanna,12908592
2026-07-09T01:10:43.964302,2026-07-09T01:10:43.975323+00:00,127.8,500,bid,AverageAlmonds,YieldingYams,12908598
2026-07-09T01:10:44.560988,2026-07-09T01:10:44.569487+00:00,127.8,125,bid,AverageAlmonds,YieldingYams,12908613
2026-07-09T01:10:44.599139,2026-07-09T01:10:44.602792+00:00,127.8,3,ask,AverageAlmonds,Xuanyu Liu,12908615
2026-07-09T01:10:44.680978,2026-07-09T01:10:44.692934+00:00,127.8,10,ask,AverageAlmonds,Matthew Hanna,12908619
2026-07-09T01:10:44.891963,2026-07-09T01:10:44.902197+00:00,127.8,10,ask,AverageAlmonds,Matthew Hanna,12908622
2026-07-09T01:10:45.102104,2026-07-09T01:10:45.113956+00:00,127.8,10,ask,AverageAlmonds,Matthew Hanna,12908626
2026-07-09T01:10:45.243285,2026-07-09T01:10:45.286059+00:00,127.9,200,bid,YieldingYams,WavyWalnuts,12908632
2026-07-09T01:10:45.281586,2026-07-09T01:10:45.286059+00:00,128.1,7,ask,YieldingYams,Xuanyu Liu,12908635
2026-07-09T01:10:45.425412,2026-07-09T01:10:45.429460+00:00,128.3,7,bid,Xuanyu Liu,YieldingYams,12908642
2026-07-09T01:10:47.867375,2026-07-09T01:10:47.879271+00:00,128.2,200,bid,YieldingYams,WavyWalnuts,12908687
2026-07-09T01:10:47.867375,2026-07-09T01:10:47.879271+00:00,128.2,425,bid,YieldingYams,AverageAlmonds,12908688
2026-07-09T01:10:48.686794,2026-07-09T01:10:48.698462+00:00,128.2,20,bid,BrilliantBurritos,WavyWalnuts,12908696
2026-07-09T01:10:53.124327,2026-07-09T01:10:53.133663+00:00,128.0,200,ask,WavyWalnuts,YieldingYams,12908773
2026-07-09T01:10:53.488314,2026-07-09T01:10:53.497716+00:00,128.0,200,bid,WavyWalnuts,YieldingYams,12908784
2026-07-09T01:10:55.539474,2026-07-09T01:10:55.551575+00:00,127.9,20,ask,YieldingYams,BrilliantBurritos,12908812
2026-07-09T01:10:58.326912,2026-07-09T01:10:58.337902+00:00,127.8,200,ask,YieldingYams,WavyWalnuts,12908848
2026-07-09T01:10:58.349495,2026-07-09T01:10:58.361463+00:00,127.8,10,ask,YieldingYams,Matthew Hanna,12908849
2026-07-09T01:11:00.744920,2026-07-09T01:11:00.751484+00:00,127.8,200,ask,YieldingYams,WavyWalnuts,12908886
2026-07-09T01:11:01.766815,2026-07-09T01:11:01.774191+00:00,127.9,20,bid,BrilliantBurritos,YieldingYams,12908902
2026-07-09T01:11:01.952785,2026-07-09T01:11:01.952153+00:00,127.7,200,ask,YieldingYams,WavyWalnuts,12908903
2026-07-09T01:11:03.164216,2026-07-09T01:11:03.175010+00:00,127.7,200,ask,YieldingYams,WavyWalnuts,12908915
2026-07-09T01:11:03.631398,2026-07-09T01:11:03.635291+00:00,127.8,3,bid,Xuanyu Liu,YieldingYams,12908922
2026-07-09T01:11:04.373164,2026-07-09T01:11:04.380284+00:00,127.6,200,ask,YieldingYams,WavyWalnuts,12908928
2026-07-09T01:11:07.566633,2026-07-09T01:11:07.570587+00:00,127.6,14,ask,YieldingYams,Xuanyu Liu,12908973
2026-07-09T01:11:10.197387,2026-07-09T01:11:10.207398+00:00,127.6,200,ask,WavyWalnuts,YieldingYams,12909009
2026-07-09T01:11:11.629322,2026-07-09T01:11:11.638323+00:00,127.5,200,ask,YieldingYams,WavyWalnuts,12909022
2026-07-09T01:11:15.482430,2026-07-09T01:11:15.489788+00:00,127.4,200,ask,WavyWalnuts,YieldingYams,12909075
2026-07-09T01:11:18.109007,2026-07-09T01:11:18.118993+00:00,127.4,200,bid,YieldingYams,WavyWalnuts,12909114
2026-07-09T01:11:19.421211,2026-07-09T01:11:19.431679+00:00,127.5,200,ask,WavyWalnuts,YieldingYams,12909131
2026-07-09T01:11:19.437731,2026-07-09T01:11:19.441652+00:00,127.4,11,bid,Xuanyu Liu,YieldingYams,12909134
2026-07-09T01:11:23.346867,2026-07-09T01:11:23.351288+00:00,127.5,3,bid,Xuanyu Liu,WavyWalnuts,12909184
2026-07-09T01:11:23.385037,2026-07-09T01:11:23.392726+00:00,127.5,197,bid,YieldingYams,WavyWalnuts,12909187
2026-07-09T01:11:23.716381,2026-07-09T01:11:23.727410+00:00,127.5,200,ask,YieldingYams,WavyWalnuts,12909193
2026-07-09T01:11:24.925213,2026-07-09T01:11:24.936320+00:00,127.4,200,bid,WavyWalnuts,YieldingYams,12909214
2026-07-09T01:11:27.348105,2026-07-09T01:11:27.358596+00:00,127.4,200,ask,YieldingYams,WavyWalnuts,12909251
2026-07-09T01:11:31.265461,2026-07-09T01:11:31.274432+00:00,127.5,200,bid,YieldingYams,WavyWalnuts,12909299
2026-07-09T01:11:32.183872,2026-07-09T01:11:32.195066+00:00,127.5,200,ask,YieldingYams,WavyWalnuts,12909311
2026-07-09T01:11:34.841499,2026-07-09T01:11:34.858594+00:00,127.4,20,bid,BrilliantBurritos,WavyWalnuts,12909344
2026-07-09T01:11:39.200529,2026-07-09T01:11:39.204886+00:00,127.4,3,bid,Xuanyu Liu,YieldingYams,12909399
2026-07-09T01:11:39.233917,2026-07-09T01:11:39.246004+00:00,127.4,10,bid,Matthew Hanna,YieldingYams,12909401
2026-07-09T01:11:39.447389,2026-07-09T01:11:39.458572+00:00,127.4,10,bid,Matthew Hanna,YieldingYams,12909406
2026-07-09T01:11:39.475574,2026-07-09T01:11:39.479394+00:00,127.3,11,bid,Xuanyu Liu,WavyWalnuts,12909409
2026-07-09T01:11:39.658509,2026-07-09T01:11:39.670680+00:00,127.3,10,bid,Matthew Hanna,WavyWalnuts,12909410
2026-07-09T01:11:39.869499,2026-07-09T01:11:39.876679+00:00,127.2,20,ask,YieldingYams,BrilliantBurritos,12909414
2026-07-09T01:11:39.902674,2026-07-09T01:11:39.914778+00:00,127.3,10,bid,Matthew Hanna,WavyWalnuts,12909416
2026-07-09T01:11:40.113356,2026-07-09T01:11:40.125114+00:00,127.3,10,bid,Matthew Hanna,WavyWalnuts,12909418
2026-07-09T01:11:41.895710,2026-07-09T01:11:41.900742+00:00,127.2,12,bid,Xuanyu Liu,WavyWalnuts,12909447
2026-07-09T01:11:41.929328,2026-07-09T01:11:41.941527+00:00,127.2,10,bid,Matthew Hanna,WavyWalnuts,12909448
2026-07-09T01:11:42.415109,2026-07-09T01:11:42.418695+00:00,127.0,23,ask,YieldingYams,Xuanyu Liu,12909459
2026-07-09T01:11:47.924786,2026-07-09T01:11:47.934731+00:00,127.1,200,ask,YieldingYams,WavyWalnuts,12909526
2026-07-09T01:11:49.134110,2026-07-09T01:11:49.141289+00:00,127.1,200,ask,YieldingYams,WavyWalnuts,12909539
2026-07-09T01:11:50.073922,2026-07-09T01:11:50.086032+00:00,127.2,20,ask,YieldingYams,BrilliantBurritos,12909546
2026-07-09T01:11:51.557483,2026-07-09T01:11:51.569215+00:00,127.2,200,ask,YieldingYams,WavyWalnuts,12909559
2026-07-09T01:11:52.769465,2026-07-09T01:11:52.780660+00:00,127.2,200,ask,YieldingYams,WavyWalnuts,12909577
2026-07-09T01:11:56.412867,2026-07-09T01:11:56.424486+00:00,127.3,200,bid,WavyWalnuts,YieldingYams,12909637
2026-07-09T01:11:58.256645,2026-07-09T01:11:58.261174+00:00,127.2,3,ask,WavyWalnuts,Xuanyu Liu,12909655
2026-07-09T01:11:58.371982,2026-07-09T01:11:58.384166+00:00,127.2,10,ask,WavyWalnuts,Matthew Hanna,12909659
2026-07-09T01:11:58.837346,2026-07-09T01:11:58.846847+00:00,127.3,200,bid,WavyWalnuts,YieldingYams,12909666
2026-07-09T01:12:00.045672,2026-07-09T01:12:00.053375+00:00,127.3,200,bid,WavyWalnuts,YieldingYams,12909686
2026-07-09T01:12:01.644637,2026-07-09T01:12:01.658634+00:00,127.4,20,ask,YieldingYams,BrilliantBurritos,12909710
2026-07-09T01:12:02.468563,2026-07-09T01:12:02.478020+00:00,127.4,200,ask,YieldingYams,WavyWalnuts,12909719
2026-07-09T01:12:04.155327,2026-07-09T01:12:04.164136+00:00,127.4,200,bid,YieldingYams,WavyWalnuts,12909736
2026-07-09T01:12:06.102164,2026-07-09T01:12:06.109989+00:00,127.5,200,bid,WavyWalnuts,YieldingYams,12909761
2026-07-09T01:12:06.283842,2026-07-09T01:12:06.291794+00:00,127.5,20,bid,BrilliantBurritos,YieldingYams,12909766
2026-07-09T01:12:08.150423,2026-07-09T01:12:08.163788+00:00,127.4,500,ask,YieldingYams,AverageAlmonds,12909785
2026-07-09T01:12:09.064358,2026-07-09T01:12:09.068149+00:00,127.4,26,ask,YieldingYams,Xuanyu Liu,12909798
2026-07-09T01:12:09.203847,2026-07-09T01:12:09.211647+00:00,127.4,10,ask,YieldingYams,Matthew Hanna,12909801
2026-07-09T01:12:09.355158,2026-07-09T01:12:09.365474+00:00,127.4,89,ask,YieldingYams,AverageAlmonds,12909809
2026-07-09T01:12:09.422485,2026-07-09T01:12:09.431854+00:00,127.3,10,ask,WavyWalnuts,Matthew Hanna,12909810
2026-07-09T01:12:09.433702,2026-07-09T01:12:09.442362+00:00,127.3,190,ask,WavyWalnuts,YieldingYams,12909811
2026-07-09T01:12:10.150727,2026-07-09T01:12:10.163906+00:00,127.2,20,bid,BrilliantBurritos,YieldingYams,12909819
2026-07-09T01:12:10.743499,2026-07-09T01:12:10.750460+00:00,127.2,200,bid,YieldingYams,WavyWalnuts,12909828
2026-07-09T01:12:10.849575,2026-07-09T01:12:10.858618+00:00,127.4,10,ask,YieldingYams,Matthew Hanna,12909831
2026-07-09T01:12:10.940544,2026-07-09T01:12:10.952577+00:00,127.4,200,ask,YieldingYams,WavyWalnuts,12909833
2026-07-09T01:12:11.059295,2026-07-09T01:12:11.071244+00:00,127.4,10,ask,YieldingYams,Matthew Hanna,12909835
2026-07-09T01:12:11.272218,2026-07-09T01:12:11.281818+00:00,127.4,10,ask,YieldingYams,Matthew Hanna,12909840
2026-07-09T01:12:12.150761,2026-07-09T01:12:12.169020+00:00,127.2,200,ask,YieldingYams,WavyWalnuts,12909856
2026-07-09T01:12:13.360763,2026-07-09T01:12:13.368919+00:00,127.2,200,ask,YieldingYams,WavyWalnuts,12909873
2026-07-09T01:12:14.570392,2026-07-09T01:12:14.580429+00:00,127.1,200,bid,WavyWalnuts,YieldingYams,12909885
2026-07-09T01:12:15.779080,2026-07-09T01:12:15.790289+00:00,127.1,200,bid,WavyWalnuts,YieldingYams,12909902
2026-07-09T01:12:16.856295,2026-07-09T01:12:16.854995+00:00,127.3,20,bid,BrilliantBurritos,WavyWalnuts,12909921
2026-07-09T01:12:19.410954,2026-07-09T01:12:19.418113+00:00,127.2,200,bid,WavyWalnuts,YieldingYams,12909965
2026-07-09T01:12:22.557675,2026-07-09T01:12:22.564538+00:00,127.0,200,ask,WavyWalnuts,YieldingYams,12910020
2026-07-09T01:12:22.576201,2026-07-09T01:12:22.580474+00:00,127.0,12,bid,Xuanyu Liu,YieldingYams,12910022
2026-07-09T01:12:25.223762,2026-07-09T01:12:25.235894+00:00,127.0,20,ask,WavyWalnuts,BrilliantBurritos,12910067
2026-07-09T01:12:26.380162,2026-07-09T01:12:26.388494+00:00,127.1,20,bid,BrilliantBurritos,YieldingYams,12910085
2026-07-09T01:12:30.330916,2026-07-09T01:12:30.339055+00:00,127.0,200,ask,YieldingYams,WavyWalnuts,12910139
2026-07-09T01:12:31.540345,2026-07-09T01:12:31.547436+00:00,127.1,200,ask,AverageAlmonds,WavyWalnuts,12910163
2026-07-09T01:12:33.959567,2026-07-09T01:12:33.970300+00:00,127.2,200,ask,AverageAlmonds,WavyWalnuts,12910199
2026-07-09T01:12:35.170280,2026-07-09T01:12:35.181367+00:00,127.2,200,ask,AverageAlmonds,WavyWalnuts,12910216
2026-07-09T01:12:35.384570,2026-07-09T01:12:35.396633+00:00,127.3,500,bid,AverageAlmonds,YieldingYams,12910219
2026-07-09T01:12:36.382870,2026-07-09T01:12:36.390487+00:00,127.4,200,ask,YieldingYams,WavyWalnuts,12910239
2026-07-09T01:12:37.590971,2026-07-09T01:12:37.598894+00:00,127.4,200,ask,YieldingYams,WavyWalnuts,12910267
2026-07-09T01:12:38.800667,2026-07-09T01:12:38.808709+00:00,127.4,200,ask,YieldingYams,WavyWalnuts,12910281
2026-07-09T01:12:39.701209,2026-07-09T01:12:39.705539+00:00,127.4,14,bid,Xuanyu Liu,YieldingYams,12910294
2026-07-09T01:12:41.219145,2026-07-09T01:12:41.229888+00:00,127.2,200,ask,AverageAlmonds,WavyWalnuts,12910315
2026-07-09T01:12:42.432413,2026-07-09T01:12:42.441210+00:00,127.3,200,ask,YieldingYams,WavyWalnuts,12910338
2026-07-09T01:12:43.640629,2026-07-09T01:12:43.650258+00:00,127.3,200,ask,YieldingYams,WavyWalnuts,12910358
2026-07-09T01:12:44.059701,2026-07-09T01:12:44.069110+00:00,127.3,20,ask,YieldingYams,BrilliantBurritos,12910367
2026-07-09T01:12:44.850639,2026-07-09T01:12:44.859670+00:00,127.3,200,ask,YieldingYams,WavyWalnuts,12910377
2026-07-09T01:12:45.055735,2026-07-09T01:12:45.068681+00:00,127.2,20,ask,YieldingYams,BrilliantBurritos,12910382
2026-07-09T01:12:46.230966,2026-07-09T01:12:46.241604+00:00,127.3,200,bid,YieldingYams,WavyWalnuts,12910391
2026-07-09T01:12:47.564798,2026-07-09T01:12:47.576788+00:00,127.2,200,ask,WavyWalnuts,YieldingYams,12910417
2026-07-09T01:12:48.378181,2026-07-09T01:12:48.389560+00:00,127.2,20,bid,BrilliantBurritos,YieldingYams,12910423
2026-07-09T01:12:51.018483,2026-07-09T01:12:51.026242+00:00,127.2,20,bid,BrilliantBurritos,YieldingYams,12910461
2026-07-09T01:12:53.191909,2026-07-09T01:12:53.199767+00:00,127.0,20,ask,AverageAlmonds,BrilliantBurritos,12910490
2026-07-09T01:12:53.322841,2026-07-09T01:12:53.331520+00:00,127.0,200,ask,AverageAlmonds,WavyWalnuts,12910494
2026-07-09T01:12:54.532291,2026-07-09T01:12:54.539760+00:00,127.1,200,ask,AverageAlmonds,WavyWalnuts,12910506
2026-07-09T01:12:54.780474,2026-07-09T01:12:54.790454+00:00,127.2,500,bid,AverageAlmonds,YieldingYams,12910510
2026-07-09T01:12:55.739559,2026-07-09T01:12:55.749879+00:00,127.2,200,ask,YieldingYams,WavyWalnuts,12910524
2026-07-09T01:12:56.947620,2026-07-09T01:12:56.958606+00:00,127.1,200,ask,AverageAlmonds,WavyWalnuts,12910544
2026-07-09T01:12:59.370496,2026-07-09T01:12:59.379299+00:00,127.2,200,ask,YieldingYams,WavyWalnuts,12910569
2026-07-09T01:13:01.790058,2026-07-09T01:13:01.798965+00:00,127.2,200,ask,YieldingYams,WavyWalnuts,12910606
2026-07-09T01:13:03.001836,2026-07-09T01:13:03.010200+00:00,127.2,200,ask,YieldingYams,WavyWalnuts,12910627
2026-07-09T01:13:03.310198,2026-07-09T01:13:03.313997+00:00,127.2,3,bid,Xuanyu Liu,YieldingYams,12910635
2026-07-09T01:13:03.397128,2026-07-09T01:13:03.406845+00:00,127.2,10,bid,Matthew Hanna,YieldingYams,12910639
2026-07-09T01:13:03.606607,2026-07-09T01:13:03.618759+00:00,127.2,10,bid,Matthew Hanna,YieldingYams,12910641
2026-07-09T01:13:03.818347,2026-07-09T01:13:03.827274+00:00,127.2,10,bid,Matthew Hanna,YieldingYams,12910645
2026-07-09T01:13:04.029507,2026-07-09T01:13:04.041637+00:00,127.2,10,bid,Matthew Hanna,YieldingYams,12910651
2026-07-09T01:13:04.245005,2026-07-09T01:13:04.258540+00:00,127.2,10,bid,Matthew Hanna,YieldingYams,12910655
2026-07-09T01:13:05.422073,2026-07-09T01:13:05.432615+00:00,127.1,200,ask,YieldingYams,WavyWalnuts,12910681
2026-07-09T01:13:10.261553,2026-07-09T01:13:10.270585+00:00,127.1,200,ask,YieldingYams,WavyWalnuts,12910754
2026-07-09T01:13:13.027477,2026-07-09T01:13:13.038848+00:00,127.0,20,ask,YieldingYams,BrilliantBurritos,12910788
2026-07-09T01:13:13.786525,2026-07-09T01:13:13.797924+00:00,127.1,200,bid,YieldingYams,WavyWalnuts,12910794
2026-07-09T01:13:13.892267,2026-07-09T01:13:13.904202+00:00,127.2,200,ask,YieldingYams,WavyWalnuts,12910797
2026-07-09T01:13:15.107753,2026-07-09T01:13:15.117711+00:00,127.2,200,bid,WavyWalnuts,YieldingYams,12910817
2026-07-09T01:13:16.318443,2026-07-09T01:13:16.328700+00:00,127.2,200,bid,WavyWalnuts,YieldingYams,12910835
2026-07-09T01:13:17.528823,2026-07-09T01:13:17.537861+00:00,127.2,200,bid,WavyWalnuts,YieldingYams,12910858
2026-07-09T01:13:18.738283,2026-07-09T01:13:18.745571+00:00,127.1,200,bid,WavyWalnuts,YieldingYams,12910871
2026-07-09T01:13:19.947033,2026-07-09T01:13:19.956596+00:00,127.1,200,bid,WavyWalnuts,YieldingYams,12910887
2026-07-09T01:13:21.155715,2026-07-09T01:13:21.164820+00:00,127.0,200,bid,WavyWalnuts,YieldingYams,12910909
2026-07-09T01:13:22.380054,2026-07-09T01:13:22.384103+00:00,127.0,3,ask,WavyWalnuts,Xuanyu Liu,12910926
2026-07-09T01:13:23.575976,2026-07-09T01:13:23.585944+00:00,127.1,200,ask,YieldingYams,WavyWalnuts,12910945
2026-07-09T01:13:25.333992,2026-07-09T01:13:25.346039+00:00,127.2,20,bid,BrilliantBurritos,WavyWalnuts,12910975
2026-07-09T01:13:26.979603,2026-07-09T01:13:26.986886+00:00,127.3,20,bid,BrilliantBurritos,WavyWalnuts,12911006
2026-07-09T01:13:29.249041,2026-07-09T01:13:29.258922+00:00,127.3,20,bid,BrilliantBurritos,YieldingYams,12911032
2026-07-09T01:13:30.046638,2026-07-09T01:13:30.050249+00:00,127.4,3,bid,Xuanyu Liu,AverageAlmonds,12911054
2026-07-09T01:13:30.834444,2026-07-09T01:13:30.846314+00:00,127.4,200,bid,WavyWalnuts,AverageAlmonds,12911065
2026-07-09T01:13:30.864247,2026-07-09T01:13:30.871881+00:00,127.4,300,bid,YieldingYams,AverageAlmonds,12911066
2026-07-09T01:13:31.139573,2026-07-09T01:13:31.172755+00:00,127.4,325,ask,YieldingYams,AverageAlmonds,12911073
2026-07-09T01:13:31.168672,2026-07-09T01:13:31.172755+00:00,127.3,11,bid,Xuanyu Liu,AverageAlmonds,12911076
2026-07-09T01:13:32.177043,2026-07-09T01:13:32.187956+00:00,127.2,200,ask,WavyWalnuts,YieldingYams,12911088
2026-07-09T01:13:32.551851,2026-07-09T01:13:32.563780+00:00,126.9,20,ask,YieldingYams,BrilliantBurritos,12911097
2026-07-09T01:13:33.270661,2026-07-09T01:13:33.274569+00:00,127.1,11,ask,WavyWalnuts,Xuanyu Liu,12911112
2026-07-09T01:13:34.488645,2026-07-09T01:13:34.492943+00:00,127.2,3,ask,WavyWalnuts,Xuanyu Liu,12911128
2026-07-09T01:13:34.803583,2026-07-09T01:13:34.811361+00:00,127.2,197,ask,WavyWalnuts,YieldingYams,12911134
2026-07-09T01:13:36.114142,2026-07-09T01:13:36.124814+00:00,127.2,200,bid,YieldingYams,WavyWalnuts,12911157
2026-07-09T01:13:36.315048,2026-07-09T01:13:36.319144+00:00,127.3,14,bid,Xuanyu Liu,AverageAlmonds,12911163
2026-07-09T01:13:36.573320,2026-07-09T01:13:36.584427+00:00,127.2,425,ask,YieldingYams,AverageAlmonds,12911166
2026-07-09T01:13:36.593743,2026-07-09T01:13:36.597606+00:00,127.2,12,bid,Xuanyu Liu,AverageAlmonds,12911168
2026-07-09T01:13:36.714996,2026-07-09T01:13:36.723418+00:00,127.2,10,bid,Matthew Hanna,AverageAlmonds,12911169
2026-07-09T01:13:36.876166,2026-07-09T01:13:36.885976+00:00,127.2,53,bid,WavyWalnuts,AverageAlmonds,12911171
2026-07-09T01:13:37.207734,2026-07-09T01:13:37.216955+00:00,127.3,147,ask,WavyWalnuts,AverageAlmonds,12911176
2026-07-09T01:13:37.325549,2026-07-09T01:13:37.337838+00:00,127.2,10,bid,Matthew Hanna,AverageAlmonds,12911182
2026-07-09T01:13:37.538292,2026-07-09T01:13:37.548810+00:00,127.2,5,bid,Matthew Hanna,AverageAlmonds,12911191
2026-07-09T01:13:37.837479,2026-07-09T01:13:37.841341+00:00,127.1,11,bid,Xuanyu Liu,AverageAlmonds,12911197
2026-07-09T01:13:38.085407,2026-07-09T01:13:38.094036+00:00,127.1,200,bid,WavyWalnuts,AverageAlmonds,12911198
2026-07-09T01:13:38.741053,2026-07-09T01:13:38.748625+00:00,127.1,500,bid,YieldingYams,AverageAlmonds,12911203
2026-07-09T01:13:39.017593,2026-07-09T01:13:39.028045+00:00,127.1,125,ask,YieldingYams,AverageAlmonds,12911210
2026-07-09T01:13:39.296198,2026-07-09T01:13:39.305791+00:00,127.1,200,bid,WavyWalnuts,AverageAlmonds,12911214
2026-07-09T01:13:39.684346,2026-07-09T01:13:39.696140+00:00,126.3,20,ask,AverageAlmonds,BrilliantBurritos,12911221
2026-07-09T01:13:40.081213,2026-07-09T01:13:40.085095+00:00,126.9,23,ask,YieldingYams,Xuanyu Liu,12911233
2026-07-09T01:13:41.388770,2026-07-09T01:13:41.400178+00:00,127.0,500,bid,YieldingYams,AverageAlmonds,12911246
2026-07-09T01:13:41.406331,2026-07-09T01:13:41.410557+00:00,127.0,11,ask,YieldingYams,Xuanyu Liu,12911249
2026-07-09T01:13:41.426676,2026-07-09T01:13:41.436598+00:00,127.0,114,ask,YieldingYams,AverageAlmonds,12911250
2026-07-09T01:13:42.333812,2026-07-09T01:13:42.345752+00:00,126.9,20,bid,BrilliantBurritos,AverageAlmonds,12911262
2026-07-09T01:13:42.665308,2026-07-09T01:13:42.669647+00:00,126.9,23,bid,Xuanyu Liu,AverageAlmonds,12911267
2026-07-09T01:13:42.922213,2026-07-09T01:13:42.930336+00:00,126.9,200,bid,WavyWalnuts,AverageAlmonds,12911271
2026-07-09T01:13:44.130644,2026-07-09T01:13:44.139650+00:00,126.9,200,bid,WavyWalnuts,AverageAlmonds,12911283
2026-07-09T01:13:47.764011,2026-07-09T01:13:47.774176+00:00,126.9,200,bid,WavyWalnuts,YieldingYams,12911343
2026-07-09T01:13:49.836446,2026-07-09T01:13:49.846021+00:00,126.9,20,ask,WavyWalnuts,BrilliantBurritos,12911367
2026-07-09T01:13:50.184613,2026-07-09T01:13:50.195014+00:00,127.0,200,bid,WavyWalnuts,YieldingYams,12911374
2026-07-09T01:13:51.736727,2026-07-09T01:13:51.745457+00:00,127.0,500,ask,YieldingYams,AverageAlmonds,12911401
2026-07-09T01:13:51.894079,2026-07-09T01:13:51.904830+00:00,126.9,200,ask,WavyWalnuts,YieldingYams,12911405
2026-07-09T01:13:54.516174,2026-07-09T01:13:54.526395+00:00,126.9,200,bid,YieldingYams,WavyWalnuts,12911449
2026-07-09T01:13:56.232576,2026-07-09T01:13:56.242562+00:00,127.1,200,ask,YieldingYams,WavyWalnuts,12911470
2026-07-09T01:14:01.099859,2026-07-09T01:14:01.103880+00:00,127.0,11,bid,Xuanyu Liu,WavyWalnuts,12911540
2026-07-09T01:14:02.292890,2026-07-09T01:14:02.301236+00:00,126.9,200,ask,YieldingYams,WavyWalnuts,12911555
2026-07-09T01:14:02.894048,2026-07-09T01:14:02.905837+00:00,126.7,20,ask,WavyWalnuts,BrilliantBurritos,12911564
2026-07-09T01:14:04.244321,2026-07-09T01:14:04.241355+00:00,126.9,20,bid,BrilliantBurritos,WavyWalnuts,12911582
2026-07-09T01:14:04.708986,2026-07-09T01:14:04.715872+00:00,126.9,200,bid,WavyWalnuts,YieldingYams,12911587
2026-07-09T01:14:09.550145,2026-07-09T01:14:09.558878+00:00,126.8,200,ask,YieldingYams,WavyWalnuts,12911655
2026-07-09T01:14:11.229887,2026-07-09T01:14:11.233419+00:00,126.7,11,ask,WavyWalnuts,Xuanyu Liu,12911693
2026-07-09T01:14:11.449488,2026-07-09T01:14:11.456033+00:00,126.8,20,bid,BrilliantBurritos,YieldingYams,12911696
2026-07-09T01:14:12.293413,2026-07-09T01:14:12.304745+00:00,126.8,500,bid,AverageAlmonds,YieldingYams,12911705
2026-07-09T01:14:12.869226,2026-07-09T01:14:12.915431+00:00,126.9,200,bid,YieldingYams,WavyWalnuts,12911711
2026-07-09T01:14:12.911271,2026-07-09T01:14:12.915431+00:00,126.9,23,ask,YieldingYams,Xuanyu Liu,12911713
2026-07-09T01:14:13.178240,2026-07-09T01:14:13.185187+00:00,126.9,200,ask,YieldingYams,WavyWalnuts,12911717
2026-07-09T01:14:14.185113,2026-07-09T01:14:14.195295+00:00,126.9,500,ask,AverageAlmonds,YieldingYams,12911728
2026-07-09T01:14:14.384928,2026-07-09T01:14:14.392311+00:00,126.8,125,bid,WavyWalnuts,YieldingYams,12911735
2026-07-09T01:14:15.598673,2026-07-09T01:14:15.610032+00:00,127.0,200,ask,YieldingYams,WavyWalnuts,12911748
2026-07-09T01:14:15.806065,2026-07-09T01:14:15.818191+00:00,127.0,20,ask,YieldingYams,BrilliantBurritos,12911750
2026-07-09T01:14:18.118237,2026-07-09T01:14:18.128731+00:00,127.1,200,bid,YieldingYams,WavyWalnuts,12911793
2026-07-09T01:14:19.442557,2026-07-09T01:14:19.446761+00:00,127.2,3,ask,YieldingYams,Xuanyu Liu,12911811
2026-07-09T01:14:20.440123,2026-07-09T01:14:20.448769+00:00,127.2,200,ask,YieldingYams,WavyWalnuts,12911825
2026-07-09T01:14:21.332023,2026-07-09T01:14:21.340053+00:00,127.2,20,bid,BrilliantBurritos,YieldingYams,12911830
2026-07-09T01:14:25.275272,2026-07-09T01:14:25.281883+00:00,127.2,200,bid,WavyWalnuts,YieldingYams,12911883
2026-07-09T01:14:28.904816,2026-07-09T01:14:28.914678+00:00,127.2,200,ask,YieldingYams,WavyWalnuts,12911932
2026-07-09T01:14:31.320138,2026-07-09T01:14:31.327848+00:00,127.2,200,bid,WavyWalnuts,YieldingYams,12911968
2026-07-09T01:14:33.754364,2026-07-09T01:14:33.764956+00:00,127.0,200,ask,YieldingYams,WavyWalnuts,12911999
2026-07-09T01:14:34.756696,2026-07-09T01:14:34.758614+00:00,127.3,20,bid,BrilliantBurritos,YieldingYams,12912013
2026-07-09T01:14:36.484438,2026-07-09T01:14:36.493268+00:00,127.1,500,ask,AverageAlmonds,YieldingYams,12912046
2026-07-09T01:14:36.489276,2026-07-09T01:14:36.493268+00:00,127.1,26,bid,Xuanyu Liu,YieldingYams,12912047
2026-07-09T01:14:36.528641,2026-07-09T01:14:36.532808+00:00,127.1,11,bid,Xuanyu Liu,YieldingYams,12912049
2026-07-09T01:14:37.793964,2026-07-09T01:14:37.802578+00:00,127.2,200,bid,YieldingYams,WavyWalnuts,12912073
2026-07-09T01:14:41.010726,2026-07-09T01:14:41.018157+00:00,127.1,200,ask,YieldingYams,WavyWalnuts,12912124
2026-07-09T01:14:43.787132,2026-07-09T01:14:43.798288+00:00,127.1,500,bid,AverageAlmonds,YieldingYams,12912166
2026-07-09T01:14:44.386681,2026-07-09T01:14:44.397727+00:00,127.1,200,bid,AverageAlmonds,WavyWalnuts,12912172
2026-07-09T01:14:44.427156,2026-07-09T01:14:44.431610+00:00,127.2,23,ask,AverageAlmonds,Xuanyu Liu,12912174
2026-07-09T01:14:45.733647,2026-07-09T01:14:45.741058+00:00,127.2,500,ask,AverageAlmonds,YieldingYams,12912193
2026-07-09T01:14:45.846400,2026-07-09T01:14:45.858576+00:00,127.2,125,bid,WavyWalnuts,YieldingYams,12912196
2026-07-09T01:14:49.482675,2026-07-09T01:14:49.489263+00:00,127.2,200,bid,WavyWalnuts,YieldingYams,12912254
2026-07-09T01:14:50.691974,2026-07-09T01:14:50.703084+00:00,127.2,200,bid,WavyWalnuts,YieldingYams,12912275
2026-07-09T01:14:54.898574,2026-07-09T01:14:54.910363+00:00,127.2,500,ask,AverageAlmonds,YieldingYams,12912332
2026-07-09T01:14:58.824134,2026-07-09T01:14:58.831499+00:00,127.3,200,bid,YieldingYams,WavyWalnuts,12912401
2026-07-09T01:15:01.588045,2026-07-09T01:15:01.599534+00:00,127.4,200,ask,YieldingYams,WavyWalnuts,12912440
2026-07-09T01:15:01.838308,2026-07-09T01:15:01.842706+00:00,127.4,14,ask,YieldingYams,Xuanyu Liu,12912443
2026-07-09T01:15:02.905563,2026-07-09T01:15:02.914503+00:00,127.5,10,ask,WavyWalnuts,Matthew Hanna,12912448
2026-07-09T01:15:03.117258,2026-07-09T01:15:03.128469+00:00,127.5,10,ask,WavyWalnuts,Matthew Hanna,12912452
2026-07-09T01:15:03.330068,2026-07-09T01:15:03.339836+00:00,127.5,5,ask,WavyWalnuts,Matthew Hanna,12912457
2026-07-09T01:15:07.912906,2026-07-09T01:15:07.921124+00:00,127.5,20,bid,BrilliantBurritos,YieldingYams,12912506
2026-07-09T01:15:11.358623,2026-07-09T01:15:11.372045+00:00,127.2,10,ask,AverageAlmonds,Matthew Hanna,12912552
2026-07-09T01:15:11.368419,2026-07-09T01:15:11.372045+00:00,127.2,14,ask,AverageAlmonds,Xuanyu Liu,12912555
2026-07-09T01:15:11.570360,2026-07-09T01:15:11.582451+00:00,127.2,10,ask,WavyWalnuts,Matthew Hanna,12912558
2026-07-09T01:15:11.782628,2026-07-09T01:15:11.794518+00:00,127.2,10,ask,AverageAlmonds,Matthew Hanna,12912561
2026-07-09T01:15:11.992695,2026-07-09T01:15:12.004798+00:00,127.2,10,ask,WavyWalnuts,Matthew Hanna,12912571
2026-07-09T01:15:12.204878,2026-07-09T01:15:12.216957+00:00,127.2,10,ask,WavyWalnuts,Matthew Hanna,12912574
2026-07-09T01:15:15.914099,2026-07-09T01:15:15.922390+00:00,127.4,200,bid,YieldingYams,WavyWalnuts,12912621
2026-07-09T01:15:16.112712,2026-07-09T01:15:16.122499+00:00,127.4,200,ask,YieldingYams,WavyWalnuts,12912623
2026-07-09T01:15:17.108356,2026-07-09T01:15:17.121050+00:00,127.4,20,ask,YieldingYams,BrilliantBurritos,12912633
2026-07-09T01:15:17.228822,2026-07-09T01:15:17.248354+00:00,127.3,500,ask,AverageAlmonds,YieldingYams,12912639
2026-07-09T01:15:17.244528,2026-07-09T01:15:17.248354+00:00,127.2,4,bid,Xuanyu Liu,YieldingYams,12912641
2026-07-09T01:15:17.689982,2026-07-09T01:15:17.696901+00:00,127.2,121,bid,AverageAlmonds,YieldingYams,12912654
2026-07-09T01:15:18.535755,2026-07-09T01:15:18.559685+00:00,127.4,200,bid,YieldingYams,WavyWalnuts,12912664
2026-07-09T01:15:18.555019,2026-07-09T01:15:18.559685+00:00,127.5,27,ask,YieldingYams,Xuanyu Liu,12912666
2026-07-09T01:15:18.841225,2026-07-09T01:15:18.853418+00:00,127.5,10,ask,YieldingYams,Matthew Hanna,12912675
2026-07-09T01:15:19.741534,2026-07-09T01:15:19.748685+00:00,127.5,200,ask,YieldingYams,WavyWalnuts,12912684
2026-07-09T01:15:19.866617,2026-07-09T01:15:19.871291+00:00,127.6,11,bid,Xuanyu Liu,YieldingYams,12912691
2026-07-09T01:15:19.973375,2026-07-09T01:15:19.981718+00:00,127.6,20,bid,BrilliantBurritos,YieldingYams,12912693
2026-07-09T01:15:20.824261,2026-07-09T01:15:20.828595+00:00,127.6,26,bid,Xuanyu Liu,YieldingYams,12912714
2026-07-09T01:15:20.856393,2026-07-09T01:15:20.864868+00:00,127.6,10,bid,Matthew Hanna,YieldingYams,12912715
2026-07-09T01:15:21.066698,2026-07-09T01:15:21.078436+00:00,127.5,10,bid,Matthew Hanna,WavyWalnuts,12912718
2026-07-09T01:15:21.156293,2026-07-09T01:15:21.163956+00:00,127.5,190,bid,YieldingYams,WavyWalnuts,12912724
2026-07-09T01:15:22.640886,2026-07-09T01:15:22.652678+00:00,127.4,20,ask,WavyWalnuts,BrilliantBurritos,12912745
2026-07-09T01:15:25.088892,2026-07-09T01:15:25.100116+00:00,127.5,200,bid,YieldingYams,WavyWalnuts,12912780
2026-07-09T01:15:30.355010,2026-07-09T01:15:30.358586+00:00,127.5,200,bid,YieldingYams,WavyWalnuts,12912840
2026-07-09T01:15:30.355010,2026-07-09T01:15:30.368954+00:00,127.6,425,bid,YieldingYams,AverageAlmonds,12912841
2026-07-09T01:15:31.923941,2026-07-09T01:15:31.934208+00:00,127.5,20,bid,BrilliantBurritos,WavyWalnuts,12912860
2026-07-09T01:15:34.252771,2026-07-09T01:15:34.258705+00:00,127.5,200,bid,WavyWalnuts,YieldingYams,12912884
2026-07-09T01:15:37.085119,2026-07-09T01:15:37.093195+00:00,127.4,500,ask,YieldingYams,AverageAlmonds,12912912
2026-07-09T01:15:37.678086,2026-07-09T01:15:37.689899+00:00,127.4,125,ask,YieldingYams,AverageAlmonds,12912919
2026-07-09T01:15:37.707080,2026-07-09T01:15:37.716083+00:00,127.4,10,bid,Matthew Hanna,AverageAlmonds,12912921
2026-07-09T01:15:38.222403,2026-07-09T01:15:38.233598+00:00,127.3,200,ask,WavyWalnuts,YieldingYams,12912929
2026-07-09T01:15:38.241472,2026-07-09T01:15:38.245757+00:00,127.2,3,bid,Xuanyu Liu,YieldingYams,12912931
2026-07-09T01:15:38.326978,2026-07-09T01:15:38.341490+00:00,127.2,10,bid,Matthew Hanna,YieldingYams,12912932
2026-07-09T01:15:38.540505,2026-07-09T01:15:38.552231+00:00,127.2,10,bid,Matthew Hanna,YieldingYams,12912935
2026-07-09T01:15:38.750675,2026-07-09T01:15:38.757329+00:00,127.2,10,bid,Matthew Hanna,YieldingYams,12912940
2026-07-09T01:15:38.961597,2026-07-09T01:15:38.973254+00:00,127.2,10,bid,Matthew Hanna,YieldingYams,12912947
2026-07-09T01:15:39.087911,2026-07-09T01:15:39.097635+00:00,127.2,200,bid,WavyWalnuts,YieldingYams,12912951
2026-07-09T01:15:39.539966,2026-07-09T01:15:39.558673+00:00,127.2,500,bid,YieldingYams,AverageAlmonds,12912953
2026-07-09T01:15:40.118167,2026-07-09T01:15:40.130076+00:00,127.2,125,ask,YieldingYams,AverageAlmonds,12912959
2026-07-09T01:15:40.855667,2026-07-09T01:15:40.858641+00:00,127.0,200,ask,WavyWalnuts,YieldingYams,12912965
2026-07-09T01:15:40.882191,2026-07-09T01:15:40.886624+00:00,126.9,23,bid,Xuanyu Liu,YieldingYams,12912968
2026-07-09T01:15:40.975373,2026-07-09T01:15:40.987476+00:00,126.9,10,bid,Matthew Hanna,YieldingYams,12912969
2026-07-09T01:15:41.505938,2026-07-09T01:15:41.515364+00:00,126.9,200,bid,WavyWalnuts,YieldingYams,12912976
2026-07-09T01:15:41.567905,2026-07-09T01:15:41.580191+00:00,126.9,20,bid,BrilliantBurritos,YieldingYams,12912978
2026-07-09T01:15:42.151775,2026-07-09T01:15:42.153123+00:00,126.9,20,bid,BrilliantBurritos,YieldingYams,12913000
2026-07-09T01:15:43.923423,2026-07-09T01:15:43.868470+00:00,127.0,200,bid,WavyWalnuts,YieldingYams,12913032
2026-07-09T01:15:45.137722,2026-07-09T01:15:45.146306+00:00,127.0,200,bid,WavyWalnuts,YieldingYams,12913053
2026-07-09T01:15:46.346847,2026-07-09T01:15:46.358577+00:00,127.1,200,bid,WavyWalnuts,YieldingYams,12913074
2026-07-09T01:15:49.402865,2026-07-09T01:15:49.411146+00:00,127.1,10,bid,Matthew Hanna,YieldingYams,12913126
2026-07-09T01:15:49.612872,2026-07-09T01:15:49.619665+00:00,127.1,5,bid,Matthew Hanna,YieldingYams,12913133
2026-07-09T01:15:50.765382,2026-07-09T01:15:50.774695+00:00,127.1,20,bid,BrilliantBurritos,YieldingYams,12913154
2026-07-09T01:15:51.187300,2026-07-09T01:15:51.195122+00:00,127.1,200,bid,WavyWalnuts,YieldingYams,12913159
2026-07-09T01:15:53.970521,2026-07-09T01:15:53.977750+00:00,127.2,200,bid,YieldingYams,WavyWalnuts,12913201
2026-07-09T01:15:56.619945,2026-07-09T01:15:56.624063+00:00,127.3,12,ask,YieldingYams,Xuanyu Liu,12913237
2026-07-09T01:15:58.447172,2026-07-09T01:15:58.454214+00:00,127.5,200,bid,WavyWalnuts,YieldingYams,12913262
2026-07-09T01:16:05.216157,2026-07-09T01:16:05.220675+00:00,127.4,11,ask,YieldingYams,Xuanyu Liu,12913369
2026-07-09T01:16:05.963424,2026-07-09T01:16:05.975286+00:00,127.3,20,ask,WavyWalnuts,BrilliantBurritos,12913378
2026-07-09T01:16:07.541851,2026-07-09T01:16:07.551792+00:00,127.5,20,bid,BrilliantBurritos,YieldingYams,12913414
2026-07-09T01:16:11.053290,2026-07-09T01:16:11.063764+00:00,127.2,200,ask,WavyWalnuts,YieldingYams,12913460
2026-07-09T01:16:14.174955,2026-07-09T01:16:14.183557+00:00,127.2,200,ask,YieldingYams,WavyWalnuts,12913504
2026-07-09T01:16:15.385011,2026-07-09T01:16:15.392935+00:00,127.3,200,ask,AverageAlmonds,WavyWalnuts,12913515
2026-07-09T01:16:19.015297,2026-07-09T01:16:19.024567+00:00,127.3,200,ask,AverageAlmonds,WavyWalnuts,12913553
2026-07-09T01:16:19.246422,2026-07-09T01:16:19.258140+00:00,127.5,20,bid,BrilliantBurritos,YieldingYams,12913559
2026-07-09T01:16:20.224537,2026-07-09T01:16:20.231479+00:00,127.3,200,ask,YieldingYams,WavyWalnuts,12913574
2026-07-09T01:16:21.011869,2026-07-09T01:16:21.015900+00:00,127.5,23,bid,Xuanyu Liu,YieldingYams,12913589
2026-07-09T01:16:21.586187,2026-07-09T01:16:21.599335+00:00,127.4,11,bid,Xuanyu Liu,YieldingYams,12913600
2026-07-09T01:16:25.513300,2026-07-09T01:16:25.566705+00:00,127.5,200,bid,YieldingYams,WavyWalnuts,12913649
2026-07-09T01:16:25.562311,2026-07-09T01:16:25.566705+00:00,127.5,11,ask,YieldingYams,Xuanyu Liu,12913652
2026-07-09T01:16:28.819081,2026-07-09T01:16:28.829756+00:00,127.5,20,bid,BrilliantBurritos,WavyWalnuts,12913694
2026-07-09T01:16:29.454314,2026-07-09T01:16:29.455943+00:00,127.5,180,bid,YieldingYams,WavyWalnuts,12913699
2026-07-09T01:16:29.900640,2026-07-09T01:16:29.918388+00:00,127.5,200,ask,YieldingYams,WavyWalnuts,12913708
2026-07-09T01:16:33.724874,2026-07-09T01:16:33.729052+00:00,127.4,26,ask,YieldingYams,Xuanyu Liu,12913759
2026-07-09T01:16:33.902706,2026-07-09T01:16:33.914795+00:00,127.4,10,ask,YieldingYams,Matthew Hanna,12913760
2026-07-09T01:16:34.119266,2026-07-09T01:16:34.130520+00:00,127.4,10,ask,YieldingYams,Matthew Hanna,12913766
2026-07-09T01:16:34.333923,2026-07-09T01:16:34.345385+00:00,127.4,4,ask,YieldingYams,Matthew Hanna,12913772
2026-07-09T01:16:34.713319,2026-07-09T01:16:34.721688+00:00,127.5,200,bid,YieldingYams,WavyWalnuts,12913784
2026-07-09T01:16:34.740929,2026-07-09T01:16:34.748284+00:00,127.6,200,ask,YieldingYams,WavyWalnuts,12913785
2026-07-09T01:16:37.345618,2026-07-09T01:16:37.354888+00:00,127.5,200,bid,YieldingYams,WavyWalnuts,12913810
2026-07-09T01:16:38.365347,2026-07-09T01:16:38.377389+00:00,127.5,200,ask,YieldingYams,WavyWalnuts,12913821
2026-07-09T01:16:39.573495,2026-07-09T01:16:39.583100+00:00,127.5,200,bid,WavyWalnuts,YieldingYams,12913844
2026-07-09T01:16:40.156688,2026-07-09T01:16:40.168930+00:00,127.5,1,ask,YieldingYams,Matthew Hanna,12913851
2026-07-09T01:16:42.626812,2026-07-09T01:16:42.631422+00:00,127.7,3,ask,YieldingYams,Xuanyu Liu,12913878
2026-07-09T01:16:42.771960,2026-07-09T01:16:42.780126+00:00,127.7,10,ask,YieldingYams,Matthew Hanna,12913879
2026-07-09T01:16:42.981361,2026-07-09T01:16:42.993280+00:00,127.7,10,ask,YieldingYams,Matthew Hanna,12913881
2026-07-09T01:16:43.190127,2026-07-09T01:16:43.194132+00:00,127.8,3,bid,Xuanyu Liu,WavyWalnuts,12913885
2026-07-09T01:16:49.180049,2026-07-09T01:16:49.191037+00:00,127.7,200,ask,WavyWalnuts,YieldingYams,12913960
2026-07-09T01:16:50.469414,2026-07-09T01:16:50.478938+00:00,127.7,200,bid,WavyWalnuts,YieldingYams,12913971
2026-07-09T01:16:51.811302,2026-07-09T01:16:51.821330+00:00,127.6,200,ask,WavyWalnuts,YieldingYams,12913993
2026-07-09T01:16:53.249066,2026-07-09T01:16:53.258588+00:00,127.7,20,bid,BrilliantBurritos,WavyWalnuts,12914018
2026-07-09T01:16:57.728650,2026-07-09T01:16:57.739922+00:00,127.6,200,bid,WavyWalnuts,YieldingYams,12914075
2026-07-09T01:16:59.715549,2026-07-09T01:16:59.724863+00:00,127.5,200,ask,WavyWalnuts,YieldingYams,12914100
2026-07-09T01:17:00.946850,2026-07-09T01:17:00.958604+00:00,127.3,20,ask,YieldingYams,BrilliantBurritos,12914115
2026-07-09T01:17:01.028773,2026-07-09T01:17:01.040262+00:00,127.5,200,bid,YieldingYams,WavyWalnuts,12914117
2026-07-09T01:17:02.572841,2026-07-09T01:17:02.580276+00:00,127.4,200,ask,YieldingYams,WavyWalnuts,12914142
2026-07-09T01:17:03.786861,2026-07-09T01:17:03.798451+00:00,127.4,200,ask,YieldingYams,WavyWalnuts,12914158
2026-07-09T01:17:04.135114,2026-07-09T01:17:04.142366+00:00,127.5,20,bid,BrilliantBurritos,AverageAlmonds,12914164
2026-07-09T01:17:11.752729,2026-07-09T01:17:11.757029+00:00,127.2,14,ask,WavyWalnuts,Xuanyu Liu,12914292
2026-07-09T01:17:11.845310,2026-07-09T01:17:11.861973+00:00,127.2,10,ask,WavyWalnuts,Matthew Hanna,12914294
2026-07-09T01:17:12.055103,2026-07-09T01:17:12.067199+00:00,127.2,10,ask,WavyWalnuts,Matthew Hanna,12914303
2026-07-09T01:17:12.259622,2026-07-09T01:17:12.263454+00:00,127.3,12,ask,WavyWalnuts,Xuanyu Liu,12914309
2026-07-09T01:17:12.266137,2026-07-09T01:17:12.273888+00:00,127.3,10,ask,WavyWalnuts,Matthew Hanna,12914310
2026-07-09T01:17:12.475444,2026-07-09T01:17:12.487679+00:00,127.3,10,ask,WavyWalnuts,Matthew Hanna,12914312
2026-07-09T01:17:12.689219,2026-07-09T01:17:12.698939+00:00,127.3,10,ask,WavyWalnuts,Matthew Hanna,12914315
2026-07-09T01:17:12.851289,2026-07-09T01:17:12.858607+00:00,127.3,158,ask,WavyWalnuts,YieldingYams,12914319
2026-07-09T01:17:16.783415,2026-07-09T01:17:16.799622+00:00,127.3,200,bid,YieldingYams,WavyWalnuts,12914372
2026-07-09T01:17:19.509719,2026-07-09T01:17:19.521297+00:00,127.3,200,ask,YieldingYams,WavyWalnuts,12914412
2026-07-09T01:17:19.538497,2026-07-09T01:17:19.545430+00:00,127.3,20,ask,YieldingYams,BrilliantBurritos,12914414
2026-07-09T01:17:21.190509,2026-07-09T01:17:21.194579+00:00,127.3,23,bid,Xuanyu Liu,YieldingYams,12914438
2026-07-09T01:17:22.549381,2026-07-09T01:17:22.558583+00:00,127.1,20,ask,WavyWalnuts,BrilliantBurritos,12914461
2026-07-09T01:17:24.371995,2026-07-09T01:17:24.380836+00:00,127.3,200,bid,WavyWalnuts,YieldingYams,12914480
2026-07-09T01:17:25.960189,2026-07-09T01:17:25.970172+00:00,127.3,200,bid,YieldingYams,WavyWalnuts,12914508
2026-07-09T01:17:27.275389,2026-07-09T01:17:27.284853+00:00,127.3,500,ask,AverageAlmonds,YieldingYams,12914525
2026-07-09T01:17:27.338220,2026-07-09T01:17:27.358646+00:00,127.3,125,bid,AverageAlmonds,YieldingYams,12914526
2026-07-09T01:17:29.234516,2026-07-09T01:17:29.243257+00:00,127.4,200,ask,YieldingYams,WavyWalnuts,12914552
2026-07-09T01:17:31.208637,2026-07-09T01:17:31.216865+00:00,127.4,500,ask,AverageAlmonds,YieldingYams,12914595
2026-07-09T01:17:31.558999,2026-07-09T01:17:31.569303+00:00,127.4,125,bid,AverageAlmonds,YieldingYams,12914603
2026-07-09T01:17:32.515202,2026-07-09T01:17:32.522304+00:00,127.5,200,bid,YieldingYams,WavyWalnuts,12914622
2026-07-09T01:17:32.867944,2026-07-09T01:17:32.879246+00:00,127.5,200,ask,YieldingYams,WavyWalnuts,12914632
2026-07-09T01:17:35.201004,2026-07-09T01:17:35.209161+00:00,127.4,500,bid,AverageAlmonds,YieldingYams,12914663
2026-07-09T01:17:35.796961,2026-07-09T01:17:35.802938+00:00,127.4,125,bid,AverageAlmonds,YieldingYams,12914672
2026-07-09T01:17:35.796961,2026-07-09T01:17:35.802938+00:00,127.4,200,bid,AverageAlmonds,WavyWalnuts,12914673
2026-07-09T01:17:36.503860,2026-07-09T01:17:36.513169+00:00,127.7,200,ask,YieldingYams,WavyWalnuts,12914684
2026-07-09T01:17:37.716161,2026-07-09T01:17:37.726421+00:00,127.7,200,ask,YieldingYams,WavyWalnuts,12914705
2026-07-09T01:17:38.222633,2026-07-09T01:17:38.230717+00:00,127.6,500,bid,AverageAlmonds,YieldingYams,12914714
2026-07-09T01:17:38.942225,2026-07-09T01:17:38.954239+00:00,127.6,125,bid,WavyWalnuts,YieldingYams,12914719
2026-07-09T01:17:40.160491,2026-07-09T01:17:40.169129+00:00,127.8,200,ask,YieldingYams,WavyWalnuts,12914740
2026-07-09T01:17:40.261202,2026-07-09T01:17:40.265024+00:00,127.8,11,ask,YieldingYams,Xuanyu Liu,12914744
2026-07-09T01:17:42.584872,2026-07-09T01:17:42.595712+00:00,127.6,200,ask,YieldingYams,WavyWalnuts,12914786
2026-07-09T01:17:43.676237,2026-07-09T01:17:43.687553+00:00,127.7,500,bid,AverageAlmonds,YieldingYams,12914799
2026-07-09T01:17:44.276178,2026-07-09T01:17:44.287022+00:00,127.6,200,bid,AverageAlmonds,WavyWalnuts,12914810
2026-07-09T01:17:44.276178,2026-07-09T01:17:44.287022+00:00,127.7,125,bid,AverageAlmonds,YieldingYams,12914811
2026-07-09T01:17:44.336657,2026-07-09T01:17:44.341087+00:00,127.8,12,ask,YieldingYams,Xuanyu Liu,12914815
2026-07-09T01:17:44.359217,2026-07-09T01:17:44.374828+00:00,127.8,5,ask,YieldingYams,Matthew Hanna,12914816
2026-07-09T01:17:45.005575,2026-07-09T01:17:45.016754+00:00,127.8,200,ask,YieldingYams,WavyWalnuts,12914826
2026-07-09T01:17:46.216989,2026-07-09T01:17:46.226989+00:00,127.8,200,ask,AverageAlmonds,WavyWalnuts,12914835
2026-07-09T01:17:47.428020,2026-07-09T01:17:47.435274+00:00,128.0,200,ask,YieldingYams,WavyWalnuts,12914851
2026-07-09T01:17:50.880896,2026-07-09T01:17:50.891142+00:00,127.9,200,ask,WavyWalnuts,YieldingYams,12914903
2026-07-09T01:17:52.931149,2026-07-09T01:17:52.935249+00:00,127.8,11,ask,YieldingYams,Xuanyu Liu,12914946
2026-07-09T01:17:52.989311,2026-07-09T01:17:52.999167+00:00,127.8,10,ask,YieldingYams,Matthew Hanna,12914947
2026-07-09T01:17:53.200375,2026-07-09T01:17:53.212041+00:00,127.8,10,ask,YieldingYams,Matthew Hanna,12914951
2026-07-09T01:17:53.410713,2026-07-09T01:17:53.420814+00:00,127.8,5,ask,YieldingYams,Matthew Hanna,12914954
2026-07-09T01:17:54.738573,2026-07-09T01:17:54.744137+00:00,127.9,12,ask,WavyWalnuts,Xuanyu Liu,12914969
2026-07-09T01:17:54.820821,2026-07-09T01:17:54.831160+00:00,127.9,188,ask,WavyWalnuts,YieldingYams,12914973
2026-07-09T01:17:56.134159,2026-07-09T01:17:56.142042+00:00,127.9,200,bid,YieldingYams,WavyWalnuts,12914996
2026-07-09T01:17:58.336041,2026-07-09T01:17:58.347487+00:00,127.9,200,bid,WavyWalnuts,YieldingYams,12915017
2026-07-09T01:17:59.546921,2026-07-09T01:17:59.558340+00:00,127.9,200,ask,YieldingYams,WavyWalnuts,12915040
2026-07-09T01:18:04.401674,2026-07-09T01:18:04.412569+00:00,128.0,200,bid,WavyWalnuts,YieldingYams,12915113
2026-07-09T01:18:05.610745,2026-07-09T01:18:05.619379+00:00,128.0,200,bid,WavyWalnuts,AverageAlmonds,12915132
2026-07-09T01:18:06.616300,2026-07-09T01:18:06.618241+00:00,128.0,500,bid,YieldingYams,AverageAlmonds,12915146
2026-07-09T01:18:06.698023,2026-07-09T01:18:06.708672+00:00,128.0,125,ask,YieldingYams,AverageAlmonds,12915149
2026-07-09T01:18:07.925968,2026-07-09T01:18:07.937643+00:00,127.9,200,ask,WavyWalnuts,YieldingYams,12915172
2026-07-09T01:18:09.255604,2026-07-09T01:18:09.257416+00:00,127.8,200,ask,YieldingYams,WavyWalnuts,12915196
2026-07-09T01:18:11.859590,2026-07-09T01:18:11.863922+00:00,127.9,23,bid,Xuanyu Liu,WavyWalnuts,12915236
2026-07-09T01:18:12.892678,2026-07-09T01:18:12.901092+00:00,127.7,200,ask,YieldingYams,WavyWalnuts,12915249
2026-07-09T01:18:14.502645,2026-07-09T01:18:14.507293+00:00,127.8,12,bid,Xuanyu Liu,YieldingYams,12915281
2026-07-09T01:18:20.918292,2026-07-09T01:18:20.930444+00:00,127.5,20,ask,WavyWalnuts,BrilliantBurritos,12915370
