timestamp,recv_time,price,volume,aggressor_side,buyer,seller,trade_id
2026-07-02T19:00:00.358688,2026-07-02T19:00:00.340748+00:00,127.5,22,bid,,,4639303
2026-07-02T19:00:03.388016,2026-07-02T19:00:03.405289+00:00,127.3,1,ask,,,4639357
2026-07-02T19:00:03.594431,2026-07-02T19:00:03.605563+00:00,127.2,200,bid,,,4639369
2026-07-02T19:00:04.764139,2026-07-02T19:00:04.782531+00:00,127.2,22,ask,,,4639390
2026-07-02T19:00:06.550850,2026-07-02T19:00:06.556096+00:00,127.2,1,ask,,,4639423
2026-07-02T19:00:06.550850,2026-07-02T19:00:06.556096+00:00,127.2,10,ask,,,4639424
2026-07-02T19:00:07.331282,2026-07-02T19:00:07.410372+00:00,127.3,200,ask,,,4639433
2026-07-02T19:00:07.406097,2026-07-02T19:00:07.410372+00:00,127.3,11,bid,,,4639435
2026-07-02T19:00:07.766293,2026-07-02T19:00:07.783990+00:00,127.3,22,bid,,,4639441
2026-07-02T19:00:08.431129,2026-07-02T19:00:08.438505+00:00,127.3,200,bid,,,4639455
2026-07-02T19:00:09.944418,2026-07-02T19:00:09.963534+00:00,127.4,200,bid,,,4639487
2026-07-02T19:00:09.960025,2026-07-02T19:00:09.963534+00:00,127.4,11,ask,,,4639489
2026-07-02T19:00:09.968611,2026-07-02T19:00:09.972021+00:00,127.4,12,ask,,,4639491
2026-07-02T19:00:09.971078,2026-07-02T19:00:09.988324+00:00,127.4,22,ask,,,4639492
2026-07-02T19:00:10.849275,2026-07-02T19:00:10.851150+00:00,127.4,200,ask,,,4639503
2026-07-02T19:00:12.059167,2026-07-02T19:00:12.070025+00:00,127.3,200,ask,,,4639544
2026-07-02T19:00:14.472318,2026-07-02T19:00:14.481032+00:00,127.4,200,bid,WavyWalnuts,YieldingYams,4639586
2026-07-02T19:00:19.379029,2026-07-02T19:00:19.390518+00:00,127.4,22,bid,Zihao Wu,WavyWalnuts,4639686
2026-07-02T19:00:19.579284,2026-07-02T19:00:19.596263+00:00,127.3,22,ask,YieldingYams,Zihao Wu,4639693
2026-07-02T19:00:21.740711,2026-07-02T19:00:21.749093+00:00,127.4,200,bid,WavyWalnuts,AverageAlmonds,4639732
2026-07-02T19:00:22.611583,2026-07-02T19:00:22.615031+00:00,127.4,12,bid,Xuanyu Liu,AverageAlmonds,4639765
2026-07-02T19:00:24.170438,2026-07-02T19:00:24.180385+00:00,127.4,200,bid,WavyWalnuts,AverageAlmonds,4639801
2026-07-02T19:00:24.358175,2026-07-02T19:00:24.365094+00:00,127.4,300,bid,YieldingYams,AverageAlmonds,4639804
2026-07-02T19:00:24.746917,2026-07-02T19:00:24.751486+00:00,127.5,325,ask,YieldingYams,AverageAlmonds,4639822
2026-07-02T19:00:24.949015,2026-07-02T19:00:24.958588+00:00,127.2,1,ask,Kelvin Chan,BrilliantBurritos,4639825
2026-07-02T19:00:25.787074,2026-07-02T19:00:25.795885+00:00,127.4,14,bid,Zihao Wu,WavyWalnuts,4639838
2026-07-02T19:00:26.387053,2026-07-02T19:00:26.409545+00:00,127.3,14,ask,YieldingYams,Zihao Wu,4639849
2026-07-02T19:00:26.587820,2026-07-02T19:00:26.592448+00:00,127.4,5,bid,Zihao Wu,WavyWalnuts,4639854
2026-07-02T19:00:26.787349,2026-07-02T19:00:26.790461+00:00,127.3,5,ask,YieldingYams,Zihao Wu,4639862
2026-07-02T19:00:27.810843,2026-07-02T19:00:27.822229+00:00,127.5,200,bid,WavyWalnuts,YieldingYams,4639892
2026-07-02T19:00:28.374965,2026-07-02T19:00:28.386238+00:00,127.4,500,ask,YieldingYams,AverageAlmonds,4639898
2026-07-02T19:00:29.570113,2026-07-02T19:00:29.597909+00:00,127.4,125,ask,YieldingYams,AverageAlmonds,4639924
2026-07-02T19:00:29.570113,2026-07-02T19:00:29.597909+00:00,127.4,200,ask,WavyWalnuts,AverageAlmonds,4639925
2026-07-02T19:00:29.610189,2026-07-02T19:00:29.613844+00:00,127.3,11,bid,Xuanyu Liu,YieldingYams,4639927
2026-07-02T19:00:31.441994,2026-07-02T19:00:31.448628+00:00,127.2,2,ask,Kelvin Chan,WavyWalnuts,4639958
2026-07-02T19:00:32.101112,2026-07-02T19:00:32.104691+00:00,127.1,8,ask,Kelvin Chan,Xuanyu Liu,4639975
2026-07-02T19:00:32.182997,2026-07-02T19:00:32.186821+00:00,127.1,3,ask,Kelvin Chan,Xuanyu Liu,4639979
2026-07-02T19:00:32.209459,2026-07-02T19:00:32.220906+00:00,127.2,198,bid,YieldingYams,WavyWalnuts,4639981
2026-07-02T19:00:32.228249,2026-07-02T19:00:32.232092+00:00,127.2,12,ask,YieldingYams,Xuanyu Liu,4639983
2026-07-02T19:00:35.067289,2026-07-02T19:00:35.073682+00:00,127.3,200,bid,WavyWalnuts,YieldingYams,4640055
2026-07-02T19:00:35.134435,2026-07-02T19:00:35.158624+00:00,127.3,20,bid,BrilliantBurritos,YieldingYams,4640059
2026-07-02T19:00:35.196268,2026-07-02T19:00:35.218483+00:00,127.3,9,bid,Zihao Wu,YieldingYams,4640062
2026-07-02T19:00:35.596642,2026-07-02T19:00:35.614996+00:00,127.1,1,ask,Kelvin Chan,Zihao Wu,4640072
2026-07-02T19:00:35.596642,2026-07-02T19:00:35.614996+00:00,127.1,8,ask,YieldingYams,Zihao Wu,4640073
2026-07-02T19:00:38.788563,2026-07-02T19:00:38.800784+00:00,127.2,200,bid,YieldingYams,WavyWalnuts,4640133
2026-07-02T19:00:39.400610,2026-07-02T19:00:39.412023+00:00,127.4,5,bid,Zihao Wu,Kelvin Chan,4640146
2026-07-02T19:00:39.602596,2026-07-02T19:00:39.609615+00:00,127.3,5,ask,YieldingYams,Zihao Wu,4640152
2026-07-02T19:00:39.919205,2026-07-02T19:00:39.926909+00:00,127.3,200,ask,YieldingYams,WavyWalnuts,4640154
2026-07-02T19:00:41.127345,2026-07-02T19:00:41.130251+00:00,127.3,200,ask,YieldingYams,WavyWalnuts,4640183
2026-07-02T19:00:41.202389,2026-07-02T19:00:41.213888+00:00,127.4,4,bid,Zihao Wu,Kelvin Chan,4640185
2026-07-02T19:00:41.543984,2026-07-02T19:00:41.547632+00:00,127.3,34,bid,Xuanyu Liu,YieldingYams,4640196
2026-07-02T19:00:41.603123,2026-07-02T19:00:41.623601+00:00,127.3,4,bid,Zihao Wu,YieldingYams,4640198
2026-07-02T19:00:43.605703,2026-07-02T19:00:43.615696+00:00,127.2,8,ask,WavyWalnuts,Zihao Wu,4640239
2026-07-02T19:00:45.352524,2026-07-02T19:00:45.354276+00:00,127.2,200,ask,WavyWalnuts,YieldingYams,4640268
2026-07-02T19:00:45.352524,2026-07-02T19:00:45.354276+00:00,127.1,2,ask,Kelvin Chan,YieldingYams,4640269
2026-07-02T19:00:45.364762,2026-07-02T19:00:45.368813+00:00,127.1,12,bid,Xuanyu Liu,YieldingYams,4640271
2026-07-02T19:00:45.410173,2026-07-02T19:00:45.422491+00:00,127.1,8,bid,Zihao Wu,YieldingYams,4640273
2026-07-02T19:00:45.692786,2026-07-02T19:00:45.704709+00:00,127.1,20,bid,BrilliantBurritos,YieldingYams,4640286
2026-07-02T19:00:45.956768,2026-07-02T19:00:45.958630+00:00,127.1,200,bid,WavyWalnuts,YieldingYams,4640291
2026-07-02T19:00:46.812568,2026-07-02T19:00:46.824932+00:00,127.1,8,ask,YieldingYams,Zihao Wu,4640307
2026-07-02T19:00:48.009934,2026-07-02T19:00:48.022335+00:00,127.3,8,bid,Zihao Wu,WavyWalnuts,4640330
2026-07-02T19:00:48.026177,2026-07-02T19:00:48.058622+00:00,127.1,20,ask,WavyWalnuts,BrilliantBurritos,4640333
2026-07-02T19:00:49.306665,2026-07-02T19:00:49.310443+00:00,127.1,11,bid,Xuanyu Liu,YieldingYams,4640360
2026-07-02T19:00:51.078767,2026-07-02T19:00:51.090257+00:00,127.0,5,ask,Kelvin Chan,BrilliantBurritos,4640392
2026-07-02T19:00:51.078767,2026-07-02T19:00:51.090257+00:00,127.0,15,ask,WavyWalnuts,BrilliantBurritos,4640393
2026-07-02T19:00:52.014593,2026-07-02T19:00:52.016593+00:00,127.0,4,ask,Kelvin Chan,Zihao Wu,4640403
2026-07-02T19:00:52.214434,2026-07-02T19:00:52.228979+00:00,127.1,8,bid,Zihao Wu,WavyWalnuts,4640407
2026-07-02T19:00:52.418319,2026-07-02T19:00:52.432829+00:00,127.1,6,bid,Zihao Wu,WavyWalnuts,4640412
2026-07-02T19:00:52.848880,2026-07-02T19:00:52.863736+00:00,127.1,20,bid,BrilliantBurritos,WavyWalnuts,4640420
2026-07-02T19:00:54.059605,2026-07-02T19:00:54.062417+00:00,127.2,20,bid,BrilliantBurritos,WavyWalnuts,4640443
2026-07-02T19:00:57.176162,2026-07-02T19:00:57.186316+00:00,127.2,200,bid,YieldingYams,WavyWalnuts,4640514
2026-07-02T19:01:00.499304,2026-07-02T19:01:00.506267+00:00,127.3,200,ask,YieldingYams,WavyWalnuts,4640584
2026-07-02T19:01:01.332064,2026-07-02T19:01:01.343957+00:00,127.3,20,ask,YieldingYams,BrilliantBurritos,4640600
2026-07-02T19:01:03.733419,2026-07-02T19:01:03.736780+00:00,127.4,3,bid,Xuanyu Liu,Kelvin Chan,4640660
2026-07-02T19:01:03.742183,2026-07-02T19:01:03.745819+00:00,127.5,23,bid,Xuanyu Liu,YieldingYams,4640662
2026-07-02T19:01:04.650868,2026-07-02T19:01:04.655368+00:00,127.4,3,ask,WavyWalnuts,Xuanyu Liu,4640674
2026-07-02T19:01:04.663185,2026-07-02T19:01:04.672115+00:00,127.4,18,ask,WavyWalnuts,Zihao Wu,4640678
2026-07-02T19:01:04.744706,2026-07-02T19:01:04.748788+00:00,127.4,4,ask,WavyWalnuts,Xuanyu Liu,4640683
2026-07-02T19:01:06.350590,2026-07-02T19:01:06.358316+00:00,127.4,200,bid,YieldingYams,WavyWalnuts,4640720
2026-07-02T19:01:06.375495,2026-07-02T19:01:06.379203+00:00,127.4,4,ask,YieldingYams,Xuanyu Liu,4640722
2026-07-02T19:01:06.491638,2026-07-02T19:01:06.495227+00:00,127.4,3,ask,YieldingYams,Xuanyu Liu,4640724
2026-07-02T19:01:06.544751,2026-07-02T19:01:06.551622+00:00,127.4,200,ask,YieldingYams,WavyWalnuts,4640728
2026-07-02T19:01:06.667776,2026-07-02T19:01:06.684232+00:00,127.5,8,bid,Zihao Wu,Kelvin Chan,4640732
2026-07-02T19:01:07.760515,2026-07-02T19:01:07.775924+00:00,127.3,200,ask,YieldingYams,WavyWalnuts,4640768
2026-07-02T19:01:08.192060,2026-07-02T19:01:08.214047+00:00,127.3,20,ask,YieldingYams,BrilliantBurritos,4640775
2026-07-02T19:01:08.486091,2026-07-02T19:01:08.508502+00:00,127.5,9,bid,BrilliantBurritos,Kelvin Chan,4640779
2026-07-02T19:01:08.486091,2026-07-02T19:01:08.508502+00:00,127.5,11,bid,BrilliantBurritos,YieldingYams,4640780
2026-07-02T19:01:08.975003,2026-07-02T19:01:08.985107+00:00,127.3,200,ask,YieldingYams,WavyWalnuts,4640791
2026-07-02T19:01:10.063822,2026-07-02T19:01:10.075347+00:00,127.2,4,ask,Kelvin Chan,BrilliantBurritos,4640818
2026-07-02T19:01:10.063822,2026-07-02T19:01:10.075347+00:00,127.2,16,ask,YieldingYams,BrilliantBurritos,4640819
2026-07-02T19:01:10.199290,2026-07-02T19:01:10.203082+00:00,127.3,12,ask,WavyWalnuts,Xuanyu Liu,4640824
2026-07-02T19:01:11.668834,2026-07-02T19:01:11.681359+00:00,127.3,8,ask,WavyWalnuts,Zihao Wu,4640850
2026-07-02T19:01:13.070406,2026-07-02T19:01:13.082276+00:00,127.5,7,bid,Zihao Wu,Kelvin Chan,4640880
2026-07-02T19:01:13.070406,2026-07-02T19:01:13.082276+00:00,127.5,1,bid,Zihao Wu,AverageAlmonds,4640881
2026-07-02T19:01:15.595497,2026-07-02T19:01:15.599615+00:00,127.4,12,bid,Xuanyu Liu,YieldingYams,4640940
2026-07-02T19:01:16.279571,2026-07-02T19:01:16.287866+00:00,127.3,8,ask,WavyWalnuts,Zihao Wu,4640961
2026-07-02T19:01:17.074677,2026-07-02T19:01:17.086744+00:00,127.4,8,bid,Zihao Wu,AverageAlmonds,4640972
2026-07-02T19:01:17.274900,2026-07-02T19:01:17.292440+00:00,127.3,8,ask,WavyWalnuts,Zihao Wu,4640982
2026-07-02T19:01:19.830957,2026-07-02T19:01:19.841761+00:00,127.5,3,bid,BrilliantBurritos,Kelvin Chan,4641029
2026-07-02T19:01:19.830957,2026-07-02T19:01:19.841761+00:00,127.5,17,bid,BrilliantBurritos,WavyWalnuts,4641030
2026-07-02T19:01:20.790689,2026-07-02T19:01:20.798896+00:00,127.4,500,bid,YieldingYams,AverageAlmonds,4641051
2026-07-02T19:01:20.804953,2026-07-02T19:01:20.808456+00:00,127.4,12,ask,YieldingYams,Xuanyu Liu,4641053
2026-07-02T19:01:21.030884,2026-07-02T19:01:21.058687+00:00,127.4,113,ask,YieldingYams,AverageAlmonds,4641058
2026-07-02T19:01:21.115777,2026-07-02T19:01:21.123025+00:00,127.4,200,bid,WavyWalnuts,AverageAlmonds,4641065
2026-07-02T19:01:22.322961,2026-07-02T19:01:22.330482+00:00,127.3,200,bid,WavyWalnuts,AverageAlmonds,4641092
2026-07-02T19:01:25.286735,2026-07-02T19:01:25.298921+00:00,127.3,200,ask,WavyWalnuts,AverageAlmonds,4641139
2026-07-02T19:01:26.041888,2026-07-02T19:01:26.067428+00:00,127.3,500,bid,YieldingYams,AverageAlmonds,4641156
2026-07-02T19:01:26.064295,2026-07-02T19:01:26.067428+00:00,127.3,11,ask,YieldingYams,Xuanyu Liu,4641159
2026-07-02T19:01:26.477199,2026-07-02T19:01:26.489133+00:00,127.3,114,ask,YieldingYams,AverageAlmonds,4641166
2026-07-02T19:01:26.477199,2026-07-02T19:01:26.489133+00:00,127.2,200,ask,WavyWalnuts,AverageAlmonds,4641167
2026-07-02T19:01:26.684961,2026-07-02T19:01:26.703642+00:00,127.2,13,bid,Zihao Wu,AverageAlmonds,4641173
2026-07-02T19:01:27.112403,2026-07-02T19:01:27.124768+00:00,127.1,1,ask,Kelvin Chan,AverageAlmonds,4641179
2026-07-02T19:01:27.136249,2026-07-02T19:01:27.140447+00:00,127.1,1,bid,Xuanyu Liu,AverageAlmonds,4641181
2026-07-02T19:01:27.152918,2026-07-02T19:01:27.157285+00:00,127.1,200,bid,WavyWalnuts,AverageAlmonds,4641183
2026-07-02T19:01:27.185840,2026-07-02T19:01:27.190065+00:00,127.1,1,bid,Xuanyu Liu,AverageAlmonds,4641185
2026-07-02T19:01:27.268494,2026-07-02T19:01:27.272829+00:00,127.1,1,bid,Xuanyu Liu,AverageAlmonds,4641187
2026-07-02T19:01:27.303858,2026-07-02T19:01:27.308077+00:00,127.1,1,bid,Xuanyu Liu,AverageAlmonds,4641189
2026-07-02T19:01:27.381527,2026-07-02T19:01:27.385298+00:00,127.1,1,bid,Xuanyu Liu,AverageAlmonds,4641194
2026-07-02T19:01:27.418598,2026-07-02T19:01:27.421937+00:00,127.1,1,bid,Xuanyu Liu,AverageAlmonds,4641198
2026-07-02T19:01:27.455380,2026-07-02T19:01:27.458837+00:00,127.1,1,bid,Xuanyu Liu,AverageAlmonds,4641200
2026-07-02T19:01:27.486848,2026-07-02T19:01:27.490613+00:00,127.1,1,bid,Xuanyu Liu,AverageAlmonds,4641202
2026-07-02T19:01:28.097885,2026-07-02T19:01:28.101778+00:00,127.1,1,bid,Xuanyu Liu,AverageAlmonds,4641215
2026-07-02T19:01:28.192282,2026-07-02T19:01:28.195515+00:00,127.1,1,bid,Xuanyu Liu,AverageAlmonds,4641217
2026-07-02T19:01:28.298560,2026-07-02T19:01:28.321906+00:00,127.0,3,ask,Kelvin Chan,AverageAlmonds,4641221
2026-07-02T19:01:28.318560,2026-07-02T19:01:28.321906+00:00,127.0,1,bid,Xuanyu Liu,AverageAlmonds,4641223
2026-07-02T19:01:28.365731,2026-07-02T19:01:28.375382+00:00,127.0,200,bid,WavyWalnuts,AverageAlmonds,4641225
2026-07-02T19:01:30.785021,2026-07-02T19:01:30.794116+00:00,127.1,200,bid,WavyWalnuts,YieldingYams,4641275
2026-07-02T19:01:32.609124,2026-07-02T19:01:32.620630+00:00,127.1,200,bid,YieldingYams,WavyWalnuts,4641321
2026-07-02T19:01:32.609124,2026-07-02T19:01:32.620630+00:00,127.1,425,bid,YieldingYams,AverageAlmonds,4641322
2026-07-02T19:01:33.926945,2026-07-02T19:01:33.934940+00:00,127.0,200,ask,WavyWalnuts,YieldingYams,4641343
2026-07-02T19:01:35.238041,2026-07-02T19:01:35.245056+00:00,127.0,200,bid,YieldingYams,WavyWalnuts,4641375
2026-07-02T19:01:36.820804,2026-07-02T19:01:36.829542+00:00,127.0,200,ask,YieldingYams,WavyWalnuts,4641405
2026-07-02T19:01:40.482053,2026-07-02T19:01:40.485742+00:00,126.9,1,ask,Kelvin Chan,YieldingYams,4641482
2026-07-02T19:01:40.482053,2026-07-02T19:01:40.485742+00:00,126.9,200,ask,WavyWalnuts,YieldingYams,4641483
2026-07-02T19:01:42.883130,2026-07-02T19:01:42.892231+00:00,126.9,200,ask,YieldingYams,WavyWalnuts,4641532
2026-07-02T19:01:44.430970,2026-07-02T19:01:44.443752+00:00,126.9,200,ask,WavyWalnuts,YieldingYams,4641560
2026-07-02T19:01:45.740834,2026-07-02T19:01:45.748505+00:00,126.8,4,ask,Kelvin Chan,YieldingYams,4641581
2026-07-02T19:01:45.740834,2026-07-02T19:01:45.748505+00:00,126.8,200,ask,WavyWalnuts,YieldingYams,4641582
2026-07-02T19:01:47.719054,2026-07-02T19:01:47.734854+00:00,126.8,200,bid,WavyWalnuts,YieldingYams,4641640
2026-07-02T19:01:48.936168,2026-07-02T19:01:48.947061+00:00,126.7,5,ask,Kelvin Chan,WavyWalnuts,4641663
2026-07-02T19:01:49.007755,2026-07-02T19:01:49.023051+00:00,126.7,20,bid,BrilliantBurritos,WavyWalnuts,4641666
2026-07-02T19:01:49.668097,2026-07-02T19:01:49.685050+00:00,126.7,175,bid,YieldingYams,WavyWalnuts,4641675
2026-07-02T19:01:50.144787,2026-07-02T19:01:50.154335+00:00,126.7,200,ask,YieldingYams,WavyWalnuts,4641686
2026-07-02T19:01:50.299641,2026-07-02T19:01:50.316564+00:00,126.7,20,ask,YieldingYams,BrilliantBurritos,4641688
2026-07-02T19:01:51.379289,2026-07-02T19:01:51.386062+00:00,126.7,2,ask,Kelvin Chan,BrilliantBurritos,4641702
2026-07-02T19:01:51.379289,2026-07-02T19:01:51.391662+00:00,126.7,18,ask,WavyWalnuts,BrilliantBurritos,4641703
2026-07-02T19:01:54.098321,2026-07-02T19:01:54.115578+00:00,126.9,20,bid,BrilliantBurritos,YieldingYams,4641736
2026-07-02T19:01:56.219363,2026-07-02T19:01:56.237868+00:00,126.7,2,ask,Kelvin Chan,YieldingYams,4641774
2026-07-02T19:01:56.234418,2026-07-02T19:01:56.237868+00:00,126.7,1,bid,Xuanyu Liu,YieldingYams,4641778
2026-07-02T19:02:00.839473,2026-07-02T19:02:00.845625+00:00,126.7,20,bid,BrilliantBurritos,YieldingYams,4641871
2026-07-02T19:02:01.057948,2026-07-02T19:02:01.072915+00:00,126.7,200,bid,WavyWalnuts,YieldingYams,4641881
2026-07-02T19:02:02.769173,2026-07-02T19:02:02.781507+00:00,126.7,200,ask,WavyWalnuts,YieldingYams,4641904
2026-07-02T19:02:05.384877,2026-07-02T19:02:05.395946+00:00,126.6,200,ask,WavyWalnuts,YieldingYams,4641941
2026-07-02T19:02:06.029845,2026-07-02T19:02:06.036808+00:00,126.6,200,bid,WavyWalnuts,YieldingYams,4641949
2026-07-02T19:02:06.435100,2026-07-02T19:02:06.443217+00:00,126.6,225,bid,AverageAlmonds,YieldingYams,4641955
2026-07-02T19:02:09.686585,2026-07-02T19:02:09.697782+00:00,126.8,200,ask,YieldingYams,WavyWalnuts,4641994
2026-07-02T19:02:09.694206,2026-07-02T19:02:09.697782+00:00,126.9,2,bid,Xuanyu Liu,Kelvin Chan,4641996
2026-07-02T19:02:09.980170,2026-07-02T19:02:09.983489+00:00,126.9,7,bid,Xuanyu Liu,Kelvin Chan,4642000
2026-07-02T19:02:09.990205,2026-07-02T19:02:09.993812+00:00,127.0,2,bid,Xuanyu Liu,YieldingYams,4642003
2026-07-02T19:02:10.637294,2026-07-02T19:02:10.641102+00:00,126.8,14,bid,Xuanyu Liu,YieldingYams,4642023
2026-07-02T19:09:19.483981,2026-07-02T19:09:19.492252+00:00,127.0,500,ask,AverageAlmonds,YieldingYams,4650459
2026-07-02T19:09:19.937760,2026-07-02T19:09:19.945955+00:00,127.0,125,bid,AverageAlmonds,YieldingYams,4650469
2026-07-02T19:09:21.747379,2026-07-02T19:09:21.758880+00:00,127.2,200,bid,AverageAlmonds,WavyWalnuts,4650492
2026-07-02T19:09:21.747379,2026-07-02T19:09:21.758880+00:00,127.2,300,bid,AverageAlmonds,YieldingYams,4650493
2026-07-02T19:09:21.789610,2026-07-02T19:09:21.812741+00:00,127.2,200,bid,WavyWalnuts,YieldingYams,4650495
2026-07-02T19:09:22.099415,2026-07-02T19:09:22.118057+00:00,127.2,2,bid,YieldingYams,Kelvin Chan,4650502
2026-07-02T19:09:22.099415,2026-07-02T19:09:22.118057+00:00,127.4,200,bid,YieldingYams,WavyWalnuts,4650503
2026-07-02T19:09:22.114621,2026-07-02T19:09:22.118057+00:00,127.4,14,ask,YieldingYams,Xuanyu Liu,4650505
2026-07-02T19:09:23.007937,2026-07-02T19:09:23.031583+00:00,127.4,200,ask,YieldingYams,WavyWalnuts,4650527
2026-07-02T19:09:23.628592,2026-07-02T19:09:23.632914+00:00,127.5,3,bid,Xuanyu Liu,Kelvin Chan,4650548
2026-07-02T19:09:23.628592,2026-07-02T19:09:23.632914+00:00,127.5,11,bid,Xuanyu Liu,YieldingYams,4650549
2026-07-02T19:09:26.629034,2026-07-02T19:09:26.658565+00:00,127.4,200,bid,WavyWalnuts,YieldingYams,4650597
2026-07-02T19:09:27.836969,2026-07-02T19:09:27.846260+00:00,127.3,200,bid,WavyWalnuts,YieldingYams,4650611
2026-07-02T19:09:31.497416,2026-07-02T19:09:31.504347+00:00,127.3,1,bid,WavyWalnuts,Kelvin Chan,4650681
2026-07-02T19:09:31.497416,2026-07-02T19:09:31.514712+00:00,127.4,199,bid,WavyWalnuts,YieldingYams,4650682
2026-07-02T19:09:34.640248,2026-07-02T19:09:34.658579+00:00,127.4,3,bid,BrilliantBurritos,Kelvin Chan,4650732
2026-07-02T19:09:34.640248,2026-07-02T19:09:34.658579+00:00,127.4,17,bid,BrilliantBurritos,WavyWalnuts,4650733
2026-07-02T19:09:36.337784,2026-07-02T19:09:36.341775+00:00,127.3,14,ask,WavyWalnuts,Xuanyu Liu,4650776
2026-07-02T19:09:36.524974,2026-07-02T19:09:36.558751+00:00,127.4,3,bid,YieldingYams,Kelvin Chan,4650778
2026-07-02T19:09:36.554964,2026-07-02T19:09:36.558751+00:00,127.4,12,ask,YieldingYams,Xuanyu Liu,4650780
2026-07-02T19:09:37.037885,2026-07-02T19:09:37.048496+00:00,127.5,20,bid,BrilliantBurritos,WavyWalnuts,4650789
2026-07-02T19:09:37.564899,2026-07-02T19:09:37.580857+00:00,127.4,200,ask,YieldingYams,WavyWalnuts,4650804
2026-07-02T19:09:38.107531,2026-07-02T19:09:38.116239+00:00,127.4,500,ask,YieldingYams,AverageAlmonds,4650818
2026-07-02T19:09:38.703438,2026-07-02T19:09:38.725118+00:00,127.4,125,ask,YieldingYams,AverageAlmonds,4650832
2026-07-02T19:09:38.773355,2026-07-02T19:09:38.782273+00:00,127.4,200,bid,WavyWalnuts,AverageAlmonds,4650834
2026-07-02T19:09:39.979566,2026-07-02T19:09:39.990371+00:00,127.3,200,bid,WavyWalnuts,YieldingYams,4650862
2026-07-02T19:09:41.186844,2026-07-02T19:09:41.209247+00:00,127.3,200,bid,WavyWalnuts,AverageAlmonds,4650890
2026-07-02T19:09:45.739926,2026-07-02T19:09:45.757551+00:00,127.2,200,bid,YieldingYams,WavyWalnuts,4651011
2026-07-02T19:09:47.198241,2026-07-02T19:09:47.210835+00:00,127.2,200,ask,WavyWalnuts,AverageAlmonds,4651048
2026-07-02T19:09:48.358659,2026-07-02T19:09:48.363564+00:00,127.2,500,bid,YieldingYams,AverageAlmonds,4651085
2026-07-02T19:09:48.395013,2026-07-02T19:09:48.404467+00:00,127.2,125,ask,YieldingYams,AverageAlmonds,4651086
2026-07-02T19:09:48.395013,2026-07-02T19:09:48.404467+00:00,127.1,4,ask,Kelvin Chan,AverageAlmonds,4651087
2026-07-02T19:09:48.395013,2026-07-02T19:09:48.404467+00:00,127.1,200,ask,WavyWalnuts,AverageAlmonds,4651088
2026-07-02T19:09:48.436754,2026-07-02T19:09:48.440343+00:00,127.1,4,bid,Xuanyu Liu,AverageAlmonds,4651094
2026-07-02T19:09:48.925362,2026-07-02T19:09:48.935568+00:00,126.9,20,ask,WavyWalnuts,BrilliantBurritos,4651106
2026-07-02T19:09:52.039223,2026-07-02T19:09:52.042653+00:00,127.0,3,ask,Kelvin Chan,Xuanyu Liu,4651166
2026-07-02T19:09:52.327300,2026-07-02T19:09:52.331382+00:00,127.0,1,ask,Kelvin Chan,Xuanyu Liu,4651172
2026-07-02T19:09:52.515388,2026-07-02T19:09:52.558591+00:00,127.1,20,bid,BrilliantBurritos,AverageAlmonds,4651177
2026-07-02T19:09:53.847663,2026-07-02T19:09:53.881025+00:00,127.0,6,ask,Kelvin Chan,AverageAlmonds,4651191
2026-07-02T19:09:53.847663,2026-07-02T19:09:53.881025+00:00,127.0,200,ask,WavyWalnuts,AverageAlmonds,4651192
2026-07-02T19:09:54.530745,2026-07-02T19:09:54.547503+00:00,126.9,200,ask,YieldingYams,WavyWalnuts,4651207
2026-07-02T19:09:55.287935,2026-07-02T19:09:55.296867+00:00,126.9,3,ask,Kelvin Chan,BrilliantBurritos,4651231
2026-07-02T19:09:55.287935,2026-07-02T19:09:55.296867+00:00,126.9,17,ask,YieldingYams,BrilliantBurritos,4651232
2026-07-02T19:10:00.152558,2026-07-02T19:10:00.169950+00:00,127.0,200,bid,YieldingYams,WavyWalnuts,4651334
2026-07-02T19:10:00.477007,2026-07-02T19:10:00.493664+00:00,127.0,20,ask,YieldingYams,BrilliantBurritos,4651344
2026-07-02T19:10:01.470222,2026-07-02T19:10:01.487261+00:00,127.1,200,bid,YieldingYams,WavyWalnuts,4651368
2026-07-02T19:10:01.642634,2026-07-02T19:10:01.647966+00:00,127.2,5,bid,Xuanyu Liu,Kelvin Chan,4651376
2026-07-02T19:10:01.642634,2026-07-02T19:10:01.647966+00:00,127.2,21,bid,Xuanyu Liu,AverageAlmonds,4651377
2026-07-02T19:10:01.824170,2026-07-02T19:10:01.825452+00:00,127.1,200,ask,YieldingYams,WavyWalnuts,4651383
2026-07-02T19:10:02.312338,2026-07-02T19:10:02.328824+00:00,127.1,225,ask,YieldingYams,AverageAlmonds,4651394
2026-07-02T19:10:04.091160,2026-07-02T19:10:04.141249+00:00,126.9,4,ask,Kelvin Chan,YieldingYams,4651434
2026-07-02T19:10:04.091160,2026-07-02T19:10:04.141249+00:00,126.9,200,ask,WavyWalnuts,YieldingYams,4651435
2026-07-02T19:10:04.137341,2026-07-02T19:10:04.141249+00:00,126.9,3,bid,Xuanyu Liu,YieldingYams,4651439
2026-07-02T19:10:04.819431,2026-07-02T19:10:04.823398+00:00,126.7,3,ask,YieldingYams,Xuanyu Liu,4651454
2026-07-02T19:10:06.665112,2026-07-02T19:10:06.687146+00:00,126.9,200,ask,YieldingYams,WavyWalnuts,4651489
2026-07-02T19:10:07.878366,2026-07-02T19:10:07.885674+00:00,126.9,8,ask,Kelvin Chan,WavyWalnuts,4651511
2026-07-02T19:10:09.884109,2026-07-02T19:10:09.901296+00:00,126.7,4,ask,Kelvin Chan,BrilliantBurritos,4651554
2026-07-02T19:10:09.884109,2026-07-02T19:10:09.901296+00:00,126.7,16,ask,YieldingYams,BrilliantBurritos,4651555
2026-07-02T19:10:10.669851,2026-07-02T19:10:10.673450+00:00,126.7,3,bid,Xuanyu Liu,YieldingYams,4651570
2026-07-02T19:10:11.145627,2026-07-02T19:10:11.149303+00:00,126.6,3,ask,WavyWalnuts,Xuanyu Liu,4651588
2026-07-02T19:10:13.935010,2026-07-02T19:10:13.941115+00:00,126.6,200,ask,YieldingYams,WavyWalnuts,4651647
2026-07-02T19:10:15.380799,2026-07-02T19:10:15.392375+00:00,126.7,2,ask,Kelvin Chan,BrilliantBurritos,4651672
2026-07-02T19:10:15.380799,2026-07-02T19:10:15.392375+00:00,126.7,18,ask,WavyWalnuts,BrilliantBurritos,4651673
2026-07-02T19:10:17.329978,2026-07-02T19:10:17.349612+00:00,126.9,20,bid,BrilliantBurritos,WavyWalnuts,4651714
2026-07-02T19:10:17.566896,2026-07-02T19:10:17.582096+00:00,126.7,200,ask,YieldingYams,WavyWalnuts,4651720
2026-07-02T19:10:22.216727,2026-07-02T19:10:22.223019+00:00,126.6,3,ask,Kelvin Chan,BrilliantBurritos,4651839
2026-07-02T19:10:22.216727,2026-07-02T19:10:22.223019+00:00,126.6,17,ask,YieldingYams,BrilliantBurritos,4651840
2026-07-02T19:10:24.836848,2026-07-02T19:10:24.841887+00:00,126.6,200,ask,YieldingYams,WavyWalnuts,4651900
2026-07-02T19:10:25.925597,2026-07-02T19:10:25.933242+00:00,126.8,20,bid,BrilliantBurritos,YieldingYams,4651915
2026-07-02T19:10:27.065509,2026-07-02T19:10:27.088367+00:00,126.6,20,bid,BrilliantBurritos,WavyWalnuts,4651932
2026-07-02T19:10:27.674471,2026-07-02T19:10:27.686519+00:00,126.6,20,bid,BrilliantBurritos,WavyWalnuts,4651943
2026-07-02T19:10:28.967891,2026-07-02T19:10:28.983327+00:00,126.5,200,ask,WavyWalnuts,YieldingYams,4651958
2026-07-02T19:10:29.665313,2026-07-02T19:10:29.679797+00:00,126.5,200,bid,WavyWalnuts,YieldingYams,4651972
2026-07-02T19:10:32.083850,2026-07-02T19:10:32.101571+00:00,126.6,3,bid,WavyWalnuts,Kelvin Chan,4652024
2026-07-02T19:10:33.292441,2026-07-02T19:10:33.300641+00:00,126.7,200,bid,WavyWalnuts,AverageAlmonds,4652050
2026-07-02T19:10:34.501485,2026-07-02T19:10:34.514670+00:00,126.6,200,bid,WavyWalnuts,YieldingYams,4652064
2026-07-02T19:10:35.709345,2026-07-02T19:10:35.768716+00:00,126.7,200,bid,WavyWalnuts,YieldingYams,4652084
2026-07-02T19:10:36.917708,2026-07-02T19:10:36.926413+00:00,126.7,200,bid,WavyWalnuts,YieldingYams,4652102
2026-07-02T19:10:38.133425,2026-07-02T19:10:38.135433+00:00,126.6,200,bid,WavyWalnuts,AverageAlmonds,4652126
2026-07-02T19:10:38.693998,2026-07-02T19:10:38.705982+00:00,126.5,20,ask,YieldingYams,BrilliantBurritos,4652135
2026-07-02T19:10:39.340958,2026-07-02T19:10:39.363843+00:00,126.7,2,bid,WavyWalnuts,Kelvin Chan,4652157
2026-07-02T19:10:39.340958,2026-07-02T19:10:39.363843+00:00,126.7,198,bid,WavyWalnuts,YieldingYams,4652158
2026-07-02T19:10:40.549090,2026-07-02T19:10:40.553350+00:00,126.6,200,bid,WavyWalnuts,YieldingYams,4652173
2026-07-02T19:10:41.446265,2026-07-02T19:10:41.458677+00:00,126.6,20,bid,BrilliantBurritos,AverageAlmonds,4652191
2026-07-02T19:10:44.180948,2026-07-02T19:10:44.216575+00:00,126.5,200,bid,WavyWalnuts,AverageAlmonds,4652249
2026-07-02T19:10:44.734818,2026-07-02T19:10:44.747180+00:00,126.4,3,bid,Xuanyu Liu,YieldingYams,4652252
2026-07-02T19:10:45.388973,2026-07-02T19:10:45.401133+00:00,126.4,200,bid,WavyWalnuts,YieldingYams,4652265
2026-07-02T19:10:47.019411,2026-07-02T19:10:47.026423+00:00,126.3,5,ask,Kelvin Chan,BrilliantBurritos,4652288
2026-07-02T19:10:47.019411,2026-07-02T19:10:47.026423+00:00,126.3,15,ask,WavyWalnuts,BrilliantBurritos,4652289
2026-07-02T19:10:47.812820,2026-07-02T19:10:47.842064+00:00,126.4,200,bid,WavyWalnuts,YieldingYams,4652304
2026-07-02T19:10:49.019759,2026-07-02T19:10:49.061776+00:00,126.5,200,bid,WavyWalnuts,AverageAlmonds,4652337
2026-07-02T19:10:50.226673,2026-07-02T19:10:50.231640+00:00,126.5,200,bid,WavyWalnuts,YieldingYams,4652360
2026-07-02T19:10:50.756271,2026-07-02T19:10:50.764560+00:00,126.3,20,ask,YieldingYams,BrilliantBurritos,4652368
2026-07-02T19:10:55.183822,2026-07-02T19:10:55.190686+00:00,126.4,200,bid,YieldingYams,WavyWalnuts,4652449
2026-07-02T19:10:56.277293,2026-07-02T19:10:56.292682+00:00,126.5,200,ask,YieldingYams,WavyWalnuts,4652480
2026-07-02T19:10:57.485089,2026-07-02T19:10:57.494330+00:00,126.3,2,ask,Kelvin Chan,WavyWalnuts,4652492
2026-07-02T19:10:57.485089,2026-07-02T19:10:57.494330+00:00,126.3,198,ask,YieldingYams,WavyWalnuts,4652493
2026-07-02T19:11:04.396578,2026-07-02T19:11:04.400332+00:00,126.3,200,ask,WavyWalnuts,YieldingYams,4652618
2026-07-02T19:11:04.738832,2026-07-02T19:11:04.755609+00:00,126.3,200,bid,WavyWalnuts,YieldingYams,4652633
2026-07-02T19:11:05.947769,2026-07-02T19:11:05.964262+00:00,126.4,200,ask,YieldingYams,WavyWalnuts,4652653
2026-07-02T19:11:07.155618,2026-07-02T19:11:07.193419+00:00,126.4,200,ask,YieldingYams,WavyWalnuts,4652673
2026-07-02T19:11:10.778664,2026-07-02T19:11:10.792371+00:00,126.5,200,ask,YieldingYams,WavyWalnuts,4652743
2026-07-02T19:11:11.987522,2026-07-02T19:11:12.005601+00:00,126.5,200,ask,YieldingYams,WavyWalnuts,4652771
2026-07-02T19:11:13.196194,2026-07-02T19:11:13.209001+00:00,126.4,200,ask,YieldingYams,WavyWalnuts,4652799
2026-07-02T19:11:14.880853,2026-07-02T19:11:14.889006+00:00,126.3,500,ask,AverageAlmonds,YieldingYams,4652835
2026-07-02T19:11:14.947018,2026-07-02T19:11:14.959426+00:00,126.3,125,bid,AverageAlmonds,YieldingYams,4652841
2026-07-02T19:11:16.153919,2026-07-02T19:11:16.171081+00:00,126.4,200,bid,AverageAlmonds,WavyWalnuts,4652862
2026-07-02T19:11:18.637488,2026-07-02T19:11:18.644655+00:00,126.4,20,ask,WavyWalnuts,BrilliantBurritos,4652920
2026-07-02T19:11:20.122155,2026-07-02T19:11:20.133054+00:00,126.5,200,ask,WavyWalnuts,YieldingYams,4652947
2026-07-02T19:11:20.816535,2026-07-02T19:11:20.826606+00:00,126.5,20,bid,BrilliantBurritos,YieldingYams,4652959
2026-07-02T19:11:22.507376,2026-07-02T19:11:22.525449+00:00,126.6,1,bid,BrilliantBurritos,Kelvin Chan,4652993
2026-07-02T19:11:27.045722,2026-07-02T19:11:27.049631+00:00,126.5,3,ask,YieldingYams,Xuanyu Liu,4653079
2026-07-02T19:11:30.253308,2026-07-02T19:11:30.259733+00:00,126.4,20,ask,YieldingYams,BrilliantBurritos,4653143
2026-07-02T19:11:31.360820,2026-07-02T19:11:31.388230+00:00,126.3,200,ask,YieldingYams,WavyWalnuts,4653155
2026-07-02T19:11:34.605412,2026-07-02T19:11:34.610262+00:00,126.4,200,ask,WavyWalnuts,YieldingYams,4653228
2026-07-02T19:11:34.984662,2026-07-02T19:11:35.004354+00:00,126.4,200,bid,WavyWalnuts,YieldingYams,4653237
2026-07-02T19:11:37.090542,2026-07-02T19:11:37.099886+00:00,126.2,3,ask,Kelvin Chan,BrilliantBurritos,4653274
2026-07-02T19:11:37.090542,2026-07-02T19:11:37.099886+00:00,126.2,17,ask,YieldingYams,BrilliantBurritos,4653275
2026-07-02T19:11:37.431204,2026-07-02T19:11:37.434824+00:00,126.2,200,ask,YieldingYams,WavyWalnuts,4653286
2026-07-02T19:11:38.641159,2026-07-02T19:11:38.656486+00:00,126.3,4,ask,Kelvin Chan,WavyWalnuts,4653301
2026-07-02T19:11:38.641159,2026-07-02T19:11:38.656486+00:00,126.1,196,ask,YieldingYams,WavyWalnuts,4653302
2026-07-02T19:11:39.852319,2026-07-02T19:11:39.853964+00:00,126.2,4,ask,Kelvin Chan,WavyWalnuts,4653323
2026-07-02T19:11:41.060932,2026-07-02T19:11:41.074797+00:00,126.1,3,ask,Kelvin Chan,WavyWalnuts,4653341
2026-07-02T19:11:41.060932,2026-07-02T19:11:41.074797+00:00,126.1,197,ask,AverageAlmonds,WavyWalnuts,4653342
2026-07-02T19:11:41.179003,2026-07-02T19:11:41.186370+00:00,126.1,303,ask,AverageAlmonds,YieldingYams,4653347
2026-07-02T19:11:41.407273,2026-07-02T19:11:41.418759+00:00,126.0,2,ask,Kelvin Chan,BrilliantBurritos,4653350
2026-07-02T19:11:41.570689,2026-07-02T19:11:41.579719+00:00,126.1,322,bid,AverageAlmonds,YieldingYams,4653355
2026-07-02T19:11:42.889567,2026-07-02T19:11:42.893249+00:00,126.2,2,ask,Kelvin Chan,Xuanyu Liu,4653391
2026-07-02T19:11:43.433556,2026-07-02T19:11:43.437231+00:00,126.2,1,ask,AverageAlmonds,Xuanyu Liu,4653404
2026-07-02T19:11:43.798681,2026-07-02T19:11:43.811650+00:00,126.2,499,ask,AverageAlmonds,YieldingYams,4653408
2026-07-02T19:11:43.803295,2026-07-02T19:11:43.833868+00:00,126.2,1,bid,Kelvin Chan,YieldingYams,4653409
2026-07-02T19:11:44.006280,2026-07-02T19:11:44.037127+00:00,126.2,125,bid,AverageAlmonds,YieldingYams,4653414
2026-07-02T19:11:44.006280,2026-07-02T19:11:44.037127+00:00,126.3,200,bid,AverageAlmonds,WavyWalnuts,4653415
2026-07-02T19:11:44.033577,2026-07-02T19:11:44.037127+00:00,126.3,11,ask,AverageAlmonds,Xuanyu Liu,4653417
2026-07-02T19:11:44.150948,2026-07-02T19:11:44.157428+00:00,126.3,32,ask,AverageAlmonds,Zihao Wu,4653424
2026-07-02T19:11:45.151968,2026-07-02T19:11:45.159087+00:00,126.4,23,bid,Zihao Wu,YieldingYams,4653443
2026-07-02T19:11:45.821968,2026-07-02T19:11:45.829199+00:00,126.4,500,bid,AverageAlmonds,YieldingYams,4653456
2026-07-02T19:11:45.955772,2026-07-02T19:11:45.957519+00:00,126.4,9,bid,Zihao Wu,YieldingYams,4653461
2026-07-02T19:11:46.416835,2026-07-02T19:11:46.443031+00:00,126.4,93,bid,AverageAlmonds,YieldingYams,4653474
2026-07-02T19:11:46.416835,2026-07-02T19:11:46.443031+00:00,126.4,200,bid,AverageAlmonds,WavyWalnuts,4653475
2026-07-02T19:11:46.444370,2026-07-02T19:11:46.453814+00:00,126.5,12,bid,YieldingYams,Kelvin Chan,4653477
2026-07-02T19:11:47.106127,2026-07-02T19:11:47.119458+00:00,126.6,200,ask,YieldingYams,WavyWalnuts,4653491
2026-07-02T19:11:50.667960,2026-07-02T19:11:50.688651+00:00,126.6,8,bid,AverageAlmonds,Kelvin Chan,4653562
2026-07-02T19:11:50.667960,2026-07-02T19:11:50.688651+00:00,126.6,200,bid,AverageAlmonds,WavyWalnuts,4653563
2026-07-02T19:11:51.694075,2026-07-02T19:11:51.707021+00:00,126.6,200,ask,WavyWalnuts,YieldingYams,4653593
2026-07-02T19:11:51.694075,2026-07-02T19:11:51.707021+00:00,126.6,425,ask,AverageAlmonds,YieldingYams,4653594
2026-07-02T19:11:52.124138,2026-07-02T19:11:52.133333+00:00,126.7,9,bid,BrilliantBurritos,Kelvin Chan,4653599
2026-07-02T19:11:52.124138,2026-07-02T19:11:52.133333+00:00,126.7,11,bid,BrilliantBurritos,WavyWalnuts,4653600
2026-07-02T19:11:52.519227,2026-07-02T19:11:52.522875+00:00,126.6,10,bid,Xuanyu Liu,Kelvin Chan,4653615
2026-07-02T19:11:52.579678,2026-07-02T19:11:52.583244+00:00,126.6,1,bid,Xuanyu Liu,Kelvin Chan,4653620
2026-07-02T19:11:53.001575,2026-07-02T19:11:53.008458+00:00,126.6,8,bid,YieldingYams,Kelvin Chan,4653625
2026-07-02T19:11:53.001575,2026-07-02T19:11:53.014322+00:00,126.7,189,bid,YieldingYams,WavyWalnuts,4653626
2026-07-02T19:11:53.170143,2026-07-02T19:11:53.174328+00:00,126.8,200,ask,YieldingYams,WavyWalnuts,4653628
2026-07-02T19:11:55.592725,2026-07-02T19:11:55.616835+00:00,126.6,200,ask,YieldingYams,WavyWalnuts,4653674
2026-07-02T19:11:56.835772,2026-07-02T19:11:56.839346+00:00,126.6,3,bid,Xuanyu Liu,WavyWalnuts,4653701
2026-07-02T19:11:58.256479,2026-07-02T19:11:58.252630+00:00,126.5,500,ask,AverageAlmonds,YieldingYams,4653737
2026-07-02T19:11:58.527397,2026-07-02T19:11:58.536757+00:00,126.5,125,bid,AverageAlmonds,YieldingYams,4653740
2026-07-02T19:11:58.527397,2026-07-02T19:11:58.536757+00:00,126.6,200,bid,AverageAlmonds,WavyWalnuts,4653741
2026-07-02T19:11:58.527397,2026-07-02T19:11:58.536757+00:00,126.7,4,bid,AverageAlmonds,Kelvin Chan,4653742
2026-07-02T19:11:59.166678,2026-07-02T19:11:59.177525+00:00,126.7,9,ask,AverageAlmonds,Zihao Wu,4653761
2026-07-02T19:11:59.218512,2026-07-02T19:11:59.233400+00:00,126.7,200,ask,AverageAlmonds,WavyWalnuts,4653766
2026-07-02T19:12:00.100964,2026-07-02T19:12:00.104867+00:00,126.7,3,ask,AverageAlmonds,Xuanyu Liu,4653775
2026-07-02T19:12:01.248508,2026-07-02T19:12:01.258629+00:00,126.8,3,bid,BrilliantBurritos,Kelvin Chan,4653800
2026-07-02T19:12:01.248508,2026-07-02T19:12:01.258629+00:00,126.8,17,bid,BrilliantBurritos,YieldingYams,4653801
2026-07-02T19:12:01.631413,2026-07-02T19:12:01.639535+00:00,126.8,200,bid,WavyWalnuts,YieldingYams,4653807
2026-07-02T19:12:01.864322,2026-07-02T19:12:01.867972+00:00,126.7,23,ask,AverageAlmonds,Xuanyu Liu,4653812
2026-07-02T19:12:02.216660,2026-07-02T19:12:02.220315+00:00,126.8,11,ask,YieldingYams,Xuanyu Liu,4653821
2026-07-02T19:12:03.657882,2026-07-02T19:12:03.669775+00:00,126.8,1,bid,Zihao Wu,Kelvin Chan,4653846
2026-07-02T19:12:03.858096,2026-07-02T19:12:03.877241+00:00,126.8,1,bid,Zihao Wu,Kelvin Chan,4653855
2026-07-02T19:12:04.859143,2026-07-02T19:12:04.870910+00:00,126.8,1,bid,Zihao Wu,Kelvin Chan,4653875
2026-07-02T19:12:05.155695,2026-07-02T19:12:05.162053+00:00,127.0,20,bid,BrilliantBurritos,WavyWalnuts,4653880
2026-07-02T19:12:06.134755,2026-07-02T19:12:06.148476+00:00,126.9,1,bid,YieldingYams,Kelvin Chan,4653897
2026-07-02T19:12:07.679131,2026-07-02T19:12:07.695084+00:00,127.0,200,ask,YieldingYams,WavyWalnuts,4653937
2026-07-02T19:12:10.074606,2026-07-02T19:12:10.093819+00:00,127.1,200,bid,YieldingYams,WavyWalnuts,4653986
2026-07-02T19:12:11.307128,2026-07-02T19:12:11.327564+00:00,127.1,200,ask,YieldingYams,WavyWalnuts,4654019
2026-07-02T19:12:11.391633,2026-07-02T19:12:11.406025+00:00,127.0,500,ask,AverageAlmonds,YieldingYams,4654020
2026-07-02T19:12:11.402529,2026-07-02T19:12:11.406025+00:00,127.0,23,bid,Xuanyu Liu,YieldingYams,4654022
2026-07-02T19:12:11.810177,2026-07-02T19:12:11.822615+00:00,127.0,20,bid,BrilliantBurritos,YieldingYams,4654035
2026-07-02T19:12:11.837073,2026-07-02T19:12:11.843909+00:00,127.0,82,bid,AverageAlmonds,YieldingYams,4654036
2026-07-02T19:12:12.697601,2026-07-02T19:12:12.706374+00:00,127.2,200,bid,YieldingYams,WavyWalnuts,4654047
2026-07-02T19:12:17.959908,2026-07-02T19:12:17.969998+00:00,127.3,200,bid,YieldingYams,WavyWalnuts,4654140
2026-07-02T19:12:20.592598,2026-07-02T19:12:20.621678+00:00,127.1,200,ask,WavyWalnuts,YieldingYams,4654188
2026-07-02T19:12:20.592598,2026-07-02T19:12:20.621678+00:00,127.1,425,ask,AverageAlmonds,YieldingYams,4654189
2026-07-02T19:12:22.173021,2026-07-02T19:12:22.174984+00:00,127.2,200,ask,YieldingYams,WavyWalnuts,4654221
2026-07-02T19:12:25.807367,2026-07-02T19:12:25.827529+00:00,127.2,200,ask,YieldingYams,WavyWalnuts,4654289
2026-07-02T19:12:25.843136,2026-07-02T19:12:25.864863+00:00,127.2,500,ask,AverageAlmonds,YieldingYams,4654295
2026-07-02T19:12:26.374892,2026-07-02T19:12:26.399729+00:00,127.2,125,bid,AverageAlmonds,YieldingYams,4654304
2026-07-02T19:12:27.148957,2026-07-02T19:12:27.170040+00:00,127.3,1,bid,YieldingYams,Kelvin Chan,4654312
2026-07-02T19:12:27.148957,2026-07-02T19:12:27.170040+00:00,127.3,200,bid,YieldingYams,WavyWalnuts,4654313
2026-07-02T19:12:27.166029,2026-07-02T19:12:27.170040+00:00,127.3,12,ask,YieldingYams,Xuanyu Liu,4654317
2026-07-02T19:12:28.223719,2026-07-02T19:12:28.243676+00:00,127.3,200,ask,YieldingYams,WavyWalnuts,4654331
2026-07-02T19:12:28.463310,2026-07-02T19:12:28.478229+00:00,127.3,500,ask,AverageAlmonds,YieldingYams,4654337
2026-07-02T19:12:28.787497,2026-07-02T19:12:28.796079+00:00,127.3,125,bid,AverageAlmonds,YieldingYams,4654344
2026-07-02T19:12:29.434323,2026-07-02T19:12:29.447445+00:00,127.3,200,ask,AverageAlmonds,WavyWalnuts,4654364
2026-07-02T19:12:29.768000,2026-07-02T19:12:29.788129+00:00,127.4,2,bid,YieldingYams,Kelvin Chan,4654368
2026-07-02T19:12:29.784547,2026-07-02T19:12:29.788129+00:00,127.4,11,ask,YieldingYams,Xuanyu Liu,4654370
2026-07-02T19:12:30.641689,2026-07-02T19:12:30.649213+00:00,127.4,200,ask,YieldingYams,WavyWalnuts,4654389
2026-07-02T19:12:32.397083,2026-07-02T19:12:32.419197+00:00,127.3,500,ask,AverageAlmonds,YieldingYams,4654423
2026-07-02T19:12:32.397083,2026-07-02T19:12:32.419197+00:00,127.3,125,ask,WavyWalnuts,YieldingYams,4654424
2026-07-02T19:12:33.447809,2026-07-02T19:12:33.453586+00:00,127.5,1,bid,Xuanyu Liu,Kelvin Chan,4654448
2026-07-02T19:12:33.447809,2026-07-02T19:12:33.453586+00:00,127.5,22,bid,Xuanyu Liu,WavyWalnuts,4654449
2026-07-02T19:12:33.704625,2026-07-02T19:12:33.714142+00:00,127.5,178,bid,YieldingYams,WavyWalnuts,4654461
2026-07-02T19:12:35.025513,2026-07-02T19:12:35.036875+00:00,127.4,20,ask,WavyWalnuts,BrilliantBurritos,4654477
2026-07-02T19:12:36.323249,2026-07-02T19:12:36.331925+00:00,127.6,200,bid,YieldingYams,WavyWalnuts,4654503
2026-07-02T19:12:39.169367,2026-07-02T19:12:39.189582+00:00,127.6,200,ask,YieldingYams,WavyWalnuts,4654564
2026-07-02T19:12:40.182741,2026-07-02T19:12:40.197448+00:00,127.6,20,ask,YieldingYams,BrilliantBurritos,4654588
2026-07-02T19:12:44.616162,2026-07-02T19:12:44.627463+00:00,127.8,20,bid,BrilliantBurritos,WavyWalnuts,4654675
2026-07-02T19:12:45.490924,2026-07-02T19:12:45.501288+00:00,127.7,2,bid,YieldingYams,Kelvin Chan,4654685
2026-07-02T19:12:45.490924,2026-07-02T19:12:45.501288+00:00,127.7,200,bid,YieldingYams,WavyWalnuts,4654686
2026-07-02T19:12:45.546925,2026-07-02T19:12:45.574298+00:00,127.9,20,bid,BrilliantBurritos,YieldingYams,4654687
2026-07-02T19:12:46.131987,2026-07-02T19:12:46.135391+00:00,127.8,2,bid,Xuanyu Liu,Kelvin Chan,4654702
2026-07-02T19:12:46.455767,2026-07-02T19:12:46.453923+00:00,127.7,200,ask,YieldingYams,WavyWalnuts,4654708
2026-07-02T19:12:46.816444,2026-07-02T19:12:46.820066+00:00,127.6,12,bid,Xuanyu Liu,YieldingYams,4654715
2026-07-02T19:12:47.661269,2026-07-02T19:12:47.672027+00:00,127.6,200,bid,WavyWalnuts,YieldingYams,4654742
2026-07-02T19:12:50.510710,2026-07-02T19:12:50.514691+00:00,127.6,1,ask,YieldingYams,Xuanyu Liu,4654789
2026-07-02T19:12:50.764316,2026-07-02T19:12:50.767811+00:00,127.7,2,ask,YieldingYams,Xuanyu Liu,4654798
2026-07-02T19:12:51.467893,2026-07-02T19:12:51.484877+00:00,127.8,1,bid,BrilliantBurritos,Kelvin Chan,4654812
2026-07-02T19:12:51.467893,2026-07-02T19:12:51.484877+00:00,127.8,19,bid,BrilliantBurritos,WavyWalnuts,4654813
2026-07-02T19:12:51.763862,2026-07-02T19:12:51.767293+00:00,127.7,1,ask,YieldingYams,Xuanyu Liu,4654819
2026-07-02T19:12:52.078765,2026-07-02T19:12:52.082196+00:00,127.7,1,ask,YieldingYams,Xuanyu Liu,4654827
2026-07-02T19:12:52.498811,2026-07-02T19:12:52.502331+00:00,127.7,200,ask,YieldingYams,WavyWalnuts,4654834
2026-07-02T19:12:53.715090,2026-07-02T19:12:53.717606+00:00,127.7,200,ask,YieldingYams,WavyWalnuts,4654848
2026-07-02T19:12:56.134445,2026-07-02T19:12:56.148576+00:00,127.8,1,bid,WavyWalnuts,Kelvin Chan,4654887
2026-07-02T19:12:56.577823,2026-07-02T19:12:56.581648+00:00,127.8,2,ask,WavyWalnuts,Xuanyu Liu,4654892
2026-07-02T19:12:56.683127,2026-07-02T19:12:56.686816+00:00,127.8,2,ask,WavyWalnuts,Xuanyu Liu,4654896
2026-07-02T19:12:56.730834,2026-07-02T19:12:56.734402+00:00,127.8,2,ask,WavyWalnuts,Xuanyu Liu,4654899
2026-07-02T19:12:56.793950,2026-07-02T19:12:56.797433+00:00,127.8,2,ask,WavyWalnuts,Xuanyu Liu,4654902
2026-07-02T19:12:57.065637,2026-07-02T19:12:57.069980+00:00,127.8,1,ask,WavyWalnuts,Xuanyu Liu,4654906
2026-07-02T19:12:57.346316,2026-07-02T19:12:57.349625+00:00,127.9,3,bid,WavyWalnuts,Kelvin Chan,4654912
2026-07-02T19:12:57.359640,2026-07-02T19:12:57.363283+00:00,127.9,2,ask,WavyWalnuts,Xuanyu Liu,4654915
2026-07-02T19:12:57.413184,2026-07-02T19:12:57.417080+00:00,127.9,2,ask,WavyWalnuts,Xuanyu Liu,4654917
2026-07-02T19:12:57.597791,2026-07-02T19:12:57.600975+00:00,127.9,2,ask,WavyWalnuts,Xuanyu Liu,4654919
2026-07-02T19:12:57.643860,2026-07-02T19:12:57.647061+00:00,127.9,2,ask,WavyWalnuts,Xuanyu Liu,4654921
2026-07-02T19:12:57.718605,2026-07-02T19:12:57.721792+00:00,127.9,2,ask,WavyWalnuts,Xuanyu Liu,4654925
2026-07-02T19:12:57.778143,2026-07-02T19:12:57.781692+00:00,127.9,1,ask,WavyWalnuts,Xuanyu Liu,4654928
2026-07-02T19:12:57.825500,2026-07-02T19:12:57.828931+00:00,127.9,1,ask,WavyWalnuts,Xuanyu Liu,4654930
2026-07-02T19:12:58.049279,2026-07-02T19:12:58.045774+00:00,127.9,20,ask,WavyWalnuts,BrilliantBurritos,4654936
2026-07-02T19:12:59.781439,2026-07-02T19:12:59.799613+00:00,127.9,200,ask,YieldingYams,WavyWalnuts,4654966
2026-07-02T19:13:00.372251,2026-07-02T19:13:00.383867+00:00,128.0,1,bid,BrilliantBurritos,Kelvin Chan,4654983
2026-07-02T19:13:00.372251,2026-07-02T19:13:00.383867+00:00,128.0,19,bid,BrilliantBurritos,YieldingYams,4654984
2026-07-02T19:13:01.243270,2026-07-02T19:13:01.247331+00:00,127.9,12,bid,Xuanyu Liu,YieldingYams,4655004
2026-07-02T19:13:01.962196,2026-07-02T19:13:01.968162+00:00,127.9,14,bid,Xuanyu Liu,YieldingYams,4655012
2026-07-02T19:13:03.146155,2026-07-02T19:13:03.158611+00:00,127.9,20,bid,BrilliantBurritos,YieldingYams,4655039
2026-07-02T19:13:04.620131,2026-07-02T19:13:04.626189+00:00,127.9,200,bid,WavyWalnuts,YieldingYams,4655069
2026-07-02T19:13:05.173731,2026-07-02T19:13:05.177576+00:00,127.9,3,ask,YieldingYams,Xuanyu Liu,4655080
2026-07-02T19:13:05.832942,2026-07-02T19:13:05.858563+00:00,127.9,200,ask,YieldingYams,WavyWalnuts,4655088
2026-07-02T19:13:07.039403,2026-07-02T19:13:07.043098+00:00,127.9,200,bid,WavyWalnuts,YieldingYams,4655118
2026-07-02T19:13:11.893698,2026-07-02T19:13:11.903372+00:00,127.8,200,ask,YieldingYams,WavyWalnuts,4655208
2026-07-02T19:13:14.320856,2026-07-02T19:13:14.328844+00:00,127.6,2,ask,Kelvin Chan,WavyWalnuts,4655259
2026-07-02T19:13:14.325150,2026-07-02T19:13:14.328844+00:00,127.6,198,bid,YieldingYams,WavyWalnuts,4655260
2026-07-02T19:13:15.532873,2026-07-02T19:13:15.558649+00:00,127.7,6,ask,Kelvin Chan,WavyWalnuts,4655284
2026-07-02T19:13:16.942251,2026-07-02T19:13:16.964682+00:00,127.6,8,ask,Kelvin Chan,YieldingYams,4655311
2026-07-02T19:13:16.942251,2026-07-02T19:13:16.964682+00:00,127.6,500,ask,AverageAlmonds,YieldingYams,4655312
2026-07-02T19:13:16.942251,2026-07-02T19:13:16.964682+00:00,127.6,117,ask,WavyWalnuts,YieldingYams,4655313
2026-07-02T19:13:17.793666,2026-07-02T19:13:17.796835+00:00,127.7,2,ask,Kelvin Chan,Xuanyu Liu,4655338
2026-07-02T19:13:17.973762,2026-07-02T19:13:17.977546+00:00,127.7,9,ask,WavyWalnuts,Xuanyu Liu,4655340
2026-07-02T19:13:20.410902,2026-07-02T19:13:20.414447+00:00,127.8,12,ask,WavyWalnuts,Xuanyu Liu,4655379
2026-07-02T19:13:23.528476,2026-07-02T19:13:23.535625+00:00,127.9,200,ask,WavyWalnuts,YieldingYams,4655437
2026-07-02T19:13:23.950015,2026-07-02T19:13:23.958631+00:00,127.9,20,bid,BrilliantBurritos,YieldingYams,4655454
2026-07-02T19:13:25.122322,2026-07-02T19:13:25.125562+00:00,127.9,500,bid,AverageAlmonds,YieldingYams,4655470
2026-07-02T19:13:25.229973,2026-07-02T19:13:25.245973+00:00,127.9,125,bid,WavyWalnuts,YieldingYams,4655473
2026-07-02T19:13:25.229973,2026-07-02T19:13:25.245973+00:00,128.0,3,bid,WavyWalnuts,Kelvin Chan,4655474
2026-07-02T19:13:25.272214,2026-07-02T19:13:25.276775+00:00,128.0,23,ask,WavyWalnuts,Xuanyu Liu,4655476
2026-07-02T19:13:25.388469,2026-07-02T19:13:25.405885+00:00,128.0,3,ask,WavyWalnuts,Zihao Wu,4655477
2026-07-02T19:13:27.452934,2026-07-02T19:13:27.458647+00:00,128.1,9,bid,YieldingYams,Kelvin Chan,4655505
2026-07-02T19:13:27.452934,2026-07-02T19:13:27.458647+00:00,128.1,200,bid,YieldingYams,WavyWalnuts,4655506
2026-07-02T19:13:29.779428,2026-07-02T19:13:29.785662+00:00,128.1,20,ask,WavyWalnuts,BrilliantBurritos,4655563
2026-07-02T19:13:30.470605,2026-07-02T19:13:30.474723+00:00,128.2,10,bid,Xuanyu Liu,YieldingYams,4655584
2026-07-02T19:13:32.500710,2026-07-02T19:13:32.516020+00:00,128.2,1,bid,WavyWalnuts,Kelvin Chan,4655635
2026-07-02T19:13:32.500710,2026-07-02T19:13:32.516020+00:00,128.2,199,bid,WavyWalnuts,YieldingYams,4655636
2026-07-02T19:13:34.575271,2026-07-02T19:13:34.591573+00:00,128.2,1,bid,BrilliantBurritos,Kelvin Chan,4655680
2026-07-02T19:13:36.136192,2026-07-02T19:13:36.142694+00:00,128.1,200,ask,AverageAlmonds,WavyWalnuts,4655718
2026-07-02T19:13:37.932284,2026-07-02T19:13:37.936795+00:00,128.1,500,ask,AverageAlmonds,YieldingYams,4655749
2026-07-02T19:13:38.431983,2026-07-02T19:13:38.450004+00:00,128.1,125,bid,AverageAlmonds,YieldingYams,4655760
2026-07-02T19:13:38.550822,2026-07-02T19:13:38.558709+00:00,128.1,200,ask,AverageAlmonds,WavyWalnuts,4655765
2026-07-02T19:13:39.786991,2026-07-02T19:13:39.790706+00:00,128.2,5,ask,YieldingYams,Xuanyu Liu,4655788
2026-07-02T19:13:40.973535,2026-07-02T19:13:40.980572+00:00,128.2,200,ask,YieldingYams,WavyWalnuts,4655811
2026-07-02T19:13:42.207335,2026-07-02T19:13:42.219369+00:00,128.2,3,bid,Zihao Wu,WavyWalnuts,4655849
2026-07-02T19:13:45.846315,2026-07-02T19:13:45.850142+00:00,128.1,7,bid,Xuanyu Liu,YieldingYams,4655938
2026-07-02T19:13:47.012531,2026-07-02T19:13:47.021210+00:00,128.1,200,bid,WavyWalnuts,YieldingYams,4655960
2026-07-02T19:13:51.057837,2026-07-02T19:13:51.074620+00:00,128.2,200,ask,WavyWalnuts,YieldingYams,4656030
2026-07-02T19:13:51.845485,2026-07-02T19:13:51.854414+00:00,128.2,200,bid,WavyWalnuts,YieldingYams,4656048
2026-07-02T19:13:54.992629,2026-07-02T19:13:54.994989+00:00,128.2,200,bid,YieldingYams,WavyWalnuts,4656117
2026-07-02T19:14:01.508132,2026-07-02T19:14:01.525476+00:00,128.2,200,ask,YieldingYams,WavyWalnuts,4656242
2026-07-02T19:14:05.139913,2026-07-02T19:14:05.146811+00:00,128.3,200,bid,WavyWalnuts,YieldingYams,4656313
2026-07-02T19:14:08.110815,2026-07-02T19:14:08.116285+00:00,128.2,200,ask,WavyWalnuts,YieldingYams,4656350
2026-07-02T19:14:08.352793,2026-07-02T19:14:08.356318+00:00,128.2,11,bid,Xuanyu Liu,YieldingYams,4656355
2026-07-02T19:14:08.764427,2026-07-02T19:14:08.779978+00:00,128.2,200,bid,WavyWalnuts,YieldingYams,4656361
2026-07-02T19:14:14.667523,2026-07-02T19:14:14.681948+00:00,128.1,2,ask,Kelvin Chan,YieldingYams,4656470
2026-07-02T19:14:14.830838,2026-07-02T19:14:14.835575+00:00,128.1,200,bid,WavyWalnuts,YieldingYams,4656472
2026-07-02T19:14:17.253670,2026-07-02T19:14:17.258585+00:00,128.2,200,bid,WavyWalnuts,YieldingYams,4656507
2026-07-02T19:14:17.897102,2026-07-02T19:14:17.915202+00:00,128.1,2,ask,Kelvin Chan,BrilliantBurritos,4656521
2026-07-02T19:14:18.462505,2026-07-02T19:14:18.481284+00:00,128.2,200,bid,WavyWalnuts,YieldingYams,4656531
2026-07-02T19:14:23.306173,2026-07-02T19:14:23.325915+00:00,128.2,200,bid,WavyWalnuts,AverageAlmonds,4656631
2026-07-02T19:14:25.175711,2026-07-02T19:14:25.186558+00:00,128.2,200,bid,YieldingYams,WavyWalnuts,4656669
2026-07-02T19:14:25.175711,2026-07-02T19:14:25.186558+00:00,128.2,425,bid,YieldingYams,AverageAlmonds,4656670
2026-07-02T19:14:26.930475,2026-07-02T19:14:26.948182+00:00,128.2,200,bid,WavyWalnuts,YieldingYams,4656717
2026-07-02T19:14:29.348619,2026-07-02T19:14:29.351439+00:00,128.2,200,bid,WavyWalnuts,YieldingYams,4656764
2026-07-02T19:14:31.717177,2026-07-02T19:14:31.729229+00:00,128.1,200,ask,WavyWalnuts,AverageAlmonds,4656808
2026-07-02T19:14:33.051729,2026-07-02T19:14:33.079339+00:00,128.1,500,bid,YieldingYams,AverageAlmonds,4656833
2026-07-02T19:14:33.051729,2026-07-02T19:14:33.079339+00:00,128.1,125,bid,YieldingYams,WavyWalnuts,4656834
2026-07-02T19:14:33.534276,2026-07-02T19:14:33.541903+00:00,128.1,20,bid,BrilliantBurritos,WavyWalnuts,4656838
2026-07-02T19:14:36.199876,2026-07-02T19:14:36.206148+00:00,128.0,20,bid,BrilliantBurritos,YieldingYams,4656867
2026-07-02T19:14:40.906959,2026-07-02T19:14:40.926559+00:00,127.9,200,bid,YieldingYams,WavyWalnuts,4656930
2026-07-02T19:14:42.658342,2026-07-02T19:14:42.675356+00:00,127.9,200,bid,WavyWalnuts,YieldingYams,4656959
2026-07-02T19:14:43.083844,2026-07-02T19:14:43.098115+00:00,127.7,2,ask,Kelvin Chan,BrilliantBurritos,4656963
2026-07-02T19:14:43.083844,2026-07-02T19:14:43.098115+00:00,127.7,18,ask,YieldingYams,BrilliantBurritos,4656964
2026-07-02T19:14:43.565242,2026-07-02T19:14:43.569021+00:00,127.9,11,ask,YieldingYams,Xuanyu Liu,4656976
2026-07-02T19:14:44.877266,2026-07-02T19:14:44.894132+00:00,127.9,3,ask,WavyWalnuts,Zihao Wu,4657002
2026-07-02T19:14:45.108657,2026-07-02T19:14:45.112145+00:00,128.0,12,ask,WavyWalnuts,Xuanyu Liu,4657011
2026-07-02T19:14:46.379954,2026-07-02T19:14:46.384874+00:00,128.1,3,bid,Zihao Wu,YieldingYams,4657042
2026-07-02T19:14:46.379954,2026-07-02T19:14:46.384874+00:00,128.1,20,bid,Xuanyu Liu,YieldingYams,4657043
2026-07-02T19:14:46.479002,2026-07-02T19:14:46.501505+00:00,128.1,3,bid,Xuanyu Liu,Kelvin Chan,4657044
2026-07-02T19:14:49.925694,2026-07-02T19:14:49.928842+00:00,128.0,200,ask,YieldingYams,WavyWalnuts,4657103
2026-07-02T19:14:51.397517,2026-07-02T19:14:51.406652+00:00,127.8,8,ask,Kelvin Chan,YieldingYams,4657128
2026-07-02T19:14:53.221654,2026-07-02T19:14:53.238868+00:00,127.7,8,ask,Kelvin Chan,BrilliantBurritos,4657171
2026-07-02T19:14:53.221654,2026-07-02T19:14:53.238868+00:00,127.7,12,ask,WavyWalnuts,BrilliantBurritos,4657172
2026-07-02T19:14:55.869448,2026-07-02T19:14:55.872712+00:00,127.7,4,ask,Kelvin Chan,Xuanyu Liu,4657213
2026-07-02T19:14:57.285522,2026-07-02T19:14:57.290419+00:00,127.6,2,ask,Kelvin Chan,BrilliantBurritos,4657247
2026-07-02T19:14:57.285522,2026-07-02T19:14:57.290419+00:00,127.6,18,ask,YieldingYams,BrilliantBurritos,4657248
2026-07-02T19:14:58.397811,2026-07-02T19:14:58.419666+00:00,127.6,200,bid,WavyWalnuts,YieldingYams,4657266
2026-07-02T19:14:59.270292,2026-07-02T19:14:59.273767+00:00,127.5,7,ask,YieldingYams,Xuanyu Liu,4657284
2026-07-02T19:15:00.174401,2026-07-02T19:15:00.191974+00:00,127.6,20,bid,BrilliantBurritos,WavyWalnuts,4657294
2026-07-02T19:15:03.263072,2026-07-02T19:15:03.266521+00:00,127.4,12,ask,WavyWalnuts,Xuanyu Liu,4657369
2026-07-02T19:15:03.363987,2026-07-02T19:15:03.386174+00:00,127.4,3,ask,WavyWalnuts,Zihao Wu,4657372
2026-07-02T19:15:05.364812,2026-07-02T19:15:05.368614+00:00,127.4,11,ask,WavyWalnuts,Xuanyu Liu,4657417
2026-07-02T19:15:05.655842,2026-07-02T19:15:05.656250+00:00,127.5,200,bid,WavyWalnuts,YieldingYams,4657421
2026-07-02T19:15:07.180898,2026-07-02T19:15:07.184748+00:00,127.5,11,ask,YieldingYams,Xuanyu Liu,4657447
2026-07-02T19:15:09.772518,2026-07-02T19:15:09.780451+00:00,127.6,200,bid,YieldingYams,WavyWalnuts,4657502
2026-07-02T19:15:10.518690,2026-07-02T19:15:10.546772+00:00,127.6,200,ask,YieldingYams,WavyWalnuts,4657516
2026-07-02T19:15:12.061895,2026-07-02T19:15:12.073314+00:00,127.5,20,ask,YieldingYams,BrilliantBurritos,4657556
2026-07-02T19:15:13.711065,2026-07-02T19:15:13.738321+00:00,127.8,200,bid,YieldingYams,WavyWalnuts,4657590
2026-07-02T19:15:13.734310,2026-07-02T19:15:13.738321+00:00,127.8,23,ask,YieldingYams,Xuanyu Liu,4657592
2026-07-02T19:15:14.161306,2026-07-02T19:15:14.176790+00:00,127.8,200,ask,YieldingYams,WavyWalnuts,4657596
2026-07-02T19:15:16.332044,2026-07-02T19:15:16.335671+00:00,127.8,200,ask,WavyWalnuts,YieldingYams,4657634
2026-07-02T19:15:18.031218,2026-07-02T19:15:18.035922+00:00,127.9,1,bid,Xuanyu Liu,Kelvin Chan,4657666
2026-07-02T19:15:18.031218,2026-07-02T19:15:18.035922+00:00,127.9,22,bid,Xuanyu Liu,WavyWalnuts,4657667
2026-07-02T19:15:18.326123,2026-07-02T19:15:18.335209+00:00,127.8,6,bid,BrilliantBurritos,Kelvin Chan,4657676
2026-07-02T19:15:20.255898,2026-07-02T19:15:20.255650+00:00,127.9,6,bid,YieldingYams,Kelvin Chan,4657727
2026-07-02T19:15:20.255898,2026-07-02T19:15:20.255650+00:00,127.9,200,bid,YieldingYams,WavyWalnuts,4657728
2026-07-02T19:15:20.767924,2026-07-02T19:15:20.785840+00:00,127.9,419,ask,YieldingYams,AverageAlmonds,4657736
2026-07-02T19:15:21.565628,2026-07-02T19:15:21.571885+00:00,127.7,200,ask,WavyWalnuts,YieldingYams,4657758
2026-07-02T19:15:22.669906,2026-07-02T19:15:22.701700+00:00,127.6,2,ask,Kelvin Chan,WavyWalnuts,4657776
2026-07-02T19:15:22.874478,2026-07-02T19:15:22.882331+00:00,127.6,198,bid,YieldingYams,WavyWalnuts,4657784
2026-07-02T19:15:23.963524,2026-07-02T19:15:23.980787+00:00,127.8,20,bid,BrilliantBurritos,YieldingYams,4657811
2026-07-02T19:15:24.352212,2026-07-02T19:15:24.356059+00:00,127.8,11,bid,Xuanyu Liu,YieldingYams,4657815
2026-07-02T19:15:24.384555,2026-07-02T19:15:24.406228+00:00,127.8,25,bid,Zihao Wu,YieldingYams,4657816
2026-07-02T19:15:25.084593,2026-07-02T19:15:25.095286+00:00,127.8,200,bid,WavyWalnuts,YieldingYams,4657842
2026-07-02T19:15:25.593941,2026-07-02T19:15:25.619689+00:00,127.8,2,ask,YieldingYams,Zihao Wu,4657846
2026-07-02T19:15:29.381860,2026-07-02T19:15:29.393740+00:00,127.8,20,ask,YieldingYams,BrilliantBurritos,4657937
2026-07-02T19:15:30.682992,2026-07-02T19:15:30.688746+00:00,127.9,1,bid,Xuanyu Liu,Kelvin Chan,4657971
2026-07-02T19:15:30.682992,2026-07-02T19:15:30.688746+00:00,127.9,22,bid,Xuanyu Liu,YieldingYams,4657972
2026-07-02T19:15:30.791774,2026-07-02T19:15:30.800519+00:00,127.9,2,bid,Zihao Wu,WavyWalnuts,4657974
2026-07-02T19:15:32.678168,2026-07-02T19:15:32.696072+00:00,128.0,9,bid,BrilliantBurritos,Kelvin Chan,4658005
2026-07-02T19:15:32.678168,2026-07-02T19:15:32.696072+00:00,128.0,11,bid,BrilliantBurritos,YieldingYams,4658006
2026-07-02T19:15:33.401980,2026-07-02T19:15:33.420270+00:00,128.0,9,bid,YieldingYams,Kelvin Chan,4658028
2026-07-02T19:15:33.401980,2026-07-02T19:15:33.420270+00:00,128.1,500,bid,YieldingYams,AverageAlmonds,4658029
2026-07-02T19:15:33.595147,2026-07-02T19:15:33.607165+00:00,128.1,2,ask,YieldingYams,Zihao Wu,4658038
2026-07-02T19:15:33.995444,2026-07-02T19:15:34.004848+00:00,128.2,2,bid,Zihao Wu,AverageAlmonds,4658047
2026-07-02T19:15:34.093690,2026-07-02T19:15:34.103851+00:00,128.1,114,ask,YieldingYams,AverageAlmonds,4658055
2026-07-02T19:15:34.170001,2026-07-02T19:15:34.188004+00:00,128.1,20,bid,BrilliantBurritos,AverageAlmonds,4658061
2026-07-02T19:15:34.702168,2026-07-02T19:15:34.714676+00:00,127.9,20,ask,WavyWalnuts,BrilliantBurritos,4658074
2026-07-02T19:15:34.781342,2026-07-02T19:15:34.792162+00:00,128.0,200,bid,WavyWalnuts,YieldingYams,4658077
2026-07-02T19:15:35.437462,2026-07-02T19:15:35.454220+00:00,128.0,20,bid,BrilliantBurritos,YieldingYams,4658084
2026-07-02T19:15:35.991921,2026-07-02T19:15:35.998747+00:00,128.0,200,bid,WavyWalnuts,YieldingYams,4658096
2026-07-02T19:15:36.022423,2026-07-02T19:15:36.027432+00:00,128.0,3,bid,YieldingYams,Kelvin Chan,4658097
2026-07-02T19:15:36.022423,2026-07-02T19:15:36.027432+00:00,128.0,500,bid,YieldingYams,AverageAlmonds,4658098
2026-07-02T19:15:36.494914,2026-07-02T19:15:36.504144+00:00,128.0,122,ask,YieldingYams,AverageAlmonds,4658109
2026-07-02T19:15:37.204199,2026-07-02T19:15:37.233583+00:00,127.9,200,bid,WavyWalnuts,AverageAlmonds,4658126
2026-07-02T19:15:38.413309,2026-07-02T19:15:38.423728+00:00,127.9,200,bid,WavyWalnuts,YieldingYams,4658149
2026-07-02T19:15:39.546234,2026-07-02T19:15:39.559133+00:00,127.9,500,ask,YieldingYams,AverageAlmonds,4658191
2026-07-02T19:15:39.955466,2026-07-02T19:15:39.999424+00:00,127.9,200,ask,WavyWalnuts,YieldingYams,4658195
2026-07-02T19:15:39.996040,2026-07-02T19:15:39.999424+00:00,127.8,2,bid,Xuanyu Liu,YieldingYams,4658197
2026-07-02T19:15:40.001814,2026-07-02T19:15:40.015296+00:00,127.6,2,ask,YieldingYams,Zihao Wu,4658198
2026-07-02T19:15:40.202084,2026-07-02T19:15:40.209029+00:00,127.8,2,bid,Zihao Wu,YieldingYams,4658203
2026-07-02T19:15:43.348208,2026-07-02T19:15:43.352284+00:00,127.8,21,bid,Xuanyu Liu,AverageAlmonds,4658263
2026-07-02T19:15:44.048021,2026-07-02T19:15:44.054242+00:00,127.7,2,ask,Kelvin Chan,BrilliantBurritos,4658287
2026-07-02T19:15:44.048021,2026-07-02T19:15:44.054242+00:00,127.7,18,ask,YieldingYams,BrilliantBurritos,4658288
2026-07-02T19:15:44.993296,2026-07-02T19:15:44.995671+00:00,127.7,500,ask,YieldingYams,AverageAlmonds,4658309
2026-07-02T19:15:45.194399,2026-07-02T19:15:45.218777+00:00,127.6,200,ask,WavyWalnuts,YieldingYams,4658319
2026-07-02T19:15:45.226514,2026-07-02T19:15:45.230199+00:00,127.5,14,bid,Xuanyu Liu,YieldingYams,4658321
2026-07-02T19:15:45.653920,2026-07-02T19:15:45.654805+00:00,127.5,200,bid,WavyWalnuts,YieldingYams,4658330
2026-07-02T19:15:45.801942,2026-07-02T19:15:45.818793+00:00,127.5,20,bid,BrilliantBurritos,YieldingYams,4658337
2026-07-02T19:15:48.205755,2026-07-02T19:15:48.212781+00:00,127.5,20,bid,BrilliantBurritos,YieldingYams,4658386
2026-07-02T19:15:49.119974,2026-07-02T19:15:49.126252+00:00,127.4,2,ask,Kelvin Chan,YieldingYams,4658398
2026-07-02T19:15:49.287306,2026-07-02T19:15:49.293110+00:00,127.4,200,bid,WavyWalnuts,YieldingYams,4658402
2026-07-02T19:15:49.665470,2026-07-02T19:15:49.669071+00:00,127.2,3,ask,YieldingYams,Xuanyu Liu,4658409
2026-07-02T19:15:50.364411,2026-07-02T19:15:50.367839+00:00,127.3,2,ask,Kelvin Chan,Xuanyu Liu,4658427
2026-07-02T19:15:50.464215,2026-07-02T19:15:50.467701+00:00,127.3,9,ask,YieldingYams,Xuanyu Liu,4658432
2026-07-02T19:15:50.519871,2026-07-02T19:15:50.523442+00:00,127.4,12,ask,WavyWalnuts,Xuanyu Liu,4658440
2026-07-02T19:15:50.872240,2026-07-02T19:15:50.881296+00:00,127.4,20,ask,WavyWalnuts,BrilliantBurritos,4658445
2026-07-02T19:15:54.137877,2026-07-02T19:15:54.173290+00:00,127.4,6,ask,Kelvin Chan,WavyWalnuts,4658513
2026-07-02T19:15:56.294328,2026-07-02T19:15:56.298026+00:00,127.4,3,bid,Xuanyu Liu,WavyWalnuts,4658551
2026-07-02T19:15:56.556733,2026-07-02T19:15:56.560044+00:00,127.3,6,ask,Kelvin Chan,WavyWalnuts,4658555
2026-07-02T19:15:56.556733,2026-07-02T19:15:56.560044+00:00,127.3,194,ask,YieldingYams,WavyWalnuts,4658556
2026-07-02T19:15:56.992570,2026-07-02T19:15:57.004343+00:00,127.4,6,ask,Kelvin Chan,YieldingYams,4658558
2026-07-02T19:15:57.770803,2026-07-02T19:15:57.782466+00:00,127.3,200,ask,AverageAlmonds,WavyWalnuts,4658579
2026-07-02T19:16:00.190667,2026-07-02T19:16:00.210375+00:00,127.3,200,ask,YieldingYams,WavyWalnuts,4658649
2026-07-02T19:16:00.223573,2026-07-02T19:16:00.241160+00:00,127.3,2,ask,YieldingYams,Zihao Wu,4658650
2026-07-02T19:16:00.933411,2026-07-02T19:16:00.958599+00:00,127.4,500,ask,AverageAlmonds,YieldingYams,4658660
2026-07-02T19:16:01.024386,2026-07-02T19:16:01.025666+00:00,127.4,2,bid,Zihao Wu,YieldingYams,4658663
2026-07-02T19:16:02.548906,2026-07-02T19:16:02.563686+00:00,127.4,200,bid,AverageAlmonds,WavyWalnuts,4658707
2026-07-02T19:16:02.548906,2026-07-02T19:16:02.570081+00:00,127.4,300,bid,AverageAlmonds,YieldingYams,4658708
2026-07-02T19:16:03.142733,2026-07-02T19:16:03.147024+00:00,127.4,325,bid,AverageAlmonds,YieldingYams,4658724
2026-07-02T19:16:03.548003,2026-07-02T19:16:03.579324+00:00,127.5,200,bid,YieldingYams,WavyWalnuts,4658732
2026-07-02T19:16:03.575705,2026-07-02T19:16:03.579324+00:00,127.5,3,ask,YieldingYams,Xuanyu Liu,4658734
2026-07-02T19:16:03.820236,2026-07-02T19:16:03.831875+00:00,127.5,200,ask,YieldingYams,WavyWalnuts,4658735
2026-07-02T19:16:06.181571,2026-07-02T19:16:06.186512+00:00,127.3,6,ask,Kelvin Chan,YieldingYams,4658787
2026-07-02T19:16:06.181571,2026-07-02T19:16:06.186512+00:00,127.3,200,ask,WavyWalnuts,YieldingYams,4658788
2026-07-02T19:16:06.238393,2026-07-02T19:16:06.246777+00:00,127.2,200,bid,WavyWalnuts,YieldingYams,4658792
2026-07-02T19:16:06.764791,2026-07-02T19:16:06.775211+00:00,127.2,219,bid,AverageAlmonds,YieldingYams,4658804
2026-07-02T19:16:07.488384,2026-07-02T19:16:07.499691+00:00,127.4,200,bid,YieldingYams,WavyWalnuts,4658822
2026-07-02T19:16:07.631337,2026-07-02T19:16:07.641898+00:00,127.4,2,ask,YieldingYams,Zihao Wu,4658827
2026-07-02T19:16:08.651471,2026-07-02T19:16:08.654803+00:00,127.6,23,bid,Xuanyu Liu,YieldingYams,4658849
2026-07-02T19:16:08.832525,2026-07-02T19:16:08.844459+00:00,127.6,2,bid,Zihao Wu,WavyWalnuts,4658855
2026-07-02T19:16:11.438192,2026-07-02T19:16:11.441831+00:00,127.5,3,bid,Xuanyu Liu,YieldingYams,4658902
2026-07-02T19:16:11.441013,2026-07-02T19:16:11.462979+00:00,127.5,20,bid,BrilliantBurritos,YieldingYams,4658903
2026-07-02T19:16:12.275427,2026-07-02T19:16:12.298269+00:00,127.5,200,bid,WavyWalnuts,YieldingYams,4658922
2026-07-02T19:16:13.482754,2026-07-02T19:16:13.488226+00:00,127.5,200,bid,WavyWalnuts,YieldingYams,4658947
2026-07-02T19:16:14.691552,2026-07-02T19:16:14.711812+00:00,127.4,200,bid,WavyWalnuts,YieldingYams,4658973
2026-07-02T19:16:14.979887,2026-07-02T19:16:14.985084+00:00,127.3,2,ask,Kelvin Chan,Xuanyu Liu,4658979
2026-07-02T19:16:14.979887,2026-07-02T19:16:14.985084+00:00,127.3,12,ask,AverageAlmonds,Xuanyu Liu,4658980
2026-07-02T19:16:15.039344,2026-07-02T19:16:15.059161+00:00,127.3,2,ask,AverageAlmonds,Zihao Wu,4658982
2026-07-02T19:16:15.399697,2026-07-02T19:16:15.403289+00:00,127.5,23,ask,YieldingYams,Xuanyu Liu,4658997
2026-07-02T19:16:15.441112,2026-07-02T19:16:15.449379+00:00,127.7,2,bid,Zihao Wu,Kelvin Chan,4658998
2026-07-02T19:16:15.923914,2026-07-02T19:16:15.927735+00:00,127.6,12,ask,WavyWalnuts,Xuanyu Liu,4659018
2026-07-02T19:16:16.672902,2026-07-02T19:16:16.683882+00:00,127.6,188,ask,WavyWalnuts,YieldingYams,4659033
2026-07-02T19:16:17.981156,2026-07-02T19:16:17.995991+00:00,127.6,200,bid,YieldingYams,WavyWalnuts,4659060
2026-07-02T19:16:18.242641,2026-07-02T19:16:18.254577+00:00,127.6,2,ask,YieldingYams,Zihao Wu,4659066
2026-07-02T19:16:19.243672,2026-07-02T19:16:19.263926+00:00,127.7,1,bid,Zihao Wu,Kelvin Chan,4659098
2026-07-02T19:16:19.243672,2026-07-02T19:16:19.263926+00:00,127.7,1,bid,Zihao Wu,WavyWalnuts,4659099
2026-07-02T19:16:19.290493,2026-07-02T19:16:19.311820+00:00,127.7,199,bid,YieldingYams,WavyWalnuts,4659101
2026-07-02T19:16:19.443864,2026-07-02T19:16:19.469616+00:00,127.7,2,ask,YieldingYams,Zihao Wu,4659107
2026-07-02T19:16:20.845300,2026-07-02T19:16:20.848506+00:00,127.9,2,bid,Zihao Wu,YieldingYams,4659136
2026-07-02T19:16:21.047378,2026-07-02T19:16:21.064750+00:00,127.7,2,ask,YieldingYams,Zihao Wu,4659139
2026-07-02T19:16:21.974699,2026-07-02T19:16:21.980451+00:00,127.7,200,ask,YieldingYams,WavyWalnuts,4659157
2026-07-02T19:16:24.392043,2026-07-02T19:16:24.412765+00:00,127.6,200,ask,YieldingYams,WavyWalnuts,4659209
2026-07-02T19:16:25.600795,2026-07-02T19:16:25.615535+00:00,127.6,200,ask,YieldingYams,WavyWalnuts,4659236
2026-07-02T19:16:27.252483,2026-07-02T19:16:27.263962+00:00,127.8,2,bid,Zihao Wu,Kelvin Chan,4659266
2026-07-02T19:16:27.452245,2026-07-02T19:16:27.458578+00:00,127.6,2,ask,YieldingYams,Zihao Wu,4659276
2026-07-02T19:16:29.254322,2026-07-02T19:16:29.257888+00:00,127.8,2,bid,Zihao Wu,YieldingYams,4659304
2026-07-02T19:16:29.817942,2026-07-02T19:16:29.821159+00:00,127.7,11,ask,YieldingYams,Xuanyu Liu,4659315
2026-07-02T19:16:30.455285,2026-07-02T19:16:30.453868+00:00,127.7,2,ask,YieldingYams,Zihao Wu,4659329
2026-07-02T19:16:31.106091,2026-07-02T19:16:31.113042+00:00,127.8,1,bid,YieldingYams,Kelvin Chan,4659336
2026-07-02T19:16:31.106091,2026-07-02T19:16:31.143793+00:00,127.8,200,bid,YieldingYams,WavyWalnuts,4659337
2026-07-02T19:16:31.139807,2026-07-02T19:16:31.143793+00:00,127.8,11,ask,YieldingYams,Xuanyu Liu,4659339
2026-07-02T19:16:33.463113,2026-07-02T19:16:33.476193+00:00,127.8,2,bid,Zihao Wu,YieldingYams,4659383
2026-07-02T19:16:34.059223,2026-07-02T19:16:34.082292+00:00,127.6,2,ask,WavyWalnuts,Zihao Wu,4659392
2026-07-02T19:16:35.303502,2026-07-02T19:16:35.318606+00:00,127.7,200,bid,WavyWalnuts,YieldingYams,4659419
2026-07-02T19:16:36.461649,2026-07-02T19:16:36.474919+00:00,127.8,2,bid,Zihao Wu,YieldingYams,4659438
2026-07-02T19:16:36.538647,2026-07-02T19:16:36.542457+00:00,127.7,12,ask,WavyWalnuts,Xuanyu Liu,4659446
2026-07-02T19:16:36.662644,2026-07-02T19:16:36.671524+00:00,127.7,2,ask,WavyWalnuts,Zihao Wu,4659448
2026-07-02T19:16:37.676501,2026-07-02T19:16:37.690789+00:00,127.7,186,ask,WavyWalnuts,YieldingYams,4659473
2026-07-02T19:16:37.729382,2026-07-02T19:16:37.740049+00:00,127.6,200,bid,WavyWalnuts,YieldingYams,4659474
2026-07-02T19:16:38.940267,2026-07-02T19:16:38.962381+00:00,127.6,200,bid,WavyWalnuts,YieldingYams,4659482
2026-07-02T19:16:39.870397,2026-07-02T19:16:39.875098+00:00,127.8,20,bid,BrilliantBurritos,WavyWalnuts,4659506
2026-07-02T19:16:40.158680,2026-07-02T19:16:40.206415+00:00,127.6,200,ask,YieldingYams,WavyWalnuts,4659513
2026-07-02T19:16:42.573488,2026-07-02T19:16:42.591682+00:00,127.6,200,bid,WavyWalnuts,YieldingYams,4659566
2026-07-02T19:16:45.671975,2026-07-02T19:16:45.683410+00:00,127.8,2,bid,Zihao Wu,WavyWalnuts,4659626
2026-07-02T19:16:46.673688,2026-07-02T19:16:46.690642+00:00,127.6,2,ask,YieldingYams,Zihao Wu,4659654
2026-07-02T19:16:47.144372,2026-07-02T19:16:47.149550+00:00,127.7,20,ask,YieldingYams,BrilliantBurritos,4659662
2026-07-02T19:16:49.494244,2026-07-02T19:16:49.516594+00:00,127.7,200,ask,WavyWalnuts,YieldingYams,4659711
2026-07-02T19:16:49.824454,2026-07-02T19:16:49.842054+00:00,127.6,200,bid,WavyWalnuts,YieldingYams,4659716
2026-07-02T19:16:49.876347,2026-07-02T19:16:49.888142+00:00,127.6,2,bid,Zihao Wu,YieldingYams,4659717
2026-07-02T19:16:50.364633,2026-07-02T19:16:50.381829+00:00,127.6,20,bid,BrilliantBurritos,YieldingYams,4659726
2026-07-02T19:16:50.877358,2026-07-02T19:16:50.904973+00:00,127.6,2,ask,YieldingYams,Zihao Wu,4659747
2026-07-02T19:16:52.242067,2026-07-02T19:16:52.258653+00:00,127.6,200,ask,YieldingYams,WavyWalnuts,4659773
2026-07-02T19:16:52.879416,2026-07-02T19:16:52.897947+00:00,127.8,2,bid,Zihao Wu,YieldingYams,4659788
2026-07-02T19:16:53.079799,2026-07-02T19:16:53.092443+00:00,127.6,2,ask,YieldingYams,Zihao Wu,4659794
2026-07-02T19:16:54.590425,2026-07-02T19:16:54.595374+00:00,127.6,200,bid,AverageAlmonds,WavyWalnuts,4659831
2026-07-02T19:16:54.663995,2026-07-02T19:16:54.680799+00:00,127.6,200,ask,AverageAlmonds,WavyWalnuts,4659836
2026-07-02T19:16:54.728656,2026-07-02T19:16:54.735069+00:00,127.6,100,ask,AverageAlmonds,YieldingYams,4659840
2026-07-02T19:16:55.186061,2026-07-02T19:16:55.214518+00:00,127.6,500,bid,AverageAlmonds,YieldingYams,4659848
2026-07-02T19:16:55.790873,2026-07-02T19:16:55.799562+00:00,127.6,25,bid,AverageAlmonds,YieldingYams,4659866
2026-07-02T19:16:56.083715,2026-07-02T19:16:56.092248+00:00,127.7,2,bid,Zihao Wu,WavyWalnuts,4659873
2026-07-02T19:16:57.284260,2026-07-02T19:16:57.296030+00:00,127.6,2,ask,AverageAlmonds,Zihao Wu,4659891
2026-07-02T19:16:58.285547,2026-07-02T19:16:58.290135+00:00,127.7,2,bid,Zihao Wu,YieldingYams,4659920
2026-07-02T19:16:59.315811,2026-07-02T19:16:59.320231+00:00,127.6,17,ask,WavyWalnuts,Xuanyu Liu,4659942
2026-07-02T19:16:59.486503,2026-07-02T19:16:59.493718+00:00,127.6,25,ask,WavyWalnuts,Zihao Wu,4659944
2026-07-02T19:16:59.652466,2026-07-02T19:16:59.658711+00:00,127.6,20,ask,YieldingYams,BrilliantBurritos,4659948
2026-07-02T19:16:59.990445,2026-07-02T19:17:00.025203+00:00,127.8,200,bid,YieldingYams,WavyWalnuts,4659953
2026-07-02T19:17:00.888385,2026-07-02T19:17:00.903059+00:00,127.8,45,ask,YieldingYams,Zihao Wu,4659975
2026-07-02T19:17:02.489583,2026-07-02T19:17:02.513413+00:00,128.0,22,bid,Zihao Wu,WavyWalnuts,4660006
2026-07-02T19:17:02.616599,2026-07-02T19:17:02.618964+00:00,128.0,178,bid,YieldingYams,WavyWalnuts,4660011
2026-07-02T19:17:03.128955,2026-07-02T19:17:03.136691+00:00,128.0,200,ask,YieldingYams,WavyWalnuts,4660019
2026-07-02T19:17:05.541349,2026-07-02T19:17:05.551549+00:00,128.1,200,bid,WavyWalnuts,YieldingYams,4660074
2026-07-02T19:17:06.748677,2026-07-02T19:17:06.758576+00:00,128.1,3,bid,WavyWalnuts,Kelvin Chan,4660084
2026-07-02T19:17:06.748677,2026-07-02T19:17:06.758576+00:00,128.2,197,bid,WavyWalnuts,YieldingYams,4660085
2026-07-02T19:17:07.094705,2026-07-02T19:17:07.101750+00:00,128.1,2,bid,Zihao Wu,Kelvin Chan,4660096
2026-07-02T19:17:07.906039,2026-07-02T19:17:07.925524+00:00,128.2,2,ask,YieldingYams,Zihao Wu,4660118
2026-07-02T19:17:07.959335,2026-07-02T19:17:07.975563+00:00,128.2,200,ask,YieldingYams,WavyWalnuts,4660124
2026-07-02T19:17:09.096638,2026-07-02T19:17:09.108610+00:00,128.3,2,bid,Zihao Wu,Kelvin Chan,4660156
2026-07-02T19:17:09.188313,2026-07-02T19:17:09.191987+00:00,128.2,6,bid,Xuanyu Liu,YieldingYams,4660161
2026-07-02T19:17:09.296447,2026-07-02T19:17:09.316043+00:00,128.2,21,bid,Zihao Wu,YieldingYams,4660166
2026-07-02T19:17:11.924410,2026-07-02T19:17:11.929962+00:00,128.2,2,bid,Xuanyu Liu,Kelvin Chan,4660230
2026-07-02T19:17:11.924410,2026-07-02T19:17:11.929962+00:00,128.2,21,bid,Xuanyu Liu,WavyWalnuts,4660231
2026-07-02T19:17:12.813504,2026-07-02T19:17:12.817921+00:00,128.1,11,bid,Xuanyu Liu,WavyWalnuts,4660251
2026-07-02T19:17:12.900549,2026-07-02T19:17:12.908829+00:00,128.1,23,bid,Zihao Wu,WavyWalnuts,4660253
2026-07-02T19:17:13.082611,2026-07-02T19:17:13.102589+00:00,128.1,166,bid,YieldingYams,WavyWalnuts,4660256
2026-07-02T19:17:15.218576,2026-07-02T19:17:15.230257+00:00,128.1,200,bid,WavyWalnuts,YieldingYams,4660302
2026-07-02T19:17:18.839980,2026-07-02T19:17:18.844761+00:00,128.2,7,bid,WavyWalnuts,Kelvin Chan,4660357
2026-07-02T19:17:18.839980,2026-07-02T19:17:18.844761+00:00,128.2,193,bid,WavyWalnuts,YieldingYams,4660358
2026-07-02T19:17:19.651719,2026-07-02T19:17:19.655480+00:00,128.1,11,ask,YieldingYams,Xuanyu Liu,4660377
2026-07-02T19:17:20.049728,2026-07-02T19:17:20.053406+00:00,128.3,9,bid,WavyWalnuts,Kelvin Chan,4660385
2026-07-02T19:17:20.049728,2026-07-02T19:17:20.053406+00:00,128.4,191,bid,WavyWalnuts,YieldingYams,4660386
2026-07-02T19:17:20.941524,2026-07-02T19:17:20.948498+00:00,128.3,7,bid,YieldingYams,Kelvin Chan,4660409
2026-07-02T19:17:20.941524,2026-07-02T19:17:20.964167+00:00,128.5,500,bid,YieldingYams,AverageAlmonds,4660410
2026-07-02T19:17:20.971020,2026-07-02T19:17:20.974928+00:00,128.5,29,ask,YieldingYams,Xuanyu Liu,4660412
2026-07-02T19:17:21.109312,2026-07-02T19:17:21.126947+00:00,128.5,23,ask,YieldingYams,Zihao Wu,4660417
2026-07-02T19:17:21.229813,2026-07-02T19:17:21.237478+00:00,128.5,66,ask,YieldingYams,AverageAlmonds,4660424
2026-07-02T19:17:21.401788,2026-07-02T19:17:21.424019+00:00,128.1,20,ask,WavyWalnuts,BrilliantBurritos,4660430
2026-07-02T19:17:21.420459,2026-07-02T19:17:21.424019+00:00,128.4,6,bid,Xuanyu Liu,WavyWalnuts,4660432
2026-07-02T19:17:22.466071,2026-07-02T19:17:22.469266+00:00,128.3,7,bid,Xuanyu Liu,Kelvin Chan,4660456
2026-07-02T19:17:22.496523,2026-07-02T19:17:22.500146+00:00,128.3,4,bid,Xuanyu Liu,WavyWalnuts,4660458
2026-07-02T19:17:27.308926,2026-07-02T19:17:27.316568+00:00,128.4,1,bid,WavyWalnuts,Kelvin Chan,4660550
2026-07-02T19:17:27.502772,2026-07-02T19:17:27.520812+00:00,128.4,199,ask,WavyWalnuts,YieldingYams,4660556
2026-07-02T19:17:27.517184,2026-07-02T19:17:27.520812+00:00,128.3,12,bid,Xuanyu Liu,YieldingYams,4660558
2026-07-02T19:17:28.519981,2026-07-02T19:17:28.540839+00:00,128.3,200,bid,WavyWalnuts,YieldingYams,4660571
2026-07-02T19:17:30.936465,2026-07-02T19:17:30.947681+00:00,128.4,3,bid,WavyWalnuts,Kelvin Chan,4660623
2026-07-02T19:17:30.936465,2026-07-02T19:17:30.947681+00:00,128.4,197,bid,WavyWalnuts,YieldingYams,4660624
2026-07-02T19:17:32.145108,2026-07-02T19:17:32.169601+00:00,128.4,5,bid,WavyWalnuts,Kelvin Chan,4660646
2026-07-02T19:17:32.165763,2026-07-02T19:17:32.169601+00:00,128.4,12,ask,WavyWalnuts,Xuanyu Liu,4660648
2026-07-02T19:17:33.344818,2026-07-02T19:17:33.376088+00:00,128.4,183,ask,WavyWalnuts,AverageAlmonds,4660681
2026-07-02T19:17:33.344818,2026-07-02T19:17:33.376088+00:00,128.4,317,ask,YieldingYams,AverageAlmonds,4660682
2026-07-02T19:17:33.366368,2026-07-02T19:17:33.381709+00:00,128.4,200,ask,YieldingYams,WavyWalnuts,4660685
2026-07-02T19:17:33.937985,2026-07-02T19:17:33.945730+00:00,128.4,108,ask,YieldingYams,AverageAlmonds,4660694
2026-07-02T19:17:34.605188,2026-07-02T19:17:34.608806+00:00,128.3,12,bid,Xuanyu Liu,WavyWalnuts,4660707
2026-07-02T19:17:35.783356,2026-07-02T19:17:35.799740+00:00,128.2,5,ask,Kelvin Chan,WavyWalnuts,4660743
2026-07-02T19:17:35.783356,2026-07-02T19:17:35.799740+00:00,128.1,195,ask,YieldingYams,WavyWalnuts,4660744
2026-07-02T19:17:37.727248,2026-07-02T19:17:37.776843+00:00,128.2,23,bid,Zihao Wu,AverageAlmonds,4660787
2026-07-02T19:17:38.198893,2026-07-02T19:17:38.217811+00:00,128.2,200,bid,WavyWalnuts,YieldingYams,4660796
2026-07-02T19:17:39.393883,2026-07-02T19:17:39.413038+00:00,128.1,500,ask,YieldingYams,AverageAlmonds,4660814
2026-07-02T19:17:40.016032,2026-07-02T19:17:40.036589+00:00,128.1,125,ask,YieldingYams,AverageAlmonds,4660827
2026-07-02T19:17:40.016032,2026-07-02T19:17:40.041962+00:00,128.1,200,ask,WavyWalnuts,AverageAlmonds,4660828
2026-07-02T19:17:40.016032,2026-07-02T19:17:40.041962+00:00,128.1,2,ask,Kelvin Chan,AverageAlmonds,4660829
2026-07-02T19:17:40.081925,2026-07-02T19:17:40.085654+00:00,128.1,11,bid,Xuanyu Liu,AverageAlmonds,4660835
2026-07-02T19:17:40.441001,2026-07-02T19:17:40.448631+00:00,128.1,20,bid,BrilliantBurritos,AverageAlmonds,4660839
2026-07-02T19:17:40.633791,2026-07-02T19:17:40.637679+00:00,128.0,11,ask,WavyWalnuts,Xuanyu Liu,4660841
2026-07-02T19:17:41.825382,2026-07-02T19:17:41.831083+00:00,128.1,200,bid,WavyWalnuts,YieldingYams,4660865
2026-07-02T19:17:43.055784,2026-07-02T19:17:43.075415+00:00,128.0,2,ask,Kelvin Chan,WavyWalnuts,4660894
2026-07-02T19:17:43.055784,2026-07-02T19:17:43.075415+00:00,128.0,198,ask,YieldingYams,WavyWalnuts,4660895
2026-07-02T19:17:43.543450,2026-07-02T19:17:43.547042+00:00,128.1,11,bid,Xuanyu Liu,AverageAlmonds,4660907
2026-07-02T19:17:44.229034,2026-07-02T19:17:44.232627+00:00,128.0,11,bid,Xuanyu Liu,AverageAlmonds,4660929
2026-07-02T19:17:45.007996,2026-07-02T19:17:45.019684+00:00,127.9,20,ask,WavyWalnuts,BrilliantBurritos,4660949
2026-07-02T19:17:47.888226,2026-07-02T19:17:47.896264+00:00,128.1,200,bid,WavyWalnuts,AverageAlmonds,4661000
2026-07-02T19:17:48.473431,2026-07-02T19:17:48.491624+00:00,128.1,500,bid,YieldingYams,AverageAlmonds,4661004
2026-07-02T19:17:48.633738,2026-07-02T19:17:48.652568+00:00,128.1,20,ask,YieldingYams,BrilliantBurritos,4661007
2026-07-02T19:17:49.056428,2026-07-02T19:17:49.064629+00:00,128.1,105,ask,YieldingYams,AverageAlmonds,4661016
2026-07-02T19:17:49.789559,2026-07-02T19:17:49.803482+00:00,128.0,200,ask,WavyWalnuts,YieldingYams,4661040
2026-07-02T19:17:49.789559,2026-07-02T19:17:49.818963+00:00,127.9,5,ask,Kelvin Chan,YieldingYams,4661041
2026-07-02T19:17:49.815228,2026-07-02T19:17:49.818963+00:00,127.9,3,bid,Xuanyu Liu,YieldingYams,4661043
2026-07-02T19:17:50.526079,2026-07-02T19:17:50.543922+00:00,127.7,20,ask,YieldingYams,BrilliantBurritos,4661058
2026-07-02T19:17:51.105255,2026-07-02T19:17:51.123066+00:00,127.9,200,bid,YieldingYams,WavyWalnuts,4661069
2026-07-02T19:17:51.105255,2026-07-02T19:17:51.123066+00:00,128.0,425,bid,YieldingYams,AverageAlmonds,4661070
2026-07-02T19:17:51.556157,2026-07-02T19:17:51.561046+00:00,127.8,9,bid,Xuanyu Liu,WavyWalnuts,4661085
2026-07-02T19:17:52.414836,2026-07-02T19:17:52.424088+00:00,127.8,191,bid,YieldingYams,WavyWalnuts,4661106
2026-07-02T19:17:52.524683,2026-07-02T19:17:52.541914+00:00,128.0,20,bid,BrilliantBurritos,AverageAlmonds,4661107
2026-07-02T19:17:53.309760,2026-07-02T19:17:53.321345+00:00,127.9,4,ask,Kelvin Chan,AverageAlmonds,4661127
2026-07-02T19:17:53.726104,2026-07-02T19:17:53.744646+00:00,127.9,496,bid,YieldingYams,AverageAlmonds,4661145
2026-07-02T19:17:55.037139,2026-07-02T19:17:55.053445+00:00,127.9,6,ask,Kelvin Chan,YieldingYams,4661163
2026-07-02T19:17:55.037139,2026-07-02T19:17:55.053445+00:00,127.8,200,ask,WavyWalnuts,YieldingYams,4661164
2026-07-02T19:17:57.211454,2026-07-02T19:17:57.228529+00:00,127.8,20,bid,BrilliantBurritos,YieldingYams,4661204
2026-07-02T19:17:59.988989,2026-07-02T19:18:00.007772+00:00,127.7,2,ask,Kelvin Chan,WavyWalnuts,4661254
2026-07-02T19:18:04.803104,2026-07-02T19:18:04.819931+00:00,127.6,200,bid,AverageAlmonds,WavyWalnuts,4661350
2026-07-02T19:18:04.831419,2026-07-02T19:18:04.847798+00:00,127.7,200,bid,WavyWalnuts,YieldingYams,4661352
2026-07-02T19:18:05.403510,2026-07-02T19:18:05.413293+00:00,127.7,425,bid,AverageAlmonds,YieldingYams,4661367
2026-07-02T19:18:07.252171,2026-07-02T19:18:07.253344+00:00,128.0,200,bid,WavyWalnuts,YieldingYams,4661398
2026-07-02T19:18:08.764331,2026-07-02T19:18:08.786086+00:00,128.1,3,bid,BrilliantBurritos,Kelvin Chan,4661435
2026-07-02T19:18:10.323640,2026-07-02T19:18:10.340665+00:00,128.1,20,ask,WavyWalnuts,BrilliantBurritos,4661455
2026-07-02T19:18:10.860598,2026-07-02T19:18:10.874321+00:00,128.3,20,bid,BrilliantBurritos,WavyWalnuts,4661473
2026-07-02T19:18:12.028540,2026-07-02T19:18:12.032502+00:00,128.3,11,bid,Xuanyu Liu,AverageAlmonds,4661494
2026-07-02T19:18:12.090251,2026-07-02T19:18:12.105400+00:00,128.2,200,bid,WavyWalnuts,YieldingYams,4661498
2026-07-02T19:18:12.100941,2026-07-02T19:18:12.105400+00:00,128.2,12,bid,Xuanyu Liu,YieldingYams,4661500
2026-07-02T19:18:13.064922,2026-07-02T19:18:13.068570+00:00,128.1,3,bid,Xuanyu Liu,Kelvin Chan,4661514
2026-07-02T19:18:13.298041,2026-07-02T19:18:13.317694+00:00,128.2,200,bid,WavyWalnuts,YieldingYams,4661520
2026-07-02T19:18:15.182754,2026-07-02T19:18:15.186251+00:00,128.4,8,bid,Xuanyu Liu,WavyWalnuts,4661566
2026-07-02T19:18:15.901415,2026-07-02T19:18:15.904865+00:00,128.3,2,bid,Xuanyu Liu,Kelvin Chan,4661578
2026-07-02T19:18:16.934776,2026-07-02T19:18:16.938315+00:00,128.3,1,bid,Xuanyu Liu,AverageAlmonds,4661609
2026-07-02T19:18:17.313729,2026-07-02T19:18:17.321359+00:00,128.3,499,bid,YieldingYams,AverageAlmonds,4661617
2026-07-02T19:18:17.313729,2026-07-02T19:18:17.327536+00:00,128.3,126,bid,YieldingYams,WavyWalnuts,4661618
2026-07-02T19:18:19.350179,2026-07-02T19:18:19.369228+00:00,128.3,8,bid,WavyWalnuts,Kelvin Chan,4661662
2026-07-02T19:18:19.939817,2026-07-02T19:18:19.960452+00:00,128.3,192,ask,WavyWalnuts,YieldingYams,4661670
2026-07-02T19:18:20.558139,2026-07-02T19:18:20.569878+00:00,128.3,200,bid,WavyWalnuts,YieldingYams,4661677
2026-07-02T19:18:21.779898,2026-07-02T19:18:21.802191+00:00,128.3,200,ask,YieldingYams,WavyWalnuts,4661713
2026-07-02T19:18:27.833670,2026-07-02T19:18:27.854300+00:00,128.3,200,bid,WavyWalnuts,YieldingYams,4661806
2026-07-02T19:18:29.040726,2026-07-02T19:18:29.047431+00:00,128.2,200,bid,WavyWalnuts,AverageAlmonds,4661827
2026-07-02T19:18:29.105598,2026-07-02T19:18:29.112369+00:00,128.2,300,bid,YieldingYams,AverageAlmonds,4661828
2026-07-02T19:18:30.377512,2026-07-02T19:18:30.395002+00:00,128.3,20,bid,BrilliantBurritos,AverageAlmonds,4661843
2026-07-02T19:18:31.731422,2026-07-02T19:18:31.735494+00:00,128.2,20,bid,BrilliantBurritos,YieldingYams,4661873
2026-07-02T19:18:33.035695,2026-07-02T19:18:33.045162+00:00,128.1,1,ask,Kelvin Chan,YieldingYams,4661896
2026-07-02T19:18:33.035695,2026-07-02T19:18:33.045162+00:00,128.0,200,ask,WavyWalnuts,YieldingYams,4661897
2026-07-02T19:18:33.891006,2026-07-02T19:18:33.902181+00:00,128.0,200,bid,WavyWalnuts,YieldingYams,4661923
2026-07-02T19:18:35.656943,2026-07-02T19:18:35.658580+00:00,128.0,200,ask,WavyWalnuts,YieldingYams,4661966
2026-07-02T19:18:36.963818,2026-07-02T19:18:36.985224+00:00,128.1,200,bid,YieldingYams,WavyWalnuts,4661991
2026-07-02T19:18:36.991825,2026-07-02T19:18:36.995432+00:00,128.2,3,ask,YieldingYams,Xuanyu Liu,4661993
2026-07-02T19:18:37.494987,2026-07-02T19:18:37.510986+00:00,128.2,422,ask,YieldingYams,AverageAlmonds,4662010
2026-07-02T19:18:37.518179,2026-07-02T19:18:37.521639+00:00,128.2,3,bid,Xuanyu Liu,AverageAlmonds,4662013
2026-07-02T19:18:38.274750,2026-07-02T19:18:38.285866+00:00,128.0,200,ask,WavyWalnuts,YieldingYams,4662035
2026-07-02T19:18:42.366387,2026-07-02T19:18:42.377510+00:00,128.0,200,bid,WavyWalnuts,YieldingYams,4662130
2026-07-02T19:18:43.731074,2026-07-02T19:18:43.735180+00:00,128.2,14,bid,Xuanyu Liu,YieldingYams,4662155
2026-07-02T19:18:47.439991,2026-07-02T19:18:47.450166+00:00,128.3,200,ask,WavyWalnuts,YieldingYams,4662234
2026-07-02T19:18:48.446988,2026-07-02T19:18:48.458559+00:00,128.3,20,bid,BrilliantBurritos,YieldingYams,4662251
2026-07-02T19:18:48.749083,2026-07-02T19:18:48.758621+00:00,128.3,200,bid,YieldingYams,WavyWalnuts,4662258
2026-07-02T19:18:49.646156,2026-07-02T19:18:49.653298+00:00,128.3,200,ask,YieldingYams,WavyWalnuts,4662287
2026-07-02T19:18:52.679693,2026-07-02T19:18:52.687434+00:00,128.2,200,ask,WavyWalnuts,YieldingYams,4662343
2026-07-02T19:18:53.216976,2026-07-02T19:18:53.220398+00:00,128.1,6,ask,Kelvin Chan,Xuanyu Liu,4662353
2026-07-02T19:18:53.255832,2026-07-02T19:18:53.259426+00:00,128.0,5,ask,YieldingYams,Xuanyu Liu,4662355
2026-07-02T19:18:53.288154,2026-07-02T19:18:53.291631+00:00,128.1,3,ask,WavyWalnuts,Xuanyu Liu,4662359
2026-07-02T19:18:56.259689,2026-07-02T19:18:56.281909+00:00,128.2,500,ask,YieldingYams,AverageAlmonds,4662408
2026-07-02T19:18:56.611869,2026-07-02T19:18:56.629651+00:00,128.2,200,ask,WavyWalnuts,YieldingYams,4662427
2026-07-02T19:18:56.611869,2026-07-02T19:18:56.629651+00:00,128.1,8,ask,Kelvin Chan,YieldingYams,4662428
2026-07-02T19:18:56.625702,2026-07-02T19:18:56.629651+00:00,128.0,14,bid,Xuanyu Liu,YieldingYams,4662431
2026-07-02T19:18:56.895458,2026-07-02T19:18:56.897042+00:00,128.0,200,bid,WavyWalnuts,YieldingYams,4662438
2026-07-02T19:18:58.110711,2026-07-02T19:18:58.118454+00:00,128.1,200,bid,WavyWalnuts,YieldingYams,4662449
2026-07-02T19:18:58.608260,2026-07-02T19:18:58.614583+00:00,127.9,10,ask,Kelvin Chan,BrilliantBurritos,4662456
2026-07-02T19:18:58.608260,2026-07-02T19:18:58.614583+00:00,127.9,10,ask,YieldingYams,BrilliantBurritos,4662457
2026-07-02T19:18:59.561092,2026-07-02T19:18:59.564640+00:00,128.1,14,ask,YieldingYams,Xuanyu Liu,4662488
2026-07-02T19:19:01.751808,2026-07-02T19:19:01.764753+00:00,128.1,200,ask,YieldingYams,WavyWalnuts,4662535
2026-07-02T19:19:02.743702,2026-07-02T19:19:02.748041+00:00,128.1,3,ask,YieldingYams,Xuanyu Liu,4662553
2026-07-02T19:19:05.894543,2026-07-02T19:19:05.898860+00:00,128.0,23,ask,WavyWalnuts,Xuanyu Liu,4662614
2026-07-02T19:19:07.094731,2026-07-02T19:19:07.106977+00:00,128.0,2,ask,Kelvin Chan,YieldingYams,4662643
2026-07-02T19:19:07.791978,2026-07-02T19:19:07.797885+00:00,128.0,200,bid,WavyWalnuts,YieldingYams,4662656
2026-07-02T19:19:07.898070,2026-07-02T19:19:07.920187+00:00,128.0,20,bid,BrilliantBurritos,YieldingYams,4662657
2026-07-02T19:19:09.066518,2026-07-02T19:19:09.070994+00:00,128.1,23,ask,WavyWalnuts,Xuanyu Liu,4662676
2026-07-02T19:19:12.241166,2026-07-02T19:19:12.245299+00:00,128.1,20,bid,BrilliantBurritos,WavyWalnuts,4662720
2026-07-02T19:19:18.717826,2026-07-02T19:19:18.728335+00:00,127.9,200,bid,WavyWalnuts,YieldingYams,4662848
2026-07-02T19:19:18.931284,2026-07-02T19:19:18.934956+00:00,127.9,11,ask,YieldingYams,Xuanyu Liu,4662854
2026-07-02T19:19:21.543497,2026-07-02T19:19:21.547339+00:00,128.0,11,ask,YieldingYams,Xuanyu Liu,4662915
2026-07-02T19:19:22.768700,2026-07-02T19:19:22.779279+00:00,128.2,5,bid,BrilliantBurritos,Kelvin Chan,4662942
2026-07-02T19:19:22.768700,2026-07-02T19:19:22.779279+00:00,128.2,15,bid,BrilliantBurritos,YieldingYams,4662943
2026-07-02T19:19:22.866948,2026-07-02T19:19:22.870660+00:00,128.1,12,ask,YieldingYams,Xuanyu Liu,4662945
2026-07-02T19:19:24.774735,2026-07-02T19:19:24.792943+00:00,127.9,2,ask,Kelvin Chan,WavyWalnuts,4662996
2026-07-02T19:19:24.774735,2026-07-02T19:19:24.792943+00:00,127.9,198,ask,YieldingYams,WavyWalnuts,4662997
2026-07-02T19:19:27.211549,2026-07-02T19:19:27.229502+00:00,127.9,12,ask,Kelvin Chan,WavyWalnuts,4663056
2026-07-02T19:19:27.211549,2026-07-02T19:19:27.229502+00:00,127.8,188,ask,YieldingYams,WavyWalnuts,4663057
2026-07-02T19:19:28.098807,2026-07-02T19:19:28.130340+00:00,127.9,11,ask,Kelvin Chan,YieldingYams,4663078
2026-07-02T19:19:28.098807,2026-07-02T19:19:28.130340+00:00,127.7,500,ask,AverageAlmonds,YieldingYams,4663079
2026-07-02T19:19:28.127111,2026-07-02T19:19:28.130340+00:00,127.7,5,bid,Xuanyu Liu,YieldingYams,4663083
2026-07-02T19:19:28.135703,2026-07-02T19:19:28.139001+00:00,127.7,7,bid,Xuanyu Liu,YieldingYams,4663085
2026-07-02T19:19:28.362947,2026-07-02T19:19:28.370911+00:00,127.7,102,bid,AverageAlmonds,YieldingYams,4663090
2026-07-02T19:19:28.967287,2026-07-02T19:19:28.974933+00:00,127.8,200,bid,AverageAlmonds,WavyWalnuts,4663108
2026-07-02T19:19:30.780854,2026-07-02T19:19:30.797680+00:00,127.9,200,bid,AverageAlmonds,WavyWalnuts,4663146
2026-07-02T19:19:30.836662,2026-07-02T19:19:30.843631+00:00,127.9,200,ask,AverageAlmonds,WavyWalnuts,4663152
2026-07-02T19:19:34.464507,2026-07-02T19:19:34.473811+00:00,127.9,200,ask,YieldingYams,WavyWalnuts,4663244
2026-07-02T19:19:36.882764,2026-07-02T19:19:36.887723+00:00,127.9,200,ask,YieldingYams,WavyWalnuts,4663297
2026-07-02T19:19:38.578588,2026-07-02T19:19:38.591614+00:00,127.9,200,bid,YieldingYams,WavyWalnuts,4663345
2026-07-02T19:19:39.297855,2026-07-02T19:19:39.306264+00:00,127.9,200,ask,YieldingYams,WavyWalnuts,4663362
2026-07-02T19:19:47.775635,2026-07-02T19:19:47.781372+00:00,128.1,200,bid,YieldingYams,WavyWalnuts,4663533
2026-07-02T19:19:51.425860,2026-07-02T19:19:51.444872+00:00,128.1,20,bid,BrilliantBurritos,WavyWalnuts,4663604
2026-07-02T19:19:55.039839,2026-07-02T19:19:55.047748+00:00,128.0,200,ask,YieldingYams,WavyWalnuts,4663685
2026-07-02T19:19:56.248246,2026-07-02T19:19:56.258607+00:00,128.0,200,ask,YieldingYams,WavyWalnuts,4663721
2026-07-02T19:19:59.878630,2026-07-02T19:19:59.889037+00:00,128.0,200,ask,YieldingYams,WavyWalnuts,4663792
2026-07-02T19:20:04.718580,2026-07-02T19:20:04.725795+00:00,128.0,200,ask,YieldingYams,WavyWalnuts,4663908
2026-07-02T19:20:12.001267,2026-07-02T19:20:12.011965+00:00,128.0,200,ask,AverageAlmonds,WavyWalnuts,4664042
2026-07-02T19:20:13.209595,2026-07-02T19:20:13.236094+00:00,128.1,200,ask,YieldingYams,WavyWalnuts,4664069
2026-07-02T19:20:13.516338,2026-07-02T19:20:13.528639+00:00,128.2,1,bid,BrilliantBurritos,Kelvin Chan,4664077
2026-07-02T19:20:15.475347,2026-07-02T19:20:15.478704+00:00,127.9,12,ask,WavyWalnuts,Xuanyu Liu,4664107
2026-07-02T19:20:16.279896,2026-07-02T19:20:16.296827+00:00,128.1,20,bid,BrilliantBurritos,YieldingYams,4664116
2026-07-02T19:20:16.647003,2026-07-02T19:20:16.650112+00:00,128.0,11,ask,YieldingYams,Xuanyu Liu,4664125
2026-07-02T19:20:17.929293,2026-07-02T19:20:17.948896+00:00,128.1,200,bid,YieldingYams,WavyWalnuts,4664164
2026-07-02T19:20:17.929293,2026-07-02T19:20:17.948896+00:00,128.2,12,bid,YieldingYams,Kelvin Chan,4664165
2026-07-02T19:20:17.945424,2026-07-02T19:20:17.948896+00:00,128.2,6,ask,YieldingYams,Xuanyu Liu,4664167
2026-07-02T19:20:17.981703,2026-07-02T19:20:18.009323+00:00,128.2,23,ask,YieldingYams,Zihao Wu,4664169
2026-07-02T19:20:18.057980,2026-07-02T19:20:18.069605+00:00,128.2,200,ask,YieldingYams,WavyWalnuts,4664174
2026-07-02T19:20:27.922226,2026-07-02T19:20:27.925891+00:00,128.0,4,bid,Xuanyu Liu,WavyWalnuts,4664392
2026-07-02T19:20:28.433267,2026-07-02T19:20:28.437183+00:00,128.0,2,bid,Xuanyu Liu,WavyWalnuts,4664406
2026-07-02T19:20:30.169784,2026-07-02T19:20:30.176237+00:00,128.0,200,bid,WavyWalnuts,YieldingYams,4664438
2026-07-02T19:20:31.375666,2026-07-02T19:20:31.394136+00:00,128.2,200,bid,WavyWalnuts,YieldingYams,4664459
2026-07-02T19:20:33.659587,2026-07-02T19:20:33.661450+00:00,128.0,200,ask,WavyWalnuts,YieldingYams,4664497
2026-07-02T19:20:34.490965,2026-07-02T19:20:34.494965+00:00,128.0,23,bid,Xuanyu Liu,YieldingYams,4664535
2026-07-02T19:20:34.598905,2026-07-02T19:20:34.622509+00:00,128.0,23,bid,Zihao Wu,YieldingYams,4664537
2026-07-02T19:20:37.199903,2026-07-02T19:20:37.211457+00:00,128.1,20,bid,BrilliantBurritos,WavyWalnuts,4664588
2026-07-02T19:20:37.632852,2026-07-02T19:20:37.658653+00:00,128.1,200,bid,YieldingYams,WavyWalnuts,4664601
2026-07-02T19:20:40.256821,2026-07-02T19:20:40.258752+00:00,128.0,200,ask,WavyWalnuts,YieldingYams,4664648
2026-07-02T19:20:40.811175,2026-07-02T19:20:40.815791+00:00,128.0,11,bid,Xuanyu Liu,YieldingYams,4664660
2026-07-02T19:20:41.071186,2026-07-02T19:20:41.118645+00:00,127.9,5,ask,Kelvin Chan,WavyWalnuts,4664666
2026-07-02T19:20:41.114933,2026-07-02T19:20:41.118645+00:00,127.9,11,bid,Xuanyu Liu,WavyWalnuts,4664669
2026-07-02T19:20:41.565098,2026-07-02T19:20:41.571999+00:00,127.9,184,bid,YieldingYams,WavyWalnuts,4664689
2026-07-02T19:20:42.281366,2026-07-02T19:20:42.285659+00:00,128.0,200,ask,YieldingYams,WavyWalnuts,4664697
2026-07-02T19:20:45.503194,2026-07-02T19:20:45.516136+00:00,128.1,200,ask,WavyWalnuts,YieldingYams,4664755
2026-07-02T19:20:45.902005,2026-07-02T19:20:45.909736+00:00,128.1,200,bid,WavyWalnuts,YieldingYams,4664760
2026-07-02T19:20:47.097857,2026-07-02T19:20:47.101556+00:00,128.1,500,ask,YieldingYams,AverageAlmonds,4664781
2026-07-02T19:20:47.151542,2026-07-02T19:20:47.156480+00:00,128.2,1,bid,Xuanyu Liu,Kelvin Chan,4664784
2026-07-02T19:20:47.151542,2026-07-02T19:20:47.156480+00:00,128.2,22,bid,Xuanyu Liu,WavyWalnuts,4664785
2026-07-02T19:20:48.125440,2026-07-02T19:20:48.133954+00:00,128.0,200,ask,WavyWalnuts,YieldingYams,4664808
2026-07-02T19:20:48.141455,2026-07-02T19:20:48.144935+00:00,128.0,23,bid,Xuanyu Liu,YieldingYams,4664810
2026-07-02T19:20:50.241559,2026-07-02T19:20:50.259231+00:00,127.9,3,ask,Kelvin Chan,BrilliantBurritos,4664847
2026-07-02T19:20:50.241559,2026-07-02T19:20:50.259231+00:00,127.9,17,ask,YieldingYams,BrilliantBurritos,4664848
2026-07-02T19:20:52.065113,2026-07-02T19:20:52.088190+00:00,128.0,200,ask,WavyWalnuts,YieldingYams,4664902
2026-07-02T19:20:54.681320,2026-07-02T19:20:54.686526+00:00,127.9,200,ask,WavyWalnuts,YieldingYams,4664945
2026-07-02T19:20:58.626302,2026-07-02T19:20:58.642473+00:00,127.9,200,bid,YieldingYams,WavyWalnuts,4665059
2026-07-02T19:20:59.242299,2026-07-02T19:20:59.253190+00:00,127.9,200,ask,YieldingYams,WavyWalnuts,4665066
2026-07-02T19:20:59.974006,2026-07-02T19:20:59.980986+00:00,127.8,2,ask,Kelvin Chan,BrilliantBurritos,4665093
2026-07-02T19:21:01.249437,2026-07-02T19:21:01.270942+00:00,127.8,10,ask,Kelvin Chan,YieldingYams,4665118
2026-07-02T19:21:01.249437,2026-07-02T19:21:01.270942+00:00,127.8,200,ask,WavyWalnuts,YieldingYams,4665119
2026-07-02T19:21:01.267582,2026-07-02T19:21:01.270942+00:00,127.8,3,bid,Xuanyu Liu,YieldingYams,4665121
2026-07-02T19:21:01.663635,2026-07-02T19:21:01.670030+00:00,127.7,9,ask,Kelvin Chan,WavyWalnuts,4665131
2026-07-02T19:21:02.558962,2026-07-02T19:21:02.575199+00:00,127.7,191,bid,YieldingYams,WavyWalnuts,4665151
2026-07-02T19:21:02.951394,2026-07-02T19:21:02.956092+00:00,127.8,9,ask,Kelvin Chan,Xuanyu Liu,4665162
2026-07-02T19:21:02.951394,2026-07-02T19:21:02.956092+00:00,127.8,5,ask,WavyWalnuts,Xuanyu Liu,4665163
2026-07-02T19:21:03.884646,2026-07-02T19:21:03.891478+00:00,127.8,195,ask,WavyWalnuts,YieldingYams,4665190
2026-07-02T19:21:04.083170,2026-07-02T19:21:04.097821+00:00,127.8,200,bid,WavyWalnuts,YieldingYams,4665197
2026-07-02T19:21:05.302467,2026-07-02T19:21:05.310585+00:00,127.8,200,bid,WavyWalnuts,YieldingYams,4665225
2026-07-02T19:21:10.133793,2026-07-02T19:21:10.151381+00:00,127.8,200,ask,AverageAlmonds,WavyWalnuts,4665331
2026-07-02T19:21:10.688653,2026-07-02T19:21:10.692687+00:00,127.9,12,ask,AverageAlmonds,Xuanyu Liu,4665338
2026-07-02T19:21:11.218732,2026-07-02T19:21:11.230788+00:00,128.0,20,bid,BrilliantBurritos,YieldingYams,4665345
2026-07-02T19:21:11.735726,2026-07-02T19:21:11.769322+00:00,128.0,200,bid,YieldingYams,WavyWalnuts,4665353
2026-07-02T19:21:11.765319,2026-07-02T19:21:11.769322+00:00,128.1,23,ask,YieldingYams,Xuanyu Liu,4665355
2026-07-02T19:21:12.547779,2026-07-02T19:21:12.548471+00:00,128.1,200,ask,YieldingYams,WavyWalnuts,4665374
2026-07-02T19:21:13.047415,2026-07-02T19:21:13.066860+00:00,127.9,500,ask,AverageAlmonds,YieldingYams,4665381
2026-07-02T19:21:13.063677,2026-07-02T19:21:13.066860+00:00,127.9,46,bid,Xuanyu Liu,YieldingYams,4665383
2026-07-02T19:21:13.098991,2026-07-02T19:21:13.111086+00:00,127.9,79,bid,AverageAlmonds,YieldingYams,4665384
2026-07-02T19:21:15.617389,2026-07-02T19:21:15.621797+00:00,128.0,23,ask,YieldingYams,Xuanyu Liu,4665417
2026-07-02T19:21:16.168581,2026-07-02T19:21:16.171726+00:00,128.0,11,ask,Kelvin Chan,WavyWalnuts,4665434
2026-07-02T19:21:16.168581,2026-07-02T19:21:16.171726+00:00,128.0,189,ask,YieldingYams,WavyWalnuts,4665435
2026-07-02T19:21:16.295310,2026-07-02T19:21:16.323847+00:00,128.0,20,ask,YieldingYams,BrilliantBurritos,4665441
2026-07-02T19:21:17.008319,2026-07-02T19:21:17.019433+00:00,128.0,20,ask,AverageAlmonds,BrilliantBurritos,4665459
2026-07-02T19:21:17.380202,2026-07-02T19:21:17.395465+00:00,128.0,9,ask,Kelvin Chan,WavyWalnuts,4665465
2026-07-02T19:21:17.380202,2026-07-02T19:21:17.395465+00:00,128.0,191,ask,AverageAlmonds,WavyWalnuts,4665466
2026-07-02T19:21:18.280906,2026-07-02T19:21:18.313342+00:00,128.0,9,ask,Kelvin Chan,YieldingYams,4665481
2026-07-02T19:21:18.562806,2026-07-02T19:21:18.571009+00:00,128.0,500,bid,AverageAlmonds,YieldingYams,4665486
2026-07-02T19:21:18.765526,2026-07-02T19:21:18.769045+00:00,128.0,12,bid,Xuanyu Liu,YieldingYams,4665491
2026-07-02T19:21:19.158009,2026-07-02T19:21:19.174543+00:00,128.0,104,bid,AverageAlmonds,YieldingYams,4665500
2026-07-02T19:21:19.591006,2026-07-02T19:21:19.607948+00:00,128.2,200,bid,YieldingYams,WavyWalnuts,4665508
2026-07-02T19:21:19.795488,2026-07-02T19:21:19.814821+00:00,128.2,200,ask,YieldingYams,WavyWalnuts,4665513
2026-07-02T19:21:21.932636,2026-07-02T19:21:21.938255+00:00,128.3,2,bid,Xuanyu Liu,Kelvin Chan,4665552
2026-07-02T19:21:21.932636,2026-07-02T19:21:21.938255+00:00,128.3,12,bid,Xuanyu Liu,YieldingYams,4665553
2026-07-02T19:21:22.779941,2026-07-02T19:21:22.788125+00:00,128.3,500,bid,AverageAlmonds,YieldingYams,4665580
2026-07-02T19:21:23.406697,2026-07-02T19:21:23.418261+00:00,128.3,125,bid,AverageAlmonds,YieldingYams,4665597
2026-07-02T19:21:23.406697,2026-07-02T19:21:23.418261+00:00,128.3,4,bid,AverageAlmonds,Kelvin Chan,4665598
2026-07-02T19:21:23.455049,2026-07-02T19:21:23.469872+00:00,128.3,200,ask,AverageAlmonds,WavyWalnuts,4665601
2026-07-02T19:21:26.140664,2026-07-02T19:21:26.158675+00:00,128.5,1,bid,YieldingYams,Kelvin Chan,4665652
2026-07-02T19:21:26.140664,2026-07-02T19:21:26.164216+00:00,128.5,200,bid,YieldingYams,WavyWalnuts,4665653
2026-07-02T19:21:26.175757,2026-07-02T19:21:26.179368+00:00,128.6,3,ask,YieldingYams,Xuanyu Liu,4665655
2026-07-02T19:21:27.452412,2026-07-02T19:21:27.469916+00:00,128.6,200,ask,WavyWalnuts,YieldingYams,4665681
2026-07-02T19:21:28.809988,2026-07-02T19:21:28.825952+00:00,128.4,20,ask,AverageAlmonds,BrilliantBurritos,4665706
2026-07-02T19:21:30.729666,2026-07-02T19:21:30.748364+00:00,128.4,200,ask,YieldingYams,WavyWalnuts,4665752
2026-07-02T19:21:34.025151,2026-07-02T19:21:34.029403+00:00,128.4,500,ask,AverageAlmonds,YieldingYams,4665812
2026-07-02T19:21:34.284187,2026-07-02T19:21:34.293853+00:00,128.4,125,bid,AverageAlmonds,YieldingYams,4665814
2026-07-02T19:21:35.333771,2026-07-02T19:21:35.351819+00:00,128.5,1,bid,YieldingYams,Kelvin Chan,4665843
2026-07-02T19:21:35.348503,2026-07-02T19:21:35.351819+00:00,128.5,11,ask,YieldingYams,Xuanyu Liu,4665845
2026-07-02T19:21:36.296558,2026-07-02T19:21:36.315936+00:00,128.7,20,bid,BrilliantBurritos,YieldingYams,4665859
2026-07-02T19:21:37.887719,2026-07-02T19:21:37.898978+00:00,128.5,20,ask,YieldingYams,BrilliantBurritos,4665900
2026-07-02T19:21:38.006015,2026-07-02T19:21:38.009474+00:00,128.6,12,ask,WavyWalnuts,Xuanyu Liu,4665903
2026-07-02T19:21:39.202039,2026-07-02T19:21:39.208578+00:00,128.7,200,bid,WavyWalnuts,YieldingYams,4665935
2026-07-02T19:21:40.410437,2026-07-02T19:21:40.412376+00:00,128.7,2,bid,WavyWalnuts,Kelvin Chan,4665958
2026-07-02T19:21:40.424883,2026-07-02T19:21:40.428526+00:00,128.7,11,ask,WavyWalnuts,Xuanyu Liu,4665960
2026-07-02T19:21:41.619807,2026-07-02T19:21:41.627969+00:00,128.8,10,bid,WavyWalnuts,Kelvin Chan,4665991
2026-07-02T19:21:41.894926,2026-07-02T19:21:41.904050+00:00,128.8,190,ask,WavyWalnuts,YieldingYams,4666003
2026-07-02T19:21:42.826909,2026-07-02T19:21:42.834031+00:00,128.7,11,bid,WavyWalnuts,Kelvin Chan,4666017
2026-07-02T19:21:42.826909,2026-07-02T19:21:42.834031+00:00,128.8,189,bid,WavyWalnuts,YieldingYams,4666018
2026-07-02T19:21:43.231136,2026-07-02T19:21:43.235176+00:00,128.9,12,ask,YieldingYams,Xuanyu Liu,4666023
2026-07-02T19:21:44.080149,2026-07-02T19:21:44.083873+00:00,128.9,11,ask,YieldingYams,Xuanyu Liu,4666054
2026-07-02T19:21:45.826658,2026-07-02T19:21:45.840628+00:00,128.9,200,ask,WavyWalnuts,YieldingYams,4666087
2026-07-02T19:21:46.448414,2026-07-02T19:21:46.451305+00:00,128.8,200,bid,WavyWalnuts,YieldingYams,4666095
2026-07-02T19:21:49.763928,2026-07-02T19:21:49.786764+00:00,128.7,200,ask,WavyWalnuts,YieldingYams,4666168
2026-07-02T19:21:52.018139,2026-07-02T19:21:52.046359+00:00,128.8,20,bid,BrilliantBurritos,YieldingYams,4666208
2026-07-02T19:21:54.302305,2026-07-02T19:21:54.321493+00:00,128.8,200,bid,AverageAlmonds,WavyWalnuts,4666255
2026-07-02T19:21:54.302305,2026-07-02T19:21:54.321493+00:00,128.8,300,bid,AverageAlmonds,YieldingYams,4666256
2026-07-02T19:21:56.155507,2026-07-02T19:21:56.175501+00:00,128.7,200,ask,YieldingYams,WavyWalnuts,4666290
2026-07-02T19:21:56.728050,2026-07-02T19:21:56.731255+00:00,128.6,23,ask,AverageAlmonds,Xuanyu Liu,4666306
2026-07-02T19:21:58.970270,2026-07-02T19:21:58.980815+00:00,128.5,1,ask,Kelvin Chan,YieldingYams,4666355
2026-07-02T19:21:58.970270,2026-07-02T19:21:58.980815+00:00,128.5,500,ask,AverageAlmonds,YieldingYams,4666356
2026-07-02T19:21:58.970270,2026-07-02T19:21:58.980815+00:00,128.5,124,ask,WavyWalnuts,YieldingYams,4666357
2026-07-02T19:22:01.001960,2026-07-02T19:22:01.018875+00:00,128.5,2,ask,Kelvin Chan,WavyWalnuts,4666388
2026-07-02T19:22:01.001960,2026-07-02T19:22:01.018875+00:00,128.5,198,ask,YieldingYams,WavyWalnuts,4666389
2026-07-02T19:22:02.752813,2026-07-02T19:22:02.782646+00:00,128.5,200,bid,AverageAlmonds,WavyWalnuts,4666417
2026-07-02T19:22:03.011411,2026-07-02T19:22:03.014947+00:00,128.7,23,bid,Xuanyu Liu,YieldingYams,4666430
2026-07-02T19:22:04.640867,2026-07-02T19:22:04.668971+00:00,128.6,200,ask,AverageAlmonds,WavyWalnuts,4666465
2026-07-02T19:22:06.398169,2026-07-02T19:22:06.406116+00:00,128.6,500,bid,AverageAlmonds,YieldingYams,4666497
2026-07-02T19:22:06.822402,2026-07-02T19:22:06.834265+00:00,128.7,200,bid,YieldingYams,WavyWalnuts,4666516
2026-07-02T19:22:09.411020,2026-07-02T19:22:09.433746+00:00,128.7,500,bid,AverageAlmonds,YieldingYams,4666583
2026-07-02T19:22:10.033884,2026-07-02T19:22:10.037328+00:00,128.7,11,ask,AverageAlmonds,Xuanyu Liu,4666594
2026-07-02T19:22:10.753301,2026-07-02T19:22:10.758608+00:00,128.7,500,ask,AverageAlmonds,YieldingYams,4666604
2026-07-02T19:22:11.211497,2026-07-02T19:22:11.221572+00:00,128.7,125,bid,AverageAlmonds,YieldingYams,4666611
2026-07-02T19:22:12.058656,2026-07-02T19:22:12.087814+00:00,128.9,2,bid,YieldingYams,Kelvin Chan,4666630
2026-07-02T19:22:12.058656,2026-07-02T19:22:12.087814+00:00,128.9,200,bid,YieldingYams,WavyWalnuts,4666631
2026-07-02T19:22:12.084078,2026-07-02T19:22:12.087814+00:00,128.9,23,ask,YieldingYams,Xuanyu Liu,4666634
2026-07-02T19:22:12.547503,2026-07-02T19:22:12.551578+00:00,129.2,11,bid,Xuanyu Liu,YieldingYams,4666641
