timestamp,recv_time,price,volume,aggressor_side,buyer,seller,trade_id
2026-07-13T23:00:00.623644,2026-07-13T23:00:00.651135+00:00,82.9,1,ask,Kelvin Chan,YieldingYams,1929882
2026-07-13T23:00:00.623644,2026-07-13T23:00:00.651135+00:00,82.9,200,ask,WavyWalnuts,YieldingYams,1929883
2026-07-13T23:00:00.852373,2026-07-13T23:00:00.872832+00:00,82.9,36,bid,Andy Garg,YieldingYams,1929895
2026-07-13T23:00:01.768093,2026-07-13T23:00:01.794365+00:00,82.8,6,ask,Sze-Yong Ng,BrilliantBurritos,1929919
2026-07-13T23:00:01.768093,2026-07-13T23:00:01.794365+00:00,82.8,14,ask,WavyWalnuts,BrilliantBurritos,1929920
2026-07-13T23:00:03.165580,2026-07-13T23:00:03.175230+00:00,83.0,43,bid,Andy Garg,YieldingYams,1929954
2026-07-13T23:00:03.601151,2026-07-13T23:00:03.613925+00:00,82.9,2,ask,Kelvin Chan,Andy Garg,1929965
2026-07-13T23:00:05.863134,2026-07-13T23:00:05.868353+00:00,82.9,48,bid,YieldingYams,Andy Garg,1930004
2026-07-13T23:00:05.863134,2026-07-13T23:00:05.868353+00:00,82.9,200,bid,YieldingYams,WavyWalnuts,1930005
2026-07-13T23:00:06.392101,2026-07-13T23:00:06.404576+00:00,83.0,50,bid,WavyWalnuts,Andy Garg,1930013
2026-07-13T23:00:07.177605,2026-07-13T23:00:07.195722+00:00,83.0,150,ask,WavyWalnuts,YieldingYams,1930033
2026-07-13T23:00:07.601945,2026-07-13T23:00:07.612638+00:00,83.0,200,bid,WavyWalnuts,YieldingYams,1930045
2026-07-13T23:00:09.465943,2026-07-13T23:00:09.468554+00:00,82.9,5,ask,YieldingYams,Andy Garg,1930097
2026-07-13T23:00:11.634350,2026-07-13T23:00:11.640015+00:00,82.9,20,ask,YieldingYams,BrilliantBurritos,1930138
2026-07-13T23:00:14.235955,2026-07-13T23:00:14.246619+00:00,83.0,20,bid,BrilliantBurritos,Andy Garg,1930185
2026-07-13T23:00:16.093395,2026-07-13T23:00:16.099378+00:00,83.0,4,bid,WavyWalnuts,Andy Garg,1930220
2026-07-13T23:00:16.093395,2026-07-13T23:00:16.099378+00:00,83.1,196,bid,WavyWalnuts,YieldingYams,1930221
2026-07-13T23:00:16.357376,2026-07-13T23:00:16.371965+00:00,83.2,2,bid,YieldingYams,Kelvin Chan,1930233
2026-07-13T23:00:16.357376,2026-07-13T23:00:16.371965+00:00,83.2,500,bid,YieldingYams,AverageAlmonds,1930234
2026-07-13T23:00:16.627225,2026-07-13T23:00:16.636738+00:00,83.2,123,ask,YieldingYams,AverageAlmonds,1930248
2026-07-13T23:00:17.860946,2026-07-13T23:00:17.865342+00:00,83.1,8,bid,BrilliantBurritos,Kelvin Chan,1930266
2026-07-13T23:00:17.860946,2026-07-13T23:00:17.865342+00:00,83.1,12,bid,BrilliantBurritos,WavyWalnuts,1930267
2026-07-13T23:00:18.978319,2026-07-13T23:00:18.988618+00:00,83.0,500,bid,YieldingYams,AverageAlmonds,1930288
2026-07-13T23:00:20.158362,2026-07-13T23:00:20.168461+00:00,83.1,46,bid,Andy Garg,AverageAlmonds,1930304
2026-07-13T23:00:20.172796,2026-07-13T23:00:20.179475+00:00,83.0,46,ask,YieldingYams,Andy Garg,1930305
2026-07-13T23:00:20.300510,2026-07-13T23:00:20.314579+00:00,83.0,200,ask,WavyWalnuts,YieldingYams,1930311
2026-07-13T23:00:20.300510,2026-07-13T23:00:20.314579+00:00,82.8,1,ask,Kelvin Chan,YieldingYams,1930312
2026-07-13T23:00:20.381891,2026-07-13T23:00:20.391326+00:00,82.7,5,ask,Kelvin Chan,Andy Garg,1930315
2026-07-13T23:00:20.939187,2026-07-13T23:00:20.943460+00:00,82.8,200,bid,WavyWalnuts,YieldingYams,1930319
2026-07-13T23:00:21.625555,2026-07-13T23:00:21.635890+00:00,82.8,44,bid,Andy Garg,YieldingYams,1930333
2026-07-13T23:00:22.150186,2026-07-13T23:00:22.161361+00:00,82.8,200,bid,WavyWalnuts,YieldingYams,1930343
2026-07-13T23:00:23.314219,2026-07-13T23:00:23.321491+00:00,82.7,2,ask,Kelvin Chan,Andy Garg,1930369
2026-07-13T23:00:23.314219,2026-07-13T23:00:23.321491+00:00,82.7,3,ask,YieldingYams,Andy Garg,1930370
2026-07-13T23:00:24.379458,2026-07-13T23:00:24.386432+00:00,82.7,34,ask,WavyWalnuts,Andy Garg,1930393
2026-07-13T23:00:25.783788,2026-07-13T23:00:25.790080+00:00,82.8,200,bid,WavyWalnuts,YieldingYams,1930413
2026-07-13T23:00:26.861195,2026-07-13T23:00:26.875290+00:00,82.7,500,ask,AverageAlmonds,YieldingYams,1930429
2026-07-13T23:00:26.925870,2026-07-13T23:00:26.930632+00:00,82.7,125,bid,AverageAlmonds,YieldingYams,1930432
2026-07-13T23:00:27.534313,2026-07-13T23:00:27.539866+00:00,82.8,200,bid,AverageAlmonds,WavyWalnuts,1930436
2026-07-13T23:00:28.200807,2026-07-13T23:00:28.210017+00:00,83.0,200,ask,YieldingYams,WavyWalnuts,1930453
2026-07-13T23:00:28.782793,2026-07-13T23:00:28.791999+00:00,83.0,20,ask,YieldingYams,BrilliantBurritos,1930460
2026-07-13T23:00:29.480071,2026-07-13T23:00:29.496206+00:00,82.9,200,ask,WavyWalnuts,YieldingYams,1930472
2026-07-13T23:00:36.030564,2026-07-13T23:00:36.042682+00:00,83.0,6,bid,YieldingYams,Sze-Yong Ng,1930585
2026-07-13T23:00:36.030564,2026-07-13T23:00:36.042682+00:00,83.0,200,bid,YieldingYams,WavyWalnuts,1930586
2026-07-13T23:00:39.086062,2026-07-13T23:00:39.089386+00:00,83.1,1,bid,WavyWalnuts,Kelvin Chan,1930646
2026-07-13T23:00:39.086062,2026-07-13T23:00:39.089386+00:00,83.1,199,bid,WavyWalnuts,YieldingYams,1930647
2026-07-13T23:00:39.260230,2026-07-13T23:00:39.266945+00:00,83.1,20,bid,BrilliantBurritos,YieldingYams,1930653
2026-07-13T23:00:39.978500,2026-07-13T23:00:39.988826+00:00,83.2,500,bid,YieldingYams,AverageAlmonds,1930669
2026-07-13T23:00:40.242267,2026-07-13T23:00:40.249382+00:00,83.2,125,ask,YieldingYams,AverageAlmonds,1930672
2026-07-13T23:00:41.287909,2026-07-13T23:00:41.291164+00:00,83.1,500,bid,YieldingYams,AverageAlmonds,1930698
2026-07-13T23:00:41.287909,2026-07-13T23:00:41.302185+00:00,83.1,7,bid,YieldingYams,Kelvin Chan,1930699
2026-07-13T23:00:41.447272,2026-07-13T23:00:41.453771+00:00,83.1,118,ask,YieldingYams,AverageAlmonds,1930701
2026-07-13T23:00:42.600522,2026-07-13T23:00:42.616494+00:00,83.0,200,ask,WavyWalnuts,YieldingYams,1930724
2026-07-13T23:00:42.706413,2026-07-13T23:00:42.713210+00:00,82.9,200,bid,WavyWalnuts,YieldingYams,1930732
2026-07-13T23:00:43.700579,2026-07-13T23:00:43.703033+00:00,82.9,20,bid,BrilliantBurritos,YieldingYams,1930752
2026-07-13T23:00:45.162268,2026-07-13T23:00:45.174588+00:00,82.9,200,ask,YieldingYams,WavyWalnuts,1930782
2026-07-13T23:00:46.541054,2026-07-13T23:00:46.556588+00:00,82.8,3,ask,Kelvin Chan,YieldingYams,1930809
2026-07-13T23:00:46.541054,2026-07-13T23:00:46.556588+00:00,82.8,200,ask,WavyWalnuts,YieldingYams,1930810
2026-07-13T23:00:47.853251,2026-07-13T23:00:47.855323+00:00,82.8,200,bid,YieldingYams,WavyWalnuts,1930848
2026-07-13T23:00:48.011317,2026-07-13T23:00:48.018417+00:00,83.0,20,bid,BrilliantBurritos,AverageAlmonds,1930852
2026-07-13T23:00:49.166964,2026-07-13T23:00:49.172585+00:00,82.8,1,ask,Kelvin Chan,YieldingYams,1930875
2026-07-13T23:00:49.166964,2026-07-13T23:00:49.172585+00:00,82.8,200,ask,WavyWalnuts,YieldingYams,1930876
2026-07-13T23:00:49.166964,2026-07-13T23:00:49.172585+00:00,82.6,424,ask,AverageAlmonds,YieldingYams,1930877
2026-07-13T23:00:51.761338,2026-07-13T23:00:51.765852+00:00,82.8,1,ask,Kelvin Chan,BrilliantBurritos,1930934
2026-07-13T23:00:51.761338,2026-07-13T23:00:51.765852+00:00,82.8,19,ask,YieldingYams,BrilliantBurritos,1930935
2026-07-13T23:00:51.782268,2026-07-13T23:00:51.803754+00:00,82.9,200,bid,YieldingYams,WavyWalnuts,1930938
2026-07-13T23:00:52.412220,2026-07-13T23:00:52.423918+00:00,82.9,200,ask,YieldingYams,WavyWalnuts,1930949
2026-07-13T23:00:55.708729,2026-07-13T23:00:55.719542+00:00,82.9,200,ask,WavyWalnuts,YieldingYams,1931002
2026-07-13T23:00:56.040481,2026-07-13T23:00:56.043138+00:00,82.8,4,ask,Kelvin Chan,WavyWalnuts,1931011
2026-07-13T23:00:56.040481,2026-07-13T23:00:56.054132+00:00,82.8,196,ask,YieldingYams,WavyWalnuts,1931012
2026-07-13T23:00:57.249373,2026-07-13T23:00:57.255723+00:00,82.9,200,ask,YieldingYams,WavyWalnuts,1931033
2026-07-13T23:00:58.456210,2026-07-13T23:00:58.468061+00:00,83.0,200,ask,YieldingYams,WavyWalnuts,1931068
2026-07-13T23:00:59.667453,2026-07-13T23:00:59.675324+00:00,83.0,200,ask,YieldingYams,WavyWalnuts,1931092
2026-07-13T23:01:00.058671,2026-07-13T23:01:00.061292+00:00,83.1,4,bid,Andy Garg,Kelvin Chan,1931101
2026-07-13T23:01:00.148503,2026-07-13T23:01:00.160127+00:00,83.1,6,bid,BrilliantBurritos,Kelvin Chan,1931102
2026-07-13T23:01:00.148503,2026-07-13T23:01:00.160127+00:00,83.2,14,bid,BrilliantBurritos,AverageAlmonds,1931103
2026-07-13T23:01:00.957610,2026-07-13T23:01:00.968818+00:00,83.0,200,ask,WavyWalnuts,YieldingYams,1931126
2026-07-13T23:01:01.113401,2026-07-13T23:01:01.121058+00:00,82.8,3,ask,Kelvin Chan,Andy Garg,1931130
2026-07-13T23:01:02.082846,2026-07-13T23:01:02.091600+00:00,82.9,200,bid,WavyWalnuts,YieldingYams,1931140
2026-07-13T23:01:02.265033,2026-07-13T23:01:02.273692+00:00,83.0,200,bid,YieldingYams,WavyWalnuts,1931142
2026-07-13T23:01:03.296211,2026-07-13T23:01:03.300609+00:00,83.0,200,ask,YieldingYams,WavyWalnuts,1931169
2026-07-13T23:01:11.089970,2026-07-13T23:01:11.095011+00:00,83.1,14,ask,Sze-Yong Ng,BrilliantBurritos,1931273
2026-07-13T23:01:11.089970,2026-07-13T23:01:11.095011+00:00,83.1,6,ask,YieldingYams,BrilliantBurritos,1931274
2026-07-13T23:01:12.764812,2026-07-13T23:01:12.768173+00:00,83.2,200,ask,WavyWalnuts,YieldingYams,1931301
2026-07-13T23:01:12.825513,2026-07-13T23:01:12.833420+00:00,83.0,5,ask,YieldingYams,Andy Garg,1931302
2026-07-13T23:01:12.974423,2026-07-13T23:01:12.986796+00:00,83.2,200,bid,WavyWalnuts,YieldingYams,1931305
2026-07-13T23:01:15.384648,2026-07-13T23:01:15.421562+00:00,83.3,11,bid,YieldingYams,Kelvin Chan,1931349
2026-07-13T23:01:15.384648,2026-07-13T23:01:15.421562+00:00,83.3,200,bid,YieldingYams,WavyWalnuts,1931350
2026-07-13T23:01:15.401809,2026-07-13T23:01:15.421562+00:00,83.3,200,ask,YieldingYams,WavyWalnuts,1931353
2026-07-13T23:01:16.697005,2026-07-13T23:01:16.707777+00:00,83.2,200,ask,WavyWalnuts,YieldingYams,1931376
2026-07-13T23:01:16.947362,2026-07-13T23:01:16.955820+00:00,83.1,20,ask,Andy Garg,BrilliantBurritos,1931380
2026-07-13T23:01:17.520613,2026-07-13T23:01:17.523127+00:00,83.2,42,bid,Andy Garg,YieldingYams,1931395
2026-07-13T23:01:18.998934,2026-07-13T23:01:19.003340+00:00,83.2,8,bid,Andy Garg,YieldingYams,1931423
2026-07-13T23:01:19.029831,2026-07-13T23:01:19.036156+00:00,83.2,200,bid,WavyWalnuts,YieldingYams,1931427
2026-07-13T23:01:19.627343,2026-07-13T23:01:19.631013+00:00,83.1,20,ask,YieldingYams,BrilliantBurritos,1931438
2026-07-13T23:01:20.227816,2026-07-13T23:01:20.235452+00:00,83.2,20,bid,BrilliantBurritos,YieldingYams,1931457
2026-07-13T23:01:20.239906,2026-07-13T23:01:20.246625+00:00,83.2,200,bid,WavyWalnuts,YieldingYams,1931459
2026-07-13T23:01:21.362649,2026-07-13T23:01:21.372805+00:00,83.4,9,bid,Andy Garg,Kelvin Chan,1931483
2026-07-13T23:01:21.362649,2026-07-13T23:01:21.372805+00:00,83.4,31,bid,Andy Garg,WavyWalnuts,1931484
2026-07-13T23:01:21.935086,2026-07-13T23:01:21.958191+00:00,83.4,200,bid,YieldingYams,WavyWalnuts,1931497
2026-07-13T23:01:22.354930,2026-07-13T23:01:22.360600+00:00,83.4,20,ask,YieldingYams,BrilliantBurritos,1931505
2026-07-13T23:01:22.634146,2026-07-13T23:01:22.640720+00:00,83.4,405,ask,YieldingYams,AverageAlmonds,1931507
2026-07-13T23:01:22.634146,2026-07-13T23:01:22.640720+00:00,83.4,50,ask,Sze-Yong Ng,AverageAlmonds,1931508
2026-07-13T23:01:23.248252,2026-07-13T23:01:23.258145+00:00,83.2,200,ask,WavyWalnuts,YieldingYams,1931525
2026-07-13T23:01:23.691916,2026-07-13T23:01:23.703422+00:00,82.9,46,ask,YieldingYams,Andy Garg,1931534
2026-07-13T23:01:23.875707,2026-07-13T23:01:23.887913+00:00,83.1,200,bid,WavyWalnuts,YieldingYams,1931540
2026-07-13T23:01:25.091280,2026-07-13T23:01:25.101203+00:00,83.2,200,bid,WavyWalnuts,YieldingYams,1931566
2026-07-13T23:01:26.306452,2026-07-13T23:01:26.318236+00:00,83.2,200,bid,WavyWalnuts,YieldingYams,1931591
2026-07-13T23:01:27.432875,2026-07-13T23:01:27.439473+00:00,83.0,1,ask,Kelvin Chan,Andy Garg,1931618
2026-07-13T23:01:27.519019,2026-07-13T23:01:27.525890+00:00,83.1,200,bid,WavyWalnuts,YieldingYams,1931621
2026-07-13T23:01:27.651176,2026-07-13T23:01:27.656027+00:00,82.9,7,ask,YieldingYams,Andy Garg,1931626
2026-07-13T23:01:28.733661,2026-07-13T23:01:28.746251+00:00,83.1,200,bid,WavyWalnuts,YieldingYams,1931644
2026-07-13T23:01:29.731314,2026-07-13T23:01:29.734396+00:00,82.9,7,ask,YieldingYams,Andy Garg,1931664
2026-07-13T23:01:29.792060,2026-07-13T23:01:29.817763+00:00,83.2,45,bid,YieldingYams,Andy Garg,1931665
2026-07-13T23:01:31.160654,2026-07-13T23:01:31.166019+00:00,83.2,200,ask,YieldingYams,WavyWalnuts,1931709
2026-07-13T23:01:32.333375,2026-07-13T23:01:32.340944+00:00,83.2,425,ask,YieldingYams,AverageAlmonds,1931727
2026-07-13T23:01:32.377181,2026-07-13T23:01:32.385031+00:00,83.1,2,ask,Kelvin Chan,WavyWalnuts,1931732
2026-07-13T23:01:33.589363,2026-07-13T23:01:33.596455+00:00,83.0,200,ask,YieldingYams,WavyWalnuts,1931758
2026-07-13T23:01:33.729378,2026-07-13T23:01:33.737799+00:00,83.0,2,ask,Kelvin Chan,YieldingYams,1931761
2026-07-13T23:01:35.037413,2026-07-13T23:01:35.039959+00:00,82.9,50,ask,Andy Garg,YieldingYams,1931786
2026-07-13T23:01:35.037413,2026-07-13T23:01:35.050999+00:00,82.9,6,ask,Kelvin Chan,YieldingYams,1931787
2026-07-13T23:01:35.185267,2026-07-13T23:01:35.192517+00:00,82.9,20,bid,BrilliantBurritos,YieldingYams,1931791
2026-07-13T23:01:35.908105,2026-07-13T23:01:35.911571+00:00,82.8,5,ask,WavyWalnuts,Andy Garg,1931808
2026-07-13T23:01:36.008524,2026-07-13T23:01:36.019170+00:00,82.9,200,bid,WavyWalnuts,YieldingYams,1931810
2026-07-13T23:01:36.126617,2026-07-13T23:01:36.138447+00:00,82.8,45,ask,YieldingYams,Andy Garg,1931812
2026-07-13T23:01:37.229509,2026-07-13T23:01:37.231697+00:00,82.8,1,ask,Kelvin Chan,WavyWalnuts,1931831
2026-07-13T23:01:38.905693,2026-07-13T23:01:38.914818+00:00,82.8,20,bid,BrilliantBurritos,Sze-Yong Ng,1931875
2026-07-13T23:01:42.258060,2026-07-13T23:01:42.264049+00:00,82.8,50,bid,Andy Garg,YieldingYams,1931925
2026-07-13T23:01:43.165716,2026-07-13T23:01:43.174482+00:00,82.8,20,bid,BrilliantBurritos,WavyWalnuts,1931942
2026-07-13T23:01:45.794380,2026-07-13T23:01:45.806256+00:00,82.7,1,ask,Kelvin Chan,BrilliantBurritos,1931994
2026-07-13T23:01:45.794380,2026-07-13T23:01:45.806256+00:00,82.7,19,ask,YieldingYams,BrilliantBurritos,1931995
2026-07-13T23:01:48.175768,2026-07-13T23:01:48.184779+00:00,82.9,200,bid,YieldingYams,WavyWalnuts,1932040
2026-07-13T23:01:48.588364,2026-07-13T23:01:48.595817+00:00,83.1,1,bid,Andy Garg,Kelvin Chan,1932046
2026-07-13T23:01:48.588364,2026-07-13T23:01:48.595817+00:00,83.1,49,bid,Andy Garg,YieldingYams,1932047
2026-07-13T23:01:50.799893,2026-07-13T23:01:50.804833+00:00,83.0,200,bid,YieldingYams,WavyWalnuts,1932086
2026-07-13T23:01:51.760111,2026-07-13T23:01:51.775927+00:00,83.1,50,ask,Andy Garg,WavyWalnuts,1932104
2026-07-13T23:01:52.113608,2026-07-13T23:01:52.121586+00:00,83.0,83,ask,Sze-Yong Ng,YieldingYams,1932114
2026-07-13T23:01:52.113608,2026-07-13T23:01:52.121586+00:00,83.0,200,ask,WavyWalnuts,YieldingYams,1932115
2026-07-13T23:01:52.113608,2026-07-13T23:01:52.121586+00:00,83.0,40,ask,Andy Garg,YieldingYams,1932116
2026-07-13T23:01:52.285565,2026-07-13T23:01:52.288549+00:00,83.0,302,bid,AverageAlmonds,YieldingYams,1932120
2026-07-13T23:01:52.434306,2026-07-13T23:01:52.438944+00:00,83.1,25,bid,Dinh Nguyen,WavyWalnuts,1932125
2026-07-13T23:01:52.695296,2026-07-13T23:01:52.698951+00:00,83.0,2,ask,AverageAlmonds,Dinh Nguyen,1932131
2026-07-13T23:01:52.768185,2026-07-13T23:01:52.778579+00:00,83.1,5,bid,Andy Garg,WavyWalnuts,1932134
2026-07-13T23:01:53.949352,2026-07-13T23:01:53.955098+00:00,83.1,2,ask,YieldingYams,Dinh Nguyen,1932157
2026-07-13T23:01:55.192351,2026-07-13T23:01:55.199402+00:00,83.2,2,ask,YieldingYams,Dinh Nguyen,1932181
2026-07-13T23:01:55.388459,2026-07-13T23:01:55.459992+00:00,83.2,200,ask,YieldingYams,WavyWalnuts,1932183
2026-07-13T23:01:56.437864,2026-07-13T23:01:56.447714+00:00,83.2,2,ask,Sze-Yong Ng,Dinh Nguyen,1932201
2026-07-13T23:01:56.597617,2026-07-13T23:01:56.608901+00:00,83.2,20,ask,Sze-Yong Ng,WavyWalnuts,1932205
2026-07-13T23:01:56.597617,2026-07-13T23:01:56.608901+00:00,83.2,180,ask,YieldingYams,WavyWalnuts,1932206
2026-07-13T23:01:57.687909,2026-07-13T23:01:57.696595+00:00,83.1,2,ask,YieldingYams,Dinh Nguyen,1932220
2026-07-13T23:01:58.670686,2026-07-13T23:01:58.674062+00:00,83.2,50,bid,YieldingYams,Andy Garg,1932240
2026-07-13T23:01:58.670686,2026-07-13T23:01:58.689760+00:00,83.2,200,bid,YieldingYams,WavyWalnuts,1932241
2026-07-13T23:01:58.927315,2026-07-13T23:01:58.930042+00:00,83.2,2,ask,YieldingYams,Dinh Nguyen,1932254
2026-07-13T23:01:59.146336,2026-07-13T23:01:59.155632+00:00,83.2,50,ask,YieldingYams,Andy Garg,1932263
2026-07-13T23:01:59.743397,2026-07-13T23:01:59.752127+00:00,83.3,2,bid,BrilliantBurritos,Kelvin Chan,1932271
2026-07-13T23:01:59.743397,2026-07-13T23:01:59.752127+00:00,83.3,18,bid,BrilliantBurritos,YieldingYams,1932272
2026-07-13T23:02:00.167699,2026-07-13T23:02:00.185841+00:00,83.1,2,ask,WavyWalnuts,Dinh Nguyen,1932286
2026-07-13T23:02:00.232598,2026-07-13T23:02:00.240286+00:00,83.2,200,bid,WavyWalnuts,YieldingYams,1932289
2026-07-13T23:02:01.407221,2026-07-13T23:02:01.419777+00:00,83.1,2,ask,YieldingYams,Dinh Nguyen,1932312
2026-07-13T23:02:02.603978,2026-07-13T23:02:02.606950+00:00,83.3,1,bid,YieldingYams,Kelvin Chan,1932346
2026-07-13T23:02:02.603978,2026-07-13T23:02:02.606950+00:00,83.3,200,bid,YieldingYams,WavyWalnuts,1932347
2026-07-13T23:02:02.603978,2026-07-13T23:02:02.617806+00:00,83.3,424,bid,YieldingYams,AverageAlmonds,1932348
2026-07-13T23:02:02.653137,2026-07-13T23:02:02.661162+00:00,83.3,76,bid,WavyWalnuts,AverageAlmonds,1932351
2026-07-13T23:02:02.657524,2026-07-13T23:02:02.661162+00:00,83.3,2,ask,WavyWalnuts,Dinh Nguyen,1932352
2026-07-13T23:02:03.905334,2026-07-13T23:02:03.915138+00:00,83.3,2,ask,WavyWalnuts,Dinh Nguyen,1932369
2026-07-13T23:02:03.916039,2026-07-13T23:02:03.930696+00:00,83.3,198,ask,WavyWalnuts,YieldingYams,1932370
2026-07-13T23:02:03.916039,2026-07-13T23:02:03.930696+00:00,83.0,8,ask,Kelvin Chan,YieldingYams,1932371
2026-07-13T23:02:03.916039,2026-07-13T23:02:03.930696+00:00,83.0,50,ask,Andy Garg,YieldingYams,1932372
2026-07-13T23:02:04.117274,2026-07-13T23:02:04.124056+00:00,82.8,2,ask,AverageAlmonds,Andy Garg,1932375
2026-07-13T23:02:05.079824,2026-07-13T23:02:05.088254+00:00,83.0,200,bid,WavyWalnuts,YieldingYams,1932389
2026-07-13T23:02:06.022798,2026-07-13T23:02:06.025948+00:00,83.3,20,bid,BrilliantBurritos,Andy Garg,1932401
2026-07-13T23:02:06.541210,2026-07-13T23:02:06.545141+00:00,83.1,200,ask,WavyWalnuts,YieldingYams,1932411
2026-07-13T23:02:06.914348,2026-07-13T23:02:06.923681+00:00,83.1,2,bid,Dinh Nguyen,YieldingYams,1932422
2026-07-13T23:02:07.664790,2026-07-13T23:02:07.670156+00:00,83.1,25,bid,Andy Garg,YieldingYams,1932432
2026-07-13T23:02:08.147348,2026-07-13T23:02:08.153400+00:00,83.2,2,bid,Dinh Nguyen,WavyWalnuts,1932440
2026-07-13T23:02:08.711914,2026-07-13T23:02:08.715692+00:00,83.1,200,ask,YieldingYams,WavyWalnuts,1932447
2026-07-13T23:02:09.388331,2026-07-13T23:02:09.396264+00:00,83.3,2,bid,Dinh Nguyen,Kelvin Chan,1932453
2026-07-13T23:02:10.637349,2026-07-13T23:02:10.644478+00:00,83.2,2,bid,Dinh Nguyen,YieldingYams,1932482
2026-07-13T23:02:11.771327,2026-07-13T23:02:11.773219+00:00,83.2,5,bid,Andy Garg,YieldingYams,1932501
2026-07-13T23:02:12.156361,2026-07-13T23:02:12.164155+00:00,83.2,25,bid,Dinh Nguyen,WavyWalnuts,1932508
2026-07-13T23:02:13.101816,2026-07-13T23:02:13.107528+00:00,83.1,200,ask,WavyWalnuts,YieldingYams,1932528
2026-07-13T23:02:13.101816,2026-07-13T23:02:13.107528+00:00,83.0,425,ask,AverageAlmonds,YieldingYams,1932529
2026-07-13T23:02:13.545590,2026-07-13T23:02:13.550566+00:00,83.0,20,ask,AverageAlmonds,BrilliantBurritos,1932540
2026-07-13T23:02:14.408747,2026-07-13T23:02:14.411862+00:00,83.2,200,bid,YieldingYams,WavyWalnuts,1932561
2026-07-13T23:02:14.745813,2026-07-13T23:02:14.748267+00:00,83.2,200,ask,YieldingYams,WavyWalnuts,1932567
2026-07-13T23:02:15.172353,2026-07-13T23:02:15.179945+00:00,83.3,1,bid,Dinh Nguyen,Kelvin Chan,1932579
2026-07-13T23:02:15.434373,2026-07-13T23:02:15.443165+00:00,83.4,2,bid,Dinh Nguyen,YieldingYams,1932584
2026-07-13T23:02:16.967965,2026-07-13T23:02:16.975288+00:00,83.2,25,bid,Dinh Nguyen,YieldingYams,1932617
2026-07-13T23:02:17.171540,2026-07-13T23:02:17.180203+00:00,83.1,200,ask,YieldingYams,WavyWalnuts,1932625
2026-07-13T23:02:17.228391,2026-07-13T23:02:17.234527+00:00,83.3,2,bid,Dinh Nguyen,Kelvin Chan,1932626
2026-07-13T23:02:18.472374,2026-07-13T23:02:18.475899+00:00,83.2,2,bid,Dinh Nguyen,YieldingYams,1932651
2026-07-13T23:02:19.726368,2026-07-13T23:02:19.736817+00:00,83.1,2,bid,Dinh Nguyen,YieldingYams,1932683
2026-07-13T23:02:20.233173,2026-07-13T23:02:20.245647+00:00,83.1,37,bid,Andy Garg,YieldingYams,1932692
2026-07-13T23:02:21.217360,2026-07-13T23:02:21.224967+00:00,83.1,25,bid,Dinh Nguyen,WavyWalnuts,1932712
2026-07-13T23:02:21.488369,2026-07-13T23:02:21.492698+00:00,83.1,2,bid,Dinh Nguyen,WavyWalnuts,1932716
2026-07-13T23:02:22.009683,2026-07-13T23:02:22.013667+00:00,83.1,200,bid,WavyWalnuts,YieldingYams,1932726
2026-07-13T23:02:22.456807,2026-07-13T23:02:22.459006+00:00,83.0,13,ask,Sze-Yong Ng,Andy Garg,1932736
2026-07-13T23:02:22.456807,2026-07-13T23:02:22.469809+00:00,83.0,4,ask,Kelvin Chan,Andy Garg,1932737
2026-07-13T23:02:22.456807,2026-07-13T23:02:22.469809+00:00,83.0,29,ask,AverageAlmonds,Andy Garg,1932738
2026-07-13T23:02:22.743364,2026-07-13T23:02:22.748135+00:00,83.2,2,bid,Dinh Nguyen,YieldingYams,1932748
2026-07-13T23:02:24.252427,2026-07-13T23:02:24.262420+00:00,83.1,25,bid,Dinh Nguyen,WavyWalnuts,1932766
2026-07-13T23:02:24.515604,2026-07-13T23:02:24.519278+00:00,83.1,2,bid,Dinh Nguyen,WavyWalnuts,1932775
2026-07-13T23:02:24.900223,2026-07-13T23:02:24.902320+00:00,83.1,198,bid,YieldingYams,WavyWalnuts,1932788
2026-07-13T23:02:25.638216,2026-07-13T23:02:25.644139+00:00,83.1,200,ask,YieldingYams,WavyWalnuts,1932793
2026-07-13T23:02:25.764384,2026-07-13T23:02:25.771392+00:00,83.3,1,bid,Dinh Nguyen,Kelvin Chan,1932795
2026-07-13T23:02:26.227027,2026-07-13T23:02:26.230930+00:00,83.0,2,ask,Kelvin Chan,YieldingYams,1932803
2026-07-13T23:02:26.227027,2026-07-13T23:02:26.230930+00:00,83.0,46,ask,Andy Garg,YieldingYams,1932804
2026-07-13T23:02:26.227027,2026-07-13T23:02:26.241700+00:00,83.0,500,ask,AverageAlmonds,YieldingYams,1932805
2026-07-13T23:02:26.803012,2026-07-13T23:02:26.807423+00:00,83.0,77,bid,AverageAlmonds,YieldingYams,1932811
2026-07-13T23:02:27.182593,2026-07-13T23:02:27.191583+00:00,83.2,5,bid,Andy Garg,WavyWalnuts,1932817
2026-07-13T23:02:28.057922,2026-07-13T23:02:28.060735+00:00,83.2,200,bid,WavyWalnuts,YieldingYams,1932832
2026-07-13T23:02:30.162083,2026-07-13T23:02:30.174897+00:00,83.3,8,bid,YieldingYams,Kelvin Chan,1932866
2026-07-13T23:02:30.162083,2026-07-13T23:02:30.174897+00:00,83.4,200,bid,YieldingYams,WavyWalnuts,1932867
2026-07-13T23:02:30.162083,2026-07-13T23:02:30.174897+00:00,83.4,50,bid,YieldingYams,Andy Garg,1932868
2026-07-13T23:02:30.285707,2026-07-13T23:02:30.293896+00:00,83.4,50,ask,YieldingYams,Andy Garg,1932876
2026-07-13T23:02:31.688773,2026-07-13T23:02:31.699027+00:00,83.4,200,bid,WavyWalnuts,YieldingYams,1932909
2026-07-13T23:02:32.785831,2026-07-13T23:02:32.792416+00:00,83.4,74,bid,YieldingYams,Sze-Yong Ng,1932930
2026-07-13T23:02:32.785831,2026-07-13T23:02:32.792416+00:00,83.5,3,bid,YieldingYams,Kelvin Chan,1932931
2026-07-13T23:02:32.785831,2026-07-13T23:02:32.792416+00:00,83.5,500,bid,YieldingYams,AverageAlmonds,1932932
2026-07-13T23:02:32.983116,2026-07-13T23:02:32.993379+00:00,83.6,23,bid,Andy Garg,AverageAlmonds,1932939
2026-07-13T23:02:34.109335,2026-07-13T23:02:34.140197+00:00,83.4,200,ask,WavyWalnuts,YieldingYams,1932951
2026-07-13T23:02:34.109335,2026-07-13T23:02:34.140197+00:00,83.3,50,ask,Andy Garg,YieldingYams,1932952
2026-07-13T23:02:34.216246,2026-07-13T23:02:34.225704+00:00,83.1,4,ask,Kelvin Chan,Andy Garg,1932959
2026-07-13T23:02:34.216246,2026-07-13T23:02:34.225704+00:00,83.1,20,ask,AverageAlmonds,Andy Garg,1932960
2026-07-13T23:02:34.233933,2026-07-13T23:02:34.236407+00:00,83.2,46,bid,Andy Garg,YieldingYams,1932961
2026-07-13T23:02:35.152419,2026-07-13T23:02:35.159046+00:00,83.2,25,bid,Dinh Nguyen,YieldingYams,1932976
2026-07-13T23:02:35.340309,2026-07-13T23:02:35.360206+00:00,83.1,61,ask,Sze-Yong Ng,WavyWalnuts,1932980
2026-07-13T23:02:35.340309,2026-07-13T23:02:35.360206+00:00,83.1,11,ask,Kelvin Chan,WavyWalnuts,1932981
2026-07-13T23:02:35.418442,2026-07-13T23:02:35.424719+00:00,83.1,128,bid,YieldingYams,WavyWalnuts,1932986
2026-07-13T23:02:35.611695,2026-07-13T23:02:35.614729+00:00,83.1,20,ask,YieldingYams,BrilliantBurritos,1932989
2026-07-13T23:02:36.125738,2026-07-13T23:02:36.133814+00:00,83.1,50,ask,YieldingYams,Andy Garg,1933004
2026-07-13T23:02:36.735436,2026-07-13T23:02:36.737077+00:00,83.1,10,ask,Kelvin Chan,YieldingYams,1933016
2026-07-13T23:02:37.177312,2026-07-13T23:02:37.181201+00:00,83.0,45,ask,WavyWalnuts,Andy Garg,1933023
2026-07-13T23:02:37.393637,2026-07-13T23:02:37.402304+00:00,83.1,24,bid,Andy Garg,YieldingYams,1933026
2026-07-13T23:02:37.694389,2026-07-13T23:02:37.697857+00:00,83.1,500,bid,AverageAlmonds,YieldingYams,1933029
2026-07-13T23:02:37.765671,2026-07-13T23:02:37.771806+00:00,83.1,91,bid,WavyWalnuts,YieldingYams,1933035
2026-07-13T23:02:37.820250,2026-07-13T23:02:37.825341+00:00,83.4,26,bid,Andy Garg,WavyWalnuts,1933038
2026-07-13T23:02:38.974139,2026-07-13T23:02:38.984153+00:00,83.3,200,bid,WavyWalnuts,YieldingYams,1933059
2026-07-13T23:02:40.320393,2026-07-13T23:02:40.331958+00:00,83.3,5,bid,Andy Garg,YieldingYams,1933083
2026-07-13T23:02:41.398115,2026-07-13T23:02:41.410075+00:00,83.3,200,bid,WavyWalnuts,YieldingYams,1933107
2026-07-13T23:02:41.978699,2026-07-13T23:02:41.993331+00:00,83.4,2,bid,YieldingYams,Kelvin Chan,1933117
2026-07-13T23:02:43.295239,2026-07-13T23:02:43.300936+00:00,83.5,200,bid,YieldingYams,WavyWalnuts,1933141
2026-07-13T23:02:43.295239,2026-07-13T23:02:43.300936+00:00,83.5,50,bid,YieldingYams,Andy Garg,1933142
2026-07-13T23:02:43.295239,2026-07-13T23:02:43.300936+00:00,83.5,375,bid,YieldingYams,AverageAlmonds,1933143
2026-07-13T23:02:43.813546,2026-07-13T23:02:43.823044+00:00,83.4,2,bid,WavyWalnuts,Kelvin Chan,1933154
2026-07-13T23:02:44.610430,2026-07-13T23:02:44.613585+00:00,83.4,198,ask,WavyWalnuts,YieldingYams,1933163
2026-07-13T23:02:46.250753,2026-07-13T23:02:46.259014+00:00,83.3,200,ask,YieldingYams,WavyWalnuts,1933194
2026-07-13T23:02:47.457656,2026-07-13T23:02:47.465293+00:00,83.3,200,ask,YieldingYams,WavyWalnuts,1933210
2026-07-13T23:02:48.021064,2026-07-13T23:02:48.025418+00:00,83.3,40,ask,YieldingYams,Andy Garg,1933225
2026-07-13T23:02:48.665991,2026-07-13T23:02:48.675077+00:00,83.2,2,ask,Kelvin Chan,WavyWalnuts,1933243
2026-07-13T23:02:48.665991,2026-07-13T23:02:48.675077+00:00,83.2,50,ask,Andy Garg,WavyWalnuts,1933244
2026-07-13T23:02:48.665991,2026-07-13T23:02:48.675077+00:00,83.2,148,ask,YieldingYams,WavyWalnuts,1933245
2026-07-13T23:02:49.859997,2026-07-13T23:02:49.889940+00:00,83.2,8,ask,Kelvin Chan,YieldingYams,1933268
2026-07-13T23:02:51.173085,2026-07-13T23:02:51.176830+00:00,83.1,3,ask,Kelvin Chan,YieldingYams,1933302
2026-07-13T23:02:51.173085,2026-07-13T23:02:51.176830+00:00,83.1,500,ask,AverageAlmonds,YieldingYams,1933303
2026-07-13T23:02:51.173085,2026-07-13T23:02:51.187731+00:00,83.1,122,ask,WavyWalnuts,YieldingYams,1933304
2026-07-13T23:02:51.470323,2026-07-13T23:02:51.473483+00:00,83.3,20,bid,BrilliantBurritos,WavyWalnuts,1933305
2026-07-13T23:02:54.076514,2026-07-13T23:02:54.085076+00:00,83.1,18,ask,WavyWalnuts,Andy Garg,1933351
2026-07-13T23:02:56.241884,2026-07-13T23:02:56.244106+00:00,83.2,20,ask,WavyWalnuts,BrilliantBurritos,1933387
2026-07-13T23:02:58.191442,2026-07-13T23:02:58.193281+00:00,83.2,47,ask,YieldingYams,Andy Garg,1933424
2026-07-13T23:02:59.045892,2026-07-13T23:02:59.061022+00:00,83.2,20,ask,YieldingYams,BrilliantBurritos,1933439
2026-07-13T23:02:59.577958,2026-07-13T23:02:59.580333+00:00,83.2,200,ask,YieldingYams,WavyWalnuts,1933456
2026-07-13T23:03:00.782707,2026-07-13T23:03:00.787061+00:00,83.3,200,bid,WavyWalnuts,YieldingYams,1933470
2026-07-13T23:03:01.814274,2026-07-13T23:03:01.818080+00:00,83.2,20,ask,YieldingYams,BrilliantBurritos,1933489
2026-07-13T23:03:02.300752,2026-07-13T23:03:02.311817+00:00,83.3,10,bid,Andy Garg,WavyWalnuts,1933499
2026-07-13T23:03:02.505458,2026-07-13T23:03:02.511148+00:00,83.3,40,bid,Andy Garg,WavyWalnuts,1933505
2026-07-13T23:03:04.286684,2026-07-13T23:03:04.295737+00:00,83.3,61,bid,YieldingYams,Sze-Yong Ng,1933557
2026-07-13T23:03:04.286684,2026-07-13T23:03:04.295737+00:00,83.3,200,bid,YieldingYams,WavyWalnuts,1933558
2026-07-13T23:03:05.601923,2026-07-13T23:03:05.613992+00:00,83.3,39,ask,Sze-Yong Ng,YieldingYams,1933582
2026-07-13T23:03:05.601923,2026-07-13T23:03:05.613992+00:00,83.3,50,ask,Andy Garg,YieldingYams,1933583
2026-07-13T23:03:06.073114,2026-07-13T23:03:06.077221+00:00,83.1,6,ask,Kelvin Chan,BrilliantBurritos,1933598
2026-07-13T23:03:06.073114,2026-07-13T23:03:06.077221+00:00,83.1,14,ask,AverageAlmonds,BrilliantBurritos,1933599
2026-07-13T23:03:08.052698,2026-07-13T23:03:08.063726+00:00,83.2,200,ask,YieldingYams,WavyWalnuts,1933633
2026-07-13T23:03:08.137109,2026-07-13T23:03:08.145227+00:00,83.2,37,ask,YieldingYams,Andy Garg,1933636
2026-07-13T23:03:09.258297,2026-07-13T23:03:09.265456+00:00,83.2,200,bid,WavyWalnuts,YieldingYams,1933664
2026-07-13T23:03:09.536583,2026-07-13T23:03:09.551919+00:00,83.1,8,ask,Kelvin Chan,YieldingYams,1933671
2026-07-13T23:03:10.440047,2026-07-13T23:03:10.444078+00:00,83.1,37,bid,Andy Garg,YieldingYams,1933695
2026-07-13T23:03:10.470104,2026-07-13T23:03:10.475695+00:00,83.1,200,bid,WavyWalnuts,YieldingYams,1933698
2026-07-13T23:03:11.678135,2026-07-13T23:03:11.684539+00:00,83.2,200,bid,WavyWalnuts,YieldingYams,1933721
2026-07-13T23:03:13.467997,2026-07-13T23:03:13.478193+00:00,83.1,200,ask,WavyWalnuts,YieldingYams,1933758
2026-07-13T23:03:13.467997,2026-07-13T23:03:13.478193+00:00,83.0,9,ask,Kelvin Chan,YieldingYams,1933759
2026-07-13T23:03:13.467997,2026-07-13T23:03:13.478193+00:00,83.0,45,ask,Andy Garg,YieldingYams,1933760
2026-07-13T23:03:14.020885,2026-07-13T23:03:14.036962+00:00,83.0,371,bid,AverageAlmonds,YieldingYams,1933763
2026-07-13T23:03:17.194981,2026-07-13T23:03:17.200767+00:00,83.1,5,bid,Andy Garg,YieldingYams,1933822
2026-07-13T23:03:17.402977,2026-07-13T23:03:17.411693+00:00,83.0,11,ask,Kelvin Chan,YieldingYams,1933823
2026-07-13T23:03:17.402977,2026-07-13T23:03:17.411693+00:00,83.0,200,ask,WavyWalnuts,YieldingYams,1933824
2026-07-13T23:03:17.402977,2026-07-13T23:03:17.411693+00:00,83.0,414,ask,AverageAlmonds,YieldingYams,1933825
2026-07-13T23:03:18.241988,2026-07-13T23:03:18.249294+00:00,83.0,11,ask,Kelvin Chan,BrilliantBurritos,1933840
2026-07-13T23:03:18.241988,2026-07-13T23:03:18.249294+00:00,83.0,9,ask,AverageAlmonds,BrilliantBurritos,1933841
2026-07-13T23:03:18.955793,2026-07-13T23:03:18.966311+00:00,83.0,200,ask,YieldingYams,WavyWalnuts,1933856
2026-07-13T23:03:21.923952,2026-07-13T23:03:21.928264+00:00,83.0,9,ask,Kelvin Chan,BrilliantBurritos,1933899
2026-07-13T23:03:21.923952,2026-07-13T23:03:21.928264+00:00,83.0,11,ask,YieldingYams,BrilliantBurritos,1933900
2026-07-13T23:03:22.595581,2026-07-13T23:03:22.601502+00:00,83.0,200,ask,YieldingYams,WavyWalnuts,1933912
2026-07-13T23:03:23.805547,2026-07-13T23:03:23.817418+00:00,83.0,200,ask,YieldingYams,WavyWalnuts,1933941
2026-07-13T23:03:24.171449,2026-07-13T23:03:24.175949+00:00,83.0,81,ask,YieldingYams,Andy Garg,1933945
2026-07-13T23:03:25.013281,2026-07-13T23:03:25.015326+00:00,83.1,50,ask,Andy Garg,WavyWalnuts,1933968
2026-07-13T23:03:25.013281,2026-07-13T23:03:25.026093+00:00,83.0,150,ask,YieldingYams,WavyWalnuts,1933969
2026-07-13T23:03:25.657335,2026-07-13T23:03:25.662933+00:00,83.0,26,ask,YieldingYams,Andy Garg,1933987
2026-07-13T23:03:26.498532,2026-07-13T23:03:26.500501+00:00,83.2,7,bid,Andy Garg,YieldingYams,1934012
2026-07-13T23:03:27.898493,2026-07-13T23:03:27.900291+00:00,83.0,45,ask,Andy Garg,YieldingYams,1934055
2026-07-13T23:03:27.898493,2026-07-13T23:03:27.916488+00:00,83.0,200,ask,WavyWalnuts,YieldingYams,1934056
2026-07-13T23:03:28.645763,2026-07-13T23:03:28.656659+00:00,83.0,200,bid,WavyWalnuts,YieldingYams,1934077
2026-07-13T23:03:28.819993,2026-07-13T23:03:28.824552+00:00,82.9,2,ask,Kelvin Chan,Andy Garg,1934080
2026-07-13T23:03:28.819993,2026-07-13T23:03:28.835204+00:00,82.9,22,ask,Sze-Yong Ng,Andy Garg,1934081
2026-07-13T23:03:28.819993,2026-07-13T23:03:28.835204+00:00,82.9,3,ask,AverageAlmonds,Andy Garg,1934082
2026-07-13T23:03:29.189583,2026-07-13T23:03:29.193406+00:00,83.0,180,bid,AverageAlmonds,YieldingYams,1934084
2026-07-13T23:03:29.209655,2026-07-13T23:03:29.221793+00:00,83.2,50,bid,YieldingYams,Andy Garg,1934085
2026-07-13T23:03:29.267366,2026-07-13T23:03:29.274532+00:00,83.3,2,bid,Andy Garg,Kelvin Chan,1934090
2026-07-13T23:03:29.267366,2026-07-13T23:03:29.274532+00:00,83.3,46,bid,Andy Garg,WavyWalnuts,1934091
2026-07-13T23:03:29.856392,2026-07-13T23:03:29.860451+00:00,83.2,200,ask,YieldingYams,WavyWalnuts,1934109
2026-07-13T23:03:29.894786,2026-07-13T23:03:29.902605+00:00,83.2,50,ask,YieldingYams,Andy Garg,1934111
2026-07-13T23:03:31.064940,2026-07-13T23:03:31.074342+00:00,83.2,50,ask,Andy Garg,WavyWalnuts,1934123
2026-07-13T23:03:31.434458,2026-07-13T23:03:31.442032+00:00,83.1,20,ask,YieldingYams,BrilliantBurritos,1934134
2026-07-13T23:03:31.831375,2026-07-13T23:03:31.835382+00:00,83.2,150,bid,YieldingYams,WavyWalnuts,1934147
2026-07-13T23:03:33.147240,2026-07-13T23:03:33.150307+00:00,83.1,200,ask,WavyWalnuts,YieldingYams,1934166
2026-07-13T23:03:33.147240,2026-07-13T23:03:33.150307+00:00,83.1,425,ask,AverageAlmonds,YieldingYams,1934167
2026-07-13T23:03:34.019058,2026-07-13T23:03:34.021425+00:00,83.2,50,ask,WavyWalnuts,Andy Garg,1934177
2026-07-13T23:03:34.455810,2026-07-13T23:03:34.469869+00:00,83.3,200,bid,YieldingYams,WavyWalnuts,1934189
2026-07-13T23:03:35.770336,2026-07-13T23:03:35.781878+00:00,83.2,200,ask,WavyWalnuts,YieldingYams,1934203
2026-07-13T23:03:35.893370,2026-07-13T23:03:35.898303+00:00,83.2,200,bid,WavyWalnuts,YieldingYams,1934206
2026-07-13T23:03:36.156737,2026-07-13T23:03:36.162165+00:00,83.1,50,ask,YieldingYams,Andy Garg,1934208
2026-07-13T23:03:36.592664,2026-07-13T23:03:36.604713+00:00,83.2,41,bid,Andy Garg,YieldingYams,1934213
2026-07-13T23:03:37.078775,2026-07-13T23:03:37.089015+00:00,83.2,61,bid,YieldingYams,Sze-Yong Ng,1934219
2026-07-13T23:03:37.078775,2026-07-13T23:03:37.089015+00:00,83.3,28,bid,YieldingYams,Kelvin Chan,1934220
2026-07-13T23:03:38.275529,2026-07-13T23:03:38.285424+00:00,83.3,20,ask,YieldingYams,BrilliantBurritos,1934242
2026-07-13T23:03:39.702444,2026-07-13T23:03:39.708049+00:00,83.4,200,bid,YieldingYams,WavyWalnuts,1934273
2026-07-13T23:03:40.374955,2026-07-13T23:03:40.385036+00:00,83.4,50,ask,YieldingYams,Andy Garg,1934279
2026-07-13T23:03:40.753265,2026-07-13T23:03:40.756717+00:00,83.4,200,ask,YieldingYams,WavyWalnuts,1934290
2026-07-13T23:03:41.961205,2026-07-13T23:03:41.973083+00:00,83.4,200,bid,WavyWalnuts,YieldingYams,1934310
2026-07-13T23:03:42.445138,2026-07-13T23:03:42.448980+00:00,83.4,7,ask,YieldingYams,Andy Garg,1934319
2026-07-13T23:03:43.178845,2026-07-13T23:03:43.190822+00:00,83.4,200,ask,YieldingYams,WavyWalnuts,1934333
2026-07-13T23:03:44.387310,2026-07-13T23:03:44.396104+00:00,83.5,1,bid,WavyWalnuts,Kelvin Chan,1934355
2026-07-13T23:03:44.387310,2026-07-13T23:03:44.396104+00:00,83.5,199,bid,WavyWalnuts,AverageAlmonds,1934356
2026-07-13T23:03:45.596080,2026-07-13T23:03:45.599679+00:00,83.5,200,bid,WavyWalnuts,YieldingYams,1934377
2026-07-13T23:03:46.550456,2026-07-13T23:03:46.554771+00:00,83.3,25,ask,YieldingYams,Dinh Nguyen,1934398
2026-07-13T23:03:46.809054,2026-07-13T23:03:46.812713+00:00,83.4,1,bid,WavyWalnuts,Kelvin Chan,1934407
2026-07-13T23:03:46.809054,2026-07-13T23:03:46.812713+00:00,83.4,39,bid,WavyWalnuts,Sze-Yong Ng,1934408
2026-07-13T23:03:46.809054,2026-07-13T23:03:46.823653+00:00,83.4,45,bid,WavyWalnuts,Andy Garg,1934409
2026-07-13T23:03:48.086416,2026-07-13T23:03:48.096809+00:00,83.4,25,ask,YieldingYams,Dinh Nguyen,1934428
2026-07-13T23:03:49.182257,2026-07-13T23:03:49.187056+00:00,83.4,500,ask,YieldingYams,AverageAlmonds,1934450
2026-07-13T23:03:49.234571,2026-07-13T23:03:49.241151+00:00,83.5,22,bid,WavyWalnuts,Sze-Yong Ng,1934453
2026-07-13T23:03:49.771859,2026-07-13T23:03:49.775148+00:00,83.5,178,ask,WavyWalnuts,AverageAlmonds,1934456
2026-07-13T23:03:49.771859,2026-07-13T23:03:49.775148+00:00,83.4,125,ask,YieldingYams,AverageAlmonds,1934457
2026-07-13T23:03:49.771859,2026-07-13T23:03:49.795311+00:00,83.4,50,ask,Andy Garg,AverageAlmonds,1934458
2026-07-13T23:03:50.179710,2026-07-13T23:03:50.189267+00:00,83.3,50,ask,Andy Garg,YieldingYams,1934473
2026-07-13T23:03:50.179710,2026-07-13T23:03:50.189267+00:00,83.3,61,ask,Sze-Yong Ng,YieldingYams,1934474
2026-07-13T23:03:50.179710,2026-07-13T23:03:50.189267+00:00,83.2,10,ask,Kelvin Chan,YieldingYams,1934475
2026-07-13T23:03:50.443177,2026-07-13T23:03:50.453726+00:00,83.2,200,bid,WavyWalnuts,YieldingYams,1934484
2026-07-13T23:03:50.904320,2026-07-13T23:03:50.916965+00:00,83.1,9,ask,Kelvin Chan,Andy Garg,1934495
2026-07-13T23:03:51.490820,2026-07-13T23:03:51.503168+00:00,83.3,500,bid,YieldingYams,AverageAlmonds,1934505
2026-07-13T23:03:52.183825,2026-07-13T23:03:52.192953+00:00,83.3,46,ask,YieldingYams,Andy Garg,1934523
2026-07-13T23:03:52.527481,2026-07-13T23:03:52.533486+00:00,83.3,25,ask,YieldingYams,Dinh Nguyen,1934536
2026-07-13T23:03:52.805143,2026-07-13T23:03:52.839344+00:00,83.2,200,ask,WavyWalnuts,YieldingYams,1934542
2026-07-13T23:03:52.805143,2026-07-13T23:03:52.839344+00:00,83.1,2,ask,Kelvin Chan,YieldingYams,1934543
2026-07-13T23:03:52.870210,2026-07-13T23:03:52.872139+00:00,83.1,200,bid,WavyWalnuts,YieldingYams,1934546
2026-07-13T23:03:53.057469,2026-07-13T23:03:53.062147+00:00,83.1,2,bid,Dinh Nguyen,YieldingYams,1934553
2026-07-13T23:03:53.093772,2026-07-13T23:03:53.104448+00:00,83.1,50,bid,Andy Garg,YieldingYams,1934554
2026-07-13T23:03:53.935669,2026-07-13T23:03:53.946931+00:00,83.1,4,bid,Andy Garg,YieldingYams,1934574
2026-07-13T23:03:54.084375,2026-07-13T23:03:54.098420+00:00,83.1,167,bid,WavyWalnuts,YieldingYams,1934576
2026-07-13T23:03:54.313285,2026-07-13T23:03:54.324289+00:00,83.3,2,bid,Dinh Nguyen,YieldingYams,1934580
2026-07-13T23:03:54.369857,2026-07-13T23:03:54.377908+00:00,83.3,15,bid,Andy Garg,YieldingYams,1934581
2026-07-13T23:03:55.564469,2026-07-13T23:03:55.568463+00:00,83.3,2,bid,Dinh Nguyen,AverageAlmonds,1934618
2026-07-13T23:03:56.737926,2026-07-13T23:03:56.749385+00:00,83.2,200,ask,WavyWalnuts,YieldingYams,1934635
2026-07-13T23:03:56.858450,2026-07-13T23:03:56.865970+00:00,83.2,2,bid,Dinh Nguyen,YieldingYams,1934638
2026-07-13T23:03:58.050413,2026-07-13T23:03:58.056734+00:00,83.1,200,ask,WavyWalnuts,YieldingYams,1934665
2026-07-13T23:03:58.132527,2026-07-13T23:03:58.144361+00:00,83.1,2,bid,Dinh Nguyen,YieldingYams,1934666
2026-07-13T23:03:59.363296,2026-07-13T23:03:59.365599+00:00,83.2,50,bid,YieldingYams,Andy Garg,1934703
2026-07-13T23:03:59.363296,2026-07-13T23:03:59.376627+00:00,83.2,200,bid,YieldingYams,WavyWalnuts,1934704
2026-07-13T23:03:59.375761,2026-07-13T23:03:59.387724+00:00,83.4,1,bid,Dinh Nguyen,Kelvin Chan,1934706
2026-07-13T23:03:59.375761,2026-07-13T23:03:59.387724+00:00,83.4,1,bid,Dinh Nguyen,AverageAlmonds,1934707
2026-07-13T23:04:00.153930,2026-07-13T23:04:00.157428+00:00,83.2,200,ask,YieldingYams,WavyWalnuts,1934724
2026-07-13T23:04:00.621490,2026-07-13T23:04:00.623999+00:00,83.2,25,ask,YieldingYams,Dinh Nguyen,1934733
2026-07-13T23:04:01.153505,2026-07-13T23:04:01.164390+00:00,83.1,2,bid,Dinh Nguyen,YieldingYams,1934742
2026-07-13T23:04:01.360247,2026-07-13T23:04:01.362390+00:00,83.1,200,bid,WavyWalnuts,YieldingYams,1934750
2026-07-13T23:04:01.416994,2026-07-13T23:04:01.428501+00:00,83.0,1,ask,Kelvin Chan,Andy Garg,1934753
2026-07-13T23:04:02.388456,2026-07-13T23:04:02.398951+00:00,83.1,2,bid,Dinh Nguyen,Sze-Yong Ng,1934776
2026-07-13T23:04:02.567277,2026-07-13T23:04:02.570170+00:00,83.1,37,bid,WavyWalnuts,Sze-Yong Ng,1934784
2026-07-13T23:04:02.567277,2026-07-13T23:04:02.570170+00:00,83.1,163,bid,WavyWalnuts,YieldingYams,1934785
2026-07-13T23:04:04.932467,2026-07-13T23:04:04.944766+00:00,83.2,2,bid,Dinh Nguyen,YieldingYams,1934843
2026-07-13T23:04:05.466299,2026-07-13T23:04:05.468936+00:00,83.1,20,ask,WavyWalnuts,BrilliantBurritos,1934858
2026-07-13T23:04:05.638260,2026-07-13T23:04:05.647408+00:00,83.1,14,ask,WavyWalnuts,Andy Garg,1934868
2026-07-13T23:04:05.932748,2026-07-13T23:04:05.940839+00:00,83.1,166,ask,WavyWalnuts,YieldingYams,1934872
2026-07-13T23:04:07.244478,2026-07-13T23:04:07.255466+00:00,83.1,200,bid,YieldingYams,WavyWalnuts,1934897
2026-07-13T23:04:07.244478,2026-07-13T23:04:07.255466+00:00,83.1,425,bid,YieldingYams,AverageAlmonds,1934898
2026-07-13T23:04:07.439484,2026-07-13T23:04:07.449007+00:00,83.1,2,bid,Dinh Nguyen,AverageAlmonds,1934902
2026-07-13T23:04:08.567195,2026-07-13T23:04:08.573763+00:00,82.9,200,ask,WavyWalnuts,YieldingYams,1934921
2026-07-13T23:04:08.603927,2026-07-13T23:04:08.606049+00:00,82.9,200,bid,WavyWalnuts,YieldingYams,1934923
2026-07-13T23:04:09.220473,2026-07-13T23:04:09.227154+00:00,82.8,1,ask,Kelvin Chan,Dinh Nguyen,1934933
2026-07-13T23:04:09.220473,2026-07-13T23:04:09.227154+00:00,82.7,1,ask,YieldingYams,Dinh Nguyen,1934934
2026-07-13T23:04:09.814925,2026-07-13T23:04:09.826422+00:00,82.9,200,bid,WavyWalnuts,YieldingYams,1934949
2026-07-13T23:04:09.874194,2026-07-13T23:04:09.879727+00:00,83.0,49,bid,YieldingYams,Andy Garg,1934950
2026-07-13T23:04:09.874194,2026-07-13T23:04:09.879727+00:00,83.0,500,bid,YieldingYams,AverageAlmonds,1934951
2026-07-13T23:04:09.874194,2026-07-13T23:04:09.879727+00:00,83.1,76,bid,YieldingYams,WavyWalnuts,1934952
2026-07-13T23:04:10.477481,2026-07-13T23:04:10.485470+00:00,82.5,2,ask,Andy Garg,Dinh Nguyen,1934961
2026-07-13T23:04:11.188025,2026-07-13T23:04:11.192175+00:00,82.9,2,bid,YieldingYams,Andy Garg,1934973
2026-07-13T23:04:11.743496,2026-07-13T23:04:11.755206+00:00,82.9,25,ask,YieldingYams,Dinh Nguyen,1934983
2026-07-13T23:04:12.265465,2026-07-13T23:04:12.272473+00:00,82.9,2,ask,YieldingYams,Dinh Nguyen,1934995
2026-07-13T23:04:12.611211,2026-07-13T23:04:12.620853+00:00,83.0,20,bid,BrilliantBurritos,Sze-Yong Ng,1935000
2026-07-13T23:04:13.449609,2026-07-13T23:04:13.458585+00:00,82.8,200,ask,YieldingYams,WavyWalnuts,1935013
2026-07-13T23:04:13.515493,2026-07-13T23:04:13.523892+00:00,82.8,25,ask,YieldingYams,Dinh Nguyen,1935014
2026-07-13T23:04:14.037445,2026-07-13T23:04:14.050057+00:00,82.8,1,ask,Kelvin Chan,Dinh Nguyen,1935021
2026-07-13T23:04:14.037445,2026-07-13T23:04:14.050057+00:00,82.7,1,ask,YieldingYams,Dinh Nguyen,1935022
2026-07-13T23:04:15.299490,2026-07-13T23:04:15.308136+00:00,82.8,2,ask,WavyWalnuts,Dinh Nguyen,1935037
2026-07-13T23:04:16.565452,2026-07-13T23:04:16.576277+00:00,82.7,2,ask,WavyWalnuts,Dinh Nguyen,1935054
2026-07-13T23:04:17.802468,2026-07-13T23:04:17.805673+00:00,82.6,2,ask,YieldingYams,Dinh Nguyen,1935076
2026-07-13T23:04:18.282387,2026-07-13T23:04:18.285516+00:00,82.7,15,bid,WavyWalnuts,Sze-Yong Ng,1935089
2026-07-13T23:04:19.071305,2026-07-13T23:04:19.075897+00:00,82.7,2,ask,WavyWalnuts,Dinh Nguyen,1935106
2026-07-13T23:04:20.324451,2026-07-13T23:04:20.336337+00:00,82.7,2,ask,WavyWalnuts,Dinh Nguyen,1935132
2026-07-13T23:04:20.381447,2026-07-13T23:04:20.390140+00:00,82.7,198,ask,WavyWalnuts,YieldingYams,1935133
2026-07-13T23:04:21.570477,2026-07-13T23:04:21.581442+00:00,82.6,2,ask,YieldingYams,Dinh Nguyen,1935152
2026-07-13T23:04:21.634427,2026-07-13T23:04:21.639237+00:00,82.7,45,bid,Andy Garg,YieldingYams,1935157
2026-07-13T23:04:21.692792,2026-07-13T23:04:21.705382+00:00,82.6,200,ask,WavyWalnuts,YieldingYams,1935158
2026-07-13T23:04:21.909911,2026-07-13T23:04:21.919858+00:00,82.6,200,bid,WavyWalnuts,YieldingYams,1935161
2026-07-13T23:04:22.547783,2026-07-13T23:04:22.551578+00:00,82.6,50,bid,Andy Garg,YieldingYams,1935171
2026-07-13T23:04:24.116272,2026-07-13T23:04:24.122082+00:00,82.6,2,ask,WavyWalnuts,Dinh Nguyen,1935203
2026-07-13T23:04:24.310718,2026-07-13T23:04:24.314943+00:00,82.6,198,ask,WavyWalnuts,YieldingYams,1935209
2026-07-13T23:04:26.713939,2026-07-13T23:04:26.726978+00:00,82.6,50,bid,Andy Garg,WavyWalnuts,1935250
2026-07-13T23:04:26.754970,2026-07-13T23:04:26.759545+00:00,82.5,200,ask,YieldingYams,WavyWalnuts,1935253
2026-07-13T23:04:27.812469,2026-07-13T23:04:27.818395+00:00,82.4,41,ask,WavyWalnuts,Andy Garg,1935279
2026-07-13T23:04:28.248197,2026-07-13T23:04:28.250876+00:00,82.4,200,ask,WavyWalnuts,YieldingYams,1935289
2026-07-13T23:04:29.714500,2026-07-13T23:04:29.720572+00:00,82.5,20,bid,BrilliantBurritos,WavyWalnuts,1935307
2026-07-13T23:04:30.409691,2026-07-13T23:04:30.413802+00:00,82.4,200,ask,AverageAlmonds,WavyWalnuts,1935323
2026-07-13T23:04:31.624244,2026-07-13T23:04:31.630611+00:00,82.4,200,ask,YieldingYams,WavyWalnuts,1935337
2026-07-13T23:04:32.765604,2026-07-13T23:04:32.776136+00:00,82.4,20,ask,YieldingYams,BrilliantBurritos,1935352
2026-07-13T23:04:33.484464,2026-07-13T23:04:33.491323+00:00,82.5,200,bid,YieldingYams,WavyWalnuts,1935360
2026-07-13T23:04:34.040310,2026-07-13T23:04:34.046739+00:00,82.6,200,ask,YieldingYams,WavyWalnuts,1935367
2026-07-13T23:04:35.876690,2026-07-13T23:04:35.887183+00:00,82.5,41,ask,YieldingYams,Andy Garg,1935400
2026-07-13T23:04:36.454391,2026-07-13T23:04:36.456896+00:00,82.5,200,bid,WavyWalnuts,YieldingYams,1935408
2026-07-13T23:04:36.941246,2026-07-13T23:04:36.948958+00:00,82.5,42,bid,Andy Garg,YieldingYams,1935417
2026-07-13T23:04:37.169847,2026-07-13T23:04:37.176661+00:00,82.5,40,bid,Andy Garg,YieldingYams,1935428
2026-07-13T23:04:38.727475,2026-07-13T23:04:38.731467+00:00,82.6,200,bid,YieldingYams,WavyWalnuts,1935451
2026-07-13T23:04:38.727475,2026-07-13T23:04:38.731467+00:00,82.6,50,bid,YieldingYams,Andy Garg,1935452
2026-07-13T23:04:39.194523,2026-07-13T23:04:39.198766+00:00,82.7,25,ask,YieldingYams,Dinh Nguyen,1935460
2026-07-13T23:04:39.740510,2026-07-13T23:04:39.745256+00:00,82.8,2,bid,Dinh Nguyen,Kelvin Chan,1935473
2026-07-13T23:04:40.085009,2026-07-13T23:04:40.094324+00:00,82.8,4,bid,WavyWalnuts,Kelvin Chan,1935482
2026-07-13T23:04:40.085009,2026-07-13T23:04:40.094324+00:00,82.8,196,bid,WavyWalnuts,AverageAlmonds,1935483
2026-07-13T23:04:40.976501,2026-07-13T23:04:40.978660+00:00,82.7,2,bid,Dinh Nguyen,Kelvin Chan,1935494
2026-07-13T23:04:41.370198,2026-07-13T23:04:41.379838+00:00,82.7,200,ask,WavyWalnuts,YieldingYams,1935505
2026-07-13T23:04:41.370198,2026-07-13T23:04:41.379838+00:00,82.7,98,ask,Sze-Yong Ng,YieldingYams,1935506
2026-07-13T23:04:42.230496,2026-07-13T23:04:42.236977+00:00,82.7,2,bid,Dinh Nguyen,YieldingYams,1935522
2026-07-13T23:04:43.229404,2026-07-13T23:04:43.234776+00:00,82.5,48,ask,WavyWalnuts,Andy Garg,1935546
2026-07-13T23:04:43.717346,2026-07-13T23:04:43.722616+00:00,82.5,200,ask,YieldingYams,WavyWalnuts,1935559
2026-07-13T23:04:44.738506,2026-07-13T23:04:44.744279+00:00,82.6,2,bid,Dinh Nguyen,YieldingYams,1935588
2026-07-13T23:04:45.777097,2026-07-13T23:04:45.781588+00:00,82.5,5,ask,WavyWalnuts,Andy Garg,1935608
2026-07-13T23:04:45.988497,2026-07-13T23:04:46.000468+00:00,82.6,2,bid,Dinh Nguyen,WavyWalnuts,1935613
2026-07-13T23:04:46.627575,2026-07-13T23:04:46.639651+00:00,82.6,20,bid,BrilliantBurritos,YieldingYams,1935644
2026-07-13T23:04:47.226560,2026-07-13T23:04:47.233040+00:00,82.6,2,bid,Dinh Nguyen,YieldingYams,1935653
2026-07-13T23:04:47.359428,2026-07-13T23:04:47.364843+00:00,82.6,200,bid,WavyWalnuts,YieldingYams,1935656
2026-07-13T23:04:47.943792,2026-07-13T23:04:47.945993+00:00,82.6,500,bid,YieldingYams,AverageAlmonds,1935688
2026-07-13T23:04:48.511083,2026-07-13T23:04:48.519861+00:00,82.6,125,ask,YieldingYams,AverageAlmonds,1935699
2026-07-13T23:04:49.256220,2026-07-13T23:04:49.260116+00:00,82.4,200,ask,WavyWalnuts,YieldingYams,1935717
2026-07-13T23:04:49.784544,2026-07-13T23:04:49.793320+00:00,82.3,200,bid,WavyWalnuts,YieldingYams,1935724
2026-07-13T23:04:50.251014,2026-07-13T23:04:50.254677+00:00,82.3,28,bid,Andy Garg,YieldingYams,1935731
2026-07-13T23:04:50.563821,2026-07-13T23:04:50.569826+00:00,82.3,85,bid,YieldingYams,Sze-Yong Ng,1935739
2026-07-13T23:04:50.563821,2026-07-13T23:04:50.569826+00:00,82.4,200,bid,YieldingYams,WavyWalnuts,1935740
2026-07-13T23:04:50.690722,2026-07-13T23:04:50.699652+00:00,82.5,47,bid,Andy Garg,AverageAlmonds,1935742
2026-07-13T23:04:51.000864,2026-07-13T23:04:51.004988+00:00,82.4,200,ask,YieldingYams,WavyWalnuts,1935756
2026-07-13T23:04:52.245536,2026-07-13T23:04:52.250378+00:00,82.3,2,bid,Dinh Nguyen,YieldingYams,1935780
2026-07-13T23:04:52.433917,2026-07-13T23:04:52.442890+00:00,82.3,20,bid,BrilliantBurritos,YieldingYams,1935781
2026-07-13T23:04:53.498574,2026-07-13T23:04:53.510700+00:00,82.4,2,bid,Dinh Nguyen,Andy Garg,1935808
2026-07-13T23:04:54.504826,2026-07-13T23:04:54.513281+00:00,82.2,4,ask,Kelvin Chan,YieldingYams,1935826
2026-07-13T23:04:54.504826,2026-07-13T23:04:54.513281+00:00,82.2,200,ask,WavyWalnuts,YieldingYams,1935827
2026-07-13T23:04:54.640997,2026-07-13T23:04:54.651064+00:00,82.1,48,ask,WavyWalnuts,Andy Garg,1935831
2026-07-13T23:04:55.300143,2026-07-13T23:04:55.302186+00:00,82.1,22,ask,WavyWalnuts,Andy Garg,1935843
2026-07-13T23:04:56.141780,2026-07-13T23:04:56.153804+00:00,82.2,20,bid,BrilliantBurritos,Andy Garg,1935865
2026-07-13T23:04:56.335330,2026-07-13T23:04:56.344905+00:00,82.1,4,ask,Kelvin Chan,Andy Garg,1935869
2026-07-13T23:04:56.335330,2026-07-13T23:04:56.344905+00:00,82.1,1,ask,YieldingYams,Andy Garg,1935870
2026-07-13T23:04:57.050066,2026-07-13T23:04:57.060457+00:00,82.2,200,bid,WavyWalnuts,YieldingYams,1935881
2026-07-13T23:04:57.126515,2026-07-13T23:04:57.141808+00:00,82.2,20,bid,YieldingYams,Andy Garg,1935885
2026-07-13T23:04:58.268454,2026-07-13T23:04:58.279608+00:00,82.2,200,ask,YieldingYams,WavyWalnuts,1935923
2026-07-13T23:04:59.331693,2026-07-13T23:04:59.337961+00:00,82.1,1,ask,Kelvin Chan,BrilliantBurritos,1935942
2026-07-13T23:04:59.331693,2026-07-13T23:04:59.337961+00:00,82.1,19,ask,YieldingYams,BrilliantBurritos,1935943
2026-07-13T23:04:59.750662,2026-07-13T23:04:59.753636+00:00,82.2,200,bid,YieldingYams,WavyWalnuts,1935947
2026-07-13T23:05:00.681095,2026-07-13T23:05:00.692823+00:00,82.2,200,ask,YieldingYams,WavyWalnuts,1935964
2026-07-13T23:05:02.381796,2026-07-13T23:05:02.392082+00:00,82.1,200,ask,WavyWalnuts,YieldingYams,1936002
2026-07-13T23:05:02.381796,2026-07-13T23:05:02.392082+00:00,82.1,1,ask,Kelvin Chan,YieldingYams,1936003
2026-07-13T23:05:03.690631,2026-07-13T23:05:03.700658+00:00,82.1,200,bid,YieldingYams,WavyWalnuts,1936026
2026-07-13T23:05:04.645648,2026-07-13T23:05:04.649381+00:00,82.2,37,bid,Andy Garg,WavyWalnuts,1936043
2026-07-13T23:05:06.733860,2026-07-13T23:05:06.742871+00:00,82.2,200,ask,YieldingYams,WavyWalnuts,1936085
2026-07-13T23:05:08.803032,2026-07-13T23:05:08.808343+00:00,82.2,50,bid,Andy Garg,YieldingYams,1936122
2026-07-13T23:05:08.934908,2026-07-13T23:05:08.937768+00:00,82.1,20,ask,WavyWalnuts,BrilliantBurritos,1936128
2026-07-13T23:05:09.837990,2026-07-13T23:05:09.841601+00:00,82.2,45,bid,Andy Garg,WavyWalnuts,1936150
2026-07-13T23:05:10.240882,2026-07-13T23:05:10.249438+00:00,82.2,155,bid,YieldingYams,WavyWalnuts,1936156
2026-07-13T23:05:10.240882,2026-07-13T23:05:10.249438+00:00,82.4,5,bid,YieldingYams,Kelvin Chan,1936157
2026-07-13T23:05:10.362439,2026-07-13T23:05:10.365895+00:00,82.4,200,ask,YieldingYams,WavyWalnuts,1936158
2026-07-13T23:05:11.635010,2026-07-13T23:05:11.646088+00:00,82.3,200,ask,YieldingYams,WavyWalnuts,1936177
2026-07-13T23:05:12.847314,2026-07-13T23:05:12.857929+00:00,82.3,200,ask,YieldingYams,WavyWalnuts,1936194
2026-07-13T23:05:13.836551,2026-07-13T23:05:13.838530+00:00,82.3,25,bid,Dinh Nguyen,YieldingYams,1936211
2026-07-13T23:05:14.052521,2026-07-13T23:05:14.062148+00:00,82.3,200,bid,WavyWalnuts,YieldingYams,1936218
2026-07-13T23:05:14.105549,2026-07-13T23:05:14.108755+00:00,82.2,2,ask,Sze-Yong Ng,Dinh Nguyen,1936224
2026-07-13T23:05:14.197129,2026-07-13T23:05:14.206242+00:00,82.2,20,ask,Sze-Yong Ng,BrilliantBurritos,1936228
2026-07-13T23:05:14.250926,2026-07-13T23:05:14.260151+00:00,82.2,50,ask,Sze-Yong Ng,Andy Garg,1936233
2026-07-13T23:05:15.299600,2026-07-13T23:05:15.312002+00:00,82.3,37,ask,WavyWalnuts,Andy Garg,1936251
2026-07-13T23:05:15.365579,2026-07-13T23:05:15.375917+00:00,82.3,2,ask,WavyWalnuts,Dinh Nguyen,1936253
2026-07-13T23:05:15.765589,2026-07-13T23:05:15.771755+00:00,82.4,2,bid,Andy Garg,Kelvin Chan,1936261
2026-07-13T23:05:15.765589,2026-07-13T23:05:15.771755+00:00,82.4,43,bid,Andy Garg,YieldingYams,1936262
2026-07-13T23:05:16.432618,2026-07-13T23:05:16.442098+00:00,82.3,41,ask,WavyWalnuts,Andy Garg,1936278
2026-07-13T23:05:16.470500,2026-07-13T23:05:16.473848+00:00,82.4,200,bid,WavyWalnuts,YieldingYams,1936280
2026-07-13T23:05:16.622547,2026-07-13T23:05:16.632709+00:00,82.3,2,ask,Sze-Yong Ng,Dinh Nguyen,1936287
2026-07-13T23:05:17.363384,2026-07-13T23:05:17.368632+00:00,82.3,20,ask,Sze-Yong Ng,BrilliantBurritos,1936300
2026-07-13T23:05:17.891536,2026-07-13T23:05:17.903545+00:00,82.3,2,ask,Sze-Yong Ng,Dinh Nguyen,1936307
2026-07-13T23:05:19.153552,2026-07-13T23:05:19.162404+00:00,82.3,2,ask,Sze-Yong Ng,Dinh Nguyen,1936322
2026-07-13T23:05:19.492555,2026-07-13T23:05:19.503505+00:00,82.3,2,ask,Sze-Yong Ng,YieldingYams,1936329
2026-07-13T23:05:19.492555,2026-07-13T23:05:19.503505+00:00,82.2,50,ask,Andy Garg,YieldingYams,1936330
2026-07-13T23:05:19.492555,2026-07-13T23:05:19.503505+00:00,82.2,200,ask,WavyWalnuts,YieldingYams,1936331
2026-07-13T23:05:20.407322,2026-07-13T23:05:20.411187+00:00,82.1,2,ask,YieldingYams,Dinh Nguyen,1936348
2026-07-13T23:05:20.624144,2026-07-13T23:05:20.634218+00:00,82.1,50,ask,YieldingYams,Andy Garg,1936354
2026-07-13T23:05:20.813786,2026-07-13T23:05:20.816229+00:00,82.2,49,bid,YieldingYams,Andy Garg,1936362
2026-07-13T23:05:20.813786,2026-07-13T23:05:20.826960+00:00,82.2,78,bid,YieldingYams,Sze-Yong Ng,1936363
2026-07-13T23:05:21.675703,2026-07-13T23:05:21.679811+00:00,82.2,25,ask,YieldingYams,Dinh Nguyen,1936390
2026-07-13T23:05:23.554046,2026-07-13T23:05:23.565958+00:00,82.3,2,bid,Andy Garg,Sze-Yong Ng,1936421
2026-07-13T23:05:24.706546,2026-07-13T23:05:24.716951+00:00,82.3,2,bid,Dinh Nguyen,Sze-Yong Ng,1936440
2026-07-13T23:05:24.924608,2026-07-13T23:05:24.934549+00:00,82.3,14,bid,WavyWalnuts,Sze-Yong Ng,1936445
2026-07-13T23:05:24.924608,2026-07-13T23:05:24.934549+00:00,82.3,186,bid,WavyWalnuts,YieldingYams,1936446
2026-07-13T23:05:25.015757,2026-07-13T23:05:25.021069+00:00,82.3,45,bid,Andy Garg,YieldingYams,1936449
2026-07-13T23:05:25.960558,2026-07-13T23:05:25.968925+00:00,82.3,2,bid,Dinh Nguyen,YieldingYams,1936467
2026-07-13T23:05:28.014807,2026-07-13T23:05:28.016941+00:00,82.1,5,ask,WavyWalnuts,Andy Garg,1936496
2026-07-13T23:05:30.108858,2026-07-13T23:05:30.121157+00:00,82.4,46,bid,Andy Garg,WavyWalnuts,1936536
2026-07-13T23:05:32.206521,2026-07-13T23:05:32.219260+00:00,82.3,43,ask,YieldingYams,Andy Garg,1936575
2026-07-13T23:05:33.954439,2026-07-13T23:05:33.958565+00:00,82.4,45,bid,YieldingYams,Andy Garg,1936607
2026-07-13T23:05:33.954439,2026-07-13T23:05:33.958565+00:00,82.4,200,bid,YieldingYams,WavyWalnuts,1936608
2026-07-13T23:05:34.836754,2026-07-13T23:05:34.839319+00:00,82.6,20,bid,BrilliantBurritos,YieldingYams,1936629
2026-07-13T23:05:35.802313,2026-07-13T23:05:35.811005+00:00,82.4,4,ask,Xinhong Shan,WavyWalnuts,1936649
2026-07-13T23:05:36.581764,2026-07-13T23:05:36.588178+00:00,82.3,4,ask,Xinhong Shan,YieldingYams,1936663
2026-07-13T23:05:37.892970,2026-07-13T23:05:37.898560+00:00,82.3,4,bid,YieldingYams,Sze-Yong Ng,1936671
2026-07-13T23:05:37.892970,2026-07-13T23:05:37.898560+00:00,82.3,200,bid,YieldingYams,WavyWalnuts,1936672
2026-07-13T23:05:37.892970,2026-07-13T23:05:37.898560+00:00,82.3,4,bid,YieldingYams,Xinhong Shan,1936673
2026-07-13T23:05:39.312809,2026-07-13T23:05:39.318466+00:00,82.4,2,bid,BrilliantBurritos,Kelvin Chan,1936703
2026-07-13T23:05:39.312809,2026-07-13T23:05:39.318466+00:00,82.4,4,bid,BrilliantBurritos,Xinhong Shan,1936704
2026-07-13T23:05:39.312809,2026-07-13T23:05:39.318466+00:00,82.4,14,bid,BrilliantBurritos,YieldingYams,1936705
2026-07-13T23:05:40.629745,2026-07-13T23:05:40.636362+00:00,82.4,4,bid,WavyWalnuts,Xinhong Shan,1936733
2026-07-13T23:05:40.629745,2026-07-13T23:05:40.636362+00:00,82.4,6,bid,WavyWalnuts,Kelvin Chan,1936734
2026-07-13T23:05:40.629745,2026-07-13T23:05:40.636362+00:00,82.4,190,bid,WavyWalnuts,YieldingYams,1936735
2026-07-13T23:05:41.844046,2026-07-13T23:05:41.854917+00:00,82.3,4,ask,Xinhong Shan,YieldingYams,1936759
2026-07-13T23:05:41.850991,2026-07-13T23:05:41.854917+00:00,82.3,200,bid,WavyWalnuts,YieldingYams,1936760
2026-07-13T23:05:43.060923,2026-07-13T23:05:43.066899+00:00,82.3,200,bid,WavyWalnuts,YieldingYams,1936785
2026-07-13T23:05:43.152493,2026-07-13T23:05:43.166541+00:00,82.3,13,bid,YieldingYams,Sze-Yong Ng,1936787
2026-07-13T23:05:43.152493,2026-07-13T23:05:43.166541+00:00,82.3,4,bid,YieldingYams,Xinhong Shan,1936788
2026-07-13T23:05:43.152493,2026-07-13T23:05:43.166541+00:00,82.4,5,bid,YieldingYams,Kelvin Chan,1936789
2026-07-13T23:05:45.056501,2026-07-13T23:05:45.066318+00:00,82.4,4,ask,Xinhong Shan,BrilliantBurritos,1936821
2026-07-13T23:05:45.056501,2026-07-13T23:05:45.066318+00:00,82.4,16,ask,WavyWalnuts,BrilliantBurritos,1936822
2026-07-13T23:05:46.692614,2026-07-13T23:05:46.698895+00:00,82.4,200,ask,YieldingYams,WavyWalnuts,1936852
2026-07-13T23:05:47.081731,2026-07-13T23:05:47.097269+00:00,82.4,4,ask,Xinhong Shan,YieldingYams,1936856
2026-07-13T23:05:47.081731,2026-07-13T23:05:47.097269+00:00,82.2,3,ask,Kelvin Chan,YieldingYams,1936857
2026-07-13T23:05:47.081731,2026-07-13T23:05:47.097269+00:00,82.2,200,ask,WavyWalnuts,YieldingYams,1936858
2026-07-13T23:05:47.896961,2026-07-13T23:05:47.904135+00:00,82.2,200,bid,WavyWalnuts,YieldingYams,1936877
2026-07-13T23:05:48.391732,2026-07-13T23:05:48.403350+00:00,82.2,17,bid,YieldingYams,Sze-Yong Ng,1936887
2026-07-13T23:05:48.391732,2026-07-13T23:05:48.403350+00:00,82.2,4,bid,YieldingYams,Xinhong Shan,1936888
2026-07-13T23:05:50.320020,2026-07-13T23:05:50.332917+00:00,82.5,6,bid,WavyWalnuts,Kelvin Chan,1936922
2026-07-13T23:05:50.320020,2026-07-13T23:05:50.332917+00:00,82.5,4,bid,WavyWalnuts,Xinhong Shan,1936923
2026-07-13T23:05:50.320020,2026-07-13T23:05:50.332917+00:00,82.5,190,bid,WavyWalnuts,AverageAlmonds,1936924
2026-07-13T23:05:51.532331,2026-07-13T23:05:51.538821+00:00,82.5,7,bid,WavyWalnuts,Kelvin Chan,1936948
2026-07-13T23:05:51.532331,2026-07-13T23:05:51.538821+00:00,82.5,193,bid,WavyWalnuts,YieldingYams,1936949
2026-07-13T23:05:51.580578,2026-07-13T23:05:51.592943+00:00,82.5,20,bid,BrilliantBurritos,YieldingYams,1936951
2026-07-13T23:05:56.243975,2026-07-13T23:05:56.252650+00:00,82.5,200,bid,YieldingYams,WavyWalnuts,1937061
2026-07-13T23:05:56.243975,2026-07-13T23:05:56.252650+00:00,82.5,4,bid,YieldingYams,Xinhong Shan,1937062
2026-07-13T23:05:56.243975,2026-07-13T23:05:56.252650+00:00,82.5,421,bid,YieldingYams,AverageAlmonds,1937063
2026-07-13T23:05:57.584432,2026-07-13T23:05:57.595357+00:00,82.5,4,bid,WavyWalnuts,Xinhong Shan,1937087
2026-07-13T23:05:57.584432,2026-07-13T23:05:57.595357+00:00,82.5,196,bid,WavyWalnuts,YieldingYams,1937088
2026-07-13T23:05:58.796165,2026-07-13T23:05:58.803921+00:00,82.5,200,bid,WavyWalnuts,YieldingYams,1937113
2026-07-13T23:05:58.866322,2026-07-13T23:05:58.868906+00:00,82.5,5,bid,YieldingYams,Xinhong Shan,1937115
2026-07-13T23:05:58.866322,2026-07-13T23:05:58.884197+00:00,82.6,500,bid,YieldingYams,AverageAlmonds,1937116
2026-07-13T23:05:59.364627,2026-07-13T23:05:59.375739+00:00,82.6,120,ask,YieldingYams,AverageAlmonds,1937120
2026-07-13T23:06:00.002709,2026-07-13T23:06:00.014557+00:00,82.6,5,bid,WavyWalnuts,Xinhong Shan,1937130
2026-07-13T23:06:00.002709,2026-07-13T23:06:00.014557+00:00,82.6,195,bid,WavyWalnuts,AverageAlmonds,1937131
2026-07-13T23:06:00.175505,2026-07-13T23:06:00.191893+00:00,82.4,5,ask,Xinhong Shan,YieldingYams,1937134
2026-07-13T23:06:01.214104,2026-07-13T23:06:01.218044+00:00,82.4,200,bid,WavyWalnuts,YieldingYams,1937163
2026-07-13T23:06:02.421059,2026-07-13T23:06:02.423028+00:00,82.4,5,bid,WavyWalnuts,Xinhong Shan,1937188
2026-07-13T23:06:02.421059,2026-07-13T23:06:02.433868+00:00,82.5,195,bid,WavyWalnuts,YieldingYams,1937189
2026-07-13T23:06:02.943357,2026-07-13T23:06:02.946514+00:00,82.4,20,bid,BrilliantBurritos,YieldingYams,1937210
2026-07-13T23:06:03.628509,2026-07-13T23:06:03.634260+00:00,82.4,200,bid,WavyWalnuts,YieldingYams,1937219
2026-07-13T23:06:04.099015,2026-07-13T23:06:04.109871+00:00,82.4,5,bid,YieldingYams,Xinhong Shan,1937227
2026-07-13T23:06:04.840865,2026-07-13T23:06:04.851541+00:00,82.5,1,bid,WavyWalnuts,Kelvin Chan,1937240
2026-07-13T23:06:04.840865,2026-07-13T23:06:04.851541+00:00,82.5,199,bid,WavyWalnuts,YieldingYams,1937241
2026-07-13T23:06:05.491752,2026-07-13T23:06:05.498410+00:00,82.5,5,bid,BrilliantBurritos,Xinhong Shan,1937262
2026-07-13T23:06:05.491752,2026-07-13T23:06:05.498410+00:00,82.5,15,bid,BrilliantBurritos,AverageAlmonds,1937263
2026-07-13T23:06:05.884263,2026-07-13T23:06:05.893872+00:00,82.5,26,bid,Andy Garg,AverageAlmonds,1937274
2026-07-13T23:06:06.765896,2026-07-13T23:06:06.775684+00:00,82.5,200,bid,YieldingYams,WavyWalnuts,1937287
2026-07-13T23:06:06.765896,2026-07-13T23:06:06.775684+00:00,82.5,5,bid,YieldingYams,Xinhong Shan,1937288
2026-07-13T23:06:06.765896,2026-07-13T23:06:06.775684+00:00,82.5,420,bid,YieldingYams,AverageAlmonds,1937289
2026-07-13T23:06:07.540043,2026-07-13T23:06:07.552273+00:00,82.4,5,ask,Xinhong Shan,Andy Garg,1937305
2026-07-13T23:06:08.087488,2026-07-13T23:06:08.093771+00:00,82.4,200,ask,WavyWalnuts,YieldingYams,1937333
2026-07-13T23:06:08.087488,2026-07-13T23:06:08.093771+00:00,82.4,5,ask,Xinhong Shan,YieldingYams,1937334
2026-07-13T23:06:08.087488,2026-07-13T23:06:08.093771+00:00,82.4,3,ask,Sze-Yong Ng,YieldingYams,1937335
2026-07-13T23:06:08.087488,2026-07-13T23:06:08.093771+00:00,82.2,2,ask,Kelvin Chan,YieldingYams,1937336
2026-07-13T23:06:08.087488,2026-07-13T23:06:08.117699+00:00,82.2,50,ask,Andy Garg,YieldingYams,1937337
2026-07-13T23:06:08.485977,2026-07-13T23:06:08.496352+00:00,82.2,200,bid,WavyWalnuts,YieldingYams,1937342
2026-07-13T23:06:09.399657,2026-07-13T23:06:09.402367+00:00,82.2,5,bid,YieldingYams,Xinhong Shan,1937365
2026-07-13T23:06:10.720209,2026-07-13T23:06:10.728097+00:00,82.4,39,bid,Andy Garg,WavyWalnuts,1937396
2026-07-13T23:06:11.178929,2026-07-13T23:06:11.187666+00:00,82.3,50,ask,Sze-Yong Ng,Andy Garg,1937405
2026-07-13T23:06:12.024156,2026-07-13T23:06:12.027063+00:00,82.4,5,bid,YieldingYams,Xinhong Shan,1937422
2026-07-13T23:06:12.116365,2026-07-13T23:06:12.125448+00:00,82.4,200,ask,YieldingYams,WavyWalnuts,1937425
2026-07-13T23:06:12.229908,2026-07-13T23:06:12.233317+00:00,82.6,7,bid,Andy Garg,Kelvin Chan,1937429
2026-07-13T23:06:12.229908,2026-07-13T23:06:12.233317+00:00,82.6,43,bid,Andy Garg,YieldingYams,1937430
2026-07-13T23:06:12.626455,2026-07-13T23:06:12.632434+00:00,82.4,20,ask,YieldingYams,BrilliantBurritos,1937435
2026-07-13T23:06:13.323886,2026-07-13T23:06:13.331073+00:00,82.4,200,ask,YieldingYams,WavyWalnuts,1937458
2026-07-13T23:06:14.314589,2026-07-13T23:06:14.316592+00:00,82.5,35,bid,Andy Garg,YieldingYams,1937475
2026-07-13T23:06:14.340068,2026-07-13T23:06:14.349607+00:00,82.4,5,ask,Xinhong Shan,Andy Garg,1937477
2026-07-13T23:06:14.642327,2026-07-13T23:06:14.647526+00:00,82.4,45,bid,YieldingYams,Andy Garg,1937482
2026-07-13T23:06:14.642327,2026-07-13T23:06:14.647526+00:00,82.4,1,bid,YieldingYams,Sze-Yong Ng,1937483
2026-07-13T23:06:14.642327,2026-07-13T23:06:14.647526+00:00,82.4,200,bid,YieldingYams,WavyWalnuts,1937484
2026-07-13T23:06:14.642327,2026-07-13T23:06:14.658544+00:00,82.5,5,bid,YieldingYams,Xinhong Shan,1937485
2026-07-13T23:06:15.728868,2026-07-13T23:06:15.736170+00:00,82.5,20,ask,YieldingYams,BrilliantBurritos,1937506
2026-07-13T23:06:15.736624,2026-07-13T23:06:15.747150+00:00,82.5,200,ask,YieldingYams,WavyWalnuts,1937507
2026-07-13T23:06:15.957636,2026-07-13T23:06:15.969001+00:00,82.5,5,ask,Xinhong Shan,YieldingYams,1937515
2026-07-13T23:06:16.442643,2026-07-13T23:06:16.444973+00:00,82.5,50,bid,Andy Garg,YieldingYams,1937524
2026-07-13T23:06:17.287375,2026-07-13T23:06:17.295863+00:00,82.4,5,ask,Xinhong Shan,Andy Garg,1937544
2026-07-13T23:06:17.287375,2026-07-13T23:06:17.295863+00:00,82.4,43,ask,WavyWalnuts,Andy Garg,1937545
2026-07-13T23:06:18.603155,2026-07-13T23:06:18.609466+00:00,82.5,16,bid,Andy Garg,Sze-Yong Ng,1937565
2026-07-13T23:06:18.603155,2026-07-13T23:06:18.609466+00:00,82.5,5,bid,Andy Garg,Xinhong Shan,1937566
2026-07-13T23:06:19.883671,2026-07-13T23:06:19.885854+00:00,82.5,200,bid,YieldingYams,WavyWalnuts,1937589
2026-07-13T23:06:21.201728,2026-07-13T23:06:21.211907+00:00,82.5,200,ask,WavyWalnuts,YieldingYams,1937606
2026-07-13T23:06:21.201728,2026-07-13T23:06:21.211907+00:00,82.5,5,ask,Xinhong Shan,YieldingYams,1937607
2026-07-13T23:06:22.512353,2026-07-13T23:06:22.527278+00:00,82.4,200,ask,WavyWalnuts,YieldingYams,1937632
2026-07-13T23:06:22.512353,2026-07-13T23:06:22.527278+00:00,82.4,42,ask,Sze-Yong Ng,YieldingYams,1937633
2026-07-13T23:06:22.512353,2026-07-13T23:06:22.527278+00:00,82.4,5,ask,Xinhong Shan,YieldingYams,1937634
2026-07-13T23:06:22.762305,2026-07-13T23:06:22.774209+00:00,82.4,27,bid,Andy Garg,YieldingYams,1937640
2026-07-13T23:06:23.491610,2026-07-13T23:06:23.498798+00:00,82.4,25,bid,Dinh Nguyen,YieldingYams,1937654
2026-07-13T23:06:23.824815,2026-07-13T23:06:23.827682+00:00,82.4,5,bid,YieldingYams,Xinhong Shan,1937672
2026-07-13T23:06:23.824815,2026-07-13T23:06:23.838583+00:00,82.4,200,bid,YieldingYams,WavyWalnuts,1937673
2026-07-13T23:06:23.841191,2026-07-13T23:06:23.849410+00:00,82.4,50,ask,YieldingYams,Andy Garg,1937674
2026-07-13T23:06:24.916873,2026-07-13T23:06:24.927591+00:00,82.5,38,bid,Andy Garg,Sze-Yong Ng,1937694
2026-07-13T23:06:25.140174,2026-07-13T23:06:25.152268+00:00,82.4,5,ask,Xinhong Shan,YieldingYams,1937698
2026-07-13T23:06:26.392909,2026-07-13T23:06:26.396071+00:00,82.3,20,bid,BrilliantBurritos,WavyWalnuts,1937725
2026-07-13T23:06:26.449920,2026-07-13T23:06:26.459421+00:00,82.3,180,bid,YieldingYams,WavyWalnuts,1937726
2026-07-13T23:06:26.449920,2026-07-13T23:06:26.459421+00:00,82.3,5,bid,YieldingYams,Xinhong Shan,1937727
2026-07-13T23:06:26.449920,2026-07-13T23:06:26.459421+00:00,82.3,5,bid,YieldingYams,Sze-Yong Ng,1937728
2026-07-13T23:06:26.679013,2026-07-13T23:06:26.682188+00:00,82.3,200,ask,YieldingYams,WavyWalnuts,1937732
2026-07-13T23:06:27.765964,2026-07-13T23:06:27.777746+00:00,82.3,4,ask,Sze-Yong Ng,YieldingYams,1937757
2026-07-13T23:06:27.765964,2026-07-13T23:06:27.777746+00:00,82.3,5,ask,Xinhong Shan,YieldingYams,1937758
2026-07-13T23:06:27.765964,2026-07-13T23:06:27.777746+00:00,82.2,2,ask,Kelvin Chan,YieldingYams,1937759
2026-07-13T23:06:27.765964,2026-07-13T23:06:27.777746+00:00,82.2,200,ask,WavyWalnuts,YieldingYams,1937760
2026-07-13T23:06:27.765964,2026-07-13T23:06:27.777746+00:00,82.2,50,ask,Andy Garg,YieldingYams,1937761
2026-07-13T23:06:27.765964,2026-07-13T23:06:27.777746+00:00,82.2,364,ask,AverageAlmonds,YieldingYams,1937762
2026-07-13T23:06:31.274085,2026-07-13T23:06:31.285864+00:00,82.3,46,ask,Sze-Yong Ng,Andy Garg,1937832
2026-07-13T23:06:31.961504,2026-07-13T23:06:31.969756+00:00,82.4,5,bid,BrilliantBurritos,Xinhong Shan,1937846
2026-07-13T23:06:31.961504,2026-07-13T23:06:31.969756+00:00,82.4,15,bid,BrilliantBurritos,YieldingYams,1937847
2026-07-13T23:06:32.713504,2026-07-13T23:06:32.717061+00:00,82.3,6,ask,Sze-Yong Ng,WavyWalnuts,1937855
2026-07-13T23:06:32.713504,2026-07-13T23:06:32.717061+00:00,82.3,4,ask,Kelvin Chan,WavyWalnuts,1937856
2026-07-13T23:06:32.713504,2026-07-13T23:06:32.727823+00:00,82.3,5,ask,Xinhong Shan,WavyWalnuts,1937857
2026-07-13T23:06:33.924347,2026-07-13T23:06:33.929388+00:00,82.2,2,ask,Kelvin Chan,WavyWalnuts,1937887
2026-07-13T23:06:33.924347,2026-07-13T23:06:33.929388+00:00,82.2,5,ask,Xinhong Shan,WavyWalnuts,1937888
2026-07-13T23:06:34.037070,2026-07-13T23:06:34.045749+00:00,82.1,20,ask,YieldingYams,BrilliantBurritos,1937891
2026-07-13T23:06:35.135979,2026-07-13T23:06:35.142114+00:00,82.2,5,bid,WavyWalnuts,Xinhong Shan,1937902
2026-07-13T23:06:35.624486,2026-07-13T23:06:35.632648+00:00,82.2,195,ask,WavyWalnuts,YieldingYams,1937921
2026-07-13T23:06:35.624486,2026-07-13T23:06:35.632648+00:00,82.2,5,ask,Xinhong Shan,YieldingYams,1937922
2026-07-13T23:06:36.348986,2026-07-13T23:06:36.358974+00:00,82.1,2,ask,Kelvin Chan,WavyWalnuts,1937934
2026-07-13T23:06:36.348986,2026-07-13T23:06:36.358974+00:00,82.1,198,ask,AverageAlmonds,WavyWalnuts,1937935
2026-07-13T23:06:36.667403,2026-07-13T23:06:36.675581+00:00,82.1,45,ask,AverageAlmonds,Andy Garg,1937947
2026-07-13T23:06:38.245636,2026-07-13T23:06:38.250047+00:00,82.1,5,ask,Xinhong Shan,YieldingYams,1937974
2026-07-13T23:06:38.245636,2026-07-13T23:06:38.250047+00:00,82.1,1,ask,Kelvin Chan,YieldingYams,1937975
2026-07-13T23:06:38.245636,2026-07-13T23:06:38.250047+00:00,82.1,500,ask,AverageAlmonds,YieldingYams,1937976
2026-07-13T23:06:38.582398,2026-07-13T23:06:38.589649+00:00,82.0,20,ask,WavyWalnuts,BrilliantBurritos,1937978
2026-07-13T23:06:39.179786,2026-07-13T23:06:39.192025+00:00,82.1,1,bid,Andy Garg,YieldingYams,1937990
2026-07-13T23:06:39.393025,2026-07-13T23:06:39.398754+00:00,82.1,47,bid,Andy Garg,YieldingYams,1938000
2026-07-13T23:06:39.464454,2026-07-13T23:06:39.473720+00:00,82.0,2,ask,Kelvin Chan,BrilliantBurritos,1938006
2026-07-13T23:06:39.464454,2026-07-13T23:06:39.473720+00:00,82.0,18,ask,AverageAlmonds,BrilliantBurritos,1938007
2026-07-13T23:06:39.558968,2026-07-13T23:06:39.570408+00:00,82.1,200,bid,YieldingYams,WavyWalnuts,1938010
2026-07-13T23:06:39.558968,2026-07-13T23:06:39.570408+00:00,82.1,5,bid,YieldingYams,Xinhong Shan,1938011
2026-07-13T23:06:39.622051,2026-07-13T23:06:39.624022+00:00,82.1,50,ask,YieldingYams,Andy Garg,1938012
2026-07-13T23:06:40.871669,2026-07-13T23:06:40.880940+00:00,82.1,200,ask,WavyWalnuts,YieldingYams,1938032
2026-07-13T23:06:40.871669,2026-07-13T23:06:40.880940+00:00,82.1,5,ask,Xinhong Shan,YieldingYams,1938033
2026-07-13T23:06:41.116774,2026-07-13T23:06:41.124913+00:00,82.0,38,ask,AverageAlmonds,Andy Garg,1938039
2026-07-13T23:06:41.174820,2026-07-13T23:06:41.178772+00:00,82.1,200,bid,WavyWalnuts,YieldingYams,1938043
2026-07-13T23:06:42.181170,2026-07-13T23:06:42.191678+00:00,82.1,5,bid,YieldingYams,Xinhong Shan,1938061
2026-07-13T23:06:42.181170,2026-07-13T23:06:42.191678+00:00,82.2,200,bid,YieldingYams,WavyWalnuts,1938062
2026-07-13T23:06:42.388782,2026-07-13T23:06:42.392726+00:00,82.2,200,ask,YieldingYams,WavyWalnuts,1938071
2026-07-13T23:06:43.395659,2026-07-13T23:06:43.400005+00:00,82.2,25,ask,YieldingYams,Dinh Nguyen,1938088
2026-07-13T23:06:43.878198,2026-07-13T23:06:43.882391+00:00,82.2,7,ask,YieldingYams,Andy Garg,1938098
2026-07-13T23:06:43.916616,2026-07-13T23:06:43.924828+00:00,82.3,2,bid,Dinh Nguyen,Xinhong Shan,1938099
2026-07-13T23:06:45.150660,2026-07-13T23:06:45.159943+00:00,82.3,2,bid,Dinh Nguyen,Sze-Yong Ng,1938128
2026-07-13T23:06:46.022567,2026-07-13T23:06:46.030899+00:00,82.3,2,bid,WavyWalnuts,Sze-Yong Ng,1938143
2026-07-13T23:06:46.022567,2026-07-13T23:06:46.030899+00:00,82.3,5,bid,WavyWalnuts,Xinhong Shan,1938144
2026-07-13T23:06:46.132011,2026-07-13T23:06:46.142561+00:00,82.4,4,bid,BrilliantBurritos,Kelvin Chan,1938149
2026-07-13T23:06:46.132011,2026-07-13T23:06:46.142561+00:00,82.4,16,bid,BrilliantBurritos,WavyWalnuts,1938150
2026-07-13T23:06:47.243328,2026-07-13T23:06:47.252619+00:00,82.3,200,ask,YieldingYams,WavyWalnuts,1938176
2026-07-13T23:06:47.419781,2026-07-13T23:06:47.422185+00:00,82.3,5,ask,Xinhong Shan,YieldingYams,1938179
2026-07-13T23:06:49.582676,2026-07-13T23:06:49.592968+00:00,82.2,20,ask,WavyWalnuts,BrilliantBurritos,1938230
2026-07-13T23:06:50.035283,2026-07-13T23:06:50.046103+00:00,82.2,500,ask,AverageAlmonds,YieldingYams,1938244
2026-07-13T23:06:50.035283,2026-07-13T23:06:50.046103+00:00,82.2,5,ask,Xinhong Shan,YieldingYams,1938245
2026-07-13T23:06:50.211506,2026-07-13T23:06:50.217052+00:00,82.2,120,bid,AverageAlmonds,YieldingYams,1938249
2026-07-13T23:06:50.211506,2026-07-13T23:06:50.217052+00:00,82.2,35,bid,AverageAlmonds,Sze-Yong Ng,1938250
2026-07-13T23:06:51.343618,2026-07-13T23:06:51.346886+00:00,82.3,5,bid,YieldingYams,Xinhong Shan,1938272
2026-07-13T23:06:51.343618,2026-07-13T23:06:51.346886+00:00,82.3,200,bid,YieldingYams,WavyWalnuts,1938273
2026-07-13T23:06:52.261223,2026-07-13T23:06:52.273874+00:00,82.4,1,bid,Andy Garg,Kelvin Chan,1938298
2026-07-13T23:06:52.261223,2026-07-13T23:06:52.273874+00:00,82.4,48,bid,Andy Garg,YieldingYams,1938299
2026-07-13T23:06:52.595646,2026-07-13T23:06:52.603718+00:00,82.4,2,bid,Dinh Nguyen,YieldingYams,1938302
2026-07-13T23:06:53.876240,2026-07-13T23:06:53.885676+00:00,82.4,2,bid,Dinh Nguyen,Sze-Yong Ng,1938335
2026-07-13T23:06:54.983703,2026-07-13T23:06:54.991566+00:00,82.3,45,ask,YieldingYams,Andy Garg,1938358
2026-07-13T23:06:55.116099,2026-07-13T23:06:55.121555+00:00,82.4,2,bid,Dinh Nguyen,Sze-Yong Ng,1938362
2026-07-13T23:06:55.311335,2026-07-13T23:06:55.315398+00:00,82.3,200,ask,WavyWalnuts,YieldingYams,1938364
2026-07-13T23:06:55.311335,2026-07-13T23:06:55.315398+00:00,82.3,5,ask,Xinhong Shan,YieldingYams,1938365
2026-07-13T23:06:56.925254,2026-07-13T23:06:56.927733+00:00,82.2,10,ask,Kelvin Chan,WavyWalnuts,1938406
2026-07-13T23:06:56.925254,2026-07-13T23:06:56.938330+00:00,82.2,5,ask,Xinhong Shan,WavyWalnuts,1938407
2026-07-13T23:06:57.605655,2026-07-13T23:06:57.607621+00:00,82.2,2,bid,Dinh Nguyen,WavyWalnuts,1938415
2026-07-13T23:06:58.859754,2026-07-13T23:06:58.863291+00:00,82.2,1,bid,Dinh Nguyen,Sze-Yong Ng,1938438
2026-07-13T23:06:59.241348,2026-07-13T23:06:59.251991+00:00,82.2,8,bid,YieldingYams,Sze-Yong Ng,1938450
2026-07-13T23:06:59.241348,2026-07-13T23:06:59.251991+00:00,82.2,5,bid,YieldingYams,Xinhong Shan,1938451
2026-07-13T23:06:59.344915,2026-07-13T23:06:59.350010+00:00,82.2,200,ask,YieldingYams,WavyWalnuts,1938453
2026-07-13T23:06:59.568913,2026-07-13T23:06:59.571700+00:00,82.2,20,ask,YieldingYams,BrilliantBurritos,1938456
2026-07-13T23:07:00.552739,2026-07-13T23:07:00.560426+00:00,82.4,49,bid,YieldingYams,Andy Garg,1938475
2026-07-13T23:07:00.552739,2026-07-13T23:07:00.560426+00:00,82.4,1,bid,YieldingYams,Kelvin Chan,1938476
2026-07-13T23:07:00.552739,2026-07-13T23:07:00.560426+00:00,82.4,5,bid,YieldingYams,Xinhong Shan,1938477
2026-07-13T23:07:00.557636,2026-07-13T23:07:00.560426+00:00,82.4,200,ask,YieldingYams,WavyWalnuts,1938478
2026-07-13T23:07:01.765474,2026-07-13T23:07:01.771887+00:00,82.4,200,ask,YieldingYams,WavyWalnuts,1938501
2026-07-13T23:07:03.176097,2026-07-13T23:07:03.192204+00:00,82.4,50,ask,Andy Garg,YieldingYams,1938537
2026-07-13T23:07:03.176097,2026-07-13T23:07:03.192204+00:00,82.4,5,ask,Xinhong Shan,YieldingYams,1938538
2026-07-13T23:07:03.176097,2026-07-13T23:07:03.192204+00:00,82.3,200,ask,WavyWalnuts,YieldingYams,1938539
2026-07-13T23:07:04.490050,2026-07-13T23:07:04.501907+00:00,82.3,5,bid,YieldingYams,Xinhong Shan,1938568
2026-07-13T23:07:04.490050,2026-07-13T23:07:04.501907+00:00,82.3,200,bid,YieldingYams,WavyWalnuts,1938569
2026-07-13T23:07:06.011880,2026-07-13T23:07:06.023709+00:00,82.3,5,ask,Sze-Yong Ng,Andy Garg,1938608
2026-07-13T23:07:06.600679,2026-07-13T23:07:06.606774+00:00,82.4,200,bid,WavyWalnuts,YieldingYams,1938610
2026-07-13T23:07:07.107798,2026-07-13T23:07:07.117136+00:00,82.4,45,bid,YieldingYams,Andy Garg,1938625
2026-07-13T23:07:07.107798,2026-07-13T23:07:07.117136+00:00,82.4,5,bid,YieldingYams,Xinhong Shan,1938626
2026-07-13T23:07:08.184323,2026-07-13T23:07:08.189251+00:00,82.5,3,bid,BrilliantBurritos,WavyWalnuts,1938648
2026-07-13T23:07:08.184323,2026-07-13T23:07:08.189251+00:00,82.5,14,bid,BrilliantBurritos,Sze-Yong Ng,1938649
2026-07-13T23:07:08.184323,2026-07-13T23:07:08.189251+00:00,82.5,3,bid,BrilliantBurritos,Kelvin Chan,1938650
2026-07-13T23:07:08.426373,2026-07-13T23:07:08.470160+00:00,82.5,197,bid,YieldingYams,WavyWalnuts,1938657
2026-07-13T23:07:08.426373,2026-07-13T23:07:08.470160+00:00,82.5,5,bid,YieldingYams,Xinhong Shan,1938658
2026-07-13T23:07:09.018665,2026-07-13T23:07:09.023066+00:00,82.6,200,ask,YieldingYams,WavyWalnuts,1938672
2026-07-13T23:07:09.740005,2026-07-13T23:07:09.750016+00:00,82.6,5,ask,Xinhong Shan,YieldingYams,1938683
2026-07-13T23:07:11.269258,2026-07-13T23:07:11.279630+00:00,82.5,4,bid,Andy Garg,Kelvin Chan,1938717
2026-07-13T23:07:11.269258,2026-07-13T23:07:11.279630+00:00,82.5,46,bid,Andy Garg,WavyWalnuts,1938718
2026-07-13T23:07:11.455769,2026-07-13T23:07:11.459449+00:00,82.4,200,ask,YieldingYams,WavyWalnuts,1938721
2026-07-13T23:07:12.357445,2026-07-13T23:07:12.367399+00:00,82.4,5,ask,Xinhong Shan,YieldingYams,1938743
2026-07-13T23:07:13.668294,2026-07-13T23:07:13.678093+00:00,82.3,200,ask,WavyWalnuts,YieldingYams,1938765
2026-07-13T23:07:13.668294,2026-07-13T23:07:13.678093+00:00,82.3,5,ask,Xinhong Shan,YieldingYams,1938766
2026-07-13T23:07:14.283138,2026-07-13T23:07:14.290839+00:00,82.3,20,bid,BrilliantBurritos,YieldingYams,1938782
2026-07-13T23:07:14.977299,2026-07-13T23:07:14.987853+00:00,82.3,5,bid,YieldingYams,Xinhong Shan,1938789
2026-07-13T23:07:14.977299,2026-07-13T23:07:14.987853+00:00,82.4,200,bid,YieldingYams,WavyWalnuts,1938790
2026-07-13T23:07:14.977299,2026-07-13T23:07:14.987853+00:00,82.4,50,bid,YieldingYams,Andy Garg,1938791
2026-07-13T23:07:15.077245,2026-07-13T23:07:15.084106+00:00,82.4,200,ask,YieldingYams,WavyWalnuts,1938795
2026-07-13T23:07:16.336914,2026-07-13T23:07:16.347452+00:00,82.4,200,ask,WavyWalnuts,YieldingYams,1938822
2026-07-13T23:07:16.339631,2026-07-13T23:07:16.347452+00:00,82.3,5,bid,Xinhong Shan,YieldingYams,1938823
2026-07-13T23:07:17.513751,2026-07-13T23:07:17.540341+00:00,82.2,5,ask,Kelvin Chan,WavyWalnuts,1938855
2026-07-13T23:07:17.513751,2026-07-13T23:07:17.540341+00:00,82.2,5,ask,Xinhong Shan,WavyWalnuts,1938856
2026-07-13T23:07:17.771131,2026-07-13T23:07:17.779342+00:00,82.2,20,bid,BrilliantBurritos,WavyWalnuts,1938865
2026-07-13T23:07:18.087679,2026-07-13T23:07:18.095336+00:00,82.2,170,bid,AverageAlmonds,WavyWalnuts,1938866
2026-07-13T23:07:18.954458,2026-07-13T23:07:18.959319+00:00,82.2,5,ask,Xinhong Shan,YieldingYams,1938886
2026-07-13T23:07:18.954458,2026-07-13T23:07:18.959319+00:00,82.2,500,ask,AverageAlmonds,YieldingYams,1938887
2026-07-13T23:07:19.286995,2026-07-13T23:07:19.296268+00:00,82.2,120,bid,AverageAlmonds,YieldingYams,1938892
2026-07-13T23:07:20.261526,2026-07-13T23:07:20.266595+00:00,82.3,4,bid,YieldingYams,Xinhong Shan,1938926
2026-07-13T23:07:20.383345,2026-07-13T23:07:20.392472+00:00,82.3,20,ask,YieldingYams,BrilliantBurritos,1938928
2026-07-13T23:07:21.788113,2026-07-13T23:07:21.790275+00:00,82.4,48,bid,Andy Garg,WavyWalnuts,1938954
2026-07-13T23:07:22.879841,2026-07-13T23:07:22.882718+00:00,82.3,5,ask,AverageAlmonds,Andy Garg,1938980
2026-07-13T23:07:22.885297,2026-07-13T23:07:22.893382+00:00,82.3,495,ask,AverageAlmonds,YieldingYams,1938981
2026-07-13T23:07:22.885297,2026-07-13T23:07:22.893382+00:00,82.3,130,ask,WavyWalnuts,YieldingYams,1938982
2026-07-13T23:07:23.574163,2026-07-13T23:07:23.580251+00:00,82.3,4,ask,Xinhong Shan,WavyWalnuts,1938996
2026-07-13T23:07:23.574163,2026-07-13T23:07:23.580251+00:00,82.3,196,ask,AverageAlmonds,WavyWalnuts,1938997
2026-07-13T23:07:23.939807,2026-07-13T23:07:23.951589+00:00,82.3,3,ask,AverageAlmonds,Andy Garg,1939002
2026-07-13T23:07:24.756835,2026-07-13T23:07:24.764291+00:00,82.4,4,bid,AverageAlmonds,Xinhong Shan,1939032
2026-07-13T23:07:24.801015,2026-07-13T23:07:24.808095+00:00,82.4,200,ask,AverageAlmonds,WavyWalnuts,1939034
2026-07-13T23:07:25.021348,2026-07-13T23:07:25.032041+00:00,82.4,5,ask,AverageAlmonds,Andy Garg,1939044
2026-07-13T23:07:26.011953,2026-07-13T23:07:26.024054+00:00,82.4,200,ask,YieldingYams,WavyWalnuts,1939066
2026-07-13T23:07:26.768798,2026-07-13T23:07:26.771262+00:00,82.4,20,ask,YieldingYams,BrilliantBurritos,1939081
2026-07-13T23:07:27.219177,2026-07-13T23:07:27.231271+00:00,82.4,4,ask,Xinhong Shan,WavyWalnuts,1939087
2026-07-13T23:07:29.633944,2026-07-13T23:07:29.664314+00:00,82.4,4,bid,WavyWalnuts,Xinhong Shan,1939121
2026-07-13T23:07:32.045454,2026-07-13T23:07:32.088655+00:00,82.5,1,bid,YieldingYams,Kelvin Chan,1939179
2026-07-13T23:07:32.045454,2026-07-13T23:07:32.088655+00:00,82.5,35,bid,YieldingYams,Andy Garg,1939180
2026-07-13T23:07:32.045454,2026-07-13T23:07:32.088655+00:00,82.5,4,bid,YieldingYams,Xinhong Shan,1939181
2026-07-13T23:07:32.045454,2026-07-13T23:07:32.088655+00:00,82.6,200,bid,YieldingYams,WavyWalnuts,1939182
2026-07-13T23:07:32.058737,2026-07-13T23:07:32.088655+00:00,82.6,200,ask,YieldingYams,WavyWalnuts,1939184
2026-07-13T23:07:33.267202,2026-07-13T23:07:33.272018+00:00,82.6,185,ask,YieldingYams,WavyWalnuts,1939209
2026-07-13T23:07:33.267202,2026-07-13T23:07:33.272018+00:00,82.6,5,ask,Xinhong Shan,WavyWalnuts,1939210
2026-07-13T23:07:33.358313,2026-07-13T23:07:33.364609+00:00,82.5,200,ask,WavyWalnuts,YieldingYams,1939216
2026-07-13T23:07:34.475321,2026-07-13T23:07:34.479820+00:00,82.4,200,bid,WavyWalnuts,YieldingYams,1939240
2026-07-13T23:07:35.681692,2026-07-13T23:07:35.691682+00:00,82.4,200,bid,WavyWalnuts,YieldingYams,1939257
2026-07-13T23:07:35.973536,2026-07-13T23:07:35.975781+00:00,82.4,4,bid,YieldingYams,Xinhong Shan,1939266
2026-07-13T23:07:35.973536,2026-07-13T23:07:36.002819+00:00,82.5,200,bid,YieldingYams,WavyWalnuts,1939267
2026-07-13T23:07:36.458598,2026-07-13T23:07:36.464351+00:00,82.6,45,bid,Andy Garg,AverageAlmonds,1939283
2026-07-13T23:07:36.887230,2026-07-13T23:07:36.895119+00:00,82.5,200,ask,YieldingYams,WavyWalnuts,1939289
2026-07-13T23:07:37.286790,2026-07-13T23:07:37.297903+00:00,82.5,5,ask,Xinhong Shan,YieldingYams,1939301
2026-07-13T23:07:37.899603,2026-07-13T23:07:37.904972+00:00,82.5,20,bid,BrilliantBurritos,YieldingYams,1939307
2026-07-13T23:07:38.554242,2026-07-13T23:07:38.560479+00:00,82.4,50,bid,Andy Garg,WavyWalnuts,1939326
2026-07-13T23:07:38.594880,2026-07-13T23:07:38.603752+00:00,82.4,150,bid,YieldingYams,WavyWalnuts,1939327
2026-07-13T23:07:39.111562,2026-07-13T23:07:39.116326+00:00,82.5,4,bid,BrilliantBurritos,Xinhong Shan,1939332
2026-07-13T23:07:39.908371,2026-07-13T23:07:39.915278+00:00,82.4,5,ask,Xinhong Shan,YieldingYams,1939338
2026-07-13T23:07:41.217197,2026-07-13T23:07:41.226838+00:00,82.3,2,ask,Kelvin Chan,YieldingYams,1939367
2026-07-13T23:07:41.217197,2026-07-13T23:07:41.226838+00:00,82.3,4,ask,Xinhong Shan,YieldingYams,1939368
2026-07-13T23:07:41.273828,2026-07-13T23:07:41.279713+00:00,82.2,42,ask,WavyWalnuts,Andy Garg,1939369
2026-07-13T23:07:42.762970,2026-07-13T23:07:42.775067+00:00,82.3,50,bid,Andy Garg,WavyWalnuts,1939402
2026-07-13T23:07:44.142084,2026-07-13T23:07:44.149203+00:00,82.2,4,ask,Xinhong Shan,WavyWalnuts,1939426
2026-07-13T23:07:45.406090,2026-07-13T23:07:45.413249+00:00,82.2,4,bid,BrilliantBurritos,Xinhong Shan,1939454
2026-07-13T23:07:45.406090,2026-07-13T23:07:45.413249+00:00,82.2,16,bid,BrilliantBurritos,WavyWalnuts,1939455
2026-07-13T23:07:46.561603,2026-07-13T23:07:46.571333+00:00,82.2,4,bid,WavyWalnuts,Xinhong Shan,1939471
2026-07-13T23:07:46.561603,2026-07-13T23:07:46.571333+00:00,82.2,196,bid,WavyWalnuts,YieldingYams,1939472
2026-07-13T23:07:46.990130,2026-07-13T23:07:47.001872+00:00,82.1,4,ask,Xinhong Shan,BrilliantBurritos,1939483
2026-07-13T23:07:46.990130,2026-07-13T23:07:47.001872+00:00,82.1,2,ask,Kelvin Chan,BrilliantBurritos,1939484
2026-07-13T23:07:47.116484,2026-07-13T23:07:47.120030+00:00,82.2,40,bid,Andy Garg,YieldingYams,1939488
2026-07-13T23:07:47.778770,2026-07-13T23:07:47.786982+00:00,82.2,4,bid,WavyWalnuts,Xinhong Shan,1939495
2026-07-13T23:07:49.120040,2026-07-13T23:07:49.130035+00:00,82.2,4,ask,Xinhong Shan,YieldingYams,1939513
2026-07-13T23:07:49.190621,2026-07-13T23:07:49.195855+00:00,82.2,5,bid,Andy Garg,YieldingYams,1939515
2026-07-13T23:07:50.217587,2026-07-13T23:07:50.226202+00:00,82.2,200,bid,WavyWalnuts,YieldingYams,1939539
2026-07-13T23:07:51.735319,2026-07-13T23:07:51.739469+00:00,82.2,4,bid,YieldingYams,Xinhong Shan,1939555
2026-07-13T23:07:53.742648,2026-07-13T23:07:53.749114+00:00,82.2,44,ask,Sze-Yong Ng,Andy Garg,1939594
2026-07-13T23:07:53.883460,2026-07-13T23:07:53.890508+00:00,82.2,17,ask,Sze-Yong Ng,WavyWalnuts,1939602
2026-07-13T23:07:53.883460,2026-07-13T23:07:53.890508+00:00,82.2,183,ask,YieldingYams,WavyWalnuts,1939603
2026-07-13T23:07:54.355618,2026-07-13T23:07:54.365010+00:00,82.3,4,bid,YieldingYams,Xinhong Shan,1939610
2026-07-13T23:07:55.095233,2026-07-13T23:07:55.102272+00:00,82.3,200,ask,YieldingYams,WavyWalnuts,1939629
2026-07-13T23:07:55.239982,2026-07-13T23:07:55.252156+00:00,82.5,10,bid,Andy Garg,Kelvin Chan,1939635
2026-07-13T23:07:55.239982,2026-07-13T23:07:55.252156+00:00,82.5,20,bid,Andy Garg,YieldingYams,1939636
2026-07-13T23:07:55.665171,2026-07-13T23:07:55.679840+00:00,82.3,5,ask,Xinhong Shan,YieldingYams,1939643
2026-07-13T23:07:56.306441,2026-07-13T23:07:56.322120+00:00,82.2,50,ask,Andy Garg,WavyWalnuts,1939655
2026-07-13T23:07:56.306441,2026-07-13T23:07:56.322120+00:00,82.2,39,ask,Sze-Yong Ng,WavyWalnuts,1939656
2026-07-13T23:07:56.323324,2026-07-13T23:07:56.333083+00:00,82.2,4,bid,Xinhong Shan,WavyWalnuts,1939659
2026-07-13T23:07:56.357969,2026-07-13T23:07:56.365510+00:00,82.2,25,bid,Dinh Nguyen,WavyWalnuts,1939660
2026-07-13T23:07:56.828048,2026-07-13T23:07:56.838778+00:00,82.2,82,bid,AverageAlmonds,WavyWalnuts,1939673
2026-07-13T23:07:57.613232,2026-07-13T23:07:57.616879+00:00,82.3,4,bid,Andy Garg,Xinhong Shan,1939684
2026-07-13T23:07:57.613232,2026-07-13T23:07:57.616879+00:00,82.3,1,bid,Andy Garg,WavyWalnuts,1939685
2026-07-13T23:07:58.282671,2026-07-13T23:07:58.289729+00:00,82.3,199,bid,YieldingYams,WavyWalnuts,1939701
2026-07-13T23:07:59.291927,2026-07-13T23:07:59.294034+00:00,82.3,20,ask,YieldingYams,BrilliantBurritos,1939721
2026-07-13T23:08:00.559266,2026-07-13T23:08:00.562481+00:00,82.3,21,ask,Sze-Yong Ng,Andy Garg,1939743
2026-07-13T23:08:00.559266,2026-07-13T23:08:00.562481+00:00,82.3,26,ask,YieldingYams,Andy Garg,1939744
2026-07-13T23:08:01.131750,2026-07-13T23:08:01.142461+00:00,82.4,8,bid,WavyWalnuts,Kelvin Chan,1939752
2026-07-13T23:08:01.131750,2026-07-13T23:08:01.142461+00:00,82.4,4,bid,WavyWalnuts,Xinhong Shan,1939753
2026-07-13T23:08:01.131750,2026-07-13T23:08:01.142461+00:00,82.4,188,bid,WavyWalnuts,YieldingYams,1939754
2026-07-13T23:08:01.185799,2026-07-13T23:08:01.195637+00:00,82.4,20,bid,BrilliantBurritos,YieldingYams,1939755
2026-07-13T23:08:01.818948,2026-07-13T23:08:01.830677+00:00,82.4,5,bid,Andy Garg,YieldingYams,1939772
2026-07-13T23:08:02.219372,2026-07-13T23:08:02.225409+00:00,82.4,4,bid,YieldingYams,Xinhong Shan,1939775
2026-07-13T23:08:02.219372,2026-07-13T23:08:02.225409+00:00,82.5,200,bid,YieldingYams,WavyWalnuts,1939776
2026-07-13T23:08:02.341723,2026-07-13T23:08:02.353471+00:00,82.5,200,ask,YieldingYams,WavyWalnuts,1939780
2026-07-13T23:08:03.533299,2026-07-13T23:08:03.541342+00:00,82.5,5,ask,Xinhong Shan,YieldingYams,1939796
2026-07-13T23:08:03.554270,2026-07-13T23:08:03.563017+00:00,82.3,200,ask,AverageAlmonds,WavyWalnuts,1939799
2026-07-13T23:08:06.065658,2026-07-13T23:08:06.072985+00:00,82.4,4,ask,Xinhong Shan,Andy Garg,1939840
2026-07-13T23:08:08.763189,2026-07-13T23:08:08.769843+00:00,82.5,200,bid,YieldingYams,WavyWalnuts,1939895
2026-07-13T23:08:08.763189,2026-07-13T23:08:08.769843+00:00,82.5,4,bid,YieldingYams,Xinhong Shan,1939896
2026-07-13T23:08:10.083976,2026-07-13T23:08:10.087094+00:00,82.6,200,ask,WavyWalnuts,YieldingYams,1939926
2026-07-13T23:08:10.083976,2026-07-13T23:08:10.097839+00:00,82.6,4,ask,Xinhong Shan,YieldingYams,1939927
2026-07-13T23:08:11.403542,2026-07-13T23:08:11.415845+00:00,82.6,4,bid,YieldingYams,Xinhong Shan,1939955
2026-07-13T23:08:11.403542,2026-07-13T23:08:11.415845+00:00,82.6,1,bid,YieldingYams,Kelvin Chan,1939956
2026-07-13T23:08:11.403542,2026-07-13T23:08:11.415845+00:00,82.6,200,bid,YieldingYams,WavyWalnuts,1939957
2026-07-13T23:08:14.431610,2026-07-13T23:08:14.441585+00:00,82.7,4,bid,WavyWalnuts,Xinhong Shan,1940017
2026-07-13T23:08:14.431610,2026-07-13T23:08:14.441585+00:00,82.7,196,bid,WavyWalnuts,YieldingYams,1940018
2026-07-13T23:08:15.642464,2026-07-13T23:08:15.651426+00:00,82.7,5,bid,WavyWalnuts,Xinhong Shan,1940038
2026-07-13T23:08:15.642464,2026-07-13T23:08:15.651426+00:00,82.7,3,bid,WavyWalnuts,Kelvin Chan,1940039
2026-07-13T23:08:15.642464,2026-07-13T23:08:15.651426+00:00,82.8,192,bid,WavyWalnuts,YieldingYams,1940040
2026-07-13T23:08:16.647898,2026-07-13T23:08:16.667755+00:00,82.7,7,bid,YieldingYams,Kelvin Chan,1940057
2026-07-13T23:08:16.851365,2026-07-13T23:08:16.861274+00:00,82.8,200,bid,WavyWalnuts,AverageAlmonds,1940062
2026-07-13T23:08:17.425390,2026-07-13T23:08:17.428827+00:00,82.7,500,ask,YieldingYams,AverageAlmonds,1940064
2026-07-13T23:08:17.957172,2026-07-13T23:08:17.963689+00:00,82.7,5,ask,Xinhong Shan,YieldingYams,1940076
2026-07-13T23:08:18.058101,2026-07-13T23:08:18.060188+00:00,82.6,200,bid,WavyWalnuts,YieldingYams,1940078
2026-07-13T23:08:18.737978,2026-07-13T23:08:18.748741+00:00,82.6,25,bid,Dinh Nguyen,YieldingYams,1940082
2026-07-13T23:08:19.264415,2026-07-13T23:08:19.270042+00:00,82.6,5,bid,YieldingYams,Xinhong Shan,1940098
2026-07-13T23:08:20.476233,2026-07-13T23:08:20.478370+00:00,82.7,5,bid,WavyWalnuts,Xinhong Shan,1940114
2026-07-13T23:08:20.476233,2026-07-13T23:08:20.489021+00:00,82.7,195,bid,WavyWalnuts,AverageAlmonds,1940115
2026-07-13T23:08:21.641398,2026-07-13T23:08:21.649858+00:00,82.6,5,ask,Xinhong Shan,AverageAlmonds,1940133
2026-07-13T23:08:21.690334,2026-07-13T23:08:21.698137+00:00,82.6,200,bid,WavyWalnuts,AverageAlmonds,1940136
2026-07-13T23:08:21.892842,2026-07-13T23:08:21.904797+00:00,82.6,295,bid,YieldingYams,AverageAlmonds,1940141
2026-07-13T23:08:21.892842,2026-07-13T23:08:21.904797+00:00,82.6,60,bid,YieldingYams,Sze-Yong Ng,1940142
2026-07-13T23:08:22.238113,2026-07-13T23:08:22.241551+00:00,82.6,270,ask,YieldingYams,AverageAlmonds,1940147
2026-07-13T23:08:22.238113,2026-07-13T23:08:22.241551+00:00,82.6,5,ask,Xinhong Shan,AverageAlmonds,1940148
2026-07-13T23:08:23.203438,2026-07-13T23:08:23.216204+00:00,82.4,200,ask,WavyWalnuts,YieldingYams,1940168
2026-07-13T23:08:23.203438,2026-07-13T23:08:23.216204+00:00,82.4,5,ask,Xinhong Shan,YieldingYams,1940169
2026-07-13T23:08:23.822851,2026-07-13T23:08:23.827865+00:00,82.4,20,bid,BrilliantBurritos,YieldingYams,1940186
2026-07-13T23:08:24.109295,2026-07-13T23:08:24.117343+00:00,82.4,200,bid,WavyWalnuts,YieldingYams,1940198
2026-07-13T23:08:24.511652,2026-07-13T23:08:24.513629+00:00,82.4,4,bid,YieldingYams,Xinhong Shan,1940201
2026-07-13T23:08:24.511652,2026-07-13T23:08:24.529194+00:00,82.5,500,bid,YieldingYams,AverageAlmonds,1940202
2026-07-13T23:08:24.676405,2026-07-13T23:08:24.680443+00:00,82.5,121,ask,YieldingYams,AverageAlmonds,1940208
2026-07-13T23:08:24.676405,2026-07-13T23:08:24.680443+00:00,82.5,3,ask,Sze-Yong Ng,AverageAlmonds,1940209
2026-07-13T23:08:25.106105,2026-07-13T23:08:25.110624+00:00,82.3,1,ask,Kelvin Chan,BrilliantBurritos,1940221
2026-07-13T23:08:25.106105,2026-07-13T23:08:25.110624+00:00,82.3,5,ask,Xinhong Shan,BrilliantBurritos,1940222
2026-07-13T23:08:25.379761,2026-07-13T23:08:25.389332+00:00,82.3,8,ask,WavyWalnuts,Andy Garg,1940226
2026-07-13T23:08:25.822093,2026-07-13T23:08:25.835753+00:00,82.4,2,ask,Kelvin Chan,YieldingYams,1940236
2026-07-13T23:08:25.822093,2026-07-13T23:08:25.835753+00:00,82.3,192,ask,WavyWalnuts,YieldingYams,1940237
2026-07-13T23:08:26.033900,2026-07-13T23:08:26.042533+00:00,82.0,14,ask,AverageAlmonds,Andy Garg,1940247
2026-07-13T23:08:26.482736,2026-07-13T23:08:26.492368+00:00,82.1,431,bid,AverageAlmonds,YieldingYams,1940252
2026-07-13T23:08:26.482736,2026-07-13T23:08:26.492368+00:00,82.1,4,bid,AverageAlmonds,Xinhong Shan,1940253
2026-07-13T23:08:26.675396,2026-07-13T23:08:26.681195+00:00,82.4,11,bid,Andy Garg,WavyWalnuts,1940257
2026-07-13T23:08:27.121181,2026-07-13T23:08:27.127616+00:00,82.2,50,ask,WavyWalnuts,Andy Garg,1940265
2026-07-13T23:08:27.131026,2026-07-13T23:08:27.138793+00:00,82.2,150,ask,WavyWalnuts,YieldingYams,1940266
2026-07-13T23:08:27.131026,2026-07-13T23:08:27.138793+00:00,82.2,4,ask,Sze-Yong Ng,YieldingYams,1940267
2026-07-13T23:08:27.131026,2026-07-13T23:08:27.138793+00:00,82.2,5,ask,Xinhong Shan,YieldingYams,1940268
2026-07-13T23:08:27.729545,2026-07-13T23:08:27.732561+00:00,82.1,54,ask,Sze-Yong Ng,WavyWalnuts,1940283
2026-07-13T23:08:27.729545,2026-07-13T23:08:27.732561+00:00,82.1,146,ask,AverageAlmonds,WavyWalnuts,1940284
2026-07-13T23:08:27.757243,2026-07-13T23:08:27.765613+00:00,82.2,50,bid,Andy Garg,YieldingYams,1940286
2026-07-13T23:08:27.981516,2026-07-13T23:08:27.993423+00:00,82.2,50,bid,Andy Garg,YieldingYams,1940295
2026-07-13T23:08:28.243274,2026-07-13T23:08:28.252151+00:00,82.2,25,bid,Dinh Nguyen,YieldingYams,1940301
2026-07-13T23:08:28.440955,2026-07-13T23:08:28.445994+00:00,82.2,4,bid,YieldingYams,Xinhong Shan,1940302
2026-07-13T23:08:28.839377,2026-07-13T23:08:28.843820+00:00,82.4,5,bid,Andy Garg,YieldingYams,1940307
2026-07-13T23:08:28.950261,2026-07-13T23:08:28.953174+00:00,82.3,3,ask,Kelvin Chan,WavyWalnuts,1940313
2026-07-13T23:08:28.950261,2026-07-13T23:08:28.964222+00:00,82.2,197,ask,YieldingYams,WavyWalnuts,1940314
2026-07-13T23:08:30.173041,2026-07-13T23:08:30.180385+00:00,82.2,6,ask,Kelvin Chan,WavyWalnuts,1940341
2026-07-13T23:08:30.173041,2026-07-13T23:08:30.180385+00:00,82.2,4,ask,Xinhong Shan,WavyWalnuts,1940342
2026-07-13T23:08:30.173041,2026-07-13T23:08:30.180385+00:00,82.1,190,ask,YieldingYams,WavyWalnuts,1940343
2026-07-13T23:08:30.824795,2026-07-13T23:08:30.828622+00:00,82.1,43,ask,YieldingYams,Andy Garg,1940361
2026-07-13T23:08:31.382362,2026-07-13T23:08:31.390272+00:00,82.1,200,ask,YieldingYams,WavyWalnuts,1940383
2026-07-13T23:08:31.468543,2026-07-13T23:08:31.476256+00:00,82.1,46,ask,YieldingYams,Andy Garg,1940386
2026-07-13T23:08:32.544649,2026-07-13T23:08:32.555305+00:00,82.2,4,bid,AverageAlmonds,Xinhong Shan,1940407
2026-07-13T23:08:32.544649,2026-07-13T23:08:32.555305+00:00,82.2,496,bid,AverageAlmonds,YieldingYams,1940408
2026-07-13T23:08:33.561987,2026-07-13T23:08:33.571037+00:00,82.1,50,ask,YieldingYams,Andy Garg,1940427
2026-07-13T23:08:33.673858,2026-07-13T23:08:33.676424+00:00,82.2,200,bid,YieldingYams,WavyWalnuts,1940428
2026-07-13T23:08:33.673858,2026-07-13T23:08:33.691234+00:00,82.2,4,bid,YieldingYams,Xinhong Shan,1940429
2026-07-13T23:08:33.673858,2026-07-13T23:08:33.691234+00:00,82.4,48,bid,YieldingYams,Andy Garg,1940430
2026-07-13T23:08:33.797177,2026-07-13T23:08:33.808108+00:00,82.4,200,ask,YieldingYams,WavyWalnuts,1940436
2026-07-13T23:08:34.490944,2026-07-13T23:08:34.497218+00:00,82.4,25,ask,YieldingYams,Dinh Nguyen,1940453
2026-07-13T23:08:35.006217,2026-07-13T23:08:35.024955+00:00,82.4,5,ask,Xinhong Shan,YieldingYams,1940461
2026-07-13T23:08:36.266139,2026-07-13T23:08:36.271091+00:00,82.3,2,bid,Dinh Nguyen,YieldingYams,1940492
2026-07-13T23:08:37.504964,2026-07-13T23:08:37.514650+00:00,82.3,2,bid,Dinh Nguyen,Sze-Yong Ng,1940513
2026-07-13T23:08:38.745944,2026-07-13T23:08:38.750841+00:00,82.3,2,bid,Dinh Nguyen,Sze-Yong Ng,1940551
2026-07-13T23:08:39.751146,2026-07-13T23:08:39.756021+00:00,82.2,2,ask,Kelvin Chan,Andy Garg,1940570
2026-07-13T23:08:39.751146,2026-07-13T23:08:39.756021+00:00,82.2,3,ask,AverageAlmonds,Andy Garg,1940571
2026-07-13T23:08:39.881153,2026-07-13T23:08:39.883713+00:00,82.2,4,ask,Xinhong Shan,BrilliantBurritos,1940579
2026-07-13T23:08:39.881153,2026-07-13T23:08:39.894430+00:00,82.2,16,ask,AverageAlmonds,BrilliantBurritos,1940580
2026-07-13T23:08:39.979975,2026-07-13T23:08:39.990194+00:00,82.3,2,bid,Dinh Nguyen,Sze-Yong Ng,1940581
2026-07-13T23:08:40.264764,2026-07-13T23:08:40.272723+00:00,82.2,484,ask,AverageAlmonds,YieldingYams,1940591
2026-07-13T23:08:40.394920,2026-07-13T23:08:40.400776+00:00,82.2,141,bid,AverageAlmonds,YieldingYams,1940595
2026-07-13T23:08:40.394920,2026-07-13T23:08:40.400776+00:00,82.2,94,bid,AverageAlmonds,Sze-Yong Ng,1940596
2026-07-13T23:08:40.394920,2026-07-13T23:08:40.400776+00:00,82.2,4,bid,AverageAlmonds,Xinhong Shan,1940597
2026-07-13T23:08:41.006806,2026-07-13T23:08:41.019090+00:00,82.3,200,bid,AverageAlmonds,WavyWalnuts,1940613
2026-07-13T23:08:41.218996,2026-07-13T23:08:41.227059+00:00,82.6,2,bid,Dinh Nguyen,Kelvin Chan,1940623
2026-07-13T23:08:41.871554,2026-07-13T23:08:41.878402+00:00,82.5,20,bid,BrilliantBurritos,YieldingYams,1940641
2026-07-13T23:08:42.447987,2026-07-13T23:08:42.454451+00:00,82.4,25,ask,WavyWalnuts,Dinh Nguyen,1940650
2026-07-13T23:08:42.879075,2026-07-13T23:08:42.881803+00:00,82.5,4,bid,YieldingYams,Xinhong Shan,1940669
2026-07-13T23:08:43.513291,2026-07-13T23:08:43.522790+00:00,82.5,200,ask,YieldingYams,WavyWalnuts,1940678
2026-07-13T23:08:44.051233,2026-07-13T23:08:44.062516+00:00,82.5,20,ask,YieldingYams,BrilliantBurritos,1940695
2026-07-13T23:08:44.187969,2026-07-13T23:08:44.192122+00:00,82.5,5,ask,Xinhong Shan,YieldingYams,1940698
2026-07-13T23:08:44.695998,2026-07-13T23:08:44.707327+00:00,82.3,2,ask,WavyWalnuts,Dinh Nguyen,1940708
2026-07-13T23:08:45.930225,2026-07-13T23:08:45.940801+00:00,82.5,2,bid,WavyWalnuts,Sze-Yong Ng,1940728
2026-07-13T23:08:45.930225,2026-07-13T23:08:45.940801+00:00,82.5,4,bid,WavyWalnuts,Xinhong Shan,1940729
2026-07-13T23:08:45.930225,2026-07-13T23:08:45.940801+00:00,82.6,1,bid,WavyWalnuts,Kelvin Chan,1940730
2026-07-13T23:08:45.930225,2026-07-13T23:08:45.940801+00:00,82.6,193,bid,WavyWalnuts,YieldingYams,1940731
2026-07-13T23:08:45.937437,2026-07-13T23:08:45.951521+00:00,82.4,2,ask,Xinhong Shan,Dinh Nguyen,1940732
2026-07-13T23:08:47.156036,2026-07-13T23:08:47.165693+00:00,82.5,5,bid,WavyWalnuts,Kelvin Chan,1940749
2026-07-13T23:08:47.156036,2026-07-13T23:08:47.165693+00:00,82.5,20,bid,WavyWalnuts,Sze-Yong Ng,1940750
2026-07-13T23:08:47.156036,2026-07-13T23:08:47.165693+00:00,82.5,4,bid,WavyWalnuts,Xinhong Shan,1940751
2026-07-13T23:08:47.178959,2026-07-13T23:08:47.187272+00:00,82.5,25,ask,WavyWalnuts,Dinh Nguyen,1940753
2026-07-13T23:08:47.696594,2026-07-13T23:08:47.707477+00:00,82.5,2,ask,WavyWalnuts,Dinh Nguyen,1940762
2026-07-13T23:08:48.942965,2026-07-13T23:08:48.948887+00:00,82.5,2,ask,Xinhong Shan,Dinh Nguyen,1940782
2026-07-13T23:08:49.574594,2026-07-13T23:08:49.583891+00:00,82.5,3,ask,Xinhong Shan,WavyWalnuts,1940791
2026-07-13T23:08:49.574594,2026-07-13T23:08:49.583891+00:00,82.4,197,ask,YieldingYams,WavyWalnuts,1940792
2026-07-13T23:08:50.180992,2026-07-13T23:08:50.187639+00:00,82.4,2,ask,YieldingYams,Dinh Nguyen,1940797
2026-07-13T23:08:50.638188,2026-07-13T23:08:50.643338+00:00,82.6,13,bid,Andy Garg,Sze-Yong Ng,1940822
2026-07-13T23:08:50.638188,2026-07-13T23:08:50.643338+00:00,82.6,4,bid,Andy Garg,Kelvin Chan,1940823
2026-07-13T23:08:50.638188,2026-07-13T23:08:50.643338+00:00,82.6,23,bid,Andy Garg,YieldingYams,1940824
2026-07-13T23:08:50.734585,2026-07-13T23:08:50.739450+00:00,82.4,4,ask,Xinhong Shan,YieldingYams,1940829
2026-07-13T23:08:50.784181,2026-07-13T23:08:50.792967+00:00,82.4,200,bid,WavyWalnuts,YieldingYams,1940832
2026-07-13T23:08:51.422237,2026-07-13T23:08:51.429187+00:00,82.2,1,ask,YieldingYams,Dinh Nguyen,1940841
2026-07-13T23:08:51.422237,2026-07-13T23:08:51.429187+00:00,82.2,1,ask,Kelvin Chan,Dinh Nguyen,1940842
2026-07-13T23:08:52.041882,2026-07-13T23:08:52.051287+00:00,82.3,200,bid,YieldingYams,WavyWalnuts,1940860
2026-07-13T23:08:52.327363,2026-07-13T23:08:52.338298+00:00,82.4,4,bid,Andy Garg,Xinhong Shan,1940869
2026-07-13T23:08:52.656565,2026-07-13T23:08:52.663144+00:00,82.3,2,ask,YieldingYams,Dinh Nguyen,1940874
2026-07-13T23:08:53.360236,2026-07-13T23:08:53.362504+00:00,82.3,4,ask,Xinhong Shan,YieldingYams,1940886
2026-07-13T23:08:53.887966,2026-07-13T23:08:53.894358+00:00,82.2,2,ask,WavyWalnuts,Dinh Nguyen,1940896
2026-07-13T23:08:54.650776,2026-07-13T23:08:54.656234+00:00,82.2,4,ask,Xinhong Shan,Andy Garg,1940908
2026-07-13T23:08:54.650776,2026-07-13T23:08:54.656234+00:00,82.2,1,ask,AverageAlmonds,Andy Garg,1940909
2026-07-13T23:08:54.669902,2026-07-13T23:08:54.677441+00:00,82.2,499,ask,AverageAlmonds,YieldingYams,1940910
2026-07-13T23:08:54.669902,2026-07-13T23:08:54.677441+00:00,82.2,126,ask,WavyWalnuts,YieldingYams,1940911
2026-07-13T23:08:55.121997,2026-07-13T23:08:55.134393+00:00,82.2,2,ask,WavyWalnuts,Dinh Nguyen,1940920
2026-07-13T23:08:55.497214,2026-07-13T23:08:55.508647+00:00,82.3,7,bid,Andy Garg,WavyWalnuts,1940936
2026-07-13T23:08:55.619292,2026-07-13T23:08:55.629200+00:00,82.2,4,ask,Xinhong Shan,WavyWalnuts,1940941
