timestamp,recv_time,price,volume,aggressor_side,buyer,seller,trade_id
2026-07-03T04:00:01.818755,2026-07-03T04:00:01.826105+00:00,117.0,200,ask,YieldingYams,WavyWalnuts,5255348
2026-07-03T04:00:02.221289,2026-07-03T04:00:02.229197+00:00,117.0,500,ask,AverageAlmonds,YieldingYams,5255352
2026-07-03T04:00:02.351737,2026-07-03T04:00:02.330920+00:00,116.8,125,bid,AverageAlmonds,YieldingYams,5255355
2026-07-03T04:00:03.026377,2026-07-03T04:00:03.034350+00:00,117.0,200,ask,AverageAlmonds,WavyWalnuts,5255371
2026-07-03T04:00:03.370495,2026-07-03T04:00:03.382330+00:00,117.7,20,bid,BrilliantBurritos,AverageAlmonds,5255378
2026-07-03T04:00:04.837297,2026-07-03T04:00:04.844479+00:00,117.1,200,bid,YieldingYams,WavyWalnuts,5255402
2026-07-03T04:00:06.643434,2026-07-03T04:00:06.653100+00:00,117.1,200,bid,WavyWalnuts,YieldingYams,5255433
2026-07-03T04:00:07.499422,2026-07-03T04:00:07.511005+00:00,117.2,17,ask,YieldingYams,Alice Feng,5255444
2026-07-03T04:00:07.859559,2026-07-03T04:00:07.869263+00:00,117.2,200,ask,YieldingYams,WavyWalnuts,5255454
2026-07-03T04:00:09.792188,2026-07-03T04:00:09.803817+00:00,117.0,20,ask,YieldingYams,BrilliantBurritos,5255480
2026-07-03T04:00:12.713161,2026-07-03T04:00:12.723374+00:00,117.3,200,bid,YieldingYams,WavyWalnuts,5255508
2026-07-03T04:00:14.786567,2026-07-03T04:00:14.795317+00:00,117.3,20,ask,WavyWalnuts,BrilliantBurritos,5255551
2026-07-03T04:00:16.324244,2026-07-03T04:00:16.331469+00:00,117.5,23,bid,Zihao Wu,WavyWalnuts,5255573
2026-07-03T04:00:24.390160,2026-07-03T04:00:24.401673+00:00,117.5,20,bid,BrilliantBurritos,YieldingYams,5255690
2026-07-03T04:00:33.493162,2026-07-03T04:00:33.504935+00:00,117.3,20,ask,AverageAlmonds,BrilliantBurritos,5255823
2026-07-03T04:00:33.835545,2026-07-03T04:00:33.844975+00:00,117.4,200,bid,AverageAlmonds,WavyWalnuts,5255826
2026-07-03T04:00:34.537627,2026-07-03T04:00:34.551201+00:00,117.3,200,ask,YieldingYams,WavyWalnuts,5255851
2026-07-03T04:00:35.036578,2026-07-03T04:00:35.044660+00:00,117.4,500,bid,AverageAlmonds,YieldingYams,5255859
2026-07-03T04:00:35.633660,2026-07-03T04:00:35.642988+00:00,117.4,125,bid,AverageAlmonds,YieldingYams,5255876
2026-07-03T04:00:35.747046,2026-07-03T04:00:35.758611+00:00,117.5,200,ask,AverageAlmonds,WavyWalnuts,5255879
2026-07-03T04:00:37.580308,2026-07-03T04:00:37.591090+00:00,117.4,200,ask,WavyWalnuts,YieldingYams,5255901
2026-07-03T04:00:37.580308,2026-07-03T04:00:37.591090+00:00,117.4,425,ask,AverageAlmonds,YieldingYams,5255902
2026-07-03T04:00:38.678199,2026-07-03T04:00:38.698883+00:00,117.6,200,bid,AverageAlmonds,WavyWalnuts,5255917
2026-07-03T04:00:38.782924,2026-07-03T04:00:38.794549+00:00,118.3,22,bid,Zihao Wu,AverageAlmonds,5255922
2026-07-03T04:00:39.372846,2026-07-03T04:00:39.381185+00:00,117.7,200,ask,YieldingYams,WavyWalnuts,5255936
2026-07-03T04:00:40.199795,2026-07-03T04:00:40.226959+00:00,117.7,500,ask,AverageAlmonds,YieldingYams,5255952
2026-07-03T04:00:40.223403,2026-07-03T04:00:40.226959+00:00,117.5,47,bid,Xuanyu Liu,YieldingYams,5255954
2026-07-03T04:00:40.228025,2026-07-03T04:00:40.231637+00:00,117.5,1,bid,Xuanyu Liu,YieldingYams,5255955
2026-07-03T04:00:40.232570,2026-07-03T04:00:40.236289+00:00,117.5,1,bid,Xuanyu Liu,YieldingYams,5255956
2026-07-03T04:00:40.405947,2026-07-03T04:00:40.413627+00:00,117.5,25,bid,Alice Feng,YieldingYams,5255959
2026-07-03T04:00:40.481936,2026-07-03T04:00:40.491036+00:00,117.5,51,bid,AverageAlmonds,YieldingYams,5255961
2026-07-03T04:00:40.584145,2026-07-03T04:00:40.594595+00:00,117.7,200,ask,AverageAlmonds,WavyWalnuts,5255962
2026-07-03T04:00:40.614121,2026-07-03T04:00:40.625578+00:00,117.7,2,ask,AverageAlmonds,Alice Feng,5255964
2026-07-03T04:00:40.819118,2026-07-03T04:00:40.827473+00:00,117.7,2,ask,AverageAlmonds,Alice Feng,5255969
2026-07-03T04:00:41.023937,2026-07-03T04:00:41.033747+00:00,117.7,2,ask,AverageAlmonds,Alice Feng,5255975
2026-07-03T04:00:41.228700,2026-07-03T04:00:41.240339+00:00,117.7,2,ask,AverageAlmonds,Alice Feng,5255986
2026-07-03T04:00:41.641732,2026-07-03T04:00:41.659079+00:00,117.8,25,bid,Alice Feng,YieldingYams,5255995
2026-07-03T04:00:41.853578,2026-07-03T04:00:41.860318+00:00,117.8,25,bid,Alice Feng,YieldingYams,5256002
2026-07-03T04:00:42.066139,2026-07-03T04:00:42.073488+00:00,117.8,25,bid,Alice Feng,YieldingYams,5256009
2026-07-03T04:00:42.231481,2026-07-03T04:00:42.243164+00:00,117.8,20,bid,BrilliantBurritos,YieldingYams,5256014
2026-07-03T04:00:42.279605,2026-07-03T04:00:42.291189+00:00,117.8,25,bid,Alice Feng,YieldingYams,5256016
2026-07-03T04:00:42.311109,2026-07-03T04:00:42.322668+00:00,117.7,2,ask,WavyWalnuts,Alice Feng,5256017
2026-07-03T04:00:42.515840,2026-07-03T04:00:42.527501+00:00,117.7,2,ask,WavyWalnuts,Alice Feng,5256019
2026-07-03T04:00:42.721525,2026-07-03T04:00:42.733323+00:00,117.7,2,ask,WavyWalnuts,Alice Feng,5256022
2026-07-03T04:00:42.959379,2026-07-03T04:00:42.974612+00:00,117.7,2,ask,WavyWalnuts,Alice Feng,5256024
2026-07-03T04:00:43.003695,2026-07-03T04:00:43.012529+00:00,117.7,200,ask,AverageAlmonds,WavyWalnuts,5256027
2026-07-03T04:00:43.165551,2026-07-03T04:00:43.173205+00:00,117.7,2,ask,AverageAlmonds,Alice Feng,5256030
2026-07-03T04:00:44.488888,2026-07-03T04:00:44.493085+00:00,117.7,12,ask,AverageAlmonds,Xuanyu Liu,5256049
2026-07-03T04:00:45.462872,2026-07-03T04:00:45.470218+00:00,117.6,500,ask,AverageAlmonds,YieldingYams,5256066
2026-07-03T04:00:45.462872,2026-07-03T04:00:45.475465+00:00,117.6,125,ask,WavyWalnuts,YieldingYams,5256067
2026-07-03T04:00:47.591428,2026-07-03T04:00:47.600566+00:00,117.7,25,bid,Alice Feng,WavyWalnuts,5256091
2026-07-03T04:00:47.802353,2026-07-03T04:00:47.808811+00:00,117.7,25,bid,Alice Feng,WavyWalnuts,5256097
2026-07-03T04:00:47.870911,2026-07-03T04:00:47.878000+00:00,117.6,200,ask,YieldingYams,WavyWalnuts,5256099
2026-07-03T04:00:48.210632,2026-07-03T04:00:48.218802+00:00,117.7,25,bid,Alice Feng,YieldingYams,5256107
2026-07-03T04:00:49.692508,2026-07-03T04:00:49.696358+00:00,117.5,11,ask,WavyWalnuts,Xuanyu Liu,5256143
2026-07-03T04:00:50.692928,2026-07-03T04:00:50.703297+00:00,117.6,200,bid,YieldingYams,WavyWalnuts,5256152
2026-07-03T04:00:50.709395,2026-07-03T04:00:50.713191+00:00,117.6,12,ask,YieldingYams,Xuanyu Liu,5256154
2026-07-03T04:00:53.331496,2026-07-03T04:00:53.338053+00:00,117.5,200,ask,WavyWalnuts,YieldingYams,5256183
2026-07-03T04:00:53.331496,2026-07-03T04:00:53.343297+00:00,117.5,425,ask,AverageAlmonds,YieldingYams,5256184
2026-07-03T04:00:53.649320,2026-07-03T04:00:53.658598+00:00,117.8,20,bid,BrilliantBurritos,WavyWalnuts,5256187
2026-07-03T04:00:54.640371,2026-07-03T04:00:54.646730+00:00,117.7,200,bid,YieldingYams,WavyWalnuts,5256198
2026-07-03T04:00:54.665059,2026-07-03T04:00:54.669166+00:00,117.8,14,ask,YieldingYams,Xuanyu Liu,5256201
2026-07-03T04:00:55.129497,2026-07-03T04:00:55.138800+00:00,117.8,200,ask,YieldingYams,WavyWalnuts,5256208
2026-07-03T04:00:55.952290,2026-07-03T04:00:55.954634+00:00,117.6,500,ask,AverageAlmonds,YieldingYams,5256224
2026-07-03T04:00:55.952290,2026-07-03T04:00:55.954634+00:00,117.5,125,ask,WavyWalnuts,YieldingYams,5256225
2026-07-03T04:00:59.970506,2026-07-03T04:00:59.980173+00:00,117.8,200,bid,WavyWalnuts,YieldingYams,5256264
2026-07-03T04:01:01.193793,2026-07-03T04:01:01.203809+00:00,117.8,200,bid,WavyWalnuts,YieldingYams,5256279
2026-07-03T04:01:01.203803,2026-07-03T04:01:01.214290+00:00,118.0,200,bid,YieldingYams,WavyWalnuts,5256280
2026-07-03T04:01:01.208828,2026-07-03T04:01:01.219502+00:00,118.0,22,ask,YieldingYams,Zihao Wu,5256281
2026-07-03T04:01:02.403337,2026-07-03T04:01:02.412296+00:00,118.0,200,ask,YieldingYams,WavyWalnuts,5256299
2026-07-03T04:01:03.825287,2026-07-03T04:01:03.832267+00:00,118.0,200,bid,YieldingYams,WavyWalnuts,5256313
2026-07-03T04:01:03.858216,2026-07-03T04:01:03.869831+00:00,118.2,20,bid,BrilliantBurritos,YieldingYams,5256314
2026-07-03T04:01:04.818206,2026-07-03T04:01:04.825576+00:00,118.0,200,ask,YieldingYams,WavyWalnuts,5256335
2026-07-03T04:01:05.644793,2026-07-03T04:01:05.658549+00:00,117.8,25,ask,WavyWalnuts,Alice Feng,5256352
2026-07-03T04:01:05.657595,2026-07-03T04:01:05.669141+00:00,118.0,2,bid,Alice Feng,YieldingYams,5256354
2026-07-03T04:01:05.862583,2026-07-03T04:01:05.874222+00:00,118.0,2,bid,Alice Feng,YieldingYams,5256357
2026-07-03T04:01:06.067405,2026-07-03T04:01:06.078898+00:00,118.0,2,bid,Alice Feng,YieldingYams,5256362
2026-07-03T04:01:06.272852,2026-07-03T04:01:06.284618+00:00,118.0,2,bid,Alice Feng,YieldingYams,5256363
2026-07-03T04:01:06.479846,2026-07-03T04:01:06.491176+00:00,118.1,2,bid,Alice Feng,YieldingYams,5256372
2026-07-03T04:01:09.909118,2026-07-03T04:01:09.915583+00:00,117.9,25,ask,WavyWalnuts,Alice Feng,5256429
2026-07-03T04:01:10.117177,2026-07-03T04:01:10.128806+00:00,117.9,25,ask,WavyWalnuts,Alice Feng,5256433
2026-07-03T04:01:10.328300,2026-07-03T04:01:10.339687+00:00,117.9,25,ask,WavyWalnuts,Alice Feng,5256439
2026-07-03T04:01:10.399754,2026-07-03T04:01:10.407167+00:00,117.9,125,ask,WavyWalnuts,YieldingYams,5256441
2026-07-03T04:01:10.399754,2026-07-03T04:01:10.412157+00:00,117.8,500,ask,AverageAlmonds,YieldingYams,5256442
2026-07-03T04:01:10.939446,2026-07-03T04:01:10.948159+00:00,117.9,25,ask,AverageAlmonds,Alice Feng,5256453
2026-07-03T04:01:11.376716,2026-07-03T04:01:11.384775+00:00,118.0,200,bid,AverageAlmonds,WavyWalnuts,5256457
2026-07-03T04:01:14.998264,2026-07-03T04:01:15.002263+00:00,118.0,14,ask,YieldingYams,Xuanyu Liu,5256511
2026-07-03T04:01:15.154916,2026-07-03T04:01:15.166430+00:00,118.0,25,ask,YieldingYams,Alice Feng,5256517
2026-07-03T04:01:15.364709,2026-07-03T04:01:15.376411+00:00,118.0,25,ask,YieldingYams,Alice Feng,5256519
2026-07-03T04:01:15.656181,2026-07-03T04:01:15.652289+00:00,118.2,20,bid,BrilliantBurritos,YieldingYams,5256524
2026-07-03T04:01:15.782102,2026-07-03T04:01:15.793891+00:00,118.1,2,bid,Alice Feng,YieldingYams,5256526
2026-07-03T04:01:15.988331,2026-07-03T04:01:15.999687+00:00,118.1,2,bid,Alice Feng,YieldingYams,5256529
2026-07-03T04:01:18.288911,2026-07-03T04:01:18.295966+00:00,118.0,500,ask,AverageAlmonds,YieldingYams,5256575
2026-07-03T04:01:18.306177,2026-07-03T04:01:18.309556+00:00,118.0,11,bid,Xuanyu Liu,YieldingYams,5256577
2026-07-03T04:01:19.346085,2026-07-03T04:01:19.352869+00:00,118.0,114,bid,WavyWalnuts,YieldingYams,5256595
2026-07-03T04:01:19.470936,2026-07-03T04:01:19.482402+00:00,118.0,21,ask,WavyWalnuts,Alice Feng,5256599
2026-07-03T04:01:20.559197,2026-07-03T04:01:20.568896+00:00,118.1,200,ask,YieldingYams,WavyWalnuts,5256624
2026-07-03T04:01:22.494059,2026-07-03T04:01:22.505639+00:00,118.1,20,ask,YieldingYams,BrilliantBurritos,5256656
2026-07-03T04:01:22.903706,2026-07-03T04:01:22.914210+00:00,118.1,20,ask,YieldingYams,BrilliantBurritos,5256660
2026-07-03T04:01:29.027155,2026-07-03T04:01:29.034177+00:00,118.1,200,ask,YieldingYams,WavyWalnuts,5256757
2026-07-03T04:01:30.001051,2026-07-03T04:01:30.012813+00:00,118.1,20,ask,YieldingYams,BrilliantBurritos,5256777
2026-07-03T04:01:32.650296,2026-07-03T04:01:32.658600+00:00,118.2,200,bid,WavyWalnuts,YieldingYams,5256828
2026-07-03T04:01:32.718489,2026-07-03T04:01:32.722506+00:00,118.1,11,ask,YieldingYams,Xuanyu Liu,5256830
2026-07-03T04:01:33.870109,2026-07-03T04:01:33.874187+00:00,118.2,12,ask,WavyWalnuts,Xuanyu Liu,5256861
2026-07-03T04:01:33.929627,2026-07-03T04:01:33.934608+00:00,118.3,12,bid,Xuanyu Liu,YieldingYams,5256864
2026-07-03T04:01:35.004503,2026-07-03T04:01:35.013247+00:00,118.2,188,ask,WavyWalnuts,AverageAlmonds,5256889
2026-07-03T04:01:35.004503,2026-07-03T04:01:35.013247+00:00,118.2,312,ask,YieldingYams,AverageAlmonds,5256890
2026-07-03T04:01:35.066684,2026-07-03T04:01:35.074652+00:00,118.2,200,ask,YieldingYams,WavyWalnuts,5256892
2026-07-03T04:01:35.339749,2026-07-03T04:01:35.343530+00:00,118.2,11,bid,Xuanyu Liu,YieldingYams,5256895
2026-07-03T04:01:36.419077,2026-07-03T04:01:36.426859+00:00,118.2,20,bid,BrilliantBurritos,YieldingYams,5256918
2026-07-03T04:01:37.942905,2026-07-03T04:01:37.953424+00:00,118.0,200,ask,WavyWalnuts,YieldingYams,5256940
2026-07-03T04:01:38.688171,2026-07-03T04:01:38.699361+00:00,118.0,200,bid,WavyWalnuts,YieldingYams,5256952
2026-07-03T04:01:41.112657,2026-07-03T04:01:41.118972+00:00,118.0,200,ask,YieldingYams,WavyWalnuts,5256985
2026-07-03T04:01:42.319345,2026-07-03T04:01:42.327466+00:00,118.0,200,ask,YieldingYams,WavyWalnuts,5257002
2026-07-03T04:01:43.526868,2026-07-03T04:01:43.534664+00:00,118.0,200,ask,YieldingYams,WavyWalnuts,5257017
2026-07-03T04:01:44.309881,2026-07-03T04:01:44.321197+00:00,118.0,20,ask,YieldingYams,BrilliantBurritos,5257030
2026-07-03T04:01:44.734317,2026-07-03T04:01:44.742286+00:00,118.0,200,ask,YieldingYams,WavyWalnuts,5257034
2026-07-03T04:01:45.822811,2026-07-03T04:01:45.825311+00:00,118.0,3,bid,Xuanyu Liu,YieldingYams,5257051
2026-07-03T04:01:47.119018,2026-07-03T04:01:47.127748+00:00,117.9,200,ask,WavyWalnuts,YieldingYams,5257071
2026-07-03T04:01:49.563904,2026-07-03T04:01:49.574240+00:00,117.8,200,ask,YieldingYams,WavyWalnuts,5257110
2026-07-03T04:01:52.357453,2026-07-03T04:01:52.368673+00:00,118.0,200,bid,YieldingYams,WavyWalnuts,5257148
2026-07-03T04:01:55.014091,2026-07-03T04:01:55.023803+00:00,118.0,200,bid,YieldingYams,WavyWalnuts,5257198
2026-07-03T04:01:55.014091,2026-07-03T04:01:55.023803+00:00,118.1,425,bid,YieldingYams,AverageAlmonds,5257199
2026-07-03T04:01:55.514879,2026-07-03T04:01:55.526667+00:00,117.8,20,ask,WavyWalnuts,BrilliantBurritos,5257207
2026-07-03T04:01:56.324451,2026-07-03T04:01:56.332691+00:00,117.9,200,ask,WavyWalnuts,YieldingYams,5257218
2026-07-03T04:01:56.815836,2026-07-03T04:01:56.823220+00:00,117.8,200,bid,WavyWalnuts,YieldingYams,5257223
2026-07-03T04:02:00.887846,2026-07-03T04:02:00.899362+00:00,118.0,20,bid,BrilliantBurritos,YieldingYams,5257279
2026-07-03T04:02:02.139978,2026-07-03T04:02:02.151502+00:00,117.9,20,bid,BrilliantBurritos,YieldingYams,5257303
2026-07-03T04:02:04.176478,2026-07-03T04:02:04.183716+00:00,117.9,200,bid,YieldingYams,WavyWalnuts,5257331
2026-07-03T04:02:04.471014,2026-07-03T04:02:04.482684+00:00,117.9,20,ask,YieldingYams,BrilliantBurritos,5257333
2026-07-03T04:02:06.794919,2026-07-03T04:02:06.805074+00:00,117.9,500,ask,AverageAlmonds,YieldingYams,5257383
2026-07-03T04:02:07.057802,2026-07-03T04:02:07.069034+00:00,117.9,125,bid,AverageAlmonds,YieldingYams,5257386
2026-07-03T04:02:08.101985,2026-07-03T04:02:08.113105+00:00,118.1,200,bid,YieldingYams,WavyWalnuts,5257398
2026-07-03T04:02:09.427180,2026-07-03T04:02:09.431402+00:00,118.1,3,bid,Xuanyu Liu,YieldingYams,5257412
2026-07-03T04:02:09.575379,2026-07-03T04:02:09.586903+00:00,118.1,25,bid,Alice Feng,YieldingYams,5257418
2026-07-03T04:02:09.788710,2026-07-03T04:02:09.797642+00:00,118.1,25,bid,Alice Feng,YieldingYams,5257424
2026-07-03T04:02:10.001153,2026-07-03T04:02:10.011427+00:00,118.1,25,bid,Alice Feng,YieldingYams,5257430
2026-07-03T04:02:10.140533,2026-07-03T04:02:10.150556+00:00,118.1,200,bid,WavyWalnuts,YieldingYams,5257431
2026-07-03T04:02:10.212496,2026-07-03T04:02:10.218942+00:00,118.1,25,bid,Alice Feng,YieldingYams,5257435
2026-07-03T04:02:11.360792,2026-07-03T04:02:11.370460+00:00,118.2,200,ask,YieldingYams,WavyWalnuts,5257456
2026-07-03T04:02:11.939875,2026-07-03T04:02:11.943554+00:00,118.2,3,ask,YieldingYams,Xuanyu Liu,5257466
2026-07-03T04:02:12.567581,2026-07-03T04:02:12.574845+00:00,118.2,200,ask,YieldingYams,WavyWalnuts,5257482
2026-07-03T04:02:13.775937,2026-07-03T04:02:13.785706+00:00,118.2,200,bid,WavyWalnuts,YieldingYams,5257500
2026-07-03T04:02:14.719022,2026-07-03T04:02:14.730394+00:00,118.1,22,ask,YieldingYams,Zihao Wu,5257512
2026-07-03T04:02:16.546239,2026-07-03T04:02:16.563702+00:00,118.2,20,ask,WavyWalnuts,BrilliantBurritos,5257529
2026-07-03T04:02:18.206052,2026-07-03T04:02:18.210010+00:00,118.3,3,bid,Xuanyu Liu,YieldingYams,5257554
2026-07-03T04:02:18.268943,2026-07-03T04:02:18.275825+00:00,118.3,25,bid,Alice Feng,YieldingYams,5257556
2026-07-03T04:02:18.476521,2026-07-03T04:02:18.485475+00:00,118.3,25,bid,Alice Feng,YieldingYams,5257559
2026-07-03T04:02:18.631499,2026-07-03T04:02:18.635324+00:00,118.2,11,bid,Xuanyu Liu,WavyWalnuts,5257564
2026-07-03T04:02:18.687216,2026-07-03T04:02:18.696983+00:00,118.2,25,bid,Alice Feng,WavyWalnuts,5257567
2026-07-03T04:02:18.896883,2026-07-03T04:02:18.903355+00:00,118.2,25,bid,Alice Feng,WavyWalnuts,5257573
2026-07-03T04:02:20.555594,2026-07-03T04:02:20.567543+00:00,118.2,20,bid,BrilliantBurritos,WavyWalnuts,5257602
2026-07-03T04:02:29.470089,2026-07-03T04:02:29.479826+00:00,118.2,200,ask,WavyWalnuts,AverageAlmonds,5257722
2026-07-03T04:02:29.513312,2026-07-03T04:02:29.521350+00:00,118.2,200,bid,WavyWalnuts,AverageAlmonds,5257727
2026-07-03T04:02:30.386326,2026-07-03T04:02:30.394351+00:00,118.2,500,bid,YieldingYams,AverageAlmonds,5257741
2026-07-03T04:02:30.668560,2026-07-03T04:02:30.675272+00:00,118.2,125,ask,YieldingYams,AverageAlmonds,5257744
2026-07-03T04:02:31.695833,2026-07-03T04:02:31.703261+00:00,118.1,200,ask,WavyWalnuts,YieldingYams,5257764
2026-07-03T04:02:33.004941,2026-07-03T04:02:33.012456+00:00,118.0,200,ask,WavyWalnuts,YieldingYams,5257788
2026-07-03T04:02:33.018584,2026-07-03T04:02:33.022346+00:00,118.0,12,bid,Xuanyu Liu,YieldingYams,5257790
2026-07-03T04:02:33.132912,2026-07-03T04:02:33.143922+00:00,118.0,200,bid,WavyWalnuts,YieldingYams,5257792
2026-07-03T04:02:34.333388,2026-07-03T04:02:34.341269+00:00,118.2,200,bid,YieldingYams,WavyWalnuts,5257820
2026-07-03T04:02:34.342327,2026-07-03T04:02:34.358987+00:00,118.2,200,ask,YieldingYams,WavyWalnuts,5257821
2026-07-03T04:02:34.355052,2026-07-03T04:02:34.358987+00:00,118.2,23,ask,YieldingYams,Xuanyu Liu,5257823
2026-07-03T04:02:34.771922,2026-07-03T04:02:34.778825+00:00,118.3,22,bid,Zihao Wu,AverageAlmonds,5257826
2026-07-03T04:02:34.895642,2026-07-03T04:02:34.906984+00:00,118.2,20,ask,YieldingYams,BrilliantBurritos,5257829
2026-07-03T04:02:34.921488,2026-07-03T04:02:34.927873+00:00,118.2,182,ask,YieldingYams,AverageAlmonds,5257830
2026-07-03T04:02:36.950277,2026-07-03T04:02:36.956073+00:00,118.0,200,ask,WavyWalnuts,YieldingYams,5257864
2026-07-03T04:02:37.971665,2026-07-03T04:02:37.980032+00:00,117.9,200,bid,WavyWalnuts,YieldingYams,5257879
2026-07-03T04:02:39.587183,2026-07-03T04:02:39.591167+00:00,118.1,3,ask,YieldingYams,Xuanyu Liu,5257913
2026-07-03T04:02:40.375792,2026-07-03T04:02:40.385457+00:00,118.1,500,ask,YieldingYams,AverageAlmonds,5257930
2026-07-03T04:02:41.492319,2026-07-03T04:02:41.496089+00:00,118.1,3,bid,Xuanyu Liu,YieldingYams,5257948
2026-07-03T04:02:44.049587,2026-07-03T04:02:44.064154+00:00,118.2,200,ask,YieldingYams,WavyWalnuts,5257981
2026-07-03T04:02:44.345944,2026-07-03T04:02:44.357633+00:00,118.3,20,bid,BrilliantBurritos,AverageAlmonds,5257988
2026-07-03T04:02:45.658354,2026-07-03T04:02:45.669955+00:00,118.3,20,bid,BrilliantBurritos,AverageAlmonds,5258007
2026-07-03T04:02:46.473711,2026-07-03T04:02:46.481071+00:00,118.2,200,ask,YieldingYams,WavyWalnuts,5258018
2026-07-03T04:02:47.556297,2026-07-03T04:02:47.567859+00:00,118.2,20,ask,YieldingYams,BrilliantBurritos,5258036
2026-07-03T04:02:47.646918,2026-07-03T04:02:47.650733+00:00,118.3,11,bid,Xuanyu Liu,AverageAlmonds,5258040
2026-07-03T04:02:48.406395,2026-07-03T04:02:48.414326+00:00,118.4,20,bid,BrilliantBurritos,YieldingYams,5258052
2026-07-03T04:02:52.993915,2026-07-03T04:02:52.997661+00:00,118.4,35,bid,Xuanyu Liu,AverageAlmonds,5258121
2026-07-03T04:02:54.308850,2026-07-03T04:02:54.320083+00:00,118.3,500,ask,YieldingYams,AverageAlmonds,5258145
2026-07-03T04:02:54.890480,2026-07-03T04:02:54.901051+00:00,118.3,125,ask,YieldingYams,AverageAlmonds,5258149
2026-07-03T04:02:54.909517,2026-07-03T04:02:54.913402+00:00,118.3,11,bid,Xuanyu Liu,AverageAlmonds,5258151
2026-07-03T04:02:56.146839,2026-07-03T04:02:56.155202+00:00,118.3,200,bid,WavyWalnuts,YieldingYams,5258167
2026-07-03T04:02:59.300809,2026-07-03T04:02:59.312093+00:00,118.1,20,ask,YieldingYams,BrilliantBurritos,5258220
2026-07-03T04:03:02.182879,2026-07-03T04:03:02.191689+00:00,118.1,500,ask,YieldingYams,AverageAlmonds,5258259
2026-07-03T04:03:02.778469,2026-07-03T04:03:02.785048+00:00,118.1,125,ask,YieldingYams,AverageAlmonds,5258267
2026-07-03T04:03:02.809305,2026-07-03T04:03:02.813252+00:00,118.1,11,bid,Xuanyu Liu,AverageAlmonds,5258270
2026-07-03T04:03:03.132960,2026-07-03T04:03:03.152600+00:00,118.0,200,ask,WavyWalnuts,YieldingYams,5258271
2026-07-03T04:03:03.148688,2026-07-03T04:03:03.152600+00:00,117.9,23,bid,Xuanyu Liu,YieldingYams,5258273
2026-07-03T04:03:03.445540,2026-07-03T04:03:03.453946+00:00,117.9,200,bid,WavyWalnuts,YieldingYams,5258278
2026-07-03T04:03:05.198445,2026-07-03T04:03:05.205421+00:00,117.9,500,ask,YieldingYams,AverageAlmonds,5258308
2026-07-03T04:03:06.359753,2026-07-03T04:03:06.371237+00:00,117.8,20,bid,BrilliantBurritos,YieldingYams,5258336
2026-07-03T04:03:08.211268,2026-07-03T04:03:08.222105+00:00,117.9,20,bid,BrilliantBurritos,YieldingYams,5258368
2026-07-03T04:03:09.445204,2026-07-03T04:03:09.459212+00:00,117.9,500,ask,YieldingYams,AverageAlmonds,5258390
2026-07-03T04:03:09.491834,2026-07-03T04:03:09.498468+00:00,117.9,125,ask,YieldingYams,WavyWalnuts,5258394
2026-07-03T04:03:13.601477,2026-07-03T04:03:13.609299+00:00,117.7,200,ask,WavyWalnuts,YieldingYams,5258464
2026-07-03T04:03:15.193312,2026-07-03T04:03:15.197284+00:00,117.6,11,ask,WavyWalnuts,Xuanyu Liu,5258501
2026-07-03T04:03:15.553971,2026-07-03T04:03:15.558907+00:00,117.7,12,ask,WavyWalnuts,Xuanyu Liu,5258509
2026-07-03T04:03:19.173164,2026-07-03T04:03:19.182311+00:00,117.5,200,ask,YieldingYams,WavyWalnuts,5258557
2026-07-03T04:03:21.589240,2026-07-03T04:03:21.596651+00:00,117.4,200,ask,AverageAlmonds,WavyWalnuts,5258597
2026-07-03T04:03:22.664567,2026-07-03T04:03:22.668455+00:00,117.4,11,ask,AverageAlmonds,Xuanyu Liu,5258614
2026-07-03T04:03:22.797909,2026-07-03T04:03:22.804596+00:00,117.4,200,ask,AverageAlmonds,WavyWalnuts,5258617
2026-07-03T04:03:28.875624,2026-07-03T04:03:28.885079+00:00,117.5,20,bid,BrilliantBurritos,WavyWalnuts,5258720
2026-07-03T04:03:31.274194,2026-07-03T04:03:31.282232+00:00,117.4,200,bid,WavyWalnuts,YieldingYams,5258755
2026-07-03T04:03:31.947929,2026-07-03T04:03:31.951386+00:00,117.4,11,ask,YieldingYams,Xuanyu Liu,5258767
2026-07-03T04:03:33.259752,2026-07-03T04:03:33.263881+00:00,117.5,12,ask,YieldingYams,Xuanyu Liu,5258781
2026-07-03T04:03:34.190907,2026-07-03T04:03:34.194721+00:00,117.6,23,bid,Xuanyu Liu,WavyWalnuts,5258794
2026-07-03T04:03:34.899424,2026-07-03T04:03:34.909969+00:00,117.5,200,ask,YieldingYams,WavyWalnuts,5258804
2026-07-03T04:03:40.964422,2026-07-03T04:03:40.968128+00:00,117.3,11,bid,Xuanyu Liu,WavyWalnuts,5258890
2026-07-03T04:03:43.873575,2026-07-03T04:03:43.881674+00:00,117.2,20,bid,BrilliantBurritos,YieldingYams,5258925
2026-07-03T04:03:44.578712,2026-07-03T04:03:44.585290+00:00,117.2,200,bid,WavyWalnuts,YieldingYams,5258932
2026-07-03T04:03:45.791929,2026-07-03T04:03:45.800117+00:00,117.2,200,ask,YieldingYams,WavyWalnuts,5258950
2026-07-03T04:03:46.409734,2026-07-03T04:03:46.421183+00:00,117.1,20,ask,YieldingYams,BrilliantBurritos,5258960
2026-07-03T04:03:47.679444,2026-07-03T04:03:47.689238+00:00,117.2,200,bid,YieldingYams,WavyWalnuts,5258986
2026-07-03T04:03:48.205307,2026-07-03T04:03:48.213505+00:00,117.2,200,ask,YieldingYams,WavyWalnuts,5258995
2026-07-03T04:03:50.627671,2026-07-03T04:03:50.637770+00:00,117.2,20,bid,BrilliantBurritos,YieldingYams,5259036
2026-07-03T04:03:51.612749,2026-07-03T04:03:51.619200+00:00,117.1,200,ask,WavyWalnuts,YieldingYams,5259055
2026-07-03T04:03:51.827351,2026-07-03T04:03:51.837928+00:00,117.1,200,bid,WavyWalnuts,YieldingYams,5259058
2026-07-03T04:03:52.360238,2026-07-03T04:03:52.371610+00:00,117.1,20,bid,BrilliantBurritos,YieldingYams,5259062
2026-07-03T04:03:54.571987,2026-07-03T04:03:54.583370+00:00,117.3,20,ask,WavyWalnuts,BrilliantBurritos,5259087
2026-07-03T04:03:55.471391,2026-07-03T04:03:55.475475+00:00,117.3,12,bid,Xuanyu Liu,WavyWalnuts,5259102
2026-07-03T04:03:59.471049,2026-07-03T04:03:59.479586+00:00,117.2,200,ask,WavyWalnuts,YieldingYams,5259157
2026-07-03T04:03:59.485697,2026-07-03T04:03:59.489340+00:00,117.1,17,bid,Xuanyu Liu,YieldingYams,5259159
2026-07-03T04:04:00.324649,2026-07-03T04:04:00.333961+00:00,117.1,200,bid,WavyWalnuts,YieldingYams,5259177
2026-07-03T04:04:02.647706,2026-07-03T04:04:02.652547+00:00,117.1,6,ask,YieldingYams,Xuanyu Liu,5259210
2026-07-03T04:04:02.701053,2026-07-03T04:04:02.731237+00:00,117.2,200,bid,AverageAlmonds,WavyWalnuts,5259211
2026-07-03T04:04:02.726701,2026-07-03T04:04:02.731237+00:00,117.2,11,ask,AverageAlmonds,Xuanyu Liu,5259213
2026-07-03T04:04:04.705557,2026-07-03T04:04:04.716973+00:00,117.1,200,ask,WavyWalnuts,YieldingYams,5259248
2026-07-03T04:04:04.705557,2026-07-03T04:04:04.716973+00:00,117.1,425,ask,AverageAlmonds,YieldingYams,5259249
2026-07-03T04:04:05.712390,2026-07-03T04:04:05.720964+00:00,117.1,200,bid,AverageAlmonds,WavyWalnuts,5259262
2026-07-03T04:04:06.389981,2026-07-03T04:04:06.397681+00:00,117.2,200,ask,YieldingYams,WavyWalnuts,5259271
2026-07-03T04:04:07.247132,2026-07-03T04:04:07.264121+00:00,117.4,20,bid,BrilliantBurritos,YieldingYams,5259282
2026-07-03T04:04:07.597105,2026-07-03T04:04:07.606930+00:00,117.2,200,ask,YieldingYams,WavyWalnuts,5259286
2026-07-03T04:04:08.632275,2026-07-03T04:04:08.643730+00:00,117.2,500,ask,AverageAlmonds,YieldingYams,5259307
2026-07-03T04:04:09.356288,2026-07-03T04:04:09.369026+00:00,117.2,125,bid,AverageAlmonds,YieldingYams,5259309
2026-07-03T04:04:09.356288,2026-07-03T04:04:09.369026+00:00,117.2,200,bid,AverageAlmonds,WavyWalnuts,5259310
2026-07-03T04:04:10.014697,2026-07-03T04:04:10.021496+00:00,117.3,200,ask,YieldingYams,WavyWalnuts,5259317
2026-07-03T04:04:11.224174,2026-07-03T04:04:11.230688+00:00,117.3,200,ask,YieldingYams,WavyWalnuts,5259339
2026-07-03T04:04:11.264752,2026-07-03T04:04:11.268926+00:00,117.5,23,ask,YieldingYams,Xuanyu Liu,5259342
2026-07-03T04:04:12.435953,2026-07-03T04:04:12.445535+00:00,117.5,200,ask,YieldingYams,WavyWalnuts,5259358
2026-07-03T04:04:13.660272,2026-07-03T04:04:13.663961+00:00,117.6,11,bid,Xuanyu Liu,WavyWalnuts,5259373
2026-07-03T04:04:14.850986,2026-07-03T04:04:14.854425+00:00,117.5,200,ask,YieldingYams,WavyWalnuts,5259391
2026-07-03T04:04:16.486640,2026-07-03T04:04:16.563668+00:00,117.6,200,bid,YieldingYams,WavyWalnuts,5259418
2026-07-03T04:04:16.571855,2026-07-03T04:04:16.576223+00:00,117.7,11,ask,YieldingYams,Xuanyu Liu,5259420
2026-07-03T04:04:18.186059,2026-07-03T04:04:18.197859+00:00,117.7,20,ask,WavyWalnuts,BrilliantBurritos,5259439
2026-07-03T04:04:24.143048,2026-07-03T04:04:24.154456+00:00,117.7,20,ask,YieldingYams,BrilliantBurritos,5259501
2026-07-03T04:04:25.732708,2026-07-03T04:04:25.743868+00:00,117.9,200,bid,WavyWalnuts,YieldingYams,5259526
2026-07-03T04:04:26.939509,2026-07-03T04:04:26.943193+00:00,117.8,11,ask,AverageAlmonds,Xuanyu Liu,5259542
2026-07-03T04:04:26.944684,2026-07-03T04:04:26.958914+00:00,117.9,200,bid,WavyWalnuts,YieldingYams,5259543
2026-07-03T04:04:28.127489,2026-07-03T04:04:28.135240+00:00,117.9,500,bid,AverageAlmonds,YieldingYams,5259554
2026-07-03T04:04:28.153675,2026-07-03T04:04:28.177108+00:00,117.9,125,bid,WavyWalnuts,YieldingYams,5259555
2026-07-03T04:04:28.173454,2026-07-03T04:04:28.177108+00:00,118.0,23,ask,WavyWalnuts,Xuanyu Liu,5259557
2026-07-03T04:04:31.676138,2026-07-03T04:04:31.687575+00:00,118.0,20,ask,WavyWalnuts,BrilliantBurritos,5259615
2026-07-03T04:04:31.784348,2026-07-03T04:04:31.794611+00:00,118.1,200,bid,WavyWalnuts,YieldingYams,5259620
2026-07-03T04:04:36.170586,2026-07-03T04:04:36.174493+00:00,118.2,12,ask,YieldingYams,Xuanyu Liu,5259680
2026-07-03T04:04:36.654203,2026-07-03T04:04:36.658605+00:00,118.2,200,ask,YieldingYams,WavyWalnuts,5259688
2026-07-03T04:04:40.082341,2026-07-03T04:04:40.094081+00:00,118.2,200,ask,WavyWalnuts,YieldingYams,5259741
2026-07-03T04:04:40.082341,2026-07-03T04:04:40.094081+00:00,118.2,425,ask,AverageAlmonds,YieldingYams,5259742
2026-07-03T04:04:41.391579,2026-07-03T04:04:41.399142+00:00,118.4,200,bid,YieldingYams,WavyWalnuts,5259755
2026-07-03T04:04:41.411086,2026-07-03T04:04:41.415169+00:00,118.5,11,ask,YieldingYams,Xuanyu Liu,5259759
2026-07-03T04:04:41.484170,2026-07-03T04:04:41.491629+00:00,118.5,200,ask,YieldingYams,WavyWalnuts,5259762
2026-07-03T04:04:42.848278,2026-07-03T04:04:42.853849+00:00,118.5,20,bid,BrilliantBurritos,YieldingYams,5259786
2026-07-03T04:04:43.729649,2026-07-03T04:04:43.733954+00:00,118.5,23,bid,Xuanyu Liu,YieldingYams,5259800
2026-07-03T04:04:45.742455,2026-07-03T04:04:45.758648+00:00,118.5,20,bid,BrilliantBurritos,YieldingYams,5259824
2026-07-03T04:04:47.936986,2026-07-03T04:04:47.943855+00:00,118.5,200,bid,YieldingYams,WavyWalnuts,5259853
2026-07-03T04:04:50.518690,2026-07-03T04:04:50.532759+00:00,118.7,500,bid,AverageAlmonds,YieldingYams,5259892
2026-07-03T04:04:52.398717,2026-07-03T04:04:52.406651+00:00,118.7,200,ask,YieldingYams,WavyWalnuts,5259920
2026-07-03T04:04:53.586841,2026-07-03T04:04:53.590829+00:00,118.8,11,ask,AverageAlmonds,Xuanyu Liu,5259944
2026-07-03T04:04:53.606930,2026-07-03T04:04:53.613673+00:00,118.8,200,ask,AverageAlmonds,WavyWalnuts,5259945
2026-07-03T04:04:54.041487,2026-07-03T04:04:54.048491+00:00,118.8,20,ask,AverageAlmonds,BrilliantBurritos,5259950
2026-07-03T04:04:54.812392,2026-07-03T04:04:54.820691+00:00,118.9,200,bid,WavyWalnuts,YieldingYams,5259962
2026-07-03T04:04:56.450519,2026-07-03T04:04:56.463242+00:00,118.8,1,ask,WavyWalnuts,Xuanyu Liu,5259987
2026-07-03T04:04:58.585476,2026-07-03T04:04:58.596805+00:00,118.7,20,ask,WavyWalnuts,BrilliantBurritos,5260021
2026-07-03T04:05:01.075636,2026-07-03T04:05:01.082178+00:00,118.8,200,ask,WavyWalnuts,YieldingYams,5260068
2026-07-03T04:05:01.093545,2026-07-03T04:05:01.097589+00:00,118.8,12,bid,Xuanyu Liu,YieldingYams,5260070
2026-07-03T04:05:03.283293,2026-07-03T04:05:03.290409+00:00,118.8,200,bid,WavyWalnuts,YieldingYams,5260110
2026-07-03T04:05:06.313802,2026-07-03T04:05:06.320647+00:00,118.8,200,bid,YieldingYams,WavyWalnuts,5260148
2026-07-03T04:05:06.907390,2026-07-03T04:05:06.914661+00:00,118.8,200,ask,YieldingYams,WavyWalnuts,5260164
2026-07-03T04:05:07.638743,2026-07-03T04:05:07.642209+00:00,118.7,34,bid,Xuanyu Liu,YieldingYams,5260181
2026-07-03T04:05:08.932453,2026-07-03T04:05:08.939926+00:00,118.6,200,ask,WavyWalnuts,YieldingYams,5260203
2026-07-03T04:05:08.950929,2026-07-03T04:05:08.954563+00:00,118.6,11,bid,Xuanyu Liu,YieldingYams,5260205
2026-07-03T04:05:09.323550,2026-07-03T04:05:09.330146+00:00,118.6,200,bid,WavyWalnuts,YieldingYams,5260210
2026-07-03T04:05:10.257742,2026-07-03T04:05:10.261848+00:00,118.6,11,ask,YieldingYams,Xuanyu Liu,5260229
2026-07-03T04:05:10.532447,2026-07-03T04:05:10.539500+00:00,118.6,200,ask,YieldingYams,WavyWalnuts,5260233
2026-07-03T04:05:12.664470,2026-07-03T04:05:12.675768+00:00,118.7,20,bid,BrilliantBurritos,YieldingYams,5260265
2026-07-03T04:05:16.336122,2026-07-03T04:05:16.347879+00:00,118.4,20,ask,WavyWalnuts,BrilliantBurritos,5260305
2026-07-03T04:05:16.592711,2026-07-03T04:05:16.658557+00:00,118.6,200,bid,WavyWalnuts,YieldingYams,5260311
2026-07-03T04:05:16.795667,2026-07-03T04:05:16.799481+00:00,118.7,34,ask,YieldingYams,Xuanyu Liu,5260314
2026-07-03T04:05:17.801829,2026-07-03T04:05:17.809556+00:00,118.7,200,ask,YieldingYams,WavyWalnuts,5260336
2026-07-03T04:05:18.090549,2026-07-03T04:05:18.093053+00:00,118.8,500,bid,YieldingYams,AverageAlmonds,5260338
2026-07-03T04:05:18.105727,2026-07-03T04:05:18.109654+00:00,118.8,12,ask,YieldingYams,Xuanyu Liu,5260340
2026-07-03T04:05:18.370104,2026-07-03T04:05:18.377985+00:00,118.8,113,ask,YieldingYams,AverageAlmonds,5260345
2026-07-03T04:05:19.230649,2026-07-03T04:05:19.242157+00:00,118.4,20,ask,WavyWalnuts,BrilliantBurritos,5260365
2026-07-03T04:05:20.709190,2026-07-03T04:05:20.720329+00:00,118.6,200,ask,WavyWalnuts,YieldingYams,5260384
2026-07-03T04:05:24.653391,2026-07-03T04:05:24.657130+00:00,118.6,200,ask,WavyWalnuts,YieldingYams,5260443
2026-07-03T04:05:25.963308,2026-07-03T04:05:25.972068+00:00,118.5,200,ask,WavyWalnuts,YieldingYams,5260460
2026-07-03T04:05:28.699587,2026-07-03T04:05:28.705821+00:00,118.5,200,ask,YieldingYams,WavyWalnuts,5260504
2026-07-03T04:05:32.321367,2026-07-03T04:05:32.328764+00:00,118.6,200,bid,WavyWalnuts,YieldingYams,5260559
2026-07-03T04:05:36.288971,2026-07-03T04:05:36.300037+00:00,118.7,20,bid,BrilliantBurritos,YieldingYams,5260616
2026-07-03T04:05:36.428903,2026-07-03T04:05:36.438814+00:00,118.7,200,bid,YieldingYams,WavyWalnuts,5260617
2026-07-03T04:05:37.164446,2026-07-03T04:05:37.171696+00:00,118.7,200,ask,YieldingYams,WavyWalnuts,5260626
2026-07-03T04:05:37.769749,2026-07-03T04:05:37.773543+00:00,118.6,12,bid,Xuanyu Liu,YieldingYams,5260641
2026-07-03T04:05:38.370292,2026-07-03T04:05:38.379987+00:00,118.6,200,bid,WavyWalnuts,YieldingYams,5260649
2026-07-03T04:05:38.387996,2026-07-03T04:05:38.396584+00:00,118.3,20,ask,YieldingYams,BrilliantBurritos,5260651
2026-07-03T04:05:39.585381,2026-07-03T04:05:39.595294+00:00,118.5,200,bid,WavyWalnuts,YieldingYams,5260670
2026-07-03T04:05:41.676934,2026-07-03T04:05:41.683506+00:00,118.6,200,ask,WavyWalnuts,YieldingYams,5260711
2026-07-03T04:05:42.003561,2026-07-03T04:05:42.012910+00:00,118.5,200,bid,WavyWalnuts,YieldingYams,5260714
2026-07-03T04:05:44.433283,2026-07-03T04:05:44.437387+00:00,118.6,12,ask,WavyWalnuts,Xuanyu Liu,5260740
2026-07-03T04:05:45.604173,2026-07-03T04:05:45.614764+00:00,118.6,188,ask,WavyWalnuts,YieldingYams,5260763
2026-07-03T04:05:46.912584,2026-07-03T04:05:46.922838+00:00,118.5,200,bid,YieldingYams,WavyWalnuts,5260786
2026-07-03T04:05:46.912584,2026-07-03T04:05:46.922838+00:00,118.7,425,bid,YieldingYams,AverageAlmonds,5260787
2026-07-03T04:05:48.222328,2026-07-03T04:05:48.230603+00:00,118.5,200,bid,YieldingYams,WavyWalnuts,5260801
2026-07-03T04:05:48.237042,2026-07-03T04:05:48.241334+00:00,118.5,14,ask,YieldingYams,Xuanyu Liu,5260803
2026-07-03T04:05:49.263861,2026-07-03T04:05:49.275459+00:00,118.5,200,ask,YieldingYams,WavyWalnuts,5260835
2026-07-03T04:05:51.699428,2026-07-03T04:05:51.711024+00:00,118.5,200,bid,WavyWalnuts,YieldingYams,5260866
2026-07-03T04:05:52.911961,2026-07-03T04:05:52.921094+00:00,118.5,200,bid,WavyWalnuts,AverageAlmonds,5260877
2026-07-03T04:05:53.488148,2026-07-03T04:05:53.495153+00:00,118.4,500,ask,YieldingYams,AverageAlmonds,5260883
2026-07-03T04:05:54.086406,2026-07-03T04:05:54.095178+00:00,118.4,125,ask,YieldingYams,AverageAlmonds,5260899
2026-07-03T04:05:54.131499,2026-07-03T04:05:54.142113+00:00,118.4,200,bid,WavyWalnuts,AverageAlmonds,5260900
2026-07-03T04:05:55.345330,2026-07-03T04:05:55.358595+00:00,118.3,200,bid,WavyWalnuts,YieldingYams,5260911
2026-07-03T04:05:56.557911,2026-07-03T04:05:56.569136+00:00,118.2,200,bid,WavyWalnuts,YieldingYams,5260935
2026-07-03T04:05:57.770382,2026-07-03T04:05:57.781586+00:00,118.1,200,bid,WavyWalnuts,YieldingYams,5260953
2026-07-03T04:05:57.922019,2026-07-03T04:05:57.933680+00:00,118.1,20,bid,BrilliantBurritos,YieldingYams,5260955
2026-07-03T04:05:58.979767,2026-07-03T04:05:58.988333+00:00,118.3,200,bid,WavyWalnuts,YieldingYams,5260976
2026-07-03T04:06:01.324225,2026-07-03T04:06:01.328018+00:00,118.2,3,bid,Xuanyu Liu,YieldingYams,5261001
2026-07-03T04:06:01.405039,2026-07-03T04:06:01.415187+00:00,118.2,200,bid,WavyWalnuts,YieldingYams,5261004
2026-07-03T04:06:05.033596,2026-07-03T04:06:05.040525+00:00,118.3,200,ask,YieldingYams,WavyWalnuts,5261056
2026-07-03T04:06:06.580744,2026-07-03T04:06:06.589140+00:00,118.3,200,ask,WavyWalnuts,YieldingYams,5261083
2026-07-03T04:06:07.443885,2026-07-03T04:06:07.458590+00:00,118.3,200,bid,WavyWalnuts,YieldingYams,5261090
2026-07-03T04:06:07.888978,2026-07-03T04:06:07.896191+00:00,118.3,500,bid,YieldingYams,AverageAlmonds,5261101
2026-07-03T04:06:07.906878,2026-07-03T04:06:07.910611+00:00,118.4,3,ask,YieldingYams,Xuanyu Liu,5261103
2026-07-03T04:06:07.986687,2026-07-03T04:06:07.995190+00:00,118.4,122,ask,YieldingYams,AverageAlmonds,5261104
2026-07-03T04:06:09.212162,2026-07-03T04:06:09.226000+00:00,118.5,20,bid,BrilliantBurritos,AverageAlmonds,5261125
2026-07-03T04:06:09.225442,2026-07-03T04:06:09.236460+00:00,118.3,200,ask,WavyWalnuts,YieldingYams,5261126
2026-07-03T04:06:09.863914,2026-07-03T04:06:09.875104+00:00,118.1,200,bid,WavyWalnuts,YieldingYams,5261135
2026-07-03T04:06:11.843569,2026-07-03T04:06:11.850297+00:00,118.3,200,ask,WavyWalnuts,YieldingYams,5261161
2026-07-03T04:06:12.574469,2026-07-03T04:06:12.586006+00:00,118.2,25,ask,WavyWalnuts,Alice Feng,5261178
2026-07-03T04:06:12.781828,2026-07-03T04:06:12.789774+00:00,118.2,25,ask,WavyWalnuts,Alice Feng,5261185
2026-07-03T04:06:12.989575,2026-07-03T04:06:13.001169+00:00,118.2,25,ask,WavyWalnuts,Alice Feng,5261193
2026-07-03T04:06:13.198620,2026-07-03T04:06:13.210217+00:00,118.2,25,ask,WavyWalnuts,Alice Feng,5261195
2026-07-03T04:06:13.412250,2026-07-03T04:06:13.423555+00:00,118.2,25,ask,WavyWalnuts,Alice Feng,5261199
2026-07-03T04:06:13.619676,2026-07-03T04:06:13.628948+00:00,118.1,25,ask,YieldingYams,Alice Feng,5261202
2026-07-03T04:06:14.159250,2026-07-03T04:06:14.170489+00:00,118.1,20,ask,YieldingYams,BrilliantBurritos,5261213
2026-07-03T04:06:16.499792,2026-07-03T04:06:16.568740+00:00,118.2,500,ask,YieldingYams,AverageAlmonds,5261252
2026-07-03T04:06:17.706309,2026-07-03T04:06:17.717521+00:00,118.1,200,ask,WavyWalnuts,AverageAlmonds,5261284
2026-07-03T04:06:18.907373,2026-07-03T04:06:18.914904+00:00,118.1,200,ask,WavyWalnuts,AverageAlmonds,5261296
2026-07-03T04:06:21.633149,2026-07-03T04:06:21.638481+00:00,117.9,20,ask,WavyWalnuts,BrilliantBurritos,5261349
2026-07-03T04:06:22.325188,2026-07-03T04:06:22.335437+00:00,117.8,200,ask,WavyWalnuts,YieldingYams,5261358
2026-07-03T04:06:23.045558,2026-07-03T04:06:23.058577+00:00,117.6,25,ask,YieldingYams,Alice Feng,5261368
2026-07-03T04:06:23.177375,2026-07-03T04:06:23.185425+00:00,117.8,200,bid,WavyWalnuts,YieldingYams,5261373
2026-07-03T04:06:23.255347,2026-07-03T04:06:23.266935+00:00,117.6,25,ask,YieldingYams,Alice Feng,5261374
2026-07-03T04:06:23.646455,2026-07-03T04:06:23.650198+00:00,117.7,3,ask,YieldingYams,Xuanyu Liu,5261384
2026-07-03T04:06:31.657027,2026-07-03T04:06:31.666034+00:00,117.7,200,bid,WavyWalnuts,YieldingYams,5261504
2026-07-03T04:06:36.768417,2026-07-03T04:06:36.789984+00:00,117.6,200,ask,WavyWalnuts,YieldingYams,5261571
2026-07-03T04:06:36.786096,2026-07-03T04:06:36.789984+00:00,117.5,3,bid,Xuanyu Liu,YieldingYams,5261573
2026-07-03T04:06:37.663939,2026-07-03T04:06:37.675118+00:00,117.5,422,bid,AverageAlmonds,YieldingYams,5261595
2026-07-03T04:06:38.075068,2026-07-03T04:06:38.083893+00:00,117.6,200,bid,YieldingYams,WavyWalnuts,5261605
2026-07-03T04:06:38.316510,2026-07-03T04:06:38.327968+00:00,117.8,20,bid,BrilliantBurritos,YieldingYams,5261607
2026-07-03T04:06:38.718484,2026-07-03T04:06:38.726004+00:00,117.6,20,ask,YieldingYams,BrilliantBurritos,5261609
2026-07-03T04:06:39.387506,2026-07-03T04:06:39.399015+00:00,117.6,200,ask,WavyWalnuts,YieldingYams,5261614
2026-07-03T04:06:40.128281,2026-07-03T04:06:40.137062+00:00,117.6,200,bid,WavyWalnuts,YieldingYams,5261623
2026-07-03T04:06:41.070037,2026-07-03T04:06:41.081393+00:00,117.6,20,ask,AverageAlmonds,BrilliantBurritos,5261636
2026-07-03T04:06:42.558098,2026-07-03T04:06:42.569618+00:00,117.6,200,bid,WavyWalnuts,YieldingYams,5261658
2026-07-03T04:06:45.531709,2026-07-03T04:06:45.540181+00:00,117.6,200,bid,AverageAlmonds,WavyWalnuts,5261707
2026-07-03T04:06:46.187386,2026-07-03T04:06:46.196713+00:00,117.6,200,ask,AverageAlmonds,WavyWalnuts,5261715
2026-07-03T04:06:47.394537,2026-07-03T04:06:47.405578+00:00,117.6,200,ask,AverageAlmonds,WavyWalnuts,5261734
2026-07-03T04:06:51.171693,2026-07-03T04:06:51.182208+00:00,117.7,200,bid,YieldingYams,WavyWalnuts,5261789
2026-07-03T04:06:52.837228,2026-07-03T04:06:52.846735+00:00,117.9,20,bid,BrilliantBurritos,YieldingYams,5261811
2026-07-03T04:06:54.677149,2026-07-03T04:06:54.697521+00:00,118.0,200,bid,WavyWalnuts,YieldingYams,5261845
2026-07-03T04:06:57.716925,2026-07-03T04:06:57.727623+00:00,117.9,200,ask,WavyWalnuts,YieldingYams,5261891
2026-07-03T04:07:01.886927,2026-07-03T04:07:01.899401+00:00,117.7,500,bid,AverageAlmonds,YieldingYams,5261967
2026-07-03T04:07:01.943221,2026-07-03T04:07:01.951323+00:00,117.7,125,bid,WavyWalnuts,YieldingYams,5261968
2026-07-03T04:07:06.156639,2026-07-03T04:07:06.160221+00:00,117.7,3,ask,WavyWalnuts,Xuanyu Liu,5262018
2026-07-03T04:07:06.785323,2026-07-03T04:07:06.794619+00:00,117.8,200,bid,WavyWalnuts,YieldingYams,5262033
2026-07-03T04:07:08.302714,2026-07-03T04:07:08.314110+00:00,117.9,20,bid,BrilliantBurritos,WavyWalnuts,5262055
2026-07-03T04:07:09.159096,2026-07-03T04:07:09.162886+00:00,117.8,11,ask,AverageAlmonds,Xuanyu Liu,5262070
2026-07-03T04:07:09.488667,2026-07-03T04:07:09.499182+00:00,117.8,489,ask,AverageAlmonds,YieldingYams,5262075
2026-07-03T04:07:10.795243,2026-07-03T04:07:10.803723+00:00,118.0,200,bid,YieldingYams,WavyWalnuts,5262093
2026-07-03T04:07:11.624843,2026-07-03T04:07:11.633974+00:00,118.1,200,ask,YieldingYams,WavyWalnuts,5262106
2026-07-03T04:07:15.256859,2026-07-03T04:07:15.264883+00:00,118.1,200,bid,WavyWalnuts,YieldingYams,5262151
2026-07-03T04:07:15.581350,2026-07-03T04:07:15.585079+00:00,118.1,11,bid,Xuanyu Liu,YieldingYams,5262158
2026-07-03T04:07:16.480073,2026-07-03T04:07:16.483649+00:00,118.0,3,bid,Xuanyu Liu,WavyWalnuts,5262172
2026-07-03T04:07:18.390161,2026-07-03T04:07:18.401567+00:00,118.0,20,bid,BrilliantBurritos,YieldingYams,5262212
2026-07-03T04:07:18.880540,2026-07-03T04:07:18.887041+00:00,117.8,200,ask,YieldingYams,WavyWalnuts,5262218
2026-07-03T04:07:21.269006,2026-07-03T04:07:21.279688+00:00,117.8,200,bid,YieldingYams,WavyWalnuts,5262259
2026-07-03T04:07:21.292710,2026-07-03T04:07:21.300945+00:00,117.8,200,ask,YieldingYams,WavyWalnuts,5262260
2026-07-03T04:07:28.254335,2026-07-03T04:07:28.258662+00:00,117.7,3,bid,Xuanyu Liu,YieldingYams,5262357
2026-07-03T04:07:28.389689,2026-07-03T04:07:28.396087+00:00,117.7,25,bid,Alice Feng,YieldingYams,5262359
2026-07-03T04:07:28.574553,2026-07-03T04:07:28.578429+00:00,117.6,11,bid,Xuanyu Liu,WavyWalnuts,5262366
2026-07-03T04:07:28.599244,2026-07-03T04:07:28.606099+00:00,117.6,25,bid,Alice Feng,WavyWalnuts,5262368
2026-07-03T04:07:28.809126,2026-07-03T04:07:28.815640+00:00,117.6,25,bid,Alice Feng,WavyWalnuts,5262373
2026-07-03T04:07:29.020658,2026-07-03T04:07:29.031415+00:00,117.6,25,bid,Alice Feng,WavyWalnuts,5262377
2026-07-03T04:07:29.144940,2026-07-03T04:07:29.151982+00:00,117.6,114,bid,YieldingYams,WavyWalnuts,5262380
2026-07-03T04:07:29.761584,2026-07-03T04:07:29.769476+00:00,117.8,200,bid,WavyWalnuts,YieldingYams,5262386
2026-07-03T04:07:30.777745,2026-07-03T04:07:30.788042+00:00,117.9,20,bid,BrilliantBurritos,YieldingYams,5262399
2026-07-03T04:07:31.505430,2026-07-03T04:07:31.516728+00:00,117.7,20,ask,YieldingYams,BrilliantBurritos,5262414
2026-07-03T04:07:34.583316,2026-07-03T04:07:34.593165+00:00,117.7,200,bid,AverageAlmonds,WavyWalnuts,5262460
2026-07-03T04:07:34.639930,2026-07-03T04:07:34.646801+00:00,117.8,25,bid,Alice Feng,YieldingYams,5262463
2026-07-03T04:07:34.849334,2026-07-03T04:07:34.858561+00:00,117.8,25,bid,Alice Feng,YieldingYams,5262467
2026-07-03T04:07:35.057662,2026-07-03T04:07:35.068936+00:00,117.8,25,bid,Alice Feng,YieldingYams,5262469
2026-07-03T04:07:35.267446,2026-07-03T04:07:35.283755+00:00,117.8,25,bid,Alice Feng,YieldingYams,5262473
2026-07-03T04:07:37.018868,2026-07-03T04:07:37.029121+00:00,117.9,200,ask,WavyWalnuts,YieldingYams,5262500
2026-07-03T04:07:37.036879,2026-07-03T04:07:37.044949+00:00,117.8,200,ask,AverageAlmonds,WavyWalnuts,5262501
2026-07-03T04:07:38.326698,2026-07-03T04:07:38.364064+00:00,117.8,200,bid,YieldingYams,WavyWalnuts,5262522
2026-07-03T04:07:42.256855,2026-07-03T04:07:42.268678+00:00,117.8,500,ask,AverageAlmonds,YieldingYams,5262577
2026-07-03T04:07:42.256855,2026-07-03T04:07:42.268678+00:00,117.8,125,ask,WavyWalnuts,YieldingYams,5262578
2026-07-03T04:07:45.512077,2026-07-03T04:07:45.521992+00:00,118.0,200,bid,WavyWalnuts,YieldingYams,5262637
2026-07-03T04:07:47.491404,2026-07-03T04:07:47.498121+00:00,117.9,200,ask,WavyWalnuts,YieldingYams,5262671
2026-07-03T04:07:47.508725,2026-07-03T04:07:47.512109+00:00,117.9,12,bid,Xuanyu Liu,YieldingYams,5262673
2026-07-03T04:07:47.930273,2026-07-03T04:07:47.939150+00:00,117.9,200,bid,WavyWalnuts,YieldingYams,5262681
2026-07-03T04:07:49.137724,2026-07-03T04:07:49.158601+00:00,117.9,200,bid,WavyWalnuts,YieldingYams,5262694
2026-07-03T04:07:51.543757,2026-07-03T04:07:51.547476+00:00,118.0,11,bid,Xuanyu Liu,YieldingYams,5262733
2026-07-03T04:07:53.993557,2026-07-03T04:07:53.997481+00:00,118.1,12,bid,Xuanyu Liu,WavyWalnuts,5262776
2026-07-03T04:07:54.060252,2026-07-03T04:07:54.067378+00:00,118.1,188,bid,YieldingYams,WavyWalnuts,5262777
2026-07-03T04:07:55.373801,2026-07-03T04:07:55.381558+00:00,118.2,200,ask,WavyWalnuts,YieldingYams,5262800
2026-07-03T04:07:55.863681,2026-07-03T04:07:55.875355+00:00,117.9,20,ask,YieldingYams,BrilliantBurritos,5262813
2026-07-03T04:07:57.596861,2026-07-03T04:07:57.608451+00:00,118.3,200,bid,WavyWalnuts,YieldingYams,5262829
2026-07-03T04:07:58.803670,2026-07-03T04:07:58.814546+00:00,118.3,200,bid,WavyWalnuts,YieldingYams,5262855
2026-07-03T04:08:01.198109,2026-07-03T04:08:01.207676+00:00,118.2,200,ask,WavyWalnuts,AverageAlmonds,5262891
2026-07-03T04:08:01.198109,2026-07-03T04:08:01.207676+00:00,118.2,300,ask,YieldingYams,AverageAlmonds,5262892
2026-07-03T04:08:01.792742,2026-07-03T04:08:01.802019+00:00,118.2,325,ask,YieldingYams,AverageAlmonds,5262900
2026-07-03T04:08:01.918215,2026-07-03T04:08:01.926237+00:00,118.1,200,ask,WavyWalnuts,YieldingYams,5262904
2026-07-03T04:08:01.931666,2026-07-03T04:08:01.935087+00:00,118.1,11,bid,Xuanyu Liu,YieldingYams,5262906
2026-07-03T04:08:02.442100,2026-07-03T04:08:02.446176+00:00,117.9,23,bid,Xuanyu Liu,WavyWalnuts,5262913
2026-07-03T04:08:03.083599,2026-07-03T04:08:03.087787+00:00,117.8,12,ask,YieldingYams,Xuanyu Liu,5262925
2026-07-03T04:08:03.227023,2026-07-03T04:08:03.233610+00:00,117.9,177,bid,YieldingYams,WavyWalnuts,5262926
2026-07-03T04:08:03.244929,2026-07-03T04:08:03.248940+00:00,117.9,11,ask,YieldingYams,Xuanyu Liu,5262928
2026-07-03T04:08:03.988607,2026-07-03T04:08:03.999350+00:00,118.0,20,bid,BrilliantBurritos,WavyWalnuts,5262942
2026-07-03T04:08:05.844906,2026-07-03T04:08:05.854766+00:00,118.0,200,bid,YieldingYams,WavyWalnuts,5262966
2026-07-03T04:08:05.864286,2026-07-03T04:08:05.868163+00:00,118.0,11,ask,YieldingYams,Xuanyu Liu,5262968
2026-07-03T04:08:06.074478,2026-07-03T04:08:06.083396+00:00,118.0,200,ask,YieldingYams,WavyWalnuts,5262973
2026-07-03T04:08:06.412768,2026-07-03T04:08:06.424414+00:00,118.1,20,bid,BrilliantBurritos,AverageAlmonds,5262978
2026-07-03T04:08:07.098304,2026-07-03T04:08:07.107092+00:00,118.0,20,ask,YieldingYams,BrilliantBurritos,5262990
2026-07-03T04:08:07.157743,2026-07-03T04:08:07.169037+00:00,117.8,200,ask,WavyWalnuts,YieldingYams,5262991
2026-07-03T04:08:07.174899,2026-07-03T04:08:07.178838+00:00,117.8,8,bid,Xuanyu Liu,YieldingYams,5262993
2026-07-03T04:08:07.277696,2026-07-03T04:08:07.287715+00:00,117.8,200,bid,WavyWalnuts,YieldingYams,5262995
2026-07-03T04:08:08.491225,2026-07-03T04:08:08.499365+00:00,117.7,200,bid,WavyWalnuts,YieldingYams,5263012
2026-07-03T04:08:09.407515,2026-07-03T04:08:09.411435+00:00,117.5,20,ask,YieldingYams,Xuanyu Liu,5263024
2026-07-03T04:08:09.669776,2026-07-03T04:08:09.673147+00:00,117.6,11,ask,AverageAlmonds,Xuanyu Liu,5263033
2026-07-03T04:08:09.792156,2026-07-03T04:08:09.796313+00:00,117.8,23,ask,YieldingYams,Xuanyu Liu,5263037
2026-07-03T04:08:12.516276,2026-07-03T04:08:12.521114+00:00,117.9,11,bid,Xuanyu Liu,WavyWalnuts,5263074
2026-07-03T04:08:13.339608,2026-07-03T04:08:13.346893+00:00,117.8,200,ask,YieldingYams,WavyWalnuts,5263090
2026-07-03T04:08:13.680119,2026-07-03T04:08:13.684134+00:00,118.0,12,bid,Xuanyu Liu,YieldingYams,5263095
2026-07-03T04:08:13.715212,2026-07-03T04:08:13.719015+00:00,117.9,11,bid,Xuanyu Liu,YieldingYams,5263097
2026-07-03T04:08:15.011182,2026-07-03T04:08:15.031888+00:00,117.7,200,ask,WavyWalnuts,YieldingYams,5263110
2026-07-03T04:08:15.027642,2026-07-03T04:08:15.031888+00:00,117.7,23,bid,Xuanyu Liu,YieldingYams,5263112
2026-07-03T04:08:15.753802,2026-07-03T04:08:15.764916+00:00,117.7,200,bid,WavyWalnuts,YieldingYams,5263125
2026-07-03T04:08:15.760839,2026-07-03T04:08:15.764916+00:00,117.6,11,ask,AverageAlmonds,Xuanyu Liu,5263126
2026-07-03T04:08:16.981147,2026-07-03T04:08:16.984707+00:00,117.7,12,ask,AverageAlmonds,Xuanyu Liu,5263144
2026-07-03T04:08:17.661175,2026-07-03T04:08:17.664814+00:00,117.8,11,ask,YieldingYams,Xuanyu Liu,5263160
2026-07-03T04:08:17.727676,2026-07-03T04:08:17.739401+00:00,117.8,20,ask,YieldingYams,BrilliantBurritos,5263161
2026-07-03T04:08:19.392032,2026-07-03T04:08:19.401838+00:00,117.9,200,ask,YieldingYams,WavyWalnuts,5263183
2026-07-03T04:08:20.280967,2026-07-03T04:08:20.285146+00:00,117.9,23,bid,Xuanyu Liu,YieldingYams,5263199
2026-07-03T04:08:21.811143,2026-07-03T04:08:21.818434+00:00,117.8,200,ask,AverageAlmonds,WavyWalnuts,5263215
2026-07-03T04:08:22.883602,2026-07-03T04:08:22.904035+00:00,117.8,500,ask,AverageAlmonds,YieldingYams,5263244
2026-07-03T04:08:22.900274,2026-07-03T04:08:22.904035+00:00,117.8,11,bid,Xuanyu Liu,YieldingYams,5263246
2026-07-03T04:08:23.018837,2026-07-03T04:08:23.025997+00:00,117.8,114,bid,WavyWalnuts,YieldingYams,5263248
2026-07-03T04:08:23.322201,2026-07-03T04:08:23.331796+00:00,118.0,20,bid,BrilliantBurritos,WavyWalnuts,5263253
2026-07-03T04:08:25.446829,2026-07-03T04:08:25.458644+00:00,117.8,200,ask,YieldingYams,WavyWalnuts,5263298
2026-07-03T04:08:26.372661,2026-07-03T04:08:26.376493+00:00,117.8,11,ask,YieldingYams,Xuanyu Liu,5263313
2026-07-03T04:08:26.640505,2026-07-03T04:08:26.644331+00:00,117.9,12,ask,AverageAlmonds,Xuanyu Liu,5263321
2026-07-03T04:08:26.656625,2026-07-03T04:08:26.665256+00:00,117.9,200,ask,AverageAlmonds,WavyWalnuts,5263323
2026-07-03T04:08:27.862417,2026-07-03T04:08:27.869177+00:00,117.9,200,ask,YieldingYams,WavyWalnuts,5263344
2026-07-03T04:08:29.079001,2026-07-03T04:08:29.089900+00:00,117.9,200,ask,YieldingYams,WavyWalnuts,5263367
2026-07-03T04:08:30.263348,2026-07-03T04:08:30.274385+00:00,117.9,500,bid,AverageAlmonds,YieldingYams,5263384
2026-07-03T04:08:30.732468,2026-07-03T04:08:30.751602+00:00,117.9,200,bid,YieldingYams,WavyWalnuts,5263392
2026-07-03T04:08:30.747787,2026-07-03T04:08:30.751602+00:00,118.0,11,ask,YieldingYams,Xuanyu Liu,5263394
2026-07-03T04:08:31.510305,2026-07-03T04:08:31.519087+00:00,118.0,200,ask,YieldingYams,WavyWalnuts,5263408
2026-07-03T04:08:32.718792,2026-07-03T04:08:32.729119+00:00,117.9,200,ask,YieldingYams,WavyWalnuts,5263430
2026-07-03T04:08:33.355659,2026-07-03T04:08:33.356721+00:00,117.9,500,ask,AverageAlmonds,YieldingYams,5263443
2026-07-03T04:08:33.870869,2026-07-03T04:08:33.881392+00:00,117.9,125,bid,AverageAlmonds,YieldingYams,5263450
2026-07-03T04:08:33.927868,2026-07-03T04:08:33.935223+00:00,117.9,200,ask,AverageAlmonds,WavyWalnuts,5263452
2026-07-03T04:08:34.675129,2026-07-03T04:08:34.678847+00:00,118.1,12,ask,YieldingYams,Xuanyu Liu,5263466
2026-07-03T04:08:34.728023,2026-07-03T04:08:34.731973+00:00,118.1,14,ask,YieldingYams,Xuanyu Liu,5263468
2026-07-03T04:08:34.778163,2026-07-03T04:08:34.789593+00:00,118.1,25,ask,YieldingYams,Alice Feng,5263469
2026-07-03T04:08:34.987802,2026-07-03T04:08:34.999716+00:00,118.1,25,ask,YieldingYams,Alice Feng,5263471
2026-07-03T04:08:35.136568,2026-07-03T04:08:35.143030+00:00,118.1,200,ask,YieldingYams,WavyWalnuts,5263475
2026-07-03T04:08:35.198721,2026-07-03T04:08:35.210539+00:00,118.1,25,ask,YieldingYams,Alice Feng,5263477
2026-07-03T04:08:35.408190,2026-07-03T04:08:35.419547+00:00,118.1,25,ask,YieldingYams,Alice Feng,5263479
2026-07-03T04:08:35.986792,2026-07-03T04:08:35.991022+00:00,118.1,3,bid,Xuanyu Liu,YieldingYams,5263501
2026-07-03T04:08:36.026748,2026-07-03T04:08:36.037593+00:00,118.1,25,bid,Alice Feng,YieldingYams,5263508
2026-07-03T04:08:36.236205,2026-07-03T04:08:36.243093+00:00,118.1,25,bid,Alice Feng,YieldingYams,5263516
2026-07-03T04:08:36.353271,2026-07-03T04:08:36.358617+00:00,117.9,200,ask,YieldingYams,WavyWalnuts,5263520
2026-07-03T04:08:36.444253,2026-07-03T04:08:36.452822+00:00,118.1,25,bid,Alice Feng,YieldingYams,5263522
2026-07-03T04:08:36.653322,2026-07-03T04:08:36.658622+00:00,118.1,25,bid,Alice Feng,YieldingYams,5263526
2026-07-03T04:08:36.657100,2026-07-03T04:08:36.663604+00:00,117.9,2,ask,YieldingYams,Alice Feng,5263527
2026-07-03T04:08:36.862303,2026-07-03T04:08:36.871008+00:00,117.9,1,ask,YieldingYams,Alice Feng,5263532
2026-07-03T04:08:37.562751,2026-07-03T04:08:37.569327+00:00,117.9,200,ask,AverageAlmonds,WavyWalnuts,5263545
2026-07-03T04:08:37.638921,2026-07-03T04:08:37.650438+00:00,118.0,20,bid,BrilliantBurritos,YieldingYams,5263548
2026-07-03T04:08:38.592163,2026-07-03T04:08:38.601783+00:00,117.9,500,ask,AverageAlmonds,YieldingYams,5263569
2026-07-03T04:08:38.720236,2026-07-03T04:08:38.729032+00:00,117.9,125,bid,AverageAlmonds,YieldingYams,5263571
2026-07-03T04:08:38.772956,2026-07-03T04:08:38.783468+00:00,118.0,200,ask,AverageAlmonds,WavyWalnuts,5263573
2026-07-03T04:08:39.352010,2026-07-03T04:08:39.355731+00:00,118.1,3,ask,AverageAlmonds,Xuanyu Liu,5263581
2026-07-03T04:08:39.900175,2026-07-03T04:08:39.909684+00:00,118.1,497,ask,AverageAlmonds,YieldingYams,5263587
2026-07-03T04:08:39.981375,2026-07-03T04:08:39.990856+00:00,118.0,200,ask,AverageAlmonds,WavyWalnuts,5263589
2026-07-03T04:08:41.196937,2026-07-03T04:08:41.204110+00:00,118.0,200,ask,AverageAlmonds,WavyWalnuts,5263612
2026-07-03T04:08:42.407317,2026-07-03T04:08:42.417587+00:00,118.1,200,ask,AverageAlmonds,WavyWalnuts,5263632
2026-07-03T04:08:43.614156,2026-07-03T04:08:43.625089+00:00,118.1,200,ask,AverageAlmonds,WavyWalnuts,5263651
2026-07-03T04:08:43.879303,2026-07-03T04:08:43.891043+00:00,118.2,25,ask,YieldingYams,Alice Feng,5263653
2026-07-03T04:08:44.088826,2026-07-03T04:08:44.100129+00:00,118.2,25,ask,YieldingYams,Alice Feng,5263656
2026-07-03T04:08:44.822239,2026-07-03T04:08:44.830044+00:00,118.2,200,ask,YieldingYams,WavyWalnuts,5263682
2026-07-03T04:08:48.424958,2026-07-03T04:08:48.431825+00:00,118.3,200,bid,AverageAlmonds,WavyWalnuts,5263732
2026-07-03T04:08:48.504803,2026-07-03T04:08:48.513036+00:00,118.3,25,ask,AverageAlmonds,Alice Feng,5263736
2026-07-03T04:08:48.715610,2026-07-03T04:08:48.723964+00:00,118.3,25,ask,AverageAlmonds,Alice Feng,5263745
2026-07-03T04:08:51.691920,2026-07-03T04:08:51.700672+00:00,118.3,200,bid,YieldingYams,WavyWalnuts,5263781
2026-07-03T04:08:52.756772,2026-07-03T04:08:52.751817+00:00,118.3,20,ask,YieldingYams,BrilliantBurritos,5263794
2026-07-03T04:08:59.560050,2026-07-03T04:08:59.569974+00:00,118.4,200,bid,YieldingYams,WavyWalnuts,5263877
2026-07-03T04:09:00.577221,2026-07-03T04:09:00.587180+00:00,118.5,200,ask,YieldingYams,WavyWalnuts,5263888
2026-07-03T04:09:00.887762,2026-07-03T04:09:00.891388+00:00,118.4,14,bid,Xuanyu Liu,YieldingYams,5263893
2026-07-03T04:09:00.949896,2026-07-03T04:09:00.956638+00:00,118.4,25,bid,Alice Feng,YieldingYams,5263895
2026-07-03T04:09:01.166309,2026-07-03T04:09:01.176700+00:00,118.4,25,bid,Alice Feng,YieldingYams,5263907
2026-07-03T04:09:01.376904,2026-07-03T04:09:01.387870+00:00,118.4,25,bid,Alice Feng,YieldingYams,5263909
2026-07-03T04:09:01.587274,2026-07-03T04:09:01.594263+00:00,118.4,25,bid,Alice Feng,YieldingYams,5263912
2026-07-03T04:09:01.785252,2026-07-03T04:09:01.793428+00:00,118.4,200,bid,WavyWalnuts,YieldingYams,5263916
2026-07-03T04:09:01.801734,2026-07-03T04:09:01.809481+00:00,118.4,3,bid,Alice Feng,YieldingYams,5263920
2026-07-03T04:09:02.798219,2026-07-03T04:09:02.809604+00:00,118.5,20,bid,BrilliantBurritos,YieldingYams,5263929
2026-07-03T04:09:04.163423,2026-07-03T04:09:04.174938+00:00,118.3,20,ask,WavyWalnuts,BrilliantBurritos,5263949
2026-07-03T04:09:05.416732,2026-07-03T04:09:05.426921+00:00,118.4,200,ask,YieldingYams,WavyWalnuts,5263971
2026-07-03T04:09:09.038123,2026-07-03T04:09:09.058616+00:00,118.5,200,ask,YieldingYams,WavyWalnuts,5264011
2026-07-03T04:09:10.044476,2026-07-03T04:09:10.048695+00:00,118.6,11,ask,YieldingYams,Xuanyu Liu,5264027
2026-07-03T04:09:10.196752,2026-07-03T04:09:10.203585+00:00,118.6,500,ask,YieldingYams,AverageAlmonds,5264028
2026-07-03T04:09:10.243991,2026-07-03T04:09:10.258638+00:00,118.6,114,ask,YieldingYams,WavyWalnuts,5264029
2026-07-03T04:09:11.333999,2026-07-03T04:09:11.342908+00:00,118.5,86,bid,YieldingYams,WavyWalnuts,5264043
2026-07-03T04:09:11.333999,2026-07-03T04:09:11.342908+00:00,118.5,500,bid,YieldingYams,AverageAlmonds,5264044
2026-07-03T04:09:11.428847,2026-07-03T04:09:11.436665+00:00,118.5,39,ask,YieldingYams,AverageAlmonds,5264046
2026-07-03T04:09:12.638480,2026-07-03T04:09:12.647044+00:00,118.4,200,ask,WavyWalnuts,AverageAlmonds,5264066
2026-07-03T04:09:12.661874,2026-07-03T04:09:12.671846+00:00,118.4,200,bid,WavyWalnuts,AverageAlmonds,5264067
2026-07-03T04:09:13.959978,2026-07-03T04:09:13.969441+00:00,118.3,500,bid,YieldingYams,AverageAlmonds,5264083
2026-07-03T04:09:14.441274,2026-07-03T04:09:14.449256+00:00,118.3,125,ask,YieldingYams,AverageAlmonds,5264087
2026-07-03T04:09:15.077107,2026-07-03T04:09:15.085584+00:00,118.4,200,bid,WavyWalnuts,AverageAlmonds,5264093
2026-07-03T04:09:15.286987,2026-07-03T04:09:15.291147+00:00,118.2,11,bid,Xuanyu Liu,YieldingYams,5264098
2026-07-03T04:09:15.829190,2026-07-03T04:09:15.833042+00:00,117.9,14,ask,YieldingYams,Xuanyu Liu,5264112
2026-07-03T04:09:16.284558,2026-07-03T04:09:16.293840+00:00,118.2,200,bid,WavyWalnuts,YieldingYams,5264119
2026-07-03T04:09:16.591011,2026-07-03T04:09:16.594940+00:00,118.2,3,ask,YieldingYams,Xuanyu Liu,5264127
2026-07-03T04:09:16.662175,2026-07-03T04:09:16.673899+00:00,118.2,25,ask,YieldingYams,Alice Feng,5264129
2026-07-03T04:09:16.872535,2026-07-03T04:09:16.879205+00:00,118.2,25,ask,YieldingYams,Alice Feng,5264133
2026-07-03T04:09:16.881280,2026-07-03T04:09:16.889639+00:00,118.4,2,bid,Alice Feng,YieldingYams,5264135
2026-07-03T04:09:17.087988,2026-07-03T04:09:17.095089+00:00,118.4,2,bid,Alice Feng,YieldingYams,5264138
2026-07-03T04:09:17.361068,2026-07-03T04:09:17.372628+00:00,118.4,2,bid,Alice Feng,YieldingYams,5264144
2026-07-03T04:09:17.565599,2026-07-03T04:09:17.577014+00:00,118.4,2,bid,Alice Feng,YieldingYams,5264149
2026-07-03T04:09:17.976557,2026-07-03T04:09:17.983086+00:00,118.4,2,bid,Alice Feng,AverageAlmonds,5264161
2026-07-03T04:09:18.182496,2026-07-03T04:09:18.191303+00:00,118.4,2,bid,Alice Feng,YieldingYams,5264171
2026-07-03T04:09:18.386616,2026-07-03T04:09:18.395130+00:00,118.4,2,bid,Alice Feng,WavyWalnuts,5264174
2026-07-03T04:09:18.591329,2026-07-03T04:09:18.598895+00:00,118.4,1,bid,Alice Feng,WavyWalnuts,5264176
2026-07-03T04:09:18.970114,2026-07-03T04:09:18.974049+00:00,118.4,3,bid,Xuanyu Liu,YieldingYams,5264191
2026-07-03T04:09:21.116529,2026-07-03T04:09:21.119034+00:00,118.3,500,ask,YieldingYams,AverageAlmonds,5264228
2026-07-03T04:09:21.714113,2026-07-03T04:09:21.764963+00:00,118.3,125,ask,YieldingYams,AverageAlmonds,5264244
2026-07-03T04:09:21.838516,2026-07-03T04:09:21.863696+00:00,118.2,200,ask,WavyWalnuts,YieldingYams,5264249
2026-07-03T04:09:21.869682,2026-07-03T04:09:21.873185+00:00,118.2,3,bid,Xuanyu Liu,YieldingYams,5264251
2026-07-03T04:09:22.005284,2026-07-03T04:09:22.012805+00:00,118.2,25,bid,Alice Feng,YieldingYams,5264254
2026-07-03T04:09:22.212685,2026-07-03T04:09:22.220802+00:00,118.2,8,bid,Alice Feng,YieldingYams,5264259
2026-07-03T04:09:22.401800,2026-07-03T04:09:22.413419+00:00,118.2,20,bid,BrilliantBurritos,YieldingYams,5264264
2026-07-03T04:09:23.566801,2026-07-03T04:09:23.574385+00:00,118.0,200,ask,YieldingYams,WavyWalnuts,5264285
2026-07-03T04:09:25.994066,2026-07-03T04:09:26.006674+00:00,118.0,20,ask,YieldingYams,BrilliantBurritos,5264341
2026-07-03T04:09:25.998132,2026-07-03T04:09:26.012016+00:00,118.0,200,ask,YieldingYams,WavyWalnuts,5264342
2026-07-03T04:09:27.093359,2026-07-03T04:09:27.097799+00:00,118.0,11,bid,Xuanyu Liu,YieldingYams,5264362
2026-07-03T04:09:27.205966,2026-07-03T04:09:27.216707+00:00,118.0,200,bid,WavyWalnuts,YieldingYams,5264367
2026-07-03T04:09:28.416386,2026-07-03T04:09:28.424647+00:00,118.1,200,ask,YieldingYams,WavyWalnuts,5264378
2026-07-03T04:09:29.604912,2026-07-03T04:09:29.615534+00:00,118.1,425,ask,YieldingYams,AverageAlmonds,5264397
2026-07-03T04:09:30.809488,2026-07-03T04:09:30.820069+00:00,118.0,200,ask,WavyWalnuts,AverageAlmonds,5264411
2026-07-03T04:09:30.831251,2026-07-03T04:09:30.835036+00:00,118.0,12,bid,Xuanyu Liu,AverageAlmonds,5264413
2026-07-03T04:09:32.305713,2026-07-03T04:09:32.313666+00:00,118.0,200,bid,YieldingYams,WavyWalnuts,5264436
2026-07-03T04:09:32.618134,2026-07-03T04:09:32.628577+00:00,118.0,425,ask,YieldingYams,AverageAlmonds,5264437
2026-07-03T04:09:35.707202,2026-07-03T04:09:35.711456+00:00,117.9,12,ask,WavyWalnuts,Xuanyu Liu,5264478
2026-07-03T04:09:37.581244,2026-07-03T04:09:37.591108+00:00,117.9,22,ask,WavyWalnuts,Zihao Wu,5264511
2026-07-03T04:09:37.964836,2026-07-03T04:09:37.969270+00:00,118.0,12,bid,Xuanyu Liu,AverageAlmonds,5264515
2026-07-03T04:09:40.194078,2026-07-03T04:09:40.200714+00:00,118.0,200,bid,YieldingYams,WavyWalnuts,5264558
2026-07-03T04:09:41.503778,2026-07-03T04:09:41.511695+00:00,118.1,200,bid,WavyWalnuts,AverageAlmonds,5264579
2026-07-03T04:09:41.503778,2026-07-03T04:09:41.511695+00:00,118.1,425,bid,YieldingYams,AverageAlmonds,5264580
2026-07-03T04:09:41.740628,2026-07-03T04:09:41.749040+00:00,118.1,200,bid,YieldingYams,WavyWalnuts,5264582
2026-07-03T04:09:42.948831,2026-07-03T04:09:42.958603+00:00,118.1,200,bid,WavyWalnuts,YieldingYams,5264602
2026-07-03T04:09:43.625753,2026-07-03T04:09:43.637126+00:00,117.8,20,ask,YieldingYams,BrilliantBurritos,5264612
2026-07-03T04:09:44.152202,2026-07-03T04:09:44.156704+00:00,118.0,12,ask,YieldingYams,Xuanyu Liu,5264625
2026-07-03T04:09:44.157399,2026-07-03T04:09:44.171979+00:00,118.2,200,bid,WavyWalnuts,AverageAlmonds,5264626
2026-07-03T04:09:45.370170,2026-07-03T04:09:45.381082+00:00,118.1,200,bid,WavyWalnuts,AverageAlmonds,5264641
2026-07-03T04:09:46.577655,2026-07-03T04:09:46.587322+00:00,118.2,200,bid,WavyWalnuts,YieldingYams,5264674
2026-07-03T04:09:46.755095,2026-07-03T04:09:46.767527+00:00,118.2,500,bid,YieldingYams,AverageAlmonds,5264677
2026-07-03T04:09:46.764053,2026-07-03T04:09:46.767527+00:00,118.2,11,ask,YieldingYams,Xuanyu Liu,5264679
2026-07-03T04:09:47.127725,2026-07-03T04:09:47.137799+00:00,118.2,114,ask,YieldingYams,AverageAlmonds,5264681
2026-07-03T04:09:47.689250,2026-07-03T04:09:47.700722+00:00,117.5,20,ask,AverageAlmonds,BrilliantBurritos,5264689
2026-07-03T04:09:49.373946,2026-07-03T04:09:49.383487+00:00,118.0,200,ask,WavyWalnuts,YieldingYams,5264713
2026-07-03T04:09:51.448326,2026-07-03T04:09:51.458604+00:00,118.0,200,bid,WavyWalnuts,YieldingYams,5264736
2026-07-03T04:09:51.979988,2026-07-03T04:09:51.986752+00:00,118.0,425,bid,AverageAlmonds,YieldingYams,5264747
2026-07-03T04:09:51.995913,2026-07-03T04:09:52.002231+00:00,118.2,200,bid,YieldingYams,WavyWalnuts,5264748
2026-07-03T04:09:52.013004,2026-07-03T04:09:52.016676+00:00,118.2,3,ask,YieldingYams,Xuanyu Liu,5264750
2026-07-03T04:09:52.070357,2026-07-03T04:09:52.081925+00:00,118.2,25,ask,YieldingYams,Alice Feng,5264751
2026-07-03T04:09:52.279078,2026-07-03T04:09:52.290419+00:00,118.2,25,ask,YieldingYams,Alice Feng,5264755
2026-07-03T04:09:52.487888,2026-07-03T04:09:52.499339+00:00,118.2,25,ask,YieldingYams,Alice Feng,5264757
2026-07-03T04:09:52.700929,2026-07-03T04:09:52.712820+00:00,118.2,25,ask,YieldingYams,Alice Feng,5264762
2026-07-03T04:09:53.774285,2026-07-03T04:09:53.777652+00:00,118.2,3,bid,Xuanyu Liu,YieldingYams,5264782
2026-07-03T04:09:53.931170,2026-07-03T04:09:53.938798+00:00,118.2,25,bid,Alice Feng,YieldingYams,5264787
2026-07-03T04:09:54.140783,2026-07-03T04:09:54.147876+00:00,118.2,25,bid,Alice Feng,YieldingYams,5264789
2026-07-03T04:09:54.351081,2026-07-03T04:09:54.358625+00:00,118.2,25,bid,Alice Feng,YieldingYams,5264791
2026-07-03T04:09:54.559196,2026-07-03T04:09:54.570636+00:00,118.2,25,bid,Alice Feng,YieldingYams,5264799
2026-07-03T04:09:55.925455,2026-07-03T04:09:55.936218+00:00,118.0,200,ask,WavyWalnuts,YieldingYams,5264817
2026-07-03T04:09:55.925455,2026-07-03T04:09:55.936218+00:00,118.0,425,ask,AverageAlmonds,YieldingYams,5264818
2026-07-03T04:09:56.274243,2026-07-03T04:09:56.284821+00:00,118.0,200,ask,AverageAlmonds,WavyWalnuts,5264820
2026-07-03T04:09:57.386106,2026-07-03T04:09:57.397699+00:00,118.3,20,bid,BrilliantBurritos,YieldingYams,5264838
2026-07-03T04:09:57.481556,2026-07-03T04:09:57.490780+00:00,118.1,200,ask,YieldingYams,WavyWalnuts,5264841
2026-07-03T04:09:57.604296,2026-07-03T04:09:57.613039+00:00,118.3,22,bid,Zihao Wu,YieldingYams,5264843
2026-07-03T04:09:59.436125,2026-07-03T04:09:59.447844+00:00,118.2,20,bid,BrilliantBurritos,YieldingYams,5264859
2026-07-03T04:10:04.473489,2026-07-03T04:10:04.484745+00:00,118.0,20,ask,WavyWalnuts,BrilliantBurritos,5264932
2026-07-03T04:10:05.088632,2026-07-03T04:10:05.100117+00:00,118.1,20,ask,YieldingYams,BrilliantBurritos,5264934
2026-07-03T04:10:05.850746,2026-07-03T04:10:05.858550+00:00,118.2,20,bid,BrilliantBurritos,WavyWalnuts,5264948
2026-07-03T04:10:05.949795,2026-07-03T04:10:05.958550+00:00,118.1,200,ask,YieldingYams,WavyWalnuts,5264951
2026-07-03T04:10:06.423548,2026-07-03T04:10:06.427564+00:00,118.0,3,ask,AverageAlmonds,Xuanyu Liu,5264956
2026-07-03T04:10:07.159392,2026-07-03T04:10:07.169271+00:00,118.1,200,ask,AverageAlmonds,WavyWalnuts,5264978
2026-07-03T04:10:07.185942,2026-07-03T04:10:07.197499+00:00,118.1,25,ask,AverageAlmonds,Alice Feng,5264979
2026-07-03T04:10:07.394456,2026-07-03T04:10:07.403198+00:00,118.1,25,ask,AverageAlmonds,Alice Feng,5264985
2026-07-03T04:10:07.602985,2026-07-03T04:10:07.614558+00:00,118.1,25,ask,AverageAlmonds,Alice Feng,5264987
2026-07-03T04:10:07.811870,2026-07-03T04:10:07.823634+00:00,118.1,25,ask,YieldingYams,Alice Feng,5264993
2026-07-03T04:10:08.024735,2026-07-03T04:10:08.034488+00:00,118.1,25,ask,YieldingYams,Alice Feng,5264996
2026-07-03T04:10:08.235011,2026-07-03T04:10:08.246369+00:00,118.1,25,ask,YieldingYams,Alice Feng,5265000
2026-07-03T04:10:08.446947,2026-07-03T04:10:08.458555+00:00,118.1,25,ask,YieldingYams,Alice Feng,5265002
2026-07-03T04:10:08.656900,2026-07-03T04:10:08.668447+00:00,118.1,25,ask,YieldingYams,Alice Feng,5265007
2026-07-03T04:10:08.939685,2026-07-03T04:10:08.949888+00:00,118.2,200,bid,AverageAlmonds,WavyWalnuts,5265013
2026-07-03T04:10:09.538729,2026-07-03T04:10:09.545790+00:00,118.3,500,bid,AverageAlmonds,YieldingYams,5265026
2026-07-03T04:10:10.326159,2026-07-03T04:10:10.334855+00:00,118.3,200,bid,YieldingYams,WavyWalnuts,5265041
2026-07-03T04:10:10.777429,2026-07-03T04:10:10.786365+00:00,118.5,200,ask,YieldingYams,WavyWalnuts,5265053
2026-07-03T04:10:14.255681,2026-07-03T04:10:14.258093+00:00,118.4,200,bid,YieldingYams,WavyWalnuts,5265117
2026-07-03T04:10:15.338755,2026-07-03T04:10:15.347540+00:00,118.4,20,ask,YieldingYams,BrilliantBurritos,5265138
2026-07-03T04:10:15.567064,2026-07-03T04:10:15.578273+00:00,118.4,200,ask,WavyWalnuts,YieldingYams,5265142
2026-07-03T04:10:15.627710,2026-07-03T04:10:15.635804+00:00,118.4,200,bid,WavyWalnuts,YieldingYams,5265145
2026-07-03T04:10:18.049228,2026-07-03T04:10:18.063939+00:00,118.4,20,ask,YieldingYams,BrilliantBurritos,5265193
2026-07-03T04:10:18.186326,2026-07-03T04:10:18.195617+00:00,118.5,200,bid,YieldingYams,WavyWalnuts,5265197
2026-07-03T04:10:20.544002,2026-07-03T04:10:20.558798+00:00,118.6,3,bid,Xuanyu Liu,WavyWalnuts,5265230
2026-07-03T04:10:20.691916,2026-07-03T04:10:20.702228+00:00,118.6,25,bid,Alice Feng,WavyWalnuts,5265237
2026-07-03T04:10:20.901855,2026-07-03T04:10:20.908640+00:00,118.6,25,bid,Alice Feng,WavyWalnuts,5265241
2026-07-03T04:10:21.110809,2026-07-03T04:10:21.117792+00:00,118.6,25,bid,Alice Feng,WavyWalnuts,5265248
2026-07-03T04:10:24.184631,2026-07-03T04:10:24.188025+00:00,118.5,3,ask,WavyWalnuts,Xuanyu Liu,5265286
2026-07-03T04:10:24.738620,2026-07-03T04:10:24.750613+00:00,118.5,197,ask,WavyWalnuts,YieldingYams,5265295
2026-07-03T04:10:26.047984,2026-07-03T04:10:26.051668+00:00,118.4,200,ask,WavyWalnuts,YieldingYams,5265312
2026-07-03T04:10:26.589363,2026-07-03T04:10:26.596832+00:00,118.4,200,bid,WavyWalnuts,YieldingYams,5265318
2026-07-03T04:10:27.799900,2026-07-03T04:10:27.806455+00:00,118.4,200,ask,YieldingYams,WavyWalnuts,5265335
2026-07-03T04:10:30.752800,2026-07-03T04:10:30.768852+00:00,118.4,20,ask,YieldingYams,BrilliantBurritos,5265368
2026-07-03T04:10:32.231435,2026-07-03T04:10:32.239373+00:00,118.5,20,bid,BrilliantBurritos,WavyWalnuts,5265398
2026-07-03T04:10:32.598315,2026-07-03T04:10:32.606626+00:00,118.5,180,bid,YieldingYams,WavyWalnuts,5265401
2026-07-03T04:10:35.215335,2026-07-03T04:10:35.222917+00:00,118.6,200,bid,YieldingYams,WavyWalnuts,5265440
2026-07-03T04:10:35.566850,2026-07-03T04:10:35.574636+00:00,118.6,425,ask,YieldingYams,AverageAlmonds,5265445
2026-07-03T04:10:37.833792,2026-07-03T04:10:37.842781+00:00,118.4,200,ask,WavyWalnuts,YieldingYams,5265479
2026-07-03T04:10:37.848609,2026-07-03T04:10:37.852371+00:00,118.4,3,bid,Xuanyu Liu,YieldingYams,5265481
2026-07-03T04:10:39.141263,2026-07-03T04:10:39.150402+00:00,118.4,200,bid,YieldingYams,WavyWalnuts,5265505
2026-07-03T04:10:39.225020,2026-07-03T04:10:39.228665+00:00,118.4,3,ask,YieldingYams,Xuanyu Liu,5265512
2026-07-03T04:10:39.346625,2026-07-03T04:10:39.358587+00:00,118.4,25,ask,YieldingYams,Alice Feng,5265517
2026-07-03T04:10:39.556232,2026-07-03T04:10:39.563850+00:00,118.4,25,ask,YieldingYams,Alice Feng,5265522
2026-07-03T04:10:39.764835,2026-07-03T04:10:39.775847+00:00,118.4,25,ask,YieldingYams,Alice Feng,5265526
2026-07-03T04:10:42.323929,2026-07-03T04:10:42.330887+00:00,118.3,200,bid,WavyWalnuts,YieldingYams,5265562
2026-07-03T04:10:44.383126,2026-07-03T04:10:44.393589+00:00,118.2,200,ask,WavyWalnuts,YieldingYams,5265592
2026-07-03T04:10:45.949552,2026-07-03T04:10:45.958593+00:00,118.3,200,bid,WavyWalnuts,YieldingYams,5265610
2026-07-03T04:10:47.070550,2026-07-03T04:10:47.079637+00:00,118.5,20,bid,BrilliantBurritos,WavyWalnuts,5265633
2026-07-03T04:10:49.620983,2026-07-03T04:10:49.628359+00:00,118.2,200,bid,YieldingYams,WavyWalnuts,5265676
2026-07-03T04:10:55.358780,2026-07-03T04:10:55.370025+00:00,118.2,20,ask,WavyWalnuts,BrilliantBurritos,5265762
2026-07-03T04:10:55.639845,2026-07-03T04:10:55.651043+00:00,118.3,200,bid,WavyWalnuts,YieldingYams,5265773
2026-07-03T04:10:59.267157,2026-07-03T04:10:59.274016+00:00,118.3,200,ask,YieldingYams,WavyWalnuts,5265819
2026-07-03T04:11:02.724934,2026-07-03T04:11:02.735839+00:00,118.5,200,bid,YieldingYams,WavyWalnuts,5265865
2026-07-03T04:11:02.892494,2026-07-03T04:11:02.900280+00:00,118.6,200,ask,YieldingYams,WavyWalnuts,5265869
2026-07-03T04:11:03.439474,2026-07-03T04:11:03.443263+00:00,118.7,3,bid,Xuanyu Liu,AverageAlmonds,5265878
2026-07-03T04:11:03.621041,2026-07-03T04:11:03.627508+00:00,118.7,25,bid,Alice Feng,AverageAlmonds,5265884
2026-07-03T04:11:03.830248,2026-07-03T04:11:03.837679+00:00,118.7,25,bid,Alice Feng,AverageAlmonds,5265886
2026-07-03T04:11:04.040726,2026-07-03T04:11:04.068371+00:00,118.7,25,bid,Alice Feng,AverageAlmonds,5265891
2026-07-03T04:11:04.064469,2026-07-03T04:11:04.068371+00:00,118.5,22,bid,Xuanyu Liu,YieldingYams,5265893
2026-07-03T04:11:04.697955,2026-07-03T04:11:04.704424+00:00,118.5,20,bid,BrilliantBurritos,YieldingYams,5265903
2026-07-03T04:11:06.540429,2026-07-03T04:11:06.543972+00:00,118.4,22,ask,YieldingYams,Xuanyu Liu,5265934
2026-07-03T04:11:07.468745,2026-07-03T04:11:07.475194+00:00,118.4,20,ask,WavyWalnuts,BrilliantBurritos,5265956
2026-07-03T04:11:07.928727,2026-07-03T04:11:07.940126+00:00,118.3,20,ask,YieldingYams,BrilliantBurritos,5265967
2026-07-03T04:11:08.935138,2026-07-03T04:11:08.941700+00:00,118.4,200,ask,YieldingYams,WavyWalnuts,5265976
2026-07-03T04:11:09.262726,2026-07-03T04:11:09.269776+00:00,118.4,20,ask,YieldingYams,BrilliantBurritos,5265984
2026-07-03T04:11:10.583899,2026-07-03T04:11:10.593053+00:00,118.3,200,ask,WavyWalnuts,YieldingYams,5266009
2026-07-03T04:11:11.893860,2026-07-03T04:11:11.911534+00:00,118.3,200,bid,YieldingYams,WavyWalnuts,5266030
2026-07-03T04:11:11.907911,2026-07-03T04:11:11.911534+00:00,118.3,3,ask,YieldingYams,Xuanyu Liu,5266032
2026-07-03T04:11:12.059695,2026-07-03T04:11:12.069594+00:00,118.3,25,ask,YieldingYams,Alice Feng,5266037
2026-07-03T04:11:12.266871,2026-07-03T04:11:12.273411+00:00,118.3,25,ask,YieldingYams,Alice Feng,5266043
2026-07-03T04:11:12.475761,2026-07-03T04:11:12.487436+00:00,118.3,25,ask,YieldingYams,Alice Feng,5266047
2026-07-03T04:11:12.552691,2026-07-03T04:11:12.563786+00:00,118.3,200,ask,YieldingYams,WavyWalnuts,5266049
2026-07-03T04:11:13.203755,2026-07-03T04:11:13.210255+00:00,118.2,500,ask,AverageAlmonds,YieldingYams,5266062
2026-07-03T04:11:13.451082,2026-07-03T04:11:13.457272+00:00,118.2,20,bid,BrilliantBurritos,YieldingYams,5266064
2026-07-03T04:11:13.758250,2026-07-03T04:11:13.769454+00:00,118.2,105,bid,WavyWalnuts,YieldingYams,5266068
2026-07-03T04:11:13.939292,2026-07-03T04:11:13.950626+00:00,118.2,20,ask,WavyWalnuts,BrilliantBurritos,5266071
2026-07-03T04:11:15.818214,2026-07-03T04:11:15.826273+00:00,118.2,200,bid,YieldingYams,WavyWalnuts,5266094
2026-07-03T04:11:16.191255,2026-07-03T04:11:16.194942+00:00,118.3,3,bid,Xuanyu Liu,WavyWalnuts,5266098
2026-07-03T04:11:16.365390,2026-07-03T04:11:16.372143+00:00,118.3,25,bid,Alice Feng,WavyWalnuts,5266104
2026-07-03T04:11:16.573722,2026-07-03T04:11:16.658728+00:00,118.3,25,bid,Alice Feng,WavyWalnuts,5266110
2026-07-03T04:11:16.783615,2026-07-03T04:11:16.790061+00:00,118.3,25,bid,Alice Feng,WavyWalnuts,5266118
2026-07-03T04:11:17.067359,2026-07-03T04:11:17.076510+00:00,118.3,25,bid,Alice Feng,WavyWalnuts,5266123
2026-07-03T04:11:17.146256,2026-07-03T04:11:17.150059+00:00,118.2,1,bid,Xuanyu Liu,YieldingYams,5266127
2026-07-03T04:11:17.330743,2026-07-03T04:11:17.338130+00:00,118.2,500,bid,AverageAlmonds,YieldingYams,5266128
2026-07-03T04:11:18.433933,2026-07-03T04:11:18.473750+00:00,118.3,200,bid,YieldingYams,WavyWalnuts,5266147
2026-07-03T04:11:18.469790,2026-07-03T04:11:18.473750+00:00,118.3,1,ask,YieldingYams,Xuanyu Liu,5266149
2026-07-03T04:11:21.012600,2026-07-03T04:11:21.018809+00:00,118.3,200,bid,WavyWalnuts,YieldingYams,5266187
2026-07-03T04:11:22.358656,2026-07-03T04:11:22.369225+00:00,118.3,200,ask,WavyWalnuts,YieldingYams,5266213
2026-07-03T04:11:23.671002,2026-07-03T04:11:23.677393+00:00,118.3,200,bid,YieldingYams,WavyWalnuts,5266232
2026-07-03T04:11:23.690046,2026-07-03T04:11:23.694065+00:00,118.4,3,ask,YieldingYams,Xuanyu Liu,5266234
2026-07-03T04:11:23.873679,2026-07-03T04:11:23.885258+00:00,118.6,20,bid,BrilliantBurritos,AverageAlmonds,5266236
2026-07-03T04:11:27.598204,2026-07-03T04:11:27.650191+00:00,118.3,200,ask,WavyWalnuts,YieldingYams,5266294
2026-07-03T04:11:27.645997,2026-07-03T04:11:27.650191+00:00,118.3,3,bid,Xuanyu Liu,YieldingYams,5266297
2026-07-03T04:11:27.694841,2026-07-03T04:11:27.701473+00:00,118.3,25,bid,Alice Feng,YieldingYams,5266301
2026-07-03T04:11:27.903877,2026-07-03T04:11:27.911167+00:00,118.3,25,bid,Alice Feng,YieldingYams,5266304
2026-07-03T04:11:28.113148,2026-07-03T04:11:28.119821+00:00,118.3,25,bid,Alice Feng,YieldingYams,5266307
2026-07-03T04:11:28.322521,2026-07-03T04:11:28.328969+00:00,118.3,25,bid,Alice Feng,YieldingYams,5266314
2026-07-03T04:11:28.686165,2026-07-03T04:11:28.689890+00:00,118.2,3,ask,WavyWalnuts,Xuanyu Liu,5266321
2026-07-03T04:11:28.727659,2026-07-03T04:11:28.738952+00:00,118.2,25,ask,WavyWalnuts,Alice Feng,5266322
2026-07-03T04:11:28.763233,2026-07-03T04:11:28.774833+00:00,118.2,20,ask,WavyWalnuts,BrilliantBurritos,5266324
2026-07-03T04:11:28.936076,2026-07-03T04:11:28.947552+00:00,118.2,25,ask,WavyWalnuts,Alice Feng,5266329
2026-07-03T04:11:28.947011,2026-07-03T04:11:28.952753+00:00,118.3,2,bid,Alice Feng,YieldingYams,5266331
2026-07-03T04:11:28.966515,2026-07-03T04:11:28.975284+00:00,118.3,45,bid,Zihao Wu,YieldingYams,5266333
2026-07-03T04:11:29.151267,2026-07-03T04:11:29.158596+00:00,118.3,1,bid,Alice Feng,YieldingYams,5266335
2026-07-03T04:11:31.909467,2026-07-03T04:11:31.915988+00:00,118.4,200,bid,WavyWalnuts,YieldingYams,5266373
2026-07-03T04:11:34.135791,2026-07-03T04:11:34.145020+00:00,118.5,200,bid,YieldingYams,WavyWalnuts,5266405
2026-07-03T04:11:38.172850,2026-07-03T04:11:38.180692+00:00,118.4,25,ask,WavyWalnuts,Alice Feng,5266453
2026-07-03T04:11:38.383090,2026-07-03T04:11:38.392784+00:00,118.4,25,ask,WavyWalnuts,Alice Feng,5266458
2026-07-03T04:11:38.591557,2026-07-03T04:11:38.603150+00:00,118.4,25,ask,WavyWalnuts,Alice Feng,5266460
2026-07-03T04:11:38.600842,2026-07-03T04:11:38.608350+00:00,118.6,2,bid,Alice Feng,WavyWalnuts,5266462
2026-07-03T04:11:38.805263,2026-07-03T04:11:38.816782+00:00,118.6,2,bid,Alice Feng,WavyWalnuts,5266464
2026-07-03T04:11:39.009642,2026-07-03T04:11:39.021257+00:00,118.6,2,bid,Alice Feng,WavyWalnuts,5266466
2026-07-03T04:11:39.214871,2026-07-03T04:11:39.226270+00:00,118.5,2,bid,Alice Feng,WavyWalnuts,5266468
2026-07-03T04:11:40.443893,2026-07-03T04:11:40.458546+00:00,118.4,1,bid,Alice Feng,WavyWalnuts,5266488
2026-07-03T04:11:40.677701,2026-07-03T04:11:40.688106+00:00,118.4,199,bid,YieldingYams,WavyWalnuts,5266492
2026-07-03T04:11:42.455545,2026-07-03T04:11:42.467273+00:00,118.4,20,bid,BrilliantBurritos,YieldingYams,5266532
2026-07-03T04:11:44.495979,2026-07-03T04:11:44.499645+00:00,118.3,26,ask,AverageAlmonds,Xuanyu Liu,5266569
2026-07-03T04:11:44.628879,2026-07-03T04:11:44.639300+00:00,118.2,200,ask,WavyWalnuts,YieldingYams,5266577
2026-07-03T04:11:44.628879,2026-07-03T04:11:44.639300+00:00,118.2,425,ask,AverageAlmonds,YieldingYams,5266578
2026-07-03T04:11:44.656346,2026-07-03T04:11:44.658616+00:00,118.2,25,ask,AverageAlmonds,Alice Feng,5266580
2026-07-03T04:11:45.870302,2026-07-03T04:11:45.881593+00:00,118.2,25,ask,AverageAlmonds,Alice Feng,5266599
2026-07-03T04:11:45.936027,2026-07-03T04:11:45.945544+00:00,118.4,200,bid,YieldingYams,WavyWalnuts,5266602
2026-07-03T04:11:46.079222,2026-07-03T04:11:46.090764+00:00,118.4,25,ask,YieldingYams,Alice Feng,5266604
2026-07-03T04:11:46.288032,2026-07-03T04:11:46.296731+00:00,118.4,12,ask,YieldingYams,Alice Feng,5266606
2026-07-03T04:11:46.297077,2026-07-03T04:11:46.306955+00:00,118.6,2,bid,Alice Feng,YieldingYams,5266608
2026-07-03T04:11:48.993197,2026-07-03T04:11:49.001898+00:00,118.4,45,ask,YieldingYams,Zihao Wu,5266647
2026-07-03T04:11:51.271856,2026-07-03T04:11:51.279924+00:00,118.5,200,ask,YieldingYams,WavyWalnuts,5266676
2026-07-03T04:11:54.114900,2026-07-03T04:11:54.126522+00:00,118.4,2,ask,WavyWalnuts,Alice Feng,5266720
2026-07-03T04:11:54.921928,2026-07-03T04:11:54.931574+00:00,118.6,200,bid,WavyWalnuts,YieldingYams,5266731
2026-07-03T04:11:56.424579,2026-07-03T04:11:56.431414+00:00,118.7,200,bid,YieldingYams,WavyWalnuts,5266757
2026-07-03T04:11:57.364219,2026-07-03T04:11:57.368019+00:00,118.8,11,ask,WavyWalnuts,Xuanyu Liu,5266766
2026-07-03T04:12:01.685984,2026-07-03T04:12:01.693405+00:00,118.8,200,bid,YieldingYams,WavyWalnuts,5266832
2026-07-03T04:12:05.830584,2026-07-03T04:12:05.839622+00:00,118.9,200,bid,WavyWalnuts,YieldingYams,5266882
2026-07-03T04:12:08.250338,2026-07-03T04:12:08.257325+00:00,118.8,200,ask,YieldingYams,WavyWalnuts,5266907
2026-07-03T04:12:08.372598,2026-07-03T04:12:08.379027+00:00,118.8,20,ask,YieldingYams,BrilliantBurritos,5266912
2026-07-03T04:12:10.856417,2026-07-03T04:12:10.869037+00:00,118.8,200,bid,YieldingYams,WavyWalnuts,5266940
2026-07-03T04:12:11.868900,2026-07-03T04:12:11.878013+00:00,118.9,200,bid,WavyWalnuts,AverageAlmonds,5266956
2026-07-03T04:12:12.180064,2026-07-03T04:12:12.183636+00:00,118.8,11,bid,Xuanyu Liu,YieldingYams,5266960
2026-07-03T04:12:13.479090,2026-07-03T04:12:13.498694+00:00,118.7,200,ask,WavyWalnuts,YieldingYams,5266979
2026-07-03T04:12:13.494591,2026-07-03T04:12:13.498694+00:00,118.7,12,bid,Xuanyu Liu,YieldingYams,5266981
2026-07-03T04:12:14.807189,2026-07-03T04:12:14.811211+00:00,118.7,12,ask,YieldingYams,Xuanyu Liu,5266995
2026-07-03T04:12:15.500124,2026-07-03T04:12:15.506516+00:00,118.7,200,ask,YieldingYams,WavyWalnuts,5267007
2026-07-03T04:12:16.164781,2026-07-03T04:12:16.168564+00:00,118.7,11,ask,YieldingYams,Xuanyu Liu,5267019
2026-07-03T04:12:16.709375,2026-07-03T04:12:16.763818+00:00,118.7,200,ask,YieldingYams,WavyWalnuts,5267030
2026-07-03T04:12:18.727975,2026-07-03T04:12:18.758871+00:00,118.7,200,bid,YieldingYams,WavyWalnuts,5267054
2026-07-03T04:12:18.727975,2026-07-03T04:12:18.758871+00:00,118.7,425,bid,YieldingYams,AverageAlmonds,5267055
2026-07-03T04:12:19.126481,2026-07-03T04:12:19.134357+00:00,118.6,200,bid,WavyWalnuts,AverageAlmonds,5267060
2026-07-03T04:12:22.669460,2026-07-03T04:12:22.676569+00:00,118.5,200,ask,WavyWalnuts,YieldingYams,5267116
2026-07-03T04:12:25.197977,2026-07-03T04:12:25.208266+00:00,118.6,200,bid,WavyWalnuts,YieldingYams,5267152
2026-07-03T04:12:25.308793,2026-07-03T04:12:25.316485+00:00,118.6,500,bid,YieldingYams,AverageAlmonds,5267155
2026-07-03T04:12:26.394427,2026-07-03T04:12:26.405678+00:00,118.6,125,ask,YieldingYams,AverageAlmonds,5267177
2026-07-03T04:12:26.616080,2026-07-03T04:12:26.625094+00:00,118.5,200,bid,YieldingYams,WavyWalnuts,5267180
2026-07-03T04:12:27.640822,2026-07-03T04:12:27.647454+00:00,118.5,200,ask,YieldingYams,WavyWalnuts,5267194
2026-07-03T04:12:27.942497,2026-07-03T04:12:27.946853+00:00,118.5,11,bid,Xuanyu Liu,YieldingYams,5267202
2026-07-03T04:12:33.199606,2026-07-03T04:12:33.204169+00:00,118.2,12,bid,Xuanyu Liu,YieldingYams,5267291
2026-07-03T04:12:36.544805,2026-07-03T04:12:36.551139+00:00,118.3,20,bid,BrilliantBurritos,YieldingYams,5267347
2026-07-03T04:12:38.209149,2026-07-03T04:12:38.216549+00:00,118.1,20,ask,YieldingYams,BrilliantBurritos,5267376
2026-07-03T04:12:38.537354,2026-07-03T04:12:38.546866+00:00,118.3,200,bid,WavyWalnuts,YieldingYams,5267382
2026-07-03T04:12:39.737815,2026-07-03T04:12:39.741842+00:00,118.4,23,ask,YieldingYams,Xuanyu Liu,5267397
2026-07-03T04:12:41.035522,2026-07-03T04:12:41.058613+00:00,118.4,200,ask,WavyWalnuts,YieldingYams,5267413
2026-07-03T04:12:44.576417,2026-07-03T04:12:44.580012+00:00,118.3,11,bid,Xuanyu Liu,YieldingYams,5267459
2026-07-03T04:12:45.849184,2026-07-03T04:12:45.858567+00:00,118.2,20,ask,YieldingYams,BrilliantBurritos,5267474
2026-07-03T04:12:47.008019,2026-07-03T04:12:47.015631+00:00,118.2,200,ask,YieldingYams,WavyWalnuts,5267496
2026-07-03T04:12:47.214285,2026-07-03T04:12:47.222482+00:00,118.4,20,bid,BrilliantBurritos,YieldingYams,5267504
2026-07-03T04:12:47.587771,2026-07-03T04:12:47.611676+00:00,118.3,500,ask,AverageAlmonds,YieldingYams,5267512
2026-07-03T04:12:47.608076,2026-07-03T04:12:47.611676+00:00,118.2,12,bid,Xuanyu Liu,YieldingYams,5267515
2026-07-03T04:12:48.153538,2026-07-03T04:12:48.150638+00:00,118.2,113,bid,AverageAlmonds,YieldingYams,5267520
2026-07-03T04:12:48.217242,2026-07-03T04:12:48.224025+00:00,118.4,200,ask,AverageAlmonds,WavyWalnuts,5267522
2026-07-03T04:12:49.435279,2026-07-03T04:12:49.442254+00:00,118.4,200,ask,YieldingYams,WavyWalnuts,5267550
2026-07-03T04:12:51.533133,2026-07-03T04:12:51.536833+00:00,118.4,11,bid,Xuanyu Liu,YieldingYams,5267579
2026-07-03T04:12:51.849381,2026-07-03T04:12:51.858557+00:00,118.4,200,bid,WavyWalnuts,YieldingYams,5267582
2026-07-03T04:12:52.574701,2026-07-03T04:12:52.581412+00:00,118.4,20,bid,BrilliantBurritos,YieldingYams,5267595
2026-07-03T04:12:53.881127,2026-07-03T04:12:53.892629+00:00,118.5,20,bid,BrilliantBurritos,YieldingYams,5267607
2026-07-03T04:12:55.471288,2026-07-03T04:12:55.479540+00:00,118.5,200,bid,YieldingYams,WavyWalnuts,5267627
2026-07-03T04:12:55.488625,2026-07-03T04:12:55.495194+00:00,118.5,200,ask,YieldingYams,WavyWalnuts,5267628
2026-07-03T04:12:57.216258,2026-07-03T04:12:57.220296+00:00,118.5,3,bid,Xuanyu Liu,YieldingYams,5267650
2026-07-03T04:13:00.721843,2026-07-03T04:13:00.728803+00:00,118.4,200,bid,YieldingYams,WavyWalnuts,5267695
2026-07-03T04:13:01.549297,2026-07-03T04:13:01.558579+00:00,118.6,200,ask,YieldingYams,WavyWalnuts,5267708
2026-07-03T04:13:05.964896,2026-07-03T04:13:05.974168+00:00,118.6,200,bid,YieldingYams,WavyWalnuts,5267780
2026-07-03T04:13:06.381817,2026-07-03T04:13:06.392127+00:00,118.6,200,ask,YieldingYams,WavyWalnuts,5267787
2026-07-03T04:13:09.757314,2026-07-03T04:13:09.765343+00:00,118.6,20,bid,BrilliantBurritos,WavyWalnuts,5267836
2026-07-03T04:13:11.219431,2026-07-03T04:13:11.227370+00:00,118.6,200,bid,WavyWalnuts,AverageAlmonds,5267855
2026-07-03T04:13:12.991318,2026-07-03T04:13:13.002692+00:00,118.5,200,ask,WavyWalnuts,AverageAlmonds,5267872
2026-07-03T04:13:12.991318,2026-07-03T04:13:13.002692+00:00,118.5,300,ask,YieldingYams,AverageAlmonds,5267873
2026-07-03T04:13:13.181911,2026-07-03T04:13:13.188897+00:00,118.5,20,ask,YieldingYams,BrilliantBurritos,5267877
2026-07-03T04:13:13.605771,2026-07-03T04:13:13.615359+00:00,118.5,305,ask,YieldingYams,AverageAlmonds,5267881
2026-07-03T04:13:17.516877,2026-07-03T04:13:17.525907+00:00,118.3,20,ask,WavyWalnuts,BrilliantBurritos,5267952
2026-07-03T04:13:17.753559,2026-07-03T04:13:17.764368+00:00,118.3,180,ask,WavyWalnuts,YieldingYams,5267956
2026-07-03T04:13:19.690580,2026-07-03T04:13:19.700766+00:00,118.3,200,ask,YieldingYams,WavyWalnuts,5267994
2026-07-03T04:13:20.706735,2026-07-03T04:13:20.718137+00:00,118.4,20,bid,BrilliantBurritos,AverageAlmonds,5268013
2026-07-03T04:13:22.081867,2026-07-03T04:13:22.088968+00:00,118.3,200,ask,YieldingYams,WavyWalnuts,5268031
2026-07-03T04:13:22.081867,2026-07-03T04:13:22.094167+00:00,118.3,300,ask,YieldingYams,AverageAlmonds,5268032
2026-07-03T04:13:22.113968,2026-07-03T04:13:22.125430+00:00,118.3,200,ask,WavyWalnuts,AverageAlmonds,5268033
2026-07-03T04:13:24.994697,2026-07-03T04:13:25.006376+00:00,118.2,20,ask,YieldingYams,BrilliantBurritos,5268070
2026-07-03T04:13:28.255683,2026-07-03T04:13:28.254184+00:00,118.1,200,ask,WavyWalnuts,YieldingYams,5268114
2026-07-03T04:13:29.148629,2026-07-03T04:13:29.158620+00:00,118.0,20,bid,BrilliantBurritos,YieldingYams,5268129
2026-07-03T04:13:29.401450,2026-07-03T04:13:29.423032+00:00,118.0,200,bid,WavyWalnuts,YieldingYams,5268132
2026-07-03T04:13:29.561884,2026-07-03T04:13:29.570018+00:00,118.1,500,bid,YieldingYams,AverageAlmonds,5268137
2026-07-03T04:13:30.621663,2026-07-03T04:13:30.632895+00:00,118.1,125,ask,YieldingYams,WavyWalnuts,5268153
2026-07-03T04:13:31.834336,2026-07-03T04:13:31.841700+00:00,117.9,200,bid,WavyWalnuts,YieldingYams,5268166
2026-07-03T04:13:34.215561,2026-07-03T04:13:34.226827+00:00,117.9,20,bid,BrilliantBurritos,WavyWalnuts,5268204
2026-07-03T04:13:35.470665,2026-07-03T04:13:35.477353+00:00,117.7,200,bid,WavyWalnuts,YieldingYams,5268226
2026-07-03T04:13:36.139007,2026-07-03T04:13:36.142908+00:00,117.7,14,ask,YieldingYams,Xuanyu Liu,5268233
2026-07-03T04:13:36.498825,2026-07-03T04:13:36.504916+00:00,117.7,20,ask,YieldingYams,BrilliantBurritos,5268237
2026-07-03T04:13:36.686890,2026-07-03T04:13:36.693897+00:00,117.7,200,ask,WavyWalnuts,YieldingYams,5268239
2026-07-03T04:13:38.820303,2026-07-03T04:13:38.832065+00:00,117.8,20,bid,BrilliantBurritos,YieldingYams,5268270
2026-07-03T04:13:45.154493,2026-07-03T04:13:45.163745+00:00,117.7,200,ask,YieldingYams,WavyWalnuts,5268351
2026-07-03T04:13:47.501733,2026-07-03T04:13:47.509529+00:00,117.7,200,bid,AverageAlmonds,WavyWalnuts,5268369
2026-07-03T04:13:47.501733,2026-07-03T04:13:47.514802+00:00,117.7,300,bid,AverageAlmonds,YieldingYams,5268370
2026-07-03T04:13:49.638647,2026-07-03T04:13:49.645177+00:00,117.7,20,ask,AverageAlmonds,BrilliantBurritos,5268391
2026-07-03T04:13:49.991796,2026-07-03T04:13:50.002664+00:00,117.9,200,bid,WavyWalnuts,YieldingYams,5268397
2026-07-03T04:13:51.069604,2026-07-03T04:13:51.073687+00:00,117.9,11,bid,Xuanyu Liu,YieldingYams,5268414
2026-07-03T04:13:51.157947,2026-07-03T04:13:51.168489+00:00,117.9,20,bid,BrilliantBurritos,YieldingYams,5268416
2026-07-03T04:13:51.200307,2026-07-03T04:13:51.209111+00:00,117.9,200,bid,WavyWalnuts,YieldingYams,5268417
2026-07-03T04:13:54.869771,2026-07-03T04:13:54.881174+00:00,118.0,20,bid,BrilliantBurritos,YieldingYams,5268472
2026-07-03T04:13:58.436769,2026-07-03T04:13:58.446159+00:00,117.8,200,bid,YieldingYams,WavyWalnuts,5268540
2026-07-03T04:14:00.610559,2026-07-03T04:14:00.614438+00:00,118.0,3,bid,Xuanyu Liu,WavyWalnuts,5268574
2026-07-03T04:14:05.730707,2026-07-03T04:14:05.737882+00:00,118.0,20,ask,WavyWalnuts,BrilliantBurritos,5268644
2026-07-03T04:14:06.292881,2026-07-03T04:14:06.302563+00:00,118.0,180,ask,WavyWalnuts,YieldingYams,5268653
2026-07-03T04:14:06.934239,2026-07-03T04:14:06.942893+00:00,117.9,200,bid,WavyWalnuts,YieldingYams,5268657
2026-07-03T04:14:08.917404,2026-07-03T04:14:08.928609+00:00,118.1,200,bid,YieldingYams,WavyWalnuts,5268704
2026-07-03T04:14:09.357768,2026-07-03T04:14:09.369430+00:00,118.1,200,ask,YieldingYams,WavyWalnuts,5268712
2026-07-03T04:14:10.582948,2026-07-03T04:14:10.586423+00:00,118.0,3,bid,Xuanyu Liu,WavyWalnuts,5268728
2026-07-03T04:14:10.772275,2026-07-03T04:14:10.779335+00:00,118.0,25,bid,Alice Feng,WavyWalnuts,5268731
2026-07-03T04:14:10.980772,2026-07-03T04:14:10.988004+00:00,118.0,25,bid,Alice Feng,WavyWalnuts,5268734
2026-07-03T04:14:11.188938,2026-07-03T04:14:11.196035+00:00,118.0,25,bid,Alice Feng,WavyWalnuts,5268743
2026-07-03T04:14:11.291354,2026-07-03T04:14:11.295151+00:00,117.9,3,ask,YieldingYams,Xuanyu Liu,5268750
2026-07-03T04:14:11.393691,2026-07-03T04:14:11.402591+00:00,117.9,25,ask,YieldingYams,Alice Feng,5268753
2026-07-03T04:14:11.603497,2026-07-03T04:14:11.614312+00:00,117.9,25,ask,AverageAlmonds,Alice Feng,5268757
2026-07-03T04:14:11.813421,2026-07-03T04:14:11.824980+00:00,117.9,25,ask,AverageAlmonds,Alice Feng,5268763
2026-07-03T04:14:11.870203,2026-07-03T04:14:11.884646+00:00,117.9,20,ask,AverageAlmonds,BrilliantBurritos,5268766
2026-07-03T04:14:11.989252,2026-07-03T04:14:11.998317+00:00,117.9,22,ask,AverageAlmonds,Zihao Wu,5268771
2026-07-03T04:14:12.849977,2026-07-03T04:14:12.859600+00:00,118.0,200,bid,YieldingYams,WavyWalnuts,5268785
2026-07-03T04:14:12.925742,2026-07-03T04:14:12.934011+00:00,118.1,20,ask,YieldingYams,BrilliantBurritos,5268789
2026-07-03T04:14:12.983152,2026-07-03T04:14:12.991915+00:00,118.1,200,ask,YieldingYams,WavyWalnuts,5268792
2026-07-03T04:14:16.427347,2026-07-03T04:14:16.431268+00:00,118.0,14,ask,YieldingYams,Xuanyu Liu,5268847
2026-07-03T04:14:16.613367,2026-07-03T04:14:16.621982+00:00,118.0,200,ask,YieldingYams,WavyWalnuts,5268849
2026-07-03T04:14:17.818672,2026-07-03T04:14:17.864859+00:00,118.0,200,bid,WavyWalnuts,YieldingYams,5268868
2026-07-03T04:14:19.042767,2026-07-03T04:14:19.046476+00:00,118.1,12,ask,WavyWalnuts,Xuanyu Liu,5268890
2026-07-03T04:14:22.043983,2026-07-03T04:14:22.084565+00:00,118.1,200,ask,WavyWalnuts,YieldingYams,5268926
2026-07-03T04:14:22.080427,2026-07-03T04:14:22.084565+00:00,118.0,23,bid,Xuanyu Liu,YieldingYams,5268929
2026-07-03T04:14:22.648320,2026-07-03T04:14:22.654573+00:00,118.0,200,bid,WavyWalnuts,YieldingYams,5268944
2026-07-03T04:14:25.922228,2026-07-03T04:14:25.926349+00:00,118.2,17,bid,Xuanyu Liu,WavyWalnuts,5269003
2026-07-03T04:14:25.978703,2026-07-03T04:14:25.988896+00:00,118.2,183,bid,YieldingYams,WavyWalnuts,5269007
2026-07-03T04:14:28.539931,2026-07-03T04:14:28.551319+00:00,118.3,20,ask,YieldingYams,BrilliantBurritos,5269041
2026-07-03T04:14:28.688271,2026-07-03T04:14:28.700289+00:00,118.3,25,bid,Alice Feng,YieldingYams,5269048
2026-07-03T04:14:28.897302,2026-07-03T04:14:28.904901+00:00,118.3,25,bid,Alice Feng,YieldingYams,5269055
2026-07-03T04:14:28.900959,2026-07-03T04:14:28.910115+00:00,118.1,2,ask,YieldingYams,Alice Feng,5269056
2026-07-03T04:14:29.105198,2026-07-03T04:14:29.116536+00:00,118.1,2,ask,YieldingYams,Alice Feng,5269061
2026-07-03T04:14:29.310369,2026-07-03T04:14:29.321661+00:00,118.1,2,ask,YieldingYams,Alice Feng,5269069
2026-07-03T04:14:29.515478,2026-07-03T04:14:29.527017+00:00,118.1,2,ask,YieldingYams,Alice Feng,5269076
2026-07-03T04:14:29.724710,2026-07-03T04:14:29.733361+00:00,118.1,2,ask,YieldingYams,Alice Feng,5269083
2026-07-03T04:14:29.930694,2026-07-03T04:14:29.940159+00:00,118.1,2,ask,YieldingYams,Alice Feng,5269089
2026-07-03T04:14:30.135234,2026-07-03T04:14:30.146523+00:00,118.1,2,ask,YieldingYams,Alice Feng,5269093
2026-07-03T04:14:30.340242,2026-07-03T04:14:30.351557+00:00,118.1,2,ask,YieldingYams,Alice Feng,5269097
2026-07-03T04:14:30.544893,2026-07-03T04:14:30.558605+00:00,118.1,1,ask,YieldingYams,Alice Feng,5269102
2026-07-03T04:14:30.990829,2026-07-03T04:14:31.002178+00:00,118.2,20,bid,BrilliantBurritos,WavyWalnuts,5269106
2026-07-03T04:14:31.126548,2026-07-03T04:14:31.132939+00:00,118.1,200,ask,YieldingYams,WavyWalnuts,5269108
2026-07-03T04:14:32.068651,2026-07-03T04:14:32.080453+00:00,118.1,22,bid,Zihao Wu,YieldingYams,5269122
2026-07-03T04:14:34.611472,2026-07-03T04:14:34.622972+00:00,118.3,20,bid,BrilliantBurritos,WavyWalnuts,5269176
2026-07-03T04:14:35.963734,2026-07-03T04:14:35.971578+00:00,118.2,200,bid,WavyWalnuts,YieldingYams,5269202
2026-07-03T04:14:37.171118,2026-07-03T04:14:37.180195+00:00,118.2,200,bid,WavyWalnuts,YieldingYams,5269224
2026-07-03T04:14:37.965861,2026-07-03T04:14:37.977258+00:00,118.1,20,ask,AverageAlmonds,BrilliantBurritos,5269231
2026-07-03T04:14:39.091369,2026-07-03T04:14:39.100171+00:00,118.2,200,ask,WavyWalnuts,YieldingYams,5269250
2026-07-03T04:14:39.091369,2026-07-03T04:14:39.100171+00:00,118.2,425,ask,AverageAlmonds,YieldingYams,5269251
2026-07-03T04:14:39.584657,2026-07-03T04:14:39.595036+00:00,118.2,200,ask,AverageAlmonds,WavyWalnuts,5269259
2026-07-03T04:14:40.400772,2026-07-03T04:14:40.420100+00:00,118.3,500,ask,AverageAlmonds,YieldingYams,5269275
2026-07-03T04:14:40.416310,2026-07-03T04:14:40.420100+00:00,118.3,12,bid,Xuanyu Liu,YieldingYams,5269277
2026-07-03T04:14:40.581026,2026-07-03T04:14:40.590713+00:00,118.3,25,bid,Alice Feng,YieldingYams,5269280
2026-07-03T04:14:40.762910,2026-07-03T04:14:40.769549+00:00,118.3,88,bid,AverageAlmonds,YieldingYams,5269285
2026-07-03T04:14:40.793207,2026-07-03T04:14:40.800769+00:00,118.3,200,ask,AverageAlmonds,WavyWalnuts,5269287
2026-07-03T04:14:41.681277,2026-07-03T04:14:41.690639+00:00,119.1,20,bid,BrilliantBurritos,AverageAlmonds,5269297
2026-07-03T04:14:41.728122,2026-07-03T04:14:41.732542+00:00,118.5,23,bid,Xuanyu Liu,YieldingYams,5269300
2026-07-03T04:14:41.792029,2026-07-03T04:14:41.798723+00:00,118.5,25,bid,Alice Feng,YieldingYams,5269303
2026-07-03T04:14:42.000361,2026-07-03T04:14:42.008100+00:00,118.5,25,bid,Alice Feng,YieldingYams,5269307
2026-07-03T04:14:42.005213,2026-07-03T04:14:42.013649+00:00,118.4,200,ask,AverageAlmonds,WavyWalnuts,5269308
2026-07-03T04:14:42.208604,2026-07-03T04:14:42.217045+00:00,118.5,25,bid,Alice Feng,YieldingYams,5269313
2026-07-03T04:14:42.423153,2026-07-03T04:14:42.429840+00:00,118.5,25,bid,Alice Feng,YieldingYams,5269317
2026-07-03T04:14:42.638726,2026-07-03T04:14:42.658623+00:00,118.5,25,bid,Alice Feng,YieldingYams,5269323
2026-07-03T04:14:42.650787,2026-07-03T04:14:42.658623+00:00,118.4,2,ask,AverageAlmonds,Alice Feng,5269325
2026-07-03T04:14:42.854789,2026-07-03T04:14:42.864033+00:00,118.4,2,ask,AverageAlmonds,Alice Feng,5269332
2026-07-03T04:14:42.938207,2026-07-03T04:14:42.942169+00:00,118.4,23,ask,AverageAlmonds,Xuanyu Liu,5269336
2026-07-03T04:14:43.063217,2026-07-03T04:14:43.070693+00:00,118.4,2,ask,YieldingYams,Alice Feng,5269342
2026-07-03T04:14:43.211806,2026-07-03T04:14:43.219704+00:00,118.4,200,ask,YieldingYams,WavyWalnuts,5269346
2026-07-03T04:14:43.267751,2026-07-03T04:14:43.279246+00:00,118.4,2,ask,YieldingYams,Alice Feng,5269352
2026-07-03T04:14:43.472969,2026-07-03T04:14:43.482471+00:00,118.4,2,ask,YieldingYams,Alice Feng,5269355
2026-07-03T04:14:43.677853,2026-07-03T04:14:43.689326+00:00,118.4,2,ask,YieldingYams,Alice Feng,5269358
2026-07-03T04:14:43.883497,2026-07-03T04:14:43.892875+00:00,118.4,2,ask,AverageAlmonds,Alice Feng,5269361
2026-07-03T04:14:44.088115,2026-07-03T04:14:44.096390+00:00,118.4,2,ask,YieldingYams,Alice Feng,5269366
2026-07-03T04:14:44.293662,2026-07-03T04:14:44.304360+00:00,118.4,2,ask,YieldingYams,Alice Feng,5269371
2026-07-03T04:14:44.425957,2026-07-03T04:14:44.437271+00:00,118.4,200,bid,WavyWalnuts,YieldingYams,5269376
2026-07-03T04:14:44.498242,2026-07-03T04:14:44.508723+00:00,118.3,2,ask,AverageAlmonds,Alice Feng,5269379
2026-07-03T04:14:44.702805,2026-07-03T04:14:44.714295+00:00,118.3,2,ask,AverageAlmonds,Alice Feng,5269383
2026-07-03T04:14:44.887793,2026-07-03T04:14:44.892566+00:00,118.3,12,ask,AverageAlmonds,Xuanyu Liu,5269388
2026-07-03T04:14:44.906060,2026-07-03T04:14:44.917692+00:00,118.3,2,ask,AverageAlmonds,Alice Feng,5269389
2026-07-03T04:14:45.111440,2026-07-03T04:14:45.122843+00:00,118.3,2,ask,AverageAlmonds,Alice Feng,5269394
2026-07-03T04:14:45.317107,2026-07-03T04:14:45.328945+00:00,118.3,2,ask,AverageAlmonds,Alice Feng,5269395
2026-07-03T04:14:45.527036,2026-07-03T04:14:45.534283+00:00,118.3,2,ask,AverageAlmonds,Alice Feng,5269401
2026-07-03T04:14:45.732354,2026-07-03T04:14:45.743801+00:00,118.3,2,ask,AverageAlmonds,Alice Feng,5269406
2026-07-03T04:14:45.938061,2026-07-03T04:14:45.949528+00:00,118.3,2,ask,AverageAlmonds,Alice Feng,5269407
2026-07-03T04:14:46.097230,2026-07-03T04:14:46.101138+00:00,118.3,11,ask,AverageAlmonds,Xuanyu Liu,5269412
2026-07-03T04:14:46.253908,2026-07-03T04:14:46.258146+00:00,118.4,3,ask,AverageAlmonds,Xuanyu Liu,5269417
2026-07-03T04:14:46.821481,2026-07-03T04:14:46.828348+00:00,118.5,200,bid,WavyWalnuts,YieldingYams,5269423
2026-07-03T04:14:46.821481,2026-07-03T04:14:46.833817+00:00,118.5,300,bid,AverageAlmonds,YieldingYams,5269424
2026-07-03T04:14:46.853897,2026-07-03T04:14:46.858568+00:00,118.5,200,bid,AverageAlmonds,WavyWalnuts,5269425
2026-07-03T04:14:47.146024,2026-07-03T04:14:47.158563+00:00,118.6,25,ask,YieldingYams,Alice Feng,5269432
2026-07-03T04:14:47.354411,2026-07-03T04:14:47.368943+00:00,118.6,25,ask,YieldingYams,Alice Feng,5269436
2026-07-03T04:14:47.561689,2026-07-03T04:14:47.572865+00:00,118.6,25,ask,YieldingYams,Alice Feng,5269441
2026-07-03T04:14:47.770857,2026-07-03T04:14:47.780304+00:00,118.6,25,ask,YieldingYams,Alice Feng,5269444
2026-07-03T04:14:47.983555,2026-07-03T04:14:47.992909+00:00,118.7,2,bid,Alice Feng,WavyWalnuts,5269451
2026-07-03T04:14:48.187602,2026-07-03T04:14:48.198882+00:00,118.7,2,bid,Alice Feng,WavyWalnuts,5269455
2026-07-03T04:14:48.392976,2026-07-03T04:14:48.404559+00:00,118.7,2,bid,Alice Feng,WavyWalnuts,5269457
2026-07-03T04:14:48.598751,2026-07-03T04:14:48.610097+00:00,118.7,2,bid,Alice Feng,WavyWalnuts,5269458
2026-07-03T04:14:48.804404,2026-07-03T04:14:48.815763+00:00,118.7,2,bid,Alice Feng,WavyWalnuts,5269466
2026-07-03T04:14:49.010156,2026-07-03T04:14:49.021627+00:00,118.7,2,bid,Alice Feng,WavyWalnuts,5269469
2026-07-03T04:14:49.182654,2026-07-03T04:14:49.194109+00:00,118.6,20,ask,YieldingYams,BrilliantBurritos,5269471
2026-07-03T04:14:49.271236,2026-07-03T04:14:49.282327+00:00,118.6,200,ask,YieldingYams,WavyWalnuts,5269472
2026-07-03T04:14:52.871036,2026-07-03T04:14:52.879672+00:00,118.5,500,bid,AverageAlmonds,YieldingYams,5269533
2026-07-03T04:14:53.622865,2026-07-03T04:14:53.634406+00:00,118.6,25,ask,YieldingYams,Alice Feng,5269551
2026-07-03T04:14:53.833665,2026-07-03T04:14:53.845231+00:00,118.6,25,ask,YieldingYams,Alice Feng,5269554
2026-07-03T04:14:54.050969,2026-07-03T04:14:54.063926+00:00,118.6,11,ask,YieldingYams,Alice Feng,5269561
2026-07-03T04:14:54.474551,2026-07-03T04:14:54.484441+00:00,118.7,2,bid,Alice Feng,WavyWalnuts,5269571
2026-07-03T04:14:54.692405,2026-07-03T04:14:54.702259+00:00,118.7,2,bid,Alice Feng,WavyWalnuts,5269576
2026-07-03T04:14:54.830315,2026-07-03T04:14:54.837849+00:00,118.7,196,bid,YieldingYams,WavyWalnuts,5269581
2026-07-03T04:14:54.897204,2026-07-03T04:14:54.908546+00:00,119.0,2,bid,Alice Feng,YieldingYams,5269582
2026-07-03T04:14:58.759544,2026-07-03T04:14:58.769378+00:00,118.9,200,bid,YieldingYams,WavyWalnuts,5269643
2026-07-03T04:15:00.186806,2026-07-03T04:15:00.194972+00:00,118.9,200,bid,WavyWalnuts,YieldingYams,5269670
2026-07-03T04:15:01.397674,2026-07-03T04:15:01.412056+00:00,118.8,200,bid,WavyWalnuts,YieldingYams,5269687
2026-07-03T04:15:01.408261,2026-07-03T04:15:01.412056+00:00,118.8,3,bid,Xuanyu Liu,YieldingYams,5269689
2026-07-03T04:15:01.519372,2026-07-03T04:15:01.529386+00:00,118.8,25,bid,Alice Feng,YieldingYams,5269691
