timestamp,recv_time,price,volume,aggressor_side,buyer,seller,trade_id
2026-07-04T23:00:00.909668,2026-07-04T23:00:00.921682+00:00,137.0,20,bid,BrilliantBurritos,YieldingYams,7589642
2026-07-04T23:00:01.919571,2026-07-04T23:00:01.905127+00:00,136.9,200,ask,YieldingYams,WavyWalnuts,7589663
2026-07-04T23:00:04.076431,2026-07-04T23:00:04.086466+00:00,137.0,20,bid,BrilliantBurritos,WavyWalnuts,7589702
2026-07-04T23:00:04.334478,2026-07-04T23:00:04.344495+00:00,136.9,200,ask,YieldingYams,WavyWalnuts,7589708
2026-07-04T23:00:05.545940,2026-07-04T23:00:05.554830+00:00,137.0,200,ask,YieldingYams,WavyWalnuts,7589731
2026-07-04T23:00:06.103364,2026-07-04T23:00:06.107014+00:00,137.1,3,bid,Xuanyu Liu,AverageAlmonds,7589742
2026-07-04T23:00:06.491783,2026-07-04T23:00:06.496182+00:00,137.0,11,bid,Xuanyu Liu,YieldingYams,7589748
2026-07-04T23:00:06.774240,2026-07-04T23:00:06.777935+00:00,136.9,12,bid,Xuanyu Liu,WavyWalnuts,7589752
2026-07-04T23:00:07.787041,2026-07-04T23:00:07.794515+00:00,136.9,188,bid,YieldingYams,WavyWalnuts,7589765
2026-07-04T23:00:10.549173,2026-07-04T23:00:10.558646+00:00,137.0,25,bid,Yinxuan Li,AverageAlmonds,7589802
2026-07-04T23:00:11.623430,2026-07-04T23:00:11.631613+00:00,136.9,200,ask,YieldingYams,WavyWalnuts,7589814
2026-07-04T23:00:12.836498,2026-07-04T23:00:12.844674+00:00,136.9,200,ask,YieldingYams,WavyWalnuts,7589825
2026-07-04T23:00:13.248549,2026-07-04T23:00:13.258611+00:00,137.0,20,bid,BrilliantBurritos,AverageAlmonds,7589839
2026-07-04T23:00:13.670595,2026-07-04T23:00:13.679097+00:00,136.8,20,ask,YieldingYams,BrilliantBurritos,7589848
2026-07-04T23:00:15.687065,2026-07-04T23:00:15.698767+00:00,136.7,20,ask,WavyWalnuts,BrilliantBurritos,7589868
2026-07-04T23:00:18.318135,2026-07-04T23:00:18.324992+00:00,136.8,200,ask,WavyWalnuts,YieldingYams,7589911
2026-07-04T23:00:18.525313,2026-07-04T23:00:18.536955+00:00,136.8,20,bid,BrilliantBurritos,YieldingYams,7589912
2026-07-04T23:00:20.439528,2026-07-04T23:00:20.458592+00:00,136.6,20,ask,WavyWalnuts,BrilliantBurritos,7589945
2026-07-04T23:00:20.936028,2026-07-04T23:00:20.947503+00:00,136.6,180,ask,WavyWalnuts,YieldingYams,7589950
2026-07-04T23:00:21.443984,2026-07-04T23:00:21.447769+00:00,136.5,23,ask,WavyWalnuts,Xuanyu Liu,7589964
2026-07-04T23:00:22.526804,2026-07-04T23:00:22.536275+00:00,136.6,200,ask,YieldingYams,WavyWalnuts,7589987
2026-07-04T23:00:24.946125,2026-07-04T23:00:24.958615+00:00,136.7,200,bid,WavyWalnuts,YieldingYams,7590015
2026-07-04T23:00:26.207067,2026-07-04T23:00:26.210736+00:00,136.7,3,ask,YieldingYams,Xuanyu Liu,7590034
2026-07-04T23:00:28.580409,2026-07-04T23:00:28.587745+00:00,136.7,200,ask,YieldingYams,WavyWalnuts,7590064
2026-07-04T23:00:29.808820,2026-07-04T23:00:29.814463+00:00,136.7,3,bid,Xuanyu Liu,WavyWalnuts,7590093
2026-07-04T23:00:30.579931,2026-07-04T23:00:30.586776+00:00,136.7,25,bid,Yinxuan Li,WavyWalnuts,7590102
2026-07-04T23:00:34.650470,2026-07-04T23:00:34.654429+00:00,136.6,3,ask,WavyWalnuts,Xuanyu Liu,7590178
2026-07-04T23:00:35.400067,2026-07-04T23:00:35.410057+00:00,136.6,197,ask,WavyWalnuts,YieldingYams,7590191
2026-07-04T23:00:37.056052,2026-07-04T23:00:37.058568+00:00,136.6,200,bid,WavyWalnuts,YieldingYams,7590215
2026-07-04T23:00:40.641843,2026-07-04T23:00:40.649368+00:00,136.7,500,bid,YieldingYams,AverageAlmonds,7590266
2026-07-04T23:00:41.201543,2026-07-04T23:00:41.208973+00:00,136.7,125,ask,YieldingYams,AverageAlmonds,7590276
2026-07-04T23:00:44.324699,2026-07-04T23:00:44.332460+00:00,136.4,200,bid,WavyWalnuts,AverageAlmonds,7590323
2026-07-04T23:00:44.554796,2026-07-04T23:00:44.562120+00:00,136.3,20,ask,YieldingYams,BrilliantBurritos,7590331
2026-07-04T23:00:44.571505,2026-07-04T23:00:44.578032+00:00,136.4,300,bid,YieldingYams,AverageAlmonds,7590333
2026-07-04T23:00:44.844408,2026-07-04T23:00:44.849579+00:00,136.4,325,ask,YieldingYams,AverageAlmonds,7590334
2026-07-04T23:00:45.533822,2026-07-04T23:00:45.541266+00:00,136.3,200,bid,WavyWalnuts,AverageAlmonds,7590343
2026-07-04T23:00:46.314664,2026-07-04T23:00:46.318930+00:00,136.2,3,ask,YieldingYams,Xuanyu Liu,7590358
2026-07-04T23:00:46.667620,2026-07-04T23:00:46.674953+00:00,136.2,500,ask,YieldingYams,AverageAlmonds,7590365
2026-07-04T23:00:46.756243,2026-07-04T23:00:46.759731+00:00,136.3,11,ask,WavyWalnuts,Xuanyu Liu,7590369
2026-07-04T23:00:47.193117,2026-07-04T23:00:47.201067+00:00,136.3,189,ask,WavyWalnuts,YieldingYams,7590377
2026-07-04T23:00:47.952175,2026-07-04T23:00:47.960405+00:00,136.1,200,bid,WavyWalnuts,YieldingYams,7590391
2026-07-04T23:00:49.161896,2026-07-04T23:00:49.169247+00:00,136.1,200,bid,WavyWalnuts,YieldingYams,7590403
2026-07-04T23:00:49.419215,2026-07-04T23:00:49.422897+00:00,136.1,11,bid,Xuanyu Liu,YieldingYams,7590411
2026-07-04T23:00:53.751685,2026-07-04T23:00:53.758667+00:00,136.2,200,bid,YieldingYams,WavyWalnuts,7590481
2026-07-04T23:00:53.918088,2026-07-04T23:00:53.926447+00:00,136.2,425,ask,YieldingYams,AverageAlmonds,7590483
2026-07-04T23:00:55.806554,2026-07-04T23:00:55.810191+00:00,136.2,3,bid,Xuanyu Liu,YieldingYams,7590506
2026-07-04T23:00:56.377940,2026-07-04T23:00:56.385070+00:00,136.2,500,bid,YieldingYams,AverageAlmonds,7590511
2026-07-04T23:00:56.414811,2026-07-04T23:00:56.424314+00:00,136.2,125,ask,YieldingYams,WavyWalnuts,7590513
2026-07-04T23:00:58.850700,2026-07-04T23:00:58.858561+00:00,136.1,20,bid,BrilliantBurritos,WavyWalnuts,7590535
2026-07-04T23:00:59.622495,2026-07-04T23:00:59.629603+00:00,136.0,20,ask,YieldingYams,BrilliantBurritos,7590555
2026-07-04T23:01:00.047265,2026-07-04T23:01:00.052337+00:00,136.0,200,ask,YieldingYams,WavyWalnuts,7590558
2026-07-04T23:01:04.185587,2026-07-04T23:01:04.197088+00:00,135.8,20,ask,WavyWalnuts,BrilliantBurritos,7590623
2026-07-04T23:01:08.266623,2026-07-04T23:01:08.274787+00:00,135.7,20,bid,BrilliantBurritos,WavyWalnuts,7590687
2026-07-04T23:01:09.490499,2026-07-04T23:01:09.499262+00:00,135.8,200,bid,YieldingYams,WavyWalnuts,7590700
2026-07-04T23:01:09.735096,2026-07-04T23:01:09.738685+00:00,135.9,3,ask,WavyWalnuts,Xuanyu Liu,7590706
2026-07-04T23:01:10.622758,2026-07-04T23:01:10.631919+00:00,135.9,25,ask,WavyWalnuts,Yinxuan Li,7590727
2026-07-04T23:01:10.907714,2026-07-04T23:01:10.919210+00:00,135.9,20,ask,WavyWalnuts,BrilliantBurritos,7590731
2026-07-04T23:01:12.136588,2026-07-04T23:01:12.147790+00:00,136.0,200,bid,WavyWalnuts,YieldingYams,7590755
2026-07-04T23:01:13.300723,2026-07-04T23:01:13.304150+00:00,135.9,3,bid,Xuanyu Liu,AverageAlmonds,7590774
2026-07-04T23:01:13.427928,2026-07-04T23:01:13.438925+00:00,135.9,497,bid,YieldingYams,AverageAlmonds,7590778
2026-07-04T23:01:13.884562,2026-07-04T23:01:13.892223+00:00,135.9,128,ask,YieldingYams,AverageAlmonds,7590785
2026-07-04T23:01:14.521192,2026-07-04T23:01:14.528225+00:00,135.8,200,ask,WavyWalnuts,AverageAlmonds,7590798
2026-07-04T23:01:14.739487,2026-07-04T23:01:14.750875+00:00,135.6,200,ask,WavyWalnuts,YieldingYams,7590802
2026-07-04T23:01:14.757270,2026-07-04T23:01:14.770544+00:00,135.6,3,bid,Xuanyu Liu,YieldingYams,7590806
2026-07-04T23:01:14.775945,2026-07-04T23:01:14.779547+00:00,135.4,3,ask,YieldingYams,Xuanyu Liu,7590811
2026-07-04T23:01:15.762409,2026-07-04T23:01:15.772297+00:00,135.6,200,bid,WavyWalnuts,YieldingYams,7590825
2026-07-04T23:01:16.972390,2026-07-04T23:01:16.980158+00:00,135.6,200,ask,YieldingYams,WavyWalnuts,7590849
2026-07-04T23:01:17.953138,2026-07-04T23:01:17.956823+00:00,135.4,3,ask,YieldingYams,Xuanyu Liu,7590863
2026-07-04T23:01:19.389524,2026-07-04T23:01:19.398843+00:00,135.4,200,ask,YieldingYams,WavyWalnuts,7590890
2026-07-04T23:01:20.010554,2026-07-04T23:01:20.014306+00:00,135.5,11,ask,YieldingYams,Xuanyu Liu,7590895
2026-07-04T23:01:20.641596,2026-07-04T23:01:20.653517+00:00,135.5,25,ask,YieldingYams,Yinxuan Li,7590902
2026-07-04T23:01:21.306841,2026-07-04T23:01:21.318743+00:00,135.6,200,bid,YieldingYams,WavyWalnuts,7590910
2026-07-04T23:01:21.518478,2026-07-04T23:01:21.522140+00:00,135.6,12,ask,YieldingYams,Xuanyu Liu,7590913
2026-07-04T23:01:21.805991,2026-07-04T23:01:21.816958+00:00,135.6,200,ask,YieldingYams,WavyWalnuts,7590921
2026-07-04T23:01:25.449394,2026-07-04T23:01:25.452940+00:00,135.5,11,ask,WavyWalnuts,Xuanyu Liu,7590977
2026-07-04T23:01:26.564990,2026-07-04T23:01:26.576326+00:00,135.5,189,ask,WavyWalnuts,YieldingYams,7590988
2026-07-04T23:01:29.071817,2026-07-04T23:01:29.080157+00:00,135.3,200,ask,YieldingYams,WavyWalnuts,7591029
2026-07-04T23:01:30.295153,2026-07-04T23:01:30.305216+00:00,135.3,200,bid,WavyWalnuts,YieldingYams,7591048
2026-07-04T23:01:30.832062,2026-07-04T23:01:30.840014+00:00,135.3,500,bid,AverageAlmonds,YieldingYams,7591054
2026-07-04T23:01:31.429106,2026-07-04T23:01:31.437491+00:00,135.3,125,bid,AverageAlmonds,YieldingYams,7591059
2026-07-04T23:01:31.508261,2026-07-04T23:01:31.518065+00:00,135.3,200,ask,AverageAlmonds,WavyWalnuts,7591060
2026-07-04T23:01:31.824533,2026-07-04T23:01:31.828170+00:00,135.5,12,ask,YieldingYams,Xuanyu Liu,7591066
2026-07-04T23:01:32.716845,2026-07-04T23:01:32.724946+00:00,135.5,200,ask,YieldingYams,WavyWalnuts,7591083
2026-07-04T23:01:33.773371,2026-07-04T23:01:33.777456+00:00,135.6,35,bid,Xuanyu Liu,YieldingYams,7591100
2026-07-04T23:01:33.924445,2026-07-04T23:01:33.932743+00:00,135.4,200,ask,AverageAlmonds,WavyWalnuts,7591102
2026-07-04T23:01:36.351220,2026-07-04T23:01:36.358568+00:00,135.4,200,bid,WavyWalnuts,YieldingYams,7591135
2026-07-04T23:01:37.561095,2026-07-04T23:01:37.569586+00:00,135.4,200,bid,WavyWalnuts,YieldingYams,7591157
2026-07-04T23:01:38.770601,2026-07-04T23:01:38.779929+00:00,135.5,200,bid,WavyWalnuts,YieldingYams,7591172
2026-07-04T23:01:39.460922,2026-07-04T23:01:39.468947+00:00,135.2,20,ask,YieldingYams,BrilliantBurritos,7591186
2026-07-04T23:01:39.984063,2026-07-04T23:01:39.993702+00:00,135.5,200,bid,WavyWalnuts,YieldingYams,7591188
2026-07-04T23:01:40.098352,2026-07-04T23:01:40.102255+00:00,135.3,12,ask,YieldingYams,Xuanyu Liu,7591191
2026-07-04T23:01:41.193230,2026-07-04T23:01:41.201790+00:00,135.4,200,bid,WavyWalnuts,YieldingYams,7591204
2026-07-04T23:01:41.737088,2026-07-04T23:01:41.747521+00:00,135.4,425,bid,AverageAlmonds,YieldingYams,7591214
2026-07-04T23:01:41.756721,2026-07-04T23:01:41.760165+00:00,135.4,11,ask,AverageAlmonds,Xuanyu Liu,7591216
2026-07-04T23:01:42.309468,2026-07-04T23:01:42.313086+00:00,135.7,34,ask,YieldingYams,Xuanyu Liu,7591232
2026-07-04T23:01:42.401807,2026-07-04T23:01:42.412231+00:00,135.7,200,ask,YieldingYams,WavyWalnuts,7591234
2026-07-04T23:01:43.264255,2026-07-04T23:01:43.268175+00:00,135.9,11,bid,Xuanyu Liu,YieldingYams,7591248
2026-07-04T23:01:44.939752,2026-07-04T23:01:44.943673+00:00,135.7,11,bid,Xuanyu Liu,YieldingYams,7591273
2026-07-04T23:01:46.421311,2026-07-04T23:01:46.425276+00:00,135.6,11,ask,WavyWalnuts,Xuanyu Liu,7591295
2026-07-04T23:01:48.443116,2026-07-04T23:01:48.458577+00:00,135.6,200,bid,WavyWalnuts,YieldingYams,7591324
2026-07-04T23:01:49.649588,2026-07-04T23:01:49.658597+00:00,135.5,200,bid,WavyWalnuts,YieldingYams,7591338
2026-07-04T23:01:50.857876,2026-07-04T23:01:50.866932+00:00,135.5,200,ask,YieldingYams,WavyWalnuts,7591357
2026-07-04T23:01:51.483382,2026-07-04T23:01:51.491049+00:00,135.6,500,ask,AverageAlmonds,YieldingYams,7591365
2026-07-04T23:01:52.031137,2026-07-04T23:01:52.042004+00:00,135.6,125,bid,AverageAlmonds,YieldingYams,7591376
2026-07-04T23:01:52.693631,2026-07-04T23:01:52.703624+00:00,135.8,20,bid,BrilliantBurritos,WavyWalnuts,7591395
2026-07-04T23:01:53.274918,2026-07-04T23:01:53.285839+00:00,135.7,200,ask,YieldingYams,WavyWalnuts,7591407
2026-07-04T23:01:56.720531,2026-07-04T23:01:56.730191+00:00,135.7,200,ask,WavyWalnuts,YieldingYams,7591459
2026-07-04T23:01:56.720531,2026-07-04T23:01:56.730191+00:00,135.7,425,ask,AverageAlmonds,YieldingYams,7591460
2026-07-04T23:02:00.356073,2026-07-04T23:02:00.364501+00:00,135.8,20,ask,WavyWalnuts,BrilliantBurritos,7591518
2026-07-04T23:02:00.588578,2026-07-04T23:02:00.592373+00:00,135.8,11,bid,Xuanyu Liu,WavyWalnuts,7591524
2026-07-04T23:02:03.540655,2026-07-04T23:02:03.547458+00:00,135.8,200,bid,AverageAlmonds,WavyWalnuts,7591567
2026-07-04T23:02:04.211481,2026-07-04T23:02:04.222176+00:00,135.8,200,ask,AverageAlmonds,WavyWalnuts,7591574
2026-07-04T23:02:04.744646,2026-07-04T23:02:04.753027+00:00,135.9,500,bid,AverageAlmonds,YieldingYams,7591583
2026-07-04T23:02:05.343145,2026-07-04T23:02:05.358772+00:00,135.9,125,bid,AverageAlmonds,YieldingYams,7591597
2026-07-04T23:02:05.422060,2026-07-04T23:02:05.432024+00:00,135.9,200,ask,AverageAlmonds,WavyWalnuts,7591600
2026-07-04T23:02:05.754988,2026-07-04T23:02:05.766512+00:00,135.9,20,ask,AverageAlmonds,BrilliantBurritos,7591603
2026-07-04T23:02:05.906604,2026-07-04T23:02:05.910287+00:00,136.2,12,bid,Xuanyu Liu,YieldingYams,7591607
2026-07-04T23:02:06.629823,2026-07-04T23:02:06.637570+00:00,136.0,200,ask,YieldingYams,WavyWalnuts,7591617
2026-07-04T23:02:07.227100,2026-07-04T23:02:07.230352+00:00,136.1,11,bid,Xuanyu Liu,YieldingYams,7591629
2026-07-04T23:02:07.841205,2026-07-04T23:02:07.850505+00:00,136.0,200,ask,AverageAlmonds,WavyWalnuts,7591637
2026-07-04T23:02:08.366151,2026-07-04T23:02:08.374000+00:00,136.1,500,bid,AverageAlmonds,YieldingYams,7591643
2026-07-04T23:02:09.049886,2026-07-04T23:02:09.052561+00:00,136.1,200,ask,YieldingYams,WavyWalnuts,7591655
2026-07-04T23:02:11.139789,2026-07-04T23:02:11.150746+00:00,136.2,200,bid,YieldingYams,WavyWalnuts,7591686
2026-07-04T23:02:11.664278,2026-07-04T23:02:11.668589+00:00,136.4,12,bid,Xuanyu Liu,YieldingYams,7591691
2026-07-04T23:02:12.688771,2026-07-04T23:02:12.692938+00:00,136.3,11,bid,Xuanyu Liu,WavyWalnuts,7591712
2026-07-04T23:02:17.084960,2026-07-04T23:02:17.094844+00:00,136.3,20,bid,BrilliantBurritos,WavyWalnuts,7591771
2026-07-04T23:02:23.580135,2026-07-04T23:02:23.591710+00:00,136.3,200,bid,WavyWalnuts,YieldingYams,7591863
2026-07-04T23:02:24.359232,2026-07-04T23:02:24.371043+00:00,136.1,20,ask,AverageAlmonds,BrilliantBurritos,7591872
2026-07-04T23:02:24.791417,2026-07-04T23:02:24.801312+00:00,136.3,200,bid,WavyWalnuts,YieldingYams,7591879
2026-07-04T23:02:26.008853,2026-07-04T23:02:26.017018+00:00,136.1,16,ask,YieldingYams,Zihao Wu,7591899
2026-07-04T23:02:28.448225,2026-07-04T23:02:28.452147+00:00,136.1,3,bid,Xuanyu Liu,WavyWalnuts,7591940
2026-07-04T23:02:33.245630,2026-07-04T23:02:33.252433+00:00,136.2,20,ask,WavyWalnuts,BrilliantBurritos,7592017
2026-07-04T23:02:36.076907,2026-07-04T23:02:36.090748+00:00,136.2,200,ask,WavyWalnuts,YieldingYams,7592057
2026-07-04T23:02:36.076907,2026-07-04T23:02:36.090748+00:00,136.1,425,ask,AverageAlmonds,YieldingYams,7592058
2026-07-04T23:02:37.431353,2026-07-04T23:02:37.434905+00:00,136.3,3,ask,YieldingYams,Xuanyu Liu,7592085
2026-07-04T23:02:38.107574,2026-07-04T23:02:38.116777+00:00,136.3,200,ask,YieldingYams,WavyWalnuts,7592093
2026-07-04T23:02:40.016130,2026-07-04T23:02:40.025908+00:00,136.3,200,bid,YieldingYams,WavyWalnuts,7592118
2026-07-04T23:02:40.536596,2026-07-04T23:02:40.540094+00:00,136.4,3,bid,Xuanyu Liu,WavyWalnuts,7592130
2026-07-04T23:02:42.638574,2026-07-04T23:02:42.649406+00:00,136.3,200,bid,YieldingYams,WavyWalnuts,7592150
2026-07-04T23:02:42.939366,2026-07-04T23:02:42.950926+00:00,136.3,200,ask,YieldingYams,WavyWalnuts,7592154
2026-07-04T23:02:44.148699,2026-07-04T23:02:44.158559+00:00,136.2,200,bid,WavyWalnuts,YieldingYams,7592174
2026-07-04T23:02:46.033379,2026-07-04T23:02:46.042567+00:00,136.4,16,bid,Zihao Wu,YieldingYams,7592199
2026-07-04T23:02:46.530081,2026-07-04T23:02:46.545032+00:00,136.2,20,ask,WavyWalnuts,BrilliantBurritos,7592209
2026-07-04T23:02:47.890935,2026-07-04T23:02:47.897830+00:00,136.3,200,ask,WavyWalnuts,YieldingYams,7592228
2026-07-04T23:02:50.198202,2026-07-04T23:02:50.206241+00:00,136.3,200,ask,YieldingYams,WavyWalnuts,7592260
2026-07-04T23:03:01.630779,2026-07-04T23:03:01.638095+00:00,136.4,500,bid,AverageAlmonds,YieldingYams,7592421
2026-07-04T23:03:02.312283,2026-07-04T23:03:02.322916+00:00,136.4,375,ask,AverageAlmonds,YieldingYams,7592433
2026-07-04T23:03:02.489281,2026-07-04T23:03:02.501140+00:00,136.2,20,ask,YieldingYams,BrilliantBurritos,7592436
2026-07-04T23:03:03.466100,2026-07-04T23:03:03.474586+00:00,136.4,250,bid,AverageAlmonds,YieldingYams,7592445
2026-07-04T23:03:03.466100,2026-07-04T23:03:03.474586+00:00,136.4,200,bid,AverageAlmonds,WavyWalnuts,7592446
2026-07-04T23:03:03.538283,2026-07-04T23:03:03.546174+00:00,136.4,50,ask,AverageAlmonds,WavyWalnuts,7592448
2026-07-04T23:03:03.618495,2026-07-04T23:03:03.628099+00:00,136.3,150,bid,YieldingYams,WavyWalnuts,7592450
2026-07-04T23:03:04.751116,2026-07-04T23:03:04.755710+00:00,136.4,200,ask,YieldingYams,WavyWalnuts,7592467
2026-07-04T23:03:05.962358,2026-07-04T23:03:05.969607+00:00,136.5,200,ask,AverageAlmonds,WavyWalnuts,7592486
2026-07-04T23:03:06.168112,2026-07-04T23:03:06.180237+00:00,136.6,6,bid,Zihao Wu,YieldingYams,7592487
2026-07-04T23:03:06.243249,2026-07-04T23:03:06.258562+00:00,136.5,300,ask,AverageAlmonds,YieldingYams,7592492
2026-07-04T23:03:06.473194,2026-07-04T23:03:06.481767+00:00,136.4,325,bid,AverageAlmonds,YieldingYams,7592496
2026-07-04T23:03:07.549729,2026-07-04T23:03:07.559148+00:00,136.5,200,bid,YieldingYams,WavyWalnuts,7592508
2026-07-04T23:03:12.784899,2026-07-04T23:03:12.796227+00:00,136.7,200,ask,WavyWalnuts,YieldingYams,7592587
2026-07-04T23:03:12.801939,2026-07-04T23:03:12.805536+00:00,136.7,3,bid,Xuanyu Liu,YieldingYams,7592589
2026-07-04T23:03:13.758066,2026-07-04T23:03:13.769624+00:00,136.6,20,ask,AverageAlmonds,BrilliantBurritos,7592595
2026-07-04T23:03:14.092549,2026-07-04T23:03:14.103534+00:00,136.7,200,bid,YieldingYams,WavyWalnuts,7592602
2026-07-04T23:03:14.436732,2026-07-04T23:03:14.444260+00:00,136.7,200,ask,YieldingYams,WavyWalnuts,7592614
2026-07-04T23:03:15.090792,2026-07-04T23:03:15.094928+00:00,136.9,34,bid,Xuanyu Liu,YieldingYams,7592625
2026-07-04T23:03:15.421022,2026-07-04T23:03:15.424559+00:00,136.7,16,bid,Xuanyu Liu,YieldingYams,7592636
2026-07-04T23:03:15.570102,2026-07-04T23:03:15.577580+00:00,136.7,500,bid,AverageAlmonds,YieldingYams,7592640
2026-07-04T23:03:15.774535,2026-07-04T23:03:15.781783+00:00,136.6,25,bid,Yinxuan Li,WavyWalnuts,7592644
2026-07-04T23:03:16.163841,2026-07-04T23:03:16.170183+00:00,136.6,175,bid,AverageAlmonds,WavyWalnuts,7592646
2026-07-04T23:03:16.163841,2026-07-04T23:03:16.170183+00:00,136.7,109,bid,AverageAlmonds,YieldingYams,7592647
2026-07-04T23:03:16.869455,2026-07-04T23:03:16.880380+00:00,136.8,200,ask,YieldingYams,WavyWalnuts,7592665
2026-07-04T23:03:18.083999,2026-07-04T23:03:18.091662+00:00,136.8,200,ask,AverageAlmonds,WavyWalnuts,7592683
2026-07-04T23:03:18.251445,2026-07-04T23:03:18.255493+00:00,136.8,4,ask,AverageAlmonds,Xuanyu Liu,7592686
2026-07-04T23:03:18.586025,2026-07-04T23:03:18.593249+00:00,136.9,500,bid,AverageAlmonds,YieldingYams,7592695
2026-07-04T23:03:19.181990,2026-07-04T23:03:19.190546+00:00,136.9,125,bid,AverageAlmonds,YieldingYams,7592701
2026-07-04T23:03:19.215665,2026-07-04T23:03:19.219523+00:00,136.9,12,ask,AverageAlmonds,Xuanyu Liu,7592705
2026-07-04T23:03:19.297788,2026-07-04T23:03:19.305037+00:00,136.9,200,ask,AverageAlmonds,WavyWalnuts,7592709
2026-07-04T23:03:19.338237,2026-07-04T23:03:19.341825+00:00,137.0,11,ask,YieldingYams,Xuanyu Liu,7592711
2026-07-04T23:03:19.575540,2026-07-04T23:03:19.587418+00:00,137.2,20,bid,BrilliantBurritos,YieldingYams,7592713
2026-07-04T23:03:20.411593,2026-07-04T23:03:20.422435+00:00,137.2,20,bid,BrilliantBurritos,YieldingYams,7592727
2026-07-04T23:03:20.510410,2026-07-04T23:03:20.518362+00:00,137.0,200,ask,YieldingYams,WavyWalnuts,7592732
2026-07-04T23:03:21.415977,2026-07-04T23:03:21.419754+00:00,137.0,23,bid,Xuanyu Liu,YieldingYams,7592748
2026-07-04T23:03:21.719578,2026-07-04T23:03:21.728646+00:00,136.9,200,ask,AverageAlmonds,WavyWalnuts,7592750
2026-07-04T23:03:23.257610,2026-07-04T23:03:23.277795+00:00,136.9,500,ask,AverageAlmonds,YieldingYams,7592773
2026-07-04T23:03:23.274314,2026-07-04T23:03:23.277795+00:00,136.9,11,bid,Xuanyu Liu,YieldingYams,7592775
2026-07-04T23:03:23.431824,2026-07-04T23:03:23.441236+00:00,136.9,114,bid,AverageAlmonds,YieldingYams,7592780
2026-07-04T23:03:23.431824,2026-07-04T23:03:23.441236+00:00,137.0,200,bid,AverageAlmonds,WavyWalnuts,7592781
2026-07-04T23:03:23.769413,2026-07-04T23:03:23.781290+00:00,137.7,20,bid,BrilliantBurritos,AverageAlmonds,7592792
2026-07-04T23:03:24.145079,2026-07-04T23:03:24.153734+00:00,137.0,200,ask,AverageAlmonds,WavyWalnuts,7592795
2026-07-04T23:03:25.793792,2026-07-04T23:03:25.805060+00:00,137.2,25,bid,Yinxuan Li,YieldingYams,7592818
2026-07-04T23:03:29.828354,2026-07-04T23:03:29.831737+00:00,137.3,11,ask,YieldingYams,Xuanyu Liu,7592890
2026-07-04T23:03:32.615681,2026-07-04T23:03:32.624098+00:00,137.3,200,ask,YieldingYams,WavyWalnuts,7592929
2026-07-04T23:03:34.338141,2026-07-04T23:03:34.347009+00:00,137.2,500,bid,AverageAlmonds,YieldingYams,7592959
2026-07-04T23:03:34.936080,2026-07-04T23:03:34.943936+00:00,137.2,125,bid,AverageAlmonds,YieldingYams,7592967
2026-07-04T23:03:34.965928,2026-07-04T23:03:34.969450+00:00,137.3,23,ask,AverageAlmonds,Xuanyu Liu,7592971
2026-07-04T23:03:36.412311,2026-07-04T23:03:36.416119+00:00,137.4,12,ask,YieldingYams,Xuanyu Liu,7593002
2026-07-04T23:03:38.653173,2026-07-04T23:03:38.664668+00:00,137.5,200,ask,YieldingYams,WavyWalnuts,7593035
2026-07-04T23:03:41.080405,2026-07-04T23:03:41.088754+00:00,137.5,200,ask,YieldingYams,WavyWalnuts,7593069
2026-07-04T23:03:42.962253,2026-07-04T23:03:42.969174+00:00,137.3,200,ask,WavyWalnuts,YieldingYams,7593093
2026-07-04T23:03:42.962253,2026-07-04T23:03:42.974161+00:00,137.3,425,ask,AverageAlmonds,YieldingYams,7593094
2026-07-04T23:03:45.828227,2026-07-04T23:03:45.840758+00:00,137.6,25,bid,Yinxuan Li,WavyWalnuts,7593133
2026-07-04T23:03:47.132708,2026-07-04T23:03:47.142030+00:00,137.4,200,ask,YieldingYams,WavyWalnuts,7593155
2026-07-04T23:03:48.248441,2026-07-04T23:03:48.259970+00:00,137.4,500,bid,AverageAlmonds,YieldingYams,7593165
2026-07-04T23:03:49.518698,2026-07-04T23:03:49.526397+00:00,137.4,200,bid,YieldingYams,WavyWalnuts,7593188
2026-07-04T23:03:49.537104,2026-07-04T23:03:49.540919+00:00,137.5,11,ask,YieldingYams,Xuanyu Liu,7593190
2026-07-04T23:03:49.549655,2026-07-04T23:03:49.556167+00:00,137.5,200,ask,YieldingYams,WavyWalnuts,7593191
2026-07-04T23:03:50.837303,2026-07-04T23:03:50.844817+00:00,137.5,200,ask,WavyWalnuts,YieldingYams,7593204
2026-07-04T23:04:01.319672,2026-07-04T23:04:01.326792+00:00,137.4,200,bid,YieldingYams,WavyWalnuts,7593363
2026-07-04T23:04:05.747292,2026-07-04T23:04:05.751536+00:00,137.4,3,ask,WavyWalnuts,Xuanyu Liu,7593424
2026-07-04T23:04:05.852868,2026-07-04T23:04:05.859596+00:00,137.4,25,ask,WavyWalnuts,Yinxuan Li,7593427
2026-07-04T23:04:06.497915,2026-07-04T23:04:06.509057+00:00,137.5,200,bid,WavyWalnuts,YieldingYams,7593437
2026-07-04T23:04:07.868281,2026-07-04T23:04:07.882225+00:00,137.5,200,ask,WavyWalnuts,YieldingYams,7593467
2026-07-04T23:04:08.376745,2026-07-04T23:04:08.388500+00:00,137.5,20,bid,BrilliantBurritos,YieldingYams,7593482
2026-07-04T23:04:10.122568,2026-07-04T23:04:10.131951+00:00,137.2,200,ask,YieldingYams,WavyWalnuts,7593503
2026-07-04T23:04:16.170527,2026-07-04T23:04:16.177669+00:00,137.3,200,bid,WavyWalnuts,YieldingYams,7593593
2026-07-04T23:04:17.377902,2026-07-04T23:04:17.385339+00:00,137.3,200,bid,WavyWalnuts,YieldingYams,7593614
2026-07-04T23:04:19.733499,2026-07-04T23:04:19.742149+00:00,137.3,200,ask,WavyWalnuts,AverageAlmonds,7593654
2026-07-04T23:04:19.733499,2026-07-04T23:04:19.742149+00:00,137.3,300,ask,YieldingYams,AverageAlmonds,7593655
2026-07-04T23:04:20.934301,2026-07-04T23:04:20.942702+00:00,137.3,325,ask,YieldingYams,AverageAlmonds,7593679
2026-07-04T23:04:20.996391,2026-07-04T23:04:21.008900+00:00,137.2,200,ask,WavyWalnuts,YieldingYams,7593683
2026-07-04T23:04:21.514524,2026-07-04T23:04:21.519090+00:00,137.2,14,bid,Xuanyu Liu,YieldingYams,7593688
2026-07-04T23:04:29.497447,2026-07-04T23:04:29.500903+00:00,137.3,11,ask,WavyWalnuts,Xuanyu Liu,7593818
2026-07-04T23:04:31.069498,2026-07-04T23:04:31.073718+00:00,137.2,3,ask,YieldingYams,Xuanyu Liu,7593840
2026-07-04T23:04:31.903417,2026-07-04T23:04:31.910298+00:00,137.4,200,bid,WavyWalnuts,YieldingYams,7593853
2026-07-04T23:04:32.451967,2026-07-04T23:04:32.469076+00:00,137.4,20,bid,BrilliantBurritos,YieldingYams,7593862
2026-07-04T23:04:35.426945,2026-07-04T23:04:35.437424+00:00,137.4,200,bid,YieldingYams,WavyWalnuts,7593923
2026-07-04T23:04:35.528132,2026-07-04T23:04:35.537305+00:00,137.4,200,ask,YieldingYams,WavyWalnuts,7593929
2026-07-04T23:04:38.063907,2026-07-04T23:04:38.067502+00:00,137.4,3,ask,YieldingYams,Xuanyu Liu,7593970
2026-07-04T23:04:39.356893,2026-07-04T23:04:39.358610+00:00,137.5,200,bid,YieldingYams,WavyWalnuts,7593989
2026-07-04T23:04:39.374876,2026-07-04T23:04:39.378325+00:00,137.6,23,ask,YieldingYams,Xuanyu Liu,7593993
2026-07-04T23:04:42.780136,2026-07-04T23:04:42.790343+00:00,137.5,200,bid,WavyWalnuts,YieldingYams,7594032
2026-07-04T23:04:43.669137,2026-07-04T23:04:43.680890+00:00,137.6,20,bid,BrilliantBurritos,YieldingYams,7594051
2026-07-04T23:04:44.000366,2026-07-04T23:04:44.003997+00:00,137.5,11,ask,WavyWalnuts,Xuanyu Liu,7594063
2026-07-04T23:04:45.897916,2026-07-04T23:04:45.908826+00:00,137.4,25,ask,YieldingYams,Yinxuan Li,7594094
2026-07-04T23:04:49.843658,2026-07-04T23:04:49.850720+00:00,137.7,200,bid,YieldingYams,WavyWalnuts,7594170
2026-07-04T23:04:50.042941,2026-07-04T23:04:50.052040+00:00,137.7,200,ask,YieldingYams,WavyWalnuts,7594175
2026-07-04T23:04:50.912780,2026-07-04T23:04:50.924586+00:00,137.7,25,ask,YieldingYams,Yinxuan Li,7594192
2026-07-04T23:04:51.248348,2026-07-04T23:04:51.258599+00:00,137.6,200,bid,WavyWalnuts,YieldingYams,7594204
2026-07-04T23:04:53.808887,2026-07-04T23:04:53.819601+00:00,137.4,200,ask,WavyWalnuts,YieldingYams,7594247
2026-07-04T23:04:54.852519,2026-07-04T23:04:54.858587+00:00,137.4,425,bid,AverageAlmonds,YieldingYams,7594262
2026-07-04T23:04:55.121107,2026-07-04T23:04:55.138924+00:00,137.5,200,bid,YieldingYams,WavyWalnuts,7594273
2026-07-04T23:04:55.135556,2026-07-04T23:04:55.138924+00:00,137.6,12,ask,YieldingYams,Xuanyu Liu,7594275
2026-07-04T23:04:56.363372,2026-07-04T23:04:56.366638+00:00,137.6,11,ask,YieldingYams,Xuanyu Liu,7594291
2026-07-04T23:04:57.742771,2026-07-04T23:04:57.753132+00:00,137.6,200,bid,YieldingYams,WavyWalnuts,7594314
2026-07-04T23:04:57.758414,2026-07-04T23:04:57.761969+00:00,137.7,11,ask,YieldingYams,Xuanyu Liu,7594318
2026-07-04T23:04:58.008017,2026-07-04T23:04:58.019969+00:00,137.7,20,ask,YieldingYams,BrilliantBurritos,7594321
2026-07-04T23:04:58.529031,2026-07-04T23:04:58.539287+00:00,137.7,200,ask,YieldingYams,WavyWalnuts,7594323
2026-07-04T23:05:04.325518,2026-07-04T23:05:04.329429+00:00,137.6,12,ask,YieldingYams,Xuanyu Liu,7594425
2026-07-04T23:05:06.934731,2026-07-04T23:05:06.941969+00:00,137.6,200,bid,YieldingYams,WavyWalnuts,7594455
2026-07-04T23:05:07.001371,2026-07-04T23:05:07.011666+00:00,137.6,200,ask,YieldingYams,WavyWalnuts,7594459
2026-07-04T23:05:08.253179,2026-07-04T23:05:08.258596+00:00,137.6,500,ask,AverageAlmonds,YieldingYams,7594487
2026-07-04T23:05:08.952165,2026-07-04T23:05:08.956310+00:00,137.6,12,bid,Xuanyu Liu,YieldingYams,7594495
2026-07-04T23:05:09.562757,2026-07-04T23:05:09.571197+00:00,137.6,200,bid,YieldingYams,WavyWalnuts,7594500
2026-07-04T23:05:10.637684,2026-07-04T23:05:10.648630+00:00,137.7,200,ask,YieldingYams,WavyWalnuts,7594515
2026-07-04T23:05:10.874824,2026-07-04T23:05:10.895379+00:00,137.5,200,ask,WavyWalnuts,YieldingYams,7594520
2026-07-04T23:05:10.891493,2026-07-04T23:05:10.895379+00:00,137.5,11,bid,Xuanyu Liu,YieldingYams,7594522
2026-07-04T23:05:11.471061,2026-07-04T23:05:11.482863+00:00,137.4,20,ask,AverageAlmonds,BrilliantBurritos,7594528
2026-07-04T23:05:11.810493,2026-07-04T23:05:11.864742+00:00,137.5,414,bid,AverageAlmonds,YieldingYams,7594529
2026-07-04T23:05:13.054055,2026-07-04T23:05:13.058542+00:00,137.6,200,ask,YieldingYams,WavyWalnuts,7594547
2026-07-04T23:05:14.267432,2026-07-04T23:05:14.275012+00:00,137.7,200,ask,YieldingYams,WavyWalnuts,7594561
2026-07-04T23:05:15.476206,2026-07-04T23:05:15.486208+00:00,137.7,200,ask,YieldingYams,WavyWalnuts,7594588
2026-07-04T23:05:18.437185,2026-07-04T23:05:18.440937+00:00,137.9,23,bid,Xuanyu Liu,YieldingYams,7594630
2026-07-04T23:05:18.485545,2026-07-04T23:05:18.497248+00:00,137.7,20,ask,YieldingYams,BrilliantBurritos,7594631
2026-07-04T23:05:18.736185,2026-07-04T23:05:18.739719+00:00,137.8,11,bid,Xuanyu Liu,YieldingYams,7594641
2026-07-04T23:05:21.899462,2026-07-04T23:05:21.911414+00:00,137.8,20,bid,BrilliantBurritos,YieldingYams,7594687
2026-07-04T23:05:22.670581,2026-07-04T23:05:22.674979+00:00,137.8,11,ask,YieldingYams,Xuanyu Liu,7594702
2026-07-04T23:05:24.763834,2026-07-04T23:05:24.767551+00:00,137.9,11,bid,Xuanyu Liu,WavyWalnuts,7594730
2026-07-04T23:05:25.157617,2026-07-04T23:05:25.169431+00:00,137.8,200,ask,YieldingYams,WavyWalnuts,7594738
2026-07-04T23:05:26.602098,2026-07-04T23:05:26.605635+00:00,137.8,12,bid,Xuanyu Liu,YieldingYams,7594754
2026-07-04T23:05:31.075251,2026-07-04T23:05:31.079513+00:00,137.8,11,bid,Xuanyu Liu,WavyWalnuts,7594817
2026-07-04T23:05:32.433502,2026-07-04T23:05:32.436785+00:00,137.7,3,bid,Xuanyu Liu,WavyWalnuts,7594849
2026-07-04T23:05:37.478576,2026-07-04T23:05:37.490094+00:00,137.7,20,bid,BrilliantBurritos,YieldingYams,7594930
2026-07-04T23:05:38.398291,2026-07-04T23:05:38.407322+00:00,137.6,200,ask,WavyWalnuts,YieldingYams,7594946
2026-07-04T23:05:42.325242,2026-07-04T23:05:42.333957+00:00,137.4,200,bid,YieldingYams,WavyWalnuts,7595011
2026-07-04T23:05:42.339381,2026-07-04T23:05:42.342986+00:00,137.5,3,ask,YieldingYams,Xuanyu Liu,7595013
2026-07-04T23:05:43.324175,2026-07-04T23:05:43.330833+00:00,137.5,200,ask,YieldingYams,WavyWalnuts,7595029
2026-07-04T23:05:43.800383,2026-07-04T23:05:43.803966+00:00,137.6,3,bid,Xuanyu Liu,YieldingYams,7595042
2026-07-04T23:05:45.682786,2026-07-04T23:05:45.699874+00:00,137.6,20,bid,BrilliantBurritos,WavyWalnuts,7595074
2026-07-04T23:05:48.173167,2026-07-04T23:05:48.184813+00:00,137.6,200,bid,WavyWalnuts,YieldingYams,7595114
2026-07-04T23:05:48.875769,2026-07-04T23:05:48.907788+00:00,137.5,500,bid,YieldingYams,AverageAlmonds,7595124
2026-07-04T23:05:48.903805,2026-07-04T23:05:48.907788+00:00,137.6,3,ask,YieldingYams,Xuanyu Liu,7595127
2026-07-04T23:05:49.342136,2026-07-04T23:05:49.349128+00:00,137.6,122,ask,YieldingYams,AverageAlmonds,7595132
2026-07-04T23:05:50.591764,2026-07-04T23:05:50.599994+00:00,137.5,200,bid,WavyWalnuts,YieldingYams,7595148
2026-07-04T23:05:51.754430,2026-07-04T23:05:51.763932+00:00,137.4,500,ask,YieldingYams,AverageAlmonds,7595166
2026-07-04T23:05:51.800200,2026-07-04T23:05:51.808648+00:00,137.4,125,ask,YieldingYams,WavyWalnuts,7595170
2026-07-04T23:05:52.820059,2026-07-04T23:05:52.828745+00:00,137.2,200,ask,WavyWalnuts,YieldingYams,7595188
2026-07-04T23:05:53.010279,2026-07-04T23:05:53.018040+00:00,137.2,200,bid,WavyWalnuts,YieldingYams,7595194
2026-07-04T23:05:53.235904,2026-07-04T23:05:53.239826+00:00,137.2,3,bid,Xuanyu Liu,YieldingYams,7595198
2026-07-04T23:05:55.449402,2026-07-04T23:05:55.451875+00:00,137.3,200,ask,WavyWalnuts,YieldingYams,7595226
2026-07-04T23:05:59.559893,2026-07-04T23:05:59.571325+00:00,137.0,20,ask,YieldingYams,BrilliantBurritos,7595290
2026-07-04T23:06:00.297473,2026-07-04T23:06:00.300909+00:00,137.1,3,bid,Xuanyu Liu,WavyWalnuts,7595310
2026-07-04T23:06:00.997331,2026-07-04T23:06:01.007932+00:00,137.1,25,bid,Yinxuan Li,WavyWalnuts,7595323
2026-07-04T23:06:02.080014,2026-07-04T23:06:02.084204+00:00,137.0,11,bid,Xuanyu Liu,YieldingYams,7595333
2026-07-04T23:06:02.790394,2026-07-04T23:06:02.794073+00:00,136.8,11,ask,YieldingYams,Xuanyu Liu,7595341
2026-07-04T23:06:05.126335,2026-07-04T23:06:05.135240+00:00,136.7,200,ask,YieldingYams,WavyWalnuts,7595385
2026-07-04T23:06:06.338145,2026-07-04T23:06:06.345699+00:00,136.8,200,ask,YieldingYams,WavyWalnuts,7595398
2026-07-04T23:06:12.554310,2026-07-04T23:06:12.562798+00:00,136.9,500,bid,YieldingYams,AverageAlmonds,7595505
2026-07-04T23:06:12.554310,2026-07-04T23:06:12.567835+00:00,136.9,125,bid,YieldingYams,WavyWalnuts,7595506
2026-07-04T23:06:13.564080,2026-07-04T23:06:13.574257+00:00,136.8,20,bid,BrilliantBurritos,AverageAlmonds,7595519
2026-07-04T23:06:13.870999,2026-07-04T23:06:13.879270+00:00,136.7,200,ask,WavyWalnuts,YieldingYams,7595525
2026-07-04T23:06:14.804518,2026-07-04T23:06:14.815709+00:00,136.7,200,bid,WavyWalnuts,YieldingYams,7595536
2026-07-04T23:06:15.433401,2026-07-04T23:06:15.436802+00:00,136.5,3,ask,YieldingYams,Xuanyu Liu,7595547
2026-07-04T23:06:17.221161,2026-07-04T23:06:17.231859+00:00,136.6,200,bid,WavyWalnuts,YieldingYams,7595572
2026-07-04T23:06:19.636324,2026-07-04T23:06:19.646710+00:00,136.6,200,bid,WavyWalnuts,YieldingYams,7595600
2026-07-04T23:06:23.271044,2026-07-04T23:06:23.279790+00:00,136.5,200,ask,YieldingYams,WavyWalnuts,7595648
2026-07-04T23:06:29.225246,2026-07-04T23:06:29.236835+00:00,136.5,20,ask,YieldingYams,BrilliantBurritos,7595713
2026-07-04T23:06:31.757624,2026-07-04T23:06:31.769168+00:00,136.4,200,ask,YieldingYams,WavyWalnuts,7595747
2026-07-04T23:06:34.889596,2026-07-04T23:06:34.898213+00:00,136.4,500,ask,AverageAlmonds,YieldingYams,7595805
2026-07-04T23:06:35.355264,2026-07-04T23:06:35.364496+00:00,136.4,125,bid,AverageAlmonds,YieldingYams,7595811
2026-07-04T23:06:35.966474,2026-07-04T23:06:35.974989+00:00,136.5,200,bid,AverageAlmonds,WavyWalnuts,7595819
2026-07-04T23:06:37.440078,2026-07-04T23:06:37.446975+00:00,136.6,20,bid,BrilliantBurritos,WavyWalnuts,7595842
2026-07-04T23:06:37.507032,2026-07-04T23:06:37.513765+00:00,136.6,180,bid,YieldingYams,WavyWalnuts,7595843
2026-07-04T23:06:40.976613,2026-07-04T23:06:40.988318+00:00,136.7,20,bid,BrilliantBurritos,YieldingYams,7595892
2026-07-04T23:06:41.464281,2026-07-04T23:06:41.474546+00:00,136.7,200,bid,YieldingYams,WavyWalnuts,7595906
2026-07-04T23:06:42.659550,2026-07-04T23:06:42.669159+00:00,136.8,200,ask,YieldingYams,WavyWalnuts,7595924
2026-07-04T23:06:44.098463,2026-07-04T23:06:44.105800+00:00,136.8,200,ask,WavyWalnuts,YieldingYams,7595944
2026-07-04T23:06:45.073773,2026-07-04T23:06:45.082476+00:00,136.8,200,bid,WavyWalnuts,YieldingYams,7595957
2026-07-04T23:06:49.344108,2026-07-04T23:06:49.358579+00:00,136.8,200,ask,WavyWalnuts,YieldingYams,7596008
2026-07-04T23:06:50.188483,2026-07-04T23:06:50.192176+00:00,136.8,14,bid,Xuanyu Liu,YieldingYams,7596016
2026-07-04T23:06:50.658812,2026-07-04T23:06:50.668952+00:00,136.9,200,bid,YieldingYams,WavyWalnuts,7596027
2026-07-04T23:06:51.698100,2026-07-04T23:06:51.706716+00:00,136.9,425,ask,YieldingYams,AverageAlmonds,7596036
2026-07-04T23:06:51.698100,2026-07-04T23:06:51.706716+00:00,136.9,75,ask,WavyWalnuts,AverageAlmonds,7596037
2026-07-04T23:06:51.972047,2026-07-04T23:06:51.988953+00:00,136.9,125,ask,WavyWalnuts,YieldingYams,7596043
2026-07-04T23:06:51.985406,2026-07-04T23:06:51.988953+00:00,136.7,12,bid,Xuanyu Liu,YieldingYams,7596046
2026-07-04T23:06:52.329256,2026-07-04T23:06:52.335756+00:00,136.7,200,bid,WavyWalnuts,YieldingYams,7596050
2026-07-04T23:06:53.400345,2026-07-04T23:06:53.411850+00:00,136.7,20,ask,YieldingYams,BrilliantBurritos,7596062
2026-07-04T23:06:53.546462,2026-07-04T23:06:53.558659+00:00,136.9,200,bid,WavyWalnuts,YieldingYams,7596069
2026-07-04T23:06:57.148218,2026-07-04T23:06:57.159433+00:00,136.9,500,ask,YieldingYams,AverageAlmonds,7596112
2026-07-04T23:06:57.238993,2026-07-04T23:06:57.242472+00:00,136.9,11,bid,Xuanyu Liu,YieldingYams,7596118
2026-07-04T23:06:58.554201,2026-07-04T23:06:58.558685+00:00,136.8,12,bid,Xuanyu Liu,YieldingYams,7596137
2026-07-04T23:06:59.732775,2026-07-04T23:06:59.736699+00:00,136.7,12,ask,WavyWalnuts,Xuanyu Liu,7596158
2026-07-04T23:07:05.132002,2026-07-04T23:07:05.142243+00:00,136.8,200,bid,YieldingYams,WavyWalnuts,7596239
2026-07-04T23:07:05.652463,2026-07-04T23:07:05.654889+00:00,136.8,200,ask,YieldingYams,WavyWalnuts,7596248
2026-07-04T23:07:06.049439,2026-07-04T23:07:06.052882+00:00,136.8,11,ask,YieldingYams,Xuanyu Liu,7596261
2026-07-04T23:07:06.861245,2026-07-04T23:07:06.870867+00:00,136.7,200,bid,WavyWalnuts,YieldingYams,7596275
2026-07-04T23:07:08.074121,2026-07-04T23:07:08.084493+00:00,136.8,200,bid,WavyWalnuts,YieldingYams,7596300
2026-07-04T23:07:10.036550,2026-07-04T23:07:10.048388+00:00,136.8,20,bid,BrilliantBurritos,YieldingYams,7596320
2026-07-04T23:07:10.489360,2026-07-04T23:07:10.496259+00:00,136.7,200,bid,WavyWalnuts,YieldingYams,7596326
2026-07-04T23:07:11.080871,2026-07-04T23:07:11.091669+00:00,136.7,25,bid,Yinxuan Li,YieldingYams,7596333
2026-07-04T23:07:12.933016,2026-07-04T23:07:12.943344+00:00,136.7,200,bid,WavyWalnuts,YieldingYams,7596356
2026-07-04T23:07:14.145365,2026-07-04T23:07:14.151178+00:00,136.6,200,ask,AverageAlmonds,WavyWalnuts,7596373
2026-07-04T23:07:15.487016,2026-07-04T23:07:15.490448+00:00,136.6,11,bid,Xuanyu Liu,WavyWalnuts,7596387
2026-07-04T23:07:16.090846,2026-07-04T23:07:16.100282+00:00,136.6,25,bid,Yinxuan Li,WavyWalnuts,7596403
2026-07-04T23:07:16.581887,2026-07-04T23:07:16.585445+00:00,136.5,12,bid,Xuanyu Liu,WavyWalnuts,7596413
2026-07-04T23:07:17.775378,2026-07-04T23:07:17.784433+00:00,136.4,200,ask,YieldingYams,WavyWalnuts,7596433
2026-07-04T23:07:18.984180,2026-07-04T23:07:18.994684+00:00,136.4,200,ask,YieldingYams,WavyWalnuts,7596446
2026-07-04T23:07:19.625755,2026-07-04T23:07:19.629262+00:00,136.4,11,bid,Xuanyu Liu,YieldingYams,7596453
2026-07-04T23:07:21.107774,2026-07-04T23:07:21.117090+00:00,136.4,25,bid,Yinxuan Li,WavyWalnuts,7596479
2026-07-04T23:07:21.399107,2026-07-04T23:07:21.408259+00:00,136.2,200,ask,YieldingYams,WavyWalnuts,7596483
2026-07-04T23:07:22.606239,2026-07-04T23:07:22.617928+00:00,136.3,200,ask,AverageAlmonds,WavyWalnuts,7596504
2026-07-04T23:07:24.506201,2026-07-04T23:07:24.517690+00:00,136.3,20,ask,AverageAlmonds,BrilliantBurritos,7596527
2026-07-04T23:07:26.118533,2026-07-04T23:07:26.125039+00:00,136.4,25,bid,Yinxuan Li,YieldingYams,7596545
2026-07-04T23:07:27.476256,2026-07-04T23:07:27.487048+00:00,136.3,500,ask,AverageAlmonds,YieldingYams,7596560
2026-07-04T23:07:27.903216,2026-07-04T23:07:27.915329+00:00,136.2,20,ask,WavyWalnuts,BrilliantBurritos,7596564
2026-07-04T23:07:28.001718,2026-07-04T23:07:28.010302+00:00,136.3,125,bid,AverageAlmonds,YieldingYams,7596565
2026-07-04T23:07:29.214956,2026-07-04T23:07:29.225370+00:00,136.4,200,bid,AverageAlmonds,WavyWalnuts,7596574
2026-07-04T23:07:31.128204,2026-07-04T23:07:31.138570+00:00,136.4,25,bid,Yinxuan Li,YieldingYams,7596601
2026-07-04T23:07:31.411641,2026-07-04T23:07:31.426639+00:00,136.3,500,ask,AverageAlmonds,YieldingYams,7596604
2026-07-04T23:07:31.582569,2026-07-04T23:07:31.594102+00:00,136.2,20,ask,WavyWalnuts,BrilliantBurritos,7596610
2026-07-04T23:07:31.639414,2026-07-04T23:07:31.649768+00:00,136.3,125,bid,AverageAlmonds,YieldingYams,7596611
2026-07-04T23:07:32.718614,2026-07-04T23:07:32.726924+00:00,136.4,200,bid,YieldingYams,WavyWalnuts,7596626
2026-07-04T23:07:32.742455,2026-07-04T23:07:32.747047+00:00,136.4,11,ask,YieldingYams,Xuanyu Liu,7596630
2026-07-04T23:07:34.511071,2026-07-04T23:07:34.514886+00:00,136.3,12,ask,WavyWalnuts,Xuanyu Liu,7596667
2026-07-04T23:07:35.934872,2026-07-04T23:07:35.938882+00:00,136.4,11,ask,WavyWalnuts,Xuanyu Liu,7596694
2026-07-04T23:07:36.143996,2026-07-04T23:07:36.154927+00:00,136.5,25,bid,Yinxuan Li,YieldingYams,7596697
2026-07-04T23:07:38.250470,2026-07-04T23:07:38.258610+00:00,136.5,20,bid,BrilliantBurritos,YieldingYams,7596720
2026-07-04T23:07:40.856327,2026-07-04T23:07:40.860027+00:00,136.3,12,ask,YieldingYams,Xuanyu Liu,7596764
2026-07-04T23:07:41.873739,2026-07-04T23:07:41.880859+00:00,136.4,200,bid,YieldingYams,WavyWalnuts,7596791
2026-07-04T23:07:41.893244,2026-07-04T23:07:41.896853+00:00,136.4,11,ask,YieldingYams,Xuanyu Liu,7596794
2026-07-04T23:07:41.977602,2026-07-04T23:07:41.986023+00:00,136.4,200,ask,YieldingYams,WavyWalnuts,7596798
2026-07-04T23:07:43.191825,2026-07-04T23:07:43.214997+00:00,136.5,200,ask,WavyWalnuts,YieldingYams,7596811
2026-07-04T23:07:44.399980,2026-07-04T23:07:44.408803+00:00,136.5,200,bid,WavyWalnuts,YieldingYams,7596829
2026-07-04T23:07:44.499577,2026-07-04T23:07:44.507083+00:00,136.7,200,bid,YieldingYams,WavyWalnuts,7596831
2026-07-04T23:07:44.513922,2026-07-04T23:07:44.528692+00:00,136.7,3,ask,YieldingYams,Xuanyu Liu,7596833
2026-07-04T23:07:45.610107,2026-07-04T23:07:45.617531+00:00,136.7,200,ask,YieldingYams,WavyWalnuts,7596847
2026-07-04T23:07:48.771988,2026-07-04T23:07:48.783814+00:00,136.5,20,ask,AverageAlmonds,BrilliantBurritos,7596910
2026-07-04T23:07:50.448219,2026-07-04T23:07:50.452787+00:00,136.6,200,bid,WavyWalnuts,YieldingYams,7596930
2026-07-04T23:07:50.770715,2026-07-04T23:07:50.782310+00:00,136.6,20,bid,BrilliantBurritos,YieldingYams,7596934
2026-07-04T23:07:52.583780,2026-07-04T23:07:52.592771+00:00,136.7,20,bid,BrilliantBurritos,WavyWalnuts,7596967
2026-07-04T23:07:52.866136,2026-07-04T23:07:52.872647+00:00,136.6,200,ask,YieldingYams,WavyWalnuts,7596971
2026-07-04T23:07:54.088033,2026-07-04T23:07:54.095579+00:00,136.5,200,ask,YieldingYams,WavyWalnuts,7596985
2026-07-04T23:07:56.319261,2026-07-04T23:07:56.329336+00:00,136.5,200,bid,YieldingYams,WavyWalnuts,7597024
2026-07-04T23:07:56.508547,2026-07-04T23:07:56.517394+00:00,136.5,200,ask,YieldingYams,WavyWalnuts,7597026
2026-07-04T23:07:56.673506,2026-07-04T23:07:56.682302+00:00,136.5,20,ask,YieldingYams,BrilliantBurritos,7597032
2026-07-04T23:07:56.678532,2026-07-04T23:07:56.682302+00:00,136.5,3,ask,YieldingYams,Xuanyu Liu,7597033
2026-07-04T23:07:57.636674,2026-07-04T23:07:57.647494+00:00,136.4,500,ask,AverageAlmonds,YieldingYams,7597044
2026-07-04T23:07:57.636674,2026-07-04T23:07:57.647494+00:00,136.3,125,ask,WavyWalnuts,YieldingYams,7597045
2026-07-04T23:07:57.736081,2026-07-04T23:07:57.739687+00:00,136.4,3,bid,Xuanyu Liu,WavyWalnuts,7597049
2026-07-04T23:07:58.946333,2026-07-04T23:07:58.955757+00:00,136.5,200,bid,YieldingYams,WavyWalnuts,7597073
2026-07-04T23:08:00.141150,2026-07-04T23:08:00.150830+00:00,136.5,200,ask,YieldingYams,WavyWalnuts,7597087
2026-07-04T23:08:02.568719,2026-07-04T23:08:02.578152+00:00,136.5,200,ask,YieldingYams,WavyWalnuts,7597124
2026-07-04T23:08:03.776007,2026-07-04T23:08:03.785583+00:00,136.5,200,bid,WavyWalnuts,YieldingYams,7597138
2026-07-04T23:08:08.391874,2026-07-04T23:08:08.403635+00:00,136.4,20,ask,YieldingYams,BrilliantBurritos,7597196
2026-07-04T23:08:08.619628,2026-07-04T23:08:08.627743+00:00,136.4,200,ask,YieldingYams,WavyWalnuts,7597200
2026-07-04T23:08:09.829389,2026-07-04T23:08:09.836341+00:00,136.5,200,ask,YieldingYams,WavyWalnuts,7597222
2026-07-04T23:08:15.237857,2026-07-04T23:08:15.249031+00:00,136.5,500,ask,YieldingYams,AverageAlmonds,7597296
2026-07-04T23:08:16.007632,2026-07-04T23:08:16.016968+00:00,136.5,200,ask,WavyWalnuts,YieldingYams,7597312
2026-07-04T23:08:16.023371,2026-07-04T23:08:16.026983+00:00,136.5,3,bid,Xuanyu Liu,YieldingYams,7597314
2026-07-04T23:08:16.193559,2026-07-04T23:08:16.205292+00:00,136.5,25,bid,Yinxuan Li,YieldingYams,7597317
2026-07-04T23:08:17.120034,2026-07-04T23:08:17.130732+00:00,136.5,200,bid,WavyWalnuts,YieldingYams,7597332
2026-07-04T23:08:17.320289,2026-07-04T23:08:17.329504+00:00,136.6,500,bid,YieldingYams,AverageAlmonds,7597334
2026-07-04T23:08:17.642278,2026-07-04T23:08:17.649025+00:00,136.6,125,ask,YieldingYams,AverageAlmonds,7597336
2026-07-04T23:08:20.767978,2026-07-04T23:08:20.774638+00:00,136.3,200,ask,YieldingYams,WavyWalnuts,7597385
2026-07-04T23:08:22.571998,2026-07-04T23:08:22.581807+00:00,136.4,200,bid,YieldingYams,WavyWalnuts,7597421
2026-07-04T23:08:25.190751,2026-07-04T23:08:25.194920+00:00,136.4,3,ask,YieldingYams,Xuanyu Liu,7597457
2026-07-04T23:08:26.208494,2026-07-04T23:08:26.220352+00:00,136.4,25,ask,YieldingYams,Yinxuan Li,7597477
2026-07-04T23:08:31.780012,2026-07-04T23:08:31.786700+00:00,136.6,200,bid,YieldingYams,WavyWalnuts,7597558
2026-07-04T23:08:31.797799,2026-07-04T23:08:31.801778+00:00,136.6,3,ask,YieldingYams,Xuanyu Liu,7597560
2026-07-04T23:08:32.865345,2026-07-04T23:08:32.873187+00:00,136.6,200,ask,YieldingYams,WavyWalnuts,7597573
2026-07-04T23:08:32.934754,2026-07-04T23:08:32.942012+00:00,136.6,20,ask,YieldingYams,BrilliantBurritos,7597577
2026-07-04T23:08:34.420747,2026-07-04T23:08:34.428532+00:00,136.5,200,bid,YieldingYams,WavyWalnuts,7597601
2026-07-04T23:08:36.222766,2026-07-04T23:08:36.229410+00:00,136.4,25,ask,WavyWalnuts,Yinxuan Li,7597623
2026-07-04T23:08:37.698153,2026-07-04T23:08:37.705134+00:00,136.7,200,bid,WavyWalnuts,YieldingYams,7597642
2026-07-04T23:08:38.383581,2026-07-04T23:08:38.387667+00:00,136.6,11,ask,YieldingYams,Xuanyu Liu,7597655
2026-07-04T23:08:41.232859,2026-07-04T23:08:41.244535+00:00,136.6,25,ask,WavyWalnuts,Yinxuan Li,7597700
2026-07-04T23:08:41.341793,2026-07-04T23:08:41.345437+00:00,136.6,12,ask,YieldingYams,Xuanyu Liu,7597707
2026-07-04T23:08:42.492224,2026-07-04T23:08:42.502783+00:00,136.6,200,ask,WavyWalnuts,AverageAlmonds,7597734
2026-07-04T23:08:42.492224,2026-07-04T23:08:42.502783+00:00,136.6,300,ask,YieldingYams,AverageAlmonds,7597735
2026-07-04T23:08:42.574772,2026-07-04T23:08:42.578841+00:00,136.7,11,ask,WavyWalnuts,Xuanyu Liu,7597739
2026-07-04T23:08:43.084343,2026-07-04T23:08:43.091559+00:00,136.7,189,ask,WavyWalnuts,AverageAlmonds,7597751
2026-07-04T23:08:43.084343,2026-07-04T23:08:43.097106+00:00,136.6,311,ask,YieldingYams,AverageAlmonds,7597752
2026-07-04T23:08:43.750983,2026-07-04T23:08:43.758563+00:00,136.5,200,bid,WavyWalnuts,AverageAlmonds,7597760
2026-07-04T23:08:45.505343,2026-07-04T23:08:45.516008+00:00,136.4,500,ask,YieldingYams,AverageAlmonds,7597784
2026-07-04T23:08:46.100240,2026-07-04T23:08:46.109207+00:00,136.4,125,ask,YieldingYams,AverageAlmonds,7597795
2026-07-04T23:08:46.100240,2026-07-04T23:08:46.109207+00:00,136.4,200,ask,WavyWalnuts,AverageAlmonds,7597796
2026-07-04T23:08:46.169102,2026-07-04T23:08:46.176311+00:00,136.4,175,bid,WavyWalnuts,AverageAlmonds,7597797
2026-07-04T23:08:46.245553,2026-07-04T23:08:46.264115+00:00,136.4,25,ask,WavyWalnuts,YieldingYams,7597800
2026-07-04T23:08:47.380572,2026-07-04T23:08:47.391762+00:00,136.2,200,bid,WavyWalnuts,YieldingYams,7597817
2026-07-04T23:08:48.869206,2026-07-04T23:08:48.878955+00:00,136.1,200,ask,WavyWalnuts,YieldingYams,7597851
2026-07-04T23:08:49.795242,2026-07-04T23:08:49.803615+00:00,136.0,200,bid,WavyWalnuts,YieldingYams,7597866
2026-07-04T23:08:52.979601,2026-07-04T23:08:52.991611+00:00,136.3,20,bid,BrilliantBurritos,AverageAlmonds,7597913
2026-07-04T23:08:55.208669,2026-07-04T23:08:55.216573+00:00,136.2,200,ask,WavyWalnuts,AverageAlmonds,7597944
2026-07-04T23:08:55.225765,2026-07-04T23:08:55.229363+00:00,136.2,11,bid,Xuanyu Liu,AverageAlmonds,7597947
2026-07-04T23:08:55.425576,2026-07-04T23:08:55.436166+00:00,136.2,289,bid,YieldingYams,AverageAlmonds,7597951
2026-07-04T23:08:55.802409,2026-07-04T23:08:55.809948+00:00,136.2,336,ask,YieldingYams,AverageAlmonds,7597956
2026-07-04T23:08:55.835801,2026-07-04T23:08:55.845570+00:00,136.2,164,bid,WavyWalnuts,AverageAlmonds,7597957
2026-07-04T23:08:56.257949,2026-07-04T23:08:56.269774+00:00,136.2,25,ask,WavyWalnuts,Yinxuan Li,7597968
2026-07-04T23:08:56.737320,2026-07-04T23:08:56.748566+00:00,136.2,11,ask,WavyWalnuts,YieldingYams,7597973
2026-07-04T23:08:56.753913,2026-07-04T23:08:56.757453+00:00,136.0,23,bid,Xuanyu Liu,YieldingYams,7597975
2026-07-04T23:08:57.042895,2026-07-04T23:08:57.054038+00:00,136.0,200,bid,WavyWalnuts,YieldingYams,7597979
2026-07-04T23:08:58.251301,2026-07-04T23:08:58.255437+00:00,136.2,200,bid,WavyWalnuts,YieldingYams,7597995
2026-07-04T23:09:01.272338,2026-07-04T23:09:01.279546+00:00,136.2,25,ask,WavyWalnuts,Yinxuan Li,7598046
2026-07-04T23:09:04.792504,2026-07-04T23:09:04.803400+00:00,136.4,20,bid,BrilliantBurritos,YieldingYams,7598099
2026-07-04T23:09:05.518101,2026-07-04T23:09:05.525099+00:00,136.4,200,bid,WavyWalnuts,YieldingYams,7598116
2026-07-04T23:09:06.283120,2026-07-04T23:09:06.292860+00:00,136.5,9,ask,YieldingYams,Yinxuan Li,7598121
2026-07-04T23:09:08.524193,2026-07-04T23:09:08.531383+00:00,136.7,200,bid,YieldingYams,WavyWalnuts,7598154
2026-07-04T23:09:08.524193,2026-07-04T23:09:08.536579+00:00,136.7,425,bid,YieldingYams,AverageAlmonds,7598155
2026-07-04T23:09:09.164773,2026-07-04T23:09:09.169128+00:00,136.7,23,ask,WavyWalnuts,Xuanyu Liu,7598163
2026-07-04T23:09:09.720170,2026-07-04T23:09:09.727302+00:00,136.7,177,ask,WavyWalnuts,AverageAlmonds,7598165
2026-07-04T23:09:10.353686,2026-07-04T23:09:10.354992+00:00,136.7,200,bid,WavyWalnuts,YieldingYams,7598178
2026-07-04T23:09:12.454538,2026-07-04T23:09:12.452846+00:00,136.6,200,ask,WavyWalnuts,YieldingYams,7598203
2026-07-04T23:09:12.463710,2026-07-04T23:09:12.467227+00:00,136.5,23,bid,Xuanyu Liu,YieldingYams,7598205
2026-07-04T23:09:13.987585,2026-07-04T23:09:13.995642+00:00,136.4,200,ask,YieldingYams,WavyWalnuts,7598224
2026-07-04T23:09:15.802027,2026-07-04T23:09:15.806339+00:00,136.2,11,ask,YieldingYams,Xuanyu Liu,7598241
2026-07-04T23:09:16.298016,2026-07-04T23:09:16.310059+00:00,136.2,25,ask,YieldingYams,Yinxuan Li,7598245
2026-07-04T23:09:16.419443,2026-07-04T23:09:16.423055+00:00,136.3,12,ask,WavyWalnuts,Xuanyu Liu,7598249
2026-07-04T23:09:19.406751,2026-07-04T23:09:19.416664+00:00,136.2,200,bid,AverageAlmonds,WavyWalnuts,7598284
2026-07-04T23:09:19.427371,2026-07-04T23:09:19.430865+00:00,136.2,11,ask,AverageAlmonds,Xuanyu Liu,7598286
2026-07-04T23:09:19.474498,2026-07-04T23:09:19.485980+00:00,136.2,20,ask,AverageAlmonds,BrilliantBurritos,7598288
2026-07-04T23:09:20.012604,2026-07-04T23:09:20.019588+00:00,136.3,500,bid,AverageAlmonds,YieldingYams,7598294
2026-07-04T23:09:21.313153,2026-07-04T23:09:21.324569+00:00,136.2,25,ask,YieldingYams,Yinxuan Li,7598318
2026-07-04T23:09:21.444441,2026-07-04T23:09:21.458622+00:00,136.2,20,ask,YieldingYams,BrilliantBurritos,7598321
2026-07-04T23:09:22.120476,2026-07-04T23:09:22.124102+00:00,136.2,12,ask,YieldingYams,Xuanyu Liu,7598342
2026-07-04T23:09:24.862428,2026-07-04T23:09:24.869551+00:00,136.2,200,bid,AverageAlmonds,WavyWalnuts,7598379
2026-07-04T23:09:24.882079,2026-07-04T23:09:24.890469+00:00,136.3,200,bid,WavyWalnuts,YieldingYams,7598380
2026-07-04T23:09:25.695742,2026-07-04T23:09:25.707490+00:00,136.3,20,ask,YieldingYams,BrilliantBurritos,7598393
2026-07-04T23:09:26.327595,2026-07-04T23:09:26.336026+00:00,136.3,16,ask,YieldingYams,Yinxuan Li,7598401
2026-07-04T23:09:28.178243,2026-07-04T23:09:28.184879+00:00,136.2,500,ask,AverageAlmonds,YieldingYams,7598421
2026-07-04T23:09:28.440979,2026-07-04T23:09:28.445282+00:00,136.1,34,ask,WavyWalnuts,Xuanyu Liu,7598428
2026-07-04T23:09:28.471893,2026-07-04T23:09:28.500780+00:00,136.2,125,bid,AverageAlmonds,YieldingYams,7598432
2026-07-04T23:09:28.497413,2026-07-04T23:09:28.500780+00:00,136.3,16,ask,AverageAlmonds,Xuanyu Liu,7598434
2026-07-04T23:09:28.510339,2026-07-04T23:09:28.521431+00:00,136.3,200,ask,AverageAlmonds,WavyWalnuts,7598435
2026-07-04T23:09:29.505363,2026-07-04T23:09:29.509252+00:00,136.4,5,bid,Xuanyu Liu,YieldingYams,7598448
2026-07-04T23:09:29.682016,2026-07-04T23:09:29.693440+00:00,136.4,500,bid,AverageAlmonds,YieldingYams,7598451
2026-07-04T23:09:30.275930,2026-07-04T23:09:30.285979+00:00,136.4,120,bid,AverageAlmonds,YieldingYams,7598463
2026-07-04T23:09:30.793633,2026-07-04T23:09:30.802907+00:00,136.5,200,bid,YieldingYams,WavyWalnuts,7598472
2026-07-04T23:09:30.932360,2026-07-04T23:09:30.941231+00:00,136.5,200,ask,YieldingYams,WavyWalnuts,7598478
2026-07-04T23:09:32.146358,2026-07-04T23:09:32.149958+00:00,136.5,23,bid,Xuanyu Liu,YieldingYams,7598492
2026-07-04T23:09:32.150234,2026-07-04T23:09:32.165150+00:00,136.5,200,bid,WavyWalnuts,YieldingYams,7598493
2026-07-04T23:09:33.420882,2026-07-04T23:09:33.433208+00:00,136.4,200,ask,WavyWalnuts,YieldingYams,7598516
2026-07-04T23:09:33.438642,2026-07-04T23:09:33.442427+00:00,136.4,11,bid,Xuanyu Liu,YieldingYams,7598520
2026-07-04T23:09:34.763889,2026-07-04T23:09:34.767526+00:00,136.2,11,ask,WavyWalnuts,Xuanyu Liu,7598547
2026-07-04T23:09:36.038974,2026-07-04T23:09:36.048577+00:00,136.2,500,ask,AverageAlmonds,YieldingYams,7598566
2026-07-04T23:09:36.038974,2026-07-04T23:09:36.048577+00:00,136.2,125,ask,WavyWalnuts,YieldingYams,7598567
2026-07-04T23:09:36.352766,2026-07-04T23:09:36.356233+00:00,136.3,12,ask,AverageAlmonds,Xuanyu Liu,7598573
2026-07-04T23:09:37.928574,2026-07-04T23:09:37.932318+00:00,136.4,12,bid,Xuanyu Liu,WavyWalnuts,7598598
2026-07-04T23:09:38.169693,2026-07-04T23:09:38.180914+00:00,136.4,188,bid,AverageAlmonds,WavyWalnuts,7598602
2026-07-04T23:09:38.169693,2026-07-04T23:09:38.180914+00:00,136.4,312,bid,AverageAlmonds,YieldingYams,7598603
2026-07-04T23:09:43.231989,2026-07-04T23:09:43.239034+00:00,136.5,20,ask,WavyWalnuts,BrilliantBurritos,7598688
2026-07-04T23:09:45.483510,2026-07-04T23:09:45.492958+00:00,136.7,200,bid,WavyWalnuts,YieldingYams,7598727
2026-07-04T23:09:47.363344,2026-07-04T23:09:47.366669+00:00,136.7,45,bid,Xuanyu Liu,WavyWalnuts,7598752
2026-07-04T23:09:47.910980,2026-07-04T23:09:47.918782+00:00,136.6,200,ask,YieldingYams,WavyWalnuts,7598757
2026-07-04T23:09:49.120461,2026-07-04T23:09:49.128307+00:00,136.6,200,ask,YieldingYams,WavyWalnuts,7598769
2026-07-04T23:09:49.199886,2026-07-04T23:09:49.203464+00:00,136.5,5,bid,Xuanyu Liu,YieldingYams,7598774
2026-07-04T23:09:50.254977,2026-07-04T23:09:50.266829+00:00,136.4,20,ask,WavyWalnuts,BrilliantBurritos,7598799
2026-07-04T23:09:50.500544,2026-07-04T23:09:50.510151+00:00,136.4,200,ask,WavyWalnuts,YieldingYams,7598804
2026-07-04T23:09:52.761976,2026-07-04T23:09:52.772518+00:00,136.4,200,bid,WavyWalnuts,YieldingYams,7598838
2026-07-04T23:09:53.741271,2026-07-04T23:09:53.745073+00:00,136.4,5,ask,YieldingYams,Xuanyu Liu,7598850
2026-07-04T23:09:53.975700,2026-07-04T23:09:53.981189+00:00,136.4,200,ask,YieldingYams,WavyWalnuts,7598859
2026-07-04T23:09:56.658693,2026-07-04T23:09:56.670216+00:00,136.3,20,ask,WavyWalnuts,BrilliantBurritos,7598907
2026-07-04T23:09:58.910992,2026-07-04T23:09:58.918846+00:00,136.3,20,ask,YieldingYams,BrilliantBurritos,7598930
2026-07-04T23:09:59.693437,2026-07-04T23:09:59.704546+00:00,136.4,200,bid,YieldingYams,WavyWalnuts,7598942
2026-07-04T23:10:00.053404,2026-07-04T23:10:00.063915+00:00,136.4,200,ask,YieldingYams,WavyWalnuts,7598947
2026-07-04T23:10:01.025932,2026-07-04T23:10:01.029551+00:00,136.4,12,bid,Xuanyu Liu,YieldingYams,7598968
2026-07-04T23:10:02.477814,2026-07-04T23:10:02.486073+00:00,136.2,200,ask,YieldingYams,WavyWalnuts,7598991
2026-07-04T23:10:04.324063,2026-07-04T23:10:04.331616+00:00,136.3,20,bid,BrilliantBurritos,YieldingYams,7599021
2026-07-04T23:10:09.573388,2026-07-04T23:10:09.577772+00:00,135.9,12,ask,AverageAlmonds,Xuanyu Liu,7599083
2026-07-04T23:10:09.746897,2026-07-04T23:10:09.758586+00:00,135.9,200,ask,AverageAlmonds,WavyWalnuts,7599086
2026-07-04T23:10:10.193562,2026-07-04T23:10:10.202483+00:00,135.9,300,ask,AverageAlmonds,YieldingYams,7599092
2026-07-04T23:10:10.246079,2026-07-04T23:10:10.258538+00:00,135.9,325,bid,AverageAlmonds,YieldingYams,7599093
2026-07-04T23:10:10.957302,2026-07-04T23:10:10.968759+00:00,135.9,200,ask,AverageAlmonds,WavyWalnuts,7599105
2026-07-04T23:10:12.164332,2026-07-04T23:10:12.174459+00:00,136.1,200,ask,YieldingYams,WavyWalnuts,7599127
2026-07-04T23:10:13.143267,2026-07-04T23:10:13.158485+00:00,135.9,20,ask,YieldingYams,BrilliantBurritos,7599150
2026-07-04T23:10:15.444344,2026-07-04T23:10:15.473533+00:00,136.0,200,ask,WavyWalnuts,YieldingYams,7599194
2026-07-04T23:10:15.469796,2026-07-04T23:10:15.473533+00:00,136.0,12,bid,Xuanyu Liu,YieldingYams,7599196
2026-07-04T23:10:15.800649,2026-07-04T23:10:15.810171+00:00,136.0,200,bid,WavyWalnuts,YieldingYams,7599200
2026-07-04T23:10:16.330932,2026-07-04T23:10:16.334337+00:00,135.9,12,ask,AverageAlmonds,Xuanyu Liu,7599207
2026-07-04T23:10:16.772727,2026-07-04T23:10:16.776190+00:00,136.0,11,ask,YieldingYams,Xuanyu Liu,7599219
2026-07-04T23:10:19.103176,2026-07-04T23:10:19.106852+00:00,136.1,23,bid,Xuanyu Liu,WavyWalnuts,7599258
2026-07-04T23:10:23.318795,2026-07-04T23:10:23.328379+00:00,136.2,200,ask,WavyWalnuts,YieldingYams,7599315
2026-07-04T23:10:24.276474,2026-07-04T23:10:24.286941+00:00,136.1,200,bid,WavyWalnuts,YieldingYams,7599326
2026-07-04T23:10:30.234590,2026-07-04T23:10:30.243192+00:00,136.3,500,ask,YieldingYams,AverageAlmonds,7599425
2026-07-04T23:10:30.325500,2026-07-04T23:10:30.333359+00:00,136.3,125,ask,YieldingYams,WavyWalnuts,7599426
2026-07-04T23:10:31.534747,2026-07-04T23:10:31.544858+00:00,136.2,200,bid,WavyWalnuts,YieldingYams,7599449
2026-07-04T23:10:31.711193,2026-07-04T23:10:31.715142+00:00,136.2,11,bid,Xuanyu Liu,YieldingYams,7599451
2026-07-04T23:10:33.047867,2026-07-04T23:10:33.054578+00:00,136.3,20,bid,BrilliantBurritos,YieldingYams,7599479
2026-07-04T23:10:33.821245,2026-07-04T23:10:33.828603+00:00,136.2,200,ask,WavyWalnuts,YieldingYams,7599500
2026-07-04T23:10:38.392800,2026-07-04T23:10:38.400835+00:00,136.4,20,bid,BrilliantBurritos,WavyWalnuts,7599568
2026-07-04T23:10:40.396110,2026-07-04T23:10:40.403819+00:00,136.1,200,ask,WavyWalnuts,YieldingYams,7599588
2026-07-04T23:10:40.396110,2026-07-04T23:10:40.409273+00:00,136.0,425,ask,AverageAlmonds,YieldingYams,7599589
2026-07-04T23:10:41.275171,2026-07-04T23:10:41.279160+00:00,136.1,11,ask,WavyWalnuts,Xuanyu Liu,7599607
2026-07-04T23:10:43.645327,2026-07-04T23:10:43.653625+00:00,136.1,200,ask,AverageAlmonds,WavyWalnuts,7599641
2026-07-04T23:10:44.418334,2026-07-04T23:10:44.429882+00:00,136.1,20,ask,AverageAlmonds,BrilliantBurritos,7599656
2026-07-04T23:10:44.694434,2026-07-04T23:10:44.698149+00:00,136.1,12,ask,AverageAlmonds,Xuanyu Liu,7599658
2026-07-04T23:10:44.771295,2026-07-04T23:10:44.779163+00:00,136.2,500,bid,AverageAlmonds,YieldingYams,7599659
2026-07-04T23:10:45.368241,2026-07-04T23:10:45.377133+00:00,136.1,200,bid,AverageAlmonds,WavyWalnuts,7599665
2026-07-04T23:10:45.368241,2026-07-04T23:10:45.377133+00:00,136.2,125,bid,AverageAlmonds,YieldingYams,7599666
2026-07-04T23:10:45.396325,2026-07-04T23:10:45.399864+00:00,136.2,11,ask,AverageAlmonds,Xuanyu Liu,7599668
2026-07-04T23:10:45.645277,2026-07-04T23:10:45.648986+00:00,136.4,23,ask,YieldingYams,Xuanyu Liu,7599677
2026-07-04T23:10:46.063058,2026-07-04T23:10:46.074231+00:00,136.4,200,ask,YieldingYams,WavyWalnuts,7599687
2026-07-04T23:10:47.271511,2026-07-04T23:10:47.278577+00:00,136.4,200,ask,YieldingYams,WavyWalnuts,7599700
2026-07-04T23:10:48.264892,2026-07-04T23:10:48.268695+00:00,136.5,11,bid,Xuanyu Liu,YieldingYams,7599720
2026-07-04T23:10:48.498849,2026-07-04T23:10:48.502573+00:00,136.4,12,bid,Xuanyu Liu,WavyWalnuts,7599722
2026-07-04T23:10:50.845265,2026-07-04T23:10:50.858545+00:00,136.3,20,ask,AverageAlmonds,BrilliantBurritos,7599770
2026-07-04T23:10:50.897464,2026-07-04T23:10:50.907815+00:00,136.3,200,ask,AverageAlmonds,WavyWalnuts,7599775
2026-07-04T23:10:52.106493,2026-07-04T23:10:52.117078+00:00,136.3,200,ask,YieldingYams,WavyWalnuts,7599793
2026-07-04T23:10:53.312845,2026-07-04T23:10:53.321292+00:00,136.3,200,ask,YieldingYams,WavyWalnuts,7599818
2026-07-04T23:10:53.493057,2026-07-04T23:10:53.503949+00:00,136.3,500,ask,AverageAlmonds,YieldingYams,7599822
2026-07-04T23:10:53.839819,2026-07-04T23:10:53.851262+00:00,136.2,125,bid,AverageAlmonds,YieldingYams,7599825
2026-07-04T23:10:54.523280,2026-07-04T23:10:54.534017+00:00,136.4,200,ask,AverageAlmonds,WavyWalnuts,7599835
2026-07-04T23:11:00.562477,2026-07-04T23:11:00.572648+00:00,136.5,200,ask,YieldingYams,WavyWalnuts,7599920
2026-07-04T23:11:02.933601,2026-07-04T23:11:02.942019+00:00,136.5,200,bid,AverageAlmonds,WavyWalnuts,7599949
2026-07-04T23:11:03.420292,2026-07-04T23:11:03.424185+00:00,136.6,37,bid,Xuanyu Liu,YieldingYams,7599953
2026-07-04T23:11:04.198635,2026-07-04T23:11:04.205468+00:00,136.5,200,ask,AverageAlmonds,WavyWalnuts,7599964
2026-07-04T23:11:04.502946,2026-07-04T23:11:04.513384+00:00,136.6,20,bid,BrilliantBurritos,YieldingYams,7599968
2026-07-04T23:11:05.409375,2026-07-04T23:11:05.418312+00:00,136.4,200,ask,YieldingYams,WavyWalnuts,7599979
2026-07-04T23:11:06.840123,2026-07-04T23:11:06.852198+00:00,136.4,20,ask,AverageAlmonds,BrilliantBurritos,7600000
2026-07-04T23:11:07.153054,2026-07-04T23:11:07.158581+00:00,136.5,500,bid,AverageAlmonds,YieldingYams,7600002
2026-07-04T23:11:07.773289,2026-07-04T23:11:07.782761+00:00,136.5,125,bid,AverageAlmonds,YieldingYams,7600012
2026-07-04T23:11:07.773289,2026-07-04T23:11:07.782761+00:00,136.5,200,bid,AverageAlmonds,WavyWalnuts,7600013
2026-07-04T23:11:07.897527,2026-07-04T23:11:07.904655+00:00,136.6,200,bid,YieldingYams,WavyWalnuts,7600016
2026-07-04T23:11:07.915190,2026-07-04T23:11:07.918744+00:00,136.6,3,ask,YieldingYams,Xuanyu Liu,7600018
2026-07-04T23:11:09.213609,2026-07-04T23:11:09.224810+00:00,136.6,500,ask,AverageAlmonds,YieldingYams,7600044
2026-07-04T23:11:09.213609,2026-07-04T23:11:09.224810+00:00,136.6,125,ask,WavyWalnuts,YieldingYams,7600045
2026-07-04T23:11:11.977444,2026-07-04T23:11:11.989238+00:00,136.7,20,ask,YieldingYams,BrilliantBurritos,7600089
2026-07-04T23:11:15.085173,2026-07-04T23:11:15.095026+00:00,136.9,200,bid,WavyWalnuts,YieldingYams,7600135
2026-07-04T23:11:15.793579,2026-07-04T23:11:15.797177+00:00,137.0,11,ask,YieldingYams,Xuanyu Liu,7600152
2026-07-04T23:11:16.073921,2026-07-04T23:11:16.078265+00:00,137.1,14,bid,Xuanyu Liu,WavyWalnuts,7600157
2026-07-04T23:11:16.298452,2026-07-04T23:11:16.307037+00:00,137.0,200,ask,YieldingYams,WavyWalnuts,7600159
2026-07-04T23:11:17.108286,2026-07-04T23:11:17.112020+00:00,137.0,3,bid,Xuanyu Liu,YieldingYams,7600165
2026-07-04T23:11:17.505632,2026-07-04T23:11:17.513964+00:00,137.0,200,bid,WavyWalnuts,YieldingYams,7600173
2026-07-04T23:11:21.165689,2026-07-04T23:11:21.175259+00:00,137.0,20,bid,BrilliantBurritos,WavyWalnuts,7600216
2026-07-04T23:11:22.344926,2026-07-04T23:11:22.358620+00:00,137.0,180,bid,YieldingYams,WavyWalnuts,7600231
2026-07-04T23:11:23.553861,2026-07-04T23:11:23.557372+00:00,137.1,20,ask,YieldingYams,BrilliantBurritos,7600246
2026-07-04T23:11:23.660410,2026-07-04T23:11:23.669042+00:00,137.1,200,ask,WavyWalnuts,YieldingYams,7600248
2026-07-04T23:11:24.773860,2026-07-04T23:11:24.783915+00:00,137.1,200,bid,WavyWalnuts,YieldingYams,7600264
2026-07-04T23:11:25.997045,2026-07-04T23:11:26.000776+00:00,137.0,3,ask,WavyWalnuts,Xuanyu Liu,7600285
2026-07-04T23:11:30.220328,2026-07-04T23:11:30.230880+00:00,137.0,200,bid,YieldingYams,WavyWalnuts,7600338
2026-07-04T23:11:35.014767,2026-07-04T23:11:35.018329+00:00,137.1,3,bid,Xuanyu Liu,WavyWalnuts,7600400
2026-07-04T23:11:35.724744,2026-07-04T23:11:35.733478+00:00,137.0,20,ask,YieldingYams,BrilliantBurritos,7600405
2026-07-04T23:11:38.100041,2026-07-04T23:11:38.106698+00:00,137.1,200,ask,YieldingYams,WavyWalnuts,7600432
2026-07-04T23:11:38.423135,2026-07-04T23:11:38.426819+00:00,137.3,23,bid,Xuanyu Liu,AverageAlmonds,7600439
2026-07-04T23:11:38.662866,2026-07-04T23:11:38.666580+00:00,137.2,11,bid,Xuanyu Liu,AverageAlmonds,7600445
2026-07-04T23:11:39.311385,2026-07-04T23:11:39.317983+00:00,137.1,200,ask,YieldingYams,WavyWalnuts,7600457
2026-07-04T23:11:39.399417,2026-07-04T23:11:39.403406+00:00,137.1,12,bid,Xuanyu Liu,YieldingYams,7600459
2026-07-04T23:11:40.520563,2026-07-04T23:11:40.530404+00:00,137.1,200,bid,WavyWalnuts,YieldingYams,7600476
2026-07-04T23:11:40.654672,2026-07-04T23:11:40.666552+00:00,136.9,20,ask,YieldingYams,BrilliantBurritos,7600479
2026-07-04T23:11:43.891192,2026-07-04T23:11:43.903054+00:00,137.0,20,bid,BrilliantBurritos,YieldingYams,7600517
2026-07-04T23:11:44.151630,2026-07-04T23:11:44.158579+00:00,137.0,200,bid,WavyWalnuts,YieldingYams,7600519
2026-07-04T23:11:44.837439,2026-07-04T23:11:44.841154+00:00,137.0,12,ask,YieldingYams,Xuanyu Liu,7600529
2026-07-04T23:11:46.866843,2026-07-04T23:11:46.875902+00:00,136.9,20,ask,YieldingYams,BrilliantBurritos,7600556
2026-07-04T23:11:47.720822,2026-07-04T23:11:47.724737+00:00,136.9,23,ask,YieldingYams,Xuanyu Liu,7600565
2026-07-04T23:11:47.791267,2026-07-04T23:11:47.799836+00:00,136.9,200,ask,YieldingYams,WavyWalnuts,7600567
2026-07-04T23:11:49.001150,2026-07-04T23:11:49.010363+00:00,136.9,200,ask,YieldingYams,WavyWalnuts,7600588
2026-07-04T23:11:50.332962,2026-07-04T23:11:50.344846+00:00,136.8,20,ask,YieldingYams,BrilliantBurritos,7600613
2026-07-04T23:11:54.045342,2026-07-04T23:11:54.048845+00:00,137.0,12,bid,Xuanyu Liu,WavyWalnuts,7600663
2026-07-04T23:11:55.054729,2026-07-04T23:11:55.058572+00:00,136.9,200,ask,YieldingYams,WavyWalnuts,7600681
2026-07-04T23:11:56.488777,2026-07-04T23:11:56.496185+00:00,137.0,25,bid,Yinxuan Li,WavyWalnuts,7600702
2026-07-04T23:11:59.901754,2026-07-04T23:11:59.913109+00:00,136.8,200,ask,YieldingYams,WavyWalnuts,7600746
2026-07-04T23:12:00.340268,2026-07-04T23:12:00.346847+00:00,136.8,500,ask,AverageAlmonds,YieldingYams,7600759
2026-07-04T23:12:00.363824,2026-07-04T23:12:00.367394+00:00,136.7,23,bid,Xuanyu Liu,YieldingYams,7600761
2026-07-04T23:12:00.399925,2026-07-04T23:12:00.408908+00:00,136.7,102,bid,AverageAlmonds,YieldingYams,7600762
2026-07-04T23:12:00.678002,2026-07-04T23:12:00.689809+00:00,137.6,20,bid,BrilliantBurritos,AverageAlmonds,7600771
2026-07-04T23:12:01.110509,2026-07-04T23:12:01.119293+00:00,136.9,200,ask,AverageAlmonds,WavyWalnuts,7600773
2026-07-04T23:12:02.322748,2026-07-04T23:12:02.331943+00:00,137.0,200,ask,AverageAlmonds,WavyWalnuts,7600794
2026-07-04T23:12:03.454673,2026-07-04T23:12:03.451557+00:00,137.0,500,bid,AverageAlmonds,YieldingYams,7600814
2026-07-04T23:12:03.529329,2026-07-04T23:12:03.550099+00:00,137.0,125,bid,WavyWalnuts,YieldingYams,7600818
2026-07-04T23:12:03.546453,2026-07-04T23:12:03.550099+00:00,137.0,12,ask,WavyWalnuts,Xuanyu Liu,7600823
2026-07-04T23:12:04.077738,2026-07-04T23:12:04.081329+00:00,137.1,11,ask,AverageAlmonds,Xuanyu Liu,7600833
2026-07-04T23:12:04.771984,2026-07-04T23:12:04.779966+00:00,137.1,200,ask,AverageAlmonds,WavyWalnuts,7600853
2026-07-04T23:12:05.369281,2026-07-04T23:12:05.380926+00:00,137.0,20,ask,YieldingYams,BrilliantBurritos,7600860
2026-07-04T23:12:06.514472,2026-07-04T23:12:06.523370+00:00,137.2,5,bid,Yinxuan Li,YieldingYams,7600887
2026-07-04T23:12:15.690188,2026-07-04T23:12:15.700640+00:00,137.0,200,ask,YieldingYams,WavyWalnuts,7601001
2026-07-04T23:12:16.536386,2026-07-04T23:12:16.546444+00:00,137.1,25,bid,Yinxuan Li,YieldingYams,7601015
2026-07-04T23:12:18.706431,2026-07-04T23:12:18.713412+00:00,137.0,200,bid,YieldingYams,WavyWalnuts,7601043
2026-07-04T23:12:19.318139,2026-07-04T23:12:19.326314+00:00,137.0,200,ask,YieldingYams,WavyWalnuts,7601052
2026-07-04T23:12:19.358824,2026-07-04T23:12:19.362177+00:00,137.0,12,ask,YieldingYams,Xuanyu Liu,7601055
2026-07-04T23:12:20.532921,2026-07-04T23:12:20.544096+00:00,136.8,200,ask,YieldingYams,WavyWalnuts,7601074
2026-07-04T23:12:21.325902,2026-07-04T23:12:21.336935+00:00,136.9,500,ask,AverageAlmonds,YieldingYams,7601090
2026-07-04T23:12:21.548201,2026-07-04T23:12:21.554927+00:00,136.9,25,bid,Yinxuan Li,YieldingYams,7601093
2026-07-04T23:12:21.616678,2026-07-04T23:12:21.626718+00:00,136.9,100,bid,AverageAlmonds,YieldingYams,7601095
2026-07-04T23:12:21.746725,2026-07-04T23:12:21.758569+00:00,136.9,200,ask,AverageAlmonds,WavyWalnuts,7601096
2026-07-04T23:12:22.035063,2026-07-04T23:12:22.046843+00:00,136.9,20,ask,AverageAlmonds,BrilliantBurritos,7601100
2026-07-04T23:12:22.960403,2026-07-04T23:12:22.968841+00:00,136.9,200,ask,YieldingYams,WavyWalnuts,7601123
2026-07-04T23:12:23.940218,2026-07-04T23:12:23.947383+00:00,136.9,500,ask,AverageAlmonds,YieldingYams,7601138
2026-07-04T23:12:24.025546,2026-07-04T23:12:24.033606+00:00,136.9,125,bid,AverageAlmonds,YieldingYams,7601140
2026-07-04T23:12:24.174957,2026-07-04T23:12:24.185549+00:00,137.0,200,ask,AverageAlmonds,WavyWalnuts,7601142
2026-07-04T23:12:26.573315,2026-07-04T23:12:26.584612+00:00,137.0,500,ask,AverageAlmonds,YieldingYams,7601176
2026-07-04T23:12:27.763346,2026-07-04T23:12:27.775084+00:00,137.0,20,bid,BrilliantBurritos,YieldingYams,7601199
2026-07-04T23:12:27.893304,2026-07-04T23:12:27.896493+00:00,137.1,11,ask,YieldingYams,Xuanyu Liu,7601201
2026-07-04T23:12:29.020219,2026-07-04T23:12:29.030672+00:00,137.1,200,ask,YieldingYams,WavyWalnuts,7601221
2026-07-04T23:12:30.494812,2026-07-04T23:12:30.502520+00:00,137.1,200,bid,YieldingYams,WavyWalnuts,7601247
2026-07-04T23:12:32.640051,2026-07-04T23:12:32.648143+00:00,137.2,200,bid,WavyWalnuts,YieldingYams,7601279
2026-07-04T23:12:35.192710,2026-07-04T23:12:35.196523+00:00,137.3,34,bid,Xuanyu Liu,YieldingYams,7601317
2026-07-04T23:12:36.076894,2026-07-04T23:12:36.088634+00:00,137.3,20,bid,BrilliantBurritos,WavyWalnuts,7601333
2026-07-04T23:12:36.568598,2026-07-04T23:12:36.580188+00:00,137.3,25,bid,Yinxuan Li,YieldingYams,7601342
2026-07-04T23:12:38.573483,2026-07-04T23:12:38.581851+00:00,137.2,200,bid,AverageAlmonds,WavyWalnuts,7601364
2026-07-04T23:12:38.680836,2026-07-04T23:12:38.687483+00:00,137.3,200,ask,AverageAlmonds,WavyWalnuts,7601368
2026-07-04T23:12:41.338382,2026-07-04T23:12:41.349975+00:00,137.4,20,bid,BrilliantBurritos,YieldingYams,7601401
2026-07-04T23:12:44.674640,2026-07-04T23:12:44.678078+00:00,137.5,23,ask,YieldingYams,Xuanyu Liu,7601438
2026-07-04T23:12:52.186944,2026-07-04T23:12:52.198304+00:00,137.5,20,bid,BrilliantBurritos,YieldingYams,7601554
2026-07-04T23:12:54.478147,2026-07-04T23:12:54.482551+00:00,137.3,11,ask,YieldingYams,Xuanyu Liu,7601586
2026-07-04T23:12:55.506999,2026-07-04T23:12:55.517102+00:00,137.2,500,bid,AverageAlmonds,YieldingYams,7601606
2026-07-04T23:12:56.098118,2026-07-04T23:12:56.108596+00:00,137.2,125,bid,AverageAlmonds,YieldingYams,7601613
2026-07-04T23:12:56.098118,2026-07-04T23:12:56.108596+00:00,137.2,200,bid,AverageAlmonds,WavyWalnuts,7601614
2026-07-04T23:12:56.864178,2026-07-04T23:12:56.875362+00:00,137.3,200,ask,YieldingYams,WavyWalnuts,7601631
2026-07-04T23:12:59.666952,2026-07-04T23:12:59.678672+00:00,137.3,20,bid,BrilliantBurritos,WavyWalnuts,7601669
2026-07-04T23:13:00.358621,2026-07-04T23:13:00.368129+00:00,137.3,180,bid,AverageAlmonds,WavyWalnuts,7601677
2026-07-04T23:13:00.645243,2026-07-04T23:13:00.656289+00:00,137.3,320,ask,AverageAlmonds,YieldingYams,7601681
2026-07-04T23:13:00.800383,2026-07-04T23:13:00.803862+00:00,137.2,3,ask,WavyWalnuts,Xuanyu Liu,7601686
2026-07-04T23:13:00.951605,2026-07-04T23:13:00.954322+00:00,137.3,305,bid,AverageAlmonds,YieldingYams,7601688
2026-07-04T23:13:01.558805,2026-07-04T23:13:01.568970+00:00,137.4,200,bid,AverageAlmonds,WavyWalnuts,7601697
2026-07-04T23:13:01.592859,2026-07-04T23:13:01.600601+00:00,137.4,25,ask,AverageAlmonds,Yinxuan Li,7601699
2026-07-04T23:13:05.320874,2026-07-04T23:13:05.328814+00:00,137.5,200,bid,WavyWalnuts,YieldingYams,7601764
2026-07-04T23:13:06.527893,2026-07-04T23:13:06.535692+00:00,137.5,200,bid,WavyWalnuts,YieldingYams,7601785
2026-07-04T23:13:06.605992,2026-07-04T23:13:06.617690+00:00,137.4,25,ask,AverageAlmonds,Yinxuan Li,7601787
2026-07-04T23:13:07.738134,2026-07-04T23:13:07.748697+00:00,137.6,200,bid,WavyWalnuts,YieldingYams,7601797
2026-07-04T23:13:10.967654,2026-07-04T23:13:10.979374+00:00,137.6,20,bid,BrilliantBurritos,YieldingYams,7601846
2026-07-04T23:13:11.363561,2026-07-04T23:13:11.374459+00:00,137.6,200,bid,WavyWalnuts,YieldingYams,7601852
2026-07-04T23:13:19.826239,2026-07-04T23:13:19.835090+00:00,137.9,200,bid,WavyWalnuts,YieldingYams,7601957
2026-07-04T23:13:21.033773,2026-07-04T23:13:21.043843+00:00,137.9,200,bid,WavyWalnuts,YieldingYams,7601972
2026-07-04T23:13:22.241996,2026-07-04T23:13:22.252030+00:00,138.1,200,bid,WavyWalnuts,AverageAlmonds,7601984
2026-07-04T23:13:24.476210,2026-07-04T23:13:24.485715+00:00,138.1,20,bid,BrilliantBurritos,AverageAlmonds,7602011
2026-07-04T23:13:24.662596,2026-07-04T23:13:24.672775+00:00,138.1,200,bid,WavyWalnuts,YieldingYams,7602020
2026-07-04T23:13:28.301022,2026-07-04T23:13:28.312451+00:00,137.9,200,ask,YieldingYams,WavyWalnuts,7602072
2026-07-04T23:13:31.928879,2026-07-04T23:13:31.940178+00:00,138.0,200,bid,WavyWalnuts,YieldingYams,7602113
2026-07-04T23:13:32.558739,2026-07-04T23:13:32.568832+00:00,137.9,20,ask,YieldingYams,BrilliantBurritos,7602129
2026-07-04T23:13:35.242013,2026-07-04T23:13:35.247544+00:00,138.0,3,bid,Xuanyu Liu,WavyWalnuts,7602169
2026-07-04T23:13:36.642563,2026-07-04T23:13:36.658548+00:00,138.0,25,bid,Yinxuan Li,YieldingYams,7602184
2026-07-04T23:13:36.792785,2026-07-04T23:13:36.796485+00:00,137.9,11,bid,Xuanyu Liu,WavyWalnuts,7602187
2026-07-04T23:13:37.880228,2026-07-04T23:13:37.887107+00:00,137.9,189,bid,AverageAlmonds,WavyWalnuts,7602212
2026-07-04T23:13:37.880228,2026-07-04T23:13:37.892303+00:00,137.9,311,bid,AverageAlmonds,YieldingYams,7602213
2026-07-04T23:13:38.474246,2026-07-04T23:13:38.485679+00:00,137.9,314,bid,AverageAlmonds,YieldingYams,7602219
2026-07-04T23:13:38.474246,2026-07-04T23:13:38.485679+00:00,137.9,186,bid,AverageAlmonds,WavyWalnuts,7602220
2026-07-04T23:13:38.634492,2026-07-04T23:13:38.644990+00:00,137.9,14,bid,YieldingYams,WavyWalnuts,7602228
2026-07-04T23:13:39.188269,2026-07-04T23:13:39.198745+00:00,138.0,200,ask,YieldingYams,WavyWalnuts,7602236
2026-07-04T23:13:41.576499,2026-07-04T23:13:41.580053+00:00,138.1,46,bid,Xuanyu Liu,WavyWalnuts,7602273
2026-07-04T23:13:41.657058,2026-07-04T23:13:41.663655+00:00,138.2,25,bid,Yinxuan Li,YieldingYams,7602277
2026-07-04T23:13:46.666836,2026-07-04T23:13:46.677600+00:00,138.1,19,bid,Yinxuan Li,WavyWalnuts,7602348
2026-07-04T23:13:48.846525,2026-07-04T23:13:48.858651+00:00,137.8,20,ask,WavyWalnuts,BrilliantBurritos,7602382
2026-07-04T23:13:49.144424,2026-07-04T23:13:49.151493+00:00,138.0,20,bid,BrilliantBurritos,WavyWalnuts,7602393
2026-07-04T23:13:51.112514,2026-07-04T23:13:51.116577+00:00,137.8,23,ask,YieldingYams,Xuanyu Liu,7602431
2026-07-04T23:13:51.763981,2026-07-04T23:13:51.767605+00:00,137.9,11,ask,YieldingYams,Xuanyu Liu,7602447
2026-07-04T23:13:54.371305,2026-07-04T23:13:54.377866+00:00,138.0,200,bid,YieldingYams,WavyWalnuts,7602489
2026-07-04T23:13:54.929610,2026-07-04T23:13:54.939493+00:00,138.1,200,ask,YieldingYams,WavyWalnuts,7602495
2026-07-04T23:13:57.753462,2026-07-04T23:13:57.756881+00:00,137.9,12,ask,YieldingYams,Xuanyu Liu,7602537
2026-07-04T23:13:58.554704,2026-07-04T23:13:58.558614+00:00,137.9,200,ask,YieldingYams,WavyWalnuts,7602549
2026-07-04T23:13:59.760085,2026-07-04T23:13:59.769554+00:00,137.9,200,bid,WavyWalnuts,YieldingYams,7602562
2026-07-04T23:14:00.170479,2026-07-04T23:14:00.177692+00:00,137.7,20,ask,YieldingYams,BrilliantBurritos,7602565
2026-07-04T23:14:00.810466,2026-07-04T23:14:00.822107+00:00,137.9,20,bid,BrilliantBurritos,YieldingYams,7602574
2026-07-04T23:14:00.968532,2026-07-04T23:14:00.976161+00:00,137.9,200,bid,WavyWalnuts,YieldingYams,7602578
2026-07-04T23:14:02.175177,2026-07-04T23:14:02.185204+00:00,137.9,200,bid,WavyWalnuts,YieldingYams,7602591
2026-07-04T23:14:02.225047,2026-07-04T23:14:02.244977+00:00,138.1,200,bid,YieldingYams,WavyWalnuts,7602592
2026-07-04T23:14:02.240613,2026-07-04T23:14:02.244977+00:00,138.1,14,ask,YieldingYams,Xuanyu Liu,7602595
2026-07-04T23:14:07.011784,2026-07-04T23:14:07.024244+00:00,138.1,200,ask,YieldingYams,WavyWalnuts,7602667
2026-07-04T23:14:08.228072,2026-07-04T23:14:08.239441+00:00,138.1,200,ask,YieldingYams,WavyWalnuts,7602686
2026-07-04T23:14:08.795734,2026-07-04T23:14:08.802732+00:00,138.2,500,bid,YieldingYams,AverageAlmonds,7602694
2026-07-04T23:14:09.376945,2026-07-04T23:14:09.387929+00:00,138.2,125,ask,YieldingYams,AverageAlmonds,7602705
2026-07-04T23:14:11.418748,2026-07-04T23:14:11.429600+00:00,138.1,200,bid,YieldingYams,WavyWalnuts,7602740
2026-07-04T23:14:13.075338,2026-07-04T23:14:13.086863+00:00,138.1,200,ask,YieldingYams,WavyWalnuts,7602768
2026-07-04T23:14:13.599126,2026-07-04T23:14:13.607089+00:00,138.1,425,ask,YieldingYams,AverageAlmonds,7602773
2026-07-04T23:14:14.282373,2026-07-04T23:14:14.288979+00:00,138.1,200,bid,WavyWalnuts,YieldingYams,7602787
2026-07-04T23:14:15.351385,2026-07-04T23:14:15.358917+00:00,138.1,500,bid,YieldingYams,AverageAlmonds,7602809
2026-07-04T23:14:16.698281,2026-07-04T23:14:16.705526+00:00,138.1,25,ask,YieldingYams,Yinxuan Li,7602837
2026-07-04T23:14:18.260643,2026-07-04T23:14:18.269062+00:00,138.1,20,ask,WavyWalnuts,BrilliantBurritos,7602865
2026-07-04T23:14:18.449985,2026-07-04T23:14:18.448494+00:00,138.1,180,ask,WavyWalnuts,AverageAlmonds,7602868
2026-07-04T23:14:19.286649,2026-07-04T23:14:19.297025+00:00,138.1,500,bid,YieldingYams,AverageAlmonds,7602888
2026-07-04T23:14:19.651495,2026-07-04T23:14:19.658625+00:00,138.1,125,ask,YieldingYams,AverageAlmonds,7602894
2026-07-04T23:14:19.909929,2026-07-04T23:14:19.913855+00:00,138.0,14,ask,WavyWalnuts,Xuanyu Liu,7602901
2026-07-04T23:14:20.329155,2026-07-04T23:14:20.338029+00:00,138.1,200,bid,WavyWalnuts,AverageAlmonds,7602906
2026-07-04T23:14:21.537128,2026-07-04T23:14:21.548000+00:00,137.9,200,bid,WavyWalnuts,YieldingYams,7602938
2026-07-04T23:14:22.100778,2026-07-04T23:14:22.110149+00:00,138.0,500,ask,YieldingYams,AverageAlmonds,7602946
2026-07-04T23:14:22.692924,2026-07-04T23:14:22.702936+00:00,138.0,125,ask,YieldingYams,AverageAlmonds,7602948
2026-07-04T23:14:22.744374,2026-07-04T23:14:22.751176+00:00,137.9,200,bid,WavyWalnuts,AverageAlmonds,7602950
2026-07-04T23:14:23.230526,2026-07-04T23:14:23.233792+00:00,137.6,12,ask,YieldingYams,Xuanyu Liu,7602959
2026-07-04T23:14:23.951978,2026-07-04T23:14:23.958599+00:00,137.9,200,bid,WavyWalnuts,YieldingYams,7602971
2026-07-04T23:14:24.528804,2026-07-04T23:14:24.537335+00:00,137.8,500,bid,YieldingYams,AverageAlmonds,7602974
2026-07-04T23:14:24.546978,2026-07-04T23:14:24.550735+00:00,137.8,23,ask,YieldingYams,Xuanyu Liu,7602976
2026-07-04T23:14:25.160049,2026-07-04T23:14:25.169743+00:00,137.9,200,bid,WavyWalnuts,AverageAlmonds,7602983
2026-07-04T23:14:25.557631,2026-07-04T23:14:25.569368+00:00,137.9,20,bid,BrilliantBurritos,AverageAlmonds,7602986
2026-07-04T23:14:25.716445,2026-07-04T23:14:25.727077+00:00,137.8,102,ask,YieldingYams,AverageAlmonds,7602987
2026-07-04T23:14:25.938632,2026-07-04T23:14:25.942540+00:00,137.4,11,ask,YieldingYams,Xuanyu Liu,7602991
2026-07-04T23:14:26.067320,2026-07-04T23:14:26.078573+00:00,137.4,20,ask,YieldingYams,BrilliantBurritos,7602994
2026-07-04T23:14:26.368572,2026-07-04T23:14:26.376975+00:00,137.6,200,bid,WavyWalnuts,YieldingYams,7603000
2026-07-04T23:14:26.717948,2026-07-04T23:14:26.729414+00:00,137.4,25,ask,YieldingYams,Yinxuan Li,7603001
2026-07-04T23:14:27.163702,2026-07-04T23:14:27.167268+00:00,137.5,11,ask,YieldingYams,Xuanyu Liu,7603007
2026-07-04T23:14:27.582488,2026-07-04T23:14:27.590206+00:00,137.7,200,bid,WavyWalnuts,YieldingYams,7603013
2026-07-04T23:14:29.044440,2026-07-04T23:14:29.047718+00:00,137.7,11,bid,Xuanyu Liu,YieldingYams,7603034
2026-07-04T23:14:31.732187,2026-07-04T23:14:31.744162+00:00,137.5,25,ask,YieldingYams,Yinxuan Li,7603068
2026-07-04T23:14:32.414280,2026-07-04T23:14:32.423668+00:00,137.6,200,bid,WavyWalnuts,YieldingYams,7603083
2026-07-04T23:14:33.702522,2026-07-04T23:14:33.709324+00:00,137.5,200,bid,YieldingYams,WavyWalnuts,7603100
2026-07-04T23:14:34.551962,2026-07-04T23:14:34.563593+00:00,137.6,20,ask,YieldingYams,BrilliantBurritos,7603111
2026-07-04T23:14:34.836334,2026-07-04T23:14:34.843432+00:00,137.6,200,ask,YieldingYams,WavyWalnuts,7603121
2026-07-04T23:14:35.840040,2026-07-04T23:14:35.847162+00:00,137.5,20,ask,YieldingYams,BrilliantBurritos,7603138
2026-07-04T23:14:36.043594,2026-07-04T23:14:36.051172+00:00,137.5,200,ask,YieldingYams,WavyWalnuts,7603143
2026-07-04T23:14:36.748029,2026-07-04T23:14:36.760156+00:00,137.4,25,ask,YieldingYams,Yinxuan Li,7603155
2026-07-04T23:14:40.857650,2026-07-04T23:14:40.869044+00:00,137.5,500,bid,AverageAlmonds,YieldingYams,7603217
2026-07-04T23:14:41.452927,2026-07-04T23:14:41.464101+00:00,137.5,125,bid,AverageAlmonds,YieldingYams,7603222
2026-07-04T23:14:41.452927,2026-07-04T23:14:41.464101+00:00,137.5,200,bid,AverageAlmonds,WavyWalnuts,7603223
2026-07-04T23:14:41.621188,2026-07-04T23:14:41.624373+00:00,137.8,11,ask,YieldingYams,Xuanyu Liu,7603227
2026-07-04T23:14:41.762072,2026-07-04T23:14:41.773770+00:00,137.8,24,ask,YieldingYams,Yinxuan Li,7603230
2026-07-04T23:14:42.099190,2026-07-04T23:14:42.106922+00:00,137.8,200,ask,YieldingYams,WavyWalnuts,7603244
2026-07-04T23:14:42.931373,2026-07-04T23:14:42.934923+00:00,137.9,11,bid,Xuanyu Liu,YieldingYams,7603252
2026-07-04T23:14:43.321251,2026-07-04T23:14:43.324726+00:00,137.8,11,bid,Xuanyu Liu,WavyWalnuts,7603262
2026-07-04T23:14:44.227502,2026-07-04T23:14:44.237647+00:00,137.8,189,bid,YieldingYams,WavyWalnuts,7603277
2026-07-04T23:14:44.513722,2026-07-04T23:14:44.524608+00:00,137.8,200,ask,YieldingYams,WavyWalnuts,7603282
2026-07-04T23:14:45.559505,2026-07-04T23:14:45.562963+00:00,137.8,12,bid,Xuanyu Liu,YieldingYams,7603303
2026-07-04T23:14:50.775610,2026-07-04T23:14:50.787167+00:00,137.7,200,ask,WavyWalnuts,YieldingYams,7603373
2026-07-04T23:14:51.129699,2026-07-04T23:14:51.137420+00:00,137.7,425,bid,AverageAlmonds,YieldingYams,7603384
2026-07-04T23:14:52.102078,2026-07-04T23:14:52.109960+00:00,137.8,200,bid,YieldingYams,WavyWalnuts,7603402
2026-07-04T23:14:57.340761,2026-07-04T23:14:57.348204+00:00,137.9,200,bid,YieldingYams,WavyWalnuts,7603484
2026-07-04T23:14:57.540045,2026-07-04T23:14:57.543863+00:00,138.1,11,bid,Xuanyu Liu,YieldingYams,7603486
2026-07-04T23:14:57.846434,2026-07-04T23:14:57.858558+00:00,137.9,200,ask,YieldingYams,WavyWalnuts,7603490
2026-07-04T23:14:58.669152,2026-07-04T23:14:58.672954+00:00,137.8,26,bid,Xuanyu Liu,YieldingYams,7603496
2026-07-04T23:15:00.752615,2026-07-04T23:15:00.756612+00:00,137.8,3,ask,YieldingYams,Xuanyu Liu,7603527
2026-07-04T23:15:03.895763,2026-07-04T23:15:03.906296+00:00,137.9,200,bid,WavyWalnuts,YieldingYams,7603564
2026-07-04T23:15:05.689563,2026-07-04T23:15:05.697626+00:00,137.8,20,ask,WavyWalnuts,BrilliantBurritos,7603582
2026-07-04T23:15:06.310302,2026-07-04T23:15:06.318369+00:00,137.9,200,bid,WavyWalnuts,YieldingYams,7603592
2026-07-04T23:15:08.725591,2026-07-04T23:15:08.733770+00:00,137.9,200,bid,WavyWalnuts,YieldingYams,7603621
2026-07-04T23:15:09.937762,2026-07-04T23:15:09.947512+00:00,137.7,200,bid,WavyWalnuts,YieldingYams,7603635
2026-07-04T23:15:11.149876,2026-07-04T23:15:11.163769+00:00,137.8,200,bid,WavyWalnuts,YieldingYams,7603650
2026-07-04T23:15:11.241400,2026-07-04T23:15:11.253254+00:00,137.8,20,bid,BrilliantBurritos,YieldingYams,7603652
2026-07-04T23:15:15.678999,2026-07-04T23:15:15.687922+00:00,137.6,200,ask,WavyWalnuts,YieldingYams,7603715
2026-07-04T23:15:16.591302,2026-07-04T23:15:16.595145+00:00,137.5,11,ask,AverageAlmonds,Xuanyu Liu,7603728
2026-07-04T23:15:17.002707,2026-07-04T23:15:17.006508+00:00,137.6,12,ask,YieldingYams,Xuanyu Liu,7603741
2026-07-04T23:15:17.219705,2026-07-04T23:15:17.230555+00:00,137.6,200,ask,YieldingYams,WavyWalnuts,7603748
2026-07-04T23:15:19.304734,2026-07-04T23:15:19.316512+00:00,137.7,20,bid,BrilliantBurritos,WavyWalnuts,7603773
2026-07-04T23:15:19.588281,2026-07-04T23:15:19.597681+00:00,137.7,180,bid,AverageAlmonds,WavyWalnuts,7603778
2026-07-04T23:15:19.609678,2026-07-04T23:15:19.613490+00:00,137.7,11,ask,AverageAlmonds,Xuanyu Liu,7603779
2026-07-04T23:15:19.618113,2026-07-04T23:15:19.629340+00:00,137.7,309,ask,AverageAlmonds,YieldingYams,7603780
2026-07-04T23:15:20.177365,2026-07-04T23:15:20.188793+00:00,137.7,316,bid,AverageAlmonds,YieldingYams,7603790
2026-07-04T23:15:20.177365,2026-07-04T23:15:20.188793+00:00,137.7,184,bid,AverageAlmonds,WavyWalnuts,7603791
2026-07-04T23:15:20.925678,2026-07-04T23:15:20.933240+00:00,137.7,200,bid,YieldingYams,WavyWalnuts,7603807
2026-07-04T23:15:20.945225,2026-07-04T23:15:20.949663+00:00,137.8,12,ask,YieldingYams,Xuanyu Liu,7603810
2026-07-04T23:15:23.265818,2026-07-04T23:15:23.277229+00:00,137.9,200,bid,WavyWalnuts,YieldingYams,7603849
2026-07-04T23:15:24.342764,2026-07-04T23:15:24.363685+00:00,137.9,20,bid,BrilliantBurritos,YieldingYams,7603865
2026-07-04T23:15:24.865164,2026-07-04T23:15:24.874995+00:00,137.8,200,ask,YieldingYams,WavyWalnuts,7603873
2026-07-04T23:15:25.045478,2026-07-04T23:15:25.055364+00:00,137.8,20,bid,BrilliantBurritos,YieldingYams,7603876
2026-07-04T23:15:25.682146,2026-07-04T23:15:25.693764+00:00,137.8,200,bid,WavyWalnuts,YieldingYams,7603881
2026-07-04T23:15:29.093518,2026-07-04T23:15:29.099976+00:00,138.0,20,bid,BrilliantBurritos,WavyWalnuts,7603934
2026-07-04T23:15:29.312045,2026-07-04T23:15:29.319142+00:00,137.9,200,ask,YieldingYams,WavyWalnuts,7603937
2026-07-04T23:15:30.325073,2026-07-04T23:15:30.333428+00:00,137.9,20,bid,BrilliantBurritos,YieldingYams,7603944
2026-07-04T23:15:34.050058,2026-07-04T23:15:34.051322+00:00,137.7,200,bid,YieldingYams,WavyWalnuts,7604004
2026-07-04T23:15:34.066888,2026-07-04T23:15:34.070131+00:00,137.7,11,ask,YieldingYams,Xuanyu Liu,7604008
2026-07-04T23:15:36.537222,2026-07-04T23:15:36.548536+00:00,137.8,200,bid,AverageAlmonds,WavyWalnuts,7604042
2026-07-04T23:15:36.537222,2026-07-04T23:15:36.548536+00:00,137.8,300,bid,AverageAlmonds,YieldingYams,7604043
2026-07-04T23:15:38.346641,2026-07-04T23:15:38.358640+00:00,137.9,200,bid,AverageAlmonds,WavyWalnuts,7604064
2026-07-04T23:15:38.346641,2026-07-04T23:15:38.358640+00:00,137.9,300,bid,AverageAlmonds,YieldingYams,7604065
2026-07-04T23:15:38.939906,2026-07-04T23:15:38.948191+00:00,137.9,325,bid,AverageAlmonds,YieldingYams,7604074
2026-07-04T23:15:38.988196,2026-07-04T23:15:38.997096+00:00,138.0,175,ask,AverageAlmonds,WavyWalnuts,7604077
2026-07-04T23:15:39.306684,2026-07-04T23:15:39.313951+00:00,138.0,25,bid,YieldingYams,WavyWalnuts,7604081
2026-07-04T23:15:39.327051,2026-07-04T23:15:39.330374+00:00,138.1,11,ask,YieldingYams,Xuanyu Liu,7604084
2026-07-04T23:15:48.434657,2026-07-04T23:15:48.446116+00:00,138.1,20,bid,BrilliantBurritos,YieldingYams,7604222
2026-07-04T23:15:48.486933,2026-07-04T23:15:48.505478+00:00,138.1,200,bid,YieldingYams,WavyWalnuts,7604224
2026-07-04T23:15:48.501919,2026-07-04T23:15:48.505478+00:00,138.1,12,ask,YieldingYams,Xuanyu Liu,7604226
2026-07-04T23:15:48.712871,2026-07-04T23:15:48.723425+00:00,138.1,200,ask,YieldingYams,WavyWalnuts,7604232
2026-07-04T23:15:52.546803,2026-07-04T23:15:52.558624+00:00,138.1,20,bid,BrilliantBurritos,WavyWalnuts,7604284
2026-07-04T23:15:55.973593,2026-07-04T23:15:55.984901+00:00,138.1,200,bid,WavyWalnuts,YieldingYams,7604336
2026-07-04T23:15:57.186017,2026-07-04T23:15:57.193179+00:00,138.1,200,ask,YieldingYams,WavyWalnuts,7604348
2026-07-04T23:16:01.612786,2026-07-04T23:16:01.622868+00:00,138.1,200,ask,WavyWalnuts,YieldingYams,7604410
2026-07-04T23:16:01.925463,2026-07-04T23:16:01.932260+00:00,137.9,20,ask,YieldingYams,BrilliantBurritos,7604415
2026-07-04T23:16:09.520863,2026-07-04T23:16:09.532393+00:00,137.9,20,ask,WavyWalnuts,BrilliantBurritos,7604524
2026-07-04T23:16:10.665100,2026-07-04T23:16:10.669080+00:00,137.8,11,ask,YieldingYams,Xuanyu Liu,7604557
2026-07-04T23:16:11.051439,2026-07-04T23:16:11.058600+00:00,137.9,500,bid,AverageAlmonds,YieldingYams,7604559
2026-07-04T23:16:12.858567,2026-07-04T23:16:12.869523+00:00,137.9,200,bid,AverageAlmonds,WavyWalnuts,7604597
2026-07-04T23:16:13.460114,2026-07-04T23:16:13.469279+00:00,138.0,200,bid,AverageAlmonds,WavyWalnuts,7604609
2026-07-04T23:16:13.460114,2026-07-04T23:16:13.469279+00:00,138.0,300,bid,AverageAlmonds,YieldingYams,7604610
2026-07-04T23:16:14.740259,2026-07-04T23:16:14.747297+00:00,138.1,200,bid,YieldingYams,WavyWalnuts,7604640
2026-07-04T23:16:15.152334,2026-07-04T23:16:15.164262+00:00,138.1,20,ask,YieldingYams,BrilliantBurritos,7604645
2026-07-04T23:16:16.664316,2026-07-04T23:16:16.668171+00:00,138.0,6,ask,YieldingYams,Xuanyu Liu,7604666
2026-07-04T23:16:17.748526,2026-07-04T23:16:17.754098+00:00,138.0,200,ask,AverageAlmonds,WavyWalnuts,7604687
2026-07-04T23:16:18.956418,2026-07-04T23:16:18.958603+00:00,138.0,200,ask,YieldingYams,WavyWalnuts,7604701
2026-07-04T23:16:20.042190,2026-07-04T23:16:20.058602+00:00,138.1,20,bid,BrilliantBurritos,YieldingYams,7604727
2026-07-04T23:16:21.307998,2026-07-04T23:16:21.317260+00:00,138.0,200,ask,WavyWalnuts,YieldingYams,7604743
2026-07-04T23:16:21.307998,2026-07-04T23:16:21.317260+00:00,138.0,425,ask,AverageAlmonds,YieldingYams,7604744
2026-07-04T23:16:27.378156,2026-07-04T23:16:27.389563+00:00,138.1,500,bid,AverageAlmonds,YieldingYams,7604827
2026-07-04T23:16:29.168366,2026-07-04T23:16:29.179775+00:00,138.2,200,bid,YieldingYams,WavyWalnuts,7604848
2026-07-04T23:16:29.855806,2026-07-04T23:16:29.864229+00:00,138.3,200,ask,YieldingYams,WavyWalnuts,7604861
2026-07-04T23:16:30.495709,2026-07-04T23:16:30.499532+00:00,138.3,6,bid,Xuanyu Liu,YieldingYams,7604869
2026-07-04T23:16:31.080578,2026-07-04T23:16:31.084156+00:00,138.2,11,bid,Xuanyu Liu,WavyWalnuts,7604874
2026-07-04T23:16:32.274950,2026-07-04T23:16:32.281613+00:00,138.1,200,ask,YieldingYams,WavyWalnuts,7604898
2026-07-04T23:16:34.026436,2026-07-04T23:16:34.036376+00:00,138.1,500,bid,AverageAlmonds,YieldingYams,7604924
2026-07-04T23:16:34.693271,2026-07-04T23:16:34.701225+00:00,138.0,200,ask,YieldingYams,WavyWalnuts,7604933
2026-07-04T23:16:35.803129,2026-07-04T23:16:35.814837+00:00,138.2,20,bid,BrilliantBurritos,YieldingYams,7604950
2026-07-04T23:16:38.326021,2026-07-04T23:16:38.335725+00:00,138.0,200,ask,YieldingYams,WavyWalnuts,7604991
2026-07-04T23:16:39.547212,2026-07-04T23:16:39.551028+00:00,138.1,12,bid,Xuanyu Liu,WavyWalnuts,7605022
2026-07-04T23:16:40.746838,2026-07-04T23:16:40.758551+00:00,138.0,200,ask,YieldingYams,WavyWalnuts,7605037
2026-07-04T23:16:41.957825,2026-07-04T23:16:41.969451+00:00,138.0,200,ask,AverageAlmonds,WavyWalnuts,7605062
2026-07-04T23:16:42.287400,2026-07-04T23:16:42.300483+00:00,138.0,300,ask,AverageAlmonds,YieldingYams,7605071
2026-07-04T23:16:42.510375,2026-07-04T23:16:42.519496+00:00,138.0,325,bid,AverageAlmonds,YieldingYams,7605073
2026-07-04T23:16:43.593566,2026-07-04T23:16:43.603528+00:00,138.1,200,bid,YieldingYams,WavyWalnuts,7605092
2026-07-04T23:16:44.376026,2026-07-04T23:16:44.396595+00:00,138.1,200,ask,YieldingYams,WavyWalnuts,7605103
2026-07-04T23:16:45.055339,2026-07-04T23:16:45.058832+00:00,138.1,11,bid,Xuanyu Liu,YieldingYams,7605117
2026-07-04T23:16:46.210793,2026-07-04T23:16:46.218140+00:00,138.0,200,ask,WavyWalnuts,YieldingYams,7605137
2026-07-04T23:16:46.210793,2026-07-04T23:16:46.223376+00:00,137.9,425,ask,AverageAlmonds,YieldingYams,7605138
2026-07-04T23:16:48.604724,2026-07-04T23:16:48.608376+00:00,138.1,23,bid,Xuanyu Liu,WavyWalnuts,7605174
2026-07-04T23:16:51.376466,2026-07-04T23:16:51.379931+00:00,138.1,11,bid,Xuanyu Liu,WavyWalnuts,7605224
2026-07-04T23:16:51.446555,2026-07-04T23:16:51.453177+00:00,138.1,189,bid,YieldingYams,WavyWalnuts,7605230
2026-07-04T23:16:51.639038,2026-07-04T23:16:51.649635+00:00,138.1,200,ask,YieldingYams,WavyWalnuts,7605233
2026-07-04T23:16:54.539200,2026-07-04T23:16:54.543508+00:00,138.2,12,bid,Xuanyu Liu,YieldingYams,7605281
2026-07-04T23:16:56.489746,2026-07-04T23:16:56.497885+00:00,138.2,200,bid,WavyWalnuts,YieldingYams,7605323
2026-07-04T23:16:58.066955,2026-07-04T23:16:58.070683+00:00,138.2,11,bid,Xuanyu Liu,WavyWalnuts,7605343
2026-07-04T23:17:04.078059,2026-07-04T23:17:04.081458+00:00,138.3,3,bid,Xuanyu Liu,YieldingYams,7605408
2026-07-04T23:17:06.171273,2026-07-04T23:17:06.190058+00:00,138.2,20,ask,WavyWalnuts,BrilliantBurritos,7605429
2026-07-04T23:17:12.723788,2026-07-04T23:17:12.735480+00:00,138.5,20,bid,BrilliantBurritos,YieldingYams,7605525
2026-07-04T23:17:13.769024,2026-07-04T23:17:13.772560+00:00,138.4,3,bid,Xuanyu Liu,YieldingYams,7605548
2026-07-04T23:17:14.674292,2026-07-04T23:17:14.685681+00:00,138.4,200,bid,WavyWalnuts,YieldingYams,7605558
2026-07-04T23:17:15.887618,2026-07-04T23:17:15.894290+00:00,138.6,200,ask,YieldingYams,WavyWalnuts,7605583
2026-07-04T23:17:16.663483,2026-07-04T23:17:16.666877+00:00,138.7,11,bid,Xuanyu Liu,YieldingYams,7605591
2026-07-04T23:17:16.927864,2026-07-04T23:17:16.934889+00:00,138.7,25,bid,Yinxuan Li,YieldingYams,7605597
2026-07-04T23:17:17.067906,2026-07-04T23:17:17.071400+00:00,138.6,12,bid,Xuanyu Liu,AverageAlmonds,7605600
2026-07-04T23:17:17.689984,2026-07-04T23:17:17.709106+00:00,138.7,200,bid,YieldingYams,WavyWalnuts,7605607
2026-07-04T23:17:17.689984,2026-07-04T23:17:17.709106+00:00,138.7,425,bid,YieldingYams,AverageAlmonds,7605608
2026-07-04T23:17:20.989628,2026-07-04T23:17:21.000750+00:00,138.7,20,ask,WavyWalnuts,BrilliantBurritos,7605670
2026-07-04T23:17:21.625154,2026-07-04T23:17:21.636374+00:00,138.7,180,ask,WavyWalnuts,YieldingYams,7605682
2026-07-04T23:17:23.128256,2026-07-04T23:17:23.136836+00:00,138.7,200,ask,YieldingYams,WavyWalnuts,7605708
2026-07-04T23:17:24.264662,2026-07-04T23:17:24.268655+00:00,138.7,11,bid,Xuanyu Liu,YieldingYams,7605724
2026-07-04T23:17:26.782346,2026-07-04T23:17:26.792182+00:00,138.5,200,ask,YieldingYams,WavyWalnuts,7605768
2026-07-04T23:17:26.948032,2026-07-04T23:17:26.959342+00:00,138.6,25,bid,Yinxuan Li,YieldingYams,7605777
2026-07-04T23:17:28.211174,2026-07-04T23:17:28.214820+00:00,138.4,12,bid,Xuanyu Liu,YieldingYams,7605793
2026-07-04T23:17:29.212142,2026-07-04T23:17:29.216023+00:00,138.3,11,bid,Xuanyu Liu,WavyWalnuts,7605811
2026-07-04T23:17:29.364324,2026-07-04T23:17:29.368195+00:00,138.2,11,ask,YieldingYams,Xuanyu Liu,7605814
2026-07-04T23:17:29.560097,2026-07-04T23:17:29.569759+00:00,138.2,20,ask,YieldingYams,BrilliantBurritos,7605820
2026-07-04T23:17:30.406859,2026-07-04T23:17:30.417255+00:00,138.2,200,ask,YieldingYams,WavyWalnuts,7605828
2026-07-04T23:17:31.963812,2026-07-04T23:17:31.974011+00:00,138.2,25,bid,Yinxuan Li,YieldingYams,7605851
2026-07-04T23:17:34.027028,2026-07-04T23:17:34.037928+00:00,138.1,200,ask,YieldingYams,WavyWalnuts,7605886
2026-07-04T23:17:34.242469,2026-07-04T23:17:34.253969+00:00,138.4,20,bid,BrilliantBurritos,YieldingYams,7605888
2026-07-04T23:17:35.684317,2026-07-04T23:17:35.687938+00:00,138.1,23,ask,YieldingYams,Xuanyu Liu,7605914
2026-07-04T23:17:36.678952,2026-07-04T23:17:36.690564+00:00,138.1,20,bid,BrilliantBurritos,WavyWalnuts,7605929
2026-07-04T23:17:40.250569,2026-07-04T23:17:40.258591+00:00,138.0,20,ask,YieldingYams,BrilliantBurritos,7605975
2026-07-04T23:17:41.291004,2026-07-04T23:17:41.301582+00:00,138.0,200,ask,YieldingYams,WavyWalnuts,7605996
2026-07-04T23:17:41.983163,2026-07-04T23:17:41.989751+00:00,138.1,25,bid,Yinxuan Li,YieldingYams,7606009
2026-07-04T23:17:46.560492,2026-07-04T23:17:46.569032+00:00,137.7,500,ask,AverageAlmonds,YieldingYams,7606064
2026-07-04T23:17:46.560492,2026-07-04T23:17:46.569032+00:00,137.7,125,ask,WavyWalnuts,YieldingYams,7606065
2026-07-04T23:17:47.869000,2026-07-04T23:17:47.878494+00:00,137.9,200,bid,YieldingYams,WavyWalnuts,7606087
2026-07-04T23:17:48.340904,2026-07-04T23:17:48.344593+00:00,138.1,11,bid,Xuanyu Liu,YieldingYams,7606099
2026-07-04T23:17:48.569683,2026-07-04T23:17:48.578270+00:00,137.9,200,ask,YieldingYams,WavyWalnuts,7606104
2026-07-04T23:17:48.687632,2026-07-04T23:17:48.699581+00:00,138.1,20,bid,BrilliantBurritos,YieldingYams,7606105
2026-07-04T23:17:48.985066,2026-07-04T23:17:48.997110+00:00,138.1,20,bid,BrilliantBurritos,YieldingYams,7606109
2026-07-04T23:17:49.195935,2026-07-04T23:17:49.199640+00:00,137.8,34,bid,Xuanyu Liu,YieldingYams,7606113
2026-07-04T23:17:49.389057,2026-07-04T23:17:49.396264+00:00,137.7,20,ask,WavyWalnuts,BrilliantBurritos,7606118
2026-07-04T23:17:49.904712,2026-07-04T23:17:49.916269+00:00,137.8,20,bid,BrilliantBurritos,YieldingYams,7606126
2026-07-04T23:17:51.502717,2026-07-04T23:17:51.505913+00:00,137.7,22,ask,YieldingYams,Xuanyu Liu,7606148
2026-07-04T23:17:53.134499,2026-07-04T23:17:53.137972+00:00,137.8,12,ask,YieldingYams,Xuanyu Liu,7606180
2026-07-04T23:17:54.664037,2026-07-04T23:17:54.667345+00:00,137.8,11,ask,YieldingYams,Xuanyu Liu,7606209
2026-07-04T23:17:57.075064,2026-07-04T23:17:57.084815+00:00,137.7,200,ask,WavyWalnuts,YieldingYams,7606246
2026-07-04T23:17:59.497366,2026-07-04T23:17:59.506143+00:00,137.7,200,ask,AverageAlmonds,WavyWalnuts,7606286
2026-07-04T23:18:00.988970,2026-07-04T23:18:00.993307+00:00,137.7,23,ask,YieldingYams,Xuanyu Liu,7606300
2026-07-04T23:18:03.124842,2026-07-04T23:18:03.133735+00:00,137.8,200,ask,YieldingYams,WavyWalnuts,7606333
2026-07-04T23:18:03.791446,2026-07-04T23:18:03.803275+00:00,137.8,20,ask,AverageAlmonds,BrilliantBurritos,7606340
2026-07-04T23:18:04.946646,2026-07-04T23:18:04.958549+00:00,137.7,20,ask,WavyWalnuts,BrilliantBurritos,7606362
2026-07-04T23:18:07.884882,2026-07-04T23:18:07.896010+00:00,137.9,200,bid,AverageAlmonds,WavyWalnuts,7606403
2026-07-04T23:18:07.968456,2026-07-04T23:18:07.979472+00:00,137.9,200,ask,AverageAlmonds,WavyWalnuts,7606404
2026-07-04T23:18:08.488185,2026-07-04T23:18:08.495044+00:00,138.0,500,bid,AverageAlmonds,YieldingYams,7606411
2026-07-04T23:18:09.109815,2026-07-04T23:18:09.113616+00:00,138.0,3,ask,AverageAlmonds,Xuanyu Liu,7606421
2026-07-04T23:18:09.179148,2026-07-04T23:18:09.189202+00:00,138.0,200,ask,AverageAlmonds,WavyWalnuts,7606424
2026-07-04T23:18:10.388878,2026-07-04T23:18:10.397991+00:00,138.0,200,ask,YieldingYams,WavyWalnuts,7606439
2026-07-04T23:18:11.505270,2026-07-04T23:18:11.514322+00:00,138.0,500,ask,AverageAlmonds,YieldingYams,7606453
2026-07-04T23:18:11.518844,2026-07-04T23:18:11.529992+00:00,138.0,125,bid,AverageAlmonds,YieldingYams,7606454
2026-07-04T23:18:12.129961,2026-07-04T23:18:12.137396+00:00,138.1,200,bid,AverageAlmonds,WavyWalnuts,7606463
2026-07-04T23:18:12.808170,2026-07-04T23:18:12.814943+00:00,138.1,200,ask,AverageAlmonds,WavyWalnuts,7606484
2026-07-04T23:18:14.018461,2026-07-04T23:18:14.028307+00:00,138.1,200,ask,AverageAlmonds,WavyWalnuts,7606502
2026-07-04T23:18:15.145081,2026-07-04T23:18:15.158646+00:00,138.2,500,bid,AverageAlmonds,YieldingYams,7606515
2026-07-04T23:18:15.430159,2026-07-04T23:18:15.437843+00:00,138.3,200,bid,YieldingYams,WavyWalnuts,7606517
2026-07-04T23:18:16.439590,2026-07-04T23:18:16.450813+00:00,138.4,200,ask,YieldingYams,WavyWalnuts,7606535
2026-07-04T23:18:18.858003,2026-07-04T23:18:18.869661+00:00,138.3,200,ask,YieldingYams,WavyWalnuts,7606562
2026-07-04T23:18:22.709618,2026-07-04T23:18:22.721454+00:00,138.3,20,ask,YieldingYams,BrilliantBurritos,7606628
2026-07-04T23:18:28.534752,2026-07-04T23:18:28.544957+00:00,138.5,200,ask,WavyWalnuts,YieldingYams,7606716
2026-07-04T23:18:33.364521,2026-07-04T23:18:33.375370+00:00,138.4,200,bid,WavyWalnuts,YieldingYams,7606778
2026-07-04T23:18:34.574279,2026-07-04T23:18:34.582488+00:00,138.4,200,bid,WavyWalnuts,YieldingYams,7606802
2026-07-04T23:18:40.312845,2026-07-04T23:18:40.324237+00:00,138.3,200,ask,WavyWalnuts,YieldingYams,7606867
2026-07-04T23:18:41.623739,2026-07-04T23:18:41.633909+00:00,138.2,200,ask,WavyWalnuts,YieldingYams,7606891
2026-07-04T23:18:41.749483,2026-07-04T23:18:41.758590+00:00,138.1,20,bid,BrilliantBurritos,YieldingYams,7606894
2026-07-04T23:18:41.837824,2026-07-04T23:18:41.848897+00:00,138.1,200,bid,WavyWalnuts,YieldingYams,7606900
2026-07-04T23:18:49.649155,2026-07-04T23:18:49.658592+00:00,138.0,20,ask,WavyWalnuts,BrilliantBurritos,7607017
2026-07-04T23:18:50.317955,2026-07-04T23:18:50.329443+00:00,138.1,200,bid,WavyWalnuts,YieldingYams,7607031
2026-07-04T23:18:54.725760,2026-07-04T23:18:54.733584+00:00,138.2,200,bid,YieldingYams,WavyWalnuts,7607098
2026-07-04T23:18:54.981397,2026-07-04T23:18:54.992945+00:00,138.4,20,bid,BrilliantBurritos,YieldingYams,7607100
2026-07-04T23:18:55.153588,2026-07-04T23:18:55.160899+00:00,138.2,200,ask,YieldingYams,WavyWalnuts,7607103
2026-07-04T23:18:57.892460,2026-07-04T23:18:57.904047+00:00,138.1,20,ask,WavyWalnuts,BrilliantBurritos,7607141
2026-07-04T23:18:58.664681,2026-07-04T23:18:58.674199+00:00,138.1,180,ask,WavyWalnuts,YieldingYams,7607152
2026-07-04T23:19:05.227269,2026-07-04T23:19:05.235682+00:00,138.2,200,bid,YieldingYams,WavyWalnuts,7607238
2026-07-04T23:19:06.044309,2026-07-04T23:19:06.053227+00:00,138.2,200,ask,YieldingYams,WavyWalnuts,7607251
2026-07-04T23:19:07.863109,2026-07-04T23:19:07.874118+00:00,138.0,200,ask,WavyWalnuts,YieldingYams,7607275
2026-07-04T23:19:10.879977,2026-07-04T23:19:10.889327+00:00,138.0,200,bid,WavyWalnuts,YieldingYams,7607320
2026-07-04T23:19:11.872451,2026-07-04T23:19:11.876636+00:00,138.1,6,ask,YieldingYams,Xuanyu Liu,7607338
2026-07-04T23:19:12.089009,2026-07-04T23:19:12.098910+00:00,138.1,25,ask,YieldingYams,Yinxuan Li,7607343
2026-07-04T23:19:12.105468,2026-07-04T23:19:12.114718+00:00,138.1,200,ask,YieldingYams,WavyWalnuts,7607344
2026-07-04T23:19:13.816240,2026-07-04T23:19:13.820195+00:00,138.2,3,bid,Xuanyu Liu,YieldingYams,7607372
