timestamp,recv_time,price,volume,aggressor_side,buyer,seller,trade_id
2026-07-05T04:00:00.134602,2026-07-05T04:00:00.128789+00:00,137.1,20,bid,BrilliantBurritos,YieldingYams,7848660
2026-07-05T04:00:00.517191,2026-07-05T04:00:00.525548+00:00,137.1,200,bid,WavyWalnuts,YieldingYams,7848666
2026-07-05T04:00:00.954100,2026-07-05T04:00:00.958580+00:00,137.0,500,ask,AverageAlmonds,YieldingYams,7848673
2026-07-05T04:00:01.358247,2026-07-05T04:00:01.365075+00:00,137.0,125,bid,AverageAlmonds,YieldingYams,7848679
2026-07-05T04:00:04.181111,2026-07-05T04:00:04.184927+00:00,137.2,11,bid,Xuanyu Liu,WavyWalnuts,7848710
2026-07-05T04:00:04.560871,2026-07-05T04:00:04.569020+00:00,137.2,20,bid,BrilliantBurritos,WavyWalnuts,7848715
2026-07-05T04:00:09.018980,2026-07-05T04:00:09.028121+00:00,137.3,200,bid,WavyWalnuts,YieldingYams,7848762
2026-07-05T04:00:10.227398,2026-07-05T04:00:10.236301+00:00,137.4,200,bid,WavyWalnuts,AverageAlmonds,7848778
2026-07-05T04:00:11.443804,2026-07-05T04:00:11.446919+00:00,137.4,200,bid,WavyWalnuts,AverageAlmonds,7848794
2026-07-05T04:00:12.773282,2026-07-05T04:00:12.785161+00:00,137.2,20,ask,WavyWalnuts,BrilliantBurritos,7848811
2026-07-05T04:00:14.107841,2026-07-05T04:00:14.114362+00:00,137.2,200,ask,WavyWalnuts,YieldingYams,7848834
2026-07-05T04:00:15.415699,2026-07-05T04:00:15.425225+00:00,137.2,200,bid,YieldingYams,WavyWalnuts,7848849
2026-07-05T04:00:16.083747,2026-07-05T04:00:16.088139+00:00,137.4,3,bid,Xuanyu Liu,YieldingYams,7848858
2026-07-05T04:00:16.287937,2026-07-05T04:00:16.299413+00:00,137.2,200,ask,YieldingYams,WavyWalnuts,7848865
2026-07-05T04:00:16.745532,2026-07-05T04:00:16.749733+00:00,137.2,3,bid,Xuanyu Liu,YieldingYams,7848873
2026-07-05T04:00:17.494351,2026-07-05T04:00:17.503917+00:00,137.2,200,bid,WavyWalnuts,YieldingYams,7848883
2026-07-05T04:00:18.705782,2026-07-05T04:00:18.715546+00:00,137.3,200,bid,WavyWalnuts,YieldingYams,7848898
2026-07-05T04:00:18.828218,2026-07-05T04:00:18.837327+00:00,137.3,20,bid,BrilliantBurritos,YieldingYams,7848900
2026-07-05T04:00:19.247829,2026-07-05T04:00:19.252036+00:00,137.1,3,ask,YieldingYams,Xuanyu Liu,7848907
2026-07-05T04:00:24.646255,2026-07-05T04:00:24.658554+00:00,136.9,20,ask,WavyWalnuts,BrilliantBurritos,7848982
2026-07-05T04:00:25.897441,2026-07-05T04:00:25.906034+00:00,137.0,200,ask,WavyWalnuts,YieldingYams,7849000
2026-07-05T04:00:25.987079,2026-07-05T04:00:25.997819+00:00,137.0,200,bid,WavyWalnuts,YieldingYams,7849005
2026-07-05T04:00:29.794952,2026-07-05T04:00:29.806042+00:00,137.1,500,bid,AverageAlmonds,YieldingYams,7849049
2026-07-05T04:00:29.836357,2026-07-05T04:00:29.847786+00:00,137.1,200,bid,YieldingYams,WavyWalnuts,7849053
2026-07-05T04:00:29.854823,2026-07-05T04:00:29.859006+00:00,137.3,3,ask,YieldingYams,Xuanyu Liu,7849055
2026-07-05T04:00:31.872645,2026-07-05T04:00:31.876862+00:00,137.3,3,bid,Xuanyu Liu,YieldingYams,7849092
2026-07-05T04:00:32.484517,2026-07-05T04:00:32.488721+00:00,137.2,3,bid,Xuanyu Liu,YieldingYams,7849098
2026-07-05T04:00:33.841940,2026-07-05T04:00:33.863939+00:00,137.2,20,bid,BrilliantBurritos,YieldingYams,7849116
2026-07-05T04:00:34.502760,2026-07-05T04:00:34.510587+00:00,137.1,200,ask,AverageAlmonds,WavyWalnuts,7849132
2026-07-05T04:00:35.711390,2026-07-05T04:00:35.719040+00:00,137.2,200,bid,WavyWalnuts,YieldingYams,7849145
2026-07-05T04:00:35.914656,2026-07-05T04:00:35.927349+00:00,137.0,20,ask,YieldingYams,BrilliantBurritos,7849149
2026-07-05T04:00:38.142037,2026-07-05T04:00:38.151044+00:00,137.2,200,bid,WavyWalnuts,YieldingYams,7849172
2026-07-05T04:00:42.962310,2026-07-05T04:00:42.973408+00:00,137.1,200,ask,WavyWalnuts,YieldingYams,7849228
2026-07-05T04:00:44.606007,2026-07-05T04:00:44.610998+00:00,137.0,3,ask,WavyWalnuts,Xuanyu Liu,7849251
2026-07-05T04:00:48.202080,2026-07-05T04:00:48.212986+00:00,137.2,200,ask,WavyWalnuts,YieldingYams,7849289
2026-07-05T04:00:55.154714,2026-07-05T04:00:55.158576+00:00,137.1,200,bid,WavyWalnuts,YieldingYams,7849367
2026-07-05T04:00:57.370304,2026-07-05T04:00:57.380775+00:00,137.2,200,ask,WavyWalnuts,YieldingYams,7849391
2026-07-05T04:00:58.680245,2026-07-05T04:00:58.691499+00:00,137.1,200,ask,WavyWalnuts,YieldingYams,7849410
2026-07-05T04:01:01.720455,2026-07-05T04:01:01.729921+00:00,137.3,20,bid,BrilliantBurritos,WavyWalnuts,7849441
2026-07-05T04:01:02.568432,2026-07-05T04:01:02.580866+00:00,137.2,20,bid,BrilliantBurritos,WavyWalnuts,7849451
2026-07-05T04:01:06.572397,2026-07-05T04:01:06.581257+00:00,137.0,200,bid,YieldingYams,WavyWalnuts,7849502
2026-07-05T04:01:06.688359,2026-07-05T04:01:06.696806+00:00,137.2,20,bid,BrilliantBurritos,YieldingYams,7849503
2026-07-05T04:01:13.268365,2026-07-05T04:01:13.280753+00:00,136.9,20,ask,AverageAlmonds,BrilliantBurritos,7849575
2026-07-05T04:01:13.383681,2026-07-05T04:01:13.391812+00:00,136.9,200,ask,AverageAlmonds,WavyWalnuts,7849577
2026-07-05T04:01:15.065475,2026-07-05T04:01:15.072416+00:00,136.9,20,ask,YieldingYams,BrilliantBurritos,7849595
2026-07-05T04:01:16.278898,2026-07-05T04:01:16.283199+00:00,136.9,26,ask,YieldingYams,Xuanyu Liu,7849613
2026-07-05T04:01:17.631027,2026-07-05T04:01:17.664525+00:00,137.0,200,bid,AverageAlmonds,WavyWalnuts,7849622
2026-07-05T04:01:17.659707,2026-07-05T04:01:17.664525+00:00,137.0,11,ask,AverageAlmonds,Xuanyu Liu,7849624
2026-07-05T04:01:18.253188,2026-07-05T04:01:18.252080+00:00,137.0,200,ask,AverageAlmonds,WavyWalnuts,7849629
2026-07-05T04:01:18.968275,2026-07-05T04:01:18.978566+00:00,137.1,20,bid,BrilliantBurritos,YieldingYams,7849639
2026-07-05T04:01:21.722250,2026-07-05T04:01:21.734148+00:00,136.9,20,ask,WavyWalnuts,BrilliantBurritos,7849668
2026-07-05T04:01:23.606636,2026-07-05T04:01:23.613916+00:00,137.0,200,bid,YieldingYams,WavyWalnuts,7849699
2026-07-05T04:01:29.190368,2026-07-05T04:01:29.194587+00:00,136.7,12,ask,WavyWalnuts,Xuanyu Liu,7849761
2026-07-05T04:01:31.604895,2026-07-05T04:01:31.608841+00:00,136.8,11,ask,WavyWalnuts,Xuanyu Liu,7849795
2026-07-05T04:01:33.346671,2026-07-05T04:01:33.358575+00:00,136.8,20,ask,WavyWalnuts,BrilliantBurritos,7849825
2026-07-05T04:01:34.124519,2026-07-05T04:01:34.136005+00:00,136.9,200,ask,WavyWalnuts,YieldingYams,7849838
2026-07-05T04:01:35.302963,2026-07-05T04:01:35.311531+00:00,136.9,200,bid,WavyWalnuts,YieldingYams,7849856
2026-07-05T04:01:38.834957,2026-07-05T04:01:38.841962+00:00,136.9,500,ask,YieldingYams,AverageAlmonds,7849901
2026-07-05T04:01:39.381296,2026-07-05T04:01:39.385090+00:00,136.9,11,bid,Xuanyu Liu,YieldingYams,7849907
2026-07-05T04:01:40.696880,2026-07-05T04:01:40.702322+00:00,136.8,12,bid,Xuanyu Liu,YieldingYams,7849929
2026-07-05T04:01:41.353099,2026-07-05T04:01:41.364901+00:00,136.8,200,bid,WavyWalnuts,YieldingYams,7849938
2026-07-05T04:01:44.610533,2026-07-05T04:01:44.620607+00:00,136.8,200,ask,WavyWalnuts,YieldingYams,7849965
2026-07-05T04:01:44.979380,2026-07-05T04:01:44.988481+00:00,136.8,200,bid,WavyWalnuts,YieldingYams,7849973
2026-07-05T04:01:45.933585,2026-07-05T04:01:45.937359+00:00,136.8,12,ask,YieldingYams,Xuanyu Liu,7849985
2026-07-05T04:01:46.191218,2026-07-05T04:01:46.198422+00:00,136.9,200,bid,WavyWalnuts,AverageAlmonds,7849992
2026-07-05T04:01:49.138350,2026-07-05T04:01:49.146408+00:00,136.8,500,ask,YieldingYams,AverageAlmonds,7850029
2026-07-05T04:01:49.579108,2026-07-05T04:01:49.591337+00:00,136.8,20,ask,YieldingYams,BrilliantBurritos,7850034
2026-07-05T04:01:49.820848,2026-07-05T04:01:49.840267+00:00,136.8,105,ask,YieldingYams,WavyWalnuts,7850039
2026-07-05T04:01:49.836217,2026-07-05T04:01:49.840267+00:00,136.7,12,bid,Xuanyu Liu,WavyWalnuts,7850041
2026-07-05T04:01:51.181203,2026-07-05T04:01:51.185418+00:00,136.7,12,ask,YieldingYams,Xuanyu Liu,7850058
2026-07-05T04:01:52.537830,2026-07-05T04:01:52.546473+00:00,136.8,20,bid,BrilliantBurritos,WavyWalnuts,7850077
2026-07-05T04:01:54.679197,2026-07-05T04:01:54.688459+00:00,136.8,200,bid,WavyWalnuts,AverageAlmonds,7850113
2026-07-05T04:01:55.094110,2026-07-05T04:01:55.101001+00:00,136.8,300,bid,YieldingYams,AverageAlmonds,7850119
2026-07-05T04:01:55.112386,2026-07-05T04:01:55.116929+00:00,136.8,11,ask,YieldingYams,Xuanyu Liu,7850121
2026-07-05T04:01:55.179303,2026-07-05T04:01:55.190806+00:00,136.8,314,ask,YieldingYams,AverageAlmonds,7850123
2026-07-05T04:01:57.476402,2026-07-05T04:01:57.488681+00:00,136.8,20,bid,BrilliantBurritos,AverageAlmonds,7850158
2026-07-05T04:01:57.594309,2026-07-05T04:01:57.604245+00:00,136.7,500,ask,YieldingYams,AverageAlmonds,7850161
2026-07-05T04:01:57.715233,2026-07-05T04:01:57.734392+00:00,136.6,200,ask,WavyWalnuts,YieldingYams,7850163
2026-07-05T04:01:57.730562,2026-07-05T04:01:57.734392+00:00,136.5,11,bid,Xuanyu Liu,YieldingYams,7850165
2026-07-05T04:01:58.309718,2026-07-05T04:01:58.320035+00:00,136.5,200,bid,WavyWalnuts,YieldingYams,7850179
2026-07-05T04:02:00.742385,2026-07-05T04:02:00.758559+00:00,136.7,200,bid,WavyWalnuts,YieldingYams,7850211
2026-07-05T04:02:04.299537,2026-07-05T04:02:04.310520+00:00,136.6,200,bid,YieldingYams,WavyWalnuts,7850277
2026-07-05T04:02:05.468335,2026-07-05T04:02:05.492288+00:00,136.6,425,ask,YieldingYams,AverageAlmonds,7850288
2026-07-05T04:02:05.487675,2026-07-05T04:02:05.492288+00:00,136.6,12,bid,Xuanyu Liu,AverageAlmonds,7850290
2026-07-05T04:02:06.797699,2026-07-05T04:02:06.808830+00:00,136.4,200,ask,YieldingYams,WavyWalnuts,7850311
2026-07-05T04:02:06.943687,2026-07-05T04:02:06.948390+00:00,136.5,11,bid,Xuanyu Liu,YieldingYams,7850315
2026-07-05T04:02:08.235918,2026-07-05T04:02:08.246572+00:00,136.5,200,bid,YieldingYams,WavyWalnuts,7850335
2026-07-05T04:02:08.235918,2026-07-05T04:02:08.246572+00:00,136.6,425,bid,YieldingYams,AverageAlmonds,7850336
2026-07-05T04:02:10.858212,2026-07-05T04:02:10.869614+00:00,136.4,200,ask,WavyWalnuts,YieldingYams,7850375
2026-07-05T04:02:12.030166,2026-07-05T04:02:12.037602+00:00,136.2,20,ask,YieldingYams,BrilliantBurritos,7850391
2026-07-05T04:02:12.166764,2026-07-05T04:02:12.174270+00:00,136.3,500,bid,YieldingYams,AverageAlmonds,7850393
2026-07-05T04:02:12.711540,2026-07-05T04:02:12.719730+00:00,136.4,125,ask,YieldingYams,AverageAlmonds,7850403
2026-07-05T04:02:12.711540,2026-07-05T04:02:12.724964+00:00,136.2,200,ask,WavyWalnuts,AverageAlmonds,7850404
2026-07-05T04:02:12.835262,2026-07-05T04:02:12.844713+00:00,136.2,175,bid,WavyWalnuts,AverageAlmonds,7850407
2026-07-05T04:02:13.340292,2026-07-05T04:02:13.367079+00:00,136.3,25,ask,WavyWalnuts,AverageAlmonds,7850408
2026-07-05T04:02:13.362900,2026-07-05T04:02:13.367079+00:00,136.2,12,bid,Xuanyu Liu,AverageAlmonds,7850410
2026-07-05T04:02:13.716439,2026-07-05T04:02:13.728375+00:00,136.2,20,bid,BrilliantBurritos,AverageAlmonds,7850414
2026-07-05T04:02:14.043405,2026-07-05T04:02:14.058574+00:00,136.2,200,bid,WavyWalnuts,AverageAlmonds,7850419
2026-07-05T04:02:15.251627,2026-07-05T04:02:15.257505+00:00,136.3,200,bid,WavyWalnuts,YieldingYams,7850436
2026-07-05T04:02:16.102980,2026-07-05T04:02:16.110592+00:00,136.3,500,bid,YieldingYams,AverageAlmonds,7850454
2026-07-05T04:02:16.460357,2026-07-05T04:02:16.469924+00:00,136.4,200,bid,WavyWalnuts,AverageAlmonds,7850462
2026-07-05T04:02:16.964945,2026-07-05T04:02:16.976279+00:00,136.3,125,ask,YieldingYams,AverageAlmonds,7850468
2026-07-05T04:02:17.668411,2026-07-05T04:02:17.676271+00:00,136.3,200,bid,WavyWalnuts,YieldingYams,7850481
2026-07-05T04:02:19.616058,2026-07-05T04:02:19.620335+00:00,136.3,23,ask,WavyWalnuts,Xuanyu Liu,7850509
2026-07-05T04:02:20.004338,2026-07-05T04:02:20.011345+00:00,136.3,177,ask,WavyWalnuts,AverageAlmonds,7850515
2026-07-05T04:02:20.088631,2026-07-05T04:02:20.096052+00:00,136.3,200,bid,WavyWalnuts,AverageAlmonds,7850519
2026-07-05T04:02:23.123538,2026-07-05T04:02:23.135585+00:00,136.3,20,bid,BrilliantBurritos,YieldingYams,7850558
2026-07-05T04:02:23.626905,2026-07-05T04:02:23.638330+00:00,136.2,200,ask,WavyWalnuts,AverageAlmonds,7850568
2026-07-05T04:02:25.332055,2026-07-05T04:02:25.339685+00:00,136.2,200,bid,YieldingYams,WavyWalnuts,7850590
2026-07-05T04:02:25.942380,2026-07-05T04:02:25.947797+00:00,136.2,12,ask,YieldingYams,Xuanyu Liu,7850596
2026-07-05T04:02:30.618551,2026-07-05T04:02:30.629909+00:00,136.2,500,bid,YieldingYams,AverageAlmonds,7850650
2026-07-05T04:02:30.872790,2026-07-05T04:02:30.881314+00:00,136.2,125,ask,YieldingYams,AverageAlmonds,7850652
2026-07-05T04:02:32.202582,2026-07-05T04:02:32.211875+00:00,136.1,200,bid,WavyWalnuts,YieldingYams,7850667
2026-07-05T04:02:33.413189,2026-07-05T04:02:33.421303+00:00,136.1,200,ask,YieldingYams,WavyWalnuts,7850679
2026-07-05T04:02:36.239417,2026-07-05T04:02:36.246856+00:00,136.2,20,bid,BrilliantBurritos,AverageAlmonds,7850714
2026-07-05T04:02:37.169324,2026-07-05T04:02:37.178105+00:00,136.1,500,bid,YieldingYams,AverageAlmonds,7850721
2026-07-05T04:02:37.553096,2026-07-05T04:02:37.558622+00:00,136.1,125,ask,YieldingYams,AverageAlmonds,7850723
2026-07-05T04:02:38.500103,2026-07-05T04:02:38.504383+00:00,136.0,12,bid,Xuanyu Liu,YieldingYams,7850738
2026-07-05T04:02:39.969363,2026-07-05T04:02:39.979449+00:00,135.9,500,ask,YieldingYams,AverageAlmonds,7850755
2026-07-05T04:02:40.566667,2026-07-05T04:02:40.575395+00:00,135.9,125,ask,YieldingYams,AverageAlmonds,7850760
2026-07-05T04:02:41.099201,2026-07-05T04:02:41.122442+00:00,135.7,200,ask,WavyWalnuts,YieldingYams,7850773
2026-07-05T04:02:41.117802,2026-07-05T04:02:41.122442+00:00,135.7,23,bid,Xuanyu Liu,YieldingYams,7850775
2026-07-05T04:02:41.898823,2026-07-05T04:02:41.909026+00:00,135.7,200,bid,WavyWalnuts,YieldingYams,7850787
2026-07-05T04:02:42.408405,2026-07-05T04:02:42.416199+00:00,135.9,500,bid,YieldingYams,AverageAlmonds,7850794
2026-07-05T04:02:42.427305,2026-07-05T04:02:42.431405+00:00,135.9,35,ask,YieldingYams,Xuanyu Liu,7850796
2026-07-05T04:02:42.975898,2026-07-05T04:02:42.987056+00:00,135.9,90,ask,YieldingYams,AverageAlmonds,7850804
2026-07-05T04:02:43.716832,2026-07-05T04:02:43.727371+00:00,135.8,500,bid,YieldingYams,AverageAlmonds,7850812
2026-07-05T04:02:44.203928,2026-07-05T04:02:44.213390+00:00,135.8,125,ask,YieldingYams,AverageAlmonds,7850824
2026-07-05T04:02:44.966181,2026-07-05T04:02:44.971407+00:00,135.8,23,bid,Xuanyu Liu,WavyWalnuts,7850838
2026-07-05T04:02:45.047840,2026-07-05T04:02:45.052465+00:00,135.7,12,bid,Xuanyu Liu,YieldingYams,7850840
2026-07-05T04:02:47.685711,2026-07-05T04:02:47.697394+00:00,135.4,20,ask,WavyWalnuts,BrilliantBurritos,7850870
2026-07-05T04:02:49.169415,2026-07-05T04:02:49.179521+00:00,135.6,200,bid,WavyWalnuts,YieldingYams,7850891
2026-07-05T04:02:50.380410,2026-07-05T04:02:50.390311+00:00,135.5,200,bid,WavyWalnuts,YieldingYams,7850910
2026-07-05T04:02:51.595062,2026-07-05T04:02:51.605993+00:00,135.5,200,bid,WavyWalnuts,YieldingYams,7850936
2026-07-05T04:02:52.202772,2026-07-05T04:02:52.212744+00:00,135.3,20,ask,YieldingYams,BrilliantBurritos,7850944
2026-07-05T04:02:52.802939,2026-07-05T04:02:52.810968+00:00,135.5,200,bid,WavyWalnuts,YieldingYams,7850956
2026-07-05T04:02:53.884849,2026-07-05T04:02:53.895259+00:00,135.7,20,bid,BrilliantBurritos,YieldingYams,7850965
2026-07-05T04:02:54.502104,2026-07-05T04:02:54.506869+00:00,135.7,23,ask,YieldingYams,Xuanyu Liu,7850973
2026-07-05T04:02:57.642397,2026-07-05T04:02:57.654111+00:00,135.6,200,ask,YieldingYams,WavyWalnuts,7851007
2026-07-05T04:02:57.666779,2026-07-05T04:02:57.671432+00:00,135.6,12,ask,YieldingYams,Xuanyu Liu,7851009
2026-07-05T04:02:58.973159,2026-07-05T04:02:58.985119+00:00,135.4,25,ask,YieldingYams,Harold Schneider,7851026
2026-07-05T04:03:00.769219,2026-07-05T04:03:00.780304+00:00,135.3,200,ask,WavyWalnuts,YieldingYams,7851042
2026-07-05T04:03:01.272680,2026-07-05T04:03:01.280257+00:00,135.3,200,bid,WavyWalnuts,YieldingYams,7851051
2026-07-05T04:03:04.911976,2026-07-05T04:03:04.922759+00:00,135.2,200,ask,YieldingYams,WavyWalnuts,7851086
2026-07-05T04:03:08.630088,2026-07-05T04:03:08.650618+00:00,135.1,200,ask,WavyWalnuts,YieldingYams,7851127
2026-07-05T04:03:08.646512,2026-07-05T04:03:08.650618+00:00,135.1,12,bid,Xuanyu Liu,YieldingYams,7851129
2026-07-05T04:03:09.617190,2026-07-05T04:03:09.627077+00:00,135.1,413,bid,AverageAlmonds,YieldingYams,7851137
2026-07-05T04:03:09.940846,2026-07-05T04:03:09.952080+00:00,135.2,200,bid,YieldingYams,WavyWalnuts,7851147
2026-07-05T04:03:10.967099,2026-07-05T04:03:10.977042+00:00,135.3,200,ask,YieldingYams,WavyWalnuts,7851161
2026-07-05T04:03:12.565067,2026-07-05T04:03:12.575306+00:00,135.2,200,ask,WavyWalnuts,YieldingYams,7851189
2026-07-05T04:03:15.803191,2026-07-05T04:03:15.812766+00:00,135.3,200,ask,YieldingYams,WavyWalnuts,7851238
2026-07-05T04:03:17.027194,2026-07-05T04:03:17.031623+00:00,135.3,11,bid,Xuanyu Liu,WavyWalnuts,7851247
2026-07-05T04:03:17.814818,2026-07-05T04:03:17.822248+00:00,135.3,189,bid,YieldingYams,WavyWalnuts,7851260
2026-07-05T04:03:17.820913,2026-07-05T04:03:17.832445+00:00,135.6,20,bid,BrilliantBurritos,YieldingYams,7851261
2026-07-05T04:03:21.179504,2026-07-05T04:03:21.191280+00:00,135.4,20,bid,BrilliantBurritos,YieldingYams,7851313
2026-07-05T04:03:21.765647,2026-07-05T04:03:21.769855+00:00,135.3,12,bid,Xuanyu Liu,YieldingYams,7851324
2026-07-05T04:03:23.826872,2026-07-05T04:03:23.838988+00:00,135.1,20,ask,YieldingYams,BrilliantBurritos,7851356
2026-07-05T04:03:25.272383,2026-07-05T04:03:25.284735+00:00,135.1,20,ask,WavyWalnuts,BrilliantBurritos,7851388
2026-07-05T04:03:25.503776,2026-07-05T04:03:25.513051+00:00,135.3,200,bid,WavyWalnuts,YieldingYams,7851393
2026-07-05T04:03:29.119835,2026-07-05T04:03:29.137015+00:00,135.5,20,bid,BrilliantBurritos,WavyWalnuts,7851440
2026-07-05T04:03:29.141712,2026-07-05T04:03:29.158556+00:00,135.4,200,ask,YieldingYams,WavyWalnuts,7851441
2026-07-05T04:03:32.259558,2026-07-05T04:03:32.263399+00:00,135.2,11,bid,Xuanyu Liu,YieldingYams,7851488
2026-07-05T04:03:32.777844,2026-07-05T04:03:32.786303+00:00,135.2,200,bid,WavyWalnuts,YieldingYams,7851502
2026-07-05T04:03:33.153315,2026-07-05T04:03:33.165070+00:00,135.1,20,ask,AverageAlmonds,BrilliantBurritos,7851504
2026-07-05T04:03:33.987780,2026-07-05T04:03:33.997483+00:00,135.1,200,ask,YieldingYams,WavyWalnuts,7851514
2026-07-05T04:03:35.195821,2026-07-05T04:03:35.204024+00:00,135.1,200,ask,YieldingYams,WavyWalnuts,7851534
2026-07-05T04:03:36.251616,2026-07-05T04:03:36.256802+00:00,135.1,500,bid,AverageAlmonds,YieldingYams,7851538
2026-07-05T04:03:38.840046,2026-07-05T04:03:38.851412+00:00,135.2,200,ask,YieldingYams,WavyWalnuts,7851569
2026-07-05T04:03:40.050573,2026-07-05T04:03:40.058552+00:00,135.2,200,ask,YieldingYams,WavyWalnuts,7851582
2026-07-05T04:03:41.262371,2026-07-05T04:03:41.274126+00:00,135.1,200,ask,AverageAlmonds,WavyWalnuts,7851597
2026-07-05T04:03:42.730956,2026-07-05T04:03:42.742715+00:00,135.2,20,ask,AverageAlmonds,BrilliantBurritos,7851605
2026-07-05T04:03:45.138244,2026-07-05T04:03:45.143160+00:00,135.2,3,bid,Xuanyu Liu,WavyWalnuts,7851630
2026-07-05T04:03:45.261645,2026-07-05T04:03:45.274060+00:00,135.2,20,bid,BrilliantBurritos,WavyWalnuts,7851631
2026-07-05T04:03:45.352388,2026-07-05T04:03:45.358606+00:00,135.2,177,bid,AverageAlmonds,WavyWalnuts,7851632
2026-07-05T04:03:45.392076,2026-07-05T04:03:45.400065+00:00,135.2,323,ask,AverageAlmonds,YieldingYams,7851634
2026-07-05T04:03:45.940708,2026-07-05T04:03:45.949840+00:00,135.2,302,bid,AverageAlmonds,YieldingYams,7851645
2026-07-05T04:03:46.098831,2026-07-05T04:03:46.109403+00:00,135.2,198,ask,AverageAlmonds,WavyWalnuts,7851650
2026-07-05T04:03:46.700517,2026-07-05T04:03:46.709829+00:00,135.2,2,bid,YieldingYams,WavyWalnuts,7851658
2026-07-05T04:03:46.716342,2026-07-05T04:03:46.720508+00:00,135.3,3,ask,YieldingYams,Xuanyu Liu,7851660
2026-07-05T04:03:47.306577,2026-07-05T04:03:47.315249+00:00,135.3,200,ask,YieldingYams,WavyWalnuts,7851669
2026-07-05T04:03:48.902250,2026-07-05T04:03:48.910393+00:00,135.2,20,ask,AverageAlmonds,BrilliantBurritos,7851688
2026-07-05T04:03:49.563248,2026-07-05T04:03:49.576781+00:00,135.3,200,bid,AverageAlmonds,WavyWalnuts,7851697
2026-07-05T04:03:49.563248,2026-07-05T04:03:49.576781+00:00,135.3,300,bid,AverageAlmonds,YieldingYams,7851698
2026-07-05T04:03:50.932537,2026-07-05T04:03:50.941773+00:00,135.3,200,ask,YieldingYams,WavyWalnuts,7851712
2026-07-05T04:03:51.293208,2026-07-05T04:03:51.305734+00:00,135.3,20,ask,YieldingYams,BrilliantBurritos,7851720
2026-07-05T04:03:52.007810,2026-07-05T04:03:52.016816+00:00,135.4,500,bid,AverageAlmonds,YieldingYams,7851733
2026-07-05T04:03:52.142260,2026-07-05T04:03:52.152514+00:00,135.2,200,ask,YieldingYams,WavyWalnuts,7851734
2026-07-05T04:03:52.598907,2026-07-05T04:03:52.609711+00:00,135.4,125,bid,AverageAlmonds,YieldingYams,7851739
2026-07-05T04:03:53.271601,2026-07-05T04:03:53.276188+00:00,135.5,11,ask,YieldingYams,Xuanyu Liu,7851752
2026-07-05T04:03:53.351061,2026-07-05T04:03:53.361304+00:00,135.5,200,ask,YieldingYams,WavyWalnuts,7851755
2026-07-05T04:03:53.701648,2026-07-05T04:03:53.711107+00:00,135.7,20,bid,BrilliantBurritos,YieldingYams,7851760
2026-07-05T04:03:54.560538,2026-07-05T04:03:54.569043+00:00,135.4,200,ask,AverageAlmonds,WavyWalnuts,7851772
2026-07-05T04:03:55.777210,2026-07-05T04:03:55.784298+00:00,135.5,200,ask,AverageAlmonds,WavyWalnuts,7851789
2026-07-05T04:03:56.986016,2026-07-05T04:03:56.995968+00:00,135.6,200,ask,AverageAlmonds,WavyWalnuts,7851806
2026-07-05T04:03:58.196452,2026-07-05T04:03:58.203900+00:00,135.6,200,ask,YieldingYams,WavyWalnuts,7851815
2026-07-05T04:03:58.486258,2026-07-05T04:03:58.497521+00:00,135.6,500,ask,AverageAlmonds,YieldingYams,7851817
2026-07-05T04:03:58.503437,2026-07-05T04:03:58.507181+00:00,135.6,14,bid,Xuanyu Liu,YieldingYams,7851819
2026-07-05T04:03:58.645602,2026-07-05T04:03:58.658628+00:00,135.6,111,bid,AverageAlmonds,YieldingYams,7851820
2026-07-05T04:03:58.705931,2026-07-05T04:03:58.717809+00:00,135.7,20,ask,AverageAlmonds,BrilliantBurritos,7851822
2026-07-05T04:03:59.405689,2026-07-05T04:03:59.414333+00:00,135.8,200,ask,AverageAlmonds,WavyWalnuts,7851835
2026-07-05T04:04:00.614180,2026-07-05T04:04:00.621825+00:00,135.8,200,ask,AverageAlmonds,WavyWalnuts,7851867
2026-07-05T04:04:01.039722,2026-07-05T04:04:01.044069+00:00,135.8,3,ask,AverageAlmonds,Xuanyu Liu,7851873
2026-07-05T04:04:01.064653,2026-07-05T04:04:01.075201+00:00,135.9,500,bid,AverageAlmonds,YieldingYams,7851874
2026-07-05T04:04:01.687658,2026-07-05T04:04:01.691735+00:00,135.9,11,ask,AverageAlmonds,Xuanyu Liu,7851881
2026-07-05T04:04:01.822351,2026-07-05T04:04:01.833013+00:00,135.9,200,ask,AverageAlmonds,WavyWalnuts,7851885
2026-07-05T04:04:03.030566,2026-07-05T04:04:03.041400+00:00,135.9,200,ask,AverageAlmonds,WavyWalnuts,7851898
2026-07-05T04:04:04.241175,2026-07-05T04:04:04.248341+00:00,135.9,200,ask,YieldingYams,WavyWalnuts,7851914
2026-07-05T04:04:05.311148,2026-07-05T04:04:05.318639+00:00,136.0,500,bid,AverageAlmonds,YieldingYams,7851937
2026-07-05T04:04:05.453260,2026-07-05T04:04:05.464011+00:00,135.8,200,ask,YieldingYams,WavyWalnuts,7851941
2026-07-05T04:04:05.759932,2026-07-05T04:04:05.771963+00:00,136.0,20,bid,BrilliantBurritos,YieldingYams,7851943
2026-07-05T04:04:06.662775,2026-07-05T04:04:06.674460+00:00,136.0,200,ask,YieldingYams,WavyWalnuts,7851953
2026-07-05T04:04:07.364939,2026-07-05T04:04:07.369014+00:00,136.2,11,bid,Xuanyu Liu,YieldingYams,7851965
2026-07-05T04:04:07.660546,2026-07-05T04:04:07.669774+00:00,136.0,500,ask,AverageAlmonds,YieldingYams,7851969
2026-07-05T04:04:07.676129,2026-07-05T04:04:07.680526+00:00,136.0,3,bid,Xuanyu Liu,YieldingYams,7851971
2026-07-05T04:04:07.713106,2026-07-05T04:04:07.720265+00:00,136.0,122,bid,AverageAlmonds,YieldingYams,7851972
2026-07-05T04:04:07.870636,2026-07-05T04:04:07.879167+00:00,136.1,200,ask,AverageAlmonds,WavyWalnuts,7851975
2026-07-05T04:04:09.080154,2026-07-05T04:04:09.090932+00:00,136.2,200,ask,YieldingYams,WavyWalnuts,7851992
2026-07-05T04:04:10.297589,2026-07-05T04:04:10.308712+00:00,136.0,200,ask,AverageAlmonds,WavyWalnuts,7852018
2026-07-05T04:04:11.513337,2026-07-05T04:04:11.525376+00:00,136.2,200,ask,YieldingYams,WavyWalnuts,7852038
2026-07-05T04:04:12.728000,2026-07-05T04:04:12.738708+00:00,136.1,200,ask,YieldingYams,WavyWalnuts,7852059
2026-07-05T04:04:13.939974,2026-07-05T04:04:13.958730+00:00,135.9,200,ask,YieldingYams,WavyWalnuts,7852074
2026-07-05T04:04:15.155087,2026-07-05T04:04:15.164132+00:00,135.9,200,ask,AverageAlmonds,WavyWalnuts,7852093
2026-07-05T04:04:16.365031,2026-07-05T04:04:16.374210+00:00,136.0,200,ask,AverageAlmonds,WavyWalnuts,7852110
2026-07-05T04:04:16.805549,2026-07-05T04:04:16.813700+00:00,136.1,500,bid,AverageAlmonds,YieldingYams,7852115
2026-07-05T04:04:17.575356,2026-07-05T04:04:17.585232+00:00,136.2,200,ask,YieldingYams,WavyWalnuts,7852122
2026-07-05T04:04:18.794084,2026-07-05T04:04:18.802899+00:00,136.1,200,ask,YieldingYams,WavyWalnuts,7852136
2026-07-05T04:04:19.477578,2026-07-05T04:04:19.486797+00:00,136.1,500,ask,AverageAlmonds,YieldingYams,7852154
2026-07-05T04:04:19.810815,2026-07-05T04:04:19.819158+00:00,136.1,125,bid,AverageAlmonds,YieldingYams,7852156
2026-07-05T04:04:20.002617,2026-07-05T04:04:20.012410+00:00,136.1,200,ask,AverageAlmonds,WavyWalnuts,7852161
2026-07-05T04:04:20.805254,2026-07-05T04:04:20.809442+00:00,136.2,26,bid,Xuanyu Liu,YieldingYams,7852169
2026-07-05T04:04:21.049653,2026-07-05T04:04:21.058615+00:00,136.2,500,bid,AverageAlmonds,YieldingYams,7852172
2026-07-05T04:04:21.211308,2026-07-05T04:04:21.221812+00:00,136.0,200,ask,YieldingYams,WavyWalnuts,7852175
2026-07-05T04:04:22.422644,2026-07-05T04:04:22.433355+00:00,136.1,200,ask,YieldingYams,WavyWalnuts,7852191
2026-07-05T04:04:23.424129,2026-07-05T04:04:23.428679+00:00,136.1,11,bid,Xuanyu Liu,YieldingYams,7852198
2026-07-05T04:04:23.814374,2026-07-05T04:04:23.818920+00:00,136.0,11,ask,AverageAlmonds,Xuanyu Liu,7852206
2026-07-05T04:04:26.065792,2026-07-05T04:04:26.078748+00:00,136.1,200,ask,YieldingYams,WavyWalnuts,7852227
2026-07-05T04:04:26.073920,2026-07-05T04:04:26.078748+00:00,136.1,12,ask,YieldingYams,Xuanyu Liu,7852228
2026-07-05T04:04:27.272273,2026-07-05T04:04:27.279197+00:00,136.3,200,bid,WavyWalnuts,YieldingYams,7852238
2026-07-05T04:04:27.948208,2026-07-05T04:04:27.955055+00:00,136.2,20,bid,BrilliantBurritos,YieldingYams,7852250
2026-07-05T04:04:29.698791,2026-07-05T04:04:29.707518+00:00,136.2,200,bid,WavyWalnuts,YieldingYams,7852279
2026-07-05T04:04:36.525792,2026-07-05T04:04:36.534771+00:00,136.2,200,ask,WavyWalnuts,YieldingYams,7852367
2026-07-05T04:04:39.030435,2026-07-05T04:04:39.034303+00:00,136.0,14,ask,YieldingYams,Xuanyu Liu,7852411
2026-07-05T04:04:40.603097,2026-07-05T04:04:40.613371+00:00,136.1,200,bid,WavyWalnuts,YieldingYams,7852434
2026-07-05T04:04:43.080074,2026-07-05T04:04:43.088800+00:00,136.1,500,ask,AverageAlmonds,YieldingYams,7852470
2026-07-05T04:04:43.080074,2026-07-05T04:04:43.088800+00:00,136.1,125,ask,WavyWalnuts,YieldingYams,7852471
2026-07-05T04:04:44.668960,2026-07-05T04:04:44.671187+00:00,136.2,200,bid,AverageAlmonds,WavyWalnuts,7852492
2026-07-05T04:04:44.668960,2026-07-05T04:04:44.677569+00:00,136.2,300,bid,AverageAlmonds,YieldingYams,7852493
2026-07-05T04:04:45.262514,2026-07-05T04:04:45.269131+00:00,136.2,325,bid,AverageAlmonds,YieldingYams,7852501
2026-07-05T04:04:45.364928,2026-07-05T04:04:45.369474+00:00,136.2,3,ask,AverageAlmonds,Xuanyu Liu,7852504
2026-07-05T04:04:45.449000,2026-07-05T04:04:45.458461+00:00,136.2,172,ask,AverageAlmonds,WavyWalnuts,7852508
2026-07-05T04:04:45.696620,2026-07-05T04:04:45.705174+00:00,136.2,28,bid,YieldingYams,WavyWalnuts,7852511
2026-07-05T04:04:45.717143,2026-07-05T04:04:45.722334+00:00,136.3,11,ask,YieldingYams,Xuanyu Liu,7852514
2026-07-05T04:04:46.795995,2026-07-05T04:04:46.808343+00:00,136.3,25,ask,YieldingYams,Harold Schneider,7852533
2026-07-05T04:04:48.679038,2026-07-05T04:04:48.689625+00:00,136.1,20,ask,WavyWalnuts,BrilliantBurritos,7852560
2026-07-05T04:04:49.085031,2026-07-05T04:04:49.095330+00:00,136.1,200,ask,YieldingYams,WavyWalnuts,7852570
2026-07-05T04:04:50.295574,2026-07-05T04:04:50.306752+00:00,136.2,200,ask,YieldingYams,WavyWalnuts,7852585
2026-07-05T04:04:51.815440,2026-07-05T04:04:51.827387+00:00,136.2,25,ask,WavyWalnuts,Harold Schneider,7852608
2026-07-05T04:04:51.828203,2026-07-05T04:04:51.837850+00:00,136.4,2,bid,Harold Schneider,YieldingYams,7852610
2026-07-05T04:04:52.246710,2026-07-05T04:04:52.257350+00:00,136.2,175,ask,WavyWalnuts,YieldingYams,7852612
2026-07-05T04:04:52.264572,2026-07-05T04:04:52.268603+00:00,136.2,11,bid,Xuanyu Liu,YieldingYams,7852614
2026-07-05T04:04:55.978407,2026-07-05T04:04:55.990221+00:00,136.2,20,ask,AverageAlmonds,BrilliantBurritos,7852660
2026-07-05T04:04:57.549459,2026-07-05T04:04:57.559021+00:00,136.3,20,bid,BrilliantBurritos,YieldingYams,7852683
2026-07-05T04:05:00.393174,2026-07-05T04:05:00.400374+00:00,136.3,200,bid,AverageAlmonds,WavyWalnuts,7852726
2026-07-05T04:05:01.011436,2026-07-05T04:05:01.019538+00:00,136.4,500,bid,AverageAlmonds,YieldingYams,7852736
2026-07-05T04:05:01.117364,2026-07-05T04:05:01.121561+00:00,136.4,3,bid,Xuanyu Liu,YieldingYams,7852743
2026-07-05T04:05:04.291732,2026-07-05T04:05:04.295909+00:00,136.5,14,bid,Xuanyu Liu,YieldingYams,7852798
2026-07-05T04:05:04.582882,2026-07-05T04:05:04.592420+00:00,136.4,20,ask,WavyWalnuts,BrilliantBurritos,7852805
2026-07-05T04:05:07.231345,2026-07-05T04:05:07.243255+00:00,136.5,200,bid,WavyWalnuts,YieldingYams,7852837
2026-07-05T04:05:08.013250,2026-07-05T04:05:08.018001+00:00,136.5,11,ask,YieldingYams,Xuanyu Liu,7852845
2026-07-05T04:05:11.925031,2026-07-05T04:05:11.949660+00:00,136.8,200,bid,YieldingYams,WavyWalnuts,7852885
2026-07-05T04:05:11.944023,2026-07-05T04:05:11.949660+00:00,136.9,3,ask,YieldingYams,Xuanyu Liu,7852887
2026-07-05T04:05:12.090549,2026-07-05T04:05:12.101187+00:00,136.9,200,ask,YieldingYams,WavyWalnuts,7852891
2026-07-05T04:05:12.505232,2026-07-05T04:05:12.516301+00:00,136.9,222,ask,YieldingYams,AverageAlmonds,7852901
2026-07-05T04:05:15.861831,2026-07-05T04:05:15.869146+00:00,136.9,500,bid,YieldingYams,AverageAlmonds,7852931
2026-07-05T04:05:16.756078,2026-07-05T04:05:16.758617+00:00,136.9,125,ask,YieldingYams,AverageAlmonds,7852943
2026-07-05T04:05:17.038530,2026-07-05T04:05:17.043361+00:00,136.9,14,bid,Xuanyu Liu,AverageAlmonds,7852955
2026-07-05T04:05:17.191329,2026-07-05T04:05:17.196027+00:00,136.7,23,bid,Xuanyu Liu,YieldingYams,7852959
2026-07-05T04:05:18.160778,2026-07-05T04:05:18.170592+00:00,136.7,200,bid,WavyWalnuts,YieldingYams,7852971
2026-07-05T04:05:19.792500,2026-07-05T04:05:19.804221+00:00,136.5,200,ask,WavyWalnuts,YieldingYams,7853004
2026-07-05T04:05:20.201839,2026-07-05T04:05:20.206298+00:00,136.2,23,ask,YieldingYams,Xuanyu Liu,7853007
2026-07-05T04:05:20.598600,2026-07-05T04:05:20.602611+00:00,136.3,11,ask,WavyWalnuts,Xuanyu Liu,7853018
2026-07-05T04:05:27.661006,2026-07-05T04:05:27.669054+00:00,136.4,200,ask,WavyWalnuts,YieldingYams,7853082
2026-07-05T04:05:27.877520,2026-07-05T04:05:27.882041+00:00,136.3,11,bid,Xuanyu Liu,WavyWalnuts,7853086
2026-07-05T04:05:29.722465,2026-07-05T04:05:29.727128+00:00,136.2,14,ask,YieldingYams,Xuanyu Liu,7853104
2026-07-05T04:05:30.512655,2026-07-05T04:05:30.520021+00:00,136.3,20,ask,WavyWalnuts,BrilliantBurritos,7853111
2026-07-05T04:05:31.606089,2026-07-05T04:05:31.616533+00:00,136.2,200,ask,WavyWalnuts,YieldingYams,7853131
2026-07-05T04:05:37.894850,2026-07-05T04:05:37.913694+00:00,136.2,20,ask,YieldingYams,BrilliantBurritos,7853216
2026-07-05T04:05:38.158845,2026-07-05T04:05:38.166196+00:00,136.3,200,bid,YieldingYams,WavyWalnuts,7853220
2026-07-05T04:05:41.226008,2026-07-05T04:05:41.230294+00:00,136.4,3,bid,Xuanyu Liu,WavyWalnuts,7853253
2026-07-05T04:05:41.823201,2026-07-05T04:05:41.833388+00:00,136.3,20,ask,YieldingYams,BrilliantBurritos,7853261
2026-07-05T04:05:42.090325,2026-07-05T04:05:42.102150+00:00,136.4,197,bid,YieldingYams,WavyWalnuts,7853264
2026-07-05T04:05:42.426396,2026-07-05T04:05:42.435991+00:00,136.5,200,ask,YieldingYams,WavyWalnuts,7853271
2026-07-05T04:05:43.428287,2026-07-05T04:05:43.440209+00:00,136.4,20,ask,YieldingYams,BrilliantBurritos,7853284
2026-07-05T04:05:45.514078,2026-07-05T04:05:45.518365+00:00,136.5,34,bid,Xuanyu Liu,WavyWalnuts,7853311
2026-07-05T04:05:46.023127,2026-07-05T04:05:46.032562+00:00,136.5,166,bid,YieldingYams,WavyWalnuts,7853322
2026-07-05T04:05:46.050873,2026-07-05T04:05:46.058575+00:00,136.5,200,ask,YieldingYams,WavyWalnuts,7853324
2026-07-05T04:05:47.166466,2026-07-05T04:05:47.178720+00:00,136.7,20,bid,BrilliantBurritos,YieldingYams,7853340
2026-07-05T04:05:47.259320,2026-07-05T04:05:47.268887+00:00,136.5,200,ask,YieldingYams,WavyWalnuts,7853342
2026-07-05T04:05:48.466749,2026-07-05T04:05:48.474271+00:00,136.3,200,bid,WavyWalnuts,YieldingYams,7853359
2026-07-05T04:05:48.742836,2026-07-05T04:05:48.747878+00:00,136.2,11,ask,YieldingYams,Xuanyu Liu,7853362
2026-07-05T04:05:53.313295,2026-07-05T04:05:53.321402+00:00,136.3,200,ask,YieldingYams,WavyWalnuts,7853426
2026-07-05T04:05:55.105060,2026-07-05T04:05:55.110212+00:00,136.3,26,ask,YieldingYams,Xuanyu Liu,7853450
2026-07-05T04:05:55.225434,2026-07-05T04:05:55.232219+00:00,136.4,200,bid,YieldingYams,WavyWalnuts,7853452
2026-07-05T04:05:55.703332,2026-07-05T04:05:55.707115+00:00,136.5,3,bid,Xuanyu Liu,AverageAlmonds,7853459
2026-07-05T04:05:55.743133,2026-07-05T04:05:55.753792+00:00,136.4,200,ask,YieldingYams,WavyWalnuts,7853464
2026-07-05T04:05:58.169897,2026-07-05T04:05:58.179279+00:00,136.4,200,ask,YieldingYams,WavyWalnuts,7853500
2026-07-05T04:05:59.115963,2026-07-05T04:05:59.133726+00:00,136.4,425,ask,YieldingYams,AverageAlmonds,7853520
2026-07-05T04:05:59.157044,2026-07-05T04:05:59.169181+00:00,136.2,200,ask,WavyWalnuts,YieldingYams,7853521
2026-07-05T04:06:01.798831,2026-07-05T04:06:01.802815+00:00,136.2,3,ask,YieldingYams,Xuanyu Liu,7853558
2026-07-05T04:06:01.801959,2026-07-05T04:06:01.818434+00:00,136.2,200,ask,YieldingYams,WavyWalnuts,7853559
2026-07-05T04:06:03.027263,2026-07-05T04:06:03.039325+00:00,136.2,200,ask,YieldingYams,WavyWalnuts,7853573
2026-07-05T04:06:04.397884,2026-07-05T04:06:04.405238+00:00,136.2,200,bid,YieldingYams,WavyWalnuts,7853596
2026-07-05T04:06:05.445752,2026-07-05T04:06:05.452016+00:00,136.2,200,ask,YieldingYams,WavyWalnuts,7853612
2026-07-05T04:06:08.171305,2026-07-05T04:06:08.179944+00:00,136.1,500,ask,YieldingYams,AverageAlmonds,7853651
2026-07-05T04:06:10.287947,2026-07-05T04:06:10.299726+00:00,136.2,200,bid,WavyWalnuts,YieldingYams,7853681
2026-07-05T04:06:10.925966,2026-07-05T04:06:10.930556+00:00,136.0,3,ask,YieldingYams,Xuanyu Liu,7853692
2026-07-05T04:06:10.945461,2026-07-05T04:06:10.956227+00:00,136.3,500,bid,YieldingYams,AverageAlmonds,7853693
2026-07-05T04:06:10.962900,2026-07-05T04:06:10.967021+00:00,136.3,34,ask,YieldingYams,Xuanyu Liu,7853695
2026-07-05T04:06:11.199449,2026-07-05T04:06:11.210687+00:00,136.3,91,ask,YieldingYams,AverageAlmonds,7853696
2026-07-05T04:06:11.568885,2026-07-05T04:06:11.575508+00:00,136.2,20,bid,BrilliantBurritos,WavyWalnuts,7853703
2026-07-05T04:06:13.565913,2026-07-05T04:06:13.575634+00:00,136.1,200,ask,WavyWalnuts,YieldingYams,7853716
2026-07-05T04:06:14.135408,2026-07-05T04:06:14.148284+00:00,136.1,20,bid,BrilliantBurritos,YieldingYams,7853726
2026-07-05T04:06:15.129966,2026-07-05T04:06:15.139155+00:00,136.0,200,ask,YieldingYams,WavyWalnuts,7853745
2026-07-05T04:06:17.500311,2026-07-05T04:06:17.510617+00:00,136.1,200,bid,YieldingYams,WavyWalnuts,7853771
2026-07-05T04:06:17.500311,2026-07-05T04:06:17.510617+00:00,136.2,425,bid,YieldingYams,AverageAlmonds,7853772
2026-07-05T04:06:19.672763,2026-07-05T04:06:19.679468+00:00,136.1,200,ask,WavyWalnuts,AverageAlmonds,7853803
2026-07-05T04:06:20.273041,2026-07-05T04:06:20.282428+00:00,136.0,200,ask,WavyWalnuts,AverageAlmonds,7853816
2026-07-05T04:06:22.735961,2026-07-05T04:06:22.743801+00:00,136.1,200,bid,YieldingYams,WavyWalnuts,7853856
2026-07-05T04:06:22.735961,2026-07-05T04:06:22.748795+00:00,136.1,425,bid,YieldingYams,AverageAlmonds,7853857
2026-07-05T04:06:26.030179,2026-07-05T04:06:26.040716+00:00,136.1,200,bid,WavyWalnuts,YieldingYams,7853899
2026-07-05T04:06:26.798848,2026-07-05T04:06:26.803672+00:00,135.9,23,ask,YieldingYams,Xuanyu Liu,7853914
2026-07-05T04:06:27.252632,2026-07-05T04:06:27.256891+00:00,136.0,11,ask,WavyWalnuts,Xuanyu Liu,7853923
2026-07-05T04:06:30.010845,2026-07-05T04:06:30.016069+00:00,136.0,22,bid,Xuanyu Liu,WavyWalnuts,7853970
2026-07-05T04:06:33.300353,2026-07-05T04:06:33.309280+00:00,135.7,200,ask,YieldingYams,WavyWalnuts,7854022
2026-07-05T04:06:35.727920,2026-07-05T04:06:35.736176+00:00,135.8,200,bid,WavyWalnuts,YieldingYams,7854056
2026-07-05T04:06:36.345412,2026-07-05T04:06:36.349836+00:00,135.7,34,ask,YieldingYams,Xuanyu Liu,7854068
2026-07-05T04:06:36.955369,2026-07-05T04:06:36.959382+00:00,135.8,11,ask,WavyWalnuts,Xuanyu Liu,7854078
2026-07-05T04:06:41.092652,2026-07-05T04:06:41.099972+00:00,135.9,200,bid,YieldingYams,WavyWalnuts,7854119
2026-07-05T04:06:41.789867,2026-07-05T04:06:41.798473+00:00,135.9,200,ask,YieldingYams,WavyWalnuts,7854128
2026-07-05T04:06:42.193260,2026-07-05T04:06:42.203198+00:00,135.9,20,ask,YieldingYams,BrilliantBurritos,7854133
2026-07-05T04:06:42.940747,2026-07-05T04:06:42.958642+00:00,135.7,14,ask,YieldingYams,Harold Schneider,7854149
2026-07-05T04:06:44.021281,2026-07-05T04:06:44.033748+00:00,135.7,20,ask,WavyWalnuts,BrilliantBurritos,7854162
2026-07-05T04:06:44.985400,2026-07-05T04:06:44.997305+00:00,135.9,20,bid,BrilliantBurritos,YieldingYams,7854174
2026-07-05T04:06:45.043506,2026-07-05T04:06:45.048409+00:00,135.8,10,bid,Xuanyu Liu,YieldingYams,7854176
2026-07-05T04:06:46.323348,2026-07-05T04:06:46.327616+00:00,135.8,1,bid,Xuanyu Liu,YieldingYams,7854195
2026-07-05T04:06:46.334280,2026-07-05T04:06:46.343257+00:00,135.7,200,ask,WavyWalnuts,YieldingYams,7854196
2026-07-05T04:06:46.349616,2026-07-05T04:06:46.354327+00:00,135.7,12,bid,Xuanyu Liu,YieldingYams,7854198
2026-07-05T04:06:47.849701,2026-07-05T04:06:47.853297+00:00,135.8,200,bid,WavyWalnuts,YieldingYams,7854222
2026-07-05T04:06:52.135489,2026-07-05T04:06:52.139878+00:00,135.8,22,bid,Xuanyu Liu,YieldingYams,7854278
2026-07-05T04:06:52.907173,2026-07-05T04:06:52.919080+00:00,135.6,20,ask,AverageAlmonds,BrilliantBurritos,7854292
2026-07-05T04:06:53.932919,2026-07-05T04:06:53.944131+00:00,135.7,200,ask,YieldingYams,WavyWalnuts,7854305
2026-07-05T04:06:56.865128,2026-07-05T04:06:56.869250+00:00,135.8,11,ask,YieldingYams,Xuanyu Liu,7854346
2026-07-05T04:06:57.570388,2026-07-05T04:06:57.574746+00:00,135.9,11,ask,WavyWalnuts,Xuanyu Liu,7854357
2026-07-05T04:06:59.107984,2026-07-05T04:06:59.119487+00:00,136.1,20,bid,BrilliantBurritos,YieldingYams,7854376
2026-07-05T04:07:00.804101,2026-07-05T04:07:00.809021+00:00,136.0,11,bid,Xuanyu Liu,YieldingYams,7854403
2026-07-05T04:07:00.823767,2026-07-05T04:07:00.835219+00:00,136.0,500,bid,AverageAlmonds,YieldingYams,7854404
2026-07-05T04:07:01.423118,2026-07-05T04:07:01.434953+00:00,136.0,114,bid,AverageAlmonds,YieldingYams,7854415
2026-07-05T04:07:01.423118,2026-07-05T04:07:01.434953+00:00,136.1,200,bid,AverageAlmonds,WavyWalnuts,7854416
2026-07-05T04:07:02.107533,2026-07-05T04:07:02.111470+00:00,136.4,11,bid,Xuanyu Liu,YieldingYams,7854426
2026-07-05T04:07:02.776536,2026-07-05T04:07:02.788608+00:00,136.1,20,ask,YieldingYams,BrilliantBurritos,7854436
2026-07-05T04:07:03.009600,2026-07-05T04:07:03.021636+00:00,136.2,2,bid,Harold Schneider,WavyWalnuts,7854439
2026-07-05T04:07:03.402483,2026-07-05T04:07:03.411102+00:00,136.2,198,bid,YieldingYams,WavyWalnuts,7854447
2026-07-05T04:07:04.011937,2026-07-05T04:07:04.024552+00:00,136.3,20,ask,YieldingYams,BrilliantBurritos,7854455
2026-07-05T04:07:04.886908,2026-07-05T04:07:04.891226+00:00,136.3,11,ask,YieldingYams,Xuanyu Liu,7854467
2026-07-05T04:07:07.241885,2026-07-05T04:07:07.249058+00:00,136.3,200,ask,YieldingYams,WavyWalnuts,7854492
2026-07-05T04:07:08.019664,2026-07-05T04:07:08.032086+00:00,136.2,2,ask,YieldingYams,Harold Schneider,7854499
2026-07-05T04:07:08.449840,2026-07-05T04:07:08.458571+00:00,136.2,200,ask,YieldingYams,WavyWalnuts,7854510
2026-07-05T04:07:09.966664,2026-07-05T04:07:09.974001+00:00,136.2,20,bid,BrilliantBurritos,WavyWalnuts,7854521
2026-07-05T04:07:09.970247,2026-07-05T04:07:09.979247+00:00,136.2,180,bid,YieldingYams,WavyWalnuts,7854522
2026-07-05T04:07:11.503654,2026-07-05T04:07:11.515697+00:00,136.3,20,bid,BrilliantBurritos,WavyWalnuts,7854538
2026-07-05T04:07:12.076591,2026-07-05T04:07:12.086710+00:00,136.1,200,ask,YieldingYams,WavyWalnuts,7854545
2026-07-05T04:07:15.093053,2026-07-05T04:07:15.105223+00:00,136.2,20,ask,YieldingYams,BrilliantBurritos,7854582
2026-07-05T04:07:20.456679,2026-07-05T04:07:20.468707+00:00,136.2,200,ask,WavyWalnuts,YieldingYams,7854661
2026-07-05T04:07:25.402178,2026-07-05T04:07:25.412564+00:00,136.1,200,ask,YieldingYams,WavyWalnuts,7854741
2026-07-05T04:07:25.789267,2026-07-05T04:07:25.793333+00:00,136.2,11,ask,YieldingYams,Xuanyu Liu,7854746
2026-07-05T04:07:27.086179,2026-07-05T04:07:27.097818+00:00,136.4,200,bid,YieldingYams,WavyWalnuts,7854761
2026-07-05T04:07:27.818467,2026-07-05T04:07:27.829921+00:00,136.4,200,ask,YieldingYams,WavyWalnuts,7854774
2026-07-05T04:07:33.865254,2026-07-05T04:07:33.874828+00:00,136.4,200,ask,YieldingYams,WavyWalnuts,7854844
2026-07-05T04:07:35.073598,2026-07-05T04:07:35.084795+00:00,136.4,200,ask,YieldingYams,WavyWalnuts,7854857
2026-07-05T04:07:36.465369,2026-07-05T04:07:36.470869+00:00,136.5,11,bid,Xuanyu Liu,WavyWalnuts,7854873
2026-07-05T04:07:37.497391,2026-07-05T04:07:37.507195+00:00,136.4,200,ask,YieldingYams,WavyWalnuts,7854893
2026-07-05T04:07:38.706695,2026-07-05T04:07:38.716417+00:00,136.5,200,ask,YieldingYams,WavyWalnuts,7854915
2026-07-05T04:07:39.916750,2026-07-05T04:07:39.927055+00:00,136.4,200,ask,YieldingYams,WavyWalnuts,7854938
2026-07-05T04:07:42.800325,2026-07-05T04:07:42.805077+00:00,136.7,11,bid,Xuanyu Liu,YieldingYams,7854984
2026-07-05T04:07:44.162765,2026-07-05T04:07:44.184588+00:00,136.6,200,ask,WavyWalnuts,YieldingYams,7855002
2026-07-05T04:07:44.180459,2026-07-05T04:07:44.184588+00:00,136.6,12,bid,Xuanyu Liu,YieldingYams,7855004
2026-07-05T04:07:48.094991,2026-07-05T04:07:48.106438+00:00,136.7,200,ask,WavyWalnuts,YieldingYams,7855058
2026-07-05T04:07:48.416863,2026-07-05T04:07:48.426856+00:00,136.7,200,bid,WavyWalnuts,YieldingYams,7855067
2026-07-05T04:07:50.721430,2026-07-05T04:07:50.729883+00:00,136.9,200,bid,YieldingYams,WavyWalnuts,7855089
2026-07-05T04:07:50.721430,2026-07-05T04:07:50.735096+00:00,136.9,425,bid,YieldingYams,AverageAlmonds,7855090
2026-07-05T04:07:53.376566,2026-07-05T04:07:53.380743+00:00,136.6,11,bid,Xuanyu Liu,YieldingYams,7855129
2026-07-05T04:07:54.667309,2026-07-05T04:07:54.676723+00:00,136.7,200,bid,YieldingYams,WavyWalnuts,7855146
2026-07-05T04:07:55.549987,2026-07-05T04:07:55.554543+00:00,136.7,11,ask,YieldingYams,Xuanyu Liu,7855162
2026-07-05T04:07:55.691731,2026-07-05T04:07:55.701557+00:00,136.7,200,ask,YieldingYams,WavyWalnuts,7855164
2026-07-05T04:07:57.288398,2026-07-05T04:07:57.295292+00:00,136.7,200,bid,YieldingYams,WavyWalnuts,7855186
2026-07-05T04:07:58.110728,2026-07-05T04:07:58.120186+00:00,136.7,200,ask,YieldingYams,WavyWalnuts,7855194
2026-07-05T04:07:58.664604,2026-07-05T04:07:58.668654+00:00,136.6,23,bid,Xuanyu Liu,YieldingYams,7855203
2026-07-05T04:07:59.910943,2026-07-05T04:07:59.922133+00:00,136.6,200,bid,YieldingYams,WavyWalnuts,7855226
2026-07-05T04:08:00.527392,2026-07-05T04:08:00.534850+00:00,136.6,200,ask,YieldingYams,WavyWalnuts,7855233
2026-07-05T04:08:01.875621,2026-07-05T04:08:01.879947+00:00,136.5,12,ask,WavyWalnuts,Xuanyu Liu,7855255
2026-07-05T04:08:02.531671,2026-07-05T04:08:02.539901+00:00,136.5,188,ask,WavyWalnuts,YieldingYams,7855269
2026-07-05T04:08:06.464563,2026-07-05T04:08:06.475035+00:00,136.4,200,bid,YieldingYams,WavyWalnuts,7855319
2026-07-05T04:08:11.307883,2026-07-05T04:08:11.312409+00:00,136.5,23,bid,Xuanyu Liu,WavyWalnuts,7855379
2026-07-05T04:08:15.079321,2026-07-05T04:08:15.090289+00:00,136.3,200,ask,YieldingYams,WavyWalnuts,7855427
2026-07-05T04:08:16.288668,2026-07-05T04:08:16.297722+00:00,136.3,200,ask,AverageAlmonds,WavyWalnuts,7855441
2026-07-05T04:08:17.102694,2026-07-05T04:08:17.113052+00:00,136.4,500,bid,AverageAlmonds,YieldingYams,7855451
2026-07-05T04:08:17.510666,2026-07-05T04:08:17.514733+00:00,136.3,3,bid,Xuanyu Liu,WavyWalnuts,7855454
2026-07-05T04:08:17.690974,2026-07-05T04:08:17.698978+00:00,136.3,197,bid,AverageAlmonds,WavyWalnuts,7855455
2026-07-05T04:08:17.690974,2026-07-05T04:08:17.704260+00:00,136.4,125,bid,AverageAlmonds,YieldingYams,7855456
2026-07-05T04:08:18.705858,2026-07-05T04:08:18.713929+00:00,136.5,200,ask,YieldingYams,WavyWalnuts,7855470
2026-07-05T04:08:20.713411,2026-07-05T04:08:20.740529+00:00,136.5,500,bid,AverageAlmonds,YieldingYams,7855499
2026-07-05T04:08:20.804596,2026-07-05T04:08:20.808857+00:00,136.5,14,bid,Xuanyu Liu,YieldingYams,7855503
2026-07-05T04:08:21.114945,2026-07-05T04:08:21.124071+00:00,136.4,20,ask,YieldingYams,BrilliantBurritos,7855506
2026-07-05T04:08:21.131163,2026-07-05T04:08:21.139758+00:00,136.4,200,ask,YieldingYams,WavyWalnuts,7855508
2026-07-05T04:08:22.338301,2026-07-05T04:08:22.345130+00:00,136.4,200,ask,AverageAlmonds,WavyWalnuts,7855521
2026-07-05T04:08:23.552213,2026-07-05T04:08:23.558553+00:00,136.4,200,ask,YieldingYams,WavyWalnuts,7855538
2026-07-05T04:08:24.300503,2026-07-05T04:08:24.305106+00:00,136.5,14,ask,YieldingYams,Xuanyu Liu,7855548
2026-07-05T04:08:26.389337,2026-07-05T04:08:26.401766+00:00,136.6,20,bid,BrilliantBurritos,WavyWalnuts,7855566
2026-07-05T04:08:28.396673,2026-07-05T04:08:28.406531+00:00,136.4,200,ask,YieldingYams,WavyWalnuts,7855589
2026-07-05T04:08:29.604649,2026-07-05T04:08:29.607310+00:00,136.3,200,ask,YieldingYams,WavyWalnuts,7855601
2026-07-05T04:08:30.815922,2026-07-05T04:08:30.827121+00:00,136.3,200,ask,YieldingYams,WavyWalnuts,7855622
2026-07-05T04:08:31.345138,2026-07-05T04:08:31.358542+00:00,136.3,20,ask,YieldingYams,BrilliantBurritos,7855626
2026-07-05T04:08:32.024512,2026-07-05T04:08:32.032184+00:00,136.2,200,ask,YieldingYams,WavyWalnuts,7855634
2026-07-05T04:08:32.819974,2026-07-05T04:08:32.827575+00:00,136.2,500,ask,AverageAlmonds,YieldingYams,7855650
2026-07-05T04:08:32.846536,2026-07-05T04:08:32.858748+00:00,136.2,125,bid,AverageAlmonds,YieldingYams,7855652
2026-07-05T04:08:33.232854,2026-07-05T04:08:33.241723+00:00,136.3,200,ask,AverageAlmonds,WavyWalnuts,7855659
2026-07-05T04:08:34.441713,2026-07-05T04:08:34.448702+00:00,136.4,200,ask,AverageAlmonds,WavyWalnuts,7855677
2026-07-05T04:08:35.650911,2026-07-05T04:08:35.655544+00:00,136.5,200,ask,YieldingYams,WavyWalnuts,7855697
2026-07-05T04:08:36.859652,2026-07-05T04:08:36.869531+00:00,136.4,200,ask,AverageAlmonds,WavyWalnuts,7855708
2026-07-05T04:08:38.606298,2026-07-05T04:08:38.618149+00:00,136.5,20,bid,BrilliantBurritos,YieldingYams,7855732
2026-07-05T04:08:39.295558,2026-07-05T04:08:39.305388+00:00,136.4,200,ask,AverageAlmonds,WavyWalnuts,7855747
2026-07-05T04:08:41.717161,2026-07-05T04:08:41.724740+00:00,136.4,200,ask,AverageAlmonds,WavyWalnuts,7855785
2026-07-05T04:08:42.117826,2026-07-05T04:08:42.130029+00:00,136.4,20,ask,AverageAlmonds,BrilliantBurritos,7855789
2026-07-05T04:08:44.243856,2026-07-05T04:08:44.258546+00:00,136.3,20,ask,YieldingYams,BrilliantBurritos,7855819
2026-07-05T04:08:44.316761,2026-07-05T04:08:44.326098+00:00,136.5,500,bid,AverageAlmonds,YieldingYams,7855821
2026-07-05T04:08:44.674613,2026-07-05T04:08:44.682537+00:00,136.5,200,bid,YieldingYams,WavyWalnuts,7855823
2026-07-05T04:08:47.560442,2026-07-05T04:08:47.572657+00:00,136.7,20,bid,BrilliantBurritos,WavyWalnuts,7855856
2026-07-05T04:08:48.616627,2026-07-05T04:08:48.626337+00:00,136.7,200,bid,YieldingYams,WavyWalnuts,7855867
2026-07-05T04:08:48.988150,2026-07-05T04:08:48.995090+00:00,136.7,200,ask,YieldingYams,WavyWalnuts,7855870
2026-07-05T04:08:51.266278,2026-07-05T04:08:51.271497+00:00,136.8,3,bid,Xuanyu Liu,YieldingYams,7855894
2026-07-05T04:08:51.410886,2026-07-05T04:08:51.418755+00:00,136.8,200,bid,WavyWalnuts,YieldingYams,7855900
2026-07-05T04:08:52.219090,2026-07-05T04:08:52.231240+00:00,136.8,20,bid,BrilliantBurritos,YieldingYams,7855905
2026-07-05T04:08:53.749164,2026-07-05T04:08:53.761125+00:00,136.9,20,bid,BrilliantBurritos,YieldingYams,7855921
2026-07-05T04:08:53.858785,2026-07-05T04:08:53.869542+00:00,136.8,200,bid,YieldingYams,WavyWalnuts,7855926
2026-07-05T04:08:56.257830,2026-07-05T04:08:56.264363+00:00,136.8,200,bid,WavyWalnuts,AverageAlmonds,7855948
2026-07-05T04:08:56.261612,2026-07-05T04:08:56.264363+00:00,136.7,20,ask,YieldingYams,BrilliantBurritos,7855949
2026-07-05T04:08:57.045982,2026-07-05T04:08:57.058503+00:00,136.8,500,ask,YieldingYams,AverageAlmonds,7855961
2026-07-05T04:08:57.637595,2026-07-05T04:08:57.644994+00:00,136.8,125,ask,YieldingYams,AverageAlmonds,7855967
2026-07-05T04:08:57.790827,2026-07-05T04:08:57.811099+00:00,136.6,200,ask,WavyWalnuts,YieldingYams,7855970
2026-07-05T04:08:57.806417,2026-07-05T04:08:57.811099+00:00,136.6,11,bid,Xuanyu Liu,YieldingYams,7855972
2026-07-05T04:08:58.678015,2026-07-05T04:08:58.685423+00:00,136.6,200,bid,WavyWalnuts,YieldingYams,7855988
2026-07-05T04:08:59.145579,2026-07-05T04:08:59.149612+00:00,136.8,11,ask,YieldingYams,Xuanyu Liu,7855994
2026-07-05T04:08:59.357794,2026-07-05T04:08:59.370283+00:00,136.9,20,bid,BrilliantBurritos,AverageAlmonds,7855997
2026-07-05T04:09:00.084047,2026-07-05T04:09:00.095951+00:00,136.8,500,ask,YieldingYams,AverageAlmonds,7856003
2026-07-05T04:09:01.102774,2026-07-05T04:09:01.114037+00:00,136.7,200,bid,WavyWalnuts,YieldingYams,7856014
2026-07-05T04:09:01.896978,2026-07-05T04:09:01.908677+00:00,136.6,500,ask,YieldingYams,AverageAlmonds,7856021
2026-07-05T04:09:02.097827,2026-07-05T04:09:02.109689+00:00,136.6,20,ask,YieldingYams,BrilliantBurritos,7856023
2026-07-05T04:09:02.315247,2026-07-05T04:09:02.326094+00:00,136.8,200,bid,WavyWalnuts,YieldingYams,7856029
2026-07-05T04:09:02.486157,2026-07-05T04:09:02.495684+00:00,136.6,105,ask,YieldingYams,AverageAlmonds,7856032
2026-07-05T04:09:03.525480,2026-07-05T04:09:03.536396+00:00,136.7,200,bid,WavyWalnuts,YieldingYams,7856045
2026-07-05T04:09:04.352810,2026-07-05T04:09:04.367822+00:00,136.7,500,bid,YieldingYams,AverageAlmonds,7856053
2026-07-05T04:09:04.733202,2026-07-05T04:09:04.743663+00:00,136.9,200,bid,WavyWalnuts,YieldingYams,7856061
2026-07-05T04:09:04.772551,2026-07-05T04:09:04.784282+00:00,136.9,20,bid,BrilliantBurritos,YieldingYams,7856062
2026-07-05T04:09:04.922648,2026-07-05T04:09:04.931904+00:00,136.7,125,ask,YieldingYams,AverageAlmonds,7856067
2026-07-05T04:09:05.941510,2026-07-05T04:09:05.958562+00:00,136.7,200,bid,WavyWalnuts,AverageAlmonds,7856077
2026-07-05T04:09:08.301633,2026-07-05T04:09:08.311136+00:00,136.6,200,ask,WavyWalnuts,YieldingYams,7856102
2026-07-05T04:09:14.859858,2026-07-05T04:09:14.869787+00:00,136.6,200,bid,YieldingYams,WavyWalnuts,7856198
2026-07-05T04:09:14.859858,2026-07-05T04:09:14.869787+00:00,136.6,425,bid,YieldingYams,AverageAlmonds,7856199
2026-07-05T04:09:17.479170,2026-07-05T04:09:17.490658+00:00,136.5,200,ask,WavyWalnuts,YieldingYams,7856226
2026-07-05T04:09:18.110919,2026-07-05T04:09:18.115400+00:00,136.3,3,ask,WavyWalnuts,Xuanyu Liu,7856235
2026-07-05T04:09:20.462537,2026-07-05T04:09:20.470407+00:00,136.4,200,bid,WavyWalnuts,YieldingYams,7856262
2026-07-05T04:09:22.884372,2026-07-05T04:09:22.892374+00:00,136.5,200,bid,WavyWalnuts,AverageAlmonds,7856284
2026-07-05T04:09:24.029943,2026-07-05T04:09:24.041318+00:00,136.3,500,bid,YieldingYams,AverageAlmonds,7856301
2026-07-05T04:09:24.105489,2026-07-05T04:09:24.114255+00:00,136.5,200,bid,WavyWalnuts,YieldingYams,7856304
2026-07-05T04:09:24.293156,2026-07-05T04:09:24.304189+00:00,136.3,125,ask,YieldingYams,AverageAlmonds,7856310
2026-07-05T04:09:25.325022,2026-07-05T04:09:25.336948+00:00,136.3,200,bid,WavyWalnuts,AverageAlmonds,7856324
2026-07-05T04:09:26.541638,2026-07-05T04:09:26.550856+00:00,136.2,200,bid,WavyWalnuts,YieldingYams,7856340
2026-07-05T04:09:28.003105,2026-07-05T04:09:28.007471+00:00,136.2,3,ask,YieldingYams,Xuanyu Liu,7856362
2026-07-05T04:09:28.474148,2026-07-05T04:09:28.484243+00:00,136.2,20,ask,YieldingYams,BrilliantBurritos,7856371
2026-07-05T04:09:28.968527,2026-07-05T04:09:28.978884+00:00,136.3,200,bid,WavyWalnuts,AverageAlmonds,7856379
2026-07-05T04:09:31.914153,2026-07-05T04:09:31.926006+00:00,136.3,500,bid,YieldingYams,AverageAlmonds,7856413
2026-07-05T04:09:32.145231,2026-07-05T04:09:32.158647+00:00,136.3,125,ask,YieldingYams,AverageAlmonds,7856417
2026-07-05T04:09:33.809526,2026-07-05T04:09:33.817844+00:00,136.3,200,bid,WavyWalnuts,YieldingYams,7856440
2026-07-05T04:09:34.093929,2026-07-05T04:09:34.105878+00:00,136.3,20,bid,BrilliantBurritos,YieldingYams,7856441
2026-07-05T04:09:36.397291,2026-07-05T04:09:36.406784+00:00,136.4,500,ask,YieldingYams,AverageAlmonds,7856475
2026-07-05T04:09:37.172179,2026-07-05T04:09:37.181379+00:00,136.3,200,ask,WavyWalnuts,YieldingYams,7856483
2026-07-05T04:09:38.658111,2026-07-05T04:09:38.666267+00:00,136.4,200,bid,WavyWalnuts,YieldingYams,7856500
2026-07-05T04:09:41.970543,2026-07-05T04:09:41.982692+00:00,136.3,20,ask,YieldingYams,BrilliantBurritos,7856526
2026-07-05T04:09:42.501341,2026-07-05T04:09:42.505696+00:00,136.3,3,bid,Xuanyu Liu,YieldingYams,7856530
2026-07-05T04:09:42.888216,2026-07-05T04:09:42.900486+00:00,136.3,20,bid,BrilliantBurritos,YieldingYams,7856537
2026-07-05T04:09:43.808028,2026-07-05T04:09:43.820022+00:00,136.2,200,ask,WavyWalnuts,YieldingYams,7856543
2026-07-05T04:09:44.700733,2026-07-05T04:09:44.712448+00:00,136.1,200,bid,WavyWalnuts,YieldingYams,7856559
2026-07-05T04:09:45.728606,2026-07-05T04:09:45.740921+00:00,136.2,20,bid,BrilliantBurritos,YieldingYams,7856573
2026-07-05T04:09:47.117975,2026-07-05T04:09:47.129554+00:00,136.0,200,bid,WavyWalnuts,YieldingYams,7856594
2026-07-05T04:09:47.760692,2026-07-05T04:09:47.765473+00:00,136.0,3,ask,YieldingYams,Xuanyu Liu,7856603
2026-07-05T04:09:49.314431,2026-07-05T04:09:49.325256+00:00,136.0,20,ask,WavyWalnuts,BrilliantBurritos,7856630
2026-07-05T04:09:50.375508,2026-07-05T04:09:50.387291+00:00,136.0,200,ask,WavyWalnuts,YieldingYams,7856642
2026-07-05T04:09:50.743587,2026-07-05T04:09:50.754227+00:00,136.0,200,bid,WavyWalnuts,YieldingYams,7856656
2026-07-05T04:09:51.970418,2026-07-05T04:09:51.974579+00:00,136.2,11,ask,WavyWalnuts,Xuanyu Liu,7856673
2026-07-05T04:09:52.084330,2026-07-05T04:09:52.096757+00:00,136.4,20,bid,BrilliantBurritos,AverageAlmonds,7856674
2026-07-05T04:09:52.950288,2026-07-05T04:09:52.957700+00:00,136.3,20,bid,BrilliantBurritos,AverageAlmonds,7856687
2026-07-05T04:09:54.306619,2026-07-05T04:09:54.313978+00:00,136.3,500,bid,YieldingYams,AverageAlmonds,7856700
2026-07-05T04:09:54.325587,2026-07-05T04:09:54.329756+00:00,136.3,12,ask,YieldingYams,Xuanyu Liu,7856703
2026-07-05T04:09:54.558276,2026-07-05T04:09:54.564827+00:00,136.3,113,ask,YieldingYams,AverageAlmonds,7856707
2026-07-05T04:09:55.169461,2026-07-05T04:09:55.179705+00:00,136.2,200,ask,WavyWalnuts,AverageAlmonds,7856712
2026-07-05T04:09:55.600863,2026-07-05T04:09:55.610736+00:00,136.2,200,bid,WavyWalnuts,AverageAlmonds,7856718
2026-07-05T04:09:56.929895,2026-07-05T04:09:56.937577+00:00,136.1,200,ask,WavyWalnuts,YieldingYams,7856730
2026-07-05T04:09:58.025605,2026-07-05T04:09:58.036554+00:00,136.1,200,bid,WavyWalnuts,YieldingYams,7856746
2026-07-05T04:10:08.750780,2026-07-05T04:10:08.753592+00:00,136.0,500,bid,YieldingYams,AverageAlmonds,7856873
2026-07-05T04:10:08.750780,2026-07-05T04:10:08.768871+00:00,136.1,125,bid,YieldingYams,WavyWalnuts,7856874
2026-07-05T04:10:09.071802,2026-07-05T04:10:09.082725+00:00,136.2,200,ask,WavyWalnuts,AverageAlmonds,7856882
2026-07-05T04:10:10.174178,2026-07-05T04:10:10.181569+00:00,136.0,200,bid,WavyWalnuts,AverageAlmonds,7856896
2026-07-05T04:10:10.191206,2026-07-05T04:10:10.203082+00:00,136.0,20,bid,BrilliantBurritos,AverageAlmonds,7856897
2026-07-05T04:10:10.310469,2026-07-05T04:10:10.314665+00:00,135.9,12,bid,Xuanyu Liu,AverageAlmonds,7856904
2026-07-05T04:10:11.412308,2026-07-05T04:10:11.419235+00:00,135.9,200,bid,WavyWalnuts,AverageAlmonds,7856912
2026-07-05T04:10:12.647552,2026-07-05T04:10:12.654671+00:00,135.9,200,bid,WavyWalnuts,YieldingYams,7856938
2026-07-05T04:10:12.750582,2026-07-05T04:10:12.758607+00:00,135.8,500,bid,YieldingYams,AverageAlmonds,7856941
2026-07-05T04:10:13.324406,2026-07-05T04:10:13.336018+00:00,135.9,125,ask,YieldingYams,AverageAlmonds,7856945
2026-07-05T04:10:13.345213,2026-07-05T04:10:13.349395+00:00,135.7,11,bid,Xuanyu Liu,AverageAlmonds,7856947
2026-07-05T04:10:13.862151,2026-07-05T04:10:13.869135+00:00,135.7,200,bid,WavyWalnuts,AverageAlmonds,7856953
2026-07-05T04:10:14.101983,2026-07-05T04:10:14.106947+00:00,135.5,3,bid,Xuanyu Liu,YieldingYams,7856962
2026-07-05T04:10:15.074252,2026-07-05T04:10:15.083827+00:00,135.5,200,bid,WavyWalnuts,YieldingYams,7856979
2026-07-05T04:10:16.288486,2026-07-05T04:10:16.297999+00:00,135.6,200,bid,WavyWalnuts,YieldingYams,7856993
2026-07-05T04:10:17.501043,2026-07-05T04:10:17.511313+00:00,135.6,200,bid,WavyWalnuts,YieldingYams,7857012
2026-07-05T04:10:18.972324,2026-07-05T04:10:18.984262+00:00,135.5,20,ask,YieldingYams,BrilliantBurritos,7857031
2026-07-05T04:10:19.922071,2026-07-05T04:10:19.932728+00:00,135.6,200,ask,YieldingYams,WavyWalnuts,7857050
2026-07-05T04:10:19.991649,2026-07-05T04:10:20.002830+00:00,135.6,425,ask,YieldingYams,AverageAlmonds,7857051
2026-07-05T04:10:24.764600,2026-07-05T04:10:24.774949+00:00,135.3,200,ask,YieldingYams,WavyWalnuts,7857100
2026-07-05T04:10:30.712193,2026-07-05T04:10:30.724728+00:00,135.3,20,ask,WavyWalnuts,BrilliantBurritos,7857177
2026-07-05T04:10:31.541025,2026-07-05T04:10:31.553359+00:00,135.3,20,ask,YieldingYams,BrilliantBurritos,7857197
2026-07-05T04:10:33.727863,2026-07-05T04:10:33.738026+00:00,135.4,200,bid,YieldingYams,WavyWalnuts,7857225
2026-07-05T04:10:35.039974,2026-07-05T04:10:35.047692+00:00,135.4,200,ask,WavyWalnuts,YieldingYams,7857235
2026-07-05T04:10:35.250631,2026-07-05T04:10:35.258602+00:00,135.1,20,ask,YieldingYams,BrilliantBurritos,7857239
2026-07-05T04:10:37.689072,2026-07-05T04:10:37.697229+00:00,135.4,200,bid,YieldingYams,WavyWalnuts,7857278
2026-07-05T04:10:42.948410,2026-07-05T04:10:42.958574+00:00,135.7,500,bid,YieldingYams,AverageAlmonds,7857349
2026-07-05T04:10:42.948410,2026-07-05T04:10:42.958574+00:00,135.7,125,bid,YieldingYams,WavyWalnuts,7857350
2026-07-05T04:10:49.584721,2026-07-05T04:10:49.589474+00:00,135.3,3,ask,WavyWalnuts,Xuanyu Liu,7857423
2026-07-05T04:10:52.597736,2026-07-05T04:10:52.605826+00:00,135.4,200,ask,YieldingYams,WavyWalnuts,7857467
2026-07-05T04:10:53.811021,2026-07-05T04:10:53.821024+00:00,135.3,200,ask,YieldingYams,WavyWalnuts,7857481
2026-07-05T04:10:54.866472,2026-07-05T04:10:54.870413+00:00,135.3,3,bid,Xuanyu Liu,YieldingYams,7857497
2026-07-05T04:10:55.098726,2026-07-05T04:10:55.108806+00:00,135.3,500,bid,AverageAlmonds,YieldingYams,7857501
2026-07-05T04:10:55.694738,2026-07-05T04:10:55.696501+00:00,135.3,122,bid,AverageAlmonds,YieldingYams,7857505
2026-07-05T04:10:56.159194,2026-07-05T04:10:56.183062+00:00,135.4,200,bid,YieldingYams,WavyWalnuts,7857516
2026-07-05T04:10:56.178500,2026-07-05T04:10:56.183062+00:00,135.4,3,ask,YieldingYams,Xuanyu Liu,7857518
2026-07-05T04:10:56.228197,2026-07-05T04:10:56.237553+00:00,135.4,200,ask,YieldingYams,WavyWalnuts,7857520
2026-07-05T04:10:56.417025,2026-07-05T04:10:56.429389+00:00,135.6,20,bid,BrilliantBurritos,YieldingYams,7857521
2026-07-05T04:10:57.482148,2026-07-05T04:10:57.494201+00:00,135.4,500,ask,AverageAlmonds,YieldingYams,7857532
2026-07-05T04:10:57.502148,2026-07-05T04:10:57.509631+00:00,135.3,125,bid,AverageAlmonds,YieldingYams,7857535
2026-07-05T04:10:58.475129,2026-07-05T04:10:58.487186+00:00,135.3,20,ask,AverageAlmonds,BrilliantBurritos,7857546
2026-07-05T04:10:58.791632,2026-07-05T04:10:58.809800+00:00,135.5,200,bid,YieldingYams,WavyWalnuts,7857551
2026-07-05T04:10:58.805815,2026-07-05T04:10:58.809800+00:00,135.5,11,ask,YieldingYams,Xuanyu Liu,7857553
2026-07-05T04:10:59.853944,2026-07-05T04:10:59.858596+00:00,135.5,200,ask,YieldingYams,WavyWalnuts,7857566
2026-07-05T04:11:00.124923,2026-07-05T04:11:00.129893+00:00,135.7,11,bid,Xuanyu Liu,YieldingYams,7857570
2026-07-05T04:11:02.285386,2026-07-05T04:11:02.289634+00:00,135.5,11,ask,WavyWalnuts,Xuanyu Liu,7857614
2026-07-05T04:11:02.534705,2026-07-05T04:11:02.544352+00:00,135.5,20,ask,WavyWalnuts,BrilliantBurritos,7857617
2026-07-05T04:11:04.692084,2026-07-05T04:11:04.702472+00:00,135.4,200,bid,WavyWalnuts,YieldingYams,7857649
2026-07-05T04:11:09.296601,2026-07-05T04:11:09.306084+00:00,135.4,200,bid,YieldingYams,WavyWalnuts,7857716
2026-07-05T04:11:09.528791,2026-07-05T04:11:09.536579+00:00,135.4,200,ask,YieldingYams,WavyWalnuts,7857724
2026-07-05T04:11:09.874138,2026-07-05T04:11:09.886063+00:00,135.4,20,ask,YieldingYams,BrilliantBurritos,7857730
2026-07-05T04:11:10.740338,2026-07-05T04:11:10.748146+00:00,135.4,200,bid,WavyWalnuts,YieldingYams,7857740
2026-07-05T04:11:11.771193,2026-07-05T04:11:11.775897+00:00,135.2,12,ask,YieldingYams,Xuanyu Liu,7857756
2026-07-05T04:11:11.962331,2026-07-05T04:11:11.967012+00:00,135.4,23,ask,YieldingYams,Xuanyu Liu,7857761
2026-07-05T04:11:14.839572,2026-07-05T04:11:14.843991+00:00,135.5,23,bid,Xuanyu Liu,WavyWalnuts,7857800
2026-07-05T04:11:15.729324,2026-07-05T04:11:15.741379+00:00,135.4,20,ask,YieldingYams,BrilliantBurritos,7857812
2026-07-05T04:11:17.022744,2026-07-05T04:11:17.034833+00:00,135.4,20,ask,WavyWalnuts,BrilliantBurritos,7857818
2026-07-05T04:11:17.211030,2026-07-05T04:11:17.221964+00:00,135.4,180,ask,WavyWalnuts,YieldingYams,7857824
2026-07-05T04:11:19.612526,2026-07-05T04:11:19.624853+00:00,135.4,20,bid,BrilliantBurritos,YieldingYams,7857859
2026-07-05T04:11:20.094855,2026-07-05T04:11:20.107001+00:00,135.4,20,ask,YieldingYams,BrilliantBurritos,7857873
2026-07-05T04:11:20.434031,2026-07-05T04:11:20.443360+00:00,135.4,200,ask,YieldingYams,WavyWalnuts,7857877
2026-07-05T04:11:21.169271,2026-07-05T04:11:21.173058+00:00,135.3,23,bid,Xuanyu Liu,YieldingYams,7857887
2026-07-05T04:11:21.639897,2026-07-05T04:11:21.648323+00:00,135.3,200,bid,WavyWalnuts,YieldingYams,7857894
2026-07-05T04:11:22.850572,2026-07-05T04:11:22.850256+00:00,135.3,200,ask,YieldingYams,WavyWalnuts,7857920
2026-07-05T04:11:25.268670,2026-07-05T04:11:25.279792+00:00,135.2,200,ask,YieldingYams,WavyWalnuts,7857950
2026-07-05T04:11:27.358254,2026-07-05T04:11:27.370473+00:00,135.3,20,bid,BrilliantBurritos,WavyWalnuts,7857969
2026-07-05T04:11:28.908053,2026-07-05T04:11:28.915692+00:00,135.2,200,ask,YieldingYams,WavyWalnuts,7857990
2026-07-05T04:11:30.889023,2026-07-05T04:11:30.896731+00:00,135.3,20,bid,BrilliantBurritos,WavyWalnuts,7858016
2026-07-05T04:11:35.582087,2026-07-05T04:11:35.608431+00:00,135.0,200,ask,WavyWalnuts,YieldingYams,7858081
2026-07-05T04:11:35.604070,2026-07-05T04:11:35.608431+00:00,135.0,3,bid,Xuanyu Liu,YieldingYams,7858085
2026-07-05T04:11:40.896862,2026-07-05T04:11:40.909198+00:00,135.3,20,bid,BrilliantBurritos,WavyWalnuts,7858139
2026-07-05T04:11:47.410580,2026-07-05T04:11:47.420800+00:00,135.2,200,bid,YieldingYams,WavyWalnuts,7858213
2026-07-05T04:11:55.574590,2026-07-05T04:11:55.584432+00:00,135.1,200,bid,WavyWalnuts,YieldingYams,7858302
2026-07-05T04:11:56.784382,2026-07-05T04:11:56.796054+00:00,135.1,200,bid,WavyWalnuts,YieldingYams,7858315
2026-07-05T04:11:57.898540,2026-07-05T04:11:57.910180+00:00,135.0,500,ask,AverageAlmonds,YieldingYams,7858330
2026-07-05T04:11:57.992391,2026-07-05T04:11:58.002186+00:00,134.9,125,bid,WavyWalnuts,YieldingYams,7858331
2026-07-05T04:12:00.949126,2026-07-05T04:12:00.963968+00:00,135.0,20,ask,WavyWalnuts,BrilliantBurritos,7858367
2026-07-05T04:12:03.170724,2026-07-05T04:12:03.175008+00:00,135.1,3,ask,YieldingYams,Xuanyu Liu,7858396
2026-07-05T04:12:03.776550,2026-07-05T04:12:03.783875+00:00,135.1,20,ask,YieldingYams,BrilliantBurritos,7858401
2026-07-05T04:12:04.055914,2026-07-05T04:12:04.064588+00:00,135.1,200,ask,YieldingYams,WavyWalnuts,7858405
2026-07-05T04:12:05.591617,2026-07-05T04:12:05.596709+00:00,135.1,23,ask,AverageAlmonds,Xuanyu Liu,7858420
2026-07-05T04:12:05.890958,2026-07-05T04:12:05.898733+00:00,135.2,200,bid,AverageAlmonds,WavyWalnuts,7858426
2026-07-05T04:12:05.914394,2026-07-05T04:12:05.918671+00:00,135.2,11,ask,AverageAlmonds,Xuanyu Liu,7858429
2026-07-05T04:12:07.126227,2026-07-05T04:12:07.135082+00:00,135.3,500,bid,AverageAlmonds,YieldingYams,7858445
2026-07-05T04:12:07.685483,2026-07-05T04:12:07.706634+00:00,135.3,125,bid,WavyWalnuts,YieldingYams,7858452
2026-07-05T04:12:07.702451,2026-07-05T04:12:07.706634+00:00,135.3,12,ask,WavyWalnuts,Xuanyu Liu,7858454
2026-07-05T04:12:08.409220,2026-07-05T04:12:08.413369+00:00,135.4,4,ask,YieldingYams,Xuanyu Liu,7858469
2026-07-05T04:12:08.705512,2026-07-05T04:12:08.710281+00:00,135.5,4,bid,Xuanyu Liu,WavyWalnuts,7858475
2026-07-05T04:12:08.897217,2026-07-05T04:12:08.959367+00:00,135.4,200,ask,YieldingYams,WavyWalnuts,7858480
2026-07-05T04:12:09.358256,2026-07-05T04:12:09.370361+00:00,135.4,20,ask,YieldingYams,BrilliantBurritos,7858490
2026-07-05T04:12:12.340841,2026-07-05T04:12:12.358778+00:00,135.4,200,ask,WavyWalnuts,YieldingYams,7858526
2026-07-05T04:12:14.970953,2026-07-05T04:12:14.975393+00:00,135.3,12,bid,Xuanyu Liu,WavyWalnuts,7858561
2026-07-05T04:12:17.361765,2026-07-05T04:12:17.368990+00:00,135.3,200,ask,YieldingYams,WavyWalnuts,7858587
2026-07-05T04:12:19.796296,2026-07-05T04:12:19.804665+00:00,135.3,200,bid,WavyWalnuts,YieldingYams,7858619
2026-07-05T04:12:20.167478,2026-07-05T04:12:20.179394+00:00,135.0,20,ask,YieldingYams,BrilliantBurritos,7858620
2026-07-05T04:12:21.008733,2026-07-05T04:12:21.019449+00:00,135.2,200,bid,WavyWalnuts,YieldingYams,7858630
2026-07-05T04:12:21.566365,2026-07-05T04:12:21.570747+00:00,135.1,12,ask,YieldingYams,Xuanyu Liu,7858643
2026-07-05T04:12:22.216316,2026-07-05T04:12:22.227835+00:00,135.3,200,bid,WavyWalnuts,YieldingYams,7858650
2026-07-05T04:12:26.815800,2026-07-05T04:12:26.827795+00:00,135.3,200,ask,WavyWalnuts,YieldingYams,7858706
2026-07-05T04:12:29.526595,2026-07-05T04:12:29.531285+00:00,135.3,11,ask,WavyWalnuts,Xuanyu Liu,7858740
2026-07-05T04:12:32.468293,2026-07-05T04:12:32.480337+00:00,135.2,20,ask,WavyWalnuts,BrilliantBurritos,7858773
2026-07-05T04:12:33.115148,2026-07-05T04:12:33.125372+00:00,135.2,200,ask,YieldingYams,WavyWalnuts,7858780
2026-07-05T04:12:34.322835,2026-07-05T04:12:34.333131+00:00,135.2,200,ask,YieldingYams,WavyWalnuts,7858794
2026-07-05T04:12:36.154484,2026-07-05T04:12:36.163737+00:00,135.2,200,bid,AverageAlmonds,WavyWalnuts,7858815
2026-07-05T04:12:36.154484,2026-07-05T04:12:36.163737+00:00,135.2,300,bid,AverageAlmonds,YieldingYams,7858816
2026-07-05T04:12:36.770013,2026-07-05T04:12:36.777940+00:00,135.2,325,bid,AverageAlmonds,YieldingYams,7858823
2026-07-05T04:12:37.335028,2026-07-05T04:12:37.343654+00:00,135.4,200,ask,WavyWalnuts,YieldingYams,7858825
2026-07-05T04:12:38.588215,2026-07-05T04:12:38.597332+00:00,135.4,425,bid,AverageAlmonds,YieldingYams,7858839
2026-07-05T04:12:38.588215,2026-07-05T04:12:38.597332+00:00,135.4,75,bid,AverageAlmonds,WavyWalnuts,7858840
2026-07-05T04:12:38.642757,2026-07-05T04:12:38.649859+00:00,135.4,125,bid,YieldingYams,WavyWalnuts,7858843
2026-07-05T04:12:39.957482,2026-07-05T04:12:39.965439+00:00,135.6,200,bid,YieldingYams,WavyWalnuts,7858861
2026-07-05T04:12:40.432877,2026-07-05T04:12:40.444895+00:00,135.6,200,ask,YieldingYams,WavyWalnuts,7858869
2026-07-05T04:12:41.288718,2026-07-05T04:12:41.293517+00:00,135.7,11,bid,Xuanyu Liu,YieldingYams,7858877
2026-07-05T04:12:41.642032,2026-07-05T04:12:41.651173+00:00,135.7,200,bid,WavyWalnuts,YieldingYams,7858886
2026-07-05T04:12:45.550978,2026-07-05T04:12:45.558555+00:00,135.8,20,bid,BrilliantBurritos,WavyWalnuts,7858942
2026-07-05T04:12:46.518081,2026-07-05T04:12:46.525192+00:00,135.8,500,bid,YieldingYams,AverageAlmonds,7858954
2026-07-05T04:12:47.048318,2026-07-05T04:12:47.058587+00:00,135.8,125,ask,YieldingYams,AverageAlmonds,7858961
2026-07-05T04:12:47.827696,2026-07-05T04:12:47.846623+00:00,135.7,200,ask,WavyWalnuts,YieldingYams,7858971
2026-07-05T04:12:47.842325,2026-07-05T04:12:47.846623+00:00,135.7,12,bid,Xuanyu Liu,YieldingYams,7858973
2026-07-05T04:12:49.137946,2026-07-05T04:12:49.145037+00:00,135.6,200,ask,WavyWalnuts,YieldingYams,7858990
2026-07-05T04:12:49.165326,2026-07-05T04:12:49.169979+00:00,135.6,11,bid,Xuanyu Liu,YieldingYams,7858992
2026-07-05T04:12:51.766363,2026-07-05T04:12:51.775137+00:00,135.7,500,bid,YieldingYams,AverageAlmonds,7859033
2026-07-05T04:12:51.766363,2026-07-05T04:12:51.780504+00:00,135.7,125,bid,YieldingYams,WavyWalnuts,7859034
2026-07-05T04:12:53.077534,2026-07-05T04:12:53.085685+00:00,135.6,500,bid,YieldingYams,AverageAlmonds,7859057
2026-07-05T04:12:53.101875,2026-07-05T04:12:53.111587+00:00,135.6,125,ask,YieldingYams,AverageAlmonds,7859059
2026-07-05T04:12:53.627598,2026-07-05T04:12:53.639642+00:00,135.6,20,bid,BrilliantBurritos,AverageAlmonds,7859065
2026-07-05T04:12:54.388336,2026-07-05T04:12:54.396005+00:00,135.4,200,ask,WavyWalnuts,YieldingYams,7859073
2026-07-05T04:12:54.407737,2026-07-05T04:12:54.412281+00:00,135.3,26,bid,Xuanyu Liu,YieldingYams,7859075
2026-07-05T04:12:54.976775,2026-07-05T04:12:54.985821+00:00,135.3,200,bid,WavyWalnuts,YieldingYams,7859087
2026-07-05T04:12:56.186002,2026-07-05T04:12:56.193362+00:00,135.2,200,bid,WavyWalnuts,YieldingYams,7859110
2026-07-05T04:12:56.248244,2026-07-05T04:12:56.253176+00:00,135.0,3,ask,YieldingYams,Xuanyu Liu,7859113
2026-07-05T04:12:57.395109,2026-07-05T04:12:57.404011+00:00,135.3,200,bid,WavyWalnuts,YieldingYams,7859133
2026-07-05T04:12:57.666191,2026-07-05T04:12:57.678281+00:00,135.0,20,ask,YieldingYams,BrilliantBurritos,7859135
2026-07-05T04:12:58.322986,2026-07-05T04:12:58.331265+00:00,135.3,500,bid,YieldingYams,AverageAlmonds,7859147
2026-07-05T04:12:58.342385,2026-07-05T04:12:58.346479+00:00,135.3,5,ask,YieldingYams,Xuanyu Liu,7859150
2026-07-05T04:12:58.552370,2026-07-05T04:12:58.568668+00:00,135.3,120,ask,YieldingYams,AverageAlmonds,7859157
2026-07-05T04:12:59.412757,2026-07-05T04:12:59.417228+00:00,135.3,5,bid,Xuanyu Liu,AverageAlmonds,7859167
2026-07-05T04:12:59.632579,2026-07-05T04:12:59.652260+00:00,135.2,200,ask,WavyWalnuts,YieldingYams,7859174
2026-07-05T04:12:59.647850,2026-07-05T04:12:59.652260+00:00,135.1,3,bid,Xuanyu Liu,YieldingYams,7859176
2026-07-05T04:12:59.812406,2026-07-05T04:12:59.821829+00:00,135.1,200,bid,WavyWalnuts,YieldingYams,7859178
2026-07-05T04:13:01.597862,2026-07-05T04:13:01.606664+00:00,135.2,500,ask,YieldingYams,AverageAlmonds,7859195
2026-07-05T04:13:02.194615,2026-07-05T04:13:02.204223+00:00,135.2,125,ask,YieldingYams,AverageAlmonds,7859207
2026-07-05T04:13:02.253142,2026-07-05T04:13:02.253005+00:00,135.1,200,ask,WavyWalnuts,YieldingYams,7859210
2026-07-05T04:13:05.858356,2026-07-05T04:13:05.865780+00:00,135.0,200,bid,WavyWalnuts,YieldingYams,7859256
2026-07-05T04:13:08.702056,2026-07-05T04:13:08.713950+00:00,135.1,20,ask,WavyWalnuts,BrilliantBurritos,7859288
2026-07-05T04:13:10.090674,2026-07-05T04:13:10.101537+00:00,135.2,2,bid,Harold Schneider,YieldingYams,7859307
2026-07-05T04:13:10.709639,2026-07-05T04:13:10.717515+00:00,135.1,200,bid,WavyWalnuts,YieldingYams,7859322
2026-07-05T04:13:12.093858,2026-07-05T04:13:12.106014+00:00,135.1,20,ask,YieldingYams,BrilliantBurritos,7859342
2026-07-05T04:13:15.310505,2026-07-05T04:13:15.314883+00:00,135.0,14,ask,YieldingYams,Xuanyu Liu,7859386
2026-07-05T04:13:18.049611,2026-07-05T04:13:18.058578+00:00,135.1,200,bid,YieldingYams,WavyWalnuts,7859421
2026-07-05T04:13:19.184626,2026-07-05T04:13:19.193356+00:00,135.2,200,ask,YieldingYams,WavyWalnuts,7859435
2026-07-05T04:13:19.381861,2026-07-05T04:13:19.386743+00:00,135.1,14,bid,Xuanyu Liu,YieldingYams,7859439
2026-07-05T04:13:20.129464,2026-07-05T04:13:20.136624+00:00,135.1,2,bid,Harold Schneider,YieldingYams,7859445
2026-07-05T04:13:21.986713,2026-07-05T04:13:21.996110+00:00,135.0,200,ask,WavyWalnuts,YieldingYams,7859476
2026-07-05T04:13:22.372577,2026-07-05T04:13:22.384895+00:00,135.0,20,bid,BrilliantBurritos,YieldingYams,7859482
2026-07-05T04:13:25.151643,2026-07-05T04:13:25.153117+00:00,135.0,2,bid,Harold Schneider,YieldingYams,7859516
2026-07-05T04:13:25.240285,2026-07-05T04:13:25.256104+00:00,135.0,200,bid,WavyWalnuts,YieldingYams,7859518
2026-07-05T04:13:27.419229,2026-07-05T04:13:27.430940+00:00,135.0,20,ask,YieldingYams,BrilliantBurritos,7859554
2026-07-05T04:13:28.879768,2026-07-05T04:13:28.891144+00:00,135.2,200,bid,WavyWalnuts,YieldingYams,7859572
2026-07-05T04:13:29.550746,2026-07-05T04:13:29.557701+00:00,135.0,20,ask,YieldingYams,BrilliantBurritos,7859578
2026-07-05T04:13:30.169834,2026-07-05T04:13:30.178680+00:00,135.2,2,bid,Harold Schneider,WavyWalnuts,7859586
2026-07-05T04:13:31.175258,2026-07-05T04:13:31.186177+00:00,135.2,198,bid,YieldingYams,WavyWalnuts,7859597
2026-07-05T04:13:32.497043,2026-07-05T04:13:32.508736+00:00,135.3,20,bid,BrilliantBurritos,WavyWalnuts,7859613
2026-07-05T04:13:32.527357,2026-07-05T04:13:32.534801+00:00,135.2,200,ask,YieldingYams,WavyWalnuts,7859615
2026-07-05T04:13:35.092243,2026-07-05T04:13:35.104076+00:00,135.1,20,ask,YieldingYams,BrilliantBurritos,7859648
2026-07-05T04:13:35.150302,2026-07-05T04:13:35.154315+00:00,135.2,200,bid,YieldingYams,WavyWalnuts,7859653
2026-07-05T04:13:35.187809,2026-07-05T04:13:35.199880+00:00,135.2,10,ask,YieldingYams,Harold Schneider,7859654
2026-07-05T04:13:36.133809,2026-07-05T04:13:36.145785+00:00,135.3,20,bid,BrilliantBurritos,AverageAlmonds,7859665
2026-07-05T04:13:37.769274,2026-07-05T04:13:37.777498+00:00,135.2,500,bid,YieldingYams,AverageAlmonds,7859686
2026-07-05T04:13:37.769274,2026-07-05T04:13:37.782793+00:00,135.2,125,bid,YieldingYams,WavyWalnuts,7859687
2026-07-05T04:13:39.081916,2026-07-05T04:13:39.089503+00:00,134.9,200,ask,WavyWalnuts,YieldingYams,7859701
2026-07-05T04:13:39.795742,2026-07-05T04:13:39.805486+00:00,134.9,200,bid,WavyWalnuts,YieldingYams,7859717
2026-07-05T04:13:40.585015,2026-07-05T04:13:40.589151+00:00,135.0,3,bid,Xuanyu Liu,AverageAlmonds,7859725
2026-07-05T04:13:43.453925,2026-07-05T04:13:43.463672+00:00,135.1,200,bid,WavyWalnuts,YieldingYams,7859758
2026-07-05T04:13:44.333042,2026-07-05T04:13:44.344389+00:00,135.1,500,bid,YieldingYams,AverageAlmonds,7859766
2026-07-05T04:13:44.577525,2026-07-05T04:13:44.588017+00:00,135.1,125,ask,YieldingYams,AverageAlmonds,7859771
2026-07-05T04:13:44.669058,2026-07-05T04:13:44.678009+00:00,135.1,200,bid,WavyWalnuts,AverageAlmonds,7859773
2026-07-05T04:13:45.884452,2026-07-05T04:13:45.894951+00:00,135.0,200,bid,WavyWalnuts,YieldingYams,7859789
2026-07-05T04:13:49.522935,2026-07-05T04:13:49.533755+00:00,135.0,200,bid,WavyWalnuts,YieldingYams,7859838
2026-07-05T04:13:53.158496,2026-07-05T04:13:53.170402+00:00,135.1,200,ask,YieldingYams,WavyWalnuts,7859881
2026-07-05T04:14:01.433478,2026-07-05T04:14:01.437743+00:00,134.8,11,bid,Xuanyu Liu,YieldingYams,7859992
2026-07-05T04:14:04.067666,2026-07-05T04:14:04.076640+00:00,135.0,200,bid,YieldingYams,WavyWalnuts,7860027
2026-07-05T04:14:05.266264,2026-07-05T04:14:05.276958+00:00,135.0,200,ask,YieldingYams,WavyWalnuts,7860049
2026-07-05T04:14:06.496645,2026-07-05T04:14:06.501312+00:00,134.9,11,ask,WavyWalnuts,Xuanyu Liu,7860070
2026-07-05T04:14:06.687633,2026-07-05T04:14:06.702485+00:00,134.9,189,ask,WavyWalnuts,YieldingYams,7860074
2026-07-05T04:14:07.940243,2026-07-05T04:14:07.948895+00:00,134.8,20,ask,AverageAlmonds,BrilliantBurritos,7860087
2026-07-05T04:14:08.909667,2026-07-05T04:14:08.917878+00:00,134.9,200,ask,YieldingYams,WavyWalnuts,7860092
2026-07-05T04:14:10.914196,2026-07-05T04:14:10.904654+00:00,134.9,20,ask,WavyWalnuts,BrilliantBurritos,7860119
2026-07-05T04:14:12.550923,2026-07-05T04:14:12.564235+00:00,135.1,200,bid,WavyWalnuts,YieldingYams,7860134
2026-07-05T04:14:13.654367,2026-07-05T04:14:13.669112+00:00,134.9,20,ask,YieldingYams,BrilliantBurritos,7860147
2026-07-05T04:14:14.554180,2026-07-05T04:14:14.563994+00:00,135.0,200,ask,WavyWalnuts,YieldingYams,7860157
2026-07-05T04:14:17.173391,2026-07-05T04:14:17.194197+00:00,135.1,200,bid,YieldingYams,WavyWalnuts,7860194
2026-07-05T04:14:17.190006,2026-07-05T04:14:17.194197+00:00,135.1,3,ask,YieldingYams,Xuanyu Liu,7860196
2026-07-05T04:14:18.615705,2026-07-05T04:14:18.620109+00:00,135.3,3,bid,Xuanyu Liu,YieldingYams,7860216
2026-07-05T04:14:24.847617,2026-07-05T04:14:24.863821+00:00,135.2,20,ask,WavyWalnuts,BrilliantBurritos,7860298
2026-07-05T04:14:25.864578,2026-07-05T04:14:25.871428+00:00,135.3,200,bid,WavyWalnuts,YieldingYams,7860305
2026-07-05T04:14:27.073133,2026-07-05T04:14:27.083156+00:00,135.3,200,bid,WavyWalnuts,YieldingYams,7860326
2026-07-05T04:14:28.285738,2026-07-05T04:14:28.296682+00:00,135.4,200,ask,YieldingYams,WavyWalnuts,7860347
2026-07-05T04:14:29.497095,2026-07-05T04:14:29.504313+00:00,135.3,200,ask,YieldingYams,WavyWalnuts,7860370
2026-07-05T04:14:30.396567,2026-07-05T04:14:30.408797+00:00,135.3,20,ask,YieldingYams,BrilliantBurritos,7860379
2026-07-05T04:14:40.432345,2026-07-05T04:14:40.463673+00:00,135.6,20,bid,BrilliantBurritos,YieldingYams,7860496
2026-07-05T04:14:42.802964,2026-07-05T04:14:42.814616+00:00,135.6,200,bid,WavyWalnuts,YieldingYams,7860528
2026-07-05T04:14:45.709158,2026-07-05T04:14:45.764617+00:00,135.5,500,ask,YieldingYams,AverageAlmonds,7860558
2026-07-05T04:14:48.863322,2026-07-05T04:14:48.873915+00:00,135.4,200,ask,YieldingYams,WavyWalnuts,7860595
2026-07-05T04:14:50.256475,2026-07-05T04:14:50.260858+00:00,135.3,3,ask,YieldingYams,Xuanyu Liu,7860619
2026-07-05T04:14:52.498264,2026-07-05T04:14:52.508412+00:00,135.4,200,bid,WavyWalnuts,YieldingYams,7860645
2026-07-05T04:14:53.452244,2026-07-05T04:14:53.437064+00:00,135.4,20,bid,BrilliantBurritos,AverageAlmonds,7860659
2026-07-05T04:14:53.914798,2026-07-05T04:14:53.935670+00:00,135.4,500,bid,YieldingYams,AverageAlmonds,7860665
2026-07-05T04:14:53.931419,2026-07-05T04:14:53.935670+00:00,135.4,3,ask,YieldingYams,Xuanyu Liu,7860667
2026-07-05T04:14:56.583659,2026-07-05T04:14:56.587776+00:00,135.4,11,ask,WavyWalnuts,Xuanyu Liu,7860705
2026-07-05T04:14:58.565246,2026-07-05T04:14:58.574520+00:00,135.3,200,ask,YieldingYams,WavyWalnuts,7860728
2026-07-05T04:15:00.474795,2026-07-05T04:15:00.485362+00:00,135.4,200,bid,YieldingYams,WavyWalnuts,7860749
2026-07-05T04:15:00.980871,2026-07-05T04:15:00.987935+00:00,135.4,200,ask,YieldingYams,WavyWalnuts,7860757
2026-07-05T04:15:01.803715,2026-07-05T04:15:01.813242+00:00,135.4,20,bid,BrilliantBurritos,YieldingYams,7860761
2026-07-05T04:15:02.937480,2026-07-05T04:15:02.942484+00:00,135.1,12,ask,YieldingYams,Xuanyu Liu,7860785
2026-07-05T04:15:03.397242,2026-07-05T04:15:03.407792+00:00,135.2,200,ask,AverageAlmonds,WavyWalnuts,7860794
2026-07-05T04:15:04.605607,2026-07-05T04:15:04.615190+00:00,135.1,200,ask,YieldingYams,WavyWalnuts,7860812
2026-07-05T04:15:06.896796,2026-07-05T04:15:06.907256+00:00,135.2,200,bid,AverageAlmonds,WavyWalnuts,7860843
2026-07-05T04:15:10.240578,2026-07-05T04:15:10.258642+00:00,135.2,20,ask,WavyWalnuts,BrilliantBurritos,7860877
2026-07-05T04:15:14.305218,2026-07-05T04:15:14.312471+00:00,135.3,200,ask,AverageAlmonds,WavyWalnuts,7860941
2026-07-05T04:15:15.512957,2026-07-05T04:15:15.522649+00:00,135.3,200,ask,AverageAlmonds,WavyWalnuts,7860954
2026-07-05T04:15:16.229684,2026-07-05T04:15:16.233947+00:00,135.4,12,bid,Xuanyu Liu,YieldingYams,7860966
2026-07-05T04:15:16.722816,2026-07-05T04:15:16.732291+00:00,135.3,200,ask,AverageAlmonds,WavyWalnuts,7860977
2026-07-05T04:15:17.933515,2026-07-05T04:15:17.944225+00:00,135.3,200,ask,AverageAlmonds,WavyWalnuts,7860995
2026-07-05T04:15:19.141531,2026-07-05T04:15:19.158615+00:00,135.4,200,bid,WavyWalnuts,YieldingYams,7861007
2026-07-05T04:15:20.353676,2026-07-05T04:15:20.358636+00:00,135.5,200,bid,WavyWalnuts,YieldingYams,7861024
2026-07-05T04:15:25.210401,2026-07-05T04:15:25.218369+00:00,135.5,200,ask,YieldingYams,WavyWalnuts,7861083
2026-07-05T04:15:26.418526,2026-07-05T04:15:26.429604+00:00,135.5,200,ask,YieldingYams,WavyWalnuts,7861100
2026-07-05T04:15:26.710470,2026-07-05T04:15:26.714910+00:00,135.6,11,bid,Xuanyu Liu,YieldingYams,7861114
2026-07-05T04:15:28.004324,2026-07-05T04:15:28.014710+00:00,135.4,200,ask,WavyWalnuts,YieldingYams,7861127
2026-07-05T04:15:28.035283,2026-07-05T04:15:28.039869+00:00,135.4,3,bid,Xuanyu Liu,YieldingYams,7861132
2026-07-05T04:15:30.454078,2026-07-05T04:15:30.463975+00:00,135.4,20,bid,BrilliantBurritos,WavyWalnuts,7861163
2026-07-05T04:15:32.653104,2026-07-05T04:15:32.665067+00:00,135.5,20,bid,BrilliantBurritos,YieldingYams,7861190
2026-07-05T04:15:34.899127,2026-07-05T04:15:34.908298+00:00,135.5,200,bid,WavyWalnuts,YieldingYams,7861218
2026-07-05T04:15:35.646377,2026-07-05T04:15:35.663622+00:00,135.5,20,bid,BrilliantBurritos,YieldingYams,7861223
2026-07-05T04:15:40.261087,2026-07-05T04:15:40.272879+00:00,135.6,20,bid,BrilliantBurritos,AverageAlmonds,7861285
2026-07-05T04:15:41.999523,2026-07-05T04:15:42.011118+00:00,135.5,500,ask,YieldingYams,AverageAlmonds,7861310
2026-07-05T04:15:42.591087,2026-07-05T04:15:42.618681+00:00,135.5,200,ask,WavyWalnuts,AverageAlmonds,7861320
2026-07-05T04:15:42.614394,2026-07-05T04:15:42.618681+00:00,135.5,3,bid,Xuanyu Liu,AverageAlmonds,7861322
2026-07-05T04:15:44.592064,2026-07-05T04:15:44.599923+00:00,135.5,200,bid,WavyWalnuts,AverageAlmonds,7861345
2026-07-05T04:15:47.204297,2026-07-05T04:15:47.208739+00:00,135.5,11,bid,Xuanyu Liu,AverageAlmonds,7861373
2026-07-05T04:15:47.269713,2026-07-05T04:15:47.282211+00:00,135.4,20,ask,YieldingYams,BrilliantBurritos,7861374
2026-07-05T04:15:48.215790,2026-07-05T04:15:48.226015+00:00,135.5,200,bid,WavyWalnuts,YieldingYams,7861384
2026-07-05T04:15:49.424965,2026-07-05T04:15:49.439678+00:00,135.5,200,bid,WavyWalnuts,YieldingYams,7861396
2026-07-05T04:15:52.897226,2026-07-05T04:15:52.904701+00:00,135.4,200,ask,WavyWalnuts,AverageAlmonds,7861446
2026-07-05T04:15:52.951433,2026-07-05T04:15:52.958571+00:00,135.4,300,bid,YieldingYams,AverageAlmonds,7861448
2026-07-05T04:15:53.065533,2026-07-05T04:15:53.070368+00:00,135.5,11,ask,WavyWalnuts,Xuanyu Liu,7861452
2026-07-05T04:15:53.491134,2026-07-05T04:15:53.498219+00:00,135.5,189,ask,WavyWalnuts,AverageAlmonds,7861456
2026-07-05T04:15:54.266858,2026-07-05T04:15:54.274282+00:00,135.5,200,ask,WavyWalnuts,YieldingYams,7861465
2026-07-05T04:15:57.743710,2026-07-05T04:15:57.753342+00:00,135.3,200,ask,WavyWalnuts,AverageAlmonds,7861511
2026-07-05T04:15:59.107249,2026-07-05T04:15:59.119285+00:00,135.3,200,bid,WavyWalnuts,AverageAlmonds,7861527
2026-07-05T04:15:59.903016,2026-07-05T04:15:59.906812+00:00,135.0,3,ask,YieldingYams,Xuanyu Liu,7861541
2026-07-05T04:16:00.317697,2026-07-05T04:16:00.325451+00:00,135.2,200,bid,WavyWalnuts,YieldingYams,7861544
2026-07-05T04:16:02.138901,2026-07-05T04:16:02.142821+00:00,135.3,3,ask,YieldingYams,Xuanyu Liu,7861565
2026-07-05T04:16:03.728964,2026-07-05T04:16:03.740886+00:00,135.2,20,ask,YieldingYams,BrilliantBurritos,7861584
2026-07-05T04:16:06.078623,2026-07-05T04:16:06.082921+00:00,135.2,3,bid,Xuanyu Liu,YieldingYams,7861615
2026-07-05T04:16:06.369893,2026-07-05T04:16:06.381563+00:00,135.2,200,bid,WavyWalnuts,YieldingYams,7861618
2026-07-05T04:16:06.486469,2026-07-05T04:16:06.498488+00:00,134.9,20,ask,YieldingYams,BrilliantBurritos,7861621
2026-07-05T04:16:09.997169,2026-07-05T04:16:10.007430+00:00,135.3,200,bid,WavyWalnuts,YieldingYams,7861658
2026-07-05T04:16:11.206729,2026-07-05T04:16:11.216218+00:00,135.3,200,bid,WavyWalnuts,YieldingYams,7861674
2026-07-05T04:16:12.417244,2026-07-05T04:16:12.425338+00:00,135.3,200,ask,YieldingYams,WavyWalnuts,7861697
2026-07-05T04:16:12.549962,2026-07-05T04:16:12.554063+00:00,135.5,3,bid,Xuanyu Liu,YieldingYams,7861700
2026-07-05T04:16:15.283308,2026-07-05T04:16:15.294174+00:00,135.5,500,bid,AverageAlmonds,YieldingYams,7861732
2026-07-05T04:16:16.047286,2026-07-05T04:16:16.058637+00:00,135.5,125,bid,WavyWalnuts,YieldingYams,7861750
2026-07-05T04:16:16.549889,2026-07-05T04:16:16.558584+00:00,135.6,20,ask,YieldingYams,BrilliantBurritos,7861756
2026-07-05T04:16:22.152811,2026-07-05T04:16:22.157132+00:00,136.0,11,bid,Xuanyu Liu,WavyWalnuts,7861812
2026-07-05T04:16:23.308727,2026-07-05T04:16:23.319035+00:00,135.9,200,ask,YieldingYams,WavyWalnuts,7861836
2026-07-05T04:16:24.409160,2026-07-05T04:16:24.413022+00:00,135.9,12,bid,Xuanyu Liu,YieldingYams,7861847
2026-07-05T04:16:25.724402,2026-07-05T04:16:25.733285+00:00,135.9,200,bid,WavyWalnuts,YieldingYams,7861867
2026-07-05T04:16:26.948874,2026-07-05T04:16:26.953209+00:00,135.8,11,bid,Xuanyu Liu,WavyWalnuts,7861888
2026-07-05T04:16:27.019655,2026-07-05T04:16:27.030077+00:00,135.8,189,bid,YieldingYams,WavyWalnuts,7861894
2026-07-05T04:16:28.141040,2026-07-05T04:16:28.150619+00:00,135.8,200,ask,YieldingYams,WavyWalnuts,7861906
2026-07-05T04:16:29.364568,2026-07-05T04:16:29.368882+00:00,135.8,12,bid,Xuanyu Liu,WavyWalnuts,7861932
2026-07-05T04:16:31.624975,2026-07-05T04:16:31.634831+00:00,135.8,20,bid,BrilliantBurritos,WavyWalnuts,7861963
2026-07-05T04:16:32.267419,2026-07-05T04:16:32.278660+00:00,135.7,200,ask,WavyWalnuts,YieldingYams,7861976
2026-07-05T04:16:33.580829,2026-07-05T04:16:33.590198+00:00,135.7,200,bid,YieldingYams,WavyWalnuts,7861988
2026-07-05T04:16:37.512589,2026-07-05T04:16:37.524463+00:00,135.6,200,ask,WavyWalnuts,YieldingYams,7862030
2026-07-05T04:16:37.854692,2026-07-05T04:16:37.859127+00:00,135.5,12,ask,WavyWalnuts,Xuanyu Liu,7862035
2026-07-05T04:16:40.278265,2026-07-05T04:16:40.286909+00:00,135.6,11,ask,WavyWalnuts,Xuanyu Liu,7862070
2026-07-05T04:16:42.701289,2026-07-05T04:16:42.706102+00:00,135.6,11,bid,Xuanyu Liu,WavyWalnuts,7862098
2026-07-05T04:16:48.371327,2026-07-05T04:16:48.383500+00:00,135.3,20,ask,WavyWalnuts,BrilliantBurritos,7862177
2026-07-05T04:16:51.477057,2026-07-05T04:16:51.489127+00:00,135.6,20,bid,BrilliantBurritos,YieldingYams,7862213
2026-07-05T04:16:55.888244,2026-07-05T04:16:55.900023+00:00,135.5,200,ask,WavyWalnuts,YieldingYams,7862271
2026-07-05T04:16:58.058177,2026-07-05T04:16:58.070227+00:00,135.5,2,bid,Harold Schneider,YieldingYams,7862305
2026-07-05T04:16:58.427516,2026-07-05T04:16:58.439644+00:00,135.5,200,bid,WavyWalnuts,YieldingYams,7862309
2026-07-05T04:17:01.141982,2026-07-05T04:17:01.153902+00:00,135.7,200,bid,YieldingYams,WavyWalnuts,7862337
2026-07-05T04:17:03.069479,2026-07-05T04:17:03.081356+00:00,135.8,2,bid,Harold Schneider,WavyWalnuts,7862360
2026-07-05T04:17:08.087174,2026-07-05T04:17:08.096936+00:00,135.5,25,bid,Harold Schneider,YieldingYams,7862414
2026-07-05T04:17:08.093445,2026-07-05T04:17:08.102169+00:00,135.5,2,bid,Harold Schneider,YieldingYams,7862415
2026-07-05T04:17:10.406013,2026-07-05T04:17:10.410796+00:00,135.4,11,ask,AverageAlmonds,Xuanyu Liu,7862445
2026-07-05T04:17:12.203393,2026-07-05T04:17:12.207166+00:00,135.5,12,ask,AverageAlmonds,Xuanyu Liu,7862469
2026-07-05T04:17:13.121058,2026-07-05T04:17:13.132462+00:00,135.6,25,bid,Harold Schneider,WavyWalnuts,7862477
2026-07-05T04:17:13.126449,2026-07-05T04:17:13.137681+00:00,135.6,2,bid,Harold Schneider,WavyWalnuts,7862478
2026-07-05T04:17:13.899668,2026-07-05T04:17:13.912038+00:00,135.5,20,ask,YieldingYams,BrilliantBurritos,7862487
2026-07-05T04:17:15.227429,2026-07-05T04:17:15.238133+00:00,135.5,500,bid,AverageAlmonds,YieldingYams,7862500
2026-07-05T04:17:15.394844,2026-07-05T04:17:15.406127+00:00,135.5,125,bid,WavyWalnuts,YieldingYams,7862503
2026-07-05T04:17:16.606761,2026-07-05T04:17:16.616240+00:00,135.6,200,ask,YieldingYams,WavyWalnuts,7862521
2026-07-05T04:17:18.139427,2026-07-05T04:17:18.151669+00:00,135.7,2,bid,Harold Schneider,YieldingYams,7862534
2026-07-05T04:17:20.232612,2026-07-05T04:17:20.240786+00:00,135.6,200,bid,WavyWalnuts,YieldingYams,7862561
2026-07-05T04:17:21.028871,2026-07-05T04:17:21.037663+00:00,135.7,20,bid,BrilliantBurritos,YieldingYams,7862571
2026-07-05T04:17:22.126433,2026-07-05T04:17:22.138239+00:00,135.6,200,bid,YieldingYams,WavyWalnuts,7862588
2026-07-05T04:17:22.650325,2026-07-05T04:17:22.658632+00:00,135.7,200,ask,YieldingYams,WavyWalnuts,7862589
2026-07-05T04:17:23.974329,2026-07-05T04:17:23.986780+00:00,135.6,20,ask,WavyWalnuts,BrilliantBurritos,7862608
2026-07-05T04:17:26.367870,2026-07-05T04:17:26.380135+00:00,135.7,20,ask,YieldingYams,BrilliantBurritos,7862636
2026-07-05T04:17:27.510503,2026-07-05T04:17:27.515087+00:00,135.8,11,ask,WavyWalnuts,Xuanyu Liu,7862654
2026-07-05T04:17:28.430154,2026-07-05T04:17:28.442143+00:00,135.8,20,ask,WavyWalnuts,BrilliantBurritos,7862663
2026-07-05T04:17:28.689273,2026-07-05T04:17:28.697789+00:00,135.8,169,ask,WavyWalnuts,YieldingYams,7862667
2026-07-05T04:17:29.916759,2026-07-05T04:17:29.924606+00:00,135.8,200,bid,WavyWalnuts,YieldingYams,7862679
2026-07-05T04:17:32.355995,2026-07-05T04:17:32.360020+00:00,135.9,3,ask,WavyWalnuts,Xuanyu Liu,7862708
2026-07-05T04:17:32.626283,2026-07-05T04:17:32.637733+00:00,135.9,197,ask,WavyWalnuts,YieldingYams,7862713
2026-07-05T04:17:38.169274,2026-07-05T04:17:38.176664+00:00,135.6,25,ask,YieldingYams,Harold Schneider,7862790
2026-07-05T04:17:38.400665,2026-07-05T04:17:38.409526+00:00,135.6,200,ask,YieldingYams,WavyWalnuts,7862795
2026-07-05T04:17:40.000647,2026-07-05T04:17:40.013030+00:00,135.7,20,bid,BrilliantBurritos,YieldingYams,7862818
2026-07-05T04:17:49.672296,2026-07-05T04:17:49.679892+00:00,136.0,200,bid,YieldingYams,WavyWalnuts,7862944
2026-07-05T04:17:51.722739,2026-07-05T04:17:51.731895+00:00,136.1,200,ask,YieldingYams,WavyWalnuts,7862973
2026-07-05T04:17:53.600585,2026-07-05T04:17:53.609248+00:00,135.9,200,ask,WavyWalnuts,YieldingYams,7862998
2026-07-05T04:18:02.785958,2026-07-05T04:18:02.794860+00:00,135.8,200,bid,YieldingYams,WavyWalnuts,7863108
2026-07-05T04:18:06.303040,2026-07-05T04:18:06.307089+00:00,135.8,3,bid,Xuanyu Liu,WavyWalnuts,7863148
2026-07-05T04:18:06.448740,2026-07-05T04:18:06.453211+00:00,135.8,11,bid,Xuanyu Liu,WavyWalnuts,7863150
2026-07-05T04:18:07.524901,2026-07-05T04:18:07.530259+00:00,135.7,12,bid,Xuanyu Liu,WavyWalnuts,7863162
2026-07-05T04:18:07.653912,2026-07-05T04:18:07.666015+00:00,135.6,20,ask,YieldingYams,BrilliantBurritos,7863165
2026-07-05T04:18:08.024642,2026-07-05T04:18:08.035978+00:00,135.7,188,bid,YieldingYams,WavyWalnuts,7863172
2026-07-05T04:18:08.216305,2026-07-05T04:18:08.225575+00:00,135.9,25,bid,Harold Schneider,AverageAlmonds,7863179
2026-07-05T04:18:08.710841,2026-07-05T04:18:08.718412+00:00,135.8,200,ask,YieldingYams,WavyWalnuts,7863183
2026-07-05T04:18:10.646771,2026-07-05T04:18:10.658561+00:00,135.7,200,ask,WavyWalnuts,YieldingYams,7863203
2026-07-05T04:18:11.651852,2026-07-05T04:18:11.663674+00:00,135.7,20,bid,BrilliantBurritos,YieldingYams,7863210
2026-07-05T04:18:12.865375,2026-07-05T04:18:12.870334+00:00,135.6,12,ask,YieldingYams,Xuanyu Liu,7863226
2026-07-05T04:18:14.293845,2026-07-05T04:18:14.300864+00:00,135.5,20,ask,YieldingYams,BrilliantBurritos,7863242
2026-07-05T04:18:19.210268,2026-07-05T04:18:19.215097+00:00,135.6,14,ask,YieldingYams,Xuanyu Liu,7863294
2026-07-05T04:18:21.155219,2026-07-05T04:18:21.158561+00:00,135.6,200,ask,WavyWalnuts,YieldingYams,7863312
2026-07-05T04:18:24.046498,2026-07-05T04:18:24.058630+00:00,135.6,20,ask,WavyWalnuts,BrilliantBurritos,7863349
2026-07-05T04:18:26.397089,2026-07-05T04:18:26.405244+00:00,135.6,200,ask,WavyWalnuts,YieldingYams,7863381
2026-07-05T04:18:26.889048,2026-07-05T04:18:26.899149+00:00,135.5,200,bid,WavyWalnuts,YieldingYams,7863389
2026-07-05T04:18:27.565924,2026-07-05T04:18:27.576295+00:00,135.3,20,ask,YieldingYams,BrilliantBurritos,7863400
2026-07-05T04:18:28.244797,2026-07-05T04:18:28.258575+00:00,135.6,25,ask,YieldingYams,Harold Schneider,7863410
2026-07-05T04:18:33.277083,2026-07-05T04:18:33.288815+00:00,135.8,2,bid,Harold Schneider,WavyWalnuts,7863479
2026-07-05T04:18:36.890102,2026-07-05T04:18:36.897813+00:00,135.6,10,ask,Harold Schneider,YieldingYams,7863514
2026-07-05T04:18:36.890102,2026-07-05T04:18:36.902807+00:00,135.6,200,ask,WavyWalnuts,YieldingYams,7863515
2026-07-05T04:18:39.507578,2026-07-05T04:18:39.516381+00:00,135.7,10,bid,YieldingYams,Harold Schneider,7863557
2026-07-05T04:18:40.399804,2026-07-05T04:18:40.412437+00:00,135.9,20,bid,BrilliantBurritos,WavyWalnuts,7863569
2026-07-05T04:18:41.424606,2026-07-05T04:18:41.436172+00:00,135.8,200,ask,YieldingYams,WavyWalnuts,7863581
2026-07-05T04:18:47.476240,2026-07-05T04:18:47.485312+00:00,135.7,200,ask,AverageAlmonds,WavyWalnuts,7863650
2026-07-05T04:18:49.897924,2026-07-05T04:18:49.908063+00:00,135.7,200,ask,YieldingYams,WavyWalnuts,7863670
2026-07-05T04:18:50.862450,2026-07-05T04:18:50.888115+00:00,135.7,500,bid,AverageAlmonds,YieldingYams,7863681
2026-07-05T04:18:51.117837,2026-07-05T04:18:51.122807+00:00,135.6,3,ask,WavyWalnuts,Xuanyu Liu,7863687
2026-07-05T04:18:51.347882,2026-07-05T04:18:51.352133+00:00,135.7,11,ask,YieldingYams,Xuanyu Liu,7863692
2026-07-05T04:18:52.109836,2026-07-05T04:18:52.121504+00:00,135.7,20,ask,YieldingYams,BrilliantBurritos,7863701
2026-07-05T04:18:52.652826,2026-07-05T04:18:52.670241+00:00,135.8,200,bid,YieldingYams,WavyWalnuts,7863709
2026-07-05T04:18:52.666127,2026-07-05T04:18:52.670241+00:00,135.8,12,ask,YieldingYams,Xuanyu Liu,7863711
2026-07-05T04:18:55.275755,2026-07-05T04:18:55.297177+00:00,135.8,200,ask,WavyWalnuts,YieldingYams,7863746
2026-07-05T04:18:55.292812,2026-07-05T04:18:55.297177+00:00,135.7,12,bid,Xuanyu Liu,YieldingYams,7863748
2026-07-05T04:18:55.711418,2026-07-05T04:18:55.719030+00:00,135.7,413,bid,AverageAlmonds,YieldingYams,7863750
2026-07-05T04:18:56.679274,2026-07-05T04:18:56.691663+00:00,135.9,20,bid,BrilliantBurritos,WavyWalnuts,7863759
2026-07-05T04:18:57.211755,2026-07-05T04:18:57.217294+00:00,135.7,12,ask,AverageAlmonds,Xuanyu Liu,7863768
2026-07-05T04:18:57.547598,2026-07-05T04:18:57.552306+00:00,135.8,11,ask,AverageAlmonds,Xuanyu Liu,7863775
2026-07-05T04:18:57.898936,2026-07-05T04:18:57.908736+00:00,135.8,489,ask,AverageAlmonds,YieldingYams,7863776
2026-07-05T04:18:57.898936,2026-07-05T04:18:57.908736+00:00,135.7,136,ask,WavyWalnuts,YieldingYams,7863777
2026-07-05T04:19:03.155481,2026-07-05T04:19:03.158608+00:00,135.9,200,bid,YieldingYams,WavyWalnuts,7863838
2026-07-05T04:19:04.468992,2026-07-05T04:19:04.479522+00:00,135.9,200,ask,WavyWalnuts,YieldingYams,7863863
2026-07-05T04:19:05.414239,2026-07-05T04:19:05.424427+00:00,135.9,425,bid,AverageAlmonds,YieldingYams,7863872
2026-07-05T04:19:06.223427,2026-07-05T04:19:06.234335+00:00,136.0,20,bid,BrilliantBurritos,WavyWalnuts,7863892
2026-07-05T04:19:06.620997,2026-07-05T04:19:06.630756+00:00,136.0,180,bid,AverageAlmonds,WavyWalnuts,7863897
2026-07-05T04:19:07.095022,2026-07-05T04:19:07.104957+00:00,136.0,320,ask,AverageAlmonds,YieldingYams,7863903
2026-07-05T04:19:11.027226,2026-07-05T04:19:11.035349+00:00,135.9,200,ask,WavyWalnuts,YieldingYams,7863955
2026-07-05T04:19:14.957013,2026-07-05T04:19:14.969206+00:00,136.1,200,bid,YieldingYams,WavyWalnuts,7863998
2026-07-05T04:19:15.286534,2026-07-05T04:19:15.294443+00:00,136.1,200,ask,YieldingYams,WavyWalnuts,7864001
2026-07-05T04:19:16.282995,2026-07-05T04:19:16.287098+00:00,136.1,23,bid,Xuanyu Liu,YieldingYams,7864014
2026-07-05T04:19:16.495461,2026-07-05T04:19:16.503460+00:00,135.9,200,ask,YieldingYams,WavyWalnuts,7864021
2026-07-05T04:19:17.710730,2026-07-05T04:19:17.717427+00:00,135.9,200,ask,AverageAlmonds,WavyWalnuts,7864040
2026-07-05T04:19:18.918815,2026-07-05T04:19:18.926359+00:00,136.0,200,ask,YieldingYams,WavyWalnuts,7864049
2026-07-05T04:19:20.127292,2026-07-05T04:19:20.135799+00:00,136.0,200,ask,YieldingYams,WavyWalnuts,7864062
2026-07-05T04:19:21.353974,2026-07-05T04:19:21.358829+00:00,135.9,11,bid,Xuanyu Liu,WavyWalnuts,7864084
2026-07-05T04:19:22.972152,2026-07-05T04:19:22.982294+00:00,135.8,200,bid,AverageAlmonds,WavyWalnuts,7864106
2026-07-05T04:19:24.962297,2026-07-05T04:19:24.974304+00:00,135.9,200,ask,AverageAlmonds,WavyWalnuts,7864129
2026-07-05T04:19:26.171874,2026-07-05T04:19:26.180895+00:00,136.1,200,ask,YieldingYams,WavyWalnuts,7864139
2026-07-05T04:19:26.755309,2026-07-05T04:19:26.759934+00:00,136.1,3,bid,Xuanyu Liu,YieldingYams,7864148
2026-07-05T04:19:28.046350,2026-07-05T04:19:28.058598+00:00,136.0,500,ask,AverageAlmonds,YieldingYams,7864167
2026-07-05T04:19:28.415003,2026-07-05T04:19:28.426947+00:00,136.0,125,bid,AverageAlmonds,YieldingYams,7864173
2026-07-05T04:19:33.449872,2026-07-05T04:19:33.458596+00:00,136.1,200,bid,WavyWalnuts,YieldingYams,7864234
2026-07-05T04:19:35.878035,2026-07-05T04:19:35.890048+00:00,136.1,200,ask,YieldingYams,WavyWalnuts,7864266
2026-07-05T04:19:37.103024,2026-07-05T04:19:37.110296+00:00,136.1,200,ask,YieldingYams,WavyWalnuts,7864281
2026-07-05T04:19:37.609253,2026-07-05T04:19:37.621469+00:00,136.0,20,ask,YieldingYams,BrilliantBurritos,7864288
2026-07-05T04:19:40.750011,2026-07-05T04:19:40.758633+00:00,136.1,200,ask,YieldingYams,WavyWalnuts,7864321
2026-07-05T04:19:41.959113,2026-07-05T04:19:41.969112+00:00,136.0,200,ask,YieldingYams,WavyWalnuts,7864341
2026-07-05T04:19:43.792791,2026-07-05T04:19:43.800376+00:00,135.9,200,ask,WavyWalnuts,YieldingYams,7864364
2026-07-05T04:19:45.360929,2026-07-05T04:19:45.369180+00:00,135.9,500,bid,AverageAlmonds,YieldingYams,7864385
2026-07-05T04:19:45.954010,2026-07-05T04:19:45.968673+00:00,135.9,125,bid,AverageAlmonds,YieldingYams,7864396
2026-07-05T04:19:46.413553,2026-07-05T04:19:46.421908+00:00,135.9,375,ask,AverageAlmonds,YieldingYams,7864400
2026-07-05T04:19:46.574113,2026-07-05T04:19:46.583084+00:00,135.9,250,bid,AverageAlmonds,YieldingYams,7864401
2026-07-05T04:19:46.574113,2026-07-05T04:19:46.583084+00:00,136.0,200,bid,AverageAlmonds,WavyWalnuts,7864402
2026-07-05T04:19:48.015597,2026-07-05T04:19:48.025305+00:00,136.0,200,ask,YieldingYams,WavyWalnuts,7864432
2026-07-05T04:19:49.046125,2026-07-05T04:19:49.058611+00:00,136.0,500,ask,AverageAlmonds,YieldingYams,7864447
2026-07-05T04:19:49.590514,2026-07-05T04:19:49.602682+00:00,136.0,125,bid,AverageAlmonds,YieldingYams,7864450
2026-07-05T04:19:50.358713,2026-07-05T04:19:50.370687+00:00,136.1,200,bid,YieldingYams,WavyWalnuts,7864468
2026-07-05T04:19:51.174476,2026-07-05T04:19:51.184463+00:00,136.1,20,ask,YieldingYams,BrilliantBurritos,7864479
2026-07-05T04:19:52.851573,2026-07-05T04:19:52.858554+00:00,136.3,200,bid,WavyWalnuts,YieldingYams,7864506
2026-07-05T04:19:55.603894,2026-07-05T04:19:55.610926+00:00,136.2,200,ask,WavyWalnuts,YieldingYams,7864537
2026-07-05T04:19:56.476519,2026-07-05T04:19:56.486592+00:00,136.2,200,bid,WavyWalnuts,YieldingYams,7864545
2026-07-05T04:19:56.855263,2026-07-05T04:19:56.863780+00:00,136.2,225,bid,AverageAlmonds,YieldingYams,7864549
2026-07-05T04:19:57.245282,2026-07-05T04:19:57.257320+00:00,136.6,20,bid,BrilliantBurritos,WavyWalnuts,7864556
2026-07-05T04:19:58.899828,2026-07-05T04:19:58.908076+00:00,136.3,200,ask,YieldingYams,WavyWalnuts,7864566
2026-07-05T04:20:00.859879,2026-07-05T04:20:00.867294+00:00,136.5,200,bid,YieldingYams,WavyWalnuts,7864592
2026-07-05T04:20:02.040472,2026-07-05T04:20:02.053064+00:00,136.5,20,ask,YieldingYams,BrilliantBurritos,7864603
2026-07-05T04:20:02.580902,2026-07-05T04:20:02.588051+00:00,136.5,200,ask,YieldingYams,WavyWalnuts,7864611
2026-07-05T04:20:08.723100,2026-07-05T04:20:08.730744+00:00,136.4,200,bid,YieldingYams,WavyWalnuts,7864670
2026-07-05T04:20:09.862317,2026-07-05T04:20:09.873903+00:00,136.5,200,ask,YieldingYams,WavyWalnuts,7864687
2026-07-05T04:20:12.576227,2026-07-05T04:20:12.588069+00:00,136.7,20,bid,BrilliantBurritos,YieldingYams,7864720
2026-07-05T04:20:13.486703,2026-07-05T04:20:13.495026+00:00,136.7,200,ask,YieldingYams,WavyWalnuts,7864741
2026-07-05T04:20:15.901947,2026-07-05T04:20:15.910899+00:00,136.6,200,ask,YieldingYams,WavyWalnuts,7864767
2026-07-05T04:20:16.607861,2026-07-05T04:20:16.612100+00:00,136.4,3,bid,Xuanyu Liu,YieldingYams,7864777
2026-07-05T04:20:17.108621,2026-07-05T04:20:17.118137+00:00,136.4,200,bid,WavyWalnuts,YieldingYams,7864784
2026-07-05T04:20:18.032666,2026-07-05T04:20:18.044782+00:00,136.2,20,ask,AverageAlmonds,BrilliantBurritos,7864793
2026-07-05T04:20:20.535368,2026-07-05T04:20:20.545631+00:00,136.3,200,bid,YieldingYams,WavyWalnuts,7864834
2026-07-05T04:20:23.160167,2026-07-05T04:20:23.169085+00:00,136.3,200,ask,YieldingYams,WavyWalnuts,7864877
2026-07-05T04:20:24.368604,2026-07-05T04:20:24.376800+00:00,136.3,200,ask,YieldingYams,WavyWalnuts,7864891
2026-07-05T04:20:25.781810,2026-07-05T04:20:25.788989+00:00,136.3,200,bid,YieldingYams,WavyWalnuts,7864910
2026-07-05T04:20:25.800072,2026-07-05T04:20:25.804165+00:00,136.3,3,ask,YieldingYams,Xuanyu Liu,7864912
