timestamp,recv_time,price,volume,aggressor_side,buyer,seller,trade_id
2026-07-01T04:15:00.481795,2026-06-30T18:15:01.645435+00:00,71.1,10,ask,WavyWalnuts,Andy Garg,994548
2026-07-01T04:15:00.520815,2026-06-30T18:15:01.678576+00:00,71.1,190,ask,WavyWalnuts,YieldingYams,994550
2026-07-01T04:15:00.541436,2026-06-30T18:15:01.700575+00:00,70.9,5,ask,AverageAlmonds,Andy Garg,994553
2026-07-01T04:15:00.651653,2026-06-30T18:15:01.809061+00:00,70.9,5,ask,AverageAlmonds,Andy Garg,994558
2026-07-01T04:15:01.632433,2026-06-30T18:15:02.792347+00:00,71.0,10,ask,WavyWalnuts,Andy Garg,994570
2026-07-01T04:15:01.844429,2026-06-30T18:15:03.009641+00:00,71.1,10,ask,YieldingYams,Andy Garg,994572
2026-07-01T04:15:02.314053,2026-06-30T18:15:03.480192+00:00,71.2,25,bid,Andy Garg,WavyWalnuts,994580
2026-07-01T04:15:02.789119,2026-06-30T18:15:03.954117+00:00,71.1,200,ask,YieldingYams,WavyWalnuts,994586
2026-07-01T04:15:05.210134,2026-06-30T18:15:06.369173+00:00,71.1,200,bid,WavyWalnuts,YieldingYams,994622
2026-07-01T04:15:07.067877,2026-06-30T18:15:08.227222+00:00,71.0,200,ask,WavyWalnuts,YieldingYams,994649
2026-07-01T04:15:07.104635,2026-06-30T18:15:08.260248+00:00,70.9,30,ask,AverageAlmonds,Andy Garg,994650
2026-07-01T04:15:07.266445,2026-06-30T18:15:08.424318+00:00,70.9,30,ask,AverageAlmonds,Andy Garg,994655
2026-07-01T04:15:07.429153,2026-06-30T18:15:08.589007+00:00,70.9,35,ask,AverageAlmonds,Andy Garg,994658
2026-07-01T04:15:07.605562,2026-06-30T18:15:08.764504+00:00,71.0,425,bid,AverageAlmonds,YieldingYams,994664
2026-07-01T04:15:07.648962,2026-06-30T18:15:08.808061+00:00,71.0,5,ask,AverageAlmonds,Andy Garg,994668
2026-07-01T04:15:09.177115,2026-06-30T18:15:10.337888+00:00,71.1,15,bid,Andy Garg,WavyWalnuts,994688
2026-07-01T04:15:09.684235,2026-06-30T18:15:10.840038+00:00,71.1,185,bid,YieldingYams,WavyWalnuts,994699
2026-07-01T04:15:10.062328,2026-06-30T18:15:11.223083+00:00,71.1,200,ask,YieldingYams,WavyWalnuts,994705
2026-07-01T04:15:10.995750,2026-06-30T18:15:12.150275+00:00,71.0,200,ask,WavyWalnuts,YieldingYams,994715
2026-07-01T04:15:10.998665,2026-06-30T18:15:12.161276+00:00,71.0,85,bid,Andy Garg,YieldingYams,994716
2026-07-01T04:15:14.031062,2026-06-30T18:15:15.191524+00:00,70.9,40,ask,YieldingYams,Andy Garg,994763
2026-07-01T04:15:14.241580,2026-06-30T18:15:15.399214+00:00,70.9,40,ask,YieldingYams,Andy Garg,994766
2026-07-01T04:15:14.405675,2026-06-30T18:15:15.564627+00:00,70.9,20,ask,YieldingYams,Andy Garg,994771
2026-07-01T04:15:14.931035,2026-06-30T18:15:16.088909+00:00,70.9,200,ask,WavyWalnuts,YieldingYams,994785
2026-07-01T04:15:19.190055,2026-06-30T18:15:20.349826+00:00,71.0,15,bid,Andy Garg,WavyWalnuts,994833
2026-07-01T04:15:19.452476,2026-06-30T18:15:20.610898+00:00,71.0,40,bid,Andy Garg,WavyWalnuts,994837
2026-07-01T04:15:19.781492,2026-06-30T18:15:20.938768+00:00,71.0,200,bid,WavyWalnuts,YieldingYams,994845
2026-07-01T04:15:19.786204,2026-06-30T18:15:20.949768+00:00,71.0,45,bid,Andy Garg,YieldingYams,994846
2026-07-01T04:15:21.016401,2026-06-30T18:15:22.176901+00:00,71.0,150,ask,WavyWalnuts,Chester Au,994868
2026-07-01T04:15:21.037876,2026-06-30T18:15:22.198948+00:00,71.0,50,ask,WavyWalnuts,Chester Au,994869
2026-07-01T04:15:24.630231,2026-06-30T18:15:25.792102+00:00,70.8,200,ask,YieldingYams,WavyWalnuts,994923
2026-07-01T04:15:25.393135,2026-06-30T18:15:26.555652+00:00,70.9,20,bid,BrilliantBurritos,YieldingYams,994939
2026-07-01T04:15:25.402365,2026-06-30T18:15:26.566653+00:00,70.8,500,ask,AverageAlmonds,YieldingYams,994940
2026-07-01T04:15:25.784206,2026-06-30T18:15:26.948832+00:00,70.8,125,bid,AverageAlmonds,YieldingYams,994943
2026-07-01T04:15:26.708261,2026-06-30T18:15:27.865385+00:00,70.9,200,bid,YieldingYams,WavyWalnuts,994959
2026-07-01T04:15:29.467044,2026-06-30T18:15:30.629159+00:00,71.0,200,bid,WavyWalnuts,YieldingYams,995006
2026-07-01T04:15:30.676229,2026-06-30T18:15:31.831188+00:00,71.1,200,ask,YieldingYams,WavyWalnuts,995022
2026-07-01T04:15:31.888640,2026-06-30T18:15:33.045847+00:00,71.1,200,ask,YieldingYams,WavyWalnuts,995038
2026-07-01T04:15:31.949539,2026-06-30T18:15:33.111366+00:00,71.2,500,bid,YieldingYams,AverageAlmonds,995040
2026-07-01T04:15:31.968745,2026-06-30T18:15:33.132397+00:00,71.2,10,ask,YieldingYams,Andy Garg,995041
2026-07-01T04:15:32.452871,2026-06-30T18:15:33.612321+00:00,71.2,115,ask,YieldingYams,AverageAlmonds,995051
2026-07-01T04:15:33.111458,2026-06-30T18:15:34.267680+00:00,71.0,20,ask,WavyWalnuts,BrilliantBurritos,995074
2026-07-01T04:15:33.439080,2026-06-30T18:15:34.594640+00:00,71.1,10,bid,Andy Garg,YieldingYams,995079
2026-07-01T04:15:34.320972,2026-06-30T18:15:35.490820+00:00,71.1,200,bid,WavyWalnuts,YieldingYams,995090
2026-07-01T04:15:34.567100,2026-06-30T18:15:35.731783+00:00,71.2,500,bid,YieldingYams,AverageAlmonds,995095
2026-07-01T04:15:34.567100,2026-06-30T18:15:35.731783+00:00,71.3,125,bid,YieldingYams,WavyWalnuts,995096
2026-07-01T04:15:36.751408,2026-06-30T18:15:37.911644+00:00,71.2,200,bid,WavyWalnuts,YieldingYams,995133
2026-07-01T04:15:37.963649,2026-06-30T18:15:39.128238+00:00,71.1,200,ask,YieldingYams,WavyWalnuts,995148
2026-07-01T04:15:38.549643,2026-06-30T18:15:39.716141+00:00,71.1,35,bid,Tanishq Panjwani,YieldingYams,995159
2026-07-01T04:15:38.637701,2026-06-30T18:15:39.793556+00:00,71.1,21,bid,Tanishq Panjwani,YieldingYams,995163
2026-07-01T04:15:39.813056,2026-06-30T18:15:40.971433+00:00,71.0,200,ask,WavyWalnuts,YieldingYams,995177
2026-07-01T04:15:41.120837,2026-06-30T18:15:42.281030+00:00,71.0,200,bid,YieldingYams,WavyWalnuts,995196
2026-07-01T04:15:41.587480,2026-06-30T18:15:42.749703+00:00,71.1,200,ask,YieldingYams,WavyWalnuts,995200
2026-07-01T04:15:42.432093,2026-06-30T18:15:43.593002+00:00,71.0,200,ask,WavyWalnuts,YieldingYams,995215
2026-07-01T04:15:42.790532,2026-06-30T18:15:43.953162+00:00,70.9,200,bid,WavyWalnuts,YieldingYams,995219
2026-07-01T04:15:43.997094,2026-06-30T18:15:45.156290+00:00,70.9,200,bid,WavyWalnuts,YieldingYams,995237
2026-07-01T04:15:44.505988,2026-06-30T18:15:45.660930+00:00,70.9,20,bid,BrilliantBurritos,YieldingYams,995239
2026-07-01T04:15:46.426701,2026-06-30T18:15:47.582356+00:00,71.0,200,bid,WavyWalnuts,YieldingYams,995266
2026-07-01T04:15:47.671797,2026-06-30T18:15:48.829483+00:00,71.0,200,bid,YieldingYams,WavyWalnuts,995279
2026-07-01T04:15:47.746476,2026-06-30T18:15:48.905354+00:00,71.1,150,bid,Chester Au,YieldingYams,995281
2026-07-01T04:15:48.849559,2026-06-30T18:15:50.010073+00:00,71.0,200,ask,YieldingYams,WavyWalnuts,995291
2026-07-01T04:15:48.999290,2026-06-30T18:15:50.162531+00:00,70.9,5,bid,Andy Garg,YieldingYams,995292
2026-07-01T04:15:49.114901,2026-06-30T18:15:50.271497+00:00,70.9,15,bid,Andy Garg,YieldingYams,995294
2026-07-01T04:15:51.599482,2026-06-30T18:15:52.761879+00:00,70.8,500,ask,AverageAlmonds,YieldingYams,995326
2026-07-01T04:15:51.641069,2026-06-30T18:15:52.804936+00:00,70.8,35,bid,Andy Garg,YieldingYams,995327
2026-07-01T04:15:51.811399,2026-06-30T18:15:52.968498+00:00,70.8,90,bid,AverageAlmonds,YieldingYams,995334
2026-07-01T04:15:51.871112,2026-06-30T18:15:53.034641+00:00,70.9,20,bid,BrilliantBurritos,WavyWalnuts,995335
2026-07-01T04:15:52.478150,2026-06-30T18:15:53.640202+00:00,70.8,200,ask,AverageAlmonds,WavyWalnuts,995348
2026-07-01T04:15:53.526052,2026-06-30T18:15:54.690005+00:00,70.9,25,ask,YieldingYams,Andy Garg,995369
2026-07-01T04:15:53.684554,2026-06-30T18:15:54.843884+00:00,70.9,200,ask,YieldingYams,WavyWalnuts,995374
2026-07-01T04:15:54.055532,2026-06-30T18:15:55.214294+00:00,71.1,121,bid,Tanishq Panjwani,YieldingYams,995387
2026-07-01T04:15:54.070940,2026-06-30T18:15:55.235329+00:00,71.1,29,bid,Chester Au,YieldingYams,995390
2026-07-01T04:15:54.897942,2026-06-30T18:15:56.054256+00:00,70.8,200,ask,YieldingYams,WavyWalnuts,995400
2026-07-01T04:15:55.568698,2026-06-30T18:15:56.732540+00:00,71.0,20,bid,BrilliantBurritos,YieldingYams,995409
2026-07-01T04:15:56.087160,2026-06-30T18:15:57.244809+00:00,71.0,15,bid,Andy Garg,YieldingYams,995420
2026-07-01T04:15:56.155067,2026-06-30T18:15:57.321116+00:00,70.9,10,bid,Andy Garg,WavyWalnuts,995425
2026-07-01T04:15:57.335840,2026-06-30T18:15:58.492534+00:00,70.8,200,ask,YieldingYams,WavyWalnuts,995448
2026-07-01T04:15:58.178563,2026-06-30T18:15:59.343660+00:00,70.9,25,bid,Andy Garg,YieldingYams,995464
2026-07-01T04:15:58.546665,2026-06-30T18:15:59.705116+00:00,70.8,200,ask,AverageAlmonds,WavyWalnuts,995476
2026-07-01T04:15:59.450468,2026-06-30T18:16:00.610756+00:00,70.8,500,ask,AverageAlmonds,YieldingYams,995489
2026-07-01T04:15:59.455937,2026-06-30T18:16:00.610756+00:00,70.7,5,ask,YieldingYams,Andy Garg,995490
2026-07-01T04:15:59.627238,2026-06-30T18:16:00.783749+00:00,70.7,45,ask,YieldingYams,Andy Garg,995496
2026-07-01T04:15:59.675436,2026-06-30T18:16:00.837444+00:00,70.8,125,bid,AverageAlmonds,YieldingYams,995499
2026-07-01T04:15:59.754043,2026-06-30T18:16:00.925726+00:00,70.8,200,ask,AverageAlmonds,WavyWalnuts,995504
2026-07-01T04:15:59.789155,2026-06-30T18:16:00.947202+00:00,70.8,30,ask,AverageAlmonds,Andy Garg,995506
2026-07-01T04:16:00.824386,2026-06-30T18:16:01.984917+00:00,70.9,35,ask,YieldingYams,Tanishq Panjwani,995518
2026-07-01T04:16:00.932568,2026-06-30T18:16:02.094688+00:00,70.9,25,ask,YieldingYams,Tanishq Panjwani,995523
2026-07-01T04:16:00.960248,2026-06-30T18:16:02.127221+00:00,70.9,200,ask,YieldingYams,WavyWalnuts,995526
2026-07-01T04:16:02.727034,2026-06-30T18:16:03.886547+00:00,70.8,200,bid,AverageAlmonds,WavyWalnuts,995547
2026-07-01T04:16:02.924289,2026-06-30T18:16:04.084415+00:00,70.9,25,bid,Andy Garg,YieldingYams,995553
2026-07-01T04:16:04.690633,2026-06-30T18:16:05.856016+00:00,70.9,200,ask,WavyWalnuts,YieldingYams,995582
2026-07-01T04:16:06.000126,2026-06-30T18:16:07.168258+00:00,70.8,200,ask,WavyWalnuts,YieldingYams,995603
2026-07-01T04:16:06.372713,2026-06-30T18:16:07.527848+00:00,70.8,425,bid,AverageAlmonds,YieldingYams,995609
2026-07-01T04:16:06.405008,2026-06-30T18:16:07.571849+00:00,70.8,25,ask,AverageAlmonds,Andy Garg,995613
2026-07-01T04:16:07.000569,2026-06-30T18:16:08.163972+00:00,70.8,200,ask,AverageAlmonds,WavyWalnuts,995624
2026-07-01T04:16:07.321208,2026-06-30T18:16:08.480570+00:00,71.0,5,ask,YieldingYams,Andy Garg,995627
2026-07-01T04:16:07.354791,2026-06-30T18:16:08.513115+00:00,71.0,35,ask,YieldingYams,Tanishq Panjwani,995630
2026-07-01T04:16:07.445727,2026-06-30T18:16:08.610384+00:00,71.0,35,ask,YieldingYams,Tanishq Panjwani,995633
2026-07-01T04:16:07.534827,2026-06-30T18:16:08.698418+00:00,71.0,35,ask,YieldingYams,Tanishq Panjwani,995635
2026-07-01T04:16:07.624540,2026-06-30T18:16:08.786463+00:00,71.0,12,ask,YieldingYams,Tanishq Panjwani,995640
2026-07-01T04:16:08.213032,2026-06-30T18:16:09.375946+00:00,71.0,200,ask,YieldingYams,WavyWalnuts,995650
2026-07-01T04:16:10.097411,2026-06-30T18:16:11.256935+00:00,70.9,5,bid,Andy Garg,YieldingYams,995674
2026-07-01T04:16:12.022701,2026-06-30T18:16:13.178961+00:00,71.0,5,bid,Andy Garg,YieldingYams,995703
2026-07-01T04:16:13.118700,2026-06-30T18:16:14.279936+00:00,70.9,150,ask,YieldingYams,Chester Au,995722
2026-07-01T04:16:13.543995,2026-06-30T18:16:14.703993+00:00,70.9,5,ask,YieldingYams,Andy Garg,995734
2026-07-01T04:16:15.265622,2026-06-30T18:16:16.422202+00:00,70.9,10,ask,YieldingYams,Andy Garg,995758
2026-07-01T04:16:15.501941,2026-06-30T18:16:16.662958+00:00,70.9,200,ask,YieldingYams,WavyWalnuts,995761
2026-07-01T04:16:15.577275,2026-06-30T18:16:16.739982+00:00,70.9,5,ask,YieldingYams,Andy Garg,995762
2026-07-01T04:16:16.492380,2026-06-30T18:16:17.656944+00:00,71.0,30,ask,YieldingYams,Andy Garg,995781
2026-07-01T04:16:16.711957,2026-06-30T18:16:17.875978+00:00,71.0,200,ask,YieldingYams,WavyWalnuts,995788
2026-07-01T04:16:17.820805,2026-06-30T18:16:18.978176+00:00,71.0,35,bid,Andy Garg,YieldingYams,995808
2026-07-01T04:16:17.922735,2026-06-30T18:16:19.077174+00:00,70.9,200,ask,AverageAlmonds,WavyWalnuts,995815
2026-07-01T04:16:18.848321,2026-06-30T18:16:20.007785+00:00,71.0,10,bid,Andy Garg,YieldingYams,995823
2026-07-01T04:16:19.077533,2026-06-30T18:16:20.237392+00:00,70.9,500,ask,AverageAlmonds,YieldingYams,995830
2026-07-01T04:16:19.088936,2026-06-30T18:16:20.258905+00:00,70.9,125,bid,AverageAlmonds,YieldingYams,995831
2026-07-01T04:16:19.129178,2026-06-30T18:16:20.291904+00:00,70.9,200,ask,AverageAlmonds,WavyWalnuts,995835
2026-07-01T04:16:20.336952,2026-06-30T18:16:21.495934+00:00,71.0,200,ask,AverageAlmonds,WavyWalnuts,995852
2026-07-01T04:16:21.547239,2026-06-30T18:16:22.708736+00:00,71.2,200,ask,YieldingYams,WavyWalnuts,995864
2026-07-01T04:16:21.713607,2026-06-30T18:16:22.872423+00:00,71.1,100,bid,Chester Au,YieldingYams,995868
2026-07-01T04:16:21.736624,2026-06-30T18:16:22.894422+00:00,71.1,35,bid,Tanishq Panjwani,YieldingYams,995869
2026-07-01T04:16:21.825135,2026-06-30T18:16:22.981714+00:00,71.1,35,bid,Tanishq Panjwani,YieldingYams,995873
2026-07-01T04:16:21.914680,2026-06-30T18:16:23.079266+00:00,71.1,35,bid,Tanishq Panjwani,YieldingYams,995876
2026-07-01T04:16:22.004437,2026-06-30T18:16:23.167526+00:00,71.1,35,bid,Tanishq Panjwani,YieldingYams,995879
2026-07-01T04:16:22.117555,2026-06-30T18:16:23.276597+00:00,71.1,10,bid,Tanishq Panjwani,YieldingYams,995881
2026-07-01T04:16:23.977672,2026-06-30T18:16:25.143149+00:00,71.1,35,ask,WavyWalnuts,Tanishq Panjwani,995907
2026-07-01T04:16:24.066695,2026-06-30T18:16:25.229658+00:00,71.1,35,ask,WavyWalnuts,Tanishq Panjwani,995910
2026-07-01T04:16:24.155847,2026-06-30T18:16:25.316141+00:00,71.1,30,ask,WavyWalnuts,Tanishq Panjwani,995912
2026-07-01T04:16:25.188129,2026-06-30T18:16:26.349981+00:00,71.2,200,bid,WavyWalnuts,YieldingYams,995919
2026-07-01T04:16:26.404849,2026-06-30T18:16:27.565973+00:00,71.3,200,bid,WavyWalnuts,YieldingYams,995939
2026-07-01T04:16:27.621289,2026-06-30T18:16:28.782224+00:00,71.4,200,ask,YieldingYams,WavyWalnuts,995953
2026-07-01T04:16:28.174447,2026-06-30T18:16:29.339217+00:00,71.4,425,ask,YieldingYams,AverageAlmonds,995960
2026-07-01T04:16:28.827271,2026-06-30T18:16:29.984043+00:00,71.3,200,bid,WavyWalnuts,YieldingYams,995971
2026-07-01T04:16:28.889009,2026-06-30T18:16:30.049242+00:00,71.3,79,bid,Tanishq Panjwani,YieldingYams,995975
2026-07-01T04:16:28.891716,2026-06-30T18:16:30.049242+00:00,71.3,71,bid,Chester Au,YieldingYams,995976
2026-07-01T04:16:29.536705,2026-06-30T18:16:30.699614+00:00,71.4,200,bid,YieldingYams,WavyWalnuts,995986
2026-07-01T04:16:30.035224,2026-06-30T18:16:31.192187+00:00,71.4,200,ask,YieldingYams,WavyWalnuts,995991
2026-07-01T04:16:30.608085,2026-06-30T18:16:31.769123+00:00,71.4,225,ask,YieldingYams,AverageAlmonds,995999
2026-07-01T04:16:31.239696,2026-06-30T18:16:32.400707+00:00,71.3,200,bid,WavyWalnuts,YieldingYams,996011
2026-07-01T04:16:34.773248,2026-06-30T18:16:35.930327+00:00,71.1,200,ask,WavyWalnuts,YieldingYams,996070
2026-07-01T04:16:34.864280,2026-06-30T18:16:36.029354+00:00,71.1,200,bid,WavyWalnuts,YieldingYams,996071
2026-07-01T04:16:34.891198,2026-06-30T18:16:36.051351+00:00,71.1,20,bid,BrilliantBurritos,YieldingYams,996074
2026-07-01T04:16:36.083434,2026-06-30T18:16:37.242318+00:00,71.2,200,bid,YieldingYams,WavyWalnuts,996090
2026-07-01T04:16:36.083434,2026-06-30T18:16:37.242318+00:00,71.3,425,bid,YieldingYams,AverageAlmonds,996091
2026-07-01T04:16:37.827300,2026-06-30T18:16:38.993045+00:00,71.1,20,ask,YieldingYams,Andy Garg,996112
2026-07-01T04:16:38.037574,2026-06-30T18:16:39.200618+00:00,71.1,10,ask,YieldingYams,Andy Garg,996119
2026-07-01T04:16:38.199090,2026-06-30T18:16:39.364466+00:00,71.1,5,ask,YieldingYams,Andy Garg,996125
2026-07-01T04:16:38.436932,2026-06-30T18:16:39.593548+00:00,71.2,48,bid,Tanishq Panjwani,WavyWalnuts,996128
2026-07-01T04:16:38.972100,2026-06-30T18:16:40.129722+00:00,71.2,20,bid,BrilliantBurritos,WavyWalnuts,996142
2026-07-01T04:16:39.682913,2026-06-30T18:16:40.851906+00:00,71.2,20,bid,Andy Garg,WavyWalnuts,996145
2026-07-01T04:16:39.712214,2026-06-30T18:16:40.873907+00:00,71.1,200,ask,YieldingYams,WavyWalnuts,996149
2026-07-01T04:16:39.849553,2026-06-30T18:16:41.016030+00:00,71.3,10,bid,Andy Garg,YieldingYams,996151
2026-07-01T04:16:41.621552,2026-06-30T18:16:42.782636+00:00,71.1,5,bid,Andy Garg,WavyWalnuts,996178
2026-07-01T04:16:42.128060,2026-06-30T18:16:43.284033+00:00,71.1,200,bid,WavyWalnuts,YieldingYams,996184
2026-07-01T04:16:43.493818,2026-06-30T18:16:44.659070+00:00,71.0,5,ask,AverageAlmonds,Andy Garg,996201
2026-07-01T04:16:43.960282,2026-06-30T18:16:45.117842+00:00,71.0,500,ask,AverageAlmonds,YieldingYams,996207
2026-07-01T04:16:44.510320,2026-06-30T18:16:45.673551+00:00,71.0,125,bid,AverageAlmonds,YieldingYams,996212
2026-07-01T04:16:44.550107,2026-06-30T18:16:45.706551+00:00,71.0,200,ask,AverageAlmonds,WavyWalnuts,996213
2026-07-01T04:16:44.811154,2026-06-30T18:16:45.968216+00:00,71.0,10,ask,AverageAlmonds,Andy Garg,996221
2026-07-01T04:16:45.272696,2026-06-30T18:16:46.428029+00:00,71.1,30,ask,YieldingYams,Andy Garg,996239
2026-07-01T04:16:45.759862,2026-06-30T18:16:46.919220+00:00,71.1,200,ask,YieldingYams,WavyWalnuts,996245
2026-07-01T04:16:46.701554,2026-06-30T18:16:47.861125+00:00,71.2,20,bid,Andy Garg,YieldingYams,996259
2026-07-01T04:16:46.812164,2026-06-30T18:16:47.971154+00:00,71.2,10,bid,Andy Garg,YieldingYams,996265
2026-07-01T04:16:46.969457,2026-06-30T18:16:48.135129+00:00,71.1,200,ask,YieldingYams,WavyWalnuts,996270
2026-07-01T04:16:48.583210,2026-06-30T18:16:49.740554+00:00,71.0,15,bid,Andy Garg,YieldingYams,996296
2026-07-01T04:16:50.725396,2026-06-30T18:16:51.884963+00:00,71.0,20,ask,AverageAlmonds,BrilliantBurritos,996334
2026-07-01T04:16:51.810007,2026-06-30T18:16:52.968159+00:00,71.1,200,bid,WavyWalnuts,YieldingYams,996341
2026-07-01T04:16:53.021216,2026-06-30T18:16:54.176319+00:00,71.0,200,ask,YieldingYams,WavyWalnuts,996360
2026-07-01T04:16:53.416412,2026-06-30T18:16:54.580469+00:00,71.1,20,bid,BrilliantBurritos,YieldingYams,996361
2026-07-01T04:16:54.232940,2026-06-30T18:16:55.389201+00:00,71.0,200,ask,YieldingYams,WavyWalnuts,996375
2026-07-01T04:16:54.451861,2026-06-30T18:16:55.607610+00:00,71.0,500,ask,AverageAlmonds,YieldingYams,996379
2026-07-01T04:16:54.818880,2026-06-30T18:16:55.978868+00:00,71.0,125,bid,AverageAlmonds,YieldingYams,996382
2026-07-01T04:16:55.758243,2026-06-30T18:16:56.916603+00:00,71.2,200,bid,YieldingYams,WavyWalnuts,996391
2026-07-01T04:16:56.798612,2026-06-30T18:16:57.954340+00:00,71.3,20,bid,BrilliantBurritos,YieldingYams,996407
2026-07-01T04:16:59.084759,2026-06-30T18:17:00.239206+00:00,71.1,200,ask,YieldingYams,WavyWalnuts,996431
2026-07-01T04:16:59.143072,2026-06-30T18:17:00.304418+00:00,71.3,20,bid,BrilliantBurritos,YieldingYams,996433
2026-07-01T04:17:00.997131,2026-06-30T18:17:02.160676+00:00,71.1,200,ask,WavyWalnuts,YieldingYams,996455
2026-07-01T04:17:02.304338,2026-06-30T18:17:03.464901+00:00,71.1,200,bid,YieldingYams,WavyWalnuts,996474
2026-07-01T04:17:03.910590,2026-06-30T18:17:05.075088+00:00,71.2,200,bid,WavyWalnuts,YieldingYams,996497
2026-07-01T04:17:07.555665,2026-06-30T18:17:08.714207+00:00,71.2,200,ask,WavyWalnuts,YieldingYams,996539
2026-07-01T04:17:07.555665,2026-06-30T18:17:08.714207+00:00,71.1,425,ask,AverageAlmonds,YieldingYams,996540
2026-07-01T04:17:08.822076,2026-06-30T18:17:09.978251+00:00,71.1,20,bid,Andy Garg,WavyWalnuts,996559
2026-07-01T04:17:08.863726,2026-06-30T18:17:10.022251+00:00,71.1,180,bid,YieldingYams,WavyWalnuts,996563
2026-07-01T04:17:09.243283,2026-06-30T18:17:10.404711+00:00,71.2,5,ask,YieldingYams,Andy Garg,996568
2026-07-01T04:17:09.303904,2026-06-30T18:17:10.459712+00:00,71.2,10,ask,YieldingYams,Andy Garg,996570
2026-07-01T04:17:09.419709,2026-06-30T18:17:10.580723+00:00,71.2,5,ask,YieldingYams,Andy Garg,996574
2026-07-01T04:17:09.580346,2026-06-30T18:17:10.743307+00:00,71.2,10,ask,YieldingYams,Andy Garg,996580
2026-07-01T04:17:09.992665,2026-06-30T18:17:11.156808+00:00,71.2,200,ask,YieldingYams,WavyWalnuts,996588
2026-07-01T04:17:11.155858,2026-06-30T18:17:12.314167+00:00,71.2,500,bid,AverageAlmonds,YieldingYams,996605
2026-07-01T04:17:11.198204,2026-06-30T18:17:12.368287+00:00,71.0,200,ask,YieldingYams,WavyWalnuts,996607
2026-07-01T04:17:11.503289,2026-06-30T18:17:12.661642+00:00,71.3,25,ask,YieldingYams,Andy Garg,996613
2026-07-01T04:17:12.325506,2026-06-30T18:17:13.482825+00:00,71.4,20,bid,BrilliantBurritos,YieldingYams,996628
2026-07-01T04:17:12.404102,2026-06-30T18:17:13.559349+00:00,71.3,200,ask,YieldingYams,WavyWalnuts,996629
2026-07-01T04:17:12.736543,2026-06-30T18:17:13.896423+00:00,71.4,20,bid,Andy Garg,YieldingYams,996640
2026-07-01T04:17:12.895891,2026-06-30T18:17:14.060113+00:00,71.4,10,bid,Andy Garg,YieldingYams,996644
2026-07-01T04:17:13.058240,2026-06-30T18:17:14.212923+00:00,71.4,5,bid,Andy Garg,YieldingYams,996649
2026-07-01T04:17:13.613755,2026-06-30T18:17:14.775860+00:00,71.2,200,ask,YieldingYams,WavyWalnuts,996655
2026-07-01T04:17:16.047595,2026-06-30T18:17:17.211137+00:00,71.2,200,ask,YieldingYams,WavyWalnuts,996693
2026-07-01T04:17:17.813632,2026-06-30T18:17:18.970744+00:00,71.3,500,bid,AverageAlmonds,YieldingYams,996714
2026-07-01T04:17:18.410088,2026-06-30T18:17:19.572461+00:00,71.3,200,bid,AverageAlmonds,WavyWalnuts,996720
2026-07-01T04:17:19.357117,2026-06-30T18:17:20.521586+00:00,71.3,500,ask,AverageAlmonds,YieldingYams,996731
2026-07-01T04:17:19.617739,2026-06-30T18:17:20.772731+00:00,71.3,5,bid,Andy Garg,YieldingYams,996735
2026-07-01T04:17:19.638783,2026-06-30T18:17:20.794730+00:00,71.3,120,bid,AverageAlmonds,YieldingYams,996737
2026-07-01T04:17:19.778399,2026-06-30T18:17:20.936340+00:00,71.4,10,bid,Andy Garg,WavyWalnuts,996739
2026-07-01T04:17:19.938313,2026-06-30T18:17:21.100010+00:00,71.4,20,bid,Andy Garg,WavyWalnuts,996742
2026-07-01T04:17:20.661590,2026-06-30T18:17:21.822950+00:00,71.4,170,bid,YieldingYams,WavyWalnuts,996759
2026-07-01T04:17:20.882556,2026-06-30T18:17:22.052834+00:00,71.5,200,ask,YieldingYams,WavyWalnuts,996762
2026-07-01T04:17:22.087827,2026-06-30T18:17:23.244865+00:00,71.4,200,bid,WavyWalnuts,YieldingYams,996777
2026-07-01T04:17:23.297483,2026-06-30T18:17:24.459106+00:00,71.5,200,ask,YieldingYams,WavyWalnuts,996791
2026-07-01T04:17:25.901719,2026-06-30T18:17:27.063622+00:00,71.4,500,ask,AverageAlmonds,YieldingYams,996809
2026-07-01T04:17:25.901719,2026-06-30T18:17:27.063622+00:00,71.4,125,ask,WavyWalnuts,YieldingYams,996810
2026-07-01T04:17:27.209484,2026-06-30T18:17:28.372535+00:00,71.6,200,bid,YieldingYams,WavyWalnuts,996823
2026-07-01T04:17:27.593997,2026-06-30T18:17:28.754667+00:00,71.6,20,ask,YieldingYams,BrilliantBurritos,996829
2026-07-01T04:17:28.222208,2026-06-30T18:17:29.387398+00:00,71.7,5,ask,WavyWalnuts,Andy Garg,996841
2026-07-01T04:17:28.519408,2026-06-30T18:17:29.683431+00:00,71.7,195,ask,WavyWalnuts,YieldingYams,996849
2026-07-01T04:17:30.149246,2026-06-30T18:17:31.313456+00:00,71.7,45,bid,Andy Garg,YieldingYams,996876
2026-07-01T04:17:30.311190,2026-06-30T18:17:31.477282+00:00,71.7,25,bid,Andy Garg,YieldingYams,996879
2026-07-01T04:17:30.604593,2026-06-30T18:17:31.759950+00:00,71.7,200,bid,WavyWalnuts,YieldingYams,996886
2026-07-01T04:17:31.817434,2026-06-30T18:17:32.973912+00:00,71.7,200,ask,YieldingYams,WavyWalnuts,996910
2026-07-01T04:17:33.024640,2026-06-30T18:17:34.184489+00:00,71.6,200,bid,WavyWalnuts,YieldingYams,996918
2026-07-01T04:17:33.963330,2026-06-30T18:17:35.125455+00:00,71.5,55,ask,YieldingYams,Andy Garg,996941
2026-07-01T04:17:35.439800,2026-06-30T18:17:36.600054+00:00,71.7,200,bid,WavyWalnuts,AverageAlmonds,996959
2026-07-01T04:17:35.485248,2026-06-30T18:17:36.644054+00:00,71.6,45,ask,YieldingYams,Andy Garg,996961
2026-07-01T04:17:37.105323,2026-06-30T18:17:38.266874+00:00,71.7,25,bid,Andy Garg,AverageAlmonds,996982
2026-07-01T04:17:39.086423,2026-06-30T18:17:40.254160+00:00,71.5,200,ask,YieldingYams,WavyWalnuts,997009
2026-07-01T04:17:41.649807,2026-06-30T18:17:42.805571+00:00,71.6,5,bid,Andy Garg,YieldingYams,997045
2026-07-01T04:17:42.717632,2026-06-30T18:17:43.877216+00:00,71.6,10,bid,Andy Garg,YieldingYams,997058
2026-07-01T04:17:44.086519,2026-06-30T18:17:45.243828+00:00,71.7,10,bid,Andy Garg,WavyWalnuts,997078
2026-07-01T04:17:44.196311,2026-06-30T18:17:45.363874+00:00,71.7,40,bid,Andy Garg,YieldingYams,997080
2026-07-01T04:17:44.358387,2026-06-30T18:17:45.515997+00:00,71.7,10,bid,Andy Garg,YieldingYams,997083
2026-07-01T04:17:44.979687,2026-06-30T18:17:46.137780+00:00,71.5,20,ask,WavyWalnuts,BrilliantBurritos,997087
2026-07-01T04:17:45.536891,2026-06-30T18:17:46.694290+00:00,71.6,200,bid,YieldingYams,WavyWalnuts,997112
2026-07-01T04:17:46.847082,2026-06-30T18:17:48.005820+00:00,71.6,200,ask,WavyWalnuts,YieldingYams,997129
2026-07-01T04:17:47.555529,2026-06-30T18:17:48.715248+00:00,71.5,200,bid,WavyWalnuts,YieldingYams,997137
2026-07-01T04:17:48.171695,2026-06-30T18:17:49.328201+00:00,71.6,50,ask,YieldingYams,Chester Au,997152
2026-07-01T04:17:48.772048,2026-06-30T18:17:49.941735+00:00,71.6,200,ask,YieldingYams,WavyWalnuts,997157
2026-07-01T04:17:49.832239,2026-06-30T18:17:50.987590+00:00,71.4,20,ask,AverageAlmonds,BrilliantBurritos,997169
2026-07-01T04:17:49.982591,2026-06-30T18:17:51.139580+00:00,71.4,200,ask,YieldingYams,WavyWalnuts,997175
2026-07-01T04:17:51.193749,2026-06-30T18:17:52.352875+00:00,71.4,200,ask,AverageAlmonds,WavyWalnuts,997192
2026-07-01T04:17:53.016163,2026-06-30T18:17:54.178851+00:00,71.4,20,ask,YieldingYams,BrilliantBurritos,997222
2026-07-01T04:17:53.606407,2026-06-30T18:17:54.766623+00:00,71.5,200,ask,YieldingYams,WavyWalnuts,997233
2026-07-01T04:17:56.049688,2026-06-30T18:17:57.215217+00:00,71.5,200,bid,WavyWalnuts,YieldingYams,997274
2026-07-01T04:18:00.717518,2026-06-30T18:18:01.879710+00:00,71.6,50,bid,Chester Au,YieldingYams,997341
2026-07-01T04:18:02.596404,2026-06-30T18:18:03.760453+00:00,71.4,200,ask,WavyWalnuts,YieldingYams,997372
2026-07-01T04:18:03.659083,2026-06-30T18:18:04.840607+00:00,71.4,20,bid,BrilliantBurritos,YieldingYams,997388
2026-07-01T04:18:05.210891,2026-06-30T18:18:06.370543+00:00,71.4,200,bid,YieldingYams,WavyWalnuts,997409
2026-07-01T04:18:05.740508,2026-06-30T18:18:06.896382+00:00,71.5,200,ask,YieldingYams,WavyWalnuts,997418
2026-07-01T04:18:06.946296,2026-06-30T18:18:08.121717+00:00,71.4,200,bid,WavyWalnuts,YieldingYams,997432
2026-07-01T04:18:07.828589,2026-06-30T18:18:08.995283+00:00,71.3,500,ask,AverageAlmonds,YieldingYams,997442
2026-07-01T04:18:08.106835,2026-06-30T18:18:09.279705+00:00,71.3,125,bid,AverageAlmonds,YieldingYams,997446
2026-07-01T04:18:08.687283,2026-06-30T18:18:09.857008+00:00,71.4,35,ask,WavyWalnuts,Andy Garg,997456
2026-07-01T04:18:08.847805,2026-06-30T18:18:10.021456+00:00,71.4,65,ask,WavyWalnuts,Andy Garg,997462
2026-07-01T04:18:09.133904,2026-06-30T18:18:10.295483+00:00,71.6,200,bid,YieldingYams,WavyWalnuts,997466
2026-07-01T04:18:09.364243,2026-06-30T18:18:10.523069+00:00,71.7,200,ask,YieldingYams,WavyWalnuts,997472
2026-07-01T04:18:11.777042,2026-06-30T18:18:12.939337+00:00,71.6,200,bid,WavyWalnuts,YieldingYams,997506
2026-07-01T04:18:11.981589,2026-06-30T18:18:13.145179+00:00,71.6,15,bid,Andy Garg,YieldingYams,997510
2026-07-01T04:18:12.142839,2026-06-30T18:18:13.298236+00:00,71.6,10,bid,Andy Garg,YieldingYams,997512
2026-07-01T04:18:12.303582,2026-06-30T18:18:13.462265+00:00,71.6,5,bid,Andy Garg,YieldingYams,997516
2026-07-01T04:18:12.985988,2026-06-30T18:18:14.150211+00:00,71.5,200,ask,YieldingYams,WavyWalnuts,997530
2026-07-01T04:18:14.025440,2026-06-30T18:18:15.190102+00:00,71.6,10,ask,YieldingYams,Andy Garg,997538
2026-07-01T04:18:15.496596,2026-06-30T18:18:16.654991+00:00,71.6,15,ask,YieldingYams,Andy Garg,997564
2026-07-01T04:18:15.809798,2026-06-30T18:18:16.972280+00:00,71.5,5,ask,AverageAlmonds,Andy Garg,997573
2026-07-01T04:18:17.854473,2026-06-30T18:18:19.010799+00:00,71.5,200,bid,WavyWalnuts,YieldingYams,997601
2026-07-01T04:18:18.939419,2026-06-30T18:18:20.094578+00:00,71.6,15,bid,Andy Garg,WavyWalnuts,997614
2026-07-01T04:18:19.101313,2026-06-30T18:18:20.258289+00:00,71.6,10,bid,Andy Garg,YieldingYams,997619
2026-07-01T04:18:19.266610,2026-06-30T18:18:20.421994+00:00,71.6,5,bid,Andy Garg,YieldingYams,997623
2026-07-01T04:18:20.953727,2026-06-30T18:18:22.115041+00:00,71.5,200,ask,WavyWalnuts,YieldingYams,997641
2026-07-01T04:18:20.953727,2026-06-30T18:18:22.115041+00:00,71.5,425,ask,AverageAlmonds,YieldingYams,997642
2026-07-01T04:18:21.480549,2026-06-30T18:18:22.636086+00:00,71.4,200,ask,AverageAlmonds,WavyWalnuts,997653
2026-07-01T04:18:22.688049,2026-06-30T18:18:23.848395+00:00,71.6,200,ask,YieldingYams,WavyWalnuts,997664
2026-07-01T04:18:23.897752,2026-06-30T18:18:25.062398+00:00,71.6,200,ask,YieldingYams,WavyWalnuts,997677
2026-07-01T04:18:24.240962,2026-06-30T18:18:25.402165+00:00,71.7,20,bid,BrilliantBurritos,YieldingYams,997682
2026-07-01T04:18:25.971894,2026-06-30T18:18:27.136016+00:00,71.5,15,ask,YieldingYams,Andy Garg,997708
2026-07-01T04:18:26.134457,2026-06-30T18:18:27.300063+00:00,71.5,10,ask,YieldingYams,Andy Garg,997714
2026-07-01T04:18:26.282490,2026-06-30T18:18:27.443268+00:00,71.6,200,bid,AverageAlmonds,WavyWalnuts,997718
2026-07-01T04:18:26.282490,2026-06-30T18:18:27.443268+00:00,71.6,300,bid,AverageAlmonds,YieldingYams,997719
2026-07-01T04:18:26.316755,2026-06-30T18:18:27.475302+00:00,71.5,5,ask,YieldingYams,Andy Garg,997721
2026-07-01T04:18:27.573862,2026-06-30T18:18:28.739291+00:00,71.6,200,bid,YieldingYams,WavyWalnuts,997737
2026-07-01T04:18:28.839982,2026-06-30T18:18:29.999093+00:00,71.6,200,ask,YieldingYams,WavyWalnuts,997754
2026-07-01T04:18:29.797753,2026-06-30T18:18:30.960606+00:00,71.7,25,bid,Andy Garg,YieldingYams,997773
2026-07-01T04:18:30.061226,2026-06-30T18:18:31.223426+00:00,71.6,10,bid,Andy Garg,WavyWalnuts,997781
2026-07-01T04:18:31.254359,2026-06-30T18:18:32.414571+00:00,71.6,200,bid,WavyWalnuts,YieldingYams,997795
2026-07-01T04:18:31.581843,2026-06-30T18:18:32.743060+00:00,71.6,35,ask,YieldingYams,Andy Garg,997798
2026-07-01T04:18:33.715683,2026-06-30T18:18:34.876542+00:00,71.7,10,ask,WavyWalnuts,Andy Garg,997839
2026-07-01T04:18:36.740004,2026-06-30T18:18:37.904169+00:00,71.7,200,ask,WavyWalnuts,YieldingYams,997876
2026-07-01T04:18:38.502178,2026-06-30T18:18:39.658852+00:00,71.6,200,ask,YieldingYams,WavyWalnuts,997892
2026-07-01T04:18:39.727515,2026-06-30T18:18:40.884257+00:00,71.6,200,bid,WavyWalnuts,YieldingYams,997901
2026-07-01T04:18:40.940435,2026-06-30T18:18:42.096447+00:00,71.6,200,bid,WavyWalnuts,YieldingYams,997919
2026-07-01T04:18:42.147879,2026-06-30T18:18:43.311806+00:00,71.6,200,bid,WavyWalnuts,YieldingYams,997940
2026-07-01T04:18:44.563984,2026-06-30T18:18:45.728428+00:00,71.7,200,bid,WavyWalnuts,YieldingYams,997964
2026-07-01T04:18:46.064805,2026-06-30T18:18:47.228768+00:00,71.6,20,ask,AverageAlmonds,BrilliantBurritos,997983
2026-07-01T04:18:48.512257,2026-06-30T18:18:49.668728+00:00,71.6,500,ask,AverageAlmonds,YieldingYams,998008
2026-07-01T04:18:48.512257,2026-06-30T18:18:49.679728+00:00,71.6,125,ask,WavyWalnuts,YieldingYams,998009
2026-07-01T04:18:49.400795,2026-06-30T18:18:50.565890+00:00,71.5,200,ask,AverageAlmonds,WavyWalnuts,998018
2026-07-01T04:18:50.608773,2026-06-30T18:18:51.766150+00:00,71.7,200,ask,YieldingYams,WavyWalnuts,998038
2026-07-01T04:18:51.228939,2026-06-30T18:18:52.390098+00:00,71.6,20,ask,YieldingYams,BrilliantBurritos,998043
2026-07-01T04:18:51.814989,2026-06-30T18:18:52.971070+00:00,71.6,200,ask,YieldingYams,WavyWalnuts,998048
2026-07-01T04:18:53.021840,2026-06-30T18:18:54.184335+00:00,71.7,200,ask,YieldingYams,WavyWalnuts,998060
2026-07-01T04:18:54.228763,2026-06-30T18:18:55.387615+00:00,71.6,200,ask,YieldingYams,WavyWalnuts,998073
2026-07-01T04:18:55.081049,2026-06-30T18:18:56.242946+00:00,71.6,10,bid,Andy Garg,YieldingYams,998084
2026-07-01T04:18:55.435483,2026-06-30T18:18:56.591119+00:00,71.4,200,ask,YieldingYams,WavyWalnuts,998093
2026-07-01T04:18:56.561280,2026-06-30T18:18:57.721262+00:00,71.5,500,bid,AverageAlmonds,YieldingYams,998110
2026-07-01T04:18:57.158605,2026-06-30T18:18:58.322769+00:00,71.5,125,bid,AverageAlmonds,YieldingYams,998115
2026-07-01T04:18:57.158605,2026-06-30T18:18:58.322769+00:00,71.5,200,bid,AverageAlmonds,WavyWalnuts,998116
2026-07-01T04:18:57.680737,2026-06-30T18:18:58.836636+00:00,71.8,200,ask,YieldingYams,WavyWalnuts,998126
2026-07-01T04:18:57.683323,2026-06-30T18:18:58.847242+00:00,71.8,150,ask,YieldingYams,Tanishq Panjwani,998127
2026-07-01T04:18:57.712868,2026-06-30T18:18:58.869242+00:00,71.8,10,ask,YieldingYams,Andy Garg,998128
2026-07-01T04:18:57.837599,2026-06-30T18:18:59.000798+00:00,71.8,20,ask,YieldingYams,BrilliantBurritos,998132
2026-07-01T04:18:57.848882,2026-06-30T18:18:59.011799+00:00,71.8,200,ask,YieldingYams,Chester Au,998133
2026-07-01T04:18:58.947470,2026-06-30T18:19:00.103621+00:00,71.8,20,ask,YieldingYams,BrilliantBurritos,998147
2026-07-01T04:18:59.056949,2026-06-30T18:19:00.212180+00:00,71.6,200,bid,WavyWalnuts,YieldingYams,998148
2026-07-01T04:18:59.830875,2026-06-30T18:19:00.997709+00:00,71.5,20,ask,YieldingYams,BrilliantBurritos,998162
2026-07-01T04:19:00.268831,2026-06-30T18:19:01.424819+00:00,71.6,200,bid,WavyWalnuts,YieldingYams,998167
2026-07-01T04:19:00.295519,2026-06-30T18:19:01.457589+00:00,71.7,200,bid,YieldingYams,WavyWalnuts,998169
2026-07-01T04:19:00.295519,2026-06-30T18:19:01.457589+00:00,71.9,425,bid,YieldingYams,AverageAlmonds,998170
2026-07-01T04:19:00.898943,2026-06-30T18:19:02.057687+00:00,71.9,10,bid,Andy Garg,AverageAlmonds,998177
2026-07-01T04:19:00.939754,2026-06-30T18:19:02.101204+00:00,71.9,20,bid,BrilliantBurritos,AverageAlmonds,998182
2026-07-01T04:19:00.959517,2026-06-30T18:19:02.123204+00:00,71.9,5,bid,Andy Garg,AverageAlmonds,998185
2026-07-01T04:19:01.019338,2026-06-30T18:19:02.177735+00:00,71.9,20,bid,Andy Garg,AverageAlmonds,998188
2026-07-01T04:19:01.130451,2026-06-30T18:19:02.287250+00:00,71.9,15,bid,Andy Garg,AverageAlmonds,998192
2026-07-01T04:19:01.494101,2026-06-30T18:19:02.655289+00:00,71.6,60,bid,Andy Garg,WavyWalnuts,998203
2026-07-01T04:19:01.604629,2026-06-30T18:19:02.764322+00:00,71.6,140,bid,YieldingYams,WavyWalnuts,998208
2026-07-01T04:19:01.620184,2026-06-30T18:19:02.775321+00:00,71.6,5,ask,YieldingYams,Tanishq Panjwani,998210
2026-07-01T04:19:02.685863,2026-06-30T18:19:03.846620+00:00,71.6,200,ask,YieldingYams,WavyWalnuts,998223
2026-07-01T04:19:03.775077,2026-06-30T18:19:04.934147+00:00,71.5,20,bid,BrilliantBurritos,YieldingYams,998233
2026-07-01T04:19:04.702770,2026-06-30T18:19:05.862277+00:00,71.4,50,ask,WavyWalnuts,Andy Garg,998252
2026-07-01T04:19:06.274128,2026-06-30T18:19:07.437176+00:00,71.4,50,ask,WavyWalnuts,Andy Garg,998268
2026-07-01T04:19:06.319782,2026-06-30T18:19:07.480021+00:00,71.5,200,bid,WavyWalnuts,YieldingYams,998270
2026-07-01T04:19:07.152587,2026-06-30T18:19:08.313977+00:00,71.3,20,ask,AverageAlmonds,BrilliantBurritos,998293
2026-07-01T04:19:07.435000,2026-06-30T18:19:08.597875+00:00,71.4,500,bid,AverageAlmonds,YieldingYams,998295
2026-07-01T04:19:07.849273,2026-06-30T18:19:09.011661+00:00,71.4,25,bid,Andy Garg,YieldingYams,998308
2026-07-01T04:19:08.009979,2026-06-30T18:19:09.175695+00:00,71.4,20,bid,Andy Garg,YieldingYams,998310
2026-07-01T04:19:08.056870,2026-06-30T18:19:09.218724+00:00,71.4,80,bid,AverageAlmonds,YieldingYams,998312
2026-07-01T04:19:08.155273,2026-06-30T18:19:09.317414+00:00,71.5,200,bid,YieldingYams,WavyWalnuts,998318
2026-07-01T04:19:08.174013,2026-06-30T18:19:09.338716+00:00,71.7,10,ask,YieldingYams,Chester Au,998320
2026-07-01T04:19:08.201078,2026-06-30T18:19:09.360713+00:00,71.7,22,ask,YieldingYams,Tanishq Panjwani,998323
2026-07-01T04:19:08.753338,2026-06-30T18:19:09.909174+00:00,71.7,200,ask,YieldingYams,WavyWalnuts,998328
2026-07-01T04:19:09.146559,2026-06-30T18:19:10.302827+00:00,71.8,20,bid,BrilliantBurritos,AverageAlmonds,998339
2026-07-01T04:19:09.883694,2026-06-30T18:19:11.046442+00:00,71.6,15,bid,Andy Garg,YieldingYams,998345
2026-07-01T04:19:10.770420,2026-06-30T18:19:11.932658+00:00,71.6,200,bid,YieldingYams,WavyWalnuts,998354
2026-07-01T04:19:14.696301,2026-06-30T18:19:15.857280+00:00,71.6,200,ask,WavyWalnuts,YieldingYams,998406
2026-07-01T04:19:14.795815,2026-06-30T18:19:15.955880+00:00,71.5,200,bid,WavyWalnuts,YieldingYams,998409
2026-07-01T04:19:16.030266,2026-06-30T18:19:17.189340+00:00,71.5,200,bid,YieldingYams,WavyWalnuts,998426
2026-07-01T04:19:17.340956,2026-06-30T18:19:18.498190+00:00,71.5,200,ask,WavyWalnuts,YieldingYams,998443
2026-07-01T04:19:18.124423,2026-06-30T18:19:19.284152+00:00,71.5,20,bid,BrilliantBurritos,YieldingYams,998448
2026-07-01T04:19:18.306352,2026-06-30T18:19:19.470670+00:00,71.3,25,ask,YieldingYams,Andy Garg,998457
2026-07-01T04:19:18.441251,2026-06-30T18:19:19.600253+00:00,71.5,200,bid,WavyWalnuts,YieldingYams,998461
2026-07-01T04:19:18.668886,2026-06-30T18:19:19.827410+00:00,71.4,35,ask,YieldingYams,Andy Garg,998464
2026-07-01T04:19:19.652105,2026-06-30T18:19:20.807838+00:00,71.6,200,bid,WavyWalnuts,YieldingYams,998475
2026-07-01T04:19:20.865823,2026-06-30T18:19:22.030457+00:00,71.5,200,ask,YieldingYams,WavyWalnuts,998490
2026-07-01T04:19:23.889162,2026-06-30T18:19:25.044491+00:00,71.4,200,ask,WavyWalnuts,YieldingYams,998520
2026-07-01T04:19:25.198294,2026-06-30T18:19:26.356444+00:00,71.3,200,bid,YieldingYams,WavyWalnuts,998535
2026-07-01T04:19:25.700668,2026-06-30T18:19:26.871125+00:00,71.4,200,ask,YieldingYams,WavyWalnuts,998545
2026-07-01T04:19:28.047620,2026-06-30T18:19:29.206292+00:00,71.2,200,bid,AverageAlmonds,WavyWalnuts,998576
2026-07-01T04:19:28.047620,2026-06-30T18:19:29.206292+00:00,71.2,300,bid,AverageAlmonds,YieldingYams,998577
2026-07-01T04:19:28.641035,2026-06-30T18:19:29.806364+00:00,71.2,325,bid,AverageAlmonds,YieldingYams,998586
2026-07-01T04:19:29.123598,2026-06-30T18:19:30.288724+00:00,71.3,200,bid,YieldingYams,WavyWalnuts,998594
2026-07-01T04:19:31.741002,2026-06-30T18:19:32.902582+00:00,71.3,200,bid,YieldingYams,WavyWalnuts,998623
2026-07-01T04:19:32.944793,2026-06-30T18:19:34.107850+00:00,71.3,200,ask,YieldingYams,WavyWalnuts,998641
2026-07-01T04:19:34.149915,2026-06-30T18:19:35.312193+00:00,71.3,200,bid,WavyWalnuts,YieldingYams,998656
2026-07-01T04:19:35.361858,2026-06-30T18:19:36.522684+00:00,71.4,20,bid,BrilliantBurritos,YieldingYams,998675
2026-07-01T04:19:35.664011,2026-06-30T18:19:36.828264+00:00,71.4,200,bid,YieldingYams,WavyWalnuts,998680
2026-07-01T04:19:37.418837,2026-06-30T18:19:38.576664+00:00,71.5,5,bid,Andy Garg,WavyWalnuts,998707
2026-07-01T04:19:39.198417,2026-06-30T18:19:40.359724+00:00,71.5,10,bid,Andy Garg,AverageAlmonds,998728
2026-07-01T04:19:39.358872,2026-06-30T18:19:40.523212+00:00,71.5,10,bid,Andy Garg,AverageAlmonds,998734
2026-07-01T04:19:39.519582,2026-06-30T18:19:40.676247+00:00,71.5,15,bid,Andy Garg,AverageAlmonds,998737
2026-07-01T04:19:41.141788,2026-06-30T18:19:42.302988+00:00,71.3,10,ask,WavyWalnuts,Andy Garg,998768
2026-07-01T04:19:42.204723,2026-06-30T18:19:43.365176+00:00,71.5,200,bid,YieldingYams,WavyWalnuts,998787
2026-07-01T04:19:42.204723,2026-06-30T18:19:43.365176+00:00,71.5,425,bid,YieldingYams,AverageAlmonds,998788
2026-07-01T04:19:42.622458,2026-06-30T18:19:43.788516+00:00,71.4,200,bid,WavyWalnuts,AverageAlmonds,998793
2026-07-01T04:19:42.768564,2026-06-30T18:19:43.930592+00:00,71.0,15,ask,AverageAlmonds,Andy Garg,998797
2026-07-01T04:19:43.081554,2026-06-30T18:19:44.236501+00:00,71.0,15,ask,AverageAlmonds,Andy Garg,998802
2026-07-01T04:19:43.829794,2026-06-30T18:19:44.997597+00:00,71.5,200,bid,WavyWalnuts,YieldingYams,998814
2026-07-01T04:19:44.827045,2026-06-30T18:19:45.989375+00:00,71.5,500,bid,YieldingYams,AverageAlmonds,998833
2026-07-01T04:19:44.854396,2026-06-30T18:19:46.010891+00:00,71.5,10,ask,YieldingYams,Andy Garg,998834
2026-07-01T04:19:45.008379,2026-06-30T18:19:46.163758+00:00,71.5,115,ask,YieldingYams,AverageAlmonds,998840
2026-07-01T04:19:45.078898,2026-06-30T18:19:46.240758+00:00,71.5,35,bid,Tanishq Panjwani,AverageAlmonds,998843
2026-07-01T04:19:45.166243,2026-06-30T18:19:46.328818+00:00,71.5,35,bid,Tanishq Panjwani,AverageAlmonds,998846
2026-07-01T04:19:45.256529,2026-06-30T18:19:46.415851+00:00,71.5,35,bid,Tanishq Panjwani,AverageAlmonds,998848
2026-07-01T04:19:45.341899,2026-06-30T18:19:46.502881+00:00,71.5,35,bid,Tanishq Panjwani,AverageAlmonds,998850
2026-07-01T04:19:45.434384,2026-06-30T18:19:46.600339+00:00,71.5,10,bid,Tanishq Panjwani,AverageAlmonds,998855
2026-07-01T04:19:46.137149,2026-06-30T18:19:47.295188+00:00,71.4,200,ask,WavyWalnuts,YieldingYams,998865
2026-07-01T04:19:46.277502,2026-06-30T18:19:47.437645+00:00,71.4,35,bid,Andy Garg,YieldingYams,998871
2026-07-01T04:19:46.437542,2026-06-30T18:19:47.601955+00:00,71.4,30,bid,Andy Garg,YieldingYams,998877
2026-07-01T04:19:46.597781,2026-06-30T18:19:47.755173+00:00,71.4,10,bid,Andy Garg,YieldingYams,998883
2026-07-01T04:19:46.658371,2026-06-30T18:19:47.821173+00:00,71.4,35,bid,Andy Garg,YieldingYams,998888
2026-07-01T04:19:47.466486,2026-06-30T18:19:48.641857+00:00,71.3,200,bid,YieldingYams,WavyWalnuts,998893
2026-07-01T04:19:47.466486,2026-06-30T18:19:48.641857+00:00,71.5,425,bid,YieldingYams,AverageAlmonds,998894
2026-07-01T04:19:48.735900,2026-06-30T18:19:49.896268+00:00,71.3,35,ask,WavyWalnuts,Tanishq Panjwani,998913
2026-07-01T04:19:48.825476,2026-06-30T18:19:49.983787+00:00,71.3,15,ask,WavyWalnuts,Tanishq Panjwani,998915
2026-07-01T04:19:49.727525,2026-06-30T18:19:50.890734+00:00,71.3,20,ask,WavyWalnuts,BrilliantBurritos,998920
2026-07-01T04:19:49.740373,2026-06-30T18:19:50.901250+00:00,71.3,30,ask,WavyWalnuts,Andy Garg,998922
2026-07-01T04:19:49.953588,2026-06-30T18:19:51.119244+00:00,71.2,30,ask,YieldingYams,Andy Garg,998935
2026-07-01T04:19:52.326175,2026-06-30T18:19:53.497236+00:00,71.2,200,ask,YieldingYams,WavyWalnuts,998966
2026-07-01T04:19:52.731722,2026-06-30T18:19:53.890047+00:00,71.2,30,bid,Andy Garg,YieldingYams,998971
2026-07-01T04:19:53.199228,2026-06-30T18:19:54.359710+00:00,71.2,10,bid,Andy Garg,YieldingYams,998985
2026-07-01T04:19:53.360453,2026-06-30T18:19:54.523270+00:00,71.2,10,bid,Andy Garg,YieldingYams,998989
2026-07-01T04:19:54.747072,2026-06-30T18:19:55.913302+00:00,71.2,200,bid,WavyWalnuts,YieldingYams,999003
2026-07-01T04:19:54.982479,2026-06-30T18:19:56.148140+00:00,71.0,20,ask,YieldingYams,BrilliantBurritos,999005
2026-07-01T04:19:55.318701,2026-06-30T18:19:56.484075+00:00,71.2,20,bid,BrilliantBurritos,YieldingYams,999015
2026-07-01T04:19:56.746200,2026-06-30T18:19:57.904304+00:00,71.0,25,ask,WavyWalnuts,Andy Garg,999030
2026-07-01T04:19:56.907901,2026-06-30T18:19:58.068907+00:00,71.0,25,ask,WavyWalnuts,Andy Garg,999033
2026-07-01T04:19:57.070869,2026-06-30T18:19:58.232441+00:00,71.0,40,ask,WavyWalnuts,Andy Garg,999035
2026-07-01T04:19:57.218384,2026-06-30T18:19:58.374214+00:00,71.2,20,bid,BrilliantBurritos,YieldingYams,999041
2026-07-01T04:19:57.251626,2026-06-30T18:19:58.407213+00:00,71.1,35,ask,WavyWalnuts,Tanishq Panjwani,999043
2026-07-01T04:19:57.340917,2026-06-30T18:19:58.505267+00:00,71.1,35,ask,WavyWalnuts,Tanishq Panjwani,999045
2026-07-01T04:19:57.429496,2026-06-30T18:19:58.593268+00:00,71.1,30,ask,WavyWalnuts,Tanishq Panjwani,999047
2026-07-01T04:19:58.384757,2026-06-30T18:19:59.546463+00:00,71.0,200,ask,YieldingYams,WavyWalnuts,999058
2026-07-01T04:19:59.591837,2026-06-30T18:20:00.748486+00:00,71.0,200,ask,YieldingYams,WavyWalnuts,999074
2026-07-01T04:19:59.846097,2026-06-30T18:20:01.010621+00:00,71.0,20,ask,YieldingYams,BrilliantBurritos,999076
2026-07-01T04:20:00.552278,2026-06-30T18:20:01.708905+00:00,71.0,500,ask,AverageAlmonds,YieldingYams,999088
2026-07-01T04:20:00.552278,2026-06-30T18:20:01.719905+00:00,70.9,125,ask,WavyWalnuts,YieldingYams,999089
2026-07-01T04:20:03.205098,2026-06-30T18:20:04.369002+00:00,71.2,200,ask,WavyWalnuts,YieldingYams,999117
2026-07-01T04:20:03.881555,2026-06-30T18:20:05.045993+00:00,71.0,10,ask,WavyWalnuts,Andy Garg,999129
2026-07-01T04:20:04.044650,2026-06-30T18:20:05.210544+00:00,71.0,5,ask,WavyWalnuts,Andy Garg,999132
2026-07-01T04:20:04.458069,2026-06-30T18:20:05.616240+00:00,71.1,200,bid,WavyWalnuts,YieldingYams,999138
2026-07-01T04:20:04.559142,2026-06-30T18:20:05.714979+00:00,71.1,20,ask,YieldingYams,Andy Garg,999140
2026-07-01T04:20:05.676337,2026-06-30T18:20:06.841979+00:00,71.1,200,ask,YieldingYams,WavyWalnuts,999154
2026-07-01T04:20:07.130846,2026-06-30T18:20:08.295715+00:00,71.0,200,ask,WavyWalnuts,YieldingYams,999171
2026-07-01T04:20:07.137761,2026-06-30T18:20:08.295715+00:00,71.0,20,bid,BrilliantBurritos,YieldingYams,999172
2026-07-01T04:20:07.354748,2026-06-30T18:20:08.513564+00:00,71.0,20,bid,Andy Garg,YieldingYams,999177
2026-07-01T04:20:07.418399,2026-06-30T18:20:08.579140+00:00,71.0,5,bid,Andy Garg,YieldingYams,999180
2026-07-01T04:20:07.530119,2026-06-30T18:20:08.688666+00:00,71.0,10,bid,Andy Garg,YieldingYams,999184
2026-07-01T04:20:07.860180,2026-06-30T18:20:09.015852+00:00,71.0,20,bid,Andy Garg,YieldingYams,999189
2026-07-01T04:20:08.439157,2026-06-30T18:20:09.605422+00:00,70.9,500,ask,AverageAlmonds,YieldingYams,999191
2026-07-01T04:20:08.439157,2026-06-30T18:20:09.605422+00:00,70.9,125,ask,WavyWalnuts,YieldingYams,999192
2026-07-01T04:20:09.321257,2026-06-30T18:20:10.481127+00:00,70.9,200,ask,AverageAlmonds,WavyWalnuts,999199
2026-07-01T04:20:10.529315,2026-06-30T18:20:11.692969+00:00,71.1,200,ask,YieldingYams,WavyWalnuts,999218
2026-07-01T04:20:10.713347,2026-06-30T18:20:11.878797+00:00,71.1,5,ask,YieldingYams,Andy Garg,999220
2026-07-01T04:20:10.874848,2026-06-30T18:20:12.032094+00:00,71.1,5,ask,YieldingYams,Andy Garg,999228
2026-07-01T04:20:10.933444,2026-06-30T18:20:12.097132+00:00,71.1,10,ask,YieldingYams,Andy Garg,999230
2026-07-01T04:20:11.050804,2026-06-30T18:20:12.217660+00:00,71.1,10,ask,YieldingYams,Andy Garg,999234
2026-07-01T04:20:12.371865,2026-06-30T18:20:13.530519+00:00,70.9,200,ask,WavyWalnuts,YieldingYams,999257
2026-07-01T04:20:13.679447,2026-06-30T18:20:14.840600+00:00,70.9,200,bid,YieldingYams,WavyWalnuts,999273
2026-07-01T04:20:14.989045,2026-06-30T18:20:16.148792+00:00,70.9,200,ask,WavyWalnuts,YieldingYams,999291
2026-07-01T04:20:15.036824,2026-06-30T18:20:16.192793+00:00,70.9,10,bid,Andy Garg,YieldingYams,999294
2026-07-01T04:20:15.359313,2026-06-30T18:20:16.519617+00:00,70.8,200,ask,AverageAlmonds,WavyWalnuts,999300
2026-07-01T04:20:16.571157,2026-06-30T18:20:17.734475+00:00,71.1,200,ask,YieldingYams,WavyWalnuts,999313
2026-07-01T04:20:17.778567,2026-06-30T18:20:18.943358+00:00,71.0,200,ask,YieldingYams,WavyWalnuts,999327
2026-07-01T04:20:18.977885,2026-06-30T18:20:20.134688+00:00,71.1,5,bid,Andy Garg,YieldingYams,999347
2026-07-01T04:20:18.990539,2026-06-30T18:20:20.156215+00:00,70.9,200,ask,YieldingYams,WavyWalnuts,999350
2026-07-01T04:20:18.994172,2026-06-30T18:20:20.156215+00:00,71.1,35,bid,Tanishq Panjwani,YieldingYams,999351
2026-07-01T04:20:19.081774,2026-06-30T18:20:20.242647+00:00,71.1,35,bid,Tanishq Panjwani,YieldingYams,999356
2026-07-01T04:20:19.173017,2026-06-30T18:20:20.341697+00:00,71.1,30,bid,Tanishq Panjwani,YieldingYams,999360
2026-07-01T04:20:20.198970,2026-06-30T18:20:21.360087+00:00,70.9,200,ask,YieldingYams,WavyWalnuts,999376
2026-07-01T04:20:20.250812,2026-06-30T18:20:21.415097+00:00,70.9,55,bid,Andy Garg,YieldingYams,999378
2026-07-01T04:20:21.175786,2026-06-30T18:20:22.338472+00:00,70.8,25,ask,AverageAlmonds,Andy Garg,999393
2026-07-01T04:20:21.349442,2026-06-30T18:20:22.513877+00:00,70.8,15,ask,AverageAlmonds,Andy Garg,999401
2026-07-01T04:20:21.408507,2026-06-30T18:20:22.567248+00:00,70.9,200,bid,WavyWalnuts,YieldingYams,999407
2026-07-01T04:20:21.518984,2026-06-30T18:20:22.675409+00:00,70.8,20,ask,AverageAlmonds,Andy Garg,999412
2026-07-01T04:20:22.635726,2026-06-30T18:20:23.792707+00:00,70.9,5,ask,WavyWalnuts,Andy Garg,999427
2026-07-01T04:20:25.011083,2026-06-30T18:20:26.175775+00:00,70.9,5,bid,Andy Garg,WavyWalnuts,999449
2026-07-01T04:20:26.774341,2026-06-30T18:20:27.935487+00:00,70.8,200,ask,WavyWalnuts,YieldingYams,999476
2026-07-01T04:20:26.784731,2026-06-30T18:20:27.946009+00:00,70.8,10,bid,Andy Garg,YieldingYams,999477
2026-07-01T04:20:27.449667,2026-06-30T18:20:28.613490+00:00,70.8,200,bid,WavyWalnuts,YieldingYams,999486
2026-07-01T04:20:28.155239,2026-06-30T18:20:29.313943+00:00,70.7,10,ask,AverageAlmonds,Andy Garg,999504
2026-07-01T04:20:28.483683,2026-06-30T18:20:29.642679+00:00,70.8,20,bid,BrilliantBurritos,YieldingYams,999508
2026-07-01T04:20:29.865032,2026-06-30T18:20:31.024995+00:00,70.8,200,bid,WavyWalnuts,YieldingYams,999531
2026-07-01T04:20:30.735032,2026-06-30T18:20:31.900347+00:00,70.9,5,ask,YieldingYams,Andy Garg,999540
2026-07-01T04:20:31.074715,2026-06-30T18:20:32.237092+00:00,70.9,200,ask,YieldingYams,WavyWalnuts,999546
2026-07-01T04:20:32.056784,2026-06-30T18:20:33.220491+00:00,70.9,5,bid,Andy Garg,YieldingYams,999562
2026-07-01T04:20:33.048413,2026-06-30T18:20:34.210434+00:00,70.9,20,bid,BrilliantBurritos,YieldingYams,999576
2026-07-01T04:20:33.500711,2026-06-30T18:20:34.657343+00:00,70.8,200,ask,YieldingYams,WavyWalnuts,999583
2026-07-01T04:20:34.712469,2026-06-30T18:20:35.871481+00:00,71.0,200,ask,YieldingYams,WavyWalnuts,999597
2026-07-01T04:20:37.140778,2026-06-30T18:20:38.303742+00:00,71.1,200,ask,YieldingYams,WavyWalnuts,999628
2026-07-01T04:20:37.270672,2026-06-30T18:20:38.435430+00:00,71.2,500,bid,YieldingYams,AverageAlmonds,999632
2026-07-01T04:20:37.690100,2026-06-30T18:20:38.851778+00:00,71.2,125,ask,YieldingYams,AverageAlmonds,999635
2026-07-01T04:20:38.578977,2026-06-30T18:20:39.736161+00:00,71.0,200,ask,WavyWalnuts,YieldingYams,999650
2026-07-01T04:20:38.590617,2026-06-30T18:20:39.747160+00:00,70.9,200,bid,Chester Au,YieldingYams,999651
2026-07-01T04:20:38.658888,2026-06-30T18:20:39.823309+00:00,70.9,77,bid,Tanishq Panjwani,YieldingYams,999655
2026-07-01T04:20:38.666612,2026-06-30T18:20:39.823309+00:00,70.9,45,bid,Andy Garg,YieldingYams,999657
2026-07-01T04:20:38.827142,2026-06-30T18:20:39.987342+00:00,70.9,45,bid,Andy Garg,YieldingYams,999660
2026-07-01T04:20:39.038947,2026-06-30T18:20:40.194410+00:00,70.9,10,bid,Andy Garg,YieldingYams,999665
2026-07-01T04:20:39.569014,2026-06-30T18:20:40.730115+00:00,70.9,48,bid,WavyWalnuts,YieldingYams,999678
2026-07-01T04:20:39.905539,2026-06-30T18:20:41.069692+00:00,71.0,25,ask,YieldingYams,Chester Au,999689
2026-07-01T04:20:40.314296,2026-06-30T18:20:41.481709+00:00,71.0,5,ask,YieldingYams,Andy Garg,999697
2026-07-01T04:20:40.432040,2026-06-30T18:20:41.591161+00:00,71.0,45,ask,YieldingYams,Andy Garg,999702
2026-07-01T04:20:41.363047,2026-06-30T18:20:42.519300+00:00,71.0,50,ask,WavyWalnuts,Andy Garg,999717
2026-07-01T04:20:42.003799,2026-06-30T18:20:43.166048+00:00,71.1,200,bid,WavyWalnuts,AverageAlmonds,999724
2026-07-01T04:20:43.214133,2026-06-30T18:20:44.377576+00:00,71.1,200,bid,WavyWalnuts,AverageAlmonds,999744
2026-07-01T04:20:45.117216,2026-06-30T18:20:46.280369+00:00,71.1,200,ask,WavyWalnuts,YieldingYams,999774
2026-07-01T04:20:45.467830,2026-06-30T18:20:46.630823+00:00,71.0,20,ask,YieldingYams,BrilliantBurritos,999779
2026-07-01T04:20:45.654909,2026-06-30T18:20:46.816432+00:00,71.1,15,bid,Andy Garg,YieldingYams,999783
2026-07-01T04:20:45.815212,2026-06-30T18:20:46.980493+00:00,71.1,5,bid,Andy Garg,YieldingYams,999787
2026-07-01T04:20:45.976532,2026-06-30T18:20:47.133432+00:00,71.1,20,bid,Andy Garg,YieldingYams,999790
2026-07-01T04:20:47.403139,2026-06-30T18:20:48.567472+00:00,71.1,500,ask,YieldingYams,AverageAlmonds,999808
2026-07-01T04:20:48.003210,2026-06-30T18:20:49.167649+00:00,71.1,200,ask,WavyWalnuts,AverageAlmonds,999818
2026-07-01T04:20:48.461136,2026-06-30T18:20:49.627224+00:00,71.0,20,ask,YieldingYams,BrilliantBurritos,999824
2026-07-01T04:20:48.739649,2026-06-30T18:20:49.900437+00:00,71.0,20,ask,YieldingYams,BrilliantBurritos,999826
2026-07-01T04:20:49.047109,2026-06-30T18:20:50.206750+00:00,71.1,500,bid,YieldingYams,AverageAlmonds,999829
2026-07-01T04:20:49.159988,2026-06-30T18:20:50.316271+00:00,71.1,15,ask,YieldingYams,Andy Garg,999833
2026-07-01T04:20:49.209499,2026-06-30T18:20:50.370449+00:00,71.1,110,ask,YieldingYams,AverageAlmonds,999835
2026-07-01T04:20:49.372870,2026-06-30T18:20:50.534349+00:00,71.0,5,ask,WavyWalnuts,Andy Garg,999842
2026-07-01T04:20:49.534773,2026-06-30T18:20:50.698969+00:00,71.0,20,ask,WavyWalnuts,Andy Garg,999845
2026-07-01T04:20:50.354567,2026-06-30T18:20:51.518035+00:00,71.0,175,ask,WavyWalnuts,YieldingYams,999855
2026-07-01T04:20:51.105919,2026-06-30T18:20:52.265188+00:00,70.9,10,bid,Andy Garg,YieldingYams,999869
2026-07-01T04:20:52.626478,2026-06-30T18:20:53.786782+00:00,71.0,15,bid,Andy Garg,YieldingYams,999887
2026-07-01T04:20:52.788371,2026-06-30T18:20:53.951287+00:00,71.0,5,bid,Andy Garg,YieldingYams,999893
2026-07-01T04:20:52.904703,2026-06-30T18:20:54.061559+00:00,70.9,200,ask,YieldingYams,WavyWalnuts,999899
2026-07-01T04:20:52.948534,2026-06-30T18:20:54.105557+00:00,71.0,10,bid,Andy Garg,YieldingYams,999902
2026-07-01T04:20:52.972250,2026-06-30T18:20:54.138556+00:00,70.8,200,ask,WavyWalnuts,YieldingYams,999905
2026-07-01T04:20:52.984056,2026-06-30T18:20:54.149557+00:00,70.7,25,bid,Chester Au,YieldingYams,999907
2026-07-01T04:20:53.010741,2026-06-30T18:20:54.171808+00:00,70.7,60,bid,Andy Garg,YieldingYams,999912
2026-07-01T04:20:53.450983,2026-06-30T18:20:54.608958+00:00,70.7,340,bid,AverageAlmonds,YieldingYams,999921
2026-07-01T04:20:55.325774,2026-06-30T18:20:56.485133+00:00,70.9,200,bid,WavyWalnuts,YieldingYams,999948
2026-07-01T04:20:56.153160,2026-06-30T18:20:57.316701+00:00,70.7,15,ask,YieldingYams,Andy Garg,999956
2026-07-01T04:20:56.316327,2026-06-30T18:20:57.481953+00:00,70.7,35,ask,YieldingYams,Andy Garg,999963
2026-07-01T04:20:56.530583,2026-06-30T18:20:57.687569+00:00,70.7,50,ask,YieldingYams,Andy Garg,999968
2026-07-01T04:20:58.202776,2026-06-30T18:20:59.364963+00:00,70.8,200,bid,YieldingYams,WavyWalnuts,999986
2026-07-01T04:20:58.959236,2026-06-30T18:21:00.117172+00:00,70.8,200,ask,YieldingYams,WavyWalnuts,999996
2026-07-01T04:21:02.155686,2026-06-30T18:21:03.324236+00:00,70.8,200,ask,WavyWalnuts,YieldingYams,1000037
2026-07-01T04:21:02.576971,2026-06-30T18:21:03.739455+00:00,70.8,200,bid,WavyWalnuts,YieldingYams,1000041
2026-07-01T04:21:03.138266,2026-06-30T18:21:04.294405+00:00,70.7,25,ask,YieldingYams,Andy Garg,1000050
2026-07-01T04:21:03.333087,2026-06-30T18:21:04.491645+00:00,70.7,40,ask,YieldingYams,Andy Garg,1000059
2026-07-01T04:21:03.463147,2026-06-30T18:21:04.622560+00:00,70.9,200,bid,YieldingYams,WavyWalnuts,1000063
2026-07-01T04:21:03.494124,2026-06-30T18:21:04.655033+00:00,70.9,35,ask,YieldingYams,Andy Garg,1000064
2026-07-01T04:21:03.788954,2026-06-30T18:21:04.950635+00:00,70.9,200,ask,YieldingYams,WavyWalnuts,1000073
2026-07-01T04:21:04.998303,2026-06-30T18:21:06.164252+00:00,70.8,200,ask,YieldingYams,WavyWalnuts,1000088
2026-07-01T04:21:06.205786,2026-06-30T18:21:07.368871+00:00,70.8,200,bid,WavyWalnuts,YieldingYams,1000100
2026-07-01T04:21:06.839669,2026-06-30T18:21:08.002333+00:00,70.8,55,bid,Andy Garg,YieldingYams,1000113
2026-07-01T04:21:07.005228,2026-06-30T18:21:08.166640+00:00,70.8,45,bid,Andy Garg,YieldingYams,1000117
2026-07-01T04:21:11.332269,2026-06-30T18:21:12.494038+00:00,70.8,200,bid,YieldingYams,WavyWalnuts,1000172
2026-07-01T04:21:12.290377,2026-06-30T18:21:13.453530+00:00,70.8,200,ask,YieldingYams,WavyWalnuts,1000184
2026-07-01T04:21:12.645259,2026-06-30T18:21:13.803420+00:00,70.7,200,ask,WavyWalnuts,YieldingYams,1000191
2026-07-01T04:21:15.277451,2026-06-30T18:21:16.437666+00:00,70.8,200,bid,YieldingYams,WavyWalnuts,1000225
2026-07-01T04:21:19.204827,2026-06-30T18:21:20.366937+00:00,71.0,200,ask,WavyWalnuts,YieldingYams,1000285
2026-07-01T04:21:19.226990,2026-06-30T18:21:20.388937+00:00,71.0,20,bid,BrilliantBurritos,YieldingYams,1000286
2026-07-01T04:21:19.249350,2026-06-30T18:21:20.410937+00:00,71.0,15,bid,Andy Garg,YieldingYams,1000287
2026-07-01T04:21:20.513090,2026-06-30T18:21:21.679828+00:00,71.0,200,bid,YieldingYams,WavyWalnuts,1000299
2026-07-01T04:21:21.824750,2026-06-30T18:21:22.987865+00:00,71.0,200,ask,WavyWalnuts,YieldingYams,1000320
2026-07-01T04:21:23.144722,2026-06-30T18:21:24.310504+00:00,71.0,200,bid,YieldingYams,WavyWalnuts,1000338
2026-07-01T04:21:23.157234,2026-06-30T18:21:24.321505+00:00,71.0,8,ask,YieldingYams,Tanishq Panjwani,1000340
2026-07-01T04:21:23.261547,2026-06-30T18:21:24.419652+00:00,71.1,8,bid,Tanishq Panjwani,YieldingYams,1000346
2026-07-01T04:21:23.284503,2026-06-30T18:21:24.441625+00:00,71.0,8,ask,YieldingYams,Tanishq Panjwani,1000351
2026-07-01T04:21:23.383952,2026-06-30T18:21:24.540152+00:00,71.1,8,bid,Tanishq Panjwani,YieldingYams,1000357
2026-07-01T04:21:23.406282,2026-06-30T18:21:24.562151+00:00,71.0,8,ask,YieldingYams,Tanishq Panjwani,1000362
2026-07-01T04:21:24.221222,2026-06-30T18:21:25.382827+00:00,71.1,7,bid,Tanishq Panjwani,YieldingYams,1000384
2026-07-01T04:21:24.249677,2026-06-30T18:21:25.415817+00:00,71.1,25,bid,Andy Garg,YieldingYams,1000391
2026-07-01T04:21:24.410111,2026-06-30T18:21:25.569000+00:00,71.1,20,bid,Andy Garg,YieldingYams,1000397
2026-07-01T04:21:24.455049,2026-06-30T18:21:25.612999+00:00,71.0,200,ask,WavyWalnuts,YieldingYams,1000399
2026-07-01T04:21:24.471335,2026-06-30T18:21:25.635000+00:00,71.0,20,bid,Andy Garg,YieldingYams,1000400
2026-07-01T04:21:25.606780,2026-06-30T18:21:26.772059+00:00,71.0,20,bid,Andy Garg,YieldingYams,1000416
2026-07-01T04:21:27.580912,2026-06-30T18:21:28.744420+00:00,70.9,25,ask,WavyWalnuts,Andy Garg,1000446
2026-07-01T04:21:27.740309,2026-06-30T18:21:28.897197+00:00,70.9,35,ask,WavyWalnuts,Andy Garg,1000450
2026-07-01T04:21:27.900328,2026-06-30T18:21:29.060242+00:00,70.9,40,ask,WavyWalnuts,Andy Garg,1000455
2026-07-01T04:21:28.254581,2026-06-30T18:21:29.420580+00:00,71.1,20,bid,BrilliantBurritos,YieldingYams,1000464
2026-07-01T04:21:29.688388,2026-06-30T18:21:30.853024+00:00,71.0,200,ask,WavyWalnuts,YieldingYams,1000481
2026-07-01T04:21:30.424234,2026-06-30T18:21:31.584829+00:00,70.9,200,bid,WavyWalnuts,YieldingYams,1000489
2026-07-01T04:21:31.014411,2026-06-30T18:21:32.173943+00:00,71.0,200,bid,YieldingYams,WavyWalnuts,1000505
2026-07-01T04:21:31.014411,2026-06-30T18:21:32.173943+00:00,71.1,425,bid,YieldingYams,AverageAlmonds,1000506
2026-07-01T04:21:34.558033,2026-06-30T18:21:35.718806+00:00,70.7,15,ask,YieldingYams,Andy Garg,1000551
2026-07-01T04:21:34.722546,2026-06-30T18:21:35.893750+00:00,70.7,20,ask,YieldingYams,Andy Garg,1000556
2026-07-01T04:21:34.836968,2026-06-30T18:21:36.003628+00:00,70.7,8,ask,YieldingYams,Tanishq Panjwani,1000560
2026-07-01T04:21:34.936055,2026-06-30T18:21:36.102175+00:00,70.7,15,ask,AverageAlmonds,Andy Garg,1000567
2026-07-01T04:21:34.947527,2026-06-30T18:21:36.113175+00:00,70.8,200,bid,YieldingYams,WavyWalnuts,1000571
2026-07-01T04:21:34.953646,2026-06-30T18:21:36.113175+00:00,70.8,8,ask,YieldingYams,Tanishq Panjwani,1000573
2026-07-01T04:21:34.998621,2026-06-30T18:21:36.157052+00:00,70.8,30,ask,YieldingYams,Andy Garg,1000578
2026-07-01T04:21:35.068686,2026-06-30T18:21:36.234050+00:00,70.8,6,ask,YieldingYams,Tanishq Panjwani,1000586
2026-07-01T04:21:35.213480,2026-06-30T18:21:36.375810+00:00,71.0,20,bid,BrilliantBurritos,YieldingYams,1000595
2026-07-01T04:21:35.278619,2026-06-30T18:21:36.442200+00:00,71.0,200,bid,WavyWalnuts,YieldingYams,1000596
2026-07-01T04:21:36.500907,2026-06-30T18:21:37.664422+00:00,70.8,200,ask,AverageAlmonds,WavyWalnuts,1000612
2026-07-01T04:21:37.709139,2026-06-30T18:21:38.866845+00:00,70.8,20,ask,AverageAlmonds,BrilliantBurritos,1000633
2026-07-01T04:21:38.037258,2026-06-30T18:21:39.194910+00:00,70.9,25,bid,Andy Garg,YieldingYams,1000639
2026-07-01T04:21:38.251184,2026-06-30T18:21:39.412976+00:00,70.9,30,bid,Andy Garg,YieldingYams,1000644
2026-07-01T04:21:38.919573,2026-06-30T18:21:40.079159+00:00,70.9,200,bid,WavyWalnuts,YieldingYams,1000659
2026-07-01T04:21:39.697721,2026-06-30T18:21:40.855435+00:00,71.0,25,bid,Andy Garg,WavyWalnuts,1000669
2026-07-01T04:21:41.572893,2026-06-30T18:21:42.735733+00:00,70.8,5,ask,YieldingYams,Andy Garg,1000693
2026-07-01T04:21:41.732942,2026-06-30T18:21:42.898480+00:00,70.8,10,ask,YieldingYams,Andy Garg,1000696
2026-07-01T04:21:41.822267,2026-06-30T18:21:42.986423+00:00,70.9,20,bid,BrilliantBurritos,WavyWalnuts,1000698
2026-07-01T04:21:41.893280,2026-06-30T18:21:43.051930+00:00,70.8,15,ask,YieldingYams,Andy Garg,1000700
2026-07-01T04:21:42.565449,2026-06-30T18:21:43.728269+00:00,70.9,25,ask,WavyWalnuts,Andy Garg,1000706
2026-07-01T04:21:42.866624,2026-06-30T18:21:44.024828+00:00,70.9,175,ask,WavyWalnuts,YieldingYams,1000714
2026-07-01T04:21:43.759011,2026-06-30T18:21:44.920196+00:00,70.8,200,ask,YieldingYams,WavyWalnuts,1000725
2026-07-01T04:21:43.912431,2026-06-30T18:21:45.073291+00:00,70.9,20,bid,BrilliantBurritos,YieldingYams,1000728
2026-07-01T04:21:45.053011,2026-06-30T18:21:46.209238+00:00,71.0,20,bid,Andy Garg,YieldingYams,1000742
2026-07-01T04:21:45.213826,2026-06-30T18:21:46.373127+00:00,71.0,10,bid,Andy Garg,YieldingYams,1000747
2026-07-01T04:21:45.424840,2026-06-30T18:21:46.581716+00:00,71.0,25,bid,Andy Garg,YieldingYams,1000752
2026-07-01T04:21:47.389957,2026-06-30T18:21:48.560528+00:00,71.0,200,bid,WavyWalnuts,YieldingYams,1000781
2026-07-01T04:21:48.577364,2026-06-30T18:21:49.741669+00:00,71.0,10,ask,YieldingYams,Andy Garg,1000796
2026-07-01T04:21:48.599948,2026-06-30T18:21:49.763669+00:00,71.0,200,ask,YieldingYams,WavyWalnuts,1000799
2026-07-01T04:21:48.738724,2026-06-30T18:21:49.905607+00:00,71.0,10,ask,YieldingYams,Andy Garg,1000801
2026-07-01T04:21:48.902873,2026-06-30T18:21:50.068708+00:00,71.0,15,ask,YieldingYams,Andy Garg,1000805
2026-07-01T04:21:49.807819,2026-06-30T18:21:50.965039+00:00,71.0,200,ask,YieldingYams,WavyWalnuts,1000817
2026-07-01T04:21:51.014368,2026-06-30T18:21:52.176615+00:00,71.0,200,bid,WavyWalnuts,YieldingYams,1000832
2026-07-01T04:21:51.986301,2026-06-30T18:21:53.149773+00:00,71.0,10,bid,Andy Garg,YieldingYams,1000846
2026-07-01T04:21:52.253511,2026-06-30T18:21:53.422560+00:00,71.0,10,bid,Andy Garg,WavyWalnuts,1000851
2026-07-01T04:21:52.416233,2026-06-30T18:21:53.575578+00:00,71.0,15,bid,Andy Garg,WavyWalnuts,1000856
2026-07-01T04:21:53.332100,2026-06-30T18:21:54.496407+00:00,71.0,175,bid,YieldingYams,WavyWalnuts,1000870
2026-07-01T04:21:55.548556,2026-06-30T18:21:56.706603+00:00,71.0,10,ask,WavyWalnuts,Andy Garg,1000901
2026-07-01T04:21:55.708952,2026-06-30T18:21:56.869167+00:00,71.0,10,ask,WavyWalnuts,Andy Garg,1000906
2026-07-01T04:21:55.895325,2026-06-30T18:21:57.054977+00:00,71.0,15,ask,WavyWalnuts,Andy Garg,1000914
2026-07-01T04:21:55.961471,2026-06-30T18:21:57.119758+00:00,71.1,30,ask,YieldingYams,Andy Garg,1000919
2026-07-01T04:21:59.518189,2026-06-30T18:22:00.679367+00:00,71.1,200,bid,WavyWalnuts,YieldingYams,1000952
2026-07-01T04:22:03.103142,2026-06-30T18:22:04.263989+00:00,71.0,200,ask,WavyWalnuts,AverageAlmonds,1000992
2026-07-01T04:22:03.103142,2026-06-30T18:22:04.263989+00:00,71.0,300,ask,YieldingYams,AverageAlmonds,1000993
2026-07-01T04:22:03.342879,2026-06-30T18:22:04.503070+00:00,71.1,20,bid,BrilliantBurritos,WavyWalnuts,1001001
2026-07-01T04:22:03.735320,2026-06-30T18:22:04.896971+00:00,71.0,325,ask,YieldingYams,AverageAlmonds,1001006
2026-07-01T04:22:03.735320,2026-06-30T18:22:04.896971+00:00,71.0,175,ask,WavyWalnuts,AverageAlmonds,1001007
2026-07-01T04:22:03.817854,2026-06-30T18:22:04.974069+00:00,71.0,25,ask,WavyWalnuts,YieldingYams,1001008
2026-07-01T04:22:04.355975,2026-06-30T18:22:05.514616+00:00,70.7,200,bid,WavyWalnuts,YieldingYams,1001014
2026-07-01T04:22:05.568845,2026-06-30T18:22:06.725579+00:00,70.9,200,bid,WavyWalnuts,YieldingYams,1001025
2026-07-01T04:22:06.002203,2026-06-30T18:22:07.162915+00:00,70.8,15,ask,YieldingYams,Andy Garg,1001034
2026-07-01T04:22:06.163059,2026-06-30T18:22:07.326903+00:00,70.8,20,ask,YieldingYams,Andy Garg,1001039
2026-07-01T04:22:06.432514,2026-06-30T18:22:07.589457+00:00,71.0,500,bid,YieldingYams,AverageAlmonds,1001044
2026-07-01T04:22:06.512398,2026-06-30T18:22:07.677747+00:00,71.0,35,ask,YieldingYams,Tanishq Panjwani,1001051
2026-07-01T04:22:06.604685,2026-06-30T18:22:07.775779+00:00,71.0,15,ask,YieldingYams,Tanishq Panjwani,1001054
2026-07-01T04:22:06.753377,2026-06-30T18:22:07.917329+00:00,71.0,75,ask,YieldingYams,AverageAlmonds,1001055
2026-07-01T04:22:06.780391,2026-06-30T18:22:07.950328+00:00,71.0,200,bid,WavyWalnuts,AverageAlmonds,1001056
2026-07-01T04:22:07.988718,2026-06-30T18:22:09.153089+00:00,70.9,200,bid,WavyWalnuts,YieldingYams,1001074
2026-07-01T04:22:09.170721,2026-06-30T18:22:10.328736+00:00,70.9,500,ask,YieldingYams,AverageAlmonds,1001089
2026-07-01T04:22:10.360874,2026-06-30T18:22:11.526859+00:00,70.9,200,ask,WavyWalnuts,YieldingYams,1001110
2026-07-01T04:22:10.376505,2026-06-30T18:22:11.537859+00:00,70.6,50,bid,Tanishq Panjwani,YieldingYams,1001111
2026-07-01T04:22:10.379235,2026-06-30T18:22:11.537859+00:00,70.6,100,bid,Andy Garg,YieldingYams,1001112
2026-07-01T04:22:10.414993,2026-06-30T18:22:11.581329+00:00,70.6,200,bid,WavyWalnuts,YieldingYams,1001116
2026-07-01T04:22:11.624691,2026-06-30T18:22:12.785403+00:00,70.6,75,bid,WavyWalnuts,YieldingYams,1001141
2026-07-01T04:22:11.624691,2026-06-30T18:22:12.785403+00:00,71.0,125,bid,WavyWalnuts,AverageAlmonds,1001142
2026-07-01T04:22:11.938609,2026-06-30T18:22:13.101617+00:00,70.8,20,bid,BrilliantBurritos,YieldingYams,1001148
2026-07-01T04:22:13.331379,2026-06-30T18:22:14.490266+00:00,70.6,45,ask,WavyWalnuts,Andy Garg,1001170
2026-07-01T04:22:14.283746,2026-06-30T18:22:15.443615+00:00,70.7,200,bid,YieldingYams,WavyWalnuts,1001188
2026-07-01T04:22:15.593843,2026-06-30T18:22:16.755828+00:00,70.7,200,ask,WavyWalnuts,YieldingYams,1001205
2026-07-01T04:22:18.132944,2026-06-30T18:22:19.299341+00:00,70.7,45,bid,Andy Garg,WavyWalnuts,1001239
2026-07-01T04:22:20.106738,2026-06-30T18:22:21.269496+00:00,70.7,200,bid,WavyWalnuts,YieldingYams,1001272
2026-07-01T04:22:20.890592,2026-06-30T18:22:22.054191+00:00,70.6,35,ask,YieldingYams,Tanishq Panjwani,1001287
2026-07-01T04:22:20.979763,2026-06-30T18:22:22.142191+00:00,70.6,17,ask,YieldingYams,Tanishq Panjwani,1001289
2026-07-01T04:22:22.523917,2026-06-30T18:22:23.687418+00:00,70.9,200,bid,WavyWalnuts,YieldingYams,1001307
2026-07-01T04:22:23.731720,2026-06-30T18:22:24.897042+00:00,70.9,200,bid,WavyWalnuts,YieldingYams,1001328
2026-07-01T04:22:26.422565,2026-06-30T18:22:27.586055+00:00,70.9,150,ask,WavyWalnuts,Chester Au,1001369
2026-07-01T04:22:27.364213,2026-06-30T18:22:28.536566+00:00,70.9,200,ask,WavyWalnuts,YieldingYams,1001381
2026-07-01T04:22:28.579644,2026-06-30T18:22:29.739209+00:00,70.9,200,bid,WavyWalnuts,YieldingYams,1001404
2026-07-01T04:22:28.670810,2026-06-30T18:22:29.827234+00:00,71.0,500,bid,YieldingYams,AverageAlmonds,1001406
2026-07-01T04:22:28.670810,2026-06-30T18:22:29.838234+00:00,71.0,125,bid,YieldingYams,WavyWalnuts,1001407
2026-07-01T04:22:31.008201,2026-06-30T18:22:32.166357+00:00,70.8,200,ask,YieldingYams,WavyWalnuts,1001428
2026-07-01T04:22:32.607913,2026-06-30T18:22:33.775481+00:00,70.6,200,ask,WavyWalnuts,YieldingYams,1001449
2026-07-01T04:22:32.607913,2026-06-30T18:22:33.775481+00:00,70.5,425,ask,AverageAlmonds,YieldingYams,1001450
2026-07-01T04:22:34.302327,2026-06-30T18:22:35.465340+00:00,70.6,15,ask,YieldingYams,Andy Garg,1001473
2026-07-01T04:22:35.256789,2026-06-30T18:22:36.426585+00:00,70.6,500,ask,AverageAlmonds,YieldingYams,1001480
2026-07-01T04:22:35.672031,2026-06-30T18:22:36.830396+00:00,70.6,15,bid,Andy Garg,YieldingYams,1001484
2026-07-01T04:22:35.831529,2026-06-30T18:22:36.994191+00:00,70.6,110,bid,AverageAlmonds,YieldingYams,1001486
2026-07-01T04:22:35.908422,2026-06-30T18:22:37.071189+00:00,70.6,200,ask,AverageAlmonds,WavyWalnuts,1001490
2026-07-01T04:22:37.876801,2026-06-30T18:22:39.034660+00:00,70.7,200,bid,YieldingYams,WavyWalnuts,1001521
2026-07-01T04:22:38.325905,2026-06-30T18:22:39.492268+00:00,70.7,200,ask,YieldingYams,WavyWalnuts,1001529
2026-07-01T04:22:40.496139,2026-06-30T18:22:41.659253+00:00,70.6,200,ask,WavyWalnuts,YieldingYams,1001552
2026-07-01T04:22:40.739272,2026-06-30T18:22:41.901238+00:00,70.6,200,bid,WavyWalnuts,YieldingYams,1001556
2026-07-01T04:22:40.967956,2026-06-30T18:22:42.130338+00:00,70.5,15,ask,AverageAlmonds,Andy Garg,1001558
2026-07-01T04:22:41.130260,2026-06-30T18:22:42.293707+00:00,70.5,20,ask,AverageAlmonds,Andy Garg,1001561
2026-07-01T04:22:41.299192,2026-06-30T18:22:42.457229+00:00,70.5,15,ask,AverageAlmonds,Andy Garg,1001566
2026-07-01T04:22:41.804215,2026-06-30T18:22:42.961438+00:00,70.8,200,bid,YieldingYams,WavyWalnuts,1001576
2026-07-01T04:22:41.811886,2026-06-30T18:22:42.972450+00:00,70.9,50,ask,YieldingYams,Tanishq Panjwani,1001577
2026-07-01T04:22:41.814323,2026-06-30T18:22:42.972450+00:00,70.9,50,ask,YieldingYams,Andy Garg,1001578
2026-07-01T04:22:41.828933,2026-06-30T18:22:42.994138+00:00,70.9,50,ask,YieldingYams,Chester Au,1001583
2026-07-01T04:22:41.916494,2026-06-30T18:22:43.081981+00:00,70.9,75,ask,YieldingYams,Tanishq Panjwani,1001588
2026-07-01T04:22:41.945320,2026-06-30T18:22:43.103981+00:00,70.9,200,ask,YieldingYams,WavyWalnuts,1001592
2026-07-01T04:22:43.152015,2026-06-30T18:22:44.315604+00:00,70.7,200,bid,WavyWalnuts,YieldingYams,1001608
2026-07-01T04:22:44.364176,2026-06-30T18:22:45.527492+00:00,70.7,200,bid,WavyWalnuts,YieldingYams,1001621
2026-07-01T04:22:44.417374,2026-06-30T18:22:45.582054+00:00,70.8,200,bid,YieldingYams,WavyWalnuts,1001625
2026-07-01T04:22:45.578638,2026-06-30T18:22:46.741886+00:00,70.9,200,ask,YieldingYams,WavyWalnuts,1001649
2026-07-01T04:22:45.748102,2026-06-30T18:22:46.916426+00:00,70.9,45,bid,Andy Garg,YieldingYams,1001650
2026-07-01T04:22:46.078152,2026-06-30T18:22:47.245945+00:00,70.9,55,bid,Andy Garg,YieldingYams,1001663
2026-07-01T04:22:46.806107,2026-06-30T18:22:47.965361+00:00,70.7,200,ask,YieldingYams,WavyWalnuts,1001670
2026-07-01T04:22:47.927843,2026-06-30T18:22:49.092172+00:00,70.8,20,bid,BrilliantBurritos,YieldingYams,1001688
2026-07-01T04:22:47.957199,2026-06-30T18:22:49.114172+00:00,70.6,5,ask,YieldingYams,Andy Garg,1001689
2026-07-01T04:22:48.118185,2026-06-30T18:22:49.278201+00:00,70.6,20,ask,YieldingYams,Andy Garg,1001699
2026-07-01T04:22:48.279007,2026-06-30T18:22:49.443228+00:00,70.6,15,ask,YieldingYams,Andy Garg,1001701
2026-07-01T04:22:49.223867,2026-06-30T18:22:50.384657+00:00,70.6,200,ask,YieldingYams,WavyWalnuts,1001708
2026-07-01T04:22:49.296016,2026-06-30T18:22:50.461190+00:00,70.6,30,ask,YieldingYams,Andy Garg,1001709
2026-07-01T04:22:49.457448,2026-06-30T18:22:50.614841+00:00,70.6,30,ask,YieldingYams,Andy Garg,1001714
2026-07-01T04:22:49.653800,2026-06-30T18:22:50.821677+00:00,70.5,500,ask,AverageAlmonds,YieldingYams,1001719
2026-07-01T04:22:49.751742,2026-06-30T18:22:50.908980+00:00,70.5,125,bid,AverageAlmonds,YieldingYams,1001722
2026-07-01T04:22:50.606583,2026-06-30T18:22:51.772599+00:00,70.8,20,bid,BrilliantBurritos,WavyWalnuts,1001731
2026-07-01T04:22:52.217317,2026-06-30T18:22:53.378911+00:00,70.6,20,ask,YieldingYams,BrilliantBurritos,1001754
2026-07-01T04:22:52.287720,2026-06-30T18:22:53.444087+00:00,70.7,200,bid,YieldingYams,WavyWalnuts,1001757
2026-07-01T04:22:54.058658,2026-06-30T18:22:55.228655+00:00,70.7,200,bid,WavyWalnuts,YieldingYams,1001775
2026-07-01T04:22:54.873366,2026-06-30T18:22:56.039747+00:00,70.7,5,bid,Andy Garg,YieldingYams,1001790
2026-07-01T04:22:55.267487,2026-06-30T18:22:56.423694+00:00,70.8,200,bid,WavyWalnuts,YieldingYams,1001801
2026-07-01T04:22:56.212464,2026-06-30T18:22:57.376581+00:00,70.9,500,bid,YieldingYams,AverageAlmonds,1001810
2026-07-01T04:22:56.409854,2026-06-30T18:22:57.573616+00:00,70.9,125,ask,YieldingYams,AverageAlmonds,1001813
2026-07-01T04:22:56.544872,2026-06-30T18:22:57.703678+00:00,70.9,45,bid,Andy Garg,AverageAlmonds,1001819
2026-07-01T04:22:57.520490,2026-06-30T18:22:58.681721+00:00,70.7,200,ask,WavyWalnuts,YieldingYams,1001834
2026-07-01T04:22:57.561340,2026-06-30T18:22:58.725734+00:00,70.7,50,bid,Andy Garg,YieldingYams,1001837
2026-07-01T04:22:57.641409,2026-06-30T18:22:58.801696+00:00,70.5,20,ask,YieldingYams,BrilliantBurritos,1001841
2026-07-01T04:23:01.320503,2026-06-30T18:23:02.483363+00:00,70.6,200,ask,YieldingYams,WavyWalnuts,1001888
2026-07-01T04:23:02.488688,2026-06-30T18:23:03.648348+00:00,70.5,20,ask,YieldingYams,BrilliantBurritos,1001900
2026-07-01T04:23:02.752474,2026-06-30T18:23:03.909837+00:00,70.6,200,bid,YieldingYams,WavyWalnuts,1001907
2026-07-01T04:23:06.614295,2026-06-30T18:23:07.774902+00:00,70.5,7,bid,Tanishq Panjwani,YieldingYams,1001948
2026-07-01T04:23:06.698444,2026-06-30T18:23:07.862113+00:00,70.4,200,ask,WavyWalnuts,YieldingYams,1001953
2026-07-01T04:23:06.735372,2026-06-30T18:23:07.895112+00:00,70.3,7,ask,YieldingYams,Tanishq Panjwani,1001957
2026-07-01T04:23:07.365126,2026-06-30T18:23:08.529329+00:00,70.4,200,bid,WavyWalnuts,YieldingYams,1001963
2026-07-01T04:23:07.919617,2026-06-30T18:23:09.077127+00:00,70.4,225,bid,AverageAlmonds,YieldingYams,1001975
2026-07-01T04:23:07.946068,2026-06-30T18:23:09.110551+00:00,70.4,5,ask,AverageAlmonds,Andy Garg,1001976
2026-07-01T04:23:14.630759,2026-06-30T18:23:15.790899+00:00,70.4,200,ask,YieldingYams,WavyWalnuts,1002070
2026-07-01T04:23:15.837645,2026-06-30T18:23:16.995790+00:00,70.4,200,ask,YieldingYams,WavyWalnuts,1002087
2026-07-01T04:23:15.858785,2026-06-30T18:23:17.028513+00:00,70.4,500,ask,AverageAlmonds,YieldingYams,1002089
2026-07-01T04:23:16.404925,2026-06-30T18:23:17.565235+00:00,70.4,125,bid,AverageAlmonds,YieldingYams,1002093
2026-07-01T04:23:17.164299,2026-06-30T18:23:18.329818+00:00,70.5,200,bid,YieldingYams,WavyWalnuts,1002104
2026-07-01T04:23:18.259956,2026-06-30T18:23:19.423819+00:00,70.5,200,ask,YieldingYams,WavyWalnuts,1002118
2026-07-01T04:23:18.474805,2026-06-30T18:23:19.641404+00:00,70.4,500,ask,AverageAlmonds,YieldingYams,1002125
2026-07-01T04:23:18.474805,2026-06-30T18:23:19.641404+00:00,70.4,125,ask,WavyWalnuts,YieldingYams,1002126
2026-07-01T04:23:19.469197,2026-06-30T18:23:20.627813+00:00,70.5,200,ask,AverageAlmonds,WavyWalnuts,1002131
2026-07-01T04:23:20.679123,2026-06-30T18:23:21.841890+00:00,70.6,200,ask,AverageAlmonds,WavyWalnuts,1002152
2026-07-01T04:23:20.945304,2026-06-30T18:23:22.102886+00:00,70.7,5,bid,Andy Garg,YieldingYams,1002159
2026-07-01T04:23:21.889496,2026-06-30T18:23:23.056280+00:00,70.6,200,ask,AverageAlmonds,WavyWalnuts,1002167
2026-07-01T04:23:23.097618,2026-06-30T18:23:24.257849+00:00,70.6,200,ask,YieldingYams,WavyWalnuts,1002180
2026-07-01T04:23:23.710113,2026-06-30T18:23:24.870046+00:00,70.6,500,ask,AverageAlmonds,YieldingYams,1002190
2026-07-01T04:23:24.269151,2026-06-30T18:23:25.428283+00:00,70.6,125,bid,AverageAlmonds,YieldingYams,1002198
2026-07-01T04:23:24.306537,2026-06-30T18:23:25.471325+00:00,70.6,200,ask,AverageAlmonds,WavyWalnuts,1002199
2026-07-01T04:23:24.786717,2026-06-30T18:23:25.951683+00:00,70.6,20,ask,AverageAlmonds,BrilliantBurritos,1002213
2026-07-01T04:23:25.515833,2026-06-30T18:23:26.675852+00:00,70.7,200,ask,YieldingYams,WavyWalnuts,1002219
2026-07-01T04:23:27.635530,2026-06-30T18:23:28.798716+00:00,70.7,200,ask,WavyWalnuts,YieldingYams,1002245
2026-07-01T04:23:27.929986,2026-06-30T18:23:29.095482+00:00,70.7,200,bid,WavyWalnuts,YieldingYams,1002247
2026-07-01T04:23:29.521136,2026-06-30T18:23:30.679402+00:00,70.7,20,ask,YieldingYams,BrilliantBurritos,1002264
2026-07-01T04:23:30.348012,2026-06-30T18:23:31.511272+00:00,70.7,200,ask,YieldingYams,WavyWalnuts,1002283
2026-07-01T04:23:32.868434,2026-06-30T18:23:34.034854+00:00,70.7,200,ask,WavyWalnuts,YieldingYams,1002316
2026-07-01T04:23:34.480479,2026-06-30T18:23:35.642926+00:00,70.7,20,bid,BrilliantBurritos,YieldingYams,1002329
2026-07-01T04:23:35.200847,2026-06-30T18:23:36.365843+00:00,70.6,200,ask,YieldingYams,WavyWalnuts,1002341
2026-07-01T04:23:36.390677,2026-06-30T18:23:37.550585+00:00,70.6,500,bid,AverageAlmonds,YieldingYams,1002357
2026-07-01T04:23:36.408338,2026-06-30T18:23:37.572493+00:00,70.6,125,bid,WavyWalnuts,YieldingYams,1002358
2026-07-01T04:23:38.098087,2026-06-30T18:23:39.259285+00:00,70.8,200,bid,YieldingYams,WavyWalnuts,1002375
2026-07-01T04:23:38.831054,2026-06-30T18:23:39.994503+00:00,70.9,200,bid,WavyWalnuts,YieldingYams,1002385
2026-07-01T04:23:40.288966,2026-06-30T18:23:41.450207+00:00,70.9,15,bid,Andy Garg,YieldingYams,1002408
2026-07-01T04:23:40.449418,2026-06-30T18:23:41.613337+00:00,70.9,15,bid,Andy Garg,YieldingYams,1002411
2026-07-01T04:23:40.611181,2026-06-30T18:23:41.777220+00:00,70.9,20,bid,Andy Garg,YieldingYams,1002416
2026-07-01T04:23:43.157909,2026-06-30T18:23:44.316924+00:00,70.9,20,ask,YieldingYams,BrilliantBurritos,1002450
2026-07-01T04:23:43.350577,2026-06-30T18:23:44.514106+00:00,70.9,200,ask,WavyWalnuts,YieldingYams,1002457
2026-07-01T04:23:44.658795,2026-06-30T18:23:45.817687+00:00,70.9,200,bid,YieldingYams,WavyWalnuts,1002475
2026-07-01T04:23:44.658795,2026-06-30T18:23:45.817687+00:00,71.0,425,bid,YieldingYams,AverageAlmonds,1002476
2026-07-01T04:23:45.973534,2026-06-30T18:23:47.130098+00:00,70.9,200,ask,WavyWalnuts,YieldingYams,1002498
2026-07-01T04:23:46.007901,2026-06-30T18:23:47.173487+00:00,70.8,15,bid,Andy Garg,YieldingYams,1002499
2026-07-01T04:23:46.345078,2026-06-30T18:23:47.507852+00:00,70.7,20,ask,WavyWalnuts,BrilliantBurritos,1002510
2026-07-01T04:23:49.782259,2026-06-30T18:23:50.943943+00:00,70.8,35,bid,Tanishq Panjwani,WavyWalnuts,1002549
2026-07-01T04:23:49.871807,2026-06-30T18:23:51.030011+00:00,70.8,35,bid,Tanishq Panjwani,WavyWalnuts,1002556
2026-07-01T04:23:49.962726,2026-06-30T18:23:51.128531+00:00,70.8,33,bid,Tanishq Panjwani,WavyWalnuts,1002559
2026-07-01T04:23:53.402549,2026-06-30T18:23:54.567957+00:00,70.8,200,ask,YieldingYams,WavyWalnuts,1002604
2026-07-01T04:23:55.176200,2026-06-30T18:23:56.338531+00:00,70.8,200,bid,YieldingYams,WavyWalnuts,1002622
2026-07-01T04:23:55.176200,2026-06-30T18:23:56.338531+00:00,71.0,425,bid,YieldingYams,AverageAlmonds,1002623
2026-07-01T04:23:57.042353,2026-06-30T18:23:58.205656+00:00,70.8,200,ask,YieldingYams,WavyWalnuts,1002636
2026-07-01T04:23:58.183249,2026-06-30T18:23:59.342370+00:00,70.8,500,ask,YieldingYams,AverageAlmonds,1002651
2026-07-01T04:23:58.258691,2026-06-30T18:23:59.418900+00:00,70.9,200,bid,WavyWalnuts,YieldingYams,1002656
2026-07-01T04:23:58.833933,2026-06-30T18:23:59.997252+00:00,70.8,125,ask,YieldingYams,AverageAlmonds,1002660
2026-07-01T04:23:59.469476,2026-06-30T18:24:00.632048+00:00,70.8,200,bid,WavyWalnuts,YieldingYams,1002674
2026-07-01T04:24:01.717182,2026-06-30T18:24:02.874347+00:00,70.5,200,ask,WavyWalnuts,YieldingYams,1002705
2026-07-01T04:24:01.884772,2026-06-30T18:24:03.050802+00:00,70.5,200,bid,WavyWalnuts,YieldingYams,1002710
2026-07-01T04:24:03.032719,2026-06-30T18:24:04.189398+00:00,70.5,225,bid,AverageAlmonds,YieldingYams,1002723
2026-07-01T04:24:03.051999,2026-06-30T18:24:04.222399+00:00,70.7,200,bid,YieldingYams,WavyWalnuts,1002725
2026-07-01T04:24:03.097932,2026-06-30T18:24:04.254464+00:00,70.8,200,ask,YieldingYams,WavyWalnuts,1002728
2026-07-01T04:24:03.105715,2026-06-30T18:24:04.275415+00:00,70.8,65,ask,YieldingYams,Andy Garg,1002729
2026-07-01T04:24:03.133621,2026-06-30T18:24:04.297412+00:00,70.8,55,ask,YieldingYams,Tanishq Panjwani,1002732
2026-07-01T04:24:04.305037,2026-06-30T18:24:05.466488+00:00,70.9,200,bid,WavyWalnuts,AverageAlmonds,1002750
2026-07-01T04:24:04.710848,2026-06-30T18:24:05.870101+00:00,70.7,10,bid,Andy Garg,YieldingYams,1002755
2026-07-01T04:24:04.874716,2026-06-30T18:24:06.033696+00:00,70.7,5,bid,Andy Garg,YieldingYams,1002759
2026-07-01T04:24:05.510609,2026-06-30T18:24:06.678294+00:00,70.7,200,bid,WavyWalnuts,YieldingYams,1002768
2026-07-01T04:24:06.975991,2026-06-30T18:24:08.132446+00:00,70.7,200,ask,WavyWalnuts,YieldingYams,1002797
2026-07-01T04:24:06.988101,2026-06-30T18:24:08.153791+00:00,70.6,35,bid,Tanishq Panjwani,YieldingYams,1002798
2026-07-01T04:24:07.076678,2026-06-30T18:24:08.241646+00:00,70.6,35,bid,Tanishq Panjwani,YieldingYams,1002800
2026-07-01T04:24:07.167380,2026-06-30T18:24:08.328623+00:00,70.6,35,bid,Tanishq Panjwani,YieldingYams,1002803
2026-07-01T04:24:07.257530,2026-06-30T18:24:08.421324+00:00,70.6,31,bid,Tanishq Panjwani,YieldingYams,1002806
2026-07-01T04:24:07.279055,2026-06-30T18:24:08.442331+00:00,70.6,289,bid,AverageAlmonds,YieldingYams,1002807
2026-07-01T04:24:07.955314,2026-06-30T18:24:09.121915+00:00,70.8,15,ask,WavyWalnuts,Andy Garg,1002822
2026-07-01T04:24:08.760975,2026-06-30T18:24:09.931600+00:00,70.8,20,ask,WavyWalnuts,BrilliantBurritos,1002832
2026-07-01T04:24:09.589523,2026-06-30T18:24:10.747954+00:00,70.9,200,bid,YieldingYams,WavyWalnuts,1002846
2026-07-01T04:24:09.636055,2026-06-30T18:24:10.801020+00:00,70.9,15,ask,YieldingYams,Andy Garg,1002847
2026-07-01T04:24:10.334924,2026-06-30T18:24:11.496403+00:00,70.9,200,ask,YieldingYams,WavyWalnuts,1002859
2026-07-01T04:24:11.551583,2026-06-30T18:24:12.711250+00:00,70.9,200,bid,WavyWalnuts,YieldingYams,1002878
2026-07-01T04:24:11.715856,2026-06-30T18:24:12.875282+00:00,70.9,10,bid,Andy Garg,YieldingYams,1002879
2026-07-01T04:24:12.027335,2026-06-30T18:24:13.192101+00:00,70.9,5,bid,Andy Garg,YieldingYams,1002884
2026-07-01T04:24:12.203450,2026-06-30T18:24:13.367201+00:00,70.9,500,bid,YieldingYams,AverageAlmonds,1002888
2026-07-01T04:24:12.728670,2026-06-30T18:24:13.891235+00:00,70.9,125,ask,YieldingYams,AverageAlmonds,1002891
2026-07-01T04:24:12.749993,2026-06-30T18:24:13.913234+00:00,70.9,100,bid,Chester Au,AverageAlmonds,1002893
2026-07-01T04:24:13.143993,2026-06-30T18:24:14.306732+00:00,70.8,10,ask,WavyWalnuts,Andy Garg,1002899
2026-07-01T04:24:13.514902,2026-06-30T18:24:14.678453+00:00,70.8,190,ask,WavyWalnuts,YieldingYams,1002912
2026-07-01T04:24:13.535283,2026-06-30T18:24:14.699949+00:00,70.7,56,bid,Chester Au,YieldingYams,1002914
2026-07-01T04:24:13.560493,2026-06-30T18:24:14.721949+00:00,70.7,10,bid,Andy Garg,YieldingYams,1002915
2026-07-01T04:24:13.973715,2026-06-30T18:24:15.136153+00:00,70.7,200,bid,WavyWalnuts,YieldingYams,1002921
2026-07-01T04:24:14.041697,2026-06-30T18:24:15.202154+00:00,70.5,35,ask,YieldingYams,Tanishq Panjwani,1002925
2026-07-01T04:24:14.130537,2026-06-30T18:24:15.288707+00:00,70.5,35,ask,YieldingYams,Tanishq Panjwani,1002929
2026-07-01T04:24:14.219933,2026-06-30T18:24:15.376221+00:00,70.5,35,ask,YieldingYams,Tanishq Panjwani,1002931
2026-07-01T04:24:14.310135,2026-06-30T18:24:15.473282+00:00,70.5,35,ask,YieldingYams,Tanishq Panjwani,1002935
2026-07-01T04:24:14.401840,2026-06-30T18:24:15.560319+00:00,70.5,10,ask,YieldingYams,Tanishq Panjwani,1002938
2026-07-01T04:24:14.821547,2026-06-30T18:24:15.982216+00:00,70.8,200,bid,YieldingYams,WavyWalnuts,1002941
2026-07-01T04:24:15.188478,2026-06-30T18:24:16.350843+00:00,70.9,200,ask,YieldingYams,WavyWalnuts,1002944
2026-07-01T04:24:15.234720,2026-06-30T18:24:16.394841+00:00,70.9,10,ask,YieldingYams,Andy Garg,1002946
2026-07-01T04:24:15.597666,2026-06-30T18:24:16.756413+00:00,70.9,5,ask,YieldingYams,Andy Garg,1002953
2026-07-01T04:24:16.394212,2026-06-30T18:24:17.554022+00:00,70.8,200,bid,WavyWalnuts,YieldingYams,1002963
2026-07-01T04:24:17.618772,2026-06-30T18:24:18.779243+00:00,70.9,20,bid,BrilliantBurritos,WavyWalnuts,1002979
2026-07-01T04:24:18.748655,2026-06-30T18:24:19.908910+00:00,70.9,180,bid,YieldingYams,WavyWalnuts,1002991
2026-07-01T04:24:18.748655,2026-06-30T18:24:19.908910+00:00,71.0,445,bid,YieldingYams,AverageAlmonds,1002992
2026-07-01T04:24:20.067577,2026-06-30T18:24:21.232194+00:00,70.8,200,ask,WavyWalnuts,YieldingYams,1003005
2026-07-01T04:24:20.285216,2026-06-30T18:24:21.450149+00:00,70.8,44,bid,Chester Au,YieldingYams,1003009
2026-07-01T04:24:20.337136,2026-06-30T18:24:21.494149+00:00,70.8,106,bid,Tanishq Panjwani,YieldingYams,1003011
2026-07-01T04:24:21.231931,2026-06-30T18:24:22.398885+00:00,70.8,200,bid,WavyWalnuts,YieldingYams,1003017
2026-07-01T04:24:21.375025,2026-06-30T18:24:22.541122+00:00,70.9,200,bid,YieldingYams,WavyWalnuts,1003022
2026-07-01T04:24:21.803245,2026-06-30T18:24:22.968269+00:00,70.9,425,ask,YieldingYams,AverageAlmonds,1003031
2026-07-01T04:24:23.995874,2026-06-30T18:24:25.158718+00:00,70.8,200,ask,WavyWalnuts,YieldingYams,1003063
2026-07-01T04:24:25.673866,2026-06-30T18:24:26.845531+00:00,70.8,10,bid,Andy Garg,WavyWalnuts,1003086
2026-07-01T04:24:25.989565,2026-06-30T18:24:27.148604+00:00,70.8,5,bid,Andy Garg,WavyWalnuts,1003094
2026-07-01T04:24:26.673813,2026-06-30T18:24:27.829724+00:00,70.7,50,ask,YieldingYams,Chester Au,1003109
2026-07-01T04:24:28.518497,2026-06-30T18:24:29.688578+00:00,70.7,200,ask,YieldingYams,WavyWalnuts,1003134
2026-07-01T04:24:29.244815,2026-06-30T18:24:30.408414+00:00,70.6,200,ask,WavyWalnuts,YieldingYams,1003143
2026-07-01T04:24:29.722336,2026-06-30T18:24:30.888145+00:00,70.6,200,bid,WavyWalnuts,YieldingYams,1003150
2026-07-01T04:24:38.296991,2026-06-30T18:24:39.460368+00:00,70.5,200,bid,WavyWalnuts,YieldingYams,1003251
2026-07-01T04:24:39.844276,2026-06-30T18:24:41.002313+00:00,70.6,35,bid,Andy Garg,YieldingYams,1003282
2026-07-01T04:24:40.007549,2026-06-30T18:24:41.166535+00:00,70.6,40,bid,Andy Garg,YieldingYams,1003288
2026-07-01T04:24:40.449079,2026-06-30T18:24:41.614113+00:00,70.5,20,ask,WavyWalnuts,BrilliantBurritos,1003294
2026-07-01T04:24:40.830777,2026-06-30T18:24:41.997890+00:00,70.6,25,bid,Andy Garg,YieldingYams,1003299
2026-07-01T04:24:41.030362,2026-06-30T18:24:42.194450+00:00,70.6,200,bid,YieldingYams,WavyWalnuts,1003309
2026-07-01T04:24:41.930354,2026-06-30T18:24:43.089409+00:00,70.8,200,ask,YieldingYams,WavyWalnuts,1003319
2026-07-01T04:24:43.187978,2026-06-30T18:24:44.348854+00:00,70.7,35,bid,Tanishq Panjwani,WavyWalnuts,1003333
2026-07-01T04:24:43.277104,2026-06-30T18:24:44.436810+00:00,70.7,9,bid,Tanishq Panjwani,WavyWalnuts,1003335
2026-07-01T04:24:43.473200,2026-06-30T18:24:44.632965+00:00,70.6,40,ask,YieldingYams,Andy Garg,1003342
2026-07-01T04:24:44.344377,2026-06-30T18:24:45.508054+00:00,70.7,200,bid,WavyWalnuts,YieldingYams,1003353
2026-07-01T04:24:46.273618,2026-06-30T18:24:47.433985+00:00,70.6,20,ask,WavyWalnuts,BrilliantBurritos,1003375
2026-07-01T04:24:46.761875,2026-06-30T18:24:47.919550+00:00,70.6,200,ask,YieldingYams,WavyWalnuts,1003383
2026-07-01T04:24:47.967876,2026-06-30T18:24:49.131989+00:00,70.6,200,ask,YieldingYams,WavyWalnuts,1003395
2026-07-01T04:24:50.380490,2026-06-30T18:24:51.549811+00:00,70.6,200,bid,WavyWalnuts,YieldingYams,1003426
2026-07-01T04:24:51.508498,2026-06-30T18:24:52.665672+00:00,70.7,200,bid,YieldingYams,WavyWalnuts,1003444
2026-07-01T04:24:51.536910,2026-06-30T18:24:52.698673+00:00,70.7,60,ask,YieldingYams,Andy Garg,1003445
2026-07-01T04:24:51.548308,2026-06-30T18:24:52.709674+00:00,70.7,35,ask,YieldingYams,Tanishq Panjwani,1003448
2026-07-01T04:24:51.588876,2026-06-30T18:24:52.752863+00:00,70.7,200,ask,YieldingYams,WavyWalnuts,1003450
2026-07-01T04:24:51.636284,2026-06-30T18:24:52.796863+00:00,70.7,35,ask,YieldingYams,Tanishq Panjwani,1003452
2026-07-01T04:24:51.729040,2026-06-30T18:24:52.895877+00:00,70.7,30,ask,YieldingYams,Tanishq Panjwani,1003456
2026-07-01T04:24:52.823382,2026-06-30T18:24:53.990162+00:00,70.7,200,ask,WavyWalnuts,YieldingYams,1003470
2026-07-01T04:24:53.998790,2026-06-30T18:24:55.160252+00:00,70.5,200,bid,WavyWalnuts,YieldingYams,1003484
2026-07-01T04:24:54.164741,2026-06-30T18:24:55.323952+00:00,70.5,5,ask,YieldingYams,Andy Garg,1003487
2026-07-01T04:24:55.138908,2026-06-30T18:24:56.296691+00:00,70.5,150,ask,YieldingYams,Chester Au,1003502
2026-07-01T04:24:55.207151,2026-06-30T18:24:56.373645+00:00,70.5,200,ask,YieldingYams,WavyWalnuts,1003508
2026-07-01T04:24:55.548651,2026-06-30T18:24:56.705703+00:00,70.3,20,ask,AverageAlmonds,BrilliantBurritos,1003515
2026-07-01T04:24:56.324361,2026-06-30T18:24:57.485785+00:00,70.4,500,bid,AverageAlmonds,YieldingYams,1003523
2026-07-01T04:24:56.416162,2026-06-30T18:24:57.572485+00:00,70.4,125,bid,WavyWalnuts,YieldingYams,1003527
2026-07-01T04:24:56.752268,2026-06-30T18:24:57.910872+00:00,70.6,200,bid,YieldingYams,WavyWalnuts,1003531
2026-07-01T04:24:56.793661,2026-06-30T18:24:57.953903+00:00,70.6,25,ask,YieldingYams,Andy Garg,1003533
2026-07-01T04:24:57.265823,2026-06-30T18:24:58.433151+00:00,70.8,10,bid,Andy Garg,YieldingYams,1003542
2026-07-01T04:24:58.237460,2026-06-30T18:24:59.404041+00:00,70.7,5,bid,Andy Garg,WavyWalnuts,1003558
2026-07-01T04:24:58.548153,2026-06-30T18:24:59.713726+00:00,70.7,15,bid,Andy Garg,WavyWalnuts,1003561
2026-07-01T04:25:01.388665,2026-06-30T18:25:02.555694+00:00,70.6,20,bid,BrilliantBurritos,WavyWalnuts,1003612
2026-07-01T04:25:02.014250,2026-06-30T18:25:03.177533+00:00,70.6,180,bid,YieldingYams,WavyWalnuts,1003621
2026-07-01T04:25:02.080488,2026-06-30T18:25:03.243174+00:00,70.6,5,ask,YieldingYams,Andy Garg,1003625
2026-07-01T04:25:02.466147,2026-06-30T18:25:03.626037+00:00,70.6,200,ask,YieldingYams,WavyWalnuts,1003633
2026-07-01T04:25:04.044257,2026-06-30T18:25:05.202357+00:00,70.5,20,ask,YieldingYams,BrilliantBurritos,1003657
2026-07-01T04:25:04.305466,2026-06-30T18:25:05.465884+00:00,70.6,5,bid,Andy Garg,WavyWalnuts,1003664
2026-07-01T04:25:04.468105,2026-06-30T18:25:05.630405+00:00,70.6,5,bid,Andy Garg,WavyWalnuts,1003669
2026-07-01T04:25:04.886845,2026-06-30T18:25:06.045839+00:00,70.6,200,bid,WavyWalnuts,YieldingYams,1003677
2026-07-01T04:25:05.225347,2026-06-30T18:25:06.383286+00:00,70.6,20,bid,BrilliantBurritos,YieldingYams,1003682
2026-07-01T04:25:06.570342,2026-06-30T18:25:07.726984+00:00,70.5,35,ask,YieldingYams,Tanishq Panjwani,1003692
2026-07-01T04:25:06.660499,2026-06-30T18:25:07.825499+00:00,70.5,35,ask,YieldingYams,Tanishq Panjwani,1003695
2026-07-01T04:25:06.750525,2026-06-30T18:25:07.913040+00:00,70.5,14,ask,YieldingYams,Tanishq Panjwani,1003698
2026-07-01T04:25:07.364547,2026-06-30T18:25:08.524402+00:00,70.5,20,ask,YieldingYams,BrilliantBurritos,1003703
2026-07-01T04:25:08.527956,2026-06-30T18:25:09.685706+00:00,70.5,200,ask,YieldingYams,WavyWalnuts,1003708
2026-07-01T04:25:09.764946,2026-06-30T18:25:10.921871+00:00,70.6,10,bid,Andy Garg,WavyWalnuts,1003723
2026-07-01T04:25:09.885672,2026-06-30T18:25:11.053386+00:00,70.6,190,bid,YieldingYams,WavyWalnuts,1003728
2026-07-01T04:25:10.274525,2026-06-30T18:25:11.437017+00:00,70.7,20,bid,BrilliantBurritos,YieldingYams,1003732
2026-07-01T04:25:10.943726,2026-06-30T18:25:12.101461+00:00,70.6,200,ask,YieldingYams,WavyWalnuts,1003736
2026-07-01T04:25:12.509262,2026-06-30T18:25:13.671581+00:00,70.5,200,ask,WavyWalnuts,YieldingYams,1003759
2026-07-01T04:25:12.548426,2026-06-30T18:25:13.715144+00:00,70.5,10,bid,Andy Garg,YieldingYams,1003760
2026-07-01T04:25:13.413316,2026-06-30T18:25:14.579532+00:00,70.4,30,bid,Andy Garg,WavyWalnuts,1003769
2026-07-01T04:25:13.817273,2026-06-30T18:25:14.982596+00:00,70.4,170,bid,YieldingYams,WavyWalnuts,1003779
2026-07-01T04:25:13.817273,2026-06-30T18:25:14.982596+00:00,70.6,455,bid,YieldingYams,AverageAlmonds,1003780
2026-07-01T04:25:14.589356,2026-06-30T18:25:15.746855+00:00,70.4,20,ask,WavyWalnuts,Andy Garg,1003794
2026-07-01T04:25:14.757010,2026-06-30T18:25:15.920975+00:00,70.4,25,ask,WavyWalnuts,Andy Garg,1003800
2026-07-01T04:25:15.704503,2026-06-30T18:25:16.868582+00:00,70.6,20,bid,BrilliantBurritos,WavyWalnuts,1003811
2026-07-01T04:25:15.924424,2026-06-30T18:25:17.086628+00:00,70.4,10,ask,YieldingYams,Andy Garg,1003819
2026-07-01T04:25:18.047079,2026-06-30T18:25:19.207903+00:00,70.5,10,bid,Andy Garg,WavyWalnuts,1003854
2026-07-01T04:25:18.790619,2026-06-30T18:25:19.951304+00:00,70.5,8,bid,Tanishq Panjwani,WavyWalnuts,1003877
2026-07-01T04:25:18.894918,2026-06-30T18:25:20.060888+00:00,70.5,8,bid,Tanishq Panjwani,WavyWalnuts,1003883
2026-07-01T04:25:19.000164,2026-06-30T18:25:20.159425+00:00,70.5,8,bid,Tanishq Panjwani,WavyWalnuts,1003889
2026-07-01T04:25:19.103794,2026-06-30T18:25:20.269014+00:00,70.5,8,bid,,,1003895
2026-07-01T04:25:19.602413,2026-06-30T18:25:20.762010+00:00,70.5,6,bid,Tanishq Panjwani,YieldingYams,1003906
2026-07-01T04:25:20.377450,2026-06-30T18:25:21.538531+00:00,70.4,10,bid,Andy Garg,YieldingYams,1003918
2026-07-01T04:25:20.608318,2026-06-30T18:25:21.767990+00:00,70.4,200,bid,WavyWalnuts,YieldingYams,1003924
2026-07-01T04:25:21.546337,2026-06-30T18:25:22.718732+00:00,70.2,10,ask,YieldingYams,Andy Garg,1003938
2026-07-01T04:25:21.814624,2026-06-30T18:25:22.971769+00:00,70.5,200,bid,WavyWalnuts,YieldingYams,1003945
2026-07-01T04:25:23.020226,2026-06-30T18:25:24.186919+00:00,70.5,15,ask,YieldingYams,Andy Garg,1003963
2026-07-01T04:25:23.067826,2026-06-30T18:25:24.230918+00:00,70.5,16,ask,YieldingYams,Tanishq Panjwani,1003967
2026-07-01T04:25:23.084605,2026-06-30T18:25:24.241918+00:00,70.5,15,ask,YieldingYams,Andy Garg,1003968
2026-07-01T04:25:25.057939,2026-06-30T18:25:26.223173+00:00,70.6,5,bid,Andy Garg,AverageAlmonds,1003994
2026-07-01T04:25:25.117871,2026-06-30T18:25:26.278381+00:00,70.6,20,bid,Andy Garg,AverageAlmonds,1003996
2026-07-01T04:25:25.227647,2026-06-30T18:25:26.388611+00:00,70.6,15,bid,Andy Garg,AverageAlmonds,1004002
2026-07-01T04:25:25.415323,2026-06-30T18:25:26.574794+00:00,70.6,15,bid,Andy Garg,AverageAlmonds,1004008
2026-07-01T04:25:25.477563,2026-06-30T18:25:26.639394+00:00,70.6,10,bid,Andy Garg,AverageAlmonds,1004012
2026-07-01T04:25:25.628652,2026-06-30T18:25:26.792372+00:00,70.6,475,bid,YieldingYams,AverageAlmonds,1004016
2026-07-01T04:25:26.000047,2026-06-30T18:25:27.165591+00:00,70.6,150,ask,YieldingYams,AverageAlmonds,1004018
2026-07-01T04:25:26.940680,2026-06-30T18:25:28.106993+00:00,70.5,200,ask,WavyWalnuts,YieldingYams,1004030
2026-07-01T04:25:26.952991,2026-06-30T18:25:28.117994+00:00,70.3,55,bid,Andy Garg,YieldingYams,1004031
2026-07-01T04:25:28.248223,2026-06-30T18:25:29.408999+00:00,70.4,200,bid,YieldingYams,WavyWalnuts,1004058
2026-07-01T04:25:28.579628,2026-06-30T18:25:29.736343+00:00,70.4,45,ask,YieldingYams,Andy Garg,1004066
2026-07-01T04:25:28.740397,2026-06-30T18:25:29.897504+00:00,70.4,15,ask,YieldingYams,Andy Garg,1004072
2026-07-01T04:25:28.900513,2026-06-30T18:25:30.061912+00:00,70.4,40,ask,YieldingYams,Andy Garg,1004076
2026-07-01T04:25:29.080131,2026-06-30T18:25:30.245955+00:00,70.4,200,ask,YieldingYams,WavyWalnuts,1004081
2026-07-01T04:25:29.560800,2026-06-30T18:25:30.725610+00:00,70.3,500,ask,AverageAlmonds,YieldingYams,1004089
2026-07-01T04:25:29.560800,2026-06-30T18:25:30.725610+00:00,70.3,125,ask,WavyWalnuts,YieldingYams,1004090
2026-07-01T04:25:31.496208,2026-06-30T18:25:32.660018+00:00,70.4,200,bid,WavyWalnuts,YieldingYams,1004122
2026-07-01T04:25:32.031802,2026-06-30T18:25:33.197041+00:00,70.4,20,bid,Andy Garg,YieldingYams,1004133
2026-07-01T04:25:32.192615,2026-06-30T18:25:33.351066+00:00,70.4,15,bid,Andy Garg,YieldingYams,1004138
2026-07-01T04:25:32.358543,2026-06-30T18:25:33.525183+00:00,70.4,10,bid,Andy Garg,YieldingYams,1004142
2026-07-01T04:25:32.703226,2026-06-30T18:25:33.866072+00:00,70.4,200,bid,WavyWalnuts,YieldingYams,1004146
2026-07-01T04:25:33.913221,2026-06-30T18:25:35.079370+00:00,70.3,200,ask,YieldingYams,WavyWalnuts,1004159
2026-07-01T04:25:35.118073,2026-06-30T18:25:36.278555+00:00,70.4,200,bid,WavyWalnuts,YieldingYams,1004181
2026-07-01T04:25:35.714699,2026-06-30T18:25:36.887661+00:00,70.3,15,ask,YieldingYams,Andy Garg,1004192
2026-07-01T04:25:36.533423,2026-06-30T18:25:37.697576+00:00,70.3,20,ask,AverageAlmonds,Andy Garg,1004202
2026-07-01T04:25:36.845677,2026-06-30T18:25:38.003794+00:00,70.3,10,ask,AverageAlmonds,Andy Garg,1004210
2026-07-01T04:25:37.390123,2026-06-30T18:25:38.551070+00:00,70.3,20,ask,WavyWalnuts,BrilliantBurritos,1004218
2026-07-01T04:25:38.737262,2026-06-30T18:25:39.893557+00:00,70.3,200,ask,WavyWalnuts,YieldingYams,1004237
2026-07-01T04:25:38.737262,2026-06-30T18:25:39.904477+00:00,70.3,425,ask,AverageAlmonds,YieldingYams,1004238
2026-07-01T04:25:38.971648,2026-06-30T18:25:40.131809+00:00,70.4,10,bid,Andy Garg,WavyWalnuts,1004245
2026-07-01T04:25:39.181469,2026-06-30T18:25:40.340104+00:00,70.4,5,bid,Andy Garg,WavyWalnuts,1004252
2026-07-01T04:25:39.449258,2026-06-30T18:25:40.614548+00:00,70.4,20,bid,BrilliantBurritos,WavyWalnuts,1004259
2026-07-01T04:25:42.391512,2026-06-30T18:25:43.557371+00:00,70.4,200,ask,YieldingYams,WavyWalnuts,1004290
2026-07-01T04:25:42.518086,2026-06-30T18:25:43.678779+00:00,70.4,10,ask,YieldingYams,Andy Garg,1004294
2026-07-01T04:25:42.685259,2026-06-30T18:25:43.842804+00:00,70.3,5,ask,AverageAlmonds,Andy Garg,1004301
2026-07-01T04:25:44.361062,2026-06-30T18:25:45.527692+00:00,70.5,20,bid,BrilliantBurritos,YieldingYams,1004326
2026-07-01T04:25:45.293869,2026-06-30T18:25:46.464179+00:00,70.5,200,bid,YieldingYams,WavyWalnuts,1004334
2026-07-01T04:25:45.312357,2026-06-30T18:25:46.475179+00:00,70.6,5,ask,YieldingYams,Andy Garg,1004335
2026-07-01T04:25:46.038615,2026-06-30T18:25:47.205268+00:00,70.7,10,bid,Andy Garg,YieldingYams,1004347
2026-07-01T04:25:46.203432,2026-06-30T18:25:47.369195+00:00,70.7,5,bid,Andy Garg,YieldingYams,1004352
2026-07-01T04:25:46.365440,2026-06-30T18:25:47.533734+00:00,70.7,5,bid,Andy Garg,YieldingYams,1004359
2026-07-01T04:25:47.251060,2026-06-30T18:25:48.407590+00:00,70.5,200,ask,YieldingYams,WavyWalnuts,1004374
2026-07-01T04:25:47.920249,2026-06-30T18:25:49.084578+00:00,70.4,500,ask,AverageAlmonds,YieldingYams,1004378
2026-07-01T04:25:47.934859,2026-06-30T18:25:49.095578+00:00,70.4,85,bid,Andy Garg,YieldingYams,1004379
2026-07-01T04:25:48.409201,2026-06-30T18:25:49.565799+00:00,70.4,40,bid,AverageAlmonds,YieldingYams,1004386
2026-07-01T04:25:48.764490,2026-06-30T18:25:49.926347+00:00,70.6,20,bid,BrilliantBurritos,WavyWalnuts,1004399
2026-07-01T04:25:49.523262,2026-06-30T18:25:50.693200+00:00,70.5,35,ask,YieldingYams,Andy Garg,1004411
2026-07-01T04:25:49.684769,2026-06-30T18:25:50.846464+00:00,70.5,35,ask,YieldingYams,Andy Garg,1004417
2026-07-01T04:25:49.851235,2026-06-30T18:25:51.009720+00:00,70.5,30,ask,YieldingYams,Andy Garg,1004422
2026-07-01T04:25:50.539400,2026-06-30T18:25:51.699779+00:00,70.5,500,ask,AverageAlmonds,YieldingYams,1004435
2026-07-01T04:25:51.847679,2026-06-30T18:25:53.015335+00:00,70.5,200,bid,YieldingYams,WavyWalnuts,1004461
2026-07-01T04:25:52.082912,2026-06-30T18:25:53.245757+00:00,70.7,200,bid,WavyWalnuts,YieldingYams,1004464
2026-07-01T04:25:53.140712,2026-06-30T18:25:54.307759+00:00,70.7,5,bid,Andy Garg,YieldingYams,1004475
2026-07-01T04:25:53.200771,2026-06-30T18:25:54.363105+00:00,70.5,40,bid,Andy Garg,YieldingYams,1004478
2026-07-01T04:25:53.290326,2026-06-30T18:25:54.451117+00:00,70.5,200,bid,WavyWalnuts,YieldingYams,1004484
2026-07-01T04:25:53.314797,2026-06-30T18:25:54.473117+00:00,70.5,20,bid,Andy Garg,YieldingYams,1004486
2026-07-01T04:25:55.730802,2026-06-30T18:25:56.892982+00:00,70.6,200,ask,YieldingYams,WavyWalnuts,1004516
2026-07-01T04:25:55.817512,2026-06-30T18:25:56.980042+00:00,70.5,500,ask,AverageAlmonds,YieldingYams,1004518
2026-07-01T04:25:55.817512,2026-06-30T18:25:56.980042+00:00,70.5,125,ask,WavyWalnuts,YieldingYams,1004519
2026-07-01T04:25:56.496448,2026-06-30T18:25:57.658177+00:00,70.5,20,ask,WavyWalnuts,Andy Garg,1004528
2026-07-01T04:25:56.662386,2026-06-30T18:25:57.822214+00:00,70.5,25,ask,WavyWalnuts,Andy Garg,1004534
2026-07-01T04:25:56.822536,2026-06-30T18:25:57.982377+00:00,70.5,20,ask,WavyWalnuts,Andy Garg,1004537
2026-07-01T04:25:59.953416,2026-06-30T18:26:01.118390+00:00,70.9,5,bid,Andy Garg,WavyWalnuts,1004574
2026-07-01T04:26:00.113529,2026-06-30T18:26:01.271192+00:00,70.9,15,bid,Andy Garg,WavyWalnuts,1004583
2026-07-01T04:26:00.325522,2026-06-30T18:26:01.489798+00:00,70.9,10,bid,Andy Garg,WavyWalnuts,1004588
2026-07-01T04:26:00.565629,2026-06-30T18:26:01.730169+00:00,70.7,200,ask,YieldingYams,WavyWalnuts,1004598
2026-07-01T04:26:01.096576,2026-06-30T18:26:02.254597+00:00,70.6,5,bid,Andy Garg,YieldingYams,1004608
2026-07-01T04:26:01.110067,2026-06-30T18:26:02.276597+00:00,70.6,35,bid,Tanishq Panjwani,YieldingYams,1004610
2026-07-01T04:26:01.200389,2026-06-30T18:26:02.363632+00:00,70.6,25,bid,Tanishq Panjwani,YieldingYams,1004613
2026-07-01T04:26:01.770887,2026-06-30T18:26:02.934167+00:00,70.6,200,bid,WavyWalnuts,YieldingYams,1004623
2026-07-01T04:26:02.943157,2026-06-30T18:26:04.102766+00:00,70.6,500,bid,AverageAlmonds,YieldingYams,1004640
2026-07-01T04:26:02.984747,2026-06-30T18:26:04.146766+00:00,70.6,125,bid,WavyWalnuts,YieldingYams,1004643
2026-07-01T04:26:03.675465,2026-06-30T18:26:04.835408+00:00,70.7,200,bid,YieldingYams,WavyWalnuts,1004659
2026-07-01T04:26:03.681446,2026-06-30T18:26:04.846407+00:00,70.7,15,ask,YieldingYams,Andy Garg,1004660
2026-07-01T04:26:04.198174,2026-06-30T18:26:05.360301+00:00,70.8,200,bid,WavyWalnuts,YieldingYams,1004670
2026-07-01T04:26:04.671783,2026-06-30T18:26:05.828388+00:00,70.8,50,bid,Tanishq Panjwani,YieldingYams,1004676
