timestamp,recv_time,price,volume,aggressor_side,buyer,seller,trade_id
2026-07-06T02:00:01.435204,2026-07-06T02:00:01.444729+00:00,163.5,200,ask,WavyWalnuts,YieldingYams,8997187
2026-07-06T02:00:01.834420,2026-07-06T02:00:01.846266+00:00,163.5,20,bid,BrilliantBurritos,YieldingYams,8997191
2026-07-06T02:00:03.131306,2026-07-06T02:00:03.139180+00:00,163.4,20,ask,WavyWalnuts,BrilliantBurritos,8997205
2026-07-06T02:00:05.170412,2026-07-06T02:00:05.177452+00:00,163.6,20,bid,BrilliantBurritos,YieldingYams,8997224
2026-07-06T02:00:05.218235,2026-07-06T02:00:05.226152+00:00,163.6,500,bid,AverageAlmonds,YieldingYams,8997226
2026-07-06T02:00:05.373067,2026-07-06T02:00:05.380575+00:00,163.7,200,bid,YieldingYams,WavyWalnuts,8997227
2026-07-06T02:00:05.978315,2026-07-06T02:00:05.982195+00:00,163.9,14,bid,Xuanyu Liu,WavyWalnuts,8997244
2026-07-06T02:00:07.177288,2026-07-06T02:00:07.189382+00:00,164.0,20,bid,BrilliantBurritos,YieldingYams,8997257
2026-07-06T02:00:14.551589,2026-07-06T02:00:14.560151+00:00,163.9,200,bid,YieldingYams,WavyWalnuts,8997361
2026-07-06T02:00:15.463652,2026-07-06T02:00:15.466960+00:00,163.9,3,ask,YieldingYams,Xuanyu Liu,8997371
2026-07-06T02:00:19.187665,2026-07-06T02:00:19.197093+00:00,163.8,200,ask,YieldingYams,WavyWalnuts,8997419
2026-07-06T02:00:22.446476,2026-07-06T02:00:22.458653+00:00,163.8,200,ask,WavyWalnuts,YieldingYams,8997461
2026-07-06T02:00:22.814681,2026-07-06T02:00:22.823984+00:00,163.8,200,bid,WavyWalnuts,YieldingYams,8997473
2026-07-06T02:00:25.241275,2026-07-06T02:00:25.249854+00:00,163.8,200,ask,YieldingYams,WavyWalnuts,8997496
2026-07-06T02:00:30.057962,2026-07-06T02:00:30.064750+00:00,163.9,200,bid,AverageAlmonds,WavyWalnuts,8997561
2026-07-06T02:00:30.057962,2026-07-06T02:00:30.064750+00:00,163.9,300,bid,AverageAlmonds,YieldingYams,8997562
2026-07-06T02:00:30.650345,2026-07-06T02:00:30.664095+00:00,163.9,500,bid,AverageAlmonds,YieldingYams,8997574
2026-07-06T02:00:31.255503,2026-07-06T02:00:31.258598+00:00,163.9,125,bid,AverageAlmonds,YieldingYams,8997582
2026-07-06T02:00:31.255503,2026-07-06T02:00:31.258598+00:00,164.0,200,bid,AverageAlmonds,WavyWalnuts,8997583
2026-07-06T02:00:32.470423,2026-07-06T02:00:32.480249+00:00,164.1,200,bid,AverageAlmonds,WavyWalnuts,8997599
2026-07-06T02:00:32.950279,2026-07-06T02:00:32.958635+00:00,164.1,300,ask,AverageAlmonds,YieldingYams,8997606
2026-07-06T02:00:33.065791,2026-07-06T02:00:33.073523+00:00,164.1,325,bid,AverageAlmonds,YieldingYams,8997610
2026-07-06T02:00:33.065791,2026-07-06T02:00:33.078486+00:00,164.2,175,bid,AverageAlmonds,WavyWalnuts,8997611
2026-07-06T02:00:33.583527,2026-07-06T02:00:33.595641+00:00,164.2,20,bid,BrilliantBurritos,WavyWalnuts,8997618
2026-07-06T02:00:33.668340,2026-07-06T02:00:33.676254+00:00,164.2,5,bid,AverageAlmonds,WavyWalnuts,8997620
2026-07-06T02:00:33.696965,2026-07-06T02:00:33.700567+00:00,164.3,11,ask,AverageAlmonds,Xuanyu Liu,8997623
2026-07-06T02:00:33.732307,2026-07-06T02:00:33.740964+00:00,164.3,200,ask,AverageAlmonds,WavyWalnuts,8997624
2026-07-06T02:00:36.442512,2026-07-06T02:00:36.458568+00:00,164.4,20,bid,BrilliantBurritos,YieldingYams,8997661
2026-07-06T02:00:36.720249,2026-07-06T02:00:36.746256+00:00,164.4,500,bid,AverageAlmonds,YieldingYams,8997664
2026-07-06T02:00:36.877051,2026-07-06T02:00:36.883632+00:00,164.4,200,bid,YieldingYams,WavyWalnuts,8997669
2026-07-06T02:00:37.360269,2026-07-06T02:00:37.369086+00:00,164.4,200,ask,YieldingYams,WavyWalnuts,8997677
2026-07-06T02:00:38.192428,2026-07-06T02:00:38.199928+00:00,164.4,500,ask,AverageAlmonds,YieldingYams,8997690
2026-07-06T02:00:38.518620,2026-07-06T02:00:38.526782+00:00,164.4,125,bid,AverageAlmonds,YieldingYams,8997697
2026-07-06T02:00:40.981788,2026-07-06T02:00:40.993220+00:00,164.4,200,ask,YieldingYams,WavyWalnuts,8997721
2026-07-06T02:00:42.213488,2026-07-06T02:00:42.222266+00:00,164.5,200,ask,YieldingYams,WavyWalnuts,8997739
2026-07-06T02:00:43.427042,2026-07-06T02:00:43.434944+00:00,164.5,200,ask,YieldingYams,WavyWalnuts,8997749
2026-07-06T02:00:44.278431,2026-07-06T02:00:44.288461+00:00,164.4,20,ask,AverageAlmonds,BrilliantBurritos,8997753
2026-07-06T02:00:45.103747,2026-07-06T02:00:45.115654+00:00,164.3,20,ask,AverageAlmonds,BrilliantBurritos,8997768
2026-07-06T02:00:45.191876,2026-07-06T02:00:45.202154+00:00,164.4,500,bid,AverageAlmonds,YieldingYams,8997770
2026-07-06T02:00:45.784633,2026-07-06T02:00:45.793437+00:00,164.4,125,bid,AverageAlmonds,YieldingYams,8997782
2026-07-06T02:00:47.376377,2026-07-06T02:00:47.387749+00:00,164.5,500,ask,AverageAlmonds,YieldingYams,8997801
2026-07-06T02:00:47.376377,2026-07-06T02:00:47.387749+00:00,164.3,125,ask,WavyWalnuts,YieldingYams,8997802
2026-07-06T02:00:47.623167,2026-07-06T02:00:47.633318+00:00,164.6,200,bid,AverageAlmonds,WavyWalnuts,8997809
2026-07-06T02:00:50.309035,2026-07-06T02:00:50.313136+00:00,164.6,14,bid,Xuanyu Liu,WavyWalnuts,8997846
2026-07-06T02:00:50.655767,2026-07-06T02:00:50.663661+00:00,164.6,20,bid,BrilliantBurritos,WavyWalnuts,8997848
2026-07-06T02:00:53.470355,2026-07-06T02:00:53.474220+00:00,164.5,3,ask,YieldingYams,Xuanyu Liu,8997887
2026-07-06T02:00:55.523909,2026-07-06T02:00:55.532598+00:00,164.5,200,ask,YieldingYams,WavyWalnuts,8997917
2026-07-06T02:00:59.171562,2026-07-06T02:00:59.180499+00:00,164.6,200,bid,YieldingYams,WavyWalnuts,8997962
2026-07-06T02:01:00.284212,2026-07-06T02:01:00.295945+00:00,165.0,20,bid,BrilliantBurritos,YieldingYams,8997974
2026-07-06T02:01:05.205017,2026-07-06T02:01:05.216274+00:00,164.7,200,bid,WavyWalnuts,YieldingYams,8998036
2026-07-06T02:01:06.425341,2026-07-06T02:01:06.432504+00:00,164.6,200,bid,WavyWalnuts,YieldingYams,8998050
2026-07-06T02:01:09.677395,2026-07-06T02:01:09.685989+00:00,164.6,200,ask,WavyWalnuts,YieldingYams,8998102
2026-07-06T02:01:10.060736,2026-07-06T02:01:10.067969+00:00,164.6,200,bid,WavyWalnuts,YieldingYams,8998111
2026-07-06T02:01:13.717165,2026-07-06T02:01:13.727190+00:00,164.5,200,ask,YieldingYams,WavyWalnuts,8998159
2026-07-06T02:01:14.937501,2026-07-06T02:01:14.948995+00:00,164.5,200,ask,YieldingYams,WavyWalnuts,8998173
2026-07-06T02:01:16.231806,2026-07-06T02:01:16.243033+00:00,164.6,200,bid,YieldingYams,WavyWalnuts,8998196
2026-07-06T02:01:18.580332,2026-07-06T02:01:18.590380+00:00,164.6,200,ask,YieldingYams,WavyWalnuts,8998230
2026-07-06T02:01:19.790419,2026-07-06T02:01:19.799403+00:00,164.6,200,ask,YieldingYams,WavyWalnuts,8998240
2026-07-06T02:01:23.417426,2026-07-06T02:01:23.425025+00:00,164.5,200,bid,WavyWalnuts,YieldingYams,8998289
2026-07-06T02:01:28.311124,2026-07-06T02:01:28.315048+00:00,164.4,34,ask,WavyWalnuts,Xuanyu Liu,8998360
2026-07-06T02:01:29.473046,2026-07-06T02:01:29.480778+00:00,164.5,200,bid,WavyWalnuts,YieldingYams,8998376
2026-07-06T02:01:37.743549,2026-07-06T02:01:37.747333+00:00,164.7,11,bid,Xuanyu Liu,WavyWalnuts,8998484
2026-07-06T02:01:37.964388,2026-07-06T02:01:37.968019+00:00,164.6,12,bid,Xuanyu Liu,WavyWalnuts,8998488
2026-07-06T02:01:41.698524,2026-07-06T02:01:41.710073+00:00,164.5,20,ask,YieldingYams,BrilliantBurritos,8998535
2026-07-06T02:01:43.063282,2026-07-06T02:01:43.071387+00:00,164.5,20,ask,YieldingYams,BrilliantBurritos,8998554
2026-07-06T02:01:44.008212,2026-07-06T02:01:44.017438+00:00,164.5,200,ask,YieldingYams,WavyWalnuts,8998567
2026-07-06T02:01:44.087806,2026-07-06T02:01:44.092412+00:00,164.6,11,bid,Xuanyu Liu,AverageAlmonds,8998569
2026-07-06T02:01:44.544028,2026-07-06T02:01:44.564666+00:00,164.5,425,ask,YieldingYams,AverageAlmonds,8998572
2026-07-06T02:01:44.560360,2026-07-06T02:01:44.564666+00:00,164.5,3,bid,Xuanyu Liu,AverageAlmonds,8998574
2026-07-06T02:01:46.431386,2026-07-06T02:01:46.442255+00:00,164.4,500,bid,YieldingYams,AverageAlmonds,8998599
2026-07-06T02:01:46.438151,2026-07-06T02:01:46.447569+00:00,164.4,125,ask,YieldingYams,WavyWalnuts,8998600
2026-07-06T02:01:48.181651,2026-07-06T02:01:48.188645+00:00,164.3,200,ask,WavyWalnuts,AverageAlmonds,8998618
2026-07-06T02:01:49.050709,2026-07-06T02:01:49.058597+00:00,164.2,500,bid,YieldingYams,AverageAlmonds,8998632
2026-07-06T02:01:49.050709,2026-07-06T02:01:49.058597+00:00,164.3,125,bid,YieldingYams,WavyWalnuts,8998633
2026-07-06T02:01:49.710200,2026-07-06T02:01:49.722037+00:00,164.2,20,bid,BrilliantBurritos,AverageAlmonds,8998644
2026-07-06T02:01:49.990754,2026-07-06T02:01:50.025933+00:00,164.1,200,ask,WavyWalnuts,AverageAlmonds,8998647
2026-07-06T02:01:50.022408,2026-07-06T02:01:50.025933+00:00,164.1,3,bid,Xuanyu Liu,AverageAlmonds,8998652
2026-07-06T02:01:51.195974,2026-07-06T02:01:51.207804+00:00,163.9,200,ask,WavyWalnuts,AverageAlmonds,8998670
2026-07-06T02:01:51.632893,2026-07-06T02:01:51.644782+00:00,163.9,20,bid,BrilliantBurritos,AverageAlmonds,8998678
2026-07-06T02:01:51.671969,2026-07-06T02:01:51.683039+00:00,163.9,280,bid,YieldingYams,AverageAlmonds,8998679
2026-07-06T02:01:53.021200,2026-07-06T02:01:53.028594+00:00,163.9,200,ask,WavyWalnuts,YieldingYams,8998695
2026-07-06T02:01:56.741813,2026-07-06T02:01:56.745235+00:00,164.0,11,bid,Xuanyu Liu,AverageAlmonds,8998746
2026-07-06T02:01:56.951954,2026-07-06T02:01:56.954557+00:00,164.0,489,bid,YieldingYams,AverageAlmonds,8998748
2026-07-06T02:01:57.314507,2026-07-06T02:01:57.324286+00:00,164.0,136,ask,YieldingYams,WavyWalnuts,8998757
2026-07-06T02:02:01.494534,2026-07-06T02:02:01.517309+00:00,163.9,200,ask,WavyWalnuts,AverageAlmonds,8998807
2026-07-06T02:02:01.513394,2026-07-06T02:02:01.517309+00:00,163.9,12,bid,Xuanyu Liu,AverageAlmonds,8998810
2026-07-06T02:02:04.586023,2026-07-06T02:02:04.592674+00:00,164.0,200,bid,WavyWalnuts,YieldingYams,8998856
2026-07-06T02:02:04.600010,2026-07-06T02:02:04.608310+00:00,164.0,20,bid,BrilliantBurritos,YieldingYams,8998857
2026-07-06T02:02:14.031659,2026-07-06T02:02:14.038666+00:00,164.3,200,bid,YieldingYams,WavyWalnuts,8998954
2026-07-06T02:02:14.154996,2026-07-06T02:02:14.167059+00:00,164.3,20,ask,YieldingYams,BrilliantBurritos,8998956
2026-07-06T02:02:16.650751,2026-07-06T02:02:16.658782+00:00,164.4,200,bid,YieldingYams,WavyWalnuts,8998980
2026-07-06T02:02:17.821114,2026-07-06T02:02:17.827881+00:00,164.4,425,ask,YieldingYams,AverageAlmonds,8998991
2026-07-06T02:02:18.990825,2026-07-06T02:02:18.995570+00:00,164.3,12,ask,WavyWalnuts,Xuanyu Liu,8999008
2026-07-06T02:02:19.050762,2026-07-06T02:02:19.061814+00:00,164.3,188,ask,WavyWalnuts,AverageAlmonds,8999009
2026-07-06T02:02:19.141626,2026-07-06T02:02:19.148538+00:00,164.3,20,bid,BrilliantBurritos,AverageAlmonds,8999011
2026-07-06T02:02:19.269357,2026-07-06T02:02:19.281018+00:00,164.3,292,bid,YieldingYams,AverageAlmonds,8999016
2026-07-06T02:02:20.252551,2026-07-06T02:02:20.254125+00:00,164.3,333,ask,YieldingYams,AverageAlmonds,8999026
2026-07-06T02:02:20.427397,2026-07-06T02:02:20.439354+00:00,164.2,20,bid,BrilliantBurritos,AverageAlmonds,8999031
2026-07-06T02:02:21.577296,2026-07-06T02:02:21.586108+00:00,164.2,200,bid,WavyWalnuts,AverageAlmonds,8999042
2026-07-06T02:02:23.875501,2026-07-06T02:02:23.884610+00:00,164.1,500,ask,YieldingYams,AverageAlmonds,8999082
2026-07-06T02:02:24.005837,2026-07-06T02:02:24.022514+00:00,164.1,125,ask,YieldingYams,WavyWalnuts,8999087
2026-07-06T02:02:25.212683,2026-07-06T02:02:25.222375+00:00,163.9,200,bid,WavyWalnuts,YieldingYams,8999100
2026-07-06T02:02:26.431502,2026-07-06T02:02:26.434909+00:00,164.0,11,ask,WavyWalnuts,Xuanyu Liu,8999107
2026-07-06T02:02:27.147007,2026-07-06T02:02:27.164191+00:00,164.0,189,ask,WavyWalnuts,YieldingYams,8999116
2026-07-06T02:02:31.585678,2026-07-06T02:02:31.589608+00:00,163.8,3,ask,WavyWalnuts,Xuanyu Liu,8999171
2026-07-06T02:02:33.774645,2026-07-06T02:02:33.786614+00:00,163.9,20,ask,WavyWalnuts,BrilliantBurritos,8999190
2026-07-06T02:02:37.630983,2026-07-06T02:02:37.639558+00:00,164.1,200,bid,YieldingYams,WavyWalnuts,8999238
2026-07-06T02:02:38.562382,2026-07-06T02:02:38.569004+00:00,164.1,200,ask,YieldingYams,WavyWalnuts,8999247
2026-07-06T02:02:41.566058,2026-07-06T02:02:41.573178+00:00,164.0,200,bid,YieldingYams,WavyWalnuts,8999298
2026-07-06T02:02:44.228969,2026-07-06T02:02:44.232642+00:00,164.2,3,ask,YieldingYams,Xuanyu Liu,8999339
2026-07-06T02:02:44.627192,2026-07-06T02:02:44.638103+00:00,164.2,200,ask,YieldingYams,WavyWalnuts,8999346
2026-07-06T02:02:49.464566,2026-07-06T02:02:49.474339+00:00,164.1,200,ask,AverageAlmonds,WavyWalnuts,8999409
2026-07-06T02:02:52.065659,2026-07-06T02:02:52.074133+00:00,164.1,500,ask,AverageAlmonds,YieldingYams,8999450
2026-07-06T02:02:52.317417,2026-07-06T02:02:52.325238+00:00,164.1,125,bid,AverageAlmonds,YieldingYams,8999451
2026-07-06T02:02:53.653979,2026-07-06T02:02:53.653839+00:00,164.2,20,ask,YieldingYams,BrilliantBurritos,8999471
2026-07-06T02:02:54.686743,2026-07-06T02:02:54.709018+00:00,164.3,200,bid,YieldingYams,WavyWalnuts,8999490
2026-07-06T02:02:54.705155,2026-07-06T02:02:54.709018+00:00,164.3,11,ask,YieldingYams,Xuanyu Liu,8999492
2026-07-06T02:02:55.520274,2026-07-06T02:02:55.529030+00:00,164.3,200,ask,YieldingYams,WavyWalnuts,8999507
2026-07-06T02:02:57.295042,2026-07-06T02:02:57.307113+00:00,164.2,20,bid,BrilliantBurritos,YieldingYams,8999530
2026-07-06T02:03:01.419549,2026-07-06T02:03:01.427375+00:00,164.3,500,bid,AverageAlmonds,YieldingYams,8999580
2026-07-06T02:03:02.019572,2026-07-06T02:03:02.026421+00:00,164.3,125,bid,AverageAlmonds,YieldingYams,8999588
2026-07-06T02:03:02.051945,2026-07-06T02:03:02.056041+00:00,164.3,12,ask,AverageAlmonds,Xuanyu Liu,8999591
2026-07-06T02:03:02.580015,2026-07-06T02:03:02.583804+00:00,164.4,11,ask,YieldingYams,Xuanyu Liu,8999601
2026-07-06T02:03:05.174270,2026-07-06T02:03:05.182987+00:00,164.5,20,bid,BrilliantBurritos,YieldingYams,8999632
2026-07-06T02:03:10.074974,2026-07-06T02:03:10.078754+00:00,164.5,12,ask,WavyWalnuts,Xuanyu Liu,8999697
2026-07-06T02:03:11.752594,2026-07-06T02:03:11.758607+00:00,164.6,200,ask,WavyWalnuts,YieldingYams,8999734
2026-07-06T02:03:12.485007,2026-07-06T02:03:12.492641+00:00,164.6,200,bid,WavyWalnuts,YieldingYams,8999744
2026-07-06T02:03:18.550147,2026-07-06T02:03:21.922068+00:00,164.4,200,ask,YieldingYams,WavyWalnuts,8999814
2026-07-06T02:03:23.532282,2026-07-06T02:03:23.544037+00:00,164.4,20,bid,BrilliantBurritos,YieldingYams,8999871
2026-07-06T02:03:26.239467,2026-07-06T02:03:26.246570+00:00,164.5,500,ask,YieldingYams,AverageAlmonds,8999907
2026-07-06T02:03:26.839864,2026-07-06T02:03:26.841794+00:00,164.5,125,ask,YieldingYams,AverageAlmonds,8999912
2026-07-06T02:03:27.447594,2026-07-06T02:03:27.468840+00:00,164.4,200,ask,WavyWalnuts,AverageAlmonds,8999920
2026-07-06T02:03:27.981656,2026-07-06T02:03:27.993150+00:00,164.1,20,ask,YieldingYams,BrilliantBurritos,8999929
2026-07-06T02:03:29.440667,2026-07-06T02:03:29.458608+00:00,164.4,200,bid,WavyWalnuts,YieldingYams,8999952
2026-07-06T02:03:30.123463,2026-07-06T02:03:30.133443+00:00,164.2,500,bid,YieldingYams,AverageAlmonds,8999958
2026-07-06T02:03:30.454898,2026-07-06T02:03:30.468686+00:00,164.2,125,ask,YieldingYams,AverageAlmonds,8999966
2026-07-06T02:03:30.647757,2026-07-06T02:03:30.658539+00:00,164.2,200,bid,WavyWalnuts,AverageAlmonds,8999969
2026-07-06T02:03:31.859725,2026-07-06T02:03:31.869475+00:00,164.1,200,bid,WavyWalnuts,AverageAlmonds,8999981
2026-07-06T02:03:41.559721,2026-07-06T02:03:41.569655+00:00,164.0,200,ask,YieldingYams,WavyWalnuts,9000106
2026-07-06T02:03:47.411127,2026-07-06T02:03:47.419042+00:00,164.1,200,ask,WavyWalnuts,AverageAlmonds,9000184
2026-07-06T02:03:47.425203,2026-07-06T02:03:47.428682+00:00,164.1,4,bid,Xuanyu Liu,AverageAlmonds,9000186
2026-07-06T02:03:47.601534,2026-07-06T02:03:47.611414+00:00,164.1,200,bid,WavyWalnuts,AverageAlmonds,9000190
2026-07-06T02:03:48.621051,2026-07-06T02:03:48.631587+00:00,164.1,500,ask,YieldingYams,AverageAlmonds,9000206
2026-07-06T02:03:49.038223,2026-07-06T02:03:49.049885+00:00,164.2,20,bid,BrilliantBurritos,WavyWalnuts,9000214
2026-07-06T02:03:49.240864,2026-07-06T02:03:49.247482+00:00,164.1,125,ask,YieldingYams,AverageAlmonds,9000216
2026-07-06T02:03:49.778632,2026-07-06T02:03:49.792002+00:00,163.9,200,ask,WavyWalnuts,YieldingYams,9000223
2026-07-06T02:03:49.797031,2026-07-06T02:03:49.800383+00:00,163.8,8,bid,Xuanyu Liu,YieldingYams,9000228
2026-07-06T02:03:50.013055,2026-07-06T02:03:50.023023+00:00,163.8,200,bid,WavyWalnuts,YieldingYams,9000238
2026-07-06T02:03:51.100517,2026-07-06T02:03:51.104546+00:00,163.9,34,ask,YieldingYams,Xuanyu Liu,9000256
2026-07-06T02:03:52.345260,2026-07-06T02:03:52.352242+00:00,163.9,20,ask,YieldingYams,BrilliantBurritos,9000268
2026-07-06T02:03:52.393665,2026-07-06T02:03:52.401175+00:00,164.0,200,bid,YieldingYams,WavyWalnuts,9000269
2026-07-06T02:03:52.393665,2026-07-06T02:03:52.406532+00:00,164.0,425,bid,YieldingYams,AverageAlmonds,9000270
2026-07-06T02:03:52.427966,2026-07-06T02:03:52.438164+00:00,164.0,75,bid,WavyWalnuts,AverageAlmonds,9000272
2026-07-06T02:03:52.446516,2026-07-06T02:03:52.450114+00:00,164.0,12,ask,WavyWalnuts,Xuanyu Liu,9000275
2026-07-06T02:03:53.464646,2026-07-06T02:03:53.474649+00:00,164.0,113,ask,WavyWalnuts,AverageAlmonds,9000294
2026-07-06T02:03:53.651251,2026-07-06T02:03:53.658586+00:00,164.0,200,bid,WavyWalnuts,AverageAlmonds,9000301
2026-07-06T02:03:54.859515,2026-07-06T02:03:54.869094+00:00,163.8,200,bid,WavyWalnuts,YieldingYams,9000318
2026-07-06T02:03:56.067647,2026-07-06T02:03:56.076759+00:00,163.8,200,bid,WavyWalnuts,YieldingYams,9000332
2026-07-06T02:03:57.123247,2026-07-06T02:03:57.132733+00:00,163.6,20,ask,YieldingYams,BrilliantBurritos,9000340
2026-07-06T02:03:57.276367,2026-07-06T02:03:57.286234+00:00,163.8,200,bid,WavyWalnuts,YieldingYams,9000345
2026-07-06T02:03:58.938709,2026-07-06T02:03:58.947161+00:00,163.9,200,bid,YieldingYams,WavyWalnuts,9000363
2026-07-06T02:03:59.690001,2026-07-06T02:03:59.698567+00:00,164.0,200,ask,YieldingYams,WavyWalnuts,9000374
2026-07-06T02:04:00.209202,2026-07-06T02:04:00.212687+00:00,164.2,46,bid,Xuanyu Liu,YieldingYams,9000387
2026-07-06T02:04:00.264758,2026-07-06T02:04:00.268116+00:00,164.0,23,bid,Xuanyu Liu,YieldingYams,9000390
2026-07-06T02:04:03.322665,2026-07-06T02:04:03.326593+00:00,163.9,12,ask,WavyWalnuts,Xuanyu Liu,9000433
2026-07-06T02:04:03.332585,2026-07-06T02:04:03.336500+00:00,163.9,11,ask,WavyWalnuts,Xuanyu Liu,9000435
2026-07-06T02:04:06.964306,2026-07-06T02:04:06.968079+00:00,163.9,12,ask,WavyWalnuts,Xuanyu Liu,9000482
2026-07-06T02:04:08.165222,2026-07-06T02:04:08.174342+00:00,164.0,200,bid,WavyWalnuts,YieldingYams,9000499
2026-07-06T02:04:12.908715,2026-07-06T02:04:12.912038+00:00,163.8,22,ask,YieldingYams,Xuanyu Liu,9000562
2026-07-06T02:04:14.217080,2026-07-06T02:04:14.225559+00:00,163.7,200,ask,YieldingYams,WavyWalnuts,9000578
2026-07-06T02:04:15.423807,2026-07-06T02:04:15.432622+00:00,163.8,200,ask,YieldingYams,WavyWalnuts,9000601
2026-07-06T02:04:16.631324,2026-07-06T02:04:16.642094+00:00,163.9,200,ask,AverageAlmonds,WavyWalnuts,9000617
2026-07-06T02:04:17.075824,2026-07-06T02:04:17.086292+00:00,164.0,500,bid,AverageAlmonds,YieldingYams,9000624
2026-07-06T02:04:17.374681,2026-07-06T02:04:17.378536+00:00,164.1,23,ask,YieldingYams,Xuanyu Liu,9000632
2026-07-06T02:04:18.667614,2026-07-06T02:04:18.675243+00:00,164.2,200,bid,YieldingYams,WavyWalnuts,9000648
2026-07-06T02:04:18.681053,2026-07-06T02:04:18.684362+00:00,164.2,6,ask,YieldingYams,Xuanyu Liu,9000650
2026-07-06T02:04:19.183065,2026-07-06T02:04:19.187421+00:00,164.4,17,bid,Xuanyu Liu,YieldingYams,9000661
2026-07-06T02:04:19.998164,2026-07-06T02:04:20.002033+00:00,164.3,12,bid,Xuanyu Liu,YieldingYams,9000675
2026-07-06T02:04:20.253870,2026-07-06T02:04:20.258534+00:00,164.3,200,bid,WavyWalnuts,YieldingYams,9000685
2026-07-06T02:04:22.747484,2026-07-06T02:04:22.759418+00:00,164.4,20,bid,BrilliantBurritos,WavyWalnuts,9000726
2026-07-06T02:04:24.932539,2026-07-06T02:04:24.939312+00:00,164.4,500,bid,AverageAlmonds,YieldingYams,9000753
2026-07-06T02:04:25.228307,2026-07-06T02:04:25.249876+00:00,164.5,200,bid,YieldingYams,WavyWalnuts,9000759
2026-07-06T02:04:25.245865,2026-07-06T02:04:25.249876+00:00,164.6,12,ask,YieldingYams,Xuanyu Liu,9000761
2026-07-06T02:04:26.320431,2026-07-06T02:04:26.324387+00:00,164.7,12,bid,Xuanyu Liu,WavyWalnuts,9000777
2026-07-06T02:04:28.723608,2026-07-06T02:04:28.732440+00:00,164.5,200,ask,YieldingYams,WavyWalnuts,9000801
2026-07-06T02:04:29.312186,2026-07-06T02:04:29.323773+00:00,164.3,20,ask,WavyWalnuts,BrilliantBurritos,9000807
2026-07-06T02:04:30.515067,2026-07-06T02:04:30.525468+00:00,164.3,200,ask,WavyWalnuts,YieldingYams,9000823
2026-07-06T02:04:30.532557,2026-07-06T02:04:30.536162+00:00,164.3,22,bid,Xuanyu Liu,YieldingYams,9000825
2026-07-06T02:04:32.568473,2026-07-06T02:04:32.580164+00:00,164.5,20,bid,BrilliantBurritos,YieldingYams,9000850
2026-07-06T02:04:35.998599,2026-07-06T02:04:36.006719+00:00,164.6,200,ask,YieldingYams,WavyWalnuts,9000899
2026-07-06T02:04:38.417876,2026-07-06T02:04:38.429419+00:00,164.6,200,ask,YieldingYams,WavyWalnuts,9000926
2026-07-06T02:04:40.832926,2026-07-06T02:04:40.840100+00:00,164.8,200,bid,WavyWalnuts,YieldingYams,9000950
2026-07-06T02:04:41.200030,2026-07-06T02:04:41.204375+00:00,164.9,12,bid,Xuanyu Liu,YieldingYams,9000954
2026-07-06T02:04:42.041047,2026-07-06T02:04:42.047644+00:00,164.9,200,bid,WavyWalnuts,YieldingYams,9000963
2026-07-06T02:04:43.248504,2026-07-06T02:04:43.258582+00:00,164.9,200,bid,WavyWalnuts,YieldingYams,9000982
2026-07-06T02:04:44.480154,2026-07-06T02:04:44.484022+00:00,164.9,34,bid,Xuanyu Liu,YieldingYams,9000999
2026-07-06T02:04:46.743503,2026-07-06T02:04:46.768159+00:00,164.8,200,ask,WavyWalnuts,AverageAlmonds,9001037
2026-07-06T02:04:46.764486,2026-07-06T02:04:46.768159+00:00,164.8,3,bid,Xuanyu Liu,AverageAlmonds,9001040
2026-07-06T02:04:52.195985,2026-07-06T02:04:52.205987+00:00,164.6,500,ask,YieldingYams,AverageAlmonds,9001093
2026-07-06T02:04:52.793312,2026-07-06T02:04:52.800251+00:00,164.6,125,ask,YieldingYams,AverageAlmonds,9001097
2026-07-06T02:04:55.445758,2026-07-06T02:04:55.458592+00:00,164.5,200,ask,WavyWalnuts,YieldingYams,9001127
2026-07-06T02:04:57.220254,2026-07-06T02:04:57.232140+00:00,164.6,20,bid,BrilliantBurritos,WavyWalnuts,9001150
2026-07-06T02:05:00.169053,2026-07-06T02:05:00.176446+00:00,164.7,20,bid,BrilliantBurritos,WavyWalnuts,9001181
2026-07-06T02:05:03.515753,2026-07-06T02:05:03.519558+00:00,164.5,14,ask,YieldingYams,Xuanyu Liu,9001244
2026-07-06T02:05:04.641513,2026-07-06T02:05:04.645210+00:00,164.6,12,ask,YieldingYams,Xuanyu Liu,9001257
2026-07-06T02:05:05.067449,2026-07-06T02:05:05.074552+00:00,164.8,200,bid,WavyWalnuts,YieldingYams,9001262
2026-07-06T02:05:06.622806,2026-07-06T02:05:06.626293+00:00,164.9,12,bid,Xuanyu Liu,YieldingYams,9001287
2026-07-06T02:05:09.907532,2026-07-06T02:05:09.916086+00:00,165.0,200,bid,WavyWalnuts,YieldingYams,9001340
2026-07-06T02:05:11.116023,2026-07-06T02:05:11.123453+00:00,165.0,200,bid,WavyWalnuts,YieldingYams,9001355
2026-07-06T02:05:12.129606,2026-07-06T02:05:12.141269+00:00,164.8,20,ask,YieldingYams,BrilliantBurritos,9001364
2026-07-06T02:05:12.323887,2026-07-06T02:05:12.331479+00:00,165.1,200,bid,WavyWalnuts,YieldingYams,9001370
2026-07-06T02:05:16.417814,2026-07-06T02:05:16.424514+00:00,165.0,200,ask,WavyWalnuts,AverageAlmonds,9001425
2026-07-06T02:05:16.436339,2026-07-06T02:05:16.445699+00:00,165.0,300,bid,YieldingYams,AverageAlmonds,9001426
2026-07-06T02:05:17.008605,2026-07-06T02:05:17.017411+00:00,165.0,325,ask,YieldingYams,AverageAlmonds,9001432
2026-07-06T02:05:17.746226,2026-07-06T02:05:17.758606+00:00,164.9,500,bid,YieldingYams,AverageAlmonds,9001443
2026-07-06T02:05:18.211751,2026-07-06T02:05:18.221531+00:00,164.9,125,ask,YieldingYams,AverageAlmonds,9001447
2026-07-06T02:05:21.690780,2026-07-06T02:05:21.694801+00:00,164.8,12,ask,YieldingYams,Xuanyu Liu,9001481
2026-07-06T02:05:22.381267,2026-07-06T02:05:22.384939+00:00,164.8,23,ask,YieldingYams,Xuanyu Liu,9001492
2026-07-06T02:05:22.462106,2026-07-06T02:05:22.469763+00:00,164.8,500,ask,YieldingYams,AverageAlmonds,9001493
2026-07-06T02:05:23.161563,2026-07-06T02:05:23.173132+00:00,164.7,20,ask,WavyWalnuts,BrilliantBurritos,9001503
2026-07-06T02:05:24.277897,2026-07-06T02:05:24.285710+00:00,164.7,200,ask,WavyWalnuts,AverageAlmonds,9001517
2026-07-06T02:05:24.294611,2026-07-06T02:05:24.301486+00:00,164.7,300,bid,YieldingYams,AverageAlmonds,9001518
2026-07-06T02:05:24.865394,2026-07-06T02:05:24.876228+00:00,164.7,325,ask,YieldingYams,AverageAlmonds,9001519
2026-07-06T02:05:25.802413,2026-07-06T02:05:25.814037+00:00,164.5,20,bid,BrilliantBurritos,YieldingYams,9001529
2026-07-06T02:05:28.039128,2026-07-06T02:05:28.050441+00:00,164.5,200,bid,WavyWalnuts,YieldingYams,9001562
2026-07-06T02:05:29.264348,2026-07-06T02:05:29.268024+00:00,164.4,11,ask,WavyWalnuts,Xuanyu Liu,9001577
2026-07-06T02:05:30.851777,2026-07-06T02:05:30.859718+00:00,164.5,500,bid,YieldingYams,AverageAlmonds,9001597
2026-07-06T02:05:30.912585,2026-07-06T02:05:30.921900+00:00,164.5,125,ask,YieldingYams,AverageAlmonds,9001600
2026-07-06T02:05:33.967644,2026-07-06T02:05:33.974212+00:00,164.3,200,ask,WavyWalnuts,AverageAlmonds,9001640
2026-07-06T02:05:34.073605,2026-07-06T02:05:34.081029+00:00,164.3,200,bid,WavyWalnuts,AverageAlmonds,9001643
2026-07-06T02:05:36.134593,2026-07-06T02:05:36.138564+00:00,164.3,11,ask,YieldingYams,Xuanyu Liu,9001678
2026-07-06T02:05:36.488191,2026-07-06T02:05:36.494795+00:00,164.3,200,ask,YieldingYams,WavyWalnuts,9001681
2026-07-06T02:05:36.989001,2026-07-06T02:05:37.001116+00:00,164.5,20,bid,BrilliantBurritos,YieldingYams,9001682
2026-07-06T02:05:37.273221,2026-07-06T02:05:37.284900+00:00,164.5,20,bid,BrilliantBurritos,YieldingYams,9001688
2026-07-06T02:05:40.036075,2026-07-06T02:05:40.042946+00:00,164.4,200,bid,YieldingYams,WavyWalnuts,9001717
2026-07-06T02:05:40.053527,2026-07-06T02:05:40.057297+00:00,164.5,12,ask,YieldingYams,Xuanyu Liu,9001719
2026-07-06T02:05:40.106970,2026-07-06T02:05:40.118090+00:00,164.5,200,ask,YieldingYams,WavyWalnuts,9001721
2026-07-06T02:05:41.401370,2026-07-06T02:05:41.405119+00:00,164.6,12,bid,Xuanyu Liu,WavyWalnuts,9001737
2026-07-06T02:05:42.448158,2026-07-06T02:05:42.452332+00:00,164.5,11,bid,Xuanyu Liu,AverageAlmonds,9001747
2026-07-06T02:05:42.659961,2026-07-06T02:05:42.669951+00:00,164.5,489,bid,YieldingYams,AverageAlmonds,9001751
2026-07-06T02:05:43.027384,2026-07-06T02:05:43.036748+00:00,164.5,136,ask,YieldingYams,AverageAlmonds,9001754
2026-07-06T02:05:43.044351,2026-07-06T02:05:43.047766+00:00,164.4,11,bid,Xuanyu Liu,AverageAlmonds,9001757
2026-07-06T02:05:45.277920,2026-07-06T02:05:45.289298+00:00,164.3,200,ask,WavyWalnuts,YieldingYams,9001788
2026-07-06T02:05:47.898310,2026-07-06T02:05:47.907226+00:00,164.0,200,ask,WavyWalnuts,YieldingYams,9001813
2026-07-06T02:05:48.584146,2026-07-06T02:05:48.593940+00:00,164.0,200,bid,WavyWalnuts,YieldingYams,9001822
2026-07-06T02:05:49.798126,2026-07-06T02:05:49.804848+00:00,163.9,200,ask,YieldingYams,WavyWalnuts,9001835
2026-07-06T02:05:54.441735,2026-07-06T02:05:54.452595+00:00,163.9,200,ask,WavyWalnuts,YieldingYams,9001889
2026-07-06T02:05:54.631775,2026-07-06T02:05:54.641405+00:00,163.9,200,bid,WavyWalnuts,YieldingYams,9001893
2026-07-06T02:05:57.047505,2026-07-06T02:05:57.064151+00:00,163.9,200,bid,WavyWalnuts,YieldingYams,9001928
2026-07-06T02:06:01.882082,2026-07-06T02:06:01.888940+00:00,164.1,200,bid,WavyWalnuts,YieldingYams,9001986
2026-07-06T02:06:04.307167,2026-07-06T02:06:04.317945+00:00,163.9,200,ask,YieldingYams,WavyWalnuts,9002009
2026-07-06T02:06:06.667755,2026-07-06T02:06:06.671491+00:00,163.8,11,ask,WavyWalnuts,Xuanyu Liu,9002040
2026-07-06T02:06:06.739867,2026-07-06T02:06:06.764277+00:00,163.9,11,ask,WavyWalnuts,Xuanyu Liu,9002045
2026-07-06T02:06:07.952763,2026-07-06T02:06:07.957218+00:00,164.0,12,ask,WavyWalnuts,Xuanyu Liu,9002065
2026-07-06T02:06:09.149443,2026-07-06T02:06:09.155571+00:00,164.1,200,bid,WavyWalnuts,YieldingYams,9002092
2026-07-06T02:06:10.363201,2026-07-06T02:06:10.370754+00:00,164.1,200,bid,WavyWalnuts,YieldingYams,9002106
2026-07-06T02:06:14.123342,2026-07-06T02:06:14.134578+00:00,164.0,200,ask,WavyWalnuts,YieldingYams,9002147
2026-07-06T02:06:15.769565,2026-07-06T02:06:15.779428+00:00,163.9,20,ask,YieldingYams,BrilliantBurritos,9002171
2026-07-06T02:06:18.856605,2026-07-06T02:06:18.860221+00:00,164.1,11,ask,WavyWalnuts,Xuanyu Liu,9002206
2026-07-06T02:06:20.056118,2026-07-06T02:06:20.056205+00:00,164.2,200,bid,WavyWalnuts,YieldingYams,9002230
2026-07-06T02:06:22.464623,2026-07-06T02:06:22.468493+00:00,164.3,11,bid,Xuanyu Liu,WavyWalnuts,9002259
2026-07-06T02:06:23.428229,2026-07-06T02:06:23.440100+00:00,164.2,20,ask,WavyWalnuts,BrilliantBurritos,9002267
2026-07-06T02:06:24.922916,2026-07-06T02:06:24.927233+00:00,164.2,12,bid,Xuanyu Liu,WavyWalnuts,9002286
2026-07-06T02:06:25.920748,2026-07-06T02:06:25.928467+00:00,164.2,20,bid,BrilliantBurritos,WavyWalnuts,9002296
2026-07-06T02:06:25.959073,2026-07-06T02:06:25.966519+00:00,164.2,168,bid,YieldingYams,WavyWalnuts,9002297
2026-07-06T02:06:27.459517,2026-07-06T02:06:27.469082+00:00,164.1,20,ask,YieldingYams,BrilliantBurritos,9002310
2026-07-06T02:06:29.747924,2026-07-06T02:06:29.756570+00:00,164.1,200,ask,YieldingYams,WavyWalnuts,9002339
2026-07-06T02:06:32.009085,2026-07-06T02:06:32.012777+00:00,164.3,11,bid,Xuanyu Liu,WavyWalnuts,9002368
2026-07-06T02:06:37.796382,2026-07-06T02:06:37.806134+00:00,164.5,200,bid,YieldingYams,WavyWalnuts,9002440
2026-07-06T02:06:38.275210,2026-07-06T02:06:38.278821+00:00,164.6,34,bid,Xuanyu Liu,AverageAlmonds,9002449
2026-07-06T02:06:38.765903,2026-07-06T02:06:38.774937+00:00,164.5,425,ask,YieldingYams,AverageAlmonds,9002454
2026-07-06T02:06:38.782201,2026-07-06T02:06:38.785761+00:00,164.5,12,bid,Xuanyu Liu,AverageAlmonds,9002457
2026-07-06T02:06:39.108024,2026-07-06T02:06:39.114971+00:00,164.4,200,ask,WavyWalnuts,YieldingYams,9002462
2026-07-06T02:06:39.126231,2026-07-06T02:06:39.130190+00:00,164.4,11,bid,Xuanyu Liu,YieldingYams,9002465
2026-07-06T02:06:41.853175,2026-07-06T02:06:41.864596+00:00,164.5,200,ask,YieldingYams,WavyWalnuts,9002499
2026-07-06T02:06:42.388520,2026-07-06T02:06:42.398351+00:00,164.5,425,ask,YieldingYams,AverageAlmonds,9002505
2026-07-06T02:06:46.634798,2026-07-06T02:06:46.643550+00:00,164.4,200,ask,WavyWalnuts,AverageAlmonds,9002547
2026-07-06T02:06:47.888975,2026-07-06T02:06:47.895516+00:00,164.4,200,bid,WavyWalnuts,YieldingYams,9002561
2026-07-06T02:06:48.291405,2026-07-06T02:06:48.294664+00:00,164.4,11,ask,YieldingYams,Xuanyu Liu,9002575
2026-07-06T02:06:49.109774,2026-07-06T02:06:49.113528+00:00,164.5,12,ask,WavyWalnuts,Xuanyu Liu,9002582
2026-07-06T02:06:49.651660,2026-07-06T02:06:49.658629+00:00,164.5,188,ask,WavyWalnuts,AverageAlmonds,9002588
2026-07-06T02:06:52.220271,2026-07-06T02:06:52.228387+00:00,164.5,500,bid,YieldingYams,AverageAlmonds,9002629
2026-07-06T02:06:52.684232,2026-07-06T02:06:52.692160+00:00,164.5,125,ask,YieldingYams,AverageAlmonds,9002635
2026-07-06T02:06:53.862364,2026-07-06T02:06:53.874194+00:00,164.4,20,bid,BrilliantBurritos,YieldingYams,9002648
2026-07-06T02:06:54.847949,2026-07-06T02:06:54.858601+00:00,164.3,200,ask,WavyWalnuts,YieldingYams,9002669
2026-07-06T02:06:56.790392,2026-07-06T02:06:56.802126+00:00,164.5,20,bid,BrilliantBurritos,YieldingYams,9002689
2026-07-06T02:06:58.773515,2026-07-06T02:06:58.781355+00:00,164.2,200,ask,YieldingYams,WavyWalnuts,9002726
2026-07-06T02:06:59.626439,2026-07-06T02:06:59.636770+00:00,164.3,20,bid,BrilliantBurritos,YieldingYams,9002735
2026-07-06T02:07:01.207746,2026-07-06T02:07:01.211287+00:00,164.3,12,bid,Xuanyu Liu,WavyWalnuts,9002759
2026-07-06T02:07:03.626159,2026-07-06T02:07:03.629675+00:00,164.3,14,bid,Xuanyu Liu,WavyWalnuts,9002782
2026-07-06T02:07:04.026876,2026-07-06T02:07:04.038764+00:00,164.3,186,bid,YieldingYams,WavyWalnuts,9002784
2026-07-06T02:07:06.647280,2026-07-06T02:07:06.658556+00:00,164.3,200,ask,WavyWalnuts,YieldingYams,9002825
2026-07-06T02:07:09.262041,2026-07-06T02:07:09.269760+00:00,164.3,500,ask,AverageAlmonds,YieldingYams,9002855
2026-07-06T02:07:09.638874,2026-07-06T02:07:09.647000+00:00,164.3,125,bid,AverageAlmonds,YieldingYams,9002859
2026-07-06T02:07:12.657731,2026-07-06T02:07:12.666574+00:00,164.5,500,bid,AverageAlmonds,YieldingYams,9002890
2026-07-06T02:07:13.182277,2026-07-06T02:07:13.190038+00:00,164.5,200,bid,YieldingYams,WavyWalnuts,9002902
2026-07-06T02:07:13.860923,2026-07-06T02:07:13.869925+00:00,164.7,500,bid,AverageAlmonds,YieldingYams,9002908
2026-07-06T02:07:14.074573,2026-07-06T02:07:14.083581+00:00,164.7,20,bid,BrilliantBurritos,YieldingYams,9002913
2026-07-06T02:07:18.171626,2026-07-06T02:07:18.177999+00:00,164.6,200,ask,YieldingYams,WavyWalnuts,9002966
2026-07-06T02:07:19.380313,2026-07-06T02:07:19.391620+00:00,164.6,200,ask,YieldingYams,WavyWalnuts,9002984
2026-07-06T02:07:19.750044,2026-07-06T02:07:19.753850+00:00,164.7,3,bid,Xuanyu Liu,YieldingYams,9002992
2026-07-06T02:07:20.605878,2026-07-06T02:07:20.609806+00:00,164.5,23,bid,Xuanyu Liu,WavyWalnuts,9003012
2026-07-06T02:07:21.802013,2026-07-06T02:07:21.817104+00:00,164.4,200,ask,YieldingYams,WavyWalnuts,9003024
2026-07-06T02:07:22.657189,2026-07-06T02:07:22.661311+00:00,164.3,12,ask,YieldingYams,Xuanyu Liu,9003036
2026-07-06T02:07:25.426421,2026-07-06T02:07:25.433489+00:00,164.3,200,ask,YieldingYams,WavyWalnuts,9003075
2026-07-06T02:07:26.633496,2026-07-06T02:07:26.644140+00:00,164.4,200,ask,YieldingYams,WavyWalnuts,9003092
2026-07-06T02:07:28.948105,2026-07-06T02:07:28.951747+00:00,164.4,11,ask,WavyWalnuts,Xuanyu Liu,9003124
2026-07-06T02:07:30.285402,2026-07-06T02:07:30.289097+00:00,164.5,3,ask,WavyWalnuts,Xuanyu Liu,9003143
2026-07-06T02:07:35.118022,2026-07-06T02:07:35.128058+00:00,164.7,200,bid,WavyWalnuts,YieldingYams,9003210
2026-07-06T02:07:36.353477,2026-07-06T02:07:36.357609+00:00,164.8,14,ask,WavyWalnuts,Xuanyu Liu,9003227
2026-07-06T02:07:37.556623,2026-07-06T02:07:37.559980+00:00,164.9,12,ask,WavyWalnuts,Xuanyu Liu,9003239
2026-07-06T02:07:37.841343,2026-07-06T02:07:37.858702+00:00,165.0,20,bid,BrilliantBurritos,AverageAlmonds,9003244
2026-07-06T02:07:38.437441,2026-07-06T02:07:38.441430+00:00,165.1,23,bid,Xuanyu Liu,WavyWalnuts,9003252
2026-07-06T02:07:39.453013,2026-07-06T02:07:39.457091+00:00,165.0,3,bid,Xuanyu Liu,YieldingYams,9003268
2026-07-06T02:07:39.962078,2026-07-06T02:07:39.970942+00:00,165.0,200,bid,WavyWalnuts,YieldingYams,9003276
2026-07-06T02:07:42.397893,2026-07-06T02:07:42.401636+00:00,164.9,3,ask,WavyWalnuts,Xuanyu Liu,9003303
2026-07-06T02:07:46.005858,2026-07-06T02:07:46.046524+00:00,165.0,200,ask,WavyWalnuts,YieldingYams,9003350
2026-07-06T02:07:46.042566,2026-07-06T02:07:46.046524+00:00,165.0,3,bid,Xuanyu Liu,YieldingYams,9003358
2026-07-06T02:07:47.244963,2026-07-06T02:07:47.258613+00:00,165.0,200,bid,WavyWalnuts,YieldingYams,9003372
2026-07-06T02:07:50.879783,2026-07-06T02:07:50.891093+00:00,165.0,200,ask,YieldingYams,WavyWalnuts,9003415
2026-07-06T02:08:00.445253,2026-07-06T02:08:00.448507+00:00,165.0,200,ask,WavyWalnuts,YieldingYams,9003509
2026-07-06T02:08:06.996562,2026-07-06T02:08:07.008006+00:00,165.1,500,bid,YieldingYams,AverageAlmonds,9003589
2026-07-06T02:08:07.014051,2026-07-06T02:08:07.017817+00:00,165.2,3,ask,YieldingYams,Xuanyu Liu,9003591
2026-07-06T02:08:07.139384,2026-07-06T02:08:07.147331+00:00,165.2,122,ask,YieldingYams,AverageAlmonds,9003592
2026-07-06T02:08:07.139384,2026-07-06T02:08:07.152582+00:00,165.0,200,ask,WavyWalnuts,AverageAlmonds,9003593
2026-07-06T02:08:08.304464,2026-07-06T02:08:08.311499+00:00,165.0,500,bid,YieldingYams,AverageAlmonds,9003607
2026-07-06T02:08:08.345645,2026-07-06T02:08:08.358657+00:00,165.0,125,ask,YieldingYams,AverageAlmonds,9003608
2026-07-06T02:08:08.955049,2026-07-06T02:08:08.969069+00:00,164.9,200,ask,WavyWalnuts,AverageAlmonds,9003614
2026-07-06T02:08:10.766966,2026-07-06T02:08:10.774246+00:00,164.8,20,ask,YieldingYams,BrilliantBurritos,9003636
2026-07-06T02:08:11.456625,2026-07-06T02:08:11.468745+00:00,164.8,200,bid,WavyWalnuts,YieldingYams,9003645
2026-07-06T02:08:12.598623,2026-07-06T02:08:12.605526+00:00,164.6,20,ask,YieldingYams,BrilliantBurritos,9003657
2026-07-06T02:08:15.349606,2026-07-06T02:08:15.361603+00:00,164.8,20,bid,BrilliantBurritos,YieldingYams,9003691
2026-07-06T02:08:19.611079,2026-07-06T02:08:19.623069+00:00,164.5,20,ask,WavyWalnuts,BrilliantBurritos,9003753
2026-07-06T02:08:19.936336,2026-07-06T02:08:19.945228+00:00,164.6,200,bid,WavyWalnuts,YieldingYams,9003760
2026-07-06T02:08:22.347601,2026-07-06T02:08:22.357036+00:00,164.5,20,ask,YieldingYams,BrilliantBurritos,9003785
2026-07-06T02:08:23.570334,2026-07-06T02:08:23.580490+00:00,164.7,200,ask,YieldingYams,WavyWalnuts,9003803
2026-07-06T02:08:24.520056,2026-07-06T02:08:24.531697+00:00,164.6,20,ask,YieldingYams,BrilliantBurritos,9003816
2026-07-06T02:08:27.204323,2026-07-06T02:08:27.220949+00:00,164.7,200,ask,YieldingYams,WavyWalnuts,9003855
2026-07-06T02:08:31.360632,2026-07-06T02:08:31.369658+00:00,164.5,500,ask,YieldingYams,AverageAlmonds,9003901
2026-07-06T02:08:31.904522,2026-07-06T02:08:31.914866+00:00,164.5,200,ask,WavyWalnuts,YieldingYams,9003907
2026-07-06T02:08:32.045301,2026-07-06T02:08:32.058604+00:00,164.3,200,bid,WavyWalnuts,YieldingYams,9003911
2026-07-06T02:08:36.902817,2026-07-06T02:08:36.910969+00:00,164.3,200,ask,YieldingYams,WavyWalnuts,9003972
2026-07-06T02:08:37.428082,2026-07-06T02:08:37.431760+00:00,164.3,3,bid,Xuanyu Liu,AverageAlmonds,9003980
2026-07-06T02:08:39.338045,2026-07-06T02:08:39.341851+00:00,164.2,3,ask,WavyWalnuts,Xuanyu Liu,9004008
2026-07-06T02:08:43.720034,2026-07-06T02:08:43.730285+00:00,164.2,200,ask,WavyWalnuts,YieldingYams,9004050
2026-07-06T02:08:44.718622,2026-07-06T02:08:44.730129+00:00,164.1,20,bid,BrilliantBurritos,AverageAlmonds,9004061
2026-07-06T02:08:44.866272,2026-07-06T02:08:44.870253+00:00,164.0,23,ask,YieldingYams,Xuanyu Liu,9004064
2026-07-06T02:08:46.022938,2026-07-06T02:08:46.034908+00:00,164.2,20,bid,BrilliantBurritos,AverageAlmonds,9004077
2026-07-06T02:08:47.767822,2026-07-06T02:08:47.776521+00:00,164.1,200,bid,WavyWalnuts,YieldingYams,9004101
2026-07-06T02:08:48.921621,2026-07-06T02:08:48.930827+00:00,163.9,20,ask,YieldingYams,BrilliantBurritos,9004119
2026-07-06T02:08:50.270767,2026-07-06T02:08:50.277768+00:00,164.1,500,bid,YieldingYams,AverageAlmonds,9004136
2026-07-06T02:08:50.270767,2026-07-06T02:08:50.283016+00:00,164.2,125,bid,YieldingYams,WavyWalnuts,9004137
2026-07-06T02:08:52.599041,2026-07-06T02:08:52.609328+00:00,164.1,200,bid,WavyWalnuts,YieldingYams,9004170
2026-07-06T02:08:53.805100,2026-07-06T02:08:53.814658+00:00,164.0,200,bid,WavyWalnuts,AverageAlmonds,9004186
2026-07-06T02:08:55.012315,2026-07-06T02:08:55.022175+00:00,164.0,200,bid,WavyWalnuts,AverageAlmonds,9004202
2026-07-06T02:08:56.219413,2026-07-06T02:08:56.229036+00:00,164.0,200,bid,WavyWalnuts,AverageAlmonds,9004215
2026-07-06T02:08:57.510167,2026-07-06T02:08:57.513845+00:00,164.0,12,bid,Xuanyu Liu,YieldingYams,9004233
2026-07-06T02:08:58.145607,2026-07-06T02:08:58.167815+00:00,163.9,200,ask,WavyWalnuts,YieldingYams,9004241
2026-07-06T02:08:58.164229,2026-07-06T02:08:58.167815+00:00,163.9,11,bid,Xuanyu Liu,YieldingYams,9004243
2026-07-06T02:08:58.637516,2026-07-06T02:08:58.644259+00:00,163.9,200,bid,WavyWalnuts,YieldingYams,9004247
2026-07-06T02:09:00.772055,2026-07-06T02:09:00.782396+00:00,164.1,200,bid,YieldingYams,WavyWalnuts,9004272
2026-07-06T02:09:00.772055,2026-07-06T02:09:00.782396+00:00,164.1,425,bid,YieldingYams,AverageAlmonds,9004273
2026-07-06T02:09:01.618351,2026-07-06T02:09:01.625017+00:00,164.1,200,ask,WavyWalnuts,AverageAlmonds,9004281
2026-07-06T02:09:02.103869,2026-07-06T02:09:02.107589+00:00,164.0,3,bid,Xuanyu Liu,YieldingYams,9004297
2026-07-06T02:09:03.401193,2026-07-06T02:09:03.412285+00:00,163.9,200,ask,WavyWalnuts,YieldingYams,9004312
2026-07-06T02:09:04.692195,2026-07-06T02:09:04.701060+00:00,163.9,200,bid,WavyWalnuts,YieldingYams,9004327
2026-07-06T02:09:04.723742,2026-07-06T02:09:04.727460+00:00,163.9,3,ask,YieldingYams,Xuanyu Liu,9004329
2026-07-06T02:09:05.058241,2026-07-06T02:09:05.069988+00:00,164.1,20,bid,BrilliantBurritos,YieldingYams,9004340
2026-07-06T02:09:07.117558,2026-07-06T02:09:07.125890+00:00,163.9,200,ask,YieldingYams,WavyWalnuts,9004364
2026-07-06T02:09:07.978735,2026-07-06T02:09:07.990489+00:00,163.7,20,ask,WavyWalnuts,BrilliantBurritos,9004370
2026-07-06T02:09:08.635847,2026-07-06T02:09:08.646396+00:00,163.8,200,ask,WavyWalnuts,YieldingYams,9004384
2026-07-06T02:09:13.873192,2026-07-06T02:09:13.890845+00:00,164.0,200,bid,YieldingYams,WavyWalnuts,9004451
2026-07-06T02:09:13.887305,2026-07-06T02:09:13.890845+00:00,164.2,23,ask,YieldingYams,Xuanyu Liu,9004453
2026-07-06T02:09:14.377228,2026-07-06T02:09:14.387190+00:00,164.2,200,ask,YieldingYams,WavyWalnuts,9004465
2026-07-06T02:09:15.583515,2026-07-06T02:09:15.590705+00:00,164.1,200,bid,WavyWalnuts,YieldingYams,9004479
2026-07-06T02:09:16.808202,2026-07-06T02:09:16.811761+00:00,164.1,23,ask,WavyWalnuts,Xuanyu Liu,9004494
2026-07-06T02:09:20.435574,2026-07-06T02:09:20.446525+00:00,164.0,200,ask,WavyWalnuts,YieldingYams,9004539
2026-07-06T02:09:21.639528,2026-07-06T02:09:21.649729+00:00,164.0,200,bid,WavyWalnuts,YieldingYams,9004561
2026-07-06T02:09:26.278226,2026-07-06T02:09:26.289878+00:00,164.1,20,bid,BrilliantBurritos,WavyWalnuts,9004618
2026-07-06T02:09:30.930962,2026-07-06T02:09:30.934550+00:00,164.0,12,bid,Xuanyu Liu,YieldingYams,9004687
2026-07-06T02:09:33.834885,2026-07-06T02:09:33.846721+00:00,164.1,20,bid,BrilliantBurritos,YieldingYams,9004729
2026-07-06T02:09:34.977839,2026-07-06T02:09:34.984248+00:00,164.0,200,ask,YieldingYams,WavyWalnuts,9004744
2026-07-06T02:09:36.186561,2026-07-06T02:09:36.195253+00:00,163.9,200,ask,YieldingYams,WavyWalnuts,9004765
2026-07-06T02:09:38.542949,2026-07-06T02:09:38.558639+00:00,163.9,500,ask,YieldingYams,AverageAlmonds,9004798
2026-07-06T02:09:38.610195,2026-07-06T02:09:38.618776+00:00,163.9,125,ask,YieldingYams,WavyWalnuts,9004800
2026-07-06T02:09:38.785809,2026-07-06T02:09:38.789316+00:00,163.8,11,bid,Xuanyu Liu,YieldingYams,9004802
2026-07-06T02:09:39.537667,2026-07-06T02:09:39.549336+00:00,163.8,20,bid,BrilliantBurritos,YieldingYams,9004808
2026-07-06T02:09:41.045731,2026-07-06T02:09:41.049701+00:00,163.7,12,bid,Xuanyu Liu,WavyWalnuts,9004829
2026-07-06T02:09:44.009258,2026-07-06T02:09:44.019034+00:00,163.7,500,bid,YieldingYams,AverageAlmonds,9004878
2026-07-06T02:09:44.583408,2026-07-06T02:09:44.591789+00:00,163.7,125,ask,YieldingYams,AverageAlmonds,9004888
2026-07-06T02:09:44.648000,2026-07-06T02:09:44.653942+00:00,163.7,200,bid,WavyWalnuts,AverageAlmonds,9004891
2026-07-06T02:09:45.857677,2026-07-06T02:09:45.868688+00:00,163.7,200,bid,WavyWalnuts,YieldingYams,9004900
2026-07-06T02:09:46.573931,2026-07-06T02:09:46.585525+00:00,163.4,20,ask,YieldingYams,BrilliantBurritos,9004911
2026-07-06T02:09:46.643519,2026-07-06T02:09:46.647689+00:00,163.6,12,ask,YieldingYams,Xuanyu Liu,9004914
2026-07-06T02:09:47.558310,2026-07-06T02:09:47.570029+00:00,163.7,20,bid,BrilliantBurritos,AverageAlmonds,9004923
2026-07-06T02:09:48.112658,2026-07-06T02:09:48.116987+00:00,163.6,11,ask,WavyWalnuts,Xuanyu Liu,9004933
2026-07-06T02:09:48.242054,2026-07-06T02:09:48.269456+00:00,163.6,189,ask,WavyWalnuts,AverageAlmonds,9004935
2026-07-06T02:09:49.444594,2026-07-06T02:09:49.453232+00:00,163.5,500,ask,YieldingYams,AverageAlmonds,9004950
2026-07-06T02:09:50.038011,2026-07-06T02:09:50.047156+00:00,163.5,125,ask,YieldingYams,AverageAlmonds,9004958
2026-07-06T02:09:50.038011,2026-07-06T02:09:50.047156+00:00,163.5,200,ask,WavyWalnuts,AverageAlmonds,9004959
2026-07-06T02:09:50.698517,2026-07-06T02:09:50.706377+00:00,163.4,200,bid,WavyWalnuts,AverageAlmonds,9004964
2026-07-06T02:09:51.253107,2026-07-06T02:09:51.258560+00:00,163.3,500,ask,YieldingYams,AverageAlmonds,9004967
2026-07-06T02:09:51.845051,2026-07-06T02:09:51.853063+00:00,163.3,125,ask,YieldingYams,AverageAlmonds,9004977
2026-07-06T02:09:51.907449,2026-07-06T02:09:51.917696+00:00,163.3,200,bid,WavyWalnuts,AverageAlmonds,9004979
2026-07-06T02:09:53.115185,2026-07-06T02:09:53.124418+00:00,163.3,200,bid,WavyWalnuts,YieldingYams,9004992
2026-07-06T02:09:53.640197,2026-07-06T02:09:53.650211+00:00,163.4,20,bid,BrilliantBurritos,AverageAlmonds,9004996
2026-07-06T02:09:54.475505,2026-07-06T02:09:54.482587+00:00,163.4,500,bid,YieldingYams,AverageAlmonds,9005012
2026-07-06T02:09:54.493902,2026-07-06T02:09:54.497574+00:00,163.4,12,ask,YieldingYams,Xuanyu Liu,9005014
2026-07-06T02:09:55.536553,2026-07-06T02:09:55.544146+00:00,163.4,113,ask,YieldingYams,WavyWalnuts,9005028
2026-07-06T02:09:57.976372,2026-07-06T02:09:57.980262+00:00,163.2,11,ask,WavyWalnuts,Xuanyu Liu,9005059
2026-07-06T02:09:58.416821,2026-07-06T02:09:58.425844+00:00,163.2,189,ask,WavyWalnuts,YieldingYams,9005066
2026-07-06T02:10:00.379042,2026-07-06T02:10:00.385421+00:00,163.2,200,bid,WavyWalnuts,YieldingYams,9005095
2026-07-06T02:10:07.165702,2026-07-06T02:10:07.177353+00:00,163.3,20,bid,BrilliantBurritos,YieldingYams,9005172
2026-07-06T02:10:10.249382,2026-07-06T02:10:10.258484+00:00,163.3,200,ask,WavyWalnuts,YieldingYams,9005207
2026-07-06T02:10:10.754467,2026-07-06T02:10:10.766309+00:00,163.0,20,ask,YieldingYams,BrilliantBurritos,9005210
2026-07-06T02:10:11.863091,2026-07-06T02:10:11.874172+00:00,163.2,500,ask,YieldingYams,AverageAlmonds,9005223
2026-07-06T02:10:12.459166,2026-07-06T02:10:12.481853+00:00,163.2,125,ask,YieldingYams,AverageAlmonds,9005231
2026-07-06T02:10:12.477980,2026-07-06T02:10:12.481853+00:00,163.2,11,bid,Xuanyu Liu,AverageAlmonds,9005234
2026-07-06T02:10:12.844830,2026-07-06T02:10:12.856387+00:00,163.1,20,ask,WavyWalnuts,BrilliantBurritos,9005242
2026-07-06T02:10:13.414842,2026-07-06T02:10:13.418720+00:00,163.1,22,ask,WavyWalnuts,Xuanyu Liu,9005249
2026-07-06T02:10:19.127258,2026-07-06T02:10:19.134240+00:00,162.9,500,ask,YieldingYams,AverageAlmonds,9005322
2026-07-06T02:10:20.980080,2026-07-06T02:10:20.987432+00:00,162.8,200,bid,WavyWalnuts,YieldingYams,9005343
2026-07-06T02:10:22.190704,2026-07-06T02:10:22.198418+00:00,162.9,200,bid,WavyWalnuts,YieldingYams,9005363
2026-07-06T02:10:28.637274,2026-07-06T02:10:28.646532+00:00,162.7,200,bid,YieldingYams,WavyWalnuts,9005435
2026-07-06T02:10:30.991539,2026-07-06T02:10:30.998671+00:00,162.5,20,ask,YieldingYams,BrilliantBurritos,9005463
2026-07-06T02:10:31.919191,2026-07-06T02:10:31.922862+00:00,162.6,11,bid,Xuanyu Liu,WavyWalnuts,9005471
2026-07-06T02:10:34.324324,2026-07-06T02:10:34.332054+00:00,162.7,200,bid,WavyWalnuts,YieldingYams,9005499
2026-07-06T02:10:35.583397,2026-07-06T02:10:35.587273+00:00,162.7,11,bid,Xuanyu Liu,WavyWalnuts,9005515
2026-07-06T02:10:36.527434,2026-07-06T02:10:36.531560+00:00,162.6,12,bid,Xuanyu Liu,YieldingYams,9005527
2026-07-06T02:10:38.678908,2026-07-06T02:10:38.682901+00:00,162.6,11,bid,Xuanyu Liu,YieldingYams,9005552
2026-07-06T02:10:40.303232,2026-07-06T02:10:40.313309+00:00,162.6,500,bid,AverageAlmonds,YieldingYams,9005578
2026-07-06T02:10:40.380377,2026-07-06T02:10:40.390541+00:00,162.6,125,bid,WavyWalnuts,YieldingYams,9005580
2026-07-06T02:10:41.758951,2026-07-06T02:10:41.769111+00:00,162.8,500,ask,AverageAlmonds,YieldingYams,9005597
2026-07-06T02:10:41.758951,2026-07-06T02:10:41.769111+00:00,162.8,125,ask,WavyWalnuts,YieldingYams,9005598
2026-07-06T02:10:43.067247,2026-07-06T02:10:43.075613+00:00,163.0,200,bid,YieldingYams,WavyWalnuts,9005608
2026-07-06T02:10:46.059578,2026-07-06T02:10:46.067200+00:00,163.0,20,ask,YieldingYams,BrilliantBurritos,9005639
2026-07-06T02:10:48.165184,2026-07-06T02:10:48.169057+00:00,163.2,12,bid,Xuanyu Liu,YieldingYams,9005668
2026-07-06T02:10:51.377839,2026-07-06T02:10:51.381527+00:00,163.3,11,bid,Xuanyu Liu,WavyWalnuts,9005706
2026-07-06T02:10:52.255311,2026-07-06T02:10:52.264077+00:00,163.3,189,bid,YieldingYams,WavyWalnuts,9005725
2026-07-06T02:10:52.482972,2026-07-06T02:10:52.492791+00:00,163.3,200,ask,YieldingYams,WavyWalnuts,9005729
2026-07-06T02:10:53.583616,2026-07-06T02:10:53.586883+00:00,163.2,3,bid,Xuanyu Liu,YieldingYams,9005742
2026-07-06T02:10:53.687947,2026-07-06T02:10:53.697399+00:00,163.2,200,bid,WavyWalnuts,YieldingYams,9005747
2026-07-06T02:10:54.916835,2026-07-06T02:10:54.920792+00:00,163.1,3,ask,WavyWalnuts,Xuanyu Liu,9005772
2026-07-06T02:10:57.648273,2026-07-06T02:10:57.651791+00:00,163.2,3,bid,Xuanyu Liu,YieldingYams,9005806
2026-07-06T02:10:58.242076,2026-07-06T02:10:58.258671+00:00,163.1,20,ask,WavyWalnuts,BrilliantBurritos,9005812
2026-07-06T02:10:58.544706,2026-07-06T02:10:58.558654+00:00,163.2,200,bid,WavyWalnuts,YieldingYams,9005819
2026-07-06T02:11:00.028105,2026-07-06T02:11:00.040063+00:00,163.2,20,ask,AverageAlmonds,BrilliantBurritos,9005835
2026-07-06T02:11:00.128543,2026-07-06T02:11:00.139289+00:00,163.2,480,ask,AverageAlmonds,YieldingYams,9005836
2026-07-06T02:11:04.056296,2026-07-06T02:11:04.058612+00:00,163.4,500,ask,AverageAlmonds,YieldingYams,9005889
2026-07-06T02:11:04.508977,2026-07-06T02:11:04.517245+00:00,163.4,125,bid,AverageAlmonds,YieldingYams,9005894
2026-07-06T02:11:04.508977,2026-07-06T02:11:04.517245+00:00,163.5,200,bid,AverageAlmonds,WavyWalnuts,9005895
2026-07-06T02:11:05.087558,2026-07-06T02:11:05.096691+00:00,163.5,20,ask,AverageAlmonds,BrilliantBurritos,9005908
2026-07-06T02:11:07.552644,2026-07-06T02:11:07.557411+00:00,163.7,500,bid,AverageAlmonds,YieldingYams,9005942
2026-07-06T02:11:07.987533,2026-07-06T02:11:07.997181+00:00,163.7,200,bid,YieldingYams,WavyWalnuts,9005949
2026-07-06T02:11:08.242432,2026-07-06T02:11:08.252572+00:00,163.9,200,ask,YieldingYams,WavyWalnuts,9005954
2026-07-06T02:11:09.304861,2026-07-06T02:11:09.315209+00:00,163.9,500,ask,AverageAlmonds,YieldingYams,9005957
2026-07-06T02:11:09.352746,2026-07-06T02:11:09.358668+00:00,163.9,125,bid,AverageAlmonds,YieldingYams,9005958
2026-07-06T02:11:10.628377,2026-07-06T02:11:10.632834+00:00,164.0,3,ask,YieldingYams,Xuanyu Liu,9005984
2026-07-06T02:11:10.665222,2026-07-06T02:11:10.674167+00:00,164.0,200,ask,YieldingYams,WavyWalnuts,9005988
2026-07-06T02:11:13.008125,2026-07-06T02:11:13.015186+00:00,164.1,200,bid,AverageAlmonds,WavyWalnuts,9006017
2026-07-06T02:11:13.238235,2026-07-06T02:11:13.247776+00:00,164.1,300,ask,AverageAlmonds,YieldingYams,9006021
2026-07-06T02:11:14.815525,2026-07-06T02:11:14.822065+00:00,164.1,500,bid,AverageAlmonds,YieldingYams,9006042
2026-07-06T02:11:15.410723,2026-07-06T02:11:15.419377+00:00,164.1,125,bid,AverageAlmonds,YieldingYams,9006060
2026-07-06T02:11:15.508640,2026-07-06T02:11:15.518068+00:00,164.1,200,ask,AverageAlmonds,WavyWalnuts,9006068
2026-07-06T02:11:17.168212,2026-07-06T02:11:17.177819+00:00,164.1,200,bid,YieldingYams,WavyWalnuts,9006084
2026-07-06T02:11:19.138386,2026-07-06T02:11:19.145875+00:00,164.2,200,ask,AverageAlmonds,WavyWalnuts,9006112
2026-07-06T02:11:21.558711,2026-07-06T02:11:21.570204+00:00,164.3,200,ask,YieldingYams,WavyWalnuts,9006140
2026-07-06T02:11:21.899714,2026-07-06T02:11:21.908833+00:00,164.5,20,bid,BrilliantBurritos,YieldingYams,9006141
2026-07-06T02:11:22.766838,2026-07-06T02:11:22.774010+00:00,164.2,200,ask,YieldingYams,WavyWalnuts,9006157
2026-07-06T02:11:23.742620,2026-07-06T02:11:23.746196+00:00,164.3,3,bid,Xuanyu Liu,YieldingYams,9006163
2026-07-06T02:11:26.627775,2026-07-06T02:11:26.639759+00:00,164.0,20,ask,WavyWalnuts,BrilliantBurritos,9006209
2026-07-06T02:11:28.819355,2026-07-06T02:11:28.826316+00:00,163.9,200,ask,YieldingYams,WavyWalnuts,9006235
2026-07-06T02:11:30.030521,2026-07-06T02:11:30.041471+00:00,164.0,200,ask,AverageAlmonds,WavyWalnuts,9006247
2026-07-06T02:11:31.240325,2026-07-06T02:11:31.248328+00:00,164.0,200,ask,AverageAlmonds,WavyWalnuts,9006261
2026-07-06T02:11:31.767331,2026-07-06T02:11:31.774015+00:00,164.1,500,bid,AverageAlmonds,YieldingYams,9006270
2026-07-06T02:11:33.663935,2026-07-06T02:11:33.667805+00:00,164.2,14,ask,WavyWalnuts,Xuanyu Liu,9006299
2026-07-06T02:11:35.567092,2026-07-06T02:11:35.571200+00:00,164.4,23,ask,YieldingYams,Xuanyu Liu,9006320
2026-07-06T02:11:36.087782,2026-07-06T02:11:36.095962+00:00,164.4,200,ask,YieldingYams,WavyWalnuts,9006330
2026-07-06T02:11:40.803090,2026-07-06T02:11:40.811564+00:00,164.4,200,ask,WavyWalnuts,YieldingYams,9006380
2026-07-06T02:11:40.913626,2026-07-06T02:11:40.920504+00:00,164.3,200,bid,WavyWalnuts,YieldingYams,9006383
2026-07-06T02:11:42.058699,2026-07-06T02:11:42.077854+00:00,164.3,225,bid,AverageAlmonds,YieldingYams,9006404
2026-07-06T02:11:42.074592,2026-07-06T02:11:42.077854+00:00,164.3,23,ask,AverageAlmonds,Xuanyu Liu,9006406
2026-07-06T02:11:42.125140,2026-07-06T02:11:42.132381+00:00,164.3,200,ask,AverageAlmonds,WavyWalnuts,9006410
2026-07-06T02:11:45.760556,2026-07-06T02:11:45.768954+00:00,164.1,200,ask,YieldingYams,WavyWalnuts,9006456
2026-07-06T02:11:47.383653,2026-07-06T02:11:47.392222+00:00,164.2,20,bid,BrilliantBurritos,WavyWalnuts,9006473
2026-07-06T02:11:49.982993,2026-07-06T02:11:49.993020+00:00,164.1,200,ask,WavyWalnuts,YieldingYams,9006520
2026-07-06T02:11:54.365676,2026-07-06T02:11:54.377748+00:00,164.1,20,bid,BrilliantBurritos,WavyWalnuts,9006573
2026-07-06T02:11:56.544214,2026-07-06T02:11:56.597381+00:00,164.2,200,bid,YieldingYams,WavyWalnuts,9006597
2026-07-06T02:11:56.593443,2026-07-06T02:11:56.597381+00:00,164.2,23,ask,YieldingYams,Xuanyu Liu,9006601
2026-07-06T02:11:57.881198,2026-07-06T02:11:57.885491+00:00,164.3,23,bid,Xuanyu Liu,WavyWalnuts,9006624
2026-07-06T02:12:01.316899,2026-07-06T02:12:01.328385+00:00,164.2,20,ask,YieldingYams,BrilliantBurritos,9006659
2026-07-06T02:12:05.726681,2026-07-06T02:12:05.767353+00:00,164.4,500,bid,YieldingYams,AverageAlmonds,9006713
2026-07-06T02:12:05.762340,2026-07-06T02:12:05.767353+00:00,164.4,11,ask,YieldingYams,Xuanyu Liu,9006716
2026-07-06T02:12:06.284077,2026-07-06T02:12:06.291517+00:00,164.4,114,ask,YieldingYams,AverageAlmonds,9006720
2026-07-06T02:12:06.323738,2026-07-06T02:12:06.333160+00:00,164.4,200,bid,WavyWalnuts,AverageAlmonds,9006726
2026-07-06T02:12:07.538874,2026-07-06T02:12:07.545592+00:00,164.2,200,bid,WavyWalnuts,YieldingYams,9006744
2026-07-06T02:12:07.652257,2026-07-06T02:12:07.664089+00:00,163.9,20,ask,YieldingYams,BrilliantBurritos,9006746
2026-07-06T02:12:08.769986,2026-07-06T02:12:08.773582+00:00,164.1,12,ask,WavyWalnuts,Xuanyu Liu,9006765
2026-07-06T02:12:09.968899,2026-07-06T02:12:09.980400+00:00,164.2,200,bid,WavyWalnuts,YieldingYams,9006778
2026-07-06T02:12:13.597271,2026-07-06T02:12:13.606574+00:00,164.2,200,bid,YieldingYams,WavyWalnuts,9006819
2026-07-06T02:12:14.851023,2026-07-06T02:12:14.858595+00:00,164.2,200,ask,YieldingYams,WavyWalnuts,9006834
2026-07-06T02:12:15.793410,2026-07-06T02:12:15.803002+00:00,164.0,20,ask,WavyWalnuts,BrilliantBurritos,9006846
2026-07-06T02:12:18.053938,2026-07-06T02:12:18.065804+00:00,164.3,20,bid,BrilliantBurritos,WavyWalnuts,9006879
2026-07-06T02:12:20.156766,2026-07-06T02:12:20.164184+00:00,164.0,200,bid,YieldingYams,WavyWalnuts,9006904
2026-07-06T02:12:21.508538,2026-07-06T02:12:21.520203+00:00,163.9,20,ask,YieldingYams,BrilliantBurritos,9006922
2026-07-06T02:12:29.333283,2026-07-06T02:12:29.341063+00:00,164.0,200,bid,YieldingYams,WavyWalnuts,9007028
2026-07-06T02:12:33.276068,2026-07-06T02:12:33.280193+00:00,164.0,12,bid,Xuanyu Liu,YieldingYams,9007075
2026-07-06T02:12:35.522743,2026-07-06T02:12:35.534319+00:00,163.9,20,ask,WavyWalnuts,BrilliantBurritos,9007100
2026-07-06T02:12:37.841523,2026-07-06T02:12:37.858629+00:00,163.9,200,ask,YieldingYams,WavyWalnuts,9007131
2026-07-06T02:12:38.520265,2026-07-06T02:12:38.524121+00:00,163.9,11,bid,Xuanyu Liu,YieldingYams,9007143
2026-07-06T02:12:38.967993,2026-07-06T02:12:38.979758+00:00,163.9,500,bid,AverageAlmonds,YieldingYams,9007144
2026-07-06T02:12:42.689184,2026-07-06T02:12:42.699264+00:00,163.8,200,ask,YieldingYams,WavyWalnuts,9007192
2026-07-06T02:12:45.110276,2026-07-06T02:12:45.117365+00:00,163.8,200,ask,AverageAlmonds,WavyWalnuts,9007222
2026-07-06T02:12:45.325056,2026-07-06T02:12:45.328968+00:00,163.9,11,bid,Xuanyu Liu,YieldingYams,9007225
2026-07-06T02:12:45.363091,2026-07-06T02:12:45.373130+00:00,163.8,20,ask,AverageAlmonds,BrilliantBurritos,9007226
2026-07-06T02:12:47.542647,2026-07-06T02:12:47.546587+00:00,163.8,12,bid,Xuanyu Liu,WavyWalnuts,9007248
2026-07-06T02:12:48.066614,2026-07-06T02:12:48.074532+00:00,163.8,188,bid,AverageAlmonds,WavyWalnuts,9007254
2026-07-06T02:12:48.066614,2026-07-06T02:12:48.079707+00:00,163.8,312,bid,AverageAlmonds,YieldingYams,9007255
2026-07-06T02:12:48.657699,2026-07-06T02:12:48.669307+00:00,163.8,313,bid,AverageAlmonds,YieldingYams,9007260
2026-07-06T02:12:48.993493,2026-07-06T02:12:49.004276+00:00,164.1,200,bid,YieldingYams,WavyWalnuts,9007267
2026-07-06T02:12:52.925017,2026-07-06T02:12:52.935195+00:00,164.1,200,bid,YieldingYams,WavyWalnuts,9007322
2026-07-06T02:12:54.827152,2026-07-06T02:12:54.838905+00:00,164.2,20,bid,BrilliantBurritos,YieldingYams,9007346
2026-07-06T02:13:00.807294,2026-07-06T02:13:00.818295+00:00,164.4,200,ask,WavyWalnuts,YieldingYams,9007437
2026-07-06T02:13:01.139662,2026-07-06T02:13:01.143575+00:00,164.4,23,bid,Xuanyu Liu,YieldingYams,9007440
2026-07-06T02:13:01.741084,2026-07-06T02:13:01.758608+00:00,164.4,20,bid,BrilliantBurritos,YieldingYams,9007448
2026-07-06T02:13:02.075988,2026-07-06T02:13:02.079975+00:00,164.3,11,bid,Xuanyu Liu,WavyWalnuts,9007457
2026-07-06T02:13:02.117214,2026-07-06T02:13:02.128203+00:00,164.3,189,bid,YieldingYams,WavyWalnuts,9007458
2026-07-06T02:13:06.052350,2026-07-06T02:13:06.064056+00:00,164.4,200,bid,YieldingYams,WavyWalnuts,9007517
2026-07-06T02:13:06.052350,2026-07-06T02:13:06.064056+00:00,164.5,425,bid,YieldingYams,AverageAlmonds,9007518
2026-07-06T02:13:06.579152,2026-07-06T02:13:06.590988+00:00,164.5,20,bid,BrilliantBurritos,AverageAlmonds,9007524
2026-07-06T02:13:07.366953,2026-07-06T02:13:07.377841+00:00,164.2,200,ask,WavyWalnuts,YieldingYams,9007535
2026-07-06T02:13:14.049504,2026-07-06T02:13:14.058615+00:00,163.9,20,ask,WavyWalnuts,BrilliantBurritos,9007626
2026-07-06T02:13:15.238358,2026-07-06T02:13:15.247669+00:00,163.9,200,bid,YieldingYams,WavyWalnuts,9007641
2026-07-06T02:13:16.615796,2026-07-06T02:13:16.623098+00:00,163.8,200,ask,YieldingYams,WavyWalnuts,9007655
2026-07-06T02:13:16.970096,2026-07-06T02:13:16.973742+00:00,163.8,23,ask,YieldingYams,Xuanyu Liu,9007661
2026-07-06T02:13:17.825631,2026-07-06T02:13:17.833928+00:00,163.8,200,ask,YieldingYams,WavyWalnuts,9007677
2026-07-06T02:13:23.304700,2026-07-06T02:13:23.308325+00:00,163.7,11,ask,WavyWalnuts,Xuanyu Liu,9007751
2026-07-06T02:13:24.540843,2026-07-06T02:13:24.549130+00:00,163.7,20,ask,WavyWalnuts,BrilliantBurritos,9007771
2026-07-06T02:13:25.734355,2026-07-06T02:13:25.743122+00:00,163.7,200,ask,WavyWalnuts,YieldingYams,9007786
2026-07-06T02:13:25.777946,2026-07-06T02:13:25.787473+00:00,163.4,20,ask,YieldingYams,BrilliantBurritos,9007787
2026-07-06T02:13:26.218100,2026-07-06T02:13:26.229054+00:00,163.4,20,ask,YieldingYams,BrilliantBurritos,9007791
2026-07-06T02:13:28.360039,2026-07-06T02:13:28.369091+00:00,163.5,200,ask,WavyWalnuts,YieldingYams,9007821
2026-07-06T02:13:32.784489,2026-07-06T02:13:32.789961+00:00,163.3,12,ask,YieldingYams,Xuanyu Liu,9007866
2026-07-06T02:13:35.985116,2026-07-06T02:13:35.989039+00:00,163.3,11,ask,WavyWalnuts,Xuanyu Liu,9007912
2026-07-06T02:13:36.010449,2026-07-06T02:13:36.014353+00:00,163.4,11,ask,WavyWalnuts,Xuanyu Liu,9007915
2026-07-06T02:13:37.203486,2026-07-06T02:13:37.210194+00:00,163.5,200,bid,WavyWalnuts,AverageAlmonds,9007926
2026-07-06T02:13:38.412897,2026-07-06T02:13:38.423048+00:00,163.6,200,bid,WavyWalnuts,AverageAlmonds,9007936
2026-07-06T02:13:38.864306,2026-07-06T02:13:38.867987+00:00,163.5,12,ask,YieldingYams,Xuanyu Liu,9007943
2026-07-06T02:13:39.622073,2026-07-06T02:13:39.631394+00:00,163.7,200,bid,WavyWalnuts,YieldingYams,9007955
2026-07-06T02:13:40.160844,2026-07-06T02:13:40.169436+00:00,163.6,500,bid,YieldingYams,AverageAlmonds,9007960
2026-07-06T02:13:40.723279,2026-07-06T02:13:40.729626+00:00,163.7,125,ask,YieldingYams,AverageAlmonds,9007964
2026-07-06T02:13:40.831773,2026-07-06T02:13:40.841002+00:00,163.6,200,bid,WavyWalnuts,AverageAlmonds,9007969
2026-07-06T02:13:42.044146,2026-07-06T02:13:42.058541+00:00,163.7,200,bid,WavyWalnuts,YieldingYams,9007984
2026-07-06T02:13:42.318064,2026-07-06T02:13:42.321712+00:00,163.7,23,bid,Xuanyu Liu,YieldingYams,9007989
2026-07-06T02:13:43.254689,2026-07-06T02:13:43.258603+00:00,163.8,200,bid,WavyWalnuts,YieldingYams,9008002
2026-07-06T02:13:44.374233,2026-07-06T02:13:44.384933+00:00,163.8,500,ask,YieldingYams,AverageAlmonds,9008023
2026-07-06T02:13:44.974431,2026-07-06T02:13:44.984156+00:00,163.8,125,ask,YieldingYams,AverageAlmonds,9008035
2026-07-06T02:13:47.257750,2026-07-06T02:13:47.269672+00:00,163.5,20,ask,YieldingYams,BrilliantBurritos,9008056
2026-07-06T02:13:48.033491,2026-07-06T02:13:48.040851+00:00,163.5,200,ask,WavyWalnuts,YieldingYams,9008068
2026-07-06T02:13:48.053264,2026-07-06T02:13:48.057040+00:00,163.4,11,bid,Xuanyu Liu,YieldingYams,9008071
2026-07-06T02:13:54.600768,2026-07-06T02:13:54.610389+00:00,163.4,200,ask,WavyWalnuts,YieldingYams,9008138
2026-07-06T02:13:58.070770,2026-07-06T02:13:58.079480+00:00,163.5,20,bid,BrilliantBurritos,YieldingYams,9008188
2026-07-06T02:13:59.013953,2026-07-06T02:13:59.018196+00:00,163.4,12,bid,Xuanyu Liu,WavyWalnuts,9008200
2026-07-06T02:13:59.537073,2026-07-06T02:13:59.548640+00:00,163.4,20,bid,BrilliantBurritos,WavyWalnuts,9008207
2026-07-06T02:14:02.490021,2026-07-06T02:14:02.493693+00:00,163.2,12,ask,YieldingYams,Xuanyu Liu,9008243
2026-07-06T02:14:03.850839,2026-07-06T02:14:03.855374+00:00,163.3,11,ask,WavyWalnuts,Xuanyu Liu,9008261
2026-07-06T02:14:05.039961,2026-07-06T02:14:05.051130+00:00,163.4,200,bid,WavyWalnuts,YieldingYams,9008281
2026-07-06T02:14:07.632057,2026-07-06T02:14:07.635884+00:00,163.4,23,bid,Xuanyu Liu,YieldingYams,9008321
2026-07-06T02:14:07.721972,2026-07-06T02:14:07.729249+00:00,163.3,200,ask,WavyWalnuts,YieldingYams,9008323
2026-07-06T02:14:07.740017,2026-07-06T02:14:07.743708+00:00,163.3,11,bid,Xuanyu Liu,YieldingYams,9008325
2026-07-06T02:14:13.698771,2026-07-06T02:14:13.710276+00:00,163.2,20,ask,YieldingYams,BrilliantBurritos,9008397
2026-07-06T02:14:15.590765,2026-07-06T02:14:15.602195+00:00,163.5,200,bid,YieldingYams,WavyWalnuts,9008420
2026-07-06T02:14:18.234251,2026-07-06T02:14:18.238423+00:00,163.5,12,bid,Xuanyu Liu,YieldingYams,9008451
2026-07-06T02:14:19.032054,2026-07-06T02:14:19.039097+00:00,163.5,20,bid,BrilliantBurritos,YieldingYams,9008457
2026-07-06T02:14:19.544438,2026-07-06T02:14:19.548205+00:00,163.4,11,bid,Xuanyu Liu,YieldingYams,9008465
2026-07-06T02:14:19.552673,2026-07-06T02:14:19.563828+00:00,163.4,200,bid,WavyWalnuts,YieldingYams,9008466
2026-07-06T02:14:22.150636,2026-07-06T02:14:22.164110+00:00,163.5,200,bid,YieldingYams,WavyWalnuts,9008492
2026-07-06T02:14:25.620826,2026-07-06T02:14:25.624483+00:00,163.5,3,bid,Xuanyu Liu,WavyWalnuts,9008547
2026-07-06T02:14:26.583731,2026-07-06T02:14:26.587006+00:00,163.4,3,ask,YieldingYams,Xuanyu Liu,9008559
2026-07-06T02:14:28.720652,2026-07-06T02:14:28.723966+00:00,163.5,11,ask,YieldingYams,Xuanyu Liu,9008591
2026-07-06T02:14:29.689598,2026-07-06T02:14:29.693144+00:00,163.6,11,bid,Xuanyu Liu,AverageAlmonds,9008605
2026-07-06T02:14:30.449681,2026-07-06T02:14:30.463983+00:00,163.5,200,ask,YieldingYams,WavyWalnuts,9008615
2026-07-06T02:14:33.420207,2026-07-06T02:14:33.429605+00:00,163.5,200,ask,WavyWalnuts,AverageAlmonds,9008654
2026-07-06T02:14:37.702164,2026-07-06T02:14:37.710841+00:00,163.4,200,ask,YieldingYams,WavyWalnuts,9008723
2026-07-06T02:14:40.503713,2026-07-06T02:14:40.510957+00:00,163.5,200,ask,WavyWalnuts,YieldingYams,9008757
2026-07-06T02:14:40.522570,2026-07-06T02:14:40.526700+00:00,163.3,3,bid,Xuanyu Liu,YieldingYams,9008759
2026-07-06T02:14:41.326908,2026-07-06T02:14:41.334568+00:00,163.3,200,bid,WavyWalnuts,YieldingYams,9008771
2026-07-06T02:14:46.068128,2026-07-06T02:14:46.079724+00:00,163.0,20,ask,WavyWalnuts,BrilliantBurritos,9008836
2026-07-06T02:14:47.378308,2026-07-06T02:14:47.387868+00:00,163.1,200,bid,WavyWalnuts,YieldingYams,9008855
2026-07-06T02:14:48.387167,2026-07-06T02:14:48.395288+00:00,162.9,20,ask,AverageAlmonds,BrilliantBurritos,9008867
2026-07-06T02:14:48.592658,2026-07-06T02:14:48.600204+00:00,163.0,200,bid,WavyWalnuts,YieldingYams,9008871
2026-07-06T02:14:51.020519,2026-07-06T02:14:51.027042+00:00,162.8,500,ask,AverageAlmonds,YieldingYams,9008900
2026-07-06T02:14:51.027050,2026-07-06T02:14:51.037785+00:00,162.8,125,bid,WavyWalnuts,YieldingYams,9008901
2026-07-06T02:14:53.153488,2026-07-06T02:14:53.158583+00:00,163.1,20,bid,BrilliantBurritos,WavyWalnuts,9008917
2026-07-06T02:14:53.637264,2026-07-06T02:14:53.645340+00:00,163.0,200,bid,YieldingYams,WavyWalnuts,9008929
2026-07-06T02:14:56.256012,2026-07-06T02:14:56.258569+00:00,163.2,200,bid,YieldingYams,WavyWalnuts,9008960
2026-07-06T02:14:58.094747,2026-07-06T02:14:58.106676+00:00,163.3,20,bid,BrilliantBurritos,WavyWalnuts,9008977
2026-07-06T02:15:06.757240,2026-07-06T02:15:06.768987+00:00,163.1,200,bid,WavyWalnuts,AverageAlmonds,9009092
2026-07-06T02:15:09.153836,2026-07-06T02:15:09.168689+00:00,163.0,200,ask,WavyWalnuts,AverageAlmonds,9009121
2026-07-06T02:15:09.153836,2026-07-06T02:15:09.168689+00:00,163.0,300,ask,YieldingYams,AverageAlmonds,9009122
2026-07-06T02:15:09.195799,2026-07-06T02:15:09.205636+00:00,163.0,200,ask,YieldingYams,WavyWalnuts,9009126
2026-07-06T02:15:10.726478,2026-07-06T02:15:10.730719+00:00,162.9,3,bid,Xuanyu Liu,YieldingYams,9009147
2026-07-06T02:15:11.676831,2026-07-06T02:15:11.681549+00:00,162.8,3,ask,WavyWalnuts,Xuanyu Liu,9009161
2026-07-06T02:15:12.542846,2026-07-06T02:15:12.554642+00:00,162.8,20,ask,WavyWalnuts,BrilliantBurritos,9009172
2026-07-06T02:15:14.639184,2026-07-06T02:15:14.646129+00:00,162.9,200,bid,YieldingYams,WavyWalnuts,9009199
2026-07-06T02:15:15.242278,2026-07-06T02:15:15.258642+00:00,162.9,200,ask,YieldingYams,WavyWalnuts,9009203
2026-07-06T02:15:15.281696,2026-07-06T02:15:15.293270+00:00,163.2,20,bid,BrilliantBurritos,YieldingYams,9009204
2026-07-06T02:15:16.449232,2026-07-06T02:15:16.452976+00:00,162.8,200,ask,YieldingYams,WavyWalnuts,9009224
2026-07-06T02:15:17.652354,2026-07-06T02:15:17.658560+00:00,162.7,20,ask,YieldingYams,BrilliantBurritos,9009241
2026-07-06T02:15:18.403558,2026-07-06T02:15:18.415425+00:00,162.9,20,bid,BrilliantBurritos,WavyWalnuts,9009250
2026-07-06T02:15:19.181835,2026-07-06T02:15:19.194012+00:00,162.8,20,ask,YieldingYams,BrilliantBurritos,9009262
2026-07-06T02:15:24.491758,2026-07-06T02:15:24.499284+00:00,163.1,20,ask,YieldingYams,BrilliantBurritos,9009323
2026-07-06T02:15:26.444448,2026-07-06T02:15:26.458562+00:00,163.2,200,bid,YieldingYams,WavyWalnuts,9009349
2026-07-06T02:15:27.425330,2026-07-06T02:15:27.437197+00:00,163.2,20,ask,YieldingYams,BrilliantBurritos,9009357
2026-07-06T02:15:28.572631,2026-07-06T02:15:28.581727+00:00,163.2,200,ask,YieldingYams,WavyWalnuts,9009373
2026-07-06T02:15:28.975803,2026-07-06T02:15:28.987594+00:00,163.2,20,ask,YieldingYams,BrilliantBurritos,9009377
2026-07-06T02:15:30.988736,2026-07-06T02:15:30.997534+00:00,163.0,200,bid,WavyWalnuts,YieldingYams,9009394
2026-07-06T02:15:33.005839,2026-07-06T02:15:33.013544+00:00,163.2,200,bid,YieldingYams,WavyWalnuts,9009431
2026-07-06T02:15:36.246790,2026-07-06T02:15:36.250753+00:00,163.2,26,bid,Xuanyu Liu,YieldingYams,9009460
2026-07-06T02:15:36.280389,2026-07-06T02:15:36.292319+00:00,163.1,20,ask,AverageAlmonds,BrilliantBurritos,9009461
2026-07-06T02:15:38.276095,2026-07-06T02:15:38.279821+00:00,163.1,11,bid,Xuanyu Liu,YieldingYams,9009481
2026-07-06T02:15:40.194690,2026-07-06T02:15:40.206938+00:00,163.0,20,ask,WavyWalnuts,BrilliantBurritos,9009500
2026-07-06T02:15:40.698227,2026-07-06T02:15:40.705296+00:00,163.1,200,bid,WavyWalnuts,YieldingYams,9009508
2026-07-06T02:15:42.578542,2026-07-06T02:15:42.582764+00:00,163.1,23,ask,WavyWalnuts,Xuanyu Liu,9009529
2026-07-06T02:15:45.541086,2026-07-06T02:15:45.551075+00:00,163.1,200,bid,WavyWalnuts,YieldingYams,9009566
2026-07-06T02:15:46.079494,2026-07-06T02:15:46.104652+00:00,163.1,425,bid,AverageAlmonds,YieldingYams,9009575
2026-07-06T02:15:46.100987,2026-07-06T02:15:46.104652+00:00,163.1,14,ask,AverageAlmonds,Xuanyu Liu,9009578
2026-07-06T02:15:51.362979,2026-07-06T02:15:51.369732+00:00,162.9,200,ask,WavyWalnuts,YieldingYams,9009639
2026-07-06T02:15:51.590715,2026-07-06T02:15:51.599266+00:00,162.9,200,bid,WavyWalnuts,YieldingYams,9009645
2026-07-06T02:15:52.382346,2026-07-06T02:15:52.394064+00:00,162.7,20,ask,YieldingYams,BrilliantBurritos,9009656
2026-07-06T02:15:52.800100,2026-07-06T02:15:52.810238+00:00,162.9,200,ask,YieldingYams,WavyWalnuts,9009662
2026-07-06T02:15:55.215814,2026-07-06T02:15:55.226632+00:00,163.0,200,bid,WavyWalnuts,YieldingYams,9009686
2026-07-06T02:15:55.301875,2026-07-06T02:15:55.305646+00:00,163.0,14,ask,YieldingYams,Xuanyu Liu,9009692
2026-07-06T02:15:57.636308,2026-07-06T02:15:57.643441+00:00,163.0,200,ask,YieldingYams,WavyWalnuts,9009728
2026-07-06T02:16:04.480443,2026-07-06T02:16:04.488446+00:00,163.0,200,bid,YieldingYams,WavyWalnuts,9009809
2026-07-06T02:16:04.480443,2026-07-06T02:16:04.488446+00:00,163.0,425,bid,YieldingYams,AverageAlmonds,9009810
2026-07-06T02:16:09.784676,2026-07-06T02:16:09.793810+00:00,163.0,20,bid,BrilliantBurritos,YieldingYams,9009877
2026-07-06T02:16:14.270725,2026-07-06T02:16:14.274322+00:00,163.2,14,bid,Xuanyu Liu,WavyWalnuts,9009938
2026-07-06T02:16:18.906796,2026-07-06T02:16:18.914063+00:00,163.1,200,ask,WavyWalnuts,YieldingYams,9009995
2026-07-06T02:16:19.445972,2026-07-06T02:16:19.447143+00:00,163.1,200,bid,WavyWalnuts,YieldingYams,9010000
2026-07-06T02:16:20.611287,2026-07-06T02:16:20.615504+00:00,163.0,3,ask,YieldingYams,Xuanyu Liu,9010016
2026-07-06T02:16:20.668256,2026-07-06T02:16:20.672322+00:00,163.1,11,ask,WavyWalnuts,Xuanyu Liu,9010019
2026-07-06T02:16:21.805494,2026-07-06T02:16:21.812620+00:00,163.1,189,ask,WavyWalnuts,AverageAlmonds,9010034
2026-07-06T02:16:22.412633,2026-07-06T02:16:22.419950+00:00,163.0,500,ask,YieldingYams,AverageAlmonds,9010048
2026-07-06T02:16:22.842830,2026-07-06T02:16:22.849965+00:00,163.0,200,ask,WavyWalnuts,YieldingYams,9010052
2026-07-06T02:16:26.697031,2026-07-06T02:16:26.706612+00:00,162.9,200,bid,WavyWalnuts,YieldingYams,9010096
2026-07-06T02:16:28.093754,2026-07-06T02:16:28.104077+00:00,162.9,200,bid,YieldingYams,WavyWalnuts,9010109
2026-07-06T02:16:35.626800,2026-07-06T02:16:35.638565+00:00,162.6,20,ask,YieldingYams,BrilliantBurritos,9010210
2026-07-06T02:16:38.806589,2026-07-06T02:16:38.816550+00:00,162.6,200,bid,WavyWalnuts,YieldingYams,9010258
2026-07-06T02:16:39.921386,2026-07-06T02:16:39.925120+00:00,162.7,23,ask,YieldingYams,Xuanyu Liu,9010276
2026-07-06T02:16:41.222886,2026-07-06T02:16:41.233720+00:00,162.7,200,ask,WavyWalnuts,YieldingYams,9010296
2026-07-06T02:16:45.890191,2026-07-06T02:16:45.894001+00:00,162.8,23,bid,Xuanyu Liu,WavyWalnuts,9010355
2026-07-06T02:16:47.306818,2026-07-06T02:16:47.310812+00:00,162.7,11,bid,Xuanyu Liu,WavyWalnuts,9010384
2026-07-06T02:16:48.513385,2026-07-06T02:16:48.517170+00:00,162.6,3,bid,Xuanyu Liu,WavyWalnuts,9010393
2026-07-06T02:16:49.084788,2026-07-06T02:16:49.094674+00:00,162.6,197,bid,YieldingYams,WavyWalnuts,9010396
2026-07-06T02:16:55.647190,2026-07-06T02:16:55.655229+00:00,162.7,200,bid,YieldingYams,WavyWalnuts,9010462
2026-07-06T02:16:55.664660,2026-07-06T02:16:55.668928+00:00,162.8,3,ask,YieldingYams,Xuanyu Liu,9010464
2026-07-06T02:16:55.923579,2026-07-06T02:16:55.933929+00:00,162.8,20,ask,YieldingYams,BrilliantBurritos,9010472
2026-07-06T02:16:58.275208,2026-07-06T02:16:58.285211+00:00,162.7,500,ask,AverageAlmonds,YieldingYams,9010496
2026-07-06T02:16:58.723559,2026-07-06T02:16:58.731464+00:00,162.7,125,bid,AverageAlmonds,YieldingYams,9010504
2026-07-06T02:16:58.755251,2026-07-06T02:16:58.759286+00:00,162.7,11,ask,AverageAlmonds,Xuanyu Liu,9010506
2026-07-06T02:17:01.158757,2026-07-06T02:17:01.162833+00:00,162.8,12,ask,AverageAlmonds,Xuanyu Liu,9010536
2026-07-06T02:17:02.896066,2026-07-06T02:17:02.907936+00:00,163.0,20,bid,BrilliantBurritos,WavyWalnuts,9010556
2026-07-06T02:17:04.831315,2026-07-06T02:17:04.838773+00:00,163.0,500,ask,AverageAlmonds,YieldingYams,9010580
2026-07-06T02:17:05.377976,2026-07-06T02:17:05.388630+00:00,163.0,125,bid,AverageAlmonds,YieldingYams,9010586
2026-07-06T02:17:05.437638,2026-07-06T02:17:05.446388+00:00,163.0,200,ask,AverageAlmonds,WavyWalnuts,9010589
2026-07-06T02:17:06.646708,2026-07-06T02:17:06.656389+00:00,163.2,200,ask,YieldingYams,WavyWalnuts,9010606
2026-07-06T02:17:11.270430,2026-07-06T02:17:11.274415+00:00,163.1,11,ask,YieldingYams,Xuanyu Liu,9010662
2026-07-06T02:17:13.945174,2026-07-06T02:17:13.949101+00:00,163.2,12,ask,WavyWalnuts,Xuanyu Liu,9010697
2026-07-06T02:17:18.775663,2026-07-06T02:17:18.785576+00:00,163.2,200,bid,WavyWalnuts,YieldingYams,9010771
2026-07-06T02:17:25.492662,2026-07-06T02:17:25.503445+00:00,163.3,20,bid,BrilliantBurritos,YieldingYams,9010855
2026-07-06T02:17:27.128772,2026-07-06T02:17:27.136963+00:00,163.2,200,ask,WavyWalnuts,YieldingYams,9010880
2026-07-06T02:17:28.171043,2026-07-06T02:17:28.179118+00:00,163.0,20,ask,YieldingYams,BrilliantBurritos,9010895
2026-07-06T02:17:28.466230,2026-07-06T02:17:28.475117+00:00,163.1,200,ask,AverageAlmonds,WavyWalnuts,9010899
2026-07-06T02:17:31.435694,2026-07-06T02:17:31.444556+00:00,163.0,20,ask,WavyWalnuts,BrilliantBurritos,9010936
2026-07-06T02:17:32.648793,2026-07-06T02:17:32.658591+00:00,163.3,20,bid,BrilliantBurritos,WavyWalnuts,9010950
2026-07-06T02:17:33.716962,2026-07-06T02:17:33.728548+00:00,163.0,20,ask,AverageAlmonds,BrilliantBurritos,9010965
2026-07-06T02:17:42.865565,2026-07-06T02:17:42.874286+00:00,163.0,200,ask,WavyWalnuts,YieldingYams,9011092
2026-07-06T02:17:42.983451,2026-07-06T02:17:42.992095+00:00,163.0,200,bid,WavyWalnuts,YieldingYams,9011098
2026-07-06T02:17:45.495367,2026-07-06T02:17:45.514379+00:00,163.1,200,bid,YieldingYams,WavyWalnuts,9011131
2026-07-06T02:17:45.510611,2026-07-06T02:17:45.514379+00:00,163.2,11,ask,YieldingYams,Xuanyu Liu,9011133
2026-07-06T02:17:46.607759,2026-07-06T02:17:46.619440+00:00,163.2,200,ask,YieldingYams,WavyWalnuts,9011144
2026-07-06T02:17:49.564880,2026-07-06T02:17:49.574485+00:00,163.1,200,bid,AverageAlmonds,WavyWalnuts,9011187
2026-07-06T02:17:50.746833,2026-07-06T02:17:50.752270+00:00,163.1,500,ask,AverageAlmonds,YieldingYams,9011209
2026-07-06T02:17:52.001679,2026-07-06T02:17:52.012839+00:00,163.1,125,bid,AverageAlmonds,YieldingYams,9011222
2026-07-06T02:17:52.054253,2026-07-06T02:17:52.074489+00:00,163.2,200,bid,YieldingYams,WavyWalnuts,9011223
2026-07-06T02:17:52.070221,2026-07-06T02:17:52.074489+00:00,163.2,11,ask,YieldingYams,Xuanyu Liu,9011225
2026-07-06T02:17:52.651988,2026-07-06T02:17:52.658623+00:00,163.2,200,ask,YieldingYams,WavyWalnuts,9011234
2026-07-06T02:17:53.389360,2026-07-06T02:17:53.393673+00:00,163.4,11,bid,Xuanyu Liu,YieldingYams,9011244
2026-07-06T02:17:53.859438,2026-07-06T02:17:53.869433+00:00,163.2,200,ask,AverageAlmonds,WavyWalnuts,9011250
2026-07-06T02:17:55.080523,2026-07-06T02:17:55.084590+00:00,163.2,23,bid,Xuanyu Liu,WavyWalnuts,9011269
2026-07-06T02:17:55.616387,2026-07-06T02:17:55.623953+00:00,163.2,177,bid,AverageAlmonds,WavyWalnuts,9011274
2026-07-06T02:17:58.635428,2026-07-06T02:17:58.639221+00:00,163.3,12,ask,YieldingYams,Xuanyu Liu,9011320
2026-07-06T02:17:59.864504,2026-07-06T02:17:59.875962+00:00,163.4,200,bid,AverageAlmonds,WavyWalnuts,9011338
2026-07-06T02:17:59.885962,2026-07-06T02:17:59.889788+00:00,163.4,11,ask,AverageAlmonds,Xuanyu Liu,9011340
2026-07-06T02:18:02.578438,2026-07-06T02:18:02.582208+00:00,163.4,11,ask,YieldingYams,Xuanyu Liu,9011379
2026-07-06T02:18:04.453630,2026-07-06T02:18:04.463869+00:00,163.6,20,bid,BrilliantBurritos,WavyWalnuts,9011400
2026-07-06T02:18:05.187107,2026-07-06T02:18:05.195230+00:00,163.4,200,ask,WavyWalnuts,YieldingYams,9011407
2026-07-06T02:18:05.984798,2026-07-06T02:18:05.996562+00:00,163.4,200,bid,WavyWalnuts,YieldingYams,9011414
2026-07-06T02:18:07.404276,2026-07-06T02:18:07.416381+00:00,163.5,20,ask,AverageAlmonds,BrilliantBurritos,9011440
2026-07-06T02:18:08.136503,2026-07-06T02:18:08.140090+00:00,163.5,23,ask,AverageAlmonds,Xuanyu Liu,9011448
2026-07-06T02:18:13.065204,2026-07-06T02:18:13.068922+00:00,163.5,11,bid,Xuanyu Liu,YieldingYams,9011512
2026-07-06T02:18:14.365499,2026-07-06T02:18:14.373964+00:00,163.4,200,ask,WavyWalnuts,YieldingYams,9011529
2026-07-06T02:18:14.398076,2026-07-06T02:18:14.404855+00:00,163.4,425,bid,AverageAlmonds,YieldingYams,9011530
2026-07-06T02:18:14.479172,2026-07-06T02:18:14.482759+00:00,163.5,12,bid,Xuanyu Liu,WavyWalnuts,9011534
2026-07-06T02:18:15.673448,2026-07-06T02:18:15.680621+00:00,163.5,188,bid,YieldingYams,WavyWalnuts,9011552
2026-07-06T02:18:15.692959,2026-07-06T02:18:15.701523+00:00,163.6,200,ask,YieldingYams,WavyWalnuts,9011554
2026-07-06T02:18:17.610650,2026-07-06T02:18:17.614656+00:00,163.6,11,bid,Xuanyu Liu,YieldingYams,9011571
2026-07-06T02:18:22.539263,2026-07-06T02:18:22.550811+00:00,163.6,20,ask,WavyWalnuts,BrilliantBurritos,9011647
2026-07-06T02:18:26.164053,2026-07-06T02:18:26.184132+00:00,163.7,200,bid,YieldingYams,WavyWalnuts,9011686
2026-07-06T02:18:26.191863,2026-07-06T02:18:26.196140+00:00,163.7,11,ask,YieldingYams,Xuanyu Liu,9011691
2026-07-06T02:18:30.260940,2026-07-06T02:18:30.264828+00:00,163.8,11,bid,Xuanyu Liu,YieldingYams,9011747
2026-07-06T02:18:31.443289,2026-07-06T02:18:31.446985+00:00,163.7,11,bid,Xuanyu Liu,YieldingYams,9011767
2026-07-06T02:18:34.213799,2026-07-06T02:18:34.225725+00:00,163.8,20,bid,BrilliantBurritos,YieldingYams,9011801
2026-07-06T02:18:39.942708,2026-07-06T02:18:39.946384+00:00,163.7,12,bid,Xuanyu Liu,WavyWalnuts,9011865
2026-07-06T02:18:42.906935,2026-07-06T02:18:42.911286+00:00,163.8,23,bid,Xuanyu Liu,WavyWalnuts,9011915
2026-07-06T02:18:45.301557,2026-07-06T02:18:45.309732+00:00,163.6,500,bid,AverageAlmonds,YieldingYams,9011941
2026-07-06T02:18:45.895667,2026-07-06T02:18:45.905046+00:00,163.6,200,bid,AverageAlmonds,WavyWalnuts,9011951
2026-07-06T02:18:45.986867,2026-07-06T02:18:45.995501+00:00,163.6,200,ask,AverageAlmonds,WavyWalnuts,9011953
2026-07-06T02:18:47.198760,2026-07-06T02:18:47.209574+00:00,163.7,200,ask,AverageAlmonds,WavyWalnuts,9011972
2026-07-06T02:18:49.233979,2026-07-06T02:18:49.238309+00:00,163.8,14,bid,Xuanyu Liu,WavyWalnuts,9012002
2026-07-06T02:18:53.759578,2026-07-06T02:18:53.768849+00:00,163.8,200,bid,AverageAlmonds,WavyWalnuts,9012060
2026-07-06T02:18:53.912437,2026-07-06T02:18:53.924558+00:00,163.8,20,ask,AverageAlmonds,BrilliantBurritos,9012063
2026-07-06T02:18:54.363168,2026-07-06T02:18:54.374066+00:00,163.9,500,bid,AverageAlmonds,YieldingYams,9012072
2026-07-06T02:18:54.957353,2026-07-06T02:18:54.968678+00:00,163.9,125,bid,AverageAlmonds,YieldingYams,9012080
2026-07-06T02:18:54.957353,2026-07-06T02:18:54.968678+00:00,164.0,200,bid,AverageAlmonds,WavyWalnuts,9012081
2026-07-06T02:18:55.674881,2026-07-06T02:18:55.684953+00:00,164.1,200,ask,AverageAlmonds,WavyWalnuts,9012091
2026-07-06T02:18:59.210643,2026-07-06T02:18:59.221221+00:00,164.3,200,bid,AverageAlmonds,WavyWalnuts,9012132
2026-07-06T02:18:59.308959,2026-07-06T02:18:59.315651+00:00,164.3,200,ask,AverageAlmonds,WavyWalnuts,9012138
2026-07-06T02:19:01.544250,2026-07-06T02:19:01.558648+00:00,164.4,20,bid,BrilliantBurritos,YieldingYams,9012158
2026-07-06T02:19:01.596722,2026-07-06T02:19:01.608076+00:00,164.3,200,ask,WavyWalnuts,YieldingYams,9012161
2026-07-06T02:19:01.723579,2026-07-06T02:19:01.733523+00:00,164.3,200,bid,WavyWalnuts,YieldingYams,9012163
2026-07-06T02:19:01.932477,2026-07-06T02:19:01.936169+00:00,164.3,14,bid,Xuanyu Liu,YieldingYams,9012167
2026-07-06T02:19:04.216588,2026-07-06T02:19:04.225855+00:00,164.5,200,bid,YieldingYams,WavyWalnuts,9012198
2026-07-06T02:19:04.999827,2026-07-06T02:19:05.011482+00:00,164.5,20,ask,YieldingYams,BrilliantBurritos,9012213
2026-07-06T02:19:05.348698,2026-07-06T02:19:05.358552+00:00,164.5,200,ask,YieldingYams,WavyWalnuts,9012216
2026-07-06T02:19:05.545575,2026-07-06T02:19:05.549812+00:00,164.5,12,bid,Xuanyu Liu,YieldingYams,9012221
2026-07-06T02:19:07.764975,2026-07-06T02:19:07.775168+00:00,164.5,200,bid,WavyWalnuts,YieldingYams,9012256
2026-07-06T02:19:08.973748,2026-07-06T02:19:08.980547+00:00,164.5,200,bid,WavyWalnuts,YieldingYams,9012271
2026-07-06T02:19:10.187433,2026-07-06T02:19:10.197877+00:00,164.5,200,ask,YieldingYams,WavyWalnuts,9012283
2026-07-06T02:19:13.352539,2026-07-06T02:19:13.364165+00:00,164.5,20,ask,AverageAlmonds,BrilliantBurritos,9012325
2026-07-06T02:19:13.398364,2026-07-06T02:19:13.405437+00:00,164.5,480,ask,AverageAlmonds,YieldingYams,9012326
2026-07-06T02:19:13.730597,2026-07-06T02:19:13.737760+00:00,164.5,145,bid,AverageAlmonds,YieldingYams,9012332
2026-07-06T02:19:14.533317,2026-07-06T02:19:14.537659+00:00,164.8,11,bid,Xuanyu Liu,WavyWalnuts,9012345
2026-07-06T02:19:16.267196,2026-07-06T02:19:16.271295+00:00,164.7,12,bid,Xuanyu Liu,WavyWalnuts,9012378
2026-07-06T02:19:22.997111,2026-07-06T02:19:23.008968+00:00,164.4,20,ask,YieldingYams,BrilliantBurritos,9012453
2026-07-06T02:19:24.077014,2026-07-06T02:19:24.080647+00:00,164.4,23,ask,YieldingYams,Xuanyu Liu,9012473
2026-07-06T02:19:24.774658,2026-07-06T02:19:24.786383+00:00,164.4,200,ask,YieldingYams,WavyWalnuts,9012484
2026-07-06T02:19:27.060452,2026-07-06T02:19:27.071758+00:00,164.4,200,bid,AverageAlmonds,WavyWalnuts,9012506
2026-07-06T02:19:27.194479,2026-07-06T02:19:27.202215+00:00,164.4,200,ask,AverageAlmonds,WavyWalnuts,9012509
2026-07-06T02:19:29.133019,2026-07-06T02:19:29.151816+00:00,164.5,200,bid,YieldingYams,WavyWalnuts,9012525
2026-07-06T02:19:29.147861,2026-07-06T02:19:29.151816+00:00,164.6,12,ask,YieldingYams,Xuanyu Liu,9012527
2026-07-06T02:19:29.612609,2026-07-06T02:19:29.624476+00:00,164.6,200,ask,YieldingYams,WavyWalnuts,9012534
2026-07-06T02:19:30.141001,2026-07-06T02:19:30.158587+00:00,164.6,20,ask,YieldingYams,BrilliantBurritos,9012552
2026-07-06T02:19:32.336806,2026-07-06T02:19:32.348682+00:00,164.2,20,ask,YieldingYams,BrilliantBurritos,9012581
2026-07-06T02:19:34.952023,2026-07-06T02:19:34.960084+00:00,164.4,200,bid,AverageAlmonds,WavyWalnuts,9012616
2026-07-06T02:19:35.557242,2026-07-06T02:19:35.569011+00:00,164.5,500,bid,AverageAlmonds,YieldingYams,9012625
2026-07-06T02:19:35.693248,2026-07-06T02:19:35.714732+00:00,164.4,200,bid,YieldingYams,WavyWalnuts,9012627
2026-07-06T02:19:35.710509,2026-07-06T02:19:35.714732+00:00,164.6,11,ask,YieldingYams,Xuanyu Liu,9012629
2026-07-06T02:19:35.817844,2026-07-06T02:19:35.829564+00:00,164.6,20,ask,YieldingYams,BrilliantBurritos,9012631
2026-07-06T02:19:36.871007,2026-07-06T02:19:36.879636+00:00,164.6,200,ask,YieldingYams,WavyWalnuts,9012646
2026-07-06T02:19:38.097801,2026-07-06T02:19:38.101701+00:00,164.6,11,bid,Xuanyu Liu,WavyWalnuts,9012660
2026-07-06T02:19:38.334243,2026-07-06T02:19:38.337826+00:00,164.5,12,bid,Xuanyu Liu,YieldingYams,9012666
2026-07-06T02:19:39.236197,2026-07-06T02:19:39.247831+00:00,164.4,20,ask,WavyWalnuts,BrilliantBurritos,9012675
2026-07-06T02:19:43.057013,2026-07-06T02:19:43.060883+00:00,164.4,12,ask,WavyWalnuts,Xuanyu Liu,9012735
2026-07-06T02:19:44.348319,2026-07-06T02:19:44.363659+00:00,164.4,20,ask,WavyWalnuts,BrilliantBurritos,9012756
2026-07-06T02:19:45.347814,2026-07-06T02:19:45.358579+00:00,164.5,20,bid,BrilliantBurritos,YieldingYams,9012770
2026-07-06T02:19:50.130878,2026-07-06T02:19:50.138258+00:00,164.5,200,ask,WavyWalnuts,YieldingYams,9012836
2026-07-06T02:19:50.637744,2026-07-06T02:19:50.645784+00:00,164.4,20,ask,WavyWalnuts,BrilliantBurritos,9012847
2026-07-06T02:19:55.377858,2026-07-06T02:19:55.389055+00:00,164.5,200,ask,WavyWalnuts,YieldingYams,9012887
2026-07-06T02:20:04.733241,2026-07-06T02:20:04.737214+00:00,164.4,12,bid,Xuanyu Liu,WavyWalnuts,9013004
2026-07-06T02:20:08.505324,2026-07-06T02:20:08.512942+00:00,164.4,200,bid,YieldingYams,WavyWalnuts,9013055
2026-07-06T02:20:09.556342,2026-07-06T02:20:09.564178+00:00,164.4,200,ask,YieldingYams,WavyWalnuts,9013072
2026-07-06T02:20:10.185482,2026-07-06T02:20:10.197282+00:00,164.5,20,ask,YieldingYams,BrilliantBurritos,9013075
2026-07-06T02:20:10.764472,2026-07-06T02:20:10.774188+00:00,164.6,200,ask,AverageAlmonds,WavyWalnuts,9013089
2026-07-06T02:20:11.976120,2026-07-06T02:20:11.987885+00:00,164.6,200,ask,AverageAlmonds,WavyWalnuts,9013113
2026-07-06T02:20:13.106346,2026-07-06T02:20:13.115034+00:00,164.5,20,ask,AverageAlmonds,BrilliantBurritos,9013121
2026-07-06T02:20:13.699692,2026-07-06T02:20:13.708564+00:00,164.6,200,bid,AverageAlmonds,WavyWalnuts,9013129
2026-07-06T02:20:13.699692,2026-07-06T02:20:13.708564+00:00,164.7,300,bid,AverageAlmonds,YieldingYams,9013130
2026-07-06T02:20:14.396022,2026-07-06T02:20:14.407043+00:00,164.5,200,ask,YieldingYams,WavyWalnuts,9013141
2026-07-06T02:20:15.070440,2026-07-06T02:20:15.080329+00:00,164.6,500,ask,AverageAlmonds,YieldingYams,9013148
2026-07-06T02:20:15.498844,2026-07-06T02:20:15.508040+00:00,164.6,125,bid,AverageAlmonds,YieldingYams,9013152
2026-07-06T02:20:15.605338,2026-07-06T02:20:15.613600+00:00,164.7,200,ask,AverageAlmonds,WavyWalnuts,9013156
2026-07-06T02:20:16.816619,2026-07-06T02:20:16.823615+00:00,164.8,200,ask,YieldingYams,WavyWalnuts,9013165
2026-07-06T02:20:17.358372,2026-07-06T02:20:17.361961+00:00,164.9,12,ask,AverageAlmonds,Xuanyu Liu,9013170
2026-07-06T02:20:17.942734,2026-07-06T02:20:17.958579+00:00,165.0,500,bid,AverageAlmonds,YieldingYams,9013174
2026-07-06T02:20:18.029481,2026-07-06T02:20:18.038600+00:00,164.7,200,ask,YieldingYams,WavyWalnuts,9013176
2026-07-06T02:20:18.048059,2026-07-06T02:20:18.059717+00:00,165.0,20,bid,BrilliantBurritos,YieldingYams,9013178
2026-07-06T02:20:18.536529,2026-07-06T02:20:18.547491+00:00,165.0,105,bid,AverageAlmonds,YieldingYams,9013185
2026-07-06T02:20:18.668181,2026-07-06T02:20:18.680147+00:00,165.9,20,bid,BrilliantBurritos,AverageAlmonds,9013190
2026-07-06T02:20:19.237981,2026-07-06T02:20:19.245180+00:00,165.1,200,ask,AverageAlmonds,WavyWalnuts,9013200
2026-07-06T02:20:20.352962,2026-07-06T02:20:20.356320+00:00,165.3,500,bid,AverageAlmonds,YieldingYams,9013214
2026-07-06T02:20:20.449647,2026-07-06T02:20:20.458629+00:00,165.0,200,ask,YieldingYams,WavyWalnuts,9013219
2026-07-06T02:20:21.068602,2026-07-06T02:20:21.077006+00:00,165.3,20,bid,BrilliantBurritos,YieldingYams,9013229
2026-07-06T02:20:21.663019,2026-07-06T02:20:21.670009+00:00,165.2,200,ask,AverageAlmonds,WavyWalnuts,9013235
2026-07-06T02:20:22.873565,2026-07-06T02:20:22.884069+00:00,165.4,200,ask,AverageAlmonds,WavyWalnuts,9013243
2026-07-06T02:20:22.959604,2026-07-06T02:20:22.963416+00:00,165.5,11,ask,YieldingYams,Xuanyu Liu,9013246
2026-07-06T02:20:24.084057,2026-07-06T02:20:24.094460+00:00,165.5,200,ask,YieldingYams,WavyWalnuts,9013257
2026-07-06T02:20:24.165528,2026-07-06T02:20:24.169592+00:00,165.7,11,bid,Xuanyu Liu,YieldingYams,9013260
2026-07-06T02:20:24.267127,2026-07-06T02:20:24.270909+00:00,165.6,12,bid,Xuanyu Liu,YieldingYams,9013263
2026-07-06T02:20:25.204279,2026-07-06T02:20:25.211904+00:00,165.6,500,bid,AverageAlmonds,YieldingYams,9013278
2026-07-06T02:20:25.291770,2026-07-06T02:20:25.299533+00:00,165.3,200,ask,YieldingYams,WavyWalnuts,9013281
2026-07-06T02:20:25.650853,2026-07-06T02:20:25.657280+00:00,165.5,20,ask,YieldingYams,BrilliantBurritos,9013284
2026-07-06T02:20:26.500312,2026-07-06T02:20:26.507219+00:00,165.5,200,ask,YieldingYams,WavyWalnuts,9013294
2026-07-06T02:20:27.272794,2026-07-06T02:20:27.284061+00:00,165.4,20,ask,YieldingYams,BrilliantBurritos,9013305
2026-07-06T02:20:27.708592,2026-07-06T02:20:27.715976+00:00,165.5,200,ask,AverageAlmonds,WavyWalnuts,9013311
2026-07-06T02:20:28.467074,2026-07-06T02:20:28.478844+00:00,165.8,20,bid,BrilliantBurritos,YieldingYams,9013320
2026-07-06T02:20:28.917336,2026-07-06T02:20:28.928208+00:00,165.5,200,ask,YieldingYams,WavyWalnuts,9013326
2026-07-06T02:20:30.650527,2026-07-06T02:20:30.658618+00:00,165.6,200,bid,AverageAlmonds,WavyWalnuts,9013341
2026-07-06T02:20:32.115835,2026-07-06T02:20:32.127100+00:00,165.6,200,ask,WavyWalnuts,YieldingYams,9013360
2026-07-06T02:20:33.645272,2026-07-06T02:20:33.648892+00:00,165.5,12,ask,WavyWalnuts,Xuanyu Liu,9013380
2026-07-06T02:20:34.296558,2026-07-06T02:20:34.306223+00:00,165.7,500,bid,AverageAlmonds,YieldingYams,9013387
2026-07-06T02:20:34.734409,2026-07-06T02:20:34.741713+00:00,165.7,200,bid,YieldingYams,WavyWalnuts,9013394
2026-07-06T02:20:34.752280,2026-07-06T02:20:34.755885+00:00,165.7,14,ask,YieldingYams,Xuanyu Liu,9013396
2026-07-06T02:20:37.375110,2026-07-06T02:20:37.385879+00:00,165.7,200,ask,AverageAlmonds,WavyWalnuts,9013432
2026-07-06T02:20:40.359760,2026-07-06T02:20:40.369554+00:00,165.7,20,ask,WavyWalnuts,BrilliantBurritos,9013472
2026-07-06T02:20:41.894064,2026-07-06T02:20:41.906108+00:00,165.8,20,bid,BrilliantBurritos,WavyWalnuts,9013488
2026-07-06T02:20:42.157499,2026-07-06T02:20:42.164187+00:00,165.8,180,bid,AverageAlmonds,WavyWalnuts,9013495
2026-07-06T02:20:43.420149,2026-07-06T02:20:43.423859+00:00,165.9,3,ask,WavyWalnuts,Xuanyu Liu,9013516
2026-07-06T02:20:44.649081,2026-07-06T02:20:44.655273+00:00,166.0,11,ask,WavyWalnuts,Xuanyu Liu,9013533
2026-07-06T02:20:45.234517,2026-07-06T02:20:45.243476+00:00,166.0,189,ask,WavyWalnuts,YieldingYams,9013538
2026-07-06T02:20:45.828845,2026-07-06T02:20:45.838472+00:00,166.0,200,bid,WavyWalnuts,YieldingYams,9013544
2026-07-06T02:20:47.043737,2026-07-06T02:20:47.050466+00:00,166.0,200,ask,AverageAlmonds,WavyWalnuts,9013561
2026-07-06T02:20:48.211183,2026-07-06T02:20:48.218431+00:00,166.1,500,bid,AverageAlmonds,YieldingYams,9013572
2026-07-06T02:20:48.808148,2026-07-06T02:20:48.816161+00:00,166.1,125,bid,AverageAlmonds,YieldingYams,9013580
2026-07-06T02:20:48.808148,2026-07-06T02:20:48.821440+00:00,166.1,200,bid,AverageAlmonds,WavyWalnuts,9013581
2026-07-06T02:20:49.457068,2026-07-06T02:20:49.458637+00:00,166.2,200,ask,AverageAlmonds,WavyWalnuts,9013594
2026-07-06T02:20:50.669102,2026-07-06T02:20:50.680644+00:00,166.2,200,ask,YieldingYams,WavyWalnuts,9013606
2026-07-06T02:20:53.660111,2026-07-06T02:20:53.671656+00:00,166.1,200,bid,AverageAlmonds,WavyWalnuts,9013656
2026-07-06T02:20:54.304755,2026-07-06T02:20:54.312998+00:00,166.1,200,ask,AverageAlmonds,WavyWalnuts,9013663
2026-07-06T02:20:55.514318,2026-07-06T02:20:55.521111+00:00,166.1,200,ask,YieldingYams,WavyWalnuts,9013679
2026-07-06T02:20:57.892880,2026-07-06T02:20:57.896511+00:00,166.1,12,ask,AverageAlmonds,Xuanyu Liu,9013712
2026-07-06T02:20:58.333478,2026-07-06T02:20:58.340369+00:00,166.1,488,ask,AverageAlmonds,YieldingYams,9013722
2026-07-06T02:20:58.333478,2026-07-06T02:20:58.345639+00:00,166.1,137,ask,WavyWalnuts,YieldingYams,9013723
2026-07-06T02:20:59.640768,2026-07-06T02:20:59.651259+00:00,166.2,200,bid,YieldingYams,WavyWalnuts,9013741
2026-07-06T02:21:02.736225,2026-07-06T02:21:02.745943+00:00,166.3,20,bid,BrilliantBurritos,YieldingYams,9013775
2026-07-06T02:21:02.753586,2026-07-06T02:21:02.758584+00:00,166.3,200,bid,WavyWalnuts,YieldingYams,9013776
2026-07-06T02:21:03.963243,2026-07-06T02:21:03.974326+00:00,166.3,200,ask,AverageAlmonds,WavyWalnuts,9013793
2026-07-06T02:21:05.192965,2026-07-06T02:21:05.202924+00:00,166.4,200,ask,AverageAlmonds,WavyWalnuts,9013803
2026-07-06T02:21:06.405275,2026-07-06T02:21:06.413965+00:00,166.3,200,ask,AverageAlmonds,WavyWalnuts,9013821
2026-07-06T02:21:07.616434,2026-07-06T02:21:07.623116+00:00,166.3,200,ask,AverageAlmonds,WavyWalnuts,9013841
2026-07-06T02:21:10.771461,2026-07-06T02:21:10.783274+00:00,166.4,20,bid,BrilliantBurritos,WavyWalnuts,9013877
2026-07-06T02:21:11.824420,2026-07-06T02:21:11.835974+00:00,166.4,200,bid,AverageAlmonds,WavyWalnuts,9013892
2026-07-06T02:21:11.824420,2026-07-06T02:21:11.835974+00:00,166.4,300,bid,AverageAlmonds,YieldingYams,9013893
2026-07-06T02:21:12.419368,2026-07-06T02:21:12.428241+00:00,166.4,325,bid,AverageAlmonds,YieldingYams,9013903
2026-07-06T02:21:12.439214,2026-07-06T02:21:12.458588+00:00,167.3,20,bid,BrilliantBurritos,AverageAlmonds,9013904
2026-07-06T02:21:12.466175,2026-07-06T02:21:12.474291+00:00,166.4,175,ask,AverageAlmonds,WavyWalnuts,9013906
2026-07-06T02:21:12.745101,2026-07-06T02:21:12.758607+00:00,166.3,25,bid,YieldingYams,WavyWalnuts,9013909
2026-07-06T02:21:17.283210,2026-07-06T02:21:17.295623+00:00,166.5,200,bid,AverageAlmonds,WavyWalnuts,9013951
2026-07-06T02:21:18.017966,2026-07-06T02:21:18.029192+00:00,166.5,500,ask,AverageAlmonds,YieldingYams,9013960
2026-07-06T02:21:18.479739,2026-07-06T02:21:18.488271+00:00,166.5,125,bid,AverageAlmonds,YieldingYams,9013968
2026-07-06T02:21:18.581808,2026-07-06T02:21:18.593606+00:00,166.7,20,bid,BrilliantBurritos,WavyWalnuts,9013974
2026-07-06T02:21:19.693772,2026-07-06T02:21:19.700154+00:00,166.7,180,bid,AverageAlmonds,WavyWalnuts,9013988
2026-07-06T02:21:19.751160,2026-07-06T02:21:19.759659+00:00,166.7,200,ask,AverageAlmonds,WavyWalnuts,9013990
2026-07-06T02:21:21.153737,2026-07-06T02:21:21.157505+00:00,166.8,12,bid,Xuanyu Liu,WavyWalnuts,9013999
2026-07-06T02:21:22.186473,2026-07-06T02:21:22.190559+00:00,166.7,11,bid,Xuanyu Liu,WavyWalnuts,9014021
2026-07-06T02:21:25.139296,2026-07-06T02:21:25.162074+00:00,166.7,200,bid,AverageAlmonds,WavyWalnuts,9014057
2026-07-06T02:21:25.158116,2026-07-06T02:21:25.162074+00:00,166.7,11,ask,AverageAlmonds,Xuanyu Liu,9014059
2026-07-06T02:21:27.112065,2026-07-06T02:21:27.123957+00:00,166.7,20,ask,AverageAlmonds,BrilliantBurritos,9014086
2026-07-06T02:21:28.506824,2026-07-06T02:21:28.516213+00:00,166.8,200,bid,YieldingYams,WavyWalnuts,9014108
2026-07-06T02:21:33.846060,2026-07-06T02:21:33.849916+00:00,166.9,12,ask,WavyWalnuts,Xuanyu Liu,9014184
2026-07-06T02:21:36.890912,2026-07-06T02:21:36.899382+00:00,167.0,20,bid,BrilliantBurritos,YieldingYams,9014213
2026-07-06T02:21:39.034261,2026-07-06T02:21:39.046124+00:00,166.7,20,ask,WavyWalnuts,BrilliantBurritos,9014234
2026-07-06T02:21:40.328807,2026-07-06T02:21:40.336020+00:00,167.0,200,bid,WavyWalnuts,YieldingYams,9014261
2026-07-06T02:21:41.381026,2026-07-06T02:21:41.392902+00:00,166.7,20,ask,YieldingYams,BrilliantBurritos,9014267
2026-07-06T02:21:43.277031,2026-07-06T02:21:43.280876+00:00,166.9,12,bid,Xuanyu Liu,YieldingYams,9014286
2026-07-06T02:21:46.877954,2026-07-06T02:21:46.889002+00:00,166.8,200,ask,WavyWalnuts,YieldingYams,9014324
2026-07-06T02:21:47.665990,2026-07-06T02:21:47.674368+00:00,166.8,200,bid,WavyWalnuts,YieldingYams,9014339
2026-07-06T02:21:49.517974,2026-07-06T02:21:49.521649+00:00,166.9,11,bid,Xuanyu Liu,YieldingYams,9014366
2026-07-06T02:21:50.876225,2026-07-06T02:21:50.888127+00:00,166.8,20,ask,WavyWalnuts,BrilliantBurritos,9014378
2026-07-06T02:21:53.426786,2026-07-06T02:21:53.438643+00:00,167.1,200,bid,YieldingYams,WavyWalnuts,9014415
2026-07-06T02:21:53.610215,2026-07-06T02:21:53.617263+00:00,167.1,425,ask,YieldingYams,AverageAlmonds,9014418
2026-07-06T02:21:54.740218,2026-07-06T02:21:54.748583+00:00,167.0,200,ask,WavyWalnuts,YieldingYams,9014428
2026-07-06T02:21:54.760380,2026-07-06T02:21:54.764663+00:00,166.8,3,bid,Xuanyu Liu,YieldingYams,9014430
2026-07-06T02:21:54.933324,2026-07-06T02:21:54.941560+00:00,166.8,200,bid,WavyWalnuts,YieldingYams,9014431
2026-07-06T02:21:57.391124,2026-07-06T02:21:57.395342+00:00,166.9,3,ask,YieldingYams,Xuanyu Liu,9014471
2026-07-06T02:21:57.867556,2026-07-06T02:21:57.875246+00:00,166.9,20,ask,YieldingYams,BrilliantBurritos,9014477
2026-07-06T02:21:58.688158,2026-07-06T02:21:58.724201+00:00,167.0,200,bid,YieldingYams,WavyWalnuts,9014488
2026-07-06T02:21:58.720089,2026-07-06T02:21:58.724201+00:00,167.0,11,ask,YieldingYams,Xuanyu Liu,9014491
2026-07-06T02:21:59.071235,2026-07-06T02:21:59.079585+00:00,167.0,20,ask,YieldingYams,BrilliantBurritos,9014495
2026-07-06T02:21:59.098478,2026-07-06T02:21:59.101695+00:00,167.2,11,bid,Xuanyu Liu,YieldingYams,9014497
2026-07-06T02:21:59.681394,2026-07-06T02:21:59.685597+00:00,167.1,3,bid,Xuanyu Liu,AverageAlmonds,9014505
2026-07-06T02:22:00.576742,2026-07-06T02:22:00.588586+00:00,167.0,20,ask,YieldingYams,BrilliantBurritos,9014517
2026-07-06T02:22:03.137773,2026-07-06T02:22:03.149323+00:00,166.9,20,ask,YieldingYams,BrilliantBurritos,9014541
2026-07-06T02:22:08.260089,2026-07-06T02:22:08.269025+00:00,167.0,200,bid,WavyWalnuts,AverageAlmonds,9014610
2026-07-06T02:22:08.565027,2026-07-06T02:22:08.569311+00:00,166.9,14,ask,YieldingYams,Xuanyu Liu,9014615
2026-07-06T02:22:15.744006,2026-07-06T02:22:15.765009+00:00,166.8,200,ask,WavyWalnuts,YieldingYams,9014686
2026-07-06T02:22:15.761290,2026-07-06T02:22:15.765009+00:00,166.6,14,bid,Xuanyu Liu,YieldingYams,9014688
2026-07-06T02:22:16.719492,2026-07-06T02:22:16.729272+00:00,166.6,200,bid,WavyWalnuts,YieldingYams,9014706
2026-07-06T02:22:18.938514,2026-07-06T02:22:18.947065+00:00,166.9,20,bid,BrilliantBurritos,WavyWalnuts,9014732
2026-07-06T02:22:20.224638,2026-07-06T02:22:20.232352+00:00,166.8,500,ask,YieldingYams,AverageAlmonds,9014751
2026-07-06T02:22:20.814216,2026-07-06T02:22:20.824412+00:00,166.8,125,ask,YieldingYams,AverageAlmonds,9014760
2026-07-06T02:22:21.676048,2026-07-06T02:22:21.684897+00:00,166.6,20,ask,WavyWalnuts,BrilliantBurritos,9014771
2026-07-06T02:22:26.392744,2026-07-06T02:22:26.399466+00:00,166.6,200,bid,WavyWalnuts,YieldingYams,9014828
2026-07-06T02:22:27.546596,2026-07-06T02:22:27.554495+00:00,166.7,500,bid,YieldingYams,AverageAlmonds,9014845
2026-07-06T02:22:27.560184,2026-07-06T02:22:27.563707+00:00,166.8,3,ask,YieldingYams,Xuanyu Liu,9014847
2026-07-06T02:22:27.605997,2026-07-06T02:22:27.615723+00:00,166.8,122,ask,YieldingYams,WavyWalnuts,9014849
2026-07-06T02:22:28.834324,2026-07-06T02:22:28.843516+00:00,166.5,200,bid,WavyWalnuts,AverageAlmonds,9014859
2026-07-06T02:22:28.856528,2026-07-06T02:22:28.864330+00:00,166.5,300,bid,YieldingYams,AverageAlmonds,9014861
2026-07-06T02:22:29.311379,2026-07-06T02:22:29.321950+00:00,166.5,325,ask,YieldingYams,AverageAlmonds,9014871
2026-07-06T02:22:30.722768,2026-07-06T02:22:30.726544+00:00,166.6,3,bid,Xuanyu Liu,YieldingYams,9014888
2026-07-06T02:22:34.099822,2026-07-06T02:22:34.103974+00:00,166.5,3,ask,YieldingYams,Xuanyu Liu,9014927
2026-07-06T02:22:34.127440,2026-07-06T02:22:34.135389+00:00,166.5,500,ask,YieldingYams,AverageAlmonds,9014928
2026-07-06T02:22:34.726471,2026-07-06T02:22:34.733238+00:00,166.5,122,ask,YieldingYams,AverageAlmonds,9014936
2026-07-06T02:22:36.566000,2026-07-06T02:22:36.576049+00:00,166.4,200,ask,WavyWalnuts,AverageAlmonds,9014959
2026-07-06T02:22:37.642847,2026-07-06T02:22:37.658564+00:00,166.3,20,ask,WavyWalnuts,BrilliantBurritos,9014974
2026-07-06T02:22:37.770322,2026-07-06T02:22:37.780459+00:00,166.3,180,ask,WavyWalnuts,AverageAlmonds,9014975
2026-07-06T02:22:38.016464,2026-07-06T02:22:38.023957+00:00,166.3,320,bid,YieldingYams,AverageAlmonds,9014977
2026-07-06T02:22:38.366682,2026-07-06T02:22:38.374126+00:00,166.3,305,ask,YieldingYams,AverageAlmonds,9014986
2026-07-06T02:22:38.503696,2026-07-06T02:22:38.513471+00:00,166.2,195,bid,WavyWalnuts,AverageAlmonds,9014989
2026-07-06T02:22:38.972488,2026-07-06T02:22:38.982422+00:00,166.2,5,ask,WavyWalnuts,AverageAlmonds,9014993
2026-07-06T02:22:39.710671,2026-07-06T02:22:39.717661+00:00,166.1,200,bid,WavyWalnuts,AverageAlmonds,9015000
2026-07-06T02:22:40.205966,2026-07-06T02:22:40.209481+00:00,166.0,11,ask,YieldingYams,Xuanyu Liu,9015006
2026-07-06T02:22:40.917672,2026-07-06T02:22:40.927802+00:00,166.2,200,bid,WavyWalnuts,YieldingYams,9015016
2026-07-06T02:22:41.955053,2026-07-06T02:22:41.959101+00:00,166.1,12,ask,YieldingYams,Xuanyu Liu,9015026
2026-07-06T02:22:43.216226,2026-07-06T02:22:43.230513+00:00,166.1,500,ask,YieldingYams,AverageAlmonds,9015042
2026-07-06T02:22:43.813962,2026-07-06T02:22:43.822735+00:00,166.1,200,ask,WavyWalnuts,AverageAlmonds,9015053
2026-07-06T02:22:44.537324,2026-07-06T02:22:44.547336+00:00,166.0,200,bid,WavyWalnuts,AverageAlmonds,9015070
2026-07-06T02:22:45.026360,2026-07-06T02:22:45.037589+00:00,165.9,500,ask,YieldingYams,AverageAlmonds,9015076
2026-07-06T02:22:45.249365,2026-07-06T02:22:45.258596+00:00,165.9,20,ask,YieldingYams,BrilliantBurritos,9015080
2026-07-06T02:22:45.624710,2026-07-06T02:22:45.632262+00:00,165.9,105,ask,YieldingYams,AverageAlmonds,9015084
2026-07-06T02:22:45.746163,2026-07-06T02:22:45.754327+00:00,165.9,200,bid,WavyWalnuts,AverageAlmonds,9015089
2026-07-06T02:22:46.587781,2026-07-06T02:22:46.591441+00:00,165.8,12,bid,Xuanyu Liu,YieldingYams,9015102
2026-07-06T02:22:46.865985,2026-07-06T02:22:46.871055+00:00,165.7,11,bid,Xuanyu Liu,AverageAlmonds,9015109
2026-07-06T02:22:46.957357,2026-07-06T02:22:46.968642+00:00,165.7,200,bid,WavyWalnuts,AverageAlmonds,9015112
