timestamp,recv_time,price,volume,aggressor_side,buyer,seller,trade_id
2026-07-07T14:00:03.335988,2026-07-07T14:00:03.346278+00:00,149.8,11,bid,,,10943165
2026-07-07T14:00:04.752559,2026-07-07T14:00:04.758619+00:00,149.8,200,ask,,,10943191
2026-07-07T14:00:04.817200,2026-07-07T14:00:04.821060+00:00,149.8,11,bid,,,10943194
2026-07-07T14:00:06.124082,2026-07-07T14:00:06.134959+00:00,149.9,12,bid,,,10943225
2026-07-07T14:00:07.171806,2026-07-07T14:00:07.183402+00:00,149.9,20,bid,,,10943245
2026-07-07T14:00:08.835998,2026-07-07T14:00:08.840129+00:00,150.0,12,bid,,,10943281
2026-07-07T14:00:09.605848,2026-07-07T14:00:09.610200+00:00,149.9,11,bid,,,10943292
2026-07-07T14:00:10.780427,2026-07-07T14:00:10.790271+00:00,149.8,200,ask,,,10943317
2026-07-07T14:00:10.780427,2026-07-07T14:00:10.790271+00:00,149.8,300,ask,,,10943318
2026-07-07T14:00:11.381679,2026-07-07T14:00:11.407680+00:00,149.8,200,ask,,,10943329
2026-07-07T14:00:11.403295,2026-07-07T14:00:11.407680+00:00,149.8,23,bid,,,10943331
2026-07-07T14:00:11.991157,2026-07-07T14:00:12.000650+00:00,149.7,500,ask,,,10943335
2026-07-07T14:00:12.579244,2026-07-07T14:00:12.586219+00:00,149.8,200,ask,,,10943364
2026-07-07T14:00:12.579244,2026-07-07T14:00:12.591253+00:00,149.7,125,ask,,,10943365
2026-07-07T14:00:12.605073,2026-07-07T14:00:12.608861+00:00,149.7,3,bid,,,10943369
2026-07-07T14:00:12.716644,2026-07-07T14:00:12.727639+00:00,149.7,12,bid,,,10943371
2026-07-07T14:00:13.250089,2026-07-07T14:00:13.258600+00:00,149.7,12,bid,,,10943394
2026-07-07T14:00:13.815450,2026-07-07T14:00:13.824891+00:00,149.7,12,bid,,,10943403
2026-07-07T14:00:14.366291,2026-07-07T14:00:14.370578+00:00,149.6,26,ask,,,10943415
2026-07-07T14:00:14.594142,2026-07-07T14:00:14.604923+00:00,149.6,12,ask,,,10943423
2026-07-07T14:00:15.250881,2026-07-07T14:00:15.268214+00:00,149.7,500,bid,,,10943440
2026-07-07T14:00:15.264523,2026-07-07T14:00:15.268214+00:00,149.7,11,ask,,,10943442
2026-07-07T14:00:15.624778,2026-07-07T14:00:15.633333+00:00,149.7,114,ask,,,10943451
2026-07-07T14:00:16.647772,2026-07-07T14:00:16.658630+00:00,149.5,12,ask,,,10943474
2026-07-07T14:00:17.447829,2026-07-07T14:00:17.452250+00:00,149.6,20,bid,,,10943490
2026-07-07T14:00:17.871823,2026-07-07T14:00:17.883527+00:00,149.6,200,bid,,,10943494
2026-07-07T14:00:18.245191,2026-07-07T14:00:18.253382+00:00,149.6,200,ask,,,10943500
2026-07-07T14:00:18.675177,2026-07-07T14:00:18.686994+00:00,149.6,12,ask,,,10943508
2026-07-07T14:00:20.946321,2026-07-07T14:00:20.957881+00:00,149.3,12,ask,,,10943541
2026-07-07T14:00:21.801144,2026-07-07T14:00:21.810339+00:00,149.5,200,bid,,,10943562
2026-07-07T14:00:21.871063,2026-07-07T14:00:21.879381+00:00,149.5,200,ask,,,10943565
2026-07-07T14:00:23.218086,2026-07-07T14:00:23.228693+00:00,149.5,12,ask,,,10943596
2026-07-07T14:00:23.508843,2026-07-07T14:00:23.512823+00:00,149.6,12,ask,,,10943600
2026-07-07T14:00:25.026585,2026-07-07T14:00:25.034875+00:00,149.6,12,ask,,,10943625
2026-07-07T14:00:25.296066,2026-07-07T14:00:25.307385+00:00,149.7,200,bid,,,10943628
2026-07-07T14:00:25.296066,2026-07-07T14:00:25.307385+00:00,149.7,300,bid,,,10943629
2026-07-07T14:00:26.503819,2026-07-07T14:00:26.511684+00:00,149.7,200,bid,,,10943654
2026-07-07T14:00:26.503819,2026-07-07T14:00:26.517249+00:00,149.7,300,bid,,,10943655
2026-07-07T14:00:27.096081,2026-07-07T14:00:27.105340+00:00,149.8,200,bid,,,10943669
2026-07-07T14:00:27.096081,2026-07-07T14:00:27.105340+00:00,149.8,300,bid,,,10943670
2026-07-07T14:00:27.732202,2026-07-07T14:00:27.742390+00:00,149.8,325,bid,,,10943676
2026-07-07T14:00:27.941487,2026-07-07T14:00:27.958632+00:00,149.8,175,ask,,,10943682
2026-07-07T14:00:28.344132,2026-07-07T14:00:28.354781+00:00,149.8,25,bid,,,10943695
2026-07-07T14:00:29.712159,2026-07-07T14:00:29.738408+00:00,150.0,200,bid,,,10943718
2026-07-07T14:00:29.734334,2026-07-07T14:00:29.738408+00:00,150.0,11,ask,,,10943722
2026-07-07T14:00:30.831671,2026-07-07T14:00:30.840159+00:00,150.0,20,ask,,,10943749
2026-07-07T14:00:31.023816,2026-07-07T14:00:31.034337+00:00,150.0,500,ask,,,10943755
2026-07-07T14:00:31.023816,2026-07-07T14:00:31.034337+00:00,149.9,125,ask,,,10943756
2026-07-07T14:00:31.581999,2026-07-07T14:00:31.593041+00:00,150.0,200,ask,,,10943769
2026-07-07T14:00:32.791911,2026-07-07T14:00:32.803410+00:00,150.1,200,bid,,,10943783
2026-07-07T14:00:34.228922,2026-07-07T14:00:34.233126+00:00,150.0,11,ask,,,10943807
2026-07-07T14:00:34.408135,2026-07-07T14:00:34.419612+00:00,150.1,500,bid,,,10943808
2026-07-07T14:00:34.960517,2026-07-07T14:00:34.979255+00:00,150.3,200,bid,,,10943815
2026-07-07T14:00:34.975206,2026-07-07T14:00:34.979255+00:00,150.3,29,ask,,,10943817
2026-07-07T14:00:36.423422,2026-07-07T14:00:36.435069+00:00,150.3,200,bid,,,10943837
2026-07-07T14:00:40.208471,2026-07-07T14:00:40.215045+00:00,150.4,200,bid,,,10943906
2026-07-07T14:00:41.263391,2026-07-07T14:00:41.274272+00:00,150.4,200,ask,,,10943922
2026-07-07T14:00:42.490870,2026-07-07T14:00:42.499847+00:00,150.3,200,bid,,,10943947
2026-07-07T14:00:42.885601,2026-07-07T14:00:42.892252+00:00,150.3,500,bid,,,10943953
2026-07-07T14:00:43.509189,2026-07-07T14:00:43.529625+00:00,150.3,20,bid,,,10943966
2026-07-07T14:00:43.699740,2026-07-07T14:00:43.706440+00:00,150.3,105,bid,,,10943972
2026-07-07T14:00:46.862244,2026-07-07T14:00:46.873630+00:00,150.4,20,bid,,,10944023
2026-07-07T14:00:47.336037,2026-07-07T14:00:47.342988+00:00,150.4,200,bid,,,10944033
2026-07-07T14:00:53.333270,2026-07-07T14:00:53.341319+00:00,150.5,200,bid,,,10944134
2026-07-07T14:00:54.659523,2026-07-07T14:00:54.666622+00:00,150.5,200,ask,,,10944146
2026-07-07T14:00:55.971597,2026-07-07T14:00:55.979793+00:00,150.5,500,bid,,,10944173
2026-07-07T14:00:55.971597,2026-07-07T14:00:55.985026+00:00,150.5,125,bid,,,10944174
2026-07-07T14:00:58.590349,2026-07-07T14:00:58.598732+00:00,150.3,200,ask,,,10944225
2026-07-07T14:00:58.748051,2026-07-07T14:00:58.755668+00:00,150.3,20,bid,,,10944232
2026-07-07T14:01:01.212017,2026-07-07T14:01:01.220215+00:00,150.2,200,ask,,,10944270
2026-07-07T14:01:03.079801,2026-07-07T14:01:03.089108+00:00,150.3,200,bid,,,10944299
2026-07-07T14:01:08.712325,2026-07-07T14:01:08.723766+00:00,150.5,20,bid,,,10944389
2026-07-07T14:01:13.955154,2026-07-07T14:01:13.968970+00:00,150.6,20,bid,,,10944458
2026-07-07T14:01:13.981850,2026-07-07T14:01:13.991888+00:00,150.6,200,bid,,,10944459
2026-07-07T14:01:14.464557,2026-07-07T14:01:14.468409+00:00,150.7,6,bid,,,10944468
2026-07-07T14:01:17.736286,2026-07-07T14:01:17.751911+00:00,150.8,12,bid,,,10944536
2026-07-07T14:01:17.747752,2026-07-07T14:01:17.751911+00:00,150.8,11,bid,,,10944538
2026-07-07T14:01:17.991275,2026-07-07T14:01:18.001366+00:00,150.6,11,ask,,,10944541
2026-07-07T14:01:18.857881,2026-07-07T14:01:18.862284+00:00,150.7,1,bid,,,10944556
2026-07-07T14:01:21.256226,2026-07-07T14:01:21.258624+00:00,150.6,200,ask,,,10944586
2026-07-07T14:01:28.547403,2026-07-07T14:01:28.554992+00:00,150.6,200,bid,,,10944719
2026-07-07T14:01:30.048220,2026-07-07T14:01:30.058603+00:00,150.6,20,bid,,,10944740
2026-07-07T14:01:30.289232,2026-07-07T14:01:30.292833+00:00,150.6,11,bid,,,10944745
2026-07-07T14:01:32.195383,2026-07-07T14:01:32.199947+00:00,150.5,11,bid,,,10944770
2026-07-07T14:01:34.983242,2026-07-07T14:01:34.992200+00:00,150.5,500,bid,,,10944825
2026-07-07T14:01:35.342104,2026-07-07T14:01:35.350368+00:00,150.5,200,bid,,,10944831
2026-07-07T14:01:37.993719,2026-07-07T14:01:38.000784+00:00,150.6,200,bid,,,10944876
2026-07-07T14:01:38.238761,2026-07-07T14:01:38.246414+00:00,150.6,200,ask,,,10944881
2026-07-07T14:01:39.200023,2026-07-07T14:01:39.210741+00:00,150.7,500,bid,,,10944900
2026-07-07T14:01:39.449516,2026-07-07T14:01:39.457017+00:00,150.7,200,ask,,,10944906
2026-07-07T14:01:42.863058,2026-07-07T14:01:42.869970+00:00,150.6,20,ask,,,10944958
2026-07-07T14:01:43.084296,2026-07-07T14:01:43.095825+00:00,150.7,200,bid,,,10944964
2026-07-07T14:01:45.334416,2026-07-07T14:01:45.344918+00:00,150.7,20,bid,,,10945002
2026-07-07T14:01:45.506728,2026-07-07T14:01:45.517802+00:00,150.7,200,bid,,,10945006
2026-07-07T14:01:47.101098,2026-07-07T14:01:47.111707+00:00,150.7,200,bid,,,10945029
2026-07-07T14:01:48.389098,2026-07-07T14:01:48.400839+00:00,150.9,20,bid,,,10945050
2026-07-07T14:01:48.972874,2026-07-07T14:01:48.980754+00:00,150.8,20,ask,,,10945056
2026-07-07T14:01:51.017732,2026-07-07T14:01:51.029758+00:00,150.8,20,ask,,,10945090
2026-07-07T14:01:52.490913,2026-07-07T14:01:52.495622+00:00,150.8,34,ask,,,10945122
2026-07-07T14:01:52.785602,2026-07-07T14:01:52.790266+00:00,150.9,6,ask,,,10945130
2026-07-07T14:01:53.299530,2026-07-07T14:01:53.311323+00:00,151.0,20,bid,,,10945133
2026-07-07T14:01:55.038711,2026-07-07T14:01:55.050653+00:00,151.0,200,bid,,,10945165
2026-07-07T14:01:55.189562,2026-07-07T14:01:55.200737+00:00,151.2,200,ask,,,10945166
2026-07-07T14:01:59.101087,2026-07-07T14:01:59.112534+00:00,151.1,20,bid,,,10945223
2026-07-07T14:02:01.597660,2026-07-07T14:02:01.609125+00:00,151.0,200,ask,,,10945276
2026-07-07T14:02:02.245000,2026-07-07T14:02:02.252717+00:00,151.0,20,bid,,,10945292
2026-07-07T14:02:07.308611,2026-07-07T14:02:07.316477+00:00,151.0,200,ask,,,10945354
2026-07-07T14:02:13.128093,2026-07-07T14:02:13.143790+00:00,151.1,500,bid,,,10945433
2026-07-07T14:02:14.336503,2026-07-07T14:02:14.345799+00:00,151.3,200,bid,,,10945458
2026-07-07T14:02:14.336503,2026-07-07T14:02:14.345799+00:00,151.3,300,bid,,,10945459
2026-07-07T14:02:14.782321,2026-07-07T14:02:14.789369+00:00,151.3,200,bid,,,10945471
2026-07-07T14:02:16.377863,2026-07-07T14:02:16.385953+00:00,151.5,20,bid,,,10945498
2026-07-07T14:02:17.008119,2026-07-07T14:02:17.017334+00:00,151.3,200,ask,,,10945504
2026-07-07T14:02:18.218548,2026-07-07T14:02:18.225516+00:00,151.5,200,ask,,,10945524
2026-07-07T14:02:18.765785,2026-07-07T14:02:18.770776+00:00,151.6,6,bid,,,10945535
2026-07-07T14:02:19.249062,2026-07-07T14:02:19.260866+00:00,151.6,20,bid,,,10945546
2026-07-07T14:02:20.638528,2026-07-07T14:02:20.647138+00:00,151.3,200,ask,,,10945569
2026-07-07T14:02:21.374591,2026-07-07T14:02:21.378752+00:00,151.5,6,ask,,,10945582
2026-07-07T14:02:21.846663,2026-07-07T14:02:21.854571+00:00,151.5,200,ask,,,10945589
2026-07-07T14:02:28.886332,2026-07-07T14:02:28.895061+00:00,151.3,200,bid,,,10945673
2026-07-07T14:02:29.245942,2026-07-07T14:02:29.258543+00:00,151.4,20,bid,,,10945675
2026-07-07T14:02:31.301647,2026-07-07T14:02:31.309861+00:00,151.4,200,bid,,,10945701
2026-07-07T14:02:31.705397,2026-07-07T14:02:31.713601+00:00,151.5,20,bid,,,10945710
2026-07-07T14:02:31.922975,2026-07-07T14:02:31.934110+00:00,151.4,500,ask,,,10945714
2026-07-07T14:02:32.734246,2026-07-07T14:02:32.745734+00:00,151.4,125,bid,,,10945733
2026-07-07T14:02:34.614976,2026-07-07T14:02:34.623859+00:00,151.5,20,ask,,,10945756
2026-07-07T14:02:37.217376,2026-07-07T14:02:37.226186+00:00,151.7,200,bid,,,10945798
2026-07-07T14:02:39.846344,2026-07-07T14:02:39.858591+00:00,151.7,200,bid,,,10945837
2026-07-07T14:02:39.998851,2026-07-07T14:02:40.005795+00:00,151.7,200,ask,,,10945848
2026-07-07T14:02:43.638635,2026-07-07T14:02:43.648544+00:00,151.8,200,bid,,,10945911
2026-07-07T14:02:44.346904,2026-07-07T14:02:44.352263+00:00,151.6,20,ask,,,10945929
2026-07-07T14:02:44.852825,2026-07-07T14:02:44.858587+00:00,151.7,200,bid,,,10945939
2026-07-07T14:02:45.105718,2026-07-07T14:02:45.115596+00:00,151.7,300,bid,,,10945945
2026-07-07T14:02:45.209791,2026-07-07T14:02:45.219942+00:00,151.7,325,ask,,,10945948
2026-07-07T14:02:46.061426,2026-07-07T14:02:46.071167+00:00,151.7,200,bid,,,10945955
2026-07-07T14:02:47.269244,2026-07-07T14:02:47.279636+00:00,151.6,200,bid,,,10945972
2026-07-07T14:02:48.479310,2026-07-07T14:02:48.489216+00:00,151.5,200,bid,,,10945995
2026-07-07T14:02:48.877918,2026-07-07T14:02:48.890302+00:00,151.4,500,ask,,,10945997
2026-07-07T14:02:49.384237,2026-07-07T14:02:49.388140+00:00,151.4,17,bid,,,10946008
2026-07-07T14:02:49.689059,2026-07-07T14:02:49.697811+00:00,151.4,200,bid,,,10946014
2026-07-07T14:02:51.598473,2026-07-07T14:02:51.605276+00:00,151.3,20,ask,,,10946050
2026-07-07T14:02:53.744387,2026-07-07T14:02:53.748461+00:00,151.3,12,bid,,,10946103
2026-07-07T14:02:56.136345,2026-07-07T14:02:56.149716+00:00,151.0,20,ask,,,10946150
2026-07-07T14:02:56.907816,2026-07-07T14:02:56.919243+00:00,151.0,20,ask,,,10946166
2026-07-07T14:02:56.964209,2026-07-07T14:02:56.975201+00:00,151.1,200,ask,,,10946168
2026-07-07T14:02:58.151583,2026-07-07T14:02:58.158600+00:00,151.1,200,bid,,,10946194
2026-07-07T14:02:58.292838,2026-07-07T14:02:58.296977+00:00,151.2,5,ask,,,10946196
2026-07-07T14:02:59.369784,2026-07-07T14:02:59.377405+00:00,151.2,200,ask,,,10946216
2026-07-07T14:02:59.613374,2026-07-07T14:02:59.617512+00:00,151.2,5,bid,,,10946220
2026-07-07T14:03:00.597996,2026-07-07T14:03:00.602181+00:00,151.1,11,bid,,,10946238
2026-07-07T14:03:02.116090,2026-07-07T14:03:02.120208+00:00,151.0,23,ask,,,10946265
2026-07-07T14:03:02.232551,2026-07-07T14:03:02.239361+00:00,151.1,200,bid,,,10946266
2026-07-07T14:03:02.254486,2026-07-07T14:03:02.258698+00:00,151.1,11,ask,,,10946270
2026-07-07T14:03:05.247052,2026-07-07T14:03:05.250814+00:00,151.2,11,bid,,,10946310
2026-07-07T14:03:11.883831,2026-07-07T14:03:11.892309+00:00,151.1,500,ask,,,10946399
2026-07-07T14:03:12.484611,2026-07-07T14:03:12.494494+00:00,151.1,125,ask,,,10946407
2026-07-07T14:03:12.755085,2026-07-07T14:03:12.763732+00:00,151.0,200,ask,,,10946412
2026-07-07T14:03:13.893887,2026-07-07T14:03:13.902991+00:00,150.9,200,bid,,,10946432
2026-07-07T14:03:16.707436,2026-07-07T14:03:16.714191+00:00,151.1,200,ask,,,10946489
2026-07-07T14:03:16.707436,2026-07-07T14:03:16.719452+00:00,151.0,300,ask,,,10946490
2026-07-07T14:03:17.526316,2026-07-07T14:03:17.534054+00:00,151.0,200,bid,,,10946503
2026-07-07T14:03:17.978392,2026-07-07T14:03:17.982727+00:00,150.9,17,ask,,,10946517
2026-07-07T14:03:18.735000,2026-07-07T14:03:18.744183+00:00,151.1,200,bid,,,10946534
2026-07-07T14:03:20.357451,2026-07-07T14:03:20.369112+00:00,151.0,500,ask,,,10946556
2026-07-07T14:03:20.672967,2026-07-07T14:03:20.682410+00:00,150.9,200,ask,,,10946560
2026-07-07T14:03:21.200689,2026-07-07T14:03:21.207088+00:00,150.7,20,ask,,,10946563
2026-07-07T14:03:28.823319,2026-07-07T14:03:28.831279+00:00,150.6,200,ask,,,10946673
2026-07-07T14:03:30.493984,2026-07-07T14:03:30.500730+00:00,150.5,20,ask,,,10946701
2026-07-07T14:03:33.250581,2026-07-07T14:03:33.259994+00:00,150.5,20,ask,,,10946740
2026-07-07T14:03:40.378223,2026-07-07T14:03:40.386252+00:00,150.4,200,bid,,,10946843
2026-07-07T14:03:43.376837,2026-07-07T14:03:43.387033+00:00,150.3,200,bid,,,10946893
2026-07-07T14:03:44.179835,2026-07-07T14:03:44.189608+00:00,150.3,200,ask,,,10946913
2026-07-07T14:03:44.579497,2026-07-07T14:03:44.588086+00:00,150.4,500,bid,,,10946920
2026-07-07T14:03:45.176508,2026-07-07T14:03:45.183957+00:00,150.4,125,bid,,,10946924
2026-07-07T14:03:45.609520,2026-07-07T14:03:45.618927+00:00,150.6,200,bid,,,10946944
2026-07-07T14:03:52.186148,2026-07-07T14:03:52.197499+00:00,150.6,200,bid,,,10947060
2026-07-07T14:03:53.507855,2026-07-07T14:03:53.514811+00:00,150.6,500,ask,,,10947082
2026-07-07T14:03:53.677606,2026-07-07T14:03:53.688833+00:00,150.6,125,bid,,,10947088
2026-07-07T14:03:54.285568,2026-07-07T14:03:54.296312+00:00,150.7,200,bid,,,10947104
2026-07-07T14:03:55.903885,2026-07-07T14:03:55.909531+00:00,150.8,17,bid,,,10947130
2026-07-07T14:03:57.177196,2026-07-07T14:03:57.183934+00:00,150.8,20,bid,,,10947160
2026-07-07T14:03:57.905121,2026-07-07T14:03:57.912255+00:00,150.8,200,bid,,,10947171
2026-07-07T14:03:58.711725,2026-07-07T14:03:58.719147+00:00,150.9,200,bid,,,10947181
2026-07-07T14:04:01.135301,2026-07-07T14:04:01.146799+00:00,150.9,200,ask,,,10947225
2026-07-07T14:04:02.343053,2026-07-07T14:04:02.358640+00:00,151.0,200,ask,,,10947245
2026-07-07T14:04:02.377701,2026-07-07T14:04:02.388882+00:00,151.1,11,bid,,,10947246
2026-07-07T14:04:03.550455,2026-07-07T14:04:03.558615+00:00,151.3,200,bid,,,10947267
2026-07-07T14:04:04.651304,2026-07-07T14:04:04.658619+00:00,151.1,12,ask,,,10947279
2026-07-07T14:04:05.970395,2026-07-07T14:04:05.979014+00:00,151.3,200,bid,,,10947304
2026-07-07T14:04:07.658347,2026-07-07T14:04:07.665682+00:00,151.0,20,ask,,,10947344
2026-07-07T14:04:10.814931,2026-07-07T14:04:10.825492+00:00,151.3,200,ask,,,10947412
2026-07-07T14:04:13.544784,2026-07-07T14:04:13.551894+00:00,151.4,20,bid,,,10947440
2026-07-07T14:04:14.447393,2026-07-07T14:04:14.458590+00:00,151.4,200,bid,,,10947460
2026-07-07T14:04:14.970002,2026-07-07T14:04:14.974070+00:00,151.4,17,ask,,,10947470
2026-07-07T14:04:15.673514,2026-07-07T14:04:15.680925+00:00,151.4,200,ask,,,10947476
2026-07-07T14:04:17.812369,2026-07-07T14:04:17.824172+00:00,151.5,20,bid,,,10947501
2026-07-07T14:04:18.499173,2026-07-07T14:04:18.510082+00:00,151.4,200,ask,,,10947512
2026-07-07T14:04:20.514696,2026-07-07T14:04:20.525253+00:00,151.4,200,ask,,,10947538
2026-07-07T14:04:22.440639,2026-07-07T14:04:22.451516+00:00,151.4,200,ask,,,10947571
2026-07-07T14:04:22.720336,2026-07-07T14:04:22.732178+00:00,151.4,425,bid,,,10947572
2026-07-07T14:04:23.942206,2026-07-07T14:04:23.949075+00:00,151.5,125,bid,,,10947589
2026-07-07T14:04:24.555660,2026-07-07T14:04:24.568945+00:00,151.6,200,bid,,,10947603
2026-07-07T14:04:25.341496,2026-07-07T14:04:25.352583+00:00,151.7,200,ask,,,10947615
2026-07-07T14:04:26.284885,2026-07-07T14:04:26.292222+00:00,151.9,12,bid,,,10947633
2026-07-07T14:04:29.066452,2026-07-07T14:04:29.071538+00:00,151.7,6,bid,,,10947719
2026-07-07T14:04:30.199340,2026-07-07T14:04:30.207920+00:00,151.7,200,bid,,,10947737
2026-07-07T14:04:30.377300,2026-07-07T14:04:30.381282+00:00,151.6,11,bid,,,10947742
2026-07-07T14:04:31.408793,2026-07-07T14:04:31.419273+00:00,151.6,200,bid,,,10947768
2026-07-07T14:04:32.991885,2026-07-07T14:04:33.003325+00:00,151.5,200,bid,,,10947790
2026-07-07T14:04:34.132601,2026-07-07T14:04:34.144204+00:00,151.5,12,ask,,,10947817
2026-07-07T14:04:35.053252,2026-07-07T14:04:35.055551+00:00,151.4,200,ask,,,10947835
2026-07-07T14:04:35.219746,2026-07-07T14:04:35.231778+00:00,151.4,20,ask,,,10947839
2026-07-07T14:04:37.141954,2026-07-07T14:04:37.146282+00:00,151.4,11,ask,,,10947867
2026-07-07T14:04:38.266154,2026-07-07T14:04:38.270148+00:00,151.5,6,ask,,,10947893
2026-07-07T14:04:43.520440,2026-07-07T14:04:43.526908+00:00,151.5,200,ask,,,10947973
2026-07-07T14:04:44.729857,2026-07-07T14:04:44.745373+00:00,151.5,200,ask,,,10947988
2026-07-07T14:04:45.945233,2026-07-07T14:04:45.958566+00:00,151.4,200,ask,,,10948014
2026-07-07T14:04:46.186854,2026-07-07T14:04:46.190956+00:00,151.3,6,bid,,,10948020
2026-07-07T14:04:47.155933,2026-07-07T14:04:47.163820+00:00,151.3,200,bid,,,10948037
2026-07-07T14:04:47.533553,2026-07-07T14:04:47.543939+00:00,151.3,500,bid,,,10948048
2026-07-07T14:04:48.151634,2026-07-07T14:04:48.182058+00:00,151.3,125,bid,,,10948054
2026-07-07T14:04:48.178263,2026-07-07T14:04:48.182058+00:00,151.3,6,ask,,,10948056
2026-07-07T14:04:48.371162,2026-07-07T14:04:48.380422+00:00,151.3,200,ask,,,10948061
2026-07-07T14:04:49.580098,2026-07-07T14:04:49.590065+00:00,151.3,200,ask,,,10948083
2026-07-07T14:04:51.034698,2026-07-07T14:04:51.048079+00:00,151.5,12,bid,,,10948108
2026-07-07T14:04:52.442223,2026-07-07T14:04:52.458599+00:00,151.4,20,ask,,,10948139
2026-07-07T14:04:53.213606,2026-07-07T14:04:53.222246+00:00,151.4,200,ask,,,10948154
2026-07-07T14:04:53.302441,2026-07-07T14:04:53.314571+00:00,151.4,12,ask,,,10948157
2026-07-07T14:04:54.059875,2026-07-07T14:04:54.069746+00:00,151.4,500,ask,,,10948168
2026-07-07T14:04:54.078840,2026-07-07T14:04:54.082697+00:00,151.3,17,bid,,,10948171
2026-07-07T14:04:54.213956,2026-07-07T14:04:54.224342+00:00,151.3,108,bid,,,10948173
2026-07-07T14:04:55.423302,2026-07-07T14:04:55.434725+00:00,151.5,200,bid,,,10948192
2026-07-07T14:04:56.587300,2026-07-07T14:04:56.598985+00:00,151.7,12,bid,,,10948206
2026-07-07T14:04:56.679998,2026-07-07T14:04:56.689409+00:00,151.6,200,ask,,,10948207
2026-07-07T14:04:56.679998,2026-07-07T14:04:56.689409+00:00,151.5,425,ask,,,10948208
2026-07-07T14:04:59.303086,2026-07-07T14:04:59.309919+00:00,151.8,200,bid,,,10948254
2026-07-07T14:04:59.369534,2026-07-07T14:04:59.379439+00:00,152.1,12,bid,,,10948259
2026-07-07T14:05:01.662644,2026-07-07T14:05:01.679241+00:00,151.9,12,bid,,,10948294
2026-07-07T14:05:01.966918,2026-07-07T14:05:01.972297+00:00,151.8,12,bid,,,10948303
2026-07-07T14:05:03.435685,2026-07-07T14:05:03.446739+00:00,151.8,12,bid,,,10948323
2026-07-07T14:05:05.727637,2026-07-07T14:05:05.735722+00:00,151.9,12,bid,,,10948348
2026-07-07T14:05:05.889369,2026-07-07T14:05:05.899352+00:00,151.7,200,ask,,,10948349
2026-07-07T14:05:05.905632,2026-07-07T14:05:05.909655+00:00,151.7,22,bid,,,10948353
2026-07-07T14:05:06.546122,2026-07-07T14:05:06.558621+00:00,151.7,200,bid,,,10948377
2026-07-07T14:05:07.019231,2026-07-07T14:05:07.027680+00:00,151.7,12,bid,,,10948384
2026-07-07T14:05:08.054559,2026-07-07T14:05:08.065976+00:00,151.8,12,bid,,,10948398
2026-07-07T14:05:08.515473,2026-07-07T14:05:08.525660+00:00,151.8,188,bid,,,10948408
2026-07-07T14:05:10.073297,2026-07-07T14:05:10.080900+00:00,151.9,12,bid,,,10948441
2026-07-07T14:05:10.176280,2026-07-07T14:05:10.184624+00:00,151.9,200,bid,,,10948442
2026-07-07T14:05:11.383630,2026-07-07T14:05:11.394063+00:00,151.9,200,bid,,,10948467
2026-07-07T14:05:11.945921,2026-07-07T14:05:11.951414+00:00,151.8,11,ask,,,10948480
2026-07-07T14:05:12.094811,2026-07-07T14:05:12.105517+00:00,151.8,12,ask,,,10948483
2026-07-07T14:05:12.493115,2026-07-07T14:05:12.514866+00:00,151.9,500,bid,,,10948490
2026-07-07T14:05:12.510846,2026-07-07T14:05:12.514866+00:00,151.9,11,ask,,,10948495
2026-07-07T14:05:12.985662,2026-07-07T14:05:12.995106+00:00,151.9,114,ask,,,10948500
2026-07-07T14:05:12.985662,2026-07-07T14:05:12.995106+00:00,151.9,200,ask,,,10948501
2026-07-07T14:05:13.632684,2026-07-07T14:05:13.639095+00:00,152.0,12,bid,,,10948522
2026-07-07T14:05:13.821061,2026-07-07T14:05:13.832650+00:00,151.8,200,ask,,,10948526
2026-07-07T14:05:15.019582,2026-07-07T14:05:15.029486+00:00,151.8,200,bid,,,10948548
2026-07-07T14:05:15.131046,2026-07-07T14:05:15.140443+00:00,151.8,500,bid,,,10948551
2026-07-07T14:05:15.398907,2026-07-07T14:05:15.405489+00:00,151.8,125,ask,,,10948555
2026-07-07T14:05:15.441903,2026-07-07T14:05:15.452309+00:00,151.8,12,bid,,,10948557
2026-07-07T14:05:16.475551,2026-07-07T14:05:16.484215+00:00,151.7,12,bid,,,10948576
2026-07-07T14:05:18.665048,2026-07-07T14:05:18.673433+00:00,151.6,200,bid,,,10948591
2026-07-07T14:05:19.275536,2026-07-07T14:05:19.282707+00:00,151.5,12,ask,,,10948598
2026-07-07T14:05:21.380551,2026-07-07T14:05:21.385127+00:00,151.6,11,bid,,,10948634
2026-07-07T14:05:21.707344,2026-07-07T14:05:21.711554+00:00,151.5,11,bid,,,10948640
2026-07-07T14:05:21.818714,2026-07-07T14:05:21.827365+00:00,151.5,12,bid,,,10948643
2026-07-07T14:05:22.856739,2026-07-07T14:05:22.855137+00:00,151.5,10,bid,,,10948658
2026-07-07T14:05:25.636523,2026-07-07T14:05:25.640373+00:00,151.6,11,ask,,,10948692
2026-07-07T14:05:30.860890,2026-07-07T14:05:30.869164+00:00,151.5,200,bid,,,10948765
2026-07-07T14:05:31.364655,2026-07-07T14:05:31.376448+00:00,151.6,12,ask,,,10948774
2026-07-07T14:05:32.001835,2026-07-07T14:05:32.011630+00:00,151.6,200,ask,,,10948790
2026-07-07T14:05:32.129627,2026-07-07T14:05:32.141720+00:00,151.8,12,bid,,,10948792
2026-07-07T14:05:33.135330,2026-07-07T14:05:33.147224+00:00,151.8,20,bid,,,10948804
2026-07-07T14:05:33.216365,2026-07-07T14:05:33.226795+00:00,151.6,200,ask,,,10948806
2026-07-07T14:05:33.505459,2026-07-07T14:05:33.509479+00:00,151.7,11,bid,,,10948809
2026-07-07T14:05:34.804737,2026-07-07T14:05:34.812510+00:00,151.6,200,ask,,,10948831
2026-07-07T14:05:34.824908,2026-07-07T14:05:34.829183+00:00,151.6,12,bid,,,10948833
2026-07-07T14:05:35.634503,2026-07-07T14:05:35.641543+00:00,151.6,200,bid,,,10948850
2026-07-07T14:05:37.429862,2026-07-07T14:05:37.438783+00:00,151.7,200,ask,,,10948878
2026-07-07T14:05:37.709454,2026-07-07T14:05:37.717551+00:00,151.4,12,ask,,,10948888
2026-07-07T14:05:40.499878,2026-07-07T14:05:40.504782+00:00,151.5,12,ask,,,10948947
2026-07-07T14:05:41.268590,2026-07-07T14:05:41.275893+00:00,151.5,12,ask,,,10948966
2026-07-07T14:05:44.694050,2026-07-07T14:05:44.698035+00:00,151.5,11,ask,,,10949016
2026-07-07T14:05:45.302733,2026-07-07T14:05:45.309849+00:00,151.5,189,ask,,,10949034
2026-07-07T14:05:45.302733,2026-07-07T14:05:45.314896+00:00,151.4,436,ask,,,10949035
2026-07-07T14:05:46.050207,2026-07-07T14:05:46.058589+00:00,151.5,12,ask,,,10949058
2026-07-07T14:05:46.565695,2026-07-07T14:05:46.570099+00:00,151.6,11,ask,,,10949067
2026-07-07T14:05:47.922082,2026-07-07T14:05:47.933753+00:00,151.6,200,ask,,,10949080
2026-07-07T14:05:48.562148,2026-07-07T14:05:48.571535+00:00,151.6,12,bid,,,10949103
2026-07-07T14:05:48.963574,2026-07-07T14:05:48.970194+00:00,151.6,200,bid,,,10949111
2026-07-07T14:05:51.381990,2026-07-07T14:05:51.393513+00:00,151.5,200,ask,,,10949149
2026-07-07T14:05:52.589358,2026-07-07T14:05:52.600528+00:00,151.5,200,ask,,,10949164
2026-07-07T14:05:54.621401,2026-07-07T14:05:54.628679+00:00,151.4,12,ask,,,10949200
2026-07-07T14:05:55.377609,2026-07-07T14:05:55.386738+00:00,151.5,500,bid,,,10949212
2026-07-07T14:05:56.157101,2026-07-07T14:05:56.173397+00:00,151.5,12,ask,,,10949228
2026-07-07T14:05:56.277626,2026-07-07T14:05:56.281900+00:00,151.5,29,ask,,,10949235
2026-07-07T14:05:56.412380,2026-07-07T14:05:56.424296+00:00,151.5,12,ask,,,10949236
2026-07-07T14:05:58.526674,2026-07-07T14:05:58.533297+00:00,151.6,20,ask,,,10949269
2026-07-07T14:05:58.656433,2026-07-07T14:05:58.664564+00:00,151.6,200,ask,,,10949273
2026-07-07T14:05:59.885709,2026-07-07T14:05:59.889640+00:00,151.6,12,bid,,,10949292
2026-07-07T14:05:59.956642,2026-07-07T14:05:59.968243+00:00,151.5,12,ask,,,10949294
2026-07-07T14:06:00.014765,2026-07-07T14:06:00.026714+00:00,151.5,20,ask,,,10949295
2026-07-07T14:06:01.047291,2026-07-07T14:06:01.058588+00:00,151.6,188,bid,,,10949315
2026-07-07T14:06:01.076250,2026-07-07T14:06:01.084334+00:00,151.6,200,ask,,,10949316
2026-07-07T14:06:02.481263,2026-07-07T14:06:02.489080+00:00,151.6,12,bid,,,10949336
2026-07-07T14:06:02.737188,2026-07-07T14:06:02.749084+00:00,151.5,12,ask,,,10949343
2026-07-07T14:06:03.617903,2026-07-07T14:06:03.622851+00:00,151.6,5,bid,,,10949353
2026-07-07T14:06:03.672043,2026-07-07T14:06:03.699175+00:00,151.5,200,ask,,,10949354
2026-07-07T14:06:03.694886,2026-07-07T14:06:03.699175+00:00,151.4,7,bid,,,10949356
2026-07-07T14:06:04.030705,2026-07-07T14:06:04.042151+00:00,151.4,12,bid,,,10949367
2026-07-07T14:06:04.708927,2026-07-07T14:06:04.715827+00:00,151.4,200,bid,,,10949376
2026-07-07T14:06:05.925983,2026-07-07T14:06:05.933361+00:00,151.5,200,ask,,,10949397
2026-07-07T14:06:06.313756,2026-07-07T14:06:06.317421+00:00,151.6,5,bid,,,10949404
2026-07-07T14:06:09.106407,2026-07-07T14:06:09.116117+00:00,151.7,12,bid,,,10949455
2026-07-07T14:06:11.111872,2026-07-07T14:06:11.121338+00:00,151.5,500,ask,,,10949476
2026-07-07T14:06:11.549625,2026-07-07T14:06:11.568456+00:00,151.5,200,ask,,,10949485
2026-07-07T14:06:11.564619,2026-07-07T14:06:11.568456+00:00,151.5,11,bid,,,10949487
2026-07-07T14:06:12.065579,2026-07-07T14:06:12.069661+00:00,151.5,23,bid,,,10949504
2026-07-07T14:06:12.149267,2026-07-07T14:06:12.156773+00:00,151.5,15,bid,,,10949506
2026-07-07T14:06:12.422210,2026-07-07T14:06:12.431840+00:00,151.5,3,bid,,,10949512
2026-07-07T14:06:12.694327,2026-07-07T14:06:12.704744+00:00,151.5,3,bid,,,10949519
2026-07-07T14:06:12.970554,2026-07-07T14:06:12.980872+00:00,151.6,12,bid,,,10949527
2026-07-07T14:06:14.146705,2026-07-07T14:06:14.153714+00:00,151.5,500,ask,,,10949543
2026-07-07T14:06:14.233292,2026-07-07T14:06:14.244673+00:00,151.5,3,bid,,,10949546
2026-07-07T14:06:14.507713,2026-07-07T14:06:14.515983+00:00,151.5,15,bid,,,10949554
2026-07-07T14:06:18.027971,2026-07-07T14:06:18.039101+00:00,151.3,12,ask,,,10949606
2026-07-07T14:06:18.045173,2026-07-07T14:06:18.063792+00:00,151.5,200,bid,,,10949608
2026-07-07T14:06:19.256983,2026-07-07T14:06:19.264096+00:00,151.4,200,bid,,,10949635
2026-07-07T14:06:19.662692,2026-07-07T14:06:19.665678+00:00,151.4,20,bid,,,10949642
2026-07-07T14:06:19.795911,2026-07-07T14:06:19.807586+00:00,151.4,9,bid,,,10949645
2026-07-07T14:06:20.465414,2026-07-07T14:06:20.474567+00:00,151.5,200,bid,,,10949655
2026-07-07T14:06:21.407482,2026-07-07T14:06:21.415825+00:00,151.4,500,ask,,,10949675
2026-07-07T14:06:22.006046,2026-07-07T14:06:22.015524+00:00,151.4,125,ask,,,10949683
2026-07-07T14:06:22.006046,2026-07-07T14:06:22.015524+00:00,151.4,200,ask,,,10949684
2026-07-07T14:06:22.879040,2026-07-07T14:06:22.887542+00:00,151.3,200,bid,,,10949700
2026-07-07T14:06:23.174751,2026-07-07T14:06:23.181674+00:00,151.3,20,bid,,,10949709
2026-07-07T14:06:24.086498,2026-07-07T14:06:24.097492+00:00,151.3,200,bid,,,10949722
2026-07-07T14:06:24.776323,2026-07-07T14:06:24.780559+00:00,151.3,38,ask,,,10949738
2026-07-07T14:06:24.855047,2026-07-07T14:06:24.865687+00:00,151.3,12,ask,,,10949743
2026-07-07T14:06:25.770644,2026-07-07T14:06:25.774577+00:00,151.4,15,bid,,,10949754
2026-07-07T14:06:26.125087,2026-07-07T14:06:26.134621+00:00,151.4,12,bid,,,10949765
2026-07-07T14:06:27.277074,2026-07-07T14:06:27.287110+00:00,151.4,500,bid,,,10949780
2026-07-07T14:06:27.717856,2026-07-07T14:06:27.724239+00:00,151.4,125,ask,,,10949793
2026-07-07T14:06:27.881446,2026-07-07T14:06:27.885740+00:00,151.4,11,bid,,,10949798
2026-07-07T14:06:28.603408,2026-07-07T14:06:28.607464+00:00,151.3,12,bid,,,10949814
2026-07-07T14:06:29.917371,2026-07-07T14:06:29.921467+00:00,151.2,11,bid,,,10949839
2026-07-07T14:06:32.560935,2026-07-07T14:06:32.569519+00:00,151.2,200,bid,,,10949883
2026-07-07T14:06:33.769246,2026-07-07T14:06:33.778655+00:00,151.2,200,bid,,,10949903
2026-07-07T14:06:34.981794,2026-07-07T14:06:34.988826+00:00,151.1,200,bid,,,10949932
2026-07-07T14:06:36.927436,2026-07-07T14:06:36.934912+00:00,151.2,20,bid,,,10949956
2026-07-07T14:06:37.414018,2026-07-07T14:06:37.422807+00:00,151.0,200,ask,,,10949967
2026-07-07T14:06:37.685342,2026-07-07T14:06:37.697252+00:00,151.0,12,ask,,,10949974
2026-07-07T14:06:39.838480,2026-07-07T14:06:39.845840+00:00,151.0,200,bid,,,10949994
2026-07-07T14:06:40.204867,2026-07-07T14:06:40.216433+00:00,151.0,12,bid,,,10950001
2026-07-07T14:06:43.991175,2026-07-07T14:06:44.001954+00:00,150.9,12,ask,,,10950048
2026-07-07T14:06:44.332926,2026-07-07T14:06:44.354026+00:00,151.0,200,bid,,,10950059
2026-07-07T14:06:44.350027,2026-07-07T14:06:44.354026+00:00,151.0,11,ask,,,10950062
2026-07-07T14:06:44.497118,2026-07-07T14:06:44.564425+00:00,151.2,10,bid,,,10950067
2026-07-07T14:06:44.687891,2026-07-07T14:06:44.695636+00:00,151.0,200,ask,,,10950074
2026-07-07T14:06:45.676901,2026-07-07T14:06:45.688775+00:00,151.2,20,bid,,,10950082
2026-07-07T14:06:45.910267,2026-07-07T14:06:45.914284+00:00,151.1,2,ask,,,10950088
2026-07-07T14:06:46.517987,2026-07-07T14:06:46.525001+00:00,151.1,10,ask,,,10950105
2026-07-07T14:06:46.952558,2026-07-07T14:06:46.959076+00:00,151.2,2,bid,,,10950115
2026-07-07T14:06:46.958429,2026-07-07T14:06:46.974284+00:00,151.1,188,ask,,,10950116
2026-07-07T14:06:46.985806,2026-07-07T14:06:46.990924+00:00,150.9,34,bid,,,10950121
2026-07-07T14:06:47.105653,2026-07-07T14:06:47.112814+00:00,150.9,200,bid,,,10950123
2026-07-07T14:06:47.988658,2026-07-07T14:06:47.993139+00:00,150.7,11,ask,,,10950141
2026-07-07T14:06:48.281821,2026-07-07T14:06:48.286315+00:00,150.8,12,ask,,,10950149
2026-07-07T14:06:49.560768,2026-07-07T14:06:49.572521+00:00,150.8,12,ask,,,10950165
2026-07-07T14:06:51.975242,2026-07-07T14:06:51.979012+00:00,150.9,11,ask,,,10950211
2026-07-07T14:06:52.072432,2026-07-07T14:06:52.084130+00:00,151.1,11,bid,,,10950212
2026-07-07T14:06:52.510592,2026-07-07T14:06:52.519494+00:00,151.0,20,bid,,,10950213
2026-07-07T14:06:54.094261,2026-07-07T14:06:54.106481+00:00,150.8,13,bid,,,10950240
2026-07-07T14:06:55.607183,2026-07-07T14:06:55.615795+00:00,150.9,200,bid,,,10950258
2026-07-07T14:07:01.653154,2026-07-07T14:07:01.657109+00:00,150.7,200,ask,,,10950346
2026-07-07T14:07:04.070450,2026-07-07T14:07:04.078056+00:00,151.0,200,bid,,,10950382
2026-07-07T14:07:07.974183,2026-07-07T14:07:07.981095+00:00,150.9,200,bid,,,10950441
2026-07-07T14:07:08.424495,2026-07-07T14:07:08.436255+00:00,150.9,12,ask,,,10950446
2026-07-07T14:07:11.172018,2026-07-07T14:07:11.183855+00:00,151.1,20,bid,,,10950484
2026-07-07T14:07:12.207294,2026-07-07T14:07:12.218451+00:00,151.1,12,bid,,,10950504
2026-07-07T14:07:12.713175,2026-07-07T14:07:12.724810+00:00,150.9,12,ask,,,10950510
2026-07-07T14:07:14.531859,2026-07-07T14:07:14.542174+00:00,150.9,200,ask,,,10950537
2026-07-07T14:07:15.776601,2026-07-07T14:07:15.787501+00:00,150.9,20,bid,,,10950553
2026-07-07T14:07:16.252638,2026-07-07T14:07:16.264547+00:00,150.9,12,bid,,,10950566
2026-07-07T14:07:17.017189,2026-07-07T14:07:17.024068+00:00,150.8,12,ask,,,10950579
2026-07-07T14:07:17.149364,2026-07-07T14:07:17.151379+00:00,150.9,188,bid,,,10950580
2026-07-07T14:07:18.462725,2026-07-07T14:07:18.469552+00:00,150.9,200,ask,,,10950597
2026-07-07T14:07:20.781279,2026-07-07T14:07:20.792828+00:00,150.8,12,ask,,,10950635
2026-07-07T14:07:22.039256,2026-07-07T14:07:22.050942+00:00,151.0,12,bid,,,10950657
2026-07-07T14:07:23.097776,2026-07-07T14:07:23.109307+00:00,151.0,12,bid,,,10950683
2026-07-07T14:07:26.331605,2026-07-07T14:07:26.342663+00:00,150.9,200,ask,,,10950739
2026-07-07T14:07:27.081747,2026-07-07T14:07:27.091384+00:00,150.9,200,bid,,,10950747
2026-07-07T14:07:28.110147,2026-07-07T14:07:28.114773+00:00,151.0,12,ask,,,10950763
2026-07-07T14:07:28.962815,2026-07-07T14:07:28.970014+00:00,151.1,500,bid,,,10950774
2026-07-07T14:07:28.980800,2026-07-07T14:07:28.984988+00:00,151.1,11,ask,,,10950776
2026-07-07T14:07:31.221958,2026-07-07T14:07:31.225876+00:00,151.1,11,bid,,,10950810
2026-07-07T14:07:34.224459,2026-07-07T14:07:34.236147+00:00,151.1,200,bid,,,10950870
2026-07-07T14:07:34.339543,2026-07-07T14:07:34.346713+00:00,151.1,200,ask,,,10950872
2026-07-07T14:07:36.755109,2026-07-07T14:07:36.763593+00:00,151.2,200,bid,,,10950918
2026-07-07T14:07:39.172172,2026-07-07T14:07:39.181271+00:00,151.3,200,bid,,,10950964
2026-07-07T14:07:40.380197,2026-07-07T14:07:40.391302+00:00,151.3,200,bid,,,10950985
2026-07-07T14:07:40.721824,2026-07-07T14:07:40.725676+00:00,151.3,12,bid,,,10950995
2026-07-07T14:07:44.710017,2026-07-07T14:07:44.717991+00:00,151.3,200,bid,,,10951052
2026-07-07T14:07:47.331935,2026-07-07T14:07:47.339152+00:00,151.5,200,bid,,,10951088
2026-07-07T14:07:47.650600,2026-07-07T14:07:47.664110+00:00,151.5,200,ask,,,10951094
2026-07-07T14:07:48.858573,2026-07-07T14:07:48.865908+00:00,151.4,200,bid,,,10951110
2026-07-07T14:07:50.213332,2026-07-07T14:07:50.217755+00:00,151.5,11,bid,,,10951138
2026-07-07T14:07:52.308577,2026-07-07T14:07:52.320435+00:00,151.4,20,bid,,,10951170
2026-07-07T14:07:54.929665,2026-07-07T14:07:54.936452+00:00,151.3,200,ask,,,10951201
2026-07-07T14:07:56.459717,2026-07-07T14:07:56.471394+00:00,151.1,5,ask,,,10951224
2026-07-07T14:07:56.974874,2026-07-07T14:07:56.985713+00:00,151.1,5,ask,,,10951236
2026-07-07T14:07:57.500378,2026-07-07T14:07:57.510799+00:00,151.1,5,ask,,,10951244
2026-07-07T14:07:57.603517,2026-07-07T14:07:57.608097+00:00,151.1,11,ask,,,10951247
2026-07-07T14:07:58.015429,2026-07-07T14:07:58.024674+00:00,151.0,5,ask,,,10951254
2026-07-07T14:07:58.533836,2026-07-07T14:07:58.543302+00:00,151.1,5,ask,,,10951258
2026-07-07T14:07:58.573734,2026-07-07T14:07:58.582732+00:00,151.1,200,ask,,,10951260
2026-07-07T14:07:59.054859,2026-07-07T14:07:59.058618+00:00,151.0,5,ask,,,10951267
2026-07-07T14:07:59.571983,2026-07-07T14:07:59.582536+00:00,151.1,5,ask,,,10951274
2026-07-07T14:08:00.126410,2026-07-07T14:08:00.135350+00:00,151.1,5,ask,,,10951278
2026-07-07T14:08:00.131333,2026-07-07T14:08:00.135350+00:00,151.2,11,bid,,,10951279
2026-07-07T14:08:00.454078,2026-07-07T14:08:00.453735+00:00,151.2,20,bid,,,10951285
2026-07-07T14:08:00.642557,2026-07-07T14:08:00.651706+00:00,151.0,5,ask,,,10951286
2026-07-07T14:08:01.160825,2026-07-07T14:08:01.169132+00:00,151.0,5,ask,,,10951298
2026-07-07T14:08:01.675899,2026-07-07T14:08:01.683032+00:00,151.0,5,ask,,,10951304
2026-07-07T14:08:02.188564,2026-07-07T14:08:02.198954+00:00,150.9,5,ask,,,10951305
2026-07-07T14:08:02.703643,2026-07-07T14:08:02.711507+00:00,150.9,5,ask,,,10951310
2026-07-07T14:08:03.085428,2026-07-07T14:08:03.092341+00:00,151.1,200,bid,,,10951315
2026-07-07T14:08:03.217138,2026-07-07T14:08:03.227728+00:00,151.1,5,ask,,,10951320
2026-07-07T14:08:03.421756,2026-07-07T14:08:03.431048+00:00,151.1,200,ask,,,10951327
2026-07-07T14:08:03.730103,2026-07-07T14:08:03.739928+00:00,151.1,5,ask,,,10951331
2026-07-07T14:08:04.243773,2026-07-07T14:08:04.253255+00:00,151.1,5,ask,,,10951336
2026-07-07T14:08:04.434498,2026-07-07T14:08:04.443796+00:00,151.0,20,ask,,,10951337
2026-07-07T14:08:04.635107,2026-07-07T14:08:04.641645+00:00,151.0,200,ask,,,10951343
2026-07-07T14:08:04.760139,2026-07-07T14:08:04.770239+00:00,151.0,5,ask,,,10951346
2026-07-07T14:08:05.272453,2026-07-07T14:08:05.280157+00:00,151.0,5,ask,,,10951350
2026-07-07T14:08:05.785920,2026-07-07T14:08:05.796517+00:00,150.9,1,ask,,,10951360
2026-07-07T14:08:06.032583,2026-07-07T14:08:06.036914+00:00,151.0,12,bid,,,10951365
2026-07-07T14:08:07.012070,2026-07-07T14:08:07.019440+00:00,151.0,188,bid,,,10951372
2026-07-07T14:08:09.512001,2026-07-07T14:08:09.518957+00:00,151.1,20,ask,,,10951414
2026-07-07T14:08:11.738988,2026-07-07T14:08:11.747600+00:00,151.2,20,bid,,,10951443
2026-07-07T14:08:12.253455,2026-07-07T14:08:12.260653+00:00,151.1,200,bid,,,10951451
2026-07-07T14:08:12.277774,2026-07-07T14:08:12.284755+00:00,151.1,12,ask,,,10951453
2026-07-07T14:08:13.112245,2026-07-07T14:08:13.121804+00:00,151.1,200,ask,,,10951465
2026-07-07T14:08:18.681254,2026-07-07T14:08:18.685161+00:00,150.9,12,bid,,,10951552
2026-07-07T14:08:22.772180,2026-07-07T14:08:22.780307+00:00,151.0,200,bid,,,10951614
2026-07-07T14:08:22.789151,2026-07-07T14:08:22.796278+00:00,151.1,200,ask,,,10951616
2026-07-07T14:08:25.030518,2026-07-07T14:08:25.034561+00:00,151.2,14,bid,,,10951648
2026-07-07T14:08:27.638610,2026-07-07T14:08:27.649689+00:00,151.0,200,ask,,,10951691
2026-07-07T14:08:29.349559,2026-07-07T14:08:29.355872+00:00,151.1,200,bid,,,10951723
2026-07-07T14:08:30.052817,2026-07-07T14:08:30.064448+00:00,151.1,200,ask,,,10951731
2026-07-07T14:08:31.007215,2026-07-07T14:08:31.016966+00:00,151.0,500,bid,,,10951751
2026-07-07T14:08:31.258904,2026-07-07T14:08:31.268978+00:00,151.0,125,bid,,,10951766
2026-07-07T14:08:33.293632,2026-07-07T14:08:33.304884+00:00,151.1,200,bid,,,10951803
2026-07-07T14:08:36.109308,2026-07-07T14:08:36.117876+00:00,151.1,200,ask,,,10951849
2026-07-07T14:08:38.527401,2026-07-07T14:08:38.536424+00:00,151.1,200,ask,,,10951890
2026-07-07T14:08:40.951525,2026-07-07T14:08:40.964141+00:00,151.2,200,bid,,,10951922
2026-07-07T14:08:43.114466,2026-07-07T14:08:43.121809+00:00,151.1,200,bid,,,10951952
2026-07-07T14:08:47.002433,2026-07-07T14:08:47.011995+00:00,151.0,200,ask,,,10952006
2026-07-07T14:08:50.573174,2026-07-07T14:08:50.580063+00:00,151.1,20,bid,,,10952057
2026-07-07T14:08:51.641579,2026-07-07T14:08:51.648101+00:00,151.0,200,ask,,,10952070
2026-07-07T14:08:53.048056,2026-07-07T14:08:53.057241+00:00,151.0,200,ask,,,10952092
2026-07-07T14:08:55.574383,2026-07-07T14:08:55.581513+00:00,151.0,200,ask,,,10952132
2026-07-07T14:08:56.904160,2026-07-07T14:08:56.909161+00:00,150.9,3,ask,,,10952157
2026-07-07T14:08:59.519340,2026-07-07T14:08:59.523460+00:00,151.0,11,ask,,,10952198
2026-07-07T14:08:59.833344,2026-07-07T14:08:59.837353+00:00,151.1,11,bid,,,10952208
2026-07-07T14:09:00.833095,2026-07-07T14:09:00.836920+00:00,151.0,3,bid,,,10952236
2026-07-07T14:09:03.157330,2026-07-07T14:09:03.161367+00:00,151.0,3,ask,,,10952280
2026-07-07T14:09:03.943896,2026-07-07T14:09:03.958570+00:00,151.0,200,ask,,,10952299
2026-07-07T14:09:06.055634,2026-07-07T14:09:06.063913+00:00,151.0,200,ask,,,10952328
2026-07-07T14:09:06.055634,2026-07-07T14:09:06.063913+00:00,150.9,425,ask,,,10952329
2026-07-07T14:09:09.984322,2026-07-07T14:09:09.992293+00:00,151.0,200,ask,,,10952395
2026-07-07T14:09:11.192251,2026-07-07T14:09:11.200917+00:00,151.0,200,ask,,,10952419
2026-07-07T14:09:17.901716,2026-07-07T14:09:17.909997+00:00,150.7,200,ask,,,10952518
2026-07-07T14:09:18.262808,2026-07-07T14:09:18.271285+00:00,150.6,20,ask,,,10952527
2026-07-07T14:09:18.462304,2026-07-07T14:09:18.470120+00:00,150.7,200,bid,,,10952533
2026-07-07T14:09:20.521094,2026-07-07T14:09:20.528872+00:00,150.7,500,ask,,,10952554
2026-07-07T14:09:20.521094,2026-07-07T14:09:20.534143+00:00,150.6,125,ask,,,10952555
2026-07-07T14:09:20.895351,2026-07-07T14:09:20.903818+00:00,150.8,200,ask,,,10952563
2026-07-07T14:09:25.739736,2026-07-07T14:09:25.747047+00:00,150.8,200,ask,,,10952643
2026-07-07T14:09:27.087284,2026-07-07T14:09:27.092298+00:00,150.8,3,bid,,,10952663
2026-07-07T14:09:28.745019,2026-07-07T14:09:28.758586+00:00,150.8,20,bid,,,10952695
2026-07-07T14:09:34.222842,2026-07-07T14:09:34.232615+00:00,150.7,200,bid,,,10952788
2026-07-07T14:09:34.644952,2026-07-07T14:09:34.648922+00:00,150.7,3,bid,,,10952792
2026-07-07T14:09:34.674674,2026-07-07T14:09:34.686638+00:00,150.7,35,bid,,,10952793
2026-07-07T14:09:34.768104,2026-07-07T14:09:34.779581+00:00,150.7,35,bid,,,10952795
2026-07-07T14:09:34.857983,2026-07-07T14:09:34.869370+00:00,150.7,35,bid,,,10952797
2026-07-07T14:09:34.948915,2026-07-07T14:09:34.961982+00:00,150.6,42,bid,,,10952799
2026-07-07T14:09:34.958086,2026-07-07T14:09:34.961982+00:00,150.6,11,bid,,,10952801
2026-07-07T14:09:35.431483,2026-07-07T14:09:35.441046+00:00,150.6,200,bid,,,10952813
2026-07-07T14:09:36.639104,2026-07-07T14:09:36.649832+00:00,150.5,200,bid,,,10952842
2026-07-07T14:09:37.847170,2026-07-07T14:09:37.858617+00:00,150.5,200,bid,,,10952853
2026-07-07T14:09:38.888296,2026-07-07T14:09:38.908053+00:00,150.4,11,ask,,,10952872
2026-07-07T14:09:38.903039,2026-07-07T14:09:38.913046+00:00,150.4,489,ask,,,10952873
2026-07-07T14:09:39.056778,2026-07-07T14:09:39.067060+00:00,150.4,136,bid,,,10952877
2026-07-07T14:09:39.077280,2026-07-07T14:09:39.081228+00:00,150.5,3,ask,,,10952880
2026-07-07T14:09:41.474785,2026-07-07T14:09:41.484739+00:00,150.6,200,ask,,,10952922
2026-07-07T14:09:42.682755,2026-07-07T14:09:42.693403+00:00,150.6,200,ask,,,10952953
2026-07-07T14:09:42.833438,2026-07-07T14:09:42.842126+00:00,150.6,300,ask,,,10952956
2026-07-07T14:09:42.848109,2026-07-07T14:09:42.851989+00:00,150.6,3,bid,,,10952958
2026-07-07T14:09:42.902199,2026-07-07T14:09:42.913852+00:00,150.6,30,bid,,,10952960
2026-07-07T14:09:43.079593,2026-07-07T14:09:43.086461+00:00,150.6,292,bid,,,10952962
2026-07-07T14:09:45.098186,2026-07-07T14:09:45.104927+00:00,150.8,200,ask,,,10952990
2026-07-07T14:09:46.319272,2026-07-07T14:09:46.324712+00:00,150.9,6,bid,,,10953017
2026-07-07T14:09:46.764834,2026-07-07T14:09:46.772555+00:00,150.9,194,bid,,,10953023
2026-07-07T14:09:47.116448,2026-07-07T14:09:47.128231+00:00,150.9,20,ask,,,10953029
2026-07-07T14:09:47.297920,2026-07-07T14:09:47.301774+00:00,151.1,5,bid,,,10953031
2026-07-07T14:09:47.515118,2026-07-07T14:09:47.521944+00:00,150.9,200,ask,,,10953035
2026-07-07T14:09:49.426589,2026-07-07T14:09:49.431882+00:00,151.0,12,bid,,,10953071
2026-07-07T14:09:49.953551,2026-07-07T14:09:49.957501+00:00,150.9,11,bid,,,10953085
2026-07-07T14:09:50.716843,2026-07-07T14:09:50.723546+00:00,150.9,189,bid,,,10953107
2026-07-07T14:09:50.735023,2026-07-07T14:09:50.739022+00:00,150.9,23,ask,,,10953109
2026-07-07T14:09:53.337320,2026-07-07T14:09:53.344543+00:00,150.9,200,bid,,,10953151
2026-07-07T14:09:55.117750,2026-07-07T14:09:55.125999+00:00,151.1,20,bid,,,10953177
2026-07-07T14:09:55.959896,2026-07-07T14:09:55.969419+00:00,151.0,200,ask,,,10953193
2026-07-07T14:09:56.832247,2026-07-07T14:09:56.844081+00:00,150.7,20,ask,,,10953209
2026-07-07T14:09:57.270473,2026-07-07T14:09:57.280744+00:00,150.8,200,bid,,,10953219
2026-07-07T14:09:57.565769,2026-07-07T14:09:57.575234+00:00,151.0,5,bid,,,10953233
2026-07-07T14:09:58.082941,2026-07-07T14:09:58.093362+00:00,151.0,5,bid,,,10953241
2026-07-07T14:09:58.460142,2026-07-07T14:09:58.471673+00:00,150.8,20,ask,,,10953245
2026-07-07T14:09:58.636688,2026-07-07T14:09:58.645848+00:00,150.8,2,bid,,,10953250
2026-07-07T14:09:59.151567,2026-07-07T14:09:59.169017+00:00,150.8,25,bid,,,10953259
2026-07-07T14:09:59.672935,2026-07-07T14:09:59.688689+00:00,150.8,25,bid,,,10953269
2026-07-07T14:09:59.686691,2026-07-07T14:09:59.693679+00:00,150.8,5,bid,,,10953270
2026-07-07T14:10:00.209193,2026-07-07T14:10:00.218316+00:00,150.9,5,bid,,,10953284
2026-07-07T14:10:00.730933,2026-07-07T14:10:00.741629+00:00,150.9,5,bid,,,10953291
2026-07-07T14:10:00.988731,2026-07-07T14:10:00.997836+00:00,150.7,20,ask,,,10953297
2026-07-07T14:10:01.307729,2026-07-07T14:10:01.316136+00:00,150.9,5,bid,,,10953303
2026-07-07T14:10:02.530709,2026-07-07T14:10:02.540525+00:00,150.8,200,ask,,,10953324
2026-07-07T14:10:03.457357,2026-07-07T14:10:03.466443+00:00,150.6,20,ask,,,10953330
2026-07-07T14:10:03.839091,2026-07-07T14:10:03.846957+00:00,150.7,200,bid,,,10953340
2026-07-07T14:10:03.887872,2026-07-07T14:10:03.895410+00:00,151.0,5,bid,,,10953341
2026-07-07T14:10:04.410847,2026-07-07T14:10:04.421508+00:00,151.0,5,bid,,,10953352
2026-07-07T14:10:04.501215,2026-07-07T14:10:04.510012+00:00,150.8,200,ask,,,10953354
2026-07-07T14:10:04.934247,2026-07-07T14:10:04.946554+00:00,151.0,5,bid,,,10953356
2026-07-07T14:10:05.458278,2026-07-07T14:10:05.469659+00:00,150.7,5,bid,,,10953367
2026-07-07T14:10:05.712274,2026-07-07T14:10:05.722519+00:00,150.6,200,ask,,,10953370
2026-07-07T14:10:06.464590,2026-07-07T14:10:06.475825+00:00,150.6,500,ask,,,10953383
2026-07-07T14:10:06.695442,2026-07-07T14:10:06.706097+00:00,150.5,125,bid,,,10953388
2026-07-07T14:10:10.100116,2026-07-07T14:10:10.111682+00:00,150.5,5,ask,,,10953448
2026-07-07T14:10:10.401241,2026-07-07T14:10:10.405263+00:00,150.6,11,ask,,,10953453
2026-07-07T14:10:10.621206,2026-07-07T14:10:10.629641+00:00,150.6,5,ask,,,10953458
2026-07-07T14:10:10.918568,2026-07-07T14:10:10.930349+00:00,150.6,20,ask,,,10953463
2026-07-07T14:10:11.138750,2026-07-07T14:10:11.158917+00:00,150.6,5,ask,,,10953467
2026-07-07T14:10:11.656657,2026-07-07T14:10:11.666922+00:00,150.6,5,ask,,,10953478
2026-07-07T14:10:11.712780,2026-07-07T14:10:11.716723+00:00,150.7,3,ask,,,10953480
2026-07-07T14:10:11.775743,2026-07-07T14:10:11.787456+00:00,150.7,200,ask,,,10953481
2026-07-07T14:10:14.318894,2026-07-07T14:10:14.329913+00:00,150.7,200,ask,,,10953519
2026-07-07T14:10:15.373351,2026-07-07T14:10:15.380829+00:00,150.5,20,ask,,,10953533
2026-07-07T14:10:15.864533,2026-07-07T14:10:15.875603+00:00,150.5,35,ask,,,10953544
2026-07-07T14:10:15.954896,2026-07-07T14:10:15.956261+00:00,150.5,35,ask,,,10953547
2026-07-07T14:10:16.045536,2026-07-07T14:10:16.057232+00:00,150.5,35,ask,,,10953550
2026-07-07T14:10:16.135810,2026-07-07T14:10:16.142151+00:00,150.5,35,ask,,,10953552
2026-07-07T14:10:16.227269,2026-07-07T14:10:16.236189+00:00,150.5,10,ask,,,10953555
2026-07-07T14:10:17.385821,2026-07-07T14:10:17.393794+00:00,150.5,20,ask,,,10953568
2026-07-07T14:10:18.918792,2026-07-07T14:10:18.930383+00:00,150.5,5,ask,,,10953591
2026-07-07T14:10:19.078274,2026-07-07T14:10:19.087158+00:00,150.6,20,bid,,,10953594
2026-07-07T14:10:19.442425,2026-07-07T14:10:19.458543+00:00,150.6,14,bid,,,10953602
2026-07-07T14:10:19.979039,2026-07-07T14:10:19.986198+00:00,150.5,5,ask,,,10953609
2026-07-07T14:10:20.266502,2026-07-07T14:10:20.275955+00:00,150.5,200,ask,,,10953612
2026-07-07T14:10:20.501211,2026-07-07T14:10:20.511754+00:00,150.5,5,ask,,,10953619
2026-07-07T14:10:21.025422,2026-07-07T14:10:21.034155+00:00,150.4,5,ask,,,10953630
2026-07-07T14:10:21.547041,2026-07-07T14:10:21.558593+00:00,150.4,5,ask,,,10953641
2026-07-07T14:10:22.075581,2026-07-07T14:10:22.085880+00:00,150.4,5,ask,,,10953645
2026-07-07T14:10:22.598272,2026-07-07T14:10:22.605123+00:00,150.3,5,ask,,,10953647
2026-07-07T14:10:23.552337,2026-07-07T14:10:23.563757+00:00,150.4,27,ask,,,10953664
2026-07-07T14:10:23.664742,2026-07-07T14:10:23.673944+00:00,150.5,200,bid,,,10953665
2026-07-07T14:10:23.902921,2026-07-07T14:10:23.913178+00:00,150.5,200,ask,,,10953673
2026-07-07T14:10:24.798101,2026-07-07T14:10:24.809127+00:00,150.4,500,ask,,,10953679
2026-07-07T14:10:24.862306,2026-07-07T14:10:24.870982+00:00,150.4,125,bid,,,10953682
2026-07-07T14:10:25.169393,2026-07-07T14:10:25.179698+00:00,150.4,5,ask,,,10953691
2026-07-07T14:10:25.689642,2026-07-07T14:10:25.699816+00:00,150.3,5,ask,,,10953699
2026-07-07T14:10:26.104425,2026-07-07T14:10:26.124369+00:00,150.5,200,bid,,,10953703
2026-07-07T14:10:26.120301,2026-07-07T14:10:26.124369+00:00,150.6,14,ask,,,10953705
2026-07-07T14:10:26.206877,2026-07-07T14:10:26.214719+00:00,150.6,5,ask,,,10953706
2026-07-07T14:10:26.328646,2026-07-07T14:10:26.335448+00:00,150.6,200,ask,,,10953710
2026-07-07T14:10:26.735736,2026-07-07T14:10:26.747032+00:00,150.6,5,ask,,,10953722
2026-07-07T14:10:27.016352,2026-07-07T14:10:27.028208+00:00,150.6,12,ask,,,10953728
2026-07-07T14:10:27.267159,2026-07-07T14:10:27.279365+00:00,150.6,5,ask,,,10953731
2026-07-07T14:10:27.799279,2026-07-07T14:10:27.808482+00:00,150.3,5,ask,,,10953741
2026-07-07T14:10:28.318346,2026-07-07T14:10:28.327106+00:00,150.3,5,ask,,,10953747
2026-07-07T14:10:28.852586,2026-07-07T14:10:28.859995+00:00,150.4,5,ask,,,10953756
2026-07-07T14:10:30.051238,2026-07-07T14:10:30.058604+00:00,150.5,12,bid,,,10953780
2026-07-07T14:10:31.182618,2026-07-07T14:10:31.189887+00:00,150.5,200,bid,,,10953797
2026-07-07T14:10:31.310484,2026-07-07T14:10:31.319631+00:00,150.2,12,ask,,,10953802
2026-07-07T14:10:31.476222,2026-07-07T14:10:31.483437+00:00,150.4,5,ask,,,10953803
2026-07-07T14:10:31.876171,2026-07-07T14:10:31.885177+00:00,150.7,20,bid,,,10953810
2026-07-07T14:10:31.989647,2026-07-07T14:10:31.996006+00:00,150.4,5,ask,,,10953813
2026-07-07T14:10:32.338862,2026-07-07T14:10:32.349318+00:00,150.7,4,bid,,,10953826
2026-07-07T14:10:32.411247,2026-07-07T14:10:32.416278+00:00,150.5,8,ask,,,10953831
2026-07-07T14:10:32.503547,2026-07-07T14:10:32.512160+00:00,150.5,5,ask,,,10953834
2026-07-07T14:10:32.602793,2026-07-07T14:10:32.609808+00:00,150.7,8,bid,,,10953836
2026-07-07T14:10:32.653267,2026-07-07T14:10:32.663210+00:00,150.5,187,ask,,,10953837
2026-07-07T14:10:33.018127,2026-07-07T14:10:33.028483+00:00,150.3,5,ask,,,10953848
2026-07-07T14:10:33.992162,2026-07-07T14:10:34.002925+00:00,150.5,200,bid,,,10953861
2026-07-07T14:10:34.821879,2026-07-07T14:10:34.831547+00:00,150.5,200,ask,,,10953871
2026-07-07T14:10:38.004824,2026-07-07T14:10:38.008741+00:00,150.3,27,ask,,,10953936
2026-07-07T14:10:38.206414,2026-07-07T14:10:38.216998+00:00,150.3,12,ask,,,10953938
2026-07-07T14:10:38.792376,2026-07-07T14:10:38.800041+00:00,150.4,200,bid,,,10953946
2026-07-07T14:10:38.813533,2026-07-07T14:10:38.818028+00:00,150.4,11,ask,,,10953948
2026-07-07T14:10:39.747769,2026-07-07T14:10:39.759194+00:00,150.4,12,ask,,,10953969
2026-07-07T14:10:40.566310,2026-07-07T14:10:40.576580+00:00,150.4,500,ask,,,10953979
2026-07-07T14:10:40.619261,2026-07-07T14:10:40.629266+00:00,150.4,125,bid,,,10953981
2026-07-07T14:10:40.882205,2026-07-07T14:10:40.890346+00:00,150.4,200,ask,,,10953987
2026-07-07T14:10:41.310961,2026-07-07T14:10:41.321768+00:00,151.2,12,bid,,,10953992
2026-07-07T14:10:42.092035,2026-07-07T14:10:42.101113+00:00,150.7,200,ask,,,10954015
2026-07-07T14:10:43.069499,2026-07-07T14:10:43.080897+00:00,150.9,12,bid,,,10954033
2026-07-07T14:10:43.316210,2026-07-07T14:10:43.320229+00:00,150.7,11,bid,,,10954043
2026-07-07T14:10:43.986288,2026-07-07T14:10:43.994680+00:00,150.6,20,ask,,,10954062
2026-07-07T14:10:44.328582,2026-07-07T14:10:44.341395+00:00,150.6,12,ask,,,10954066
2026-07-07T14:10:44.883104,2026-07-07T14:10:44.887488+00:00,150.7,11,ask,,,10954077
2026-07-07T14:10:45.280419,2026-07-07T14:10:45.291932+00:00,150.7,10,ask,,,10954081
2026-07-07T14:10:45.813750,2026-07-07T14:10:45.823110+00:00,150.8,200,bid,,,10954099
2026-07-07T14:10:45.854389,2026-07-07T14:10:45.864501+00:00,151.0,12,bid,,,10954101
2026-07-07T14:10:46.525378,2026-07-07T14:10:46.536966+00:00,151.0,20,bid,,,10954110
2026-07-07T14:10:48.435508,2026-07-07T14:10:48.455940+00:00,150.9,200,ask,,,10954130
2026-07-07T14:10:48.451981,2026-07-07T14:10:48.455940+00:00,150.9,11,bid,,,10954133
2026-07-07T14:10:49.363860,2026-07-07T14:10:49.374270+00:00,150.9,200,bid,,,10954138
2026-07-07T14:10:51.699991,2026-07-07T14:10:51.704043+00:00,151.0,12,bid,,,10954162
2026-07-07T14:10:51.806433,2026-07-07T14:10:51.810567+00:00,150.9,11,bid,,,10954169
2026-07-07T14:10:54.218548,2026-07-07T14:10:54.228673+00:00,150.8,200,ask,,,10954200
2026-07-07T14:10:56.655524,2026-07-07T14:10:56.659137+00:00,150.7,12,bid,,,10954245
2026-07-07T14:10:57.618630,2026-07-07T14:10:57.629783+00:00,150.7,20,bid,,,10954257
2026-07-07T14:10:58.926556,2026-07-07T14:10:58.938628+00:00,150.6,20,ask,,,10954290
2026-07-07T14:10:58.938231,2026-07-07T14:10:58.949105+00:00,150.7,200,bid,,,10954291
2026-07-07T14:10:59.863291,2026-07-07T14:10:59.875031+00:00,150.9,20,bid,,,10954313
2026-07-07T14:11:00.265862,2026-07-07T14:11:00.269958+00:00,150.8,12,ask,,,10954320
2026-07-07T14:11:01.221745,2026-07-07T14:11:01.232038+00:00,151.0,20,bid,,,10954337
2026-07-07T14:11:02.872958,2026-07-07T14:11:02.884440+00:00,150.8,200,ask,,,10954374
2026-07-07T14:11:04.180543,2026-07-07T14:11:04.189608+00:00,150.7,200,bid,,,10954386
2026-07-07T14:11:05.688988,2026-07-07T14:11:05.700907+00:00,150.6,20,ask,,,10954407
2026-07-07T14:11:06.807796,2026-07-07T14:11:06.814293+00:00,150.7,200,ask,,,10954424
2026-07-07T14:11:07.420094,2026-07-07T14:11:07.430836+00:00,150.4,12,ask,,,10954437
2026-07-07T14:11:07.529294,2026-07-07T14:11:07.535816+00:00,150.7,200,bid,,,10954438
2026-07-07T14:11:08.130048,2026-07-07T14:11:08.133785+00:00,150.7,11,ask,,,10954446
2026-07-07T14:11:09.950746,2026-07-07T14:11:09.953971+00:00,150.8,200,bid,,,10954469
2026-07-07T14:11:10.365543,2026-07-07T14:11:10.375059+00:00,150.6,20,ask,,,10954472
2026-07-07T14:11:10.988998,2026-07-07T14:11:11.000529+00:00,150.7,12,ask,,,10954482
2026-07-07T14:11:11.516371,2026-07-07T14:11:11.529358+00:00,150.8,12,bid,,,10954496
2026-07-07T14:11:12.715139,2026-07-07T14:11:12.724092+00:00,150.7,500,ask,,,10954517
2026-07-07T14:11:13.281625,2026-07-07T14:11:13.288529+00:00,150.7,12,ask,,,10954525
2026-07-07T14:11:13.307182,2026-07-07T14:11:13.314767+00:00,150.7,113,ask,,,10954526
2026-07-07T14:11:15.976092,2026-07-07T14:11:15.979656+00:00,150.6,12,ask,,,10954573
2026-07-07T14:11:17.286300,2026-07-07T14:11:17.307844+00:00,150.7,500,bid,,,10954594
2026-07-07T14:11:17.303782,2026-07-07T14:11:17.307844+00:00,150.7,11,ask,,,10954596
2026-07-07T14:11:17.553832,2026-07-07T14:11:17.554268+00:00,150.7,114,ask,,,10954598
2026-07-07T14:11:18.596833,2026-07-07T14:11:18.606592+00:00,150.6,200,ask,,,10954615
2026-07-07T14:11:19.811631,2026-07-07T14:11:19.819797+00:00,150.5,12,ask,,,10954638
2026-07-07T14:11:22.020703,2026-07-07T14:11:22.032331+00:00,150.7,20,bid,,,10954670
2026-07-07T14:11:24.507375,2026-07-07T14:11:24.518821+00:00,150.6,200,bid,,,10954711
2026-07-07T14:11:26.093409,2026-07-07T14:11:26.102679+00:00,150.7,12,bid,,,10954729
2026-07-07T14:11:29.347430,2026-07-07T14:11:29.358603+00:00,150.2,200,ask,,,10954784
2026-07-07T14:11:30.392148,2026-07-07T14:11:30.399772+00:00,150.2,12,ask,,,10954804
2026-07-07T14:11:30.562618,2026-07-07T14:11:30.571391+00:00,150.2,200,ask,,,10954811
2026-07-07T14:11:33.047730,2026-07-07T14:11:33.058697+00:00,150.1,200,ask,,,10954858
2026-07-07T14:11:34.183100,2026-07-07T14:11:34.190852+00:00,150.1,200,bid,,,10954871
2026-07-07T14:11:34.694905,2026-07-07T14:11:34.702566+00:00,150.2,12,ask,,,10954884
2026-07-07T14:11:34.959372,2026-07-07T14:11:34.963932+00:00,150.2,11,ask,,,10954896
2026-07-07T14:11:35.397668,2026-07-07T14:11:35.404795+00:00,150.2,200,ask,,,10954905
2026-07-07T14:11:36.732684,2026-07-07T14:11:36.743242+00:00,150.1,12,ask,,,10954923
2026-07-07T14:11:41.464494,2026-07-07T14:11:41.468756+00:00,150.1,11,bid,,,10955018
2026-07-07T14:11:42.225711,2026-07-07T14:11:42.235280+00:00,150.1,189,bid,,,10955029
2026-07-07T14:11:42.658010,2026-07-07T14:11:42.665980+00:00,150.2,200,ask,,,10955041
2026-07-07T14:11:45.288081,2026-07-07T14:11:45.298109+00:00,150.1,12,bid,,,10955083
2026-07-07T14:11:46.296020,2026-07-07T14:11:46.307394+00:00,149.9,12,ask,,,10955101
2026-07-07T14:11:47.478829,2026-07-07T14:11:47.488005+00:00,150.0,200,bid,,,10955120
2026-07-07T14:11:47.511424,2026-07-07T14:11:47.519380+00:00,150.0,200,ask,,,10955122
2026-07-07T14:11:47.615418,2026-07-07T14:11:47.619868+00:00,150.0,23,ask,,,10955127
2026-07-07T14:11:47.809492,2026-07-07T14:11:47.819783+00:00,150.0,12,ask,,,10955128
2026-07-07T14:11:48.722155,2026-07-07T14:11:48.729392+00:00,150.0,190,ask,,,10955142
2026-07-07T14:11:49.330115,2026-07-07T14:11:49.341153+00:00,149.7,12,ask,,,10955154
2026-07-07T14:11:49.866495,2026-07-07T14:11:49.876365+00:00,149.7,20,ask,,,10955162
2026-07-07T14:11:52.736435,2026-07-07T14:11:52.743741+00:00,149.8,200,ask,,,10955203
2026-07-07T14:11:52.756159,2026-07-07T14:11:52.760524+00:00,149.7,12,bid,,,10955205
2026-07-07T14:11:54.161004,2026-07-07T14:11:54.169442+00:00,149.5,24,ask,,,10955249
2026-07-07T14:11:56.672232,2026-07-07T14:11:56.692390+00:00,149.7,200,bid,,,10955290
2026-07-07T14:11:56.688263,2026-07-07T14:11:56.692390+00:00,149.7,23,ask,,,10955292
2026-07-07T14:11:57.212584,2026-07-07T14:11:57.216438+00:00,149.8,11,bid,,,10955301
2026-07-07T14:11:57.454824,2026-07-07T14:11:57.458614+00:00,149.7,6,ask,,,10955310
2026-07-07T14:11:57.979148,2026-07-07T14:11:57.987158+00:00,149.7,6,ask,,,10955323
2026-07-07T14:12:00.032495,2026-07-07T14:12:00.044336+00:00,149.8,12,bid,,,10955352
2026-07-07T14:12:02.043166,2026-07-07T14:12:02.058555+00:00,149.7,200,bid,,,10955384
2026-07-07T14:12:04.466736,2026-07-07T14:12:04.474072+00:00,149.8,200,bid,,,10955419
2026-07-07T14:12:04.554621,2026-07-07T14:12:04.563812+00:00,149.8,500,bid,,,10955423
2026-07-07T14:12:04.797563,2026-07-07T14:12:04.804781+00:00,149.8,125,ask,,,10955426
2026-07-07T14:12:05.627686,2026-07-07T14:12:05.638905+00:00,149.8,12,bid,,,10955442
2026-07-07T14:12:05.891402,2026-07-07T14:12:05.896213+00:00,149.7,12,bid,,,10955453
2026-07-07T14:12:06.409653,2026-07-07T14:12:06.417024+00:00,149.7,12,bid,,,10955461
2026-07-07T14:12:06.793804,2026-07-07T14:12:06.801273+00:00,149.7,20,bid,,,10955468
2026-07-07T14:12:12.961011,2026-07-07T14:12:12.968910+00:00,149.8,200,bid,,,10955577
2026-07-07T14:12:13.742568,2026-07-07T14:12:13.746363+00:00,149.8,23,ask,,,10955588
2026-07-07T14:12:13.870203,2026-07-07T14:12:13.881268+00:00,149.8,102,ask,,,10955592
2026-07-07T14:12:14.160447,2026-07-07T14:12:14.170278+00:00,148.9,12,ask,,,10955599
2026-07-07T14:12:15.032931,2026-07-07T14:12:15.043592+00:00,149.6,200,ask,,,10955619
2026-07-07T14:12:15.375920,2026-07-07T14:12:15.386589+00:00,149.6,200,bid,,,10955621
2026-07-07T14:12:16.359439,2026-07-07T14:12:16.363449+00:00,149.7,6,ask,,,10955635
2026-07-07T14:12:17.172785,2026-07-07T14:12:17.176754+00:00,149.8,6,bid,,,10955658
2026-07-07T14:12:17.218539,2026-07-07T14:12:17.226668+00:00,149.7,12,ask,,,10955659
2026-07-07T14:12:20.241453,2026-07-07T14:12:20.248485+00:00,149.7,200,ask,,,10955713
2026-07-07T14:12:22.500485,2026-07-07T14:12:22.509598+00:00,149.7,12,ask,,,10955744
2026-07-07T14:12:23.259109,2026-07-07T14:12:23.270595+00:00,149.8,12,bid,,,10955759
2026-07-07T14:12:23.870928,2026-07-07T14:12:23.881963+00:00,149.7,200,ask,,,10955777
2026-07-07T14:12:24.857359,2026-07-07T14:12:24.869062+00:00,149.6,20,ask,,,10955787
2026-07-07T14:12:25.083661,2026-07-07T14:12:25.091066+00:00,149.6,200,ask,,,10955789
2026-07-07T14:12:25.289977,2026-07-07T14:12:25.301579+00:00,149.8,12,bid,,,10955793
2026-07-07T14:12:25.558841,2026-07-07T14:12:25.562808+00:00,149.8,11,bid,,,10955799
2026-07-07T14:12:25.809415,2026-07-07T14:12:25.821006+00:00,149.8,12,bid,,,10955806
2026-07-07T14:12:25.813589,2026-07-07T14:12:25.821006+00:00,149.5,20,ask,,,10955807
2026-07-07T14:12:26.294676,2026-07-07T14:12:26.301964+00:00,149.5,200,ask,,,10955812
2026-07-07T14:12:26.888425,2026-07-07T14:12:26.892542+00:00,149.6,23,bid,,,10955823
2026-07-07T14:12:27.327490,2026-07-07T14:12:27.339119+00:00,149.6,12,bid,,,10955835
2026-07-07T14:12:27.525782,2026-07-07T14:12:27.529740+00:00,149.4,23,bid,,,10955837
2026-07-07T14:12:29.848358,2026-07-07T14:12:29.860069+00:00,149.2,12,ask,,,10955882
2026-07-07T14:12:30.796602,2026-07-07T14:12:30.803883+00:00,149.3,200,bid,,,10955895
2026-07-07T14:12:33.572230,2026-07-07T14:12:33.581390+00:00,149.4,200,bid,,,10955933
2026-07-07T14:12:34.780756,2026-07-07T14:12:34.788044+00:00,149.4,200,bid,,,10955954
2026-07-07T14:12:35.404772,2026-07-07T14:12:35.416546+00:00,149.4,12,bid,,,10955966
2026-07-07T14:12:38.172665,2026-07-07T14:12:38.181344+00:00,149.2,12,ask,,,10956006
2026-07-07T14:12:39.446341,2026-07-07T14:12:39.458598+00:00,149.2,12,bid,,,10956022
2026-07-07T14:12:39.972882,2026-07-07T14:12:39.992421+00:00,149.1,200,ask,,,10956031
2026-07-07T14:12:39.988797,2026-07-07T14:12:39.992421+00:00,149.0,11,bid,,,10956033
2026-07-07T14:12:40.716973,2026-07-07T14:12:40.726195+00:00,149.0,12,bid,,,10956051
2026-07-07T14:12:40.822541,2026-07-07T14:12:40.834334+00:00,149.0,200,bid,,,10956052
2026-07-07T14:12:43.264674,2026-07-07T14:12:43.268713+00:00,149.1,11,ask,,,10956094
2026-07-07T14:12:43.500628,2026-07-07T14:12:43.512611+00:00,149.2,11,bid,,,10956095
2026-07-07T14:12:44.455564,2026-07-07T14:12:44.463683+00:00,149.2,200,bid,,,10956115
2026-07-07T14:12:46.283965,2026-07-07T14:12:46.296020+00:00,149.4,12,bid,,,10956137
2026-07-07T14:12:47.196130,2026-07-07T14:12:47.202879+00:00,149.3,200,ask,,,10956153
2026-07-07T14:12:47.856529,2026-07-07T14:12:47.865141+00:00,149.3,500,bid,,,10956167
2026-07-07T14:12:48.392893,2026-07-07T14:12:48.399534+00:00,149.3,125,ask,,,10956186
2026-07-07T14:12:50.511878,2026-07-07T14:12:50.523506+00:00,149.2,200,ask,,,10956213
2026-07-07T14:12:50.573977,2026-07-07T14:12:50.585534+00:00,149.3,12,bid,,,10956216
2026-07-07T14:12:50.945526,2026-07-07T14:12:50.949616+00:00,149.2,23,ask,,,10956223
2026-07-07T14:12:51.089561,2026-07-07T14:12:51.098847+00:00,149.2,12,ask,,,10956230
2026-07-07T14:12:51.790598,2026-07-07T14:12:51.797169+00:00,149.3,500,bid,,,10956239
2026-07-07T14:12:51.807966,2026-07-07T14:12:51.812143+00:00,149.3,11,ask,,,10956241
2026-07-07T14:12:52.009398,2026-07-07T14:12:52.020601+00:00,149.3,114,ask,,,10956252
2026-07-07T14:12:53.099916,2026-07-07T14:12:53.119494+00:00,149.2,200,ask,,,10956262
2026-07-07T14:12:53.115583,2026-07-07T14:12:53.119494+00:00,149.1,11,bid,,,10956263
2026-07-07T14:12:54.140367,2026-07-07T14:12:54.148473+00:00,149.1,200,bid,,,10956280
2026-07-07T14:12:55.382429,2026-07-07T14:12:55.394196+00:00,149.1,12,ask,,,10956312
2026-07-07T14:12:58.987720,2026-07-07T14:12:58.996379+00:00,149.2,200,bid,,,10956358
2026-07-07T14:12:59.148141,2026-07-07T14:12:59.158566+00:00,149.2,12,bid,,,10956361
2026-07-07T14:13:02.923098,2026-07-07T14:13:02.945041+00:00,149.1,200,ask,,,10956429
2026-07-07T14:13:02.940986,2026-07-07T14:13:02.945041+00:00,149.1,11,bid,,,10956431
2026-07-07T14:13:03.524579,2026-07-07T14:13:03.533088+00:00,149.0,500,ask,,,10956437
2026-07-07T14:13:03.675717,2026-07-07T14:13:03.679938+00:00,149.0,12,bid,,,10956441
2026-07-07T14:13:03.852849,2026-07-07T14:13:03.858589+00:00,149.0,200,bid,,,10956442
2026-07-07T14:13:05.065698,2026-07-07T14:13:05.074137+00:00,149.0,200,bid,,,10956456
2026-07-07T14:13:05.133869,2026-07-07T14:13:05.145405+00:00,149.0,20,bid,,,10956457
2026-07-07T14:13:07.460321,2026-07-07T14:13:07.472988+00:00,149.0,12,bid,,,10956488
2026-07-07T14:13:07.785346,2026-07-07T14:13:07.797442+00:00,149.1,20,bid,,,10956497
2026-07-07T14:13:10.179134,2026-07-07T14:13:10.188992+00:00,149.1,200,ask,,,10956525
2026-07-07T14:13:11.421408,2026-07-07T14:13:11.431266+00:00,149.0,200,ask,,,10956544
2026-07-07T14:13:11.549993,2026-07-07T14:13:11.558589+00:00,149.0,300,bid,,,10956545
2026-07-07T14:13:11.749785,2026-07-07T14:13:11.756536+00:00,149.2,12,bid,,,10956552
2026-07-07T14:13:11.839042,2026-07-07T14:13:11.850838+00:00,149.2,20,bid,,,10956554
2026-07-07T14:13:12.011352,2026-07-07T14:13:12.022548+00:00,149.0,325,ask,,,10956558
2026-07-07T14:13:12.429111,2026-07-07T14:13:12.440720+00:00,149.0,20,bid,,,10956564
2026-07-07T14:13:12.778784,2026-07-07T14:13:12.787438+00:00,149.0,12,bid,,,10956572
2026-07-07T14:13:14.774905,2026-07-07T14:13:14.785428+00:00,149.0,20,bid,,,10956608
2026-07-07T14:13:16.874464,2026-07-07T14:13:16.884839+00:00,148.8,500,ask,,,10956638
2026-07-07T14:13:17.171672,2026-07-07T14:13:17.178131+00:00,149.1,200,bid,,,10956642
2026-07-07T14:13:17.471338,2026-07-07T14:13:17.498894+00:00,148.8,125,ask,,,10956644
2026-07-07T14:13:17.494998,2026-07-07T14:13:17.498894+00:00,148.8,11,bid,,,10956647
2026-07-07T14:13:17.779683,2026-07-07T14:13:17.791352+00:00,148.8,20,bid,,,10956654
2026-07-07T14:13:18.381203,2026-07-07T14:13:18.390402+00:00,148.8,200,bid,,,10956664
2026-07-07T14:13:20.492305,2026-07-07T14:13:20.500407+00:00,148.8,500,ask,,,10956711
2026-07-07T14:13:20.748127,2026-07-07T14:13:20.758575+00:00,148.8,200,ask,,,10956717
2026-07-07T14:13:20.796117,2026-07-07T14:13:20.805056+00:00,148.8,200,bid,,,10956718
2026-07-07T14:13:22.537465,2026-07-07T14:13:22.541375+00:00,148.9,12,bid,,,10956745
2026-07-07T14:13:25.874078,2026-07-07T14:13:25.885124+00:00,149.0,20,bid,,,10956797
2026-07-07T14:13:26.792820,2026-07-07T14:13:26.796999+00:00,149.0,11,bid,,,10956815
2026-07-07T14:13:26.865156,2026-07-07T14:13:26.876381+00:00,149.0,200,bid,,,10956818
2026-07-07T14:13:27.149700,2026-07-07T14:13:27.158634+00:00,148.9,500,ask,,,10956825
2026-07-07T14:13:27.336863,2026-07-07T14:13:27.341275+00:00,148.8,3,bid,,,10956834
2026-07-07T14:13:28.075895,2026-07-07T14:13:28.085307+00:00,148.8,200,bid,,,10956839
2026-07-07T14:13:29.284470,2026-07-07T14:13:29.295327+00:00,148.9,200,bid,,,10956861
2026-07-07T14:13:32.552082,2026-07-07T14:13:32.558615+00:00,148.8,500,bid,,,10956921
2026-07-07T14:13:32.593463,2026-07-07T14:13:32.605332+00:00,148.8,125,ask,,,10956923
2026-07-07T14:13:32.593463,2026-07-07T14:13:32.605332+00:00,148.7,200,ask,,,10956924
2026-07-07T14:13:34.146757,2026-07-07T14:13:34.163845+00:00,148.7,200,bid,,,10956957
2026-07-07T14:13:34.403601,2026-07-07T14:13:34.410702+00:00,148.6,500,ask,,,10956965
2026-07-07T14:13:35.039328,2026-07-07T14:13:35.058635+00:00,148.6,125,ask,,,10956974
2026-07-07T14:13:35.247641,2026-07-07T14:13:35.251953+00:00,148.3,26,ask,,,10956978
2026-07-07T14:13:35.354476,2026-07-07T14:13:35.361953+00:00,148.5,200,bid,,,10956983
2026-07-07T14:13:36.565398,2026-07-07T14:13:36.574619+00:00,148.5,200,bid,,,10957001
2026-07-07T14:13:37.074088,2026-07-07T14:13:37.083603+00:00,148.3,11,ask,,,10957009
2026-07-07T14:13:37.774616,2026-07-07T14:13:37.781416+00:00,148.5,200,bid,,,10957018
2026-07-07T14:13:38.417129,2026-07-07T14:13:38.421633+00:00,148.7,12,bid,,,10957029
2026-07-07T14:13:38.985650,2026-07-07T14:13:38.994558+00:00,148.7,200,bid,,,10957040
2026-07-07T14:13:39.100727,2026-07-07T14:13:39.110335+00:00,148.4,12,ask,,,10957046
2026-07-07T14:13:40.371783,2026-07-07T14:13:40.381067+00:00,148.6,11,ask,,,10957062
2026-07-07T14:13:40.463749,2026-07-07T14:13:40.474570+00:00,148.6,200,ask,,,10957066
2026-07-07T14:13:40.463749,2026-07-07T14:13:40.474570+00:00,148.6,300,ask,,,10957067
2026-07-07T14:13:41.089162,2026-07-07T14:13:41.097708+00:00,148.6,325,ask,,,10957086
2026-07-07T14:13:41.408053,2026-07-07T14:13:41.426936+00:00,148.5,175,bid,,,10957091
2026-07-07T14:13:41.422954,2026-07-07T14:13:41.426936+00:00,148.6,12,ask,,,10957094
2026-07-07T14:13:41.663522,2026-07-07T14:13:41.671649+00:00,148.8,12,bid,,,10957097
2026-07-07T14:13:41.691224,2026-07-07T14:13:41.702632+00:00,148.6,13,ask,,,10957098
2026-07-07T14:13:42.432525,2026-07-07T14:13:42.444320+00:00,148.5,12,bid,,,10957111
2026-07-07T14:13:42.902516,2026-07-07T14:13:42.911748+00:00,148.4,200,ask,,,10957119
2026-07-07T14:13:43.058799,2026-07-07T14:13:43.069120+00:00,148.4,300,bid,,,10957124
2026-07-07T14:13:43.502451,2026-07-07T14:13:43.511410+00:00,148.4,325,ask,,,10957134
2026-07-07T14:13:43.830476,2026-07-07T14:13:43.837793+00:00,148.4,175,bid,,,10957143
2026-07-07T14:13:44.102666,2026-07-07T14:13:44.110535+00:00,148.4,25,ask,,,10957150
2026-07-07T14:13:44.464527,2026-07-07T14:13:44.558696+00:00,147.8,12,ask,,,10957157
2026-07-07T14:13:44.748861,2026-07-07T14:13:44.752735+00:00,147.8,34,ask,,,10957164
2026-07-07T14:13:44.992943,2026-07-07T14:13:45.007502+00:00,147.8,12,ask,,,10957166
2026-07-07T14:13:45.043105,2026-07-07T14:13:45.058577+00:00,148.1,200,bid,,,10957167
2026-07-07T14:13:45.502696,2026-07-07T14:13:45.511632+00:00,147.8,12,ask,,,10957178
2026-07-07T14:13:45.693391,2026-07-07T14:13:45.697160+00:00,147.9,11,ask,,,10957185
2026-07-07T14:13:46.255124,2026-07-07T14:13:46.258613+00:00,148.2,200,bid,,,10957193
2026-07-07T14:13:49.634024,2026-07-07T14:13:49.643498+00:00,148.2,200,ask,,,10957254
2026-07-07T14:13:49.792498,2026-07-07T14:13:49.801105+00:00,147.9,11,ask,,,10957257
2026-07-07T14:13:50.952274,2026-07-07T14:13:50.958562+00:00,148.1,200,ask,,,10957270
2026-07-07T14:13:51.561861,2026-07-07T14:13:51.573260+00:00,148.1,12,bid,,,10957282
2026-07-07T14:13:52.307438,2026-07-07T14:13:52.315181+00:00,148.2,200,bid,,,10957300
2026-07-07T14:13:53.568242,2026-07-07T14:13:53.577433+00:00,148.2,200,bid,,,10957323
2026-07-07T14:13:55.032830,2026-07-07T14:13:55.037676+00:00,148.2,11,bid,,,10957349
2026-07-07T14:13:55.933571,2026-07-07T14:13:55.945131+00:00,148.2,200,bid,,,10957361
2026-07-07T14:13:56.114268,2026-07-07T14:13:56.128094+00:00,148.2,12,bid,,,10957364
2026-07-07T14:13:57.122249,2026-07-07T14:13:57.133931+00:00,148.0,20,ask,,,10957384
2026-07-07T14:13:57.144449,2026-07-07T14:13:57.151787+00:00,148.2,200,bid,,,10957385
2026-07-07T14:13:58.137076,2026-07-07T14:13:58.148982+00:00,148.2,12,bid,,,10957407
2026-07-07T14:13:58.352802,2026-07-07T14:13:58.358674+00:00,148.2,200,bid,,,10957414
2026-07-07T14:13:59.863627,2026-07-07T14:13:59.871376+00:00,148.1,500,ask,,,10957435
2026-07-07T14:14:00.007404,2026-07-07T14:14:00.014019+00:00,148.2,20,bid,,,10957439
2026-07-07T14:14:00.148162,2026-07-07T14:14:00.152184+00:00,148.0,11,bid,,,10957449
2026-07-07T14:14:00.170374,2026-07-07T14:14:00.177933+00:00,148.0,12,bid,,,10957451
2026-07-07T14:14:00.542644,2026-07-07T14:14:00.546781+00:00,148.0,12,bid,,,10957458
2026-07-07T14:14:02.748141,2026-07-07T14:14:02.754960+00:00,147.8,200,ask,,,10957489
2026-07-07T14:14:02.765282,2026-07-07T14:14:02.770162+00:00,147.8,23,bid,,,10957491
2026-07-07T14:14:03.231040,2026-07-07T14:14:03.237998+00:00,147.8,10,bid,,,10957501
2026-07-07T14:14:13.251281,2026-07-07T14:14:13.257053+00:00,148.1,200,ask,,,10957644
2026-07-07T14:14:19.352009,2026-07-07T14:14:19.356257+00:00,148.0,12,ask,,,10957730
2026-07-07T14:14:19.591073,2026-07-07T14:14:19.595965+00:00,148.0,12,ask,,,10957735
2026-07-07T14:14:21.346883,2026-07-07T14:14:21.356444+00:00,148.1,200,bid,,,10957758
2026-07-07T14:14:22.555585,2026-07-07T14:14:22.564968+00:00,148.0,200,bid,,,10957773
2026-07-07T14:14:23.769746,2026-07-07T14:14:23.779311+00:00,148.0,200,bid,,,10957794
2026-07-07T14:14:24.442363,2026-07-07T14:14:24.451479+00:00,147.7,12,ask,,,10957801
2026-07-07T14:14:24.979434,2026-07-07T14:14:24.988857+00:00,147.9,200,bid,,,10957807
2026-07-07T14:14:25.711546,2026-07-07T14:14:25.718497+00:00,147.6,12,ask,,,10957823
2026-07-07T14:14:25.907212,2026-07-07T14:14:25.910774+00:00,147.6,11,ask,,,10957828
2026-07-07T14:14:26.188430,2026-07-07T14:14:26.197331+00:00,147.9,200,bid,,,10957830
2026-07-07T14:14:27.398249,2026-07-07T14:14:27.406857+00:00,147.9,200,bid,,,10957851
2026-07-07T14:14:27.736100,2026-07-07T14:14:27.740806+00:00,147.9,34,ask,,,10957864
2026-07-07T14:14:28.293716,2026-07-07T14:14:28.303403+00:00,147.9,500,ask,,,10957873
2026-07-07T14:14:28.888506,2026-07-07T14:14:28.895966+00:00,147.9,91,ask,,,10957878
2026-07-07T14:14:28.888506,2026-07-07T14:14:28.900993+00:00,147.8,200,ask,,,10957879
2026-07-07T14:14:30.375380,2026-07-07T14:14:30.379496+00:00,147.6,11,bid,,,10957922
2026-07-07T14:14:30.571261,2026-07-07T14:14:30.580212+00:00,147.5,11,ask,,,10957924
2026-07-07T14:14:31.077391,2026-07-07T14:14:31.089052+00:00,147.6,5,bid,,,10957932
2026-07-07T14:14:31.569783,2026-07-07T14:14:31.580753+00:00,147.6,20,bid,,,10957939
2026-07-07T14:14:31.583602,2026-07-07T14:14:31.591148+00:00,147.6,4,bid,,,10957940
2026-07-07T14:14:32.089319,2026-07-07T14:14:32.097558+00:00,147.6,3,bid,,,10957955
2026-07-07T14:14:32.249578,2026-07-07T14:14:32.258582+00:00,147.6,200,bid,,,10957958
2026-07-07T14:14:35.890520,2026-07-07T14:14:35.900954+00:00,147.4,200,ask,,,10958013
2026-07-07T14:14:36.120600,2026-07-07T14:14:36.132198+00:00,147.7,12,bid,,,10958018
2026-07-07T14:14:37.100525,2026-07-07T14:14:37.107856+00:00,147.4,200,ask,,,10958037
2026-07-07T14:14:38.259028,2026-07-07T14:14:38.262994+00:00,147.5,11,bid,,,10958050
2026-07-07T14:14:38.389398,2026-07-07T14:14:38.396096+00:00,147.5,12,bid,,,10958055
2026-07-07T14:14:40.414869,2026-07-07T14:14:40.425307+00:00,147.5,11,bid,,,10958103
2026-07-07T14:14:42.047340,2026-07-07T14:14:42.061081+00:00,147.3,20,ask,,,10958132
2026-07-07T14:14:42.759729,2026-07-07T14:14:42.763791+00:00,147.6,12,bid,,,10958147
2026-07-07T14:14:43.513422,2026-07-07T14:14:43.518212+00:00,147.5,11,bid,,,10958168
2026-07-07T14:14:50.063061,2026-07-07T14:14:50.070827+00:00,147.5,200,bid,,,10958272
2026-07-07T14:14:51.380858,2026-07-07T14:14:51.391416+00:00,147.5,200,ask,,,10958299
2026-07-07T14:14:52.705910,2026-07-07T14:14:52.710180+00:00,147.4,12,bid,,,10958313
2026-07-07T14:14:52.850974,2026-07-07T14:14:52.863616+00:00,147.4,200,bid,,,10958315
2026-07-07T14:14:55.314946,2026-07-07T14:14:55.334880+00:00,147.4,200,bid,,,10958366
2026-07-07T14:14:55.330833,2026-07-07T14:14:55.334880+00:00,147.4,23,ask,,,10958368
2026-07-07T14:14:56.482727,2026-07-07T14:14:56.489681+00:00,147.4,200,ask,,,10958385
2026-07-07T14:14:57.492413,2026-07-07T14:14:57.496376+00:00,147.5,11,bid,,,10958412
2026-07-07T14:14:57.691025,2026-07-07T14:14:57.698415+00:00,147.3,200,ask,,,10958416
2026-07-07T14:14:57.992567,2026-07-07T14:14:57.997463+00:00,147.4,12,bid,,,10958424
2026-07-07T14:14:58.944326,2026-07-07T14:14:58.958601+00:00,147.4,20,bid,,,10958443
2026-07-07T14:14:59.262164,2026-07-07T14:14:59.268957+00:00,147.2,200,ask,,,10958451
2026-07-07T14:15:03.831382,2026-07-07T14:15:03.835754+00:00,147.3,11,bid,,,10958533
2026-07-07T14:15:04.502898,2026-07-07T14:15:04.512749+00:00,147.3,200,bid,,,10958546
2026-07-07T14:15:06.387045,2026-07-07T14:15:06.398736+00:00,147.1,20,ask,,,10958575
2026-07-07T14:15:08.617014,2026-07-07T14:15:08.627281+00:00,147.2,200,ask,,,10958596
2026-07-07T14:15:12.131687,2026-07-07T14:15:12.143639+00:00,147.4,20,bid,,,10958646
2026-07-07T14:15:17.092258,2026-07-07T14:15:17.101996+00:00,147.4,200,bid,,,10958726
2026-07-07T14:15:17.954478,2026-07-07T14:15:17.963608+00:00,147.2,500,ask,,,10958738
2026-07-07T14:15:18.551751,2026-07-07T14:15:18.561150+00:00,147.3,200,ask,,,10958748
2026-07-07T14:15:18.551751,2026-07-07T14:15:18.561150+00:00,147.2,125,ask,,,10958749
2026-07-07T14:15:18.930340,2026-07-07T14:15:18.934619+00:00,147.1,3,bid,,,10958758
2026-07-07T14:15:19.084937,2026-07-07T14:15:19.096551+00:00,147.1,20,bid,,,10958759
2026-07-07T14:15:19.507644,2026-07-07T14:15:19.516911+00:00,147.1,200,bid,,,10958768
2026-07-07T14:15:20.245792,2026-07-07T14:15:20.250194+00:00,147.0,3,ask,,,10958782
2026-07-07T14:15:20.734058,2026-07-07T14:15:20.738444+00:00,147.1,11,ask,,,10958793
2026-07-07T14:15:21.581194,2026-07-07T14:15:21.590069+00:00,147.1,189,ask,,,10958815
2026-07-07T14:15:22.818712,2026-07-07T14:15:22.822933+00:00,147.0,11,bid,,,10958832
2026-07-07T14:15:22.866262,2026-07-07T14:15:22.873264+00:00,147.0,489,bid,,,10958834
2026-07-07T14:15:23.374495,2026-07-07T14:15:23.383274+00:00,147.0,136,ask,,,10958843
2026-07-07T14:15:23.374495,2026-07-07T14:15:23.383274+00:00,147.0,200,ask,,,10958844
2026-07-07T14:15:23.398345,2026-07-07T14:15:23.403039+00:00,146.9,3,bid,,,10958847
2026-07-07T14:15:24.341645,2026-07-07T14:15:24.350378+00:00,146.9,200,bid,,,10958869
2026-07-07T14:15:25.488981,2026-07-07T14:15:25.495986+00:00,146.9,500,bid,,,10958894
2026-07-07T14:15:28.122639,2026-07-07T14:15:28.132385+00:00,146.8,200,ask,,,10958939
2026-07-07T14:15:29.177036,2026-07-07T14:15:29.185182+00:00,146.8,200,bid,,,10958960
2026-07-07T14:15:30.780853,2026-07-07T14:15:30.789793+00:00,146.6,200,ask,,,10958978
2026-07-07T14:15:34.713351,2026-07-07T14:15:34.723859+00:00,146.7,200,bid,,,10959037
2026-07-07T14:15:34.713351,2026-07-07T14:15:34.723859+00:00,146.9,425,bid,,,10959038
2026-07-07T14:15:36.422317,2026-07-07T14:15:36.431033+00:00,146.7,20,ask,,,10959077
2026-07-07T14:15:37.336577,2026-07-07T14:15:37.343430+00:00,146.7,500,ask,,,10959085
2026-07-07T14:15:37.386206,2026-07-07T14:15:37.395111+00:00,146.7,200,ask,,,10959090
2026-07-07T14:15:37.398189,2026-07-07T14:15:37.416707+00:00,146.5,100,bid,,,10959092
2026-07-07T14:15:37.411949,2026-07-07T14:15:37.431969+00:00,146.5,14,bid,,,10959095
2026-07-07T14:15:37.496888,2026-07-07T14:15:37.508647+00:00,146.3,14,ask,,,10959097
2026-07-07T14:15:37.633737,2026-07-07T14:15:37.644134+00:00,146.5,200,bid,,,10959103
2026-07-07T14:15:38.703816,2026-07-07T14:15:38.720959+00:00,146.7,500,bid,,,10959121
2026-07-07T14:15:38.716938,2026-07-07T14:15:38.720959+00:00,146.7,14,ask,,,10959124
2026-07-07T14:15:38.726997,2026-07-07T14:15:38.731129+00:00,146.7,14,ask,,,10959126
2026-07-07T14:15:38.844116,2026-07-07T14:15:38.851004+00:00,146.7,97,ask,,,10959131
2026-07-07T14:15:40.025177,2026-07-07T14:15:40.031823+00:00,146.5,200,ask,,,10959152
2026-07-07T14:15:40.052517,2026-07-07T14:15:40.058624+00:00,146.5,200,bid,,,10959153
2026-07-07T14:15:41.261503,2026-07-07T14:15:41.270398+00:00,146.5,200,bid,,,10959170
2026-07-07T14:15:41.814489,2026-07-07T14:15:41.818212+00:00,146.6,14,bid,,,10959182
2026-07-07T14:15:41.967500,2026-07-07T14:15:41.979520+00:00,146.6,20,bid,,,10959187
2026-07-07T14:15:43.013034,2026-07-07T14:15:43.022952+00:00,146.6,20,bid,,,10959211
2026-07-07T14:15:44.896043,2026-07-07T14:15:44.907718+00:00,146.5,200,ask,,,10959241
2026-07-07T14:15:46.104313,2026-07-07T14:15:46.111703+00:00,146.6,200,ask,,,10959265
2026-07-07T14:15:47.313014,2026-07-07T14:15:47.319835+00:00,146.6,200,ask,,,10959283
2026-07-07T14:15:48.523615,2026-07-07T14:15:48.535480+00:00,146.6,200,ask,,,10959298
2026-07-07T14:15:49.735063,2026-07-07T14:15:49.745181+00:00,146.5,200,ask,,,10959323
2026-07-07T14:15:52.410346,2026-07-07T14:15:52.424546+00:00,146.5,20,ask,,,10959370
2026-07-07T14:15:53.190553,2026-07-07T14:15:53.199733+00:00,146.5,180,ask,,,10959390
2026-07-07T14:15:54.540674,2026-07-07T14:15:54.552413+00:00,146.4,20,ask,,,10959418
2026-07-07T14:15:54.564671,2026-07-07T14:15:54.572329+00:00,146.7,200,bid,,,10959420
2026-07-07T14:15:55.639034,2026-07-07T14:15:55.646015+00:00,146.4,86,ask,,,10959443
2026-07-07T14:15:55.777737,2026-07-07T14:15:55.786495+00:00,146.7,200,bid,,,10959444
2026-07-07T14:15:55.833110,2026-07-07T14:15:55.837860+00:00,146.6,14,ask,,,10959448
2026-07-07T14:15:57.125798,2026-07-07T14:15:57.132170+00:00,146.7,500,bid,,,10959479
2026-07-07T14:15:57.287547,2026-07-07T14:15:57.296706+00:00,146.7,125,ask,,,10959483
2026-07-07T14:15:57.626006,2026-07-07T14:15:57.633252+00:00,146.7,20,bid,,,10959485
2026-07-07T14:15:58.457068,2026-07-07T14:15:58.461325+00:00,146.6,11,bid,,,10959505
2026-07-07T14:15:58.532357,2026-07-07T14:15:58.539942+00:00,146.6,5,bid,,,10959506
2026-07-07T14:15:59.406085,2026-07-07T14:15:59.417405+00:00,146.6,200,bid,,,10959516
2026-07-07T14:15:59.773492,2026-07-07T14:15:59.777633+00:00,146.5,3,bid,,,10959522
2026-07-07T14:16:00.096369,2026-07-07T14:16:00.107570+00:00,146.5,5,bid,,,10959532
2026-07-07T14:16:00.618253,2026-07-07T14:16:00.627306+00:00,146.5,200,bid,,,10959542
2026-07-07T14:16:01.828252,2026-07-07T14:16:01.837197+00:00,146.6,200,bid,,,10959560
2026-07-07T14:16:04.257038,2026-07-07T14:16:04.258602+00:00,146.6,200,ask,,,10959608
2026-07-07T14:16:05.463297,2026-07-07T14:16:05.470965+00:00,146.4,200,bid,,,10959634
2026-07-07T14:16:07.641637,2026-07-07T14:16:07.668177+00:00,146.6,200,bid,,,10959674
2026-07-07T14:16:07.663832,2026-07-07T14:16:07.668177+00:00,146.6,3,ask,,,10959676
2026-07-07T14:16:08.202286,2026-07-07T14:16:08.213047+00:00,146.6,422,ask,,,10959692
2026-07-07T14:16:11.633520,2026-07-07T14:16:11.645526+00:00,146.4,12,ask,,,10959749
2026-07-07T14:16:12.008530,2026-07-07T14:16:12.016470+00:00,146.4,5,ask,,,10959754
2026-07-07T14:16:12.525187,2026-07-07T14:16:12.536080+00:00,146.4,5,ask,,,10959762
2026-07-07T14:16:13.545094,2026-07-07T14:16:13.549469+00:00,146.5,11,ask,,,10959777
2026-07-07T14:16:14.208263,2026-07-07T14:16:14.216451+00:00,146.5,200,ask,,,10959786
2026-07-07T14:16:15.149530,2026-07-07T14:16:15.163640+00:00,146.5,200,bid,,,10959804
2026-07-07T14:16:15.540382,2026-07-07T14:16:15.544446+00:00,146.5,23,ask,,,10959812
2026-07-07T14:16:15.964001,2026-07-07T14:16:15.975858+00:00,146.5,12,ask,,,10959822
2026-07-07T14:16:16.358022,2026-07-07T14:16:16.365127+00:00,146.6,200,bid,,,10959827
2026-07-07T14:16:16.832738,2026-07-07T14:16:16.864762+00:00,146.6,500,bid,,,10959834
2026-07-07T14:16:16.860432,2026-07-07T14:16:16.864762+00:00,146.7,23,ask,,,10959836
2026-07-07T14:16:17.273150,2026-07-07T14:16:17.283005+00:00,146.7,102,ask,,,10959842
2026-07-07T14:16:17.566491,2026-07-07T14:16:17.575704+00:00,146.7,200,bid,,,10959849
2026-07-07T14:16:18.007427,2026-07-07T14:16:18.018253+00:00,145.7,12,ask,,,10959861
2026-07-07T14:16:18.277344,2026-07-07T14:16:18.285621+00:00,146.6,12,bid,,,10959870
2026-07-07T14:16:18.775237,2026-07-07T14:16:18.786420+00:00,146.6,200,bid,,,10959881
2026-07-07T14:16:19.458535,2026-07-07T14:16:19.470193+00:00,146.6,500,bid,,,10959888
2026-07-07T14:16:19.712370,2026-07-07T14:16:19.719049+00:00,146.6,125,ask,,,10959890
2026-07-07T14:16:20.000215,2026-07-07T14:16:20.005016+00:00,146.4,11,ask,,,10959900
2026-07-07T14:16:20.062833,2026-07-07T14:16:20.074843+00:00,146.4,12,ask,,,10959901
2026-07-07T14:16:20.344659,2026-07-07T14:16:20.351839+00:00,146.4,12,ask,,,10959907
2026-07-07T14:16:22.421391,2026-07-07T14:16:22.425397+00:00,146.5,12,ask,,,10959948
2026-07-07T14:16:22.985381,2026-07-07T14:16:22.989439+00:00,146.7,12,bid,,,10959963
2026-07-07T14:16:24.825991,2026-07-07T14:16:24.833952+00:00,146.8,200,bid,,,10959999
2026-07-07T14:16:27.690027,2026-07-07T14:16:27.701743+00:00,146.9,20,bid,,,10960044
2026-07-07T14:16:28.458190,2026-07-07T14:16:28.469854+00:00,146.9,200,bid,,,10960062
2026-07-07T14:16:29.666553,2026-07-07T14:16:29.672708+00:00,146.8,200,bid,,,10960083
2026-07-07T14:16:30.874237,2026-07-07T14:16:30.883481+00:00,146.9,200,bid,,,10960102
2026-07-07T14:16:32.475394,2026-07-07T14:16:32.479559+00:00,146.9,22,bid,,,10960111
2026-07-07T14:16:32.589811,2026-07-07T14:16:32.598630+00:00,146.8,200,ask,,,10960116
2026-07-07T14:16:32.604910,2026-07-07T14:16:32.608821+00:00,146.7,23,bid,,,10960118
2026-07-07T14:16:33.287914,2026-07-07T14:16:33.297556+00:00,146.7,200,bid,,,10960130
2026-07-07T14:16:33.588564,2026-07-07T14:16:33.592623+00:00,146.5,11,ask,,,10960136
2026-07-07T14:16:33.916708,2026-07-07T14:16:33.920520+00:00,146.6,12,ask,,,10960143
2026-07-07T14:16:34.517507,2026-07-07T14:16:34.522184+00:00,146.7,10,ask,,,10960156
2026-07-07T14:16:34.779127,2026-07-07T14:16:34.790535+00:00,146.7,12,ask,,,10960160
2026-07-07T14:16:36.054553,2026-07-07T14:16:36.058568+00:00,146.7,200,ask,,,10960179
2026-07-07T14:16:36.528715,2026-07-07T14:16:36.537079+00:00,146.7,300,bid,,,10960183
2026-07-07T14:16:36.543467,2026-07-07T14:16:36.547525+00:00,146.8,1,ask,,,10960185
2026-07-07T14:16:36.671045,2026-07-07T14:16:36.681883+00:00,146.8,324,ask,,,10960188
2026-07-07T14:16:38.487030,2026-07-07T14:16:38.496722+00:00,146.7,500,ask,,,10960213
2026-07-07T14:16:39.080548,2026-07-07T14:16:39.088332+00:00,146.7,125,ask,,,10960222
2026-07-07T14:16:39.080548,2026-07-07T14:16:39.093359+00:00,146.7,200,ask,,,10960223
2026-07-07T14:16:39.963927,2026-07-07T14:16:39.972056+00:00,146.7,20,bid,,,10960237
2026-07-07T14:16:40.123720,2026-07-07T14:16:40.132134+00:00,146.5,12,ask,,,10960246
2026-07-07T14:16:41.500999,2026-07-07T14:16:41.510381+00:00,146.6,500,ask,,,10960263
2026-07-07T14:16:42.015508,2026-07-07T14:16:42.020241+00:00,146.4,23,ask,,,10960273
2026-07-07T14:16:42.162792,2026-07-07T14:16:42.171290+00:00,146.4,24,ask,,,10960282
2026-07-07T14:16:43.099519,2026-07-07T14:16:43.107631+00:00,146.4,200,ask,,,10960294
2026-07-07T14:16:43.952521,2026-07-07T14:16:43.958609+00:00,146.4,12,bid,,,10960305
2026-07-07T14:16:44.180800,2026-07-07T14:16:44.189950+00:00,146.4,200,bid,,,10960307
2026-07-07T14:16:46.483430,2026-07-07T14:16:46.487307+00:00,146.3,12,bid,,,10960348
2026-07-07T14:16:46.721246,2026-07-07T14:16:46.732794+00:00,146.2,12,ask,,,10960350
2026-07-07T14:16:48.352480,2026-07-07T14:16:48.354638+00:00,146.3,200,ask,,,10960380
2026-07-07T14:16:48.367626,2026-07-07T14:16:48.372004+00:00,146.3,11,bid,,,10960383
2026-07-07T14:16:49.522781,2026-07-07T14:16:49.540258+00:00,146.3,12,bid,,,10960399
2026-07-07T14:16:50.981241,2026-07-07T14:16:50.989891+00:00,146.4,200,bid,,,10960427
2026-07-07T14:16:51.451588,2026-07-07T14:16:51.458567+00:00,146.5,200,ask,,,10960432
2026-07-07T14:16:53.831063,2026-07-07T14:16:53.842903+00:00,146.4,12,bid,,,10960479
2026-07-07T14:16:55.847950,2026-07-07T14:16:55.858972+00:00,146.3,12,ask,,,10960524
2026-07-07T14:16:56.353754,2026-07-07T14:16:56.365348+00:00,146.7,5,bid,,,10960531
2026-07-07T14:16:56.860879,2026-07-07T14:16:56.872393+00:00,146.7,5,bid,,,10960544
2026-07-07T14:16:57.787113,2026-07-07T14:16:57.791232+00:00,146.5,11,bid,,,10960553
2026-07-07T14:16:58.147161,2026-07-07T14:16:58.164142+00:00,146.5,12,bid,,,10960562
2026-07-07T14:16:58.402894,2026-07-07T14:16:58.413088+00:00,146.5,5,bid,,,10960565
2026-07-07T14:16:58.909347,2026-07-07T14:16:58.919075+00:00,146.6,5,bid,,,10960576
2026-07-07T14:17:00.450211,2026-07-07T14:17:00.463909+00:00,146.6,3,bid,,,10960604
2026-07-07T14:17:01.153632,2026-07-07T14:17:01.164163+00:00,146.5,200,ask,,,10960611
2026-07-07T14:17:02.219002,2026-07-07T14:17:02.230608+00:00,146.7,9,bid,,,10960628
2026-07-07T14:17:02.366159,2026-07-07T14:17:02.373974+00:00,146.5,200,ask,,,10960634
2026-07-07T14:17:02.474209,2026-07-07T14:17:02.485975+00:00,146.7,5,bid,,,10960635
2026-07-07T14:17:02.982267,2026-07-07T14:17:02.994017+00:00,146.8,5,bid,,,10960643
2026-07-07T14:17:03.579571,2026-07-07T14:17:03.589006+00:00,146.6,200,ask,,,10960651
2026-07-07T14:17:04.806327,2026-07-07T14:17:04.827896+00:00,146.5,200,ask,,,10960673
2026-07-07T14:17:06.036094,2026-07-07T14:17:06.040162+00:00,146.5,23,bid,,,10960695
2026-07-07T14:17:06.842362,2026-07-07T14:17:06.849076+00:00,146.5,177,bid,,,10960714
2026-07-07T14:17:09.654662,2026-07-07T14:17:09.658691+00:00,146.7,200,bid,,,10960743
2026-07-07T14:17:10.335556,2026-07-07T14:17:10.347431+00:00,146.5,20,ask,,,10960755
2026-07-07T14:17:10.888919,2026-07-07T14:17:10.892815+00:00,146.7,11,ask,,,10960780
2026-07-07T14:17:11.285259,2026-07-07T14:17:11.296758+00:00,146.8,7,bid,,,10960790
2026-07-07T14:17:11.800782,2026-07-07T14:17:11.814289+00:00,146.8,5,bid,,,10960798
2026-07-07T14:17:12.085487,2026-07-07T14:17:12.097337+00:00,146.8,200,bid,,,10960801
2026-07-07T14:17:12.853509,2026-07-07T14:17:12.858609+00:00,146.6,11,ask,,,10960816
2026-07-07T14:17:19.131317,2026-07-07T14:17:19.143081+00:00,146.7,12,bid,,,10960907
2026-07-07T14:17:20.022648,2026-07-07T14:17:20.047851+00:00,146.6,200,ask,,,10960927
2026-07-07T14:17:20.035197,2026-07-07T14:17:20.047851+00:00,146.4,20,ask,,,10960928
2026-07-07T14:17:20.043225,2026-07-07T14:17:20.047851+00:00,146.6,11,bid,,,10960930
2026-07-07T14:17:20.652199,2026-07-07T14:17:20.658571+00:00,146.6,12,bid,,,10960937
2026-07-07T14:17:20.977793,2026-07-07T14:17:20.988006+00:00,146.6,5,bid,,,10960942
2026-07-07T14:17:23.672766,2026-07-07T14:17:23.684685+00:00,146.7,5,bid,,,10960989
2026-07-07T14:17:25.270156,2026-07-07T14:17:25.277128+00:00,146.7,200,bid,,,10961018
2026-07-07T14:17:26.342637,2026-07-07T14:17:26.351681+00:00,146.7,425,ask,,,10961030
2026-07-07T14:17:26.640288,2026-07-07T14:17:26.651471+00:00,146.6,200,bid,,,10961034
2026-07-07T14:17:29.198959,2026-07-07T14:17:29.205893+00:00,146.5,200,ask,,,10961082
2026-07-07T14:17:29.217403,2026-07-07T14:17:29.221871+00:00,146.5,12,bid,,,10961084
2026-07-07T14:17:29.496168,2026-07-07T14:17:29.500251+00:00,146.3,12,ask,,,10961095
2026-07-07T14:17:29.726504,2026-07-07T14:17:29.737487+00:00,146.3,12,ask,,,10961101
2026-07-07T14:17:31.506074,2026-07-07T14:17:31.509947+00:00,146.4,11,ask,,,10961124
2026-07-07T14:17:31.896755,2026-07-07T14:17:31.905709+00:00,146.4,189,ask,,,10961135
2026-07-07T14:17:34.019483,2026-07-07T14:17:34.026987+00:00,146.2,12,ask,,,10961164
2026-07-07T14:17:39.957202,2026-07-07T14:17:39.963968+00:00,146.4,200,ask,,,10961266
2026-07-07T14:17:40.276528,2026-07-07T14:17:40.286373+00:00,146.4,12,ask,,,10961271
2026-07-07T14:17:40.863384,2026-07-07T14:17:40.874947+00:00,146.4,413,ask,,,10961278
2026-07-07T14:17:41.098559,2026-07-07T14:17:41.108292+00:00,146.2,200,ask,,,10961285
2026-07-07T14:17:41.161763,2026-07-07T14:17:41.169177+00:00,146.2,200,bid,,,10961286
2026-07-07T14:17:42.321085,2026-07-07T14:17:42.329044+00:00,146.0,12,ask,,,10961311
2026-07-07T14:17:42.576600,2026-07-07T14:17:42.588538+00:00,146.3,5,bid,,,10961316
2026-07-07T14:17:43.103565,2026-07-07T14:17:43.113523+00:00,146.3,5,bid,,,10961323
2026-07-07T14:17:45.396487,2026-07-07T14:17:45.406511+00:00,146.1,12,ask,,,10961362
2026-07-07T14:17:45.651792,2026-07-07T14:17:45.663937+00:00,146.3,5,bid,,,10961364
2026-07-07T14:17:45.918004,2026-07-07T14:17:45.925338+00:00,146.3,7,bid,,,10961367
2026-07-07T14:17:46.173028,2026-07-07T14:17:46.184794+00:00,146.4,5,bid,,,10961375
2026-07-07T14:17:47.443742,2026-07-07T14:17:47.458618+00:00,146.3,7,bid,,,10961393
2026-07-07T14:17:47.705283,2026-07-07T14:17:47.715896+00:00,146.3,5,bid,,,10961404
2026-07-07T14:17:48.993052,2026-07-07T14:17:49.003417+00:00,146.3,200,bid,,,10961431
2026-07-07T14:17:49.651833,2026-07-07T14:17:49.658604+00:00,146.3,200,ask,,,10961441
2026-07-07T14:17:50.233858,2026-07-07T14:17:50.242973+00:00,146.3,12,ask,,,10961450
2026-07-07T14:17:51.011789,2026-07-07T14:17:51.021030+00:00,146.3,12,bid,,,10961469
2026-07-07T14:17:51.281245,2026-07-07T14:17:51.288784+00:00,146.3,5,bid,,,10961472
2026-07-07T14:17:51.605301,2026-07-07T14:17:51.609234+00:00,146.3,11,bid,,,10961478
2026-07-07T14:17:51.723315,2026-07-07T14:17:51.734063+00:00,146.3,5,bid,,,10961483
2026-07-07T14:17:51.796083,2026-07-07T14:17:51.806395+00:00,146.3,12,bid,,,10961485
2026-07-07T14:17:52.322285,2026-07-07T14:17:52.329241+00:00,146.3,5,bid,,,10961492
2026-07-07T14:17:52.372864,2026-07-07T14:17:52.393820+00:00,146.2,200,ask,,,10961493
2026-07-07T14:17:52.389726,2026-07-07T14:17:52.393820+00:00,146.2,12,bid,,,10961496
2026-07-07T14:17:53.342312,2026-07-07T14:17:53.351986+00:00,146.2,5,bid,,,10961509
2026-07-07T14:17:53.848165,2026-07-07T14:17:53.860214+00:00,146.2,5,bid,,,10961514
2026-07-07T14:17:54.117271,2026-07-07T14:17:54.124769+00:00,146.1,12,ask,,,10961522
2026-07-07T14:17:54.182101,2026-07-07T14:17:54.191503+00:00,146.1,188,ask,,,10961523
2026-07-07T14:17:54.384448,2026-07-07T14:17:54.394593+00:00,146.1,5,bid,,,10961532
2026-07-07T14:17:54.712878,2026-07-07T14:17:54.720618+00:00,146.1,20,bid,,,10961536
2026-07-07T14:17:55.586094,2026-07-07T14:17:55.590814+00:00,145.9,12,ask,,,10961564
2026-07-07T14:17:55.744129,2026-07-07T14:17:55.748763+00:00,146.0,11,ask,,,10961569
2026-07-07T14:17:55.849679,2026-07-07T14:17:55.858611+00:00,146.1,20,bid,,,10961571
2026-07-07T14:17:56.630639,2026-07-07T14:17:56.641475+00:00,146.0,189,ask,,,10961582
2026-07-07T14:17:56.928496,2026-07-07T14:17:56.937404+00:00,145.9,200,ask,,,10961589
2026-07-07T14:17:57.403852,2026-07-07T14:17:57.414483+00:00,146.0,8,bid,,,10961608
2026-07-07T14:17:57.933443,2026-07-07T14:17:57.937492+00:00,146.0,11,bid,,,10961613
2026-07-07T14:17:58.139765,2026-07-07T14:17:58.149698+00:00,145.9,200,ask,,,10961615
2026-07-07T14:17:58.203764,2026-07-07T14:17:58.208151+00:00,145.9,12,bid,,,10961619
2026-07-07T14:17:58.502885,2026-07-07T14:17:58.513949+00:00,145.9,5,bid,,,10961624
2026-07-07T14:17:59.068003,2026-07-07T14:17:59.074945+00:00,145.9,5,bid,,,10961631
2026-07-07T14:17:59.590441,2026-07-07T14:17:59.600501+00:00,146.0,5,bid,,,10961650
2026-07-07T14:18:00.114352,2026-07-07T14:18:00.125172+00:00,146.0,5,bid,,,10961658
2026-07-07T14:18:00.636278,2026-07-07T14:18:00.644303+00:00,146.0,5,bid,,,10961663
2026-07-07T14:18:00.812001,2026-07-07T14:18:00.821310+00:00,145.9,200,ask,,,10961667
2026-07-07T14:18:01.734157,2026-07-07T14:18:01.743527+00:00,145.6,12,ask,,,10961680
2026-07-07T14:18:01.763753,2026-07-07T14:18:01.774804+00:00,145.9,200,bid,,,10961681
2026-07-07T14:18:02.164565,2026-07-07T14:18:02.188382+00:00,146.0,500,bid,,,10961690
2026-07-07T14:18:02.184526,2026-07-07T14:18:02.188382+00:00,146.0,12,ask,,,10961692
2026-07-07T14:18:03.284420,2026-07-07T14:18:03.291967+00:00,146.0,113,ask,,,10961712
2026-07-07T14:18:03.768704,2026-07-07T14:18:03.776528+00:00,146.0,12,bid,,,10961724
2026-07-07T14:18:04.802858,2026-07-07T14:18:04.829200+00:00,145.9,200,ask,,,10961739
2026-07-07T14:18:04.824731,2026-07-07T14:18:04.829200+00:00,145.9,12,bid,,,10961742
2026-07-07T14:18:05.362886,2026-07-07T14:18:05.369611+00:00,145.9,5,bid,,,10961753
2026-07-07T14:18:06.296651,2026-07-07T14:18:06.307516+00:00,145.9,500,ask,,,10961774
2026-07-07T14:18:06.891715,2026-07-07T14:18:06.901838+00:00,145.9,125,ask,,,10961780
2026-07-07T14:18:06.891715,2026-07-07T14:18:06.901838+00:00,145.9,200,ask,,,10961781
2026-07-07T14:18:07.581487,2026-07-07T14:18:07.592063+00:00,145.4,12,ask,,,10961798
2026-07-07T14:18:07.616560,2026-07-07T14:18:07.628222+00:00,145.4,20,ask,,,10961800
2026-07-07T14:18:07.809819,2026-07-07T14:18:07.819716+00:00,145.7,200,bid,,,10961803
2026-07-07T14:18:08.087455,2026-07-07T14:18:08.099210+00:00,145.7,5,bid,,,10961807
2026-07-07T14:18:08.594077,2026-07-07T14:18:08.604482+00:00,145.7,5,bid,,,10961814
2026-07-07T14:18:08.775514,2026-07-07T14:18:08.779362+00:00,145.6,12,ask,,,10961821
2026-07-07T14:18:09.045532,2026-07-07T14:18:09.050139+00:00,145.7,11,ask,,,10961832
2026-07-07T14:18:10.632674,2026-07-07T14:18:10.647717+00:00,145.9,5,bid,,,10961865
2026-07-07T14:18:10.643725,2026-07-07T14:18:10.647717+00:00,145.9,11,bid,,,10961867
2026-07-07T14:18:11.163751,2026-07-07T14:18:11.170716+00:00,145.9,5,bid,,,10961875
2026-07-07T14:18:11.685211,2026-07-07T14:18:11.696375+00:00,145.9,5,bid,,,10961880
2026-07-07T14:18:11.762876,2026-07-07T14:18:11.779493+00:00,145.7,20,ask,,,10961882
2026-07-07T14:18:12.661514,2026-07-07T14:18:12.669517+00:00,145.9,200,bid,,,10961902
2026-07-07T14:18:12.956962,2026-07-07T14:18:12.963865+00:00,145.8,500,ask,,,10961911
2026-07-07T14:18:13.577304,2026-07-07T14:18:13.588231+00:00,145.8,125,ask,,,10961928
2026-07-07T14:18:13.598016,2026-07-07T14:18:13.602035+00:00,145.8,12,bid,,,10961930
2026-07-07T14:18:13.871386,2026-07-07T14:18:13.880782+00:00,145.8,200,bid,,,10961934
2026-07-07T14:18:14.843364,2026-07-07T14:18:14.850132+00:00,145.7,5,bid,,,10961952
2026-07-07T14:18:16.000557,2026-07-07T14:18:16.010144+00:00,145.6,200,ask,,,10961971
2026-07-07T14:18:16.288577,2026-07-07T14:18:16.299694+00:00,145.6,200,bid,,,10961975
2026-07-07T14:18:16.489701,2026-07-07T14:18:16.496520+00:00,145.4,20,ask,,,10961983
2026-07-07T14:18:17.500809,2026-07-07T14:18:17.509311+00:00,145.5,200,bid,,,10962003
2026-07-07T14:18:18.540432,2026-07-07T14:18:18.548495+00:00,145.5,5,bid,,,10962022
2026-07-07T14:18:18.734351,2026-07-07T14:18:18.738707+00:00,145.4,11,bid,,,10962029
2026-07-07T14:18:19.061920,2026-07-07T14:18:19.072803+00:00,145.4,5,bid,,,10962030
2026-07-07T14:18:19.582379,2026-07-07T14:18:19.593276+00:00,145.4,5,bid,,,10962038
2026-07-07T14:18:20.101511,2026-07-07T14:18:20.112752+00:00,145.4,5,bid,,,10962049
2026-07-07T14:18:21.548270,2026-07-07T14:18:21.560020+00:00,145.3,20,bid,,,10962069
2026-07-07T14:18:23.607446,2026-07-07T14:18:23.611496+00:00,145.1,3,bid,,,10962103
2026-07-07T14:18:26.010061,2026-07-07T14:18:26.017337+00:00,145.1,200,bid,,,10962142
2026-07-07T14:18:29.467260,2026-07-07T14:18:29.472579+00:00,145.0,3,ask,,,10962199
2026-07-07T14:18:29.755023,2026-07-07T14:18:29.756807+00:00,145.1,200,bid,,,10962206
2026-07-07T14:18:32.078460,2026-07-07T14:18:32.085474+00:00,145.2,200,bid,,,10962248
2026-07-07T14:18:34.498783,2026-07-07T14:18:34.509796+00:00,145.1,200,ask,,,10962289
2026-07-07T14:18:34.975736,2026-07-07T14:18:34.987329+00:00,145.1,20,ask,,,10962296
2026-07-07T14:18:36.330201,2026-07-07T14:18:36.341815+00:00,145.0,200,ask,,,10962316
2026-07-07T14:18:37.491751,2026-07-07T14:18:37.498443+00:00,144.8,20,ask,,,10962336
2026-07-07T14:18:39.643084,2026-07-07T14:18:39.654436+00:00,144.9,10,ask,,,10962357
2026-07-07T14:18:41.578344,2026-07-07T14:18:41.599655+00:00,145.0,200,bid,,,10962390
2026-07-07T14:18:41.595611,2026-07-07T14:18:41.599655+00:00,145.0,11,ask,,,10962394
2026-07-07T14:18:44.207347,2026-07-07T14:18:44.217966+00:00,145.0,200,ask,,,10962426
2026-07-07T14:18:45.388332,2026-07-07T14:18:45.399789+00:00,145.0,200,bid,,,10962443
2026-07-07T14:18:45.502228,2026-07-07T14:18:45.514562+00:00,144.8,20,ask,,,10962445
2026-07-07T14:18:48.022573,2026-07-07T14:18:48.033290+00:00,145.1,12,bid,,,10962483
2026-07-07T14:18:50.540554,2026-07-07T14:18:50.557356+00:00,145.0,12,ask,,,10962529
2026-07-07T14:18:55.071450,2026-07-07T14:18:55.084756+00:00,144.9,12,ask,,,10962620
2026-07-07T14:18:56.034272,2026-07-07T14:18:56.038331+00:00,145.0,12,ask,,,10962640
2026-07-07T14:18:56.298432,2026-07-07T14:18:56.307883+00:00,145.0,200,ask,,,10962647
2026-07-07T14:18:56.603843,2026-07-07T14:18:56.613694+00:00,145.3,12,bid,,,10962656
2026-07-07T14:18:57.109707,2026-07-07T14:18:57.117375+00:00,145.3,5,bid,,,10962660
2026-07-07T14:18:57.627097,2026-07-07T14:18:57.637678+00:00,145.2,5,bid,,,10962675
2026-07-07T14:18:57.735466,2026-07-07T14:18:57.747328+00:00,145.1,20,ask,,,10962677
2026-07-07T14:18:59.597412,2026-07-07T14:18:59.605555+00:00,145.1,500,ask,,,10962710
2026-07-07T14:18:59.985462,2026-07-07T14:18:59.989365+00:00,145.0,23,bid,,,10962715
2026-07-07T14:19:00.804283,2026-07-07T14:19:00.829665+00:00,144.9,200,ask,,,10962729
2026-07-07T14:19:00.825593,2026-07-07T14:19:00.829665+00:00,144.9,3,bid,,,10962731
2026-07-07T14:19:01.140337,2026-07-07T14:19:01.158574+00:00,144.9,200,bid,,,10962737
2026-07-07T14:19:02.091654,2026-07-07T14:19:02.103462+00:00,145.0,20,bid,,,10962748
2026-07-07T14:19:04.483798,2026-07-07T14:19:04.488832+00:00,144.7,3,ask,,,10962792
2026-07-07T14:19:04.994852,2026-07-07T14:19:05.003967+00:00,144.7,10,ask,,,10962802
2026-07-07T14:19:08.741154,2026-07-07T14:19:08.748095+00:00,144.4,11,ask,,,10962854
2026-07-07T14:19:09.278975,2026-07-07T14:19:09.290728+00:00,144.4,12,ask,,,10962871
2026-07-07T14:19:09.639850,2026-07-07T14:19:09.644551+00:00,144.5,12,ask,,,10962877
