timestamp,recv_time,price,volume,aggressor_side,buyer,seller,trade_id
2026-07-04T08:00:00.361664,2026-07-04T08:00:00.366259+00:00,146.5,12,bid,Xuanyu Liu,YieldingYams,6749674
2026-07-04T08:00:03.705650,2026-07-04T08:00:03.716244+00:00,146.4,20,ask,WavyWalnuts,BrilliantBurritos,6749720
2026-07-04T08:00:06.142409,2026-07-04T08:00:06.164066+00:00,146.2,200,ask,YieldingYams,WavyWalnuts,6749760
2026-07-04T08:00:07.349792,2026-07-04T08:00:07.358627+00:00,146.3,200,ask,YieldingYams,WavyWalnuts,6749779
2026-07-04T08:00:08.149016,2026-07-04T08:00:08.153004+00:00,146.4,11,bid,Xuanyu Liu,YieldingYams,6749784
2026-07-04T08:00:08.562831,2026-07-04T08:00:08.574389+00:00,146.2,200,ask,YieldingYams,WavyWalnuts,6749786
2026-07-04T08:00:09.464300,2026-07-04T08:00:09.467832+00:00,146.3,12,bid,Xuanyu Liu,YieldingYams,6749798
2026-07-04T08:00:09.788205,2026-07-04T08:00:09.791674+00:00,146.2,11,bid,Xuanyu Liu,WavyWalnuts,6749802
2026-07-04T08:00:10.776125,2026-07-04T08:00:10.780405+00:00,146.1,11,ask,YieldingYams,Xuanyu Liu,6749819
2026-07-04T08:00:10.996192,2026-07-04T08:00:11.003773+00:00,146.1,200,ask,YieldingYams,WavyWalnuts,6749822
2026-07-04T08:00:14.030749,2026-07-04T08:00:14.041086+00:00,146.2,20,bid,BrilliantBurritos,WavyWalnuts,6749854
2026-07-04T08:00:18.612961,2026-07-04T08:00:18.621617+00:00,146.1,200,ask,WavyWalnuts,YieldingYams,6749917
2026-07-04T08:00:18.627577,2026-07-04T08:00:18.631834+00:00,146.0,11,bid,Xuanyu Liu,YieldingYams,6749919
2026-07-04T08:00:19.463965,2026-07-04T08:00:19.470343+00:00,146.0,200,bid,WavyWalnuts,YieldingYams,6749933
2026-07-04T08:00:20.684465,2026-07-04T08:00:20.688238+00:00,146.0,11,ask,WavyWalnuts,Xuanyu Liu,6749955
2026-07-04T08:00:21.016328,2026-07-04T08:00:21.028790+00:00,146.1,20,bid,BrilliantBurritos,YieldingYams,6749961
2026-07-04T08:00:23.449428,2026-07-04T08:00:23.458622+00:00,146.2,20,bid,BrilliantBurritos,YieldingYams,6749998
2026-07-04T08:00:24.290013,2026-07-04T08:00:24.300451+00:00,146.1,20,bid,BrilliantBurritos,YieldingYams,6750007
2026-07-04T08:00:25.187727,2026-07-04T08:00:25.192912+00:00,146.0,200,ask,WavyWalnuts,YieldingYams,6750021
2026-07-04T08:00:27.812714,2026-07-04T08:00:27.820236+00:00,145.9,200,ask,WavyWalnuts,YieldingYams,6750064
2026-07-04T08:00:30.357634,2026-07-04T08:00:30.368697+00:00,145.8,200,ask,YieldingYams,WavyWalnuts,6750091
2026-07-04T08:00:35.481428,2026-07-04T08:00:35.490336+00:00,145.8,20,bid,BrilliantBurritos,YieldingYams,6750154
2026-07-04T08:00:35.692458,2026-07-04T08:00:35.695925+00:00,145.7,12,ask,YieldingYams,Xuanyu Liu,6750159
2026-07-04T08:00:37.628194,2026-07-04T08:00:37.632133+00:00,145.8,11,ask,WavyWalnuts,Xuanyu Liu,6750184
2026-07-04T08:00:37.985817,2026-07-04T08:00:37.995337+00:00,145.9,20,bid,BrilliantBurritos,YieldingYams,6750187
2026-07-04T08:00:38.306246,2026-07-04T08:00:38.314957+00:00,145.8,189,ask,WavyWalnuts,YieldingYams,6750196
2026-07-04T08:00:40.193007,2026-07-04T08:00:40.202154+00:00,145.8,20,bid,BrilliantBurritos,WavyWalnuts,6750213
2026-07-04T08:00:43.033905,2026-07-04T08:00:43.043088+00:00,145.7,20,ask,YieldingYams,BrilliantBurritos,6750249
2026-07-04T08:00:43.549838,2026-07-04T08:00:43.558579+00:00,145.9,200,bid,YieldingYams,WavyWalnuts,6750261
2026-07-04T08:00:46.096446,2026-07-04T08:00:46.106941+00:00,145.8,200,ask,YieldingYams,WavyWalnuts,6750287
2026-07-04T08:00:48.521317,2026-07-04T08:00:48.531520+00:00,145.9,200,ask,YieldingYams,WavyWalnuts,6750321
2026-07-04T08:00:50.114796,2026-07-04T08:00:50.122284+00:00,145.8,200,ask,WavyWalnuts,YieldingYams,6750344
2026-07-04T08:00:52.149866,2026-07-04T08:00:52.158566+00:00,145.9,200,bid,WavyWalnuts,YieldingYams,6750378
2026-07-04T08:00:58.198675,2026-07-04T08:00:58.206970+00:00,145.8,200,bid,WavyWalnuts,YieldingYams,6750475
2026-07-04T08:01:00.139213,2026-07-04T08:01:00.151072+00:00,145.9,20,bid,BrilliantBurritos,WavyWalnuts,6750498
2026-07-04T08:01:03.053384,2026-07-04T08:01:03.064923+00:00,145.9,200,bid,WavyWalnuts,YieldingYams,6750531
2026-07-04T08:01:03.225614,2026-07-04T08:01:03.232448+00:00,145.9,20,bid,BrilliantBurritos,YieldingYams,6750534
2026-07-04T08:01:04.265758,2026-07-04T08:01:04.275227+00:00,146.0,200,bid,WavyWalnuts,YieldingYams,6750549
2026-07-04T08:01:07.176624,2026-07-04T08:01:07.183759+00:00,146.0,200,bid,YieldingYams,WavyWalnuts,6750594
2026-07-04T08:01:07.891204,2026-07-04T08:01:07.899910+00:00,146.1,200,ask,YieldingYams,WavyWalnuts,6750604
2026-07-04T08:01:08.014617,2026-07-04T08:01:08.018503+00:00,146.2,11,bid,Xuanyu Liu,AverageAlmonds,6750606
2026-07-04T08:01:08.519913,2026-07-04T08:01:08.524059+00:00,146.1,12,bid,Xuanyu Liu,YieldingYams,6750620
2026-07-04T08:01:09.510585,2026-07-04T08:01:09.522183+00:00,146.1,20,bid,BrilliantBurritos,YieldingYams,6750634
2026-07-04T08:01:10.953951,2026-07-04T08:01:10.965949+00:00,146.1,20,bid,BrilliantBurritos,YieldingYams,6750655
2026-07-04T08:01:12.104098,2026-07-04T08:01:12.158858+00:00,146.2,20,bid,BrilliantBurritos,YieldingYams,6750672
2026-07-04T08:01:12.441170,2026-07-04T08:01:12.458595+00:00,146.1,200,ask,WavyWalnuts,YieldingYams,6750678
2026-07-04T08:01:15.582411,2026-07-04T08:01:15.594227+00:00,146.3,20,bid,BrilliantBurritos,YieldingYams,6750724
2026-07-04T08:01:17.063637,2026-07-04T08:01:17.075355+00:00,146.0,20,ask,WavyWalnuts,BrilliantBurritos,6750750
2026-07-04T08:01:21.625856,2026-07-04T08:01:21.637437+00:00,146.1,200,bid,YieldingYams,WavyWalnuts,6750803
2026-07-04T08:01:21.669101,2026-07-04T08:01:21.682005+00:00,146.2,20,ask,YieldingYams,BrilliantBurritos,6750805
2026-07-04T08:01:22.415003,2026-07-04T08:01:22.426154+00:00,146.2,200,ask,YieldingYams,WavyWalnuts,6750817
2026-07-04T08:01:29.463648,2026-07-04T08:01:29.467003+00:00,146.1,12,ask,WavyWalnuts,Xuanyu Liu,6750903
2026-07-04T08:01:29.496904,2026-07-04T08:01:29.516331+00:00,146.2,500,bid,YieldingYams,AverageAlmonds,6750904
2026-07-04T08:01:29.513129,2026-07-04T08:01:29.516331+00:00,146.2,11,ask,YieldingYams,Xuanyu Liu,6750906
2026-07-04T08:01:29.657683,2026-07-04T08:01:29.664874+00:00,146.2,114,ask,YieldingYams,AverageAlmonds,6750907
2026-07-04T08:01:29.683619,2026-07-04T08:01:29.691061+00:00,146.2,200,bid,WavyWalnuts,AverageAlmonds,6750909
2026-07-04T08:01:30.895328,2026-07-04T08:01:30.906394+00:00,146.0,200,bid,WavyWalnuts,YieldingYams,6750920
2026-07-04T08:01:31.204364,2026-07-04T08:01:31.216173+00:00,146.0,20,bid,BrilliantBurritos,YieldingYams,6750923
2026-07-04T08:01:36.322134,2026-07-04T08:01:36.332837+00:00,145.9,500,ask,YieldingYams,AverageAlmonds,6751004
2026-07-04T08:01:36.914172,2026-07-04T08:01:36.925133+00:00,145.9,125,ask,YieldingYams,AverageAlmonds,6751018
2026-07-04T08:01:36.914172,2026-07-04T08:01:36.925133+00:00,145.8,200,ask,WavyWalnuts,AverageAlmonds,6751019
2026-07-04T08:01:42.370534,2026-07-04T08:01:42.380272+00:00,145.7,500,ask,YieldingYams,AverageAlmonds,6751095
2026-07-04T08:01:42.620174,2026-07-04T08:01:42.627222+00:00,145.6,200,ask,WavyWalnuts,YieldingYams,6751101
2026-07-04T08:01:45.270917,2026-07-04T08:01:45.274508+00:00,145.6,12,ask,YieldingYams,Xuanyu Liu,6751137
2026-07-04T08:01:45.408571,2026-07-04T08:01:45.416712+00:00,145.7,200,bid,WavyWalnuts,AverageAlmonds,6751144
2026-07-04T08:01:46.564233,2026-07-04T08:01:46.568092+00:00,145.7,11,ask,YieldingYams,Xuanyu Liu,6751160
2026-07-04T08:01:47.868744,2026-07-04T08:01:47.876973+00:00,145.8,200,bid,WavyWalnuts,AverageAlmonds,6751180
2026-07-04T08:01:48.719202,2026-07-04T08:01:48.730783+00:00,145.7,20,ask,YieldingYams,BrilliantBurritos,6751185
2026-07-04T08:01:49.628569,2026-07-04T08:01:49.637037+00:00,145.7,200,ask,WavyWalnuts,AverageAlmonds,6751196
2026-07-04T08:01:49.654037,2026-07-04T08:01:49.657768+00:00,145.7,11,bid,Xuanyu Liu,AverageAlmonds,6751199
2026-07-04T08:01:51.435118,2026-07-04T08:01:51.462009+00:00,145.6,200,ask,WavyWalnuts,AverageAlmonds,6751230
2026-07-04T08:01:51.458468,2026-07-04T08:01:51.462009+00:00,145.6,12,bid,Xuanyu Liu,AverageAlmonds,6751233
2026-07-04T08:01:53.089486,2026-07-04T08:01:53.097579+00:00,145.6,200,bid,YieldingYams,WavyWalnuts,6751253
2026-07-04T08:01:53.936536,2026-07-04T08:01:53.944128+00:00,145.6,200,ask,YieldingYams,WavyWalnuts,6751264
2026-07-04T08:01:57.879558,2026-07-04T08:01:57.883314+00:00,145.5,11,bid,Xuanyu Liu,WavyWalnuts,6751322
2026-07-04T08:01:59.644202,2026-07-04T08:01:59.667776+00:00,145.4,200,ask,WavyWalnuts,YieldingYams,6751348
2026-07-04T08:01:59.664095,2026-07-04T08:01:59.667776+00:00,145.4,12,bid,Xuanyu Liu,YieldingYams,6751350
2026-07-04T08:02:00.020967,2026-07-04T08:02:00.025207+00:00,145.3,11,bid,Xuanyu Liu,WavyWalnuts,6751356
2026-07-04T08:02:00.953069,2026-07-04T08:02:00.958640+00:00,145.3,189,bid,YieldingYams,WavyWalnuts,6751373
2026-07-04T08:02:03.575053,2026-07-04T08:02:03.585706+00:00,145.2,200,ask,WavyWalnuts,YieldingYams,6751413
2026-07-04T08:02:03.912010,2026-07-04T08:02:03.920126+00:00,145.1,44,bid,Alan Niu,YieldingYams,6751419
2026-07-04T08:02:04.997255,2026-07-04T08:02:05.005553+00:00,145.0,44,ask,WavyWalnuts,Alan Niu,6751435
2026-07-04T08:02:09.743748,2026-07-04T08:02:09.758569+00:00,145.0,200,ask,YieldingYams,WavyWalnuts,6751500
2026-07-04T08:02:10.542150,2026-07-04T08:02:10.545424+00:00,145.2,3,bid,Xuanyu Liu,YieldingYams,6751516
2026-07-04T08:02:10.969554,2026-07-04T08:02:10.973978+00:00,145.0,3,bid,Xuanyu Liu,WavyWalnuts,6751521
2026-07-04T08:02:11.043562,2026-07-04T08:02:11.051700+00:00,145.0,144,bid,Alan Niu,WavyWalnuts,6751525
2026-07-04T08:02:12.112469,2026-07-04T08:02:12.124149+00:00,144.9,20,ask,YieldingYams,BrilliantBurritos,6751548
2026-07-04T08:02:13.388912,2026-07-04T08:02:13.392804+00:00,145.1,3,ask,WavyWalnuts,Xuanyu Liu,6751570
2026-07-04T08:02:14.077298,2026-07-04T08:02:14.083836+00:00,145.1,197,ask,WavyWalnuts,YieldingYams,6751583
2026-07-04T08:02:15.503087,2026-07-04T08:02:15.513166+00:00,145.0,50,ask,WavyWalnuts,Alan Niu,6751600
2026-07-04T08:02:18.444618,2026-07-04T08:02:18.458813+00:00,145.0,48,ask,YieldingYams,Alan Niu,6751647
2026-07-04T08:02:18.689799,2026-07-04T08:02:18.701459+00:00,145.2,20,bid,BrilliantBurritos,WavyWalnuts,6751652
2026-07-04T08:02:19.433818,2026-07-04T08:02:19.441042+00:00,145.1,200,bid,WavyWalnuts,YieldingYams,6751664
2026-07-04T08:02:19.528609,2026-07-04T08:02:19.536240+00:00,144.9,46,ask,YieldingYams,Alan Niu,6751670
2026-07-04T08:02:21.954627,2026-07-04T08:02:21.964258+00:00,145.0,200,ask,WavyWalnuts,YieldingYams,6751709
2026-07-04T08:02:23.076169,2026-07-04T08:02:23.084828+00:00,144.8,200,bid,WavyWalnuts,YieldingYams,6751726
2026-07-04T08:02:23.298367,2026-07-04T08:02:23.302141+00:00,144.8,26,ask,YieldingYams,Xuanyu Liu,6751732
2026-07-04T08:02:26.408890,2026-07-04T08:02:26.412746+00:00,145.0,12,bid,Xuanyu Liu,YieldingYams,6751777
2026-07-04T08:02:26.574151,2026-07-04T08:02:26.593226+00:00,145.0,49,bid,Alan Niu,YieldingYams,6751783
2026-07-04T08:02:26.589375,2026-07-04T08:02:26.593226+00:00,145.0,11,bid,Xuanyu Liu,YieldingYams,6751785
2026-07-04T08:02:26.699637,2026-07-04T08:02:26.710214+00:00,145.0,200,bid,WavyWalnuts,YieldingYams,6751789
2026-07-04T08:02:26.787084,2026-07-04T08:02:26.797119+00:00,144.8,11,ask,YieldingYams,Alan Niu,6751791
2026-07-04T08:02:28.064484,2026-07-04T08:02:28.074707+00:00,145.0,38,ask,WavyWalnuts,Alan Niu,6751814
2026-07-04T08:02:29.119241,2026-07-04T08:02:29.130349+00:00,145.1,200,bid,WavyWalnuts,YieldingYams,6751834
2026-07-04T08:02:30.328318,2026-07-04T08:02:30.340009+00:00,145.2,200,bid,WavyWalnuts,YieldingYams,6751856
2026-07-04T08:02:32.432891,2026-07-04T08:02:32.444114+00:00,145.2,200,ask,WavyWalnuts,YieldingYams,6751893
2026-07-04T08:02:32.741587,2026-07-04T08:02:32.748469+00:00,145.2,200,bid,WavyWalnuts,YieldingYams,6751898
2026-07-04T08:02:35.158010,2026-07-04T08:02:35.169577+00:00,145.2,200,ask,YieldingYams,WavyWalnuts,6751938
2026-07-04T08:02:36.543282,2026-07-04T08:02:36.547180+00:00,145.4,3,bid,Xuanyu Liu,WavyWalnuts,6751953
2026-07-04T08:02:38.899757,2026-07-04T08:02:38.911578+00:00,145.3,20,bid,BrilliantBurritos,WavyWalnuts,6751996
2026-07-04T08:02:41.203994,2026-07-04T08:02:41.211246+00:00,145.2,200,ask,YieldingYams,WavyWalnuts,6752021
2026-07-04T08:02:44.099141,2026-07-04T08:02:44.108813+00:00,145.4,20,bid,BrilliantBurritos,WavyWalnuts,6752056
2026-07-04T08:02:44.233342,2026-07-04T08:02:44.244351+00:00,145.4,180,bid,YieldingYams,WavyWalnuts,6752063
2026-07-04T08:02:44.233342,2026-07-04T08:02:44.244351+00:00,145.5,445,bid,YieldingYams,AverageAlmonds,6752064
2026-07-04T08:02:44.821584,2026-07-04T08:02:44.828211+00:00,145.5,50,bid,Alan Niu,AverageAlmonds,6752071
2026-07-04T08:02:46.276437,2026-07-04T08:02:46.288612+00:00,145.4,20,ask,WavyWalnuts,BrilliantBurritos,6752093
2026-07-04T08:02:46.960821,2026-07-04T08:02:46.969137+00:00,145.5,50,bid,Alan Niu,YieldingYams,6752111
2026-07-04T08:02:47.257773,2026-07-04T08:02:47.269153+00:00,145.5,200,bid,WavyWalnuts,YieldingYams,6752115
2026-07-04T08:02:48.231602,2026-07-04T08:02:48.242801+00:00,145.4,49,bid,Alan Niu,YieldingYams,6752127
2026-07-04T08:02:48.468822,2026-07-04T08:02:48.479587+00:00,145.4,200,bid,WavyWalnuts,YieldingYams,6752131
2026-07-04T08:02:48.985777,2026-07-04T08:02:48.997559+00:00,145.2,20,ask,YieldingYams,BrilliantBurritos,6752142
2026-07-04T08:02:49.604066,2026-07-04T08:02:49.610810+00:00,145.4,20,bid,BrilliantBurritos,YieldingYams,6752148
2026-07-04T08:02:49.677618,2026-07-04T08:02:49.686980+00:00,145.4,200,bid,WavyWalnuts,YieldingYams,6752149
2026-07-04T08:02:51.840742,2026-07-04T08:02:51.850388+00:00,145.4,45,bid,Alan Niu,WavyWalnuts,6752175
2026-07-04T08:02:53.396317,2026-07-04T08:02:53.403761+00:00,145.2,200,bid,YieldingYams,WavyWalnuts,6752196
2026-07-04T08:02:54.519617,2026-07-04T08:02:54.527861+00:00,145.2,200,ask,YieldingYams,WavyWalnuts,6752214
2026-07-04T08:02:56.933278,2026-07-04T08:02:56.941767+00:00,145.2,200,bid,WavyWalnuts,YieldingYams,6752238
2026-07-04T08:02:59.346244,2026-07-04T08:02:59.358624+00:00,145.4,200,bid,WavyWalnuts,YieldingYams,6752268
2026-07-04T08:03:01.953892,2026-07-04T08:03:01.965587+00:00,145.4,20,ask,YieldingYams,BrilliantBurritos,6752302
2026-07-04T08:03:02.969293,2026-07-04T08:03:02.976107+00:00,145.6,200,bid,WavyWalnuts,YieldingYams,6752321
2026-07-04T08:03:04.980463,2026-07-04T08:03:04.988933+00:00,145.6,20,bid,BrilliantBurritos,YieldingYams,6752345
2026-07-04T08:03:09.021792,2026-07-04T08:03:09.031987+00:00,145.5,200,ask,YieldingYams,WavyWalnuts,6752399
2026-07-04T08:03:10.234334,2026-07-04T08:03:10.245790+00:00,145.5,200,ask,YieldingYams,WavyWalnuts,6752419
2026-07-04T08:03:10.930945,2026-07-04T08:03:10.937544+00:00,145.5,50,ask,YieldingYams,Alan Niu,6752430
2026-07-04T08:03:12.413632,2026-07-04T08:03:12.425106+00:00,145.4,50,ask,WavyWalnuts,Alan Niu,6752455
2026-07-04T08:03:13.072278,2026-07-04T08:03:13.083064+00:00,145.5,200,bid,YieldingYams,WavyWalnuts,6752463
2026-07-04T08:03:14.924366,2026-07-04T08:03:14.936548+00:00,145.6,20,bid,BrilliantBurritos,WavyWalnuts,6752485
2026-07-04T08:03:17.007182,2026-07-04T08:03:17.018820+00:00,145.5,200,bid,YieldingYams,WavyWalnuts,6752511
2026-07-04T08:03:17.109202,2026-07-04T08:03:17.113363+00:00,145.5,3,ask,YieldingYams,Xuanyu Liu,6752516
2026-07-04T08:03:17.303689,2026-07-04T08:03:17.312037+00:00,145.5,94,ask,YieldingYams,Alan Niu,6752517
2026-07-04T08:03:17.976567,2026-07-04T08:03:17.984714+00:00,145.5,20,ask,YieldingYams,BrilliantBurritos,6752532
2026-07-04T08:03:18.322363,2026-07-04T08:03:18.330369+00:00,145.5,200,ask,WavyWalnuts,YieldingYams,6752534
2026-07-04T08:03:18.341410,2026-07-04T08:03:18.345125+00:00,145.5,3,bid,Xuanyu Liu,YieldingYams,6752536
2026-07-04T08:03:19.812720,2026-07-04T08:03:19.819842+00:00,145.4,45,bid,Alan Niu,WavyWalnuts,6752563
2026-07-04T08:03:21.719194,2026-07-04T08:03:21.727179+00:00,145.5,45,ask,AverageAlmonds,Alan Niu,6752597
2026-07-04T08:03:22.744747,2026-07-04T08:03:22.751539+00:00,145.5,20,bid,BrilliantBurritos,YieldingYams,6752606
2026-07-04T08:03:23.246519,2026-07-04T08:03:23.256879+00:00,145.5,20,bid,BrilliantBurritos,YieldingYams,6752612
2026-07-04T08:03:27.136780,2026-07-04T08:03:27.146984+00:00,145.7,20,bid,BrilliantBurritos,WavyWalnuts,6752658
2026-07-04T08:03:27.508287,2026-07-04T08:03:27.514736+00:00,145.6,200,ask,WavyWalnuts,YieldingYams,6752667
2026-07-04T08:03:28.485497,2026-07-04T08:03:28.494700+00:00,145.5,20,ask,AverageAlmonds,BrilliantBurritos,6752681
2026-07-04T08:03:31.449279,2026-07-04T08:03:31.458565+00:00,145.7,200,bid,YieldingYams,WavyWalnuts,6752715
2026-07-04T08:03:32.002781,2026-07-04T08:03:32.010786+00:00,145.8,200,ask,YieldingYams,WavyWalnuts,6752734
2026-07-04T08:03:32.549719,2026-07-04T08:03:32.568313+00:00,146.0,20,bid,BrilliantBurritos,YieldingYams,6752742
2026-07-04T08:03:33.210984,2026-07-04T08:03:33.218273+00:00,145.7,200,ask,AverageAlmonds,WavyWalnuts,6752752
2026-07-04T08:03:34.423294,2026-07-04T08:03:34.431032+00:00,145.7,200,ask,AverageAlmonds,WavyWalnuts,6752767
2026-07-04T08:03:35.632252,2026-07-04T08:03:35.644125+00:00,145.9,200,ask,YieldingYams,WavyWalnuts,6752787
2026-07-04T08:03:36.840500,2026-07-04T08:03:36.847827+00:00,145.9,200,ask,YieldingYams,WavyWalnuts,6752799
2026-07-04T08:03:38.047390,2026-07-04T08:03:38.055902+00:00,146.0,200,ask,YieldingYams,WavyWalnuts,6752819
2026-07-04T08:03:39.243051,2026-07-04T08:03:39.251266+00:00,146.2,49,bid,Alan Niu,YieldingYams,6752834
2026-07-04T08:03:39.347684,2026-07-04T08:03:39.351258+00:00,146.0,3,bid,Xuanyu Liu,YieldingYams,6752837
2026-07-04T08:03:39.460974,2026-07-04T08:03:39.469339+00:00,146.0,97,bid,Alan Niu,YieldingYams,6752841
2026-07-04T08:03:42.423393,2026-07-04T08:03:42.427105+00:00,145.9,3,ask,WavyWalnuts,Xuanyu Liu,6752869
2026-07-04T08:03:42.435071,2026-07-04T08:03:42.442559+00:00,145.9,146,ask,WavyWalnuts,Alan Niu,6752870
2026-07-04T08:03:42.878151,2026-07-04T08:03:42.889503+00:00,145.9,200,ask,YieldingYams,WavyWalnuts,6752878
2026-07-04T08:03:43.275216,2026-07-04T08:03:43.278703+00:00,145.8,3,bid,Xuanyu Liu,YieldingYams,6752892
2026-07-04T08:03:43.277957,2026-07-04T08:03:43.293915+00:00,145.8,100,bid,Alan Niu,YieldingYams,6752893
2026-07-04T08:03:43.491175,2026-07-04T08:03:43.498336+00:00,145.7,3,ask,WavyWalnuts,Alan Niu,6752895
2026-07-04T08:03:43.913093,2026-07-04T08:03:43.924117+00:00,145.7,50,ask,WavyWalnuts,Alan Niu,6752902
2026-07-04T08:03:44.084100,2026-07-04T08:03:44.093449+00:00,145.8,200,bid,WavyWalnuts,YieldingYams,6752904
2026-07-04T08:03:45.387033,2026-07-04T08:03:45.395565+00:00,145.7,47,ask,YieldingYams,Alan Niu,6752928
2026-07-04T08:03:45.888277,2026-07-04T08:03:45.895428+00:00,145.9,200,bid,YieldingYams,WavyWalnuts,6752935
2026-07-04T08:03:46.498793,2026-07-04T08:03:46.506760+00:00,145.9,200,ask,YieldingYams,WavyWalnuts,6752947
2026-07-04T08:03:48.749496,2026-07-04T08:03:48.752724+00:00,145.6,3,ask,WavyWalnuts,Xuanyu Liu,6752988
2026-07-04T08:03:48.928284,2026-07-04T08:03:48.931833+00:00,145.7,2,ask,WavyWalnuts,Xuanyu Liu,6752996
2026-07-04T08:03:48.956328,2026-07-04T08:03:48.965805+00:00,145.8,20,bid,BrilliantBurritos,YieldingYams,6752997
2026-07-04T08:03:49.830297,2026-07-04T08:03:49.837270+00:00,145.7,198,ask,WavyWalnuts,YieldingYams,6753007
2026-07-04T08:03:50.848006,2026-07-04T08:03:50.863837+00:00,145.7,20,bid,BrilliantBurritos,YieldingYams,6753021
2026-07-04T08:03:51.661320,2026-07-04T08:03:51.672547+00:00,145.6,20,ask,YieldingYams,BrilliantBurritos,6753039
2026-07-04T08:03:52.494667,2026-07-04T08:03:52.498269+00:00,145.8,2,bid,Xuanyu Liu,YieldingYams,6753054
2026-07-04T08:03:55.631967,2026-07-04T08:03:55.643703+00:00,145.7,20,ask,WavyWalnuts,BrilliantBurritos,6753100
2026-07-04T08:03:57.370254,2026-07-04T08:03:57.377247+00:00,145.8,200,bid,WavyWalnuts,YieldingYams,6753122
2026-07-04T08:03:58.578531,2026-07-04T08:03:58.587753+00:00,145.8,200,bid,WavyWalnuts,YieldingYams,6753139
2026-07-04T08:03:59.799659,2026-07-04T08:03:59.803314+00:00,145.8,3,ask,WavyWalnuts,Xuanyu Liu,6753158
2026-07-04T08:04:02.202318,2026-07-04T08:04:02.209568+00:00,145.8,200,ask,YieldingYams,WavyWalnuts,6753200
2026-07-04T08:04:10.815084,2026-07-04T08:04:10.826369+00:00,145.9,200,bid,YieldingYams,WavyWalnuts,6753318
2026-07-04T08:04:11.872443,2026-07-04T08:04:11.880295+00:00,145.9,200,ask,YieldingYams,WavyWalnuts,6753333
2026-07-04T08:04:13.145160,2026-07-04T08:04:13.158634+00:00,145.7,20,ask,YieldingYams,BrilliantBurritos,6753351
2026-07-04T08:04:15.463691,2026-07-04T08:04:15.472443+00:00,145.9,125,bid,AverageAlmonds,YieldingYams,6753388
2026-07-04T08:04:15.463691,2026-07-04T08:04:15.472443+00:00,146.0,200,bid,AverageAlmonds,WavyWalnuts,6753389
2026-07-04T08:04:15.491470,2026-07-04T08:04:15.495222+00:00,146.0,23,ask,AverageAlmonds,Xuanyu Liu,6753391
2026-07-04T08:04:16.101943,2026-07-04T08:04:16.105744+00:00,146.1,11,ask,YieldingYams,Xuanyu Liu,6753399
2026-07-04T08:04:17.148882,2026-07-04T08:04:17.152638+00:00,146.2,11,bid,Xuanyu Liu,WavyWalnuts,6753418
2026-07-04T08:04:17.940664,2026-07-04T08:04:17.948843+00:00,146.1,200,ask,YieldingYams,WavyWalnuts,6753438
2026-07-04T08:04:19.153877,2026-07-04T08:04:19.158615+00:00,146.1,200,ask,YieldingYams,WavyWalnuts,6753451
2026-07-04T08:04:19.986197,2026-07-04T08:04:19.993853+00:00,146.1,500,ask,AverageAlmonds,YieldingYams,6753460
2026-07-04T08:04:20.004985,2026-07-04T08:04:20.008934+00:00,146.1,12,bid,Xuanyu Liu,YieldingYams,6753462
2026-07-04T08:04:20.311625,2026-07-04T08:04:20.325997+00:00,146.1,113,bid,AverageAlmonds,YieldingYams,6753463
2026-07-04T08:04:25.543419,2026-07-04T08:04:25.555177+00:00,146.3,20,bid,BrilliantBurritos,WavyWalnuts,6753536
2026-07-04T08:04:26.413186,2026-07-04T08:04:26.421927+00:00,146.1,200,ask,YieldingYams,WavyWalnuts,6753550
2026-07-04T08:04:27.843378,2026-07-04T08:04:27.858603+00:00,146.3,200,bid,YieldingYams,WavyWalnuts,6753565
2026-07-04T08:04:32.467275,2026-07-04T08:04:32.474515+00:00,146.5,200,bid,WavyWalnuts,YieldingYams,6753615
2026-07-04T08:04:33.097771,2026-07-04T08:04:33.101144+00:00,146.4,12,ask,YieldingYams,Xuanyu Liu,6753629
2026-07-04T08:04:33.225647,2026-07-04T08:04:33.232795+00:00,146.4,20,ask,YieldingYams,BrilliantBurritos,6753635
2026-07-04T08:04:33.695961,2026-07-04T08:04:33.700074+00:00,146.5,11,ask,WavyWalnuts,Xuanyu Liu,6753642
2026-07-04T08:04:33.992884,2026-07-04T08:04:34.004355+00:00,146.7,20,bid,BrilliantBurritos,YieldingYams,6753643
2026-07-04T08:04:36.101165,2026-07-04T08:04:36.112469+00:00,146.6,200,bid,WavyWalnuts,YieldingYams,6753676
2026-07-04T08:04:36.363005,2026-07-04T08:04:36.374658+00:00,146.6,20,bid,BrilliantBurritos,YieldingYams,6753679
2026-07-04T08:04:37.003475,2026-07-04T08:04:37.010832+00:00,146.6,500,bid,YieldingYams,AverageAlmonds,6753691
2026-07-04T08:04:37.021698,2026-07-04T08:04:37.025153+00:00,146.6,12,ask,YieldingYams,Xuanyu Liu,6753693
2026-07-04T08:04:37.274261,2026-07-04T08:04:37.285067+00:00,146.6,113,ask,YieldingYams,AverageAlmonds,6753697
2026-07-04T08:04:37.309865,2026-07-04T08:04:37.321268+00:00,146.5,200,bid,WavyWalnuts,AverageAlmonds,6753699
2026-07-04T08:04:38.518484,2026-07-04T08:04:38.528142+00:00,146.4,200,bid,WavyWalnuts,AverageAlmonds,6753716
2026-07-04T08:04:39.728712,2026-07-04T08:04:39.735278+00:00,146.4,200,bid,WavyWalnuts,YieldingYams,6753731
2026-07-04T08:04:40.938213,2026-07-04T08:04:40.945594+00:00,146.3,200,bid,WavyWalnuts,AverageAlmonds,6753752
2026-07-04T08:04:42.104789,2026-07-04T08:04:42.116205+00:00,146.2,500,ask,YieldingYams,AverageAlmonds,6753765
2026-07-04T08:04:43.937933,2026-07-04T08:04:43.947195+00:00,146.1,200,ask,WavyWalnuts,AverageAlmonds,6753802
2026-07-04T08:04:43.937933,2026-07-04T08:04:43.947195+00:00,146.1,300,ask,YieldingYams,AverageAlmonds,6753803
2026-07-04T08:04:44.535495,2026-07-04T08:04:44.545935+00:00,146.1,325,ask,YieldingYams,AverageAlmonds,6753814
2026-07-04T08:04:44.559395,2026-07-04T08:04:44.563627+00:00,146.1,12,bid,Xuanyu Liu,AverageAlmonds,6753816
2026-07-04T08:04:45.769176,2026-07-04T08:04:45.778484+00:00,146.1,20,bid,BrilliantBurritos,YieldingYams,6753834
2026-07-04T08:04:47.463866,2026-07-04T08:04:47.470921+00:00,146.1,500,bid,YieldingYams,AverageAlmonds,6753864
2026-07-04T08:04:48.775158,2026-07-04T08:04:48.784852+00:00,146.1,200,ask,WavyWalnuts,YieldingYams,6753878
2026-07-04T08:04:53.056003,2026-07-04T08:04:53.059715+00:00,146.2,11,bid,Xuanyu Liu,WavyWalnuts,6753937
2026-07-04T08:04:55.318154,2026-07-04T08:04:55.328486+00:00,146.2,200,bid,YieldingYams,WavyWalnuts,6753971
2026-07-04T08:04:56.478811,2026-07-04T08:04:56.488252+00:00,146.3,20,bid,BrilliantBurritos,WavyWalnuts,6753992
2026-07-04T08:04:56.666515,2026-07-04T08:04:56.669935+00:00,146.2,12,bid,Xuanyu Liu,YieldingYams,6753998
2026-07-04T08:04:59.245739,2026-07-04T08:04:59.253527+00:00,146.1,200,ask,WavyWalnuts,YieldingYams,6754045
2026-07-04T08:05:00.336102,2026-07-04T08:05:00.343004+00:00,146.0,200,bid,WavyWalnuts,YieldingYams,6754065
2026-07-04T08:05:01.861899,2026-07-04T08:05:01.868889+00:00,146.2,200,bid,YieldingYams,WavyWalnuts,6754086
2026-07-04T08:05:01.881245,2026-07-04T08:05:01.886124+00:00,146.2,23,ask,YieldingYams,Xuanyu Liu,6754089
2026-07-04T08:05:04.598676,2026-07-04T08:05:04.602345+00:00,146.3,11,bid,Xuanyu Liu,WavyWalnuts,6754131
2026-07-04T08:05:06.029848,2026-07-04T08:05:06.041833+00:00,146.3,20,bid,BrilliantBurritos,YieldingYams,6754158
2026-07-04T08:05:08.824082,2026-07-04T08:05:08.831335+00:00,146.2,200,bid,WavyWalnuts,YieldingYams,6754198
2026-07-04T08:05:11.032687,2026-07-04T08:05:11.044190+00:00,146.1,200,ask,WavyWalnuts,YieldingYams,6754223
2026-07-04T08:05:12.458662,2026-07-04T08:05:12.468936+00:00,146.1,200,bid,WavyWalnuts,YieldingYams,6754241
2026-07-04T08:05:14.139977,2026-07-04T08:05:14.144031+00:00,146.1,23,ask,WavyWalnuts,Xuanyu Liu,6754267
2026-07-04T08:05:17.583685,2026-07-04T08:05:17.592200+00:00,146.2,200,ask,WavyWalnuts,YieldingYams,6754318
2026-07-04T08:05:18.508112,2026-07-04T08:05:18.514922+00:00,146.1,200,bid,WavyWalnuts,YieldingYams,6754325
2026-07-04T08:05:25.966059,2026-07-04T08:05:25.977893+00:00,146.1,20,bid,BrilliantBurritos,WavyWalnuts,6754442
2026-07-04T08:05:27.004407,2026-07-04T08:05:27.016528+00:00,145.9,200,ask,YieldingYams,WavyWalnuts,6754462
2026-07-04T08:05:28.227517,2026-07-04T08:05:28.231202+00:00,146.0,4,bid,Xuanyu Liu,WavyWalnuts,6754493
2026-07-04T08:05:29.930264,2026-07-04T08:05:29.939392+00:00,145.9,200,bid,AverageAlmonds,WavyWalnuts,6754515
2026-07-04T08:05:29.963675,2026-07-04T08:05:29.966915+00:00,145.9,15,ask,AverageAlmonds,Xuanyu Liu,6754518
2026-07-04T08:05:33.075370,2026-07-04T08:05:33.079270+00:00,145.9,34,bid,Xuanyu Liu,WavyWalnuts,6754555
2026-07-04T08:05:33.574023,2026-07-04T08:05:33.584513+00:00,145.9,166,bid,AverageAlmonds,WavyWalnuts,6754565
2026-07-04T08:05:33.574023,2026-07-04T08:05:33.584513+00:00,145.9,334,bid,AverageAlmonds,YieldingYams,6754566
2026-07-04T08:05:34.262412,2026-07-04T08:05:34.269290+00:00,145.9,200,bid,WavyWalnuts,YieldingYams,6754578
2026-07-04T08:05:35.397087,2026-07-04T08:05:35.410483+00:00,145.8,20,ask,YieldingYams,BrilliantBurritos,6754587
2026-07-04T08:05:36.285985,2026-07-04T08:05:36.289614+00:00,145.9,11,ask,WavyWalnuts,Xuanyu Liu,6754599
2026-07-04T08:05:36.689653,2026-07-04T08:05:36.692903+00:00,146.0,12,ask,WavyWalnuts,Xuanyu Liu,6754605
2026-07-04T08:05:40.304879,2026-07-04T08:05:40.311686+00:00,146.0,200,bid,WavyWalnuts,YieldingYams,6754656
2026-07-04T08:05:42.455752,2026-07-04T08:05:42.463654+00:00,145.9,200,ask,WavyWalnuts,YieldingYams,6754681
2026-07-04T08:05:42.717139,2026-07-04T08:05:42.724346+00:00,145.9,200,bid,WavyWalnuts,YieldingYams,6754687
2026-07-04T08:05:43.939487,2026-07-04T08:05:43.943513+00:00,146.0,11,ask,WavyWalnuts,Xuanyu Liu,6754702
2026-07-04T08:05:45.102060,2026-07-04T08:05:45.112772+00:00,146.0,189,ask,WavyWalnuts,YieldingYams,6754713
2026-07-04T08:05:52.104599,2026-07-04T08:05:52.108631+00:00,145.7,11,ask,WavyWalnuts,Xuanyu Liu,6754817
2026-07-04T08:05:52.950248,2026-07-04T08:05:52.953095+00:00,145.8,200,bid,YieldingYams,WavyWalnuts,6754831
2026-07-04T08:05:52.967019,2026-07-04T08:05:52.971374+00:00,145.8,12,ask,YieldingYams,Xuanyu Liu,6754834
2026-07-04T08:05:54.511354,2026-07-04T08:05:54.518822+00:00,145.7,20,ask,WavyWalnuts,BrilliantBurritos,6754856
2026-07-04T08:05:54.841267,2026-07-04T08:05:54.858618+00:00,145.9,20,bid,BrilliantBurritos,YieldingYams,6754866
2026-07-04T08:05:56.110726,2026-07-04T08:05:56.122527+00:00,145.9,20,bid,BrilliantBurritos,YieldingYams,6754878
2026-07-04T08:05:56.574190,2026-07-04T08:05:56.581004+00:00,145.9,500,bid,AverageAlmonds,YieldingYams,6754882
2026-07-04T08:05:56.880752,2026-07-04T08:05:56.890069+00:00,145.9,200,bid,YieldingYams,WavyWalnuts,6754892
2026-07-04T08:05:57.771923,2026-07-04T08:05:57.783313+00:00,146.0,200,bid,AverageAlmonds,WavyWalnuts,6754902
2026-07-04T08:05:58.413850,2026-07-04T08:05:58.417401+00:00,146.1,12,bid,Xuanyu Liu,YieldingYams,6754913
2026-07-04T08:05:58.432132,2026-07-04T08:05:58.443463+00:00,146.1,20,bid,BrilliantBurritos,YieldingYams,6754914
2026-07-04T08:05:58.972265,2026-07-04T08:05:58.976683+00:00,146.1,11,bid,Xuanyu Liu,YieldingYams,6754921
2026-07-04T08:05:59.500848,2026-07-04T08:05:59.511295+00:00,146.0,500,ask,AverageAlmonds,YieldingYams,6754933
2026-07-04T08:05:59.516885,2026-07-04T08:05:59.520576+00:00,146.0,11,bid,Xuanyu Liu,YieldingYams,6754935
2026-07-04T08:05:59.575879,2026-07-04T08:05:59.585424+00:00,146.0,114,bid,AverageAlmonds,YieldingYams,6754937
2026-07-04T08:06:03.084297,2026-07-04T08:06:03.097597+00:00,146.2,20,ask,YieldingYams,BrilliantBurritos,6754989
2026-07-04T08:06:03.226934,2026-07-04T08:06:03.234209+00:00,146.3,200,bid,AverageAlmonds,WavyWalnuts,6754990
2026-07-04T08:06:03.288285,2026-07-04T08:06:03.298759+00:00,146.3,200,ask,AverageAlmonds,WavyWalnuts,6754991
2026-07-04T08:06:03.429177,2026-07-04T08:06:03.439991+00:00,146.3,100,ask,AverageAlmonds,YieldingYams,6754995
2026-07-04T08:06:03.823131,2026-07-04T08:06:03.831865+00:00,146.3,500,bid,AverageAlmonds,YieldingYams,6755003
2026-07-04T08:06:04.427286,2026-07-04T08:06:04.435569+00:00,146.3,25,bid,AverageAlmonds,YieldingYams,6755010
2026-07-04T08:06:04.500137,2026-07-04T08:06:04.510021+00:00,146.3,200,ask,AverageAlmonds,WavyWalnuts,6755012
2026-07-04T08:06:05.711210,2026-07-04T08:06:05.723189+00:00,146.5,200,ask,YieldingYams,WavyWalnuts,6755036
2026-07-04T08:06:06.924707,2026-07-04T08:06:06.933988+00:00,146.5,200,ask,YieldingYams,WavyWalnuts,6755055
2026-07-04T08:06:07.371478,2026-07-04T08:06:07.375051+00:00,146.6,5,bid,Xuanyu Liu,YieldingYams,6755064
2026-07-04T08:06:08.134687,2026-07-04T08:06:08.145991+00:00,146.3,200,ask,YieldingYams,WavyWalnuts,6755079
2026-07-04T08:06:09.563847,2026-07-04T08:06:09.575819+00:00,146.2,20,ask,YieldingYams,BrilliantBurritos,6755104
2026-07-04T08:06:12.979583,2026-07-04T08:06:12.988314+00:00,146.3,200,ask,YieldingYams,WavyWalnuts,6755170
2026-07-04T08:06:14.234365,2026-07-04T08:06:14.238340+00:00,146.4,7,bid,Xuanyu Liu,YieldingYams,6755189
2026-07-04T08:06:14.732260,2026-07-04T08:06:14.739846+00:00,146.4,500,bid,AverageAlmonds,YieldingYams,6755194
2026-07-04T08:06:15.246884,2026-07-04T08:06:15.264035+00:00,146.4,200,bid,YieldingYams,WavyWalnuts,6755200
2026-07-04T08:06:15.395963,2026-07-04T08:06:15.407728+00:00,146.5,200,ask,YieldingYams,WavyWalnuts,6755202
2026-07-04T08:06:17.814837,2026-07-04T08:06:17.824037+00:00,146.5,200,bid,WavyWalnuts,YieldingYams,6755245
2026-07-04T08:06:20.499212,2026-07-04T08:06:20.502749+00:00,146.4,11,bid,Xuanyu Liu,YieldingYams,6755285
2026-07-04T08:06:21.394850,2026-07-04T08:06:21.402001+00:00,146.4,500,bid,AverageAlmonds,YieldingYams,6755300
2026-07-04T08:06:21.444206,2026-07-04T08:06:21.455232+00:00,146.4,114,bid,WavyWalnuts,YieldingYams,6755302
2026-07-04T08:06:22.660377,2026-07-04T08:06:22.668801+00:00,146.6,200,ask,YieldingYams,WavyWalnuts,6755323
2026-07-04T08:06:22.847230,2026-07-04T08:06:22.858577+00:00,146.6,20,ask,YieldingYams,BrilliantBurritos,6755325
2026-07-04T08:06:23.869043,2026-07-04T08:06:23.877724+00:00,146.5,200,ask,YieldingYams,WavyWalnuts,6755340
2026-07-04T08:06:24.461202,2026-07-04T08:06:24.465289+00:00,146.6,12,bid,Xuanyu Liu,YieldingYams,6755353
2026-07-04T08:06:25.097038,2026-07-04T08:06:25.100790+00:00,146.5,11,bid,Xuanyu Liu,WavyWalnuts,6755367
2026-07-04T08:06:29.925881,2026-07-04T08:06:29.934819+00:00,146.4,200,bid,WavyWalnuts,YieldingYams,6755418
2026-07-04T08:06:30.649594,2026-07-04T08:06:30.653301+00:00,146.3,11,ask,AverageAlmonds,Xuanyu Liu,6755430
2026-07-04T08:06:30.793822,2026-07-04T08:06:30.805746+00:00,146.3,20,ask,AverageAlmonds,BrilliantBurritos,6755431
2026-07-04T08:06:31.066468,2026-07-04T08:06:31.075369+00:00,146.4,500,bid,AverageAlmonds,YieldingYams,6755438
2026-07-04T08:06:31.460204,2026-07-04T08:06:31.472120+00:00,146.3,20,ask,WavyWalnuts,BrilliantBurritos,6755444
2026-07-04T08:06:31.664147,2026-07-04T08:06:31.672123+00:00,146.4,125,bid,AverageAlmonds,YieldingYams,6755448
2026-07-04T08:06:32.283269,2026-07-04T08:06:32.336749+00:00,146.6,200,bid,YieldingYams,WavyWalnuts,6755459
2026-07-04T08:06:32.332540,2026-07-04T08:06:32.336749+00:00,146.7,35,ask,YieldingYams,Xuanyu Liu,6755461
2026-07-04T08:06:36.218762,2026-07-04T08:06:36.226129+00:00,146.9,200,bid,YieldingYams,WavyWalnuts,6755514
2026-07-04T08:06:39.554815,2026-07-04T08:06:39.558086+00:00,147.0,500,bid,AverageAlmonds,YieldingYams,6755571
2026-07-04T08:06:41.480123,2026-07-04T08:06:41.491878+00:00,147.1,500,ask,AverageAlmonds,YieldingYams,6755603
2026-07-04T08:06:41.480123,2026-07-04T08:06:41.491878+00:00,147.0,125,ask,WavyWalnuts,YieldingYams,6755604
2026-07-04T08:06:43.231471,2026-07-04T08:06:43.239999+00:00,147.2,200,bid,WavyWalnuts,YieldingYams,6755621
2026-07-04T08:06:44.441979,2026-07-04T08:06:44.458598+00:00,147.2,200,ask,AverageAlmonds,WavyWalnuts,6755642
2026-07-04T08:06:46.724092,2026-07-04T08:06:46.730713+00:00,147.2,500,ask,AverageAlmonds,YieldingYams,6755665
2026-07-04T08:06:46.812052,2026-07-04T08:06:46.819190+00:00,147.2,125,bid,AverageAlmonds,YieldingYams,6755667
2026-07-04T08:06:49.826638,2026-07-04T08:06:49.836798+00:00,147.4,200,bid,AverageAlmonds,WavyWalnuts,6755698
2026-07-04T08:06:57.224523,2026-07-04T08:06:57.246353+00:00,147.6,200,ask,WavyWalnuts,YieldingYams,6755813
2026-07-04T08:06:57.242700,2026-07-04T08:06:57.246353+00:00,147.5,23,bid,Xuanyu Liu,YieldingYams,6755817
2026-07-04T08:06:57.741379,2026-07-04T08:06:57.750243+00:00,147.5,200,bid,WavyWalnuts,YieldingYams,6755829
2026-07-04T08:06:59.020686,2026-07-04T08:06:59.028721+00:00,147.6,20,bid,BrilliantBurritos,WavyWalnuts,6755847
2026-07-04T08:06:59.841626,2026-07-04T08:06:59.849764+00:00,147.6,180,bid,YieldingYams,WavyWalnuts,6755854
2026-07-04T08:07:08.600352,2026-07-04T08:07:08.611451+00:00,147.6,20,bid,BrilliantBurritos,YieldingYams,6755974
2026-07-04T08:07:09.029764,2026-07-04T08:07:09.033865+00:00,147.5,12,bid,Xuanyu Liu,YieldingYams,6755988
2026-07-04T08:07:09.545201,2026-07-04T08:07:09.558533+00:00,147.5,20,bid,BrilliantBurritos,YieldingYams,6755994
2026-07-04T08:07:13.492327,2026-07-04T08:07:13.508952+00:00,147.4,200,ask,YieldingYams,WavyWalnuts,6756044
2026-07-04T08:07:14.455625,2026-07-04T08:07:14.459774+00:00,147.3,12,ask,YieldingYams,Xuanyu Liu,6756060
2026-07-04T08:07:15.036297,2026-07-04T08:07:15.047894+00:00,147.5,20,bid,BrilliantBurritos,WavyWalnuts,6756072
2026-07-04T08:07:19.557666,2026-07-04T08:07:19.569321+00:00,147.3,200,ask,YieldingYams,WavyWalnuts,6756140
2026-07-04T08:07:20.978103,2026-07-04T08:07:20.989918+00:00,147.3,20,ask,YieldingYams,BrilliantBurritos,6756164
2026-07-04T08:07:21.973845,2026-07-04T08:07:21.985246+00:00,147.3,200,ask,YieldingYams,WavyWalnuts,6756178
2026-07-04T08:07:23.197464,2026-07-04T08:07:23.200868+00:00,147.2,23,bid,Xuanyu Liu,WavyWalnuts,6756187
2026-07-04T08:07:25.921239,2026-07-04T08:07:25.933039+00:00,147.1,20,ask,YieldingYams,BrilliantBurritos,6756227
2026-07-04T08:07:30.299339,2026-07-04T08:07:30.303206+00:00,147.2,34,ask,YieldingYams,Xuanyu Liu,6756294
2026-07-04T08:07:31.648623,2026-07-04T08:07:31.652311+00:00,147.3,12,ask,WavyWalnuts,Xuanyu Liu,6756320
2026-07-04T08:07:32.596046,2026-07-04T08:07:32.604892+00:00,147.3,188,ask,WavyWalnuts,YieldingYams,6756335
2026-07-04T08:07:41.789040,2026-07-04T08:07:41.796121+00:00,147.3,200,bid,YieldingYams,WavyWalnuts,6756463
2026-07-04T08:07:42.960514,2026-07-04T08:07:42.972310+00:00,147.4,20,bid,BrilliantBurritos,WavyWalnuts,6756478
2026-07-04T08:07:44.970541,2026-07-04T08:07:44.980921+00:00,147.4,200,bid,WavyWalnuts,YieldingYams,6756508
2026-07-04T08:07:48.222103,2026-07-04T08:07:48.234064+00:00,147.3,20,ask,WavyWalnuts,BrilliantBurritos,6756552
2026-07-04T08:07:49.905772,2026-07-04T08:07:49.917694+00:00,147.3,20,ask,YieldingYams,BrilliantBurritos,6756593
2026-07-04T08:07:51.149732,2026-07-04T08:07:51.163862+00:00,147.4,20,ask,YieldingYams,BrilliantBurritos,6756612
2026-07-04T08:07:52.253169,2026-07-04T08:07:52.256883+00:00,147.5,2,ask,WavyWalnuts,Xuanyu Liu,6756628
2026-07-04T08:07:53.446626,2026-07-04T08:07:53.458580+00:00,147.6,200,bid,WavyWalnuts,YieldingYams,6756652
2026-07-04T08:07:54.938890,2026-07-04T08:07:54.947124+00:00,147.6,200,ask,WavyWalnuts,YieldingYams,6756671
2026-07-04T08:07:56.087396,2026-07-04T08:07:56.098809+00:00,147.6,20,bid,BrilliantBurritos,YieldingYams,6756686
2026-07-04T08:07:57.090047,2026-07-04T08:07:57.093665+00:00,147.6,9,ask,WavyWalnuts,Xuanyu Liu,6756707
2026-07-04T08:07:57.555483,2026-07-04T08:07:57.556884+00:00,147.6,191,ask,WavyWalnuts,YieldingYams,6756711
2026-07-04T08:07:59.505478,2026-07-04T08:07:59.514392+00:00,147.6,200,bid,WavyWalnuts,YieldingYams,6756731
2026-07-04T08:07:59.760891,2026-07-04T08:07:59.772143+00:00,147.6,20,bid,BrilliantBurritos,YieldingYams,6756738
2026-07-04T08:08:01.282168,2026-07-04T08:08:01.300357+00:00,147.6,20,ask,YieldingYams,BrilliantBurritos,6756761
2026-07-04T08:08:01.510893,2026-07-04T08:08:01.520896+00:00,147.7,200,bid,YieldingYams,WavyWalnuts,6756767
2026-07-04T08:08:01.510893,2026-07-04T08:08:01.520896+00:00,147.7,425,bid,YieldingYams,AverageAlmonds,6756768
2026-07-04T08:08:02.475856,2026-07-04T08:08:02.487094+00:00,147.6,200,ask,WavyWalnuts,AverageAlmonds,6756784
2026-07-04T08:08:02.495600,2026-07-04T08:08:02.502720+00:00,146.8,20,ask,AverageAlmonds,BrilliantBurritos,6756785
2026-07-04T08:08:03.124197,2026-07-04T08:08:03.127960+00:00,147.5,11,bid,Xuanyu Liu,AverageAlmonds,6756795
2026-07-04T08:08:03.132573,2026-07-04T08:08:03.143659+00:00,147.5,200,bid,WavyWalnuts,AverageAlmonds,6756796
2026-07-04T08:08:04.343700,2026-07-04T08:08:04.358572+00:00,147.5,200,bid,WavyWalnuts,YieldingYams,6756812
2026-07-04T08:08:04.928417,2026-07-04T08:08:04.931945+00:00,147.4,12,bid,Xuanyu Liu,AverageAlmonds,6756818
2026-07-04T08:08:05.436864,2026-07-04T08:08:05.444642+00:00,147.4,488,bid,YieldingYams,AverageAlmonds,6756828
2026-07-04T08:08:05.512181,2026-07-04T08:08:05.519039+00:00,147.4,137,ask,YieldingYams,AverageAlmonds,6756830
2026-07-04T08:08:05.553701,2026-07-04T08:08:05.556905+00:00,147.4,200,bid,WavyWalnuts,AverageAlmonds,6756831
2026-07-04T08:08:06.761714,2026-07-04T08:08:06.771366+00:00,147.3,200,bid,WavyWalnuts,AverageAlmonds,6756845
2026-07-04T08:08:07.344602,2026-07-04T08:08:07.358657+00:00,147.2,500,ask,YieldingYams,AverageAlmonds,6756857
2026-07-04T08:08:07.921480,2026-07-04T08:08:07.932603+00:00,147.2,125,ask,YieldingYams,AverageAlmonds,6756870
2026-07-04T08:08:07.950233,2026-07-04T08:08:07.953732+00:00,147.1,23,bid,Xuanyu Liu,AverageAlmonds,6756874
2026-07-04T08:08:07.970146,2026-07-04T08:08:07.980068+00:00,147.1,200,bid,WavyWalnuts,AverageAlmonds,6756876
2026-07-04T08:08:09.178910,2026-07-04T08:08:09.189648+00:00,147.0,200,bid,WavyWalnuts,AverageAlmonds,6756893
2026-07-04T08:08:10.671828,2026-07-04T08:08:10.682366+00:00,146.9,300,bid,YieldingYams,AverageAlmonds,6756914
2026-07-04T08:08:10.957154,2026-07-04T08:08:10.958656+00:00,146.9,325,ask,YieldingYams,AverageAlmonds,6756923
2026-07-04T08:08:11.593616,2026-07-04T08:08:11.602344+00:00,146.9,200,bid,WavyWalnuts,AverageAlmonds,6756933
2026-07-04T08:08:11.996515,2026-07-04T08:08:12.000278+00:00,146.5,23,ask,YieldingYams,Xuanyu Liu,6756943
2026-07-04T08:08:12.801849,2026-07-04T08:08:12.810393+00:00,146.8,200,bid,WavyWalnuts,YieldingYams,6756952
2026-07-04T08:08:13.301504,2026-07-04T08:08:13.305149+00:00,146.6,12,ask,YieldingYams,Xuanyu Liu,6756963
2026-07-04T08:08:14.538154,2026-07-04T08:08:14.542090+00:00,146.8,23,bid,Xuanyu Liu,YieldingYams,6756987
2026-07-04T08:08:15.346425,2026-07-04T08:08:15.364014+00:00,146.7,20,ask,WavyWalnuts,BrilliantBurritos,6756999
2026-07-04T08:08:18.367974,2026-07-04T08:08:18.379894+00:00,146.9,20,bid,BrilliantBurritos,AverageAlmonds,6757042
2026-07-04T08:08:18.527334,2026-07-04T08:08:18.533977+00:00,146.9,480,bid,YieldingYams,AverageAlmonds,6757045
2026-07-04T08:08:19.838271,2026-07-04T08:08:19.849682+00:00,146.9,200,ask,WavyWalnuts,YieldingYams,6757059
2026-07-04T08:08:20.073659,2026-07-04T08:08:20.085150+00:00,146.8,200,bid,WavyWalnuts,YieldingYams,6757063
2026-07-04T08:08:22.507223,2026-07-04T08:08:22.517529+00:00,146.9,200,bid,YieldingYams,WavyWalnuts,6757094
2026-07-04T08:08:25.233008,2026-07-04T08:08:25.241727+00:00,147.1,20,bid,BrilliantBurritos,WavyWalnuts,6757145
2026-07-04T08:08:27.635832,2026-07-04T08:08:27.643112+00:00,147.0,20,bid,BrilliantBurritos,YieldingYams,6757175
2026-07-04T08:08:27.744410,2026-07-04T08:08:27.758572+00:00,146.9,200,ask,WavyWalnuts,YieldingYams,6757177
2026-07-04T08:08:28.563633,2026-07-04T08:08:28.575413+00:00,146.9,200,bid,WavyWalnuts,YieldingYams,6757190
2026-07-04T08:08:31.681375,2026-07-04T08:08:31.689629+00:00,146.9,200,ask,WavyWalnuts,YieldingYams,6757226
2026-07-04T08:08:32.187887,2026-07-04T08:08:32.197524+00:00,146.9,200,bid,WavyWalnuts,YieldingYams,6757239
2026-07-04T08:08:37.230714,2026-07-04T08:08:37.234482+00:00,146.8,11,ask,YieldingYams,Xuanyu Liu,6757319
2026-07-04T08:08:40.668678,2026-07-04T08:08:40.678827+00:00,146.6,200,ask,YieldingYams,WavyWalnuts,6757368
2026-07-04T08:08:40.793685,2026-07-04T08:08:40.805359+00:00,146.9,20,bid,BrilliantBurritos,YieldingYams,6757371
2026-07-04T08:08:45.523283,2026-07-04T08:08:45.534571+00:00,146.5,200,ask,YieldingYams,WavyWalnuts,6757432
2026-07-04T08:08:47.938251,2026-07-04T08:08:47.947566+00:00,146.4,200,ask,AverageAlmonds,WavyWalnuts,6757475
2026-07-04T08:08:49.120508,2026-07-04T08:08:49.130215+00:00,146.4,20,ask,YieldingYams,BrilliantBurritos,6757492
2026-07-04T08:08:49.145428,2026-07-04T08:08:49.158541+00:00,146.4,200,ask,YieldingYams,WavyWalnuts,6757496
2026-07-04T08:08:50.330935,2026-07-04T08:08:50.339460+00:00,146.5,20,bid,BrilliantBurritos,YieldingYams,6757514
2026-07-04T08:08:50.352334,2026-07-04T08:08:50.360531+00:00,146.4,200,ask,AverageAlmonds,WavyWalnuts,6757516
2026-07-04T08:08:52.150889,2026-07-04T08:08:52.158869+00:00,146.5,500,bid,AverageAlmonds,YieldingYams,6757540
2026-07-04T08:08:52.530414,2026-07-04T08:08:52.538249+00:00,146.3,20,ask,WavyWalnuts,BrilliantBurritos,6757550
2026-07-04T08:08:52.671678,2026-07-04T08:08:52.679648+00:00,146.5,200,bid,YieldingYams,WavyWalnuts,6757551
2026-07-04T08:08:56.424227,2026-07-04T08:08:56.432405+00:00,146.5,200,ask,YieldingYams,WavyWalnuts,6757604
2026-07-04T08:08:56.602444,2026-07-04T08:08:56.609237+00:00,146.5,500,ask,AverageAlmonds,YieldingYams,6757607
2026-07-04T08:08:57.601206,2026-07-04T08:08:57.612865+00:00,146.5,125,bid,AverageAlmonds,YieldingYams,6757611
2026-07-04T08:08:57.908207,2026-07-04T08:08:57.915737+00:00,146.7,200,bid,YieldingYams,WavyWalnuts,6757624
2026-07-04T08:08:57.927107,2026-07-04T08:08:57.931456+00:00,146.8,23,ask,YieldingYams,Xuanyu Liu,6757626
2026-07-04T08:08:58.151400,2026-07-04T08:08:58.162919+00:00,147.0,20,bid,BrilliantBurritos,YieldingYams,6757632
2026-07-04T08:09:00.529651,2026-07-04T08:09:00.541434+00:00,146.8,200,ask,WavyWalnuts,YieldingYams,6757675
2026-07-04T08:09:01.819851,2026-07-04T08:09:01.827533+00:00,146.7,425,bid,AverageAlmonds,YieldingYams,6757704
2026-07-04T08:09:01.819851,2026-07-04T08:09:01.832491+00:00,146.7,75,bid,AverageAlmonds,WavyWalnuts,6757705
2026-07-04T08:09:01.849348,2026-07-04T08:09:01.853477+00:00,146.7,125,bid,YieldingYams,WavyWalnuts,6757708
2026-07-04T08:09:02.477574,2026-07-04T08:09:02.484535+00:00,146.8,200,ask,YieldingYams,WavyWalnuts,6757717
2026-07-04T08:09:04.898886,2026-07-04T08:09:04.906958+00:00,146.7,200,ask,YieldingYams,WavyWalnuts,6757750
2026-07-04T08:09:05.719712,2026-07-04T08:09:05.723313+00:00,146.7,11,ask,YieldingYams,Xuanyu Liu,6757759
2026-07-04T08:09:05.794465,2026-07-04T08:09:05.798140+00:00,146.8,12,ask,YieldingYams,Xuanyu Liu,6757761
2026-07-04T08:09:06.106176,2026-07-04T08:09:06.113083+00:00,146.8,200,ask,YieldingYams,WavyWalnuts,6757762
2026-07-04T08:09:09.781721,2026-07-04T08:09:09.786248+00:00,146.8,11,ask,YieldingYams,Xuanyu Liu,6757800
2026-07-04T08:09:10.974769,2026-07-04T08:09:10.980189+00:00,146.8,200,ask,YieldingYams,WavyWalnuts,6757821
2026-07-04T08:09:12.185575,2026-07-04T08:09:12.193383+00:00,146.8,200,ask,YieldingYams,WavyWalnuts,6757844
2026-07-04T08:09:15.227271,2026-07-04T08:09:15.231041+00:00,146.8,6,ask,YieldingYams,Xuanyu Liu,6757886
2026-07-04T08:09:15.812346,2026-07-04T08:09:15.821245+00:00,146.8,200,ask,YieldingYams,WavyWalnuts,6757893
2026-07-04T08:09:21.543067,2026-07-04T08:09:21.551740+00:00,146.7,200,bid,YieldingYams,WavyWalnuts,6757967
2026-07-04T08:09:21.780331,2026-07-04T08:09:21.792139+00:00,146.7,20,ask,YieldingYams,BrilliantBurritos,6757969
2026-07-04T08:09:21.859435,2026-07-04T08:09:21.869261+00:00,146.7,200,ask,YieldingYams,WavyWalnuts,6757972
2026-07-04T08:09:23.555494,2026-07-04T08:09:23.557094+00:00,146.5,20,ask,WavyWalnuts,BrilliantBurritos,6757992
2026-07-04T08:09:27.916660,2026-07-04T08:09:27.927523+00:00,146.7,200,bid,WavyWalnuts,YieldingYams,6758038
2026-07-04T08:09:29.127835,2026-07-04T08:09:29.138189+00:00,146.8,200,bid,WavyWalnuts,YieldingYams,6758051
2026-07-04T08:09:30.337003,2026-07-04T08:09:30.347751+00:00,146.8,200,bid,WavyWalnuts,YieldingYams,6758062
2026-07-04T08:09:31.549056,2026-07-04T08:09:31.558603+00:00,146.8,200,ask,YieldingYams,WavyWalnuts,6758076
2026-07-04T08:09:33.700781,2026-07-04T08:09:33.704920+00:00,147.0,6,bid,Xuanyu Liu,WavyWalnuts,6758114
2026-07-04T08:09:35.760209,2026-07-04T08:09:35.768937+00:00,147.0,20,bid,BrilliantBurritos,YieldingYams,6758145
2026-07-04T08:09:36.860207,2026-07-04T08:09:36.863607+00:00,147.0,11,bid,Xuanyu Liu,YieldingYams,6758159
2026-07-04T08:09:38.527650,2026-07-04T08:09:38.535555+00:00,146.8,20,ask,WavyWalnuts,BrilliantBurritos,6758185
2026-07-04T08:09:38.575867,2026-07-04T08:09:38.579486+00:00,146.9,12,bid,Xuanyu Liu,YieldingYams,6758187
2026-07-04T08:09:41.243843,2026-07-04T08:09:41.258590+00:00,147.0,200,ask,YieldingYams,WavyWalnuts,6758229
2026-07-04T08:09:42.455834,2026-07-04T08:09:42.458622+00:00,147.0,200,ask,YieldingYams,WavyWalnuts,6758248
2026-07-04T08:09:43.191595,2026-07-04T08:09:43.195498+00:00,147.1,11,bid,Xuanyu Liu,YieldingYams,6758255
2026-07-04T08:09:44.873041,2026-07-04T08:09:44.881120+00:00,147.0,200,ask,YieldingYams,WavyWalnuts,6758276
2026-07-04T08:09:46.064692,2026-07-04T08:09:46.068262+00:00,147.0,11,bid,Xuanyu Liu,AverageAlmonds,6758285
2026-07-04T08:09:46.078858,2026-07-04T08:09:46.089100+00:00,147.0,200,bid,WavyWalnuts,AverageAlmonds,6758286
2026-07-04T08:09:46.411918,2026-07-04T08:09:46.419675+00:00,147.0,289,bid,YieldingYams,AverageAlmonds,6758292
2026-07-04T08:09:46.429892,2026-07-04T08:09:46.433356+00:00,147.0,11,ask,YieldingYams,Xuanyu Liu,6758294
2026-07-04T08:09:46.647564,2026-07-04T08:09:46.658656+00:00,147.0,325,ask,YieldingYams,AverageAlmonds,6758295
2026-07-04T08:09:47.604718,2026-07-04T08:09:47.616181+00:00,147.0,20,bid,BrilliantBurritos,WavyWalnuts,6758308
2026-07-04T08:09:52.956220,2026-07-04T08:09:52.958576+00:00,146.9,200,ask,WavyWalnuts,YieldingYams,6758375
2026-07-04T08:09:54.642974,2026-07-04T08:09:54.652647+00:00,147.0,20,bid,BrilliantBurritos,YieldingYams,6758398
2026-07-04T08:09:57.253935,2026-07-04T08:09:57.258135+00:00,146.8,20,ask,YieldingYams,BrilliantBurritos,6758442
2026-07-04T08:09:59.429177,2026-07-04T08:09:59.437355+00:00,147.0,200,ask,AverageAlmonds,WavyWalnuts,6758474
2026-07-04T08:09:59.960986,2026-07-04T08:09:59.967597+00:00,147.1,500,bid,AverageAlmonds,YieldingYams,6758479
2026-07-04T08:10:00.555522,2026-07-04T08:10:00.558586+00:00,147.1,125,bid,AverageAlmonds,YieldingYams,6758482
2026-07-04T08:10:00.580055,2026-07-04T08:10:00.583229+00:00,147.2,23,ask,AverageAlmonds,Xuanyu Liu,6758484
2026-07-04T08:10:00.638861,2026-07-04T08:10:00.650096+00:00,147.2,200,ask,AverageAlmonds,WavyWalnuts,6758486
2026-07-04T08:10:01.848644,2026-07-04T08:10:01.858706+00:00,147.1,200,ask,YieldingYams,WavyWalnuts,6758505
2026-07-04T08:10:03.057840,2026-07-04T08:10:03.069329+00:00,147.1,200,ask,AverageAlmonds,WavyWalnuts,6758528
2026-07-04T08:10:03.602374,2026-07-04T08:10:03.614917+00:00,147.3,20,bid,BrilliantBurritos,YieldingYams,6758539
2026-07-04T08:10:07.114175,2026-07-04T08:10:07.121100+00:00,147.3,20,bid,BrilliantBurritos,YieldingYams,6758580
2026-07-04T08:10:11.725047,2026-07-04T08:10:11.728400+00:00,147.2,11,ask,WavyWalnuts,Xuanyu Liu,6758643
2026-07-04T08:10:13.953897,2026-07-04T08:10:13.955374+00:00,147.2,200,ask,YieldingYams,WavyWalnuts,6758672
2026-07-04T08:10:16.971342,2026-07-04T08:10:16.982871+00:00,147.3,20,ask,WavyWalnuts,BrilliantBurritos,6758724
2026-07-04T08:10:20.450432,2026-07-04T08:10:20.458619+00:00,147.6,200,bid,YieldingYams,WavyWalnuts,6758764
2026-07-04T08:10:21.179426,2026-07-04T08:10:21.182969+00:00,147.8,23,bid,Xuanyu Liu,YieldingYams,6758780
2026-07-04T08:10:21.310458,2026-07-04T08:10:21.313958+00:00,147.7,11,bid,Xuanyu Liu,WavyWalnuts,6758785
2026-07-04T08:10:21.768861,2026-07-04T08:10:21.775756+00:00,147.7,189,bid,YieldingYams,WavyWalnuts,6758795
2026-07-04T08:10:22.468007,2026-07-04T08:10:22.476253+00:00,147.7,20,ask,YieldingYams,BrilliantBurritos,6758803
2026-07-04T08:10:24.764132,2026-07-04T08:10:24.768770+00:00,147.7,11,bid,Xuanyu Liu,WavyWalnuts,6758828
2026-07-04T08:10:24.925241,2026-07-04T08:10:24.932526+00:00,147.6,200,ask,YieldingYams,WavyWalnuts,6758830
2026-07-04T08:10:27.343326,2026-07-04T08:10:27.351858+00:00,147.7,200,bid,WavyWalnuts,YieldingYams,6758860
2026-07-04T08:10:29.620947,2026-07-04T08:10:29.631229+00:00,147.6,200,ask,WavyWalnuts,YieldingYams,6758886
2026-07-04T08:10:32.182286,2026-07-04T08:10:32.191798+00:00,147.6,200,ask,YieldingYams,WavyWalnuts,6758927
2026-07-04T08:10:33.565795,2026-07-04T08:10:33.569281+00:00,147.6,12,bid,Xuanyu Liu,YieldingYams,6758949
2026-07-04T08:10:34.876440,2026-07-04T08:10:34.880162+00:00,147.5,11,bid,Xuanyu Liu,YieldingYams,6758968
2026-07-04T08:10:35.815028,2026-07-04T08:10:35.822434+00:00,147.5,200,bid,WavyWalnuts,YieldingYams,6758981
2026-07-04T08:10:40.155689,2026-07-04T08:10:40.159442+00:00,147.6,23,bid,Xuanyu Liu,WavyWalnuts,6759034
2026-07-04T08:10:40.672140,2026-07-04T08:10:40.675672+00:00,147.5,3,bid,Xuanyu Liu,WavyWalnuts,6759046
2026-07-04T08:10:43.818693,2026-07-04T08:10:43.830392+00:00,147.6,20,bid,BrilliantBurritos,YieldingYams,6759086
2026-07-04T08:10:44.275747,2026-07-04T08:10:44.283424+00:00,147.6,200,bid,WavyWalnuts,YieldingYams,6759093
2026-07-04T08:10:44.360430,2026-07-04T08:10:44.369296+00:00,147.6,20,bid,BrilliantBurritos,YieldingYams,6759094
2026-07-04T08:10:46.634638,2026-07-04T08:10:46.641807+00:00,147.6,500,ask,AverageAlmonds,YieldingYams,6759122
2026-07-04T08:10:46.697015,2026-07-04T08:10:46.704883+00:00,147.6,125,bid,WavyWalnuts,YieldingYams,6759124
2026-07-04T08:10:46.715589,2026-07-04T08:10:46.719352+00:00,147.7,3,ask,WavyWalnuts,Xuanyu Liu,6759126
2026-07-04T08:10:49.118771,2026-07-04T08:10:49.126963+00:00,147.8,200,bid,WavyWalnuts,YieldingYams,6759158
2026-07-04T08:10:49.661293,2026-07-04T08:10:49.664793+00:00,147.7,3,bid,Xuanyu Liu,YieldingYams,6759166
2026-07-04T08:10:50.208643,2026-07-04T08:10:50.217008+00:00,147.7,500,bid,AverageAlmonds,YieldingYams,6759176
2026-07-04T08:10:50.557098,2026-07-04T08:10:50.564162+00:00,147.9,200,bid,YieldingYams,WavyWalnuts,6759180
2026-07-04T08:10:50.575126,2026-07-04T08:10:50.579077+00:00,147.9,3,ask,YieldingYams,Xuanyu Liu,6759182
2026-07-04T08:10:51.538692,2026-07-04T08:10:51.549211+00:00,147.9,200,ask,YieldingYams,WavyWalnuts,6759195
2026-07-04T08:10:56.923860,2026-07-04T08:10:56.930833+00:00,148.0,20,bid,BrilliantBurritos,WavyWalnuts,6759283
2026-07-04T08:10:57.120532,2026-07-04T08:10:57.124167+00:00,147.9,11,ask,YieldingYams,Xuanyu Liu,6759289
2026-07-04T08:10:57.583583,2026-07-04T08:10:57.595011+00:00,147.9,200,ask,YieldingYams,WavyWalnuts,6759298
2026-07-04T08:10:59.721256,2026-07-04T08:10:59.728225+00:00,147.9,200,bid,YieldingYams,WavyWalnuts,6759330
2026-07-04T08:10:59.739354,2026-07-04T08:10:59.742911+00:00,147.9,12,ask,YieldingYams,Xuanyu Liu,6759332
2026-07-04T08:10:59.998223,2026-07-04T08:11:00.005547+00:00,147.9,200,ask,YieldingYams,WavyWalnuts,6759336
2026-07-04T08:11:02.341455,2026-07-04T08:11:02.348210+00:00,147.8,200,ask,WavyWalnuts,YieldingYams,6759383
2026-07-04T08:11:02.411638,2026-07-04T08:11:02.421148+00:00,147.8,200,bid,WavyWalnuts,YieldingYams,6759384
2026-07-04T08:11:03.956627,2026-07-04T08:11:03.968336+00:00,147.8,20,bid,BrilliantBurritos,WavyWalnuts,6759412
2026-07-04T08:11:05.507644,2026-07-04T08:11:05.511485+00:00,147.7,11,ask,YieldingYams,Xuanyu Liu,6759444
2026-07-04T08:11:06.037106,2026-07-04T08:11:06.048482+00:00,147.7,200,ask,YieldingYams,WavyWalnuts,6759461
2026-07-04T08:11:08.884031,2026-07-04T08:11:08.891471+00:00,147.6,500,ask,AverageAlmonds,YieldingYams,6759508
2026-07-04T08:11:08.884031,2026-07-04T08:11:08.896945+00:00,147.6,125,ask,WavyWalnuts,YieldingYams,6759509
2026-07-04T08:11:09.662298,2026-07-04T08:11:09.670521+00:00,147.6,200,ask,AverageAlmonds,WavyWalnuts,6759517
2026-07-04T08:11:11.413018,2026-07-04T08:11:11.420197+00:00,147.8,500,bid,AverageAlmonds,YieldingYams,6759542
2026-07-04T08:11:11.785217,2026-07-04T08:11:11.788792+00:00,147.8,23,bid,Xuanyu Liu,WavyWalnuts,6759557
2026-07-04T08:11:12.078252,2026-07-04T08:11:12.089789+00:00,147.7,200,ask,YieldingYams,WavyWalnuts,6759563
2026-07-04T08:11:12.826640,2026-07-04T08:11:12.836817+00:00,147.8,500,ask,AverageAlmonds,YieldingYams,6759579
2026-07-04T08:11:13.214848,2026-07-04T08:11:13.223081+00:00,147.8,125,bid,AverageAlmonds,YieldingYams,6759589
2026-07-04T08:11:13.284808,2026-07-04T08:11:13.296823+00:00,147.8,200,ask,AverageAlmonds,WavyWalnuts,6759595
2026-07-04T08:11:14.491895,2026-07-04T08:11:14.502159+00:00,147.9,200,ask,YieldingYams,WavyWalnuts,6759604
2026-07-04T08:11:15.699793,2026-07-04T08:11:15.707425+00:00,147.8,200,ask,YieldingYams,WavyWalnuts,6759619
2026-07-04T08:11:18.164684,2026-07-04T08:11:18.168455+00:00,147.7,23,ask,AverageAlmonds,Xuanyu Liu,6759648
2026-07-04T08:11:18.684612,2026-07-04T08:11:18.695518+00:00,147.7,20,ask,WavyWalnuts,BrilliantBurritos,6759656
2026-07-04T08:11:19.877939,2026-07-04T08:11:19.888875+00:00,147.8,200,bid,AverageAlmonds,WavyWalnuts,6759676
2026-07-04T08:11:19.909401,2026-07-04T08:11:19.913561+00:00,147.8,12,ask,AverageAlmonds,Xuanyu Liu,6759680
2026-07-04T08:11:23.517661,2026-07-04T08:11:23.528210+00:00,147.9,200,bid,AverageAlmonds,WavyWalnuts,6759727
2026-07-04T08:11:23.517661,2026-07-04T08:11:23.528210+00:00,147.9,300,bid,AverageAlmonds,YieldingYams,6759728
2026-07-04T08:11:23.829246,2026-07-04T08:11:23.841053+00:00,147.9,20,bid,BrilliantBurritos,YieldingYams,6759734
2026-07-04T08:11:24.639203,2026-07-04T08:11:24.643118+00:00,147.9,11,ask,YieldingYams,Xuanyu Liu,6759746
2026-07-04T08:11:25.953550,2026-07-04T08:11:25.976954+00:00,148.0,200,bid,YieldingYams,WavyWalnuts,6759762
2026-07-04T08:11:25.972789,2026-07-04T08:11:25.976954+00:00,148.1,23,ask,YieldingYams,Xuanyu Liu,6759765
2026-07-04T08:11:30.289419,2026-07-04T08:11:30.300946+00:00,148.2,20,ask,WavyWalnuts,BrilliantBurritos,6759821
2026-07-04T08:11:31.422362,2026-07-04T08:11:31.430176+00:00,148.3,200,bid,WavyWalnuts,YieldingYams,6759832
2026-07-04T08:11:33.809440,2026-07-04T08:11:33.817645+00:00,148.2,200,ask,WavyWalnuts,YieldingYams,6759866
2026-07-04T08:11:36.470337,2026-07-04T08:11:36.482173+00:00,148.1,20,bid,BrilliantBurritos,WavyWalnuts,6759906
2026-07-04T08:11:37.578791,2026-07-04T08:11:37.582608+00:00,147.9,11,ask,WavyWalnuts,Xuanyu Liu,6759918
2026-07-04T08:11:38.706270,2026-07-04T08:11:38.710488+00:00,148.0,6,ask,WavyWalnuts,Xuanyu Liu,6759927
2026-07-04T08:11:42.966434,2026-07-04T08:11:42.977864+00:00,148.1,200,bid,YieldingYams,WavyWalnuts,6759995
2026-07-04T08:11:44.696288,2026-07-04T08:11:44.706157+00:00,148.2,200,bid,AverageAlmonds,WavyWalnuts,6760017
2026-07-04T08:11:44.696288,2026-07-04T08:11:44.706157+00:00,148.3,300,bid,AverageAlmonds,YieldingYams,6760018
2026-07-04T08:11:45.589326,2026-07-04T08:11:45.600079+00:00,148.3,200,bid,YieldingYams,WavyWalnuts,6760035
2026-07-04T08:11:45.952542,2026-07-04T08:11:45.959150+00:00,148.4,200,ask,YieldingYams,WavyWalnuts,6760042
2026-07-04T08:11:47.165217,2026-07-04T08:11:47.174650+00:00,148.4,200,ask,YieldingYams,WavyWalnuts,6760064
2026-07-04T08:11:49.307337,2026-07-04T08:11:49.318250+00:00,148.3,20,ask,YieldingYams,BrilliantBurritos,6760095
2026-07-04T08:11:50.974116,2026-07-04T08:11:50.985840+00:00,148.3,20,bid,BrilliantBurritos,YieldingYams,6760117
2026-07-04T08:11:52.953643,2026-07-04T08:11:52.960368+00:00,148.3,20,bid,BrilliantBurritos,WavyWalnuts,6760149
2026-07-04T08:11:53.485078,2026-07-04T08:11:53.491789+00:00,148.3,200,bid,YieldingYams,WavyWalnuts,6760161
2026-07-04T08:11:56.109845,2026-07-04T08:11:56.127343+00:00,148.5,200,ask,WavyWalnuts,YieldingYams,6760198
2026-07-04T08:11:56.123693,2026-07-04T08:11:56.127343+00:00,148.5,6,bid,Xuanyu Liu,YieldingYams,6760200
2026-07-04T08:11:56.923137,2026-07-04T08:11:56.930143+00:00,148.5,200,bid,WavyWalnuts,YieldingYams,6760208
2026-07-04T08:11:59.007269,2026-07-04T08:11:59.015289+00:00,148.4,20,ask,YieldingYams,BrilliantBurritos,6760225
2026-07-04T08:11:59.427209,2026-07-04T08:11:59.439006+00:00,148.4,20,ask,YieldingYams,BrilliantBurritos,6760231
2026-07-04T08:12:01.368703,2026-07-04T08:12:01.377795+00:00,148.5,200,bid,YieldingYams,WavyWalnuts,6760256
2026-07-04T08:12:05.383188,2026-07-04T08:12:05.392520+00:00,148.6,200,ask,YieldingYams,WavyWalnuts,6760304
2026-07-04T08:12:05.722925,2026-07-04T08:12:05.734379+00:00,148.9,20,bid,BrilliantBurritos,AverageAlmonds,6760306
2026-07-04T08:12:05.996356,2026-07-04T08:12:06.000037+00:00,148.9,11,bid,Xuanyu Liu,YieldingYams,6760315
2026-07-04T08:12:06.604781,2026-07-04T08:12:06.608001+00:00,148.8,12,bid,Xuanyu Liu,WavyWalnuts,6760323
2026-07-04T08:12:07.720928,2026-07-04T08:12:07.728733+00:00,148.8,20,bid,BrilliantBurritos,WavyWalnuts,6760339
2026-07-04T08:12:07.799388,2026-07-04T08:12:07.806609+00:00,148.7,200,ask,YieldingYams,WavyWalnuts,6760340
2026-07-04T08:12:08.764374,2026-07-04T08:12:08.768055+00:00,148.9,22,bid,Xuanyu Liu,YieldingYams,6760359
2026-07-04T08:12:09.263940,2026-07-04T08:12:09.267429+00:00,148.8,12,bid,Xuanyu Liu,YieldingYams,6760366
2026-07-04T08:12:10.219651,2026-07-04T08:12:10.230159+00:00,148.8,200,bid,WavyWalnuts,YieldingYams,6760376
2026-07-04T08:12:13.165202,2026-07-04T08:12:13.174437+00:00,148.6,20,ask,YieldingYams,BrilliantBurritos,6760410
2026-07-04T08:12:13.852354,2026-07-04T08:12:13.858555+00:00,148.7,200,ask,YieldingYams,WavyWalnuts,6760421
2026-07-04T08:12:15.058769,2026-07-04T08:12:15.070148+00:00,148.7,200,ask,YieldingYams,WavyWalnuts,6760442
2026-07-04T08:12:15.962550,2026-07-04T08:12:15.974370+00:00,148.5,20,ask,YieldingYams,BrilliantBurritos,6760453
2026-07-04T08:12:17.529710,2026-07-04T08:12:17.536677+00:00,148.8,20,bid,BrilliantBurritos,YieldingYams,6760465
2026-07-04T08:12:21.064192,2026-07-04T08:12:21.071166+00:00,148.7,500,bid,YieldingYams,AverageAlmonds,6760517
2026-07-04T08:12:21.476315,2026-07-04T08:12:21.480379+00:00,148.7,12,ask,YieldingYams,Xuanyu Liu,6760521
2026-07-04T08:12:21.609493,2026-07-04T08:12:21.617492+00:00,148.7,113,ask,YieldingYams,AverageAlmonds,6760525
2026-07-04T08:12:23.519578,2026-07-04T08:12:23.531361+00:00,148.7,20,bid,BrilliantBurritos,WavyWalnuts,6760551
2026-07-04T08:12:23.691635,2026-07-04T08:12:23.703107+00:00,148.7,500,bid,YieldingYams,AverageAlmonds,6760554
2026-07-04T08:12:23.691635,2026-07-04T08:12:23.703107+00:00,148.7,125,bid,YieldingYams,WavyWalnuts,6760555
2026-07-04T08:12:25.005831,2026-07-04T08:12:25.016847+00:00,148.6,200,ask,WavyWalnuts,YieldingYams,6760575
2026-07-04T08:12:25.224477,2026-07-04T08:12:25.236236+00:00,148.4,20,ask,YieldingYams,BrilliantBurritos,6760581
2026-07-04T08:12:26.317079,2026-07-04T08:12:26.327310+00:00,148.6,500,bid,YieldingYams,AverageAlmonds,6760593
2026-07-04T08:12:27.072326,2026-07-04T08:12:27.080691+00:00,148.6,125,ask,YieldingYams,AverageAlmonds,6760603
2026-07-04T08:12:27.171072,2026-07-04T08:12:27.179090+00:00,148.6,200,bid,WavyWalnuts,AverageAlmonds,6760606
2026-07-04T08:12:28.038946,2026-07-04T08:12:28.058865+00:00,148.5,20,bid,BrilliantBurritos,YieldingYams,6760627
2026-07-04T08:12:28.383448,2026-07-04T08:12:28.390221+00:00,148.5,200,bid,WavyWalnuts,YieldingYams,6760632
2026-07-04T08:12:28.948389,2026-07-04T08:12:28.952077+00:00,148.4,11,ask,YieldingYams,Xuanyu Liu,6760642
2026-07-04T08:12:29.605345,2026-07-04T08:12:29.608958+00:00,148.5,5,ask,WavyWalnuts,Xuanyu Liu,6760652
2026-07-04T08:12:32.032146,2026-07-04T08:12:32.035867+00:00,148.6,5,bid,Xuanyu Liu,WavyWalnuts,6760684
2026-07-04T08:12:33.232098,2026-07-04T08:12:33.240947+00:00,148.5,200,ask,YieldingYams,WavyWalnuts,6760701
2026-07-04T08:12:34.567277,2026-07-04T08:12:34.574002+00:00,148.5,20,ask,WavyWalnuts,BrilliantBurritos,6760722
2026-07-04T08:12:35.650396,2026-07-04T08:12:35.658654+00:00,148.6,200,bid,WavyWalnuts,YieldingYams,6760732
2026-07-04T08:12:37.623372,2026-07-04T08:12:37.627013+00:00,148.7,11,bid,Xuanyu Liu,YieldingYams,6760771
2026-07-04T08:12:38.067014,2026-07-04T08:12:38.074350+00:00,148.7,200,bid,WavyWalnuts,YieldingYams,6760778
2026-07-04T08:12:38.093393,2026-07-04T08:12:38.101227+00:00,148.7,500,bid,YieldingYams,AverageAlmonds,6760779
2026-07-04T08:12:38.861621,2026-07-04T08:12:38.873038+00:00,148.7,20,ask,YieldingYams,BrilliantBurritos,6760790
2026-07-04T08:12:39.415490,2026-07-04T08:12:39.434165+00:00,148.7,200,ask,WavyWalnuts,YieldingYams,6760800
2026-07-04T08:12:39.430320,2026-07-04T08:12:39.434165+00:00,148.5,23,bid,Xuanyu Liu,YieldingYams,6760803
2026-07-04T08:12:40.838708,2026-07-04T08:12:40.842487+00:00,148.6,11,ask,YieldingYams,Xuanyu Liu,6760825
2026-07-04T08:12:43.018798,2026-07-04T08:12:43.027466+00:00,148.7,20,bid,BrilliantBurritos,WavyWalnuts,6760862
2026-07-04T08:12:45.328709,2026-07-04T08:12:45.337294+00:00,148.6,200,bid,WavyWalnuts,YieldingYams,6760894
2026-07-04T08:12:46.540431,2026-07-04T08:12:46.551084+00:00,148.6,200,bid,WavyWalnuts,YieldingYams,6760915
2026-07-04T08:12:53.833765,2026-07-04T08:12:53.840604+00:00,148.5,200,ask,WavyWalnuts,YieldingYams,6761002
2026-07-04T08:12:55.019296,2026-07-04T08:12:55.028947+00:00,148.5,200,bid,WavyWalnuts,YieldingYams,6761015
2026-07-04T08:12:55.396808,2026-07-04T08:12:55.408342+00:00,148.4,20,ask,AverageAlmonds,BrilliantBurritos,6761022
2026-07-04T08:12:56.693208,2026-07-04T08:12:56.697089+00:00,148.4,12,ask,AverageAlmonds,Xuanyu Liu,6761042
2026-07-04T08:12:57.051278,2026-07-04T08:12:57.058581+00:00,148.4,20,ask,YieldingYams,BrilliantBurritos,6761049
2026-07-04T08:12:57.343478,2026-07-04T08:12:57.350807+00:00,148.5,200,bid,AverageAlmonds,WavyWalnuts,6761054
2026-07-04T08:12:57.369838,2026-07-04T08:12:57.373416+00:00,148.5,11,ask,AverageAlmonds,Xuanyu Liu,6761056
2026-07-04T08:12:57.439203,2026-07-04T08:12:57.447236+00:00,148.5,200,ask,AverageAlmonds,WavyWalnuts,6761058
2026-07-04T08:13:01.966391,2026-07-04T08:13:01.978076+00:00,148.6,20,ask,YieldingYams,BrilliantBurritos,6761123
2026-07-04T08:13:04.339115,2026-07-04T08:13:04.348849+00:00,148.6,200,bid,YieldingYams,WavyWalnuts,6761159
2026-07-04T08:13:05.911347,2026-07-04T08:13:05.918739+00:00,148.6,200,ask,YieldingYams,WavyWalnuts,6761181
2026-07-04T08:13:06.190355,2026-07-04T08:13:06.200434+00:00,148.6,20,ask,YieldingYams,BrilliantBurritos,6761187
2026-07-04T08:13:07.139654,2026-07-04T08:13:07.144067+00:00,148.5,11,bid,Xuanyu Liu,WavyWalnuts,6761203
2026-07-04T08:13:08.865851,2026-07-04T08:13:08.876301+00:00,148.3,20,ask,YieldingYams,BrilliantBurritos,6761225
2026-07-04T08:13:11.138508,2026-07-04T08:13:11.158571+00:00,148.3,20,ask,WavyWalnuts,BrilliantBurritos,6761256
2026-07-04T08:13:13.172188,2026-07-04T08:13:13.178364+00:00,148.5,200,bid,WavyWalnuts,YieldingYams,6761279
2026-07-04T08:13:14.852550,2026-07-04T08:13:14.858543+00:00,148.4,200,ask,WavyWalnuts,YieldingYams,6761296
2026-07-04T08:13:18.383045,2026-07-04T08:13:18.386844+00:00,148.6,12,bid,Xuanyu Liu,YieldingYams,6761337
2026-07-04T08:13:22.716040,2026-07-04T08:13:22.724134+00:00,148.5,200,bid,YieldingYams,WavyWalnuts,6761398
2026-07-04T08:13:22.846835,2026-07-04T08:13:22.854357+00:00,148.5,200,ask,YieldingYams,WavyWalnuts,6761400
2026-07-04T08:13:25.335224,2026-07-04T08:13:25.342588+00:00,148.5,200,bid,YieldingYams,WavyWalnuts,6761426
2026-07-04T08:13:26.473616,2026-07-04T08:13:26.480662+00:00,148.6,200,ask,YieldingYams,WavyWalnuts,6761440
2026-07-04T08:13:29.261407,2026-07-04T08:13:29.269118+00:00,148.6,200,bid,YieldingYams,WavyWalnuts,6761474
2026-07-04T08:13:29.261407,2026-07-04T08:13:29.274126+00:00,148.7,425,bid,YieldingYams,AverageAlmonds,6761475
2026-07-04T08:13:30.572822,2026-07-04T08:13:30.580301+00:00,148.6,200,ask,WavyWalnuts,YieldingYams,6761497
2026-07-04T08:13:31.470204,2026-07-04T08:13:31.474110+00:00,148.6,11,bid,Xuanyu Liu,YieldingYams,6761510
2026-07-04T08:13:31.890367,2026-07-04T08:13:31.901368+00:00,148.5,200,ask,WavyWalnuts,YieldingYams,6761521
2026-07-04T08:13:31.906569,2026-07-04T08:13:31.909804+00:00,148.5,12,bid,Xuanyu Liu,YieldingYams,6761524
2026-07-04T08:13:34.926504,2026-07-04T08:13:34.934398+00:00,148.4,200,ask,YieldingYams,WavyWalnuts,6761563
2026-07-04T08:13:36.133580,2026-07-04T08:13:36.143878+00:00,148.4,200,ask,YieldingYams,WavyWalnuts,6761578
2026-07-04T08:13:40.979033,2026-07-04T08:13:40.986095+00:00,148.5,200,ask,YieldingYams,WavyWalnuts,6761631
2026-07-04T08:13:42.925593,2026-07-04T08:13:42.934887+00:00,148.5,20,ask,YieldingYams,BrilliantBurritos,6761668
2026-07-04T08:13:43.396859,2026-07-04T08:13:43.407490+00:00,148.5,200,ask,YieldingYams,WavyWalnuts,6761675
2026-07-04T08:13:44.575709,2026-07-04T08:13:44.578975+00:00,148.5,11,bid,Xuanyu Liu,AverageAlmonds,6761690
2026-07-04T08:13:45.181010,2026-07-04T08:13:45.184457+00:00,148.4,3,bid,Xuanyu Liu,AverageAlmonds,6761703
2026-07-04T08:13:45.771963,2026-07-04T08:13:45.779495+00:00,148.3,200,ask,WavyWalnuts,AverageAlmonds,6761717
2026-07-04T08:13:45.771963,2026-07-04T08:13:45.784472+00:00,148.3,300,ask,YieldingYams,AverageAlmonds,6761718
2026-07-04T08:13:46.315405,2026-07-04T08:13:46.326281+00:00,148.2,200,ask,WavyWalnuts,YieldingYams,6761724
2026-07-04T08:13:53.201515,2026-07-04T08:13:53.205137+00:00,148.5,3,bid,Xuanyu Liu,YieldingYams,6761807
2026-07-04T08:13:53.293125,2026-07-04T08:13:53.304806+00:00,148.5,147,bid,Alan Niu,YieldingYams,6761810
2026-07-04T08:13:54.680319,2026-07-04T08:13:54.691885+00:00,148.4,20,ask,YieldingYams,BrilliantBurritos,6761834
2026-07-04T08:13:55.602772,2026-07-04T08:13:55.609078+00:00,148.6,50,bid,Alan Niu,WavyWalnuts,6761844
2026-07-04T08:13:59.445117,2026-07-04T08:13:59.452873+00:00,148.6,500,bid,YieldingYams,AverageAlmonds,6761894
2026-07-04T08:13:59.630616,2026-07-04T08:13:59.638891+00:00,148.7,3,bid,Alan Niu,WavyWalnuts,6761900
2026-07-04T08:13:59.679486,2026-07-04T08:13:59.688482+00:00,148.6,125,ask,YieldingYams,AverageAlmonds,6761902
2026-07-04T08:13:59.700906,2026-07-04T08:13:59.704736+00:00,148.6,11,bid,Xuanyu Liu,AverageAlmonds,6761906
2026-07-04T08:13:59.707168,2026-07-04T08:13:59.725360+00:00,148.6,147,bid,Chester Au,AverageAlmonds,6761908
2026-07-04T08:14:00.759112,2026-07-04T08:14:00.767082+00:00,148.5,200,ask,WavyWalnuts,YieldingYams,6761921
2026-07-04T08:14:00.948935,2026-07-04T08:14:00.955300+00:00,148.3,20,ask,YieldingYams,BrilliantBurritos,6761922
2026-07-04T08:14:02.016155,2026-07-04T08:14:02.027810+00:00,148.3,20,ask,YieldingYams,BrilliantBurritos,6761938
2026-07-04T08:14:02.072537,2026-07-04T08:14:02.082124+00:00,148.4,500,bid,YieldingYams,AverageAlmonds,6761939
2026-07-04T08:14:02.749255,2026-07-04T08:14:02.752798+00:00,148.4,11,ask,YieldingYams,Xuanyu Liu,6761944
2026-07-04T08:14:03.329410,2026-07-04T08:14:03.339137+00:00,148.4,114,ask,YieldingYams,AverageAlmonds,6761956
2026-07-04T08:14:03.934728,2026-07-04T08:14:03.945112+00:00,148.3,200,ask,WavyWalnuts,AverageAlmonds,6761960
2026-07-04T08:14:04.013144,2026-07-04T08:14:04.022229+00:00,148.2,20,ask,YieldingYams,BrilliantBurritos,6761963
2026-07-04T08:14:05.190226,2026-07-04T08:14:05.199236+00:00,148.3,200,bid,WavyWalnuts,AverageAlmonds,6761993
2026-07-04T08:14:06.405829,2026-07-04T08:14:06.417203+00:00,148.3,200,bid,WavyWalnuts,YieldingYams,6762007
2026-07-04T08:14:13.967188,2026-07-04T08:14:13.977026+00:00,148.0,20,ask,YieldingYams,BrilliantBurritos,6762088
2026-07-04T08:14:18.950914,2026-07-04T08:14:18.958622+00:00,148.3,50,ask,WavyWalnuts,Alan Niu,6762155
2026-07-04T08:14:19.112308,2026-07-04T08:14:19.120325+00:00,148.3,150,ask,WavyWalnuts,YieldingYams,6762157
2026-07-04T08:14:22.178418,2026-07-04T08:14:22.189657+00:00,148.2,200,ask,YieldingYams,WavyWalnuts,6762196
2026-07-04T08:14:23.390802,2026-07-04T08:14:23.398121+00:00,148.1,200,ask,YieldingYams,WavyWalnuts,6762213
2026-07-04T08:14:24.598077,2026-07-04T08:14:24.606908+00:00,148.1,200,ask,YieldingYams,WavyWalnuts,6762237
2026-07-04T08:14:24.863466,2026-07-04T08:14:24.866661+00:00,148.1,3,ask,YieldingYams,Xuanyu Liu,6762242
2026-07-04T08:14:25.059931,2026-07-04T08:14:25.069590+00:00,148.1,147,ask,YieldingYams,Alan Niu,6762245
2026-07-04T08:14:25.270480,2026-07-04T08:14:25.277052+00:00,148.1,3,ask,YieldingYams,Alan Niu,6762252
2026-07-04T08:14:27.180033,2026-07-04T08:14:27.187110+00:00,148.2,20,bid,BrilliantBurritos,WavyWalnuts,6762284
2026-07-04T08:14:29.430506,2026-07-04T08:14:29.458571+00:00,148.2,200,ask,YieldingYams,WavyWalnuts,6762313
2026-07-04T08:14:29.956057,2026-07-04T08:14:29.958182+00:00,148.4,20,bid,BrilliantBurritos,AverageAlmonds,6762318
2026-07-04T08:14:30.640450,2026-07-04T08:14:30.648007+00:00,148.3,200,ask,YieldingYams,WavyWalnuts,6762328
2026-07-04T08:14:32.588025,2026-07-04T08:14:32.595394+00:00,148.4,20,bid,BrilliantBurritos,AverageAlmonds,6762348
2026-07-04T08:14:32.983839,2026-07-04T08:14:32.995017+00:00,148.3,200,ask,WavyWalnuts,AverageAlmonds,6762354
2026-07-04T08:14:33.508006,2026-07-04T08:14:33.517253+00:00,148.3,300,bid,YieldingYams,AverageAlmonds,6762356
2026-07-04T08:14:33.578845,2026-07-04T08:14:33.591508+00:00,148.2,175,ask,WavyWalnuts,AverageAlmonds,6762359
2026-07-04T08:14:35.470285,2026-07-04T08:14:35.478452+00:00,148.2,200,bid,WavyWalnuts,YieldingYams,6762394
2026-07-04T08:14:36.677943,2026-07-04T08:14:36.688994+00:00,148.2,200,bid,WavyWalnuts,YieldingYams,6762411
2026-07-04T08:14:37.536000,2026-07-04T08:14:37.544308+00:00,148.1,147,ask,YieldingYams,Chester Au,6762430
2026-07-04T08:14:37.885659,2026-07-04T08:14:37.895063+00:00,148.3,200,bid,WavyWalnuts,YieldingYams,6762433
2026-07-04T08:14:38.760838,2026-07-04T08:14:38.771996+00:00,148.1,20,ask,YieldingYams,BrilliantBurritos,6762450
2026-07-04T08:14:40.318511,2026-07-04T08:14:40.322417+00:00,148.2,3,ask,WavyWalnuts,Xuanyu Liu,6762472
2026-07-04T08:14:40.649288,2026-07-04T08:14:40.652988+00:00,148.3,3,bid,Xuanyu Liu,YieldingYams,6762478
2026-07-04T08:14:43.395180,2026-07-04T08:14:43.404346+00:00,148.2,20,bid,BrilliantBurritos,YieldingYams,6762523
2026-07-04T08:14:43.937976,2026-07-04T08:14:43.948851+00:00,148.2,200,bid,WavyWalnuts,YieldingYams,6762528
2026-07-04T08:14:47.904435,2026-07-04T08:14:47.915953+00:00,148.2,20,ask,WavyWalnuts,BrilliantBurritos,6762585
2026-07-04T08:14:47.937099,2026-07-04T08:14:47.948582+00:00,148.2,180,ask,WavyWalnuts,YieldingYams,6762586
2026-07-04T08:14:48.277109,2026-07-04T08:14:48.288960+00:00,148.0,20,ask,YieldingYams,BrilliantBurritos,6762592
2026-07-04T08:14:49.247308,2026-07-04T08:14:49.255881+00:00,148.2,200,bid,YieldingYams,WavyWalnuts,6762605
2026-07-04T08:14:53.178479,2026-07-04T08:14:53.189129+00:00,148.3,200,bid,YieldingYams,WavyWalnuts,6762665
2026-07-04T08:14:53.365062,2026-07-04T08:14:53.368877+00:00,148.3,26,ask,YieldingYams,Xuanyu Liu,6762667
2026-07-04T08:15:02.385257,2026-07-04T08:15:02.388946+00:00,148.5,11,ask,YieldingYams,Xuanyu Liu,6762786
2026-07-04T08:15:03.290864,2026-07-04T08:15:03.301126+00:00,148.5,200,ask,YieldingYams,WavyWalnuts,6762802
2026-07-04T08:15:03.697859,2026-07-04T08:15:03.701635+00:00,148.4,11,bid,Xuanyu Liu,YieldingYams,6762812
2026-07-04T08:15:05.709151,2026-07-04T08:15:05.719250+00:00,148.5,200,bid,WavyWalnuts,YieldingYams,6762840
2026-07-04T08:15:07.627329,2026-07-04T08:15:07.638470+00:00,148.5,200,ask,WavyWalnuts,YieldingYams,6762869
2026-07-04T08:15:10.324584,2026-07-04T08:15:10.336136+00:00,148.6,20,bid,BrilliantBurritos,AverageAlmonds,6762902
2026-07-04T08:15:12.862700,2026-07-04T08:15:12.869890+00:00,148.6,200,bid,WavyWalnuts,AverageAlmonds,6762932
2026-07-04T08:15:12.862700,2026-07-04T08:15:12.875170+00:00,148.6,425,bid,YieldingYams,AverageAlmonds,6762933
2026-07-04T08:15:12.954498,2026-07-04T08:15:12.958563+00:00,148.6,200,bid,YieldingYams,WavyWalnuts,6762936
2026-07-04T08:15:14.826777,2026-07-04T08:15:14.836444+00:00,148.5,20,bid,BrilliantBurritos,YieldingYams,6762956
2026-07-04T08:15:16.591278,2026-07-04T08:15:16.602452+00:00,148.3,200,ask,YieldingYams,WavyWalnuts,6762986
2026-07-04T08:15:24.944994,2026-07-04T08:15:24.948908+00:00,148.4,12,bid,Xuanyu Liu,WavyWalnuts,6763087
2026-07-04T08:15:26.290725,2026-07-04T08:15:26.294892+00:00,148.3,11,bid,Xuanyu Liu,WavyWalnuts,6763106
2026-07-04T08:15:26.581358,2026-07-04T08:15:26.588646+00:00,148.3,20,bid,BrilliantBurritos,WavyWalnuts,6763113
2026-07-04T08:15:27.105430,2026-07-04T08:15:27.117242+00:00,148.3,20,bid,BrilliantBurritos,WavyWalnuts,6763118
2026-07-04T08:15:28.597998,2026-07-04T08:15:28.608415+00:00,148.3,200,bid,YieldingYams,WavyWalnuts,6763147
2026-07-04T08:15:28.695376,2026-07-04T08:15:28.706041+00:00,148.3,200,ask,YieldingYams,WavyWalnuts,6763149
2026-07-04T08:15:30.925547,2026-07-04T08:15:30.937428+00:00,148.4,20,bid,BrilliantBurritos,YieldingYams,6763189
2026-07-04T08:15:33.551936,2026-07-04T08:15:33.558597+00:00,148.2,200,ask,YieldingYams,WavyWalnuts,6763220
2026-07-04T08:15:35.154793,2026-07-04T08:15:35.163606+00:00,148.1,200,bid,YieldingYams,WavyWalnuts,6763246
2026-07-04T08:15:37.176687,2026-07-04T08:15:37.185429+00:00,148.3,200,bid,WavyWalnuts,YieldingYams,6763275
2026-07-04T08:15:44.464771,2026-07-04T08:15:44.469097+00:00,148.2,3,bid,Xuanyu Liu,WavyWalnuts,6763372
2026-07-04T08:15:45.652084,2026-07-04T08:15:45.659736+00:00,148.2,197,bid,YieldingYams,WavyWalnuts,6763390
2026-07-04T08:15:45.802082,2026-07-04T08:15:45.810827+00:00,148.2,20,ask,YieldingYams,BrilliantBurritos,6763394
2026-07-04T08:15:47.160756,2026-07-04T08:15:47.164842+00:00,148.2,3,ask,YieldingYams,Xuanyu Liu,6763410
2026-07-04T08:15:48.088164,2026-07-04T08:15:48.098705+00:00,148.2,200,ask,YieldingYams,WavyWalnuts,6763427
2026-07-04T08:15:52.219851,2026-07-04T08:15:52.229225+00:00,148.2,200,ask,WavyWalnuts,YieldingYams,6763480
2026-07-04T08:15:54.078370,2026-07-04T08:15:54.103033+00:00,148.2,200,bid,AverageAlmonds,WavyWalnuts,6763505
2026-07-04T08:15:57.741660,2026-07-04T08:15:57.748664+00:00,148.1,20,ask,YieldingYams,BrilliantBurritos,6763561
2026-07-04T08:15:58.991254,2026-07-04T08:15:59.002488+00:00,148.1,200,ask,AverageAlmonds,WavyWalnuts,6763583
2026-07-04T08:16:00.167907,2026-07-04T08:16:00.171586+00:00,148.2,11,ask,AverageAlmonds,Xuanyu Liu,6763594
2026-07-04T08:16:00.197761,2026-07-04T08:16:00.209038+00:00,148.2,200,ask,AverageAlmonds,WavyWalnuts,6763595
2026-07-04T08:16:01.420374,2026-07-04T08:16:01.429631+00:00,148.2,200,ask,AverageAlmonds,WavyWalnuts,6763616
2026-07-04T08:16:04.041776,2026-07-04T08:16:04.048301+00:00,148.2,500,ask,AverageAlmonds,YieldingYams,6763658
2026-07-04T08:16:05.042044,2026-07-04T08:16:05.058624+00:00,148.1,200,ask,AverageAlmonds,WavyWalnuts,6763677
2026-07-04T08:16:05.436098,2026-07-04T08:16:05.443262+00:00,148.2,20,ask,YieldingYams,BrilliantBurritos,6763684
2026-07-04T08:16:06.249198,2026-07-04T08:16:06.264485+00:00,148.2,200,ask,YieldingYams,WavyWalnuts,6763698
2026-07-04T08:16:06.661619,2026-07-04T08:16:06.669359+00:00,148.2,500,ask,AverageAlmonds,YieldingYams,6763702
2026-07-04T08:16:06.793043,2026-07-04T08:16:06.801335+00:00,148.2,125,bid,AverageAlmonds,YieldingYams,6763704
2026-07-04T08:16:07.464449,2026-07-04T08:16:07.477071+00:00,148.3,200,ask,AverageAlmonds,WavyWalnuts,6763717
2026-07-04T08:16:07.473018,2026-07-04T08:16:07.477071+00:00,148.3,12,ask,AverageAlmonds,Xuanyu Liu,6763719
2026-07-04T08:16:07.981367,2026-07-04T08:16:07.984989+00:00,148.4,11,ask,YieldingYams,Xuanyu Liu,6763726
2026-07-04T08:16:08.674991,2026-07-04T08:16:08.681516+00:00,148.4,200,ask,YieldingYams,WavyWalnuts,6763747
2026-07-04T08:16:09.887744,2026-07-04T08:16:09.895311+00:00,148.4,200,ask,AverageAlmonds,WavyWalnuts,6763764
2026-07-04T08:16:10.457340,2026-07-04T08:16:10.469076+00:00,148.5,20,bid,BrilliantBurritos,YieldingYams,6763772
2026-07-04T08:16:11.042873,2026-07-04T08:16:11.049735+00:00,148.5,500,bid,AverageAlmonds,YieldingYams,6763777
2026-07-04T08:16:11.107348,2026-07-04T08:16:11.115871+00:00,148.3,200,ask,YieldingYams,WavyWalnuts,6763780
2026-07-04T08:16:11.637655,2026-07-04T08:16:11.647848+00:00,148.5,125,bid,AverageAlmonds,YieldingYams,6763787
2026-07-04T08:16:12.316843,2026-07-04T08:16:12.328029+00:00,148.6,200,ask,YieldingYams,WavyWalnuts,6763792
2026-07-04T08:16:13.527913,2026-07-04T08:16:13.538107+00:00,148.5,200,ask,AverageAlmonds,WavyWalnuts,6763815
2026-07-04T08:16:13.637432,2026-07-04T08:16:13.647744+00:00,148.7,20,bid,BrilliantBurritos,YieldingYams,6763816
2026-07-04T08:16:14.734695,2026-07-04T08:16:14.742549+00:00,148.6,200,ask,AverageAlmonds,WavyWalnuts,6763837
2026-07-04T08:16:15.943002,2026-07-04T08:16:15.954559+00:00,148.7,200,ask,AverageAlmonds,WavyWalnuts,6763856
2026-07-04T08:16:16.503355,2026-07-04T08:16:16.514490+00:00,148.8,500,bid,AverageAlmonds,YieldingYams,6763864
2026-07-04T08:16:16.583295,2026-07-04T08:16:16.595063+00:00,148.6,20,ask,YieldingYams,BrilliantBurritos,6763866
2026-07-04T08:16:17.098990,2026-07-04T08:16:17.107869+00:00,148.8,125,bid,AverageAlmonds,YieldingYams,6763875
2026-07-04T08:16:17.158347,2026-07-04T08:16:17.170052+00:00,148.9,200,ask,AverageAlmonds,WavyWalnuts,6763877
2026-07-04T08:16:18.368876,2026-07-04T08:16:18.380182+00:00,149.0,200,ask,AverageAlmonds,WavyWalnuts,6763892
2026-07-04T08:16:18.767774,2026-07-04T08:16:18.771745+00:00,149.3,11,bid,Xuanyu Liu,YieldingYams,6763901
2026-07-04T08:16:19.164647,2026-07-04T08:16:19.168811+00:00,149.3,12,bid,Xuanyu Liu,YieldingYams,6763913
2026-07-04T08:16:19.579268,2026-07-04T08:16:19.587465+00:00,149.1,200,ask,YieldingYams,WavyWalnuts,6763916
2026-07-04T08:16:19.782946,2026-07-04T08:16:19.786238+00:00,149.2,11,bid,Xuanyu Liu,YieldingYams,6763929
2026-07-04T08:16:20.787115,2026-07-04T08:16:20.796486+00:00,149.1,200,ask,AverageAlmonds,WavyWalnuts,6763945
2026-07-04T08:16:20.870536,2026-07-04T08:16:20.881085+00:00,149.1,20,ask,AverageAlmonds,BrilliantBurritos,6763947
2026-07-04T08:16:21.995594,2026-07-04T08:16:22.007746+00:00,149.1,200,ask,YieldingYams,WavyWalnuts,6763964
2026-07-04T08:16:23.202816,2026-07-04T08:16:23.210605+00:00,149.2,200,ask,AverageAlmonds,WavyWalnuts,6763988
2026-07-04T08:16:24.410963,2026-07-04T08:16:24.417612+00:00,149.1,200,ask,YieldingYams,WavyWalnuts,6764004
2026-07-04T08:16:25.642193,2026-07-04T08:16:25.658613+00:00,149.2,200,ask,YieldingYams,WavyWalnuts,6764029
2026-07-04T08:16:26.347115,2026-07-04T08:16:26.351326+00:00,149.2,3,bid,Xuanyu Liu,YieldingYams,6764043
2026-07-04T08:16:26.804872,2026-07-04T08:16:26.815081+00:00,149.2,122,bid,AverageAlmonds,YieldingYams,6764045
2026-07-04T08:16:26.852730,2026-07-04T08:16:26.858595+00:00,149.2,200,ask,AverageAlmonds,WavyWalnuts,6764049
2026-07-04T08:16:29.380209,2026-07-04T08:16:29.388692+00:00,149.4,50,bid,Alan Niu,YieldingYams,6764082
2026-07-04T08:16:32.919196,2026-07-04T08:16:32.930366+00:00,149.2,200,ask,AverageAlmonds,WavyWalnuts,6764140
2026-07-04T08:16:35.532456,2026-07-04T08:16:35.539859+00:00,149.2,200,ask,WavyWalnuts,YieldingYams,6764182
2026-07-04T08:16:35.532456,2026-07-04T08:16:35.544826+00:00,149.1,425,ask,AverageAlmonds,YieldingYams,6764183
2026-07-04T08:16:36.842912,2026-07-04T08:16:36.851119+00:00,149.2,200,bid,YieldingYams,WavyWalnuts,6764207
2026-07-04T08:16:37.053132,2026-07-04T08:16:37.058576+00:00,149.3,50,ask,YieldingYams,Alan Niu,6764210
2026-07-04T08:16:37.606000,2026-07-04T08:16:37.617872+00:00,149.3,20,ask,YieldingYams,BrilliantBurritos,6764221
2026-07-04T08:16:37.760218,2026-07-04T08:16:37.769123+00:00,149.3,200,ask,YieldingYams,WavyWalnuts,6764226
2026-07-04T08:16:39.541237,2026-07-04T08:16:39.552186+00:00,149.3,200,bid,AverageAlmonds,WavyWalnuts,6764253
2026-07-04T08:16:40.178448,2026-07-04T08:16:40.189547+00:00,149.3,200,ask,AverageAlmonds,WavyWalnuts,6764270
2026-07-04T08:16:41.953041,2026-07-04T08:16:41.958557+00:00,149.3,500,bid,AverageAlmonds,YieldingYams,6764297
2026-07-04T08:16:42.601203,2026-07-04T08:16:42.610884+00:00,149.3,200,ask,YieldingYams,WavyWalnuts,6764314
2026-07-04T08:16:45.040134,2026-07-04T08:16:45.050299+00:00,149.3,200,ask,YieldingYams,WavyWalnuts,6764341
2026-07-04T08:16:45.377558,2026-07-04T08:16:45.385744+00:00,149.3,20,ask,YieldingYams,BrilliantBurritos,6764352
2026-07-04T08:16:46.250572,2026-07-04T08:16:46.258576+00:00,149.2,200,ask,YieldingYams,WavyWalnuts,6764359
2026-07-04T08:16:47.474311,2026-07-04T08:16:47.477842+00:00,149.2,3,bid,Xuanyu Liu,WavyWalnuts,6764373
2026-07-04T08:16:47.635972,2026-07-04T08:16:47.647602+00:00,149.2,147,bid,Alan Niu,WavyWalnuts,6764378
2026-07-04T08:16:48.010361,2026-07-04T08:16:48.019741+00:00,149.2,50,bid,AverageAlmonds,WavyWalnuts,6764380
2026-07-04T08:16:48.666003,2026-07-04T08:16:48.675038+00:00,149.4,200,ask,YieldingYams,WavyWalnuts,6764393
2026-07-04T08:16:49.874877,2026-07-04T08:16:49.885814+00:00,149.4,200,ask,YieldingYams,WavyWalnuts,6764412
2026-07-04T08:16:50.485240,2026-07-04T08:16:50.488544+00:00,149.2,3,ask,YieldingYams,Xuanyu Liu,6764418
2026-07-04T08:16:51.275221,2026-07-04T08:16:51.285066+00:00,149.3,200,bid,YieldingYams,WavyWalnuts,6764430
2026-07-04T08:16:51.417857,2026-07-04T08:16:51.427886+00:00,149.3,5,ask,YieldingYams,Alan Niu,6764435
2026-07-04T08:16:52.294639,2026-07-04T08:16:52.306123+00:00,149.3,200,ask,YieldingYams,WavyWalnuts,6764440
2026-07-04T08:16:52.722528,2026-07-04T08:16:52.729236+00:00,149.3,50,ask,YieldingYams,Alan Niu,6764448
2026-07-04T08:16:56.524324,2026-07-04T08:16:56.533652+00:00,149.5,200,bid,YieldingYams,WavyWalnuts,6764487
2026-07-04T08:16:56.543700,2026-07-04T08:16:56.554471+00:00,149.5,50,ask,YieldingYams,Alan Niu,6764489
2026-07-04T08:16:56.759276,2026-07-04T08:16:56.770887+00:00,149.6,50,bid,Alan Niu,AverageAlmonds,6764494
2026-07-04T08:16:57.105851,2026-07-04T08:16:57.117599+00:00,149.5,375,ask,YieldingYams,AverageAlmonds,6764500
2026-07-04T08:16:57.852947,2026-07-04T08:16:57.856936+00:00,149.4,3,bid,Xuanyu Liu,YieldingYams,6764518
2026-07-04T08:16:58.025477,2026-07-04T08:16:58.032393+00:00,149.4,108,bid,Alan Niu,YieldingYams,6764520
2026-07-04T08:16:58.314138,2026-07-04T08:16:58.323699+00:00,149.3,200,ask,WavyWalnuts,AverageAlmonds,6764522
2026-07-04T08:16:58.327216,2026-07-04T08:16:58.330786+00:00,149.3,11,bid,Xuanyu Liu,AverageAlmonds,6764524
2026-07-04T08:16:58.332970,2026-07-04T08:16:58.346483+00:00,149.3,39,bid,Chester Au,AverageAlmonds,6764525
2026-07-04T08:16:58.350223,2026-07-04T08:16:58.358687+00:00,149.3,200,bid,WavyWalnuts,AverageAlmonds,6764526
2026-07-04T08:16:58.411574,2026-07-04T08:16:58.423223+00:00,149.3,20,bid,BrilliantBurritos,AverageAlmonds,6764528
2026-07-04T08:16:59.021349,2026-07-04T08:16:59.032509+00:00,149.3,25,bid,Alan Tran,AverageAlmonds,6764533
2026-07-04T08:16:59.541806,2026-07-04T08:16:59.551828+00:00,149.2,75,bid,Chester Au,AverageAlmonds,6764547
2026-07-04T08:16:59.563834,2026-07-04T08:16:59.574245+00:00,149.2,200,bid,WavyWalnuts,AverageAlmonds,6764550
2026-07-04T08:16:59.956621,2026-07-04T08:16:59.960165+00:00,149.0,14,ask,YieldingYams,Xuanyu Liu,6764558
2026-07-04T08:17:00.092513,2026-07-04T08:17:00.101821+00:00,149.0,147,ask,YieldingYams,Alan Niu,6764563
2026-07-04T08:17:00.774071,2026-07-04T08:17:00.782262+00:00,149.3,200,bid,WavyWalnuts,YieldingYams,6764578
2026-07-04T08:17:05.157125,2026-07-04T08:17:05.164717+00:00,149.4,50,bid,Alan Niu,YieldingYams,6764632
2026-07-04T08:17:05.630712,2026-07-04T08:17:05.639674+00:00,149.3,200,bid,WavyWalnuts,AverageAlmonds,6764638
2026-07-04T08:17:08.050761,2026-07-04T08:17:08.051420+00:00,149.3,200,bid,WavyWalnuts,AverageAlmonds,6764666
2026-07-04T08:17:09.260625,2026-07-04T08:17:09.269377+00:00,149.3,200,bid,WavyWalnuts,YieldingYams,6764682
2026-07-04T08:17:09.585345,2026-07-04T08:17:09.592355+00:00,149.1,100,ask,YieldingYams,Alan Niu,6764690
2026-07-04T08:17:09.725669,2026-07-04T08:17:09.737355+00:00,149.0,20,ask,YieldingYams,BrilliantBurritos,6764692
2026-07-04T08:17:10.472388,2026-07-04T08:17:10.484016+00:00,149.2,200,bid,WavyWalnuts,AverageAlmonds,6764698
2026-07-04T08:17:11.682427,2026-07-04T08:17:11.690667+00:00,149.1,200,bid,WavyWalnuts,AverageAlmonds,6764714
2026-07-04T08:17:11.693912,2026-07-04T08:17:11.696492+00:00,149.0,3,ask,YieldingYams,Alan Niu,6764715
2026-07-04T08:17:13.754007,2026-07-04T08:17:13.758600+00:00,149.1,42,bid,Alan Niu,WavyWalnuts,6764740
2026-07-04T08:17:14.904127,2026-07-04T08:17:14.913306+00:00,149.0,500,bid,YieldingYams,AverageAlmonds,6764750
2026-07-04T08:17:15.766083,2026-07-04T08:17:15.774484+00:00,149.0,114,ask,YieldingYams,Chester Au,6764763
2026-07-04T08:17:15.860737,2026-07-04T08:17:15.868676+00:00,149.0,11,ask,YieldingYams,Alan Niu,6764767
2026-07-04T08:17:15.860737,2026-07-04T08:17:15.868676+00:00,149.0,31,ask,WavyWalnuts,Alan Niu,6764768
2026-07-04T08:17:15.887620,2026-07-04T08:17:15.894999+00:00,149.0,169,ask,WavyWalnuts,AverageAlmonds,6764769
2026-07-04T08:17:16.182290,2026-07-04T08:17:16.193940+00:00,149.0,20,bid,BrilliantBurritos,AverageAlmonds,6764777
2026-07-04T08:17:16.541893,2026-07-04T08:17:16.552414+00:00,148.9,200,bid,WavyWalnuts,YieldingYams,6764779
2026-07-04T08:17:20.154929,2026-07-04T08:17:20.158582+00:00,148.6,200,ask,WavyWalnuts,YieldingYams,6764822
2026-07-04T08:17:21.869802,2026-07-04T08:17:21.881671+00:00,148.7,20,bid,BrilliantBurritos,WavyWalnuts,6764851
2026-07-04T08:17:24.045018,2026-07-04T08:17:24.056567+00:00,148.5,25,ask,AverageAlmonds,Alan Tran,6764894
2026-07-04T08:17:24.340549,2026-07-04T08:17:24.350503+00:00,148.6,200,bid,AverageAlmonds,WavyWalnuts,6764899
2026-07-04T08:17:24.340549,2026-07-04T08:17:24.350503+00:00,148.6,300,bid,AverageAlmonds,YieldingYams,6764900
2026-07-04T08:17:24.943104,2026-07-04T08:17:24.954603+00:00,148.6,325,bid,AverageAlmonds,YieldingYams,6764907
2026-07-04T08:17:24.975052,2026-07-04T08:17:24.978916+00:00,148.6,3,ask,AverageAlmonds,Xuanyu Liu,6764909
2026-07-04T08:17:25.404953,2026-07-04T08:17:25.412848+00:00,148.7,200,bid,YieldingYams,WavyWalnuts,6764912
2026-07-04T08:17:27.417803,2026-07-04T08:17:27.425540+00:00,148.8,200,bid,WavyWalnuts,YieldingYams,6764937
2026-07-04T08:17:31.566426,2026-07-04T08:17:31.570151+00:00,148.6,23,ask,YieldingYams,Xuanyu Liu,6765002
2026-07-04T08:17:38.524196,2026-07-04T08:17:38.535523+00:00,148.6,200,ask,WavyWalnuts,YieldingYams,6765094
2026-07-04T08:17:39.028610,2026-07-04T08:17:39.037646+00:00,148.3,20,ask,YieldingYams,BrilliantBurritos,6765107
2026-07-04T08:17:39.531438,2026-07-04T08:17:39.538465+00:00,148.6,200,bid,WavyWalnuts,YieldingYams,6765111
2026-07-04T08:17:43.282461,2026-07-04T08:17:43.289301+00:00,148.6,20,ask,WavyWalnuts,BrilliantBurritos,6765164
2026-07-04T08:17:51.642640,2026-07-04T08:17:51.652976+00:00,148.3,200,ask,YieldingYams,WavyWalnuts,6765276
2026-07-04T08:17:54.062032,2026-07-04T08:17:54.070039+00:00,148.4,200,ask,YieldingYams,WavyWalnuts,6765303
2026-07-04T08:17:55.267541,2026-07-04T08:17:55.274227+00:00,148.3,200,bid,WavyWalnuts,YieldingYams,6765320
2026-07-04T08:17:56.901159,2026-07-04T08:17:56.910626+00:00,148.3,200,ask,WavyWalnuts,YieldingYams,6765341
2026-07-04T08:17:59.533307,2026-07-04T08:17:59.539707+00:00,148.3,200,ask,WavyWalnuts,YieldingYams,6765375
2026-07-04T08:18:04.493691,2026-07-04T08:18:04.505502+00:00,148.1,20,ask,YieldingYams,BrilliantBurritos,6765450
2026-07-04T08:18:04.803125,2026-07-04T08:18:04.813074+00:00,148.2,20,bid,BrilliantBurritos,YieldingYams,6765458
2026-07-04T08:18:04.964520,2026-07-04T08:18:04.971021+00:00,148.2,200,bid,WavyWalnuts,YieldingYams,6765461
2026-07-04T08:18:07.586166,2026-07-04T08:18:07.596423+00:00,148.4,20,bid,BrilliantBurritos,WavyWalnuts,6765502
2026-07-04T08:18:07.889206,2026-07-04T08:18:07.900978+00:00,148.2,20,ask,WavyWalnuts,BrilliantBurritos,6765504
2026-07-04T08:18:08.313101,2026-07-04T08:18:08.324870+00:00,148.2,20,ask,WavyWalnuts,BrilliantBurritos,6765509
2026-07-04T08:18:08.729857,2026-07-04T08:18:08.740883+00:00,148.3,200,ask,WavyWalnuts,YieldingYams,6765517
2026-07-04T08:18:12.638224,2026-07-04T08:18:12.642136+00:00,148.4,12,bid,Xuanyu Liu,WavyWalnuts,6765566
2026-07-04T08:18:17.943890,2026-07-04T08:18:17.952052+00:00,148.3,200,bid,YieldingYams,WavyWalnuts,6765638
2026-07-04T08:18:19.477768,2026-07-04T08:18:19.484727+00:00,148.2,200,ask,YieldingYams,WavyWalnuts,6765662
2026-07-04T08:18:20.688741,2026-07-04T08:18:20.698002+00:00,148.3,200,ask,AverageAlmonds,WavyWalnuts,6765674
2026-07-04T08:18:21.265493,2026-07-04T08:18:21.274122+00:00,148.4,500,bid,AverageAlmonds,YieldingYams,6765682
2026-07-04T08:18:21.899190,2026-07-04T08:18:21.906980+00:00,148.3,200,ask,AverageAlmonds,WavyWalnuts,6765688
2026-07-04T08:18:22.607794,2026-07-04T08:18:22.619611+00:00,148.3,20,ask,YieldingYams,BrilliantBurritos,6765698
2026-07-04T08:18:23.109875,2026-07-04T08:18:23.116785+00:00,148.4,200,ask,AverageAlmonds,WavyWalnuts,6765714
2026-07-04T08:18:24.143493,2026-07-04T08:18:24.158563+00:00,148.7,20,bid,BrilliantBurritos,YieldingYams,6765722
2026-07-04T08:18:24.318736,2026-07-04T08:18:24.326995+00:00,148.5,200,ask,YieldingYams,WavyWalnuts,6765727
2026-07-04T08:18:25.527980,2026-07-04T08:18:25.535773+00:00,148.4,200,ask,YieldingYams,WavyWalnuts,6765744
2026-07-04T08:18:26.085895,2026-07-04T08:18:26.097600+00:00,148.5,500,bid,AverageAlmonds,YieldingYams,6765756
2026-07-04T08:18:26.705425,2026-07-04T08:18:26.713623+00:00,148.5,125,bid,AverageAlmonds,YieldingYams,6765766
2026-07-04T08:18:26.736803,2026-07-04T08:18:26.745181+00:00,148.6,200,ask,AverageAlmonds,WavyWalnuts,6765767
2026-07-04T08:18:27.944782,2026-07-04T08:18:27.951693+00:00,148.6,200,ask,YieldingYams,WavyWalnuts,6765786
2026-07-04T08:18:29.152255,2026-07-04T08:18:29.160668+00:00,148.7,200,ask,YieldingYams,WavyWalnuts,6765801
2026-07-04T08:18:30.359651,2026-07-04T08:18:30.369020+00:00,148.8,200,bid,WavyWalnuts,YieldingYams,6765821
2026-07-04T08:18:31.181187,2026-07-04T08:18:31.192913+00:00,149.0,10,bid,Yashwanth Madan,YieldingYams,6765831
2026-07-04T08:18:31.391145,2026-07-04T08:18:31.402589+00:00,149.0,10,bid,Yashwanth Madan,YieldingYams,6765835
2026-07-04T08:18:31.548003,2026-07-04T08:18:31.550709+00:00,149.0,20,bid,BrilliantBurritos,YieldingYams,6765839
2026-07-04T08:18:31.601160,2026-07-04T08:18:31.608245+00:00,149.0,10,bid,Yashwanth Madan,YieldingYams,6765842
2026-07-04T08:18:31.817602,2026-07-04T08:18:31.829150+00:00,149.0,10,bid,Yashwanth Madan,YieldingYams,6765847
2026-07-04T08:18:32.027491,2026-07-04T08:18:32.035561+00:00,149.0,10,bid,Yashwanth Madan,WavyWalnuts,6765850
2026-07-04T08:18:32.236488,2026-07-04T08:18:32.245495+00:00,149.0,10,bid,Yashwanth Madan,YieldingYams,6765853
2026-07-04T08:18:32.447013,2026-07-04T08:18:32.453347+00:00,149.0,10,bid,Yashwanth Madan,YieldingYams,6765857
2026-07-04T08:18:32.659239,2026-07-04T08:18:32.670120+00:00,149.0,8,bid,Yashwanth Madan,WavyWalnuts,6765860
2026-07-04T08:18:32.793390,2026-07-04T08:18:32.800351+00:00,148.9,200,ask,YieldingYams,WavyWalnuts,6765863
2026-07-04T08:18:34.213451,2026-07-04T08:18:34.225113+00:00,149.0,20,bid,BrilliantBurritos,WavyWalnuts,6765880
2026-07-04T08:18:35.026732,2026-07-04T08:18:35.030745+00:00,148.9,11,bid,Xuanyu Liu,YieldingYams,6765893
2026-07-04T08:18:35.309380,2026-07-04T08:18:35.316168+00:00,148.9,20,bid,BrilliantBurritos,YieldingYams,6765896
2026-07-04T08:18:37.647493,2026-07-04T08:18:37.654340+00:00,148.9,200,ask,WavyWalnuts,YieldingYams,6765928
2026-07-04T08:18:37.665284,2026-07-04T08:18:37.669173+00:00,148.8,3,bid,Xuanyu Liu,YieldingYams,6765931
2026-07-04T08:18:37.964933,2026-07-04T08:18:37.973722+00:00,148.8,48,bid,Alan Niu,YieldingYams,6765934
2026-07-04T08:18:38.423152,2026-07-04T08:18:38.430404+00:00,148.7,42,ask,AverageAlmonds,Alan Niu,6765942
2026-07-04T08:18:38.843519,2026-07-04T08:18:38.858594+00:00,148.8,200,bid,WavyWalnuts,YieldingYams,6765946
2026-07-04T08:18:39.491078,2026-07-04T08:18:39.499494+00:00,148.8,6,ask,AverageAlmonds,Alan Niu,6765952
2026-07-04T08:18:39.867678,2026-07-04T08:18:39.879309+00:00,149.0,20,bid,BrilliantBurritos,YieldingYams,6765956
2026-07-04T08:18:42.477160,2026-07-04T08:18:42.484912+00:00,149.1,200,bid,WavyWalnuts,YieldingYams,6765990
2026-07-04T08:18:43.687669,2026-07-04T08:18:43.694567+00:00,148.9,200,bid,WavyWalnuts,YieldingYams,6766002
2026-07-04T08:18:48.546742,2026-07-04T08:18:48.558607+00:00,148.7,200,ask,YieldingYams,WavyWalnuts,6766066
2026-07-04T08:18:49.456008,2026-07-04T08:18:49.463864+00:00,148.7,500,ask,AverageAlmonds,YieldingYams,6766081
2026-07-04T08:18:49.696258,2026-07-04T08:18:49.703608+00:00,148.7,125,bid,AverageAlmonds,YieldingYams,6766083
2026-07-04T08:18:50.008359,2026-07-04T08:18:50.020042+00:00,148.7,20,ask,AverageAlmonds,BrilliantBurritos,6766089
2026-07-04T08:18:53.405470,2026-07-04T08:18:53.413403+00:00,148.8,200,ask,WavyWalnuts,YieldingYams,6766134
2026-07-04T08:18:54.599512,2026-07-04T08:18:54.608657+00:00,148.8,200,bid,WavyWalnuts,YieldingYams,6766145
2026-07-04T08:18:54.727742,2026-07-04T08:18:54.731186+00:00,148.8,3,ask,YieldingYams,Xuanyu Liu,6766148
2026-07-04T08:18:59.467259,2026-07-04T08:18:59.474342+00:00,149.0,200,bid,WavyWalnuts,YieldingYams,6766213
2026-07-04T08:19:03.323369,2026-07-04T08:19:03.327103+00:00,148.9,11,ask,YieldingYams,Xuanyu Liu,6766277
2026-07-04T08:19:03.359349,2026-07-04T08:19:03.369843+00:00,148.9,10,ask,YieldingYams,Yashwanth Madan,6766280
2026-07-04T08:19:04.317266,2026-07-04T08:19:04.324272+00:00,148.9,200,ask,YieldingYams,WavyWalnuts,6766296
2026-07-04T08:19:05.651499,2026-07-04T08:19:05.658585+00:00,148.9,10,ask,YieldingYams,Yashwanth Madan,6766323
2026-07-04T08:19:06.486463,2026-07-04T08:19:06.490392+00:00,148.9,35,ask,YieldingYams,Xuanyu Liu,6766336
2026-07-04T08:19:06.561057,2026-07-04T08:19:06.570300+00:00,148.8,10,ask,WavyWalnuts,Yashwanth Madan,6766337
2026-07-04T08:19:07.266294,2026-07-04T08:19:07.274218+00:00,148.9,200,bid,AverageAlmonds,WavyWalnuts,6766356
2026-07-04T08:19:07.693376,2026-07-04T08:19:07.705089+00:00,148.9,10,ask,AverageAlmonds,Yashwanth Madan,6766371
2026-07-04T08:19:11.831286,2026-07-04T08:19:11.841637+00:00,148.9,10,ask,WavyWalnuts,Yashwanth Madan,6766445
2026-07-04T08:19:12.695880,2026-07-04T08:19:12.704102+00:00,148.9,20,ask,YieldingYams,BrilliantBurritos,6766454
2026-07-04T08:19:14.094576,2026-07-04T08:19:14.101281+00:00,148.8,10,ask,YieldingYams,Yashwanth Madan,6766480
2026-07-04T08:19:15.206113,2026-07-04T08:19:15.215690+00:00,148.9,200,ask,YieldingYams,WavyWalnuts,6766494
2026-07-04T08:19:15.972196,2026-07-04T08:19:15.976507+00:00,148.9,11,ask,YieldingYams,Xuanyu Liu,6766504
2026-07-04T08:19:16.415586,2026-07-04T08:19:16.426527+00:00,148.9,200,ask,YieldingYams,WavyWalnuts,6766515
2026-07-04T08:19:17.499342,2026-07-04T08:19:17.511243+00:00,148.8,20,ask,AverageAlmonds,BrilliantBurritos,6766534
2026-07-04T08:19:18.838375,2026-07-04T08:19:18.849973+00:00,148.9,200,ask,YieldingYams,WavyWalnuts,6766548
2026-07-04T08:19:20.574173,2026-07-04T08:19:20.585737+00:00,148.9,200,bid,AverageAlmonds,WavyWalnuts,6766565
2026-07-04T08:19:20.607744,2026-07-04T08:19:20.617242+00:00,148.9,20,ask,AverageAlmonds,BrilliantBurritos,6766566
2026-07-04T08:19:21.173422,2026-07-04T08:19:21.185298+00:00,148.9,20,ask,AverageAlmonds,BrilliantBurritos,6766579
2026-07-04T08:19:25.454404,2026-07-04T08:19:25.463873+00:00,149.1,20,bid,Yashwanth Madan,YieldingYams,6766635
2026-07-04T08:19:26.179033,2026-07-04T08:19:26.190681+00:00,149.0,500,ask,AverageAlmonds,YieldingYams,6766642
2026-07-04T08:19:26.179033,2026-07-04T08:19:26.190681+00:00,149.0,125,ask,WavyWalnuts,YieldingYams,6766643
2026-07-04T08:19:28.505264,2026-07-04T08:19:28.516654+00:00,149.1,200,ask,YieldingYams,WavyWalnuts,6766682
2026-07-04T08:19:29.112998,2026-07-04T08:19:29.116773+00:00,149.4,11,bid,Xuanyu Liu,YieldingYams,6766688
2026-07-04T08:19:29.319556,2026-07-04T08:19:29.328699+00:00,149.4,20,bid,Yashwanth Madan,YieldingYams,6766693
2026-07-04T08:19:29.533156,2026-07-04T08:19:29.543374+00:00,149.4,20,bid,Yashwanth Madan,YieldingYams,6766696
2026-07-04T08:19:29.712230,2026-07-04T08:19:29.723457+00:00,149.2,200,ask,YieldingYams,WavyWalnuts,6766700
2026-07-04T08:19:29.743780,2026-07-04T08:19:29.758612+00:00,149.4,10,bid,Yashwanth Madan,YieldingYams,6766703
2026-07-04T08:19:30.921149,2026-07-04T08:19:30.931778+00:00,149.3,200,ask,AverageAlmonds,WavyWalnuts,6766718
2026-07-04T08:19:31.423687,2026-07-04T08:19:31.435393+00:00,149.3,300,ask,AverageAlmonds,YieldingYams,6766723
2026-07-04T08:19:34.516324,2026-07-04T08:19:34.523948+00:00,149.3,200,bid,AverageAlmonds,WavyWalnuts,6766766
2026-07-04T08:19:34.553520,2026-07-04T08:19:34.560258+00:00,149.3,200,ask,AverageAlmonds,WavyWalnuts,6766768
2026-07-04T08:19:36.667060,2026-07-04T08:19:36.674135+00:00,149.4,200,bid,YieldingYams,WavyWalnuts,6766793
2026-07-04T08:19:37.748179,2026-07-04T08:19:37.754568+00:00,149.4,10,ask,YieldingYams,Yashwanth Madan,6766809
2026-07-04T08:19:39.296903,2026-07-04T08:19:39.306921+00:00,149.3,200,ask,WavyWalnuts,YieldingYams,6766827
2026-07-04T08:19:39.296903,2026-07-04T08:19:39.306921+00:00,149.3,425,ask,AverageAlmonds,YieldingYams,6766828
2026-07-04T08:19:42.715875,2026-07-04T08:19:42.724283+00:00,149.5,20,bid,BrilliantBurritos,WavyWalnuts,6766878
2026-07-04T08:19:43.033593,2026-07-04T08:19:43.041228+00:00,149.4,200,ask,YieldingYams,WavyWalnuts,6766884
2026-07-04T08:19:44.239547,2026-07-04T08:19:44.251324+00:00,149.3,200,ask,YieldingYams,WavyWalnuts,6766904
2026-07-04T08:19:44.419199,2026-07-04T08:19:44.423271+00:00,149.5,23,bid,Xuanyu Liu,YieldingYams,6766907
2026-07-04T08:19:44.495126,2026-07-04T08:19:44.505399+00:00,149.5,10,bid,Yashwanth Madan,YieldingYams,6766909
2026-07-04T08:19:44.563896,2026-07-04T08:19:44.567410+00:00,149.4,12,bid,Xuanyu Liu,YieldingYams,6766912
2026-07-04T08:19:48.480478,2026-07-04T08:19:48.497687+00:00,149.3,200,bid,YieldingYams,WavyWalnuts,6766956
2026-07-04T08:19:48.494368,2026-07-04T08:19:48.497687+00:00,149.4,23,ask,YieldingYams,Xuanyu Liu,6766958
2026-07-04T08:19:49.093004,2026-07-04T08:19:49.103652+00:00,149.4,200,ask,YieldingYams,WavyWalnuts,6766967
2026-07-04T08:19:50.999496,2026-07-04T08:19:51.011308+00:00,149.5,20,bid,BrilliantBurritos,WavyWalnuts,6766999
2026-07-04T08:19:51.534853,2026-07-04T08:19:51.538784+00:00,149.4,11,bid,Xuanyu Liu,WavyWalnuts,6767003
2026-07-04T08:19:56.306330,2026-07-04T08:19:56.315802+00:00,149.4,200,ask,WavyWalnuts,AverageAlmonds,6767072
2026-07-04T08:19:57.677286,2026-07-04T08:19:57.683841+00:00,149.4,200,ask,WavyWalnuts,YieldingYams,6767085
2026-07-04T08:19:58.988393,2026-07-04T08:19:58.995022+00:00,149.3,200,ask,WavyWalnuts,YieldingYams,6767101
2026-07-04T08:19:59.005146,2026-07-04T08:19:59.008436+00:00,149.3,12,bid,Xuanyu Liu,YieldingYams,6767103
2026-07-04T08:20:02.023858,2026-07-04T08:20:02.035488+00:00,149.5,20,bid,BrilliantBurritos,WavyWalnuts,6767136
2026-07-04T08:20:02.464539,2026-07-04T08:20:02.468113+00:00,149.4,12,ask,WavyWalnuts,Xuanyu Liu,6767147
2026-07-04T08:20:02.923517,2026-07-04T08:20:02.932012+00:00,149.4,188,ask,WavyWalnuts,YieldingYams,6767154
2026-07-04T08:20:10.917329,2026-07-04T08:20:10.925674+00:00,149.0,200,bid,WavyWalnuts,YieldingYams,6767260
2026-07-04T08:20:11.156459,2026-07-04T08:20:11.167975+00:00,148.8,20,ask,YieldingYams,BrilliantBurritos,6767262
2026-07-04T08:20:12.129573,2026-07-04T08:20:12.169465+00:00,149.0,200,ask,YieldingYams,WavyWalnuts,6767278
