timestamp,recv_time,price,volume,aggressor_side,buyer,seller,trade_id
2026-07-01T20:00:02.023467,2026-07-01T20:00:02.028774+00:00,85.9,20,bid,BrilliantBurritos,WavyWalnuts,2884970
2026-07-01T20:00:03.186388,2026-07-01T20:00:03.198057+00:00,85.9,20,bid,BrilliantBurritos,WavyWalnuts,2884988
2026-07-01T20:00:04.883094,2026-07-01T20:00:04.890070+00:00,85.9,200,bid,WavyWalnuts,YieldingYams,2885025
2026-07-01T20:00:05.201809,2026-07-01T20:00:05.211914+00:00,85.8,500,ask,AverageAlmonds,YieldingYams,2885035
2026-07-01T20:00:05.259911,2026-07-01T20:00:05.268991+00:00,85.8,125,bid,AverageAlmonds,YieldingYams,2885036
2026-07-01T20:00:06.509833,2026-07-01T20:00:06.518737+00:00,86.0,200,bid,YieldingYams,WavyWalnuts,2885055
2026-07-01T20:00:06.509833,2026-07-01T20:00:06.518737+00:00,86.1,1,bid,YieldingYams,Kelvin Chan,2885056
2026-07-01T20:00:07.304235,2026-07-01T20:00:07.314775+00:00,86.1,200,ask,YieldingYams,WavyWalnuts,2885070
2026-07-01T20:00:07.521640,2026-07-01T20:00:07.525346+00:00,86.2,1,bid,Xuanyu Liu,Kelvin Chan,2885076
2026-07-01T20:00:07.531425,2026-07-01T20:00:07.535091+00:00,86.3,22,bid,Xuanyu Liu,YieldingYams,2885078
2026-07-01T20:00:07.616621,2026-07-01T20:00:07.620356+00:00,86.2,2,bid,Xuanyu Liu,Kelvin Chan,2885081
2026-07-01T20:00:07.664577,2026-07-01T20:00:07.668282+00:00,86.2,2,bid,Xuanyu Liu,Kelvin Chan,2885084
2026-07-01T20:00:07.739650,2026-07-01T20:00:07.743636+00:00,86.2,1,bid,Xuanyu Liu,Kelvin Chan,2885090
2026-07-01T20:00:07.841153,2026-07-01T20:00:07.844793+00:00,86.2,7,bid,Xuanyu Liu,YieldingYams,2885092
2026-07-01T20:00:08.055933,2026-07-01T20:00:08.059346+00:00,86.1,1,bid,Xuanyu Liu,Kelvin Chan,2885095
2026-07-01T20:00:08.226333,2026-07-01T20:00:08.229919+00:00,86.1,1,bid,Xuanyu Liu,Kelvin Chan,2885099
2026-07-01T20:00:09.724247,2026-07-01T20:00:09.734384+00:00,86.2,200,bid,WavyWalnuts,YieldingYams,2885129
2026-07-01T20:00:10.468044,2026-07-01T20:00:10.471881+00:00,86.2,14,ask,YieldingYams,Xuanyu Liu,2885149
2026-07-01T20:00:10.722130,2026-07-01T20:00:10.731638+00:00,86.2,500,ask,YieldingYams,AverageAlmonds,2885153
2026-07-01T20:00:11.316249,2026-07-01T20:00:11.324354+00:00,86.2,111,ask,YieldingYams,AverageAlmonds,2885165
2026-07-01T20:00:11.316249,2026-07-01T20:00:11.324354+00:00,86.2,200,ask,WavyWalnuts,AverageAlmonds,2885166
2026-07-01T20:00:13.874916,2026-07-01T20:00:13.878919+00:00,85.9,34,ask,WavyWalnuts,Xuanyu Liu,2885224
2026-07-01T20:00:14.564867,2026-07-01T20:00:14.574528+00:00,86.0,200,bid,WavyWalnuts,YieldingYams,2885250
2026-07-01T20:00:15.776878,2026-07-01T20:00:15.786417+00:00,85.9,200,ask,YieldingYams,WavyWalnuts,2885281
2026-07-01T20:00:16.617531,2026-07-01T20:00:16.629132+00:00,85.9,20,ask,YieldingYams,BrilliantBurritos,2885306
2026-07-01T20:00:17.001630,2026-07-01T20:00:17.008090+00:00,85.9,200,ask,WavyWalnuts,YieldingYams,2885314
2026-07-01T20:00:18.318144,2026-07-01T20:00:18.327432+00:00,85.9,200,bid,YieldingYams,WavyWalnuts,2885348
2026-07-01T20:00:18.318144,2026-07-01T20:00:18.327432+00:00,86.1,1,bid,YieldingYams,Kelvin Chan,2885349
2026-07-01T20:00:18.607166,2026-07-01T20:00:18.617702+00:00,86.1,424,ask,YieldingYams,AverageAlmonds,2885352
2026-07-01T20:00:20.614409,2026-07-01T20:00:20.623981+00:00,85.7,2,ask,Kelvin Chan,WavyWalnuts,2885389
2026-07-01T20:00:20.614409,2026-07-01T20:00:20.623981+00:00,85.7,198,ask,YieldingYams,WavyWalnuts,2885390
2026-07-01T20:00:21.795910,2026-07-01T20:00:21.799812+00:00,85.8,5,bid,Xuanyu Liu,YieldingYams,2885409
2026-07-01T20:00:24.874559,2026-07-01T20:00:24.893793+00:00,86.0,200,bid,YieldingYams,WavyWalnuts,2885467
2026-07-01T20:00:24.890323,2026-07-01T20:00:24.893793+00:00,86.0,5,ask,YieldingYams,Xuanyu Liu,2885469
2026-07-01T20:00:25.450006,2026-07-01T20:00:25.458576+00:00,86.0,200,ask,YieldingYams,WavyWalnuts,2885480
2026-07-01T20:00:27.496166,2026-07-01T20:00:27.507253+00:00,85.8,200,ask,AverageAlmonds,WavyWalnuts,2885521
2026-07-01T20:00:27.496166,2026-07-01T20:00:27.507253+00:00,85.8,425,ask,AverageAlmonds,YieldingYams,2885522
2026-07-01T20:00:27.872897,2026-07-01T20:00:27.880133+00:00,85.8,200,ask,WavyWalnuts,YieldingYams,2885530
2026-07-01T20:00:29.086238,2026-07-01T20:00:29.093112+00:00,86.1,200,ask,YieldingYams,WavyWalnuts,2885544
2026-07-01T20:00:29.629974,2026-07-01T20:00:29.635032+00:00,86.2,1,bid,Xuanyu Liu,Kelvin Chan,2885555
2026-07-01T20:00:29.629974,2026-07-01T20:00:29.635032+00:00,86.2,10,bid,Xuanyu Liu,YieldingYams,2885556
2026-07-01T20:00:30.144101,2026-07-01T20:00:30.147832+00:00,86.1,12,bid,Xuanyu Liu,YieldingYams,2885572
2026-07-01T20:00:30.296543,2026-07-01T20:00:30.303418+00:00,85.9,200,ask,AverageAlmonds,WavyWalnuts,2885574
2026-07-01T20:00:31.508386,2026-07-01T20:00:31.517190+00:00,86.0,200,ask,AverageAlmonds,WavyWalnuts,2885600
2026-07-01T20:00:32.717103,2026-07-01T20:00:32.725616+00:00,86.0,200,ask,YieldingYams,WavyWalnuts,2885623
2026-07-01T20:00:33.635706,2026-07-01T20:00:33.658693+00:00,86.3,20,bid,BrilliantBurritos,YieldingYams,2885641
2026-07-01T20:00:33.925123,2026-07-01T20:00:33.935294+00:00,86.1,200,ask,YieldingYams,WavyWalnuts,2885645
2026-07-01T20:00:35.942193,2026-07-01T20:00:35.946105+00:00,86.1,23,bid,Xuanyu Liu,YieldingYams,2885685
2026-07-01T20:00:36.693243,2026-07-01T20:00:36.703323+00:00,86.0,500,ask,AverageAlmonds,YieldingYams,2885698
2026-07-01T20:00:36.693243,2026-07-01T20:00:36.703323+00:00,86.0,125,ask,WavyWalnuts,YieldingYams,2885699
2026-07-01T20:00:37.556479,2026-07-01T20:00:37.554068+00:00,86.0,200,ask,AverageAlmonds,WavyWalnuts,2885713
2026-07-01T20:00:38.766521,2026-07-01T20:00:38.776926+00:00,86.1,200,ask,YieldingYams,WavyWalnuts,2885735
2026-07-01T20:00:39.775580,2026-07-01T20:00:39.782193+00:00,86.2,500,bid,AverageAlmonds,YieldingYams,2885759
2026-07-01T20:00:40.370654,2026-07-01T20:00:40.379386+00:00,86.2,125,bid,AverageAlmonds,YieldingYams,2885773
2026-07-01T20:00:40.370654,2026-07-01T20:00:40.379386+00:00,86.2,200,bid,AverageAlmonds,WavyWalnuts,2885774
2026-07-01T20:00:41.188044,2026-07-01T20:00:41.195686+00:00,86.4,200,ask,YieldingYams,WavyWalnuts,2885792
2026-07-01T20:00:42.303547,2026-07-01T20:00:42.307698+00:00,86.5,34,bid,Xuanyu Liu,YieldingYams,2885811
2026-07-01T20:00:42.400448,2026-07-01T20:00:42.410863+00:00,86.3,200,ask,YieldingYams,WavyWalnuts,2885815
2026-07-01T20:00:43.239089,2026-07-01T20:00:43.258578+00:00,86.2,500,ask,AverageAlmonds,YieldingYams,2885831
2026-07-01T20:00:43.239089,2026-07-01T20:00:43.258578+00:00,86.1,125,ask,WavyWalnuts,YieldingYams,2885832
2026-07-01T20:00:43.624769,2026-07-01T20:00:43.628275+00:00,86.4,11,bid,Xuanyu Liu,WavyWalnuts,2885839
2026-07-01T20:00:43.664484,2026-07-01T20:00:43.676072+00:00,86.4,20,bid,BrilliantBurritos,WavyWalnuts,2885841
2026-07-01T20:00:44.565938,2026-07-01T20:00:44.570031+00:00,86.3,6,bid,Xuanyu Liu,YieldingYams,2885864
2026-07-01T20:00:44.840299,2026-07-01T20:00:44.843757+00:00,86.2,6,ask,AverageAlmonds,Xuanyu Liu,2885869
2026-07-01T20:00:45.515369,2026-07-01T20:00:45.519665+00:00,86.2,11,ask,AverageAlmonds,Xuanyu Liu,2885886
2026-07-01T20:00:45.858231,2026-07-01T20:00:45.869673+00:00,86.3,200,bid,YieldingYams,WavyWalnuts,2885896
2026-07-01T20:00:45.875619,2026-07-01T20:00:45.879862+00:00,86.3,12,ask,YieldingYams,Xuanyu Liu,2885898
2026-07-01T20:00:48.003394,2026-07-01T20:00:48.007087+00:00,86.3,11,ask,WavyWalnuts,Xuanyu Liu,2885954
2026-07-01T20:00:51.004778,2026-07-01T20:00:51.016609+00:00,86.4,2,bid,BrilliantBurritos,Kelvin Chan,2886004
2026-07-01T20:00:51.004778,2026-07-01T20:00:51.016609+00:00,86.4,18,bid,BrilliantBurritos,YieldingYams,2886005
2026-07-01T20:00:51.102573,2026-07-01T20:00:51.109888+00:00,86.3,200,ask,WavyWalnuts,YieldingYams,2886008
2026-07-01T20:00:53.727500,2026-07-01T20:00:53.734880+00:00,86.3,200,bid,YieldingYams,WavyWalnuts,2886055
2026-07-01T20:00:54.498948,2026-07-01T20:00:54.506334+00:00,86.4,2,bid,WavyWalnuts,Kelvin Chan,2886071
2026-07-01T20:00:54.517631,2026-07-01T20:00:54.521303+00:00,86.4,11,ask,WavyWalnuts,Xuanyu Liu,2886074
2026-07-01T20:00:55.048340,2026-07-01T20:00:55.052570+00:00,86.4,187,ask,WavyWalnuts,YieldingYams,2886089
2026-07-01T20:00:55.707806,2026-07-01T20:00:55.716951+00:00,86.4,200,bid,WavyWalnuts,YieldingYams,2886101
2026-07-01T20:00:56.357585,2026-07-01T20:00:56.369236+00:00,86.4,3,bid,YieldingYams,Kelvin Chan,2886119
2026-07-01T20:00:56.357585,2026-07-01T20:00:56.369236+00:00,86.6,200,bid,YieldingYams,WavyWalnuts,2886120
2026-07-01T20:00:56.916647,2026-07-01T20:00:56.924906+00:00,86.6,200,ask,YieldingYams,WavyWalnuts,2886123
2026-07-01T20:00:57.588591,2026-07-01T20:00:57.592433+00:00,86.6,2,ask,YieldingYams,Xuanyu Liu,2886140
2026-07-01T20:01:00.294122,2026-07-01T20:01:00.303735+00:00,86.4,200,ask,WavyWalnuts,YieldingYams,2886185
2026-07-01T20:01:00.309889,2026-07-01T20:01:00.313665+00:00,86.3,13,bid,Xuanyu Liu,YieldingYams,2886187
2026-07-01T20:01:00.386698,2026-07-01T20:01:00.393789+00:00,86.3,412,bid,AverageAlmonds,YieldingYams,2886188
2026-07-01T20:01:01.752558,2026-07-01T20:01:01.776757+00:00,86.5,2,bid,WavyWalnuts,Kelvin Chan,2886220
2026-07-01T20:01:01.772980,2026-07-01T20:01:01.776757+00:00,86.5,11,ask,WavyWalnuts,Xuanyu Liu,2886224
2026-07-01T20:01:04.501590,2026-07-01T20:01:04.506135+00:00,86.5,12,ask,WavyWalnuts,Xuanyu Liu,2886275
2026-07-01T20:01:05.396044,2026-07-01T20:01:05.405619+00:00,86.5,200,ask,YieldingYams,WavyWalnuts,2886292
2026-07-01T20:01:06.606706,2026-07-01T20:01:06.613345+00:00,86.5,200,ask,YieldingYams,WavyWalnuts,2886314
2026-07-01T20:01:08.168649,2026-07-01T20:01:08.179696+00:00,86.5,200,bid,YieldingYams,WavyWalnuts,2886340
2026-07-01T20:01:08.168649,2026-07-01T20:01:08.179696+00:00,86.6,1,bid,YieldingYams,Kelvin Chan,2886341
2026-07-01T20:01:08.168649,2026-07-01T20:01:08.179696+00:00,86.7,424,bid,YieldingYams,AverageAlmonds,2886342
2026-07-01T20:01:08.448831,2026-07-01T20:01:08.458732+00:00,86.7,20,bid,BrilliantBurritos,AverageAlmonds,2886349
2026-07-01T20:01:10.232986,2026-07-01T20:01:10.244110+00:00,86.4,200,bid,WavyWalnuts,YieldingYams,2886378
2026-07-01T20:01:10.852553,2026-07-01T20:01:10.856198+00:00,86.3,10,ask,Kelvin Chan,Xuanyu Liu,2886398
2026-07-01T20:01:10.864928,2026-07-01T20:01:10.868717+00:00,86.2,1,ask,YieldingYams,Xuanyu Liu,2886401
2026-07-01T20:01:11.368071,2026-07-01T20:01:11.371885+00:00,86.3,9,ask,Kelvin Chan,Xuanyu Liu,2886407
2026-07-01T20:01:11.444031,2026-07-01T20:01:11.451237+00:00,86.4,200,bid,WavyWalnuts,YieldingYams,2886409
2026-07-01T20:01:12.114599,2026-07-01T20:01:12.118904+00:00,86.4,14,ask,YieldingYams,Xuanyu Liu,2886433
2026-07-01T20:01:15.559226,2026-07-01T20:01:15.569040+00:00,86.4,20,ask,YieldingYams,BrilliantBurritos,2886503
2026-07-01T20:01:16.060087,2026-07-01T20:01:16.069012+00:00,86.5,200,bid,YieldingYams,WavyWalnuts,2886516
2026-07-01T20:01:16.281308,2026-07-01T20:01:16.289912+00:00,86.5,200,ask,YieldingYams,WavyWalnuts,2886525
2026-07-01T20:01:17.382021,2026-07-01T20:01:17.388336+00:00,86.4,20,ask,YieldingYams,BrilliantBurritos,2886544
2026-07-01T20:01:17.490229,2026-07-01T20:01:17.497237+00:00,86.4,200,ask,YieldingYams,WavyWalnuts,2886550
2026-07-01T20:01:19.908174,2026-07-01T20:01:19.916385+00:00,86.3,2,ask,Kelvin Chan,WavyWalnuts,2886600
2026-07-01T20:01:19.908174,2026-07-01T20:01:19.916385+00:00,86.3,198,ask,YieldingYams,WavyWalnuts,2886601
2026-07-01T20:01:20.795032,2026-07-01T20:01:20.802736+00:00,86.2,20,bid,BrilliantBurritos,YieldingYams,2886616
2026-07-01T20:01:21.116166,2026-07-01T20:01:21.126339+00:00,86.2,200,bid,WavyWalnuts,YieldingYams,2886630
2026-07-01T20:01:22.324459,2026-07-01T20:01:22.335358+00:00,86.3,200,bid,WavyWalnuts,YieldingYams,2886646
2026-07-01T20:01:22.626487,2026-07-01T20:01:22.630066+00:00,86.2,3,ask,YieldingYams,Xuanyu Liu,2886656
2026-07-01T20:01:24.749952,2026-07-01T20:01:24.768655+00:00,86.2,200,ask,YieldingYams,WavyWalnuts,2886690
2026-07-01T20:01:25.960506,2026-07-01T20:01:25.970272+00:00,86.2,2,ask,Kelvin Chan,WavyWalnuts,2886711
2026-07-01T20:01:25.960506,2026-07-01T20:01:25.970272+00:00,86.2,198,ask,YieldingYams,WavyWalnuts,2886712
2026-07-01T20:01:27.168309,2026-07-01T20:01:27.176810+00:00,86.2,200,bid,WavyWalnuts,YieldingYams,2886731
2026-07-01T20:01:29.839324,2026-07-01T20:01:29.843118+00:00,86.2,1,ask,Kelvin Chan,Xuanyu Liu,2886786
2026-07-01T20:01:30.609322,2026-07-01T20:01:30.613736+00:00,86.2,2,ask,YieldingYams,Xuanyu Liu,2886797
2026-07-01T20:01:31.034278,2026-07-01T20:01:31.058629+00:00,86.3,20,bid,BrilliantBurritos,WavyWalnuts,2886804
2026-07-01T20:01:32.598024,2026-07-01T20:01:32.601814+00:00,86.3,1,bid,Xuanyu Liu,YieldingYams,2886832
2026-07-01T20:01:32.603120,2026-07-01T20:01:32.617546+00:00,86.3,20,bid,BrilliantBurritos,YieldingYams,2886833
2026-07-01T20:01:35.389754,2026-07-01T20:01:35.392981+00:00,86.4,2,bid,Xuanyu Liu,WavyWalnuts,2886879
2026-07-01T20:01:35.635956,2026-07-01T20:01:35.658801+00:00,86.4,200,bid,WavyWalnuts,YieldingYams,2886886
2026-07-01T20:01:36.089254,2026-07-01T20:01:36.096960+00:00,86.4,500,ask,YieldingYams,AverageAlmonds,2886894
2026-07-01T20:01:36.715536,2026-07-01T20:01:36.725110+00:00,86.4,125,ask,YieldingYams,AverageAlmonds,2886910
2026-07-01T20:01:39.273336,2026-07-01T20:01:39.284560+00:00,86.2,1,ask,Kelvin Chan,WavyWalnuts,2886955
2026-07-01T20:01:39.273336,2026-07-01T20:01:39.284560+00:00,86.2,199,ask,YieldingYams,WavyWalnuts,2886956
2026-07-01T20:01:41.693054,2026-07-01T20:01:41.702189+00:00,86.1,200,bid,WavyWalnuts,YieldingYams,2887009
2026-07-01T20:01:45.190671,2026-07-01T20:01:45.202227+00:00,86.2,200,ask,YieldingYams,WavyWalnuts,2887084
2026-07-01T20:01:45.190671,2026-07-01T20:01:45.202227+00:00,86.2,300,ask,YieldingYams,AverageAlmonds,2887085
2026-07-01T20:01:45.331860,2026-07-01T20:01:45.341354+00:00,86.2,200,ask,WavyWalnuts,AverageAlmonds,2887086
2026-07-01T20:01:45.791323,2026-07-01T20:01:45.823135+00:00,86.2,125,ask,YieldingYams,AverageAlmonds,2887094
2026-07-01T20:01:45.818847,2026-07-01T20:01:45.823135+00:00,86.1,14,bid,Xuanyu Liu,AverageAlmonds,2887098
2026-07-01T20:01:46.315177,2026-07-01T20:01:46.322538+00:00,86.0,1,ask,Kelvin Chan,YieldingYams,2887109
2026-07-01T20:01:46.538840,2026-07-01T20:01:46.558738+00:00,86.0,200,bid,WavyWalnuts,YieldingYams,2887123
2026-07-01T20:01:48.811817,2026-07-01T20:01:48.815953+00:00,85.9,14,ask,WavyWalnuts,Xuanyu Liu,2887190
2026-07-01T20:01:48.931568,2026-07-01T20:01:48.942363+00:00,85.9,186,ask,WavyWalnuts,YieldingYams,2887194
2026-07-01T20:01:48.931568,2026-07-01T20:01:48.942363+00:00,85.9,1,ask,Kelvin Chan,YieldingYams,2887195
2026-07-01T20:01:51.384072,2026-07-01T20:01:51.392626+00:00,85.9,200,ask,YieldingYams,WavyWalnuts,2887242
2026-07-01T20:01:51.558653,2026-07-01T20:01:51.569063+00:00,86.0,5,ask,Kelvin Chan,YieldingYams,2887245
2026-07-01T20:01:52.448534,2026-07-01T20:01:52.458545+00:00,85.9,500,bid,AverageAlmonds,YieldingYams,2887258
2026-07-01T20:01:52.866665,2026-07-01T20:01:52.875373+00:00,85.9,200,bid,YieldingYams,WavyWalnuts,2887267
2026-07-01T20:01:56.219157,2026-07-01T20:01:56.229905+00:00,86.2,8,bid,WavyWalnuts,Kelvin Chan,2887329
2026-07-01T20:01:56.219157,2026-07-01T20:01:56.229905+00:00,86.2,192,bid,WavyWalnuts,YieldingYams,2887330
2026-07-01T20:01:58.148410,2026-07-01T20:01:58.163964+00:00,86.1,200,ask,WavyWalnuts,YieldingYams,2887374
2026-07-01T20:01:58.750288,2026-07-01T20:01:58.753718+00:00,86.1,20,bid,BrilliantBurritos,YieldingYams,2887391
2026-07-01T20:01:59.851273,2026-07-01T20:01:59.864033+00:00,86.2,5,bid,WavyWalnuts,Kelvin Chan,2887415
2026-07-01T20:01:59.851273,2026-07-01T20:01:59.864033+00:00,86.2,195,bid,WavyWalnuts,YieldingYams,2887416
2026-07-01T20:02:02.073828,2026-07-01T20:02:02.094595+00:00,86.3,200,bid,YieldingYams,WavyWalnuts,2887457
2026-07-01T20:02:02.090246,2026-07-01T20:02:02.094595+00:00,86.3,3,ask,YieldingYams,Xuanyu Liu,2887459
2026-07-01T20:02:02.164508,2026-07-01T20:02:02.174787+00:00,86.3,422,ask,YieldingYams,AverageAlmonds,2887462
2026-07-01T20:02:03.384224,2026-07-01T20:02:03.395187+00:00,86.2,200,ask,WavyWalnuts,YieldingYams,2887484
2026-07-01T20:02:03.500650,2026-07-01T20:02:03.505006+00:00,86.1,3,bid,Xuanyu Liu,WavyWalnuts,2887490
2026-07-01T20:02:04.694448,2026-07-01T20:02:04.701670+00:00,86.0,8,ask,Kelvin Chan,WavyWalnuts,2887518
2026-07-01T20:02:04.699620,2026-07-01T20:02:04.706706+00:00,86.0,192,bid,YieldingYams,WavyWalnuts,2887520
2026-07-01T20:02:05.064017,2026-07-01T20:02:05.075280+00:00,86.2,20,ask,YieldingYams,BrilliantBurritos,2887526
2026-07-01T20:02:05.902338,2026-07-01T20:02:05.912494+00:00,86.2,200,ask,YieldingYams,WavyWalnuts,2887545
2026-07-01T20:02:07.118074,2026-07-01T20:02:07.128957+00:00,86.1,200,ask,YieldingYams,WavyWalnuts,2887563
2026-07-01T20:02:08.628950,2026-07-01T20:02:08.635197+00:00,86.1,200,ask,WavyWalnuts,YieldingYams,2887600
2026-07-01T20:02:09.544212,2026-07-01T20:02:09.558577+00:00,86.1,200,bid,WavyWalnuts,YieldingYams,2887612
2026-07-01T20:02:10.754338,2026-07-01T20:02:10.758663+00:00,86.2,200,ask,YieldingYams,WavyWalnuts,2887634
2026-07-01T20:02:13.868392,2026-07-01T20:02:13.875705+00:00,86.1,200,ask,WavyWalnuts,YieldingYams,2887687
2026-07-01T20:02:13.868392,2026-07-01T20:02:13.880889+00:00,86.0,7,ask,Kelvin Chan,YieldingYams,2887688
2026-07-01T20:02:15.586956,2026-07-01T20:02:15.596943+00:00,85.9,3,ask,Kelvin Chan,WavyWalnuts,2887728
2026-07-01T20:02:15.586956,2026-07-01T20:02:15.596943+00:00,85.9,197,ask,AverageAlmonds,WavyWalnuts,2887729
2026-07-01T20:02:16.797092,2026-07-01T20:02:16.803919+00:00,85.9,2,ask,Kelvin Chan,WavyWalnuts,2887749
2026-07-01T20:02:16.797092,2026-07-01T20:02:16.809301+00:00,85.9,198,ask,AverageAlmonds,WavyWalnuts,2887750
2026-07-01T20:02:17.269991,2026-07-01T20:02:17.279554+00:00,86.0,500,bid,AverageAlmonds,YieldingYams,2887753
2026-07-01T20:02:17.306115,2026-07-01T20:02:17.309822+00:00,85.9,2,ask,Kelvin Chan,Xuanyu Liu,2887756
2026-07-01T20:02:17.399384,2026-07-01T20:02:17.403103+00:00,85.9,1,ask,Kelvin Chan,Xuanyu Liu,2887761
2026-07-01T20:02:17.890351,2026-07-01T20:02:17.893732+00:00,86.0,11,ask,AverageAlmonds,Xuanyu Liu,2887770
2026-07-01T20:02:19.224410,2026-07-01T20:02:19.231842+00:00,85.9,2,ask,Kelvin Chan,WavyWalnuts,2887797
2026-07-01T20:02:19.224410,2026-07-01T20:02:19.237119+00:00,85.9,198,ask,AverageAlmonds,WavyWalnuts,2887798
2026-07-01T20:02:19.743417,2026-07-01T20:02:19.747243+00:00,86.0,23,ask,AverageAlmonds,Xuanyu Liu,2887811
2026-07-01T20:02:20.453260,2026-07-01T20:02:20.464332+00:00,86.0,200,ask,AverageAlmonds,WavyWalnuts,2887825
2026-07-01T20:02:21.758436,2026-07-01T20:02:21.769134+00:00,85.9,4,ask,Kelvin Chan,YieldingYams,2887858
2026-07-01T20:02:21.758436,2026-07-01T20:02:21.769134+00:00,85.9,500,ask,AverageAlmonds,YieldingYams,2887859
2026-07-01T20:02:22.108640,2026-07-01T20:02:22.117812+00:00,85.9,121,bid,AverageAlmonds,YieldingYams,2887864
2026-07-01T20:02:23.066778,2026-07-01T20:02:23.075339+00:00,86.0,200,bid,YieldingYams,WavyWalnuts,2887886
2026-07-01T20:02:23.255505,2026-07-01T20:02:23.266868+00:00,86.1,20,bid,BrilliantBurritos,YieldingYams,2887887
2026-07-01T20:02:24.394676,2026-07-01T20:02:24.401354+00:00,86.0,200,ask,WavyWalnuts,YieldingYams,2887906
2026-07-01T20:02:25.293125,2026-07-01T20:02:25.304445+00:00,86.0,200,bid,WavyWalnuts,YieldingYams,2887915
2026-07-01T20:02:25.703480,2026-07-01T20:02:25.732595+00:00,86.2,200,bid,YieldingYams,WavyWalnuts,2887925
2026-07-01T20:02:25.725933,2026-07-01T20:02:25.732595+00:00,86.2,23,ask,YieldingYams,Xuanyu Liu,2887927
2026-07-01T20:02:26.503010,2026-07-01T20:02:26.512964+00:00,86.2,200,ask,YieldingYams,WavyWalnuts,2887944
2026-07-01T20:02:27.712672,2026-07-01T20:02:27.720536+00:00,86.0,200,ask,YieldingYams,WavyWalnuts,2887953
2026-07-01T20:02:29.636211,2026-07-01T20:02:29.647615+00:00,86.0,200,ask,WavyWalnuts,YieldingYams,2887975
2026-07-01T20:02:29.636211,2026-07-01T20:02:29.647615+00:00,86.0,425,ask,AverageAlmonds,YieldingYams,2887976
2026-07-01T20:02:31.337743,2026-07-01T20:02:31.347972+00:00,86.0,200,ask,YieldingYams,WavyWalnuts,2888003
2026-07-01T20:02:32.670391,2026-07-01T20:02:32.677141+00:00,86.0,20,ask,YieldingYams,BrilliantBurritos,2888020
2026-07-01T20:02:33.444288,2026-07-01T20:02:33.463913+00:00,86.0,20,ask,YieldingYams,BrilliantBurritos,2888033
2026-07-01T20:02:34.875786,2026-07-01T20:02:34.882798+00:00,86.0,4,ask,Kelvin Chan,YieldingYams,2888055
2026-07-01T20:02:34.875786,2026-07-01T20:02:34.888057+00:00,86.0,500,ask,AverageAlmonds,YieldingYams,2888056
2026-07-01T20:02:36.028774,2026-07-01T20:02:36.039701+00:00,86.0,121,bid,AverageAlmonds,YieldingYams,2888086
2026-07-01T20:02:36.028774,2026-07-01T20:02:36.039701+00:00,86.0,200,bid,AverageAlmonds,WavyWalnuts,2888087
2026-07-01T20:02:36.183403,2026-07-01T20:02:36.192642+00:00,86.1,200,bid,YieldingYams,WavyWalnuts,2888091
2026-07-01T20:02:36.201876,2026-07-01T20:02:36.205566+00:00,86.2,11,ask,YieldingYams,Xuanyu Liu,2888093
2026-07-01T20:02:37.377323,2026-07-01T20:02:37.387084+00:00,86.2,200,ask,YieldingYams,WavyWalnuts,2888122
2026-07-01T20:02:38.584192,2026-07-01T20:02:38.592884+00:00,86.2,200,bid,WavyWalnuts,YieldingYams,2888145
2026-07-01T20:02:41.019336,2026-07-01T20:02:41.022750+00:00,86.1,11,bid,Xuanyu Liu,WavyWalnuts,2888194
2026-07-01T20:02:41.432785,2026-07-01T20:02:41.439269+00:00,86.1,189,bid,YieldingYams,WavyWalnuts,2888201
2026-07-01T20:02:42.237703,2026-07-01T20:02:42.241743+00:00,86.2,11,bid,Xuanyu Liu,WavyWalnuts,2888218
2026-07-01T20:02:43.419151,2026-07-01T20:02:43.425667+00:00,86.2,200,bid,WavyWalnuts,YieldingYams,2888246
2026-07-01T20:02:45.362898,2026-07-01T20:02:45.373703+00:00,86.2,200,ask,WavyWalnuts,YieldingYams,2888274
2026-07-01T20:02:45.752645,2026-07-01T20:02:45.756670+00:00,86.2,23,bid,Xuanyu Liu,YieldingYams,2888284
2026-07-01T20:02:45.832907,2026-07-01T20:02:45.844332+00:00,86.2,200,bid,WavyWalnuts,YieldingYams,2888289
2026-07-01T20:02:50.599762,2026-07-01T20:02:50.608371+00:00,86.3,4,bid,YieldingYams,Kelvin Chan,2888388
2026-07-01T20:02:50.599762,2026-07-01T20:02:50.608371+00:00,86.3,200,bid,YieldingYams,WavyWalnuts,2888389
2026-07-01T20:02:51.878945,2026-07-01T20:02:51.889098+00:00,86.4,11,bid,WavyWalnuts,Kelvin Chan,2888417
2026-07-01T20:02:51.878945,2026-07-01T20:02:51.889098+00:00,86.5,189,bid,WavyWalnuts,YieldingYams,2888418
2026-07-01T20:02:53.011914,2026-07-01T20:02:53.018537+00:00,86.4,20,bid,BrilliantBurritos,YieldingYams,2888435
2026-07-01T20:02:53.087782,2026-07-01T20:02:53.095415+00:00,86.4,200,bid,WavyWalnuts,YieldingYams,2888437
2026-07-01T20:02:53.219750,2026-07-01T20:02:53.226609+00:00,86.4,10,bid,YieldingYams,Kelvin Chan,2888439
2026-07-01T20:02:54.299102,2026-07-01T20:02:54.306329+00:00,86.4,200,ask,YieldingYams,WavyWalnuts,2888461
2026-07-01T20:02:54.547556,2026-07-01T20:02:54.551208+00:00,86.4,12,bid,Xuanyu Liu,YieldingYams,2888469
2026-07-01T20:02:57.149212,2026-07-01T20:02:57.159124+00:00,86.2,200,bid,YieldingYams,WavyWalnuts,2888502
2026-07-01T20:02:58.467686,2026-07-01T20:02:58.474578+00:00,86.3,200,ask,WavyWalnuts,YieldingYams,2888537
2026-07-01T20:02:58.745985,2026-07-01T20:02:58.758594+00:00,86.1,2,ask,Kelvin Chan,BrilliantBurritos,2888541
2026-07-01T20:02:58.745985,2026-07-01T20:02:58.758594+00:00,86.1,18,ask,AverageAlmonds,BrilliantBurritos,2888542
2026-07-01T20:02:59.129809,2026-07-01T20:02:59.138935+00:00,86.3,200,bid,WavyWalnuts,YieldingYams,2888548
2026-07-01T20:03:01.562053,2026-07-01T20:03:01.568984+00:00,86.4,200,bid,WavyWalnuts,YieldingYams,2888601
2026-07-01T20:03:03.716636,2026-07-01T20:03:03.725992+00:00,86.5,1,bid,YieldingYams,Kelvin Chan,2888634
2026-07-01T20:03:03.716636,2026-07-01T20:03:03.725992+00:00,86.5,200,bid,YieldingYams,WavyWalnuts,2888635
2026-07-01T20:03:03.716636,2026-07-01T20:03:03.731215+00:00,86.6,424,bid,YieldingYams,AverageAlmonds,2888636
2026-07-01T20:03:05.042610,2026-07-01T20:03:05.045878+00:00,86.4,11,bid,Xuanyu Liu,YieldingYams,2888664
2026-07-01T20:03:06.413764,2026-07-01T20:03:06.417568+00:00,86.3,3,bid,Xuanyu Liu,WavyWalnuts,2888697
2026-07-01T20:03:07.651146,2026-07-01T20:03:07.642727+00:00,86.3,200,ask,WavyWalnuts,YieldingYams,2888725
2026-07-01T20:03:10.447166,2026-07-01T20:03:10.463825+00:00,86.3,20,bid,BrilliantBurritos,WavyWalnuts,2888768
2026-07-01T20:03:11.265797,2026-07-01T20:03:11.269699+00:00,86.2,3,ask,WavyWalnuts,Xuanyu Liu,2888789
2026-07-01T20:03:12.454942,2026-07-01T20:03:12.468961+00:00,86.4,200,bid,WavyWalnuts,YieldingYams,2888804
2026-07-01T20:03:12.897157,2026-07-01T20:03:12.900797+00:00,86.3,11,ask,YieldingYams,Xuanyu Liu,2888811
2026-07-01T20:03:15.543432,2026-07-01T20:03:15.547032+00:00,86.5,2,bid,YieldingYams,Kelvin Chan,2888869
2026-07-01T20:03:18.201971,2026-07-01T20:03:18.213359+00:00,86.5,20,ask,WavyWalnuts,BrilliantBurritos,2888911
2026-07-01T20:03:18.427277,2026-07-01T20:03:18.437895+00:00,86.5,180,ask,WavyWalnuts,AverageAlmonds,2888912
2026-07-01T20:03:18.525738,2026-07-01T20:03:18.534525+00:00,86.4,200,ask,YieldingYams,WavyWalnuts,2888917
2026-07-01T20:03:21.163719,2026-07-01T20:03:21.170718+00:00,86.2,2,ask,Kelvin Chan,BrilliantBurritos,2888973
2026-07-01T20:03:21.163719,2026-07-01T20:03:21.175855+00:00,86.2,18,ask,YieldingYams,BrilliantBurritos,2888974
2026-07-01T20:03:23.373672,2026-07-01T20:03:23.382473+00:00,86.3,200,bid,WavyWalnuts,YieldingYams,2889013
2026-07-01T20:03:23.686796,2026-07-01T20:03:23.691287+00:00,86.3,11,bid,Xuanyu Liu,YieldingYams,2889016
2026-07-01T20:03:24.030762,2026-07-01T20:03:24.042312+00:00,86.2,11,ask,Kelvin Chan,BrilliantBurritos,2889031
2026-07-01T20:03:24.580278,2026-07-01T20:03:24.589984+00:00,86.3,200,bid,WavyWalnuts,YieldingYams,2889043
2026-07-01T20:03:24.739739,2026-07-01T20:03:24.743284+00:00,86.2,3,bid,Xuanyu Liu,YieldingYams,2889045
2026-07-01T20:03:28.655842,2026-07-01T20:03:28.663613+00:00,86.2,200,bid,YieldingYams,WavyWalnuts,2889121
2026-07-01T20:03:30.627782,2026-07-01T20:03:30.634152+00:00,86.3,200,bid,WavyWalnuts,YieldingYams,2889154
2026-07-01T20:03:33.890200,2026-07-01T20:03:33.897557+00:00,86.2,500,bid,YieldingYams,AverageAlmonds,2889227
2026-07-01T20:03:33.890200,2026-07-01T20:03:33.902575+00:00,86.3,125,bid,YieldingYams,WavyWalnuts,2889228
2026-07-01T20:03:40.709579,2026-07-01T20:03:40.721231+00:00,86.1,20,ask,WavyWalnuts,BrilliantBurritos,2889366
2026-07-01T20:03:42.659576,2026-07-01T20:03:42.669007+00:00,86.1,500,ask,YieldingYams,AverageAlmonds,2889401
2026-07-01T20:03:42.749355,2026-07-01T20:03:42.763765+00:00,86.1,125,ask,YieldingYams,WavyWalnuts,2889411
2026-07-01T20:03:43.081681,2026-07-01T20:03:43.091655+00:00,86.0,1,ask,Kelvin Chan,YieldingYams,2889414
2026-07-01T20:03:43.959262,2026-07-01T20:03:43.969231+00:00,86.0,200,bid,WavyWalnuts,YieldingYams,2889428
2026-07-01T20:03:44.391457,2026-07-01T20:03:44.402658+00:00,85.9,9,ask,Kelvin Chan,YieldingYams,2889435
2026-07-01T20:03:45.167894,2026-07-01T20:03:45.174489+00:00,85.9,200,bid,WavyWalnuts,YieldingYams,2889450
2026-07-01T20:03:49.448764,2026-07-01T20:03:49.443919+00:00,85.8,5,ask,Kelvin Chan,BrilliantBurritos,2889540
2026-07-01T20:03:49.448764,2026-07-01T20:03:49.443919+00:00,85.8,15,ask,YieldingYams,BrilliantBurritos,2889541
2026-07-01T20:03:50.948745,2026-07-01T20:03:50.950970+00:00,85.9,7,ask,Kelvin Chan,YieldingYams,2889561
2026-07-01T20:03:52.244137,2026-07-01T20:03:52.247789+00:00,85.9,14,bid,Xuanyu Liu,YieldingYams,2889590
2026-07-01T20:03:52.396821,2026-07-01T20:03:52.411289+00:00,86.0,20,bid,BrilliantBurritos,WavyWalnuts,2889594
2026-07-01T20:03:53.572543,2026-07-01T20:03:53.579960+00:00,86.1,6,bid,YieldingYams,Kelvin Chan,2889617
2026-07-01T20:03:53.572543,2026-07-01T20:03:53.585176+00:00,86.1,200,bid,YieldingYams,WavyWalnuts,2889618
2026-07-01T20:03:54.159279,2026-07-01T20:03:54.169191+00:00,86.1,419,ask,YieldingYams,AverageAlmonds,2889625
2026-07-01T20:03:54.792913,2026-07-01T20:03:54.801402+00:00,86.1,20,bid,BrilliantBurritos,AverageAlmonds,2889638
2026-07-01T20:03:54.848421,2026-07-01T20:03:54.863658+00:00,86.1,200,bid,WavyWalnuts,AverageAlmonds,2889639
2026-07-01T20:03:56.059450,2026-07-01T20:03:56.067888+00:00,85.9,200,bid,WavyWalnuts,YieldingYams,2889654
2026-07-01T20:03:57.275200,2026-07-01T20:03:57.281698+00:00,85.8,1,ask,Kelvin Chan,WavyWalnuts,2889683
2026-07-01T20:03:57.275200,2026-07-01T20:03:57.286950+00:00,85.8,199,ask,YieldingYams,WavyWalnuts,2889684
2026-07-01T20:03:57.409850,2026-07-01T20:03:57.421511+00:00,86.0,20,bid,BrilliantBurritos,YieldingYams,2889687
2026-07-01T20:03:57.505748,2026-07-01T20:03:57.515001+00:00,85.8,7,ask,Kelvin Chan,YieldingYams,2889688
2026-07-01T20:03:57.520832,2026-07-01T20:03:57.524699+00:00,85.7,12,bid,Xuanyu Liu,YieldingYams,2889690
2026-07-01T20:03:58.483710,2026-07-01T20:03:58.492829+00:00,85.7,200,bid,WavyWalnuts,YieldingYams,2889702
2026-07-01T20:03:59.693073,2026-07-01T20:03:59.700669+00:00,85.8,200,bid,WavyWalnuts,YieldingYams,2889728
2026-07-01T20:04:00.632624,2026-07-01T20:04:00.643923+00:00,85.7,20,ask,AverageAlmonds,BrilliantBurritos,2889746
2026-07-01T20:04:02.108496,2026-07-01T20:04:02.115034+00:00,85.8,200,bid,WavyWalnuts,YieldingYams,2889782
2026-07-01T20:04:04.532596,2026-07-01T20:04:04.539227+00:00,85.9,200,bid,WavyWalnuts,YieldingYams,2889823
2026-07-01T20:04:05.739815,2026-07-01T20:04:05.758560+00:00,85.9,200,bid,WavyWalnuts,YieldingYams,2889850
2026-07-01T20:04:06.947503,2026-07-01T20:04:06.958591+00:00,86.0,7,bid,WavyWalnuts,Kelvin Chan,2889882
2026-07-01T20:04:06.947503,2026-07-01T20:04:06.958591+00:00,86.0,193,bid,WavyWalnuts,YieldingYams,2889883
2026-07-01T20:04:07.984240,2026-07-01T20:04:07.990864+00:00,86.0,8,bid,YieldingYams,Kelvin Chan,2889906
2026-07-01T20:04:08.074990,2026-07-01T20:04:08.078896+00:00,86.0,23,ask,YieldingYams,Xuanyu Liu,2889913
2026-07-01T20:04:08.874690,2026-07-01T20:04:08.886494+00:00,86.1,9,bid,BrilliantBurritos,Kelvin Chan,2889932
2026-07-01T20:04:08.874690,2026-07-01T20:04:08.886494+00:00,86.1,11,bid,BrilliantBurritos,WavyWalnuts,2889933
2026-07-01T20:04:09.368121,2026-07-01T20:04:09.378050+00:00,86.0,200,ask,YieldingYams,WavyWalnuts,2889947
2026-07-01T20:04:10.575912,2026-07-01T20:04:10.583084+00:00,86.0,200,ask,YieldingYams,WavyWalnuts,2889974
2026-07-01T20:04:10.652213,2026-07-01T20:04:10.655995+00:00,85.9,23,bid,Xuanyu Liu,YieldingYams,2889978
2026-07-01T20:04:11.784282,2026-07-01T20:04:11.792129+00:00,85.9,200,bid,WavyWalnuts,YieldingYams,2889998
2026-07-01T20:04:15.430271,2026-07-01T20:04:15.434012+00:00,85.9,11,bid,Xuanyu Liu,WavyWalnuts,2890061
2026-07-01T20:04:15.885005,2026-07-01T20:04:15.888680+00:00,85.8,12,bid,Xuanyu Liu,YieldingYams,2890071
2026-07-01T20:04:17.196584,2026-07-01T20:04:17.216255+00:00,85.7,6,ask,Kelvin Chan,YieldingYams,2890098
2026-07-01T20:04:17.196584,2026-07-01T20:04:17.216255+00:00,85.7,200,ask,WavyWalnuts,YieldingYams,2890099
2026-07-01T20:04:17.212588,2026-07-01T20:04:17.216255+00:00,85.7,11,bid,Xuanyu Liu,YieldingYams,2890101
2026-07-01T20:04:17.569578,2026-07-01T20:04:17.573239+00:00,85.5,23,ask,AverageAlmonds,Xuanyu Liu,2890111
2026-07-01T20:04:17.829783,2026-07-01T20:04:17.858654+00:00,85.7,200,bid,WavyWalnuts,YieldingYams,2890120
2026-07-01T20:04:19.040950,2026-07-01T20:04:19.063899+00:00,85.7,200,ask,YieldingYams,WavyWalnuts,2890141
2026-07-01T20:04:20.249749,2026-07-01T20:04:20.264196+00:00,85.6,5,ask,Kelvin Chan,WavyWalnuts,2890164
2026-07-01T20:04:20.249749,2026-07-01T20:04:20.264196+00:00,85.6,195,ask,YieldingYams,WavyWalnuts,2890165
2026-07-01T20:04:21.458860,2026-07-01T20:04:21.469071+00:00,85.7,2,ask,Kelvin Chan,WavyWalnuts,2890203
2026-07-01T20:04:21.458860,2026-07-01T20:04:21.469071+00:00,85.6,198,ask,YieldingYams,WavyWalnuts,2890204
2026-07-01T20:04:21.488985,2026-07-01T20:04:21.500197+00:00,85.6,20,ask,YieldingYams,BrilliantBurritos,2890206
2026-07-01T20:04:22.567555,2026-07-01T20:04:22.575091+00:00,85.7,20,ask,YieldingYams,BrilliantBurritos,2890223
2026-07-01T20:04:23.404200,2026-07-01T20:04:23.411435+00:00,85.8,20,bid,BrilliantBurritos,YieldingYams,2890240
2026-07-01T20:04:23.754386,2026-07-01T20:04:23.764116+00:00,85.8,200,bid,YieldingYams,WavyWalnuts,2890255
2026-07-01T20:04:23.873272,2026-07-01T20:04:23.879741+00:00,85.8,200,ask,YieldingYams,WavyWalnuts,2890257
2026-07-01T20:04:25.078175,2026-07-01T20:04:25.084611+00:00,85.7,200,bid,WavyWalnuts,YieldingYams,2890272
2026-07-01T20:04:26.284603,2026-07-01T20:04:26.295663+00:00,85.7,200,bid,WavyWalnuts,YieldingYams,2890286
2026-07-01T20:04:26.402187,2026-07-01T20:04:26.413864+00:00,85.7,20,ask,YieldingYams,BrilliantBurritos,2890287
2026-07-01T20:04:28.999142,2026-07-01T20:04:29.006997+00:00,85.8,200,bid,YieldingYams,WavyWalnuts,2890345
2026-07-01T20:04:29.926102,2026-07-01T20:04:29.936051+00:00,85.8,200,ask,YieldingYams,WavyWalnuts,2890360
2026-07-01T20:04:31.131649,2026-07-01T20:04:31.158600+00:00,85.7,200,bid,WavyWalnuts,YieldingYams,2890383
2026-07-01T20:04:32.932372,2026-07-01T20:04:32.938392+00:00,85.8,200,bid,YieldingYams,WavyWalnuts,2890413
2026-07-01T20:04:33.517042,2026-07-01T20:04:33.525612+00:00,85.8,425,ask,YieldingYams,AverageAlmonds,2890422
2026-07-01T20:04:34.245557,2026-07-01T20:04:34.246604+00:00,85.7,200,ask,WavyWalnuts,YieldingYams,2890441
2026-07-01T20:04:36.539350,2026-07-01T20:04:36.558643+00:00,85.9,12,bid,BrilliantBurritos,Kelvin Chan,2890494
2026-07-01T20:04:36.539350,2026-07-01T20:04:36.558643+00:00,85.9,8,bid,BrilliantBurritos,YieldingYams,2890495
2026-07-01T20:04:36.573065,2026-07-01T20:04:36.576947+00:00,85.8,23,ask,WavyWalnuts,Xuanyu Liu,2890498
2026-07-01T20:04:38.176421,2026-07-01T20:04:38.183823+00:00,85.9,200,bid,YieldingYams,WavyWalnuts,2890529
2026-07-01T20:04:38.176421,2026-07-01T20:04:38.189127+00:00,85.9,425,bid,YieldingYams,AverageAlmonds,2890530
2026-07-01T20:04:38.398911,2026-07-01T20:04:38.406410+00:00,85.8,200,bid,WavyWalnuts,AverageAlmonds,2890533
2026-07-01T20:04:39.044282,2026-07-01T20:04:39.048582+00:00,85.6,8,ask,Kelvin Chan,Xuanyu Liu,2890553
2026-07-01T20:04:39.504256,2026-07-01T20:04:39.507886+00:00,85.6,3,ask,YieldingYams,Xuanyu Liu,2890562
2026-07-01T20:04:42.106766,2026-07-01T20:04:42.117046+00:00,85.7,500,bid,YieldingYams,AverageAlmonds,2890629
2026-07-01T20:04:42.106766,2026-07-01T20:04:42.117046+00:00,85.7,125,bid,YieldingYams,WavyWalnuts,2890630
2026-07-01T20:04:43.283232,2026-07-01T20:04:43.291342+00:00,85.7,200,bid,WavyWalnuts,AverageAlmonds,2890646
2026-07-01T20:04:43.422266,2026-07-01T20:04:43.431804+00:00,85.6,7,ask,Kelvin Chan,YieldingYams,2890652
2026-07-01T20:04:44.499408,2026-07-01T20:04:44.506164+00:00,85.5,8,ask,Kelvin Chan,WavyWalnuts,2890671
2026-07-01T20:04:45.708393,2026-07-01T20:04:45.715390+00:00,85.4,200,ask,YieldingYams,WavyWalnuts,2890696
2026-07-01T20:04:46.054808,2026-07-01T20:04:46.063638+00:00,85.4,6,ask,Kelvin Chan,YieldingYams,2890703
2026-07-01T20:04:46.914030,2026-07-01T20:04:46.923528+00:00,85.3,200,bid,WavyWalnuts,YieldingYams,2890717
2026-07-01T20:04:47.381606,2026-07-01T20:04:47.385559+00:00,85.4,3,ask,YieldingYams,Xuanyu Liu,2890723
2026-07-01T20:04:49.349789,2026-07-01T20:04:49.368730+00:00,85.4,2,ask,Kelvin Chan,WavyWalnuts,2890769
2026-07-01T20:04:49.980909,2026-07-01T20:04:49.989938+00:00,85.4,198,bid,YieldingYams,WavyWalnuts,2890784
2026-07-01T20:04:52.600659,2026-07-01T20:04:52.611023+00:00,85.4,8,ask,Kelvin Chan,YieldingYams,2890858
2026-07-01T20:04:52.962102,2026-07-01T20:04:52.969352+00:00,85.3,20,ask,WavyWalnuts,BrilliantBurritos,2890869
2026-07-01T20:04:54.208022,2026-07-01T20:04:54.216869+00:00,85.3,4,ask,Kelvin Chan,WavyWalnuts,2890888
2026-07-01T20:04:54.208022,2026-07-01T20:04:54.216869+00:00,85.2,196,ask,YieldingYams,WavyWalnuts,2890889
2026-07-01T20:04:55.218621,2026-07-01T20:04:55.229901+00:00,85.3,4,ask,Kelvin Chan,YieldingYams,2890902
2026-07-01T20:04:55.897694,2026-07-01T20:04:55.907240+00:00,85.2,500,bid,AverageAlmonds,YieldingYams,2890914
2026-07-01T20:04:56.516721,2026-07-01T20:04:56.527016+00:00,85.2,121,bid,AverageAlmonds,YieldingYams,2890924
2026-07-01T20:04:56.516721,2026-07-01T20:04:56.527016+00:00,85.2,200,bid,AverageAlmonds,WavyWalnuts,2890925
2026-07-01T20:04:56.577112,2026-07-01T20:04:56.581484+00:00,85.4,3,ask,YieldingYams,Xuanyu Liu,2890927
2026-07-01T20:04:56.644004,2026-07-01T20:04:56.652630+00:00,85.4,200,ask,YieldingYams,WavyWalnuts,2890928
2026-07-01T20:04:59.169924,2026-07-01T20:04:59.177772+00:00,85.3,200,ask,WavyWalnuts,YieldingYams,2890967
2026-07-01T20:04:59.966013,2026-07-01T20:04:59.977576+00:00,85.3,20,bid,BrilliantBurritos,YieldingYams,2890988
2026-07-01T20:05:01.486772,2026-07-01T20:05:01.495241+00:00,85.3,200,ask,YieldingYams,WavyWalnuts,2891008
2026-07-01T20:05:01.878186,2026-07-01T20:05:01.884339+00:00,85.2,1,ask,Kelvin Chan,Xuanyu Liu,2891012
2026-07-01T20:05:01.878186,2026-07-01T20:05:01.884339+00:00,85.2,10,ask,WavyWalnuts,Xuanyu Liu,2891013
2026-07-01T20:05:02.627707,2026-07-01T20:05:02.636798+00:00,85.2,20,ask,WavyWalnuts,BrilliantBurritos,2891039
2026-07-01T20:05:03.653677,2026-07-01T20:05:03.658545+00:00,85.3,20,bid,BrilliantBurritos,YieldingYams,2891062
2026-07-01T20:05:04.738017,2026-07-01T20:05:04.747289+00:00,85.3,20,bid,BrilliantBurritos,YieldingYams,2891085
2026-07-01T20:05:05.113132,2026-07-01T20:05:05.121697+00:00,85.2,1,ask,Kelvin Chan,WavyWalnuts,2891093
2026-07-01T20:05:05.113132,2026-07-01T20:05:05.121697+00:00,85.2,199,ask,YieldingYams,WavyWalnuts,2891094
2026-07-01T20:05:05.631501,2026-07-01T20:05:05.642928+00:00,85.3,20,bid,BrilliantBurritos,YieldingYams,2891098
2026-07-01T20:05:13.451376,2026-07-01T20:05:13.464094+00:00,85.2,200,bid,AverageAlmonds,WavyWalnuts,2891254
2026-07-01T20:05:13.580924,2026-07-01T20:05:13.591715+00:00,85.2,200,ask,AverageAlmonds,WavyWalnuts,2891264
2026-07-01T20:05:14.789126,2026-07-01T20:05:14.797636+00:00,85.2,200,ask,YieldingYams,WavyWalnuts,2891287
2026-07-01T20:05:17.106390,2026-07-01T20:05:17.123704+00:00,85.2,20,ask,YieldingYams,BrilliantBurritos,2891335
2026-07-01T20:05:17.551904,2026-07-01T20:05:17.564135+00:00,85.2,500,ask,AverageAlmonds,YieldingYams,2891349
2026-07-01T20:05:17.551904,2026-07-01T20:05:17.564135+00:00,85.2,125,ask,WavyWalnuts,YieldingYams,2891350
2026-07-01T20:05:18.139569,2026-07-01T20:05:18.151177+00:00,85.2,20,ask,WavyWalnuts,BrilliantBurritos,2891358
2026-07-01T20:05:19.543238,2026-07-01T20:05:19.563635+00:00,85.4,20,bid,BrilliantBurritos,WavyWalnuts,2891383
2026-07-01T20:05:20.476009,2026-07-01T20:05:20.487539+00:00,85.4,20,bid,BrilliantBurritos,WavyWalnuts,2891403
2026-07-01T20:05:21.487320,2026-07-01T20:05:21.496379+00:00,85.3,200,bid,YieldingYams,WavyWalnuts,2891421
2026-07-01T20:05:22.064242,2026-07-01T20:05:22.074172+00:00,85.4,200,ask,YieldingYams,WavyWalnuts,2891437
2026-07-01T20:05:23.592185,2026-07-01T20:05:23.603599+00:00,85.2,20,ask,WavyWalnuts,BrilliantBurritos,2891475
2026-07-01T20:05:25.572554,2026-07-01T20:05:25.579941+00:00,85.3,20,bid,BrilliantBurritos,YieldingYams,2891529
2026-07-01T20:05:26.734627,2026-07-01T20:05:26.745411+00:00,85.2,200,ask,WavyWalnuts,YieldingYams,2891552
2026-07-01T20:05:26.734627,2026-07-01T20:05:26.745411+00:00,85.2,425,ask,AverageAlmonds,YieldingYams,2891553
2026-07-01T20:05:26.939861,2026-07-01T20:05:26.947841+00:00,85.2,200,ask,AverageAlmonds,WavyWalnuts,2891556
2026-07-01T20:05:27.053432,2026-07-01T20:05:27.064782+00:00,85.5,6,bid,BrilliantBurritos,Kelvin Chan,2891559
2026-07-01T20:05:28.045828,2026-07-01T20:05:28.058627+00:00,85.4,4,bid,YieldingYams,Kelvin Chan,2891587
2026-07-01T20:05:28.153957,2026-07-01T20:05:28.164112+00:00,85.4,200,ask,YieldingYams,WavyWalnuts,2891591
2026-07-01T20:05:29.811323,2026-07-01T20:05:29.820144+00:00,85.3,200,bid,AverageAlmonds,WavyWalnuts,2891617
2026-07-01T20:05:30.586365,2026-07-01T20:05:30.593362+00:00,85.4,200,bid,WavyWalnuts,YieldingYams,2891642
2026-07-01T20:05:30.676602,2026-07-01T20:05:30.684826+00:00,85.3,500,ask,AverageAlmonds,YieldingYams,2891646
2026-07-01T20:05:31.616560,2026-07-01T20:05:31.622738+00:00,85.3,125,bid,AverageAlmonds,YieldingYams,2891661
2026-07-01T20:05:31.989303,2026-07-01T20:05:31.995572+00:00,85.4,200,bid,YieldingYams,WavyWalnuts,2891669
2026-07-01T20:05:33.004243,2026-07-01T20:05:33.010801+00:00,85.5,2,bid,WavyWalnuts,Kelvin Chan,2891694
2026-07-01T20:05:33.306138,2026-07-01T20:05:33.313683+00:00,85.5,198,ask,WavyWalnuts,YieldingYams,2891703
2026-07-01T20:05:34.217332,2026-07-01T20:05:34.227023+00:00,85.4,200,bid,WavyWalnuts,YieldingYams,2891723
2026-07-01T20:05:35.938104,2026-07-01T20:05:35.945059+00:00,85.5,2,bid,YieldingYams,Kelvin Chan,2891764
2026-07-01T20:05:38.568516,2026-07-01T20:05:38.579781+00:00,85.5,200,ask,WavyWalnuts,YieldingYams,2891819
2026-07-01T20:05:41.224746,2026-07-01T20:05:41.236111+00:00,85.4,20,ask,WavyWalnuts,BrilliantBurritos,2891855
2026-07-01T20:05:41.486614,2026-07-01T20:05:41.495772+00:00,85.5,200,bid,WavyWalnuts,YieldingYams,2891859
2026-07-01T20:05:42.702452,2026-07-01T20:05:42.710469+00:00,85.5,200,ask,YieldingYams,WavyWalnuts,2891886
2026-07-01T20:05:43.029512,2026-07-01T20:05:43.033444+00:00,85.7,14,bid,Xuanyu Liu,YieldingYams,2891895
2026-07-01T20:05:46.461728,2026-07-01T20:05:46.469162+00:00,85.4,200,ask,WavyWalnuts,YieldingYams,2891958
2026-07-01T20:05:47.769722,2026-07-01T20:05:47.780598+00:00,85.5,200,bid,YieldingYams,WavyWalnuts,2891980
2026-07-01T20:05:49.970199,2026-07-01T20:05:49.979526+00:00,85.4,200,ask,YieldingYams,WavyWalnuts,2892026
2026-07-01T20:05:50.402871,2026-07-01T20:05:50.409387+00:00,85.3,200,ask,WavyWalnuts,YieldingYams,2892032
2026-07-01T20:05:50.402871,2026-07-01T20:05:50.414638+00:00,85.3,425,ask,AverageAlmonds,YieldingYams,2892033
2026-07-01T20:05:51.713154,2026-07-01T20:05:51.720532+00:00,85.5,200,bid,YieldingYams,WavyWalnuts,2892063
2026-07-01T20:05:53.044050,2026-07-01T20:05:53.048107+00:00,85.5,3,bid,Xuanyu Liu,YieldingYams,2892091
2026-07-01T20:05:53.588943,2026-07-01T20:05:53.596344+00:00,85.5,200,bid,WavyWalnuts,YieldingYams,2892104
2026-07-01T20:05:54.799679,2026-07-01T20:05:54.811024+00:00,85.5,200,ask,YieldingYams,WavyWalnuts,2892132
2026-07-01T20:05:56.957197,2026-07-01T20:05:56.968948+00:00,85.5,200,bid,YieldingYams,WavyWalnuts,2892187
2026-07-01T20:05:59.608456,2026-07-01T20:05:59.616346+00:00,85.6,2,bid,YieldingYams,Kelvin Chan,2892248
2026-07-01T20:05:59.608456,2026-07-01T20:05:59.616346+00:00,85.7,200,bid,YieldingYams,WavyWalnuts,2892249
2026-07-01T20:06:01.297648,2026-07-01T20:06:01.316786+00:00,85.6,20,ask,WavyWalnuts,BrilliantBurritos,2892288
2026-07-01T20:06:02.051537,2026-07-01T20:06:02.058615+00:00,85.7,4,bid,WavyWalnuts,Kelvin Chan,2892307
2026-07-01T20:06:04.281562,2026-07-01T20:06:04.293312+00:00,85.7,20,bid,BrilliantBurritos,WavyWalnuts,2892365
2026-07-01T20:06:06.896680,2026-07-01T20:06:06.907445+00:00,85.7,200,bid,WavyWalnuts,YieldingYams,2892403
2026-07-01T20:06:08.110636,2026-07-01T20:06:08.121985+00:00,85.7,200,ask,YieldingYams,WavyWalnuts,2892422
2026-07-01T20:06:08.818391,2026-07-01T20:06:08.821786+00:00,85.8,3,ask,YieldingYams,Xuanyu Liu,2892437
2026-07-01T20:06:09.181453,2026-07-01T20:06:09.188165+00:00,85.8,500,ask,YieldingYams,AverageAlmonds,2892439
2026-07-01T20:06:09.324178,2026-07-01T20:06:09.331790+00:00,85.8,122,ask,YieldingYams,WavyWalnuts,2892442
2026-07-01T20:06:12.953021,2026-07-01T20:06:12.963984+00:00,85.8,200,bid,WavyWalnuts,AverageAlmonds,2892497
2026-07-01T20:06:14.056957,2026-07-01T20:06:14.064265+00:00,85.8,500,bid,YieldingYams,AverageAlmonds,2892515
2026-07-01T20:06:14.166727,2026-07-01T20:06:14.173840+00:00,85.8,125,ask,YieldingYams,WavyWalnuts,2892517
2026-07-01T20:06:15.379697,2026-07-01T20:06:15.387732+00:00,85.6,3,ask,Kelvin Chan,YieldingYams,2892544
2026-07-01T20:06:15.379697,2026-07-01T20:06:15.387732+00:00,85.6,200,ask,WavyWalnuts,YieldingYams,2892545
2026-07-01T20:06:15.395839,2026-07-01T20:06:15.403714+00:00,85.6,200,bid,WavyWalnuts,YieldingYams,2892546
2026-07-01T20:06:16.609565,2026-07-01T20:06:16.617278+00:00,85.6,200,bid,WavyWalnuts,YieldingYams,2892576
2026-07-01T20:06:16.689367,2026-07-01T20:06:16.699166+00:00,85.7,500,bid,YieldingYams,AverageAlmonds,2892582
2026-07-01T20:06:17.035919,2026-07-01T20:06:17.044516+00:00,85.7,125,ask,YieldingYams,AverageAlmonds,2892583
2026-07-01T20:06:19.034153,2026-07-01T20:06:19.042812+00:00,85.7,200,bid,WavyWalnuts,YieldingYams,2892618
2026-07-01T20:06:20.245625,2026-07-01T20:06:20.251932+00:00,85.6,200,bid,WavyWalnuts,AverageAlmonds,2892649
2026-07-01T20:06:20.964327,2026-07-01T20:06:20.967704+00:00,85.6,14,bid,Xuanyu Liu,YieldingYams,2892663
2026-07-01T20:06:21.454439,2026-07-01T20:06:21.463790+00:00,85.6,200,bid,WavyWalnuts,YieldingYams,2892671
2026-07-01T20:06:22.664260,2026-07-01T20:06:22.674223+00:00,85.6,200,bid,WavyWalnuts,YieldingYams,2892690
2026-07-01T20:06:23.880118,2026-07-01T20:06:23.887530+00:00,85.6,200,bid,WavyWalnuts,AverageAlmonds,2892722
2026-07-01T20:06:24.608908,2026-07-01T20:06:24.620144+00:00,85.5,2,ask,Kelvin Chan,BrilliantBurritos,2892732
2026-07-01T20:06:25.090037,2026-07-01T20:06:25.097562+00:00,85.6,200,bid,WavyWalnuts,YieldingYams,2892746
2026-07-01T20:06:26.301320,2026-07-01T20:06:26.309566+00:00,85.6,200,bid,WavyWalnuts,YieldingYams,2892776
2026-07-01T20:06:27.513949,2026-07-01T20:06:27.522886+00:00,85.6,200,bid,WavyWalnuts,YieldingYams,2892806
2026-07-01T20:06:29.943088,2026-07-01T20:06:29.958608+00:00,85.6,200,bid,WavyWalnuts,AverageAlmonds,2892848
2026-07-01T20:06:31.137696,2026-07-01T20:06:31.141093+00:00,85.5,12,bid,Xuanyu Liu,YieldingYams,2892872
2026-07-01T20:06:32.363163,2026-07-01T20:06:32.374528+00:00,85.5,200,bid,WavyWalnuts,YieldingYams,2892898
2026-07-01T20:06:32.428856,2026-07-01T20:06:32.438118+00:00,85.5,500,bid,YieldingYams,AverageAlmonds,2892902
2026-07-01T20:06:32.761617,2026-07-01T20:06:32.769022+00:00,85.5,125,ask,YieldingYams,AverageAlmonds,2892903
2026-07-01T20:06:33.741796,2026-07-01T20:06:33.758914+00:00,85.4,1,ask,Kelvin Chan,YieldingYams,2892920
2026-07-01T20:06:33.741796,2026-07-01T20:06:33.758914+00:00,85.4,200,ask,WavyWalnuts,YieldingYams,2892921
2026-07-01T20:06:34.270870,2026-07-01T20:06:34.275022+00:00,85.4,1,bid,Xuanyu Liu,YieldingYams,2892925
2026-07-01T20:06:34.362173,2026-07-01T20:06:34.365940+00:00,85.4,1,bid,Xuanyu Liu,YieldingYams,2892931
2026-07-01T20:06:34.782791,2026-07-01T20:06:34.789659+00:00,85.4,200,bid,WavyWalnuts,YieldingYams,2892938
2026-07-01T20:06:35.057945,2026-07-01T20:06:35.063855+00:00,85.5,500,bid,YieldingYams,AverageAlmonds,2892947
2026-07-01T20:06:35.057945,2026-07-01T20:06:35.063855+00:00,85.6,125,bid,YieldingYams,WavyWalnuts,2892948
2026-07-01T20:06:36.833931,2026-07-01T20:06:36.843571+00:00,85.5,1,bid,ZIYAO YANG,YieldingYams,2892974
2026-07-01T20:06:37.202168,2026-07-01T20:06:37.213438+00:00,85.5,200,bid,WavyWalnuts,YieldingYams,2892980
2026-07-01T20:06:39.010000,2026-07-01T20:06:39.013555+00:00,85.4,3,bid,Xuanyu Liu,YieldingYams,2893012
2026-07-01T20:06:39.204624,2026-07-01T20:06:39.208082+00:00,85.4,4,bid,Xuanyu Liu,YieldingYams,2893014
2026-07-01T20:06:39.263847,2026-07-01T20:06:39.267547+00:00,85.4,2,bid,Xuanyu Liu,YieldingYams,2893016
2026-07-01T20:06:40.301729,2026-07-01T20:06:40.310301+00:00,85.3,1,ask,Kelvin Chan,YieldingYams,2893049
2026-07-01T20:06:40.301729,2026-07-01T20:06:40.310301+00:00,85.3,200,ask,WavyWalnuts,YieldingYams,2893050
2026-07-01T20:06:40.827297,2026-07-01T20:06:40.836228+00:00,85.3,200,bid,WavyWalnuts,YieldingYams,2893059
2026-07-01T20:06:42.298623,2026-07-01T20:06:42.305769+00:00,85.3,20,ask,WavyWalnuts,BrilliantBurritos,2893105
2026-07-01T20:06:42.923867,2026-07-01T20:06:42.934778+00:00,85.3,180,ask,WavyWalnuts,YieldingYams,2893109
2026-07-01T20:06:45.664210,2026-07-01T20:06:45.675325+00:00,85.2,6,ask,Kelvin Chan,WavyWalnuts,2893146
2026-07-01T20:06:46.880864,2026-07-01T20:06:46.889917+00:00,85.1,5,ask,Kelvin Chan,WavyWalnuts,2893180
2026-07-01T20:06:49.485456,2026-07-01T20:06:49.500582+00:00,84.9,500,ask,AverageAlmonds,YieldingYams,2893231
2026-07-01T20:06:49.485456,2026-07-01T20:06:49.500582+00:00,84.9,125,ask,WavyWalnuts,YieldingYams,2893232
2026-07-01T20:06:50.813339,2026-07-01T20:06:50.816573+00:00,85.1,11,ask,YieldingYams,Xuanyu Liu,2893254
2026-07-01T20:06:51.749487,2026-07-01T20:06:51.763974+00:00,85.1,200,ask,YieldingYams,WavyWalnuts,2893275
2026-07-01T20:06:55.378692,2026-07-01T20:06:55.386967+00:00,85.2,200,bid,WavyWalnuts,YieldingYams,2893347
2026-07-01T20:06:56.031219,2026-07-01T20:06:56.039698+00:00,85.3,6,bid,YieldingYams,Kelvin Chan,2893361
2026-07-01T20:06:56.031219,2026-07-01T20:06:56.039698+00:00,85.3,200,bid,YieldingYams,WavyWalnuts,2893362
2026-07-01T20:06:56.065986,2026-07-01T20:06:56.070039+00:00,85.3,23,ask,YieldingYams,Xuanyu Liu,2893364
2026-07-01T20:06:56.589561,2026-07-01T20:06:56.598187+00:00,85.3,200,ask,YieldingYams,WavyWalnuts,2893377
2026-07-01T20:06:57.796288,2026-07-01T20:06:57.804024+00:00,85.1,200,ask,YieldingYams,WavyWalnuts,2893396
2026-07-01T20:06:58.656751,2026-07-01T20:06:58.663913+00:00,85.0,1,ask,Kelvin Chan,YieldingYams,2893408
2026-07-01T20:06:58.656751,2026-07-01T20:06:58.669158+00:00,85.0,500,ask,AverageAlmonds,YieldingYams,2893409
2026-07-01T20:06:58.799963,2026-07-01T20:06:58.808179+00:00,85.0,124,bid,AverageAlmonds,YieldingYams,2893411
2026-07-01T20:06:59.024125,2026-07-01T20:06:59.027838+00:00,85.1,11,bid,Xuanyu Liu,WavyWalnuts,2893419
2026-07-01T20:06:59.964655,2026-07-01T20:06:59.974393+00:00,85.1,189,bid,YieldingYams,WavyWalnuts,2893437
2026-07-01T20:07:00.212040,2026-07-01T20:07:00.218710+00:00,85.2,200,ask,YieldingYams,WavyWalnuts,2893444
2026-07-01T20:07:02.122023,2026-07-01T20:07:02.125676+00:00,85.0,14,ask,WavyWalnuts,Xuanyu Liu,2893486
2026-07-01T20:07:03.843412,2026-07-01T20:07:03.858636+00:00,85.0,4,ask,Kelvin Chan,WavyWalnuts,2893518
2026-07-01T20:07:05.062392,2026-07-01T20:07:05.068917+00:00,84.9,5,ask,Kelvin Chan,WavyWalnuts,2893539
2026-07-01T20:07:05.204591,2026-07-01T20:07:05.210877+00:00,84.9,195,bid,YieldingYams,WavyWalnuts,2893543
2026-07-01T20:07:06.778642,2026-07-01T20:07:06.790010+00:00,85.0,20,bid,BrilliantBurritos,WavyWalnuts,2893564
2026-07-01T20:07:09.154047,2026-07-01T20:07:09.259916+00:00,85.1,200,bid,YieldingYams,WavyWalnuts,2893613
2026-07-01T20:07:13.096481,2026-07-01T20:07:13.107186+00:00,85.1,200,ask,WavyWalnuts,YieldingYams,2893693
2026-07-01T20:07:13.526681,2026-07-01T20:07:13.542388+00:00,85.1,200,bid,WavyWalnuts,YieldingYams,2893701
2026-07-01T20:07:15.718579,2026-07-01T20:07:15.738647+00:00,85.2,4,bid,YieldingYams,Kelvin Chan,2893747
2026-07-01T20:07:15.718579,2026-07-01T20:07:15.738647+00:00,85.2,500,bid,YieldingYams,AverageAlmonds,2893748
2026-07-01T20:07:15.735263,2026-07-01T20:07:15.738647+00:00,85.2,3,ask,YieldingYams,Xuanyu Liu,2893750
2026-07-01T20:07:15.949351,2026-07-01T20:07:15.968969+00:00,85.2,118,ask,YieldingYams,WavyWalnuts,2893753
2026-07-01T20:07:16.380933,2026-07-01T20:07:16.387449+00:00,84.9,3,ask,Kelvin Chan,BrilliantBurritos,2893758
2026-07-01T20:07:16.380933,2026-07-01T20:07:16.392429+00:00,84.9,17,ask,WavyWalnuts,BrilliantBurritos,2893759
2026-07-01T20:07:17.170855,2026-07-01T20:07:17.179422+00:00,85.0,200,ask,YieldingYams,WavyWalnuts,2893784
2026-07-01T20:07:17.940915,2026-07-01T20:07:17.945224+00:00,85.0,23,ask,YieldingYams,Xuanyu Liu,2893796
2026-07-01T20:07:18.212331,2026-07-01T20:07:18.219238+00:00,85.1,20,bid,BrilliantBurritos,YieldingYams,2893807
2026-07-01T20:07:18.371341,2026-07-01T20:07:18.375281+00:00,85.0,3,bid,Xuanyu Liu,YieldingYams,2893809
2026-07-01T20:07:18.475338,2026-07-01T20:07:18.478912+00:00,85.0,3,bid,Xuanyu Liu,YieldingYams,2893811
2026-07-01T20:07:18.664915,2026-07-01T20:07:18.669050+00:00,85.0,3,bid,Xuanyu Liu,YieldingYams,2893813
2026-07-01T20:07:18.705319,2026-07-01T20:07:18.709049+00:00,85.0,3,bid,Xuanyu Liu,YieldingYams,2893818
2026-07-01T20:07:19.658237,2026-07-01T20:07:19.668944+00:00,84.9,1,ask,Kelvin Chan,YieldingYams,2893841
2026-07-01T20:07:19.658237,2026-07-01T20:07:19.668944+00:00,84.9,200,ask,WavyWalnuts,YieldingYams,2893842
2026-07-01T20:07:19.986159,2026-07-01T20:07:19.994891+00:00,84.8,424,bid,AverageAlmonds,YieldingYams,2893850
2026-07-01T20:07:20.808752,2026-07-01T20:07:20.815921+00:00,84.9,1,ask,Kelvin Chan,WavyWalnuts,2893871
2026-07-01T20:07:20.808752,2026-07-01T20:07:20.820943+00:00,84.8,199,ask,AverageAlmonds,WavyWalnuts,2893872
2026-07-01T20:07:21.366856,2026-07-01T20:07:21.378556+00:00,84.9,20,ask,YieldingYams,BrilliantBurritos,2893879
2026-07-01T20:07:22.282218,2026-07-01T20:07:22.299732+00:00,84.9,500,ask,AverageAlmonds,YieldingYams,2893903
2026-07-01T20:07:22.296151,2026-07-01T20:07:22.299732+00:00,84.9,11,bid,Xuanyu Liu,YieldingYams,2893905
2026-07-01T20:07:22.412925,2026-07-01T20:07:22.421083+00:00,84.9,114,bid,AverageAlmonds,YieldingYams,2893909
2026-07-01T20:07:25.670480,2026-07-01T20:07:25.681726+00:00,85.2,4,bid,WavyWalnuts,Kelvin Chan,2893977
2026-07-01T20:07:25.670480,2026-07-01T20:07:25.681726+00:00,85.2,196,bid,WavyWalnuts,YieldingYams,2893978
2026-07-01T20:07:26.885815,2026-07-01T20:07:26.892431+00:00,85.1,200,ask,YieldingYams,WavyWalnuts,2894021
2026-07-01T20:07:29.308970,2026-07-01T20:07:29.316570+00:00,85.1,200,ask,YieldingYams,WavyWalnuts,2894081
2026-07-01T20:07:31.748457,2026-07-01T20:07:31.752223+00:00,85.1,3,bid,Xuanyu Liu,WavyWalnuts,2894139
2026-07-01T20:07:32.088323,2026-07-01T20:07:32.098785+00:00,85.1,197,bid,AverageAlmonds,WavyWalnuts,2894146
2026-07-01T20:07:32.940791,2026-07-01T20:07:32.943892+00:00,85.1,200,ask,AverageAlmonds,WavyWalnuts,2894163
2026-07-01T20:07:35.364930,2026-07-01T20:07:35.372458+00:00,85.0,200,ask,YieldingYams,WavyWalnuts,2894210
2026-07-01T20:07:36.931872,2026-07-01T20:07:36.938443+00:00,85.1,200,bid,AverageAlmonds,WavyWalnuts,2894234
2026-07-01T20:07:36.931872,2026-07-01T20:07:36.943418+00:00,85.1,300,bid,AverageAlmonds,YieldingYams,2894235
2026-07-01T20:07:37.526572,2026-07-01T20:07:37.536099+00:00,85.1,325,bid,AverageAlmonds,YieldingYams,2894243
2026-07-01T20:07:37.784768,2026-07-01T20:07:37.794937+00:00,85.1,175,ask,AverageAlmonds,WavyWalnuts,2894252
2026-07-01T20:07:38.010846,2026-07-01T20:07:38.020473+00:00,85.1,25,bid,YieldingYams,WavyWalnuts,2894258
2026-07-01T20:07:38.996815,2026-07-01T20:07:39.004890+00:00,85.1,200,ask,YieldingYams,WavyWalnuts,2894280
2026-07-01T20:07:39.840317,2026-07-01T20:07:39.848484+00:00,85.2,1,bid,BrilliantBurritos,Kelvin Chan,2894287
2026-07-01T20:07:39.840317,2026-07-01T20:07:39.848484+00:00,85.2,19,bid,BrilliantBurritos,YieldingYams,2894288
2026-07-01T20:07:39.970438,2026-07-01T20:07:39.981180+00:00,85.2,500,bid,AverageAlmonds,YieldingYams,2894293
2026-07-01T20:07:40.563978,2026-07-01T20:07:40.573049+00:00,85.2,106,bid,AverageAlmonds,YieldingYams,2894321
2026-07-01T20:07:40.563978,2026-07-01T20:07:40.573049+00:00,85.2,200,bid,AverageAlmonds,WavyWalnuts,2894322
2026-07-01T20:07:40.593410,2026-07-01T20:07:40.596942+00:00,85.2,14,ask,AverageAlmonds,Xuanyu Liu,2894324
2026-07-01T20:07:40.640252,2026-07-01T20:07:40.643991+00:00,85.3,12,ask,YieldingYams,Xuanyu Liu,2894326
2026-07-01T20:07:41.414165,2026-07-01T20:07:41.422191+00:00,85.3,200,ask,YieldingYams,WavyWalnuts,2894336
2026-07-01T20:07:42.245697,2026-07-01T20:07:42.258532+00:00,85.4,7,bid,BrilliantBurritos,Kelvin Chan,2894350
2026-07-01T20:07:42.245697,2026-07-01T20:07:42.258532+00:00,85.4,13,bid,BrilliantBurritos,YieldingYams,2894351
2026-07-01T20:07:42.630860,2026-07-01T20:07:42.638117+00:00,85.2,200,ask,YieldingYams,WavyWalnuts,2894362
2026-07-01T20:07:43.221757,2026-07-01T20:07:43.225023+00:00,85.3,6,bid,Xuanyu Liu,Kelvin Chan,2894371
2026-07-01T20:07:43.245010,2026-07-01T20:07:43.274523+00:00,85.2,500,ask,AverageAlmonds,YieldingYams,2894375
2026-07-01T20:07:43.270695,2026-07-01T20:07:43.274523+00:00,85.1,20,bid,Xuanyu Liu,YieldingYams,2894377
2026-07-01T20:07:43.576972,2026-07-01T20:07:43.585468+00:00,85.1,105,bid,AverageAlmonds,YieldingYams,2894388
2026-07-01T20:07:43.839158,2026-07-01T20:07:43.846788+00:00,85.2,200,ask,AverageAlmonds,WavyWalnuts,2894398
2026-07-01T20:07:45.047105,2026-07-01T20:07:45.068692+00:00,85.3,200,ask,YieldingYams,WavyWalnuts,2894410
2026-07-01T20:07:49.791562,2026-07-01T20:07:49.800196+00:00,85.2,500,ask,AverageAlmonds,YieldingYams,2894461
2026-07-01T20:07:49.791562,2026-07-01T20:07:49.800196+00:00,85.1,125,ask,WavyWalnuts,YieldingYams,2894462
2026-07-01T20:07:51.085617,2026-07-01T20:07:51.092704+00:00,85.3,1,bid,WavyWalnuts,Kelvin Chan,2894479
2026-07-01T20:07:51.116043,2026-07-01T20:07:51.121001+00:00,85.3,3,ask,WavyWalnuts,Xuanyu Liu,2894483
2026-07-01T20:07:55.058391,2026-07-01T20:07:55.068660+00:00,85.3,200,ask,WavyWalnuts,YieldingYams,2894553
2026-07-01T20:07:55.920044,2026-07-01T20:07:55.923824+00:00,85.2,11,ask,AverageAlmonds,Xuanyu Liu,2894565
2026-07-01T20:07:56.285320,2026-07-01T20:07:56.292895+00:00,85.3,425,bid,AverageAlmonds,YieldingYams,2894574
2026-07-01T20:07:56.314292,2026-07-01T20:07:56.318150+00:00,85.3,12,ask,AverageAlmonds,Xuanyu Liu,2894576
2026-07-01T20:07:56.366779,2026-07-01T20:07:56.378312+00:00,85.4,2,bid,YieldingYams,Kelvin Chan,2894580
2026-07-01T20:07:56.366779,2026-07-01T20:07:56.378312+00:00,85.4,200,bid,YieldingYams,WavyWalnuts,2894581
2026-07-01T20:07:56.385184,2026-07-01T20:07:56.388942+00:00,85.6,34,ask,YieldingYams,Xuanyu Liu,2894583
2026-07-01T20:07:57.154520,2026-07-01T20:07:57.168685+00:00,85.6,200,ask,YieldingYams,WavyWalnuts,2894591
2026-07-01T20:07:58.422557,2026-07-01T20:07:58.426159+00:00,85.5,7,bid,Xuanyu Liu,WavyWalnuts,2894625
2026-07-01T20:07:59.029087,2026-07-01T20:07:59.032730+00:00,85.4,50,bid,Xuanyu Liu,YieldingYams,2894641
2026-07-01T20:07:59.569733,2026-07-01T20:07:59.576520+00:00,85.4,200,bid,WavyWalnuts,YieldingYams,2894652
2026-07-01T20:08:01.322670,2026-07-01T20:08:01.359323+00:00,85.4,3,bid,BrilliantBurritos,Kelvin Chan,2894696
2026-07-01T20:08:01.322670,2026-07-01T20:08:01.359323+00:00,85.4,17,bid,BrilliantBurritos,YieldingYams,2894697
2026-07-01T20:08:01.579856,2026-07-01T20:08:01.583572+00:00,85.3,11,ask,YieldingYams,Xuanyu Liu,2894707
2026-07-01T20:08:01.973417,2026-07-01T20:08:01.980855+00:00,85.3,20,ask,WavyWalnuts,BrilliantBurritos,2894711
2026-07-01T20:08:01.993914,2026-07-01T20:08:01.997511+00:00,85.3,200,ask,YieldingYams,WavyWalnuts,2894712
2026-07-01T20:08:05.402395,2026-07-01T20:08:05.405948+00:00,85.3,12,ask,WavyWalnuts,Xuanyu Liu,2894770
2026-07-01T20:08:05.621562,2026-07-01T20:08:05.668689+00:00,85.4,200,bid,WavyWalnuts,YieldingYams,2894775
2026-07-01T20:08:06.894925,2026-07-01T20:08:06.901968+00:00,85.3,200,bid,YieldingYams,WavyWalnuts,2894791
2026-07-01T20:08:06.912136,2026-07-01T20:08:06.915284+00:00,85.4,11,ask,YieldingYams,Xuanyu Liu,2894793
2026-07-01T20:08:09.606394,2026-07-01T20:08:09.669612+00:00,85.5,20,bid,BrilliantBurritos,WavyWalnuts,2894824
2026-07-01T20:08:10.471366,2026-07-01T20:08:10.479775+00:00,85.3,200,ask,YieldingYams,WavyWalnuts,2894836
2026-07-01T20:08:11.682981,2026-07-01T20:08:11.686561+00:00,85.4,11,bid,Xuanyu Liu,YieldingYams,2894858
2026-07-01T20:08:12.161991,2026-07-01T20:08:12.170434+00:00,85.5,7,bid,YieldingYams,Kelvin Chan,2894868
2026-07-01T20:08:12.161991,2026-07-01T20:08:12.170434+00:00,85.5,200,bid,YieldingYams,WavyWalnuts,2894869
2026-07-01T20:08:12.802069,2026-07-01T20:08:12.811497+00:00,85.5,20,ask,YieldingYams,BrilliantBurritos,2894880
2026-07-01T20:08:13.481828,2026-07-01T20:08:13.487947+00:00,85.5,200,ask,WavyWalnuts,YieldingYams,2894896
2026-07-01T20:08:14.099741,2026-07-01T20:08:14.110948+00:00,85.4,200,ask,AverageAlmonds,WavyWalnuts,2894906
2026-07-01T20:08:14.202786,2026-07-01T20:08:14.207698+00:00,85.5,12,bid,Xuanyu Liu,YieldingYams,2894908
2026-07-01T20:08:14.817469,2026-07-01T20:08:14.821463+00:00,85.4,11,bid,Xuanyu Liu,YieldingYams,2894921
2026-07-01T20:08:15.306211,2026-07-01T20:08:15.314365+00:00,85.4,200,bid,WavyWalnuts,YieldingYams,2894936
2026-07-01T20:08:16.116238,2026-07-01T20:08:16.163695+00:00,85.6,3,bid,YieldingYams,Kelvin Chan,2894954
2026-07-01T20:08:16.116238,2026-07-01T20:08:16.163695+00:00,85.6,200,bid,YieldingYams,WavyWalnuts,2894955
2026-07-01T20:08:17.430988,2026-07-01T20:08:17.437659+00:00,85.5,200,ask,WavyWalnuts,YieldingYams,2894987
2026-07-01T20:08:21.366453,2026-07-01T20:08:21.374386+00:00,85.5,200,ask,YieldingYams,WavyWalnuts,2895074
2026-07-01T20:08:22.575643,2026-07-01T20:08:22.583048+00:00,85.5,200,ask,YieldingYams,WavyWalnuts,2895101
2026-07-01T20:08:23.700963,2026-07-01T20:08:23.704380+00:00,85.7,3,bid,Xuanyu Liu,YieldingYams,2895113
2026-07-01T20:08:24.990452,2026-07-01T20:08:25.002069+00:00,85.5,200,ask,YieldingYams,WavyWalnuts,2895134
2026-07-01T20:08:26.197396,2026-07-01T20:08:26.207166+00:00,85.4,200,ask,YieldingYams,WavyWalnuts,2895152
2026-07-01T20:08:26.635053,2026-07-01T20:08:26.638680+00:00,85.4,3,bid,Xuanyu Liu,YieldingYams,2895166
2026-07-01T20:08:27.927829,2026-07-01T20:08:27.936126+00:00,85.3,200,bid,YieldingYams,WavyWalnuts,2895178
2026-07-01T20:08:28.622933,2026-07-01T20:08:28.634575+00:00,85.5,200,ask,YieldingYams,WavyWalnuts,2895187
2026-07-01T20:08:29.832602,2026-07-01T20:08:29.843661+00:00,85.3,200,bid,WavyWalnuts,YieldingYams,2895212
2026-07-01T20:08:30.574249,2026-07-01T20:08:30.585843+00:00,85.3,20,bid,BrilliantBurritos,YieldingYams,2895222
2026-07-01T20:08:31.041646,2026-07-01T20:08:31.058558+00:00,85.3,200,bid,WavyWalnuts,YieldingYams,2895232
2026-07-01T20:08:32.534926,2026-07-01T20:08:32.544345+00:00,85.2,1,ask,Kelvin Chan,BrilliantBurritos,2895273
2026-07-01T20:08:32.534926,2026-07-01T20:08:32.544345+00:00,85.2,19,ask,YieldingYams,BrilliantBurritos,2895274
2026-07-01T20:08:33.228069,2026-07-01T20:08:33.232120+00:00,85.3,3,ask,YieldingYams,Xuanyu Liu,2895285
2026-07-01T20:08:40.737360,2026-07-01T20:08:40.745051+00:00,85.6,1,bid,WavyWalnuts,Kelvin Chan,2895436
2026-07-01T20:08:40.737360,2026-07-01T20:08:40.745051+00:00,85.6,199,bid,WavyWalnuts,YieldingYams,2895437
2026-07-01T20:08:41.049450,2026-07-01T20:08:41.068481+00:00,85.5,6,bid,YieldingYams,Kelvin Chan,2895439
2026-07-01T20:08:41.064581,2026-07-01T20:08:41.068481+00:00,85.5,3,ask,YieldingYams,Xuanyu Liu,2895442
2026-07-01T20:08:41.951569,2026-07-01T20:08:41.968710+00:00,85.6,5,bid,WavyWalnuts,Kelvin Chan,2895453
2026-07-01T20:08:41.975126,2026-07-01T20:08:41.978796+00:00,85.6,11,ask,WavyWalnuts,Xuanyu Liu,2895456
2026-07-01T20:08:42.269446,2026-07-01T20:08:42.280716+00:00,85.7,20,bid,BrilliantBurritos,YieldingYams,2895459
2026-07-01T20:08:43.162970,2026-07-01T20:08:43.170485+00:00,85.7,200,bid,WavyWalnuts,YieldingYams,2895479
2026-07-01T20:08:44.978303,2026-07-01T20:08:44.985022+00:00,85.5,200,ask,WavyWalnuts,YieldingYams,2895505
2026-07-01T20:08:46.290134,2026-07-01T20:08:46.314218+00:00,85.6,200,bid,YieldingYams,WavyWalnuts,2895536
2026-07-01T20:08:46.310080,2026-07-01T20:08:46.314218+00:00,85.6,12,ask,YieldingYams,Xuanyu Liu,2895541
2026-07-01T20:08:48.016914,2026-07-01T20:08:48.027208+00:00,85.6,200,ask,YieldingYams,WavyWalnuts,2895567
2026-07-01T20:08:49.225977,2026-07-01T20:08:49.232748+00:00,85.6,200,ask,YieldingYams,WavyWalnuts,2895584
2026-07-01T20:08:51.549448,2026-07-01T20:08:51.550970+00:00,85.5,200,ask,WavyWalnuts,YieldingYams,2895619
2026-07-01T20:08:51.649174,2026-07-01T20:08:51.658683+00:00,85.5,200,bid,WavyWalnuts,YieldingYams,2895620
2026-07-01T20:08:52.163761,2026-07-01T20:08:52.167072+00:00,85.5,12,bid,Xuanyu Liu,YieldingYams,2895637
2026-07-01T20:08:52.869177,2026-07-01T20:08:52.880223+00:00,85.5,200,ask,YieldingYams,WavyWalnuts,2895656
2026-07-01T20:08:54.081886,2026-07-01T20:08:54.089996+00:00,85.5,200,ask,YieldingYams,WavyWalnuts,2895679
2026-07-01T20:08:55.981562,2026-07-01T20:08:55.985139+00:00,85.6,11,bid,Xuanyu Liu,WavyWalnuts,2895719
2026-07-01T20:08:58.491346,2026-07-01T20:08:58.496270+00:00,85.6,3,bid,Xuanyu Liu,WavyWalnuts,2895787
2026-07-01T20:08:58.539809,2026-07-01T20:08:58.551660+00:00,85.5,20,ask,YieldingYams,BrilliantBurritos,2895788
2026-07-01T20:08:59.153512,2026-07-01T20:08:59.158553+00:00,85.5,20,ask,YieldingYams,BrilliantBurritos,2895799
2026-07-01T20:09:00.778057,2026-07-01T20:09:00.788311+00:00,85.5,200,ask,WavyWalnuts,YieldingYams,2895837
2026-07-01T20:09:00.778057,2026-07-01T20:09:00.788311+00:00,85.4,2,ask,Kelvin Chan,YieldingYams,2895838
2026-07-01T20:09:00.778057,2026-07-01T20:09:00.788311+00:00,85.4,423,ask,AverageAlmonds,YieldingYams,2895839
2026-07-01T20:09:02.927151,2026-07-01T20:09:02.934416+00:00,85.5,20,ask,YieldingYams,BrilliantBurritos,2895882
2026-07-01T20:09:05.215404,2026-07-01T20:09:05.226912+00:00,85.5,20,ask,YieldingYams,BrilliantBurritos,2895932
2026-07-01T20:09:05.464248,2026-07-01T20:09:05.468050+00:00,85.6,14,bid,Xuanyu Liu,WavyWalnuts,2895938
2026-07-01T20:09:06.046325,2026-07-01T20:09:06.074689+00:00,85.5,200,ask,WavyWalnuts,YieldingYams,2895954
2026-07-01T20:09:06.070245,2026-07-01T20:09:06.074689+00:00,85.5,12,bid,Xuanyu Liu,YieldingYams,2895956
2026-07-01T20:09:07.116442,2026-07-01T20:09:07.126746+00:00,85.5,413,bid,AverageAlmonds,YieldingYams,2895975
2026-07-01T20:09:07.397753,2026-07-01T20:09:07.405988+00:00,85.5,87,ask,AverageAlmonds,WavyWalnuts,2895988
2026-07-01T20:09:07.397753,2026-07-01T20:09:07.405988+00:00,85.5,113,ask,YieldingYams,WavyWalnuts,2895989
2026-07-01T20:09:07.973982,2026-07-01T20:09:07.985555+00:00,85.5,20,ask,YieldingYams,BrilliantBurritos,2896001
2026-07-01T20:09:11.227394,2026-07-01T20:09:11.231358+00:00,85.5,12,ask,WavyWalnuts,Xuanyu Liu,2896077
2026-07-01T20:09:12.233787,2026-07-01T20:09:12.242579+00:00,85.5,200,ask,YieldingYams,WavyWalnuts,2896093
2026-07-01T20:09:13.921232,2026-07-01T20:09:13.927504+00:00,85.6,200,bid,YieldingYams,WavyWalnuts,2896122
2026-07-01T20:09:13.940811,2026-07-01T20:09:13.944266+00:00,85.6,11,ask,YieldingYams,Xuanyu Liu,2896124
2026-07-01T20:09:14.651163,2026-07-01T20:09:14.658545+00:00,85.6,200,ask,YieldingYams,WavyWalnuts,2896142
2026-07-01T20:09:17.857207,2026-07-01T20:09:17.864072+00:00,85.7,2,bid,YieldingYams,Kelvin Chan,2896200
2026-07-01T20:09:17.857207,2026-07-01T20:09:17.878684+00:00,85.8,200,bid,YieldingYams,WavyWalnuts,2896201
2026-07-01T20:09:17.875016,2026-07-01T20:09:17.878684+00:00,85.8,3,ask,YieldingYams,Xuanyu Liu,2896203
2026-07-01T20:09:18.276249,2026-07-01T20:09:18.289880+00:00,85.8,200,ask,YieldingYams,WavyWalnuts,2896225
2026-07-01T20:09:19.485702,2026-07-01T20:09:19.493878+00:00,85.7,200,bid,WavyWalnuts,YieldingYams,2896246
2026-07-01T20:09:20.487199,2026-07-01T20:09:20.494976+00:00,85.7,2,bid,YieldingYams,Kelvin Chan,2896275
2026-07-01T20:09:20.697204,2026-07-01T20:09:20.704085+00:00,85.7,200,ask,YieldingYams,WavyWalnuts,2896279
2026-07-01T20:09:24.416757,2026-07-01T20:09:24.427377+00:00,85.7,200,ask,WavyWalnuts,YieldingYams,2896353
2026-07-01T20:09:25.525028,2026-07-01T20:09:25.536251+00:00,85.5,20,ask,YieldingYams,BrilliantBurritos,2896386
2026-07-01T20:09:25.539668,2026-07-01T20:09:25.558601+00:00,85.7,200,bid,WavyWalnuts,YieldingYams,2896387
2026-07-01T20:09:27.082580,2026-07-01T20:09:27.089601+00:00,85.7,200,ask,WavyWalnuts,AverageAlmonds,2896412
2026-07-01T20:09:27.314232,2026-07-01T20:09:27.323831+00:00,85.7,20,bid,BrilliantBurritos,AverageAlmonds,2896421
2026-07-01T20:09:28.366094,2026-07-01T20:09:28.374566+00:00,85.6,200,ask,WavyWalnuts,YieldingYams,2896451
2026-07-01T20:09:30.221598,2026-07-01T20:09:30.225333+00:00,85.6,3,ask,YieldingYams,Xuanyu Liu,2896494
2026-07-01T20:09:30.371933,2026-07-01T20:09:30.381966+00:00,85.6,200,ask,YieldingYams,WavyWalnuts,2896501
2026-07-01T20:09:31.578149,2026-07-01T20:09:31.585719+00:00,85.6,200,bid,WavyWalnuts,YieldingYams,2896527
2026-07-01T20:09:35.222098,2026-07-01T20:09:35.233639+00:00,85.4,1,ask,Kelvin Chan,WavyWalnuts,2896585
2026-07-01T20:09:35.222098,2026-07-01T20:09:35.233639+00:00,85.4,199,ask,YieldingYams,WavyWalnuts,2896586
2026-07-01T20:09:37.534312,2026-07-01T20:09:37.542376+00:00,85.7,200,bid,YieldingYams,WavyWalnuts,2896628
2026-07-01T20:09:37.534312,2026-07-01T20:09:37.542376+00:00,85.8,1,bid,YieldingYams,Kelvin Chan,2896629
2026-07-01T20:09:37.534312,2026-07-01T20:09:37.558585+00:00,85.8,424,bid,YieldingYams,AverageAlmonds,2896630
2026-07-01T20:09:38.860271,2026-07-01T20:09:38.868686+00:00,85.5,200,bid,WavyWalnuts,YieldingYams,2896658
2026-07-01T20:09:39.708705,2026-07-01T20:09:39.712261+00:00,85.4,4,ask,Kelvin Chan,Xuanyu Liu,2896678
2026-07-01T20:09:40.072214,2026-07-01T20:09:40.080596+00:00,85.5,200,bid,WavyWalnuts,YieldingYams,2896686
2026-07-01T20:09:40.179458,2026-07-01T20:09:40.183739+00:00,85.4,7,ask,YieldingYams,Xuanyu Liu,2896693
2026-07-01T20:09:41.283779,2026-07-01T20:09:41.291690+00:00,85.6,200,bid,WavyWalnuts,YieldingYams,2896721
2026-07-01T20:09:42.237014,2026-07-01T20:09:42.240781+00:00,85.5,12,ask,AverageAlmonds,Xuanyu Liu,2896749
2026-07-01T20:09:42.770818,2026-07-01T20:09:42.779154+00:00,85.5,488,ask,AverageAlmonds,YieldingYams,2896764
2026-07-01T20:09:42.770818,2026-07-01T20:09:42.779154+00:00,85.5,137,ask,WavyWalnuts,YieldingYams,2896765
2026-07-01T20:09:44.091298,2026-07-01T20:09:44.100107+00:00,85.7,1,bid,YieldingYams,Kelvin Chan,2896803
2026-07-01T20:09:44.091298,2026-07-01T20:09:44.100107+00:00,85.7,200,bid,YieldingYams,WavyWalnuts,2896804
2026-07-01T20:09:44.920733,2026-07-01T20:09:44.927322+00:00,85.7,200,ask,YieldingYams,WavyWalnuts,2896817
2026-07-01T20:09:45.408794,2026-07-01T20:09:45.419531+00:00,85.6,500,ask,AverageAlmonds,YieldingYams,2896826
2026-07-01T20:09:45.830381,2026-07-01T20:09:45.838979+00:00,85.6,125,bid,AverageAlmonds,YieldingYams,2896833
2026-07-01T20:09:46.694831,2026-07-01T20:09:46.698272+00:00,85.9,23,bid,Xuanyu Liu,WavyWalnuts,2896851
2026-07-01T20:09:48.552722,2026-07-01T20:09:48.558598+00:00,85.9,2,bid,WavyWalnuts,Kelvin Chan,2896889
2026-07-01T20:09:48.552722,2026-07-01T20:09:48.558598+00:00,85.9,198,bid,WavyWalnuts,YieldingYams,2896890
2026-07-01T20:09:49.352367,2026-07-01T20:09:49.351941+00:00,85.8,4,bid,YieldingYams,Kelvin Chan,2896903
2026-07-01T20:09:49.780761,2026-07-01T20:09:49.784174+00:00,85.9,11,ask,WavyWalnuts,Xuanyu Liu,2896916
2026-07-01T20:09:51.186439,2026-07-01T20:09:51.190015+00:00,85.9,1,ask,YieldingYams,Xuanyu Liu,2896946
2026-07-01T20:09:51.974845,2026-07-01T20:09:52.010966+00:00,86.0,2,bid,YieldingYams,Kelvin Chan,2896957
2026-07-01T20:09:52.007265,2026-07-01T20:09:52.010966+00:00,86.0,1,ask,YieldingYams,Xuanyu Liu,2896958
2026-07-01T20:09:52.016420,2026-07-01T20:09:52.019673+00:00,86.0,6,ask,YieldingYams,Xuanyu Liu,2896960
2026-07-01T20:09:52.159576,2026-07-01T20:09:52.163378+00:00,86.0,1,ask,YieldingYams,Xuanyu Liu,2896965
2026-07-01T20:09:52.248285,2026-07-01T20:09:52.251591+00:00,86.0,1,ask,YieldingYams,Xuanyu Liu,2896968
2026-07-01T20:09:53.288604,2026-07-01T20:09:53.299385+00:00,86.1,2,bid,YieldingYams,Kelvin Chan,2896994
2026-07-01T20:09:53.288604,2026-07-01T20:09:53.299385+00:00,86.1,200,bid,YieldingYams,WavyWalnuts,2896995
2026-07-01T20:09:55.823441,2026-07-01T20:09:55.833722+00:00,86.0,3,bid,WavyWalnuts,Kelvin Chan,2897032
2026-07-01T20:09:55.823441,2026-07-01T20:09:55.833722+00:00,86.1,197,bid,WavyWalnuts,YieldingYams,2897033
2026-07-01T20:09:56.180255,2026-07-01T20:09:56.183843+00:00,86.1,13,ask,YieldingYams,Xuanyu Liu,2897052
2026-07-01T20:09:58.250988,2026-07-01T20:09:58.255894+00:00,86.2,200,bid,WavyWalnuts,AverageAlmonds,2897083
2026-07-01T20:09:59.461747,2026-07-01T20:09:59.477035+00:00,86.2,200,bid,WavyWalnuts,YieldingYams,2897104
2026-07-01T20:09:59.915267,2026-07-01T20:09:59.922258+00:00,86.2,500,bid,YieldingYams,AverageAlmonds,2897115
2026-07-01T20:10:01.814105,2026-07-01T20:10:01.818540+00:00,86.2,11,bid,Xuanyu Liu,YieldingYams,2897142
2026-07-01T20:10:04.325509,2026-07-01T20:10:04.333100+00:00,86.3,200,bid,WavyWalnuts,AverageAlmonds,2897184
2026-07-01T20:10:05.159775,2026-07-01T20:10:05.169174+00:00,86.3,500,bid,YieldingYams,AverageAlmonds,2897195
2026-07-01T20:10:05.174977,2026-07-01T20:10:05.178643+00:00,86.4,11,ask,YieldingYams,Xuanyu Liu,2897197
2026-07-01T20:10:05.228673,2026-07-01T20:10:05.238264+00:00,86.4,114,ask,YieldingYams,AverageAlmonds,2897199
2026-07-01T20:10:05.535572,2026-07-01T20:10:05.543162+00:00,86.2,200,bid,WavyWalnuts,AverageAlmonds,2897202
2026-07-01T20:10:07.531487,2026-07-01T20:10:07.542999+00:00,86.1,20,ask,YieldingYams,BrilliantBurritos,2897228
2026-07-01T20:10:07.782905,2026-07-01T20:10:07.789964+00:00,86.2,200,bid,YieldingYams,WavyWalnuts,2897231
2026-07-01T20:10:10.410646,2026-07-01T20:10:10.417726+00:00,86.2,200,ask,WavyWalnuts,YieldingYams,2897264
2026-07-01T20:10:10.410646,2026-07-01T20:10:10.431827+00:00,86.0,3,ask,Kelvin Chan,YieldingYams,2897265
2026-07-01T20:10:10.428177,2026-07-01T20:10:10.431827+00:00,86.0,34,bid,Xuanyu Liu,YieldingYams,2897267
2026-07-01T20:10:11.369944,2026-07-01T20:10:11.374234+00:00,85.9,11,ask,YieldingYams,Xuanyu Liu,2897290
2026-07-01T20:10:11.583707,2026-07-01T20:10:11.590271+00:00,86.0,200,bid,WavyWalnuts,YieldingYams,2897294
2026-07-01T20:10:11.742545,2026-07-01T20:10:11.746725+00:00,86.0,12,ask,YieldingYams,Xuanyu Liu,2897299
2026-07-01T20:10:15.151417,2026-07-01T20:10:15.154805+00:00,85.9,7,ask,Kelvin Chan,Xuanyu Liu,2897362
2026-07-01T20:10:15.221687,2026-07-01T20:10:15.228827+00:00,85.8,200,ask,YieldingYams,WavyWalnuts,2897363
2026-07-01T20:10:15.657518,2026-07-01T20:10:15.669034+00:00,85.8,500,ask,AverageAlmonds,YieldingYams,2897370
2026-07-01T20:10:15.657518,2026-07-01T20:10:15.669034+00:00,85.7,125,ask,WavyWalnuts,YieldingYams,2897371
2026-07-01T20:10:16.447670,2026-07-01T20:10:16.451371+00:00,85.9,4,ask,WavyWalnuts,Xuanyu Liu,2897388
2026-07-01T20:10:17.329643,2026-07-01T20:10:17.337841+00:00,86.0,500,bid,AverageAlmonds,YieldingYams,2897403
2026-07-01T20:10:17.637424,2026-07-01T20:10:17.656405+00:00,86.0,125,bid,WavyWalnuts,YieldingYams,2897408
2026-07-01T20:10:17.652927,2026-07-01T20:10:17.656405+00:00,86.0,6,ask,WavyWalnuts,Xuanyu Liu,2897410
2026-07-01T20:10:18.274490,2026-07-01T20:10:18.281162+00:00,86.2,200,bid,YieldingYams,WavyWalnuts,2897427
2026-07-01T20:10:18.849977,2026-07-01T20:10:18.853994+00:00,86.2,200,ask,YieldingYams,WavyWalnuts,2897438
2026-07-01T20:10:21.279608,2026-07-01T20:10:21.291042+00:00,86.1,200,ask,YieldingYams,WavyWalnuts,2897479
2026-07-01T20:10:23.702154,2026-07-01T20:10:23.709082+00:00,86.1,200,bid,WavyWalnuts,YieldingYams,2897519
2026-07-01T20:10:24.844256,2026-07-01T20:10:24.848228+00:00,86.1,6,ask,YieldingYams,Xuanyu Liu,2897533
2026-07-01T20:10:24.932447,2026-07-01T20:10:24.936127+00:00,86.2,11,ask,WavyWalnuts,Xuanyu Liu,2897536
2026-07-01T20:10:26.146347,2026-07-01T20:10:26.163748+00:00,86.2,200,ask,WavyWalnuts,YieldingYams,2897550
2026-07-01T20:10:27.604097,2026-07-01T20:10:27.610726+00:00,86.2,500,ask,YieldingYams,AverageAlmonds,2897578
2026-07-01T20:10:27.800626,2026-07-01T20:10:27.806719+00:00,86.3,3,bid,Xuanyu Liu,Kelvin Chan,2897591
2026-07-01T20:10:27.800626,2026-07-01T20:10:27.806719+00:00,86.3,20,bid,Xuanyu Liu,WavyWalnuts,2897592
2026-07-01T20:10:28.558273,2026-07-01T20:10:28.580777+00:00,86.2,125,ask,YieldingYams,WavyWalnuts,2897603
2026-07-01T20:10:28.577040,2026-07-01T20:10:28.580777+00:00,86.2,11,bid,Xuanyu Liu,WavyWalnuts,2897605
2026-07-01T20:10:28.781595,2026-07-01T20:10:28.785511+00:00,86.1,6,bid,Xuanyu Liu,YieldingYams,2897614
2026-07-01T20:10:29.284373,2026-07-01T20:10:29.288193+00:00,86.0,4,ask,WavyWalnuts,Xuanyu Liu,2897621
2026-07-01T20:10:29.770094,2026-07-01T20:10:29.776820+00:00,86.1,200,bid,WavyWalnuts,YieldingYams,2897626
2026-07-01T20:10:30.290516,2026-07-01T20:10:30.293983+00:00,86.0,2,ask,Kelvin Chan,Xuanyu Liu,2897641
2026-07-01T20:10:32.189484,2026-07-01T20:10:32.199194+00:00,86.0,2,ask,Kelvin Chan,WavyWalnuts,2897673
2026-07-01T20:10:32.189484,2026-07-01T20:10:32.199194+00:00,86.0,198,ask,YieldingYams,WavyWalnuts,2897674
2026-07-01T20:10:34.610155,2026-07-01T20:10:34.620930+00:00,86.1,200,bid,WavyWalnuts,AverageAlmonds,2897725
2026-07-01T20:10:35.817419,2026-07-01T20:10:35.824611+00:00,86.1,200,bid,WavyWalnuts,YieldingYams,2897754
2026-07-01T20:10:35.945647,2026-07-01T20:10:35.950144+00:00,85.9,3,ask,Kelvin Chan,BrilliantBurritos,2897757
2026-07-01T20:10:35.945647,2026-07-01T20:10:35.950144+00:00,85.9,17,ask,YieldingYams,BrilliantBurritos,2897758
2026-07-01T20:10:37.024529,2026-07-01T20:10:37.032667+00:00,86.0,200,bid,WavyWalnuts,YieldingYams,2897776
2026-07-01T20:10:39.105087,2026-07-01T20:10:39.115887+00:00,86.0,500,ask,YieldingYams,AverageAlmonds,2897814
2026-07-01T20:10:39.270706,2026-07-01T20:10:39.279214+00:00,85.9,3,ask,Kelvin Chan,YieldingYams,2897818
2026-07-01T20:10:39.270706,2026-07-01T20:10:39.279214+00:00,85.9,200,ask,WavyWalnuts,YieldingYams,2897819
2026-07-01T20:10:39.449979,2026-07-01T20:10:39.458538+00:00,85.8,3,ask,Kelvin Chan,WavyWalnuts,2897823
2026-07-01T20:10:40.583354,2026-07-01T20:10:40.593584+00:00,85.8,197,bid,YieldingYams,WavyWalnuts,2897841
2026-07-01T20:10:40.913542,2026-07-01T20:10:40.924494+00:00,85.9,200,ask,WavyWalnuts,AverageAlmonds,2897849
2026-07-01T20:10:43.204529,2026-07-01T20:10:43.211750+00:00,85.9,500,bid,YieldingYams,AverageAlmonds,2897895
2026-07-01T20:10:43.340027,2026-07-01T20:10:43.358632+00:00,85.9,125,ask,YieldingYams,AverageAlmonds,2897898
2026-07-01T20:10:44.520741,2026-07-01T20:10:44.529518+00:00,85.7,1,ask,Kelvin Chan,YieldingYams,2897925
2026-07-01T20:10:44.520741,2026-07-01T20:10:44.529518+00:00,85.6,200,ask,WavyWalnuts,YieldingYams,2897926
2026-07-01T20:10:44.570130,2026-07-01T20:10:44.574262+00:00,85.6,23,bid,Xuanyu Liu,YieldingYams,2897930
2026-07-01T20:10:45.839062,2026-07-01T20:10:45.867696+00:00,85.5,200,ask,WavyWalnuts,YieldingYams,2897962
2026-07-01T20:10:45.864054,2026-07-01T20:10:45.867696+00:00,85.5,3,bid,Xuanyu Liu,YieldingYams,2897964
2026-07-01T20:10:46.954386,2026-07-01T20:10:46.968682+00:00,85.5,422,bid,AverageAlmonds,YieldingYams,2897988
2026-07-01T20:10:46.954386,2026-07-01T20:10:46.968682+00:00,85.5,78,bid,AverageAlmonds,WavyWalnuts,2897989
2026-07-01T20:10:47.144383,2026-07-01T20:10:47.151043+00:00,85.5,122,bid,YieldingYams,WavyWalnuts,2897994
2026-07-01T20:10:47.603155,2026-07-01T20:10:47.607025+00:00,85.6,3,ask,AverageAlmonds,Xuanyu Liu,2898000
2026-07-01T20:10:47.909945,2026-07-01T20:10:47.917545+00:00,85.6,200,ask,AverageAlmonds,WavyWalnuts,2898008
2026-07-01T20:10:48.455567,2026-07-01T20:10:48.464030+00:00,85.6,500,ask,AverageAlmonds,YieldingYams,2898020
2026-07-01T20:10:49.117943,2026-07-01T20:10:49.125037+00:00,85.6,125,bid,WavyWalnuts,YieldingYams,2898032
2026-07-01T20:10:49.876217,2026-07-01T20:10:49.880103+00:00,85.8,3,bid,Xuanyu Liu,WavyWalnuts,2898057
2026-07-01T20:10:50.329828,2026-07-01T20:10:50.340775+00:00,85.7,200,ask,YieldingYams,WavyWalnuts,2898069
2026-07-01T20:10:51.020998,2026-07-01T20:10:51.032545+00:00,85.7,20,ask,YieldingYams,BrilliantBurritos,2898076
2026-07-01T20:10:51.536401,2026-07-01T20:10:51.547610+00:00,85.7,200,bid,WavyWalnuts,YieldingYams,2898087
2026-07-01T20:10:52.426439,2026-07-01T20:10:52.430110+00:00,85.6,3,bid,Xuanyu Liu,YieldingYams,2898097
2026-07-01T20:10:52.746832,2026-07-01T20:10:52.757467+00:00,85.6,200,bid,WavyWalnuts,YieldingYams,2898105
2026-07-01T20:10:53.100951,2026-07-01T20:10:53.106421+00:00,85.5,1,ask,Kelvin Chan,Xuanyu Liu,2898111
2026-07-01T20:10:53.100951,2026-07-01T20:10:53.106421+00:00,85.5,2,ask,AverageAlmonds,Xuanyu Liu,2898112
2026-07-01T20:10:54.769781,2026-07-01T20:10:54.781339+00:00,85.6,20,ask,YieldingYams,BrilliantBurritos,2898134
2026-07-01T20:10:56.312466,2026-07-01T20:10:56.322431+00:00,85.6,200,ask,WavyWalnuts,YieldingYams,2898165
2026-07-01T20:10:56.312466,2026-07-01T20:10:56.322431+00:00,85.5,425,ask,AverageAlmonds,YieldingYams,2898166
2026-07-01T20:10:56.375239,2026-07-01T20:10:56.384967+00:00,85.5,75,ask,AverageAlmonds,WavyWalnuts,2898168
2026-07-01T20:10:56.375239,2026-07-01T20:10:56.384967+00:00,85.3,125,ask,YieldingYams,WavyWalnuts,2898169
2026-07-01T20:10:57.584956,2026-07-01T20:10:57.595451+00:00,85.5,200,ask,AverageAlmonds,WavyWalnuts,2898187
2026-07-01T20:10:58.938348,2026-07-01T20:10:58.947139+00:00,85.6,200,bid,YieldingYams,WavyWalnuts,2898208
2026-07-01T20:11:00.852972,2026-07-01T20:11:00.864912+00:00,85.5,1,ask,Kelvin Chan,BrilliantBurritos,2898249
2026-07-01T20:11:00.852972,2026-07-01T20:11:00.864912+00:00,85.5,19,ask,WavyWalnuts,BrilliantBurritos,2898250
2026-07-01T20:11:01.565906,2026-07-01T20:11:01.575144+00:00,85.5,1,ask,Kelvin Chan,YieldingYams,2898259
2026-07-01T20:11:03.609159,2026-07-01T20:11:03.620625+00:00,85.4,2,ask,Kelvin Chan,BrilliantBurritos,2898303
2026-07-01T20:11:03.609159,2026-07-01T20:11:03.620625+00:00,85.4,18,ask,AverageAlmonds,BrilliantBurritos,2898304
2026-07-01T20:11:03.925911,2026-07-01T20:11:03.934273+00:00,85.5,500,bid,AverageAlmonds,YieldingYams,2898313
2026-07-01T20:11:04.188670,2026-07-01T20:11:04.199689+00:00,85.5,200,bid,YieldingYams,WavyWalnuts,2898317
2026-07-01T20:11:04.845078,2026-07-01T20:11:04.858576+00:00,85.7,200,ask,YieldingYams,WavyWalnuts,2898324
2026-07-01T20:11:05.503612,2026-07-01T20:11:05.511626+00:00,85.5,3,ask,Kelvin Chan,YieldingYams,2898346
2026-07-01T20:11:05.503612,2026-07-01T20:11:05.511626+00:00,85.5,500,ask,AverageAlmonds,YieldingYams,2898347
2026-07-01T20:11:05.522604,2026-07-01T20:11:05.526158+00:00,85.4,14,bid,Xuanyu Liu,YieldingYams,2898350
2026-07-01T20:11:05.696328,2026-07-01T20:11:05.699978+00:00,85.4,12,bid,Xuanyu Liu,YieldingYams,2898352
2026-07-01T20:11:05.753929,2026-07-01T20:11:05.758548+00:00,85.4,96,bid,AverageAlmonds,YieldingYams,2898353
2026-07-01T20:11:06.058847,2026-07-01T20:11:06.069136+00:00,85.4,200,ask,AverageAlmonds,WavyWalnuts,2898360
2026-07-01T20:11:06.828579,2026-07-01T20:11:06.833115+00:00,85.6,4,ask,YieldingYams,Xuanyu Liu,2898374
2026-07-01T20:11:06.932371,2026-07-01T20:11:06.936530+00:00,85.6,4,ask,YieldingYams,Xuanyu Liu,2898376
2026-07-01T20:11:07.118952,2026-07-01T20:11:07.123154+00:00,85.6,4,ask,YieldingYams,Xuanyu Liu,2898382
2026-07-01T20:11:07.272058,2026-07-01T20:11:07.279171+00:00,85.6,200,ask,YieldingYams,WavyWalnuts,2898385
2026-07-01T20:11:07.272227,2026-07-01T20:11:07.284587+00:00,85.8,20,bid,BrilliantBurritos,YieldingYams,2898386
2026-07-01T20:11:08.480067,2026-07-01T20:11:08.489610+00:00,85.5,2,ask,Kelvin Chan,WavyWalnuts,2898406
2026-07-01T20:11:10.748626,2026-07-01T20:11:10.758574+00:00,85.5,200,bid,YieldingYams,WavyWalnuts,2898449
2026-07-01T20:11:13.635846,2026-07-01T20:11:13.663810+00:00,85.4,1,ask,Kelvin Chan,BrilliantBurritos,2898503
2026-07-01T20:11:13.635846,2026-07-01T20:11:13.669199+00:00,85.4,19,ask,WavyWalnuts,BrilliantBurritos,2898504
2026-07-01T20:11:24.059141,2026-07-01T20:11:24.070551+00:00,85.4,20,ask,WavyWalnuts,BrilliantBurritos,2898697
2026-07-01T20:11:24.897048,2026-07-01T20:11:24.908615+00:00,85.4,20,ask,YieldingYams,BrilliantBurritos,2898717
2026-07-01T20:11:25.443038,2026-07-01T20:11:25.463880+00:00,85.5,200,bid,WavyWalnuts,AverageAlmonds,2898727
2026-07-01T20:11:27.284974,2026-07-01T20:11:27.289128+00:00,85.4,6,bid,Xuanyu Liu,YieldingYams,2898759
2026-07-01T20:11:27.331526,2026-07-01T20:11:27.335490+00:00,85.4,6,bid,Xuanyu Liu,YieldingYams,2898763
2026-07-01T20:11:27.862220,2026-07-01T20:11:27.868883+00:00,85.4,200,ask,YieldingYams,WavyWalnuts,2898770
2026-07-01T20:11:29.074044,2026-07-01T20:11:29.082141+00:00,85.4,200,ask,YieldingYams,WavyWalnuts,2898799
2026-07-01T20:11:30.422617,2026-07-01T20:11:30.433763+00:00,85.3,1,ask,Kelvin Chan,YieldingYams,2898824
2026-07-01T20:11:30.422617,2026-07-01T20:11:30.433763+00:00,85.3,200,ask,WavyWalnuts,YieldingYams,2898825
2026-07-01T20:11:30.998677,2026-07-01T20:11:31.002136+00:00,85.3,11,bid,Xuanyu Liu,YieldingYams,2898850
2026-07-01T20:11:33.915265,2026-07-01T20:11:33.926411+00:00,85.3,200,ask,YieldingYams,WavyWalnuts,2898910
2026-07-01T20:11:35.122591,2026-07-01T20:11:35.130196+00:00,85.4,200,bid,WavyWalnuts,YieldingYams,2898941
2026-07-01T20:11:35.679153,2026-07-01T20:11:35.689816+00:00,85.5,200,bid,YieldingYams,WavyWalnuts,2898956
2026-07-01T20:11:36.333679,2026-07-01T20:11:36.341589+00:00,85.5,200,ask,YieldingYams,WavyWalnuts,2898965
2026-07-01T20:11:37.005623,2026-07-01T20:11:37.009161+00:00,85.5,12,bid,Xuanyu Liu,YieldingYams,2898978
2026-07-01T20:11:37.387713,2026-07-01T20:11:37.391257+00:00,85.4,12,ask,YieldingYams,Xuanyu Liu,2898985
2026-07-01T20:11:37.540881,2026-07-01T20:11:37.547417+00:00,85.5,200,bid,WavyWalnuts,YieldingYams,2898989
2026-07-01T20:11:38.312621,2026-07-01T20:11:38.316568+00:00,85.5,3,ask,YieldingYams,Xuanyu Liu,2899004
2026-07-01T20:11:39.613231,2026-07-01T20:11:39.620771+00:00,85.6,200,bid,YieldingYams,WavyWalnuts,2899029
2026-07-01T20:11:39.613231,2026-07-01T20:11:39.626005+00:00,85.6,1,bid,YieldingYams,Kelvin Chan,2899030
2026-07-01T20:11:40.496932,2026-07-01T20:11:40.500753+00:00,85.7,3,bid,Xuanyu Liu,AverageAlmonds,2899049
2026-07-01T20:11:40.861083,2026-07-01T20:11:40.868666+00:00,85.6,424,ask,YieldingYams,AverageAlmonds,2899056
2026-07-01T20:11:40.861083,2026-07-01T20:11:40.868666+00:00,85.6,76,ask,WavyWalnuts,AverageAlmonds,2899057
2026-07-01T20:11:40.923563,2026-07-01T20:11:40.941162+00:00,85.6,124,ask,WavyWalnuts,YieldingYams,2899059
2026-07-01T20:11:40.937380,2026-07-01T20:11:40.941162+00:00,85.6,12,bid,Xuanyu Liu,YieldingYams,2899062
2026-07-01T20:11:41.171563,2026-07-01T20:11:41.180086+00:00,85.6,200,bid,WavyWalnuts,YieldingYams,2899070
2026-07-01T20:11:42.239202,2026-07-01T20:11:42.258544+00:00,85.6,500,bid,YieldingYams,AverageAlmonds,2899105
2026-07-01T20:11:42.696333,2026-07-01T20:11:42.707837+00:00,85.6,125,ask,YieldingYams,AverageAlmonds,2899110
2026-07-01T20:11:43.550750,2026-07-01T20:11:43.548214+00:00,85.5,200,ask,WavyWalnuts,YieldingYams,2899125
2026-07-01T20:11:43.708853,2026-07-01T20:11:43.712635+00:00,85.4,12,ask,WavyWalnuts,Xuanyu Liu,2899132
2026-07-01T20:11:47.486311,2026-07-01T20:11:47.493124+00:00,85.5,200,bid,YieldingYams,WavyWalnuts,2899199
2026-07-01T20:11:48.448901,2026-07-01T20:11:48.458570+00:00,85.5,200,ask,YieldingYams,WavyWalnuts,2899214
2026-07-01T20:11:49.656920,2026-07-01T20:11:49.668697+00:00,85.4,200,bid,WavyWalnuts,YieldingYams,2899244
2026-07-01T20:11:50.128004,2026-07-01T20:11:50.132074+00:00,85.5,11,ask,YieldingYams,Xuanyu Liu,2899253
2026-07-01T20:11:50.871488,2026-07-01T20:11:50.882000+00:00,85.5,200,ask,YieldingYams,WavyWalnuts,2899266
2026-07-01T20:11:53.291393,2026-07-01T20:11:53.297968+00:00,85.5,200,bid,WavyWalnuts,AverageAlmonds,2899318
2026-07-01T20:11:56.364177,2026-07-01T20:11:56.367901+00:00,85.5,12,ask,YieldingYams,Xuanyu Liu,2899409
2026-07-01T20:11:56.671305,2026-07-01T20:11:56.679173+00:00,85.6,200,bid,YieldingYams,WavyWalnuts,2899418
2026-07-01T20:11:56.671305,2026-07-01T20:11:56.679173+00:00,85.6,425,bid,YieldingYams,AverageAlmonds,2899419
2026-07-01T20:11:56.921823,2026-07-01T20:11:56.940866+00:00,85.6,75,bid,WavyWalnuts,AverageAlmonds,2899421
2026-07-01T20:11:56.921823,2026-07-01T20:11:56.940866+00:00,85.7,1,bid,WavyWalnuts,Kelvin Chan,2899422
2026-07-01T20:11:56.937646,2026-07-01T20:11:56.940866+00:00,85.7,14,ask,WavyWalnuts,Xuanyu Liu,2899425
2026-07-01T20:11:57.217261,2026-07-01T20:11:57.224978+00:00,85.7,110,ask,WavyWalnuts,AverageAlmonds,2899428
2026-07-01T20:11:58.131522,2026-07-01T20:11:58.140358+00:00,85.5,200,bid,WavyWalnuts,YieldingYams,2899450
2026-07-01T20:11:59.341592,2026-07-01T20:11:59.358564+00:00,85.4,200,bid,WavyWalnuts,YieldingYams,2899483
2026-07-01T20:12:00.550396,2026-07-01T20:12:00.563969+00:00,85.4,200,bid,WavyWalnuts,YieldingYams,2899506
2026-07-01T20:12:01.763413,2026-07-01T20:12:01.774327+00:00,85.5,200,ask,YieldingYams,WavyWalnuts,2899528
2026-07-01T20:12:05.684140,2026-07-01T20:12:05.690522+00:00,85.5,500,ask,YieldingYams,AverageAlmonds,2899616
2026-07-01T20:12:05.870017,2026-07-01T20:12:05.888665+00:00,85.5,200,ask,WavyWalnuts,YieldingYams,2899623
2026-07-01T20:12:05.885074,2026-07-01T20:12:05.888665+00:00,85.3,14,bid,Xuanyu Liu,YieldingYams,2899625
2026-07-01T20:12:06.595609,2026-07-01T20:12:06.602496+00:00,85.3,200,bid,WavyWalnuts,YieldingYams,2899638
2026-07-01T20:12:07.184209,2026-07-01T20:12:07.191182+00:00,85.4,500,bid,YieldingYams,AverageAlmonds,2899645
2026-07-01T20:12:07.517319,2026-07-01T20:12:07.527618+00:00,85.4,125,ask,YieldingYams,AverageAlmonds,2899651
2026-07-01T20:12:07.804990,2026-07-01T20:12:07.816334+00:00,85.4,200,bid,WavyWalnuts,AverageAlmonds,2899652
2026-07-01T20:12:08.476530,2026-07-01T20:12:08.479895+00:00,85.2,1,ask,Kelvin Chan,Xuanyu Liu,2899682
2026-07-01T20:12:08.507411,2026-07-01T20:12:08.510924+00:00,85.2,10,ask,YieldingYams,Xuanyu Liu,2899684
2026-07-01T20:12:09.064014,2026-07-01T20:12:09.068074+00:00,85.3,3,ask,WavyWalnuts,Xuanyu Liu,2899696
2026-07-01T20:12:11.122704,2026-07-01T20:12:11.133126+00:00,85.3,200,bid,YieldingYams,WavyWalnuts,2899754
2026-07-01T20:12:11.122704,2026-07-01T20:12:11.133126+00:00,85.3,425,bid,YieldingYams,AverageAlmonds,2899755
2026-07-01T20:12:12.437958,2026-07-01T20:12:12.446586+00:00,85.2,2,ask,Kelvin Chan,YieldingYams,2899781
2026-07-01T20:12:12.437958,2026-07-01T20:12:12.446586+00:00,85.1,200,ask,WavyWalnuts,YieldingYams,2899782
2026-07-01T20:12:12.640346,2026-07-01T20:12:12.658802+00:00,85.0,200,bid,WavyWalnuts,YieldingYams,2899789
2026-07-01T20:12:13.535903,2026-07-01T20:12:13.558729+00:00,85.0,20,bid,BrilliantBurritos,YieldingYams,2899807
2026-07-01T20:12:13.850912,2026-07-01T20:12:13.864065+00:00,85.0,200,ask,YieldingYams,WavyWalnuts,2899816
2026-07-01T20:12:15.064072,2026-07-01T20:12:15.074061+00:00,85.1,9,ask,Kelvin Chan,YieldingYams,2899840
2026-07-01T20:12:15.069054,2026-07-01T20:12:15.079453+00:00,84.9,200,bid,WavyWalnuts,YieldingYams,2899841
2026-07-01T20:12:16.381155,2026-07-01T20:12:16.384535+00:00,84.9,3,ask,YieldingYams,Xuanyu Liu,2899872
2026-07-01T20:12:17.491774,2026-07-01T20:12:17.499579+00:00,84.9,200,ask,YieldingYams,WavyWalnuts,2899896
2026-07-01T20:12:18.463869,2026-07-01T20:12:18.467477+00:00,85.0,3,bid,Xuanyu Liu,YieldingYams,2899914
2026-07-01T20:12:18.710419,2026-07-01T20:12:18.718659+00:00,84.9,1,ask,Kelvin Chan,WavyWalnuts,2899918
2026-07-01T20:12:18.992356,2026-07-01T20:12:19.000057+00:00,84.9,199,bid,YieldingYams,WavyWalnuts,2899920
2026-07-01T20:12:19.920397,2026-07-01T20:12:19.930513+00:00,84.9,200,ask,YieldingYams,WavyWalnuts,2899940
2026-07-01T20:12:21.138507,2026-07-01T20:12:21.142061+00:00,84.9,3,ask,Kelvin Chan,Xuanyu Liu,2899964
2026-07-01T20:12:23.549396,2026-07-01T20:12:23.564384+00:00,84.9,2,ask,Kelvin Chan,WavyWalnuts,2900021
2026-07-01T20:12:23.549396,2026-07-01T20:12:23.564384+00:00,84.9,198,ask,YieldingYams,WavyWalnuts,2900022
2026-07-01T20:12:24.841843,2026-07-01T20:12:24.845416+00:00,84.8,11,ask,AverageAlmonds,Xuanyu Liu,2900050
2026-07-01T20:12:26.857229,2026-07-01T20:12:26.868936+00:00,84.8,1,ask,Kelvin Chan,YieldingYams,2900091
2026-07-01T20:12:26.857229,2026-07-01T20:12:26.868936+00:00,84.8,500,ask,AverageAlmonds,YieldingYams,2900092
2026-07-01T20:12:26.873886,2026-07-01T20:12:26.885111+00:00,84.8,124,bid,AverageAlmonds,YieldingYams,2900093
2026-07-01T20:12:27.200026,2026-07-01T20:12:27.206671+00:00,84.8,200,ask,AverageAlmonds,WavyWalnuts,2900105
2026-07-01T20:12:28.409832,2026-07-01T20:12:28.421308+00:00,85.0,200,ask,YieldingYams,WavyWalnuts,2900125
2026-07-01T20:12:29.619348,2026-07-01T20:12:29.630847+00:00,84.9,200,ask,YieldingYams,WavyWalnuts,2900154
2026-07-01T20:12:30.829686,2026-07-01T20:12:30.840709+00:00,84.9,200,ask,YieldingYams,WavyWalnuts,2900176
2026-07-01T20:12:31.942834,2026-07-01T20:12:31.958697+00:00,85.1,20,bid,BrilliantBurritos,YieldingYams,2900204
2026-07-01T20:12:32.702173,2026-07-01T20:12:32.713407+00:00,85.0,20,bid,BrilliantBurritos,WavyWalnuts,2900220
2026-07-01T20:12:34.274234,2026-07-01T20:12:34.277799+00:00,84.9,14,bid,Xuanyu Liu,YieldingYams,2900251
2026-07-01T20:12:37.544273,2026-07-01T20:12:37.563847+00:00,84.9,20,ask,WavyWalnuts,BrilliantBurritos,2900304
2026-07-01T20:12:41.719988,2026-07-01T20:12:41.729624+00:00,84.8,200,bid,WavyWalnuts,YieldingYams,2900394
2026-07-01T20:12:42.928529,2026-07-01T20:12:42.935565+00:00,84.7,1,ask,Kelvin Chan,WavyWalnuts,2900421
2026-07-01T20:12:42.928529,2026-07-01T20:12:42.940776+00:00,84.7,199,ask,YieldingYams,WavyWalnuts,2900422
2026-07-01T20:12:45.191830,2026-07-01T20:12:45.201545+00:00,84.6,200,ask,WavyWalnuts,YieldingYams,2900471
2026-07-01T20:12:45.342776,2026-07-01T20:12:45.358730+00:00,84.6,200,bid,WavyWalnuts,YieldingYams,2900472
2026-07-01T20:12:46.289540,2026-07-01T20:12:46.300416+00:00,84.6,20,bid,BrilliantBurritos,YieldingYams,2900488
2026-07-01T20:12:46.551080,2026-07-01T20:12:46.558541+00:00,84.7,200,ask,YieldingYams,WavyWalnuts,2900492
2026-07-01T20:12:49.121096,2026-07-01T20:12:49.131986+00:00,84.8,200,bid,YieldingYams,WavyWalnuts,2900534
2026-07-01T20:12:49.883750,2026-07-01T20:12:49.895137+00:00,85.0,6,bid,BrilliantBurritos,Kelvin Chan,2900550
2026-07-01T20:12:49.883750,2026-07-01T20:12:49.895137+00:00,85.0,14,bid,BrilliantBurritos,AverageAlmonds,2900551
2026-07-01T20:12:50.186046,2026-07-01T20:12:50.193807+00:00,84.9,200,ask,YieldingYams,WavyWalnuts,2900559
2026-07-01T20:12:51.394249,2026-07-01T20:12:51.403957+00:00,84.9,200,ask,YieldingYams,WavyWalnuts,2900586
2026-07-01T20:12:51.764661,2026-07-01T20:12:51.768359+00:00,84.8,14,bid,Xuanyu Liu,YieldingYams,2900593
2026-07-01T20:12:52.599989,2026-07-01T20:12:52.607462+00:00,84.8,200,bid,WavyWalnuts,YieldingYams,2900614
2026-07-01T20:12:53.309343,2026-07-01T20:12:53.313396+00:00,84.8,14,ask,YieldingYams,Xuanyu Liu,2900626
2026-07-01T20:12:53.808529,2026-07-01T20:12:53.815846+00:00,84.9,200,bid,WavyWalnuts,AverageAlmonds,2900639
2026-07-01T20:12:54.122908,2026-07-01T20:12:54.133832+00:00,84.8,500,ask,YieldingYams,AverageAlmonds,2900641
2026-07-01T20:12:54.372530,2026-07-01T20:12:54.380447+00:00,84.6,1,ask,Kelvin Chan,YieldingYams,2900651
2026-07-01T20:12:54.386347,2026-07-01T20:12:54.389941+00:00,84.5,3,bid,Xuanyu Liu,YieldingYams,2900653
2026-07-01T20:12:55.023319,2026-07-01T20:12:55.032827+00:00,84.5,200,bid,WavyWalnuts,YieldingYams,2900676
2026-07-01T20:12:56.232918,2026-07-01T20:12:56.243117+00:00,84.6,200,bid,WavyWalnuts,YieldingYams,2900697
2026-07-01T20:12:57.004435,2026-07-01T20:12:57.008034+00:00,84.6,3,ask,YieldingYams,Xuanyu Liu,2900713
2026-07-01T20:12:57.441653,2026-07-01T20:12:57.448776+00:00,84.7,200,bid,WavyWalnuts,YieldingYams,2900720
2026-07-01T20:12:58.648495,2026-07-01T20:12:58.658578+00:00,84.8,8,bid,WavyWalnuts,Kelvin Chan,2900745
2026-07-01T20:12:58.648495,2026-07-01T20:12:58.658578+00:00,84.8,192,bid,WavyWalnuts,AverageAlmonds,2900746
2026-07-01T20:12:59.611918,2026-07-01T20:12:59.618686+00:00,84.8,7,bid,YieldingYams,Kelvin Chan,2900766
2026-07-01T20:12:59.668637,2026-07-01T20:12:59.677409+00:00,84.9,20,bid,BrilliantBurritos,AverageAlmonds,2900770
2026-07-01T20:13:00.179901,2026-07-01T20:13:00.189999+00:00,84.8,500,ask,YieldingYams,AverageAlmonds,2900778
2026-07-01T20:13:00.925679,2026-07-01T20:13:00.935483+00:00,84.7,200,ask,WavyWalnuts,YieldingYams,2900791
2026-07-01T20:13:02.288872,2026-07-01T20:13:02.297740+00:00,84.7,200,bid,WavyWalnuts,YieldingYams,2900828
2026-07-01T20:13:03.270495,2026-07-01T20:13:03.281841+00:00,84.5,4,ask,Kelvin Chan,BrilliantBurritos,2900850
2026-07-01T20:13:03.270495,2026-07-01T20:13:03.281841+00:00,84.5,16,ask,YieldingYams,BrilliantBurritos,2900851
2026-07-01T20:13:03.499405,2026-07-01T20:13:03.510345+00:00,84.7,200,bid,WavyWalnuts,YieldingYams,2900859
2026-07-01T20:13:04.710462,2026-07-01T20:13:04.721606+00:00,84.7,200,ask,YieldingYams,WavyWalnuts,2900889
2026-07-01T20:13:06.160019,2026-07-01T20:13:06.166645+00:00,84.7,200,bid,YieldingYams,WavyWalnuts,2900914
2026-07-01T20:13:06.160019,2026-07-01T20:13:06.172100+00:00,84.9,7,bid,YieldingYams,Kelvin Chan,2900915
2026-07-01T20:13:06.160019,2026-07-01T20:13:06.172100+00:00,84.9,418,bid,YieldingYams,AverageAlmonds,2900916
2026-07-01T20:13:08.340979,2026-07-01T20:13:08.348832+00:00,84.7,200,bid,WavyWalnuts,YieldingYams,2900955
2026-07-01T20:13:09.549173,2026-07-01T20:13:09.563628+00:00,84.8,6,bid,WavyWalnuts,Kelvin Chan,2900976
2026-07-01T20:13:09.549173,2026-07-01T20:13:09.563628+00:00,84.8,194,bid,WavyWalnuts,YieldingYams,2900977
2026-07-01T20:13:10.116474,2026-07-01T20:13:10.124920+00:00,84.8,500,bid,YieldingYams,AverageAlmonds,2900988
2026-07-01T20:13:10.174427,2026-07-01T20:13:10.185935+00:00,84.8,5,ask,YieldingYams,Kelvin Chan,2900989
2026-07-01T20:13:10.478168,2026-07-01T20:13:10.489193+00:00,84.8,120,ask,YieldingYams,AverageAlmonds,2900993
2026-07-01T20:13:10.759841,2026-07-01T20:13:10.768908+00:00,84.8,200,bid,WavyWalnuts,AverageAlmonds,2901000
2026-07-01T20:13:11.969917,2026-07-01T20:13:11.977526+00:00,84.7,200,bid,WavyWalnuts,YieldingYams,2901026
2026-07-01T20:13:12.746026,2026-07-01T20:13:12.758565+00:00,84.7,20,bid,BrilliantBurritos,AverageAlmonds,2901039
2026-07-01T20:13:13.180747,2026-07-01T20:13:13.187419+00:00,84.7,200,bid,WavyWalnuts,YieldingYams,2901052
2026-07-01T20:13:14.039985,2026-07-01T20:13:14.058621+00:00,84.7,500,bid,YieldingYams,AverageAlmonds,2901064
2026-07-01T20:13:14.039985,2026-07-01T20:13:14.058621+00:00,84.8,3,bid,YieldingYams,Kelvin Chan,2901065
2026-07-01T20:13:14.039985,2026-07-01T20:13:14.058621+00:00,84.8,122,bid,YieldingYams,WavyWalnuts,2901066
2026-07-01T20:13:14.725525,2026-07-01T20:13:14.737007+00:00,84.6,200,ask,WavyWalnuts,AverageAlmonds,2901074
2026-07-01T20:13:15.473768,2026-07-01T20:13:15.484572+00:00,84.5,1,ask,Kelvin Chan,BrilliantBurritos,2901090
2026-07-01T20:13:15.594604,2026-07-01T20:13:15.603289+00:00,84.6,200,bid,WavyWalnuts,YieldingYams,2901091
2026-07-01T20:13:16.806567,2026-07-01T20:13:16.812920+00:00,84.6,200,ask,YieldingYams,WavyWalnuts,2901111
2026-07-01T20:13:17.976150,2026-07-01T20:13:17.985194+00:00,84.5,7,ask,Kelvin Chan,YieldingYams,2901130
2026-07-01T20:13:18.037204,2026-07-01T20:13:18.041237+00:00,84.4,3,bid,Xuanyu Liu,WavyWalnuts,2901136
2026-07-01T20:13:18.643067,2026-07-01T20:13:18.646814+00:00,84.3,3,ask,YieldingYams,Xuanyu Liu,2901148
2026-07-01T20:13:19.227711,2026-07-01T20:13:19.236325+00:00,84.3,200,ask,YieldingYams,WavyWalnuts,2901162
2026-07-01T20:13:19.565964,2026-07-01T20:13:19.575387+00:00,84.3,500,bid,AverageAlmonds,YieldingYams,2901167
2026-07-01T20:13:20.158602,2026-07-01T20:13:20.170116+00:00,84.3,125,bid,AverageAlmonds,YieldingYams,2901178
2026-07-01T20:13:21.637047,2026-07-01T20:13:21.648793+00:00,84.5,20,bid,BrilliantBurritos,WavyWalnuts,2901204
2026-07-01T20:13:24.161361,2026-07-01T20:13:24.172743+00:00,84.7,20,bid,BrilliantBurritos,YieldingYams,2901246
2026-07-01T20:13:29.770920,2026-07-01T20:13:29.778744+00:00,84.4,4,ask,Kelvin Chan,YieldingYams,2901349
2026-07-01T20:13:30.103314,2026-07-01T20:13:30.110865+00:00,84.4,200,bid,WavyWalnuts,YieldingYams,2901353
2026-07-01T20:13:32.413088,2026-07-01T20:13:32.420210+00:00,84.4,200,ask,WavyWalnuts,YieldingYams,2901389
2026-07-01T20:13:32.413088,2026-07-01T20:13:32.435028+00:00,84.3,7,ask,Kelvin Chan,YieldingYams,2901390
2026-07-01T20:13:32.431298,2026-07-01T20:13:32.435028+00:00,84.3,3,bid,Xuanyu Liu,YieldingYams,2901392
2026-07-01T20:13:33.723243,2026-07-01T20:13:33.731466+00:00,84.3,200,bid,YieldingYams,WavyWalnuts,2901422
2026-07-01T20:13:34.938013,2026-07-01T20:13:34.945592+00:00,84.3,200,ask,YieldingYams,WavyWalnuts,2901445
2026-07-01T20:13:36.145969,2026-07-01T20:13:36.153891+00:00,84.2,6,ask,Kelvin Chan,WavyWalnuts,2901459
2026-07-01T20:13:36.163712,2026-07-01T20:13:36.166982+00:00,84.2,11,bid,Xuanyu Liu,WavyWalnuts,2901461
2026-07-01T20:13:37.663640,2026-07-01T20:13:37.673464+00:00,84.1,200,ask,WavyWalnuts,YieldingYams,2901489
2026-07-01T20:13:39.771641,2026-07-01T20:13:39.782231+00:00,84.1,1,ask,Kelvin Chan,WavyWalnuts,2901538
2026-07-01T20:13:39.771641,2026-07-01T20:13:39.782231+00:00,84.0,199,ask,YieldingYams,WavyWalnuts,2901539
2026-07-01T20:13:40.985194,2026-07-01T20:13:40.991744+00:00,84.0,200,ask,YieldingYams,WavyWalnuts,2901562
2026-07-01T20:13:44.207504,2026-07-01T20:13:44.214494+00:00,84.0,200,bid,YieldingYams,WavyWalnuts,2901613
2026-07-01T20:13:44.225905,2026-07-01T20:13:44.229853+00:00,84.0,11,ask,YieldingYams,Xuanyu Liu,2901615
2026-07-01T20:13:44.628358,2026-07-01T20:13:44.632711+00:00,84.1,3,ask,WavyWalnuts,Xuanyu Liu,2901621
2026-07-01T20:13:45.828516,2026-07-01T20:13:45.839631+00:00,84.1,200,ask,YieldingYams,WavyWalnuts,2901634
2026-07-01T20:13:48.615075,2026-07-01T20:13:48.621894+00:00,84.2,200,ask,WavyWalnuts,AverageAlmonds,2901677
2026-07-01T20:13:49.451687,2026-07-01T20:13:49.463965+00:00,84.2,500,bid,YieldingYams,AverageAlmonds,2901693
2026-07-01T20:13:49.844154,2026-07-01T20:13:49.858611+00:00,84.2,125,ask,YieldingYams,AverageAlmonds,2901701
2026-07-01T20:13:50.763262,2026-07-01T20:13:50.770090+00:00,84.1,200,ask,WavyWalnuts,YieldingYams,2901726
2026-07-01T20:13:50.781346,2026-07-01T20:13:50.785288+00:00,84.0,3,bid,Xuanyu Liu,YieldingYams,2901728
2026-07-01T20:13:52.072869,2026-07-01T20:13:52.084098+00:00,84.0,200,bid,YieldingYams,WavyWalnuts,2901749
2026-07-01T20:13:55.521982,2026-07-01T20:13:55.525624+00:00,84.0,11,bid,Xuanyu Liu,WavyWalnuts,2901822
