timestamp,recv_time,price,volume,aggressor_side,buyer,seller,trade_id
2026-07-05T05:00:02.143274,2026-07-05T05:00:02.147462+00:00,138.2,12,bid,Xuanyu Liu,YieldingYams,7896584
2026-07-05T05:00:03.855575,2026-07-05T05:00:03.859857+00:00,138.2,11,bid,Xuanyu Liu,WavyWalnuts,7896605
2026-07-05T05:00:04.462955,2026-07-05T05:00:04.464961+00:00,138.2,25,bid,Harold Schneider,WavyWalnuts,7896614
2026-07-05T05:00:07.221655,2026-07-05T05:00:07.234017+00:00,138.3,20,ask,YieldingYams,BrilliantBurritos,7896662
2026-07-05T05:00:09.487731,2026-07-05T05:00:09.494720+00:00,138.5,25,bid,Harold Schneider,YieldingYams,7896692
2026-07-05T05:00:10.519439,2026-07-05T05:00:10.529697+00:00,138.4,200,ask,YieldingYams,WavyWalnuts,7896706
2026-07-05T05:00:11.771241,2026-07-05T05:00:11.775509+00:00,138.5,3,bid,Xuanyu Liu,WavyWalnuts,7896725
2026-07-05T05:00:14.505264,2026-07-05T05:00:14.517083+00:00,138.4,25,bid,Harold Schneider,WavyWalnuts,7896752
2026-07-05T05:00:17.427054,2026-07-05T05:00:17.439518+00:00,138.2,20,ask,YieldingYams,BrilliantBurritos,7896793
2026-07-05T05:00:17.893558,2026-07-05T05:00:17.897770+00:00,138.3,9,bid,Xuanyu Liu,YieldingYams,7896803
2026-07-05T05:00:22.615286,2026-07-05T05:00:22.622301+00:00,138.1,200,ask,YieldingYams,WavyWalnuts,7896855
2026-07-05T05:00:24.416383,2026-07-05T05:00:24.425859+00:00,138.2,200,bid,YieldingYams,WavyWalnuts,7896875
2026-07-05T05:00:25.030238,2026-07-05T05:00:25.038108+00:00,138.2,200,ask,YieldingYams,WavyWalnuts,7896882
2026-07-05T05:00:27.042530,2026-07-05T05:00:27.051907+00:00,138.0,200,ask,WavyWalnuts,YieldingYams,7896911
2026-07-05T05:00:27.459380,2026-07-05T05:00:27.468889+00:00,138.0,200,bid,WavyWalnuts,YieldingYams,7896916
2026-07-05T05:00:28.195701,2026-07-05T05:00:28.208356+00:00,138.0,20,bid,BrilliantBurritos,YieldingYams,7896927
2026-07-05T05:00:28.671497,2026-07-05T05:00:28.679508+00:00,138.1,200,ask,YieldingYams,WavyWalnuts,7896937
2026-07-05T05:00:31.970744,2026-07-05T05:00:31.975566+00:00,138.1,11,bid,Xuanyu Liu,YieldingYams,7896981
2026-07-05T05:00:32.989612,2026-07-05T05:00:33.002105+00:00,138.1,20,bid,BrilliantBurritos,YieldingYams,7896995
2026-07-05T05:00:37.107399,2026-07-05T05:00:37.118950+00:00,137.9,500,ask,YieldingYams,AverageAlmonds,7897050
2026-07-05T05:00:38.709172,2026-07-05T05:00:38.713602+00:00,137.8,11,ask,YieldingYams,Xuanyu Liu,7897079
2026-07-05T05:00:40.158125,2026-07-05T05:00:40.169078+00:00,137.7,200,ask,WavyWalnuts,AverageAlmonds,7897099
2026-07-05T05:00:40.185711,2026-07-05T05:00:40.195299+00:00,137.7,300,bid,YieldingYams,AverageAlmonds,7897102
2026-07-05T05:00:40.752738,2026-07-05T05:00:40.757150+00:00,137.8,325,ask,YieldingYams,AverageAlmonds,7897113
2026-07-05T05:00:41.543528,2026-07-05T05:00:41.547790+00:00,137.5,35,ask,WavyWalnuts,Xuanyu Liu,7897131
2026-07-05T05:00:44.434107,2026-07-05T05:00:44.442338+00:00,137.6,200,bid,WavyWalnuts,YieldingYams,7897167
2026-07-05T05:00:45.441441,2026-07-05T05:00:45.445607+00:00,137.6,14,ask,YieldingYams,Xuanyu Liu,7897181
2026-07-05T05:00:45.618241,2026-07-05T05:00:45.625482+00:00,137.6,500,ask,YieldingYams,AverageAlmonds,7897184
2026-07-05T05:00:45.648448,2026-07-05T05:00:45.658759+00:00,137.6,111,ask,YieldingYams,WavyWalnuts,7897187
2026-07-05T05:00:46.858139,2026-07-05T05:00:46.869310+00:00,137.5,200,bid,WavyWalnuts,YieldingYams,7897197
2026-07-05T05:00:47.096803,2026-07-05T05:00:47.106788+00:00,137.5,20,bid,BrilliantBurritos,YieldingYams,7897203
2026-07-05T05:00:49.276294,2026-07-05T05:00:49.283905+00:00,137.5,200,bid,WavyWalnuts,YieldingYams,7897227
2026-07-05T05:00:50.283579,2026-07-05T05:00:50.296077+00:00,137.7,20,bid,BrilliantBurritos,WavyWalnuts,7897241
2026-07-05T05:00:50.663042,2026-07-05T05:00:50.674167+00:00,137.6,200,bid,YieldingYams,WavyWalnuts,7897244
2026-07-05T05:00:51.016922,2026-07-05T05:00:51.029234+00:00,137.6,20,ask,YieldingYams,BrilliantBurritos,7897254
2026-07-05T05:00:54.112373,2026-07-05T05:00:54.122770+00:00,137.6,200,ask,YieldingYams,WavyWalnuts,7897292
2026-07-05T05:00:56.105679,2026-07-05T05:00:56.113027+00:00,137.7,20,bid,BrilliantBurritos,AverageAlmonds,7897319
2026-07-05T05:00:56.537657,2026-07-05T05:00:56.546364+00:00,137.7,200,bid,WavyWalnuts,AverageAlmonds,7897323
2026-07-05T05:00:57.231864,2026-07-05T05:00:57.238742+00:00,137.6,500,bid,YieldingYams,AverageAlmonds,7897337
2026-07-05T05:00:57.723680,2026-07-05T05:00:57.735771+00:00,137.7,125,ask,YieldingYams,AverageAlmonds,7897348
2026-07-05T05:00:57.762307,2026-07-05T05:00:57.778789+00:00,137.6,200,bid,WavyWalnuts,AverageAlmonds,7897352
2026-07-05T05:00:59.871490,2026-07-05T05:00:59.881808+00:00,137.5,200,ask,WavyWalnuts,YieldingYams,7897373
2026-07-05T05:01:00.180991,2026-07-05T05:01:00.189797+00:00,137.4,200,bid,WavyWalnuts,YieldingYams,7897376
2026-07-05T05:01:01.204267,2026-07-05T05:01:01.209429+00:00,137.4,14,ask,YieldingYams,Xuanyu Liu,7897395
2026-07-05T05:01:03.715620,2026-07-05T05:01:03.719567+00:00,137.6,11,bid,Xuanyu Liu,YieldingYams,7897426
2026-07-05T05:01:03.827047,2026-07-05T05:01:03.837609+00:00,137.6,200,ask,YieldingYams,WavyWalnuts,7897428
2026-07-05T05:01:07.461348,2026-07-05T05:01:07.470438+00:00,137.6,200,ask,YieldingYams,WavyWalnuts,7897476
2026-07-05T05:01:10.549302,2026-07-05T05:01:10.558608+00:00,137.7,20,bid,BrilliantBurritos,YieldingYams,7897514
2026-07-05T05:01:11.104731,2026-07-05T05:01:11.109614+00:00,137.6,3,bid,Xuanyu Liu,WavyWalnuts,7897519
2026-07-05T05:01:14.301620,2026-07-05T05:01:14.311864+00:00,137.5,200,ask,WavyWalnuts,YieldingYams,7897566
2026-07-05T05:01:15.926875,2026-07-05T05:01:15.937928+00:00,137.4,200,ask,YieldingYams,WavyWalnuts,7897585
2026-07-05T05:01:18.339410,2026-07-05T05:01:18.351779+00:00,137.4,20,ask,WavyWalnuts,BrilliantBurritos,7897621
2026-07-05T05:01:18.347434,2026-07-05T05:01:18.358603+00:00,137.5,200,bid,WavyWalnuts,YieldingYams,7897622
2026-07-05T05:01:19.519056,2026-07-05T05:01:19.523253+00:00,137.5,26,bid,Xuanyu Liu,YieldingYams,7897644
2026-07-05T05:01:19.565873,2026-07-05T05:01:19.573950+00:00,137.5,200,ask,YieldingYams,WavyWalnuts,7897647
2026-07-05T05:01:20.212213,2026-07-05T05:01:20.224856+00:00,137.7,20,bid,BrilliantBurritos,YieldingYams,7897661
2026-07-05T05:01:26.099565,2026-07-05T05:01:26.111286+00:00,137.7,200,bid,YieldingYams,WavyWalnuts,7897719
2026-07-05T05:01:26.099565,2026-07-05T05:01:26.111286+00:00,137.8,425,bid,YieldingYams,AverageAlmonds,7897720
2026-07-05T05:01:27.414588,2026-07-05T05:01:27.423628+00:00,137.7,200,bid,YieldingYams,WavyWalnuts,7897741
2026-07-05T05:01:28.591227,2026-07-05T05:01:28.602157+00:00,137.7,425,ask,YieldingYams,AverageAlmonds,7897756
2026-07-05T05:01:30.449785,2026-07-05T05:01:30.463649+00:00,137.6,200,bid,WavyWalnuts,YieldingYams,7897783
2026-07-05T05:01:31.660848,2026-07-05T05:01:31.669865+00:00,137.7,200,bid,WavyWalnuts,YieldingYams,7897797
2026-07-05T05:01:32.883023,2026-07-05T05:01:32.895051+00:00,137.6,200,bid,WavyWalnuts,YieldingYams,7897818
2026-07-05T05:01:33.952654,2026-07-05T05:01:33.964906+00:00,137.3,20,ask,YieldingYams,BrilliantBurritos,7897831
2026-07-05T05:01:34.093187,2026-07-05T05:01:34.102497+00:00,137.5,200,bid,WavyWalnuts,YieldingYams,7897833
2026-07-05T05:01:35.302706,2026-07-05T05:01:35.312055+00:00,137.6,200,bid,WavyWalnuts,YieldingYams,7897847
2026-07-05T05:01:35.392105,2026-07-05T05:01:35.396555+00:00,137.3,12,ask,YieldingYams,Xuanyu Liu,7897849
2026-07-05T05:01:36.531862,2026-07-05T05:01:36.536269+00:00,137.4,11,ask,WavyWalnuts,Xuanyu Liu,7897866
2026-07-05T05:01:36.924205,2026-07-05T05:01:36.936318+00:00,137.6,20,bid,BrilliantBurritos,YieldingYams,7897871
2026-07-05T05:01:37.917437,2026-07-05T05:01:37.921592+00:00,137.5,3,ask,YieldingYams,Xuanyu Liu,7897890
2026-07-05T05:01:40.527961,2026-07-05T05:01:40.536219+00:00,137.6,200,bid,YieldingYams,WavyWalnuts,7897912
2026-07-05T05:01:41.345002,2026-07-05T05:01:41.358575+00:00,137.7,200,ask,YieldingYams,WavyWalnuts,7897928
2026-07-05T05:01:42.553589,2026-07-05T05:01:42.558558+00:00,137.5,200,ask,YieldingYams,WavyWalnuts,7897943
2026-07-05T05:01:43.763336,2026-07-05T05:01:43.775113+00:00,137.6,200,ask,YieldingYams,WavyWalnuts,7897964
2026-07-05T05:01:44.888077,2026-07-05T05:01:44.892353+00:00,137.4,3,ask,YieldingYams,Xuanyu Liu,7897986
2026-07-05T05:01:44.986928,2026-07-05T05:01:44.991191+00:00,137.5,11,ask,WavyWalnuts,Xuanyu Liu,7897990
2026-07-05T05:01:46.179332,2026-07-05T05:01:46.190869+00:00,137.6,200,bid,WavyWalnuts,YieldingYams,7898000
2026-07-05T05:01:48.591045,2026-07-05T05:01:48.602007+00:00,137.8,20,bid,BrilliantBurritos,WavyWalnuts,7898025
2026-07-05T05:01:57.061198,2026-07-05T05:01:57.069816+00:00,137.7,500,ask,YieldingYams,AverageAlmonds,7898127
2026-07-05T05:01:57.548692,2026-07-05T05:01:57.552687+00:00,137.9,14,bid,Xuanyu Liu,YieldingYams,7898141
2026-07-05T05:01:57.584012,2026-07-05T05:01:57.606668+00:00,137.7,200,ask,WavyWalnuts,YieldingYams,7898142
2026-07-05T05:01:57.602524,2026-07-05T05:01:57.606668+00:00,137.6,3,bid,Xuanyu Liu,YieldingYams,7898145
2026-07-05T05:01:59.516903,2026-07-05T05:01:59.521221+00:00,137.6,3,ask,WavyWalnuts,Xuanyu Liu,7898178
2026-07-05T05:02:01.544473,2026-07-05T05:02:01.554000+00:00,137.7,200,ask,WavyWalnuts,YieldingYams,7898204
2026-07-05T05:02:04.349731,2026-07-05T05:02:04.358605+00:00,137.8,200,bid,WavyWalnuts,YieldingYams,7898235
2026-07-05T05:02:05.093305,2026-07-05T05:02:05.106085+00:00,137.8,20,bid,BrilliantBurritos,YieldingYams,7898244
2026-07-05T05:02:06.779798,2026-07-05T05:02:06.790457+00:00,137.8,200,ask,YieldingYams,WavyWalnuts,7898258
2026-07-05T05:02:07.864203,2026-07-05T05:02:07.876386+00:00,137.8,20,ask,YieldingYams,BrilliantBurritos,7898271
2026-07-05T05:02:09.409590,2026-07-05T05:02:09.417198+00:00,137.9,200,bid,YieldingYams,WavyWalnuts,7898290
2026-07-05T05:02:12.895293,2026-07-05T05:02:12.908010+00:00,137.9,20,bid,BrilliantBurritos,YieldingYams,7898332
2026-07-05T05:02:14.058688,2026-07-05T05:02:14.063589+00:00,137.9,3,ask,WavyWalnuts,Xuanyu Liu,7898350
2026-07-05T05:02:14.879198,2026-07-05T05:02:14.888534+00:00,137.9,20,ask,WavyWalnuts,BrilliantBurritos,7898360
2026-07-05T05:02:16.846573,2026-07-05T05:02:16.851068+00:00,137.9,23,ask,YieldingYams,Xuanyu Liu,7898385
2026-07-05T05:02:17.286723,2026-07-05T05:02:17.308169+00:00,138.0,200,bid,YieldingYams,WavyWalnuts,7898388
2026-07-05T05:02:17.304141,2026-07-05T05:02:17.308169+00:00,138.0,11,ask,YieldingYams,Xuanyu Liu,7898390
2026-07-05T05:02:21.223443,2026-07-05T05:02:21.243140+00:00,138.0,200,bid,YieldingYams,WavyWalnuts,7898434
2026-07-05T05:02:21.238714,2026-07-05T05:02:21.243140+00:00,138.1,12,ask,YieldingYams,Xuanyu Liu,7898436
2026-07-05T05:02:26.049844,2026-07-05T05:02:26.054012+00:00,138.1,11,ask,YieldingYams,Xuanyu Liu,7898504
2026-07-05T05:02:26.174976,2026-07-05T05:02:26.185895+00:00,138.1,200,ask,YieldingYams,WavyWalnuts,7898509
2026-07-05T05:02:29.201265,2026-07-05T05:02:29.211738+00:00,138.2,20,bid,BrilliantBurritos,YieldingYams,7898558
2026-07-05T05:02:29.502649,2026-07-05T05:02:29.507134+00:00,138.1,23,ask,WavyWalnuts,Xuanyu Liu,7898566
2026-07-05T05:02:31.009609,2026-07-05T05:02:31.016343+00:00,138.1,200,bid,WavyWalnuts,YieldingYams,7898587
2026-07-05T05:02:40.916286,2026-07-05T05:02:40.926696+00:00,138.0,200,bid,YieldingYams,WavyWalnuts,7898702
2026-07-05T05:02:43.541038,2026-07-05T05:02:43.551168+00:00,138.0,200,ask,WavyWalnuts,YieldingYams,7898738
2026-07-05T05:02:50.347457,2026-07-05T05:02:50.356984+00:00,138.1,20,ask,AverageAlmonds,BrilliantBurritos,7898824
2026-07-05T05:02:51.520774,2026-07-05T05:02:51.531873+00:00,138.2,200,bid,AverageAlmonds,WavyWalnuts,7898840
2026-07-05T05:02:52.814312,2026-07-05T05:02:52.825479+00:00,138.1,200,ask,AverageAlmonds,WavyWalnuts,7898859
2026-07-05T05:02:54.564402,2026-07-05T05:02:54.568459+00:00,138.1,23,bid,Xuanyu Liu,YieldingYams,7898882
2026-07-05T05:02:54.798043,2026-07-05T05:02:54.810550+00:00,138.0,20,ask,WavyWalnuts,BrilliantBurritos,7898885
2026-07-05T05:03:00.383667,2026-07-05T05:03:00.393039+00:00,138.1,20,ask,YieldingYams,BrilliantBurritos,7898977
2026-07-05T05:03:00.976763,2026-07-05T05:03:00.981005+00:00,138.2,34,bid,Xuanyu Liu,YieldingYams,7898988
2026-07-05T05:03:01.333784,2026-07-05T05:03:01.338087+00:00,138.1,12,bid,Xuanyu Liu,WavyWalnuts,7898995
2026-07-05T05:03:04.945420,2026-07-05T05:03:04.954148+00:00,138.2,200,ask,YieldingYams,WavyWalnuts,7899053
2026-07-05T05:03:14.615814,2026-07-05T05:03:14.624601+00:00,138.1,200,bid,WavyWalnuts,YieldingYams,7899159
2026-07-05T05:03:15.109748,2026-07-05T05:03:15.117777+00:00,138.0,500,ask,YieldingYams,AverageAlmonds,7899162
2026-07-05T05:03:16.865034,2026-07-05T05:03:16.872511+00:00,138.0,20,ask,YieldingYams,BrilliantBurritos,7899184
2026-07-05T05:03:18.248697,2026-07-05T05:03:18.258610+00:00,138.0,200,ask,YieldingYams,WavyWalnuts,7899207
2026-07-05T05:03:19.928686,2026-07-05T05:03:19.933356+00:00,138.1,11,bid,Xuanyu Liu,WavyWalnuts,7899236
2026-07-05T05:03:20.671333,2026-07-05T05:03:20.681256+00:00,137.9,200,ask,YieldingYams,WavyWalnuts,7899250
2026-07-05T05:03:21.625709,2026-07-05T05:03:21.630001+00:00,138.0,3,bid,Xuanyu Liu,YieldingYams,7899262
2026-07-05T05:03:22.919817,2026-07-05T05:03:22.930774+00:00,137.9,200,ask,WavyWalnuts,YieldingYams,7899279
2026-07-05T05:03:25.527420,2026-07-05T05:03:25.538407+00:00,137.8,200,ask,YieldingYams,WavyWalnuts,7899310
2026-07-05T05:03:26.748409,2026-07-05T05:03:26.752158+00:00,137.8,3,bid,Xuanyu Liu,WavyWalnuts,7899332
2026-07-05T05:03:29.470321,2026-07-05T05:03:29.479956+00:00,137.9,500,bid,YieldingYams,AverageAlmonds,7899360
2026-07-05T05:03:29.470321,2026-07-05T05:03:29.485397+00:00,137.9,125,bid,YieldingYams,WavyWalnuts,7899361
2026-07-05T05:03:33.415190,2026-07-05T05:03:33.426569+00:00,137.6,200,bid,YieldingYams,WavyWalnuts,7899424
2026-07-05T05:03:36.425108,2026-07-05T05:03:36.432651+00:00,137.6,200,bid,WavyWalnuts,YieldingYams,7899458
2026-07-05T05:03:39.027308,2026-07-05T05:03:39.031821+00:00,137.4,29,ask,YieldingYams,Xuanyu Liu,7899491
2026-07-05T05:03:39.201693,2026-07-05T05:03:39.213776+00:00,137.5,20,bid,BrilliantBurritos,WavyWalnuts,7899495
2026-07-05T05:03:39.967977,2026-07-05T05:03:39.989960+00:00,137.5,180,bid,YieldingYams,WavyWalnuts,7899501
2026-07-05T05:03:39.985564,2026-07-05T05:03:39.989960+00:00,137.5,11,ask,YieldingYams,Xuanyu Liu,7899503
2026-07-05T05:03:42.815608,2026-07-05T05:03:42.822796+00:00,137.4,20,ask,WavyWalnuts,BrilliantBurritos,7899530
2026-07-05T05:03:43.143314,2026-07-05T05:03:43.152208+00:00,137.6,20,bid,BrilliantBurritos,WavyWalnuts,7899535
2026-07-05T05:03:43.717594,2026-07-05T05:03:43.724746+00:00,137.4,200,ask,YieldingYams,WavyWalnuts,7899539
2026-07-05T05:03:48.493938,2026-07-05T05:03:48.498731+00:00,137.6,11,bid,Xuanyu Liu,YieldingYams,7899595
2026-07-05T05:03:48.568491,2026-07-05T05:03:48.575640+00:00,137.6,200,bid,WavyWalnuts,YieldingYams,7899596
2026-07-05T05:03:48.903722,2026-07-05T05:03:48.912440+00:00,137.4,20,ask,YieldingYams,BrilliantBurritos,7899603
2026-07-05T05:03:55.852595,2026-07-05T05:03:55.857369+00:00,137.7,12,bid,Xuanyu Liu,WavyWalnuts,7899700
2026-07-05T05:03:56.521788,2026-07-05T05:03:56.532966+00:00,137.7,20,bid,BrilliantBurritos,WavyWalnuts,7899709
2026-07-05T05:03:58.311370,2026-07-05T05:03:58.321728+00:00,137.7,200,ask,WavyWalnuts,YieldingYams,7899726
2026-07-05T05:04:00.670891,2026-07-05T05:04:00.678232+00:00,137.6,200,bid,WavyWalnuts,YieldingYams,7899760
2026-07-05T05:04:03.088989,2026-07-05T05:04:03.098947+00:00,137.6,200,bid,WavyWalnuts,YieldingYams,7899785
2026-07-05T05:04:03.521504,2026-07-05T05:04:03.532915+00:00,137.6,425,bid,AverageAlmonds,YieldingYams,7899790
2026-07-05T05:04:03.569304,2026-07-05T05:04:03.580472+00:00,137.7,75,ask,AverageAlmonds,YieldingYams,7899791
2026-07-05T05:04:04.145692,2026-07-05T05:04:04.153450+00:00,137.7,500,bid,AverageAlmonds,YieldingYams,7899799
2026-07-05T05:04:04.879655,2026-07-05T05:04:04.890956+00:00,137.7,200,bid,YieldingYams,WavyWalnuts,7899810
2026-07-05T05:04:04.897570,2026-07-05T05:04:04.901612+00:00,137.9,35,ask,YieldingYams,Xuanyu Liu,7899812
2026-07-05T05:04:05.510737,2026-07-05T05:04:05.520530+00:00,137.9,200,ask,YieldingYams,WavyWalnuts,7899821
2026-07-05T05:04:05.930926,2026-07-05T05:04:05.938328+00:00,138.2,20,bid,BrilliantBurritos,YieldingYams,7899823
2026-07-05T05:04:07.501646,2026-07-05T05:04:07.513697+00:00,137.8,200,bid,YieldingYams,WavyWalnuts,7899838
2026-07-05T05:04:09.136610,2026-07-05T05:04:09.146273+00:00,137.9,200,bid,WavyWalnuts,YieldingYams,7899849
2026-07-05T05:04:15.379831,2026-07-05T05:04:15.387643+00:00,138.2,200,bid,YieldingYams,WavyWalnuts,7899913
2026-07-05T05:04:16.413387,2026-07-05T05:04:16.421641+00:00,138.2,200,ask,YieldingYams,WavyWalnuts,7899922
2026-07-05T05:04:17.137568,2026-07-05T05:04:17.142060+00:00,138.2,23,bid,Xuanyu Liu,YieldingYams,7899936
2026-07-05T05:04:20.135311,2026-07-05T05:04:20.139387+00:00,138.3,12,bid,Xuanyu Liu,YieldingYams,7899975
2026-07-05T05:04:21.100424,2026-07-05T05:04:21.107368+00:00,138.2,500,ask,YieldingYams,AverageAlmonds,7899989
2026-07-05T05:04:21.695014,2026-07-05T05:04:21.704479+00:00,138.2,125,ask,YieldingYams,AverageAlmonds,7900001
2026-07-05T05:04:21.722950,2026-07-05T05:04:21.727737+00:00,138.2,11,bid,Xuanyu Liu,AverageAlmonds,7900003
2026-07-05T05:04:22.338624,2026-07-05T05:04:22.357876+00:00,138.1,200,ask,WavyWalnuts,AverageAlmonds,7900009
2026-07-05T05:04:22.353730,2026-07-05T05:04:22.357876+00:00,138.1,3,bid,Xuanyu Liu,AverageAlmonds,7900011
2026-07-05T05:04:24.746778,2026-07-05T05:04:24.754121+00:00,138.0,500,ask,YieldingYams,AverageAlmonds,7900061
2026-07-05T05:04:25.341438,2026-07-05T05:04:25.352893+00:00,138.1,200,ask,WavyWalnuts,AverageAlmonds,7900070
2026-07-05T05:04:25.341438,2026-07-05T05:04:25.352893+00:00,138.0,125,ask,YieldingYams,AverageAlmonds,7900071
2026-07-05T05:04:26.100698,2026-07-05T05:04:26.109945+00:00,137.9,200,bid,WavyWalnuts,YieldingYams,7900080
2026-07-05T05:04:27.761454,2026-07-05T05:04:27.769628+00:00,137.8,500,ask,YieldingYams,AverageAlmonds,7900103
2026-07-05T05:04:28.381628,2026-07-05T05:04:28.391113+00:00,137.8,125,ask,YieldingYams,AverageAlmonds,7900109
2026-07-05T05:04:28.381628,2026-07-05T05:04:28.391113+00:00,137.8,200,ask,WavyWalnuts,AverageAlmonds,7900110
2026-07-05T05:04:28.517631,2026-07-05T05:04:28.527125+00:00,137.7,175,bid,WavyWalnuts,AverageAlmonds,7900112
2026-07-05T05:04:29.792457,2026-07-05T05:04:29.815109+00:00,137.8,500,bid,YieldingYams,AverageAlmonds,7900123
2026-07-05T05:04:29.810591,2026-07-05T05:04:29.815109+00:00,137.8,3,ask,YieldingYams,Xuanyu Liu,7900125
2026-07-05T05:04:30.191011,2026-07-05T05:04:30.199833+00:00,137.8,122,ask,YieldingYams,AverageAlmonds,7900129
2026-07-05T05:04:30.191011,2026-07-05T05:04:30.199833+00:00,137.7,200,ask,WavyWalnuts,AverageAlmonds,7900130
2026-07-05T05:04:30.940276,2026-07-05T05:04:30.949228+00:00,137.6,200,bid,WavyWalnuts,AverageAlmonds,7900146
2026-07-05T05:04:33.816681,2026-07-05T05:04:33.825031+00:00,137.5,500,ask,YieldingYams,AverageAlmonds,7900185
2026-07-05T05:04:34.098392,2026-07-05T05:04:34.110290+00:00,137.5,20,ask,YieldingYams,BrilliantBurritos,7900189
2026-07-05T05:04:34.437424,2026-07-05T05:04:34.444930+00:00,137.5,105,ask,YieldingYams,AverageAlmonds,7900194
2026-07-05T05:04:34.437424,2026-07-05T05:04:34.469533+00:00,137.4,200,ask,WavyWalnuts,AverageAlmonds,7900195
2026-07-05T05:04:34.465423,2026-07-05T05:04:34.469533+00:00,137.4,3,bid,Xuanyu Liu,AverageAlmonds,7900197
2026-07-05T05:04:34.565169,2026-07-05T05:04:34.573314+00:00,137.4,192,bid,WavyWalnuts,AverageAlmonds,7900201
2026-07-05T05:04:35.041234,2026-07-05T05:04:35.049422+00:00,137.4,8,ask,WavyWalnuts,AverageAlmonds,7900210
2026-07-05T05:04:35.655521,2026-07-05T05:04:35.658616+00:00,137.3,500,ask,YieldingYams,AverageAlmonds,7900222
2026-07-05T05:04:36.251060,2026-07-05T05:04:36.258578+00:00,137.3,125,ask,YieldingYams,AverageAlmonds,7900228
2026-07-05T05:04:36.251060,2026-07-05T05:04:36.258578+00:00,137.2,200,ask,WavyWalnuts,AverageAlmonds,7900229
2026-07-05T05:04:38.989068,2026-07-05T05:04:38.996566+00:00,137.1,500,bid,YieldingYams,AverageAlmonds,7900260
2026-07-05T05:04:38.989068,2026-07-05T05:04:39.001780+00:00,137.2,125,bid,YieldingYams,WavyWalnuts,7900261
2026-07-05T05:04:39.344074,2026-07-05T05:04:39.348909+00:00,136.9,3,ask,WavyWalnuts,Xuanyu Liu,7900267
2026-07-05T05:04:39.408285,2026-07-05T05:04:39.415167+00:00,137.1,200,bid,WavyWalnuts,AverageAlmonds,7900270
2026-07-05T05:04:40.620301,2026-07-05T05:04:40.629945+00:00,137.0,200,bid,WavyWalnuts,YieldingYams,7900290
2026-07-05T05:04:41.849080,2026-07-05T05:04:41.853299+00:00,137.0,11,ask,WavyWalnuts,Xuanyu Liu,7900306
2026-07-05T05:04:42.919759,2026-07-05T05:04:42.930660+00:00,137.0,189,ask,WavyWalnuts,YieldingYams,7900322
2026-07-05T05:04:43.037259,2026-07-05T05:04:43.044661+00:00,137.0,200,bid,WavyWalnuts,YieldingYams,7900323
2026-07-05T05:04:43.927750,2026-07-05T05:04:43.939897+00:00,137.0,20,bid,BrilliantBurritos,YieldingYams,7900339
2026-07-05T05:04:45.454926,2026-07-05T05:04:45.463620+00:00,136.9,200,ask,YieldingYams,WavyWalnuts,7900362
2026-07-05T05:04:52.720768,2026-07-05T05:04:52.730704+00:00,136.8,200,ask,YieldingYams,WavyWalnuts,7900452
2026-07-05T05:04:53.929629,2026-07-05T05:04:53.937175+00:00,136.8,200,ask,YieldingYams,WavyWalnuts,7900472
2026-07-05T05:04:54.410714,2026-07-05T05:04:54.421552+00:00,136.8,425,ask,YieldingYams,AverageAlmonds,7900477
2026-07-05T05:04:54.931154,2026-07-05T05:04:54.935426+00:00,136.6,14,bid,Xuanyu Liu,YieldingYams,7900483
2026-07-05T05:04:55.137041,2026-07-05T05:04:55.146469+00:00,136.6,200,bid,WavyWalnuts,YieldingYams,7900486
2026-07-05T05:04:56.261692,2026-07-05T05:04:56.273577+00:00,136.6,20,bid,BrilliantBurritos,YieldingYams,7900501
2026-07-05T05:05:00.001120,2026-07-05T05:05:00.011744+00:00,136.5,200,bid,YieldingYams,WavyWalnuts,7900553
2026-07-05T05:05:03.639030,2026-07-05T05:05:03.647613+00:00,136.4,200,bid,WavyWalnuts,YieldingYams,7900603
2026-07-05T05:05:03.934609,2026-07-05T05:05:03.943305+00:00,136.3,500,ask,AverageAlmonds,YieldingYams,7900609
2026-07-05T05:05:04.070185,2026-07-05T05:05:04.077646+00:00,136.3,125,bid,AverageAlmonds,YieldingYams,7900612
2026-07-05T05:05:08.514249,2026-07-05T05:05:08.526104+00:00,136.6,20,bid,BrilliantBurritos,YieldingYams,7900669
2026-07-05T05:05:09.193920,2026-07-05T05:05:09.198103+00:00,136.5,3,ask,YieldingYams,Xuanyu Liu,7900684
2026-07-05T05:05:10.685514,2026-07-05T05:05:10.692808+00:00,136.6,20,bid,BrilliantBurritos,WavyWalnuts,7900712
2026-07-05T05:05:13.342921,2026-07-05T05:05:13.358615+00:00,136.7,200,bid,WavyWalnuts,YieldingYams,7900745
2026-07-05T05:05:13.481566,2026-07-05T05:05:13.489498+00:00,136.4,25,ask,YieldingYams,Harold Schneider,7900748
2026-07-05T05:05:17.417033,2026-07-05T05:05:17.424404+00:00,136.6,500,ask,YieldingYams,AverageAlmonds,7900792
2026-07-05T05:05:18.010209,2026-07-05T05:05:18.021550+00:00,136.6,125,ask,YieldingYams,AverageAlmonds,7900803
2026-07-05T05:05:18.215889,2026-07-05T05:05:18.225127+00:00,136.6,200,bid,WavyWalnuts,AverageAlmonds,7900807
2026-07-05T05:05:18.366259,2026-07-05T05:05:18.371201+00:00,136.4,3,bid,Xuanyu Liu,YieldingYams,7900809
2026-07-05T05:05:18.548934,2026-07-05T05:05:18.558593+00:00,136.4,2,bid,Harold Schneider,YieldingYams,7900810
2026-07-05T05:05:19.425430,2026-07-05T05:05:19.434756+00:00,136.4,200,bid,WavyWalnuts,YieldingYams,7900820
2026-07-05T05:05:20.635847,2026-07-05T05:05:20.644603+00:00,136.4,200,bid,WavyWalnuts,YieldingYams,7900834
2026-07-05T05:05:21.847423,2026-07-05T05:05:21.858486+00:00,136.4,200,bid,WavyWalnuts,YieldingYams,7900847
2026-07-05T05:05:23.567394,2026-07-05T05:05:23.579282+00:00,136.4,2,bid,Harold Schneider,WavyWalnuts,7900875
2026-07-05T05:05:23.591115,2026-07-05T05:05:23.602180+00:00,136.2,200,ask,WavyWalnuts,YieldingYams,7900876
2026-07-05T05:05:24.270108,2026-07-05T05:05:24.282710+00:00,136.2,200,bid,WavyWalnuts,YieldingYams,7900888
2026-07-05T05:05:25.488573,2026-07-05T05:05:25.498003+00:00,136.3,200,bid,WavyWalnuts,YieldingYams,7900913
2026-07-05T05:05:28.581624,2026-07-05T05:05:28.589676+00:00,136.3,25,ask,WavyWalnuts,Harold Schneider,7900947
2026-07-05T05:05:29.121455,2026-07-05T05:05:29.132846+00:00,136.4,200,bid,WavyWalnuts,YieldingYams,7900958
2026-07-05T05:05:34.076790,2026-07-05T05:05:34.088365+00:00,136.5,500,bid,YieldingYams,AverageAlmonds,7901026
2026-07-05T05:05:34.310478,2026-07-05T05:05:34.322533+00:00,136.6,20,bid,BrilliantBurritos,WavyWalnuts,7901029
2026-07-05T05:05:34.346056,2026-07-05T05:05:34.354494+00:00,136.5,125,ask,YieldingYams,AverageAlmonds,7901031
2026-07-05T05:05:36.702803,2026-07-05T05:05:36.713361+00:00,136.3,200,ask,WavyWalnuts,YieldingYams,7901062
2026-07-05T05:05:38.833179,2026-07-05T05:05:38.837507+00:00,136.1,3,bid,Xuanyu Liu,WavyWalnuts,7901087
2026-07-05T05:05:40.024439,2026-07-05T05:05:40.034834+00:00,136.0,200,ask,YieldingYams,WavyWalnuts,7901105
2026-07-05T05:05:43.653390,2026-07-05T05:05:43.653993+00:00,136.0,200,bid,WavyWalnuts,YieldingYams,7901149
2026-07-05T05:05:44.098567,2026-07-05T05:05:44.108635+00:00,135.8,20,ask,YieldingYams,BrilliantBurritos,7901153
2026-07-05T05:05:44.363163,2026-07-05T05:05:44.375245+00:00,136.0,20,bid,BrilliantBurritos,YieldingYams,7901156
2026-07-05T05:05:47.219868,2026-07-05T05:05:47.229782+00:00,135.9,200,ask,WavyWalnuts,YieldingYams,7901200
2026-07-05T05:05:47.279355,2026-07-05T05:05:47.288527+00:00,135.9,200,bid,WavyWalnuts,YieldingYams,7901201
2026-07-05T05:05:47.794997,2026-07-05T05:05:47.807582+00:00,135.9,20,bid,BrilliantBurritos,YieldingYams,7901211
2026-07-05T05:05:48.746049,2026-07-05T05:05:48.754243+00:00,136.0,20,bid,BrilliantBurritos,WavyWalnuts,7901220
2026-07-05T05:05:49.866417,2026-07-05T05:05:49.870336+00:00,136.1,3,ask,YieldingYams,Xuanyu Liu,7901229
2026-07-05T05:05:53.446443,2026-07-05T05:05:53.463651+00:00,136.1,20,ask,YieldingYams,BrilliantBurritos,7901262
2026-07-05T05:05:53.697623,2026-07-05T05:05:53.701701+00:00,136.2,3,bid,Xuanyu Liu,WavyWalnuts,7901265
2026-07-05T05:05:54.549297,2026-07-05T05:05:54.559340+00:00,136.1,200,ask,YieldingYams,WavyWalnuts,7901276
2026-07-05T05:05:55.570792,2026-07-05T05:05:55.584608+00:00,136.1,20,ask,YieldingYams,BrilliantBurritos,7901293
2026-07-05T05:05:55.759106,2026-07-05T05:05:55.766332+00:00,136.1,200,ask,YieldingYams,WavyWalnuts,7901297
2026-07-05T05:05:58.061579,2026-07-05T05:05:58.073486+00:00,136.0,20,ask,WavyWalnuts,BrilliantBurritos,7901341
2026-07-05T05:05:58.723701,2026-07-05T05:05:58.733529+00:00,136.0,2,ask,WavyWalnuts,Harold Schneider,7901352
2026-07-05T05:06:01.808794,2026-07-05T05:06:01.819349+00:00,136.2,200,bid,WavyWalnuts,YieldingYams,7901390
2026-07-05T05:06:02.959646,2026-07-05T05:06:02.964621+00:00,136.1,3,ask,YieldingYams,Xuanyu Liu,7901410
2026-07-05T05:06:03.743468,2026-07-05T05:06:03.763931+00:00,136.1,2,ask,YieldingYams,Harold Schneider,7901423
2026-07-05T05:06:05.436352,2026-07-05T05:06:05.446069+00:00,136.1,200,ask,YieldingYams,WavyWalnuts,7901449
2026-07-05T05:06:06.691627,2026-07-05T05:06:06.705333+00:00,136.1,20,bid,BrilliantBurritos,WavyWalnuts,7901473
2026-07-05T05:06:08.756952,2026-07-05T05:06:08.768943+00:00,135.9,2,ask,YieldingYams,Harold Schneider,7901500
2026-07-05T05:06:08.885223,2026-07-05T05:06:08.895337+00:00,136.1,20,bid,BrilliantBurritos,WavyWalnuts,7901505
2026-07-05T05:06:09.065816,2026-07-05T05:06:09.077122+00:00,135.9,200,ask,YieldingYams,WavyWalnuts,7901510
2026-07-05T05:06:10.489380,2026-07-05T05:06:10.497097+00:00,135.8,20,ask,YieldingYams,BrilliantBurritos,7901523
2026-07-05T05:06:10.992682,2026-07-05T05:06:10.997094+00:00,135.8,3,ask,YieldingYams,Xuanyu Liu,7901534
2026-07-05T05:06:13.443192,2026-07-05T05:06:13.447464+00:00,135.9,11,ask,YieldingYams,Xuanyu Liu,7901571
2026-07-05T05:06:13.771864,2026-07-05T05:06:13.783964+00:00,135.9,25,ask,YieldingYams,Harold Schneider,7901575
2026-07-05T05:06:17.538532,2026-07-05T05:06:17.545587+00:00,136.1,200,bid,WavyWalnuts,YieldingYams,7901620
2026-07-05T05:06:18.792874,2026-07-05T05:06:18.805457+00:00,136.0,25,ask,WavyWalnuts,Harold Schneider,7901637
2026-07-05T05:06:20.015215,2026-07-05T05:06:20.024249+00:00,136.1,200,bid,YieldingYams,WavyWalnuts,7901653
2026-07-05T05:06:23.609977,2026-07-05T05:06:23.621653+00:00,135.9,20,ask,YieldingYams,BrilliantBurritos,7901692
2026-07-05T05:06:27.223387,2026-07-05T05:06:27.234120+00:00,136.1,200,ask,YieldingYams,WavyWalnuts,7901741
2026-07-05T05:06:29.668792,2026-07-05T05:06:29.678168+00:00,136.2,20,bid,BrilliantBurritos,YieldingYams,7901769
2026-07-05T05:06:31.530659,2026-07-05T05:06:31.542993+00:00,136.1,20,ask,YieldingYams,BrilliantBurritos,7901785
2026-07-05T05:06:33.883789,2026-07-05T05:06:33.895907+00:00,136.2,25,ask,YieldingYams,Harold Schneider,7901809
2026-07-05T05:06:38.126956,2026-07-05T05:06:38.135009+00:00,136.3,200,ask,YieldingYams,WavyWalnuts,7901851
2026-07-05T05:06:39.335478,2026-07-05T05:06:39.345450+00:00,136.3,200,bid,WavyWalnuts,YieldingYams,7901872
2026-07-05T05:06:42.284995,2026-07-05T05:06:42.296853+00:00,136.4,200,bid,YieldingYams,WavyWalnuts,7901905
2026-07-05T05:06:42.674320,2026-07-05T05:06:42.678403+00:00,136.4,23,ask,YieldingYams,Xuanyu Liu,7901911
2026-07-05T05:06:42.976486,2026-07-05T05:06:42.981308+00:00,136.5,12,ask,WavyWalnuts,Xuanyu Liu,7901915
2026-07-05T05:06:43.950047,2026-07-05T05:06:43.958579+00:00,136.5,23,ask,WavyWalnuts,Harold Schneider,7901926
2026-07-05T05:06:44.175675,2026-07-05T05:06:44.185255+00:00,136.6,200,bid,WavyWalnuts,YieldingYams,7901932
2026-07-05T05:06:46.593907,2026-07-05T05:06:46.601484+00:00,136.5,200,bid,WavyWalnuts,YieldingYams,7901955
2026-07-05T05:06:46.930115,2026-07-05T05:06:46.942283+00:00,136.3,20,ask,YieldingYams,BrilliantBurritos,7901964
2026-07-05T05:06:50.160000,2026-07-05T05:06:50.170799+00:00,136.5,500,ask,AverageAlmonds,YieldingYams,7902010
2026-07-05T05:06:50.237461,2026-07-05T05:06:50.241296+00:00,136.3,12,bid,Xuanyu Liu,WavyWalnuts,7902013
2026-07-05T05:06:50.623432,2026-07-05T05:06:50.634969+00:00,136.3,188,bid,AverageAlmonds,WavyWalnuts,7902020
2026-07-05T05:06:51.437735,2026-07-05T05:06:51.458729+00:00,136.4,200,ask,AverageAlmonds,WavyWalnuts,7902029
2026-07-05T05:06:52.647352,2026-07-05T05:06:52.658549+00:00,136.4,200,ask,YieldingYams,WavyWalnuts,7902047
2026-07-05T05:06:53.875917,2026-07-05T05:06:53.880416+00:00,136.4,11,bid,Xuanyu Liu,WavyWalnuts,7902066
2026-07-05T05:06:55.067228,2026-07-05T05:06:55.074761+00:00,136.3,200,ask,YieldingYams,WavyWalnuts,7902084
2026-07-05T05:06:58.048859,2026-07-05T05:06:58.058625+00:00,136.3,200,bid,YieldingYams,WavyWalnuts,7902125
2026-07-05T05:06:58.692166,2026-07-05T05:06:58.699015+00:00,136.3,200,ask,YieldingYams,WavyWalnuts,7902136
2026-07-05T05:06:59.380699,2026-07-05T05:06:59.384574+00:00,136.4,12,bid,Xuanyu Liu,YieldingYams,7902143
2026-07-05T05:07:05.145141,2026-07-05T05:07:05.158550+00:00,136.3,500,bid,AverageAlmonds,YieldingYams,7902215
2026-07-05T05:07:05.775577,2026-07-05T05:07:05.784886+00:00,136.3,125,bid,AverageAlmonds,YieldingYams,7902224
2026-07-05T05:07:05.907918,2026-07-05T05:07:05.918070+00:00,136.4,200,bid,YieldingYams,WavyWalnuts,7902226
2026-07-05T05:07:05.979105,2026-07-05T05:07:05.989429+00:00,136.5,200,ask,YieldingYams,WavyWalnuts,7902227
2026-07-05T05:07:11.713006,2026-07-05T05:07:11.763987+00:00,136.4,20,ask,AverageAlmonds,BrilliantBurritos,7902311
2026-07-05T05:07:12.465575,2026-07-05T05:07:12.474981+00:00,136.5,500,ask,AverageAlmonds,YieldingYams,7902324
2026-07-05T05:07:13.030720,2026-07-05T05:07:13.041957+00:00,136.5,125,bid,AverageAlmonds,YieldingYams,7902328
2026-07-05T05:07:13.241106,2026-07-05T05:07:13.247750+00:00,136.6,200,ask,AverageAlmonds,WavyWalnuts,7902332
2026-07-05T05:07:14.334128,2026-07-05T05:07:14.338876+00:00,137.0,14,bid,Xuanyu Liu,YieldingYams,7902348
2026-07-05T05:07:14.449941,2026-07-05T05:07:14.451213+00:00,136.7,200,ask,YieldingYams,WavyWalnuts,7902352
2026-07-05T05:07:15.659220,2026-07-05T05:07:15.669066+00:00,136.7,200,ask,YieldingYams,WavyWalnuts,7902364
2026-07-05T05:07:19.205546,2026-07-05T05:07:19.214955+00:00,136.9,2,bid,Harold Schneider,WavyWalnuts,7902420
2026-07-05T05:07:19.298559,2026-07-05T05:07:19.308011+00:00,136.7,200,ask,YieldingYams,WavyWalnuts,7902423
2026-07-05T05:07:20.377563,2026-07-05T05:07:20.389276+00:00,136.6,20,ask,YieldingYams,BrilliantBurritos,7902433
2026-07-05T05:07:24.223881,2026-07-05T05:07:24.235859+00:00,136.8,2,bid,Harold Schneider,YieldingYams,7902480
2026-07-05T05:07:25.364812,2026-07-05T05:07:25.369096+00:00,136.6,3,bid,Xuanyu Liu,WavyWalnuts,7902500
2026-07-05T05:07:26.340637,2026-07-05T05:07:26.358563+00:00,136.6,197,bid,AverageAlmonds,WavyWalnuts,7902510
2026-07-05T05:07:26.881575,2026-07-05T05:07:26.892667+00:00,136.6,303,ask,AverageAlmonds,YieldingYams,7902516
2026-07-05T05:07:26.937466,2026-07-05T05:07:26.945071+00:00,136.6,322,bid,AverageAlmonds,YieldingYams,7902518
2026-07-05T05:07:27.546609,2026-07-05T05:07:27.554456+00:00,136.7,200,bid,AverageAlmonds,WavyWalnuts,7902526
2026-07-05T05:07:29.500313,2026-07-05T05:07:29.508459+00:00,136.7,200,ask,WavyWalnuts,YieldingYams,7902547
2026-07-05T05:07:31.389360,2026-07-05T05:07:31.400174+00:00,136.6,200,bid,WavyWalnuts,YieldingYams,7902574
2026-07-05T05:07:31.603998,2026-07-05T05:07:31.616715+00:00,136.5,20,ask,AverageAlmonds,BrilliantBurritos,7902577
2026-07-05T05:07:32.599833,2026-07-05T05:07:32.609383+00:00,136.6,200,bid,WavyWalnuts,YieldingYams,7902593
2026-07-05T05:07:33.809800,2026-07-05T05:07:33.818597+00:00,136.7,200,bid,WavyWalnuts,YieldingYams,7902605
2026-07-05T05:07:34.261553,2026-07-05T05:07:34.268817+00:00,136.7,2,bid,Harold Schneider,YieldingYams,7902609
2026-07-05T05:07:35.020816,2026-07-05T05:07:35.029986+00:00,136.6,200,bid,WavyWalnuts,YieldingYams,7902617
2026-07-05T05:07:41.075178,2026-07-05T05:07:41.086991+00:00,136.8,200,bid,WavyWalnuts,YieldingYams,7902686
2026-07-05T05:07:41.495400,2026-07-05T05:07:41.499823+00:00,136.8,3,ask,AverageAlmonds,Xuanyu Liu,7902693
2026-07-05T05:07:44.710201,2026-07-05T05:07:44.720980+00:00,136.9,200,ask,YieldingYams,WavyWalnuts,7902739
2026-07-05T05:07:46.553339,2026-07-05T05:07:46.564384+00:00,136.9,200,bid,YieldingYams,WavyWalnuts,7902764
2026-07-05T05:07:47.128947,2026-07-05T05:07:47.136111+00:00,137.0,200,ask,YieldingYams,WavyWalnuts,7902767
2026-07-05T05:07:49.547460,2026-07-05T05:07:49.557479+00:00,136.9,200,ask,YieldingYams,WavyWalnuts,7902794
2026-07-05T05:07:54.401484,2026-07-05T05:07:54.411120+00:00,136.6,20,bid,BrilliantBurritos,WavyWalnuts,7902842
2026-07-05T05:07:54.406091,2026-07-05T05:07:54.411120+00:00,136.6,3,bid,Xuanyu Liu,WavyWalnuts,7902843
2026-07-05T05:07:54.420155,2026-07-05T05:07:54.431792+00:00,136.6,177,bid,YieldingYams,WavyWalnuts,7902845
2026-07-05T05:07:54.823175,2026-07-05T05:07:54.832530+00:00,136.7,20,ask,YieldingYams,BrilliantBurritos,7902848
2026-07-05T05:07:55.464807,2026-07-05T05:07:55.469072+00:00,136.9,23,bid,Xuanyu Liu,YieldingYams,7902860
2026-07-05T05:07:55.609688,2026-07-05T05:07:55.613850+00:00,136.8,11,bid,Xuanyu Liu,WavyWalnuts,7902865
2026-07-05T05:07:56.802581,2026-07-05T05:07:56.812103+00:00,136.6,200,ask,YieldingYams,WavyWalnuts,7902886
2026-07-05T05:07:58.353173,2026-07-05T05:07:58.358552+00:00,136.6,500,ask,AverageAlmonds,YieldingYams,7902902
2026-07-05T05:07:58.353173,2026-07-05T05:07:58.358552+00:00,136.6,125,ask,WavyWalnuts,YieldingYams,7902903
2026-07-05T05:07:59.324800,2026-07-05T05:07:59.336393+00:00,136.9,25,bid,Harold Schneider,WavyWalnuts,7902928
2026-07-05T05:08:02.847201,2026-07-05T05:08:02.858597+00:00,136.7,10,ask,Harold Schneider,WavyWalnuts,7902974
2026-07-05T05:08:02.847201,2026-07-05T05:08:02.858597+00:00,136.7,190,ask,YieldingYams,WavyWalnuts,7902975
2026-07-05T05:08:04.360556,2026-07-05T05:08:04.368703+00:00,136.8,25,bid,Harold Schneider,YieldingYams,7902994
2026-07-05T05:08:05.265360,2026-07-05T05:08:05.274254+00:00,136.8,200,bid,WavyWalnuts,YieldingYams,7903010
2026-07-05T05:08:07.536228,2026-07-05T05:08:07.544882+00:00,136.9,200,bid,YieldingYams,WavyWalnuts,7903036
2026-07-05T05:08:08.653442,2026-07-05T05:08:08.665874+00:00,137.0,20,bid,BrilliantBurritos,WavyWalnuts,7903052
2026-07-05T05:08:08.865368,2026-07-05T05:08:08.870394+00:00,136.9,12,bid,Xuanyu Liu,YieldingYams,7903054
2026-07-05T05:08:09.391938,2026-07-05T05:08:09.404120+00:00,136.9,25,bid,Harold Schneider,YieldingYams,7903061
2026-07-05T05:08:09.425422,2026-07-05T05:08:09.429279+00:00,136.9,10,bid,Xuanyu Liu,YieldingYams,7903066
2026-07-05T05:08:09.598495,2026-07-05T05:08:09.610834+00:00,136.8,20,ask,WavyWalnuts,BrilliantBurritos,7903067
2026-07-05T05:08:12.538932,2026-07-05T05:08:12.543503+00:00,136.9,10,ask,WavyWalnuts,Xuanyu Liu,7903098
2026-07-05T05:08:12.568874,2026-07-05T05:08:12.580683+00:00,137.0,20,bid,BrilliantBurritos,YieldingYams,7903101
2026-07-05T05:08:12.778926,2026-07-05T05:08:12.787348+00:00,136.9,190,ask,WavyWalnuts,YieldingYams,7903105
2026-07-05T05:08:13.736740,2026-07-05T05:08:13.744043+00:00,136.9,200,bid,WavyWalnuts,YieldingYams,7903119
2026-07-05T05:08:14.431648,2026-07-05T05:08:14.440035+00:00,137.1,25,bid,Harold Schneider,WavyWalnuts,7903138
2026-07-05T05:08:15.408811,2026-07-05T05:08:15.419663+00:00,136.9,200,bid,YieldingYams,WavyWalnuts,7903158
2026-07-05T05:08:17.883048,2026-07-05T05:08:17.893444+00:00,136.9,20,ask,WavyWalnuts,BrilliantBurritos,7903187
2026-07-05T05:08:18.579142,2026-07-05T05:08:18.586656+00:00,137.0,200,bid,WavyWalnuts,YieldingYams,7903198
2026-07-05T05:08:19.459696,2026-07-05T05:08:19.470446+00:00,137.0,25,bid,Harold Schneider,AverageAlmonds,7903215
2026-07-05T05:08:19.629800,2026-07-05T05:08:19.638735+00:00,136.9,500,ask,YieldingYams,AverageAlmonds,7903219
2026-07-05T05:08:20.225966,2026-07-05T05:08:20.235420+00:00,136.9,125,ask,YieldingYams,AverageAlmonds,7903230
2026-07-05T05:08:20.225966,2026-07-05T05:08:20.235420+00:00,136.9,200,ask,WavyWalnuts,AverageAlmonds,7903231
2026-07-05T05:08:20.996797,2026-07-05T05:08:21.003799+00:00,136.7,200,bid,WavyWalnuts,YieldingYams,7903245
2026-07-05T05:08:22.207678,2026-07-05T05:08:22.216770+00:00,136.8,200,bid,WavyWalnuts,YieldingYams,7903263
2026-07-05T05:08:23.286644,2026-07-05T05:08:23.291013+00:00,136.7,12,ask,YieldingYams,Xuanyu Liu,7903274
2026-07-05T05:08:27.046645,2026-07-05T05:08:27.058649+00:00,136.7,200,ask,YieldingYams,WavyWalnuts,7903335
2026-07-05T05:08:27.151879,2026-07-05T05:08:27.155655+00:00,136.7,11,ask,YieldingYams,Xuanyu Liu,7903340
2026-07-05T05:08:27.213698,2026-07-05T05:08:27.218412+00:00,136.8,12,ask,YieldingYams,Xuanyu Liu,7903343
2026-07-05T05:08:28.258034,2026-07-05T05:08:28.269970+00:00,136.8,200,ask,YieldingYams,WavyWalnuts,7903360
2026-07-05T05:08:29.527212,2026-07-05T05:08:29.534728+00:00,136.6,2,ask,YieldingYams,Harold Schneider,7903375
2026-07-05T05:08:31.001251,2026-07-05T05:08:31.013607+00:00,136.6,20,ask,WavyWalnuts,BrilliantBurritos,7903396
2026-07-05T05:08:31.982711,2026-07-05T05:08:31.989764+00:00,136.8,20,bid,BrilliantBurritos,YieldingYams,7903407
2026-07-05T05:08:33.766482,2026-07-05T05:08:33.776712+00:00,136.7,200,ask,WavyWalnuts,YieldingYams,7903431
2026-07-05T05:08:34.545988,2026-07-05T05:08:34.558656+00:00,136.7,25,bid,Harold Schneider,YieldingYams,7903438
2026-07-05T05:08:39.145313,2026-07-05T05:08:39.151562+00:00,136.6,200,ask,YieldingYams,WavyWalnuts,7903496
2026-07-05T05:08:45.574082,2026-07-05T05:08:45.583005+00:00,136.6,20,ask,AverageAlmonds,BrilliantBurritos,7903574
2026-07-05T05:08:47.452068,2026-07-05T05:08:47.468724+00:00,136.8,200,bid,AverageAlmonds,WavyWalnuts,7903592
2026-07-05T05:08:47.452068,2026-07-05T05:08:47.468724+00:00,136.8,300,bid,AverageAlmonds,YieldingYams,7903593
2026-07-05T05:08:48.039217,2026-07-05T05:08:48.051161+00:00,136.8,325,bid,AverageAlmonds,YieldingYams,7903597
2026-07-05T05:08:48.187157,2026-07-05T05:08:48.196809+00:00,136.9,200,bid,YieldingYams,WavyWalnuts,7903600
2026-07-05T05:08:48.206918,2026-07-05T05:08:48.211076+00:00,136.9,11,ask,YieldingYams,Xuanyu Liu,7903603
2026-07-05T05:08:48.814940,2026-07-05T05:08:48.824168+00:00,136.9,200,ask,YieldingYams,WavyWalnuts,7903610
2026-07-05T05:08:49.500486,2026-07-05T05:08:49.522612+00:00,136.9,500,ask,AverageAlmonds,YieldingYams,7903618
2026-07-05T05:08:49.518864,2026-07-05T05:08:49.522612+00:00,136.9,11,bid,Xuanyu Liu,YieldingYams,7903620
2026-07-05T05:08:49.617416,2026-07-05T05:08:49.628773+00:00,136.9,25,bid,Harold Schneider,YieldingYams,7903625
2026-07-05T05:08:49.640821,2026-07-05T05:08:49.644949+00:00,136.9,10,bid,Xuanyu Liu,YieldingYams,7903628
2026-07-05T05:08:49.876294,2026-07-05T05:08:49.888216+00:00,136.9,79,bid,AverageAlmonds,YieldingYams,7903629
2026-07-05T05:08:50.809127,2026-07-05T05:08:50.818150+00:00,137.0,200,bid,YieldingYams,WavyWalnuts,7903637
2026-07-05T05:08:50.824284,2026-07-05T05:08:50.829455+00:00,137.2,10,ask,YieldingYams,Xuanyu Liu,7903638
2026-07-05T05:08:51.465089,2026-07-05T05:08:51.474276+00:00,137.2,20,ask,YieldingYams,BrilliantBurritos,7903646
2026-07-05T05:08:52.444064,2026-07-05T05:08:52.453808+00:00,137.2,200,ask,YieldingYams,WavyWalnuts,7903658
2026-07-05T05:08:53.459652,2026-07-05T05:08:53.463888+00:00,137.3,12,bid,Xuanyu Liu,YieldingYams,7903668
2026-07-05T05:08:54.645602,2026-07-05T05:08:54.675376+00:00,137.3,11,bid,Harold Schneider,YieldingYams,7903694
2026-07-05T05:08:54.670718,2026-07-05T05:08:54.675376+00:00,137.3,10,bid,Xuanyu Liu,YieldingYams,7903697
2026-07-05T05:08:57.412192,2026-07-05T05:08:57.419881+00:00,137.2,200,ask,WavyWalnuts,YieldingYams,7903735
2026-07-05T05:08:58.645668,2026-07-05T05:08:58.657803+00:00,137.0,20,ask,YieldingYams,BrilliantBurritos,7903753
2026-07-05T05:08:58.739821,2026-07-05T05:08:58.744005+00:00,137.1,1,bid,Xuanyu Liu,YieldingYams,7903755
2026-07-05T05:09:00.934527,2026-07-05T05:09:00.945657+00:00,136.9,200,ask,AverageAlmonds,WavyWalnuts,7903786
2026-07-05T05:09:02.143790,2026-07-05T05:09:02.151682+00:00,136.9,200,ask,YieldingYams,WavyWalnuts,7903794
2026-07-05T05:09:03.354711,2026-07-05T05:09:03.364923+00:00,136.9,200,ask,YieldingYams,WavyWalnuts,7903806
2026-07-05T05:09:04.563844,2026-07-05T05:09:04.571645+00:00,136.9,200,ask,YieldingYams,WavyWalnuts,7903819
2026-07-05T05:09:04.659848,2026-07-05T05:09:04.671842+00:00,136.9,20,ask,YieldingYams,BrilliantBurritos,7903820
2026-07-05T05:09:10.521739,2026-07-05T05:09:10.529919+00:00,136.8,500,ask,AverageAlmonds,YieldingYams,7903898
2026-07-05T05:09:11.048671,2026-07-05T05:09:11.058803+00:00,136.8,125,bid,AverageAlmonds,YieldingYams,7903903
2026-07-05T05:09:11.656824,2026-07-05T05:09:11.664538+00:00,136.9,200,bid,AverageAlmonds,WavyWalnuts,7903914
2026-07-05T05:09:12.898301,2026-07-05T05:09:12.910023+00:00,137.0,500,bid,AverageAlmonds,YieldingYams,7903939
2026-07-05T05:09:13.140197,2026-07-05T05:09:13.151039+00:00,137.0,200,bid,YieldingYams,WavyWalnuts,7903943
2026-07-05T05:09:13.156917,2026-07-05T05:09:13.160635+00:00,137.2,34,ask,YieldingYams,Xuanyu Liu,7903945
2026-07-05T05:09:14.248363,2026-07-05T05:09:14.258417+00:00,137.2,200,ask,YieldingYams,WavyWalnuts,7903958
2026-07-05T05:09:14.460353,2026-07-05T05:09:14.470085+00:00,137.2,500,ask,AverageAlmonds,YieldingYams,7903961
2026-07-05T05:09:14.591719,2026-07-05T05:09:14.596689+00:00,137.0,34,bid,Xuanyu Liu,YieldingYams,7903964
2026-07-05T05:09:14.693214,2026-07-05T05:09:14.702084+00:00,137.0,91,bid,AverageAlmonds,YieldingYams,7903965
2026-07-05T05:09:15.768909,2026-07-05T05:09:15.778118+00:00,137.2,200,bid,YieldingYams,WavyWalnuts,7903980
2026-07-05T05:09:18.393694,2026-07-05T05:09:18.404335+00:00,137.2,200,ask,WavyWalnuts,YieldingYams,7904016
2026-07-05T05:09:18.393694,2026-07-05T05:09:18.404335+00:00,137.2,425,ask,AverageAlmonds,YieldingYams,7904017
2026-07-05T05:09:18.969410,2026-07-05T05:09:18.973906+00:00,137.3,11,ask,AverageAlmonds,Xuanyu Liu,7904023
2026-07-05T05:09:19.083538,2026-07-05T05:09:19.094357+00:00,137.3,200,ask,AverageAlmonds,WavyWalnuts,7904027
2026-07-05T05:09:19.718090,2026-07-05T05:09:19.722258+00:00,137.4,12,ask,YieldingYams,Xuanyu Liu,7904040
2026-07-05T05:09:19.768813,2026-07-05T05:09:19.780540+00:00,137.4,2,ask,YieldingYams,Harold Schneider,7904041
2026-07-05T05:09:23.923622,2026-07-05T05:09:23.931806+00:00,137.7,200,ask,YieldingYams,WavyWalnuts,7904096
2026-07-05T05:09:24.756783,2026-07-05T05:09:24.769264+00:00,137.9,20,bid,BrilliantBurritos,YieldingYams,7904106
2026-07-05T05:09:24.791603,2026-07-05T05:09:24.801823+00:00,137.9,2,bid,Harold Schneider,YieldingYams,7904108
2026-07-05T05:09:24.813678,2026-07-05T05:09:24.818742+00:00,137.9,10,bid,Xuanyu Liu,YieldingYams,7904110
2026-07-05T05:09:24.954733,2026-07-05T05:09:24.959118+00:00,137.8,2,bid,Xuanyu Liu,YieldingYams,7904117
2026-07-05T05:09:25.795767,2026-07-05T05:09:25.806499+00:00,137.6,20,ask,WavyWalnuts,BrilliantBurritos,7904137
2026-07-05T05:09:30.441473,2026-07-05T05:09:30.458569+00:00,137.6,20,ask,WavyWalnuts,BrilliantBurritos,7904196
2026-07-05T05:09:30.825542,2026-07-05T05:09:30.833470+00:00,137.6,20,ask,WavyWalnuts,BrilliantBurritos,7904202
2026-07-05T05:09:33.610877,2026-07-05T05:09:33.615135+00:00,137.6,11,bid,Xuanyu Liu,WavyWalnuts,7904240
2026-07-05T05:09:33.691289,2026-07-05T05:09:33.703455+00:00,137.6,20,bid,BrilliantBurritos,WavyWalnuts,7904242
2026-07-05T05:09:34.106094,2026-07-05T05:09:34.113489+00:00,137.6,169,bid,YieldingYams,WavyWalnuts,7904251
2026-07-05T05:09:34.119585,2026-07-05T05:09:34.124779+00:00,137.7,11,ask,YieldingYams,Xuanyu Liu,7904252
2026-07-05T05:09:34.803414,2026-07-05T05:09:34.810151+00:00,137.7,200,ask,YieldingYams,WavyWalnuts,7904254
2026-07-05T05:09:34.876916,2026-07-05T05:09:34.889095+00:00,137.7,2,ask,YieldingYams,Harold Schneider,7904257
2026-07-05T05:09:37.935461,2026-07-05T05:09:37.947448+00:00,137.5,20,ask,YieldingYams,BrilliantBurritos,7904297
2026-07-05T05:09:38.433116,2026-07-05T05:09:38.444611+00:00,137.4,200,ask,YieldingYams,WavyWalnuts,7904304
2026-07-05T05:09:39.897189,2026-07-05T05:09:39.908623+00:00,137.5,2,bid,Harold Schneider,WavyWalnuts,7904320
2026-07-05T05:09:40.559956,2026-07-05T05:09:40.571835+00:00,137.3,20,ask,YieldingYams,BrilliantBurritos,7904336
2026-07-05T05:09:41.968806,2026-07-05T05:09:41.976937+00:00,137.5,200,bid,YieldingYams,WavyWalnuts,7904347
2026-07-05T05:09:43.103732,2026-07-05T05:09:43.115560+00:00,137.7,20,bid,BrilliantBurritos,WavyWalnuts,7904370
2026-07-05T05:09:43.196977,2026-07-05T05:09:43.201365+00:00,137.5,23,ask,YieldingYams,Xuanyu Liu,7904374
2026-07-05T05:09:43.289770,2026-07-05T05:09:43.294267+00:00,137.6,3,ask,WavyWalnuts,Xuanyu Liu,7904376
2026-07-05T05:09:44.939508,2026-07-05T05:09:44.946685+00:00,137.6,2,ask,WavyWalnuts,Harold Schneider,7904398
2026-07-05T05:09:46.359278,2026-07-05T05:09:46.363479+00:00,137.7,3,bid,Xuanyu Liu,YieldingYams,7904412
2026-07-05T05:09:46.909268,2026-07-05T05:09:46.916225+00:00,137.7,200,bid,WavyWalnuts,YieldingYams,7904418
2026-07-05T05:09:47.599186,2026-07-05T05:09:47.608772+00:00,137.9,20,bid,BrilliantBurritos,WavyWalnuts,7904432
2026-07-05T05:09:49.359757,2026-07-05T05:09:49.364017+00:00,137.9,3,ask,WavyWalnuts,Xuanyu Liu,7904449
2026-07-05T05:09:49.517351,2026-07-05T05:09:49.521403+00:00,138.0,26,bid,Xuanyu Liu,YieldingYams,7904454
2026-07-05T05:09:49.838225,2026-07-05T05:09:49.858463+00:00,137.9,197,ask,WavyWalnuts,YieldingYams,7904457
2026-07-05T05:09:49.853410,2026-07-05T05:09:49.858463+00:00,137.9,11,bid,Xuanyu Liu,YieldingYams,7904459
2026-07-05T05:09:49.957567,2026-07-05T05:09:49.964434+00:00,137.9,2,bid,Harold Schneider,YieldingYams,7904464
2026-07-05T05:09:51.529375,2026-07-05T05:09:51.537324+00:00,137.9,20,bid,BrilliantBurritos,WavyWalnuts,7904482
2026-07-05T05:09:52.684983,2026-07-05T05:09:52.689491+00:00,137.8,11,ask,YieldingYams,Xuanyu Liu,7904494
2026-07-05T05:09:52.965955,2026-07-05T05:09:52.977858+00:00,137.8,200,ask,YieldingYams,WavyWalnuts,7904503
2026-07-05T05:09:55.080256,2026-07-05T05:09:55.087439+00:00,137.8,200,bid,YieldingYams,WavyWalnuts,7904535
2026-07-05T05:09:55.876518,2026-07-05T05:09:55.880782+00:00,137.8,12,ask,YieldingYams,Xuanyu Liu,7904551
2026-07-05T05:10:02.643519,2026-07-05T05:10:02.658745+00:00,137.8,200,ask,YieldingYams,WavyWalnuts,7904638
2026-07-05T05:10:03.856036,2026-07-05T05:10:03.868663+00:00,137.8,200,ask,YieldingYams,WavyWalnuts,7904666
2026-07-05T05:10:06.284269,2026-07-05T05:10:06.294924+00:00,137.6,200,bid,WavyWalnuts,YieldingYams,7904694
2026-07-05T05:10:08.571373,2026-07-05T05:10:08.579993+00:00,137.6,500,bid,AverageAlmonds,YieldingYams,7904725
2026-07-05T05:10:09.497461,2026-07-05T05:10:09.505630+00:00,137.7,200,bid,YieldingYams,WavyWalnuts,7904740
2026-07-05T05:10:09.519889,2026-07-05T05:10:09.523676+00:00,137.7,11,ask,YieldingYams,Xuanyu Liu,7904743
2026-07-05T05:10:13.436625,2026-07-05T05:10:13.443733+00:00,137.7,200,bid,YieldingYams,WavyWalnuts,7904806
2026-07-05T05:10:13.464242,2026-07-05T05:10:13.467968+00:00,138.0,6,ask,YieldingYams,Xuanyu Liu,7904808
2026-07-05T05:10:13.550137,2026-07-05T05:10:13.558869+00:00,138.0,200,ask,YieldingYams,WavyWalnuts,7904810
2026-07-05T05:10:20.016826,2026-07-05T05:10:20.025717+00:00,137.8,200,bid,YieldingYams,WavyWalnuts,7904911
2026-07-05T05:10:20.024302,2026-07-05T05:10:20.036092+00:00,137.8,25,ask,YieldingYams,Harold Schneider,7904912
2026-07-05T05:10:20.151642,2026-07-05T05:10:20.158557+00:00,137.8,20,ask,YieldingYams,BrilliantBurritos,7904919
2026-07-05T05:10:21.569637,2026-07-05T05:10:21.580214+00:00,137.8,20,bid,BrilliantBurritos,YieldingYams,7904937
2026-07-05T05:10:23.240622,2026-07-05T05:10:23.250463+00:00,137.9,200,bid,WavyWalnuts,YieldingYams,7904967
2026-07-05T05:10:23.414960,2026-07-05T05:10:23.427174+00:00,137.9,20,bid,BrilliantBurritos,YieldingYams,7904969
2026-07-05T05:10:25.050399,2026-07-05T05:10:25.057551+00:00,137.8,25,ask,WavyWalnuts,Harold Schneider,7904998
2026-07-05T05:10:25.083818,2026-07-05T05:10:25.088566+00:00,137.8,10,ask,WavyWalnuts,Xuanyu Liu,7905002
2026-07-05T05:10:25.261418,2026-07-05T05:10:25.268871+00:00,137.8,165,ask,WavyWalnuts,YieldingYams,7905005
2026-07-05T05:10:27.503372,2026-07-05T05:10:27.507786+00:00,137.8,13,ask,YieldingYams,Xuanyu Liu,7905042
2026-07-05T05:10:28.095044,2026-07-05T05:10:28.099113+00:00,137.9,11,ask,WavyWalnuts,Xuanyu Liu,7905053
2026-07-05T05:10:29.289801,2026-07-05T05:10:29.301711+00:00,138.0,200,bid,WavyWalnuts,YieldingYams,7905071
2026-07-05T05:10:29.778653,2026-07-05T05:10:29.790420+00:00,138.0,20,bid,BrilliantBurritos,YieldingYams,7905075
2026-07-05T05:10:30.084880,2026-07-05T05:10:30.095632+00:00,137.9,25,ask,AverageAlmonds,Harold Schneider,7905083
2026-07-05T05:10:30.516572,2026-07-05T05:10:30.521075+00:00,138.0,12,ask,WavyWalnuts,Xuanyu Liu,7905091
2026-07-05T05:10:32.937268,2026-07-05T05:10:32.941925+00:00,138.1,12,bid,Xuanyu Liu,WavyWalnuts,7905122
2026-07-05T05:10:34.133771,2026-07-05T05:10:34.144314+00:00,138.0,200,ask,YieldingYams,WavyWalnuts,7905139
2026-07-05T05:10:35.109492,2026-07-05T05:10:35.121295+00:00,137.8,25,ask,WavyWalnuts,Harold Schneider,7905154
2026-07-05T05:10:37.066820,2026-07-05T05:10:37.094654+00:00,137.9,500,ask,AverageAlmonds,YieldingYams,7905185
2026-07-05T05:10:37.090148,2026-07-05T05:10:37.094654+00:00,137.9,11,bid,Xuanyu Liu,YieldingYams,7905190
2026-07-05T05:10:37.631319,2026-07-05T05:10:37.640685+00:00,137.9,114,bid,AverageAlmonds,YieldingYams,7905198
2026-07-05T05:10:37.768640,2026-07-05T05:10:37.777613+00:00,137.9,200,ask,AverageAlmonds,WavyWalnuts,7905199
2026-07-05T05:10:41.391561,2026-07-05T05:10:41.401531+00:00,138.1,200,ask,AverageAlmonds,WavyWalnuts,7905245
2026-07-05T05:10:45.034345,2026-07-05T05:10:45.042384+00:00,138.0,200,ask,YieldingYams,WavyWalnuts,7905301
2026-07-05T05:10:45.146079,2026-07-05T05:10:45.158597+00:00,138.0,25,ask,YieldingYams,Harold Schneider,7905305
2026-07-05T05:10:46.237688,2026-07-05T05:10:46.245820+00:00,138.1,10,ask,Harold Schneider,YieldingYams,7905333
2026-07-05T05:10:46.979937,2026-07-05T05:10:46.991719+00:00,138.0,20,bid,BrilliantBurritos,WavyWalnuts,7905343
2026-07-05T05:10:47.549054,2026-07-05T05:10:47.558612+00:00,137.9,500,ask,AverageAlmonds,YieldingYams,7905354
2026-07-05T05:10:47.549054,2026-07-05T05:10:47.558612+00:00,137.9,125,ask,WavyWalnuts,YieldingYams,7905355
2026-07-05T05:10:50.183995,2026-07-05T05:10:50.193087+00:00,138.1,25,ask,YieldingYams,Harold Schneider,7905396
2026-07-05T05:10:51.478751,2026-07-05T05:10:51.486161+00:00,138.2,200,bid,YieldingYams,WavyWalnuts,7905412
2026-07-05T05:10:52.547043,2026-07-05T05:10:52.563640+00:00,138.3,20,ask,WavyWalnuts,BrilliantBurritos,7905439
2026-07-05T05:10:52.790130,2026-07-05T05:10:52.810411+00:00,138.3,180,ask,WavyWalnuts,YieldingYams,7905442
2026-07-05T05:10:52.806124,2026-07-05T05:10:52.810411+00:00,138.2,26,bid,Xuanyu Liu,YieldingYams,7905444
2026-07-05T05:10:53.173162,2026-07-05T05:10:53.185357+00:00,138.2,20,bid,BrilliantBurritos,YieldingYams,7905447
2026-07-05T05:10:55.237115,2026-07-05T05:10:55.244723+00:00,138.3,2,bid,Harold Schneider,YieldingYams,7905482
2026-07-05T05:10:57.067889,2026-07-05T05:10:57.075433+00:00,138.4,20,bid,BrilliantBurritos,WavyWalnuts,7905511
2026-07-05T05:11:00.258200,2026-07-05T05:11:00.270166+00:00,138.5,2,bid,Harold Schneider,WavyWalnuts,7905555
2026-07-05T05:11:00.654312,2026-07-05T05:11:00.663747+00:00,138.5,198,bid,YieldingYams,WavyWalnuts,7905560
2026-07-05T05:11:00.654312,2026-07-05T05:11:00.663747+00:00,138.5,427,bid,YieldingYams,AverageAlmonds,7905561
2026-07-05T05:11:00.838540,2026-07-05T05:11:00.842932+00:00,138.3,3,bid,Xuanyu Liu,WavyWalnuts,7905567
2026-07-05T05:11:02.016261,2026-07-05T05:11:02.024077+00:00,138.2,200,ask,YieldingYams,WavyWalnuts,7905584
2026-07-05T05:11:03.224259,2026-07-05T05:11:03.235509+00:00,138.2,200,ask,YieldingYams,WavyWalnuts,7905603
2026-07-05T05:11:04.433694,2026-07-05T05:11:04.444028+00:00,138.1,200,ask,YieldingYams,WavyWalnuts,7905619
2026-07-05T05:11:05.223418,2026-07-05T05:11:05.231368+00:00,138.3,20,bid,BrilliantBurritos,YieldingYams,7905632
2026-07-05T05:11:05.281642,2026-07-05T05:11:05.291993+00:00,138.3,2,bid,Harold Schneider,YieldingYams,7905633
2026-07-05T05:11:07.312474,2026-07-05T05:11:07.324252+00:00,138.2,20,ask,WavyWalnuts,BrilliantBurritos,7905674
2026-07-05T05:11:08.969477,2026-07-05T05:11:08.980146+00:00,138.1,20,ask,WavyWalnuts,BrilliantBurritos,7905693
2026-07-05T05:11:10.298924,2026-07-05T05:11:10.306124+00:00,138.3,2,bid,Harold Schneider,WavyWalnuts,7905710
2026-07-05T05:11:11.166574,2026-07-05T05:11:11.179593+00:00,138.2,500,ask,AverageAlmonds,YieldingYams,7905718
2026-07-05T05:11:11.694926,2026-07-05T05:11:11.764133+00:00,138.2,125,bid,WavyWalnuts,YieldingYams,7905731
2026-07-05T05:11:12.485622,2026-07-05T05:11:12.496874+00:00,138.3,75,ask,WavyWalnuts,YieldingYams,7905742
2026-07-05T05:11:14.112081,2026-07-05T05:11:14.121892+00:00,138.3,200,bid,WavyWalnuts,YieldingYams,7905768
2026-07-05T05:11:15.322352,2026-07-05T05:11:15.330967+00:00,138.3,10,bid,WavyWalnuts,Harold Schneider,7905788
2026-07-05T05:11:15.322352,2026-07-05T05:11:15.330967+00:00,138.4,190,bid,WavyWalnuts,YieldingYams,7905789
2026-07-05T05:11:16.139127,2026-07-05T05:11:16.147863+00:00,138.1,20,ask,YieldingYams,BrilliantBurritos,7905803
2026-07-05T05:11:16.441465,2026-07-05T05:11:16.446309+00:00,138.3,3,ask,YieldingYams,Xuanyu Liu,7905808
2026-07-05T05:11:18.959623,2026-07-05T05:11:18.969202+00:00,138.3,200,bid,WavyWalnuts,YieldingYams,7905847
2026-07-05T05:11:20.360895,2026-07-05T05:11:20.369294+00:00,138.4,2,bid,Harold Schneider,YieldingYams,7905859
2026-07-05T05:11:20.872128,2026-07-05T05:11:20.884353+00:00,138.5,20,bid,BrilliantBurritos,WavyWalnuts,7905863
2026-07-05T05:11:25.377120,2026-07-05T05:11:25.389335+00:00,138.3,2,bid,Harold Schneider,YieldingYams,7905926
2026-07-05T05:11:27.442700,2026-07-05T05:11:27.458632+00:00,138.4,200,bid,WavyWalnuts,YieldingYams,7905956
2026-07-05T05:11:30.395650,2026-07-05T05:11:30.405310+00:00,138.4,25,ask,WavyWalnuts,Harold Schneider,7906008
2026-07-05T05:11:31.068447,2026-07-05T05:11:31.075684+00:00,138.5,200,bid,WavyWalnuts,YieldingYams,7906017
2026-07-05T05:11:31.143191,2026-07-05T05:11:31.155062+00:00,138.5,20,bid,BrilliantBurritos,YieldingYams,7906018
2026-07-05T05:11:32.175380,2026-07-05T05:11:32.179580+00:00,138.6,3,ask,YieldingYams,Xuanyu Liu,7906034
2026-07-05T05:11:32.282899,2026-07-05T05:11:32.292873+00:00,138.6,200,ask,YieldingYams,WavyWalnuts,7906037
2026-07-05T05:11:40.295931,2026-07-05T05:11:40.300300+00:00,138.5,23,ask,YieldingYams,Xuanyu Liu,7906157
2026-07-05T05:11:40.455086,2026-07-05T05:11:40.463843+00:00,138.5,25,ask,YieldingYams,Harold Schneider,7906158
2026-07-05T05:11:40.746118,2026-07-05T05:11:40.754670+00:00,138.5,200,ask,YieldingYams,WavyWalnuts,7906162
2026-07-05T05:11:41.954513,2026-07-05T05:11:41.958605+00:00,138.5,200,ask,YieldingYams,WavyWalnuts,7906182
2026-07-05T05:11:42.675058,2026-07-05T05:11:42.679106+00:00,138.6,11,ask,YieldingYams,Xuanyu Liu,7906191
2026-07-05T05:11:43.163491,2026-07-05T05:11:43.174448+00:00,138.6,200,ask,YieldingYams,WavyWalnuts,7906200
2026-07-05T05:11:44.370424,2026-07-05T05:11:44.380107+00:00,138.7,200,bid,WavyWalnuts,YieldingYams,7906216
2026-07-05T05:11:45.495506,2026-07-05T05:11:45.499720+00:00,138.7,10,bid,Xuanyu Liu,YieldingYams,7906231
2026-07-05T05:11:47.882252,2026-07-05T05:11:47.890229+00:00,138.6,20,bid,BrilliantBurritos,YieldingYams,7906265
2026-07-05T05:11:49.234663,2026-07-05T05:11:49.242589+00:00,138.6,200,ask,WavyWalnuts,YieldingYams,7906286
2026-07-05T05:11:50.499328,2026-07-05T05:11:50.507475+00:00,138.5,2,ask,WavyWalnuts,Harold Schneider,7906301
2026-07-05T05:11:50.519649,2026-07-05T05:11:50.528488+00:00,138.5,2,ask,WavyWalnuts,Harold Schneider,7906303
2026-07-05T05:11:53.590869,2026-07-05T05:11:53.602864+00:00,138.6,20,bid,BrilliantBurritos,WavyWalnuts,7906335
2026-07-05T05:11:54.478438,2026-07-05T05:11:54.489982+00:00,138.5,200,bid,YieldingYams,WavyWalnuts,7906347
2026-07-05T05:11:55.266381,2026-07-05T05:11:55.275411+00:00,138.6,200,ask,YieldingYams,WavyWalnuts,7906359
2026-07-05T05:11:55.536732,2026-07-05T05:11:55.548855+00:00,138.6,2,ask,YieldingYams,Harold Schneider,7906362
2026-07-05T05:11:59.733561,2026-07-05T05:11:59.744541+00:00,138.6,200,bid,YieldingYams,WavyWalnuts,7906411
2026-07-05T05:11:59.733561,2026-07-05T05:11:59.744541+00:00,138.8,425,bid,YieldingYams,AverageAlmonds,7906412
2026-07-05T05:12:00.605469,2026-07-05T05:12:00.615997+00:00,138.5,2,ask,WavyWalnuts,Harold Schneider,7906426
2026-07-05T05:12:01.036394,2026-07-05T05:12:01.048601+00:00,138.8,20,bid,BrilliantBurritos,WavyWalnuts,7906430
2026-07-05T05:12:01.316871,2026-07-05T05:12:01.324779+00:00,138.6,200,bid,WavyWalnuts,YieldingYams,7906434
2026-07-05T05:12:05.612348,2026-07-05T05:12:05.616664+00:00,138.8,13,bid,Xuanyu Liu,YieldingYams,7906494
2026-07-05T05:12:05.626792,2026-07-05T05:12:05.637419+00:00,138.6,2,ask,WavyWalnuts,Harold Schneider,7906496
2026-07-05T05:12:06.313019,2026-07-05T05:12:06.332035+00:00,138.7,20,bid,BrilliantBurritos,YieldingYams,7906505
2026-07-05T05:12:06.327519,2026-07-05T05:12:06.332035+00:00,138.7,11,bid,Xuanyu Liu,YieldingYams,7906507
2026-07-05T05:12:08.592283,2026-07-05T05:12:08.600211+00:00,138.7,200,bid,WavyWalnuts,YieldingYams,7906545
2026-07-05T05:12:08.817686,2026-07-05T05:12:08.822067+00:00,138.7,3,bid,Xuanyu Liu,YieldingYams,7906550
2026-07-05T05:12:09.803770,2026-07-05T05:12:09.810675+00:00,138.7,200,bid,WavyWalnuts,YieldingYams,7906570
2026-07-05T05:12:09.916136,2026-07-05T05:12:09.928042+00:00,138.5,20,ask,YieldingYams,BrilliantBurritos,7906577
2026-07-05T05:12:10.644289,2026-07-05T05:12:10.656204+00:00,138.6,2,ask,YieldingYams,Harold Schneider,7906584
2026-07-05T05:12:11.455537,2026-07-05T05:12:11.467788+00:00,138.7,20,bid,BrilliantBurritos,WavyWalnuts,7906594
2026-07-05T05:12:15.545562,2026-07-05T05:12:15.556321+00:00,138.5,200,ask,WavyWalnuts,YieldingYams,7906644
2026-07-05T05:12:16.623749,2026-07-05T05:12:16.635885+00:00,138.5,20,bid,BrilliantBurritos,YieldingYams,7906656
2026-07-05T05:12:18.167811,2026-07-05T05:12:18.179152+00:00,138.4,500,ask,AverageAlmonds,YieldingYams,7906673
2026-07-05T05:12:18.311815,2026-07-05T05:12:18.319531+00:00,138.4,125,bid,WavyWalnuts,YieldingYams,7906674
2026-07-05T05:12:19.475607,2026-07-05T05:12:19.490455+00:00,138.6,500,ask,AverageAlmonds,YieldingYams,7906694
2026-07-05T05:12:21.208065,2026-07-05T05:12:21.220016+00:00,138.7,20,bid,BrilliantBurritos,WavyWalnuts,7906719
2026-07-05T05:12:23.185647,2026-07-05T05:12:23.193484+00:00,138.6,200,ask,YieldingYams,WavyWalnuts,7906746
2026-07-05T05:12:26.630243,2026-07-05T05:12:26.642599+00:00,138.6,200,bid,AverageAlmonds,WavyWalnuts,7906792
2026-07-05T05:12:26.630243,2026-07-05T05:12:26.642599+00:00,138.6,300,bid,AverageAlmonds,YieldingYams,7906793
2026-07-05T05:12:26.859437,2026-07-05T05:12:26.868765+00:00,138.5,20,ask,WavyWalnuts,BrilliantBurritos,7906794
2026-07-05T05:12:27.224900,2026-07-05T05:12:27.233987+00:00,138.6,325,bid,AverageAlmonds,YieldingYams,7906799
2026-07-05T05:12:27.764812,2026-07-05T05:12:27.769408+00:00,138.8,3,bid,Xuanyu Liu,WavyWalnuts,7906819
2026-07-05T05:12:28.027915,2026-07-05T05:12:28.033699+00:00,138.7,200,ask,YieldingYams,WavyWalnuts,7906823
2026-07-05T05:12:29.237000,2026-07-05T05:12:29.246745+00:00,138.7,200,ask,YieldingYams,WavyWalnuts,7906832
2026-07-05T05:12:30.243446,2026-07-05T05:12:30.258625+00:00,138.8,500,bid,AverageAlmonds,YieldingYams,7906847
2026-07-05T05:12:30.685804,2026-07-05T05:12:30.696024+00:00,138.8,25,bid,Harold Schneider,YieldingYams,7906857
2026-07-05T05:12:30.842507,2026-07-05T05:12:30.854020+00:00,138.8,100,bid,AverageAlmonds,YieldingYams,7906862
2026-07-05T05:12:30.842507,2026-07-05T05:12:30.854020+00:00,138.8,200,bid,AverageAlmonds,WavyWalnuts,7906863
2026-07-05T05:12:31.654302,2026-07-05T05:12:31.656412+00:00,138.9,200,ask,YieldingYams,WavyWalnuts,7906872
2026-07-05T05:12:34.784752,2026-07-05T05:12:34.796464+00:00,139.3,20,bid,BrilliantBurritos,YieldingYams,7906912
2026-07-05T05:12:36.732189,2026-07-05T05:12:36.744655+00:00,139.2,20,ask,YieldingYams,BrilliantBurritos,7906931
2026-07-05T05:12:37.213132,2026-07-05T05:12:37.217024+00:00,139.3,11,bid,Xuanyu Liu,WavyWalnuts,7906941
2026-07-05T05:12:37.714321,2026-07-05T05:12:37.723268+00:00,139.2,200,ask,YieldingYams,WavyWalnuts,7906956
2026-07-05T05:12:37.895540,2026-07-05T05:12:37.899622+00:00,139.2,12,bid,Xuanyu Liu,YieldingYams,7906959
2026-07-05T05:12:38.921181,2026-07-05T05:12:38.932146+00:00,139.2,200,bid,WavyWalnuts,YieldingYams,7906970
2026-07-05T05:12:41.343763,2026-07-05T05:12:41.354166+00:00,139.2,200,bid,WavyWalnuts,YieldingYams,7906998
2026-07-05T05:12:44.464542,2026-07-05T05:12:44.468826+00:00,139.2,12,ask,YieldingYams,Xuanyu Liu,7907033
2026-07-05T05:12:45.755285,2026-07-05T05:12:45.784693+00:00,139.4,200,bid,YieldingYams,WavyWalnuts,7907044
2026-07-05T05:12:45.779842,2026-07-05T05:12:45.784693+00:00,139.4,14,ask,YieldingYams,Xuanyu Liu,7907047
2026-07-05T05:12:47.410351,2026-07-05T05:12:47.414716+00:00,139.4,3,bid,Xuanyu Liu,WavyWalnuts,7907072
2026-07-05T05:12:51.013025,2026-07-05T05:12:51.021849+00:00,139.4,200,bid,YieldingYams,WavyWalnuts,7907112
2026-07-05T05:12:51.028000,2026-07-05T05:12:51.031983+00:00,139.4,3,ask,YieldingYams,Xuanyu Liu,7907114
2026-07-05T05:12:51.032903,2026-07-05T05:12:51.042339+00:00,139.4,200,ask,YieldingYams,WavyWalnuts,7907115
2026-07-05T05:12:53.453666,2026-07-05T05:12:53.458612+00:00,139.3,200,bid,WavyWalnuts,YieldingYams,7907136
2026-07-05T05:12:55.790789,2026-07-05T05:12:55.795096+00:00,139.4,3,ask,YieldingYams,Xuanyu Liu,7907177
2026-07-05T05:12:55.880273,2026-07-05T05:12:55.892304+00:00,139.4,20,ask,YieldingYams,BrilliantBurritos,7907179
2026-07-05T05:12:56.284379,2026-07-05T05:12:56.296337+00:00,139.4,500,ask,YieldingYams,AverageAlmonds,7907187
2026-07-05T05:12:56.339541,2026-07-05T05:12:56.358761+00:00,139.3,200,ask,WavyWalnuts,YieldingYams,7907190
2026-07-05T05:12:56.366514,2026-07-05T05:12:56.371353+00:00,139.2,3,bid,Xuanyu Liu,YieldingYams,7907192
2026-07-05T05:12:57.099703,2026-07-05T05:12:57.110551+00:00,139.2,200,bid,WavyWalnuts,YieldingYams,7907202
2026-07-05T05:12:59.518881,2026-07-05T05:12:59.526385+00:00,139.3,200,bid,WavyWalnuts,AverageAlmonds,7907244
2026-07-05T05:13:00.278459,2026-07-05T05:13:00.288013+00:00,139.3,500,bid,YieldingYams,AverageAlmonds,7907254
2026-07-05T05:13:00.336811,2026-07-05T05:13:00.349185+00:00,139.5,20,bid,BrilliantBurritos,YieldingYams,7907255
2026-07-05T05:13:00.728131,2026-07-05T05:13:00.737635+00:00,139.4,200,bid,WavyWalnuts,AverageAlmonds,7907263
2026-07-05T05:13:05.574926,2026-07-05T05:13:05.585208+00:00,139.3,200,ask,YieldingYams,WavyWalnuts,7907321
2026-07-05T05:13:10.859543,2026-07-05T05:13:10.871468+00:00,139.4,2,bid,Harold Schneider,WavyWalnuts,7907391
2026-07-05T05:13:11.894531,2026-07-05T05:13:11.906601+00:00,139.2,20,ask,YieldingYams,BrilliantBurritos,7907409
2026-07-05T05:13:15.877006,2026-07-05T05:13:15.888984+00:00,139.4,2,bid,Harold Schneider,YieldingYams,7907459
2026-07-05T05:13:16.466039,2026-07-05T05:13:16.473332+00:00,139.4,200,bid,WavyWalnuts,YieldingYams,7907468
2026-07-05T05:13:18.619226,2026-07-05T05:13:18.626036+00:00,139.4,200,bid,YieldingYams,WavyWalnuts,7907504
2026-07-05T05:13:23.776728,2026-07-05T05:13:23.785835+00:00,139.2,20,ask,YieldingYams,BrilliantBurritos,7907583
2026-07-05T05:13:25.170103,2026-07-05T05:13:25.181454+00:00,139.4,200,bid,YieldingYams,WavyWalnuts,7907599
2026-07-05T05:13:25.907347,2026-07-05T05:13:25.916541+00:00,139.4,4,ask,YieldingYams,Harold Schneider,7907610
2026-07-05T05:13:26.483410,2026-07-05T05:13:26.493778+00:00,139.3,200,ask,WavyWalnuts,YieldingYams,7907624
2026-07-05T05:13:27.347467,2026-07-05T05:13:27.356429+00:00,139.3,200,bid,WavyWalnuts,YieldingYams,7907638
2026-07-05T05:13:29.116540,2026-07-05T05:13:29.123240+00:00,139.4,200,bid,YieldingYams,WavyWalnuts,7907671
2026-07-05T05:13:29.769534,2026-07-05T05:13:29.778056+00:00,139.4,200,ask,YieldingYams,WavyWalnuts,7907675
2026-07-05T05:13:30.938086,2026-07-05T05:13:30.949716+00:00,139.4,2,bid,Harold Schneider,YieldingYams,7907699
2026-07-05T05:13:32.193917,2026-07-05T05:13:32.201522+00:00,139.3,200,bid,WavyWalnuts,YieldingYams,7907723
2026-07-05T05:13:34.362808,2026-07-05T05:13:34.370191+00:00,139.4,200,bid,YieldingYams,WavyWalnuts,7907753
2026-07-05T05:13:35.829424,2026-07-05T05:13:35.839622+00:00,139.5,200,bid,WavyWalnuts,YieldingYams,7907779
2026-07-05T05:13:37.039327,2026-07-05T05:13:37.048730+00:00,139.4,200,bid,WavyWalnuts,YieldingYams,7907792
2026-07-05T05:13:37.557448,2026-07-05T05:13:37.569137+00:00,139.4,20,bid,BrilliantBurritos,YieldingYams,7907796
2026-07-05T05:13:38.297246,2026-07-05T05:13:38.304002+00:00,139.3,200,bid,YieldingYams,WavyWalnuts,7907812
2026-07-05T05:13:38.516312,2026-07-05T05:13:38.524205+00:00,139.5,20,bid,BrilliantBurritos,YieldingYams,7907814
2026-07-05T05:13:40.685468,2026-07-05T05:13:40.696090+00:00,139.2,200,ask,YieldingYams,WavyWalnuts,7907851
2026-07-05T05:13:42.195820,2026-07-05T05:13:42.203421+00:00,139.2,20,ask,YieldingYams,BrilliantBurritos,7907873
2026-07-05T05:13:46.005987,2026-07-05T05:13:46.014513+00:00,139.4,2,bid,Harold Schneider,YieldingYams,7907931
2026-07-05T05:13:51.024301,2026-07-05T05:13:51.036295+00:00,139.0,2,bid,Harold Schneider,WavyWalnuts,7907997
2026-07-05T05:13:52.716516,2026-07-05T05:13:52.724263+00:00,138.7,20,ask,WavyWalnuts,BrilliantBurritos,7908022
2026-07-05T05:13:52.719920,2026-07-05T05:13:52.729497+00:00,139.0,200,bid,YieldingYams,WavyWalnuts,7908023
2026-07-05T05:13:53.279670,2026-07-05T05:13:53.285028+00:00,139.1,3,bid,Xuanyu Liu,WavyWalnuts,7908027
2026-07-05T05:13:54.034039,2026-07-05T05:13:54.043323+00:00,139.0,200,ask,WavyWalnuts,YieldingYams,7908048
2026-07-05T05:13:54.052844,2026-07-05T05:13:54.057379+00:00,139.0,11,bid,Xuanyu Liu,YieldingYams,7908050
2026-07-05T05:13:57.966342,2026-07-05T05:13:57.976172+00:00,139.1,200,ask,WavyWalnuts,YieldingYams,7908099
2026-07-05T05:13:59.398224,2026-07-05T05:13:59.410116+00:00,139.0,10,ask,Harold Schneider,BrilliantBurritos,7908120
2026-07-05T05:13:59.398224,2026-07-05T05:13:59.410116+00:00,139.0,10,ask,YieldingYams,BrilliantBurritos,7908121
2026-07-05T05:14:00.037149,2026-07-05T05:14:00.047627+00:00,139.0,200,ask,YieldingYams,WavyWalnuts,7908131
2026-07-05T05:14:01.246912,2026-07-05T05:14:01.250871+00:00,139.0,200,ask,YieldingYams,WavyWalnuts,7908147
2026-07-05T05:14:02.224800,2026-07-05T05:14:02.237492+00:00,139.1,20,bid,BrilliantBurritos,YieldingYams,7908164
2026-07-05T05:14:02.779653,2026-07-05T05:14:02.783999+00:00,139.0,11,ask,WavyWalnuts,Xuanyu Liu,7908177
2026-07-05T05:14:03.205141,2026-07-05T05:14:03.214987+00:00,139.0,189,ask,WavyWalnuts,YieldingYams,7908181
2026-07-05T05:14:03.663537,2026-07-05T05:14:03.671097+00:00,139.0,200,bid,WavyWalnuts,YieldingYams,7908191
2026-07-05T05:14:04.872293,2026-07-05T05:14:04.881524+00:00,139.0,200,bid,WavyWalnuts,YieldingYams,7908210
2026-07-05T05:14:06.102512,2026-07-05T05:14:06.114597+00:00,138.9,2,ask,WavyWalnuts,Harold Schneider,7908228
2026-07-05T05:14:06.848144,2026-07-05T05:14:06.858535+00:00,138.9,20,ask,WavyWalnuts,BrilliantBurritos,7908240
2026-07-05T05:14:09.732451,2026-07-05T05:14:09.740986+00:00,139.1,200,bid,WavyWalnuts,YieldingYams,7908288
2026-07-05T05:14:11.093866,2026-07-05T05:14:11.098062+00:00,139.1,3,ask,YieldingYams,Xuanyu Liu,7908307
2026-07-05T05:14:11.117048,2026-07-05T05:14:11.128702+00:00,139.1,2,ask,YieldingYams,Harold Schneider,7908308
2026-07-05T05:14:13.695634,2026-07-05T05:14:13.707455+00:00,139.3,200,bid,YieldingYams,WavyWalnuts,7908336
2026-07-05T05:14:13.695634,2026-07-05T05:14:13.707455+00:00,139.4,425,bid,YieldingYams,AverageAlmonds,7908337
2026-07-05T05:14:16.135601,2026-07-05T05:14:16.147781+00:00,139.0,2,ask,WavyWalnuts,Harold Schneider,7908385
2026-07-05T05:14:16.417075,2026-07-05T05:14:16.429225+00:00,139.1,20,ask,YieldingYams,BrilliantBurritos,7908386
2026-07-05T05:14:16.993834,2026-07-05T05:14:17.002806+00:00,139.1,200,ask,YieldingYams,WavyWalnuts,7908390
2026-07-05T05:14:18.200698,2026-07-05T05:14:18.209584+00:00,139.0,200,bid,WavyWalnuts,YieldingYams,7908410
2026-07-05T05:14:19.980692,2026-07-05T05:14:19.992675+00:00,139.1,20,bid,BrilliantBurritos,YieldingYams,7908438
2026-07-05T05:14:21.150764,2026-07-05T05:14:21.158614+00:00,138.9,8,ask,YieldingYams,Harold Schneider,7908443
2026-07-05T05:14:21.169269,2026-07-05T05:14:21.178364+00:00,138.9,2,ask,YieldingYams,Harold Schneider,7908445
2026-07-05T05:14:21.174412,2026-07-05T05:14:21.178364+00:00,138.9,3,ask,YieldingYams,Xuanyu Liu,7908446
2026-07-05T05:14:21.585139,2026-07-05T05:14:21.594556+00:00,138.9,200,ask,WavyWalnuts,YieldingYams,7908451
2026-07-05T05:14:28.075791,2026-07-05T05:14:28.080361+00:00,138.7,11,ask,WavyWalnuts,Xuanyu Liu,7908559
2026-07-05T05:14:30.297760,2026-07-05T05:14:30.306269+00:00,138.8,200,bid,WavyWalnuts,YieldingYams,7908585
2026-07-05T05:14:30.764630,2026-07-05T05:14:30.768630+00:00,138.8,12,ask,YieldingYams,Xuanyu Liu,7908595
2026-07-05T05:14:31.515169,2026-07-05T05:14:31.523022+00:00,138.8,200,ask,YieldingYams,WavyWalnuts,7908608
2026-07-05T05:14:33.934322,2026-07-05T05:14:33.941659+00:00,138.8,200,ask,YieldingYams,WavyWalnuts,7908641
2026-07-05T05:14:34.423576,2026-07-05T05:14:34.428547+00:00,138.8,11,ask,YieldingYams,Xuanyu Liu,7908656
2026-07-05T05:14:37.310425,2026-07-05T05:14:37.317722+00:00,138.9,200,bid,YieldingYams,WavyWalnuts,7908700
2026-07-05T05:14:37.328670,2026-07-05T05:14:37.332943+00:00,138.9,12,ask,YieldingYams,Xuanyu Liu,7908702
2026-07-05T05:14:41.212661,2026-07-05T05:14:41.217082+00:00,138.7,11,ask,WavyWalnuts,Xuanyu Liu,7908748
2026-07-05T05:14:41.420084,2026-07-05T05:14:41.432170+00:00,138.8,20,bid,BrilliantBurritos,YieldingYams,7908754
2026-07-05T05:14:42.411841,2026-07-05T05:14:42.420448+00:00,138.7,200,ask,AverageAlmonds,WavyWalnuts,7908758
2026-07-05T05:14:46.521852,2026-07-05T05:14:46.525986+00:00,138.9,3,ask,YieldingYams,Xuanyu Liu,7908817
2026-07-05T05:14:47.257325,2026-07-05T05:14:47.268957+00:00,138.9,200,ask,YieldingYams,WavyWalnuts,7908826
2026-07-05T05:14:49.806364,2026-07-05T05:14:49.818705+00:00,138.7,20,ask,YieldingYams,BrilliantBurritos,7908870
2026-07-05T05:14:50.298475,2026-07-05T05:14:50.307288+00:00,138.9,20,bid,BrilliantBurritos,WavyWalnuts,7908879
2026-07-05T05:14:53.417364,2026-07-05T05:14:53.421487+00:00,138.9,3,bid,Xuanyu Liu,WavyWalnuts,7908924
2026-07-05T05:14:54.365635,2026-07-05T05:14:54.374286+00:00,138.9,197,bid,YieldingYams,WavyWalnuts,7908939
2026-07-05T05:14:55.691644,2026-07-05T05:14:55.695682+00:00,138.8,11,bid,Xuanyu Liu,YieldingYams,7908961
2026-07-05T05:14:55.720288,2026-07-05T05:14:55.732310+00:00,138.8,200,bid,WavyWalnuts,YieldingYams,7908962
2026-07-05T05:14:58.143574,2026-07-05T05:14:58.158601+00:00,138.7,200,ask,YieldingYams,WavyWalnuts,7909003
2026-07-05T05:15:01.776063,2026-07-05T05:15:01.785910+00:00,138.7,200,ask,YieldingYams,WavyWalnuts,7909048
2026-07-05T05:15:04.608555,2026-07-05T05:15:04.619989+00:00,138.9,20,bid,BrilliantBurritos,WavyWalnuts,7909079
2026-07-05T05:15:06.165304,2026-07-05T05:15:06.173070+00:00,138.7,200,ask,WavyWalnuts,YieldingYams,7909097
2026-07-05T05:15:06.184279,2026-07-05T05:15:06.188324+00:00,138.7,12,bid,Xuanyu Liu,YieldingYams,7909100
2026-07-05T05:15:06.613303,2026-07-05T05:15:06.622660+00:00,138.7,200,bid,WavyWalnuts,YieldingYams,7909112
2026-07-05T05:15:08.786572,2026-07-05T05:15:08.806795+00:00,138.9,200,bid,YieldingYams,WavyWalnuts,7909137
2026-07-05T05:15:08.802158,2026-07-05T05:15:08.806795+00:00,138.9,12,ask,YieldingYams,Xuanyu Liu,7909139
2026-07-05T05:15:09.155160,2026-07-05T05:15:09.158608+00:00,138.9,20,ask,YieldingYams,BrilliantBurritos,7909152
2026-07-05T05:15:12.434937,2026-07-05T05:15:12.439490+00:00,138.9,23,bid,Xuanyu Liu,YieldingYams,7909197
2026-07-05T05:15:14.077300,2026-07-05T05:15:14.086731+00:00,138.8,200,ask,WavyWalnuts,YieldingYams,7909226
2026-07-05T05:15:14.093296,2026-07-05T05:15:14.097835+00:00,138.8,12,bid,Xuanyu Liu,YieldingYams,7909228
2026-07-05T05:15:15.097825,2026-07-05T05:15:15.105490+00:00,138.8,200,bid,WavyWalnuts,YieldingYams,7909245
2026-07-05T05:15:23.992417,2026-07-05T05:15:23.999913+00:00,138.7,500,bid,AverageAlmonds,YieldingYams,7909368
2026-07-05T05:15:24.556819,2026-07-05T05:15:24.558586+00:00,138.7,200,bid,YieldingYams,WavyWalnuts,7909380
2026-07-05T05:15:24.577142,2026-07-05T05:15:24.581945+00:00,138.8,12,ask,YieldingYams,Xuanyu Liu,7909382
2026-07-05T05:15:24.780538,2026-07-05T05:15:24.790009+00:00,138.8,200,ask,YieldingYams,WavyWalnuts,7909387
2026-07-05T05:15:25.870099,2026-07-05T05:15:25.891250+00:00,138.9,500,ask,AverageAlmonds,YieldingYams,7909405
2026-07-05T05:15:25.886960,2026-07-05T05:15:25.891250+00:00,138.8,23,bid,Xuanyu Liu,YieldingYams,7909407
2026-07-05T05:15:25.990506,2026-07-05T05:15:26.000057+00:00,138.6,200,ask,YieldingYams,WavyWalnuts,7909412
2026-07-05T05:15:26.393918,2026-07-05T05:15:26.402441+00:00,138.8,102,bid,AverageAlmonds,YieldingYams,7909415
2026-07-05T05:15:27.199466,2026-07-05T05:15:27.207070+00:00,138.9,200,ask,YieldingYams,WavyWalnuts,7909428
2026-07-05T05:15:28.408634,2026-07-05T05:15:28.416295+00:00,138.9,200,ask,YieldingYams,WavyWalnuts,7909442
2026-07-05T05:15:29.617838,2026-07-05T05:15:29.624883+00:00,138.8,200,ask,AverageAlmonds,WavyWalnuts,7909460
2026-07-05T05:15:29.800392,2026-07-05T05:15:29.810089+00:00,138.8,300,ask,AverageAlmonds,YieldingYams,7909463
2026-07-05T05:15:30.048819,2026-07-05T05:15:30.054933+00:00,138.8,325,bid,AverageAlmonds,YieldingYams,7909467
2026-07-05T05:15:30.826527,2026-07-05T05:15:30.835435+00:00,138.8,200,ask,AverageAlmonds,WavyWalnuts,7909477
2026-07-05T05:15:31.444651,2026-07-05T05:15:31.449172+00:00,139.0,23,ask,YieldingYams,Xuanyu Liu,7909490
2026-07-05T05:15:31.730947,2026-07-05T05:15:31.743366+00:00,139.0,20,ask,YieldingYams,BrilliantBurritos,7909495
2026-07-05T05:15:32.037105,2026-07-05T05:15:32.047594+00:00,139.0,200,ask,YieldingYams,WavyWalnuts,7909498
2026-07-05T05:15:32.439866,2026-07-05T05:15:32.444771+00:00,139.1,11,ask,YieldingYams,Xuanyu Liu,7909503
2026-07-05T05:15:33.246118,2026-07-05T05:15:33.258609+00:00,139.1,200,ask,YieldingYams,WavyWalnuts,7909513
2026-07-05T05:15:36.345483,2026-07-05T05:15:36.352508+00:00,139.1,200,bid,YieldingYams,WavyWalnuts,7909573
2026-07-05T05:15:36.364984,2026-07-05T05:15:36.369258+00:00,139.1,12,ask,YieldingYams,Xuanyu Liu,7909575
2026-07-05T05:15:36.877356,2026-07-05T05:15:36.884123+00:00,139.1,200,ask,YieldingYams,WavyWalnuts,7909586
2026-07-05T05:15:39.683363,2026-07-05T05:15:39.695917+00:00,139.1,20,ask,YieldingYams,BrilliantBurritos,7909625
2026-07-05T05:15:40.370818,2026-07-05T05:15:40.380513+00:00,139.2,20,bid,BrilliantBurritos,WavyWalnuts,7909637
2026-07-05T05:15:44.064193,2026-07-05T05:15:44.068129+00:00,139.1,12,bid,Xuanyu Liu,WavyWalnuts,7909694
2026-07-05T05:15:46.859264,2026-07-05T05:15:46.863995+00:00,139.0,11,bid,Xuanyu Liu,YieldingYams,7909733
2026-07-05T05:15:47.218989,2026-07-05T05:15:47.223170+00:00,139.0,12,bid,Xuanyu Liu,YieldingYams,7909741
2026-07-05T05:15:48.151566,2026-07-05T05:15:48.151372+00:00,138.9,200,ask,WavyWalnuts,YieldingYams,7909757
2026-07-05T05:15:48.977911,2026-07-05T05:15:48.987528+00:00,138.6,200,bid,WavyWalnuts,YieldingYams,7909772
2026-07-05T05:15:52.781126,2026-07-05T05:15:52.793254+00:00,138.9,20,bid,BrilliantBurritos,YieldingYams,7909836
2026-07-05T05:15:56.036121,2026-07-05T05:15:56.044036+00:00,138.9,200,bid,YieldingYams,WavyWalnuts,7909889
2026-07-05T05:15:56.691372,2026-07-05T05:15:56.700412+00:00,138.9,425,ask,YieldingYams,AverageAlmonds,7909904
2026-07-05T05:15:56.717262,2026-07-05T05:15:56.721668+00:00,138.9,11,bid,Xuanyu Liu,AverageAlmonds,7909906
2026-07-05T05:15:57.350539,2026-07-05T05:15:57.359094+00:00,138.8,200,ask,WavyWalnuts,YieldingYams,7909914
2026-07-05T05:15:57.373457,2026-07-05T05:15:57.377974+00:00,138.8,3,bid,Xuanyu Liu,YieldingYams,7909919
2026-07-05T05:15:58.651493,2026-07-05T05:15:58.658671+00:00,138.8,200,bid,WavyWalnuts,YieldingYams,7909938
2026-07-05T05:15:59.533435,2026-07-05T05:15:59.545220+00:00,138.8,20,ask,YieldingYams,BrilliantBurritos,7909948
2026-07-05T05:15:59.982228,2026-07-05T05:15:59.995315+00:00,138.9,500,bid,YieldingYams,AverageAlmonds,7909956
2026-07-05T05:15:59.982228,2026-07-05T05:15:59.995315+00:00,139.0,125,bid,YieldingYams,WavyWalnuts,7909957
2026-07-05T05:16:00.708833,2026-07-05T05:16:00.720423+00:00,139.0,20,bid,BrilliantBurritos,WavyWalnuts,7909969
2026-07-05T05:16:01.300686,2026-07-05T05:16:01.312492+00:00,138.9,200,ask,WavyWalnuts,YieldingYams,7909982
2026-07-05T05:16:02.389422,2026-07-05T05:16:02.402108+00:00,138.9,20,bid,BrilliantBurritos,YieldingYams,7909997
2026-07-05T05:16:09.212456,2026-07-05T05:16:09.222624+00:00,138.8,200,bid,YieldingYams,WavyWalnuts,7910108
2026-07-05T05:16:09.569224,2026-07-05T05:16:09.578464+00:00,138.9,200,ask,YieldingYams,WavyWalnuts,7910114
2026-07-05T05:16:12.126933,2026-07-05T05:16:12.139008+00:00,138.8,20,ask,YieldingYams,BrilliantBurritos,7910148
2026-07-05T05:16:13.178784,2026-07-05T05:16:13.186592+00:00,138.9,200,bid,YieldingYams,WavyWalnuts,7910162
2026-07-05T05:16:13.196153,2026-07-05T05:16:13.203971+00:00,138.9,200,ask,YieldingYams,WavyWalnuts,7910163
2026-07-05T05:16:14.491539,2026-07-05T05:16:14.501813+00:00,138.9,200,ask,WavyWalnuts,YieldingYams,7910183
2026-07-05T05:16:16.353580,2026-07-05T05:16:16.351256+00:00,138.9,20,bid,BrilliantBurritos,WavyWalnuts,7910220
2026-07-05T05:16:17.165796,2026-07-05T05:16:17.170297+00:00,138.8,3,ask,YieldingYams,Xuanyu Liu,7910235
2026-07-05T05:16:19.776213,2026-07-05T05:16:19.784308+00:00,138.9,200,bid,YieldingYams,WavyWalnuts,7910281
2026-07-05T05:16:20.464176,2026-07-05T05:16:20.474582+00:00,138.9,200,ask,YieldingYams,WavyWalnuts,7910288
2026-07-05T05:16:21.674356,2026-07-05T05:16:21.685748+00:00,138.8,200,ask,AverageAlmonds,WavyWalnuts,7910305
2026-07-05T05:16:25.630126,2026-07-05T05:16:25.642363+00:00,139.0,20,bid,BrilliantBurritos,YieldingYams,7910363
2026-07-05T05:16:30.295135,2026-07-05T05:16:30.314045+00:00,139.1,200,ask,WavyWalnuts,YieldingYams,7910438
2026-07-05T05:16:30.309945,2026-07-05T05:16:30.314045+00:00,139.0,3,bid,Xuanyu Liu,YieldingYams,7910440
2026-07-05T05:16:31.346534,2026-07-05T05:16:31.358622+00:00,139.0,200,bid,WavyWalnuts,YieldingYams,7910462
2026-07-05T05:16:37.120942,2026-07-05T05:16:37.133310+00:00,139.3,20,bid,BrilliantBurritos,WavyWalnuts,7910534
2026-07-05T05:16:38.522173,2026-07-05T05:16:38.534362+00:00,139.3,20,bid,BrilliantBurritos,WavyWalnuts,7910552
2026-07-05T05:16:39.494290,2026-07-05T05:16:39.496927+00:00,139.3,200,bid,YieldingYams,WavyWalnuts,7910572
2026-07-05T05:16:39.819588,2026-07-05T05:16:39.830838+00:00,139.3,200,ask,YieldingYams,WavyWalnuts,7910581
2026-07-05T05:16:42.563022,2026-07-05T05:16:42.574352+00:00,139.2,20,bid,BrilliantBurritos,YieldingYams,7910629
2026-07-05T05:16:43.472020,2026-07-05T05:16:43.480710+00:00,139.1,200,ask,YieldingYams,WavyWalnuts,7910654
2026-07-05T05:16:47.418607,2026-07-05T05:16:47.427411+00:00,139.5,500,bid,YieldingYams,AverageAlmonds,7910722
2026-07-05T05:16:47.418607,2026-07-05T05:16:47.427411+00:00,139.5,125,bid,YieldingYams,WavyWalnuts,7910723
2026-07-05T05:16:47.435053,2026-07-05T05:16:47.442873+00:00,139.5,20,bid,BrilliantBurritos,WavyWalnuts,7910724
2026-07-05T05:16:48.309924,2026-07-05T05:16:48.318692+00:00,139.4,200,bid,WavyWalnuts,AverageAlmonds,7910736
2026-07-05T05:16:51.365490,2026-07-05T05:16:51.385971+00:00,139.4,200,bid,YieldingYams,WavyWalnuts,7910795
2026-07-05T05:16:51.381256,2026-07-05T05:16:51.385971+00:00,139.4,2,ask,YieldingYams,Xuanyu Liu,7910797
2026-07-05T05:16:52.700230,2026-07-05T05:16:52.708031+00:00,139.4,20,ask,YieldingYams,BrilliantBurritos,7910814
2026-07-05T05:16:53.608115,2026-07-05T05:16:53.617592+00:00,139.4,500,ask,YieldingYams,AverageAlmonds,7910829
2026-07-05T05:16:54.009585,2026-07-05T05:16:54.028598+00:00,139.4,200,ask,WavyWalnuts,YieldingYams,7910841
2026-07-05T05:16:54.024897,2026-07-05T05:16:54.028598+00:00,139.3,2,bid,Xuanyu Liu,YieldingYams,7910843
2026-07-05T05:16:55.324546,2026-07-05T05:16:55.333606+00:00,139.2,200,ask,WavyWalnuts,YieldingYams,7910869
2026-07-05T05:16:55.573944,2026-07-05T05:16:55.585448+00:00,139.2,20,bid,BrilliantBurritos,YieldingYams,7910876
2026-07-05T05:16:55.585430,2026-07-05T05:16:55.596158+00:00,139.2,200,bid,WavyWalnuts,YieldingYams,7910879
2026-07-05T05:16:56.798233,2026-07-05T05:16:56.806311+00:00,139.2,200,ask,YieldingYams,WavyWalnuts,7910897
2026-07-05T05:16:59.444663,2026-07-05T05:16:59.454851+00:00,139.1,20,ask,WavyWalnuts,BrilliantBurritos,7910942
2026-07-05T05:17:03.312176,2026-07-05T05:17:03.316553+00:00,139.1,3,ask,WavyWalnuts,Xuanyu Liu,7910991
2026-07-05T05:17:09.809726,2026-07-05T05:17:09.820045+00:00,139.0,200,ask,WavyWalnuts,YieldingYams,7911076
2026-07-05T05:17:13.591570,2026-07-05T05:17:13.595768+00:00,138.9,11,ask,AverageAlmonds,Xuanyu Liu,7911139
2026-07-05T05:17:13.722286,2026-07-05T05:17:13.733235+00:00,138.9,200,ask,AverageAlmonds,WavyWalnuts,7911140
2026-07-05T05:17:13.753540,2026-07-05T05:17:13.758592+00:00,138.9,289,ask,AverageAlmonds,YieldingYams,7911143
2026-07-05T05:17:15.377467,2026-07-05T05:17:15.386154+00:00,138.9,500,bid,AverageAlmonds,YieldingYams,7911172
2026-07-05T05:17:16.378898,2026-07-05T05:17:16.386761+00:00,139.1,200,bid,YieldingYams,WavyWalnuts,7911191
2026-07-05T05:17:16.398062,2026-07-05T05:17:16.402205+00:00,139.1,12,ask,YieldingYams,Xuanyu Liu,7911193
2026-07-05T05:17:18.561200,2026-07-05T05:17:18.569860+00:00,139.2,200,ask,YieldingYams,WavyWalnuts,7911229
2026-07-05T05:17:19.078141,2026-07-05T05:17:19.082439+00:00,139.5,26,bid,Xuanyu Liu,YieldingYams,7911239
2026-07-05T05:17:20.980203,2026-07-05T05:17:20.989348+00:00,139.4,200,bid,WavyWalnuts,YieldingYams,7911274
2026-07-05T05:17:22.195872,2026-07-05T05:17:22.204812+00:00,139.5,200,ask,YieldingYams,WavyWalnuts,7911303
2026-07-05T05:17:24.321088,2026-07-05T05:17:24.331609+00:00,139.4,200,bid,YieldingYams,WavyWalnuts,7911338
2026-07-05T05:17:25.829774,2026-07-05T05:17:25.838965+00:00,139.5,200,bid,WavyWalnuts,YieldingYams,7911364
2026-07-05T05:17:31.458557,2026-07-05T05:17:31.470800+00:00,139.6,20,bid,BrilliantBurritos,WavyWalnuts,7911447
2026-07-05T05:17:32.209350,2026-07-05T05:17:32.220247+00:00,139.6,500,bid,YieldingYams,AverageAlmonds,7911466
2026-07-05T05:17:32.209350,2026-07-05T05:17:32.220247+00:00,139.6,125,bid,YieldingYams,WavyWalnuts,7911467
2026-07-05T05:17:37.950181,2026-07-05T05:17:37.952306+00:00,139.4,200,ask,YieldingYams,WavyWalnuts,7911546
2026-07-05T05:17:41.414859,2026-07-05T05:17:41.422786+00:00,139.4,200,bid,YieldingYams,WavyWalnuts,7911601
2026-07-05T05:17:43.052944,2026-07-05T05:17:43.055416+00:00,139.5,20,bid,BrilliantBurritos,YieldingYams,7911621
2026-07-05T05:17:44.278447,2026-07-05T05:17:44.282878+00:00,139.5,3,bid,Xuanyu Liu,WavyWalnuts,7911636
2026-07-05T05:17:45.360169,2026-07-05T05:17:45.370209+00:00,139.5,200,bid,YieldingYams,WavyWalnuts,7911650
2026-07-05T05:17:45.360169,2026-07-05T05:17:45.370209+00:00,139.6,425,bid,YieldingYams,AverageAlmonds,7911651
2026-07-05T05:17:46.627756,2026-07-05T05:17:46.635895+00:00,139.5,25,bid,Harold Schneider,WavyWalnuts,7911671
2026-07-05T05:17:46.679460,2026-07-05T05:17:46.687164+00:00,139.3,200,ask,WavyWalnuts,YieldingYams,7911672
2026-07-05T05:17:46.721213,2026-07-05T05:17:46.726258+00:00,139.3,22,bid,Xuanyu Liu,YieldingYams,7911674
2026-07-05T05:17:49.317918,2026-07-05T05:17:49.324697+00:00,139.3,200,bid,YieldingYams,WavyWalnuts,7911705
2026-07-05T05:17:49.336957,2026-07-05T05:17:49.341521+00:00,139.4,11,ask,YieldingYams,Xuanyu Liu,7911707
2026-07-05T05:17:51.263574,2026-07-05T05:17:51.274216+00:00,139.4,200,ask,YieldingYams,WavyWalnuts,7911731
2026-07-05T05:17:54.892003,2026-07-05T05:17:54.902088+00:00,139.4,200,bid,WavyWalnuts,YieldingYams,7911781
2026-07-05T05:18:00.219072,2026-07-05T05:18:00.228558+00:00,139.5,20,ask,WavyWalnuts,BrilliantBurritos,7911860
2026-07-05T05:18:00.295864,2026-07-05T05:18:00.300093+00:00,139.5,14,ask,WavyWalnuts,Xuanyu Liu,7911864
2026-07-05T05:18:05.822904,2026-07-05T05:18:05.830614+00:00,139.5,200,ask,YieldingYams,WavyWalnuts,7911945
2026-07-05T05:18:06.578815,2026-07-05T05:18:06.583496+00:00,139.7,3,bid,Xuanyu Liu,YieldingYams,7911964
2026-07-05T05:18:06.674805,2026-07-05T05:18:06.682653+00:00,139.7,25,bid,Harold Schneider,YieldingYams,7911968
2026-07-05T05:18:10.378158,2026-07-05T05:18:10.386104+00:00,139.7,200,ask,WavyWalnuts,YieldingYams,7912023
2026-07-05T05:18:13.104495,2026-07-05T05:18:13.114265+00:00,139.7,200,bid,WavyWalnuts,YieldingYams,7912059
2026-07-05T05:18:14.359703,2026-07-05T05:18:14.369790+00:00,139.8,200,bid,YieldingYams,WavyWalnuts,7912076
2026-07-05T05:18:16.733286,2026-07-05T05:18:16.740235+00:00,139.8,200,ask,YieldingYams,WavyWalnuts,7912114
2026-07-05T05:18:18.468247,2026-07-05T05:18:18.480242+00:00,140.0,20,bid,BrilliantBurritos,WavyWalnuts,7912141
2026-07-05T05:18:19.621484,2026-07-05T05:18:19.630665+00:00,140.0,200,bid,YieldingYams,WavyWalnuts,7912160
2026-07-05T05:18:22.417722,2026-07-05T05:18:22.421961+00:00,140.2,11,bid,Xuanyu Liu,WavyWalnuts,7912206
2026-07-05T05:18:22.508232,2026-07-05T05:18:22.516194+00:00,140.2,20,bid,BrilliantBurritos,WavyWalnuts,7912207
2026-07-05T05:18:23.573098,2026-07-05T05:18:23.585644+00:00,140.1,200,ask,WavyWalnuts,YieldingYams,7912218
2026-07-05T05:18:23.592704,2026-07-05T05:18:23.597392+00:00,140.1,12,bid,Xuanyu Liu,YieldingYams,7912222
2026-07-05T05:18:24.023129,2026-07-05T05:18:24.030917+00:00,140.1,200,bid,WavyWalnuts,YieldingYams,7912227
2026-07-05T05:18:26.247754,2026-07-05T05:18:26.253024+00:00,140.2,12,ask,YieldingYams,Xuanyu Liu,7912257
2026-07-05T05:18:27.149865,2026-07-05T05:18:27.156709+00:00,140.4,20,bid,BrilliantBurritos,YieldingYams,7912277
2026-07-05T05:18:27.555577,2026-07-05T05:18:27.560018+00:00,140.3,11,ask,YieldingYams,Xuanyu Liu,7912284
2026-07-05T05:18:27.686040,2026-07-05T05:18:27.693022+00:00,140.3,200,ask,YieldingYams,WavyWalnuts,7912286
2026-07-05T05:18:28.065366,2026-07-05T05:18:28.074789+00:00,140.5,20,bid,BrilliantBurritos,YieldingYams,7912290
2026-07-05T05:18:31.238780,2026-07-05T05:18:31.250713+00:00,140.1,20,ask,WavyWalnuts,BrilliantBurritos,7912344
2026-07-05T05:18:31.321219,2026-07-05T05:18:31.332129+00:00,140.3,200,bid,WavyWalnuts,YieldingYams,7912347
2026-07-05T05:18:36.749758,2026-07-05T05:18:36.754198+00:00,140.5,3,ask,YieldingYams,Xuanyu Liu,7912420
2026-07-05T05:18:39.784576,2026-07-05T05:18:39.793603+00:00,140.4,20,ask,YieldingYams,BrilliantBurritos,7912461
2026-07-05T05:18:45.849388,2026-07-05T05:18:45.858570+00:00,140.5,200,ask,YieldingYams,WavyWalnuts,7912562
2026-07-05T05:18:47.385783,2026-07-05T05:18:47.396331+00:00,140.6,500,ask,YieldingYams,AverageAlmonds,7912583
2026-07-05T05:18:47.999260,2026-07-05T05:18:48.009115+00:00,140.6,125,ask,YieldingYams,AverageAlmonds,7912593
2026-07-05T05:18:51.197408,2026-07-05T05:18:51.208173+00:00,140.3,200,ask,WavyWalnuts,YieldingYams,7912634
2026-07-05T05:18:51.898997,2026-07-05T05:18:51.908538+00:00,140.3,200,bid,WavyWalnuts,YieldingYams,7912647
2026-07-05T05:18:54.322368,2026-07-05T05:18:54.333879+00:00,140.3,200,ask,YieldingYams,WavyWalnuts,7912671
2026-07-05T05:18:56.510145,2026-07-05T05:18:56.521931+00:00,140.5,200,bid,YieldingYams,WavyWalnuts,7912714
2026-07-05T05:18:56.529540,2026-07-05T05:18:56.534502+00:00,140.5,14,ask,YieldingYams,Xuanyu Liu,7912716
2026-07-05T05:18:56.820892,2026-07-05T05:18:56.832878+00:00,140.5,25,ask,YieldingYams,Harold Schneider,7912719
2026-07-05T05:18:57.257215,2026-07-05T05:18:57.261531+00:00,140.6,11,bid,Xuanyu Liu,WavyWalnuts,7912728
2026-07-05T05:18:57.950016,2026-07-05T05:18:57.957140+00:00,140.5,200,ask,YieldingYams,WavyWalnuts,7912737
2026-07-05T05:19:00.007240,2026-07-05T05:19:00.019521+00:00,140.6,20,bid,BrilliantBurritos,WavyWalnuts,7912771
2026-07-05T05:19:00.375005,2026-07-05T05:19:00.385699+00:00,140.5,200,ask,YieldingYams,WavyWalnuts,7912776
2026-07-05T05:19:01.584060,2026-07-05T05:19:01.594328+00:00,140.5,200,ask,YieldingYams,WavyWalnuts,7912790
2026-07-05T05:19:03.086060,2026-07-05T05:19:03.094367+00:00,140.6,200,bid,YieldingYams,WavyWalnuts,7912816
2026-07-05T05:19:03.135752,2026-07-05T05:19:03.147409+00:00,140.6,425,ask,YieldingYams,AverageAlmonds,7912817
2026-07-05T05:19:06.665290,2026-07-05T05:19:06.669650+00:00,140.3,11,ask,YieldingYams,Xuanyu Liu,7912879
2026-07-05T05:19:06.852061,2026-07-05T05:19:06.857540+00:00,140.3,25,ask,YieldingYams,Harold Schneider,7912881
2026-07-05T05:19:07.653210,2026-07-05T05:19:07.656324+00:00,140.4,12,ask,WavyWalnuts,Xuanyu Liu,7912894
2026-07-05T05:19:08.341721,2026-07-05T05:19:08.350730+00:00,140.4,188,ask,WavyWalnuts,YieldingYams,7912909
2026-07-05T05:19:10.966484,2026-07-05T05:19:10.975731+00:00,140.4,200,bid,YieldingYams,WavyWalnuts,7912950
2026-07-05T05:19:11.008732,2026-07-05T05:19:11.017474+00:00,140.4,425,ask,YieldingYams,AverageAlmonds,7912954
2026-07-05T05:19:12.486821,2026-07-05T05:19:12.495360+00:00,140.4,200,bid,WavyWalnuts,AverageAlmonds,7912976
2026-07-05T05:19:14.525450,2026-07-05T05:19:14.532830+00:00,140.3,20,bid,BrilliantBurritos,YieldingYams,7913007
2026-07-05T05:19:14.632817,2026-07-05T05:19:14.641208+00:00,140.2,200,ask,WavyWalnuts,AverageAlmonds,7913011
2026-07-05T05:19:14.653545,2026-07-05T05:19:14.657614+00:00,140.2,12,bid,Xuanyu Liu,AverageAlmonds,7913013
2026-07-05T05:19:16.243384,2026-07-05T05:19:16.250553+00:00,140.1,200,ask,WavyWalnuts,YieldingYams,7913033
2026-07-05T05:19:17.339053,2026-07-05T05:19:17.346146+00:00,140.0,200,bid,WavyWalnuts,YieldingYams,7913047
2026-07-05T05:19:21.525450,2026-07-05T05:19:21.534147+00:00,140.1,200,bid,YieldingYams,WavyWalnuts,7913105
2026-07-05T05:19:21.556646,2026-07-05T05:19:21.561380+00:00,140.2,23,ask,YieldingYams,Xuanyu Liu,7913110
2026-07-05T05:19:22.219906,2026-07-05T05:19:22.228007+00:00,140.2,200,ask,YieldingYams,WavyWalnuts,7913119
2026-07-05T05:19:25.475724,2026-07-05T05:19:25.480014+00:00,140.1,11,bid,Xuanyu Liu,YieldingYams,7913168
2026-07-05T05:19:27.064397,2026-07-05T05:19:27.075745+00:00,140.1,200,bid,WavyWalnuts,YieldingYams,7913197
2026-07-05T05:19:29.173373,2026-07-05T05:19:29.184445+00:00,140.2,20,bid,BrilliantBurritos,WavyWalnuts,7913231
2026-07-05T05:19:29.486952,2026-07-05T05:19:29.498866+00:00,140.0,200,ask,YieldingYams,WavyWalnuts,7913237
2026-07-05T05:19:30.700001,2026-07-05T05:19:30.709821+00:00,140.0,200,ask,YieldingYams,WavyWalnuts,7913258
2026-07-05T05:19:35.234917,2026-07-05T05:19:35.239387+00:00,140.1,12,bid,Xuanyu Liu,WavyWalnuts,7913317
2026-07-05T05:19:38.609174,2026-07-05T05:19:38.613274+00:00,140.0,11,bid,Xuanyu Liu,YieldingYams,7913373
2026-07-05T05:19:39.170957,2026-07-05T05:19:39.180044+00:00,140.0,200,bid,WavyWalnuts,YieldingYams,7913377
2026-07-05T05:19:41.224464,2026-07-05T05:19:41.252446+00:00,139.9,200,ask,WavyWalnuts,YieldingYams,7913416
2026-07-05T05:19:41.246591,2026-07-05T05:19:41.252446+00:00,139.9,3,bid,Xuanyu Liu,YieldingYams,7913418
2026-07-05T05:19:41.625758,2026-07-05T05:19:41.630198+00:00,139.8,3,ask,WavyWalnuts,Xuanyu Liu,7913425
2026-07-05T05:19:42.809841,2026-07-05T05:19:42.820462+00:00,139.8,200,ask,YieldingYams,WavyWalnuts,7913444
2026-07-05T05:19:45.229087,2026-07-05T05:19:45.238015+00:00,139.7,200,ask,AverageAlmonds,WavyWalnuts,7913488
2026-07-05T05:19:46.437874,2026-07-05T05:19:46.444976+00:00,139.8,200,ask,AverageAlmonds,WavyWalnuts,7913507
2026-07-05T05:19:47.324766,2026-07-05T05:19:47.335370+00:00,139.9,500,bid,AverageAlmonds,YieldingYams,7913523
2026-07-05T05:19:47.647657,2026-07-05T05:19:47.654852+00:00,139.6,200,ask,YieldingYams,WavyWalnuts,7913531
2026-07-05T05:19:47.846745,2026-07-05T05:19:47.858704+00:00,140.0,20,bid,BrilliantBurritos,YieldingYams,7913541
2026-07-05T05:19:48.857436,2026-07-05T05:19:48.869290+00:00,139.8,200,ask,YieldingYams,WavyWalnuts,7913561
2026-07-05T05:19:50.066885,2026-07-05T05:19:50.073833+00:00,139.9,200,ask,YieldingYams,WavyWalnuts,7913582
2026-07-05T05:19:51.276664,2026-07-05T05:19:51.287559+00:00,139.8,200,ask,YieldingYams,WavyWalnuts,7913598
2026-07-05T05:19:51.583254,2026-07-05T05:19:51.595031+00:00,140.0,20,bid,BrilliantBurritos,YieldingYams,7913601
2026-07-05T05:19:52.498095,2026-07-05T05:19:52.502069+00:00,139.9,3,bid,Xuanyu Liu,WavyWalnuts,7913617
2026-07-05T05:19:53.063072,2026-07-05T05:19:53.069643+00:00,139.9,197,bid,YieldingYams,WavyWalnuts,7913623
2026-07-05T05:19:53.697218,2026-07-05T05:19:53.704760+00:00,139.9,200,ask,YieldingYams,WavyWalnuts,7913632
2026-07-05T05:19:56.133368,2026-07-05T05:19:56.137457+00:00,139.8,3,bid,Xuanyu Liu,WavyWalnuts,7913655
2026-07-05T05:19:56.967388,2026-07-05T05:19:56.978276+00:00,139.8,25,bid,Harold Schneider,WavyWalnuts,7913667
2026-07-05T05:19:57.000469,2026-07-05T05:19:57.010316+00:00,139.8,172,bid,YieldingYams,WavyWalnuts,7913670
2026-07-05T05:19:59.654432,2026-07-05T05:19:59.661499+00:00,139.9,200,bid,YieldingYams,WavyWalnuts,7913705
2026-07-05T05:20:02.282334,2026-07-05T05:20:02.290475+00:00,140.0,200,ask,WavyWalnuts,YieldingYams,7913741
2026-07-05T05:20:03.080172,2026-07-05T05:20:03.089683+00:00,140.0,425,bid,AverageAlmonds,YieldingYams,7913757
2026-07-05T05:20:03.589704,2026-07-05T05:20:03.599314+00:00,140.2,200,bid,YieldingYams,WavyWalnuts,7913766
2026-07-05T05:20:03.610364,2026-07-05T05:20:03.614677+00:00,140.2,3,ask,YieldingYams,Xuanyu Liu,7913768
2026-07-05T05:20:05.176929,2026-07-05T05:20:05.188821+00:00,140.3,20,bid,BrilliantBurritos,WavyWalnuts,7913791
2026-07-05T05:20:05.799508,2026-07-05T05:20:05.811154+00:00,140.2,200,ask,YieldingYams,WavyWalnuts,7913802
2026-07-05T05:20:06.239830,2026-07-05T05:20:06.251741+00:00,140.1,500,ask,AverageAlmonds,YieldingYams,7913814
2026-07-05T05:20:06.239830,2026-07-05T05:20:06.251741+00:00,140.0,125,ask,WavyWalnuts,YieldingYams,7913815
2026-07-05T05:20:09.740799,2026-07-05T05:20:09.758575+00:00,140.3,500,bid,AverageAlmonds,YieldingYams,7913871
2026-07-05T05:20:10.167047,2026-07-05T05:20:10.177361+00:00,140.5,200,bid,YieldingYams,WavyWalnuts,7913877
2026-07-05T05:20:10.760301,2026-07-05T05:20:10.772046+00:00,140.6,20,bid,BrilliantBurritos,WavyWalnuts,7913887
2026-07-05T05:20:11.041930,2026-07-05T05:20:11.063655+00:00,140.5,20,ask,YieldingYams,BrilliantBurritos,7913889
2026-07-05T05:20:12.805706,2026-07-05T05:20:12.816866+00:00,140.4,200,ask,WavyWalnuts,YieldingYams,7913915
2026-07-05T05:20:15.788979,2026-07-05T05:20:15.798860+00:00,140.4,500,bid,AverageAlmonds,YieldingYams,7913958
2026-07-05T05:20:16.742600,2026-07-05T05:20:16.753311+00:00,140.4,200,bid,YieldingYams,WavyWalnuts,7913970
2026-07-05T05:20:16.886014,2026-07-05T05:20:16.897314+00:00,140.7,20,bid,BrilliantBurritos,YieldingYams,7913976
2026-07-05T05:20:17.021229,2026-07-05T05:20:17.032027+00:00,140.4,25,ask,YieldingYams,Harold Schneider,7913981
2026-07-05T05:20:17.903002,2026-07-05T05:20:17.909990+00:00,140.5,10,ask,Harold Schneider,WavyWalnuts,7913994
2026-07-05T05:20:17.903002,2026-07-05T05:20:17.915214+00:00,140.4,190,ask,YieldingYams,WavyWalnuts,7913995
2026-07-05T05:20:20.680243,2026-07-05T05:20:20.688480+00:00,140.5,200,bid,YieldingYams,WavyWalnuts,7914028
2026-07-05T05:20:22.048516,2026-07-05T05:20:22.055094+00:00,140.5,2,ask,YieldingYams,Harold Schneider,7914057
2026-07-05T05:20:22.747380,2026-07-05T05:20:22.763953+00:00,140.5,200,ask,YieldingYams,WavyWalnuts,7914069
2026-07-05T05:20:25.165760,2026-07-05T05:20:25.176777+00:00,140.7,200,bid,WavyWalnuts,YieldingYams,7914100
2026-07-05T05:20:27.066278,2026-07-05T05:20:27.078165+00:00,140.6,2,ask,WavyWalnuts,Harold Schneider,7914122
2026-07-05T05:20:27.587251,2026-07-05T05:20:27.597262+00:00,140.6,200,ask,YieldingYams,WavyWalnuts,7914128
2026-07-05T05:20:29.038785,2026-07-05T05:20:29.042960+00:00,140.7,3,bid,Xuanyu Liu,YieldingYams,7914152
2026-07-05T05:20:30.008109,2026-07-05T05:20:30.019934+00:00,140.7,200,bid,WavyWalnuts,YieldingYams,7914168
2026-07-05T05:20:32.085089,2026-07-05T05:20:32.094360+00:00,140.7,25,bid,Harold Schneider,WavyWalnuts,7914195
2026-07-05T05:20:32.108734,2026-07-05T05:20:32.112707+00:00,140.7,10,bid,Xuanyu Liu,WavyWalnuts,7914197
2026-07-05T05:20:32.428467,2026-07-05T05:20:32.439317+00:00,140.8,200,bid,WavyWalnuts,YieldingYams,7914199
2026-07-05T05:20:34.848762,2026-07-05T05:20:34.858831+00:00,140.6,200,ask,YieldingYams,WavyWalnuts,7914227
2026-07-05T05:20:35.823573,2026-07-05T05:20:35.835756+00:00,140.5,20,ask,YieldingYams,BrilliantBurritos,7914253
2026-07-05T05:20:36.412616,2026-07-05T05:20:36.423001+00:00,140.6,200,bid,YieldingYams,WavyWalnuts,7914262
2026-07-05T05:20:37.126960,2026-07-05T05:20:37.138118+00:00,140.6,2,ask,YieldingYams,Harold Schneider,7914277
2026-07-05T05:20:37.263759,2026-07-05T05:20:37.274503+00:00,140.6,200,ask,YieldingYams,WavyWalnuts,7914280
2026-07-05T05:20:40.354952,2026-07-05T05:20:40.358590+00:00,140.6,200,bid,YieldingYams,WavyWalnuts,7914329
2026-07-05T05:20:40.891028,2026-07-05T05:20:40.900429+00:00,140.6,200,ask,YieldingYams,WavyWalnuts,7914335
2026-07-05T05:20:41.033837,2026-07-05T05:20:41.046272+00:00,140.6,20,ask,YieldingYams,BrilliantBurritos,7914337
2026-07-05T05:20:41.628983,2026-07-05T05:20:41.633524+00:00,140.6,13,ask,YieldingYams,Xuanyu Liu,7914347
2026-07-05T05:20:42.147617,2026-07-05T05:20:42.158579+00:00,140.4,2,ask,WavyWalnuts,Harold Schneider,7914355
2026-07-05T05:20:42.976769,2026-07-05T05:20:42.987165+00:00,140.4,198,ask,WavyWalnuts,YieldingYams,7914369
2026-07-05T05:20:44.340124,2026-07-05T05:20:44.351362+00:00,140.3,20,ask,YieldingYams,BrilliantBurritos,7914396
2026-07-05T05:20:45.629059,2026-07-05T05:20:45.636958+00:00,140.4,200,bid,YieldingYams,WavyWalnuts,7914417
2026-07-05T05:20:47.167348,2026-07-05T05:20:47.179635+00:00,140.5,25,ask,WavyWalnuts,Harold Schneider,7914447
2026-07-05T05:20:51.798740,2026-07-05T05:20:51.811058+00:00,140.6,200,bid,WavyWalnuts,YieldingYams,7914519
2026-07-05T05:20:54.216095,2026-07-05T05:20:54.223537+00:00,140.6,200,bid,WavyWalnuts,YieldingYams,7914568
2026-07-05T05:20:56.980395,2026-07-05T05:20:56.990445+00:00,140.6,200,bid,AverageAlmonds,WavyWalnuts,7914612
2026-07-05T05:20:56.980395,2026-07-05T05:20:56.990445+00:00,140.7,300,bid,AverageAlmonds,YieldingYams,7914613
2026-07-05T05:20:57.840881,2026-07-05T05:20:57.849489+00:00,140.7,200,ask,AverageAlmonds,WavyWalnuts,7914625
2026-07-05T05:20:59.050842,2026-07-05T05:20:59.050162+00:00,140.7,200,ask,AverageAlmonds,WavyWalnuts,7914639
2026-07-05T05:21:00.144295,2026-07-05T05:21:00.151248+00:00,140.8,500,ask,AverageAlmonds,YieldingYams,7914649
2026-07-05T05:21:00.587672,2026-07-05T05:21:00.596098+00:00,140.7,200,bid,AverageAlmonds,WavyWalnuts,7914660
2026-07-05T05:21:00.587672,2026-07-05T05:21:00.601330+00:00,140.8,125,bid,AverageAlmonds,YieldingYams,7914661
2026-07-05T05:21:01.470072,2026-07-05T05:21:01.479452+00:00,140.9,200,ask,YieldingYams,WavyWalnuts,7914674
