timestamp,recv_time,price,volume,aggressor_side,buyer,seller,trade_id
2026-07-08T09:00:00.493266,2026-07-08T09:00:00.504888+00:00,120.3,200,ask,,,11973112
2026-07-08T09:00:04.887476,2026-07-08T09:00:04.898037+00:00,120.3,20,ask,,,11973179
2026-07-08T09:00:05.372048,2026-07-08T09:00:05.384384+00:00,120.5,20,bid,,,11973190
2026-07-08T09:00:13.830597,2026-07-08T09:00:13.842705+00:00,120.8,200,bid,,,11973312
2026-07-08T09:00:15.040508,2026-07-08T09:00:15.058853+00:00,120.8,200,bid,,,11973333
2026-07-08T09:00:17.478172,2026-07-08T09:00:17.492265+00:00,120.8,10,ask,,,11973360
2026-07-08T09:00:17.487472,2026-07-08T09:00:17.492265+00:00,120.8,11,ask,,,11973361
2026-07-08T09:00:18.027002,2026-07-08T09:00:18.037091+00:00,120.8,179,ask,,,11973376
2026-07-08T09:00:18.675698,2026-07-08T09:00:18.687732+00:00,120.8,200,bid,,,11973394
2026-07-08T09:00:19.338660,2026-07-08T09:00:19.348778+00:00,120.9,500,bid,,,11973405
2026-07-08T09:00:19.338660,2026-07-08T09:00:19.348778+00:00,120.9,8,bid,,,11973406
2026-07-08T09:00:19.546155,2026-07-08T09:00:19.558616+00:00,120.9,117,ask,,,11973411
2026-07-08T09:00:19.562355,2026-07-08T09:00:19.574629+00:00,120.9,20,bid,,,11973412
2026-07-08T09:00:21.429520,2026-07-08T09:00:21.437243+00:00,120.7,10,bid,,,11973439
2026-07-08T09:00:21.433039,2026-07-08T09:00:21.437243+00:00,120.7,11,bid,,,11973440
2026-07-08T09:00:23.528233,2026-07-08T09:00:23.539591+00:00,120.8,200,bid,,,11973471
2026-07-08T09:00:25.965225,2026-07-08T09:00:25.974040+00:00,120.9,200,ask,,,11973518
2026-07-08T09:00:26.527995,2026-07-08T09:00:26.540081+00:00,121.1,20,bid,,,11973524
2026-07-08T09:00:27.275424,2026-07-08T09:00:27.287146+00:00,120.8,8,ask,,,11973534
2026-07-08T09:00:27.275424,2026-07-08T09:00:27.287146+00:00,120.8,200,ask,,,11973535
2026-07-08T09:00:27.762415,2026-07-08T09:00:27.766643+00:00,120.8,12,bid,,,11973545
2026-07-08T09:00:27.768666,2026-07-08T09:00:27.781911+00:00,120.8,10,bid,,,11973546
2026-07-08T09:00:32.531513,2026-07-08T09:00:32.541620+00:00,120.9,200,ask,,,11973602
2026-07-08T09:00:34.442487,2026-07-08T09:00:34.458572+00:00,120.9,200,bid,,,11973629
2026-07-08T09:00:35.651545,2026-07-08T09:00:35.654458+00:00,120.8,200,bid,,,11973647
2026-07-08T09:00:37.659081,2026-07-08T09:00:37.670844+00:00,120.8,20,ask,,,11973670
2026-07-08T09:00:38.077473,2026-07-08T09:00:38.084695+00:00,120.9,200,bid,,,11973680
2026-07-08T09:00:44.421511,2026-07-08T09:00:44.429527+00:00,120.8,500,bid,,,11973771
2026-07-08T09:00:45.004097,2026-07-08T09:00:45.011451+00:00,120.8,125,bid,,,11973781
2026-07-08T09:00:46.554298,2026-07-08T09:00:46.558641+00:00,120.8,200,ask,,,11973801
2026-07-08T09:00:46.845273,2026-07-08T09:00:46.867949+00:00,120.8,8,ask,,,11973805
2026-07-08T09:00:46.845273,2026-07-08T09:00:46.867949+00:00,120.8,2,ask,,,11973806
2026-07-08T09:00:46.851096,2026-07-08T09:00:46.867949+00:00,120.8,12,ask,,,11973807
2026-07-08T09:00:48.033345,2026-07-08T09:00:48.046878+00:00,120.9,500,bid,,,11973832
2026-07-08T09:00:49.592927,2026-07-08T09:00:49.601765+00:00,120.9,200,bid,,,11973848
2026-07-08T09:00:49.592927,2026-07-08T09:00:49.601765+00:00,120.9,8,bid,,,11973849
2026-07-08T09:00:49.615682,2026-07-08T09:00:49.620117+00:00,120.9,11,ask,,,11973852
2026-07-08T09:00:49.619268,2026-07-08T09:00:49.635395+00:00,120.9,10,ask,,,11973853
2026-07-08T09:00:53.871572,2026-07-08T09:00:53.880495+00:00,120.8,200,ask,,,11973898
2026-07-08T09:00:55.081968,2026-07-08T09:00:55.088943+00:00,120.9,200,ask,,,11973923
2026-07-08T09:00:56.292935,2026-07-08T09:00:56.300709+00:00,120.9,8,ask,,,11973937
2026-07-08T09:00:57.473468,2026-07-08T09:00:57.482135+00:00,120.9,192,bid,,,11973952
2026-07-08T09:00:57.501436,2026-07-08T09:00:57.511885+00:00,120.9,200,ask,,,11973953
2026-07-08T09:00:58.715899,2026-07-08T09:00:58.724046+00:00,120.9,200,ask,,,11973966
2026-07-08T09:00:58.788951,2026-07-08T09:00:58.813727+00:00,120.9,8,ask,,,11973968
2026-07-08T09:00:58.808420,2026-07-08T09:00:58.813727+00:00,120.8,23,bid,,,11973971
2026-07-08T09:00:58.811685,2026-07-08T09:00:58.813727+00:00,120.8,20,bid,,,11973972
2026-07-08T09:00:58.940676,2026-07-08T09:00:58.958950+00:00,120.8,500,bid,,,11973976
2026-07-08T09:00:59.531126,2026-07-08T09:00:59.539187+00:00,120.8,74,bid,,,11973985
2026-07-08T09:00:59.925293,2026-07-08T09:00:59.932445+00:00,121.0,8,ask,,,11973993
2026-07-08T09:01:01.138640,2026-07-08T09:01:01.148883+00:00,120.8,200,ask,,,11974008
2026-07-08T09:01:02.348559,2026-07-08T09:01:02.358583+00:00,120.9,200,ask,,,11974022
2026-07-08T09:01:02.688103,2026-07-08T09:01:02.693782+00:00,121.0,8,bid,,,11974032
2026-07-08T09:01:02.700872,2026-07-08T09:01:02.706107+00:00,121.1,11,bid,,,11974034
2026-07-08T09:01:02.716588,2026-07-08T09:01:02.727050+00:00,121.1,2,bid,,,11974036
2026-07-08T09:01:02.746256,2026-07-08T09:01:02.753046+00:00,120.8,8,ask,,,11974040
2026-07-08T09:01:02.763935,2026-07-08T09:01:02.773456+00:00,120.8,21,bid,,,11974042
2026-07-08T09:01:02.768368,2026-07-08T09:01:02.773456+00:00,120.8,3,bid,,,11974043
2026-07-08T09:01:03.557192,2026-07-08T09:01:03.569372+00:00,120.8,200,bid,,,11974056
2026-07-08T09:01:03.575983,2026-07-08T09:01:03.585196+00:00,120.7,1,ask,,,11974058
2026-07-08T09:01:04.235931,2026-07-08T09:01:04.244634+00:00,120.8,8,ask,,,11974069
2026-07-08T09:01:04.759115,2026-07-08T09:01:04.769149+00:00,120.8,2,ask,,,11974079
2026-07-08T09:01:04.770822,2026-07-08T09:01:04.779658+00:00,120.8,200,ask,,,11974080
2026-07-08T09:01:05.016893,2026-07-08T09:01:05.042443+00:00,120.9,3,ask,,,11974084
2026-07-08T09:01:05.245429,2026-07-08T09:01:05.256212+00:00,120.9,10,ask,,,11974090
2026-07-08T09:01:05.981854,2026-07-08T09:01:05.992799+00:00,120.8,200,ask,,,11974104
2026-07-08T09:01:06.258265,2026-07-08T09:01:06.267376+00:00,120.9,8,ask,,,11974108
2026-07-08T09:01:06.261817,2026-07-08T09:01:06.267376+00:00,120.9,8,ask,,,11974109
2026-07-08T09:01:06.676779,2026-07-08T09:01:06.685097+00:00,121.0,8,bid,,,11974116
2026-07-08T09:01:06.695340,2026-07-08T09:01:06.704138+00:00,121.0,2,ask,,,11974119
2026-07-08T09:01:06.699100,2026-07-08T09:01:06.704138+00:00,121.0,3,ask,,,11974120
2026-07-08T09:01:07.198715,2026-07-08T09:01:07.211093+00:00,121.0,200,ask,,,11974130
2026-07-08T09:01:09.297949,2026-07-08T09:01:09.308448+00:00,120.9,200,bid,,,11974153
2026-07-08T09:01:09.297949,2026-07-08T09:01:09.308448+00:00,121.0,8,bid,,,11974154
2026-07-08T09:01:09.314762,2026-07-08T09:01:09.325284+00:00,121.0,8,ask,,,11974156
2026-07-08T09:01:09.321020,2026-07-08T09:01:09.325284+00:00,121.0,8,ask,,,11974157
2026-07-08T09:01:11.925563,2026-07-08T09:01:11.934261+00:00,121.0,500,ask,,,11974196
2026-07-08T09:01:12.040446,2026-07-08T09:01:12.052161+00:00,121.0,125,bid,,,11974203
2026-07-08T09:01:12.883101,2026-07-08T09:01:12.902640+00:00,121.1,4,ask,,,11974213
2026-07-08T09:01:12.891196,2026-07-08T09:01:12.902640+00:00,121.1,2,ask,,,11974214
2026-07-08T09:01:14.548374,2026-07-08T09:01:14.558617+00:00,121.2,200,bid,,,11974240
2026-07-08T09:01:14.548374,2026-07-08T09:01:14.558617+00:00,121.3,8,bid,,,11974241
2026-07-08T09:01:15.674594,2026-07-08T09:01:15.684318+00:00,121.3,200,ask,,,11974258
2026-07-08T09:01:18.095081,2026-07-08T09:01:18.104221+00:00,121.3,200,ask,,,11974289
2026-07-08T09:01:19.820784,2026-07-08T09:01:19.831270+00:00,121.2,200,ask,,,11974307
2026-07-08T09:01:20.122232,2026-07-08T09:01:20.133140+00:00,121.2,425,bid,,,11974314
2026-07-08T09:01:21.127854,2026-07-08T09:01:21.136090+00:00,121.4,200,bid,,,11974332
2026-07-08T09:01:21.127854,2026-07-08T09:01:21.141039+00:00,121.4,8,bid,,,11974333
2026-07-08T09:01:21.145945,2026-07-08T09:01:21.153526+00:00,121.5,20,ask,,,11974336
2026-07-08T09:01:21.149298,2026-07-08T09:01:21.153526+00:00,121.5,23,ask,,,11974337
2026-07-08T09:01:21.409870,2026-07-08T09:01:21.417930+00:00,121.5,30,ask,,,11974341
2026-07-08T09:01:21.679447,2026-07-08T09:01:21.684021+00:00,121.7,12,bid,,,11974354
2026-07-08T09:01:21.683023,2026-07-08T09:01:21.699745+00:00,121.7,10,bid,,,11974355
2026-07-08T09:01:21.728831,2026-07-08T09:01:21.738123+00:00,121.5,200,ask,,,11974358
2026-07-08T09:01:22.457281,2026-07-08T09:01:22.469083+00:00,121.5,8,ask,,,11974369
2026-07-08T09:01:22.481429,2026-07-08T09:01:22.486526+00:00,121.5,23,bid,,,11974371
2026-07-08T09:01:22.935947,2026-07-08T09:01:22.945194+00:00,121.5,200,bid,,,11974383
2026-07-08T09:01:22.977660,2026-07-08T09:01:22.984763+00:00,121.5,20,bid,,,11974385
2026-07-08T09:01:23.462999,2026-07-08T09:01:23.471398+00:00,121.3,18,ask,,,11974391
2026-07-08T09:01:23.473556,2026-07-08T09:01:23.481998+00:00,121.5,2,bid,,,11974392
2026-07-08T09:01:24.490502,2026-07-08T09:01:24.501588+00:00,121.5,3,ask,,,11974410
2026-07-08T09:01:24.876289,2026-07-08T09:01:24.881674+00:00,121.5,12,ask,,,11974421
2026-07-08T09:01:25.125222,2026-07-08T09:01:25.134479+00:00,121.5,185,ask,,,11974424
2026-07-08T09:01:26.566458,2026-07-08T09:01:26.576554+00:00,121.5,200,bid,,,11974453
2026-07-08T09:01:27.778317,2026-07-08T09:01:27.785716+00:00,121.4,200,bid,,,11974477
2026-07-08T09:01:28.527041,2026-07-08T09:01:28.538983+00:00,121.4,2,bid,,,11974489
2026-07-08T09:01:28.587852,2026-07-08T09:01:28.599890+00:00,121.3,20,ask,,,11974491
2026-07-08T09:01:28.986623,2026-07-08T09:01:28.994408+00:00,121.4,200,bid,,,11974499
2026-07-08T09:01:29.544239,2026-07-08T09:01:29.558612+00:00,121.4,2,ask,,,11974508
2026-07-08T09:01:30.639580,2026-07-08T09:01:30.651744+00:00,121.3,20,ask,,,11974536
2026-07-08T09:01:32.392145,2026-07-08T09:01:32.403736+00:00,121.3,20,ask,,,11974560
2026-07-08T09:01:32.982853,2026-07-08T09:01:32.992887+00:00,121.4,200,ask,,,11974576
2026-07-08T09:01:33.586498,2026-07-08T09:01:33.593673+00:00,121.1,6,ask,,,11974586
2026-07-08T09:01:33.811964,2026-07-08T09:01:33.824494+00:00,121.1,20,ask,,,11974590
2026-07-08T09:01:33.826443,2026-07-08T09:01:33.835934+00:00,121.4,200,bid,,,11974591
2026-07-08T09:01:34.354845,2026-07-08T09:01:34.358642+00:00,121.5,8,bid,,,11974605
2026-07-08T09:01:34.604651,2026-07-08T09:01:34.616448+00:00,121.6,6,bid,,,11974606
2026-07-08T09:01:35.053383,2026-07-08T09:01:35.058647+00:00,121.5,2,bid,,,11974616
2026-07-08T09:01:35.621061,2026-07-08T09:01:35.632610+00:00,121.5,5,bid,,,11974625
2026-07-08T09:01:36.269866,2026-07-08T09:01:36.274939+00:00,121.4,12,bid,,,11974632
2026-07-08T09:01:36.277966,2026-07-08T09:01:36.290691+00:00,121.4,10,bid,,,11974634
2026-07-08T09:01:36.637032,2026-07-08T09:01:36.649300+00:00,121.4,6,bid,,,11974641
2026-07-08T09:01:37.460906,2026-07-08T09:01:37.469000+00:00,121.3,200,ask,,,11974659
2026-07-08T09:01:38.672895,2026-07-08T09:01:38.679491+00:00,121.3,200,ask,,,11974675
2026-07-08T09:01:39.596157,2026-07-08T09:01:39.601126+00:00,121.4,11,bid,,,11974685
2026-07-08T09:01:39.600137,2026-07-08T09:01:39.616438+00:00,121.4,10,bid,,,11974686
2026-07-08T09:01:39.692269,2026-07-08T09:01:39.700242+00:00,121.4,8,bid,,,11974688
2026-07-08T09:01:39.886843,2026-07-08T09:01:39.897774+00:00,121.2,200,ask,,,11974690
2026-07-08T09:01:40.889923,2026-07-08T09:01:40.914200+00:00,121.2,8,ask,,,11974699
2026-07-08T09:01:40.908593,2026-07-08T09:01:40.914200+00:00,121.2,3,bid,,,11974701
2026-07-08T09:01:41.007918,2026-07-08T09:01:41.020046+00:00,121.2,10,bid,,,11974704
2026-07-08T09:01:41.222102,2026-07-08T09:01:41.234367+00:00,121.2,10,bid,,,11974707
2026-07-08T09:01:41.437582,2026-07-08T09:01:41.448560+00:00,121.2,10,bid,,,11974710
2026-07-08T09:01:41.451481,2026-07-08T09:01:41.458855+00:00,121.1,2,ask,,,11974713
2026-07-08T09:01:41.656825,2026-07-08T09:01:41.663883+00:00,121.2,10,bid,,,11974717
2026-07-08T09:01:41.668562,2026-07-08T09:01:41.679562+00:00,121.1,2,ask,,,11974719
2026-07-08T09:01:41.873556,2026-07-08T09:01:41.880683+00:00,121.1,2,ask,,,11974722
2026-07-08T09:01:42.079708,2026-07-08T09:01:42.092139+00:00,121.1,2,ask,,,11974726
2026-07-08T09:01:42.205986,2026-07-08T09:01:42.215531+00:00,121.1,192,ask,,,11974727
2026-07-08T09:01:42.205986,2026-07-08T09:01:42.215531+00:00,121.1,433,ask,,,11974728
2026-07-08T09:01:42.288553,2026-07-08T09:01:42.296764+00:00,121.1,2,ask,,,11974730
2026-07-08T09:01:42.494384,2026-07-08T09:01:42.506704+00:00,121.1,1,ask,,,11974732
2026-07-08T09:01:42.559119,2026-07-08T09:01:42.569340+00:00,121.2,200,bid,,,11974733
2026-07-08T09:01:42.803226,2026-07-08T09:01:42.807925+00:00,121.4,3,ask,,,11974736
2026-07-08T09:01:43.515952,2026-07-08T09:01:43.527026+00:00,121.4,8,ask,,,11974745
2026-07-08T09:01:43.515952,2026-07-08T09:01:43.527026+00:00,121.2,192,ask,,,11974746
2026-07-08T09:01:43.725065,2026-07-08T09:01:43.737319+00:00,121.3,7,ask,,,11974749
2026-07-08T09:01:44.727555,2026-07-08T09:01:44.739085+00:00,121.3,200,ask,,,11974764
2026-07-08T09:01:45.750015,2026-07-08T09:01:45.756698+00:00,121.4,7,bid,,,11974778
2026-07-08T09:01:45.860137,2026-07-08T09:01:45.864525+00:00,121.4,3,bid,,,11974784
2026-07-08T09:01:45.908640,2026-07-08T09:01:45.920657+00:00,121.4,10,bid,,,11974785
2026-07-08T09:01:45.919818,2026-07-08T09:01:45.931167+00:00,121.2,2,ask,,,11974787
2026-07-08T09:01:46.125635,2026-07-08T09:01:46.137729+00:00,121.2,2,ask,,,11974788
2026-07-08T09:01:46.335194,2026-07-08T09:01:46.347030+00:00,121.3,1,ask,,,11974794
2026-07-08T09:01:47.342887,2026-07-08T09:01:47.354646+00:00,121.4,10,bid,,,11974809
2026-07-08T09:01:47.356891,2026-07-08T09:01:47.354646+00:00,121.3,2,ask,,,11974812
2026-07-08T09:01:47.962931,2026-07-08T09:01:47.974632+00:00,121.4,8,bid,,,11974822
2026-07-08T09:01:48.768027,2026-07-08T09:01:48.775577+00:00,121.4,200,bid,,,11974833
2026-07-08T09:01:48.768027,2026-07-08T09:01:48.780603+00:00,121.5,8,bid,,,11974834
2026-07-08T09:01:48.784470,2026-07-08T09:01:48.796052+00:00,121.5,7,ask,,,11974835
2026-07-08T09:01:50.080862,2026-07-08T09:01:50.088317+00:00,121.6,200,bid,,,11974858
2026-07-08T09:01:50.179214,2026-07-08T09:01:50.199606+00:00,121.8,10,bid,,,11974861
2026-07-08T09:01:50.183732,2026-07-08T09:01:50.199606+00:00,121.8,1,bid,,,11974862
2026-07-08T09:01:50.195616,2026-07-08T09:01:50.199606+00:00,121.8,3,bid,,,11974866
2026-07-08T09:01:50.202963,2026-07-08T09:01:50.215279+00:00,121.8,25,bid,,,11974868
2026-07-08T09:01:50.223534,2026-07-08T09:01:50.230692+00:00,121.8,14,bid,,,11974870
2026-07-08T09:01:50.233446,2026-07-08T09:01:50.241269+00:00,121.8,35,bid,,,11974872
2026-07-08T09:01:50.327264,2026-07-08T09:01:50.335579+00:00,121.8,35,bid,,,11974879
2026-07-08T09:01:50.397434,2026-07-08T09:01:50.415493+00:00,121.8,10,bid,,,11974882
2026-07-08T09:01:50.445840,2026-07-08T09:01:50.457403+00:00,121.8,25,bid,,,11974887
2026-07-08T09:01:54.419331,2026-07-08T09:01:54.427358+00:00,121.7,200,bid,,,11974948
2026-07-08T09:01:56.303686,2026-07-08T09:01:56.315471+00:00,121.5,1,ask,,,11974966
2026-07-08T09:01:59.309225,2026-07-08T09:01:59.323246+00:00,121.6,200,ask,,,11974992
2026-07-08T09:01:59.317874,2026-07-08T09:01:59.323246+00:00,121.6,3,ask,,,11974993
2026-07-08T09:01:59.318093,2026-07-08T09:01:59.338907+00:00,121.6,9,ask,,,11974994
2026-07-08T09:02:00.593707,2026-07-08T09:02:00.602929+00:00,121.6,8,ask,,,11975017
2026-07-08T09:02:00.593707,2026-07-08T09:02:00.602929+00:00,121.6,200,ask,,,11975018
2026-07-08T09:02:02.639900,2026-07-08T09:02:02.646917+00:00,121.5,1,ask,,,11975048
2026-07-08T09:02:02.894418,2026-07-08T09:02:02.904395+00:00,121.5,95,ask,,,11975052
2026-07-08T09:02:02.907061,2026-07-08T09:02:02.914960+00:00,121.5,19,ask,,,11975054
2026-07-08T09:02:03.215048,2026-07-08T09:02:03.222691+00:00,121.6,200,bid,,,11975057
2026-07-08T09:02:03.215048,2026-07-08T09:02:03.241299+00:00,121.7,8,bid,,,11975058
2026-07-08T09:02:03.232908,2026-07-08T09:02:03.241299+00:00,121.7,20,ask,,,11975061
2026-07-08T09:02:03.236800,2026-07-08T09:02:03.241299+00:00,121.7,14,ask,,,11975062
2026-07-08T09:02:04.161402,2026-07-08T09:02:04.173287+00:00,121.7,200,ask,,,11975074
2026-07-08T09:02:04.531607,2026-07-08T09:02:04.552215+00:00,121.6,8,ask,,,11975079
2026-07-08T09:02:04.547524,2026-07-08T09:02:04.552215+00:00,121.5,11,bid,,,11975081
2026-07-08T09:02:04.556135,2026-07-08T09:02:04.567498+00:00,121.5,10,bid,,,11975083
2026-07-08T09:02:04.778427,2026-07-08T09:02:04.785286+00:00,121.5,20,bid,,,11975085
2026-07-08T09:02:05.369677,2026-07-08T09:02:05.378343+00:00,121.5,200,bid,,,11975089
2026-07-08T09:02:08.038815,2026-07-08T09:02:08.043584+00:00,121.5,3,bid,,,11975121
2026-07-08T09:02:08.134732,2026-07-08T09:02:08.158586+00:00,121.5,10,bid,,,11975123
2026-07-08T09:02:09.169027,2026-07-08T09:02:09.179475+00:00,121.6,10,bid,,,11975136
2026-07-08T09:02:09.664411,2026-07-08T09:02:09.676416+00:00,121.6,20,bid,,,11975142
2026-07-08T09:02:10.442425,2026-07-08T09:02:10.458595+00:00,121.6,200,bid,,,11975155
2026-07-08T09:02:11.650214,2026-07-08T09:02:11.657721+00:00,121.6,500,bid,,,11975169
2026-07-08T09:02:12.241408,2026-07-08T09:02:12.250856+00:00,121.6,125,bid,,,11975174
2026-07-08T09:02:12.241408,2026-07-08T09:02:12.250856+00:00,121.7,200,bid,,,11975175
2026-07-08T09:02:12.278811,2026-07-08T09:02:12.287348+00:00,121.7,8,ask,,,11975176
2026-07-08T09:02:12.507402,2026-07-08T09:02:12.519293+00:00,121.9,20,ask,,,11975188
2026-07-08T09:02:12.650091,2026-07-08T09:02:12.658485+00:00,121.9,200,ask,,,11975193
2026-07-08T09:02:13.374371,2026-07-08T09:02:13.386561+00:00,121.9,20,ask,,,11975201
2026-07-08T09:02:13.860394,2026-07-08T09:02:13.869072+00:00,121.8,8,ask,,,11975212
2026-07-08T09:02:13.860394,2026-07-08T09:02:13.874295+00:00,121.8,192,ask,,,11975213
2026-07-08T09:02:14.360443,2026-07-08T09:02:14.371806+00:00,122.0,10,bid,,,11975223
2026-07-08T09:02:14.466239,2026-07-08T09:02:14.474030+00:00,122.0,5,bid,,,11975224
2026-07-08T09:02:15.021767,2026-07-08T09:02:15.029438+00:00,121.8,500,ask,,,11975228
2026-07-08T09:02:15.039859,2026-07-08T09:02:15.047989+00:00,121.8,20,bid,,,11975231
2026-07-08T09:02:15.043662,2026-07-08T09:02:15.047989+00:00,121.8,14,bid,,,11975232
2026-07-08T09:02:15.077640,2026-07-08T09:02:15.084251+00:00,121.8,10,bid,,,11975233
2026-07-08T09:02:15.084795,2026-07-08T09:02:15.094956+00:00,121.8,43,bid,,,11975234
2026-07-08T09:02:15.097356,2026-07-08T09:02:15.105267+00:00,121.8,38,bid,,,11975237
2026-07-08T09:02:15.107126,2026-07-08T09:02:15.115678+00:00,121.7,2,ask,,,11975239
2026-07-08T09:02:15.176692,2026-07-08T09:02:15.188439+00:00,121.7,6,ask,,,11975240
2026-07-08T09:02:15.176692,2026-07-08T09:02:15.188439+00:00,121.7,6,ask,,,11975241
2026-07-08T09:02:15.286225,2026-07-08T09:02:15.293675+00:00,121.9,200,bid,,,11975243
2026-07-08T09:02:15.466230,2026-07-08T09:02:15.478238+00:00,122.6,20,bid,,,11975245
2026-07-08T09:02:15.558492,2026-07-08T09:02:15.568305+00:00,122.0,8,ask,,,11975247
2026-07-08T09:02:15.574579,2026-07-08T09:02:15.578640+00:00,121.9,14,ask,,,11975250
2026-07-08T09:02:15.582894,2026-07-08T09:02:15.594210+00:00,121.9,12,ask,,,11975252
2026-07-08T09:02:15.869725,2026-07-08T09:02:15.879512+00:00,122.0,8,ask,,,11975259
2026-07-08T09:02:16.117051,2026-07-08T09:02:16.128757+00:00,121.9,28,ask,,,11975266
2026-07-08T09:02:16.123635,2026-07-08T09:02:16.134392+00:00,121.9,27,ask,,,11975267
2026-07-08T09:02:16.330475,2026-07-08T09:02:16.338941+00:00,122.0,200,bid,,,11975270
2026-07-08T09:02:16.347704,2026-07-08T09:02:16.354742+00:00,122.0,2,ask,,,11975272
2026-07-08T09:02:16.392199,2026-07-08T09:02:16.403808+00:00,122.0,33,ask,,,11975274
2026-07-08T09:02:17.404368,2026-07-08T09:02:17.416457+00:00,122.0,20,ask,,,11975287
2026-07-08T09:02:17.490579,2026-07-08T09:02:17.502496+00:00,122.0,200,ask,,,11975293
2026-07-08T09:02:22.906874,2026-07-08T09:02:22.916570+00:00,121.8,200,ask,,,11975354
2026-07-08T09:02:22.906874,2026-07-08T09:02:22.916570+00:00,121.8,425,ask,,,11975355
2026-07-08T09:02:23.546266,2026-07-08T09:02:23.558562+00:00,121.8,200,ask,,,11975367
2026-07-08T09:02:24.191763,2026-07-08T09:02:24.203540+00:00,122.5,2,bid,,,11975375
2026-07-08T09:02:25.971314,2026-07-08T09:02:25.979813+00:00,122.0,200,bid,,,11975394
2026-07-08T09:02:26.769337,2026-07-08T09:02:26.779780+00:00,122.0,425,bid,,,11975406
2026-07-08T09:02:26.835478,2026-07-08T09:02:26.851575+00:00,122.1,8,bid,,,11975409
2026-07-08T09:02:27.229162,2026-07-08T09:02:27.238459+00:00,122.3,5,bid,,,11975414
2026-07-08T09:02:30.846020,2026-07-08T09:02:30.858586+00:00,122.3,10,ask,,,11975458
2026-07-08T09:02:32.042649,2026-07-08T09:02:32.058613+00:00,122.4,200,bid,,,11975473
2026-07-08T09:02:32.275019,2026-07-08T09:02:32.286737+00:00,122.2,6,ask,,,11975478
2026-07-08T09:02:33.253131,2026-07-08T09:02:33.263612+00:00,122.4,200,bid,,,11975492
2026-07-08T09:02:33.297692,2026-07-08T09:02:33.307038+00:00,122.4,1,bid,,,11975495
2026-07-08T09:02:34.534988,2026-07-08T09:02:34.562660+00:00,122.4,10,ask,,,11975513
2026-07-08T09:02:34.557351,2026-07-08T09:02:34.562660+00:00,122.4,3,ask,,,11975517
2026-07-08T09:02:34.561962,2026-07-08T09:02:34.578122+00:00,122.4,10,ask,,,11975518
2026-07-08T09:02:34.752755,2026-07-08T09:02:34.760552+00:00,122.4,10,ask,,,11975524
2026-07-08T09:02:34.963646,2026-07-08T09:02:34.975627+00:00,122.4,10,ask,,,11975528
2026-07-08T09:02:35.175584,2026-07-08T09:02:35.187601+00:00,122.4,5,ask,,,11975532
2026-07-08T09:02:36.325943,2026-07-08T09:02:36.336302+00:00,122.4,5,bid,,,11975543
2026-07-08T09:02:37.100825,2026-07-08T09:02:37.105730+00:00,122.3,8,ask,,,11975558
2026-07-08T09:02:37.370637,2026-07-08T09:02:37.379398+00:00,122.3,192,ask,,,11975566
2026-07-08T09:02:38.346959,2026-07-08T09:02:38.353597+00:00,122.3,5,bid,,,11975575
2026-07-08T09:02:40.375235,2026-07-08T09:02:40.388246+00:00,122.3,6,bid,,,11975604
2026-07-08T09:02:40.886198,2026-07-08T09:02:40.890554+00:00,122.2,10,ask,,,11975616
2026-07-08T09:02:40.886468,2026-07-08T09:02:40.906233+00:00,122.2,3,ask,,,11975617
2026-07-08T09:02:41.359246,2026-07-08T09:02:41.363533+00:00,122.3,12,ask,,,11975625
2026-07-08T09:02:41.383299,2026-07-08T09:02:41.394300+00:00,122.3,10,ask,,,11975626
2026-07-08T09:02:41.403975,2026-07-08T09:02:41.415565+00:00,122.3,10,ask,,,11975629
2026-07-08T09:02:41.615631,2026-07-08T09:02:41.627737+00:00,122.3,10,ask,,,11975636
2026-07-08T09:02:41.753824,2026-07-08T09:02:41.753592+00:00,122.3,200,ask,,,11975638
2026-07-08T09:02:41.829602,2026-07-08T09:02:41.841707+00:00,122.3,5,ask,,,11975640
2026-07-08T09:02:41.943426,2026-07-08T09:02:41.953123+00:00,122.3,378,ask,,,11975644
2026-07-08T09:02:42.961760,2026-07-08T09:02:42.970444+00:00,122.2,200,bid,,,11975661
2026-07-08T09:02:43.420193,2026-07-08T09:02:43.434720+00:00,122.2,8,bid,,,11975665
2026-07-08T09:02:44.171028,2026-07-08T09:02:44.264477+00:00,122.3,200,bid,,,11975682
2026-07-08T09:02:46.623290,2026-07-08T09:02:46.635161+00:00,122.4,20,bid,,,11975705
2026-07-08T09:02:47.803942,2026-07-08T09:02:47.813580+00:00,122.4,200,bid,,,11975718
2026-07-08T09:02:49.171394,2026-07-08T09:02:49.179734+00:00,122.4,200,bid,,,11975734
2026-07-08T09:02:50.225476,2026-07-08T09:02:50.233364+00:00,122.4,200,ask,,,11975748
2026-07-08T09:02:51.433168,2026-07-08T09:02:51.442710+00:00,122.3,200,bid,,,11975763
2026-07-08T09:02:53.860492,2026-07-08T09:02:53.870164+00:00,122.3,200,ask,,,11975797
2026-07-08T09:02:55.509959,2026-07-08T09:02:55.516802+00:00,122.1,7,ask,,,11975813
2026-07-08T09:02:55.721348,2026-07-08T09:02:55.731109+00:00,122.2,200,bid,,,11975817
2026-07-08T09:02:55.721348,2026-07-08T09:02:55.731109+00:00,122.2,8,bid,,,11975818
2026-07-08T09:02:58.716023,2026-07-08T09:02:58.724349+00:00,122.1,200,ask,,,11975849
2026-07-08T09:02:59.927490,2026-07-08T09:02:59.937935+00:00,122.1,200,ask,,,11975866
2026-07-08T09:03:00.546917,2026-07-08T09:03:00.553531+00:00,122.1,18,ask,,,11975876
2026-07-08T09:03:01.322091,2026-07-08T09:03:01.329839+00:00,122.1,200,bid,,,11975888
2026-07-08T09:03:01.566811,2026-07-08T09:03:01.578619+00:00,122.2,6,bid,,,11975890
2026-07-08T09:03:02.302741,2026-07-08T09:03:02.309631+00:00,122.1,500,ask,,,11975905
2026-07-08T09:03:02.327071,2026-07-08T09:03:02.335396+00:00,122.1,10,bid,,,11975908
2026-07-08T09:03:02.330935,2026-07-08T09:03:02.335396+00:00,122.1,12,bid,,,11975909
2026-07-08T09:03:02.509713,2026-07-08T09:03:02.517822+00:00,122.1,103,bid,,,11975913
2026-07-08T09:03:02.584253,2026-07-08T09:03:02.596068+00:00,122.2,5,bid,,,11975916
2026-07-08T09:03:02.932263,2026-07-08T09:03:02.943336+00:00,122.1,20,ask,,,11975921
2026-07-08T09:03:04.212891,2026-07-08T09:03:04.223285+00:00,122.2,20,ask,,,11975938
2026-07-08T09:03:06.191175,2026-07-08T09:03:06.210661+00:00,122.5,11,bid,,,11975966
2026-07-08T09:03:06.200637,2026-07-08T09:03:06.210661+00:00,122.5,10,bid,,,11975967
2026-07-08T09:03:06.621900,2026-07-08T09:03:06.633939+00:00,122.6,6,bid,,,11975974
2026-07-08T09:03:07.642223,2026-07-08T09:03:07.650692+00:00,122.5,8,bid,,,11975987
2026-07-08T09:03:08.177106,2026-07-08T09:03:08.181608+00:00,122.5,3,bid,,,11975999
2026-07-08T09:03:08.306649,2026-07-08T09:03:08.318359+00:00,122.5,10,bid,,,11976002
2026-07-08T09:03:08.519477,2026-07-08T09:03:08.531426+00:00,122.5,10,bid,,,11976005
2026-07-08T09:03:08.731433,2026-07-08T09:03:08.743569+00:00,122.5,5,bid,,,11976008
2026-07-08T09:03:09.613103,2026-07-08T09:03:09.622587+00:00,122.4,200,ask,,,11976023
2026-07-08T09:03:09.672018,2026-07-08T09:03:09.682252+00:00,122.6,22,bid,,,11976027
2026-07-08T09:03:12.497746,2026-07-08T09:03:12.508502+00:00,122.5,10,bid,,,11976073
2026-07-08T09:03:13.504859,2026-07-08T09:03:13.514163+00:00,122.4,10,bid,,,11976093
2026-07-08T09:03:14.508518,2026-07-08T09:03:14.519861+00:00,122.4,2,bid,,,11976105
2026-07-08T09:03:15.666407,2026-07-08T09:03:15.675499+00:00,122.3,200,ask,,,11976117
2026-07-08T09:03:16.877195,2026-07-08T09:03:16.888691+00:00,122.3,200,ask,,,11976138
2026-07-08T09:03:17.731339,2026-07-08T09:03:17.743028+00:00,122.5,8,bid,,,11976144
2026-07-08T09:03:17.761781,2026-07-08T09:03:17.769275+00:00,122.5,10,bid,,,11976148
2026-07-08T09:03:17.978429,2026-07-08T09:03:17.990359+00:00,122.5,10,bid,,,11976153
2026-07-08T09:03:18.088818,2026-07-08T09:03:18.096818+00:00,122.3,200,ask,,,11976157
2026-07-08T09:03:19.298263,2026-07-08T09:03:19.305107+00:00,122.5,200,ask,,,11976174
2026-07-08T09:03:19.595420,2026-07-08T09:03:19.607661+00:00,122.6,5,bid,,,11976177
2026-07-08T09:03:20.122599,2026-07-08T09:03:20.127307+00:00,122.6,2,bid,,,11976187
2026-07-08T09:03:20.122865,2026-07-08T09:03:20.143059+00:00,122.6,2,bid,,,11976188
2026-07-08T09:03:20.507218,2026-07-08T09:03:20.518023+00:00,122.4,200,ask,,,11976193
2026-07-08T09:03:21.731487,2026-07-08T09:03:21.739090+00:00,122.5,8,bid,,,11976212
2026-07-08T09:03:21.734862,2026-07-08T09:03:21.739090+00:00,122.5,1,bid,,,11976213
2026-07-08T09:03:21.798167,2026-07-08T09:03:21.806952+00:00,122.5,35,bid,,,11976214
2026-07-08T09:03:21.813801,2026-07-08T09:03:21.825331+00:00,122.5,10,bid,,,11976216
2026-07-08T09:03:21.890454,2026-07-08T09:03:21.901084+00:00,122.5,35,bid,,,11976219
2026-07-08T09:03:25.042137,2026-07-08T09:03:25.051596+00:00,122.4,1,ask,,,11976269
2026-07-08T09:03:25.064115,2026-07-08T09:03:25.076200+00:00,122.4,20,ask,,,11976270
2026-07-08T09:03:25.348914,2026-07-08T09:03:25.360222+00:00,122.5,200,bid,,,11976271
2026-07-08T09:03:26.029127,2026-07-08T09:03:26.036159+00:00,122.5,8,bid,,,11976278
2026-07-08T09:03:26.045834,2026-07-08T09:03:26.053427+00:00,122.6,9,ask,,,11976281
2026-07-08T09:03:26.049207,2026-07-08T09:03:26.053427+00:00,122.6,3,ask,,,11976282
2026-07-08T09:03:26.071955,2026-07-08T09:03:26.079316+00:00,122.6,8,ask,,,11976284
2026-07-08T09:03:27.145272,2026-07-08T09:03:27.158674+00:00,122.6,1,ask,,,11976311
2026-07-08T09:03:27.299294,2026-07-08T09:03:27.311093+00:00,122.6,2,ask,,,11976313
2026-07-08T09:03:27.303243,2026-07-08T09:03:27.311093+00:00,122.6,2,ask,,,11976314
2026-07-08T09:03:27.778444,2026-07-08T09:03:27.785312+00:00,122.7,200,bid,,,11976320
2026-07-08T09:03:28.698379,2026-07-08T09:03:28.710288+00:00,122.7,8,bid,,,11976331
2026-07-08T09:03:28.720973,2026-07-08T09:03:28.731206+00:00,122.7,2,ask,,,11976333
2026-07-08T09:03:30.199395,2026-07-08T09:03:30.206194+00:00,122.7,200,bid,,,11976349
2026-07-08T09:03:31.413124,2026-07-08T09:03:31.424388+00:00,122.6,200,bid,,,11976367
2026-07-08T09:03:31.723261,2026-07-08T09:03:31.732531+00:00,122.5,2,ask,,,11976374
2026-07-08T09:03:32.623031,2026-07-08T09:03:32.632343+00:00,122.7,200,bid,,,11976384
2026-07-08T09:03:32.644836,2026-07-08T09:03:32.658618+00:00,122.6,5,ask,,,11976386
2026-07-08T09:03:32.698730,2026-07-08T09:03:32.708823+00:00,122.6,35,ask,,,11976390
2026-07-08T09:03:32.789087,2026-07-08T09:03:32.795610+00:00,122.6,33,ask,,,11976393
2026-07-08T09:03:33.686396,2026-07-08T09:03:33.697309+00:00,122.8,20,bid,,,11976410
2026-07-08T09:03:36.599648,2026-07-08T09:03:36.610023+00:00,122.6,200,ask,,,11976452
2026-07-08T09:03:38.048375,2026-07-08T09:03:38.058609+00:00,122.5,8,ask,,,11976472
2026-07-08T09:03:38.161447,2026-07-08T09:03:38.169024+00:00,122.5,2,ask,,,11976475
2026-07-08T09:03:38.190132,2026-07-08T09:03:38.197072+00:00,122.5,20,ask,,,11976477
2026-07-08T09:03:38.904592,2026-07-08T09:03:38.913654+00:00,122.6,1,ask,,,11976489
2026-07-08T09:03:39.165199,2026-07-08T09:03:39.174374+00:00,122.7,20,bid,,,11976496
2026-07-08T09:03:39.367358,2026-07-08T09:03:39.372160+00:00,122.6,2,ask,,,11976500
2026-07-08T09:03:39.909641,2026-07-08T09:03:39.917585+00:00,122.6,8,ask,,,11976513
2026-07-08T09:03:39.909641,2026-07-08T09:03:39.923084+00:00,122.5,192,ask,,,11976514
2026-07-08T09:03:41.066670,2026-07-08T09:03:41.071387+00:00,122.4,1,ask,,,11976539
2026-07-08T09:03:41.073969,2026-07-08T09:03:41.086621+00:00,122.4,10,ask,,,11976541
2026-07-08T09:03:41.077340,2026-07-08T09:03:41.086621+00:00,122.4,10,ask,,,11976542
2026-07-08T09:03:41.132824,2026-07-08T09:03:41.140966+00:00,122.5,10,ask,,,11976546
2026-07-08T09:03:41.136426,2026-07-08T09:03:41.140966+00:00,122.5,11,ask,,,11976547
2026-07-08T09:03:41.289979,2026-07-08T09:03:41.297251+00:00,122.5,10,ask,,,11976549
2026-07-08T09:03:41.363269,2026-07-08T09:03:41.369987+00:00,122.5,5,ask,,,11976551
2026-07-08T09:03:41.375923,2026-07-08T09:03:41.383506+00:00,122.5,8,ask,,,11976554
2026-07-08T09:03:41.379086,2026-07-08T09:03:41.383506+00:00,122.5,8,ask,,,11976555
2026-07-08T09:03:41.542212,2026-07-08T09:03:41.549116+00:00,122.5,10,ask,,,11976558
2026-07-08T09:03:41.754216,2026-07-08T09:03:41.766045+00:00,122.5,5,ask,,,11976562
2026-07-08T09:03:41.789336,2026-07-08T09:03:41.797023+00:00,122.5,2,ask,,,11976565
2026-07-08T09:03:41.792755,2026-07-08T09:03:41.797023+00:00,122.5,2,ask,,,11976566
2026-07-08T09:03:41.961636,2026-07-08T09:03:41.969339+00:00,122.5,14,ask,,,11976568
2026-07-08T09:03:42.657003,2026-07-08T09:03:42.666787+00:00,122.6,8,bid,,,11976587
2026-07-08T09:03:42.712636,2026-07-08T09:03:42.717503+00:00,122.6,8,bid,,,11976594
2026-07-08T09:03:42.716476,2026-07-08T09:03:42.733063+00:00,122.6,8,bid,,,11976595
2026-07-08T09:03:42.733139,2026-07-08T09:03:42.743418+00:00,122.4,3,ask,,,11976596
2026-07-08T09:03:43.003137,2026-07-08T09:03:43.023458+00:00,122.6,2,bid,,,11976597
2026-07-08T09:03:43.017197,2026-07-08T09:03:43.028687+00:00,122.6,2,bid,,,11976599
2026-07-08T09:03:43.152469,2026-07-08T09:03:43.164097+00:00,122.6,172,bid,,,11976601
2026-07-08T09:03:45.910941,2026-07-08T09:03:45.917797+00:00,122.8,20,bid,,,11976632
2026-07-08T09:03:46.593011,2026-07-08T09:03:46.601783+00:00,122.8,20,bid,,,11976645
2026-07-08T09:03:47.107133,2026-07-08T09:03:47.118656+00:00,122.8,180,bid,,,11976657
2026-07-08T09:03:47.434675,2026-07-08T09:03:47.439418+00:00,122.9,11,bid,,,11976663
2026-07-08T09:03:47.440756,2026-07-08T09:03:47.454669+00:00,122.9,13,bid,,,11976664
2026-07-08T09:03:47.461548,2026-07-08T09:03:47.473990+00:00,122.9,2,bid,,,11976666
2026-07-08T09:03:47.469274,2026-07-08T09:03:47.473990+00:00,122.9,2,bid,,,11976667
2026-07-08T09:03:47.479282,2026-07-08T09:03:47.489212+00:00,122.8,2,ask,,,11976668
2026-07-08T09:03:47.864384,2026-07-08T09:03:47.868824+00:00,122.9,1,bid,,,11976675
2026-07-08T09:03:48.382522,2026-07-08T09:03:48.391974+00:00,122.8,200,ask,,,11976685
2026-07-08T09:03:48.470519,2026-07-08T09:03:48.479446+00:00,122.7,9,bid,,,11976688
2026-07-08T09:03:48.495517,2026-07-08T09:03:48.506361+00:00,122.7,11,bid,,,11976690
2026-07-08T09:03:48.683774,2026-07-08T09:03:48.695438+00:00,122.7,2,bid,,,11976695
2026-07-08T09:03:48.948034,2026-07-08T09:03:48.957132+00:00,122.7,20,bid,,,11976701
2026-07-08T09:03:49.590638,2026-07-08T09:03:49.594655+00:00,122.7,200,bid,,,11976721
2026-07-08T09:03:49.924449,2026-07-08T09:03:49.932025+00:00,122.6,2,ask,,,11976736
2026-07-08T09:03:50.026157,2026-07-08T09:03:50.037729+00:00,122.9,15,bid,,,11976739
2026-07-08T09:03:50.039504,2026-07-08T09:03:50.048592+00:00,122.6,2,ask,,,11976742
2026-07-08T09:03:50.931739,2026-07-08T09:03:50.940673+00:00,122.7,10,ask,,,11976752
2026-07-08T09:03:51.050479,2026-07-08T09:03:51.058702+00:00,122.7,11,ask,,,11976755
2026-07-08T09:03:51.054219,2026-07-08T09:03:51.063624+00:00,122.7,20,ask,,,11976756
2026-07-08T09:03:53.686625,2026-07-08T09:03:53.697216+00:00,122.6,200,ask,,,11976796
2026-07-08T09:03:53.686625,2026-07-08T09:03:53.697216+00:00,122.6,8,ask,,,11976797
2026-07-08T09:03:54.032165,2026-07-08T09:03:54.043878+00:00,122.6,417,bid,,,11976803
2026-07-08T09:03:55.001127,2026-07-08T09:03:55.009330+00:00,122.7,200,bid,,,11976812
2026-07-08T09:03:55.001127,2026-07-08T09:03:55.031753+00:00,122.8,8,bid,,,11976813
2026-07-08T09:03:55.026412,2026-07-08T09:03:55.031753+00:00,122.8,3,ask,,,11976816
2026-07-08T09:03:55.030697,2026-07-08T09:03:55.047270+00:00,122.8,10,ask,,,11976817
2026-07-08T09:03:55.646945,2026-07-08T09:03:55.658584+00:00,122.8,200,ask,,,11976827
2026-07-08T09:03:56.890891,2026-07-08T09:03:56.895948+00:00,122.7,3,bid,,,11976854
2026-07-08T09:03:57.087548,2026-07-08T09:03:57.095211+00:00,122.7,20,bid,,,11976856
2026-07-08T09:04:00.352694,2026-07-08T09:04:00.365222+00:00,122.5,2,ask,,,11976893
2026-07-08T09:04:01.985988,2026-07-08T09:04:01.993188+00:00,122.5,2,ask,,,11976914
2026-07-08T09:04:04.109779,2026-07-08T09:04:04.124134+00:00,122.5,20,ask,,,11976943
2026-07-08T09:04:04.148668,2026-07-08T09:04:04.158612+00:00,122.6,2,ask,,,11976944
2026-07-08T09:04:08.148876,2026-07-08T09:04:08.164188+00:00,122.8,8,ask,,,11976995
2026-07-08T09:04:11.403346,2026-07-08T09:04:11.410506+00:00,123.0,200,bid,,,11977027
2026-07-08T09:04:13.388074,2026-07-08T09:04:13.398305+00:00,122.9,200,ask,,,11977047
2026-07-08T09:04:15.055844,2026-07-08T09:04:15.054259+00:00,122.9,200,ask,,,11977063
2026-07-08T09:04:15.841910,2026-07-08T09:04:15.848826+00:00,122.9,425,ask,,,11977071
2026-07-08T09:04:17.331619,2026-07-08T09:04:17.340628+00:00,122.8,200,bid,,,11977098
2026-07-08T09:04:17.668503,2026-07-08T09:04:17.679787+00:00,122.8,425,ask,,,11977100
2026-07-08T09:04:18.287254,2026-07-08T09:04:18.296343+00:00,122.8,1,bid,,,11977111
2026-07-08T09:04:18.425093,2026-07-08T09:04:18.432971+00:00,122.8,8,bid,,,11977114
2026-07-08T09:04:18.467705,2026-07-08T09:04:18.474622+00:00,122.8,1,bid,,,11977118
2026-07-08T09:04:19.161249,2026-07-08T09:04:19.165730+00:00,122.7,3,ask,,,11977127
2026-07-08T09:04:19.166355,2026-07-08T09:04:19.180949+00:00,122.7,20,ask,,,11977128
2026-07-08T09:04:19.479666,2026-07-08T09:04:19.489942+00:00,122.7,177,ask,,,11977135
2026-07-08T09:04:19.890731,2026-07-08T09:04:19.900466+00:00,122.7,200,bid,,,11977146
2026-07-08T09:04:20.609593,2026-07-08T09:04:20.621616+00:00,122.8,20,bid,,,11977159
2026-07-08T09:04:21.105754,2026-07-08T09:04:21.113455+00:00,122.6,200,ask,,,11977166
2026-07-08T09:04:21.304794,2026-07-08T09:04:21.312163+00:00,122.7,500,bid,,,11977167
2026-07-08T09:04:22.314301,2026-07-08T09:04:22.325613+00:00,122.7,125,ask,,,11977178
2026-07-08T09:04:22.618536,2026-07-08T09:04:22.641412+00:00,122.5,200,ask,,,11977181
2026-07-08T09:04:22.636775,2026-07-08T09:04:22.641412+00:00,122.5,2,bid,,,11977183
2026-07-08T09:04:22.891809,2026-07-08T09:04:22.902099+00:00,122.5,2,bid,,,11977188
2026-07-08T09:04:22.897716,2026-07-08T09:04:22.902099+00:00,122.5,1,bid,,,11977189
2026-07-08T09:04:23.288224,2026-07-08T09:04:23.300317+00:00,122.3,2,ask,,,11977194
2026-07-08T09:04:23.744289,2026-07-08T09:04:23.753872+00:00,122.4,1,ask,,,11977200
2026-07-08T09:04:23.766870,2026-07-08T09:04:23.774940+00:00,122.5,1,bid,,,11977202
2026-07-08T09:04:24.150954,2026-07-08T09:04:24.158684+00:00,122.4,1,ask,,,11977210
2026-07-08T09:04:25.481799,2026-07-08T09:04:25.486491+00:00,122.4,37,ask,,,11977227
2026-07-08T09:04:25.485470,2026-07-08T09:04:25.502157+00:00,122.4,25,ask,,,11977228
2026-07-08T09:04:25.507800,2026-07-08T09:04:25.518004+00:00,122.4,8,ask,,,11977230
2026-07-08T09:04:25.547751,2026-07-08T09:04:25.554870+00:00,122.4,10,ask,,,11977231
2026-07-08T09:04:25.759943,2026-07-08T09:04:25.771878+00:00,122.4,10,ask,,,11977238
2026-07-08T09:04:25.785330,2026-07-08T09:04:25.793628+00:00,122.4,5,ask,,,11977240
2026-07-08T09:04:25.794774,2026-07-08T09:04:25.804369+00:00,122.4,2,ask,,,11977242
2026-07-08T09:04:25.971214,2026-07-08T09:04:25.982939+00:00,122.3,5,ask,,,11977243
2026-07-08T09:04:26.200176,2026-07-08T09:04:26.212218+00:00,122.3,5,ask,,,11977247
2026-07-08T09:04:26.579978,2026-07-08T09:04:26.591879+00:00,122.4,10,ask,,,11977259
2026-07-08T09:04:26.615073,2026-07-08T09:04:26.623503+00:00,122.4,5,ask,,,11977262
2026-07-08T09:04:26.793572,2026-07-08T09:04:26.805466+00:00,122.4,10,ask,,,11977264
2026-07-08T09:04:27.006918,2026-07-08T09:04:27.013744+00:00,122.4,5,ask,,,11977270
2026-07-08T09:04:27.025364,2026-07-08T09:04:27.034736+00:00,122.4,5,ask,,,11977272
2026-07-08T09:04:27.836031,2026-07-08T09:04:27.848273+00:00,122.5,14,bid,,,11977281
2026-07-08T09:04:28.382591,2026-07-08T09:04:28.389597+00:00,122.4,200,ask,,,11977295
2026-07-08T09:04:28.658076,2026-07-08T09:04:28.673850+00:00,122.4,2,ask,,,11977299
2026-07-08T09:04:29.592718,2026-07-08T09:04:29.602848+00:00,122.5,200,ask,,,11977313
2026-07-08T09:04:32.201769,2026-07-08T09:04:32.210373+00:00,122.6,200,ask,,,11977345
2026-07-08T09:04:33.402625,2026-07-08T09:04:33.412712+00:00,122.5,500,ask,,,11977362
2026-07-08T09:04:34.633450,2026-07-08T09:04:34.642915+00:00,122.5,200,ask,,,11977384
2026-07-08T09:04:34.650281,2026-07-08T09:04:34.657902+00:00,122.5,2,bid,,,11977386
2026-07-08T09:04:34.653411,2026-07-08T09:04:34.657902+00:00,122.5,2,bid,,,11977387
2026-07-08T09:04:34.666363,2026-07-08T09:04:34.673550+00:00,122.3,2,ask,,,11977388
2026-07-08T09:04:34.686459,2026-07-08T09:04:34.694399+00:00,122.5,2,bid,,,11977389
2026-07-08T09:04:35.004762,2026-07-08T09:04:35.009977+00:00,122.5,32,bid,,,11977397
2026-07-08T09:04:35.124053,2026-07-08T09:04:35.129258+00:00,122.5,2,bid,,,11977399
2026-07-08T09:04:35.536582,2026-07-08T09:04:35.541624+00:00,122.5,1,bid,,,11977406
2026-07-08T09:04:35.635415,2026-07-08T09:04:35.646993+00:00,122.5,10,bid,,,11977414
2026-07-08T09:04:35.650609,2026-07-08T09:04:35.657826+00:00,122.3,2,ask,,,11977416
2026-07-08T09:04:35.672437,2026-07-08T09:04:35.684285+00:00,122.5,25,bid,,,11977419
2026-07-08T09:04:35.806131,2026-07-08T09:04:35.813044+00:00,122.3,25,bid,,,11977424
2026-07-08T09:04:35.856458,2026-07-08T09:04:35.863626+00:00,122.3,10,bid,,,11977425
2026-07-08T09:04:35.867195,2026-07-08T09:04:35.874408+00:00,122.2,2,ask,,,11977427
2026-07-08T09:04:36.072575,2026-07-08T09:04:36.080510+00:00,122.3,10,bid,,,11977430
2026-07-08T09:04:36.082523,2026-07-08T09:04:36.091356+00:00,122.2,2,ask,,,11977432
2026-07-08T09:04:36.287839,2026-07-08T09:04:36.299919+00:00,122.2,2,ask,,,11977434
2026-07-08T09:04:36.334795,2026-07-08T09:04:36.346819+00:00,122.2,2,ask,,,11977435
2026-07-08T09:04:36.467628,2026-07-08T09:04:36.477076+00:00,122.2,22,ask,,,11977439
2026-07-08T09:04:36.477602,2026-07-08T09:04:36.487782+00:00,122.3,2,bid,,,11977441
2026-07-08T09:04:36.494728,2026-07-08T09:04:36.503735+00:00,122.2,2,ask,,,11977442
2026-07-08T09:04:36.700418,2026-07-08T09:04:36.712435+00:00,122.2,2,ask,,,11977447
2026-07-08T09:04:36.749994,2026-07-08T09:04:36.756757+00:00,122.3,2,bid,,,11977448
2026-07-08T09:04:36.908697,2026-07-08T09:04:36.918071+00:00,122.1,2,ask,,,11977452
2026-07-08T09:04:37.120618,2026-07-08T09:04:37.128769+00:00,122.2,2,ask,,,11977458
2026-07-08T09:04:37.124416,2026-07-08T09:04:37.133751+00:00,122.2,10,ask,,,11977459
2026-07-08T09:04:37.168539,2026-07-08T09:04:37.180431+00:00,122.2,2,ask,,,11977460
2026-07-08T09:04:37.195007,2026-07-08T09:04:37.203873+00:00,122.2,2,ask,,,11977463
2026-07-08T09:04:37.199862,2026-07-08T09:04:37.203873+00:00,122.2,2,ask,,,11977464
2026-07-08T09:04:37.326256,2026-07-08T09:04:37.338384+00:00,122.2,2,ask,,,11977465
2026-07-08T09:04:37.533513,2026-07-08T09:04:37.545679+00:00,122.2,1,ask,,,11977469
2026-07-08T09:04:37.609227,2026-07-08T09:04:37.615282+00:00,122.2,1,ask,,,11977472
2026-07-08T09:04:38.164374,2026-07-08T09:04:38.181136+00:00,122.2,8,ask,,,11977481
2026-07-08T09:04:39.614686,2026-07-08T09:04:39.625831+00:00,122.2,2,ask,,,11977503
2026-07-08T09:04:39.621366,2026-07-08T09:04:39.625831+00:00,122.2,2,ask,,,11977504
2026-07-08T09:04:39.856742,2026-07-08T09:04:39.868487+00:00,122.2,20,ask,,,11977509
2026-07-08T09:04:42.381670,2026-07-08T09:04:42.392415+00:00,122.3,8,ask,,,11977548
2026-07-08T09:04:42.388153,2026-07-08T09:04:42.392415+00:00,122.3,9,ask,,,11977549
2026-07-08T09:04:42.912940,2026-07-08T09:04:42.921655+00:00,122.3,200,ask,,,11977556
2026-07-08T09:04:44.124200,2026-07-08T09:04:44.164383+00:00,122.2,200,ask,,,11977570
2026-07-08T09:04:44.814574,2026-07-08T09:04:44.825141+00:00,122.4,2,bid,,,11977575
2026-07-08T09:04:48.983212,2026-07-08T09:04:48.990506+00:00,122.1,200,ask,,,11977640
2026-07-08T09:04:52.784720,2026-07-08T09:04:52.792564+00:00,122.0,20,ask,,,11977689
2026-07-08T09:04:52.926234,2026-07-08T09:04:52.936952+00:00,122.0,200,ask,,,11977691
2026-07-08T09:04:52.926234,2026-07-08T09:04:52.936952+00:00,122.0,8,ask,,,11977692
2026-07-08T09:04:52.944756,2026-07-08T09:04:52.955685+00:00,122.0,10,bid,,,11977695
2026-07-08T09:04:52.951287,2026-07-08T09:04:52.955685+00:00,122.0,11,bid,,,11977696
2026-07-08T09:04:54.240803,2026-07-08T09:04:54.258807+00:00,122.0,200,bid,,,11977709
2026-07-08T09:04:54.240803,2026-07-08T09:04:54.258807+00:00,122.1,8,bid,,,11977710
2026-07-08T09:04:54.283123,2026-07-08T09:04:54.297508+00:00,122.1,8,ask,,,11977712
2026-07-08T09:04:54.292709,2026-07-08T09:04:54.297508+00:00,122.1,8,ask,,,11977713
2026-07-08T09:04:54.478807,2026-07-08T09:04:54.489175+00:00,122.1,2,ask,,,11977717
2026-07-08T09:04:54.484721,2026-07-08T09:04:54.489175+00:00,122.1,2,ask,,,11977718
2026-07-08T09:04:55.034213,2026-07-08T09:04:55.046143+00:00,122.1,200,ask,,,11977724
2026-07-08T09:04:55.560588,2026-07-08T09:04:55.569092+00:00,122.1,8,ask,,,11977734
2026-07-08T09:04:56.875708,2026-07-08T09:04:56.886285+00:00,121.9,200,ask,,,11977760
2026-07-08T09:04:56.875708,2026-07-08T09:04:56.886285+00:00,121.9,425,ask,,,11977761
2026-07-08T09:04:58.187452,2026-07-08T09:04:58.207403+00:00,121.9,200,bid,,,11977777
2026-07-08T09:04:58.203426,2026-07-08T09:04:58.207403+00:00,121.9,1,ask,,,11977779
2026-07-08T09:05:01.093719,2026-07-08T09:05:01.104337+00:00,121.9,200,ask,,,11977827
2026-07-08T09:05:01.513667,2026-07-08T09:05:01.525825+00:00,122.1,8,bid,,,11977832
2026-07-08T09:05:02.757094,2026-07-08T09:05:02.769210+00:00,121.9,20,ask,,,11977852
2026-07-08T09:05:05.938842,2026-07-08T09:05:05.947254+00:00,122.0,200,ask,,,11977888
2026-07-08T09:05:09.576280,2026-07-08T09:05:09.583252+00:00,121.9,200,ask,,,11977938
2026-07-08T09:05:09.810206,2026-07-08T09:05:09.824627+00:00,122.1,8,bid,,,11977948
2026-07-08T09:05:09.827621,2026-07-08T09:05:09.835381+00:00,122.2,2,bid,,,11977950
2026-07-08T09:05:09.853709,2026-07-08T09:05:09.857957+00:00,122.2,11,bid,,,11977953
2026-07-08T09:05:09.856987,2026-07-08T09:05:09.873570+00:00,122.2,10,bid,,,11977954
2026-07-08T09:05:10.033731,2026-07-08T09:05:10.049833+00:00,122.0,10,bid,,,11977955
2026-07-08T09:05:10.045593,2026-07-08T09:05:10.049833+00:00,122.0,3,bid,,,11977958
2026-07-08T09:05:10.245928,2026-07-08T09:05:10.252684+00:00,122.0,10,bid,,,11977961
2026-07-08T09:05:10.257847,2026-07-08T09:05:10.269450+00:00,121.9,2,ask,,,11977963
2026-07-08T09:05:10.463202,2026-07-08T09:05:10.472218+00:00,122.0,10,bid,,,11977965
2026-07-08T09:05:10.653975,2026-07-08T09:05:10.658639+00:00,121.8,20,ask,,,11977971
2026-07-08T09:05:10.681914,2026-07-08T09:05:10.694105+00:00,122.0,10,bid,,,11977972
2026-07-08T09:05:10.790290,2026-07-08T09:05:10.798742+00:00,121.8,200,ask,,,11977976
2026-07-08T09:05:10.859959,2026-07-08T09:05:10.870095+00:00,122.0,14,bid,,,11977979
2026-07-08T09:05:10.900958,2026-07-08T09:05:10.912851+00:00,121.8,2,ask,,,11977981
2026-07-08T09:05:11.107337,2026-07-08T09:05:11.119072+00:00,121.8,2,ask,,,11977987
2026-07-08T09:05:11.314222,2026-07-08T09:05:11.323726+00:00,121.8,2,ask,,,11977995
2026-07-08T09:05:11.522238,2026-07-08T09:05:11.533310+00:00,121.7,2,ask,,,11978001
2026-07-08T09:05:11.729807,2026-07-08T09:05:11.741533+00:00,121.7,2,ask,,,11978004
2026-07-08T09:05:13.208735,2026-07-08T09:05:13.218664+00:00,121.8,200,ask,,,11978019
2026-07-08T09:05:15.275075,2026-07-08T09:05:15.281775+00:00,121.7,200,ask,,,11978047
2026-07-08T09:05:15.275075,2026-07-08T09:05:15.287020+00:00,121.7,8,ask,,,11978048
2026-07-08T09:05:15.275075,2026-07-08T09:05:15.287020+00:00,121.7,417,ask,,,11978049
2026-07-08T09:05:15.768218,2026-07-08T09:05:15.780327+00:00,121.8,1,bid,,,11978057
2026-07-08T09:05:16.139525,2026-07-08T09:05:16.150991+00:00,121.8,16,bid,,,11978069
2026-07-08T09:05:16.182202,2026-07-08T09:05:16.194115+00:00,121.8,10,bid,,,11978072
2026-07-08T09:05:16.425741,2026-07-08T09:05:16.441272+00:00,121.8,10,bid,,,11978077
2026-07-08T09:05:16.637893,2026-07-08T09:05:16.649886+00:00,121.8,5,bid,,,11978081
2026-07-08T09:05:16.839512,2026-07-08T09:05:16.846595+00:00,121.8,49,bid,,,11978085
2026-07-08T09:05:17.911130,2026-07-08T09:05:17.923201+00:00,121.6,200,ask,,,11978108
2026-07-08T09:05:17.911130,2026-07-08T09:05:17.923201+00:00,121.6,425,ask,,,11978109
2026-07-08T09:05:18.043097,2026-07-08T09:05:18.048499+00:00,121.6,75,ask,,,11978112
2026-07-08T09:05:18.043097,2026-07-08T09:05:18.063808+00:00,121.6,8,ask,,,11978113
2026-07-08T09:05:18.058197,2026-07-08T09:05:18.080880+00:00,121.6,10,bid,,,11978115
2026-07-08T09:05:18.061620,2026-07-08T09:05:18.080880+00:00,121.6,20,bid,,,11978116
2026-07-08T09:05:18.073289,2026-07-08T09:05:18.080880+00:00,121.6,24,bid,,,11978119
2026-07-08T09:05:18.076686,2026-07-08T09:05:18.080880+00:00,121.6,14,bid,,,11978120
2026-07-08T09:05:18.238423,2026-07-08T09:05:18.249082+00:00,121.6,49,bid,,,11978126
2026-07-08T09:05:18.368682,2026-07-08T09:05:18.373865+00:00,121.8,8,ask,,,11978129
2026-07-08T09:05:18.699305,2026-07-08T09:05:18.706762+00:00,121.8,2,ask,,,11978135
2026-07-08T09:05:18.702468,2026-07-08T09:05:18.706762+00:00,121.8,6,ask,,,11978136
2026-07-08T09:05:19.023808,2026-07-08T09:05:19.027774+00:00,121.8,5,ask,,,11978139
2026-07-08T09:05:19.233472,2026-07-08T09:05:19.243066+00:00,121.8,3,ask,,,11978142
2026-07-08T09:05:24.099205,2026-07-08T09:05:24.111060+00:00,121.8,200,bid,,,11978205
2026-07-08T09:05:25.311223,2026-07-08T09:05:25.319830+00:00,121.8,200,bid,,,11978219
2026-07-08T09:05:25.813956,2026-07-08T09:05:25.821005+00:00,121.8,8,bid,,,11978225
2026-07-08T09:05:26.677376,2026-07-08T09:05:26.681853+00:00,121.9,3,ask,,,11978235
2026-07-08T09:05:31.100847,2026-07-08T09:05:31.109297+00:00,121.9,200,ask,,,11978293
2026-07-08T09:05:31.799127,2026-07-08T09:05:31.806007+00:00,121.9,20,bid,,,11978297
2026-07-08T09:05:34.045530,2026-07-08T09:05:34.056968+00:00,121.9,8,ask,,,11978334
2026-07-08T09:05:34.698636,2026-07-08T09:05:34.709627+00:00,121.9,8,ask,,,11978343
2026-07-08T09:05:34.760924,2026-07-08T09:05:34.769186+00:00,122.0,20,bid,,,11978348
2026-07-08T09:05:35.041868,2026-07-08T09:05:35.051956+00:00,121.8,200,ask,,,11978351
2026-07-08T09:05:37.024931,2026-07-08T09:05:37.035691+00:00,121.7,500,bid,,,11978368
2026-07-08T09:05:37.419371,2026-07-08T09:05:37.431097+00:00,121.7,125,bid,,,11978375
2026-07-08T09:05:38.196159,2026-07-08T09:05:38.205755+00:00,121.7,20,ask,,,11978382
2026-07-08T09:05:38.317087,2026-07-08T09:05:38.323905+00:00,121.7,8,ask,,,11978384
2026-07-08T09:05:38.779963,2026-07-08T09:05:38.790417+00:00,121.7,1,ask,,,11978391
2026-07-08T09:05:38.866680,2026-07-08T09:05:38.875478+00:00,121.7,2,ask,,,11978394
2026-07-08T09:05:38.893338,2026-07-08T09:05:38.905472+00:00,121.7,7,ask,,,11978397
2026-07-08T09:05:39.066984,2026-07-08T09:05:39.076049+00:00,121.8,20,bid,,,11978401
2026-07-08T09:05:39.848426,2026-07-08T09:05:39.863830+00:00,121.7,200,ask,,,11978409
2026-07-08T09:05:40.640426,2026-07-08T09:05:40.649307+00:00,121.8,500,bid,,,11978429
2026-07-08T09:05:40.730198,2026-07-08T09:05:40.737514+00:00,121.6,1,ask,,,11978434
2026-07-08T09:05:41.066458,2026-07-08T09:05:41.075139+00:00,121.7,2,ask,,,11978437
2026-07-08T09:05:41.257181,2026-07-08T09:05:41.269389+00:00,121.8,125,bid,,,11978443
2026-07-08T09:05:41.291023,2026-07-08T09:05:41.301169+00:00,121.8,7,ask,,,11978445
2026-07-08T09:05:41.583270,2026-07-08T09:05:41.592792+00:00,121.9,200,bid,,,11978450
2026-07-08T09:05:41.583270,2026-07-08T09:05:41.592792+00:00,122.0,8,bid,,,11978451
2026-07-08T09:05:41.607848,2026-07-08T09:05:41.612481+00:00,122.0,2,ask,,,11978453
2026-07-08T09:05:42.002438,2026-07-08T09:05:42.006681+00:00,122.0,1,ask,,,11978459
2026-07-08T09:05:42.072435,2026-07-08T09:05:42.083709+00:00,122.0,1,ask,,,11978461
2026-07-08T09:05:42.079789,2026-07-08T09:05:42.088693+00:00,122.0,1,ask,,,11978462
2026-07-08T09:05:42.498443,2026-07-08T09:05:42.507926+00:00,122.0,2,ask,,,11978468
2026-07-08T09:05:43.111950,2026-07-08T09:05:43.121877+00:00,122.0,2,ask,,,11978477
2026-07-08T09:05:43.324050,2026-07-08T09:05:43.335789+00:00,122.0,10,ask,,,11978483
2026-07-08T09:05:44.688527,2026-07-08T09:05:44.695804+00:00,122.1,200,bid,,,11978514
2026-07-08T09:05:44.717562,2026-07-08T09:05:44.729649+00:00,122.1,20,bid,,,11978515
2026-07-08T09:05:45.122251,2026-07-08T09:05:45.134468+00:00,122.1,1,bid,,,11978521
2026-07-08T09:05:45.527544,2026-07-08T09:05:45.536417+00:00,122.0,500,ask,,,11978532
2026-07-08T09:05:45.903700,2026-07-08T09:05:45.913350+00:00,122.0,125,bid,,,11978542
2026-07-08T09:05:45.926297,2026-07-08T09:05:45.934311+00:00,122.2,2,ask,,,11978544
2026-07-08T09:05:45.949685,2026-07-08T09:05:45.958634+00:00,122.2,3,ask,,,11978546
2026-07-08T09:05:46.125305,2026-07-08T09:05:46.134314+00:00,122.2,2,ask,,,11978553
2026-07-08T09:05:46.142076,2026-07-08T09:05:46.153844+00:00,122.2,1,ask,,,11978554
2026-07-08T09:05:47.811724,2026-07-08T09:05:47.819875+00:00,122.3,2,bid,,,11978572
2026-07-08T09:05:47.815297,2026-07-08T09:05:47.819875+00:00,122.3,3,bid,,,11978573
2026-07-08T09:05:48.147103,2026-07-08T09:05:48.158606+00:00,122.3,200,bid,,,11978581
2026-07-08T09:05:48.242453,2026-07-08T09:05:48.254331+00:00,122.3,20,ask,,,11978583
2026-07-08T09:05:48.330489,2026-07-08T09:05:48.337466+00:00,122.3,200,ask,,,11978585
2026-07-08T09:05:51.378066,2026-07-08T09:05:51.393976+00:00,122.1,10,ask,,,11978616
2026-07-08T09:05:51.389575,2026-07-08T09:05:51.409637+00:00,122.1,2,ask,,,11978619
2026-07-08T09:05:51.800055,2026-07-08T09:05:51.804872+00:00,122.1,1,ask,,,11978624
2026-07-08T09:05:53.206945,2026-07-08T09:05:53.218442+00:00,122.2,10,ask,,,11978647
2026-07-08T09:05:53.211908,2026-07-08T09:05:53.223776+00:00,122.2,5,ask,,,11978648
2026-07-08T09:05:53.218504,2026-07-08T09:05:53.229022+00:00,122.2,10,ask,,,11978649
2026-07-08T09:05:53.432895,2026-07-08T09:05:53.442883+00:00,122.2,5,ask,,,11978653
2026-07-08T09:05:55.601628,2026-07-08T09:05:55.610568+00:00,122.2,200,ask,,,11978678
2026-07-08T09:06:00.012819,2026-07-08T09:06:00.023977+00:00,122.2,20,ask,,,11978720
2026-07-08T09:06:00.519424,2026-07-08T09:06:00.524200+00:00,122.2,23,ask,,,11978727
2026-07-08T09:06:00.531944,2026-07-08T09:06:00.539962+00:00,122.2,20,ask,,,11978729
2026-07-08T09:06:00.610790,2026-07-08T09:06:00.618889+00:00,122.2,5,ask,,,11978730
2026-07-08T09:06:00.660797,2026-07-08T09:06:00.671181+00:00,122.2,10,ask,,,11978733
2026-07-08T09:06:00.873060,2026-07-08T09:06:00.884926+00:00,122.2,10,ask,,,11978736
2026-07-08T09:06:01.029742,2026-07-08T09:06:01.041623+00:00,122.2,1,ask,,,11978738
2026-07-08T09:06:01.087194,2026-07-08T09:06:01.099360+00:00,122.2,5,ask,,,11978740
2026-07-08T09:06:01.280366,2026-07-08T09:06:01.292300+00:00,122.2,23,ask,,,11978742
2026-07-08T09:06:02.651267,2026-07-08T09:06:02.658695+00:00,122.0,200,ask,,,11978761
2026-07-08T09:06:02.651267,2026-07-08T09:06:02.658695+00:00,122.0,425,ask,,,11978762
2026-07-08T09:06:03.964360,2026-07-08T09:06:03.974141+00:00,122.1,200,bid,,,11978775
2026-07-08T09:06:03.964360,2026-07-08T09:06:03.974141+00:00,122.2,8,bid,,,11978776
2026-07-08T09:06:03.985318,2026-07-08T09:06:03.993712+00:00,122.4,2,ask,,,11978778
2026-07-08T09:06:03.989009,2026-07-08T09:06:03.993712+00:00,122.4,2,ask,,,11978779
2026-07-08T09:06:04.002280,2026-07-08T09:06:04.006635+00:00,122.4,32,ask,,,11978782
2026-07-08T09:06:04.010595,2026-07-08T09:06:04.022262+00:00,122.4,25,ask,,,11978784
2026-07-08T09:06:04.034239,2026-07-08T09:06:04.043687+00:00,122.4,3,ask,,,11978788
2026-07-08T09:06:04.073938,2026-07-08T09:06:04.080835+00:00,122.4,200,ask,,,11978789
2026-07-08T09:06:04.106604,2026-07-08T09:06:04.118384+00:00,122.4,10,ask,,,11978790
2026-07-08T09:06:04.261764,2026-07-08T09:06:04.270295+00:00,122.4,7,ask,,,11978793
2026-07-08T09:06:04.307301,2026-07-08T09:06:04.319076+00:00,122.4,71,ask,,,11978795
2026-07-08T09:06:04.318448,2026-07-08T09:06:04.329660+00:00,122.4,10,ask,,,11978797
2026-07-08T09:06:04.536885,2026-07-08T09:06:04.544235+00:00,122.4,5,ask,,,11978803
2026-07-08T09:06:04.674068,2026-07-08T09:06:04.682821+00:00,122.4,5,ask,,,11978806
2026-07-08T09:06:05.100117,2026-07-08T09:06:05.109075+00:00,122.4,5,ask,,,11978817
2026-07-08T09:06:05.288777,2026-07-08T09:06:05.296314+00:00,122.2,8,ask,,,11978824
2026-07-08T09:06:05.303698,2026-07-08T09:06:05.315232+00:00,122.2,2,bid,,,11978826
2026-07-08T09:06:05.310607,2026-07-08T09:06:05.315232+00:00,122.2,2,bid,,,11978827
2026-07-08T09:06:05.555097,2026-07-08T09:06:05.564433+00:00,122.2,8,bid,,,11978834
2026-07-08T09:06:05.559267,2026-07-08T09:06:05.564433+00:00,122.2,2,bid,,,11978835
2026-07-08T09:06:05.571876,2026-07-08T09:06:05.576849+00:00,122.2,7,bid,,,11978837
2026-07-08T09:06:05.937331,2026-07-08T09:06:05.949343+00:00,122.2,20,bid,,,11978842
2026-07-08T09:06:05.960102,2026-07-08T09:06:05.966980+00:00,122.2,2,bid,,,11978846
2026-07-08T09:06:05.963037,2026-07-08T09:06:05.966980+00:00,122.2,2,bid,,,11978847
2026-07-08T09:06:06.801875,2026-07-08T09:06:06.806400+00:00,122.2,33,bid,,,11978870
2026-07-08T09:06:06.813400,2026-07-08T09:06:06.821636+00:00,122.2,25,bid,,,11978872
2026-07-08T09:06:06.837335,2026-07-08T09:06:06.848408+00:00,122.2,3,bid,,,11978874
2026-07-08T09:06:07.351420,2026-07-08T09:06:07.358574+00:00,122.2,18,bid,,,11978876
2026-07-08T09:06:07.715521,2026-07-08T09:06:07.726038+00:00,122.2,200,bid,,,11978882
2026-07-08T09:06:08.029529,2026-07-08T09:06:08.041427+00:00,122.1,20,ask,,,11978884
2026-07-08T09:06:08.502887,2026-07-08T09:06:08.514534+00:00,122.2,500,bid,,,11978892
2026-07-08T09:06:08.926667,2026-07-08T09:06:08.936915+00:00,122.2,125,bid,,,11978902
2026-07-08T09:06:08.926667,2026-07-08T09:06:08.936915+00:00,122.2,8,bid,,,11978903
2026-07-08T09:06:08.952277,2026-07-08T09:06:08.963773+00:00,122.3,20,ask,,,11978906
2026-07-08T09:06:08.958646,2026-07-08T09:06:08.963773+00:00,122.3,23,ask,,,11978907
2026-07-08T09:06:09.168509,2026-07-08T09:06:09.180649+00:00,122.3,6,ask,,,11978908
2026-07-08T09:06:09.204862,2026-07-08T09:06:09.214091+00:00,122.3,2,ask,,,11978912
2026-07-08T09:06:09.209674,2026-07-08T09:06:09.214091+00:00,122.3,2,ask,,,11978913
2026-07-08T09:06:09.242230,2026-07-08T09:06:09.250614+00:00,122.5,8,bid,,,11978914
2026-07-08T09:06:09.262160,2026-07-08T09:06:09.266487+00:00,122.5,21,ask,,,11978918
2026-07-08T09:06:09.365969,2026-07-08T09:06:09.378871+00:00,122.5,10,ask,,,11978920
2026-07-08T09:06:09.381412,2026-07-08T09:06:09.389468+00:00,122.5,18,ask,,,11978923
2026-07-08T09:06:10.022686,2026-07-08T09:06:10.029947+00:00,122.5,2,ask,,,11978940
2026-07-08T09:06:10.143764,2026-07-08T09:06:10.153411+00:00,122.5,200,ask,,,11978941
2026-07-08T09:06:10.443716,2026-07-08T09:06:10.458704+00:00,122.5,2,ask,,,11978948
2026-07-08T09:06:10.708616,2026-07-08T09:06:10.720780+00:00,122.5,20,bid,,,11978952
2026-07-08T09:06:11.352698,2026-07-08T09:06:11.358614+00:00,122.5,200,bid,,,11978960
2026-07-08T09:06:13.777132,2026-07-08T09:06:13.784724+00:00,122.6,200,bid,,,11979000
2026-07-08T09:06:16.319494,2026-07-08T09:06:16.323968+00:00,122.7,34,bid,,,11979038
2026-07-08T09:06:16.398350,2026-07-08T09:06:16.408542+00:00,122.7,8,bid,,,11979041
2026-07-08T09:06:18.450624,2026-07-08T09:06:18.456488+00:00,122.7,2,bid,,,11979065
2026-07-08T09:06:18.629146,2026-07-08T09:06:18.649000+00:00,122.5,200,ask,,,11979068
2026-07-08T09:06:19.778065,2026-07-08T09:06:19.790025+00:00,122.3,8,ask,,,11979087
2026-07-08T09:06:19.837363,2026-07-08T09:06:19.849055+00:00,122.5,200,bid,,,11979089
2026-07-08T09:06:20.476957,2026-07-08T09:06:20.488785+00:00,122.2,2,ask,,,11979094
2026-07-08T09:06:23.467098,2026-07-08T09:06:23.479060+00:00,122.5,200,bid,,,11979130
2026-07-08T09:06:25.025204,2026-07-08T09:06:25.036922+00:00,122.4,200,ask,,,11979145
2026-07-08T09:06:26.367022,2026-07-08T09:06:26.388126+00:00,122.4,11,ask,,,11979171
2026-07-08T09:06:26.375866,2026-07-08T09:06:26.388126+00:00,122.4,6,ask,,,11979172
2026-07-08T09:06:27.193684,2026-07-08T09:06:27.205891+00:00,122.4,20,ask,,,11979186
2026-07-08T09:06:28.321770,2026-07-08T09:06:28.328318+00:00,122.4,200,bid,,,11979207
2026-07-08T09:06:28.971053,2026-07-08T09:06:28.990977+00:00,122.5,8,bid,,,11979214
2026-07-08T09:06:28.986183,2026-07-08T09:06:28.990977+00:00,122.5,12,ask,,,11979216
2026-07-08T09:06:28.997074,2026-07-08T09:06:29.006639+00:00,122.5,10,ask,,,11979218
2026-07-08T09:06:29.534731,2026-07-08T09:06:29.546545+00:00,122.5,200,ask,,,11979224
2026-07-08T09:06:30.743398,2026-07-08T09:06:30.758595+00:00,122.5,200,bid,,,11979238
2026-07-08T09:06:38.030615,2026-07-08T09:06:38.039014+00:00,122.5,8,bid,,,11979338
2026-07-08T09:06:38.539384,2026-07-08T09:06:38.543852+00:00,122.6,12,bid,,,11979348
2026-07-08T09:06:38.598965,2026-07-08T09:06:38.608954+00:00,122.6,10,bid,,,11979351
2026-07-08T09:06:38.616500,2026-07-08T09:06:38.624819+00:00,122.6,7,bid,,,11979353
2026-07-08T09:06:39.391300,2026-07-08T09:06:39.402553+00:00,122.5,200,ask,,,11979363
2026-07-08T09:06:39.417188,2026-07-08T09:06:39.421485+00:00,122.5,11,bid,,,11979367
2026-07-08T09:06:39.422237,2026-07-08T09:06:39.437099+00:00,122.5,10,bid,,,11979368
2026-07-08T09:06:39.632541,2026-07-08T09:06:39.644230+00:00,122.4,6,ask,,,11979375
2026-07-08T09:06:40.461450,2026-07-08T09:06:40.469481+00:00,122.5,200,bid,,,11979383
2026-07-08T09:06:40.596475,2026-07-08T09:06:40.606735+00:00,122.4,500,ask,,,11979387
2026-07-08T09:06:40.648724,2026-07-08T09:06:40.658609+00:00,122.4,1,ask,,,11979388
2026-07-08T09:06:40.845894,2026-07-08T09:06:40.856523+00:00,122.3,8,ask,,,11979392
2026-07-08T09:06:41.680570,2026-07-08T09:06:41.690116+00:00,122.3,200,bid,,,11979401
2026-07-08T09:06:42.773418,2026-07-08T09:06:42.784282+00:00,122.4,20,bid,,,11979423
2026-07-08T09:06:43.677547,2026-07-08T09:06:43.684679+00:00,122.4,2,bid,,,11979438
2026-07-08T09:06:44.104373,2026-07-08T09:06:44.103027+00:00,122.4,200,bid,,,11979444
2026-07-08T09:06:44.695242,2026-07-08T09:06:44.703426+00:00,122.2,2,ask,,,11979451
2026-07-08T09:06:44.790272,2026-07-08T09:06:44.801644+00:00,122.4,500,bid,,,11979453
2026-07-08T09:06:44.790272,2026-07-08T09:06:44.801644+00:00,122.4,8,bid,,,11979454
2026-07-08T09:06:45.487101,2026-07-08T09:06:45.498979+00:00,122.5,20,bid,,,11979471
2026-07-08T09:06:45.710760,2026-07-08T09:06:45.722653+00:00,122.5,7,bid,,,11979473
2026-07-08T09:06:47.424766,2026-07-08T09:06:47.449517+00:00,122.3,200,ask,,,11979496
2026-07-08T09:06:47.445170,2026-07-08T09:06:47.465212+00:00,122.3,12,bid,,,11979499
2026-07-08T09:06:47.454677,2026-07-08T09:06:47.465212+00:00,122.3,10,bid,,,11979500
2026-07-08T09:06:47.518108,2026-07-08T09:06:47.529089+00:00,122.3,10,bid,,,11979502
2026-07-08T09:06:47.734752,2026-07-08T09:06:47.743417+00:00,122.3,200,bid,,,11979504
2026-07-08T09:06:48.944848,2026-07-08T09:06:48.954436+00:00,122.5,200,bid,,,11979527
2026-07-08T09:06:50.049843,2026-07-08T09:06:50.058615+00:00,122.4,500,bid,,,11979544
2026-07-08T09:06:50.754988,2026-07-08T09:06:50.758556+00:00,122.4,6,ask,,,11979554
2026-07-08T09:06:50.900717,2026-07-08T09:06:50.912038+00:00,122.4,119,ask,,,11979558
2026-07-08T09:06:51.387014,2026-07-08T09:06:51.391963+00:00,122.3,11,bid,,,11979575
2026-07-08T09:06:51.394356,2026-07-08T09:06:51.407632+00:00,122.3,10,bid,,,11979577
2026-07-08T09:06:52.302764,2026-07-08T09:06:52.309902+00:00,122.3,1,bid,,,11979587
2026-07-08T09:06:52.586654,2026-07-08T09:06:52.595731+00:00,122.3,200,bid,,,11979597
2026-07-08T09:06:54.787210,2026-07-08T09:06:54.799512+00:00,122.3,11,bid,,,11979625
2026-07-08T09:06:57.560163,2026-07-08T09:06:57.568136+00:00,122.3,200,ask,,,11979665
2026-07-08T09:06:57.916450,2026-07-08T09:06:57.924842+00:00,122.3,300,bid,,,11979672
2026-07-08T09:06:58.152911,2026-07-08T09:06:58.155844+00:00,122.3,325,ask,,,11979677
2026-07-08T09:06:58.252947,2026-07-08T09:06:58.271624+00:00,121.8,8,ask,,,11979679
2026-07-08T09:06:58.267222,2026-07-08T09:06:58.271624+00:00,122.1,3,bid,,,11979682
2026-07-08T09:06:58.270657,2026-07-08T09:06:58.287163+00:00,122.1,5,bid,,,11979683
2026-07-08T09:06:58.287152,2026-07-08T09:06:58.298737+00:00,122.3,3,bid,,,11979684
2026-07-08T09:06:58.591221,2026-07-08T09:06:58.601522+00:00,122.1,1,bid,,,11979690
2026-07-08T09:06:58.665977,2026-07-08T09:06:58.678103+00:00,122.1,7,bid,,,11979691
2026-07-08T09:06:58.665977,2026-07-08T09:06:58.678103+00:00,122.3,172,bid,,,11979692
2026-07-08T09:06:59.828564,2026-07-08T09:06:59.839226+00:00,122.3,6,bid,,,11979714
2026-07-08T09:07:00.534733,2026-07-08T09:07:00.545418+00:00,122.3,500,bid,,,11979725
2026-07-08T09:07:00.607210,2026-07-08T09:07:00.617503+00:00,122.3,125,ask,,,11979728
2026-07-08T09:07:00.607210,2026-07-08T09:07:00.617503+00:00,122.3,8,ask,,,11979729
2026-07-08T09:07:01.845312,2026-07-08T09:07:01.858600+00:00,122.1,200,ask,,,11979743
2026-07-08T09:07:01.845312,2026-07-08T09:07:01.858600+00:00,122.1,8,ask,,,11979744
2026-07-08T09:07:02.293606,2026-07-08T09:07:02.302658+00:00,122.1,200,bid,,,11979751
2026-07-08T09:07:03.929738,2026-07-08T09:07:03.934244+00:00,122.1,14,ask,,,11979776
2026-07-08T09:07:03.933283,2026-07-08T09:07:03.949489+00:00,122.1,20,ask,,,11979777
2026-07-08T09:07:04.467755,2026-07-08T09:07:04.475167+00:00,122.1,166,ask,,,11979789
2026-07-08T09:07:04.710576,2026-07-08T09:07:04.719614+00:00,122.1,200,bid,,,11979790
2026-07-08T09:07:04.870310,2026-07-08T09:07:04.882049+00:00,122.1,17,bid,,,11979791
2026-07-08T09:07:05.779963,2026-07-08T09:07:05.789430+00:00,122.1,8,bid,,,11979805
2026-07-08T09:07:08.475408,2026-07-08T09:07:08.485287+00:00,122.1,500,ask,,,11979833
2026-07-08T09:07:09.063783,2026-07-08T09:07:09.100320+00:00,122.1,125,ask,,,11979835
2026-07-08T09:07:09.096020,2026-07-08T09:07:09.100320+00:00,122.1,11,bid,,,11979838
2026-07-08T09:07:09.102636,2026-07-08T09:07:09.115932+00:00,122.1,10,bid,,,11979839
2026-07-08T09:07:09.565066,2026-07-08T09:07:09.576880+00:00,122.1,200,bid,,,11979844
2026-07-08T09:07:09.729442,2026-07-08T09:07:09.750530+00:00,121.9,8,ask,,,11979851
2026-07-08T09:07:09.746405,2026-07-08T09:07:09.750530+00:00,121.9,3,bid,,,11979853
2026-07-08T09:07:09.775322,2026-07-08T09:07:09.787555+00:00,121.9,10,bid,,,11979854
2026-07-08T09:07:09.988371,2026-07-08T09:07:10.000228+00:00,121.9,10,bid,,,11979861
2026-07-08T09:07:10.201412,2026-07-08T09:07:10.211227+00:00,121.9,10,bid,,,11979867
2026-07-08T09:07:10.678510,2026-07-08T09:07:10.689181+00:00,121.7,20,ask,,,11979877
2026-07-08T09:07:10.776139,2026-07-08T09:07:10.785405+00:00,121.9,200,bid,,,11979881
2026-07-08T09:07:10.915009,2026-07-08T09:07:10.926935+00:00,121.7,16,ask,,,11979883
2026-07-08T09:07:11.932343,2026-07-08T09:07:11.942516+00:00,121.9,18,ask,,,11979894
2026-07-08T09:07:11.944963,2026-07-08T09:07:11.953131+00:00,122.1,2,bid,,,11979896
2026-07-08T09:07:12.378357,2026-07-08T09:07:12.385140+00:00,122.1,20,bid,,,11979902
2026-07-08T09:07:13.323613,2026-07-08T09:07:13.333783+00:00,122.0,200,ask,,,11979913
2026-07-08T09:07:13.367581,2026-07-08T09:07:13.371767+00:00,122.0,3,bid,,,11979919
2026-07-08T09:07:13.384472,2026-07-08T09:07:13.396420+00:00,122.0,35,bid,,,11979920
2026-07-08T09:07:13.422233,2026-07-08T09:07:13.434091+00:00,122.0,10,bid,,,11979923
2026-07-08T09:07:13.425830,2026-07-08T09:07:13.434091+00:00,122.0,12,bid,,,11979924
2026-07-08T09:07:13.431055,2026-07-08T09:07:13.439349+00:00,121.9,2,ask,,,11979925
2026-07-08T09:07:13.636269,2026-07-08T09:07:13.644703+00:00,121.9,2,ask,,,11979929
2026-07-08T09:07:13.665790,2026-07-08T09:07:13.675818+00:00,122.0,240,bid,,,11979930
2026-07-08T09:07:13.665790,2026-07-08T09:07:13.675818+00:00,122.1,8,bid,,,11979931
2026-07-08T09:07:13.665790,2026-07-08T09:07:13.680835+00:00,122.2,200,bid,,,11979932
2026-07-08T09:07:13.792250,2026-07-08T09:07:13.804553+00:00,122.4,20,bid,,,11979933
2026-07-08T09:07:13.862223,2026-07-08T09:07:13.874721+00:00,122.2,2,ask,,,11979934
2026-07-08T09:07:13.925243,2026-07-08T09:07:13.934598+00:00,122.2,175,ask,,,11979937
2026-07-08T09:07:13.925243,2026-07-08T09:07:13.934598+00:00,122.1,8,ask,,,11979938
2026-07-08T09:07:14.277903,2026-07-08T09:07:14.289845+00:00,121.9,8,bid,,,11979943
2026-07-08T09:07:14.287534,2026-07-08T09:07:14.294806+00:00,121.5,2,ask,,,11979945
2026-07-08T09:07:14.982563,2026-07-08T09:07:14.991223+00:00,122.0,500,bid,,,11979959
2026-07-08T09:07:14.982563,2026-07-08T09:07:14.991223+00:00,122.1,125,bid,,,11979960
2026-07-08T09:07:15.313242,2026-07-08T09:07:15.317916+00:00,121.9,3,ask,,,11979965
2026-07-08T09:07:15.904216,2026-07-08T09:07:15.916260+00:00,122.0,20,bid,,,11979971
2026-07-08T09:07:16.820314,2026-07-08T09:07:16.827899+00:00,121.9,200,bid,,,11979987
2026-07-08T09:07:17.544249,2026-07-08T09:07:17.558615+00:00,121.8,500,ask,,,11979993
2026-07-08T09:07:18.780457,2026-07-08T09:07:18.792598+00:00,121.7,200,ask,,,11980007
2026-07-08T09:07:18.902628,2026-07-08T09:07:18.914657+00:00,121.7,10,bid,,,11980010
2026-07-08T09:07:18.931490,2026-07-08T09:07:18.941173+00:00,121.7,290,bid,,,11980012
2026-07-08T09:07:18.931490,2026-07-08T09:07:18.941173+00:00,121.8,8,bid,,,11980013
2026-07-08T09:07:19.369477,2026-07-08T09:07:19.380102+00:00,121.8,327,ask,,,11980023
2026-07-08T09:07:19.369477,2026-07-08T09:07:19.380102+00:00,121.8,173,ask,,,11980024
2026-07-08T09:07:19.972473,2026-07-08T09:07:19.980967+00:00,121.8,27,ask,,,11980034
2026-07-08T09:07:19.972473,2026-07-08T09:07:19.980967+00:00,121.8,8,ask,,,11980035
2026-07-08T09:07:20.178767,2026-07-08T09:07:20.189630+00:00,121.5,8,bid,,,11980044
2026-07-08T09:07:20.450231,2026-07-08T09:07:20.458652+00:00,121.6,200,bid,,,11980052
2026-07-08T09:07:21.515958,2026-07-08T09:07:21.523215+00:00,121.6,1,bid,,,11980069
2026-07-08T09:07:22.359951,2026-07-08T09:07:22.369241+00:00,121.6,1,bid,,,11980081
2026-07-08T09:07:22.873354,2026-07-08T09:07:22.883250+00:00,121.6,200,bid,,,11980089
2026-07-08T09:07:22.913259,2026-07-08T09:07:22.917947+00:00,121.6,14,ask,,,11980094
2026-07-08T09:07:22.917148,2026-07-08T09:07:22.933627+00:00,121.6,25,ask,,,11980095
2026-07-08T09:07:22.941018,2026-07-08T09:07:22.949493+00:00,121.6,35,ask,,,11980099
2026-07-08T09:07:22.946704,2026-07-08T09:07:22.949493+00:00,121.6,7,ask,,,11980100
2026-07-08T09:07:24.100910,2026-07-08T09:07:24.109234+00:00,121.7,200,bid,,,11980121
2026-07-08T09:07:24.194066,2026-07-08T09:07:24.202606+00:00,121.7,300,bid,,,11980122
2026-07-08T09:07:24.231229,2026-07-08T09:07:24.276325+00:00,121.7,325,ask,,,11980123
2026-07-08T09:07:25.315590,2026-07-08T09:07:25.325481+00:00,121.5,8,bid,,,11980139
2026-07-08T09:07:25.315590,2026-07-08T09:07:25.325481+00:00,121.6,192,bid,,,11980140
2026-07-08T09:07:25.439986,2026-07-08T09:07:25.458564+00:00,120.9,20,ask,,,11980145
2026-07-08T09:07:26.056979,2026-07-08T09:07:26.058626+00:00,121.6,9,bid,,,11980156
2026-07-08T09:07:26.527774,2026-07-08T09:07:26.536676+00:00,121.6,200,bid,,,11980165
2026-07-08T09:07:27.741756,2026-07-08T09:07:27.750542+00:00,121.5,200,bid,,,11980180
2026-07-08T09:07:27.913624,2026-07-08T09:07:27.926845+00:00,121.5,25,bid,,,11980184
2026-07-08T09:07:27.922483,2026-07-08T09:07:27.926845+00:00,121.5,14,bid,,,11980186
2026-07-08T09:07:27.938410,2026-07-08T09:07:27.947427+00:00,121.5,10,bid,,,11980187
2026-07-08T09:07:28.083031,2026-07-08T09:07:28.093273+00:00,121.5,88,bid,,,11980192
2026-07-08T09:07:28.093915,2026-07-08T09:07:28.104018+00:00,121.4,2,ask,,,11980194
2026-07-08T09:07:28.212872,2026-07-08T09:07:28.220251+00:00,121.5,20,bid,,,11980195
2026-07-08T09:07:28.955613,2026-07-08T09:07:28.964408+00:00,121.5,200,bid,,,11980208
2026-07-08T09:07:29.103843,2026-07-08T09:07:29.115693+00:00,121.3,35,ask,,,11980209
2026-07-08T09:07:29.287446,2026-07-08T09:07:29.295595+00:00,121.3,15,ask,,,11980217
2026-07-08T09:07:29.291169,2026-07-08T09:07:29.295595+00:00,121.3,3,ask,,,11980218
2026-07-08T09:07:29.351047,2026-07-08T09:07:29.362523+00:00,121.3,10,ask,,,11980221
2026-07-08T09:07:30.166847,2026-07-08T09:07:30.175755+00:00,121.5,200,bid,,,11980231
2026-07-08T09:07:30.755401,2026-07-08T09:07:30.775209+00:00,121.6,500,bid,,,11980239
2026-07-08T09:07:30.766424,2026-07-08T09:07:30.775209+00:00,121.7,10,ask,,,11980241
2026-07-08T09:07:30.770976,2026-07-08T09:07:30.775209+00:00,121.7,46,ask,,,11980242
2026-07-08T09:07:30.774226,2026-07-08T09:07:30.790403+00:00,121.7,8,ask,,,11980243
2026-07-08T09:07:30.874123,2026-07-08T09:07:30.884512+00:00,121.7,61,ask,,,11980248
2026-07-08T09:07:31.149047,2026-07-08T09:07:31.154506+00:00,121.6,23,bid,,,11980256
2026-07-08T09:07:31.271862,2026-07-08T09:07:31.276565+00:00,121.5,8,bid,,,11980260
2026-07-08T09:07:31.485029,2026-07-08T09:07:31.492330+00:00,121.5,200,ask,,,11980264
2026-07-08T09:07:31.505331,2026-07-08T09:07:31.509649+00:00,121.5,4,bid,,,11980266
2026-07-08T09:07:31.596722,2026-07-08T09:07:31.600913+00:00,121.4,8,bid,,,11980269
2026-07-08T09:07:31.924924,2026-07-08T09:07:31.929735+00:00,121.4,3,bid,,,11980276
2026-07-08T09:07:32.108754,2026-07-08T09:07:32.121587+00:00,121.4,500,bid,,,11980282
2026-07-08T09:07:32.681991,2026-07-08T09:07:32.692403+00:00,121.5,200,ask,,,11980291
2026-07-08T09:07:32.681991,2026-07-08T09:07:32.692403+00:00,121.4,125,ask,,,11980292
2026-07-08T09:07:32.681991,2026-07-08T09:07:32.692403+00:00,121.4,8,ask,,,11980293
2026-07-08T09:07:32.710356,2026-07-08T09:07:32.730321+00:00,121.4,3,bid,,,11980296
2026-07-08T09:07:32.716861,2026-07-08T09:07:32.730321+00:00,121.4,10,bid,,,11980297
2026-07-08T09:07:32.786967,2026-07-08T09:07:32.798868+00:00,121.4,10,bid,,,11980298
2026-07-08T09:07:32.895160,2026-07-08T09:07:32.906404+00:00,121.3,8,bid,,,11980301
2026-07-08T09:07:33.337253,2026-07-08T09:07:33.345999+00:00,121.3,2,bid,,,11980314
2026-07-08T09:07:33.792910,2026-07-08T09:07:33.801210+00:00,121.3,200,bid,,,11980322
2026-07-08T09:07:35.003709,2026-07-08T09:07:35.012732+00:00,121.3,200,bid,,,11980338
2026-07-08T09:07:35.059842,2026-07-08T09:07:35.071392+00:00,121.3,1,bid,,,11980343
2026-07-08T09:07:36.215355,2026-07-08T09:07:36.225127+00:00,121.3,200,bid,,,11980355
2026-07-08T09:07:37.426474,2026-07-08T09:07:37.434992+00:00,121.4,200,bid,,,11980369
2026-07-08T09:07:38.664424,2026-07-08T09:07:38.678395+00:00,121.3,500,bid,,,11980382
2026-07-08T09:07:38.742902,2026-07-08T09:07:38.752696+00:00,121.3,125,ask,,,11980386
2026-07-08T09:07:38.742902,2026-07-08T09:07:38.752696+00:00,121.3,8,ask,,,11980387
2026-07-08T09:07:38.810575,2026-07-08T09:07:38.820289+00:00,121.3,9,bid,,,11980392
2026-07-08T09:07:38.817731,2026-07-08T09:07:38.825557+00:00,121.3,10,bid,,,11980393
2026-07-08T09:07:39.034748,2026-07-08T09:07:39.046408+00:00,121.3,10,bid,,,11980397
2026-07-08T09:07:39.163245,2026-07-08T09:07:39.175056+00:00,121.3,37,bid,,,11980400
2026-07-08T09:07:39.247592,2026-07-08T09:07:39.255631+00:00,121.3,5,bid,,,11980402
2026-07-08T09:07:39.979278,2026-07-08T09:07:39.986191+00:00,121.2,8,ask,,,11980413
2026-07-08T09:07:39.979278,2026-07-08T09:07:39.991188+00:00,121.2,200,ask,,,11980414
2026-07-08T09:07:40.000833,2026-07-08T09:07:40.005218+00:00,121.2,3,bid,,,11980417
2026-07-08T09:07:40.007269,2026-07-08T09:07:40.020960+00:00,121.2,10,bid,,,11980418
2026-07-08T09:07:40.024810,2026-07-08T09:07:40.036812+00:00,121.2,35,bid,,,11980421
2026-07-08T09:07:40.061700,2026-07-08T09:07:40.073478+00:00,121.2,10,bid,,,11980423
2026-07-08T09:07:40.123038,2026-07-08T09:07:40.132635+00:00,121.2,29,bid,,,11980425
2026-07-08T09:07:41.312894,2026-07-08T09:07:41.320893+00:00,121.1,20,ask,,,11980443
2026-07-08T09:07:41.800741,2026-07-08T09:07:41.812310+00:00,121.1,1,ask,,,11980453
2026-07-08T09:07:41.947153,2026-07-08T09:07:41.954703+00:00,121.1,9,ask,,,11980456
2026-07-08T09:07:41.950548,2026-07-08T09:07:41.954703+00:00,121.1,3,ask,,,11980457
2026-07-08T09:07:42.177398,2026-07-08T09:07:42.189440+00:00,121.1,20,ask,,,11980462
2026-07-08T09:07:43.483279,2026-07-08T09:07:43.494590+00:00,121.2,200,bid,,,11980475
2026-07-08T09:07:43.897008,2026-07-08T09:07:43.906453+00:00,121.0,1,ask,,,11980483
2026-07-08T09:07:44.200224,2026-07-08T09:07:44.269385+00:00,121.1,500,ask,,,11980485
2026-07-08T09:07:44.791080,2026-07-08T09:07:44.798302+00:00,121.1,125,ask,,,11980494
2026-07-08T09:07:44.791080,2026-07-08T09:07:44.803856+00:00,121.1,8,ask,,,11980495
2026-07-08T09:07:44.791080,2026-07-08T09:07:44.803856+00:00,121.1,200,ask,,,11980496
2026-07-08T09:07:45.007473,2026-07-08T09:07:45.016710+00:00,121.0,1,bid,,,11980502
2026-07-08T09:07:45.904180,2026-07-08T09:07:45.913220+00:00,120.9,200,bid,,,11980521
2026-07-08T09:07:47.113499,2026-07-08T09:07:47.124323+00:00,120.9,200,bid,,,11980535
2026-07-08T09:07:48.324848,2026-07-08T09:07:48.332711+00:00,121.1,200,bid,,,11980555
2026-07-08T09:07:49.538771,2026-07-08T09:07:49.549597+00:00,121.0,200,bid,,,11980569
2026-07-08T09:07:50.635726,2026-07-08T09:07:50.658017+00:00,121.0,8,bid,,,11980589
2026-07-08T09:07:50.648703,2026-07-08T09:07:50.658017+00:00,121.0,8,bid,,,11980591
2026-07-08T09:07:50.653657,2026-07-08T09:07:50.658017+00:00,121.0,3,bid,,,11980592
2026-07-08T09:07:50.728700,2026-07-08T09:07:50.740496+00:00,120.9,6,ask,,,11980593
2026-07-08T09:07:50.748126,2026-07-08T09:07:50.759444+00:00,121.0,200,bid,,,11980594
2026-07-08T09:07:51.462546,2026-07-08T09:07:51.474267+00:00,120.9,500,ask,,,11980604
2026-07-08T09:07:51.779048,2026-07-08T09:07:51.787000+00:00,120.9,8,ask,,,11980613
2026-07-08T09:07:51.796985,2026-07-08T09:07:51.813690+00:00,120.9,2,bid,,,11980616
2026-07-08T09:07:51.856955,2026-07-08T09:07:51.864038+00:00,120.9,35,bid,,,11980618
2026-07-08T09:07:51.900174,2026-07-08T09:07:51.912031+00:00,120.9,10,bid,,,11980620
2026-07-08T09:07:51.949688,2026-07-08T09:07:51.958673+00:00,120.9,35,bid,,,11980622
2026-07-08T09:07:51.960967,2026-07-08T09:07:51.970382+00:00,120.9,200,bid,,,11980624
2026-07-08T09:07:52.065892,2026-07-08T09:07:52.074362+00:00,120.9,23,bid,,,11980625
2026-07-08T09:07:52.160583,2026-07-08T09:07:52.172727+00:00,120.7,23,ask,,,11980629
2026-07-08T09:07:53.170962,2026-07-08T09:07:53.182691+00:00,120.9,200,bid,,,11980642
2026-07-08T09:07:54.382096,2026-07-08T09:07:54.390738+00:00,120.9,200,bid,,,11980665
2026-07-08T09:07:54.400630,2026-07-08T09:07:54.426291+00:00,121.0,8,bid,,,11980666
2026-07-08T09:07:54.421593,2026-07-08T09:07:54.426291+00:00,121.0,3,ask,,,11980669
2026-07-08T09:07:54.425260,2026-07-08T09:07:54.447224+00:00,121.0,10,ask,,,11980670
2026-07-08T09:07:56.329204,2026-07-08T09:07:56.340491+00:00,121.0,1,ask,,,11980691
2026-07-08T09:07:57.810768,2026-07-08T09:07:57.818904+00:00,121.0,19,ask,,,11980712
2026-07-08T09:07:57.864398,2026-07-08T09:07:57.874991+00:00,121.0,23,ask,,,11980714
2026-07-08T09:07:57.955623,2026-07-08T09:07:57.958595+00:00,121.0,8,ask,,,11980716
2026-07-08T09:07:58.606834,2026-07-08T09:07:58.617608+00:00,121.0,8,ask,,,11980730
2026-07-08T09:07:58.938673,2026-07-08T09:07:58.950672+00:00,121.0,8,ask,,,11980735
2026-07-08T09:07:59.270258,2026-07-08T09:07:59.282132+00:00,121.0,8,ask,,,11980740
2026-07-08T09:08:00.483630,2026-07-08T09:08:00.494483+00:00,121.0,8,ask,,,11980760
2026-07-08T09:08:00.656366,2026-07-08T09:08:00.658585+00:00,121.0,8,ask,,,11980766
2026-07-08T09:08:02.884563,2026-07-08T09:08:02.895653+00:00,121.0,200,ask,,,11980805
2026-07-08T09:08:06.675356,2026-07-08T09:08:06.687475+00:00,120.9,20,ask,,,11980861
2026-07-08T09:08:07.318233,2026-07-08T09:08:07.327127+00:00,120.9,63,ask,,,11980869
2026-07-08T09:08:07.433657,2026-07-08T09:08:07.443761+00:00,120.9,1,ask,,,11980870
2026-07-08T09:08:10.159779,2026-07-08T09:08:10.169025+00:00,120.9,200,bid,,,11980899
2026-07-08T09:08:11.358144,2026-07-08T09:08:11.369620+00:00,120.9,200,ask,,,11980914
2026-07-08T09:08:12.571776,2026-07-08T09:08:12.580543+00:00,120.8,8,ask,,,11980932
2026-07-08T09:08:13.261178,2026-07-08T09:08:13.269422+00:00,120.8,192,bid,,,11980942
2026-07-08T09:08:13.477132,2026-07-08T09:08:13.488779+00:00,120.9,1,bid,,,11980947
2026-07-08T09:08:13.633463,2026-07-08T09:08:13.637662+00:00,120.8,14,ask,,,11980954
2026-07-08T09:08:13.641313,2026-07-08T09:08:13.653284+00:00,120.8,20,ask,,,11980956
2026-07-08T09:08:13.758810,2026-07-08T09:08:13.770781+00:00,120.8,10,ask,,,11980959
2026-07-08T09:08:13.970848,2026-07-08T09:08:13.983268+00:00,120.8,10,ask,,,11980965
2026-07-08T09:08:14.185895,2026-07-08T09:08:14.198255+00:00,120.8,10,ask,,,11980967
2026-07-08T09:08:14.404006,2026-07-08T09:08:14.416172+00:00,120.8,10,ask,,,11980970
2026-07-08T09:08:14.494065,2026-07-08T09:08:14.505707+00:00,120.8,15,ask,,,11980972
2026-07-08T09:08:14.616491,2026-07-08T09:08:14.628689+00:00,120.8,5,ask,,,11980974
2026-07-08T09:08:16.237088,2026-07-08T09:08:16.243994+00:00,120.8,200,ask,,,11980995
2026-07-08T09:08:17.447861,2026-07-08T09:08:17.458597+00:00,120.9,200,ask,,,11981015
2026-07-08T09:08:18.043092,2026-07-08T09:08:18.058610+00:00,120.9,500,ask,,,11981026
2026-07-08T09:08:18.043092,2026-07-08T09:08:18.058610+00:00,120.9,8,ask,,,11981027
2026-07-08T09:08:19.315367,2026-07-08T09:08:19.327149+00:00,120.9,117,bid,,,11981036
2026-07-08T09:08:19.315367,2026-07-08T09:08:19.327149+00:00,120.9,200,bid,,,11981037
2026-07-08T09:08:19.866533,2026-07-08T09:08:19.874406+00:00,120.9,183,ask,,,11981047
2026-07-08T09:08:19.866533,2026-07-08T09:08:19.879679+00:00,120.9,17,ask,,,11981048
2026-07-08T09:08:22.571788,2026-07-08T09:08:22.582610+00:00,121.0,15,bid,,,11981077
2026-07-08T09:08:23.288142,2026-07-08T09:08:23.295195+00:00,121.0,200,bid,,,11981087
2026-07-08T09:08:23.288142,2026-07-08T09:08:23.300176+00:00,121.0,8,bid,,,11981088
2026-07-08T09:08:23.300478,2026-07-08T09:08:23.313514+00:00,121.0,20,ask,,,11981090
2026-07-08T09:08:23.309358,2026-07-08T09:08:23.313514+00:00,121.0,23,ask,,,11981092
2026-07-08T09:08:23.446133,2026-07-08T09:08:23.457991+00:00,121.0,10,ask,,,11981096
2026-07-08T09:08:23.587000,2026-07-08T09:08:23.598961+00:00,121.0,51,ask,,,11981099
2026-07-08T09:08:23.658348,2026-07-08T09:08:23.669919+00:00,121.0,10,ask,,,11981101
2026-07-08T09:08:23.870520,2026-07-08T09:08:23.879497+00:00,121.0,10,ask,,,11981105
2026-07-08T09:08:24.089763,2026-07-08T09:08:24.101674+00:00,121.0,10,ask,,,11981111
2026-07-08T09:08:24.285957,2026-07-08T09:08:24.294220+00:00,121.0,20,ask,,,11981116
2026-07-08T09:08:24.711964,2026-07-08T09:08:24.722986+00:00,121.1,200,bid,,,11981126
2026-07-08T09:08:28.353444,2026-07-08T09:08:28.358668+00:00,121.2,200,bid,,,11981167
2026-07-08T09:08:28.536968,2026-07-08T09:08:28.548947+00:00,121.3,8,bid,,,11981169
2026-07-08T09:08:30.418510,2026-07-08T09:08:30.430720+00:00,121.4,20,bid,,,11981201
2026-07-08T09:08:32.030978,2026-07-08T09:08:32.038219+00:00,121.3,200,ask,,,11981225
2026-07-08T09:08:32.063084,2026-07-08T09:08:32.071837+00:00,121.3,200,bid,,,11981226
2026-07-08T09:08:32.750926,2026-07-08T09:08:32.763874+00:00,121.2,10,ask,,,11981240
2026-07-08T09:08:33.274400,2026-07-08T09:08:33.284499+00:00,121.4,200,bid,,,11981253
2026-07-08T09:08:35.653679,2026-07-08T09:08:35.655800+00:00,121.3,500,ask,,,11981289
2026-07-08T09:08:36.405174,2026-07-08T09:08:36.414397+00:00,121.2,200,ask,,,11981302
2026-07-08T09:08:36.405174,2026-07-08T09:08:36.414397+00:00,121.2,8,ask,,,11981303
2026-07-08T09:08:36.903470,2026-07-08T09:08:36.913427+00:00,121.2,200,bid,,,11981308
2026-07-08T09:08:37.717542,2026-07-08T09:08:37.729637+00:00,121.3,500,bid,,,11981318
2026-07-08T09:08:37.717542,2026-07-08T09:08:37.729637+00:00,121.3,8,bid,,,11981319
2026-07-08T09:08:38.082375,2026-07-08T09:08:38.091049+00:00,121.3,117,ask,,,11981325
2026-07-08T09:08:40.872860,2026-07-08T09:08:40.880475+00:00,121.2,20,bid,,,11981361
2026-07-08T09:08:41.658161,2026-07-08T09:08:41.684948+00:00,121.1,200,ask,,,11981375
2026-07-08T09:08:41.678786,2026-07-08T09:08:41.684948+00:00,121.0,23,bid,,,11981377
2026-07-08T09:08:41.742941,2026-07-08T09:08:41.751758+00:00,121.0,200,bid,,,11981379
2026-07-08T09:08:41.900084,2026-07-08T09:08:41.908982+00:00,121.0,20,bid,,,11981386
2026-07-08T09:08:42.956490,2026-07-08T09:08:42.968720+00:00,121.0,182,bid,,,11981397
2026-07-08T09:08:42.956490,2026-07-08T09:08:42.968720+00:00,121.2,8,bid,,,11981398
2026-07-08T09:08:44.169085,2026-07-08T09:08:44.174707+00:00,121.4,200,bid,,,11981412
2026-07-08T09:08:45.289361,2026-07-08T09:08:45.293979+00:00,121.5,14,bid,,,11981429
2026-07-08T09:08:45.391608,2026-07-08T09:08:45.398710+00:00,121.5,10,bid,,,11981436
2026-07-08T09:08:45.606064,2026-07-08T09:08:45.612620+00:00,121.4,10,bid,,,11981446
2026-07-08T09:08:45.819283,2026-07-08T09:08:45.830486+00:00,121.4,10,bid,,,11981451
2026-07-08T09:08:49.026714,2026-07-08T09:08:49.033752+00:00,121.3,200,bid,,,11981494
2026-07-08T09:08:50.236574,2026-07-08T09:08:50.247561+00:00,121.3,200,bid,,,11981507
2026-07-08T09:08:51.642931,2026-07-08T09:08:51.658541+00:00,121.5,10,bid,,,11981527
2026-07-08T09:08:51.853405,2026-07-08T09:08:51.865076+00:00,121.5,10,bid,,,11981530
2026-07-08T09:08:53.815922,2026-07-08T09:08:53.826527+00:00,121.4,200,ask,,,11981558
2026-07-08T09:08:56.284136,2026-07-08T09:08:56.296082+00:00,121.4,200,bid,,,11981586
2026-07-08T09:08:57.782264,2026-07-08T09:08:57.794757+00:00,121.4,20,ask,,,11981597
2026-07-08T09:09:00.035031,2026-07-08T09:09:00.045362+00:00,121.6,200,bid,,,11981624
2026-07-08T09:09:01.127193,2026-07-08T09:09:01.138623+00:00,121.7,8,ask,,,11981631
2026-07-08T09:09:01.127193,2026-07-08T09:09:01.138623+00:00,121.6,192,ask,,,11981632
2026-07-08T09:09:01.350710,2026-07-08T09:09:01.353325+00:00,121.6,8,ask,,,11981635
2026-07-08T09:09:01.367078,2026-07-08T09:09:01.372151+00:00,121.6,3,bid,,,11981637
2026-07-08T09:09:01.370463,2026-07-08T09:09:01.382237+00:00,121.6,10,bid,,,11981638
2026-07-08T09:09:01.423748,2026-07-08T09:09:01.435615+00:00,121.6,35,bid,,,11981641
2026-07-08T09:09:01.519551,2026-07-08T09:09:01.531743+00:00,121.6,35,bid,,,11981643
2026-07-08T09:09:01.581517,2026-07-08T09:09:01.590925+00:00,121.6,10,bid,,,11981647
2026-07-08T09:09:01.611458,2026-07-08T09:09:01.623016+00:00,121.6,35,bid,,,11981650
2026-07-08T09:09:01.715655,2026-07-08T09:09:01.732943+00:00,121.6,30,bid,,,11981655
2026-07-08T09:09:02.334864,2026-07-08T09:09:02.345834+00:00,121.6,200,bid,,,11981665
2026-07-08T09:09:04.291943,2026-07-08T09:09:04.296910+00:00,121.4,3,ask,,,11981693
2026-07-08T09:09:04.303646,2026-07-08T09:09:04.312216+00:00,121.4,35,ask,,,11981695
2026-07-08T09:09:04.396830,2026-07-08T09:09:04.406265+00:00,121.4,35,ask,,,11981697
2026-07-08T09:09:07.900340,2026-07-08T09:09:07.910932+00:00,121.4,200,ask,,,11981736
2026-07-08T09:09:07.966950,2026-07-08T09:09:07.978782+00:00,121.4,51,bid,,,11981737
2026-07-08T09:09:08.004629,2026-07-08T09:09:08.014821+00:00,121.4,5,bid,,,11981739
2026-07-08T09:09:09.377328,2026-07-08T09:09:09.388314+00:00,121.3,6,ask,,,11981758
2026-07-08T09:09:09.887117,2026-07-08T09:09:09.898782+00:00,121.5,20,bid,,,11981761
2026-07-08T09:09:10.672448,2026-07-08T09:09:10.683112+00:00,121.3,35,ask,,,11981771
2026-07-08T09:09:10.766748,2026-07-08T09:09:10.774763+00:00,121.3,24,ask,,,11981773
2026-07-08T09:09:12.038272,2026-07-08T09:09:12.046216+00:00,121.4,200,bid,,,11981797
2026-07-08T09:09:14.471469,2026-07-08T09:09:14.481924+00:00,121.5,200,bid,,,11981824
2026-07-08T09:09:14.495874,2026-07-08T09:09:14.502631+00:00,121.6,200,ask,,,11981827
2026-07-08T09:09:15.797283,2026-07-08T09:09:15.807547+00:00,121.6,200,ask,,,11981841
2026-07-08T09:09:16.944652,2026-07-08T09:09:16.948909+00:00,121.5,14,ask,,,11981858
2026-07-08T09:09:17.036150,2026-07-08T09:09:17.048400+00:00,121.5,10,ask,,,11981859
2026-07-08T09:09:17.061326,2026-07-08T09:09:17.073067+00:00,121.5,15,ask,,,11981862
2026-07-08T09:09:17.115593,2026-07-08T09:09:17.123059+00:00,121.7,200,bid,,,11981865
2026-07-08T09:09:17.115593,2026-07-08T09:09:17.140867+00:00,121.7,8,bid,,,11981866
2026-07-08T09:09:17.135640,2026-07-08T09:09:17.140867+00:00,121.7,23,ask,,,11981868
2026-07-08T09:09:17.201686,2026-07-08T09:09:17.212424+00:00,121.9,20,bid,,,11981870
2026-07-08T09:09:17.255693,2026-07-08T09:09:17.269048+00:00,121.7,10,ask,,,11981871
2026-07-08T09:09:17.467789,2026-07-08T09:09:17.479733+00:00,121.7,10,ask,,,11981875
2026-07-08T09:09:17.678579,2026-07-08T09:09:17.687425+00:00,121.7,10,ask,,,11981881
2026-07-08T09:09:20.053102,2026-07-08T09:09:20.058067+00:00,121.6,34,bid,,,11981914
2026-07-08T09:09:20.547647,2026-07-08T09:09:20.558604+00:00,121.6,200,bid,,,11981922
2026-07-08T09:09:21.730123,2026-07-08T09:09:21.737831+00:00,121.8,20,bid,,,11981937
2026-07-08T09:09:25.003102,2026-07-08T09:09:25.041052+00:00,121.7,200,bid,,,11981972
2026-07-08T09:09:25.036752,2026-07-08T09:09:25.041052+00:00,121.8,10,ask,,,11981978
2026-07-08T09:09:26.381267,2026-07-08T09:09:26.392923+00:00,121.7,20,ask,,,11981994
2026-07-08T09:09:29.669459,2026-07-08T09:09:29.681404+00:00,121.9,20,ask,,,11982036
2026-07-08T09:09:29.963423,2026-07-08T09:09:29.970781+00:00,121.9,20,ask,,,11982044
2026-07-08T09:09:31.197349,2026-07-08T09:09:31.209341+00:00,122.0,15,bid,,,11982059
2026-07-08T09:09:32.215485,2026-07-08T09:09:32.227413+00:00,121.8,1,ask,,,11982077
2026-07-08T09:09:32.766097,2026-07-08T09:09:32.771792+00:00,121.8,1,ask,,,11982087
2026-07-08T09:09:33.232256,2026-07-08T09:09:33.245035+00:00,121.8,14,ask,,,11982095
2026-07-08T09:09:34.253819,2026-07-08T09:09:34.262295+00:00,121.8,200,ask,,,11982113
2026-07-08T09:09:34.253819,2026-07-08T09:09:34.262295+00:00,121.8,8,ask,,,11982114
2026-07-08T09:09:35.564127,2026-07-08T09:09:35.575187+00:00,121.8,200,bid,,,11982128
2026-07-08T09:09:35.564127,2026-07-08T09:09:35.575187+00:00,121.8,8,bid,,,11982129
2026-07-08T09:09:35.581514,2026-07-08T09:09:35.585725+00:00,121.8,12,ask,,,11982131
2026-07-08T09:09:35.724489,2026-07-08T09:09:35.736609+00:00,121.8,10,ask,,,11982133
2026-07-08T09:09:36.262441,2026-07-08T09:09:36.274484+00:00,121.8,14,ask,,,11982141
2026-07-08T09:09:38.185531,2026-07-08T09:09:38.193316+00:00,121.9,200,bid,,,11982163
2026-07-08T09:09:38.708311,2026-07-08T09:09:38.719647+00:00,121.9,200,ask,,,11982171
2026-07-08T09:09:41.083302,2026-07-08T09:09:41.096697+00:00,121.8,20,ask,,,11982202
2026-07-08T09:09:42.652947,2026-07-08T09:09:42.664827+00:00,121.9,20,bid,,,11982233
2026-07-08T09:09:43.442212,2026-07-08T09:09:43.451087+00:00,121.8,200,ask,,,11982246
2026-07-08T09:09:43.442212,2026-07-08T09:09:43.451087+00:00,121.7,425,ask,,,11982247
2026-07-08T09:09:43.551706,2026-07-08T09:09:43.558740+00:00,122.0,8,bid,,,11982251
2026-07-08T09:09:46.102635,2026-07-08T09:09:46.114665+00:00,122.1,8,bid,,,11982277
2026-07-08T09:09:46.102635,2026-07-08T09:09:46.114665+00:00,122.1,12,bid,,,11982278
2026-07-08T09:09:47.390371,2026-07-08T09:09:47.401799+00:00,122.0,200,ask,,,11982298
2026-07-08T09:09:48.717377,2026-07-08T09:09:48.721464+00:00,121.9,11,ask,,,11982321
2026-07-08T09:09:48.763601,2026-07-08T09:09:48.773055+00:00,121.9,10,ask,,,11982322
2026-07-08T09:09:48.975507,2026-07-08T09:09:48.987762+00:00,121.9,10,ask,,,11982324
2026-07-08T09:09:49.211205,2026-07-08T09:09:49.222993+00:00,121.9,5,ask,,,11982326
2026-07-08T09:09:49.372915,2026-07-08T09:09:49.385024+00:00,121.9,22,ask,,,11982330
2026-07-08T09:09:53.231680,2026-07-08T09:09:53.242005+00:00,122.1,200,bid,,,11982388
2026-07-08T09:09:54.440358,2026-07-08T09:09:54.449619+00:00,122.0,200,bid,,,11982405
2026-07-08T09:09:55.258669,2026-07-08T09:09:55.270400+00:00,122.0,8,bid,,,11982412
2026-07-08T09:09:55.651867,2026-07-08T09:09:55.658909+00:00,122.1,200,ask,,,11982418
2026-07-08T09:09:56.863663,2026-07-08T09:09:56.870256+00:00,122.0,200,ask,,,11982435
2026-07-08T09:09:58.113139,2026-07-08T09:09:58.118537+00:00,122.1,11,bid,,,11982455
2026-07-08T09:09:58.213398,2026-07-08T09:09:58.220350+00:00,122.1,8,bid,,,11982458
2026-07-08T09:10:00.491702,2026-07-08T09:10:00.502223+00:00,122.1,200,bid,,,11982494
2026-07-08T09:10:01.274060,2026-07-08T09:10:01.277821+00:00,122.0,8,ask,,,11982508
2026-07-08T09:10:03.169297,2026-07-08T09:10:03.173547+00:00,122.1,11,ask,,,11982531
2026-07-08T09:10:06.542134,2026-07-08T09:10:06.552990+00:00,122.1,8,ask,,,11982569
2026-07-08T09:10:06.542134,2026-07-08T09:10:06.552990+00:00,122.1,192,ask,,,11982570
2026-07-08T09:10:07.073724,2026-07-08T09:10:07.083787+00:00,122.1,308,ask,,,11982581
2026-07-08T09:10:07.111759,2026-07-08T09:10:07.120460+00:00,122.1,317,bid,,,11982584
2026-07-08T09:10:07.751771,2026-07-08T09:10:07.758574+00:00,122.3,8,ask,,,11982597
2026-07-08T09:10:09.464355,2026-07-08T09:10:09.468501+00:00,122.3,11,bid,,,11982628
2026-07-08T09:10:10.193663,2026-07-08T09:10:10.198557+00:00,122.2,12,bid,,,11982641
2026-07-08T09:10:11.014602,2026-07-08T09:10:11.047121+00:00,122.2,188,bid,,,11982653
2026-07-08T09:10:11.014602,2026-07-08T09:10:11.047121+00:00,122.2,8,bid,,,11982654
2026-07-08T09:10:11.042702,2026-07-08T09:10:11.047121+00:00,122.2,12,ask,,,11982660
2026-07-08T09:10:12.591588,2026-07-08T09:10:12.600391+00:00,122.3,200,bid,,,11982679
2026-07-08T09:10:13.893252,2026-07-08T09:10:13.898315+00:00,122.3,12,bid,,,11982699
2026-07-08T09:10:14.952283,2026-07-08T09:10:14.955942+00:00,122.2,500,ask,,,11982719
2026-07-08T09:10:14.967277,2026-07-08T09:10:14.973623+00:00,122.2,11,bid,,,11982721
2026-07-08T09:10:14.981118,2026-07-08T09:10:14.989262+00:00,122.2,114,bid,,,11982722
2026-07-08T09:10:15.022853,2026-07-08T09:10:15.031308+00:00,122.3,200,ask,,,11982723
2026-07-08T09:10:15.084939,2026-07-08T09:10:15.089116+00:00,122.5,8,ask,,,11982725
2026-07-08T09:10:15.415078,2026-07-08T09:10:15.419111+00:00,122.5,8,ask,,,11982727
2026-07-08T09:10:16.231355,2026-07-08T09:10:16.242216+00:00,122.5,8,ask,,,11982738
2026-07-08T09:10:16.852224,2026-07-08T09:10:16.864180+00:00,122.4,20,ask,,,11982750
2026-07-08T09:10:18.019194,2026-07-08T09:10:18.032260+00:00,122.4,20,ask,,,11982762
2026-07-08T09:10:19.475175,2026-07-08T09:10:19.481934+00:00,122.5,20,bid,,,11982778
2026-07-08T09:10:20.227921,2026-07-08T09:10:20.232430+00:00,122.5,5,bid,,,11982789
2026-07-08T09:10:23.386275,2026-07-08T09:10:23.391342+00:00,122.5,14,bid,,,11982825
2026-07-08T09:10:23.921443,2026-07-08T09:10:23.929373+00:00,122.4,20,ask,,,11982832
2026-07-08T09:10:24.708645,2026-07-08T09:10:24.717443+00:00,122.5,200,ask,,,11982841
2026-07-08T09:10:25.938296,2026-07-08T09:10:25.947829+00:00,122.5,10,bid,,,11982863
2026-07-08T09:10:25.949967,2026-07-08T09:10:25.958623+00:00,122.4,2,ask,,,11982865
2026-07-08T09:10:26.155710,2026-07-08T09:10:26.167986+00:00,122.4,2,ask,,,11982868
2026-07-08T09:10:26.363190,2026-07-08T09:10:26.373609+00:00,122.4,2,ask,,,11982870
2026-07-08T09:10:26.571206,2026-07-08T09:10:26.579241+00:00,122.4,2,ask,,,11982878
2026-07-08T09:10:26.747233,2026-07-08T09:10:26.770580+00:00,122.5,190,bid,,,11982881
2026-07-08T09:10:26.766234,2026-07-08T09:10:26.770580+00:00,122.5,3,ask,,,11982883
2026-07-08T09:10:26.777077,2026-07-08T09:10:26.786158+00:00,122.5,1,ask,,,11982884
2026-07-08T09:10:28.014990,2026-07-08T09:10:28.023290+00:00,122.6,20,bid,,,11982899
2026-07-08T09:10:28.737458,2026-07-08T09:10:28.749494+00:00,122.3,30,ask,,,11982912
2026-07-08T09:10:30.756126,2026-07-08T09:10:30.757118+00:00,122.3,200,ask,,,11982950
2026-07-08T09:10:31.542440,2026-07-08T09:10:31.550025+00:00,122.5,20,bid,,,11982959
2026-07-08T09:10:31.992037,2026-07-08T09:10:32.003234+00:00,122.4,10,bid,,,11982965
2026-07-08T09:10:31.998310,2026-07-08T09:10:32.003234+00:00,122.4,3,bid,,,11982966
2026-07-08T09:10:32.222512,2026-07-08T09:10:32.231621+00:00,122.4,10,bid,,,11982973
2026-07-08T09:10:32.434359,2026-07-08T09:10:32.441707+00:00,122.4,10,bid,,,11982980
2026-07-08T09:10:32.644774,2026-07-08T09:10:32.658575+00:00,122.4,10,bid,,,11982984
2026-07-08T09:10:33.057115,2026-07-08T09:10:33.068750+00:00,122.4,9,bid,,,11982992
2026-07-08T09:10:35.322448,2026-07-08T09:10:35.334699+00:00,122.4,20,bid,,,11983025
2026-07-08T09:10:36.794802,2026-07-08T09:10:36.806604+00:00,122.2,18,ask,,,11983039
2026-07-08T09:10:36.969483,2026-07-08T09:10:36.981533+00:00,122.4,20,bid,,,11983043
2026-07-08T09:10:38.042732,2026-07-08T09:10:38.052795+00:00,122.3,200,ask,,,11983059
2026-07-08T09:10:39.251617,2026-07-08T09:10:39.258624+00:00,122.3,200,ask,,,11983069
2026-07-08T09:10:39.837758,2026-07-08T09:10:39.848691+00:00,122.3,20,ask,,,11983080
2026-07-08T09:10:40.130488,2026-07-08T09:10:40.139750+00:00,122.3,8,ask,,,11983085
2026-07-08T09:10:40.459030,2026-07-08T09:10:40.468564+00:00,122.4,200,bid,,,11983089
2026-07-08T09:10:42.855040,2026-07-08T09:10:42.866830+00:00,122.4,17,bid,,,11983123
2026-07-08T09:10:50.443405,2026-07-08T09:10:50.451907+00:00,122.2,500,ask,,,11983210
2026-07-08T09:10:50.443405,2026-07-08T09:10:50.451907+00:00,122.2,125,ask,,,11983211
2026-07-08T09:10:50.917115,2026-07-08T09:10:50.929268+00:00,122.4,17,bid,,,11983221
2026-07-08T09:10:51.755157,2026-07-08T09:10:51.756576+00:00,122.3,8,bid,,,11983234
2026-07-08T09:10:51.766751,2026-07-08T09:10:51.771786+00:00,122.3,3,ask,,,11983236
2026-07-08T09:10:52.589863,2026-07-08T09:10:52.599248+00:00,122.3,200,ask,,,11983249
2026-07-08T09:10:52.944257,2026-07-08T09:10:52.958596+00:00,122.5,8,bid,,,11983254
2026-07-08T09:10:53.070770,2026-07-08T09:10:53.080951+00:00,122.4,8,ask,,,11983260
2026-07-08T09:10:55.020763,2026-07-08T09:10:55.031748+00:00,122.2,200,ask,,,11983293
2026-07-08T09:10:55.472022,2026-07-08T09:10:55.479139+00:00,122.2,20,ask,,,11983302
2026-07-08T09:10:57.391570,2026-07-08T09:10:57.395876+00:00,122.3,8,ask,,,11983325
2026-07-08T09:10:57.667751,2026-07-08T09:10:57.671925+00:00,122.3,3,ask,,,11983330
2026-07-08T09:11:01.031358,2026-07-08T09:11:01.038967+00:00,122.2,24,ask,,,11983377
2026-07-08T09:11:02.282696,2026-07-08T09:11:02.289497+00:00,122.4,8,bid,,,11983393
2026-07-08T09:11:02.282696,2026-07-08T09:11:02.294797+00:00,122.4,192,bid,,,11983394
2026-07-08T09:11:06.357867,2026-07-08T09:11:06.365443+00:00,122.3,20,ask,,,11983440
2026-07-08T09:11:07.086044,2026-07-08T09:11:07.098010+00:00,122.5,16,bid,,,11983446
2026-07-08T09:11:07.097185,2026-07-08T09:11:07.108203+00:00,122.3,2,ask,,,11983448
2026-07-08T09:11:07.809328,2026-07-08T09:11:07.813551+00:00,122.5,11,bid,,,11983456
2026-07-08T09:11:08.037160,2026-07-08T09:11:08.041462+00:00,122.5,3,bid,,,11983458
2026-07-08T09:11:08.106825,2026-07-08T09:11:08.118815+00:00,122.4,6,ask,,,11983459
2026-07-08T09:11:10.126913,2026-07-08T09:11:10.134757+00:00,122.4,200,bid,,,11983489
2026-07-08T09:11:10.964944,2026-07-08T09:11:10.969931+00:00,122.4,3,ask,,,11983504
2026-07-08T09:11:13.148528,2026-07-08T09:11:13.154983+00:00,122.5,8,bid,,,11983529
2026-07-08T09:11:15.378449,2026-07-08T09:11:15.384958+00:00,122.3,200,ask,,,11983562
2026-07-08T09:11:16.697198,2026-07-08T09:11:16.704518+00:00,122.3,200,bid,,,11983577
2026-07-08T09:11:16.837600,2026-07-08T09:11:16.848957+00:00,122.3,200,ask,,,11983582
2026-07-08T09:11:17.430554,2026-07-08T09:11:17.442364+00:00,122.5,20,bid,,,11983588
2026-07-08T09:11:20.481747,2026-07-08T09:11:20.491017+00:00,122.2,200,ask,,,11983636
2026-07-08T09:11:21.379877,2026-07-08T09:11:21.389229+00:00,122.2,20,ask,,,11983651
2026-07-08T09:11:22.806012,2026-07-08T09:11:22.815209+00:00,122.3,500,bid,,,11983673
2026-07-08T09:11:22.900847,2026-07-08T09:11:22.907428+00:00,122.3,125,bid,,,11983674
2026-07-08T09:11:23.230365,2026-07-08T09:11:23.242382+00:00,122.5,13,bid,,,11983681
2026-07-08T09:11:23.687886,2026-07-08T09:11:23.701933+00:00,122.5,20,bid,,,11983692
2026-07-08T09:11:27.236887,2026-07-08T09:11:27.241671+00:00,122.5,11,ask,,,11983732
2026-07-08T09:11:30.174406,2026-07-08T09:11:30.185396+00:00,122.4,200,ask,,,11983766
2026-07-08T09:11:31.381981,2026-07-08T09:11:31.390223+00:00,122.5,200,bid,,,11983780
2026-07-08T09:11:31.884121,2026-07-08T09:11:31.892194+00:00,122.5,425,bid,,,11983784
2026-07-08T09:11:33.809002,2026-07-08T09:11:33.820349+00:00,122.6,200,ask,,,11983812
2026-07-08T09:11:34.967652,2026-07-08T09:11:34.971907+00:00,122.8,11,bid,,,11983826
2026-07-08T09:11:34.976271,2026-07-08T09:11:34.987457+00:00,122.8,10,bid,,,11983828
2026-07-08T09:11:35.017657,2026-07-08T09:11:35.024377+00:00,122.6,200,ask,,,11983829
2026-07-08T09:11:35.117362,2026-07-08T09:11:35.121813+00:00,122.7,3,bid,,,11983832
2026-07-08T09:11:35.190881,2026-07-08T09:11:35.198289+00:00,122.7,10,bid,,,11983835
2026-07-08T09:11:39.789046,2026-07-08T09:11:39.793770+00:00,122.6,3,ask,,,11983895
2026-07-08T09:11:39.856704,2026-07-08T09:11:39.865866+00:00,122.6,10,ask,,,11983897
2026-07-08T09:11:41.473625,2026-07-08T09:11:41.481454+00:00,122.7,1,bid,,,11983926
2026-07-08T09:11:41.672156,2026-07-08T09:11:41.681917+00:00,122.7,199,bid,,,11983931
2026-07-08T09:11:41.672156,2026-07-08T09:11:41.681917+00:00,122.7,8,bid,,,11983932
2026-07-08T09:11:42.282287,2026-07-08T09:11:42.292839+00:00,122.7,200,ask,,,11983942
2026-07-08T09:11:42.991811,2026-07-08T09:11:43.002756+00:00,122.7,8,ask,,,11983958
2026-07-08T09:11:43.010967,2026-07-08T09:11:43.015194+00:00,122.6,3,bid,,,11983960
2026-07-08T09:11:43.018784,2026-07-08T09:11:43.030435+00:00,122.6,10,bid,,,11983961
2026-07-08T09:11:43.115779,2026-07-08T09:11:43.127514+00:00,122.6,25,bid,,,11983967
2026-07-08T09:11:43.228999,2026-07-08T09:11:43.240379+00:00,122.6,4,bid,,,11983971
2026-07-08T09:11:43.232293,2026-07-08T09:11:43.240379+00:00,122.6,10,bid,,,11983972
2026-07-08T09:11:43.381684,2026-07-08T09:11:43.392397+00:00,122.6,500,bid,,,11983974
2026-07-08T09:11:43.425547,2026-07-08T09:11:43.437179+00:00,122.6,52,bid,,,11983976
2026-07-08T09:11:43.489743,2026-07-08T09:11:43.498475+00:00,122.6,13,bid,,,11983979
2026-07-08T09:11:45.617338,2026-07-08T09:11:45.625777+00:00,122.7,200,ask,,,11984003
2026-07-08T09:11:45.857397,2026-07-08T09:11:45.869112+00:00,122.6,1,ask,,,11984006
2026-07-08T09:11:45.869412,2026-07-08T09:11:45.879591+00:00,122.6,19,ask,,,11984008
2026-07-08T09:11:45.908628,2026-07-08T09:11:45.916480+00:00,122.7,200,bid,,,11984009
2026-07-08T09:11:46.462857,2026-07-08T09:11:46.474992+00:00,122.6,1,ask,,,11984014
2026-07-08T09:11:46.949542,2026-07-08T09:11:46.954516+00:00,122.7,3,ask,,,11984024
2026-07-08T09:11:47.053365,2026-07-08T09:11:47.058657+00:00,122.7,10,ask,,,11984026
2026-07-08T09:11:47.059531,2026-07-08T09:11:47.069343+00:00,122.7,10,ask,,,11984027
2026-07-08T09:11:47.269693,2026-07-08T09:11:47.281759+00:00,122.7,10,ask,,,11984030
2026-07-08T09:11:47.480625,2026-07-08T09:11:47.492538+00:00,122.7,5,ask,,,11984037
2026-07-08T09:11:48.334471,2026-07-08T09:11:48.344640+00:00,122.7,8,ask,,,11984048
2026-07-08T09:11:48.334471,2026-07-08T09:11:48.344640+00:00,122.7,192,ask,,,11984049
