timestamp,recv_time,price,volume,aggressor_side,buyer,seller,trade_id
2026-07-08T10:00:01.286458,2026-07-08T10:00:01.296764+00:00,124.9,500,ask,,,12031133
2026-07-08T10:00:01.582852,2026-07-08T10:00:01.594443+00:00,124.9,125,bid,,,12031134
2026-07-08T10:00:01.582852,2026-07-08T10:00:01.594443+00:00,124.9,8,bid,,,12031135
2026-07-08T10:00:02.593821,2026-07-08T10:00:02.602186+00:00,125.1,200,bid,,,12031150
2026-07-08T10:00:02.593821,2026-07-08T10:00:02.602186+00:00,125.1,8,bid,,,12031151
2026-07-08T10:00:02.617427,2026-07-08T10:00:02.621682+00:00,125.3,23,ask,,,12031154
2026-07-08T10:00:03.459892,2026-07-08T10:00:03.471626+00:00,125.3,200,ask,,,12031165
2026-07-08T10:00:05.624208,2026-07-08T10:00:05.628997+00:00,125.2,11,bid,,,12031203
2026-07-08T10:00:07.923666,2026-07-08T10:00:07.934248+00:00,125.3,20,bid,,,12031239
2026-07-08T10:00:09.506052,2026-07-08T10:00:09.517300+00:00,125.2,200,ask,,,12031261
2026-07-08T10:00:10.529211,2026-07-08T10:00:10.533010+00:00,125.2,12,bid,,,12031277
2026-07-08T10:00:11.573143,2026-07-08T10:00:11.585252+00:00,125.2,20,bid,,,12031294
2026-07-08T10:00:13.157826,2026-07-08T10:00:13.169055+00:00,125.1,200,ask,,,12031316
2026-07-08T10:00:16.794862,2026-07-08T10:00:16.806453+00:00,125.0,200,ask,,,12031361
2026-07-08T10:00:18.006093,2026-07-08T10:00:18.017141+00:00,125.2,200,ask,,,12031378
2026-07-08T10:00:18.045084,2026-07-08T10:00:18.056673+00:00,125.2,20,ask,,,12031380
2026-07-08T10:00:19.217282,2026-07-08T10:00:19.227404+00:00,125.1,200,ask,,,12031399
2026-07-08T10:00:20.443696,2026-07-08T10:00:20.455840+00:00,125.1,200,ask,,,12031417
2026-07-08T10:00:21.053635,2026-07-08T10:00:21.066717+00:00,125.4,8,bid,,,12031432
2026-07-08T10:00:21.053635,2026-07-08T10:00:21.066717+00:00,125.4,12,bid,,,12031433
2026-07-08T10:00:21.659143,2026-07-08T10:00:21.669184+00:00,125.1,200,ask,,,12031446
2026-07-08T10:00:23.696077,2026-07-08T10:00:23.700547+00:00,125.1,11,bid,,,12031472
2026-07-08T10:00:24.990675,2026-07-08T10:00:24.997254+00:00,125.0,200,ask,,,12031492
2026-07-08T10:00:28.976557,2026-07-08T10:00:28.980720+00:00,125.0,12,bid,,,12031550
2026-07-08T10:00:29.391450,2026-07-08T10:00:29.395970+00:00,125.0,8,bid,,,12031558
2026-07-08T10:00:30.184631,2026-07-08T10:00:30.188789+00:00,124.9,3,bid,,,12031571
2026-07-08T10:00:32.628896,2026-07-08T10:00:32.634229+00:00,124.8,23,ask,,,12031607
2026-07-08T10:00:32.921614,2026-07-08T10:00:32.926019+00:00,124.9,11,ask,,,12031612
2026-07-08T10:00:35.733024,2026-07-08T10:00:35.737359+00:00,125.1,11,bid,,,12031668
2026-07-08T10:00:36.239666,2026-07-08T10:00:36.258820+00:00,125.0,200,ask,,,12031674
2026-07-08T10:00:37.474735,2026-07-08T10:00:37.486647+00:00,125.1,200,bid,,,12031691
2026-07-08T10:00:39.475277,2026-07-08T10:00:39.486899+00:00,125.1,200,bid,,,12031731
2026-07-08T10:00:39.732673,2026-07-08T10:00:39.742701+00:00,125.1,425,ask,,,12031736
2026-07-08T10:00:39.892578,2026-07-08T10:00:39.903359+00:00,125.1,75,bid,,,12031740
2026-07-08T10:00:40.331819,2026-07-08T10:00:40.338572+00:00,125.2,125,ask,,,12031749
2026-07-08T10:00:40.331819,2026-07-08T10:00:40.344213+00:00,125.1,8,ask,,,12031750
2026-07-08T10:00:41.102817,2026-07-08T10:00:41.111004+00:00,124.8,200,bid,,,12031762
2026-07-08T10:00:42.315436,2026-07-08T10:00:42.322938+00:00,124.9,8,bid,,,12031776
2026-07-08T10:00:43.377821,2026-07-08T10:00:43.385973+00:00,124.9,192,ask,,,12031793
2026-07-08T10:00:43.377821,2026-07-08T10:00:43.391302+00:00,124.8,308,ask,,,12031794
2026-07-08T10:00:43.421254,2026-07-08T10:00:43.428186+00:00,124.8,8,ask,,,12031795
2026-07-08T10:00:43.524395,2026-07-08T10:00:43.533037+00:00,124.7,200,bid,,,12031797
2026-07-08T10:00:44.739819,2026-07-08T10:00:44.750140+00:00,124.7,200,bid,,,12031821
2026-07-08T10:00:46.044205,2026-07-08T10:00:46.052131+00:00,124.8,200,bid,,,12031833
2026-07-08T10:00:46.044205,2026-07-08T10:00:46.057437+00:00,124.8,8,bid,,,12031834
2026-07-08T10:00:46.064800,2026-07-08T10:00:46.069092+00:00,124.8,11,ask,,,12031836
2026-07-08T10:00:47.375407,2026-07-08T10:00:47.385648+00:00,124.8,200,ask,,,12031858
2026-07-08T10:00:48.367887,2026-07-08T10:00:48.377683+00:00,124.7,200,bid,,,12031870
2026-07-08T10:00:48.694062,2026-07-08T10:00:48.700254+00:00,124.7,300,bid,,,12031878
2026-07-08T10:00:48.825847,2026-07-08T10:00:48.858773+00:00,124.8,325,ask,,,12031881
2026-07-08T10:00:48.854053,2026-07-08T10:00:48.858773+00:00,124.6,11,bid,,,12031883
2026-07-08T10:00:49.584887,2026-07-08T10:00:49.597959+00:00,124.6,200,bid,,,12031898
2026-07-08T10:00:50.005981,2026-07-08T10:00:50.014714+00:00,124.5,8,bid,,,12031901
2026-07-08T10:00:50.044907,2026-07-08T10:00:50.051533+00:00,124.5,500,ask,,,12031904
2026-07-08T10:00:50.662169,2026-07-08T10:00:50.669240+00:00,124.5,117,ask,,,12031911
2026-07-08T10:00:50.800078,2026-07-08T10:00:50.806992+00:00,124.5,200,bid,,,12031915
2026-07-08T10:00:51.648531,2026-07-08T10:00:51.652559+00:00,124.3,23,ask,,,12031930
2026-07-08T10:01:00.543749,2026-07-08T10:01:00.553860+00:00,124.1,200,ask,,,12032069
2026-07-08T10:01:00.928139,2026-07-08T10:01:00.936117+00:00,124.0,425,bid,,,12032076
2026-07-08T10:01:01.855536,2026-07-08T10:01:01.853412+00:00,124.1,200,bid,,,12032090
2026-07-08T10:01:01.874295,2026-07-08T10:01:01.878800+00:00,124.3,11,ask,,,12032094
2026-07-08T10:01:02.895053,2026-07-08T10:01:02.902034+00:00,124.3,200,ask,,,12032106
2026-07-08T10:01:03.178900,2026-07-08T10:01:03.200955+00:00,124.2,8,ask,,,12032112
2026-07-08T10:01:03.196630,2026-07-08T10:01:03.200955+00:00,124.2,11,bid,,,12032114
2026-07-08T10:01:04.488615,2026-07-08T10:01:04.500423+00:00,124.1,200,ask,,,12032134
2026-07-08T10:01:06.518261,2026-07-08T10:01:06.527740+00:00,124.1,200,bid,,,12032160
2026-07-08T10:01:07.730912,2026-07-08T10:01:07.739288+00:00,124.1,200,bid,,,12032177
2026-07-08T10:01:08.450006,2026-07-08T10:01:08.455104+00:00,124.0,11,ask,,,12032191
2026-07-08T10:01:11.364805,2026-07-08T10:01:11.374875+00:00,124.0,200,ask,,,12032232
2026-07-08T10:01:12.575846,2026-07-08T10:01:12.587175+00:00,124.1,200,ask,,,12032248
2026-07-08T10:01:14.847478,2026-07-08T10:01:14.858560+00:00,124.1,500,bid,,,12032295
2026-07-08T10:01:14.998585,2026-07-08T10:01:15.007181+00:00,124.1,125,bid,,,12032301
2026-07-08T10:01:15.016593,2026-07-08T10:01:15.028101+00:00,124.2,8,bid,,,12032304
2026-07-08T10:01:15.207209,2026-07-08T10:01:15.219353+00:00,124.2,20,ask,,,12032310
2026-07-08T10:01:21.614439,2026-07-08T10:01:21.625660+00:00,124.1,200,ask,,,12032394
2026-07-08T10:01:22.107407,2026-07-08T10:01:22.118204+00:00,124.1,425,bid,,,12032408
2026-07-08T10:01:22.920485,2026-07-08T10:01:22.930145+00:00,124.2,200,bid,,,12032422
2026-07-08T10:01:22.920485,2026-07-08T10:01:22.930145+00:00,124.3,8,bid,,,12032423
2026-07-08T10:01:23.504258,2026-07-08T10:01:23.515570+00:00,124.3,200,ask,,,12032435
2026-07-08T10:01:24.712431,2026-07-08T10:01:24.721798+00:00,124.3,200,bid,,,12032450
2026-07-08T10:01:27.574728,2026-07-08T10:01:27.581663+00:00,124.4,500,bid,,,12032492
2026-07-08T10:01:28.165244,2026-07-08T10:01:28.174571+00:00,124.4,125,bid,,,12032505
2026-07-08T10:01:28.165244,2026-07-08T10:01:28.174571+00:00,124.4,200,bid,,,12032506
2026-07-08T10:01:29.576113,2026-07-08T10:01:29.580336+00:00,124.5,11,bid,,,12032539
2026-07-08T10:01:29.981652,2026-07-08T10:01:29.991074+00:00,124.5,500,bid,,,12032540
2026-07-08T10:01:30.607822,2026-07-08T10:01:30.615436+00:00,124.5,114,bid,,,12032546
2026-07-08T10:01:30.823990,2026-07-08T10:01:30.832477+00:00,124.6,200,bid,,,12032553
2026-07-08T10:01:30.823990,2026-07-08T10:01:30.837730+00:00,124.7,8,bid,,,12032554
2026-07-08T10:01:32.001746,2026-07-08T10:01:32.006014+00:00,124.8,12,bid,,,12032575
2026-07-08T10:01:34.404373,2026-07-08T10:01:34.413400+00:00,124.6,200,ask,,,12032603
2026-07-08T10:01:35.970655,2026-07-08T10:01:35.974944+00:00,124.8,23,bid,,,12032632
2026-07-08T10:01:36.821586,2026-07-08T10:01:36.828595+00:00,124.7,200,ask,,,12032641
2026-07-08T10:01:38.030272,2026-07-08T10:01:38.040135+00:00,124.7,8,ask,,,12032662
2026-07-08T10:01:38.030272,2026-07-08T10:01:38.040135+00:00,124.7,192,ask,,,12032663
2026-07-08T10:01:39.248086,2026-07-08T10:01:39.257854+00:00,124.7,200,ask,,,12032686
2026-07-08T10:01:40.460634,2026-07-08T10:01:40.470114+00:00,124.8,200,ask,,,12032703
2026-07-08T10:01:40.890560,2026-07-08T10:01:40.899572+00:00,124.9,500,bid,,,12032704
2026-07-08T10:01:41.669424,2026-07-08T10:01:41.676519+00:00,124.9,200,ask,,,12032718
2026-07-08T10:01:42.682398,2026-07-08T10:01:42.690905+00:00,125.0,500,ask,,,12032733
2026-07-08T10:01:42.682398,2026-07-08T10:01:42.696131+00:00,125.0,8,ask,,,12032734
2026-07-08T10:01:42.705298,2026-07-08T10:01:42.709726+00:00,125.0,14,bid,,,12032737
2026-07-08T10:01:42.720499,2026-07-08T10:01:42.730692+00:00,125.0,103,bid,,,12032738
2026-07-08T10:01:42.878290,2026-07-08T10:01:42.885390+00:00,125.2,8,ask,,,12032747
2026-07-08T10:01:42.878290,2026-07-08T10:01:42.890613+00:00,125.0,192,ask,,,12032748
2026-07-08T10:01:43.612941,2026-07-08T10:01:43.624808+00:00,125.5,8,bid,,,12032763
2026-07-08T10:01:44.090636,2026-07-08T10:01:44.168819+00:00,125.2,8,ask,,,12032767
2026-07-08T10:01:44.090636,2026-07-08T10:01:44.168819+00:00,125.2,192,ask,,,12032768
2026-07-08T10:01:45.314891,2026-07-08T10:01:45.326580+00:00,125.2,8,ask,,,12032778
2026-07-08T10:01:45.314891,2026-07-08T10:01:45.326580+00:00,125.1,192,ask,,,12032779
2026-07-08T10:01:46.526248,2026-07-08T10:01:46.537379+00:00,125.1,200,ask,,,12032806
2026-07-08T10:01:46.623550,2026-07-08T10:01:46.633180+00:00,125.1,8,ask,,,12032807
2026-07-08T10:01:49.256713,2026-07-08T10:01:49.268971+00:00,125.1,20,bid,,,12032843
2026-07-08T10:01:52.088857,2026-07-08T10:01:52.100978+00:00,125.1,20,bid,,,12032896
2026-07-08T10:01:54.231878,2026-07-08T10:01:54.246937+00:00,124.9,20,ask,,,12032922
2026-07-08T10:01:55.014672,2026-07-08T10:01:55.025928+00:00,125.0,200,ask,,,12032933
2026-07-08T10:01:55.287731,2026-07-08T10:01:55.299833+00:00,125.0,20,ask,,,12032936
2026-07-08T10:01:57.129487,2026-07-08T10:01:57.138945+00:00,125.1,200,bid,,,12032968
2026-07-08T10:01:58.451710,2026-07-08T10:01:58.458573+00:00,125.0,200,ask,,,12032987
2026-07-08T10:01:58.638620,2026-07-08T10:01:58.647417+00:00,125.0,200,bid,,,12032988
2026-07-08T10:02:01.085554,2026-07-08T10:02:01.096721+00:00,124.9,8,ask,,,12033026
2026-07-08T10:02:01.091372,2026-07-08T10:02:01.101722+00:00,124.9,200,bid,,,12033027
2026-07-08T10:02:01.146083,2026-07-08T10:02:01.164154+00:00,124.9,20,bid,,,12033029
2026-07-08T10:02:06.376993,2026-07-08T10:02:06.385284+00:00,124.9,200,bid,,,12033099
2026-07-08T10:02:06.873225,2026-07-08T10:02:06.881013+00:00,125.1,20,bid,,,12033104
2026-07-08T10:02:09.195974,2026-07-08T10:02:09.200123+00:00,125.1,3,bid,,,12033143
2026-07-08T10:02:09.213297,2026-07-08T10:02:09.220758+00:00,125.1,5,bid,,,12033144
2026-07-08T10:02:10.825716,2026-07-08T10:02:10.837287+00:00,125.1,8,bid,,,12033165
2026-07-08T10:02:11.158832,2026-07-08T10:02:11.169217+00:00,125.1,8,bid,,,12033173
2026-07-08T10:02:11.666124,2026-07-08T10:02:11.675094+00:00,125.0,200,ask,,,12033187
2026-07-08T10:02:11.729388,2026-07-08T10:02:11.741419+00:00,125.0,35,bid,,,12033190
2026-07-08T10:02:11.823694,2026-07-08T10:02:11.833019+00:00,125.0,35,bid,,,12033192
2026-07-08T10:02:11.841732,2026-07-08T10:02:11.846082+00:00,125.0,8,bid,,,12033196
2026-07-08T10:02:11.918121,2026-07-08T10:02:11.929840+00:00,125.0,35,bid,,,12033200
2026-07-08T10:02:11.955472,2026-07-08T10:02:11.967232+00:00,125.0,20,bid,,,12033202
2026-07-08T10:02:11.998243,2026-07-08T10:02:12.007429+00:00,125.0,200,bid,,,12033203
2026-07-08T10:02:12.009296,2026-07-08T10:02:12.017940+00:00,125.0,35,bid,,,12033204
2026-07-08T10:02:12.098701,2026-07-08T10:02:12.109697+00:00,125.0,16,bid,,,12033208
2026-07-08T10:02:12.175581,2026-07-08T10:02:12.180443+00:00,125.0,3,bid,,,12033212
2026-07-08T10:02:12.401985,2026-07-08T10:02:12.410819+00:00,125.0,38,bid,,,12033218
2026-07-08T10:02:12.401985,2026-07-08T10:02:12.410819+00:00,125.0,8,bid,,,12033219
2026-07-08T10:02:12.997774,2026-07-08T10:02:13.002175+00:00,125.1,11,ask,,,12033230
2026-07-08T10:02:13.831536,2026-07-08T10:02:13.835920+00:00,125.1,3,ask,,,12033249
2026-07-08T10:02:14.426390,2026-07-08T10:02:14.435073+00:00,125.2,200,bid,,,12033260
2026-07-08T10:02:16.851223,2026-07-08T10:02:16.858593+00:00,125.2,200,ask,,,12033302
2026-07-08T10:02:19.563651,2026-07-08T10:02:19.570289+00:00,125.3,200,bid,,,12033348
2026-07-08T10:02:19.648988,2026-07-08T10:02:19.660512+00:00,125.3,8,ask,,,12033352
2026-07-08T10:02:20.892454,2026-07-08T10:02:20.903654+00:00,125.4,200,ask,,,12033371
2026-07-08T10:02:23.053003,2026-07-08T10:02:23.065104+00:00,125.3,20,bid,,,12033395
2026-07-08T10:02:25.350080,2026-07-08T10:02:25.361799+00:00,125.3,200,bid,,,12033437
2026-07-08T10:02:26.562988,2026-07-08T10:02:26.572271+00:00,125.3,200,bid,,,12033454
2026-07-08T10:02:27.138542,2026-07-08T10:02:27.158641+00:00,125.3,20,bid,,,12033459
2026-07-08T10:02:28.763418,2026-07-08T10:02:28.770264+00:00,125.2,500,bid,,,12033475
2026-07-08T10:02:28.799813,2026-07-08T10:02:28.806970+00:00,125.3,8,bid,,,12033478
2026-07-08T10:02:28.799813,2026-07-08T10:02:28.812221+00:00,125.4,200,bid,,,12033479
2026-07-08T10:02:28.860220,2026-07-08T10:02:28.872005+00:00,125.4,20,ask,,,12033481
2026-07-08T10:02:30.125413,2026-07-08T10:02:30.133756+00:00,125.4,8,ask,,,12033505
2026-07-08T10:02:31.335463,2026-07-08T10:02:31.340401+00:00,125.4,3,bid,,,12033517
2026-07-08T10:02:31.357391,2026-07-08T10:02:31.366557+00:00,125.4,5,bid,,,12033518
2026-07-08T10:02:31.442708,2026-07-08T10:02:31.452329+00:00,125.3,500,ask,,,12033520
2026-07-08T10:02:31.442708,2026-07-08T10:02:31.452329+00:00,125.3,125,ask,,,12033521
2026-07-08T10:02:32.618300,2026-07-08T10:02:32.623581+00:00,125.4,8,bid,,,12033538
2026-07-08T10:02:33.000238,2026-07-08T10:02:33.032758+00:00,125.4,192,bid,,,12033541
2026-07-08T10:02:33.028401,2026-07-08T10:02:33.032758+00:00,125.4,3,ask,,,12033543
2026-07-08T10:02:33.826747,2026-07-08T10:02:33.834373+00:00,125.4,200,ask,,,12033558
2026-07-08T10:02:35.039427,2026-07-08T10:02:35.046924+00:00,125.4,200,ask,,,12033586
2026-07-08T10:02:35.443972,2026-07-08T10:02:35.448338+00:00,125.4,3,bid,,,12033595
2026-07-08T10:02:35.456460,2026-07-08T10:02:35.463633+00:00,125.4,3,bid,,,12033596
2026-07-08T10:02:36.565181,2026-07-08T10:02:36.569647+00:00,125.3,8,bid,,,12033613
2026-07-08T10:02:36.581075,2026-07-08T10:02:36.590426+00:00,125.2,20,ask,,,12033614
2026-07-08T10:02:36.888119,2026-07-08T10:02:36.892340+00:00,125.3,3,bid,,,12033622
2026-07-08T10:02:39.079969,2026-07-08T10:02:39.090029+00:00,125.3,25,bid,,,12033654
2026-07-08T10:02:39.661091,2026-07-08T10:02:39.669593+00:00,125.2,500,bid,,,12033661
2026-07-08T10:02:40.665526,2026-07-08T10:02:40.677096+00:00,125.2,200,bid,,,12033677
2026-07-08T10:02:40.665526,2026-07-08T10:02:40.677096+00:00,125.2,8,bid,,,12033678
2026-07-08T10:02:41.092092,2026-07-08T10:02:41.099390+00:00,125.2,200,ask,,,12033685
2026-07-08T10:02:43.335878,2026-07-08T10:02:43.344702+00:00,125.3,500,ask,,,12033723
2026-07-08T10:02:43.511021,2026-07-08T10:02:43.522424+00:00,125.3,125,bid,,,12033724
2026-07-08T10:02:44.645241,2026-07-08T10:02:44.669372+00:00,125.5,200,bid,,,12033745
2026-07-08T10:02:44.665362,2026-07-08T10:02:44.669372+00:00,125.5,8,ask,,,12033747
2026-07-08T10:02:44.722337,2026-07-08T10:02:44.730311+00:00,125.5,200,ask,,,12033748
2026-07-08T10:02:45.644127,2026-07-08T10:02:45.647993+00:00,125.7,31,bid,,,12033774
2026-07-08T10:02:45.854279,2026-07-08T10:02:45.859144+00:00,125.7,8,bid,,,12033778
2026-07-08T10:02:45.932949,2026-07-08T10:02:45.939453+00:00,125.5,200,ask,,,12033780
2026-07-08T10:02:45.958936,2026-07-08T10:02:45.968591+00:00,125.4,500,ask,,,12033781
2026-07-08T10:02:45.958936,2026-07-08T10:02:45.968591+00:00,125.3,8,ask,,,12033782
2026-07-08T10:02:45.958936,2026-07-08T10:02:45.973803+00:00,125.3,117,ask,,,12033783
2026-07-08T10:02:47.168308,2026-07-08T10:02:47.173357+00:00,125.6,4,bid,,,12033806
2026-07-08T10:02:47.195784,2026-07-08T10:02:47.200151+00:00,125.6,8,bid,,,12033808
2026-07-08T10:02:47.274529,2026-07-08T10:02:47.296014+00:00,125.4,500,ask,,,12033809
2026-07-08T10:02:47.291313,2026-07-08T10:02:47.296014+00:00,125.4,14,bid,,,12033811
2026-07-08T10:02:47.520268,2026-07-08T10:02:47.530578+00:00,125.4,111,bid,,,12033812
2026-07-08T10:02:48.820616,2026-07-08T10:02:48.824938+00:00,125.6,11,ask,,,12033840
2026-07-08T10:02:49.199066,2026-07-08T10:02:49.211052+00:00,125.7,25,bid,,,12033850
2026-07-08T10:02:49.562728,2026-07-08T10:02:49.569790+00:00,125.6,200,ask,,,12033858
2026-07-08T10:02:49.899863,2026-07-08T10:02:49.909864+00:00,125.5,8,ask,,,12033864
2026-07-08T10:02:50.568110,2026-07-08T10:02:50.575708+00:00,125.5,500,bid,,,12033869
2026-07-08T10:02:51.213676,2026-07-08T10:02:51.223574+00:00,125.5,200,bid,,,12033882
2026-07-08T10:02:51.213676,2026-07-08T10:02:51.223574+00:00,125.6,8,bid,,,12033883
2026-07-08T10:02:51.982667,2026-07-08T10:02:51.994066+00:00,125.6,200,ask,,,12033902
2026-07-08T10:02:52.545099,2026-07-08T10:02:52.549258+00:00,125.6,23,bid,,,12033910
2026-07-08T10:02:54.316403,2026-07-08T10:02:54.324138+00:00,125.6,25,bid,,,12033950
2026-07-08T10:02:55.146223,2026-07-08T10:02:55.150164+00:00,125.5,23,ask,,,12033970
2026-07-08T10:02:58.031234,2026-07-08T10:02:58.040767+00:00,125.5,200,ask,,,12034002
2026-07-08T10:02:59.241085,2026-07-08T10:02:59.247838+00:00,125.6,200,ask,,,12034021
2026-07-08T10:03:00.451060,2026-07-08T10:03:00.457358+00:00,125.6,200,ask,,,12034037
2026-07-08T10:03:00.641932,2026-07-08T10:03:00.658572+00:00,125.6,20,ask,,,12034040
2026-07-08T10:03:01.663144,2026-07-08T10:03:01.672752+00:00,125.6,200,ask,,,12034049
2026-07-08T10:03:01.709263,2026-07-08T10:03:01.717405+00:00,125.5,500,ask,,,12034050
2026-07-08T10:03:01.709263,2026-07-08T10:03:01.722658+00:00,125.5,8,ask,,,12034051
2026-07-08T10:03:02.685164,2026-07-08T10:03:02.697350+00:00,125.5,117,bid,,,12034068
2026-07-08T10:03:02.876172,2026-07-08T10:03:02.883985+00:00,125.5,200,ask,,,12034069
2026-07-08T10:03:02.906049,2026-07-08T10:03:02.909816+00:00,125.7,8,ask,,,12034071
2026-07-08T10:03:03.035164,2026-07-08T10:03:03.039122+00:00,125.7,15,ask,,,12034074
2026-07-08T10:03:03.057973,2026-07-08T10:03:03.069876+00:00,125.7,20,ask,,,12034075
2026-07-08T10:03:04.099587,2026-07-08T10:03:04.110965+00:00,125.7,200,ask,,,12034094
2026-07-08T10:03:05.309496,2026-07-08T10:03:05.316673+00:00,125.7,200,ask,,,12034104
2026-07-08T10:03:06.958706,2026-07-08T10:03:06.970219+00:00,125.8,200,bid,,,12034127
2026-07-08T10:03:07.076903,2026-07-08T10:03:07.088899+00:00,125.8,20,ask,,,12034130
2026-07-08T10:03:07.726617,2026-07-08T10:03:07.737942+00:00,125.8,200,ask,,,12034139
2026-07-08T10:03:09.387975,2026-07-08T10:03:09.399918+00:00,125.8,5,bid,,,12034177
2026-07-08T10:03:09.500237,2026-07-08T10:03:09.512327+00:00,125.8,25,bid,,,12034180
2026-07-08T10:03:10.164716,2026-07-08T10:03:10.176880+00:00,125.9,8,bid,,,12034187
2026-07-08T10:03:10.164716,2026-07-08T10:03:10.176880+00:00,125.9,12,bid,,,12034188
2026-07-08T10:03:10.979945,2026-07-08T10:03:10.985074+00:00,125.7,34,ask,,,12034200
2026-07-08T10:03:11.223900,2026-07-08T10:03:11.229227+00:00,125.7,3,ask,,,12034205
2026-07-08T10:03:11.385951,2026-07-08T10:03:11.396932+00:00,125.8,5,ask,,,12034208
2026-07-08T10:03:11.555634,2026-07-08T10:03:11.567289+00:00,125.8,8,ask,,,12034211
2026-07-08T10:03:11.885153,2026-07-08T10:03:11.892561+00:00,125.8,8,ask,,,12034221
2026-07-08T10:03:12.213557,2026-07-08T10:03:12.224635+00:00,125.8,179,ask,,,12034228
2026-07-08T10:03:12.213557,2026-07-08T10:03:12.224635+00:00,125.7,8,ask,,,12034229
2026-07-08T10:03:12.304798,2026-07-08T10:03:12.311802+00:00,125.5,8,ask,,,12034234
2026-07-08T10:03:12.560143,2026-07-08T10:03:12.567378+00:00,125.7,200,bid,,,12034241
2026-07-08T10:03:12.565675,2026-07-08T10:03:12.572395+00:00,125.7,20,bid,,,12034242
2026-07-08T10:03:13.769405,2026-07-08T10:03:13.778559+00:00,125.7,8,bid,,,12034253
2026-07-08T10:03:13.769405,2026-07-08T10:03:13.778559+00:00,125.8,192,bid,,,12034254
2026-07-08T10:03:14.981255,2026-07-08T10:03:14.990048+00:00,125.7,200,bid,,,12034275
2026-07-08T10:03:16.457731,2026-07-08T10:03:16.469746+00:00,125.7,20,ask,,,12034301
2026-07-08T10:03:17.497001,2026-07-08T10:03:17.504312+00:00,125.9,200,bid,,,12034322
2026-07-08T10:03:17.525516,2026-07-08T10:03:17.535318+00:00,125.9,148,ask,,,12034324
2026-07-08T10:03:18.618492,2026-07-08T10:03:18.629056+00:00,125.9,200,ask,,,12034345
2026-07-08T10:03:18.819494,2026-07-08T10:03:18.828942+00:00,125.8,8,ask,,,12034357
2026-07-08T10:03:18.865267,2026-07-08T10:03:18.869542+00:00,125.7,26,bid,,,12034359
2026-07-08T10:03:18.893656,2026-07-08T10:03:18.905345+00:00,125.7,66,bid,,,12034360
2026-07-08T10:03:19.702306,2026-07-08T10:03:19.706498+00:00,125.6,8,ask,,,12034371
2026-07-08T10:03:19.826355,2026-07-08T10:03:19.836715+00:00,125.7,200,bid,,,12034375
2026-07-08T10:03:20.141541,2026-07-08T10:03:20.145637+00:00,125.6,4,ask,,,12034382
2026-07-08T10:03:20.759069,2026-07-08T10:03:20.770899+00:00,125.8,20,bid,,,12034392
2026-07-08T10:03:20.992390,2026-07-08T10:03:21.002776+00:00,125.8,8,bid,,,12034404
2026-07-08T10:03:21.322057,2026-07-08T10:03:21.334006+00:00,125.8,8,bid,,,12034409
2026-07-08T10:03:22.114891,2026-07-08T10:03:22.126704+00:00,125.8,20,bid,,,12034418
2026-07-08T10:03:23.577742,2026-07-08T10:03:23.589530+00:00,125.9,35,bid,,,12034443
2026-07-08T10:03:23.671291,2026-07-08T10:03:23.682690+00:00,125.9,35,bid,,,12034445
2026-07-08T10:03:24.571229,2026-07-08T10:03:24.583054+00:00,125.9,5,bid,,,12034459
2026-07-08T10:03:24.735968,2026-07-08T10:03:24.747886+00:00,126.0,2,bid,,,12034465
2026-07-08T10:03:24.870299,2026-07-08T10:03:24.882151+00:00,126.0,20,bid,,,12034469
2026-07-08T10:03:28.046579,2026-07-08T10:03:28.058599+00:00,125.9,200,bid,,,12034511
2026-07-08T10:03:29.797846,2026-07-08T10:03:29.809823+00:00,126.0,2,bid,,,12034540
2026-07-08T10:03:30.683538,2026-07-08T10:03:30.693575+00:00,126.0,198,bid,,,12034553
2026-07-08T10:03:31.786393,2026-07-08T10:03:31.795584+00:00,126.0,427,ask,,,12034566
2026-07-08T10:03:31.786393,2026-07-08T10:03:31.795584+00:00,126.0,73,ask,,,12034567
2026-07-08T10:03:32.004557,2026-07-08T10:03:32.014886+00:00,126.0,200,ask,,,12034568
2026-07-08T10:03:34.671177,2026-07-08T10:03:34.675441+00:00,125.8,14,ask,,,12034607
2026-07-08T10:03:35.936428,2026-07-08T10:03:35.947675+00:00,125.9,500,bid,,,12034624
2026-07-08T10:03:35.936428,2026-07-08T10:03:35.947675+00:00,126.0,125,bid,,,12034625
2026-07-08T10:03:36.811720,2026-07-08T10:03:36.819693+00:00,125.9,8,bid,,,12034641
2026-07-08T10:03:36.811720,2026-07-08T10:03:36.824870+00:00,125.9,192,bid,,,12034642
2026-07-08T10:03:37.253285,2026-07-08T10:03:37.256467+00:00,125.8,500,bid,,,12034647
2026-07-08T10:03:37.256295,2026-07-08T10:03:37.256467+00:00,125.9,8,ask,,,12034648
2026-07-08T10:03:37.326903,2026-07-08T10:03:37.336294+00:00,125.9,35,ask,,,12034652
2026-07-08T10:03:37.418528,2026-07-08T10:03:37.428833+00:00,125.9,35,ask,,,12034655
2026-07-08T10:03:37.508467,2026-07-08T10:03:37.519992+00:00,125.9,14,ask,,,12034658
2026-07-08T10:03:37.841066,2026-07-08T10:03:37.848929+00:00,125.9,33,ask,,,12034661
2026-07-08T10:03:37.841066,2026-07-08T10:03:37.853921+00:00,125.8,8,ask,,,12034662
2026-07-08T10:03:37.917473,2026-07-08T10:03:37.922154+00:00,125.6,8,bid,,,12034665
2026-07-08T10:03:38.029789,2026-07-08T10:03:38.036384+00:00,125.8,200,bid,,,12034669
2026-07-08T10:03:38.249373,2026-07-08T10:03:38.260981+00:00,125.7,8,bid,,,12034674
2026-07-08T10:03:38.565066,2026-07-08T10:03:38.569043+00:00,125.6,8,bid,,,12034683
2026-07-08T10:03:38.568025,2026-07-08T10:03:38.594918+00:00,125.8,500,bid,,,12034684
2026-07-08T10:03:38.590875,2026-07-08T10:03:38.594918+00:00,125.8,5,ask,,,12034686
2026-07-08T10:03:39.036917,2026-07-08T10:03:39.048212+00:00,125.8,120,ask,,,12034689
2026-07-08T10:03:39.221918,2026-07-08T10:03:39.230349+00:00,125.7,8,bid,,,12034691
2026-07-08T10:03:39.240282,2026-07-08T10:03:39.251842+00:00,125.8,200,bid,,,12034693
2026-07-08T10:03:39.922709,2026-07-08T10:03:39.933470+00:00,125.7,2,bid,,,12034712
2026-07-08T10:03:40.451762,2026-07-08T10:03:40.460448+00:00,125.7,200,bid,,,12034715
2026-07-08T10:03:41.664061,2026-07-08T10:03:41.672804+00:00,125.7,200,bid,,,12034730
2026-07-08T10:03:42.267462,2026-07-08T10:03:42.279550+00:00,125.7,20,bid,,,12034742
2026-07-08T10:03:42.597790,2026-07-08T10:03:42.605767+00:00,125.7,8,bid,,,12034753
2026-07-08T10:03:42.597790,2026-07-08T10:03:42.611035+00:00,125.7,52,bid,,,12034754
2026-07-08T10:03:42.675736,2026-07-08T10:03:42.695341+00:00,125.7,11,bid,,,12034757
2026-07-08T10:03:42.865891,2026-07-08T10:03:42.870832+00:00,125.7,8,bid,,,12034761
2026-07-08T10:03:42.874536,2026-07-08T10:03:42.886396+00:00,125.7,200,bid,,,12034762
2026-07-08T10:03:43.238574,2026-07-08T10:03:43.250716+00:00,125.5,20,ask,,,12034766
2026-07-08T10:03:43.839507,2026-07-08T10:03:43.850651+00:00,125.7,8,ask,,,12034773
2026-07-08T10:03:43.900735,2026-07-08T10:03:43.919649+00:00,125.7,500,ask,,,12034774
2026-07-08T10:03:45.039655,2026-07-08T10:03:45.051528+00:00,125.8,16,bid,,,12034792
2026-07-08T10:03:45.110415,2026-07-08T10:03:45.123856+00:00,125.8,2,bid,,,12034793
2026-07-08T10:03:45.146628,2026-07-08T10:03:45.158708+00:00,125.7,200,ask,,,12034794
2026-07-08T10:03:45.146628,2026-07-08T10:03:45.158708+00:00,125.6,8,ask,,,12034795
2026-07-08T10:03:45.297099,2026-07-08T10:03:45.306287+00:00,125.6,200,bid,,,12034797
2026-07-08T10:03:46.475517,2026-07-08T10:03:46.479758+00:00,125.7,8,ask,,,12034812
2026-07-08T10:03:46.517820,2026-07-08T10:03:46.525936+00:00,125.7,200,ask,,,12034813
2026-07-08T10:03:46.910718,2026-07-08T10:03:46.919780+00:00,125.7,417,ask,,,12034822
2026-07-08T10:03:47.724829,2026-07-08T10:03:47.734278+00:00,125.6,200,bid,,,12034831
2026-07-08T10:03:48.936692,2026-07-08T10:03:48.948022+00:00,125.6,200,bid,,,12034850
2026-07-08T10:03:50.226345,2026-07-08T10:03:50.238367+00:00,125.6,25,bid,,,12034871
2026-07-08T10:03:50.286108,2026-07-08T10:03:50.295118+00:00,125.6,2,bid,,,12034873
2026-07-08T10:03:51.365461,2026-07-08T10:03:51.375577+00:00,125.6,200,bid,,,12034895
2026-07-08T10:03:54.338202,2026-07-08T10:03:54.346482+00:00,125.5,200,ask,,,12034936
2026-07-08T10:03:54.338202,2026-07-08T10:03:54.351762+00:00,125.4,8,ask,,,12034937
2026-07-08T10:03:55.342776,2026-07-08T10:03:55.358647+00:00,125.4,2,bid,,,12034955
2026-07-08T10:03:56.220782,2026-07-08T10:03:56.224563+00:00,125.4,11,ask,,,12034970
2026-07-08T10:03:56.969043,2026-07-08T10:03:56.975568+00:00,125.4,189,ask,,,12034981
2026-07-08T10:03:58.280577,2026-07-08T10:03:58.289334+00:00,125.4,200,bid,,,12035003
2026-07-08T10:04:00.403624,2026-07-08T10:04:00.414843+00:00,125.4,2,bid,,,12035033
2026-07-08T10:04:01.664121,2026-07-08T10:04:01.668469+00:00,125.3,3,ask,,,12035057
2026-07-08T10:04:01.692178,2026-07-08T10:04:01.699043+00:00,125.3,35,ask,,,12035059
2026-07-08T10:04:01.781122,2026-07-08T10:04:01.791089+00:00,125.3,35,ask,,,12035062
2026-07-08T10:04:01.877809,2026-07-08T10:04:01.888588+00:00,125.3,35,ask,,,12035066
2026-07-08T10:04:01.969747,2026-07-08T10:04:01.980814+00:00,125.3,35,ask,,,12035068
2026-07-08T10:04:02.104512,2026-07-08T10:04:02.111074+00:00,125.3,2,ask,,,12035076
2026-07-08T10:04:03.535933,2026-07-08T10:04:03.545068+00:00,125.3,8,ask,,,12035107
2026-07-08T10:04:03.535933,2026-07-08T10:04:03.545068+00:00,125.3,200,ask,,,12035108
2026-07-08T10:04:03.793483,2026-07-08T10:04:03.801543+00:00,125.1,20,ask,,,12035113
2026-07-08T10:04:05.462756,2026-07-08T10:04:05.475002+00:00,125.3,5,ask,,,12035132
2026-07-08T10:04:05.523693,2026-07-08T10:04:05.535153+00:00,125.4,2,bid,,,12035135
2026-07-08T10:04:05.646678,2026-07-08T10:04:05.653696+00:00,125.3,20,ask,,,12035138
2026-07-08T10:04:05.885928,2026-07-08T10:04:05.895906+00:00,125.3,200,ask,,,12035143
2026-07-08T10:04:07.059387,2026-07-08T10:04:07.070216+00:00,125.3,20,ask,,,12035156
2026-07-08T10:04:09.492157,2026-07-08T10:04:09.502190+00:00,125.1,35,ask,,,12035194
2026-07-08T10:04:10.582862,2026-07-08T10:04:10.594722+00:00,125.1,25,ask,,,12035215
2026-07-08T10:04:11.176826,2026-07-08T10:04:11.182095+00:00,125.2,3,ask,,,12035230
2026-07-08T10:04:11.457892,2026-07-08T10:04:11.469694+00:00,125.2,197,ask,,,12035233
2026-07-08T10:04:13.139230,2026-07-08T10:04:13.146811+00:00,125.2,200,bid,,,12035252
2026-07-08T10:04:14.077286,2026-07-08T10:04:14.084645+00:00,125.2,8,bid,,,12035267
2026-07-08T10:04:15.389160,2026-07-08T10:04:15.396082+00:00,125.3,200,ask,,,12035285
2026-07-08T10:04:15.752728,2026-07-08T10:04:15.764881+00:00,125.2,25,ask,,,12035288
2026-07-08T10:04:16.717357,2026-07-08T10:04:16.727775+00:00,125.3,200,bid,,,12035306
2026-07-08T10:04:16.717357,2026-07-08T10:04:16.727775+00:00,125.3,425,bid,,,12035307
2026-07-08T10:04:19.348013,2026-07-08T10:04:19.358636+00:00,125.1,200,ask,,,12035348
2026-07-08T10:04:20.405531,2026-07-08T10:04:20.414627+00:00,125.1,200,bid,,,12035370
2026-07-08T10:04:20.667625,2026-07-08T10:04:20.678334+00:00,125.1,500,bid,,,12035378
2026-07-08T10:04:20.834415,2026-07-08T10:04:20.844896+00:00,125.1,125,ask,,,12035380
2026-07-08T10:04:20.928479,2026-07-08T10:04:20.940591+00:00,125.0,8,ask,,,12035381
2026-07-08T10:04:21.478078,2026-07-08T10:04:21.481723+00:00,124.8,3,bid,,,12035398
2026-07-08T10:04:21.616437,2026-07-08T10:04:21.627331+00:00,124.8,5,bid,,,12035405
2026-07-08T10:04:21.616437,2026-07-08T10:04:21.627331+00:00,125.0,195,bid,,,12035406
2026-07-08T10:04:22.827734,2026-07-08T10:04:22.836557+00:00,124.9,200,bid,,,12035421
2026-07-08T10:04:24.054880,2026-07-08T10:04:24.060122+00:00,124.9,3,ask,,,12035439
2026-07-08T10:04:25.265505,2026-07-08T10:04:25.270095+00:00,125.0,8,ask,,,12035460
2026-07-08T10:04:26.099774,2026-07-08T10:04:26.111435+00:00,125.0,25,ask,,,12035473
2026-07-08T10:04:31.272752,2026-07-08T10:04:31.284783+00:00,125.1,25,ask,,,12035569
2026-07-08T10:04:32.474207,2026-07-08T10:04:32.484489+00:00,125.2,200,bid,,,12035588
2026-07-08T10:04:36.410145,2026-07-08T10:04:36.422018+00:00,125.3,500,bid,,,12035652
2026-07-08T10:04:36.410145,2026-07-08T10:04:36.422018+00:00,125.3,125,bid,,,12035653
2026-07-08T10:04:40.365972,2026-07-08T10:04:40.369691+00:00,125.1,8,bid,,,12035714
2026-07-08T10:04:42.222358,2026-07-08T10:04:42.227093+00:00,125.1,3,bid,,,12035738
2026-07-08T10:04:42.972562,2026-07-08T10:04:42.980175+00:00,125.0,200,ask,,,12035756
2026-07-08T10:04:45.846829,2026-07-08T10:04:45.856587+00:00,125.0,200,bid,,,12035800
2026-07-08T10:04:50.873207,2026-07-08T10:04:50.884822+00:00,124.9,8,ask,,,12035872
2026-07-08T10:04:56.069745,2026-07-08T10:04:56.081384+00:00,124.9,20,bid,,,12035955
2026-07-08T10:04:56.745812,2026-07-08T10:04:56.757067+00:00,124.8,200,ask,,,12035970
2026-07-08T10:04:57.441598,2026-07-08T10:04:57.453015+00:00,124.8,8,ask,,,12035972
2026-07-08T10:04:59.170566,2026-07-08T10:04:59.180258+00:00,124.7,200,bid,,,12036003
2026-07-08T10:05:00.068376,2026-07-08T10:05:00.077720+00:00,124.7,8,bid,,,12036017
2026-07-08T10:05:00.087175,2026-07-08T10:05:00.091301+00:00,124.8,14,ask,,,12036019
2026-07-08T10:05:01.437275,2026-07-08T10:05:01.447668+00:00,124.8,25,ask,,,12036046
2026-07-08T10:05:02.819670,2026-07-08T10:05:02.830899+00:00,124.9,200,bid,,,12036068
2026-07-08T10:05:05.247250,2026-07-08T10:05:05.258586+00:00,124.9,200,ask,,,12036092
2026-07-08T10:05:06.456598,2026-07-08T10:05:06.458608+00:00,125.0,200,bid,,,12036114
2026-07-08T10:05:06.559603,2026-07-08T10:05:06.570035+00:00,124.9,25,ask,,,12036117
2026-07-08T10:05:07.437966,2026-07-08T10:05:07.447893+00:00,124.9,500,ask,,,12036136
2026-07-08T10:05:07.685261,2026-07-08T10:05:07.689712+00:00,125.0,12,ask,,,12036139
2026-07-08T10:05:08.007103,2026-07-08T10:05:08.017822+00:00,125.0,188,ask,,,12036149
2026-07-08T10:05:08.029644,2026-07-08T10:05:08.038751+00:00,124.9,8,ask,,,12036151
2026-07-08T10:05:08.121169,2026-07-08T10:05:08.125648+00:00,124.9,23,bid,,,12036155
2026-07-08T10:05:08.163507,2026-07-08T10:05:08.171092+00:00,124.8,20,ask,,,12036157
2026-07-08T10:05:09.102660,2026-07-08T10:05:09.114677+00:00,125.0,20,bid,,,12036170
2026-07-08T10:05:10.986010,2026-07-08T10:05:10.998169+00:00,124.9,20,bid,,,12036200
2026-07-08T10:05:11.715212,2026-07-08T10:05:11.725969+00:00,124.9,5,bid,,,12036204
2026-07-08T10:05:11.771508,2026-07-08T10:05:11.783637+00:00,124.8,9,ask,,,12036205
2026-07-08T10:05:13.728029,2026-07-08T10:05:13.737634+00:00,124.8,200,bid,,,12036235
2026-07-08T10:05:14.940202,2026-07-08T10:05:14.947594+00:00,124.8,200,bid,,,12036250
2026-07-08T10:05:19.793913,2026-07-08T10:05:19.804052+00:00,124.9,200,ask,,,12036318
2026-07-08T10:05:23.437714,2026-07-08T10:05:23.447527+00:00,125.0,200,ask,,,12036362
2026-07-08T10:05:23.820459,2026-07-08T10:05:23.827297+00:00,125.0,8,ask,,,12036370
2026-07-08T10:05:25.411751,2026-07-08T10:05:25.416515+00:00,125.1,3,bid,,,12036400
2026-07-08T10:05:25.674072,2026-07-08T10:05:25.681910+00:00,124.9,20,ask,,,12036407
2026-07-08T10:05:28.292979,2026-07-08T10:05:28.302740+00:00,124.9,200,ask,,,12036440
2026-07-08T10:05:34.318676,2026-07-08T10:05:34.328176+00:00,124.9,200,ask,,,12036530
2026-07-08T10:05:34.318676,2026-07-08T10:05:34.328176+00:00,124.8,8,ask,,,12036531
2026-07-08T10:05:35.544247,2026-07-08T10:05:35.551740+00:00,124.8,200,bid,,,12036538
2026-07-08T10:05:40.386227,2026-07-08T10:05:40.394640+00:00,124.8,20,ask,,,12036596
2026-07-08T10:05:42.817092,2026-07-08T10:05:42.825639+00:00,124.8,200,ask,,,12036640
2026-07-08T10:05:43.026307,2026-07-08T10:05:43.031331+00:00,124.8,14,ask,,,12036647
2026-07-08T10:05:46.450848,2026-07-08T10:05:46.458536+00:00,124.8,200,bid,,,12036708
2026-07-08T10:05:47.413267,2026-07-08T10:05:47.423598+00:00,124.8,425,bid,,,12036724
2026-07-08T10:05:47.413267,2026-07-08T10:05:47.423598+00:00,124.8,8,bid,,,12036725
2026-07-08T10:05:47.494955,2026-07-08T10:05:47.499045+00:00,125.0,12,ask,,,12036729
2026-07-08T10:05:48.807486,2026-07-08T10:05:48.812263+00:00,125.1,11,ask,,,12036750
2026-07-08T10:05:48.881577,2026-07-08T10:05:48.893162+00:00,125.1,200,ask,,,12036751
2026-07-08T10:05:49.544923,2026-07-08T10:05:49.549789+00:00,125.3,8,bid,,,12036771
2026-07-08T10:05:50.093997,2026-07-08T10:05:50.100684+00:00,125.1,200,ask,,,12036780
2026-07-08T10:05:50.129069,2026-07-08T10:05:50.133262+00:00,125.1,6,bid,,,12036785
2026-07-08T10:05:51.306380,2026-07-08T10:05:51.313704+00:00,124.9,200,ask,,,12036803
2026-07-08T10:05:52.538471,2026-07-08T10:05:52.542591+00:00,124.8,3,ask,,,12036826
2026-07-08T10:05:53.464624,2026-07-08T10:05:53.475494+00:00,124.8,500,bid,,,12036838
2026-07-08T10:05:54.079175,2026-07-08T10:05:54.085996+00:00,124.8,200,bid,,,12036848
2026-07-08T10:05:54.079175,2026-07-08T10:05:54.091005+00:00,124.8,8,bid,,,12036849
2026-07-08T10:05:57.363521,2026-07-08T10:05:57.370364+00:00,124.8,200,ask,,,12036903
2026-07-08T10:05:58.534792,2026-07-08T10:05:58.546679+00:00,124.7,20,ask,,,12036924
2026-07-08T10:06:03.833724,2026-07-08T10:06:03.845304+00:00,124.7,20,ask,,,12037002
2026-07-08T10:06:04.626901,2026-07-08T10:06:04.637610+00:00,124.8,200,ask,,,12037010
2026-07-08T10:06:08.256497,2026-07-08T10:06:08.258601+00:00,124.9,200,bid,,,12037059
2026-07-08T10:06:08.540734,2026-07-08T10:06:08.549748+00:00,124.9,8,bid,,,12037061
2026-07-08T10:06:11.182332,2026-07-08T10:06:11.192965+00:00,125.0,200,bid,,,12037095
2026-07-08T10:06:11.884910,2026-07-08T10:06:11.892032+00:00,125.0,200,ask,,,12037108
2026-07-08T10:06:12.493864,2026-07-08T10:06:12.504932+00:00,124.9,8,ask,,,12037116
2026-07-08T10:06:13.095141,2026-07-08T10:06:13.106272+00:00,124.9,200,bid,,,12037123
2026-07-08T10:06:13.708741,2026-07-08T10:06:13.720729+00:00,124.9,20,bid,,,12037135
2026-07-08T10:06:13.808714,2026-07-08T10:06:13.817565+00:00,125.0,8,bid,,,12037141
2026-07-08T10:06:14.322512,2026-07-08T10:06:14.333018+00:00,125.0,200,ask,,,12037148
2026-07-08T10:06:15.563158,2026-07-08T10:06:15.570513+00:00,125.0,200,ask,,,12037176
2026-07-08T10:06:15.858593,2026-07-08T10:06:15.870953+00:00,125.0,20,ask,,,12037184
2026-07-08T10:06:16.435462,2026-07-08T10:06:16.442129+00:00,124.9,8,ask,,,12037193
2026-07-08T10:06:16.454206,2026-07-08T10:06:16.458692+00:00,124.9,23,bid,,,12037195
2026-07-08T10:06:17.983401,2026-07-08T10:06:17.990609+00:00,124.7,200,ask,,,12037218
2026-07-08T10:06:21.688805,2026-07-08T10:06:21.696512+00:00,124.8,200,bid,,,12037256
2026-07-08T10:06:22.636562,2026-07-08T10:06:22.648253+00:00,124.8,20,ask,,,12037274
2026-07-08T10:06:22.840858,2026-07-08T10:06:22.846568+00:00,124.9,11,ask,,,12037283
2026-07-08T10:06:23.021745,2026-07-08T10:06:23.031712+00:00,124.9,189,ask,,,12037290
2026-07-08T10:06:24.034829,2026-07-08T10:06:24.045529+00:00,124.8,200,bid,,,12037299
2026-07-08T10:06:24.334899,2026-07-08T10:06:24.344830+00:00,124.9,8,bid,,,12037306
2026-07-08T10:06:24.334899,2026-07-08T10:06:24.344830+00:00,125.0,200,bid,,,12037307
2026-07-08T10:06:24.401132,2026-07-08T10:06:24.406004+00:00,125.0,12,ask,,,12037310
2026-07-08T10:06:26.972198,2026-07-08T10:06:26.980241+00:00,125.1,200,bid,,,12037347
2026-07-08T10:06:26.972198,2026-07-08T10:06:26.985255+00:00,125.1,425,bid,,,12037348
2026-07-08T10:06:27.287061,2026-07-08T10:06:27.290895+00:00,125.1,23,bid,,,12037355
2026-07-08T10:06:27.418695,2026-07-08T10:06:27.429727+00:00,125.2,8,bid,,,12037358
2026-07-08T10:06:27.418695,2026-07-08T10:06:27.429727+00:00,125.2,12,bid,,,12037359
2026-07-08T10:06:28.022666,2026-07-08T10:06:28.033515+00:00,125.1,200,ask,,,12037370
2026-07-08T10:06:28.132615,2026-07-08T10:06:28.136385+00:00,125.0,3,bid,,,12037372
2026-07-08T10:06:28.284401,2026-07-08T10:06:28.294212+00:00,125.0,5,bid,,,12037374
2026-07-08T10:06:30.523041,2026-07-08T10:06:30.527894+00:00,125.0,3,ask,,,12037407
2026-07-08T10:06:36.854272,2026-07-08T10:06:36.859418+00:00,124.9,11,ask,,,12037499
2026-07-08T10:06:38.573307,2026-07-08T10:06:38.584594+00:00,125.0,200,bid,,,12037517
2026-07-08T10:06:39.787332,2026-07-08T10:06:39.799019+00:00,125.0,200,bid,,,12037539
2026-07-08T10:06:41.000050,2026-07-08T10:06:41.009333+00:00,125.0,200,bid,,,12037557
2026-07-08T10:06:41.550697,2026-07-08T10:06:41.560644+00:00,125.1,8,bid,,,12037560
2026-07-08T10:06:41.550697,2026-07-08T10:06:41.560644+00:00,125.1,12,bid,,,12037561
2026-07-08T10:06:41.556248,2026-07-08T10:06:41.560644+00:00,124.9,12,ask,,,12037562
2026-07-08T10:06:42.214012,2026-07-08T10:06:42.224855+00:00,125.1,200,bid,,,12037574
2026-07-08T10:06:42.805631,2026-07-08T10:06:42.809968+00:00,125.0,11,ask,,,12037583
2026-07-08T10:06:45.424452,2026-07-08T10:06:45.445862+00:00,125.0,200,ask,,,12037622
2026-07-08T10:06:45.441673,2026-07-08T10:06:45.445862+00:00,124.9,11,bid,,,12037624
2026-07-08T10:06:45.849787,2026-07-08T10:06:45.858269+00:00,124.9,200,bid,,,12037629
2026-07-08T10:06:46.748904,2026-07-08T10:06:46.757864+00:00,125.0,8,ask,,,12037643
2026-07-08T10:06:48.062910,2026-07-08T10:06:48.070557+00:00,125.1,200,bid,,,12037662
2026-07-08T10:06:48.274647,2026-07-08T10:06:48.285934+00:00,125.1,200,ask,,,12037667
2026-07-08T10:06:49.519988,2026-07-08T10:06:49.524286+00:00,125.2,26,bid,,,12037686
2026-07-08T10:06:50.708074,2026-07-08T10:06:50.715766+00:00,125.1,200,ask,,,12037702
2026-07-08T10:06:51.917351,2026-07-08T10:06:51.924271+00:00,125.2,8,ask,,,12037715
2026-07-08T10:06:53.126881,2026-07-08T10:06:53.138730+00:00,125.0,200,bid,,,12037742
2026-07-08T10:06:58.570669,2026-07-08T10:06:58.581181+00:00,125.1,200,bid,,,12037833
2026-07-08T10:06:59.185631,2026-07-08T10:06:59.192741+00:00,125.1,200,ask,,,12037843
2026-07-08T10:06:59.891485,2026-07-08T10:06:59.898894+00:00,125.1,8,ask,,,12037855
2026-07-08T10:06:59.891485,2026-07-08T10:06:59.904414+00:00,125.1,12,ask,,,12037856
2026-07-08T10:07:00.394846,2026-07-08T10:07:00.405815+00:00,125.1,200,ask,,,12037865
2026-07-08T10:07:02.819863,2026-07-08T10:07:02.827293+00:00,125.1,200,ask,,,12037901
2026-07-08T10:07:04.029900,2026-07-08T10:07:04.041228+00:00,125.2,200,bid,,,12037918
2026-07-08T10:07:07.774536,2026-07-08T10:07:07.782063+00:00,125.1,8,ask,,,12037961
2026-07-08T10:07:07.774536,2026-07-08T10:07:07.787018+00:00,125.1,200,ask,,,12037962
2026-07-08T10:07:07.794134,2026-07-08T10:07:07.798130+00:00,125.1,3,bid,,,12037966
2026-07-08T10:07:07.858365,2026-07-08T10:07:07.870286+00:00,125.1,35,bid,,,12037969
2026-07-08T10:07:07.897046,2026-07-08T10:07:07.900748+00:00,125.0,8,bid,,,12037973
2026-07-08T10:07:07.948247,2026-07-08T10:07:07.954813+00:00,125.1,35,bid,,,12037974
2026-07-08T10:07:08.037798,2026-07-08T10:07:08.044600+00:00,125.1,35,bid,,,12037981
2026-07-08T10:07:08.126866,2026-07-08T10:07:08.134934+00:00,125.1,35,bid,,,12037984
2026-07-08T10:07:08.221298,2026-07-08T10:07:08.225992+00:00,125.0,8,bid,,,12037988
2026-07-08T10:07:08.231875,2026-07-08T10:07:08.236117+00:00,125.1,3,bid,,,12037990
2026-07-08T10:07:08.311609,2026-07-08T10:07:08.323500+00:00,125.1,7,bid,,,12037995
2026-07-08T10:07:08.330996,2026-07-08T10:07:08.339547+00:00,124.8,3,ask,,,12037997
2026-07-08T10:07:08.595148,2026-07-08T10:07:08.599478+00:00,124.9,8,ask,,,12038002
2026-07-08T10:07:08.606121,2026-07-08T10:07:08.610776+00:00,124.8,3,ask,,,12038004
2026-07-08T10:07:08.864261,2026-07-08T10:07:08.868680+00:00,124.9,3,ask,,,12038010
2026-07-08T10:07:08.903589,2026-07-08T10:07:08.910592+00:00,125.0,8,ask,,,12038014
2026-07-08T10:07:08.997569,2026-07-08T10:07:09.006121+00:00,125.0,28,ask,,,12038021
2026-07-08T10:07:10.302966,2026-07-08T10:07:10.312099+00:00,125.1,20,bid,,,12038039
2026-07-08T10:07:11.305860,2026-07-08T10:07:11.313396+00:00,125.1,200,bid,,,12038049
2026-07-08T10:07:13.742352,2026-07-08T10:07:13.758593+00:00,125.1,200,ask,,,12038080
2026-07-08T10:07:14.370742,2026-07-08T10:07:14.381823+00:00,125.1,8,ask,,,12038092
2026-07-08T10:07:14.950086,2026-07-08T10:07:14.953958+00:00,125.1,200,bid,,,12038103
2026-07-08T10:07:18.000691,2026-07-08T10:07:18.005017+00:00,125.3,14,bid,,,12038139
2026-07-08T10:07:18.060677,2026-07-08T10:07:18.069880+00:00,125.3,61,bid,,,12038147
2026-07-08T10:07:18.326753,2026-07-08T10:07:18.330888+00:00,125.2,12,bid,,,12038152
2026-07-08T10:07:18.603427,2026-07-08T10:07:18.607542+00:00,125.1,11,bid,,,12038156
2026-07-08T10:07:19.452430,2026-07-08T10:07:19.457131+00:00,125.1,8,bid,,,12038168
2026-07-08T10:07:19.820864,2026-07-08T10:07:19.825113+00:00,125.0,4,bid,,,12038174
2026-07-08T10:07:21.220086,2026-07-08T10:07:21.224641+00:00,124.9,23,ask,,,12038203
2026-07-08T10:07:22.228113,2026-07-08T10:07:22.237937+00:00,125.1,200,bid,,,12038225
2026-07-08T10:07:23.168880,2026-07-08T10:07:23.172955+00:00,124.9,12,ask,,,12038234
2026-07-08T10:07:23.443314,2026-07-08T10:07:23.450385+00:00,125.0,200,bid,,,12038239
2026-07-08T10:07:23.504372,2026-07-08T10:07:23.516449+00:00,124.9,20,ask,,,12038242
2026-07-08T10:07:23.774178,2026-07-08T10:07:23.778413+00:00,125.0,11,ask,,,12038246
2026-07-08T10:07:24.658825,2026-07-08T10:07:24.669463+00:00,125.1,200,bid,,,12038258
2026-07-08T10:07:27.506665,2026-07-08T10:07:27.510985+00:00,125.2,23,bid,,,12038292
2026-07-08T10:07:27.520682,2026-07-08T10:07:27.531784+00:00,125.1,200,ask,,,12038294
2026-07-08T10:07:27.520682,2026-07-08T10:07:27.531784+00:00,125.1,425,ask,,,12038295
2026-07-08T10:07:33.128905,2026-07-08T10:07:33.140448+00:00,125.6,200,bid,,,12038367
2026-07-08T10:07:33.617135,2026-07-08T10:07:33.629048+00:00,125.6,20,bid,,,12038372
2026-07-08T10:07:35.394275,2026-07-08T10:07:35.404118+00:00,125.7,200,bid,,,12038400
2026-07-08T10:07:36.753047,2026-07-08T10:07:36.757300+00:00,125.6,20,ask,,,12038428
2026-07-08T10:07:37.078839,2026-07-08T10:07:37.095231+00:00,125.7,25,bid,,,12038433
2026-07-08T10:07:37.789092,2026-07-08T10:07:37.800898+00:00,125.6,20,ask,,,12038439
2026-07-08T10:07:37.976172,2026-07-08T10:07:37.986718+00:00,125.6,200,ask,,,12038443
2026-07-08T10:07:40.212897,2026-07-08T10:07:40.218199+00:00,125.5,12,ask,,,12038476
2026-07-08T10:07:41.975663,2026-07-08T10:07:41.985454+00:00,125.5,200,ask,,,12038502
2026-07-08T10:07:42.826426,2026-07-08T10:07:42.837243+00:00,125.5,200,bid,,,12038519
2026-07-08T10:07:43.290213,2026-07-08T10:07:43.297110+00:00,125.6,500,bid,,,12038529
2026-07-08T10:07:43.734665,2026-07-08T10:07:43.742432+00:00,125.6,125,ask,,,12038532
2026-07-08T10:07:43.734665,2026-07-08T10:07:43.747682+00:00,125.5,8,ask,,,12038533
2026-07-08T10:07:44.039887,2026-07-08T10:07:44.058583+00:00,125.4,8,bid,,,12038539
2026-07-08T10:07:44.039887,2026-07-08T10:07:44.058583+00:00,125.5,192,bid,,,12038540
2026-07-08T10:07:45.253075,2026-07-08T10:07:45.263656+00:00,125.4,200,bid,,,12038557
2026-07-08T10:07:47.148244,2026-07-08T10:07:47.158601+00:00,125.5,5,bid,,,12038586
2026-07-08T10:07:47.678712,2026-07-08T10:07:47.683110+00:00,125.5,200,bid,,,12038592
2026-07-08T10:07:48.889895,2026-07-08T10:07:48.898138+00:00,125.4,200,bid,,,12038604
2026-07-08T10:07:49.855953,2026-07-08T10:07:49.858031+00:00,125.4,500,bid,,,12038618
2026-07-08T10:07:50.391629,2026-07-08T10:07:50.401743+00:00,125.5,200,ask,,,12038626
2026-07-08T10:07:50.391629,2026-07-08T10:07:50.401743+00:00,125.4,125,ask,,,12038627
2026-07-08T10:07:50.391629,2026-07-08T10:07:50.422453+00:00,125.3,8,ask,,,12038628
2026-07-08T10:07:50.417665,2026-07-08T10:07:50.422453+00:00,125.3,12,bid,,,12038630
2026-07-08T10:07:50.592523,2026-07-08T10:07:50.597333+00:00,125.2,8,bid,,,12038634
2026-07-08T10:07:50.919991,2026-07-08T10:07:50.924753+00:00,125.2,3,bid,,,12038639
2026-07-08T10:07:51.309831,2026-07-08T10:07:51.318369+00:00,125.1,200,bid,,,12038649
2026-07-08T10:07:52.296808,2026-07-08T10:07:52.308900+00:00,125.1,25,bid,,,12038666
2026-07-08T10:07:52.496796,2026-07-08T10:07:52.501156+00:00,125.1,11,ask,,,12038668
2026-07-08T10:07:52.521168,2026-07-08T10:07:52.530441+00:00,125.2,200,bid,,,12038669
2026-07-08T10:07:52.831994,2026-07-08T10:07:52.843574+00:00,125.1,500,ask,,,12038675
2026-07-08T10:07:52.876389,2026-07-08T10:07:52.880624+00:00,125.1,12,ask,,,12038678
2026-07-08T10:07:53.428690,2026-07-08T10:07:53.435829+00:00,125.1,102,ask,,,12038684
2026-07-08T10:07:53.731106,2026-07-08T10:07:53.740339+00:00,125.1,200,bid,,,12038694
2026-07-08T10:07:54.943995,2026-07-08T10:07:54.958799+00:00,125.1,200,bid,,,12038713
2026-07-08T10:07:55.244859,2026-07-08T10:07:55.258811+00:00,125.0,500,ask,,,12038715
2026-07-08T10:07:55.841622,2026-07-08T10:07:55.853319+00:00,125.0,125,ask,,,12038724
2026-07-08T10:07:56.155710,2026-07-08T10:07:56.164796+00:00,124.9,8,bid,,,12038726
2026-07-08T10:07:56.155710,2026-07-08T10:07:56.164796+00:00,125.0,192,bid,,,12038727
2026-07-08T10:07:56.473743,2026-07-08T10:07:56.478326+00:00,124.8,14,ask,,,12038731
2026-07-08T10:07:57.368701,2026-07-08T10:07:57.372570+00:00,124.9,200,bid,,,12038752
2026-07-08T10:07:57.658824,2026-07-08T10:07:57.669615+00:00,124.8,500,ask,,,12038759
2026-07-08T10:07:58.579379,2026-07-08T10:07:58.588584+00:00,124.8,200,bid,,,12038782
2026-07-08T10:07:59.790167,2026-07-08T10:07:59.799445+00:00,124.8,200,bid,,,12038797
2026-07-08T10:08:00.701543,2026-07-08T10:08:00.709270+00:00,124.7,500,ask,,,12038811
2026-07-08T10:08:01.004315,2026-07-08T10:08:01.011594+00:00,124.9,200,bid,,,12038820
2026-07-08T10:08:01.666401,2026-07-08T10:08:01.676853+00:00,124.7,8,ask,,,12038826
2026-07-08T10:08:02.217082,2026-07-08T10:08:02.224481+00:00,124.6,200,bid,,,12038835
2026-07-08T10:08:03.432859,2026-07-08T10:08:03.443254+00:00,124.6,200,bid,,,12038857
2026-07-08T10:08:04.646126,2026-07-08T10:08:04.653845+00:00,124.8,200,bid,,,12038877
2026-07-08T10:08:05.858142,2026-07-08T10:08:05.865392+00:00,124.7,200,bid,,,12038894
2026-07-08T10:08:07.071584,2026-07-08T10:08:07.082783+00:00,124.8,200,bid,,,12038913
2026-07-08T10:08:07.373261,2026-07-08T10:08:07.380347+00:00,124.7,5,bid,,,12038920
2026-07-08T10:08:08.050990,2026-07-08T10:08:08.058574+00:00,124.6,20,ask,,,12038931
2026-07-08T10:08:08.219798,2026-07-08T10:08:08.227280+00:00,124.7,500,bid,,,12038934
2026-07-08T10:08:08.282946,2026-07-08T10:08:08.291782+00:00,124.9,8,bid,,,12038935
2026-07-08T10:08:08.282946,2026-07-08T10:08:08.291782+00:00,124.9,192,bid,,,12038936
2026-07-08T10:08:08.557657,2026-07-08T10:08:08.569420+00:00,124.7,125,ask,,,12038942
2026-07-08T10:08:08.557657,2026-07-08T10:08:08.569420+00:00,124.7,8,ask,,,12038943
2026-07-08T10:08:09.497046,2026-07-08T10:08:09.505138+00:00,124.5,8,bid,,,12038957
2026-07-08T10:08:09.497046,2026-07-08T10:08:09.510393+00:00,124.6,192,bid,,,12038958
2026-07-08T10:08:09.531256,2026-07-08T10:08:09.539872+00:00,124.6,308,bid,,,12038960
2026-07-08T10:08:09.552167,2026-07-08T10:08:09.557393+00:00,124.6,3,ask,,,12038962
2026-07-08T10:08:09.620676,2026-07-08T10:08:09.632718+00:00,124.6,5,ask,,,12038964
2026-07-08T10:08:09.712044,2026-07-08T10:08:09.723300+00:00,124.6,99,ask,,,12038967
2026-07-08T10:08:09.760538,2026-07-08T10:08:09.769168+00:00,124.6,210,ask,,,12038969
2026-07-08T10:08:09.760538,2026-07-08T10:08:09.769168+00:00,124.6,8,ask,,,12038970
2026-07-08T10:08:10.713647,2026-07-08T10:08:10.721786+00:00,124.5,8,bid,,,12038992
2026-07-08T10:08:10.713647,2026-07-08T10:08:10.727107+00:00,124.6,192,bid,,,12038993
2026-07-08T10:08:10.835970,2026-07-08T10:08:10.848041+00:00,124.5,8,bid,,,12038995
2026-07-08T10:08:10.835970,2026-07-08T10:08:10.848041+00:00,124.6,12,bid,,,12038996
2026-07-08T10:08:10.926826,2026-07-08T10:08:10.933780+00:00,124.4,15,ask,,,12038999
2026-07-08T10:08:11.813602,2026-07-08T10:08:11.825268+00:00,124.6,35,bid,,,12039004
2026-07-08T10:08:11.876341,2026-07-08T10:08:11.880421+00:00,124.6,6,bid,,,12039009
2026-07-08T10:08:11.904039,2026-07-08T10:08:11.915746+00:00,124.6,35,bid,,,12039010
2026-07-08T10:08:11.923893,2026-07-08T10:08:11.932879+00:00,124.6,200,bid,,,12039012
2026-07-08T10:08:11.995597,2026-07-08T10:08:12.003819+00:00,124.6,35,bid,,,12039017
2026-07-08T10:08:12.086627,2026-07-08T10:08:12.098425+00:00,124.6,14,bid,,,12039020
2026-07-08T10:08:12.218727,2026-07-08T10:08:12.226184+00:00,124.6,500,ask,,,12039027
2026-07-08T10:08:12.804420,2026-07-08T10:08:12.815313+00:00,124.6,125,ask,,,12039039
2026-07-08T10:08:12.804420,2026-07-08T10:08:12.815313+00:00,124.6,8,ask,,,12039040
2026-07-08T10:08:12.917541,2026-07-08T10:08:12.921558+00:00,124.5,8,bid,,,12039043
2026-07-08T10:08:13.134701,2026-07-08T10:08:13.144065+00:00,124.6,200,bid,,,12039050
2026-07-08T10:08:13.241818,2026-07-08T10:08:13.245920+00:00,124.5,3,bid,,,12039052
2026-07-08T10:08:13.469442,2026-07-08T10:08:13.477919+00:00,124.5,5,bid,,,12039057
2026-07-08T10:08:13.489422,2026-07-08T10:08:13.493797+00:00,124.5,11,ask,,,12039059
2026-07-08T10:08:14.356104,2026-07-08T10:08:14.365947+00:00,124.5,200,ask,,,12039077
2026-07-08T10:08:16.812199,2026-07-08T10:08:16.819370+00:00,124.5,200,ask,,,12039120
2026-07-08T10:08:17.062335,2026-07-08T10:08:17.074067+00:00,124.5,425,ask,,,12039128
2026-07-08T10:08:18.020167,2026-07-08T10:08:18.028783+00:00,124.4,200,bid,,,12039146
2026-07-08T10:08:19.249921,2026-07-08T10:08:19.254871+00:00,124.4,3,ask,,,12039162
2026-07-08T10:08:22.654375,2026-07-08T10:08:22.664452+00:00,124.3,20,ask,,,12039206
2026-07-08T10:08:22.878596,2026-07-08T10:08:22.889293+00:00,124.5,200,bid,,,12039208
2026-07-08T10:08:24.063648,2026-07-08T10:08:24.084199+00:00,124.4,35,ask,,,12039229
2026-07-08T10:08:24.155907,2026-07-08T10:08:24.158661+00:00,124.5,65,ask,,,12039233
2026-07-08T10:08:25.528366,2026-07-08T10:08:25.535823+00:00,124.5,500,ask,,,12039251
2026-07-08T10:08:26.126556,2026-07-08T10:08:26.135474+00:00,124.5,125,ask,,,12039267
2026-07-08T10:08:26.126556,2026-07-08T10:08:26.135474+00:00,124.5,200,ask,,,12039268
2026-07-08T10:08:26.126556,2026-07-08T10:08:26.140808+00:00,124.5,8,ask,,,12039269
2026-07-08T10:08:26.515805,2026-07-08T10:08:26.524387+00:00,124.4,8,bid,,,12039279
2026-07-08T10:08:26.515805,2026-07-08T10:08:26.524387+00:00,124.5,167,bid,,,12039280
2026-07-08T10:08:26.592603,2026-07-08T10:08:26.599633+00:00,124.5,25,ask,,,12039281
2026-07-08T10:08:26.592603,2026-07-08T10:08:26.605147+00:00,124.5,8,ask,,,12039282
2026-07-08T10:08:27.452729,2026-07-08T10:08:27.464543+00:00,124.4,5,bid,,,12039296
2026-07-08T10:08:28.942981,2026-07-08T10:08:28.958577+00:00,124.3,200,bid,,,12039319
2026-07-08T10:08:30.528176,2026-07-08T10:08:30.538531+00:00,124.3,500,bid,,,12039339
2026-07-08T10:08:30.969579,2026-07-08T10:08:30.979709+00:00,124.3,125,ask,,,12039350
2026-07-08T10:08:30.969579,2026-07-08T10:08:30.979709+00:00,124.3,8,ask,,,12039351
2026-07-08T10:08:31.843280,2026-07-08T10:08:31.852647+00:00,124.2,200,ask,,,12039370
2026-07-08T10:08:31.843280,2026-07-08T10:08:31.852647+00:00,124.2,8,ask,,,12039371
2026-07-08T10:08:32.579155,2026-07-08T10:08:32.587977+00:00,124.2,200,bid,,,12039383
2026-07-08T10:08:34.507867,2026-07-08T10:08:34.516428+00:00,124.2,20,bid,,,12039407
2026-07-08T10:08:35.224465,2026-07-08T10:08:35.234179+00:00,124.2,200,ask,,,12039420
2026-07-08T10:08:35.224465,2026-07-08T10:08:35.234179+00:00,124.1,300,ask,,,12039421
2026-07-08T10:08:35.832375,2026-07-08T10:08:35.850512+00:00,124.1,8,bid,,,12039432
2026-07-08T10:08:35.846740,2026-07-08T10:08:35.850512+00:00,124.1,3,bid,,,12039435
2026-07-08T10:08:35.859899,2026-07-08T10:08:35.864020+00:00,124.1,11,bid,,,12039437
2026-07-08T10:08:35.867845,2026-07-08T10:08:35.879278+00:00,124.1,86,bid,,,12039438
2026-07-08T10:08:36.211487,2026-07-08T10:08:36.220624+00:00,124.1,200,bid,,,12039447
2026-07-08T10:08:37.169942,2026-07-08T10:08:37.180049+00:00,124.0,8,bid,,,12039459
2026-07-08T10:08:37.261815,2026-07-08T10:08:37.273073+00:00,124.0,6,bid,,,12039460
2026-07-08T10:08:37.272567,2026-07-08T10:08:37.283627+00:00,123.8,8,ask,,,12039462
2026-07-08T10:08:37.357460,2026-07-08T10:08:37.369381+00:00,124.0,2,bid,,,12039463
2026-07-08T10:08:38.596839,2026-07-08T10:08:38.608469+00:00,123.9,20,ask,,,12039485
2026-07-08T10:08:38.637906,2026-07-08T10:08:38.648501+00:00,124.0,200,bid,,,12039486
2026-07-08T10:08:39.852687,2026-07-08T10:08:39.863879+00:00,123.9,200,bid,,,12039507
2026-07-08T10:08:41.068709,2026-07-08T10:08:41.076332+00:00,123.8,200,bid,,,12039533
2026-07-08T10:08:42.280968,2026-07-08T10:08:42.292218+00:00,123.8,200,bid,,,12039557
2026-07-08T10:08:42.342679,2026-07-08T10:08:42.370396+00:00,123.9,8,bid,,,12039559
2026-07-08T10:08:42.365620,2026-07-08T10:08:42.370396+00:00,123.9,14,ask,,,12039562
2026-07-08T10:08:43.492740,2026-07-08T10:08:43.494872+00:00,123.9,200,ask,,,12039582
2026-07-08T10:08:43.713185,2026-07-08T10:08:43.720731+00:00,123.9,6,bid,,,12039588
2026-07-08T10:08:43.716811,2026-07-08T10:08:43.720731+00:00,123.9,3,bid,,,12039589
2026-07-08T10:08:44.969384,2026-07-08T10:08:44.978577+00:00,123.8,200,ask,,,12039607
2026-07-08T10:08:44.985364,2026-07-08T10:08:44.989696+00:00,123.8,11,bid,,,12039609
2026-07-08T10:08:46.697516,2026-07-08T10:08:46.701739+00:00,123.6,11,ask,,,12039645
2026-07-08T10:08:47.125933,2026-07-08T10:08:47.132970+00:00,123.8,200,bid,,,12039649
2026-07-08T10:08:48.353855,2026-07-08T10:08:48.358423+00:00,123.8,3,ask,,,12039671
2026-07-08T10:08:48.384117,2026-07-08T10:08:48.391116+00:00,123.8,12,ask,,,12039675
2026-07-08T10:08:48.906427,2026-07-08T10:08:48.913583+00:00,123.8,185,ask,,,12039682
2026-07-08T10:08:49.249881,2026-07-08T10:08:49.258553+00:00,123.8,20,bid,,,12039688
2026-07-08T10:08:53.408992,2026-07-08T10:08:53.420859+00:00,124.0,20,bid,,,12039758
2026-07-08T10:08:55.612417,2026-07-08T10:08:55.621201+00:00,123.9,200,ask,,,12039803
2026-07-08T10:08:56.138223,2026-07-08T10:08:56.158549+00:00,124.2,20,bid,,,12039820
2026-07-08T10:08:56.821718,2026-07-08T10:08:56.828632+00:00,124.1,200,ask,,,12039834
2026-07-08T10:08:57.019905,2026-07-08T10:08:57.027648+00:00,124.2,20,bid,,,12039840
2026-07-08T10:08:58.031002,2026-07-08T10:08:58.039910+00:00,124.1,200,ask,,,12039859
2026-07-08T10:08:59.391748,2026-07-08T10:08:59.399553+00:00,123.9,200,ask,,,12039879
2026-07-08T10:08:59.416795,2026-07-08T10:08:59.421763+00:00,123.9,14,bid,,,12039882
2026-07-08T10:08:59.420956,2026-07-08T10:08:59.442122+00:00,123.9,12,bid,,,12039883
2026-07-08T10:09:00.446054,2026-07-08T10:09:00.458603+00:00,123.9,200,bid,,,12039906
2026-07-08T10:09:03.322335,2026-07-08T10:09:03.330066+00:00,124.0,200,bid,,,12039952
2026-07-08T10:09:07.611985,2026-07-08T10:09:07.624065+00:00,123.9,25,bid,,,12040016
2026-07-08T10:09:08.928326,2026-07-08T10:09:08.936278+00:00,123.8,200,ask,,,12040051
2026-07-08T10:09:09.178289,2026-07-08T10:09:09.185381+00:00,123.8,20,ask,,,12040056
2026-07-08T10:09:09.893631,2026-07-08T10:09:09.900283+00:00,123.8,8,ask,,,12040066
2026-07-08T10:09:11.191896,2026-07-08T10:09:11.203868+00:00,123.6,20,ask,,,12040083
2026-07-08T10:09:11.347254,2026-07-08T10:09:11.352254+00:00,123.7,200,bid,,,12040084
2026-07-08T10:09:12.053060,2026-07-08T10:09:12.064716+00:00,123.7,20,bid,,,12040097
2026-07-08T10:09:12.146816,2026-07-08T10:09:12.163811+00:00,123.7,405,bid,,,12040098
2026-07-08T10:09:12.174795,2026-07-08T10:09:12.178892+00:00,123.7,11,ask,,,12040100
2026-07-08T10:09:12.524990,2026-07-08T10:09:12.532602+00:00,123.9,35,ask,,,12040106
2026-07-08T10:09:12.528369,2026-07-08T10:09:12.532602+00:00,123.9,3,ask,,,12040107
2026-07-08T10:09:12.566501,2026-07-08T10:09:12.575093+00:00,123.9,200,ask,,,12040108
2026-07-08T10:09:12.617085,2026-07-08T10:09:12.626787+00:00,123.9,35,ask,,,12040111
2026-07-08T10:09:12.672737,2026-07-08T10:09:12.683710+00:00,124.1,5,bid,,,12040115
2026-07-08T10:09:12.712832,2026-07-08T10:09:12.719463+00:00,123.9,25,ask,,,12040119
2026-07-08T10:09:13.547627,2026-07-08T10:09:13.559071+00:00,123.9,20,ask,,,12040132
2026-07-08T10:09:13.779278,2026-07-08T10:09:13.789976+00:00,123.9,200,ask,,,12040135
2026-07-08T10:09:13.821533,2026-07-08T10:09:13.830978+00:00,123.8,8,ask,,,12040136
2026-07-08T10:09:13.952303,2026-07-08T10:09:13.954108+00:00,123.8,500,bid,,,12040138
2026-07-08T10:09:14.987336,2026-07-08T10:09:14.995723+00:00,123.8,117,bid,,,12040151
2026-07-08T10:09:15.124156,2026-07-08T10:09:15.132002+00:00,124.0,8,bid,,,12040156
2026-07-08T10:09:16.200654,2026-07-08T10:09:16.208006+00:00,123.9,200,ask,,,12040177
2026-07-08T10:09:17.409725,2026-07-08T10:09:17.417743+00:00,123.9,200,ask,,,12040190
2026-07-08T10:09:17.764630,2026-07-08T10:09:17.770533+00:00,124.0,3,bid,,,12040195
2026-07-08T10:09:17.782580,2026-07-08T10:09:17.791870+00:00,124.0,35,bid,,,12040196
2026-07-08T10:09:17.874123,2026-07-08T10:09:17.883739+00:00,124.0,35,bid,,,12040199
2026-07-08T10:09:17.963805,2026-07-08T10:09:17.975385+00:00,124.0,17,bid,,,12040201
2026-07-08T10:09:24.700199,2026-07-08T10:09:24.707437+00:00,124.0,200,bid,,,12040340
2026-07-08T10:09:25.911503,2026-07-08T10:09:25.919375+00:00,124.0,200,bid,,,12040350
2026-07-08T10:09:27.742772,2026-07-08T10:09:27.758571+00:00,124.2,5,bid,,,12040384
2026-07-08T10:09:29.581782,2026-07-08T10:09:29.590899+00:00,124.3,200,bid,,,12040410
2026-07-08T10:09:30.787295,2026-07-08T10:09:30.798456+00:00,124.3,200,ask,,,12040424
2026-07-08T10:09:32.444474,2026-07-08T10:09:32.449167+00:00,124.4,11,bid,,,12040445
2026-07-08T10:09:32.864947,2026-07-08T10:09:32.876162+00:00,124.4,25,bid,,,12040450
2026-07-08T10:09:34.427450,2026-07-08T10:09:34.434177+00:00,124.4,200,bid,,,12040474
2026-07-08T10:09:35.657414,2026-07-08T10:09:35.661364+00:00,124.4,12,bid,,,12040492
2026-07-08T10:09:36.193443,2026-07-08T10:09:36.205202+00:00,124.4,20,bid,,,12040499
2026-07-08T10:09:37.978561,2026-07-08T10:09:37.990380+00:00,124.5,25,bid,,,12040519
2026-07-08T10:09:38.066787,2026-07-08T10:09:38.076298+00:00,124.5,200,bid,,,12040524
2026-07-08T10:09:41.386899,2026-07-08T10:09:41.395232+00:00,124.6,200,ask,,,12040567
2026-07-08T10:09:42.701484,2026-07-08T10:09:42.711063+00:00,124.7,200,bid,,,12040587
2026-07-08T10:09:42.701484,2026-07-08T10:09:42.711063+00:00,124.7,8,bid,,,12040588
2026-07-08T10:09:43.657273,2026-07-08T10:09:43.669355+00:00,124.7,417,ask,,,12040604
2026-07-08T10:09:43.657273,2026-07-08T10:09:43.669355+00:00,124.7,8,ask,,,12040605
2026-07-08T10:09:44.016347,2026-07-08T10:09:44.037950+00:00,124.6,200,ask,,,12040609
2026-07-08T10:09:44.016347,2026-07-08T10:09:44.037950+00:00,124.5,8,ask,,,12040610
2026-07-08T10:09:44.033883,2026-07-08T10:09:44.037950+00:00,124.4,23,bid,,,12040612
2026-07-08T10:09:44.127079,2026-07-08T10:09:44.164319+00:00,124.4,200,bid,,,12040615
2026-07-08T10:09:45.330046,2026-07-08T10:09:45.339925+00:00,124.4,8,bid,,,12040635
2026-07-08T10:09:46.856895,2026-07-08T10:09:46.860889+00:00,124.4,12,ask,,,12040660
2026-07-08T10:09:47.768094,2026-07-08T10:09:47.775502+00:00,124.5,200,bid,,,12040673
2026-07-08T10:09:48.018051,2026-07-08T10:09:48.023103+00:00,124.5,11,ask,,,12040679
2026-07-08T10:09:48.099140,2026-07-08T10:09:48.110351+00:00,124.6,8,bid,,,12040682
2026-07-08T10:09:48.978125,2026-07-08T10:09:48.985551+00:00,124.5,200,ask,,,12040700
2026-07-08T10:09:49.965645,2026-07-08T10:09:49.970616+00:00,124.7,11,bid,,,12040719
2026-07-08T10:09:50.125460,2026-07-08T10:09:50.136960+00:00,124.7,20,bid,,,12040724
2026-07-08T10:09:50.186554,2026-07-08T10:09:50.194437+00:00,124.5,200,ask,,,12040725
2026-07-08T10:09:50.636035,2026-07-08T10:09:50.640682+00:00,124.5,23,bid,,,12040729
2026-07-08T10:09:51.451301,2026-07-08T10:09:51.456156+00:00,124.5,8,bid,,,12040742
2026-07-08T10:09:51.483800,2026-07-08T10:09:51.488733+00:00,124.4,8,ask,,,12040745
2026-07-08T10:09:51.779542,2026-07-08T10:09:51.783761+00:00,124.4,8,ask,,,12040752
2026-07-08T10:09:51.928147,2026-07-08T10:09:51.939628+00:00,124.4,184,ask,,,12040757
2026-07-08T10:09:51.928147,2026-07-08T10:09:51.939628+00:00,124.3,8,ask,,,12040758
2026-07-08T10:09:53.068407,2026-07-08T10:09:53.077843+00:00,124.3,20,bid,,,12040776
2026-07-08T10:09:53.181943,2026-07-08T10:09:53.186407+00:00,124.2,15,ask,,,12040785
2026-07-08T10:09:53.215510,2026-07-08T10:09:53.227113+00:00,124.3,25,bid,,,12040787
2026-07-08T10:09:53.815577,2026-07-08T10:09:53.823277+00:00,124.2,200,ask,,,12040795
2026-07-08T10:09:54.563815,2026-07-08T10:09:54.575081+00:00,124.1,8,ask,,,12040809
2026-07-08T10:09:54.563815,2026-07-08T10:09:54.575081+00:00,124.0,200,ask,,,12040810
2026-07-08T10:09:54.568132,2026-07-08T10:09:54.575081+00:00,123.9,417,bid,,,12040811
2026-07-08T10:09:55.024378,2026-07-08T10:09:55.033855+00:00,124.2,8,ask,,,12040819
2026-07-08T10:09:57.445333,2026-07-08T10:09:57.458562+00:00,124.1,200,ask,,,12040848
2026-07-08T10:09:57.565598,2026-07-08T10:09:57.575588+00:00,124.2,500,bid,,,12040851
2026-07-08T10:09:58.159644,2026-07-08T10:09:58.201111+00:00,124.2,125,bid,,,12040863
2026-07-08T10:09:58.196123,2026-07-08T10:09:58.201111+00:00,124.2,11,ask,,,12040866
2026-07-08T10:09:58.349732,2026-07-08T10:09:58.354402+00:00,124.3,8,ask,,,12040868
2026-07-08T10:09:58.660446,2026-07-08T10:09:58.669275+00:00,124.2,200,ask,,,12040875
2026-07-08T10:09:59.872157,2026-07-08T10:09:59.881707+00:00,124.3,200,ask,,,12040899
2026-07-08T10:10:01.124500,2026-07-08T10:10:01.136074+00:00,124.2,500,ask,,,12040915
2026-07-08T10:10:01.124500,2026-07-08T10:10:01.136074+00:00,124.2,125,ask,,,12040916
2026-07-08T10:10:02.305615,2026-07-08T10:10:02.312853+00:00,124.4,8,bid,,,12040941
2026-07-08T10:10:02.426197,2026-07-08T10:10:02.436680+00:00,124.4,192,bid,,,12040946
2026-07-08T10:10:02.476657,2026-07-08T10:10:02.485328+00:00,124.4,308,ask,,,12040948
2026-07-08T10:10:02.628635,2026-07-08T10:10:02.649202+00:00,124.4,8,bid,,,12040951
2026-07-08T10:10:03.012046,2026-07-08T10:10:03.021985+00:00,124.4,309,bid,,,12040955
2026-07-08T10:10:03.012046,2026-07-08T10:10:03.021985+00:00,124.4,8,bid,,,12040956
2026-07-08T10:10:03.513272,2026-07-08T10:10:03.522270+00:00,124.5,8,ask,,,12040958
2026-07-08T10:10:03.513272,2026-07-08T10:10:03.522270+00:00,124.4,183,ask,,,12040959
2026-07-08T10:10:03.608363,2026-07-08T10:10:03.618187+00:00,124.4,9,bid,,,12040960
2026-07-08T10:10:07.872187,2026-07-08T10:10:07.881572+00:00,124.5,200,bid,,,12041015
2026-07-08T10:10:07.872187,2026-07-08T10:10:07.881572+00:00,124.5,300,bid,,,12041016
2026-07-08T10:10:08.348720,2026-07-08T10:10:08.359153+00:00,124.5,17,bid,,,12041022
2026-07-08T10:10:08.463035,2026-07-08T10:10:08.470345+00:00,124.5,308,bid,,,12041025
2026-07-08T10:10:08.463035,2026-07-08T10:10:08.475602+00:00,124.5,192,bid,,,12041026
2026-07-08T10:10:09.042757,2026-07-08T10:10:09.052885+00:00,124.5,8,bid,,,12041034
2026-07-08T10:10:09.042757,2026-07-08T10:10:09.052885+00:00,124.6,8,bid,,,12041035
2026-07-08T10:10:09.574427,2026-07-08T10:10:09.585320+00:00,124.7,200,ask,,,12041045
2026-07-08T10:10:10.438025,2026-07-08T10:10:10.443072+00:00,124.7,11,bid,,,12041057
2026-07-08T10:10:11.699479,2026-07-08T10:10:11.703472+00:00,124.6,12,bid,,,12041081
2026-07-08T10:10:12.112572,2026-07-08T10:10:12.165299+00:00,124.5,20,ask,,,12041082
2026-07-08T10:10:12.160434,2026-07-08T10:10:12.165299+00:00,124.6,11,bid,,,12041084
2026-07-08T10:10:13.199479,2026-07-08T10:10:13.209641+00:00,124.6,200,bid,,,12041101
2026-07-08T10:10:14.321075,2026-07-08T10:10:14.325266+00:00,124.6,11,ask,,,12041131
2026-07-08T10:10:16.959713,2026-07-08T10:10:16.971200+00:00,124.8,8,bid,,,12041169
2026-07-08T10:10:18.057045,2026-07-08T10:10:18.058657+00:00,124.8,200,ask,,,12041185
2026-07-08T10:10:18.235821,2026-07-08T10:10:18.239923+00:00,124.8,8,ask,,,12041188
2026-07-08T10:10:20.596368,2026-07-08T10:10:20.603165+00:00,124.7,200,bid,,,12041216
2026-07-08T10:10:21.472228,2026-07-08T10:10:21.479275+00:00,124.8,20,bid,,,12041226
2026-07-08T10:10:22.420805,2026-07-08T10:10:22.424913+00:00,124.7,4,ask,,,12041233
2026-07-08T10:10:22.893955,2026-07-08T10:10:22.901933+00:00,124.7,200,ask,,,12041242
2026-07-08T10:10:23.653908,2026-07-08T10:10:23.657927+00:00,124.8,11,ask,,,12041249
2026-07-08T10:10:24.116005,2026-07-08T10:10:24.125091+00:00,124.8,200,ask,,,12041260
2026-07-08T10:10:25.334384,2026-07-08T10:10:25.343643+00:00,124.8,200,ask,,,12041279
2026-07-08T10:10:26.543997,2026-07-08T10:10:26.555565+00:00,124.9,200,ask,,,12041291
2026-07-08T10:10:27.501121,2026-07-08T10:10:27.509362+00:00,124.9,8,ask,,,12041310
2026-07-08T10:10:27.989758,2026-07-08T10:10:27.993624+00:00,124.7,12,ask,,,12041323
2026-07-08T10:10:28.980856,2026-07-08T10:10:28.984724+00:00,124.8,11,ask,,,12041342
2026-07-08T10:10:29.438853,2026-07-08T10:10:29.443154+00:00,124.8,3,ask,,,12041350
2026-07-08T10:10:35.362814,2026-07-08T10:10:35.371795+00:00,125.0,200,bid,,,12041442
2026-07-08T10:10:35.443105,2026-07-08T10:10:35.451010+00:00,125.0,35,ask,,,12041447
2026-07-08T10:10:35.535259,2026-07-08T10:10:35.544967+00:00,125.0,35,ask,,,12041451
2026-07-08T10:10:35.625355,2026-07-08T10:10:35.633592+00:00,125.0,30,ask,,,12041453
2026-07-08T10:10:36.234621,2026-07-08T10:10:36.243662+00:00,125.0,200,ask,,,12041461
2026-07-08T10:10:36.676490,2026-07-08T10:10:36.687574+00:00,125.0,8,ask,,,12041470
2026-07-08T10:10:36.676490,2026-07-08T10:10:36.687574+00:00,124.8,500,ask,,,12041471
2026-07-08T10:10:36.676490,2026-07-08T10:10:36.687574+00:00,124.7,117,ask,,,12041472
2026-07-08T10:10:37.446825,2026-07-08T10:10:37.456353+00:00,125.0,8,ask,,,12041490
2026-07-08T10:10:39.898561,2026-07-08T10:10:39.905194+00:00,124.9,200,ask,,,12041527
2026-07-08T10:10:40.688172,2026-07-08T10:10:40.697733+00:00,124.9,8,ask,,,12041535
2026-07-08T10:10:41.020601,2026-07-08T10:10:41.031168+00:00,124.9,8,ask,,,12041545
2026-07-08T10:10:41.354901,2026-07-08T10:10:41.358561+00:00,124.9,8,ask,,,12041558
2026-07-08T10:10:41.604890,2026-07-08T10:10:41.612011+00:00,124.9,8,ask,,,12041562
2026-07-08T10:10:41.918832,2026-07-08T10:10:41.928568+00:00,125.0,200,bid,,,12041566
2026-07-08T10:10:41.918832,2026-07-08T10:10:41.928568+00:00,125.0,8,bid,,,12041567
2026-07-08T10:10:41.936003,2026-07-08T10:10:41.944168+00:00,125.0,35,ask,,,12041569
2026-07-08T10:10:42.026390,2026-07-08T10:10:42.028391+00:00,125.0,10,ask,,,12041573
2026-07-08T10:10:42.316644,2026-07-08T10:10:42.327672+00:00,125.1,8,bid,,,12041577
2026-07-08T10:10:43.439621,2026-07-08T10:10:43.441718+00:00,125.1,25,ask,,,12041598
2026-07-08T10:10:44.741312,2026-07-08T10:10:44.748494+00:00,125.1,200,bid,,,12041622
2026-07-08T10:10:47.177810,2026-07-08T10:10:47.185167+00:00,125.0,500,ask,,,12041658
2026-07-08T10:10:47.219333,2026-07-08T10:10:47.230968+00:00,125.0,125,bid,,,12041659
2026-07-08T10:10:47.859874,2026-07-08T10:10:47.870043+00:00,125.1,200,bid,,,12041672
2026-07-08T10:10:48.387618,2026-07-08T10:10:48.398960+00:00,125.3,8,ask,,,12041685
2026-07-08T10:10:49.069596,2026-07-08T10:10:49.079624+00:00,125.2,500,bid,,,12041695
2026-07-08T10:10:49.600160,2026-07-08T10:10:49.610211+00:00,125.1,20,ask,,,12041709
2026-07-08T10:10:49.661164,2026-07-08T10:10:49.669734+00:00,125.2,125,bid,,,12041712
2026-07-08T10:10:49.803237,2026-07-08T10:10:49.814478+00:00,125.3,200,bid,,,12041715
2026-07-08T10:10:50.816702,2026-07-08T10:10:50.825813+00:00,125.3,200,ask,,,12041728
2026-07-08T10:10:51.118349,2026-07-08T10:10:51.127386+00:00,125.2,8,ask,,,12041733
2026-07-08T10:10:51.118349,2026-07-08T10:10:51.127386+00:00,125.1,200,ask,,,12041734
2026-07-08T10:10:51.139577,2026-07-08T10:10:51.143999+00:00,125.1,3,bid,,,12041736
2026-07-08T10:10:51.169613,2026-07-08T10:10:51.177814+00:00,125.1,35,bid,,,12041737
2026-07-08T10:10:51.258617,2026-07-08T10:10:51.270108+00:00,125.1,35,bid,,,12041742
2026-07-08T10:10:51.347337,2026-07-08T10:10:51.359189+00:00,125.1,35,bid,,,12041745
2026-07-08T10:10:51.436844,2026-07-08T10:10:51.448890+00:00,125.1,35,bid,,,12041747
2026-07-08T10:10:51.478926,2026-07-08T10:10:51.490839+00:00,125.1,274,bid,,,12041750
2026-07-08T10:10:51.643098,2026-07-08T10:10:51.647675+00:00,125.1,3,ask,,,12041756
2026-07-08T10:10:51.779219,2026-07-08T10:10:51.784945+00:00,125.2,8,ask,,,12041758
2026-07-08T10:10:53.392843,2026-07-08T10:10:53.404051+00:00,125.1,35,ask,,,12041785
2026-07-08T10:10:53.484088,2026-07-08T10:10:53.495145+00:00,125.1,35,ask,,,12041789
2026-07-08T10:10:53.561847,2026-07-08T10:10:53.573810+00:00,125.1,5,ask,,,12041793
2026-07-08T10:10:53.572071,2026-07-08T10:10:53.579097+00:00,125.1,30,ask,,,12041795
2026-07-08T10:10:53.737401,2026-07-08T10:10:53.748255+00:00,125.3,200,bid,,,12041796
2026-07-08T10:10:53.743717,2026-07-08T10:10:53.753256+00:00,125.3,8,ask,,,12041797
2026-07-08T10:10:53.830049,2026-07-08T10:10:53.837182+00:00,125.3,32,ask,,,12041800
2026-07-08T10:10:55.314716,2026-07-08T10:10:55.326474+00:00,125.2,20,ask,,,12041815
2026-07-08T10:10:56.370377,2026-07-08T10:10:56.379594+00:00,125.2,200,ask,,,12041829
2026-07-08T10:10:58.100454,2026-07-08T10:10:58.109550+00:00,125.2,200,bid,,,12041856
2026-07-08T10:10:58.716919,2026-07-08T10:10:58.724384+00:00,125.2,20,bid,,,12041873
2026-07-08T10:10:59.309668,2026-07-08T10:10:59.318147+00:00,125.2,200,bid,,,12041879
2026-07-08T10:11:00.301768,2026-07-08T10:11:00.313072+00:00,125.2,8,bid,,,12041896
2026-07-08T10:11:01.749657,2026-07-08T10:11:01.758575+00:00,125.3,200,ask,,,12041911
2026-07-08T10:11:02.972534,2026-07-08T10:11:03.022559+00:00,125.3,35,bid,,,12041939
2026-07-08T10:11:03.018283,2026-07-08T10:11:03.022559+00:00,125.3,3,bid,,,12041943
2026-07-08T10:11:03.065481,2026-07-08T10:11:03.077254+00:00,125.3,35,bid,,,12041948
2026-07-08T10:11:03.155539,2026-07-08T10:11:03.145233+00:00,125.3,30,bid,,,12041951
2026-07-08T10:11:04.175295,2026-07-08T10:11:04.184911+00:00,125.3,200,bid,,,12041958
2026-07-08T10:11:05.388081,2026-07-08T10:11:05.398535+00:00,125.3,200,bid,,,12041978
2026-07-08T10:11:05.546600,2026-07-08T10:11:05.558695+00:00,125.3,500,bid,,,12041981
2026-07-08T10:11:06.034515,2026-07-08T10:11:06.041759+00:00,125.3,125,ask,,,12041992
2026-07-08T10:11:06.125874,2026-07-08T10:11:06.129764+00:00,125.1,8,bid,,,12042000
2026-07-08T10:11:06.454026,2026-07-08T10:11:06.458039+00:00,125.1,8,bid,,,12042004
2026-07-08T10:11:06.859480,2026-07-08T10:11:06.866208+00:00,125.2,200,ask,,,12042014
2026-07-08T10:11:06.859480,2026-07-08T10:11:06.877265+00:00,125.1,8,ask,,,12042015
2026-07-08T10:11:06.872662,2026-07-08T10:11:06.877265+00:00,125.1,3,bid,,,12042016
2026-07-08T10:11:06.947183,2026-07-08T10:11:06.955725+00:00,125.1,69,bid,,,12042021
2026-07-08T10:11:07.811722,2026-07-08T10:11:07.818962+00:00,125.1,200,bid,,,12042031
2026-07-08T10:11:08.169783,2026-07-08T10:11:08.177593+00:00,125.2,500,bid,,,12042038
2026-07-08T10:11:08.169783,2026-07-08T10:11:08.193217+00:00,125.2,8,bid,,,12042039
2026-07-08T10:11:08.189506,2026-07-08T10:11:08.193217+00:00,125.3,14,ask,,,12042042
2026-07-08T10:11:08.445343,2026-07-08T10:11:08.458559+00:00,125.3,103,ask,,,12042047
2026-07-08T10:11:08.445343,2026-07-08T10:11:08.458559+00:00,125.2,8,ask,,,12042048
2026-07-08T10:11:09.020584,2026-07-08T10:11:09.029676+00:00,125.0,8,bid,,,12042070
2026-07-08T10:11:09.020584,2026-07-08T10:11:09.029676+00:00,125.2,192,bid,,,12042071
2026-07-08T10:11:09.482360,2026-07-08T10:11:09.493255+00:00,125.0,8,bid,,,12042080
2026-07-08T10:11:09.574017,2026-07-08T10:11:09.585713+00:00,125.0,20,ask,,,12042081
2026-07-08T10:11:10.268490,2026-07-08T10:11:10.276798+00:00,125.1,200,bid,,,12042096
2026-07-08T10:11:11.485075,2026-07-08T10:11:11.495374+00:00,125.2,200,bid,,,12042118
2026-07-08T10:11:12.262477,2026-07-08T10:11:12.266792+00:00,125.0,14,bid,,,12042133
2026-07-08T10:11:12.714944,2026-07-08T10:11:12.725350+00:00,125.0,200,bid,,,12042141
2026-07-08T10:11:13.947265,2026-07-08T10:11:13.955152+00:00,125.2,200,ask,,,12042155
2026-07-08T10:11:14.515395,2026-07-08T10:11:14.525918+00:00,125.2,425,ask,,,12042171
2026-07-08T10:11:15.158461,2026-07-08T10:11:15.169075+00:00,124.9,200,ask,,,12042184
2026-07-08T10:11:18.692208,2026-07-08T10:11:18.699897+00:00,125.0,200,bid,,,12042234
2026-07-08T10:11:20.027375,2026-07-08T10:11:20.038592+00:00,125.1,200,ask,,,12042259
2026-07-08T10:11:20.670705,2026-07-08T10:11:20.682365+00:00,125.1,20,ask,,,12042272
2026-07-08T10:11:21.238408,2026-07-08T10:11:21.245178+00:00,125.2,200,bid,,,12042280
2026-07-08T10:11:21.338580,2026-07-08T10:11:21.349634+00:00,125.0,8,ask,,,12042281
2026-07-08T10:11:22.448779,2026-07-08T10:11:22.458676+00:00,125.2,200,bid,,,12042292
2026-07-08T10:11:23.280908,2026-07-08T10:11:23.295622+00:00,125.2,20,bid,,,12042311
2026-07-08T10:11:23.291150,2026-07-08T10:11:23.295622+00:00,125.0,11,ask,,,12042314
2026-07-08T10:11:24.967221,2026-07-08T10:11:24.972464+00:00,125.0,3,ask,,,12042335
2026-07-08T10:11:26.632979,2026-07-08T10:11:26.641823+00:00,125.1,35,ask,,,12042357
2026-07-08T10:11:26.722716,2026-07-08T10:11:26.729527+00:00,125.1,35,ask,,,12042364
2026-07-08T10:11:26.811438,2026-07-08T10:11:26.820230+00:00,125.1,35,ask,,,12042366
2026-07-08T10:11:26.901593,2026-07-08T10:11:26.913088+00:00,125.1,35,ask,,,12042368
2026-07-08T10:11:26.993957,2026-07-08T10:11:27.005398+00:00,125.1,15,ask,,,12042371
2026-07-08T10:11:27.726702,2026-07-08T10:11:27.737474+00:00,125.1,8,ask,,,12042387
2026-07-08T10:11:28.316198,2026-07-08T10:11:28.320189+00:00,125.1,3,bid,,,12042401
2026-07-08T10:11:28.373555,2026-07-08T10:11:28.385412+00:00,125.1,5,bid,,,12042402
2026-07-08T10:11:28.522243,2026-07-08T10:11:28.533065+00:00,125.1,200,bid,,,12042408
2026-07-08T10:11:28.703526,2026-07-08T10:11:28.717646+00:00,125.1,8,bid,,,12042410
2026-07-08T10:11:29.202551,2026-07-08T10:11:29.211359+00:00,125.2,8,bid,,,12042418
2026-07-08T10:11:29.736431,2026-07-08T10:11:29.745082+00:00,125.2,200,ask,,,12042428
2026-07-08T10:11:30.515441,2026-07-08T10:11:30.525042+00:00,125.2,8,ask,,,12042447
2026-07-08T10:11:30.736311,2026-07-08T10:11:30.748334+00:00,125.0,20,bid,,,12042450
2026-07-08T10:11:31.308386,2026-07-08T10:11:31.312661+00:00,124.8,3,ask,,,12042463
2026-07-08T10:11:32.878861,2026-07-08T10:11:32.889834+00:00,124.7,19,ask,,,12042492
2026-07-08T10:11:33.762728,2026-07-08T10:11:33.774746+00:00,124.7,25,ask,,,12042507
2026-07-08T10:11:34.584296,2026-07-08T10:11:34.591601+00:00,124.6,200,ask,,,12042513
2026-07-08T10:11:35.792850,2026-07-08T10:11:35.801239+00:00,124.6,200,ask,,,12042532
2026-07-08T10:11:37.124007,2026-07-08T10:11:37.135964+00:00,124.6,20,ask,,,12042555
2026-07-08T10:11:38.213191,2026-07-08T10:11:38.221097+00:00,124.6,200,ask,,,12042576
2026-07-08T10:11:38.879982,2026-07-08T10:11:38.892081+00:00,124.6,25,ask,,,12042587
2026-07-08T10:11:39.423422,2026-07-08T10:11:39.431163+00:00,124.6,200,ask,,,12042596
2026-07-08T10:11:43.620538,2026-07-08T10:11:43.627774+00:00,124.6,200,ask,,,12042681
2026-07-08T10:11:43.620538,2026-07-08T10:11:43.632976+00:00,124.6,425,ask,,,12042682
2026-07-08T10:11:43.992779,2026-07-08T10:11:44.004768+00:00,124.6,25,ask,,,12042690
2026-07-08T10:11:44.258434,2026-07-08T10:11:44.269851+00:00,124.6,200,ask,,,12042699
2026-07-08T10:11:44.491832,2026-07-08T10:11:44.496079+00:00,124.7,3,ask,,,12042706
2026-07-08T10:11:45.609341,2026-07-08T10:11:45.621434+00:00,124.6,20,ask,,,12042721
2026-07-08T10:11:47.102216,2026-07-08T10:11:47.111372+00:00,124.8,20,bid,,,12042747
2026-07-08T10:11:49.110581,2026-07-08T10:11:49.118376+00:00,124.7,25,ask,,,12042784
2026-07-08T10:11:50.939198,2026-07-08T10:11:50.950856+00:00,124.8,20,ask,,,12042808
2026-07-08T10:11:51.537560,2026-07-08T10:11:51.548073+00:00,124.8,200,bid,,,12042822
2026-07-08T10:11:52.775566,2026-07-08T10:11:52.785375+00:00,124.8,200,bid,,,12042842
2026-07-08T10:11:56.433935,2026-07-08T10:11:56.445502+00:00,124.6,200,ask,,,12042902
2026-07-08T10:11:57.643161,2026-07-08T10:11:57.658947+00:00,124.7,200,ask,,,12042918
2026-07-08T10:11:58.120573,2026-07-08T10:11:58.124879+00:00,124.7,3,bid,,,12042926
2026-07-08T10:11:59.135206,2026-07-08T10:11:59.146381+00:00,124.6,20,ask,,,12042939
2026-07-08T10:11:59.229825,2026-07-08T10:11:59.241361+00:00,124.6,3,ask,,,12042943
2026-07-08T10:12:00.066842,2026-07-08T10:12:00.077752+00:00,124.8,200,bid,,,12042954
2026-07-08T10:12:01.274452,2026-07-08T10:12:01.285962+00:00,124.7,200,bid,,,12042972
2026-07-08T10:12:02.807837,2026-07-08T10:12:02.819154+00:00,124.6,20,ask,,,12042995
2026-07-08T10:12:05.777584,2026-07-08T10:12:05.789846+00:00,124.6,20,ask,,,12043044
2026-07-08T10:12:07.341145,2026-07-08T10:12:07.348483+00:00,124.6,200,ask,,,12043063
2026-07-08T10:12:11.182718,2026-07-08T10:12:11.189622+00:00,124.7,200,bid,,,12043126
2026-07-08T10:12:12.175123,2026-07-08T10:12:12.184468+00:00,124.7,200,ask,,,12043144
2026-07-08T10:12:12.496431,2026-07-08T10:12:12.507347+00:00,124.7,8,ask,,,12043151
2026-07-08T10:12:21.641473,2026-07-08T10:12:21.658617+00:00,124.8,20,bid,,,12043289
2026-07-08T10:12:24.511276,2026-07-08T10:12:24.518030+00:00,124.9,20,bid,,,12043330
2026-07-08T10:12:25.625316,2026-07-08T10:12:25.631780+00:00,124.8,200,ask,,,12043342
2026-07-08T10:12:27.930542,2026-07-08T10:12:27.941774+00:00,124.8,200,ask,,,12043379
2026-07-08T10:12:29.140137,2026-07-08T10:12:29.148980+00:00,124.8,200,ask,,,12043393
2026-07-08T10:12:33.983935,2026-07-08T10:12:33.991371+00:00,125.0,200,bid,,,12043465
2026-07-08T10:12:36.110337,2026-07-08T10:12:36.118201+00:00,125.0,200,bid,,,12043498
2026-07-08T10:12:36.147930,2026-07-08T10:12:36.164032+00:00,125.0,20,ask,,,12043499
2026-07-08T10:12:37.424029,2026-07-08T10:12:37.433451+00:00,125.0,200,ask,,,12043523
2026-07-08T10:12:38.674319,2026-07-08T10:12:38.686289+00:00,125.0,20,bid,,,12043539
2026-07-08T10:12:38.836307,2026-07-08T10:12:38.846806+00:00,124.8,200,ask,,,12043540
2026-07-08T10:12:40.106366,2026-07-08T10:12:40.118178+00:00,124.7,20,ask,,,12043562
2026-07-08T10:12:42.676333,2026-07-08T10:12:42.683597+00:00,124.8,200,bid,,,12043600
2026-07-08T10:12:43.988786,2026-07-08T10:12:43.995835+00:00,124.8,500,ask,,,12043618
2026-07-08T10:12:43.988786,2026-07-08T10:12:44.001131+00:00,124.7,125,ask,,,12043619
2026-07-08T10:12:44.903257,2026-07-08T10:12:44.910571+00:00,124.8,200,ask,,,12043638
2026-07-08T10:12:45.299621,2026-07-08T10:12:45.311100+00:00,125.0,8,ask,,,12043644
2026-07-08T10:12:47.918628,2026-07-08T10:12:47.926396+00:00,124.9,200,bid,,,12043691
2026-07-08T10:12:48.537304,2026-07-08T10:12:48.547852+00:00,124.9,200,ask,,,12043698
2026-07-08T10:12:49.340995,2026-07-08T10:12:49.352589+00:00,125.0,5,bid,,,12043712
2026-07-08T10:12:49.746974,2026-07-08T10:12:49.754423+00:00,125.0,200,bid,,,12043717
2026-07-08T10:12:51.852650,2026-07-08T10:12:51.858603+00:00,124.8,200,ask,,,12043753
2026-07-08T10:12:52.406770,2026-07-08T10:12:52.418743+00:00,124.8,20,bid,,,12043763
2026-07-08T10:12:54.401752,2026-07-08T10:12:54.413595+00:00,124.8,25,ask,,,12043801
2026-07-08T10:12:54.600736,2026-07-08T10:12:54.611287+00:00,124.9,8,bid,,,12043804
2026-07-08T10:12:54.600736,2026-07-08T10:12:54.611287+00:00,124.9,192,bid,,,12043805
2026-07-08T10:12:57.126935,2026-07-08T10:12:57.135442+00:00,124.8,200,ask,,,12043852
2026-07-08T10:12:59.522831,2026-07-08T10:12:59.534839+00:00,124.7,25,ask,,,12043898
2026-07-08T10:12:59.987931,2026-07-08T10:12:59.992259+00:00,124.7,14,ask,,,12043912
2026-07-08T10:13:04.585917,2026-07-08T10:13:04.593196+00:00,124.8,20,bid,,,12043990
2026-07-08T10:13:06.082376,2026-07-08T10:13:06.091287+00:00,124.8,20,bid,,,12044015
2026-07-08T10:13:08.937848,2026-07-08T10:13:08.942843+00:00,124.7,11,bid,,,12044072
2026-07-08T10:13:09.149309,2026-07-08T10:13:09.163893+00:00,124.7,200,bid,,,12044074
2026-07-08T10:13:09.648043,2026-07-08T10:13:09.658671+00:00,124.7,5,bid,,,12044084
2026-07-08T10:13:10.232003,2026-07-08T10:13:10.243648+00:00,124.7,8,bid,,,12044087
2026-07-08T10:13:10.363941,2026-07-08T10:13:10.373996+00:00,124.8,200,ask,,,12044089
2026-07-08T10:13:11.414672,2026-07-08T10:13:11.422272+00:00,124.8,417,ask,,,12044104
2026-07-08T10:13:11.543286,2026-07-08T10:13:11.562371+00:00,124.6,8,ask,,,12044108
2026-07-08T10:13:11.558408,2026-07-08T10:13:11.562371+00:00,124.6,3,bid,,,12044110
2026-07-08T10:13:11.707604,2026-07-08T10:13:11.714976+00:00,124.5,20,ask,,,12044116
2026-07-08T10:13:12.780818,2026-07-08T10:13:12.787917+00:00,124.6,200,bid,,,12044131
2026-07-08T10:13:13.993852,2026-07-08T10:13:14.005163+00:00,124.6,200,bid,,,12044147
2026-07-08T10:13:19.411749,2026-07-08T10:13:19.419373+00:00,124.6,500,bid,,,12044242
2026-07-08T10:13:19.909902,2026-07-08T10:13:19.920613+00:00,124.6,125,ask,,,12044244
2026-07-08T10:13:19.909902,2026-07-08T10:13:19.920613+00:00,124.5,8,ask,,,12044245
2026-07-08T10:13:20.723607,2026-07-08T10:13:20.730666+00:00,124.4,200,ask,,,12044255
2026-07-08T10:13:22.481800,2026-07-08T10:13:22.492691+00:00,124.4,200,ask,,,12044289
2026-07-08T10:13:28.423815,2026-07-08T10:13:28.427889+00:00,124.5,14,bid,,,12044370
2026-07-08T10:13:28.468070,2026-07-08T10:13:28.476988+00:00,124.5,136,bid,,,12044371
2026-07-08T10:13:28.640144,2026-07-08T10:13:28.647396+00:00,124.5,8,bid,,,12044379
2026-07-08T10:13:28.640144,2026-07-08T10:13:28.652618+00:00,124.5,200,bid,,,12044380
2026-07-08T10:13:28.785307,2026-07-08T10:13:28.789560+00:00,124.6,8,ask,,,12044384
2026-07-08T10:13:29.161486,2026-07-08T10:13:29.170733+00:00,124.8,20,bid,,,12044389
2026-07-08T10:13:29.728063,2026-07-08T10:13:29.739720+00:00,124.8,5,bid,,,12044396
2026-07-08T10:13:32.570083,2026-07-08T10:13:32.577276+00:00,124.5,200,bid,,,12044436
2026-07-08T10:13:34.600722,2026-07-08T10:13:34.609057+00:00,124.6,200,bid,,,12044463
2026-07-08T10:13:35.813774,2026-07-08T10:13:35.823558+00:00,124.5,200,bid,,,12044479
2026-07-08T10:13:36.246421,2026-07-08T10:13:36.258614+00:00,124.4,500,ask,,,12044494
2026-07-08T10:13:36.506879,2026-07-08T10:13:36.515489+00:00,124.4,8,ask,,,12044497
2026-07-08T10:13:37.090880,2026-07-08T10:13:37.102750+00:00,124.3,20,ask,,,12044504
2026-07-08T10:13:37.964848,2026-07-08T10:13:37.968696+00:00,124.3,6,ask,,,12044517
2026-07-08T10:13:38.021309,2026-07-08T10:13:38.032889+00:00,124.3,36,ask,,,12044521
2026-07-08T10:13:38.682398,2026-07-08T10:13:38.692222+00:00,124.3,200,ask,,,12044536
2026-07-08T10:13:39.451658,2026-07-08T10:13:39.459234+00:00,124.3,200,bid,,,12044546
2026-07-08T10:13:40.675783,2026-07-08T10:13:40.687340+00:00,124.3,35,ask,,,12044562
2026-07-08T10:13:40.765925,2026-07-08T10:13:40.776895+00:00,124.3,23,ask,,,12044566
2026-07-08T10:13:41.706221,2026-07-08T10:13:41.718241+00:00,124.3,142,ask,,,12044576
2026-07-08T10:13:43.130742,2026-07-08T10:13:43.142346+00:00,124.1,200,bid,,,12044603
2026-07-08T10:13:44.290604,2026-07-08T10:13:44.298019+00:00,124.2,200,ask,,,12044623
2026-07-08T10:13:44.443242,2026-07-08T10:13:44.458563+00:00,124.1,8,ask,,,12044629
2026-07-08T10:13:50.995163,2026-07-08T10:13:51.006257+00:00,124.0,200,ask,,,12044718
2026-07-08T10:13:52.308631,2026-07-08T10:13:52.316545+00:00,123.9,200,bid,,,12044728
2026-07-08T10:13:52.308631,2026-07-08T10:13:52.321806+00:00,124.0,8,bid,,,12044729
2026-07-08T10:13:52.780122,2026-07-08T10:13:52.789294+00:00,124.1,200,ask,,,12044732
2026-07-08T10:13:53.624956,2026-07-08T10:13:53.632453+00:00,124.0,8,ask,,,12044745
2026-07-08T10:13:54.808020,2026-07-08T10:13:54.820081+00:00,124.0,5,bid,,,12044760
2026-07-08T10:13:54.934776,2026-07-08T10:13:54.942336+00:00,123.9,200,ask,,,12044761
2026-07-08T10:13:56.966218,2026-07-08T10:13:56.977736+00:00,123.7,35,ask,,,12044798
2026-07-08T10:13:57.058394,2026-07-08T10:13:57.069918+00:00,123.7,7,ask,,,12044801
2026-07-08T10:13:57.625443,2026-07-08T10:13:57.635949+00:00,123.7,200,ask,,,12044814
2026-07-08T10:14:01.510012,2026-07-08T10:14:01.520481+00:00,123.5,500,ask,,,12044875
2026-07-08T10:14:01.679188,2026-07-08T10:14:01.690111+00:00,123.5,125,bid,,,12044879
2026-07-08T10:14:02.997599,2026-07-08T10:14:03.009684+00:00,123.6,20,bid,,,12044908
2026-07-08T10:14:03.684605,2026-07-08T10:14:03.688668+00:00,123.6,3,ask,,,12044921
2026-07-08T10:14:04.872694,2026-07-08T10:14:04.884635+00:00,123.6,25,ask,,,12044939
2026-07-08T10:14:05.448251,2026-07-08T10:14:05.458756+00:00,123.7,200,ask,,,12044948
2026-07-08T10:14:10.723597,2026-07-08T10:14:10.727795+00:00,123.7,3,bid,,,12045043
2026-07-08T10:14:11.366380,2026-07-08T10:14:11.374674+00:00,123.6,200,bid,,,12045055
2026-07-08T10:14:11.972158,2026-07-08T10:14:11.980715+00:00,123.7,500,bid,,,12045065
2026-07-08T10:14:12.011292,2026-07-08T10:14:12.018337+00:00,123.8,8,bid,,,12045066
2026-07-08T10:14:12.173316,2026-07-08T10:14:12.179940+00:00,123.8,200,ask,,,12045070
2026-07-08T10:14:13.393696,2026-07-08T10:14:13.405264+00:00,123.8,200,ask,,,12045094
2026-07-08T10:14:13.700542,2026-07-08T10:14:13.712713+00:00,123.8,20,ask,,,12045096
2026-07-08T10:14:14.606231,2026-07-08T10:14:14.615944+00:00,123.8,200,ask,,,12045111
2026-07-08T10:14:18.234843,2026-07-08T10:14:18.243372+00:00,123.7,200,ask,,,12045164
2026-07-08T10:14:18.564161,2026-07-08T10:14:18.573010+00:00,123.6,500,ask,,,12045170
2026-07-08T10:14:18.564161,2026-07-08T10:14:18.578286+00:00,123.6,8,ask,,,12045171
2026-07-08T10:14:18.621685,2026-07-08T10:14:18.628913+00:00,123.6,117,bid,,,12045172
2026-07-08T10:14:19.445974,2026-07-08T10:14:19.457393+00:00,123.8,8,ask,,,12045187
2026-07-08T10:14:19.998249,2026-07-08T10:14:20.009759+00:00,123.8,5,bid,,,12045201
2026-07-08T10:14:20.975951,2026-07-08T10:14:20.987938+00:00,123.7,20,ask,,,12045222
2026-07-08T10:14:23.279016,2026-07-08T10:14:23.285915+00:00,123.8,20,bid,,,12045254
2026-07-08T10:14:25.058633,2026-07-08T10:14:25.070461+00:00,123.7,25,ask,,,12045286
2026-07-08T10:14:25.122715,2026-07-08T10:14:25.130179+00:00,123.7,175,ask,,,12045288
2026-07-08T10:14:25.122715,2026-07-08T10:14:25.135617+00:00,123.6,450,ask,,,12045289
2026-07-08T10:14:27.753013,2026-07-08T10:14:27.768397+00:00,123.6,200,ask,,,12045321
2026-07-08T10:14:27.753013,2026-07-08T10:14:27.768397+00:00,123.6,425,ask,,,12045322
2026-07-08T10:14:27.923382,2026-07-08T10:14:27.934319+00:00,123.6,75,ask,,,12045327
2026-07-08T10:14:28.312557,2026-07-08T10:14:28.322687+00:00,123.6,125,bid,,,12045335
2026-07-08T10:14:29.135062,2026-07-08T10:14:29.145560+00:00,123.8,8,ask,,,12045341
2026-07-08T10:14:29.135062,2026-07-08T10:14:29.145560+00:00,123.8,192,ask,,,12045342
2026-07-08T10:14:30.346410,2026-07-08T10:14:30.352955+00:00,123.8,200,ask,,,12045355
2026-07-08T10:14:36.183890,2026-07-08T10:14:36.194699+00:00,123.7,200,bid,,,12045438
2026-07-08T10:14:36.405202,2026-07-08T10:14:36.414807+00:00,123.7,200,ask,,,12045443
2026-07-08T10:14:38.237321,2026-07-08T10:14:38.246989+00:00,123.7,200,ask,,,12045464
2026-07-08T10:14:38.825810,2026-07-08T10:14:38.833911+00:00,123.7,200,bid,,,12045476
2026-07-08T10:14:39.545477,2026-07-08T10:14:39.558589+00:00,123.7,8,bid,,,12045495
2026-07-08T10:14:39.666011,2026-07-08T10:14:39.677983+00:00,123.8,20,ask,,,12045496
2026-07-08T10:14:43.682450,2026-07-08T10:14:43.693818+00:00,123.9,200,ask,,,12045550
2026-07-08T10:14:44.893324,2026-07-08T10:14:44.899951+00:00,123.9,200,ask,,,12045567
2026-07-08T10:14:46.106028,2026-07-08T10:14:46.116177+00:00,123.9,200,ask,,,12045593
2026-07-08T10:14:46.165411,2026-07-08T10:14:46.169682+00:00,123.9,14,bid,,,12045597
2026-07-08T10:14:46.197597,2026-07-08T10:14:46.209191+00:00,123.9,86,bid,,,12045599
2026-07-08T10:14:46.286983,2026-07-08T10:14:46.298686+00:00,123.9,8,bid,,,12045601
2026-07-08T10:14:49.743923,2026-07-08T10:14:49.752276+00:00,123.9,200,ask,,,12045651
2026-07-08T10:14:50.065598,2026-07-08T10:14:50.076001+00:00,123.8,500,ask,,,12045656
2026-07-08T10:14:50.065598,2026-07-08T10:14:50.076001+00:00,123.8,8,ask,,,12045657
2026-07-08T10:14:50.143421,2026-07-08T10:14:50.158584+00:00,123.8,117,bid,,,12045658
2026-07-08T10:14:51.957865,2026-07-08T10:14:51.969741+00:00,124.1,500,bid,,,12045691
2026-07-08T10:14:52.320888,2026-07-08T10:14:52.328228+00:00,124.0,20,ask,,,12045698
2026-07-08T10:14:52.550602,2026-07-08T10:14:52.553831+00:00,124.1,125,bid,,,12045702
2026-07-08T10:14:52.687948,2026-07-08T10:14:52.700403+00:00,124.2,200,bid,,,12045706
2026-07-08T10:14:52.711566,2026-07-08T10:14:52.716392+00:00,124.2,11,ask,,,12045708
2026-07-08T10:14:55.326954,2026-07-08T10:14:55.346393+00:00,124.3,11,bid,,,12045755
2026-07-08T10:14:55.334444,2026-07-08T10:14:55.346393+00:00,124.2,8,bid,,,12045756
2026-07-08T10:14:55.354800,2026-07-08T10:14:55.366326+00:00,124.3,83,bid,,,12045757
2026-07-08T10:14:55.787748,2026-07-08T10:14:55.794931+00:00,124.2,200,ask,,,12045764
2026-07-08T10:14:56.646875,2026-07-08T10:14:56.658582+00:00,124.2,500,ask,,,12045789
2026-07-08T10:14:56.801396,2026-07-08T10:14:56.809128+00:00,124.2,125,bid,,,12045791
2026-07-08T10:14:56.997884,2026-07-08T10:14:57.007232+00:00,124.4,8,ask,,,12045796
2026-07-08T10:14:56.997884,2026-07-08T10:14:57.007232+00:00,124.2,192,ask,,,12045797
2026-07-08T10:14:58.208074,2026-07-08T10:14:58.217047+00:00,124.3,8,ask,,,12045816
2026-07-08T10:14:58.208074,2026-07-08T10:14:58.217047+00:00,124.2,192,ask,,,12045817
2026-07-08T10:15:00.254053,2026-07-08T10:15:00.269764+00:00,124.4,8,bid,,,12045868
2026-07-08T10:15:00.265820,2026-07-08T10:15:00.269764+00:00,124.4,8,bid,,,12045870
2026-07-08T10:15:03.239511,2026-07-08T10:15:03.243542+00:00,124.2,4,bid,,,12045901
2026-07-08T10:15:03.564425,2026-07-08T10:15:03.568455+00:00,124.2,8,bid,,,12045905
2026-07-08T10:15:03.888356,2026-07-08T10:15:03.892332+00:00,124.2,3,bid,,,12045910
2026-07-08T10:15:04.516926,2026-07-08T10:15:04.526792+00:00,124.2,200,bid,,,12045921
2026-07-08T10:15:04.524256,2026-07-08T10:15:04.532290+00:00,124.3,8,ask,,,12045922
2026-07-08T10:15:05.517043,2026-07-08T10:15:05.524934+00:00,124.3,200,ask,,,12045935
2026-07-08T10:15:07.939358,2026-07-08T10:15:07.948075+00:00,124.2,200,ask,,,12045992
2026-07-08T10:15:09.742002,2026-07-08T10:15:09.758617+00:00,124.3,20,ask,,,12046032
2026-07-08T10:15:10.425565,2026-07-08T10:15:10.433100+00:00,124.5,2,bid,,,12046039
2026-07-08T10:15:12.394346,2026-07-08T10:15:12.405422+00:00,124.4,200,bid,,,12046077
2026-07-08T10:15:15.482704,2026-07-08T10:15:15.494305+00:00,124.6,2,bid,,,12046122
2026-07-08T10:15:16.332051,2026-07-08T10:15:16.343324+00:00,124.4,200,ask,,,12046134
2026-07-08T10:15:16.419336,2026-07-08T10:15:16.425967+00:00,124.4,200,bid,,,12046136
2026-07-08T10:15:17.356220,2026-07-08T10:15:17.363911+00:00,124.4,20,bid,,,12046146
2026-07-08T10:15:17.594324,2026-07-08T10:15:17.599466+00:00,124.2,11,ask,,,12046154
2026-07-08T10:15:17.631030,2026-07-08T10:15:17.642030+00:00,124.4,200,bid,,,12046156
2026-07-08T10:15:17.646365,2026-07-08T10:15:17.669664+00:00,124.4,8,bid,,,12046157
2026-07-08T10:15:17.664826,2026-07-08T10:15:17.669664+00:00,124.5,26,ask,,,12046160
2026-07-08T10:15:18.981848,2026-07-08T10:15:18.993804+00:00,124.4,8,ask,,,12046187
2026-07-08T10:15:18.981848,2026-07-08T10:15:18.993804+00:00,124.4,12,ask,,,12046188
2026-07-08T10:15:20.542865,2026-07-08T10:15:20.554943+00:00,124.5,2,bid,,,12046224
2026-07-08T10:15:21.270471,2026-07-08T10:15:21.278621+00:00,124.4,200,ask,,,12046240
2026-07-08T10:15:21.506063,2026-07-08T10:15:21.517708+00:00,124.5,20,bid,,,12046241
2026-07-08T10:15:21.677285,2026-07-08T10:15:21.681162+00:00,124.4,3,bid,,,12046250
2026-07-08T10:15:25.602723,2026-07-08T10:15:25.613599+00:00,124.5,2,bid,,,12046316
2026-07-08T10:15:28.788395,2026-07-08T10:15:28.792755+00:00,124.3,3,ask,,,12046358
2026-07-08T10:15:28.796140,2026-07-08T10:15:28.808049+00:00,124.3,39,ask,,,12046360
2026-07-08T10:15:30.768273,2026-07-08T10:15:30.775837+00:00,124.4,200,bid,,,12046391
2026-07-08T10:15:30.809834,2026-07-08T10:15:30.820542+00:00,124.4,8,ask,,,12046393
2026-07-08T10:15:31.066919,2026-07-08T10:15:31.075476+00:00,124.4,8,ask,,,12046398
2026-07-08T10:15:31.401015,2026-07-08T10:15:31.409237+00:00,124.4,8,ask,,,12046401
2026-07-08T10:15:31.732170,2026-07-08T10:15:31.741799+00:00,124.4,8,ask,,,12046408
2026-07-08T10:15:33.425191,2026-07-08T10:15:33.432135+00:00,124.5,8,ask,,,12046435
2026-07-08T10:15:35.148014,2026-07-08T10:15:35.152363+00:00,124.5,3,ask,,,12046457
2026-07-08T10:15:35.201527,2026-07-08T10:15:35.211558+00:00,124.5,98,ask,,,12046459
2026-07-08T10:15:35.246697,2026-07-08T10:15:35.254010+00:00,124.5,8,ask,,,12046461
2026-07-08T10:15:35.667948,2026-07-08T10:15:35.679553+00:00,124.5,16,ask,,,12046470
2026-07-08T10:15:37.831033,2026-07-08T10:15:37.843077+00:00,124.5,20,bid,,,12046504
2026-07-08T10:15:38.621040,2026-07-08T10:15:38.633084+00:00,124.4,200,ask,,,12046520
2026-07-08T10:15:39.399971,2026-07-08T10:15:39.409799+00:00,124.4,200,bid,,,12046532
2026-07-08T10:15:41.824837,2026-07-08T10:15:41.835843+00:00,124.5,200,bid,,,12046568
2026-07-08T10:15:43.035639,2026-07-08T10:15:43.045373+00:00,124.4,200,ask,,,12046589
2026-07-08T10:15:47.874261,2026-07-08T10:15:47.885371+00:00,124.4,200,ask,,,12046674
2026-07-08T10:15:48.286223,2026-07-08T10:15:48.313601+00:00,124.4,425,ask,,,12046675
2026-07-08T10:15:48.309563,2026-07-08T10:15:48.313601+00:00,124.4,3,bid,,,12046677
2026-07-08T10:15:49.152594,2026-07-08T10:15:49.164237+00:00,124.3,200,ask,,,12046688
2026-07-08T10:15:49.152594,2026-07-08T10:15:49.164237+00:00,124.3,8,ask,,,12046689
2026-07-08T10:15:50.286896,2026-07-08T10:15:50.294912+00:00,124.2,200,bid,,,12046704
2026-07-08T10:15:53.089178,2026-07-08T10:15:53.096148+00:00,124.2,200,bid,,,12046741
2026-07-08T10:15:53.089178,2026-07-08T10:15:53.101421+00:00,124.3,8,bid,,,12046742
2026-07-08T10:15:53.918074,2026-07-08T10:15:53.929273+00:00,124.3,200,ask,,,12046757
2026-07-08T10:15:54.403035,2026-07-08T10:15:54.423996+00:00,124.2,8,ask,,,12046768
2026-07-08T10:15:54.420007,2026-07-08T10:15:54.423996+00:00,124.2,14,bid,,,12046770
2026-07-08T10:15:54.441419,2026-07-08T10:15:54.445580+00:00,124.2,8,bid,,,12046772
2026-07-08T10:15:54.444669,2026-07-08T10:15:54.461354+00:00,124.2,58,bid,,,12046773
2026-07-08T10:15:54.479206,2026-07-08T10:15:54.493659+00:00,124.2,20,bid,,,12046775
2026-07-08T10:15:55.174750,2026-07-08T10:15:55.184197+00:00,124.1,8,bid,,,12046787
2026-07-08T10:15:55.426870,2026-07-08T10:15:55.438808+00:00,124.1,8,bid,,,12046793
2026-07-08T10:15:55.713871,2026-07-08T10:15:55.724098+00:00,124.1,184,bid,,,12046799
2026-07-08T10:15:55.870426,2026-07-08T10:15:55.879271+00:00,124.1,20,ask,,,12046802
2026-07-08T10:15:56.338127,2026-07-08T10:15:56.348367+00:00,124.1,200,ask,,,12046810
2026-07-08T10:15:57.317313,2026-07-08T10:15:57.321057+00:00,123.9,22,ask,,,12046820
2026-07-08T10:15:57.544117,2026-07-08T10:15:57.552769+00:00,124.1,200,bid,,,12046831
2026-07-08T10:16:00.758431,2026-07-08T10:16:00.770100+00:00,123.9,20,ask,,,12046874
2026-07-08T10:16:03.602734,2026-07-08T10:16:03.610989+00:00,124.1,200,bid,,,12046899
2026-07-08T10:16:06.029402,2026-07-08T10:16:06.040859+00:00,124.0,200,ask,,,12046944
2026-07-08T10:16:06.700713,2026-07-08T10:16:06.709145+00:00,123.9,20,ask,,,12046949
2026-07-08T10:16:07.256754,2026-07-08T10:16:07.260374+00:00,124.0,3,bid,,,12046962
2026-07-08T10:16:07.300406,2026-07-08T10:16:07.308074+00:00,124.0,5,bid,,,12046963
2026-07-08T10:16:08.190712,2026-07-08T10:16:08.202959+00:00,124.0,8,bid,,,12046977
2026-07-08T10:16:09.661696,2026-07-08T10:16:09.671744+00:00,124.0,200,bid,,,12046999
2026-07-08T10:16:10.138179,2026-07-08T10:16:10.145205+00:00,124.1,8,bid,,,12047007
2026-07-08T10:16:11.744223,2026-07-08T10:16:11.751775+00:00,124.3,20,bid,,,12047036
2026-07-08T10:16:13.116267,2026-07-08T10:16:13.124386+00:00,124.3,35,bid,,,12047054
2026-07-08T10:16:13.213500,2026-07-08T10:16:13.225657+00:00,124.3,35,bid,,,12047057
2026-07-08T10:16:13.306793,2026-07-08T10:16:13.314769+00:00,124.3,200,bid,,,12047062
2026-07-08T10:16:13.309911,2026-07-08T10:16:13.320257+00:00,124.3,20,bid,,,12047063
2026-07-08T10:16:15.395746,2026-07-08T10:16:15.399860+00:00,124.2,11,bid,,,12047091
2026-07-08T10:16:15.734683,2026-07-08T10:16:15.741635+00:00,124.2,200,bid,,,12047095
2026-07-08T10:16:15.874677,2026-07-08T10:16:15.886683+00:00,124.2,14,bid,,,12047099
2026-07-08T10:16:16.146023,2026-07-08T10:16:16.158627+00:00,124.2,400,bid,,,12047101
2026-07-08T10:16:16.302498,2026-07-08T10:16:16.307033+00:00,124.2,11,ask,,,12047105
2026-07-08T10:16:16.704077,2026-07-08T10:16:16.708057+00:00,124.3,3,ask,,,12047117
2026-07-08T10:16:18.154856,2026-07-08T10:16:18.164232+00:00,124.4,200,bid,,,12047136
2026-07-08T10:16:20.430526,2026-07-08T10:16:20.442229+00:00,124.5,20,bid,,,12047164
2026-07-08T10:16:21.786988,2026-07-08T10:16:21.794620+00:00,124.7,200,bid,,,12047182
2026-07-08T10:16:23.249820,2026-07-08T10:16:23.264332+00:00,124.8,200,bid,,,12047208
2026-07-08T10:16:23.268032,2026-07-08T10:16:23.274677+00:00,124.8,35,ask,,,12047210
2026-07-08T10:16:23.358199,2026-07-08T10:16:23.370144+00:00,124.8,19,ask,,,12047213
2026-07-08T10:16:24.217555,2026-07-08T10:16:24.227639+00:00,124.8,200,ask,,,12047229
2026-07-08T10:16:25.120789,2026-07-08T10:16:25.132724+00:00,124.8,20,bid,,,12047236
2026-07-08T10:16:25.877222,2026-07-08T10:16:25.885500+00:00,124.7,200,ask,,,12047249
2026-07-08T10:16:25.901137,2026-07-08T10:16:25.905751+00:00,124.7,3,bid,,,12047251
2026-07-08T10:16:25.931002,2026-07-08T10:16:25.942413+00:00,124.7,35,bid,,,12047253
2026-07-08T10:16:25.997370,2026-07-08T10:16:26.009679+00:00,124.7,25,bid,,,12047258
2026-07-08T10:16:26.021389,2026-07-08T10:16:26.033772+00:00,124.7,5,bid,,,12047259
2026-07-08T10:16:27.187367,2026-07-08T10:16:27.198857+00:00,124.7,200,bid,,,12047279
2026-07-08T10:16:27.279088,2026-07-08T10:16:27.282856+00:00,124.7,3,ask,,,12047281
2026-07-08T10:16:30.263989,2026-07-08T10:16:30.275654+00:00,124.6,200,bid,,,12047328
2026-07-08T10:16:35.063969,2026-07-08T10:16:35.074501+00:00,124.4,500,ask,,,12047397
2026-07-08T10:16:35.528422,2026-07-08T10:16:35.567556+00:00,124.4,125,bid,,,12047408
2026-07-08T10:16:35.528422,2026-07-08T10:16:35.567556+00:00,124.5,200,bid,,,12047409
2026-07-08T10:16:35.563374,2026-07-08T10:16:35.567556+00:00,124.5,3,ask,,,12047412
2026-07-08T10:16:35.583426,2026-07-08T10:16:35.593623+00:00,124.5,55,ask,,,12047417
2026-07-08T10:16:36.320274,2026-07-08T10:16:36.328540+00:00,124.6,200,ask,,,12047432
2026-07-08T10:16:36.378071,2026-07-08T10:16:36.385860+00:00,124.6,300,ask,,,12047433
2026-07-08T10:16:36.722593,2026-07-08T10:16:36.733352+00:00,124.6,325,bid,,,12047435
2026-07-08T10:16:37.356458,2026-07-08T10:16:37.365983+00:00,124.8,35,ask,,,12047443
2026-07-08T10:16:37.446256,2026-07-08T10:16:37.458612+00:00,124.8,35,ask,,,12047448
2026-07-08T10:16:37.529310,2026-07-08T10:16:37.537104+00:00,124.8,200,ask,,,12047451
