timestamp,recv_time,price,volume,aggressor_side,buyer,seller,trade_id
2026-07-07T07:00:00.087929,2026-07-07T07:00:00.005012+00:00,155.5,200,bid,,,10511852
2026-07-07T07:00:00.286288,2026-07-07T07:00:00.005012+00:00,155.3,25,ask,,,10511855
2026-07-07T07:00:01.297060,2026-07-07T07:00:01.301362+00:00,155.6,200,bid,,,10511876
2026-07-07T07:00:01.953621,2026-07-07T07:00:01.958171+00:00,155.6,34,ask,,,10511889
2026-07-07T07:00:02.090314,2026-07-07T07:00:02.097572+00:00,155.6,25,ask,,,10511891
2026-07-07T07:00:02.312306,2026-07-07T07:00:02.320522+00:00,155.6,19,ask,,,10511895
2026-07-07T07:00:02.523532,2026-07-07T07:00:02.527571+00:00,155.7,11,bid,,,10511905
2026-07-07T07:00:02.768172,2026-07-07T07:00:02.776924+00:00,155.6,11,ask,,,10511912
2026-07-07T07:00:02.954019,2026-07-07T07:00:02.976261+00:00,155.6,88,ask,,,10511921
2026-07-07T07:00:03.033345,2026-07-07T07:00:03.038405+00:00,155.7,23,bid,,,10511925
2026-07-07T07:00:03.505958,2026-07-07T07:00:03.512551+00:00,155.7,25,bid,,,10511939
2026-07-07T07:00:04.154755,2026-07-07T07:00:04.167349+00:00,155.6,25,ask,,,10511947
2026-07-07T07:00:04.278140,2026-07-07T07:00:04.286708+00:00,155.7,11,bid,,,10511952
2026-07-07T07:00:04.590348,2026-07-07T07:00:04.602108+00:00,155.6,20,ask,,,10511956
2026-07-07T07:00:04.857956,2026-07-07T07:00:04.874010+00:00,155.7,25,bid,,,10511964
2026-07-07T07:00:04.977460,2026-07-07T07:00:04.985641+00:00,155.6,22,ask,,,10511967
2026-07-07T07:00:05.574184,2026-07-07T07:00:05.580942+00:00,155.6,12,ask,,,10511980
2026-07-07T07:00:05.577060,2026-07-07T07:00:05.586151+00:00,155.8,22,bid,,,10511981
2026-07-07T07:00:05.692279,2026-07-07T07:00:05.704188+00:00,155.6,22,ask,,,10511982
2026-07-07T07:00:06.274906,2026-07-07T07:00:06.277138+00:00,155.8,22,bid,,,10512008
2026-07-07T07:00:06.912610,2026-07-07T07:00:06.924156+00:00,155.6,25,ask,,,10512013
2026-07-07T07:00:08.598588,2026-07-07T07:00:08.606593+00:00,155.6,200,ask,,,10512033
2026-07-07T07:00:09.628287,2026-07-07T07:00:09.635379+00:00,155.8,25,bid,,,10512057
2026-07-07T07:00:09.762661,2026-07-07T07:00:09.774240+00:00,155.6,13,ask,,,10512065
2026-07-07T07:00:09.867923,2026-07-07T07:00:09.879574+00:00,155.4,12,ask,,,10512067
2026-07-07T07:00:10.369215,2026-07-07T07:00:10.380552+00:00,155.7,13,bid,,,10512075
2026-07-07T07:00:11.113284,2026-07-07T07:00:11.117230+00:00,155.4,23,bid,,,10512084
2026-07-07T07:00:11.138499,2026-07-07T07:00:11.148288+00:00,155.4,12,bid,,,10512086
2026-07-07T07:00:11.928817,2026-07-07T07:00:11.940683+00:00,155.4,20,bid,,,10512104
2026-07-07T07:00:12.231744,2026-07-07T07:00:12.240841+00:00,155.4,200,bid,,,10512110
2026-07-07T07:00:12.565311,2026-07-07T07:00:12.569218+00:00,155.3,10,ask,,,10512115
2026-07-07T07:00:12.614385,2026-07-07T07:00:12.619397+00:00,155.3,2,ask,,,10512119
2026-07-07T07:00:13.112503,2026-07-07T07:00:13.122408+00:00,155.3,25,ask,,,10512130
2026-07-07T07:00:13.192782,2026-07-07T07:00:13.204482+00:00,155.5,20,bid,,,10512135
2026-07-07T07:00:14.659156,2026-07-07T07:00:14.669078+00:00,155.3,200,ask,,,10512167
2026-07-07T07:00:15.377199,2026-07-07T07:00:15.384743+00:00,155.3,25,bid,,,10512178
2026-07-07T07:00:16.015669,2026-07-07T07:00:16.023341+00:00,155.2,25,ask,,,10512185
2026-07-07T07:00:16.217781,2026-07-07T07:00:16.227994+00:00,155.2,12,ask,,,10512193
2026-07-07T07:00:16.343317,2026-07-07T07:00:16.353867+00:00,155.2,163,ask,,,10512197
2026-07-07T07:00:16.661213,2026-07-07T07:00:16.678385+00:00,155.2,25,bid,,,10512208
2026-07-07T07:00:17.444710,2026-07-07T07:00:17.456443+00:00,155.1,20,ask,,,10512224
2026-07-07T07:00:18.929203,2026-07-07T07:00:18.933306+00:00,155.0,11,ask,,,10512254
2026-07-07T07:00:18.981000,2026-07-07T07:00:18.985060+00:00,155.1,11,ask,,,10512259
2026-07-07T07:00:18.990102,2026-07-07T07:00:19.005790+00:00,155.1,12,ask,,,10512260
2026-07-07T07:00:19.087484,2026-07-07T07:00:19.094678+00:00,155.1,20,ask,,,10512263
2026-07-07T07:00:19.259621,2026-07-07T07:00:19.269657+00:00,155.1,10,ask,,,10512267
2026-07-07T07:00:19.370579,2026-07-07T07:00:19.382561+00:00,155.1,25,ask,,,10512272
2026-07-07T07:00:20.036273,2026-07-07T07:00:20.049350+00:00,155.2,25,bid,,,10512286
2026-07-07T07:00:20.486380,2026-07-07T07:00:20.498243+00:00,155.2,20,bid,,,10512309
2026-07-07T07:00:20.763335,2026-07-07T07:00:20.769792+00:00,155.2,10,bid,,,10512312
2026-07-07T07:00:22.487484,2026-07-07T07:00:22.495319+00:00,155.2,10,bid,,,10512343
2026-07-07T07:00:24.790781,2026-07-07T07:00:24.802752+00:00,155.3,12,bid,,,10512395
2026-07-07T07:00:25.551207,2026-07-07T07:00:25.558618+00:00,155.1,200,ask,,,10512398
2026-07-07T07:00:26.782601,2026-07-07T07:00:26.786572+00:00,155.2,11,bid,,,10512426
2026-07-07T07:00:26.843934,2026-07-07T07:00:26.847649+00:00,155.1,11,bid,,,10512430
2026-07-07T07:00:27.297552,2026-07-07T07:00:27.309966+00:00,154.9,20,ask,,,10512434
2026-07-07T07:00:27.327232,2026-07-07T07:00:27.336172+00:00,155.1,12,bid,,,10512437
2026-07-07T07:00:30.388345,2026-07-07T07:00:30.399823+00:00,154.9,200,ask,,,10512498
2026-07-07T07:00:33.828318,2026-07-07T07:00:33.840551+00:00,154.9,25,ask,,,10512568
2026-07-07T07:00:34.026618,2026-07-07T07:00:34.038063+00:00,154.9,200,ask,,,10512572
2026-07-07T07:00:34.110258,2026-07-07T07:00:34.117371+00:00,155.1,13,bid,,,10512576
2026-07-07T07:00:34.129742,2026-07-07T07:00:34.138433+00:00,155.1,12,bid,,,10512578
2026-07-07T07:00:34.533645,2026-07-07T07:00:34.542140+00:00,155.1,25,bid,,,10512587
2026-07-07T07:00:34.638115,2026-07-07T07:00:34.648382+00:00,154.9,12,ask,,,10512596
2026-07-07T07:00:34.868451,2026-07-07T07:00:34.880122+00:00,154.7,20,ask,,,10512601
2026-07-07T07:00:35.213591,2026-07-07T07:00:35.220962+00:00,155.0,20,bid,,,10512611
2026-07-07T07:00:36.447945,2026-07-07T07:00:36.455102+00:00,154.9,200,ask,,,10512630
2026-07-07T07:00:40.190539,2026-07-07T07:00:40.202317+00:00,155.0,20,ask,,,10512707
2026-07-07T07:00:41.045518,2026-07-07T07:00:41.058576+00:00,155.0,25,ask,,,10512723
2026-07-07T07:00:41.415795,2026-07-07T07:00:41.422854+00:00,155.0,12,ask,,,10512739
2026-07-07T07:00:41.742561,2026-07-07T07:00:41.758610+00:00,155.1,25,bid,,,10512756
2026-07-07T07:00:41.862762,2026-07-07T07:00:41.874389+00:00,155.0,3,ask,,,10512759
2026-07-07T07:00:42.459259,2026-07-07T07:00:42.468796+00:00,155.1,3,bid,,,10512764
2026-07-07T07:00:42.503686,2026-07-07T07:00:42.513133+00:00,155.1,200,bid,,,10512766
2026-07-07T07:00:43.659546,2026-07-07T07:00:43.669452+00:00,154.9,25,ask,,,10512784
2026-07-07T07:00:44.362431,2026-07-07T07:00:44.374346+00:00,155.1,25,bid,,,10512800
2026-07-07T07:00:44.439870,2026-07-07T07:00:44.451695+00:00,154.9,12,ask,,,10512805
2026-07-07T07:00:45.020409,2026-07-07T07:00:45.029851+00:00,154.9,25,ask,,,10512823
2026-07-07T07:00:45.720093,2026-07-07T07:00:45.731737+00:00,155.1,25,bid,,,10512838
2026-07-07T07:00:45.835284,2026-07-07T07:00:45.847246+00:00,154.9,25,ask,,,10512839
2026-07-07T07:00:46.419159,2026-07-07T07:00:46.427931+00:00,155.1,25,bid,,,10512852
2026-07-07T07:00:47.065306,2026-07-07T07:00:47.076803+00:00,154.9,25,ask,,,10512867
2026-07-07T07:00:47.454195,2026-07-07T07:00:47.458696+00:00,154.9,11,ask,,,10512881
2026-07-07T07:00:47.736889,2026-07-07T07:00:47.741065+00:00,154.9,10,ask,,,10512886
2026-07-07T07:00:47.967304,2026-07-07T07:00:47.977912+00:00,155.1,11,bid,,,10512897
2026-07-07T07:00:48.293325,2026-07-07T07:00:48.304070+00:00,155.1,25,bid,,,10512899
2026-07-07T07:00:48.412926,2026-07-07T07:00:48.424887+00:00,154.9,15,ask,,,10512901
2026-07-07T07:00:48.994750,2026-07-07T07:00:49.006544+00:00,155.1,15,bid,,,10512911
2026-07-07T07:00:49.183938,2026-07-07T07:00:49.194767+00:00,155.0,4,ask,,,10512920
2026-07-07T07:00:49.234214,2026-07-07T07:00:49.246282+00:00,155.0,11,ask,,,10512921
2026-07-07T07:00:49.641319,2026-07-07T07:00:49.653160+00:00,155.0,25,ask,,,10512931
2026-07-07T07:00:49.758070,2026-07-07T07:00:49.770056+00:00,155.1,20,bid,,,10512933
2026-07-07T07:00:49.827048,2026-07-07T07:00:49.836958+00:00,155.1,12,bid,,,10512938
2026-07-07T07:00:49.992898,2026-07-07T07:00:50.004744+00:00,155.1,12,bid,,,10512939
2026-07-07T07:00:50.366318,2026-07-07T07:00:50.378094+00:00,155.1,25,bid,,,10512945
2026-07-07T07:00:51.997871,2026-07-07T07:00:52.009521+00:00,155.2,20,bid,,,10512991
2026-07-07T07:00:52.028230,2026-07-07T07:00:52.035526+00:00,155.2,12,bid,,,10512994
2026-07-07T07:00:52.193113,2026-07-07T07:00:52.202414+00:00,155.0,200,ask,,,10512996
2026-07-07T07:00:53.035155,2026-07-07T07:00:53.046906+00:00,155.0,12,ask,,,10513014
2026-07-07T07:00:53.105033,2026-07-07T07:00:53.109824+00:00,155.0,10,ask,,,10513016
2026-07-07T07:00:53.691594,2026-07-07T07:00:53.703492+00:00,155.1,10,bid,,,10513021
2026-07-07T07:00:54.340270,2026-07-07T07:00:54.351928+00:00,155.0,25,ask,,,10513043
2026-07-07T07:00:54.456517,2026-07-07T07:00:54.468456+00:00,155.0,10,ask,,,10513047
2026-07-07T07:00:55.377905,2026-07-07T07:00:55.389875+00:00,155.0,20,ask,,,10513062
2026-07-07T07:00:55.841933,2026-07-07T07:00:55.846318+00:00,155.1,1,ask,,,10513072
2026-07-07T07:00:55.885788,2026-07-07T07:00:55.896338+00:00,155.1,25,ask,,,10513073
2026-07-07T07:00:55.896044,2026-07-07T07:00:55.907041+00:00,155.3,1,bid,,,10513075
2026-07-07T07:00:56.068975,2026-07-07T07:00:56.080554+00:00,155.3,25,bid,,,10513077
2026-07-07T07:00:56.712438,2026-07-07T07:00:56.722433+00:00,155.3,10,bid,,,10513095
2026-07-07T07:00:56.889765,2026-07-07T07:00:56.893460+00:00,155.3,11,bid,,,10513105
2026-07-07T07:00:57.054492,2026-07-07T07:00:57.058139+00:00,155.2,11,bid,,,10513108
2026-07-07T07:00:57.709925,2026-07-07T07:00:57.718560+00:00,155.0,20,ask,,,10513120
2026-07-07T07:00:59.486666,2026-07-07T07:00:59.498532+00:00,155.1,10,ask,,,10513151
2026-07-07T07:01:00.077467,2026-07-07T07:01:00.090744+00:00,155.3,10,bid,,,10513162
2026-07-07T07:01:02.356379,2026-07-07T07:01:02.368432+00:00,155.3,25,ask,,,10513201
2026-07-07T07:01:03.617811,2026-07-07T07:01:03.625360+00:00,155.3,200,ask,,,10513217
2026-07-07T07:01:03.617811,2026-07-07T07:01:03.630929+00:00,155.3,300,ask,,,10513218
2026-07-07T07:01:04.050850,2026-07-07T07:01:04.059255+00:00,155.5,25,bid,,,10513222
2026-07-07T07:01:04.700044,2026-07-07T07:01:04.706512+00:00,155.3,25,ask,,,10513240
2026-07-07T07:01:05.404462,2026-07-07T07:01:05.416612+00:00,155.3,25,bid,,,10513256
2026-07-07T07:01:06.184183,2026-07-07T07:01:06.194069+00:00,155.2,200,ask,,,10513272
2026-07-07T07:01:06.370460,2026-07-07T07:01:06.377491+00:00,155.2,20,bid,,,10513279
2026-07-07T07:01:06.488045,2026-07-07T07:01:06.496059+00:00,155.0,12,ask,,,10513283
2026-07-07T07:01:06.826137,2026-07-07T07:01:06.834010+00:00,155.0,20,ask,,,10513295
2026-07-07T07:01:08.120509,2026-07-07T07:01:08.132176+00:00,155.0,25,ask,,,10513318
2026-07-07T07:01:08.819371,2026-07-07T07:01:08.830944+00:00,155.2,25,bid,,,10513336
2026-07-07T07:01:08.894924,2026-07-07T07:01:08.899643+00:00,155.1,10,ask,,,10513341
2026-07-07T07:01:08.988492,2026-07-07T07:01:08.996418+00:00,155.1,20,ask,,,10513345
2026-07-07T07:01:09.071846,2026-07-07T07:01:09.080700+00:00,155.1,500,ask,,,10513346
2026-07-07T07:01:09.157749,2026-07-07T07:01:09.169283+00:00,155.3,200,bid,,,10513351
2026-07-07T07:01:09.459055,2026-07-07T07:01:09.470803+00:00,155.1,25,ask,,,10513360
2026-07-07T07:01:09.547781,2026-07-07T07:01:09.551946+00:00,155.1,1,ask,,,10513369
2026-07-07T07:01:09.662931,2026-07-07T07:01:09.670778+00:00,155.1,69,ask,,,10513371
2026-07-07T07:01:09.808198,2026-07-07T07:01:09.819160+00:00,155.1,12,bid,,,10513375
2026-07-07T07:01:10.307196,2026-07-07T07:01:10.318806+00:00,155.1,1,bid,,,10513380
2026-07-07T07:01:10.383818,2026-07-07T07:01:10.392679+00:00,155.1,200,bid,,,10513381
2026-07-07T07:01:10.707517,2026-07-07T07:01:10.719655+00:00,155.1,25,bid,,,10513388
2026-07-07T07:01:11.084002,2026-07-07T07:01:11.094580+00:00,155.1,12,bid,,,10513398
2026-07-07T07:01:11.158526,2026-07-07T07:01:11.169300+00:00,155.1,20,bid,,,10513399
2026-07-07T07:01:12.107642,2026-07-07T07:01:12.116059+00:00,155.1,200,ask,,,10513410
2026-07-07T07:01:12.807644,2026-07-07T07:01:12.812172+00:00,155.1,11,ask,,,10513429
2026-07-07T07:01:12.877151,2026-07-07T07:01:12.888178+00:00,155.1,25,ask,,,10513432
2026-07-07T07:01:12.891408,2026-07-07T07:01:12.898468+00:00,155.1,25,ask,,,10513434
2026-07-07T07:01:13.099785,2026-07-07T07:01:13.111488+00:00,155.1,13,ask,,,10513438
2026-07-07T07:01:14.372379,2026-07-07T07:01:14.383929+00:00,155.2,20,bid,,,10513467
2026-07-07T07:01:14.582861,2026-07-07T07:01:14.590720+00:00,155.2,25,bid,,,10513480
2026-07-07T07:01:14.848264,2026-07-07T07:01:14.856772+00:00,155.0,7,ask,,,10513489
2026-07-07T07:01:14.887478,2026-07-07T07:01:14.899331+00:00,155.2,20,bid,,,10513490
2026-07-07T07:01:15.355255,2026-07-07T07:01:15.362216+00:00,155.2,11,bid,,,10513501
2026-07-07T07:01:15.881485,2026-07-07T07:01:15.893199+00:00,155.2,20,bid,,,10513518
2026-07-07T07:01:18.869757,2026-07-07T07:01:18.873681+00:00,155.0,22,bid,,,10513569
2026-07-07T07:01:19.316396,2026-07-07T07:01:19.323786+00:00,155.0,178,bid,,,10513579
2026-07-07T07:01:19.336078,2026-07-07T07:01:19.340418+00:00,155.2,11,ask,,,10513581
2026-07-07T07:01:19.476461,2026-07-07T07:01:19.488334+00:00,155.2,25,ask,,,10513588
2026-07-07T07:01:20.063923,2026-07-07T07:01:20.073781+00:00,155.2,200,ask,,,10513612
2026-07-07T07:01:21.154848,2026-07-07T07:01:21.150329+00:00,155.1,25,bid,,,10513631
2026-07-07T07:01:21.307371,2026-07-07T07:01:21.319313+00:00,154.8,13,ask,,,10513638
2026-07-07T07:01:21.433304,2026-07-07T07:01:21.444284+00:00,154.8,12,ask,,,10513639
2026-07-07T07:01:21.901177,2026-07-07T07:01:21.912832+00:00,155.1,13,bid,,,10513650
2026-07-07T07:01:22.021149,2026-07-07T07:01:22.032650+00:00,154.9,5,ask,,,10513657
2026-07-07T07:01:22.296096,2026-07-07T07:01:22.300120+00:00,155.1,23,bid,,,10513664
2026-07-07T07:01:22.344940,2026-07-07T07:01:22.354306+00:00,155.1,20,bid,,,10513665
2026-07-07T07:01:22.441635,2026-07-07T07:01:22.452067+00:00,155.1,12,bid,,,10513670
2026-07-07T07:01:22.617828,2026-07-07T07:01:22.630018+00:00,155.1,5,bid,,,10513674
2026-07-07T07:01:22.698263,2026-07-07T07:01:22.718274+00:00,154.9,5,ask,,,10513676
2026-07-07T07:01:24.213700,2026-07-07T07:01:24.247843+00:00,155.0,200,bid,,,10513703
2026-07-07T07:01:24.243672,2026-07-07T07:01:24.247843+00:00,155.0,10,ask,,,10513706
2026-07-07T07:01:24.874434,2026-07-07T07:01:24.878620+00:00,155.0,2,ask,,,10513722
2026-07-07T07:01:25.430617,2026-07-07T07:01:25.437529+00:00,155.0,25,ask,,,10513726
2026-07-07T07:01:26.134180,2026-07-07T07:01:26.144745+00:00,155.1,25,bid,,,10513743
2026-07-07T07:01:27.204417,2026-07-07T07:01:27.215112+00:00,155.0,500,ask,,,10513771
2026-07-07T07:01:27.218245,2026-07-07T07:01:27.225607+00:00,155.0,125,bid,,,10513772
2026-07-07T07:01:27.218245,2026-07-07T07:01:27.230796+00:00,155.1,200,bid,,,10513773
2026-07-07T07:01:27.343173,2026-07-07T07:01:27.350416+00:00,155.1,175,ask,,,10513776
2026-07-07T07:01:27.977315,2026-07-07T07:01:27.986615+00:00,155.0,12,ask,,,10513792
2026-07-07T07:01:28.464761,2026-07-07T07:01:28.474681+00:00,155.1,25,bid,,,10513798
2026-07-07T07:01:28.527144,2026-07-07T07:01:28.537817+00:00,155.1,3,ask,,,10513802
2026-07-07T07:01:28.624914,2026-07-07T07:01:28.633368+00:00,155.3,20,bid,,,10513807
2026-07-07T07:01:29.088863,2026-07-07T07:01:29.096219+00:00,155.3,10,bid,,,10513816
2026-07-07T07:01:29.839218,2026-07-07T07:01:29.848597+00:00,155.2,500,ask,,,10513830
2026-07-07T07:01:30.816483,2026-07-07T07:01:30.828250+00:00,155.2,12,bid,,,10513849
2026-07-07T07:01:30.876974,2026-07-07T07:01:30.885998+00:00,155.2,113,bid,,,10513850
2026-07-07T07:01:31.012282,2026-07-07T07:01:31.023870+00:00,155.3,10,bid,,,10513857
2026-07-07T07:01:31.145224,2026-07-07T07:01:31.158567+00:00,155.3,190,bid,,,10513862
2026-07-07T07:01:32.101537,2026-07-07T07:01:32.113347+00:00,155.3,25,ask,,,10513871
2026-07-07T07:01:32.316577,2026-07-07T07:01:32.324217+00:00,155.3,20,ask,,,10513878
2026-07-07T07:01:32.807318,2026-07-07T07:01:32.819523+00:00,155.4,25,bid,,,10513884
2026-07-07T07:01:33.387400,2026-07-07T07:01:33.396867+00:00,155.2,200,ask,,,10513897
2026-07-07T07:01:34.494413,2026-07-07T07:01:34.506534+00:00,155.3,25,ask,,,10513924
2026-07-07T07:01:35.204584,2026-07-07T07:01:35.216493+00:00,155.4,25,bid,,,10513936
2026-07-07T07:01:35.808834,2026-07-07T07:01:35.819618+00:00,155.2,200,ask,,,10513945
2026-07-07T07:01:35.849088,2026-07-07T07:01:35.855604+00:00,155.2,25,ask,,,10513947
2026-07-07T07:01:36.029165,2026-07-07T07:01:36.041072+00:00,155.4,20,bid,,,10513951
2026-07-07T07:01:36.545894,2026-07-07T07:01:36.558486+00:00,155.3,25,bid,,,10513963
2026-07-07T07:01:38.065580,2026-07-07T07:01:38.077231+00:00,155.3,20,bid,,,10513985
2026-07-07T07:01:38.227498,2026-07-07T07:01:38.234760+00:00,155.1,25,ask,,,10513994
2026-07-07T07:01:38.337741,2026-07-07T07:01:38.349229+00:00,155.1,10,ask,,,10514001
2026-07-07T07:01:38.531780,2026-07-07T07:01:38.538787+00:00,155.1,20,ask,,,10514007
2026-07-07T07:01:38.630721,2026-07-07T07:01:38.639425+00:00,155.1,12,ask,,,10514008
2026-07-07T07:01:38.769552,2026-07-07T07:01:38.773723+00:00,155.2,11,ask,,,10514011
2026-07-07T07:01:39.946685,2026-07-07T07:01:39.975472+00:00,155.3,200,bid,,,10514021
2026-07-07T07:01:39.971275,2026-07-07T07:01:39.975472+00:00,155.3,11,ask,,,10514023
2026-07-07T07:01:40.050119,2026-07-07T07:01:40.059419+00:00,155.3,25,ask,,,10514029
2026-07-07T07:01:40.268802,2026-07-07T07:01:40.276822+00:00,155.3,15,ask,,,10514034
2026-07-07T07:01:40.278071,2026-07-07T07:01:40.287320+00:00,155.3,20,ask,,,10514036
2026-07-07T07:01:40.354757,2026-07-07T07:01:40.362051+00:00,155.3,229,ask,,,10514041
2026-07-07T07:01:40.463640,2026-07-07T07:01:40.470740+00:00,155.3,25,bid,,,10514042
2026-07-07T07:01:40.573762,2026-07-07T07:01:40.613793+00:00,155.3,371,bid,,,10514045
2026-07-07T07:01:40.609846,2026-07-07T07:01:40.613793+00:00,155.3,10,ask,,,10514051
2026-07-07T07:01:40.644339,2026-07-07T07:01:40.655310+00:00,155.3,119,ask,,,10514053
2026-07-07T07:01:40.919321,2026-07-07T07:01:40.927261+00:00,155.0,11,ask,,,10514068
2026-07-07T07:01:41.104779,2026-07-07T07:01:41.116665+00:00,155.2,10,bid,,,10514071
2026-07-07T07:01:41.176753,2026-07-07T07:01:41.183827+00:00,155.2,71,bid,,,10514073
2026-07-07T07:01:41.743852,2026-07-07T07:01:41.750819+00:00,155.4,25,ask,,,10514080
2026-07-07T07:01:41.852066,2026-07-07T07:01:41.860033+00:00,155.4,200,ask,,,10514083
2026-07-07T07:01:43.062835,2026-07-07T07:01:43.069977+00:00,155.4,200,ask,,,10514108
2026-07-07T07:01:44.724138,2026-07-07T07:01:44.735890+00:00,155.6,12,bid,,,10514134
2026-07-07T07:01:45.053533,2026-07-07T07:01:45.065304+00:00,155.6,25,bid,,,10514147
2026-07-07T07:01:45.633948,2026-07-07T07:01:45.642645+00:00,155.5,200,bid,,,10514159
2026-07-07T07:01:45.696846,2026-07-07T07:01:45.708460+00:00,155.5,25,ask,,,10514160
2026-07-07T07:01:47.013156,2026-07-07T07:01:47.024023+00:00,155.5,9,ask,,,10514179
2026-07-07T07:01:47.573333,2026-07-07T07:01:47.584955+00:00,155.6,13,bid,,,10514200
2026-07-07T07:01:47.573333,2026-07-07T07:01:47.584955+00:00,155.7,7,bid,,,10514201
2026-07-07T07:01:47.603782,2026-07-07T07:01:47.607607+00:00,155.7,21,bid,,,10514205
2026-07-07T07:01:47.770131,2026-07-07T07:01:47.781793+00:00,155.7,12,bid,,,10514208
2026-07-07T07:01:47.954198,2026-07-07T07:01:47.965746+00:00,155.7,25,bid,,,10514211
2026-07-07T07:01:48.071218,2026-07-07T07:01:48.083222+00:00,155.5,15,ask,,,10514213
2026-07-07T07:01:48.652385,2026-07-07T07:01:48.664343+00:00,155.7,15,bid,,,10514225
2026-07-07T07:01:50.847121,2026-07-07T07:01:50.853801+00:00,155.5,25,ask,,,10514259
2026-07-07T07:01:51.121095,2026-07-07T07:01:51.129856+00:00,155.4,20,ask,,,10514266
2026-07-07T07:01:51.540281,2026-07-07T07:01:51.549125+00:00,155.6,25,bid,,,10514279
2026-07-07T07:01:52.204440,2026-07-07T07:01:52.219686+00:00,155.6,200,bid,,,10514296
2026-07-07T07:01:52.215281,2026-07-07T07:01:52.219686+00:00,155.6,10,ask,,,10514297
2026-07-07T07:01:52.221602,2026-07-07T07:01:52.225804+00:00,155.6,1,ask,,,10514298
2026-07-07T07:01:52.311500,2026-07-07T07:01:52.318698+00:00,155.6,20,ask,,,10514299
2026-07-07T07:01:52.321495,2026-07-07T07:01:52.329004+00:00,155.7,10,bid,,,10514301
2026-07-07T07:01:52.723437,2026-07-07T07:01:52.742022+00:00,155.6,25,ask,,,10514309
2026-07-07T07:01:52.743253,2026-07-07T07:01:52.752293+00:00,155.7,40,bid,,,10514311
2026-07-07T07:01:52.757675,2026-07-07T07:01:52.764660+00:00,155.8,10,ask,,,10514313
2026-07-07T07:01:52.760646,2026-07-07T07:01:52.764660+00:00,155.8,12,ask,,,10514314
2026-07-07T07:01:53.533178,2026-07-07T07:01:53.544700+00:00,155.8,138,ask,,,10514332
2026-07-07T07:01:53.883932,2026-07-07T07:01:53.887756+00:00,155.8,12,bid,,,10514337
2026-07-07T07:01:53.953145,2026-07-07T07:01:53.966489+00:00,155.8,25,bid,,,10514346
2026-07-07T07:01:53.961688,2026-07-07T07:01:53.971732+00:00,155.8,200,bid,,,10514347
2026-07-07T07:01:54.079337,2026-07-07T07:01:54.091319+00:00,155.5,25,ask,,,10514353
2026-07-07T07:01:54.111978,2026-07-07T07:01:54.120222+00:00,155.5,12,ask,,,10514355
2026-07-07T07:01:54.664947,2026-07-07T07:01:54.676457+00:00,155.8,25,bid,,,10514366
2026-07-07T07:01:55.319201,2026-07-07T07:01:55.331182+00:00,155.6,25,ask,,,10514387
2026-07-07T07:01:55.621757,2026-07-07T07:01:55.633630+00:00,155.9,8,bid,,,10514394
2026-07-07T07:01:56.013521,2026-07-07T07:01:56.020997+00:00,155.9,25,bid,,,10514399
2026-07-07T07:01:56.338334,2026-07-07T07:01:56.345246+00:00,155.7,20,bid,,,10514409
2026-07-07T07:01:56.379377,2026-07-07T07:01:56.391379+00:00,155.7,4,bid,,,10514410
2026-07-07T07:01:57.174538,2026-07-07T07:01:57.184077+00:00,155.6,25,ask,,,10514427
2026-07-07T07:01:57.615872,2026-07-07T07:01:57.627673+00:00,155.7,20,ask,,,10514441
2026-07-07T07:02:00.034269,2026-07-07T07:02:00.044005+00:00,155.6,200,ask,,,10514479
2026-07-07T07:02:00.390582,2026-07-07T07:02:00.402374+00:00,155.8,25,bid,,,10514491
2026-07-07T07:02:01.550488,2026-07-07T07:02:01.558562+00:00,155.4,20,ask,,,10514502
2026-07-07T07:02:01.823692,2026-07-07T07:02:01.830980+00:00,155.7,20,bid,,,10514511
2026-07-07T07:02:02.585851,2026-07-07T07:02:02.597805+00:00,155.5,25,ask,,,10514516
2026-07-07T07:02:03.221690,2026-07-07T07:02:03.230941+00:00,155.7,25,bid,,,10514539
2026-07-07T07:02:03.870591,2026-07-07T07:02:03.882575+00:00,155.5,25,ask,,,10514548
2026-07-07T07:02:04.727015,2026-07-07T07:02:04.738657+00:00,155.6,55,bid,,,10514562
2026-07-07T07:02:05.031719,2026-07-07T07:02:05.043286+00:00,155.6,25,bid,,,10514571
2026-07-07T07:02:05.674255,2026-07-07T07:02:05.686050+00:00,155.4,25,ask,,,10514595
2026-07-07T07:02:06.370519,2026-07-07T07:02:06.382181+00:00,155.5,25,bid,,,10514606
2026-07-07T07:02:06.562338,2026-07-07T07:02:06.571018+00:00,155.5,20,bid,,,10514610
2026-07-07T07:02:06.602192,2026-07-07T07:02:06.605938+00:00,155.4,12,ask,,,10514614
2026-07-07T07:02:06.768956,2026-07-07T07:02:06.778380+00:00,155.4,25,ask,,,10514621
2026-07-07T07:02:06.824800,2026-07-07T07:02:06.832777+00:00,155.4,20,ask,,,10514624
2026-07-07T07:02:06.991448,2026-07-07T07:02:07.003047+00:00,155.4,15,ask,,,10514625
2026-07-07T07:02:07.013730,2026-07-07T07:02:07.025258+00:00,155.4,25,ask,,,10514629
2026-07-07T07:02:07.094293,2026-07-07T07:02:07.098330+00:00,155.4,10,ask,,,10514636
2026-07-07T07:02:07.627682,2026-07-07T07:02:07.631516+00:00,155.4,1,ask,,,10514646
2026-07-07T07:02:07.937994,2026-07-07T07:02:07.945894+00:00,155.4,3,ask,,,10514651
2026-07-07T07:02:08.202557,2026-07-07T07:02:08.210191+00:00,155.4,3,ask,,,10514658
2026-07-07T07:02:08.479765,2026-07-07T07:02:08.489510+00:00,155.4,3,ask,,,10514663
2026-07-07T07:02:10.259000,2026-07-07T07:02:10.269428+00:00,155.4,6,ask,,,10514697
2026-07-07T07:02:10.341701,2026-07-07T07:02:10.352119+00:00,155.4,10,ask,,,10514699
2026-07-07T07:02:11.236765,2026-07-07T07:02:11.248671+00:00,155.6,20,bid,,,10514715
2026-07-07T07:02:11.454152,2026-07-07T07:02:11.466040+00:00,155.6,25,bid,,,10514724
2026-07-07T07:02:12.100589,2026-07-07T07:02:12.111618+00:00,155.5,15,ask,,,10514734
2026-07-07T07:02:13.194607,2026-07-07T07:02:13.204435+00:00,155.5,500,ask,,,10514756
2026-07-07T07:02:13.276234,2026-07-07T07:02:13.285564+00:00,155.5,125,bid,,,10514758
2026-07-07T07:02:13.276234,2026-07-07T07:02:13.285564+00:00,155.6,200,bid,,,10514759
2026-07-07T07:02:14.509727,2026-07-07T07:02:14.518442+00:00,155.6,500,ask,,,10514776
2026-07-07T07:02:15.085587,2026-07-07T07:02:15.094534+00:00,155.5,200,bid,,,10514787
2026-07-07T07:02:15.085587,2026-07-07T07:02:15.094534+00:00,155.6,125,bid,,,10514788
2026-07-07T07:02:15.117651,2026-07-07T07:02:15.121487+00:00,155.7,6,ask,,,10514790
2026-07-07T07:02:15.790155,2026-07-07T07:02:15.799591+00:00,155.7,200,ask,,,10514805
2026-07-07T07:02:16.449606,2026-07-07T07:02:16.461403+00:00,156.0,25,bid,,,10514817
2026-07-07T07:02:17.000215,2026-07-07T07:02:17.009673+00:00,155.7,200,ask,,,10514822
2026-07-07T07:02:17.093087,2026-07-07T07:02:17.105035+00:00,155.7,25,ask,,,10514823
2026-07-07T07:02:17.793537,2026-07-07T07:02:17.805463+00:00,156.0,25,bid,,,10514836
2026-07-07T07:02:18.223634,2026-07-07T07:02:18.227866+00:00,155.8,6,bid,,,10514844
2026-07-07T07:02:18.441326,2026-07-07T07:02:18.449995+00:00,155.7,25,ask,,,10514848
2026-07-07T07:02:18.587924,2026-07-07T07:02:18.598417+00:00,155.8,12,bid,,,10514852
2026-07-07T07:02:19.137668,2026-07-07T07:02:19.158707+00:00,155.8,25,bid,,,10514863
2026-07-07T07:02:19.366231,2026-07-07T07:02:19.374686+00:00,155.7,3,ask,,,10514868
2026-07-07T07:02:19.417959,2026-07-07T07:02:19.428259+00:00,155.7,200,ask,,,10514870
2026-07-07T07:02:19.626971,2026-07-07T07:02:19.636121+00:00,155.7,3,ask,,,10514875
2026-07-07T07:02:19.775044,2026-07-07T07:02:19.787002+00:00,155.7,25,ask,,,10514882
2026-07-07T07:02:22.138587,2026-07-07T07:02:22.148493+00:00,155.7,9,ask,,,10514920
2026-07-07T07:02:23.721229,2026-07-07T07:02:23.731752+00:00,155.7,200,ask,,,10514960
2026-07-07T07:02:24.257500,2026-07-07T07:02:24.269121+00:00,155.7,200,bid,,,10514971
2026-07-07T07:02:25.480656,2026-07-07T07:02:25.488109+00:00,155.7,200,ask,,,10515005
2026-07-07T07:02:26.656133,2026-07-07T07:02:26.658612+00:00,155.6,20,ask,,,10515026
2026-07-07T07:02:26.840719,2026-07-07T07:02:26.852604+00:00,155.8,25,bid,,,10515028
2026-07-07T07:02:27.163519,2026-07-07T07:02:27.175221+00:00,155.8,12,bid,,,10515037
2026-07-07T07:02:28.052510,2026-07-07T07:02:28.056473+00:00,155.7,10,bid,,,10515054
2026-07-07T07:02:28.590675,2026-07-07T07:02:28.600873+00:00,155.5,10,ask,,,10515063
2026-07-07T07:02:28.983114,2026-07-07T07:02:28.987653+00:00,155.6,1,bid,,,10515069
2026-07-07T07:02:29.186654,2026-07-07T07:02:29.198737+00:00,155.6,10,bid,,,10515074
2026-07-07T07:02:30.275433,2026-07-07T07:02:30.284775+00:00,155.5,200,ask,,,10515093
2026-07-07T07:02:30.275433,2026-07-07T07:02:30.284775+00:00,155.4,425,ask,,,10515094
2026-07-07T07:02:31.439548,2026-07-07T07:02:31.451517+00:00,155.6,12,bid,,,10515112
2026-07-07T07:02:31.481841,2026-07-07T07:02:31.490010+00:00,155.6,20,bid,,,10515113
2026-07-07T07:02:31.604344,2026-07-07T07:02:31.609278+00:00,155.5,12,bid,,,10515118
2026-07-07T07:02:32.663535,2026-07-07T07:02:32.674194+00:00,155.5,500,bid,,,10515130
2026-07-07T07:02:32.727837,2026-07-07T07:02:32.735036+00:00,155.5,113,bid,,,10515132
2026-07-07T07:02:32.895663,2026-07-07T07:02:32.905056+00:00,155.6,50,bid,,,10515140
2026-07-07T07:02:32.932775,2026-07-07T07:02:32.942904+00:00,155.6,25,ask,,,10515141
2026-07-07T07:02:33.945341,2026-07-07T07:02:33.953272+00:00,155.6,200,ask,,,10515165
2026-07-07T07:02:35.116857,2026-07-07T07:02:35.126835+00:00,155.8,25,bid,,,10515188
2026-07-07T07:02:35.502944,2026-07-07T07:02:35.513538+00:00,155.8,12,bid,,,10515194
2026-07-07T07:02:37.684150,2026-07-07T07:02:37.693331+00:00,155.7,20,bid,,,10515236
2026-07-07T07:02:38.243824,2026-07-07T07:02:38.247923+00:00,155.7,11,bid,,,10515249
2026-07-07T07:02:41.835289,2026-07-07T07:02:41.846244+00:00,155.8,20,bid,,,10515311
2026-07-07T07:02:42.038083,2026-07-07T07:02:42.049956+00:00,155.8,12,bid,,,10515317
2026-07-07T07:02:47.247609,2026-07-07T07:02:47.256824+00:00,155.8,200,bid,,,10515423
2026-07-07T07:02:50.348682,2026-07-07T07:02:50.360554+00:00,155.8,12,bid,,,10515485
2026-07-07T07:02:52.571932,2026-07-07T07:02:52.581847+00:00,155.6,50,ask,,,10515530
2026-07-07T07:02:52.587955,2026-07-07T07:02:52.592042+00:00,155.6,5,bid,,,10515532
2026-07-07T07:02:53.854193,2026-07-07T07:02:53.858602+00:00,155.6,20,bid,,,10515559
2026-07-07T07:02:53.887879,2026-07-07T07:02:53.900734+00:00,155.6,12,bid,,,10515560
2026-07-07T07:02:55.516241,2026-07-07T07:02:55.525717+00:00,155.7,25,ask,,,10515594
2026-07-07T07:02:55.947546,2026-07-07T07:02:55.959499+00:00,155.7,12,ask,,,10515606
2026-07-07T07:02:56.155993,2026-07-07T07:02:56.151520+00:00,155.8,25,bid,,,10515612
2026-07-07T07:02:56.298391,2026-07-07T07:02:56.308900+00:00,155.7,7,ask,,,10515618
2026-07-07T07:02:56.904688,2026-07-07T07:02:56.914024+00:00,155.8,7,bid,,,10515626
2026-07-07T07:03:00.644067,2026-07-07T07:03:00.654697+00:00,155.8,18,bid,,,10515702
2026-07-07T07:03:00.644067,2026-07-07T07:03:00.654697+00:00,155.8,182,bid,,,10515703
2026-07-07T07:03:00.725016,2026-07-07T07:03:00.732938+00:00,155.8,12,bid,,,10515705
2026-07-07T07:03:00.980663,2026-07-07T07:03:00.988625+00:00,155.5,10,ask,,,10515713
2026-07-07T07:03:02.350446,2026-07-07T07:03:02.357563+00:00,155.8,25,ask,,,10515738
2026-07-07T07:03:02.626290,2026-07-07T07:03:02.637374+00:00,155.8,20,ask,,,10515749
2026-07-07T07:03:03.009010,2026-07-07T07:03:03.026069+00:00,155.9,18,bid,,,10515753
2026-07-07T07:03:03.135705,2026-07-07T07:03:03.158540+00:00,155.9,18,ask,,,10515756
2026-07-07T07:03:03.251884,2026-07-07T07:03:03.263692+00:00,155.9,12,ask,,,10515758
2026-07-07T07:03:03.721195,2026-07-07T07:03:03.733953+00:00,156.0,25,bid,,,10515769
2026-07-07T07:03:03.765943,2026-07-07T07:03:03.773964+00:00,156.0,12,bid,,,10515771
2026-07-07T07:03:04.166879,2026-07-07T07:03:04.174211+00:00,155.9,500,ask,,,10515774
2026-07-07T07:03:04.288834,2026-07-07T07:03:04.298410+00:00,155.9,95,ask,,,10515779
2026-07-07T07:03:04.310875,2026-07-07T07:03:04.315481+00:00,155.9,6,bid,,,10515781
2026-07-07T07:03:04.400600,2026-07-07T07:03:04.409410+00:00,155.7,200,ask,,,10515786
2026-07-07T07:03:04.400600,2026-07-07T07:03:04.409410+00:00,155.6,50,ask,,,10515787
2026-07-07T07:03:04.420626,2026-07-07T07:03:04.424821+00:00,155.6,35,bid,,,10515789
2026-07-07T07:03:04.469132,2026-07-07T07:03:04.479134+00:00,155.6,25,bid,,,10515792
2026-07-07T07:03:04.477429,2026-07-07T07:03:04.484357+00:00,155.3,2,ask,,,10515793
2026-07-07T07:03:04.699331,2026-07-07T07:03:04.709951+00:00,155.6,25,bid,,,10515798
2026-07-07T07:03:04.921156,2026-07-07T07:03:04.932374+00:00,155.6,25,bid,,,10515804
2026-07-07T07:03:05.144751,2026-07-07T07:03:05.158621+00:00,155.6,25,bid,,,10515810
2026-07-07T07:03:05.149028,2026-07-07T07:03:05.158621+00:00,155.6,20,bid,,,10515811
2026-07-07T07:03:05.301382,2026-07-07T07:03:05.313494+00:00,155.6,12,bid,,,10515813
2026-07-07T07:03:05.410355,2026-07-07T07:03:05.417293+00:00,155.6,2,bid,,,10515816
2026-07-07T07:03:05.496385,2026-07-07T07:03:05.505385+00:00,155.6,200,bid,,,10515818
2026-07-07T07:03:05.724088,2026-07-07T07:03:05.727998+00:00,155.8,12,ask,,,10515825
2026-07-07T07:03:05.820014,2026-07-07T07:03:05.827976+00:00,155.9,12,bid,,,10515828
2026-07-07T07:03:06.394100,2026-07-07T07:03:06.398095+00:00,155.8,10,ask,,,10515840
2026-07-07T07:03:06.707737,2026-07-07T07:03:06.715858+00:00,155.8,200,ask,,,10515850
2026-07-07T07:03:06.802860,2026-07-07T07:03:06.807155+00:00,155.8,1,ask,,,10515857
2026-07-07T07:03:06.813298,2026-07-07T07:03:06.817622+00:00,155.8,23,ask,,,10515859
2026-07-07T07:03:06.837973,2026-07-07T07:03:06.845346+00:00,155.8,12,ask,,,10515860
2026-07-07T07:03:06.872104,2026-07-07T07:03:06.884055+00:00,155.8,5,ask,,,10515861
2026-07-07T07:03:06.952951,2026-07-07T07:03:06.958652+00:00,155.8,25,ask,,,10515865
2026-07-07T07:03:07.311183,2026-07-07T07:03:07.322950+00:00,155.7,20,ask,,,10515871
2026-07-07T07:03:08.423331,2026-07-07T07:03:08.435377+00:00,155.7,20,ask,,,10515903
2026-07-07T07:03:08.856942,2026-07-07T07:03:08.858597+00:00,155.7,20,ask,,,10515923
2026-07-07T07:03:09.135638,2026-07-07T07:03:09.147159+00:00,155.9,25,bid,,,10515930
2026-07-07T07:03:09.253408,2026-07-07T07:03:09.265198+00:00,155.7,5,ask,,,10515932
2026-07-07T07:03:09.284397,2026-07-07T07:03:09.292588+00:00,155.7,20,ask,,,10515934
2026-07-07T07:03:09.698815,2026-07-07T07:03:09.710602+00:00,155.9,20,bid,,,10515945
2026-07-07T07:03:09.838013,2026-07-07T07:03:09.852386+00:00,155.9,5,bid,,,10515946
2026-07-07T07:03:10.228678,2026-07-07T07:03:10.233430+00:00,155.8,11,bid,,,10515964
2026-07-07T07:03:10.338873,2026-07-07T07:03:10.347777+00:00,155.8,200,bid,,,10515967
2026-07-07T07:03:10.360820,2026-07-07T07:03:10.368882+00:00,155.8,25,bid,,,10515970
2026-07-07T07:03:10.581985,2026-07-07T07:03:10.589824+00:00,155.8,25,bid,,,10515973
2026-07-07T07:03:10.586268,2026-07-07T07:03:10.594998+00:00,155.7,21,ask,,,10515974
2026-07-07T07:03:11.472100,2026-07-07T07:03:11.483051+00:00,155.7,20,bid,,,10516000
2026-07-07T07:03:11.555234,2026-07-07T07:03:11.556203+00:00,155.7,200,bid,,,10516001
2026-07-07T07:03:11.688865,2026-07-07T07:03:11.700292+00:00,155.7,9,bid,,,10516006
2026-07-07T07:03:13.134885,2026-07-07T07:03:13.138802+00:00,155.6,11,ask,,,10516036
2026-07-07T07:03:13.259677,2026-07-07T07:03:13.269777+00:00,155.6,25,ask,,,10516038
2026-07-07T07:03:13.976170,2026-07-07T07:03:13.987375+00:00,155.6,14,ask,,,10516051
2026-07-07T07:03:13.976170,2026-07-07T07:03:13.987375+00:00,155.6,6,ask,,,10516052
2026-07-07T07:03:14.545176,2026-07-07T07:03:14.556836+00:00,155.7,20,bid,,,10516063
2026-07-07T07:03:14.943284,2026-07-07T07:03:14.953093+00:00,155.7,25,bid,,,10516072
2026-07-07T07:03:15.589430,2026-07-07T07:03:15.603191+00:00,155.6,10,ask,,,10516092
2026-07-07T07:03:16.170724,2026-07-07T07:03:16.180962+00:00,155.8,10,bid,,,10516110
2026-07-07T07:03:17.517056,2026-07-07T07:03:17.531075+00:00,155.8,40,bid,,,10516134
2026-07-07T07:03:18.851417,2026-07-07T07:03:18.858641+00:00,155.9,20,bid,,,10516163
2026-07-07T07:03:19.399840,2026-07-07T07:03:19.413287+00:00,155.9,25,ask,,,10516173
2026-07-07T07:03:19.473649,2026-07-07T07:03:19.478657+00:00,156.1,10,bid,,,10516174
2026-07-07T07:03:19.561436,2026-07-07T07:03:19.572770+00:00,156.1,12,bid,,,10516176
2026-07-07T07:03:20.102325,2026-07-07T07:03:20.114141+00:00,156.1,25,bid,,,10516181
2026-07-07T07:03:20.556011,2026-07-07T07:03:20.568944+00:00,156.2,20,bid,,,10516193
2026-07-07T07:03:22.817138,2026-07-07T07:03:22.828790+00:00,156.0,25,ask,,,10516242
2026-07-07T07:03:23.968523,2026-07-07T07:03:23.977365+00:00,156.1,25,bid,,,10516257
2026-07-07T07:03:24.605977,2026-07-07T07:03:24.616629+00:00,156.0,25,ask,,,10516273
2026-07-07T07:03:25.243270,2026-07-07T07:03:25.258572+00:00,156.2,25,bid,,,10516283
2026-07-07T07:03:26.372825,2026-07-07T07:03:26.382017+00:00,156.2,12,bid,,,10516312
2026-07-07T07:03:26.754894,2026-07-07T07:03:26.751815+00:00,156.2,200,bid,,,10516323
2026-07-07T07:03:26.911027,2026-07-07T07:03:26.923361+00:00,156.2,25,ask,,,10516324
2026-07-07T07:03:28.588917,2026-07-07T07:03:28.598462+00:00,156.2,25,bid,,,10516354
2026-07-07T07:03:32.001657,2026-07-07T07:03:32.012749+00:00,156.2,200,bid,,,10516408
2026-07-07T07:03:32.108813,2026-07-07T07:03:32.112844+00:00,156.2,10,ask,,,10516413
2026-07-07T07:03:32.333476,2026-07-07T07:03:32.345310+00:00,156.2,25,ask,,,10516417
2026-07-07T07:03:32.664167,2026-07-07T07:03:32.674987+00:00,156.2,20,ask,,,10516432
2026-07-07T07:03:32.679415,2026-07-07T07:03:32.690918+00:00,156.2,12,ask,,,10516433
2026-07-07T07:03:34.625028,2026-07-07T07:03:34.636043+00:00,156.2,200,ask,,,10516459
2026-07-07T07:03:35.046516,2026-07-07T07:03:35.058603+00:00,156.2,25,bid,,,10516470
2026-07-07T07:03:35.932891,2026-07-07T07:03:35.940823+00:00,156.2,200,bid,,,10516486
2026-07-07T07:03:36.449607,2026-07-07T07:03:36.457723+00:00,156.5,12,bid,,,10516507
2026-07-07T07:03:38.742178,2026-07-07T07:03:38.746685+00:00,156.1,10,bid,,,10516529
2026-07-07T07:03:39.294578,2026-07-07T07:03:39.305618+00:00,155.9,12,ask,,,10516543
2026-07-07T07:03:39.306923,2026-07-07T07:03:39.318726+00:00,155.9,10,ask,,,10516544
2026-07-07T07:03:40.050672,2026-07-07T07:03:40.058589+00:00,156.3,10,bid,,,10516562
2026-07-07T07:03:40.589669,2026-07-07T07:03:40.601488+00:00,156.3,10,bid,,,10516570
2026-07-07T07:03:40.684396,2026-07-07T07:03:40.689016+00:00,156.1,1,bid,,,10516575
2026-07-07T07:03:40.737344,2026-07-07T07:03:40.747765+00:00,156.1,25,bid,,,10516577
2026-07-07T07:03:40.742963,2026-07-07T07:03:40.752732+00:00,156.0,16,ask,,,10516578
2026-07-07T07:03:41.238556,2026-07-07T07:03:41.250512+00:00,156.0,10,ask,,,10516586
2026-07-07T07:03:41.820878,2026-07-07T07:03:41.830278+00:00,156.1,10,bid,,,10516595
2026-07-07T07:03:41.848057,2026-07-07T07:03:41.858592+00:00,156.0,10,ask,,,10516598
2026-07-07T07:03:41.866004,2026-07-07T07:03:41.872770+00:00,156.0,200,ask,,,10516599
2026-07-07T07:03:45.360590,2026-07-07T07:03:45.372386+00:00,156.0,12,ask,,,10516651
2026-07-07T07:03:49.218405,2026-07-07T07:03:49.230404+00:00,156.0,20,ask,,,10516718
2026-07-07T07:03:50.126597,2026-07-07T07:03:50.138459+00:00,156.1,12,bid,,,10516736
2026-07-07T07:03:51.405238,2026-07-07T07:03:51.412000+00:00,156.1,12,ask,,,10516761
2026-07-07T07:03:51.660877,2026-07-07T07:03:51.671124+00:00,156.3,12,bid,,,10516770
2026-07-07T07:03:55.931073,2026-07-07T07:03:55.942986+00:00,156.3,12,bid,,,10516845
2026-07-07T07:03:56.509438,2026-07-07T07:03:56.521404+00:00,156.2,25,ask,,,10516851
2026-07-07T07:03:57.208253,2026-07-07T07:03:57.220147+00:00,156.3,25,bid,,,10516868
2026-07-07T07:03:57.894470,2026-07-07T07:03:57.906593+00:00,156.3,20,bid,,,10516875
2026-07-07T07:03:57.955191,2026-07-07T07:03:57.972364+00:00,156.2,12,ask,,,10516879
2026-07-07T07:04:00.216400,2026-07-07T07:04:00.228421+00:00,156.3,12,bid,,,10516916
2026-07-07T07:04:02.007355,2026-07-07T07:04:02.019024+00:00,156.1,10,ask,,,10516941
2026-07-07T07:04:02.438911,2026-07-07T07:04:02.447656+00:00,156.0,200,ask,,,10516949
2026-07-07T07:04:02.590521,2026-07-07T07:04:02.599231+00:00,156.2,10,bid,,,10516952
2026-07-07T07:04:02.780250,2026-07-07T07:04:02.789950+00:00,156.2,20,bid,,,10516957
2026-07-07T07:04:04.254816,2026-07-07T07:04:04.266723+00:00,156.1,12,bid,,,10516980
2026-07-07T07:04:05.192184,2026-07-07T07:04:05.213915+00:00,155.9,20,ask,,,10517001
2026-07-07T07:04:08.521084,2026-07-07T07:04:08.532977+00:00,155.9,12,ask,,,10517065
2026-07-07T07:04:08.675684,2026-07-07T07:04:08.687359+00:00,155.9,20,ask,,,10517066
2026-07-07T07:04:09.710841,2026-07-07T07:04:09.717954+00:00,155.9,200,bid,,,10517081
2026-07-07T07:04:12.838134,2026-07-07T07:04:12.847068+00:00,155.9,12,ask,,,10517131
2026-07-07T07:04:15.132704,2026-07-07T07:04:15.144453+00:00,156.1,25,ask,,,10517169
2026-07-07T07:04:15.830462,2026-07-07T07:04:15.837810+00:00,156.2,25,bid,,,10517183
2026-07-07T07:04:18.973119,2026-07-07T07:04:18.980625+00:00,156.2,20,bid,,,10517238
2026-07-07T07:04:19.553209,2026-07-07T07:04:19.558615+00:00,156.1,20,ask,,,10517245
2026-07-07T07:04:21.197468,2026-07-07T07:04:21.201236+00:00,156.2,10,bid,,,10517274
2026-07-07T07:04:21.383095,2026-07-07T07:04:21.391609+00:00,156.2,12,bid,,,10517277
2026-07-07T07:04:21.843826,2026-07-07T07:04:21.858563+00:00,156.1,10,ask,,,10517289
2026-07-07T07:04:21.934517,2026-07-07T07:04:21.945712+00:00,156.3,12,bid,,,10517290
2026-07-07T07:04:22.424150,2026-07-07T07:04:22.432093+00:00,156.3,10,bid,,,10517296
2026-07-07T07:04:23.202982,2026-07-07T07:04:23.211866+00:00,156.3,12,bid,,,10517313
2026-07-07T07:04:24.289599,2026-07-07T07:04:24.293654+00:00,156.2,2,bid,,,10517339
2026-07-07T07:04:24.348763,2026-07-07T07:04:24.357476+00:00,156.2,13,bid,,,10517341
2026-07-07T07:04:27.470183,2026-07-07T07:04:27.482849+00:00,156.2,20,bid,,,10517391
2026-07-07T07:04:27.735318,2026-07-07T07:04:27.745452+00:00,156.2,10,bid,,,10517395
2026-07-07T07:04:27.906202,2026-07-07T07:04:27.915490+00:00,156.2,200,bid,,,10517398
2026-07-07T07:04:29.114588,2026-07-07T07:04:29.123737+00:00,156.3,200,bid,,,10517420
2026-07-07T07:04:29.261392,2026-07-07T07:04:29.271981+00:00,156.3,4,bid,,,10517421
2026-07-07T07:04:32.758479,2026-07-07T07:04:32.762571+00:00,156.3,11,bid,,,10517468
2026-07-07T07:04:34.939296,2026-07-07T07:04:34.947838+00:00,156.4,200,bid,,,10517495
2026-07-07T07:04:35.160495,2026-07-07T07:04:35.168977+00:00,156.4,200,ask,,,10517498
2026-07-07T07:04:36.368660,2026-07-07T07:04:36.379498+00:00,156.4,200,bid,,,10517523
2026-07-07T07:04:37.576878,2026-07-07T07:04:37.585587+00:00,156.4,200,bid,,,10517549
2026-07-07T07:04:38.568037,2026-07-07T07:04:38.579966+00:00,156.1,12,ask,,,10517567
2026-07-07T07:04:38.694186,2026-07-07T07:04:38.701659+00:00,156.1,10,ask,,,10517568
2026-07-07T07:04:38.783582,2026-07-07T07:04:38.790301+00:00,156.4,200,bid,,,10517571
2026-07-07T07:04:39.283280,2026-07-07T07:04:39.295368+00:00,156.5,10,bid,,,10517582
2026-07-07T07:04:39.585321,2026-07-07T07:04:39.597308+00:00,156.3,12,ask,,,10517588
2026-07-07T07:04:39.934931,2026-07-07T07:04:39.944800+00:00,156.3,10,ask,,,10517594
2026-07-07T07:04:39.993746,2026-07-07T07:04:40.002003+00:00,156.5,200,bid,,,10517596
2026-07-07T07:04:40.309714,2026-07-07T07:04:40.321829+00:00,156.2,20,ask,,,10517605
2026-07-07T07:04:40.534188,2026-07-07T07:04:40.544755+00:00,156.5,10,bid,,,10517609
2026-07-07T07:04:40.750695,2026-07-07T07:04:40.761097+00:00,156.2,10,ask,,,10517618
2026-07-07T07:04:41.229276,2026-07-07T07:04:41.233385+00:00,156.4,10,ask,,,10517623
2026-07-07T07:04:41.239241,2026-07-07T07:04:41.243004+00:00,156.4,1,ask,,,10517625
2026-07-07T07:04:41.490251,2026-07-07T07:04:41.500437+00:00,156.4,189,ask,,,10517628
2026-07-07T07:04:41.802872,2026-07-07T07:04:41.814846+00:00,156.4,20,bid,,,10517640
2026-07-07T07:04:42.876671,2026-07-07T07:04:42.884795+00:00,156.4,10,ask,,,10517649
2026-07-07T07:04:43.473250,2026-07-07T07:04:43.480412+00:00,156.5,10,bid,,,10517659
2026-07-07T07:04:43.524187,2026-07-07T07:04:43.535552+00:00,156.4,10,ask,,,10517661
2026-07-07T07:04:43.623778,2026-07-07T07:04:43.635015+00:00,156.5,200,bid,,,10517663
2026-07-07T07:04:44.074187,2026-07-07T07:04:44.084911+00:00,156.4,500,ask,,,10517670
2026-07-07T07:04:45.423149,2026-07-07T07:04:45.444021+00:00,156.4,500,bid,,,10517693
2026-07-07T07:04:45.439727,2026-07-07T07:04:45.444021+00:00,156.5,12,ask,,,10517695
2026-07-07T07:04:45.680819,2026-07-07T07:04:45.692706+00:00,156.5,25,ask,,,10517696
2026-07-07T07:04:45.876995,2026-07-07T07:04:45.886427+00:00,156.5,88,ask,,,10517700
2026-07-07T07:04:46.325471,2026-07-07T07:04:46.335188+00:00,156.4,25,bid,,,10517706
2026-07-07T07:04:46.434887,2026-07-07T07:04:46.446686+00:00,156.3,12,ask,,,10517711
2026-07-07T07:04:46.452898,2026-07-07T07:04:46.464857+00:00,156.3,13,ask,,,10517712
2026-07-07T07:04:46.484153,2026-07-07T07:04:46.491163+00:00,156.3,175,ask,,,10517713
2026-07-07T07:04:46.634813,2026-07-07T07:04:46.638646+00:00,156.3,12,bid,,,10517722
2026-07-07T07:04:46.709919,2026-07-07T07:04:46.718781+00:00,156.3,15,bid,,,10517726
2026-07-07T07:04:46.789764,2026-07-07T07:04:46.799389+00:00,156.3,25,bid,,,10517730
2026-07-07T07:04:46.794227,2026-07-07T07:04:46.804964+00:00,156.1,2,ask,,,10517731
2026-07-07T07:04:47.034024,2026-07-07T07:04:47.046139+00:00,156.3,13,bid,,,10517733
2026-07-07T07:04:48.697480,2026-07-07T07:04:48.701890+00:00,156.1,10,ask,,,10517761
2026-07-07T07:04:48.743612,2026-07-07T07:04:48.753925+00:00,156.1,20,ask,,,10517762
2026-07-07T07:04:48.748196,2026-07-07T07:04:48.759144+00:00,156.1,12,ask,,,10517763
2026-07-07T07:04:48.929336,2026-07-07T07:04:48.940240+00:00,156.1,158,ask,,,10517766
2026-07-07T07:04:49.783762,2026-07-07T07:04:49.795850+00:00,156.0,10,ask,,,10517782
2026-07-07T07:04:49.816760,2026-07-07T07:04:49.829647+00:00,156.0,20,ask,,,10517783
2026-07-07T07:04:50.367982,2026-07-07T07:04:50.379674+00:00,156.1,10,bid,,,10517790
2026-07-07T07:04:50.549029,2026-07-07T07:04:50.552879+00:00,156.0,2,ask,,,10517793
2026-07-07T07:04:50.667292,2026-07-07T07:04:50.675012+00:00,156.1,190,bid,,,10517797
2026-07-07T07:04:50.682432,2026-07-07T07:04:50.686057+00:00,156.1,11,ask,,,10517799
2026-07-07T07:04:50.897368,2026-07-07T07:04:50.907086+00:00,156.1,20,ask,,,10517805
2026-07-07T07:04:51.017439,2026-07-07T07:04:51.026399+00:00,156.1,25,ask,,,10517807
2026-07-07T07:04:51.131488,2026-07-07T07:04:51.142612+00:00,156.1,10,ask,,,10517809
2026-07-07T07:04:52.227587,2026-07-07T07:04:52.235893+00:00,156.1,25,bid,,,10517828
2026-07-07T07:04:52.251311,2026-07-07T07:04:52.258603+00:00,156.0,18,ask,,,10517830
2026-07-07T07:04:52.251311,2026-07-07T07:04:52.258603+00:00,156.0,2,ask,,,10517831
2026-07-07T07:04:52.881421,2026-07-07T07:04:52.893585+00:00,156.1,10,bid,,,10517846
2026-07-07T07:04:53.296986,2026-07-07T07:04:53.327806+00:00,156.0,198,ask,,,10517857
2026-07-07T07:04:53.323738,2026-07-07T07:04:53.327806+00:00,156.0,11,bid,,,10517860
2026-07-07T07:04:54.553839,2026-07-07T07:04:54.558593+00:00,155.9,25,ask,,,10517880
2026-07-07T07:04:55.047868,2026-07-07T07:04:55.058574+00:00,155.9,12,ask,,,10517893
2026-07-07T07:04:55.155619,2026-07-07T07:04:55.159771+00:00,155.9,10,ask,,,10517899
2026-07-07T07:04:55.196403,2026-07-07T07:04:55.204548+00:00,155.9,20,ask,,,10517900
2026-07-07T07:04:56.273851,2026-07-07T07:04:56.278162+00:00,155.9,1,ask,,,10517912
2026-07-07T07:04:57.338455,2026-07-07T07:04:57.349624+00:00,155.9,20,ask,,,10517935
2026-07-07T07:04:57.964433,2026-07-07T07:04:57.976534+00:00,156.0,25,bid,,,10517943
2026-07-07T07:04:58.424564,2026-07-07T07:04:58.432458+00:00,156.0,20,bid,,,10517954
2026-07-07T07:04:58.553311,2026-07-07T07:04:58.558588+00:00,156.0,180,bid,,,10517962
2026-07-07T07:04:58.662675,2026-07-07T07:04:58.670101+00:00,156.0,25,ask,,,10517964
2026-07-07T07:04:59.291688,2026-07-07T07:04:59.303141+00:00,156.0,14,ask,,,10517976
2026-07-07T07:04:59.337830,2026-07-07T07:04:59.349639+00:00,156.0,12,ask,,,10517978
2026-07-07T07:05:00.590461,2026-07-07T07:05:00.598688+00:00,156.1,200,bid,,,10517998
2026-07-07T07:05:01.800596,2026-07-07T07:05:01.808158+00:00,155.9,200,bid,,,10518016
2026-07-07T07:05:03.026344,2026-07-07T07:05:03.031059+00:00,156.0,11,ask,,,10518039
2026-07-07T07:05:03.180099,2026-07-07T07:05:03.189349+00:00,156.0,25,ask,,,10518044
2026-07-07T07:05:03.408856,2026-07-07T07:05:03.420711+00:00,156.0,25,ask,,,10518048
2026-07-07T07:05:03.672306,2026-07-07T07:05:03.680390+00:00,156.0,25,ask,,,10518052
2026-07-07T07:05:03.811213,2026-07-07T07:05:03.818863+00:00,156.0,114,ask,,,10518056
2026-07-07T07:05:03.811213,2026-07-07T07:05:03.823850+00:00,155.8,50,ask,,,10518057
2026-07-07T07:05:03.834336,2026-07-07T07:05:03.838428+00:00,155.8,11,bid,,,10518062
2026-07-07T07:05:03.845260,2026-07-07T07:05:03.849054+00:00,155.8,34,bid,,,10518064
2026-07-07T07:05:03.916405,2026-07-07T07:05:03.928629+00:00,155.8,12,bid,,,10518066
2026-07-07T07:05:03.952586,2026-07-07T07:05:03.964474+00:00,155.8,25,bid,,,10518070
2026-07-07T07:05:04.179606,2026-07-07T07:05:04.186743+00:00,155.6,12,ask,,,10518075
2026-07-07T07:05:04.234964,2026-07-07T07:05:04.238906+00:00,155.7,11,ask,,,10518077
2026-07-07T07:05:04.324398,2026-07-07T07:05:04.336221+00:00,155.8,11,bid,,,10518080
2026-07-07T07:05:05.436737,2026-07-07T07:05:05.448477+00:00,155.8,12,ask,,,10518099
2026-07-07T07:05:05.596320,2026-07-07T07:05:05.600464+00:00,155.8,10,ask,,,10518102
2026-07-07T07:05:06.122624,2026-07-07T07:05:06.126701+00:00,155.8,2,ask,,,10518116
2026-07-07T07:05:06.449381,2026-07-07T07:05:06.454353+00:00,155.9,8,ask,,,10518121
2026-07-07T07:05:06.687121,2026-07-07T07:05:06.694518+00:00,155.9,25,ask,,,10518131
2026-07-07T07:05:07.056112,2026-07-07T07:05:07.060447+00:00,155.9,3,ask,,,10518141
2026-07-07T07:05:07.169565,2026-07-07T07:05:07.181259+00:00,155.9,20,ask,,,10518144
2026-07-07T07:05:08.221694,2026-07-07T07:05:08.232899+00:00,155.9,12,ask,,,10518172
2026-07-07T07:05:10.238268,2026-07-07T07:05:10.248897+00:00,156.0,12,bid,,,10518212
2026-07-07T07:05:10.504230,2026-07-07T07:05:10.511433+00:00,156.0,25,bid,,,10518221
2026-07-07T07:05:10.985763,2026-07-07T07:05:10.994766+00:00,155.8,20,ask,,,10518229
2026-07-07T07:05:14.252348,2026-07-07T07:05:14.264192+00:00,155.9,12,ask,,,10518283
2026-07-07T07:05:14.321942,2026-07-07T07:05:14.331637+00:00,156.0,13,bid,,,10518287
2026-07-07T07:05:14.321942,2026-07-07T07:05:14.331637+00:00,156.0,200,bid,,,10518288
2026-07-07T07:05:14.366441,2026-07-07T07:05:14.371260+00:00,156.2,10,ask,,,10518290
2026-07-07T07:05:14.377553,2026-07-07T07:05:14.382378+00:00,156.2,1,ask,,,10518292
2026-07-07T07:05:14.447661,2026-07-07T07:05:14.454443+00:00,156.2,25,ask,,,10518295
2026-07-07T07:05:14.770226,2026-07-07T07:05:14.781583+00:00,156.2,25,ask,,,10518307
2026-07-07T07:05:14.844620,2026-07-07T07:05:14.849033+00:00,156.2,10,ask,,,10518312
2026-07-07T07:05:15.020235,2026-07-07T07:05:15.031025+00:00,156.2,12,ask,,,10518315
2026-07-07T07:05:15.109411,2026-07-07T07:05:15.116463+00:00,156.2,200,ask,,,10518316
2026-07-07T07:05:15.435968,2026-07-07T07:05:15.440503+00:00,156.2,2,ask,,,10518318
2026-07-07T07:05:16.288893,2026-07-07T07:05:16.300754+00:00,156.0,12,ask,,,10518340
2026-07-07T07:05:16.577276,2026-07-07T07:05:16.588823+00:00,156.2,25,bid,,,10518341
2026-07-07T07:05:16.760576,2026-07-07T07:05:16.769338+00:00,156.2,20,bid,,,10518347
2026-07-07T07:05:18.304962,2026-07-07T07:05:18.312297+00:00,156.1,12,bid,,,10518384
2026-07-07T07:05:18.425649,2026-07-07T07:05:18.434598+00:00,156.1,20,bid,,,10518387
2026-07-07T07:05:19.487607,2026-07-07T07:05:19.499110+00:00,156.1,10,bid,,,10518409
2026-07-07T07:05:19.487607,2026-07-07T07:05:19.499110+00:00,156.1,10,bid,,,10518410
2026-07-07T07:05:19.562146,2026-07-07T07:05:19.568969+00:00,156.1,12,bid,,,10518416
2026-07-07T07:05:19.889760,2026-07-07T07:05:19.902131+00:00,155.9,20,ask,,,10518418
2026-07-07T07:05:21.070316,2026-07-07T07:05:21.078599+00:00,155.9,12,ask,,,10518453
2026-07-07T07:05:21.859991,2026-07-07T07:05:21.869995+00:00,156.0,25,ask,,,10518474
2026-07-07T07:05:22.558703,2026-07-07T07:05:22.570540+00:00,156.1,25,bid,,,10518493
2026-07-07T07:05:22.675729,2026-07-07T07:05:22.687379+00:00,155.9,25,ask,,,10518495
2026-07-07T07:05:25.651426,2026-07-07T07:05:25.658568+00:00,156.0,20,ask,,,10518539
2026-07-07T07:05:26.004034,2026-07-07T07:05:26.007799+00:00,156.2,23,bid,,,10518544
2026-07-07T07:05:27.264823,2026-07-07T07:05:27.269060+00:00,156.1,11,bid,,,10518559
2026-07-07T07:05:27.535231,2026-07-07T07:05:27.544358+00:00,156.1,12,bid,,,10518568
2026-07-07T07:05:33.063748,2026-07-07T07:05:33.074961+00:00,156.2,12,bid,,,10518653
2026-07-07T07:05:33.245843,2026-07-07T07:05:33.254860+00:00,156.2,10,bid,,,10518658
2026-07-07T07:05:33.245843,2026-07-07T07:05:33.254860+00:00,156.2,10,bid,,,10518659
2026-07-07T07:05:34.494531,2026-07-07T07:05:34.505627+00:00,156.1,200,ask,,,10518679
2026-07-07T07:05:35.448170,2026-07-07T07:05:35.458595+00:00,156.0,20,ask,,,10518702
2026-07-07T07:05:37.146855,2026-07-07T07:05:37.158563+00:00,156.0,20,ask,,,10518734
2026-07-07T07:05:37.362096,2026-07-07T07:05:37.369296+00:00,156.0,10,ask,,,10518739
2026-07-07T07:05:37.362096,2026-07-07T07:05:37.374560+00:00,156.0,490,ask,,,10518740
2026-07-07T07:05:37.530463,2026-07-07T07:05:37.538617+00:00,156.1,20,bid,,,10518747
2026-07-07T07:05:37.961754,2026-07-07T07:05:38.002667+00:00,156.0,135,ask,,,10518757
2026-07-07T07:05:37.998104,2026-07-07T07:05:38.002667+00:00,156.0,12,bid,,,10518762
2026-07-07T07:05:38.007565,2026-07-07T07:05:38.018381+00:00,156.0,25,bid,,,10518764
2026-07-07T07:05:38.014562,2026-07-07T07:05:38.023350+00:00,155.9,200,ask,,,10518765
2026-07-07T07:05:38.029828,2026-07-07T07:05:38.034348+00:00,155.9,11,bid,,,10518767
2026-07-07T07:05:38.103288,2026-07-07T07:05:38.114499+00:00,155.9,13,bid,,,10518770
2026-07-07T07:05:38.512929,2026-07-07T07:05:38.521297+00:00,155.9,50,bid,,,10518776
2026-07-07T07:05:38.729017,2026-07-07T07:05:38.733369+00:00,155.6,23,ask,,,10518786
2026-07-07T07:05:38.874918,2026-07-07T07:05:38.885014+00:00,155.6,12,ask,,,10518792
2026-07-07T07:05:38.885020,2026-07-07T07:05:38.896743+00:00,155.6,25,ask,,,10518793
2026-07-07T07:05:39.336193,2026-07-07T07:05:39.351980+00:00,155.8,200,ask,,,10518806
2026-07-07T07:05:39.348010,2026-07-07T07:05:39.351980+00:00,155.8,22,ask,,,10518808
2026-07-07T07:05:39.504150,2026-07-07T07:05:39.515614+00:00,155.8,25,ask,,,10518811
2026-07-07T07:05:39.514635,2026-07-07T07:05:39.526027+00:00,156.0,7,bid,,,10518813
2026-07-07T07:05:39.642188,2026-07-07T07:05:39.653475+00:00,156.0,12,bid,,,10518820
2026-07-07T07:05:40.053949,2026-07-07T07:05:40.058555+00:00,155.9,25,bid,,,10518832
2026-07-07T07:05:40.148732,2026-07-07T07:05:40.163641+00:00,155.8,12,ask,,,10518834
2026-07-07T07:05:40.172261,2026-07-07T07:05:40.179408+00:00,155.8,13,ask,,,10518836
2026-07-07T07:05:40.756366,2026-07-07T07:05:40.768195+00:00,155.9,13,bid,,,10518846
2026-07-07T07:05:40.880420,2026-07-07T07:05:40.892373+00:00,155.7,3,ask,,,10518850
2026-07-07T07:05:41.463097,2026-07-07T07:05:41.473465+00:00,155.8,3,bid,,,10518860
2026-07-07T07:05:41.502831,2026-07-07T07:05:41.514836+00:00,155.8,35,bid,,,10518863
2026-07-07T07:05:41.542742,2026-07-07T07:05:41.546794+00:00,155.8,10,bid,,,10518865
2026-07-07T07:05:41.836415,2026-07-07T07:05:41.840515+00:00,155.8,1,bid,,,10518878
2026-07-07T07:05:42.110416,2026-07-07T07:05:42.120462+00:00,155.6,10,ask,,,10518884
2026-07-07T07:05:42.692277,2026-07-07T07:05:42.704262+00:00,155.8,10,bid,,,10518902
2026-07-07T07:05:44.187840,2026-07-07T07:05:44.195575+00:00,155.8,200,bid,,,10518926
2026-07-07T07:05:44.946446,2026-07-07T07:05:44.954603+00:00,155.8,20,bid,,,10518940
2026-07-07T07:05:45.223769,2026-07-07T07:05:45.232856+00:00,155.7,42,ask,,,10518948
2026-07-07T07:05:45.231334,2026-07-07T07:05:45.243123+00:00,155.7,12,bid,,,10518949
2026-07-07T07:05:45.397275,2026-07-07T07:05:45.408852+00:00,155.7,200,bid,,,10518954
2026-07-07T07:05:46.609162,2026-07-07T07:05:46.620177+00:00,155.6,200,bid,,,10518974
2026-07-07T07:05:48.019464,2026-07-07T07:05:48.036190+00:00,155.6,12,bid,,,10518993
2026-07-07T07:05:49.816091,2026-07-07T07:05:49.824878+00:00,155.5,500,bid,,,10519024
2026-07-07T07:05:49.816091,2026-07-07T07:05:49.824878+00:00,155.6,125,bid,,,10519025
2026-07-07T07:05:50.531298,2026-07-07T07:05:50.540760+00:00,155.4,12,ask,,,10519035
2026-07-07T07:05:52.614392,2026-07-07T07:05:52.622246+00:00,155.6,25,ask,,,10519069
2026-07-07T07:05:52.902175,2026-07-07T07:05:52.914174+00:00,155.6,20,ask,,,10519077
2026-07-07T07:05:54.294122,2026-07-07T07:05:54.308312+00:00,155.6,25,bid,,,10519108
2026-07-07T07:05:56.279469,2026-07-07T07:05:56.289666+00:00,155.6,200,bid,,,10519140
2026-07-07T07:05:56.596619,2026-07-07T07:05:56.607185+00:00,155.6,20,bid,,,10519149
2026-07-07T07:05:56.838769,2026-07-07T07:05:56.850601+00:00,155.6,12,bid,,,10519156
2026-07-07T07:05:58.098130,2026-07-07T07:05:58.110137+00:00,155.5,25,ask,,,10519181
2026-07-07T07:05:58.608336,2026-07-07T07:05:58.618754+00:00,155.5,12,ask,,,10519191
2026-07-07T07:05:58.694387,2026-07-07T07:05:58.703534+00:00,155.7,200,bid,,,10519194
2026-07-07T07:05:59.115565,2026-07-07T07:05:59.127528+00:00,155.7,12,bid,,,10519204
2026-07-07T07:06:00.089625,2026-07-07T07:06:00.101429+00:00,155.6,25,ask,,,10519223
2026-07-07T07:06:00.312290,2026-07-07T07:06:00.319106+00:00,155.6,175,ask,,,10519232
2026-07-07T07:06:00.646332,2026-07-07T07:06:00.658534+00:00,155.6,12,bid,,,10519237
2026-07-07T07:06:00.785122,2026-07-07T07:06:00.794320+00:00,155.6,25,bid,,,10519239
2026-07-07T07:06:00.903057,2026-07-07T07:06:00.914794+00:00,155.4,12,ask,,,10519245
2026-07-07T07:06:02.659991,2026-07-07T07:06:02.669799+00:00,155.4,20,ask,,,10519273
2026-07-07T07:06:07.650017,2026-07-07T07:06:07.656477+00:00,155.4,10,ask,,,10519374
2026-07-07T07:06:08.111182,2026-07-07T07:06:08.121948+00:00,155.7,20,bid,,,10519383
2026-07-07T07:06:08.244859,2026-07-07T07:06:08.253733+00:00,155.6,10,bid,,,10519391
2026-07-07T07:06:09.199798,2026-07-07T07:06:09.211437+00:00,155.6,12,bid,,,10519407
2026-07-07T07:06:10.833281,2026-07-07T07:06:10.837728+00:00,155.4,10,bid,,,10519448
2026-07-07T07:06:10.969377,2026-07-07T07:06:10.981107+00:00,155.3,10,ask,,,10519449
2026-07-07T07:06:11.209751,2026-07-07T07:06:11.222216+00:00,155.3,12,ask,,,10519453
2026-07-07T07:06:11.218470,2026-07-07T07:06:11.222216+00:00,155.4,1,bid,,,10519455
2026-07-07T07:06:11.563775,2026-07-07T07:06:11.575527+00:00,155.4,10,bid,,,10519458
2026-07-07T07:06:11.607577,2026-07-07T07:06:11.619363+00:00,155.3,20,ask,,,10519460
2026-07-07T07:06:12.446357,2026-07-07T07:06:12.453525+00:00,155.4,200,bid,,,10519477
2026-07-07T07:06:12.446357,2026-07-07T07:06:12.458501+00:00,155.5,300,bid,,,10519478
2026-07-07T07:06:13.076206,2026-07-07T07:06:13.084363+00:00,155.5,325,bid,,,10519489
2026-07-07T07:06:13.233139,2026-07-07T07:06:13.242989+00:00,155.5,25,ask,,,10519497
2026-07-07T07:06:13.441211,2026-07-07T07:06:13.463168+00:00,155.6,200,bid,,,10519505
2026-07-07T07:06:13.459372,2026-07-07T07:06:13.463168+00:00,155.7,22,ask,,,10519507
2026-07-07T07:06:13.477108,2026-07-07T07:06:13.483995+00:00,155.7,25,ask,,,10519508
2026-07-07T07:06:13.486372,2026-07-07T07:06:13.494492+00:00,155.9,22,bid,,,10519510
2026-07-07T07:06:13.871169,2026-07-07T07:06:13.883198+00:00,155.8,25,bid,,,10519520
2026-07-07T07:06:13.920491,2026-07-07T07:06:13.927756+00:00,155.7,13,ask,,,10519523
2026-07-07T07:06:13.987586,2026-07-07T07:06:13.994875+00:00,155.7,12,ask,,,10519525
2026-07-07T07:06:14.516288,2026-07-07T07:06:14.525887+00:00,155.7,25,ask,,,10519540
2026-07-07T07:06:15.209802,2026-07-07T07:06:15.218743+00:00,155.8,25,bid,,,10519557
2026-07-07T07:06:15.255250,2026-07-07T07:06:15.261934+00:00,155.6,11,ask,,,10519561
2026-07-07T07:06:15.336514,2026-07-07T07:06:15.347599+00:00,155.6,14,ask,,,10519564
2026-07-07T07:06:15.916507,2026-07-07T07:06:15.928492+00:00,155.7,14,bid,,,10519570
2026-07-07T07:06:16.012030,2026-07-07T07:06:16.023831+00:00,155.6,12,ask,,,10519572
2026-07-07T07:06:17.542481,2026-07-07T07:06:17.554233+00:00,155.7,12,bid,,,10519618
2026-07-07T07:06:17.565520,2026-07-07T07:06:17.569377+00:00,155.7,10,bid,,,10519621
2026-07-07T07:06:18.092065,2026-07-07T07:06:18.096032+00:00,155.7,1,bid,,,10519630
2026-07-07T07:06:18.143350,2026-07-07T07:06:18.155247+00:00,155.6,10,ask,,,10519631
2026-07-07T07:06:18.724998,2026-07-07T07:06:18.736994+00:00,155.7,10,bid,,,10519645
2026-07-07T07:06:18.851590,2026-07-07T07:06:18.854775+00:00,155.6,1,ask,,,10519651
2026-07-07T07:06:19.430457,2026-07-07T07:06:19.439993+00:00,155.7,1,bid,,,10519656
2026-07-07T07:06:19.710756,2026-07-07T07:06:19.718625+00:00,155.7,20,bid,,,10519664
2026-07-07T07:06:20.036110,2026-07-07T07:06:20.039638+00:00,155.7,10,bid,,,10519679
2026-07-07T07:06:20.628855,2026-07-07T07:06:20.632909+00:00,155.7,1,bid,,,10519696
2026-07-07T07:06:20.870415,2026-07-07T07:06:20.880049+00:00,155.7,20,bid,,,10519702
2026-07-07T07:06:21.185644,2026-07-07T07:06:21.197598+00:00,155.5,10,ask,,,10519709
2026-07-07T07:06:21.769170,2026-07-07T07:06:21.781054+00:00,155.7,10,bid,,,10519721
2026-07-07T07:06:21.888608,2026-07-07T07:06:21.900322+00:00,155.6,3,ask,,,10519723
2026-07-07T07:06:22.470734,2026-07-07T07:06:22.482574+00:00,155.7,3,bid,,,10519736
2026-07-07T07:06:23.946072,2026-07-07T07:06:23.953635+00:00,155.7,200,bid,,,10519767
2026-07-07T07:06:24.130301,2026-07-07T07:06:24.140520+00:00,155.8,200,ask,,,10519771
2026-07-07T07:06:25.947060,2026-07-07T07:06:25.958553+00:00,155.8,20,bid,,,10519801
2026-07-07T07:06:26.101819,2026-07-07T07:06:26.112570+00:00,155.8,12,bid,,,10519802
2026-07-07T07:06:26.237787,2026-07-07T07:06:26.249941+00:00,155.8,20,bid,,,10519804
2026-07-07T07:06:30.499036,2026-07-07T07:06:30.507846+00:00,155.8,200,bid,,,10519881
2026-07-07T07:06:32.376610,2026-07-07T07:06:32.387685+00:00,155.9,20,bid,,,10519916
2026-07-07T07:06:32.980678,2026-07-07T07:06:32.993775+00:00,155.8,10,ask,,,10519925
2026-07-07T07:06:33.389637,2026-07-07T07:06:33.398846+00:00,155.9,12,bid,,,10519938
2026-07-07T07:06:33.560528,2026-07-07T07:06:33.570818+00:00,155.9,10,bid,,,10519946
2026-07-07T07:06:36.260963,2026-07-07T07:06:36.265278+00:00,155.8,12,bid,,,10519997
2026-07-07T07:06:36.271207,2026-07-07T07:06:36.285627+00:00,155.8,25,bid,,,10519999
2026-07-07T07:06:36.279772,2026-07-07T07:06:36.291319+00:00,155.8,20,bid,,,10520001
2026-07-07T07:06:36.495256,2026-07-07T07:06:36.505494+00:00,155.8,4,bid,,,10520006
2026-07-07T07:06:38.386101,2026-07-07T07:06:38.407147+00:00,155.7,200,ask,,,10520043
2026-07-07T07:06:38.403156,2026-07-07T07:06:38.407147+00:00,155.7,11,bid,,,10520045
2026-07-07T07:06:38.502183,2026-07-07T07:06:38.513632+00:00,155.7,3,bid,,,10520048
2026-07-07T07:06:38.666495,2026-07-07T07:06:38.674208+00:00,155.7,200,bid,,,10520054
2026-07-07T07:06:38.800432,2026-07-07T07:06:38.811383+00:00,155.7,12,bid,,,10520061
2026-07-07T07:06:39.377975,2026-07-07T07:06:39.389571+00:00,155.6,10,ask,,,10520071
2026-07-07T07:06:39.759836,2026-07-07T07:06:39.764710+00:00,155.7,11,ask,,,10520076
2026-07-07T07:06:39.967676,2026-07-07T07:06:39.978531+00:00,155.9,8,bid,,,10520085
2026-07-07T07:06:39.967676,2026-07-07T07:06:39.978531+00:00,155.9,2,bid,,,10520086
2026-07-07T07:06:40.852076,2026-07-07T07:06:40.858588+00:00,155.9,12,bid,,,10520105
2026-07-07T07:06:41.512653,2026-07-07T07:06:41.523161+00:00,155.9,20,ask,,,10520129
2026-07-07T07:06:41.622685,2026-07-07T07:06:41.632448+00:00,155.9,11,ask,,,10520132
2026-07-07T07:06:41.655205,2026-07-07T07:06:41.666721+00:00,155.9,10,ask,,,10520134
2026-07-07T07:06:41.711450,2026-07-07T07:06:41.722256+00:00,155.9,50,ask,,,10520136
2026-07-07T07:06:42.010772,2026-07-07T07:06:42.014578+00:00,156.0,11,bid,,,10520144
2026-07-07T07:06:42.178337,2026-07-07T07:06:42.189766+00:00,156.0,20,bid,,,10520148
2026-07-07T07:06:42.184422,2026-07-07T07:06:42.195045+00:00,156.0,14,bid,,,10520149
2026-07-07T07:06:42.240077,2026-07-07T07:06:42.251864+00:00,156.0,10,bid,,,10520151
2026-07-07T07:06:42.327135,2026-07-07T07:06:42.331041+00:00,155.9,12,bid,,,10520157
2026-07-07T07:06:42.353367,2026-07-07T07:06:42.357872+00:00,155.8,11,bid,,,10520159
2026-07-07T07:06:42.445420,2026-07-07T07:06:42.463777+00:00,155.8,3,bid,,,10520165
2026-07-07T07:06:42.723800,2026-07-07T07:06:42.732394+00:00,155.8,13,bid,,,10520169
2026-07-07T07:06:44.954720,2026-07-07T07:06:44.963883+00:00,155.7,200,ask,,,10520220
2026-07-07T07:06:45.165576,2026-07-07T07:06:45.169914+00:00,155.6,11,ask,,,10520226
2026-07-07T07:06:45.233045,2026-07-07T07:06:45.237006+00:00,155.6,12,ask,,,10520231
2026-07-07T07:06:45.490287,2026-07-07T07:06:45.502317+00:00,155.6,1,ask,,,10520240
2026-07-07T07:06:45.490287,2026-07-07T07:06:45.502317+00:00,155.4,9,ask,,,10520241
2026-07-07T07:06:46.076115,2026-07-07T07:06:46.085287+00:00,155.7,10,bid,,,10520249
2026-07-07T07:06:47.283201,2026-07-07T07:06:47.295179+00:00,155.5,11,ask,,,10520269
2026-07-07T07:06:47.950341,2026-07-07T07:06:47.958643+00:00,155.5,20,ask,,,10520288
2026-07-07T07:06:48.354296,2026-07-07T07:06:48.358070+00:00,155.6,10,ask,,,10520295
2026-07-07T07:06:48.389631,2026-07-07T07:06:48.399921+00:00,155.7,20,bid,,,10520296
2026-07-07T07:06:51.978139,2026-07-07T07:06:51.987903+00:00,155.8,200,bid,,,10520369
2026-07-07T07:06:52.565186,2026-07-07T07:06:52.575912+00:00,155.6,4,ask,,,10520385
2026-07-07T07:06:53.202046,2026-07-07T07:06:53.206149+00:00,155.8,1,ask,,,10520392
2026-07-07T07:06:53.587946,2026-07-07T07:06:53.595895+00:00,155.8,9,ask,,,10520407
2026-07-07T07:06:54.170613,2026-07-07T07:06:54.180011+00:00,155.9,9,bid,,,10520419
2026-07-07T07:06:55.584526,2026-07-07T07:06:55.593767+00:00,155.9,12,bid,,,10520444
2026-07-07T07:06:56.778041,2026-07-07T07:06:56.785605+00:00,155.8,200,ask,,,10520459
2026-07-07T07:06:56.784546,2026-07-07T07:06:56.796173+00:00,155.5,20,ask,,,10520461
2026-07-07T07:06:56.965190,2026-07-07T07:06:56.972100+00:00,155.6,10,ask,,,10520467
2026-07-07T07:06:57.550324,2026-07-07T07:06:57.556993+00:00,155.8,10,bid,,,10520475
2026-07-07T07:07:02.100455,2026-07-07T07:07:02.112327+00:00,155.6,20,ask,,,10520563
2026-07-07T07:07:04.079273,2026-07-07T07:07:04.086470+00:00,155.9,200,bid,,,10520602
2026-07-07T07:07:04.289414,2026-07-07T07:07:04.296728+00:00,155.9,11,bid,,,10520609
2026-07-07T07:07:08.502202,2026-07-07T07:07:08.514200+00:00,155.9,20,bid,,,10520675
2026-07-07T07:07:13.790061,2026-07-07T07:07:13.799843+00:00,155.8,200,ask,,,10520784
2026-07-07T07:07:14.704778,2026-07-07T07:07:14.714553+00:00,155.8,12,ask,,,10520798
2026-07-07T07:07:15.188345,2026-07-07T07:07:15.208135+00:00,155.9,50,bid,,,10520802
2026-07-07T07:07:15.188345,2026-07-07T07:07:15.208135+00:00,155.9,200,bid,,,10520803
2026-07-07T07:07:15.204309,2026-07-07T07:07:15.208135+00:00,155.9,12,ask,,,10520805
2026-07-07T07:07:15.522746,2026-07-07T07:07:15.531570+00:00,155.9,25,ask,,,10520809
2026-07-07T07:07:16.205846,2026-07-07T07:07:16.208864+00:00,155.9,200,ask,,,10520823
2026-07-07T07:07:16.332648,2026-07-07T07:07:16.341247+00:00,155.9,20,ask,,,10520827
2026-07-07T07:07:16.520350,2026-07-07T07:07:16.524305+00:00,155.7,12,bid,,,10520834
2026-07-07T07:07:16.549943,2026-07-07T07:07:16.561416+00:00,155.6,12,ask,,,10520835
2026-07-07T07:07:16.681140,2026-07-07T07:07:16.689988+00:00,155.7,25,bid,,,10520837
2026-07-07T07:07:17.415741,2026-07-07T07:07:17.426539+00:00,155.7,200,bid,,,10520846
2026-07-07T07:07:19.292221,2026-07-07T07:07:19.303961+00:00,155.6,12,ask,,,10520880
2026-07-07T07:07:19.344405,2026-07-07T07:07:19.358623+00:00,155.6,11,ask,,,10520885
2026-07-07T07:07:19.344405,2026-07-07T07:07:19.358623+00:00,155.6,9,ask,,,10520886
2026-07-07T07:07:20.322466,2026-07-07T07:07:20.330959+00:00,155.8,12,bid,,,10520914
2026-07-07T07:07:21.047760,2026-07-07T07:07:21.051919+00:00,155.7,200,bid,,,10520931
2026-07-07T07:07:21.093821,2026-07-07T07:07:21.101760+00:00,155.7,10,bid,,,10520932
2026-07-07T07:07:23.811098,2026-07-07T07:07:23.822939+00:00,155.9,20,bid,,,10520972
2026-07-07T07:07:24.385000,2026-07-07T07:07:24.389074+00:00,155.8,12,ask,,,10520984
2026-07-07T07:07:24.696335,2026-07-07T07:07:24.708191+00:00,155.8,25,ask,,,10520991
2026-07-07T07:07:25.908059,2026-07-07T07:07:25.914935+00:00,155.8,12,ask,,,10521010
2026-07-07T07:07:26.376166,2026-07-07T07:07:26.390885+00:00,156.0,25,bid,,,10521016
2026-07-07T07:07:27.099689,2026-07-07T07:07:27.111018+00:00,155.9,200,bid,,,10521034
2026-07-07T07:07:28.843223,2026-07-07T07:07:28.852676+00:00,156.0,20,bid,,,10521063
2026-07-07T07:07:31.191495,2026-07-07T07:07:31.201832+00:00,155.9,500,ask,,,10521105
2026-07-07T07:07:32.432675,2026-07-07T07:07:32.443538+00:00,155.8,500,ask,,,10521123
2026-07-07T07:07:33.508632,2026-07-07T07:07:33.517379+00:00,155.9,12,bid,,,10521147
2026-07-07T07:07:33.566379,2026-07-07T07:07:33.574703+00:00,155.8,200,ask,,,10521148
2026-07-07T07:07:33.566379,2026-07-07T07:07:33.574703+00:00,155.6,50,ask,,,10521149
2026-07-07T07:07:33.586896,2026-07-07T07:07:33.590547+00:00,155.5,46,bid,,,10521152
2026-07-07T07:07:33.651486,2026-07-07T07:07:33.660455+00:00,155.5,25,bid,,,10521155
2026-07-07T07:07:33.873641,2026-07-07T07:07:33.885522+00:00,155.5,25,bid,,,10521164
2026-07-07T07:07:34.097677,2026-07-07T07:07:34.104396+00:00,155.5,2,bid,,,10521167
2026-07-07T07:07:34.370601,2026-07-07T07:07:34.379700+00:00,155.5,200,bid,,,10521175
2026-07-07T07:07:34.887325,2026-07-07T07:07:34.911485+00:00,155.6,500,bid,,,10521188
2026-07-07T07:07:34.907457,2026-07-07T07:07:34.911485+00:00,155.8,10,ask,,,10521190
2026-07-07T07:07:35.435134,2026-07-07T07:07:35.445284+00:00,155.8,115,ask,,,10521199
2026-07-07T07:07:35.577824,2026-07-07T07:07:35.586947+00:00,155.6,200,bid,,,10521203
2026-07-07T07:07:35.838453,2026-07-07T07:07:35.842870+00:00,155.4,1,ask,,,10521205
2026-07-07T07:07:36.188125,2026-07-07T07:07:36.206596+00:00,155.5,5,ask,,,10521214
2026-07-07T07:07:36.803596,2026-07-07T07:07:36.807538+00:00,155.5,7,ask,,,10521231
2026-07-07T07:07:37.253618,2026-07-07T07:07:37.265066+00:00,155.5,193,ask,,,10521236
2026-07-07T07:07:38.506232,2026-07-07T07:07:38.510203+00:00,155.5,10,bid,,,10521258
2026-07-07T07:07:38.903017,2026-07-07T07:07:38.912851+00:00,155.5,5,bid,,,10521269
2026-07-07T07:07:39.003293,2026-07-07T07:07:39.015078+00:00,155.4,10,ask,,,10521274
2026-07-07T07:07:39.591351,2026-07-07T07:07:39.600876+00:00,155.5,10,bid,,,10521278
2026-07-07T07:07:39.690430,2026-07-07T07:07:39.700933+00:00,155.4,500,ask,,,10521280
2026-07-07T07:07:40.148066,2026-07-07T07:07:40.153032+00:00,155.4,39,ask,,,10521288
2026-07-07T07:07:40.148066,2026-07-07T07:07:40.153032+00:00,155.3,200,ask,,,10521289
2026-07-07T07:07:40.163937,2026-07-07T07:07:40.167435+00:00,155.2,13,bid,,,10521291
2026-07-07T07:07:40.196783,2026-07-07T07:07:40.200213+00:00,155.2,3,bid,,,10521292
2026-07-07T07:07:40.243354,2026-07-07T07:07:40.255087+00:00,155.0,10,ask,,,10521293
2026-07-07T07:07:41.354087,2026-07-07T07:07:41.365784+00:00,155.1,3,ask,,,10521307
2026-07-07T07:07:42.459469,2026-07-07T07:07:42.471177+00:00,155.3,13,bid,,,10521319
2026-07-07T07:07:42.577912,2026-07-07T07:07:42.589583+00:00,155.2,13,ask,,,10521320
2026-07-07T07:07:42.771473,2026-07-07T07:07:42.779578+00:00,155.3,187,bid,,,10521325
2026-07-07T07:07:42.771473,2026-07-07T07:07:42.779578+00:00,155.3,438,bid,,,10521326
2026-07-07T07:07:43.689791,2026-07-07T07:07:43.700604+00:00,155.2,13,bid,,,10521339
2026-07-07T07:07:43.805400,2026-07-07T07:07:43.816895+00:00,155.1,13,ask,,,10521342
2026-07-07T07:07:45.435102,2026-07-07T07:07:45.442121+00:00,155.3,13,bid,,,10521368
2026-07-07T07:07:46.078794,2026-07-07T07:07:46.086863+00:00,155.3,20,bid,,,10521384
2026-07-07T07:07:47.675332,2026-07-07T07:07:47.686627+00:00,155.2,200,bid,,,10521419
2026-07-07T07:07:48.564241,2026-07-07T07:07:48.567978+00:00,155.1,14,ask,,,10521443
2026-07-07T07:07:48.906101,2026-07-07T07:07:48.909992+00:00,155.2,12,ask,,,10521449
2026-07-07T07:07:49.323762,2026-07-07T07:07:49.332817+00:00,155.2,188,ask,,,10521458
2026-07-07T07:07:50.092421,2026-07-07T07:07:50.103211+00:00,155.2,200,bid,,,10521474
2026-07-07T07:07:50.237241,2026-07-07T07:07:50.249346+00:00,154.9,10,ask,,,10521475
2026-07-07T07:07:50.432065,2026-07-07T07:07:50.441327+00:00,154.9,10,ask,,,10521479
2026-07-07T07:07:50.481107,2026-07-07T07:07:50.487948+00:00,154.9,20,ask,,,10521484
2026-07-07T07:07:50.819541,2026-07-07T07:07:50.834290+00:00,155.2,10,bid,,,10521493
2026-07-07T07:07:50.952061,2026-07-07T07:07:50.963956+00:00,154.9,10,ask,,,10521497
2026-07-07T07:07:51.270821,2026-07-07T07:07:51.282595+00:00,154.9,20,ask,,,10521500
2026-07-07T07:07:51.301488,2026-07-07T07:07:51.311091+00:00,155.2,200,bid,,,10521503
2026-07-07T07:07:51.709055,2026-07-07T07:07:51.721090+00:00,155.2,12,bid,,,10521510
2026-07-07T07:07:54.754826,2026-07-07T07:07:54.766537+00:00,155.3,10,bid,,,10521558
2026-07-07T07:07:57.349886,2026-07-07T07:07:57.357139+00:00,155.2,200,bid,,,10521597
2026-07-07T07:07:57.417186,2026-07-07T07:07:57.425767+00:00,155.2,20,bid,,,10521600
2026-07-07T07:07:57.424931,2026-07-07T07:07:57.436015+00:00,155.0,10,ask,,,10521603
2026-07-07T07:07:57.660306,2026-07-07T07:07:57.668938+00:00,155.0,10,ask,,,10521610
2026-07-07T07:07:58.241324,2026-07-07T07:07:58.252723+00:00,155.2,10,bid,,,10521634
2026-07-07T07:07:58.625941,2026-07-07T07:07:58.634087+00:00,155.4,20,bid,,,10521643
2026-07-07T07:07:59.409487,2026-07-07T07:07:59.421325+00:00,155.3,10,ask,,,10521655
2026-07-07T07:07:59.994688,2026-07-07T07:08:00.015923+00:00,155.4,10,bid,,,10521664
2026-07-07T07:08:01.525441,2026-07-07T07:08:01.534155+00:00,155.4,10,bid,,,10521690
2026-07-07T07:08:01.695529,2026-07-07T07:08:01.706787+00:00,155.3,10,ask,,,10521694
2026-07-07T07:08:02.280224,2026-07-07T07:08:02.292170+00:00,155.4,10,bid,,,10521700
2026-07-07T07:08:02.704991,2026-07-07T07:08:02.713251+00:00,155.3,500,ask,,,10521709
2026-07-07T07:08:03.301843,2026-07-07T07:08:03.342258+00:00,155.3,125,ask,,,10521717
2026-07-07T07:08:03.338172,2026-07-07T07:08:03.357513+00:00,155.2,12,bid,,,10521721
2026-07-07T07:08:04.134061,2026-07-07T07:08:04.146037+00:00,155.1,20,ask,,,10521733
2026-07-07T07:08:07.613827,2026-07-07T07:08:07.618711+00:00,155.0,23,ask,,,10521790
2026-07-07T07:08:07.720748,2026-07-07T07:08:07.725314+00:00,155.1,12,ask,,,10521798
2026-07-07T07:08:08.183997,2026-07-07T07:08:08.195693+00:00,155.1,25,ask,,,10521810
2026-07-07T07:08:08.203684,2026-07-07T07:08:08.211045+00:00,155.1,20,ask,,,10521812
2026-07-07T07:08:08.230806,2026-07-07T07:08:08.239140+00:00,155.1,200,ask,,,10521815
2026-07-07T07:08:08.379534,2026-07-07T07:08:08.391586+00:00,155.1,12,ask,,,10521817
2026-07-07T07:08:09.337329,2026-07-07T07:08:09.346179+00:00,155.1,25,bid,,,10521845
2026-07-07T07:08:09.704957,2026-07-07T07:08:09.714325+00:00,155.0,20,ask,,,10521853
2026-07-07T07:08:10.135264,2026-07-07T07:08:10.146055+00:00,155.0,20,ask,,,10521855
2026-07-07T07:08:10.323626,2026-07-07T07:08:10.334844+00:00,155.0,160,ask,,,10521859
2026-07-07T07:08:11.400965,2026-07-07T07:08:11.410541+00:00,155.0,12,bid,,,10521875
2026-07-07T07:08:11.666324,2026-07-07T07:08:11.676703+00:00,154.8,12,ask,,,10521879
2026-07-07T07:08:13.675820,2026-07-07T07:08:13.687352+00:00,154.7,12,ask,,,10521922
2026-07-07T07:08:16.525714,2026-07-07T07:08:16.536458+00:00,154.8,20,bid,,,10521981
2026-07-07T07:08:16.697512,2026-07-07T07:08:16.707431+00:00,154.7,200,ask,,,10521987
2026-07-07T07:08:17.893193,2026-07-07T07:08:17.901588+00:00,154.7,20,ask,,,10522011
2026-07-07T07:08:17.951010,2026-07-07T07:08:17.957575+00:00,154.7,12,ask,,,10522012
2026-07-07T07:08:18.457663,2026-07-07T07:08:18.469326+00:00,154.8,12,bid,,,10522022
2026-07-07T07:08:20.238070,2026-07-07T07:08:20.245901+00:00,154.5,12,ask,,,10522065
2026-07-07T07:08:21.428832,2026-07-07T07:08:21.440329+00:00,154.7,20,bid,,,10522086
2026-07-07T07:08:22.165636,2026-07-07T07:08:22.174144+00:00,154.5,20,ask,,,10522103
2026-07-07T07:08:22.271279,2026-07-07T07:08:22.278735+00:00,154.4,12,ask,,,10522111
2026-07-07T07:08:23.027742,2026-07-07T07:08:23.039497+00:00,154.4,11,ask,,,10522126
2026-07-07T07:08:24.312716,2026-07-07T07:08:24.324429+00:00,154.4,11,ask,,,10522150
2026-07-07T07:08:24.321797,2026-07-07T07:08:24.329927+00:00,154.4,7,ask,,,10522151
2026-07-07T07:08:24.829824,2026-07-07T07:08:24.839813+00:00,154.5,200,bid,,,10522156
2026-07-07T07:08:24.845743,2026-07-07T07:08:24.849705+00:00,154.5,11,ask,,,10522158
2026-07-07T07:08:24.963468,2026-07-07T07:08:24.974652+00:00,154.5,25,ask,,,10522161
2026-07-07T07:08:25.159705,2026-07-07T07:08:25.169068+00:00,154.5,200,ask,,,10522163
2026-07-07T07:08:25.187561,2026-07-07T07:08:25.198744+00:00,154.5,25,ask,,,10522164
2026-07-07T07:08:25.413549,2026-07-07T07:08:25.424997+00:00,154.5,25,ask,,,10522176
2026-07-07T07:08:25.636712,2026-07-07T07:08:25.647417+00:00,154.5,25,ask,,,10522182
2026-07-07T07:08:25.861708,2026-07-07T07:08:25.873082+00:00,154.5,13,ask,,,10522186
2026-07-07T07:08:28.611189,2026-07-07T07:08:28.620063+00:00,154.3,12,ask,,,10522235
2026-07-07T07:08:30.093739,2026-07-07T07:08:30.097596+00:00,154.3,11,ask,,,10522274
2026-07-07T07:08:30.632823,2026-07-07T07:08:30.644624+00:00,154.3,12,ask,,,10522290
2026-07-07T07:08:31.213722,2026-07-07T07:08:31.224625+00:00,154.3,200,ask,,,10522302
2026-07-07T07:08:31.761378,2026-07-07T07:08:31.770324+00:00,154.5,20,bid,,,10522315
2026-07-07T07:08:32.920618,2026-07-07T07:08:32.932493+00:00,154.2,12,ask,,,10522339
2026-07-07T07:08:34.028138,2026-07-07T07:08:34.039819+00:00,154.4,200,bid,,,10522356
2026-07-07T07:08:34.838664,2026-07-07T07:08:34.849448+00:00,154.4,200,ask,,,10522384
2026-07-07T07:08:35.458000,2026-07-07T07:08:35.469829+00:00,154.2,12,ask,,,10522396
2026-07-07T07:08:36.982051,2026-07-07T07:08:36.993961+00:00,154.2,12,ask,,,10522420
2026-07-07T07:08:38.485490,2026-07-07T07:08:38.489204+00:00,154.5,12,ask,,,10522438
2026-07-07T07:08:45.830497,2026-07-07T07:08:45.840042+00:00,154.7,12,bid,,,10522541
2026-07-07T07:08:47.163813,2026-07-07T07:08:47.174353+00:00,154.6,200,ask,,,10522579
2026-07-07T07:08:48.476136,2026-07-07T07:08:48.484040+00:00,154.4,200,ask,,,10522595
2026-07-07T07:08:49.627904,2026-07-07T07:08:49.639201+00:00,154.3,12,ask,,,10522620
2026-07-07T07:08:51.855544,2026-07-07T07:08:51.859537+00:00,154.4,23,bid,,,10522665
2026-07-07T07:08:51.889314,2026-07-07T07:08:51.897243+00:00,154.4,12,bid,,,10522666
2026-07-07T07:08:52.904427,2026-07-07T07:08:52.914488+00:00,154.4,12,bid,,,10522687
2026-07-07T07:08:53.033334,2026-07-07T07:08:53.037776+00:00,154.3,3,bid,,,10522692
2026-07-07T07:08:53.878876,2026-07-07T07:08:53.890739+00:00,154.2,20,bid,,,10522713
2026-07-07T07:08:54.419095,2026-07-07T07:08:54.428987+00:00,154.0,12,ask,,,10522719
2026-07-07T07:08:55.077742,2026-07-07T07:08:55.081703+00:00,154.1,3,ask,,,10522736
2026-07-07T07:08:55.167738,2026-07-07T07:08:55.177310+00:00,154.1,20,ask,,,10522737
2026-07-07T07:08:56.008479,2026-07-07T07:08:56.012896+00:00,154.2,11,ask,,,10522749
2026-07-07T07:08:56.618421,2026-07-07T07:08:56.625469+00:00,154.3,200,bid,,,10522760
2026-07-07T07:08:56.651811,2026-07-07T07:08:56.668462+00:00,154.3,200,ask,,,10522762
2026-07-07T07:08:56.664864,2026-07-07T07:08:56.668462+00:00,154.3,12,ask,,,10522766
2026-07-07T07:08:57.448559,2026-07-07T07:08:57.460102+00:00,154.2,12,ask,,,10522784
2026-07-07T07:08:57.857821,2026-07-07T07:08:57.869427+00:00,154.3,200,bid,,,10522791
2026-07-07T07:08:58.205649,2026-07-07T07:08:58.214808+00:00,154.3,12,bid,,,10522801
2026-07-07T07:08:59.067732,2026-07-07T07:08:59.074972+00:00,154.3,200,bid,,,10522807
2026-07-07T07:09:01.608821,2026-07-07T07:09:01.616919+00:00,154.3,200,ask,,,10522859
2026-07-07T07:09:01.999127,2026-07-07T07:09:02.009443+00:00,154.0,12,ask,,,10522863
2026-07-07T07:09:04.519872,2026-07-07T07:09:04.524227+00:00,154.2,12,bid,,,10522914
2026-07-07T07:09:05.128115,2026-07-07T07:09:05.139264+00:00,154.2,200,bid,,,10522933
2026-07-07T07:09:07.551470,2026-07-07T07:09:07.558564+00:00,154.4,200,bid,,,10522967
2026-07-07T07:09:09.970816,2026-07-07T07:09:09.978242+00:00,154.4,200,bid,,,10523017
2026-07-07T07:09:12.099824,2026-07-07T07:09:12.106863+00:00,154.3,500,ask,,,10523064
2026-07-07T07:09:14.772773,2026-07-07T07:09:14.779544+00:00,154.5,200,bid,,,10523119
2026-07-07T07:09:18.362269,2026-07-07T07:09:18.374874+00:00,154.6,12,bid,,,10523183
2026-07-07T07:09:20.870721,2026-07-07T07:09:20.880381+00:00,154.3,200,ask,,,10523238
2026-07-07T07:09:22.037897,2026-07-07T07:09:22.046787+00:00,154.4,500,bid,,,10523264
2026-07-07T07:09:22.080387,2026-07-07T07:09:22.090953+00:00,154.2,200,ask,,,10523265
2026-07-07T07:09:23.289779,2026-07-07T07:09:23.296978+00:00,154.4,200,ask,,,10523289
2026-07-07T07:09:23.790778,2026-07-07T07:09:23.802766+00:00,154.5,20,bid,,,10523295
2026-07-07T07:09:23.895775,2026-07-07T07:09:23.907073+00:00,154.4,500,ask,,,10523299
2026-07-07T07:09:25.157167,2026-07-07T07:09:25.168703+00:00,154.3,12,ask,,,10523323
2026-07-07T07:09:25.412719,2026-07-07T07:09:25.424321+00:00,154.5,12,bid,,,10523335
2026-07-07T07:09:26.522418,2026-07-07T07:09:26.530060+00:00,154.5,200,ask,,,10523359
2026-07-07T07:09:28.711257,2026-07-07T07:09:28.719477+00:00,154.4,12,ask,,,10523401
2026-07-07T07:09:29.339509,2026-07-07T07:09:29.348112+00:00,154.5,200,ask,,,10523414
2026-07-07T07:09:29.979269,2026-07-07T07:09:29.991035+00:00,154.7,12,bid,,,10523426
2026-07-07T07:09:30.523767,2026-07-07T07:09:30.527636+00:00,154.6,11,bid,,,10523435
2026-07-07T07:09:30.567225,2026-07-07T07:09:30.571393+00:00,154.5,11,bid,,,10523439
2026-07-07T07:09:31.752874,2026-07-07T07:09:31.758600+00:00,154.5,12,bid,,,10523453
2026-07-07T07:09:31.762431,2026-07-07T07:09:31.770038+00:00,154.4,200,ask,,,10523454
2026-07-07T07:09:32.316451,2026-07-07T07:09:32.324319+00:00,154.4,500,ask,,,10523469
2026-07-07T07:09:32.973577,2026-07-07T07:09:32.984880+00:00,154.4,125,ask,,,10523489
2026-07-07T07:09:33.218830,2026-07-07T07:09:33.230737+00:00,154.2,20,ask,,,10523496
2026-07-07T07:09:35.126675,2026-07-07T07:09:35.138161+00:00,154.4,20,bid,,,10523548
2026-07-07T07:09:35.362747,2026-07-07T07:09:35.374425+00:00,154.3,20,ask,,,10523550
2026-07-07T07:09:35.398798,2026-07-07T07:09:35.405554+00:00,154.4,200,bid,,,10523551
2026-07-07T07:09:35.781039,2026-07-07T07:09:35.791336+00:00,154.5,12,bid,,,10523561
2026-07-07T07:09:36.005329,2026-07-07T07:09:36.012450+00:00,154.5,20,bid,,,10523570
2026-07-07T07:09:43.580134,2026-07-07T07:09:43.590135+00:00,154.0,12,bid,,,10523714
2026-07-07T07:09:44.478139,2026-07-07T07:09:44.485411+00:00,154.0,20,bid,,,10523728
2026-07-07T07:09:44.837663,2026-07-07T07:09:44.849339+00:00,153.8,12,ask,,,10523736
2026-07-07T07:09:45.330840,2026-07-07T07:09:45.337458+00:00,153.9,20,bid,,,10523747
2026-07-07T07:09:49.537200,2026-07-07T07:09:49.548986+00:00,153.7,20,ask,,,10523834
2026-07-07T07:09:52.370717,2026-07-07T07:09:52.379924+00:00,153.7,200,ask,,,10523890
2026-07-07T07:09:53.336292,2026-07-07T07:09:53.344801+00:00,153.8,12,bid,,,10523903
2026-07-07T07:09:53.580100,2026-07-07T07:09:53.588272+00:00,153.7,200,ask,,,10523911
2026-07-07T07:09:55.026305,2026-07-07T07:09:55.035602+00:00,153.7,20,bid,,,10523941
2026-07-07T07:09:55.928470,2026-07-07T07:09:55.935632+00:00,153.7,180,bid,,,10523948
2026-07-07T07:09:55.999167,2026-07-07T07:09:56.006649+00:00,153.8,200,bid,,,10523951
2026-07-07T07:09:57.120482,2026-07-07T07:09:57.128046+00:00,153.9,12,bid,,,10523983
2026-07-07T07:09:57.876828,2026-07-07T07:09:57.887956+00:00,153.9,12,bid,,,10523999
2026-07-07T07:10:00.843791,2026-07-07T07:10:00.858653+00:00,153.7,200,ask,,,10524058
2026-07-07T07:10:03.221014,2026-07-07T07:10:03.230790+00:00,153.8,500,bid,,,10524093
2026-07-07T07:10:03.297015,2026-07-07T07:10:03.302327+00:00,153.6,12,bid,,,10524096
2026-07-07T07:10:03.331478,2026-07-07T07:10:03.340592+00:00,153.6,188,bid,,,10524097
2026-07-07T07:10:03.353998,2026-07-07T07:10:03.359871+00:00,153.9,23,ask,,,10524101
2026-07-07T07:10:04.491516,2026-07-07T07:10:04.502222+00:00,153.9,200,ask,,,10524126
2026-07-07T07:10:04.666579,2026-07-07T07:10:04.670850+00:00,154.0,11,bid,,,10524132
2026-07-07T07:10:05.498246,2026-07-07T07:10:05.506752+00:00,154.0,3,bid,,,10524151
2026-07-07T07:10:06.912850,2026-07-07T07:10:06.919542+00:00,154.0,200,bid,,,10524174
2026-07-07T07:10:07.782392,2026-07-07T07:10:07.790295+00:00,154.2,12,bid,,,10524212
2026-07-07T07:10:08.014414,2026-07-07T07:10:08.021345+00:00,154.0,20,ask,,,10524213
2026-07-07T07:10:11.810070,2026-07-07T07:10:11.817227+00:00,154.1,8,bid,,,10524283
2026-07-07T07:10:15.394923,2026-07-07T07:10:15.402611+00:00,153.9,200,ask,,,10524350
2026-07-07T07:10:17.352652,2026-07-07T07:10:17.358557+00:00,154.0,12,bid,,,10524384
2026-07-07T07:10:18.112930,2026-07-07T07:10:18.124264+00:00,153.8,20,ask,,,10524401
2026-07-07T07:10:20.374885,2026-07-07T07:10:20.382286+00:00,154.0,12,bid,,,10524444
2026-07-07T07:10:20.447845,2026-07-07T07:10:20.458573+00:00,153.9,500,ask,,,10524448
2026-07-07T07:10:20.447845,2026-07-07T07:10:20.458573+00:00,153.9,125,ask,,,10524449
2026-07-07T07:10:21.910674,2026-07-07T07:10:21.922550+00:00,154.0,20,ask,,,10524481
2026-07-07T07:10:23.075509,2026-07-07T07:10:23.084596+00:00,154.1,200,ask,,,10524497
2026-07-07T07:10:23.639570,2026-07-07T07:10:23.643313+00:00,154.1,12,bid,,,10524513
2026-07-07T07:10:24.430852,2026-07-07T07:10:24.441519+00:00,154.2,11,bid,,,10524535
2026-07-07T07:10:27.360497,2026-07-07T07:10:27.367442+00:00,154.2,20,bid,,,10524585
2026-07-07T07:10:28.699737,2026-07-07T07:10:28.707873+00:00,154.2,20,bid,,,10524620
2026-07-07T07:10:30.830405,2026-07-07T07:10:30.837851+00:00,154.2,20,bid,,,10524658
2026-07-07T07:10:32.075639,2026-07-07T07:10:32.087370+00:00,154.1,20,bid,,,10524670
2026-07-07T07:10:32.296642,2026-07-07T07:10:32.319693+00:00,154.0,200,ask,,,10524675
2026-07-07T07:10:32.315620,2026-07-07T07:10:32.319693+00:00,154.0,11,bid,,,10524677
2026-07-07T07:10:32.371946,2026-07-07T07:10:32.383702+00:00,154.0,25,bid,,,10524679
2026-07-07T07:10:32.604492,2026-07-07T07:10:32.611704+00:00,154.0,25,bid,,,10524681
2026-07-07T07:10:32.828397,2026-07-07T07:10:32.834900+00:00,154.0,10,bid,,,10524685
2026-07-07T07:10:34.862602,2026-07-07T07:10:34.869937+00:00,153.9,20,ask,,,10524717
2026-07-07T07:10:36.006638,2026-07-07T07:10:36.018370+00:00,153.9,20,ask,,,10524745
2026-07-07T07:10:41.498026,2026-07-07T07:10:41.506158+00:00,153.8,500,ask,,,10524849
2026-07-07T07:10:41.498026,2026-07-07T07:10:41.511355+00:00,153.7,125,ask,,,10524850
2026-07-07T07:10:43.755859,2026-07-07T07:10:43.768655+00:00,153.8,200,bid,,,10524899
2026-07-07T07:10:44.133745,2026-07-07T07:10:44.144015+00:00,153.8,300,ask,,,10524904
2026-07-07T07:10:44.353497,2026-07-07T07:10:44.363802+00:00,153.7,325,bid,,,10524907
2026-07-07T07:10:44.477480,2026-07-07T07:10:44.489010+00:00,154.4,20,bid,,,10524910
2026-07-07T07:10:46.923887,2026-07-07T07:10:46.932180+00:00,153.9,200,bid,,,10524963
2026-07-07T07:10:47.858615,2026-07-07T07:10:47.870542+00:00,153.8,12,ask,,,10524974
2026-07-07T07:10:48.082626,2026-07-07T07:10:48.086516+00:00,153.9,4,ask,,,10524978
2026-07-07T07:10:48.136473,2026-07-07T07:10:48.143985+00:00,153.9,200,ask,,,10524979
2026-07-07T07:10:49.346820,2026-07-07T07:10:49.358577+00:00,153.9,200,ask,,,10524998
2026-07-07T07:10:51.438489,2026-07-07T07:10:51.450381+00:00,153.7,20,ask,,,10525043
2026-07-07T07:10:52.180252,2026-07-07T07:10:52.183946+00:00,153.7,7,ask,,,10525059
2026-07-07T07:10:52.987458,2026-07-07T07:10:52.991676+00:00,153.8,12,ask,,,10525073
2026-07-07T07:10:54.201354,2026-07-07T07:10:54.205315+00:00,153.9,11,ask,,,10525095
2026-07-07T07:10:54.204813,2026-07-07T07:10:54.220539+00:00,154.0,20,bid,,,10525098
2026-07-07T07:10:54.245065,2026-07-07T07:10:54.252741+00:00,153.9,25,ask,,,10525099
2026-07-07T07:10:54.468838,2026-07-07T07:10:54.475905+00:00,153.9,25,ask,,,10525103
2026-07-07T07:10:54.701880,2026-07-07T07:10:54.710945+00:00,153.9,25,ask,,,10525111
2026-07-07T07:10:54.928364,2026-07-07T07:10:54.936535+00:00,153.9,25,ask,,,10525114
2026-07-07T07:10:55.150630,2026-07-07T07:10:55.158632+00:00,153.9,25,ask,,,10525119
2026-07-07T07:10:55.161733,2026-07-07T07:10:55.169861+00:00,154.0,5,bid,,,10525121
2026-07-07T07:10:55.324163,2026-07-07T07:10:55.327708+00:00,154.0,23,bid,,,10525126
2026-07-07T07:10:55.406929,2026-07-07T07:10:55.410914+00:00,153.9,11,bid,,,10525129
2026-07-07T07:10:55.596388,2026-07-07T07:10:55.603830+00:00,153.9,25,bid,,,10525133
2026-07-07T07:10:55.819486,2026-07-07T07:10:55.830897+00:00,153.9,25,bid,,,10525138
2026-07-07T07:10:56.043322,2026-07-07T07:10:56.051753+00:00,153.9,25,bid,,,10525142
2026-07-07T07:10:56.075584,2026-07-07T07:10:56.087622+00:00,153.9,12,bid,,,10525143
2026-07-07T07:10:56.339156,2026-07-07T07:10:56.347071+00:00,153.7,9,ask,,,10525151
2026-07-07T07:10:58.348934,2026-07-07T07:10:58.358114+00:00,153.9,3,ask,,,10525198
2026-07-07T07:10:58.436820,2026-07-07T07:10:58.448274+00:00,153.9,20,ask,,,10525200
2026-07-07T07:10:58.528369,2026-07-07T07:10:58.532310+00:00,153.9,11,ask,,,10525202
2026-07-07T07:10:59.881925,2026-07-07T07:10:59.893264+00:00,153.8,200,ask,,,10525238
2026-07-07T07:11:00.129892,2026-07-07T07:11:00.139372+00:00,153.8,425,bid,,,10525240
2026-07-07T07:11:01.444996,2026-07-07T07:11:01.449042+00:00,154.0,12,ask,,,10525266
2026-07-07T07:11:02.507478,2026-07-07T07:11:02.519371+00:00,154.0,188,ask,,,10525283
2026-07-07T07:11:02.541413,2026-07-07T07:11:02.550513+00:00,154.0,437,bid,,,10525284
2026-07-07T07:11:02.640069,2026-07-07T07:11:02.650361+00:00,154.0,12,ask,,,10525288
2026-07-07T07:11:03.969237,2026-07-07T07:11:03.981006+00:00,154.1,20,bid,,,10525324
2026-07-07T07:11:04.280875,2026-07-07T07:11:04.288599+00:00,154.0,20,ask,,,10525330
2026-07-07T07:11:04.708839,2026-07-07T07:11:04.716939+00:00,154.0,20,ask,,,10525336
2026-07-07T07:11:05.070222,2026-07-07T07:11:05.079446+00:00,154.0,200,ask,,,10525338
2026-07-07T07:11:06.876060,2026-07-07T07:11:06.883655+00:00,154.0,20,ask,,,10525374
2026-07-07T07:11:08.044930,2026-07-07T07:11:08.048765+00:00,154.0,11,ask,,,10525407
2026-07-07T07:11:08.164791,2026-07-07T07:11:08.171849+00:00,154.0,25,ask,,,10525410
2026-07-07T07:11:08.385464,2026-07-07T07:11:08.396421+00:00,154.0,25,ask,,,10525414
2026-07-07T07:11:08.619054,2026-07-07T07:11:08.630377+00:00,154.0,25,ask,,,10525419
2026-07-07T07:11:09.058288,2026-07-07T07:11:09.070037+00:00,154.0,475,ask,,,10525428
2026-07-07T07:11:09.058288,2026-07-07T07:11:09.070037+00:00,154.0,150,ask,,,10525429
2026-07-07T07:11:10.381644,2026-07-07T07:11:10.385142+00:00,154.1,11,ask,,,10525461
2026-07-07T07:11:11.196678,2026-07-07T07:11:11.205653+00:00,154.1,12,ask,,,10525477
2026-07-07T07:11:11.681772,2026-07-07T07:11:11.691973+00:00,154.2,200,bid,,,10525485
2026-07-07T07:11:11.681772,2026-07-07T07:11:11.691973+00:00,154.3,50,bid,,,10525486
2026-07-07T07:11:11.973363,2026-07-07T07:11:11.984527+00:00,154.3,12,ask,,,10525496
2026-07-07T07:11:12.343585,2026-07-07T07:11:12.355004+00:00,154.3,200,ask,,,10525504
2026-07-07T07:11:13.118878,2026-07-07T07:11:13.125808+00:00,154.4,20,bid,,,10525514
2026-07-07T07:11:13.551170,2026-07-07T07:11:13.558562+00:00,154.2,200,ask,,,10525522
2026-07-07T07:11:14.521818,2026-07-07T07:11:14.529099+00:00,154.2,20,bid,,,10525550
2026-07-07T07:11:14.749835,2026-07-07T07:11:14.754061+00:00,154.0,12,ask,,,10525556
2026-07-07T07:11:14.759745,2026-07-07T07:11:14.768786+00:00,154.0,38,ask,,,10525557
2026-07-07T07:11:16.008811,2026-07-07T07:11:16.016639+00:00,154.1,20,bid,,,10525584
2026-07-07T07:11:16.771439,2026-07-07T07:11:16.783363+00:00,154.1,12,bid,,,10525597
2026-07-07T07:11:16.925979,2026-07-07T07:11:16.933050+00:00,154.1,200,bid,,,10525601
2026-07-07T07:11:17.520804,2026-07-07T07:11:17.524866+00:00,154.1,29,ask,,,10525626
2026-07-07T07:11:17.541559,2026-07-07T07:11:17.550919+00:00,154.1,20,ask,,,10525629
2026-07-07T07:11:17.551865,2026-07-07T07:11:17.561495+00:00,154.1,1,ask,,,10525631
2026-07-07T07:11:17.557896,2026-07-07T07:11:17.566727+00:00,154.1,12,ask,,,10525633
2026-07-07T07:11:17.829214,2026-07-07T07:11:17.833255+00:00,154.2,6,bid,,,10525639
2026-07-07T07:11:18.074060,2026-07-07T07:11:18.085802+00:00,154.1,6,ask,,,10525645
2026-07-07T07:11:19.471373,2026-07-07T07:11:19.481632+00:00,154.0,19,ask,,,10525667
2026-07-07T07:11:19.595461,2026-07-07T07:11:19.606201+00:00,153.9,6,ask,,,10525670
2026-07-07T07:11:20.865924,2026-07-07T07:11:20.875782+00:00,154.0,200,bid,,,10525699
2026-07-07T07:11:22.499386,2026-07-07T07:11:22.507389+00:00,154.0,20,ask,,,10525724
2026-07-07T07:11:23.237155,2026-07-07T07:11:23.248136+00:00,154.0,200,ask,,,10525729
2026-07-07T07:11:23.649353,2026-07-07T07:11:23.658613+00:00,153.8,12,ask,,,10525736
2026-07-07T07:11:23.916021,2026-07-07T07:11:23.926261+00:00,153.8,12,ask,,,10525743
2026-07-07T07:11:24.802375,2026-07-07T07:11:24.824052+00:00,153.9,200,bid,,,10525759
2026-07-07T07:11:24.820265,2026-07-07T07:11:24.824052+00:00,154.0,6,ask,,,10525761
2026-07-07T07:11:25.705058,2026-07-07T07:11:25.711848+00:00,154.0,12,ask,,,10525784
2026-07-07T07:11:28.492547,2026-07-07T07:11:28.496456+00:00,154.2,6,bid,,,10525823
2026-07-07T07:11:32.540815,2026-07-07T07:11:32.544803+00:00,154.3,11,bid,,,10525872
2026-07-07T07:11:32.781956,2026-07-07T07:11:32.791462+00:00,154.2,11,ask,,,10525878
2026-07-07T07:11:34.004981,2026-07-07T07:11:34.009516+00:00,154.2,1,bid,,,10525904
2026-07-07T07:11:36.842485,2026-07-07T07:11:36.850265+00:00,154.0,11,ask,,,10525953
2026-07-07T07:11:38.965200,2026-07-07T07:11:38.975349+00:00,154.1,200,ask,,,10525999
2026-07-07T07:11:40.613095,2026-07-07T07:11:40.625164+00:00,154.3,12,bid,,,10526027
2026-07-07T07:11:41.380177,2026-07-07T07:11:41.388928+00:00,154.2,200,ask,,,10526037
2026-07-07T07:11:42.895103,2026-07-07T07:11:42.906060+00:00,154.2,12,ask,,,10526064
2026-07-07T07:11:43.795629,2026-07-07T07:11:43.807348+00:00,154.3,27,bid,,,10526089
2026-07-07T07:11:44.942557,2026-07-07T07:11:44.951656+00:00,154.3,173,ask,,,10526108
2026-07-07T07:11:45.811309,2026-07-07T07:11:45.819721+00:00,154.3,500,bid,,,10526129
2026-07-07T07:11:45.811309,2026-07-07T07:11:45.819721+00:00,154.4,125,bid,,,10526130
2026-07-07T07:11:47.122007,2026-07-07T07:11:47.131548+00:00,154.2,500,bid,,,10526145
2026-07-07T07:11:47.363698,2026-07-07T07:11:47.373983+00:00,154.2,125,ask,,,10526148
2026-07-07T07:11:49.040231,2026-07-07T07:11:49.051498+00:00,154.2,20,bid,,,10526168
2026-07-07T07:11:49.201739,2026-07-07T07:11:49.206422+00:00,154.1,1,ask,,,10526173
2026-07-07T07:11:49.843706,2026-07-07T07:11:49.854278+00:00,154.2,200,bid,,,10526184
2026-07-07T07:11:51.092229,2026-07-07T07:11:51.096260+00:00,154.2,11,ask,,,10526207
2026-07-07T07:11:56.313030,2026-07-07T07:11:56.319990+00:00,154.1,50,ask,,,10526296
2026-07-07T07:11:58.937851,2026-07-07T07:11:58.944969+00:00,154.1,200,ask,,,10526340
2026-07-07T07:11:59.957696,2026-07-07T07:11:59.969607+00:00,154.1,20,bid,,,10526364
2026-07-07T07:12:02.880434,2026-07-07T07:12:02.888889+00:00,154.3,200,bid,,,10526424
2026-07-07T07:12:03.793608,2026-07-07T07:12:03.805720+00:00,154.4,12,bid,,,10526452
2026-07-07T07:12:04.229653,2026-07-07T07:12:04.240802+00:00,154.3,200,ask,,,10526463
2026-07-07T07:12:05.058248,2026-07-07T07:12:05.070239+00:00,154.1,12,ask,,,10526475
2026-07-07T07:12:05.595300,2026-07-07T07:12:05.605925+00:00,154.2,200,ask,,,10526487
2026-07-07T07:12:06.802555,2026-07-07T07:12:06.811188+00:00,154.2,200,ask,,,10526509
2026-07-07T07:12:07.148311,2026-07-07T07:12:07.154702+00:00,154.3,20,ask,,,10526516
2026-07-07T07:12:08.012490,2026-07-07T07:12:08.022678+00:00,154.3,200,ask,,,10526522
2026-07-07T07:12:08.129242,2026-07-07T07:12:08.133586+00:00,154.4,23,bid,,,10526525
2026-07-07T07:12:08.191632,2026-07-07T07:12:08.203301+00:00,154.4,15,bid,,,10526530
2026-07-07T07:12:09.097687,2026-07-07T07:12:09.105250+00:00,154.6,12,bid,,,10526549
2026-07-07T07:12:09.219721,2026-07-07T07:12:09.229259+00:00,154.4,200,ask,,,10526550
2026-07-07T07:12:09.257946,2026-07-07T07:12:09.266077+00:00,154.6,15,bid,,,10526551
2026-07-07T07:12:10.393891,2026-07-07T07:12:10.403037+00:00,154.4,12,ask,,,10526571
2026-07-07T07:12:10.816803,2026-07-07T07:12:10.828146+00:00,154.5,50,bid,,,10526576
2026-07-07T07:12:11.434982,2026-07-07T07:12:11.441764+00:00,154.5,15,ask,,,10526589
2026-07-07T07:12:11.634302,2026-07-07T07:12:11.642501+00:00,154.5,200,ask,,,10526595
2026-07-07T07:12:13.447592,2026-07-07T07:12:13.469010+00:00,154.4,200,bid,,,10526636
2026-07-07T07:12:14.049577,2026-07-07T07:12:14.058557+00:00,154.4,200,ask,,,10526647
2026-07-07T07:12:16.181246,2026-07-07T07:12:16.193036+00:00,154.5,12,bid,,,10526679
2026-07-07T07:12:18.698952,2026-07-07T07:12:18.709770+00:00,154.4,12,bid,,,10526735
2026-07-07T07:12:19.467288,2026-07-07T07:12:19.476544+00:00,154.4,12,ask,,,10526744
2026-07-07T07:12:20.734115,2026-07-07T07:12:20.741988+00:00,154.6,12,bid,,,10526779
2026-07-07T07:12:21.364143,2026-07-07T07:12:21.368061+00:00,154.5,11,bid,,,10526792
2026-07-07T07:12:22.539831,2026-07-07T07:12:22.546387+00:00,154.5,200,bid,,,10526800
2026-07-07T07:12:22.757647,2026-07-07T07:12:22.766266+00:00,154.5,10,bid,,,10526812
2026-07-07T07:12:23.752264,2026-07-07T07:12:23.758605+00:00,154.5,200,bid,,,10526825
2026-07-07T07:12:24.960240,2026-07-07T07:12:24.968692+00:00,154.6,21,bid,,,10526839
2026-07-07T07:12:24.960240,2026-07-07T07:12:24.968692+00:00,154.6,179,bid,,,10526840
2026-07-07T07:12:26.593847,2026-07-07T07:12:26.604391+00:00,154.5,200,ask,,,10526856
2026-07-07T07:12:27.024304,2026-07-07T07:12:27.031518+00:00,154.3,12,bid,,,10526879
2026-07-07T07:12:27.038056,2026-07-07T07:12:27.047133+00:00,154.3,20,bid,,,10526880
2026-07-07T07:12:27.377841,2026-07-07T07:12:27.386213+00:00,154.3,200,bid,,,10526888
2026-07-07T07:12:28.603371,2026-07-07T07:12:28.613492+00:00,154.4,200,bid,,,10526912
2026-07-07T07:12:29.263135,2026-07-07T07:12:29.270845+00:00,154.4,20,bid,,,10526927
2026-07-07T07:12:29.820037,2026-07-07T07:12:29.829336+00:00,154.3,200,ask,,,10526939
2026-07-07T07:12:29.863628,2026-07-07T07:12:29.872598+00:00,154.3,20,ask,,,10526941
2026-07-07T07:12:31.228608,2026-07-07T07:12:31.237111+00:00,154.4,20,bid,,,10526971
2026-07-07T07:12:31.232393,2026-07-07T07:12:31.237111+00:00,154.4,11,bid,,,10526972
2026-07-07T07:12:31.322226,2026-07-07T07:12:31.334054+00:00,154.4,12,bid,,,10526975
2026-07-07T07:12:31.908887,2026-07-07T07:12:31.920412+00:00,154.4,157,bid,,,10526991
2026-07-07T07:12:33.386350,2026-07-07T07:12:33.395010+00:00,154.5,20,bid,,,10527017
2026-07-07T07:12:34.526720,2026-07-07T07:12:34.534098+00:00,154.4,200,bid,,,10527051
2026-07-07T07:12:34.663151,2026-07-07T07:12:34.674369+00:00,154.4,200,ask,,,10527053
2026-07-07T07:12:35.534618,2026-07-07T07:12:35.542311+00:00,154.6,20,bid,,,10527071
2026-07-07T07:12:35.679734,2026-07-07T07:12:35.690147+00:00,154.6,12,bid,,,10527073
2026-07-07T07:12:37.605418,2026-07-07T07:12:37.616494+00:00,154.5,200,bid,,,10527113
2026-07-07T07:12:37.605418,2026-07-07T07:12:37.616494+00:00,154.5,300,bid,,,10527114
2026-07-07T07:12:37.686432,2026-07-07T07:12:37.696943+00:00,154.5,17,bid,,,10527116
2026-07-07T07:12:37.703137,2026-07-07T07:12:37.714646+00:00,154.5,12,bid,,,10527117
2026-07-07T07:12:38.195963,2026-07-07T07:12:38.206442+00:00,154.5,296,bid,,,10527130
2026-07-07T07:12:38.730549,2026-07-07T07:12:38.738071+00:00,154.6,12,ask,,,10527138
2026-07-07T07:12:39.988570,2026-07-07T07:12:39.995314+00:00,154.8,12,bid,,,10527164
2026-07-07T07:12:40.720540,2026-07-07T07:12:40.724669+00:00,154.7,12,bid,,,10527181
2026-07-07T07:12:40.770384,2026-07-07T07:12:40.781110+00:00,154.7,25,bid,,,10527183
2026-07-07T07:12:40.991656,2026-07-07T07:12:41.002764+00:00,154.7,25,bid,,,10527191
2026-07-07T07:12:41.216020,2026-07-07T07:12:41.224263+00:00,154.7,23,bid,,,10527205
2026-07-07T07:12:41.912351,2026-07-07T07:12:41.922159+00:00,154.6,200,ask,,,10527227
2026-07-07T07:12:44.331947,2026-07-07T07:12:44.341829+00:00,154.5,200,ask,,,10527272
2026-07-07T07:12:44.603910,2026-07-07T07:12:44.614598+00:00,154.7,12,bid,,,10527277
2026-07-07T07:12:46.261431,2026-07-07T07:12:46.273077+00:00,154.7,20,bid,,,10527303
2026-07-07T07:12:46.700700,2026-07-07T07:12:46.711191+00:00,154.6,500,bid,,,10527311
2026-07-07T07:12:46.749674,2026-07-07T07:12:46.758603+00:00,154.6,125,bid,,,10527312
2026-07-07T07:12:47.144448,2026-07-07T07:12:47.158667+00:00,154.8,12,bid,,,10527329
2026-07-07T07:12:49.415913,2026-07-07T07:12:49.427798+00:00,154.9,12,bid,,,10527382
2026-07-07T07:12:50.278252,2026-07-07T07:12:50.290147+00:00,154.7,20,ask,,,10527398
2026-07-07T07:12:50.430096,2026-07-07T07:12:50.440900+00:00,154.6,12,ask,,,10527406
2026-07-07T07:12:50.500074,2026-07-07T07:12:50.507965+00:00,154.6,20,ask,,,10527409
2026-07-07T07:12:52.437414,2026-07-07T07:12:52.445056+00:00,154.5,20,ask,,,10527444
2026-07-07T07:12:52.459412,2026-07-07T07:12:52.469428+00:00,154.5,12,ask,,,10527445
2026-07-07T07:12:55.237826,2026-07-07T07:12:55.245166+00:00,154.7,200,bid,,,10527487
2026-07-07T07:12:56.726445,2026-07-07T07:12:56.735765+00:00,154.7,12,bid,,,10527526
2026-07-07T07:12:59.239881,2026-07-07T07:12:59.251841+00:00,154.7,20,bid,,,10527579
2026-07-07T07:13:03.403074,2026-07-07T07:13:03.413418+00:00,154.4,200,ask,,,10527667
2026-07-07T07:13:03.403074,2026-07-07T07:13:03.413418+00:00,154.4,50,ask,,,10527668
2026-07-07T07:13:03.480649,2026-07-07T07:13:03.491961+00:00,154.4,25,bid,,,10527670
2026-07-07T07:13:03.715083,2026-07-07T07:13:03.723530+00:00,154.4,25,bid,,,10527678
2026-07-07T07:13:04.304668,2026-07-07T07:13:04.313359+00:00,154.3,20,ask,,,10527688
2026-07-07T07:13:05.210398,2026-07-07T07:13:05.218651+00:00,154.4,20,ask,,,10527709
2026-07-07T07:13:07.899883,2026-07-07T07:13:07.911345+00:00,154.5,20,ask,,,10527762
2026-07-07T07:13:08.648511,2026-07-07T07:13:08.675448+00:00,154.6,50,bid,,,10527779
