timestamp,recv_time,price,volume,aggressor_side,buyer,seller,trade_id
2026-07-02T02:00:01.194905,2026-07-02T02:00:01.202758+00:00,91.4,200,ask,WavyWalnuts,YieldingYams,3332761
2026-07-02T02:00:01.724847,2026-07-02T02:00:01.729190+00:00,91.4,14,ask,YieldingYams,Xuanyu Liu,3332774
2026-07-02T02:00:03.224434,2026-07-02T02:00:03.228480+00:00,91.3,11,bid,Xuanyu Liu,YieldingYams,3332805
2026-07-02T02:00:04.613462,2026-07-02T02:00:04.625084+00:00,91.3,20,bid,BrilliantBurritos,YieldingYams,3332851
2026-07-02T02:00:05.812835,2026-07-02T02:00:05.823487+00:00,91.2,1,ask,Kelvin Chan,YieldingYams,3332869
2026-07-02T02:00:06.062707,2026-07-02T02:00:06.074483+00:00,91.2,200,bid,WavyWalnuts,YieldingYams,3332875
2026-07-02T02:00:08.064502,2026-07-02T02:00:08.067988+00:00,91.2,11,ask,WavyWalnuts,Xuanyu Liu,3332916
2026-07-02T02:00:09.491307,2026-07-02T02:00:09.495201+00:00,91.3,11,bid,Xuanyu Liu,WavyWalnuts,3332949
2026-07-02T02:00:09.696984,2026-07-02T02:00:09.706694+00:00,91.2,200,ask,YieldingYams,WavyWalnuts,3332950
2026-07-02T02:00:09.740366,2026-07-02T02:00:09.748738+00:00,91.1,5,ask,Kelvin Chan,YieldingYams,3332952
2026-07-02T02:00:09.740366,2026-07-02T02:00:09.748738+00:00,91.1,500,ask,AverageAlmonds,YieldingYams,3332953
2026-07-02T02:00:09.740366,2026-07-02T02:00:09.758575+00:00,91.1,120,ask,WavyWalnuts,YieldingYams,3332954
2026-07-02T02:00:10.489518,2026-07-02T02:00:10.501399+00:00,91.2,6,ask,Kelvin Chan,BrilliantBurritos,3332974
2026-07-02T02:00:11.049419,2026-07-02T02:00:11.058601+00:00,91.3,200,bid,YieldingYams,WavyWalnuts,3332986
2026-07-02T02:00:14.539337,2026-07-02T02:00:14.550307+00:00,91.3,200,bid,WavyWalnuts,YieldingYams,3333050
2026-07-02T02:00:17.598879,2026-07-02T02:00:17.608119+00:00,91.4,5,bid,YieldingYams,Kelvin Chan,3333103
2026-07-02T02:00:20.596871,2026-07-02T02:00:20.605684+00:00,91.3,200,bid,WavyWalnuts,YieldingYams,3333158
2026-07-02T02:00:20.675439,2026-07-02T02:00:20.679477+00:00,91.3,3,bid,Xuanyu Liu,YieldingYams,3333167
2026-07-02T02:00:23.280703,2026-07-02T02:00:23.292557+00:00,91.4,20,ask,YieldingYams,BrilliantBurritos,3333211
2026-07-02T02:00:26.770581,2026-07-02T02:00:26.781131+00:00,91.5,2,bid,YieldingYams,Kelvin Chan,3333268
2026-07-02T02:00:26.770581,2026-07-02T02:00:26.781131+00:00,91.5,200,bid,YieldingYams,WavyWalnuts,3333269
2026-07-02T02:00:27.866293,2026-07-02T02:00:27.874868+00:00,91.5,200,ask,YieldingYams,WavyWalnuts,3333295
2026-07-02T02:00:29.392884,2026-07-02T02:00:29.413386+00:00,91.3,200,ask,WavyWalnuts,YieldingYams,3333326
2026-07-02T02:00:29.409837,2026-07-02T02:00:29.413386+00:00,91.3,3,bid,Xuanyu Liu,YieldingYams,3333328
2026-07-02T02:00:29.715333,2026-07-02T02:00:29.726645+00:00,91.3,20,bid,BrilliantBurritos,YieldingYams,3333337
2026-07-02T02:00:31.497845,2026-07-02T02:00:31.507354+00:00,91.2,200,ask,YieldingYams,WavyWalnuts,3333366
2026-07-02T02:00:32.025627,2026-07-02T02:00:32.029376+00:00,91.2,11,bid,Xuanyu Liu,YieldingYams,3333382
2026-07-02T02:00:32.031466,2026-07-02T02:00:32.044953+00:00,91.2,50,bid,Chester Au,YieldingYams,3333383
2026-07-02T02:00:32.052492,2026-07-02T02:00:32.055248+00:00,91.2,500,bid,AverageAlmonds,YieldingYams,3333384
2026-07-02T02:00:32.680403,2026-07-02T02:00:32.691089+00:00,91.2,64,bid,AverageAlmonds,YieldingYams,3333396
2026-07-02T02:00:33.331367,2026-07-02T02:00:33.342773+00:00,91.4,200,bid,YieldingYams,WavyWalnuts,3333411
2026-07-02T02:00:33.914195,2026-07-02T02:00:33.922229+00:00,91.4,200,ask,YieldingYams,WavyWalnuts,3333416
2026-07-02T02:00:35.626265,2026-07-02T02:00:35.637690+00:00,91.3,20,ask,YieldingYams,BrilliantBurritos,3333446
2026-07-02T02:00:36.350294,2026-07-02T02:00:36.358641+00:00,91.3,150,bid,Chester Au,WavyWalnuts,3333459
2026-07-02T02:00:36.531618,2026-07-02T02:00:36.534978+00:00,91.2,11,ask,YieldingYams,Xuanyu Liu,3333464
2026-07-02T02:00:37.293636,2026-07-02T02:00:37.302839+00:00,91.2,500,ask,AverageAlmonds,YieldingYams,3333477
2026-07-02T02:00:37.503655,2026-07-02T02:00:37.512798+00:00,91.2,125,bid,AverageAlmonds,YieldingYams,3333480
2026-07-02T02:00:38.113559,2026-07-02T02:00:38.121159+00:00,91.3,200,bid,AverageAlmonds,WavyWalnuts,3333488
2026-07-02T02:00:38.137873,2026-07-02T02:00:38.141550+00:00,91.3,3,ask,AverageAlmonds,Xuanyu Liu,3333490
2026-07-02T02:00:41.193943,2026-07-02T02:00:41.201587+00:00,91.4,200,bid,WavyWalnuts,YieldingYams,3333540
2026-07-02T02:00:42.401260,2026-07-02T02:00:42.410439+00:00,91.4,10,bid,WavyWalnuts,Kelvin Chan,3333560
2026-07-02T02:00:43.857063,2026-07-02T02:00:43.858630+00:00,91.4,200,bid,YieldingYams,WavyWalnuts,3333583
2026-07-02T02:00:44.399197,2026-07-02T02:00:44.410876+00:00,91.4,20,ask,YieldingYams,BrilliantBurritos,3333599
2026-07-02T02:00:48.418625,2026-07-02T02:00:48.429612+00:00,91.4,200,bid,AverageAlmonds,WavyWalnuts,3333676
2026-07-02T02:00:48.475873,2026-07-02T02:00:48.485085+00:00,91.4,200,ask,AverageAlmonds,WavyWalnuts,3333682
2026-07-02T02:00:49.618466,2026-07-02T02:00:49.629337+00:00,91.4,500,bid,AverageAlmonds,YieldingYams,3333708
2026-07-02T02:00:49.682752,2026-07-02T02:00:49.690282+00:00,91.4,125,bid,WavyWalnuts,YieldingYams,3333710
2026-07-02T02:00:50.410147,2026-07-02T02:00:50.428837+00:00,91.5,2,bid,YieldingYams,Kelvin Chan,3333723
2026-07-02T02:00:50.410147,2026-07-02T02:00:50.428837+00:00,91.6,200,bid,YieldingYams,WavyWalnuts,3333724
2026-07-02T02:00:50.425009,2026-07-02T02:00:50.428837+00:00,91.6,3,ask,YieldingYams,Xuanyu Liu,3333726
2026-07-02T02:00:50.427548,2026-07-02T02:00:50.439202+00:00,91.6,100,ask,YieldingYams,Chester Au,3333727
2026-07-02T02:00:50.457054,2026-07-02T02:00:50.464590+00:00,91.6,100,ask,YieldingYams,Chester Au,3333729
2026-07-02T02:00:50.894073,2026-07-02T02:00:50.900850+00:00,91.6,200,ask,YieldingYams,WavyWalnuts,3333740
2026-07-02T02:00:52.099039,2026-07-02T02:00:52.106848+00:00,91.5,200,bid,WavyWalnuts,YieldingYams,3333758
2026-07-02T02:00:52.301485,2026-07-02T02:00:52.305918+00:00,91.5,3,bid,Xuanyu Liu,YieldingYams,3333762
2026-07-02T02:00:53.330866,2026-07-02T02:00:53.334561+00:00,91.4,3,bid,Xuanyu Liu,WavyWalnuts,3333787
2026-07-02T02:00:53.832393,2026-07-02T02:00:53.836533+00:00,91.3,3,ask,YieldingYams,Xuanyu Liu,3333794
2026-07-02T02:00:54.343715,2026-07-02T02:00:54.358622+00:00,91.4,197,bid,YieldingYams,WavyWalnuts,3333804
2026-07-02T02:00:55.658732,2026-07-02T02:00:55.669008+00:00,91.4,200,ask,WavyWalnuts,YieldingYams,3333841
2026-07-02T02:00:55.728439,2026-07-02T02:00:55.737974+00:00,91.4,200,bid,WavyWalnuts,YieldingYams,3333846
2026-07-02T02:01:00.122700,2026-07-02T02:01:00.139432+00:00,91.5,20,bid,BrilliantBurritos,WavyWalnuts,3333944
2026-07-02T02:01:01.825405,2026-07-02T02:01:01.837151+00:00,91.5,2,bid,WavyWalnuts,Kelvin Chan,3333984
2026-07-02T02:01:01.825405,2026-07-02T02:01:01.837151+00:00,91.5,198,bid,WavyWalnuts,YieldingYams,3333985
2026-07-02T02:01:02.249596,2026-07-02T02:01:02.263735+00:00,91.5,3,bid,YieldingYams,Kelvin Chan,3333989
2026-07-02T02:01:04.252189,2026-07-02T02:01:04.258590+00:00,91.6,200,bid,WavyWalnuts,YieldingYams,3334040
2026-07-02T02:01:06.183344,2026-07-02T02:01:06.194718+00:00,91.7,200,bid,YieldingYams,WavyWalnuts,3334078
2026-07-02T02:01:06.183344,2026-07-02T02:01:06.194718+00:00,91.7,425,bid,YieldingYams,AverageAlmonds,3334079
2026-07-02T02:01:07.495572,2026-07-02T02:01:07.502100+00:00,91.6,200,ask,WavyWalnuts,YieldingYams,3334102
2026-07-02T02:01:07.873517,2026-07-02T02:01:07.882836+00:00,91.6,200,bid,WavyWalnuts,YieldingYams,3334111
2026-07-02T02:01:09.082363,2026-07-02T02:01:09.089091+00:00,91.6,200,ask,YieldingYams,WavyWalnuts,3334128
2026-07-02T02:01:09.778412,2026-07-02T02:01:09.790138+00:00,91.6,20,ask,YieldingYams,BrilliantBurritos,3334146
2026-07-02T02:01:12.719688,2026-07-02T02:01:12.730883+00:00,91.6,200,ask,YieldingYams,WavyWalnuts,3334218
2026-07-02T02:01:12.757631,2026-07-02T02:01:12.769214+00:00,91.7,500,bid,YieldingYams,AverageAlmonds,3334220
2026-07-02T02:01:13.241226,2026-07-02T02:01:13.249974+00:00,91.7,125,ask,YieldingYams,AverageAlmonds,3334223
2026-07-02T02:01:13.925465,2026-07-02T02:01:13.934352+00:00,91.6,200,bid,WavyWalnuts,AverageAlmonds,3334239
2026-07-02T02:01:15.133892,2026-07-02T02:01:15.141965+00:00,91.5,200,bid,WavyWalnuts,YieldingYams,3334255
2026-07-02T02:01:16.341306,2026-07-02T02:01:16.349629+00:00,91.5,200,bid,WavyWalnuts,YieldingYams,3334270
2026-07-02T02:01:18.565493,2026-07-02T02:01:18.577502+00:00,91.4,20,ask,WavyWalnuts,BrilliantBurritos,3334298
2026-07-02T02:01:18.760768,2026-07-02T02:01:18.769205+00:00,91.3,9,ask,Kelvin Chan,WavyWalnuts,3334304
2026-07-02T02:01:18.760768,2026-07-02T02:01:18.769205+00:00,91.3,191,ask,YieldingYams,WavyWalnuts,3334305
2026-07-02T02:01:20.362304,2026-07-02T02:01:20.373889+00:00,91.3,8,ask,Kelvin Chan,BrilliantBurritos,3334332
2026-07-02T02:01:21.185127,2026-07-02T02:01:21.192643+00:00,91.3,2,ask,Kelvin Chan,WavyWalnuts,3334358
2026-07-02T02:01:21.941615,2026-07-02T02:01:21.950678+00:00,91.3,198,bid,YieldingYams,WavyWalnuts,3334381
2026-07-02T02:01:22.392601,2026-07-02T02:01:22.400879+00:00,91.4,200,ask,YieldingYams,WavyWalnuts,3334386
2026-07-02T02:01:23.964883,2026-07-02T02:01:23.968821+00:00,91.3,3,bid,Xuanyu Liu,YieldingYams,3334426
2026-07-02T02:01:24.567368,2026-07-02T02:01:24.575277+00:00,91.2,200,ask,WavyWalnuts,YieldingYams,3334438
2026-07-02T02:01:24.586600,2026-07-02T02:01:24.591310+00:00,91.2,11,bid,Xuanyu Liu,YieldingYams,3334442
2026-07-02T02:01:24.593650,2026-07-02T02:01:24.607040+00:00,91.2,97,bid,Chester Au,YieldingYams,3334443
2026-07-02T02:01:25.876407,2026-07-02T02:01:25.885298+00:00,91.2,200,bid,YieldingYams,WavyWalnuts,3334465
2026-07-02T02:01:25.891669,2026-07-02T02:01:25.895336+00:00,91.2,11,ask,YieldingYams,Xuanyu Liu,3334467
2026-07-02T02:01:28.452196,2026-07-02T02:01:28.458564+00:00,91.2,200,ask,YieldingYams,WavyWalnuts,3334501
2026-07-02T02:01:30.341957,2026-07-02T02:01:30.346888+00:00,91.2,2,ask,Kelvin Chan,Xuanyu Liu,3334541
2026-07-02T02:01:30.341957,2026-07-02T02:01:30.346888+00:00,91.2,1,ask,WavyWalnuts,Xuanyu Liu,3334542
2026-07-02T02:01:31.160787,2026-07-02T02:01:31.167911+00:00,91.2,1,ask,Kelvin Chan,YieldingYams,3334559
2026-07-02T02:01:31.160787,2026-07-02T02:01:31.173210+00:00,91.2,500,ask,AverageAlmonds,YieldingYams,3334560
2026-07-02T02:01:31.160787,2026-07-02T02:01:31.173210+00:00,91.2,124,ask,WavyWalnuts,YieldingYams,3334561
2026-07-02T02:01:32.040699,2026-07-02T02:01:32.050378+00:00,91.4,20,bid,BrilliantBurritos,WavyWalnuts,3334577
2026-07-02T02:01:33.307331,2026-07-02T02:01:33.315929+00:00,91.3,97,ask,WavyWalnuts,Chester Au,3334603
2026-07-02T02:01:34.501443,2026-07-02T02:01:34.510879+00:00,91.3,200,ask,YieldingYams,WavyWalnuts,3334624
2026-07-02T02:01:35.095463,2026-07-02T02:01:35.106391+00:00,91.2,500,ask,AverageAlmonds,YieldingYams,3334640
2026-07-02T02:01:35.098425,2026-07-02T02:01:35.106391+00:00,91.2,1,bid,Kelvin Chan,YieldingYams,3334641
2026-07-02T02:01:35.661364,2026-07-02T02:01:35.669582+00:00,91.2,124,bid,AverageAlmonds,YieldingYams,3334648
2026-07-02T02:01:36.404486,2026-07-02T02:01:36.415776+00:00,91.4,200,bid,YieldingYams,WavyWalnuts,3334667
2026-07-02T02:01:36.404486,2026-07-02T02:01:36.415776+00:00,91.5,10,bid,YieldingYams,Kelvin Chan,3334668
2026-07-02T02:01:36.918525,2026-07-02T02:01:36.925584+00:00,91.5,200,ask,YieldingYams,WavyWalnuts,3334679
2026-07-02T02:01:38.563367,2026-07-02T02:01:38.570563+00:00,91.6,10,bid,BrilliantBurritos,YieldingYams,3334710
2026-07-02T02:01:38.563367,2026-07-02T02:01:38.575586+00:00,91.6,10,bid,BrilliantBurritos,Kelvin Chan,3334711
2026-07-02T02:01:41.767033,2026-07-02T02:01:41.775030+00:00,91.5,9,bid,WavyWalnuts,Kelvin Chan,3334770
2026-07-02T02:01:41.767033,2026-07-02T02:01:41.775030+00:00,91.5,191,bid,WavyWalnuts,YieldingYams,3334771
2026-07-02T02:01:49.527590,2026-07-02T02:01:49.539080+00:00,91.6,7,bid,YieldingYams,Kelvin Chan,3334925
2026-07-02T02:01:50.755784,2026-07-02T02:01:50.749786+00:00,91.6,20,ask,YieldingYams,BrilliantBurritos,3334944
2026-07-02T02:01:50.838829,2026-07-02T02:01:50.849472+00:00,91.7,7,bid,YieldingYams,Kelvin Chan,3334947
2026-07-02T02:01:50.838829,2026-07-02T02:01:50.849472+00:00,91.8,200,bid,YieldingYams,WavyWalnuts,3334948
2026-07-02T02:01:50.838829,2026-07-02T02:01:50.849472+00:00,91.8,418,bid,YieldingYams,AverageAlmonds,3334949
2026-07-02T02:01:51.455355,2026-07-02T02:01:51.458576+00:00,91.8,200,bid,WavyWalnuts,AverageAlmonds,3334969
2026-07-02T02:01:52.666349,2026-07-02T02:01:52.673993+00:00,91.5,200,bid,WavyWalnuts,YieldingYams,3334994
2026-07-02T02:01:53.880079,2026-07-02T02:01:53.886984+00:00,91.6,200,bid,WavyWalnuts,YieldingYams,3335018
2026-07-02T02:01:55.086977,2026-07-02T02:01:55.097542+00:00,91.7,3,bid,WavyWalnuts,Kelvin Chan,3335041
2026-07-02T02:01:57.475288,2026-07-02T02:01:57.485669+00:00,91.7,200,ask,WavyWalnuts,AverageAlmonds,3335105
2026-07-02T02:01:57.475288,2026-07-02T02:01:57.485669+00:00,91.7,300,ask,YieldingYams,AverageAlmonds,3335106
2026-07-02T02:01:58.865520,2026-07-02T02:01:58.869729+00:00,91.7,3,ask,WavyWalnuts,Xuanyu Liu,3335145
2026-07-02T02:01:59.287811,2026-07-02T02:01:59.298504+00:00,91.7,197,ask,WavyWalnuts,AverageAlmonds,3335159
2026-07-02T02:01:59.936505,2026-07-02T02:01:59.944364+00:00,91.7,200,bid,WavyWalnuts,AverageAlmonds,3335170
2026-07-02T02:02:01.144420,2026-07-02T02:02:01.151111+00:00,91.7,200,bid,WavyWalnuts,AverageAlmonds,3335188
2026-07-02T02:02:01.353705,2026-07-02T02:02:01.356786+00:00,91.7,300,bid,YieldingYams,AverageAlmonds,3335194
2026-07-02T02:02:01.691520,2026-07-02T02:02:01.698199+00:00,91.7,325,ask,YieldingYams,AverageAlmonds,3335206
2026-07-02T02:02:02.663797,2026-07-02T02:02:02.675413+00:00,91.5,5,ask,Kelvin Chan,YieldingYams,3335226
2026-07-02T02:02:03.564319,2026-07-02T02:02:03.587490+00:00,91.4,9,ask,Kelvin Chan,WavyWalnuts,3335250
2026-07-02T02:02:03.584234,2026-07-02T02:02:03.587490+00:00,91.4,3,bid,Xuanyu Liu,WavyWalnuts,3335256
2026-07-02T02:02:07.205460,2026-07-02T02:02:07.209722+00:00,91.4,3,ask,WavyWalnuts,Xuanyu Liu,3335345
2026-07-02T02:02:07.902342,2026-07-02T02:02:07.911050+00:00,91.4,197,ask,WavyWalnuts,YieldingYams,3335365
2026-07-02T02:02:08.398956,2026-07-02T02:02:08.408082+00:00,91.3,3,ask,Kelvin Chan,WavyWalnuts,3335377
2026-07-02T02:02:08.550889,2026-07-02T02:02:08.560225+00:00,91.3,20,bid,BrilliantBurritos,WavyWalnuts,3335385
2026-07-02T02:02:09.209539,2026-07-02T02:02:09.219735+00:00,91.3,177,bid,YieldingYams,WavyWalnuts,3335401
2026-07-02T02:02:10.816486,2026-07-02T02:02:10.825777+00:00,91.3,200,bid,WavyWalnuts,YieldingYams,3335445
2026-07-02T02:02:14.249557,2026-07-02T02:02:14.258563+00:00,91.4,20,bid,BrilliantBurritos,YieldingYams,3335516
2026-07-02T02:02:15.758615,2026-07-02T02:02:15.768921+00:00,91.3,200,ask,WavyWalnuts,YieldingYams,3335556
2026-07-02T02:02:16.917442,2026-07-02T02:02:16.924596+00:00,91.2,4,ask,Kelvin Chan,WavyWalnuts,3335575
2026-07-02T02:02:16.917442,2026-07-02T02:02:16.929826+00:00,91.2,196,ask,AverageAlmonds,WavyWalnuts,3335576
2026-07-02T02:02:17.429453,2026-07-02T02:02:17.440856+00:00,91.3,500,bid,AverageAlmonds,YieldingYams,3335590
2026-07-02T02:02:17.463403,2026-07-02T02:02:17.473970+00:00,91.2,7,ask,Kelvin Chan,BrilliantBurritos,3335592
2026-07-02T02:02:18.023759,2026-07-02T02:02:18.056604+00:00,91.3,125,bid,AverageAlmonds,YieldingYams,3335598
2026-07-02T02:02:18.052840,2026-07-02T02:02:18.056604+00:00,91.4,11,ask,AverageAlmonds,Xuanyu Liu,3335600
2026-07-02T02:02:18.128918,2026-07-02T02:02:18.135449+00:00,91.4,200,ask,AverageAlmonds,WavyWalnuts,3335602
2026-07-02T02:02:20.964796,2026-07-02T02:02:20.968733+00:00,91.5,11,bid,Xuanyu Liu,WavyWalnuts,3335674
2026-07-02T02:02:20.991676,2026-07-02T02:02:20.998357+00:00,91.5,189,bid,YieldingYams,WavyWalnuts,3335675
2026-07-02T02:02:24.927552,2026-07-02T02:02:24.934216+00:00,91.5,200,ask,WavyWalnuts,YieldingYams,3335736
2026-07-02T02:02:29.028130,2026-07-02T02:02:29.031727+00:00,91.5,3,bid,Xuanyu Liu,WavyWalnuts,3335810
2026-07-02T02:02:30.222574,2026-07-02T02:02:30.230624+00:00,91.4,200,ask,YieldingYams,WavyWalnuts,3335829
2026-07-02T02:02:31.429487,2026-07-02T02:02:31.437304+00:00,91.6,2,bid,WavyWalnuts,Kelvin Chan,3335868
2026-07-02T02:02:31.429487,2026-07-02T02:02:31.442640+00:00,91.6,198,bid,WavyWalnuts,YieldingYams,3335869
2026-07-02T02:02:31.489932,2026-07-02T02:02:31.497035+00:00,91.6,4,bid,YieldingYams,Kelvin Chan,3335871
2026-07-02T02:02:34.114068,2026-07-02T02:02:34.123461+00:00,91.7,2,bid,YieldingYams,Kelvin Chan,3335924
2026-07-02T02:02:34.114068,2026-07-02T02:02:34.123461+00:00,91.7,500,bid,YieldingYams,AverageAlmonds,3335925
2026-07-02T02:02:34.114068,2026-07-02T02:02:34.123461+00:00,91.7,123,bid,YieldingYams,WavyWalnuts,3335926
2026-07-02T02:02:35.428915,2026-07-02T02:02:35.436046+00:00,91.6,200,ask,WavyWalnuts,YieldingYams,3335952
2026-07-02T02:02:35.428915,2026-07-02T02:02:35.450622+00:00,91.4,10,ask,Kelvin Chan,YieldingYams,3335953
2026-07-02T02:02:35.447115,2026-07-02T02:02:35.450622+00:00,91.4,14,bid,Xuanyu Liu,YieldingYams,3335957
2026-07-02T02:02:35.449539,2026-07-02T02:02:35.466168+00:00,91.4,200,bid,Chester Au,YieldingYams,3335958
2026-07-02T02:02:36.266395,2026-07-02T02:02:36.274301+00:00,91.4,200,bid,WavyWalnuts,YieldingYams,3335967
2026-07-02T02:02:36.759851,2026-07-02T02:02:36.763469+00:00,91.6,1,ask,YieldingYams,Xuanyu Liu,3335982
2026-07-02T02:02:36.795971,2026-07-02T02:02:36.799800+00:00,91.6,1,ask,YieldingYams,Xuanyu Liu,3335984
2026-07-02T02:02:36.847038,2026-07-02T02:02:36.850620+00:00,91.6,1,ask,YieldingYams,Xuanyu Liu,3335987
2026-07-02T02:02:36.872656,2026-07-02T02:02:36.876213+00:00,91.6,11,ask,YieldingYams,Xuanyu Liu,3335990
2026-07-02T02:02:38.051861,2026-07-02T02:02:38.058548+00:00,91.7,1,bid,YieldingYams,Kelvin Chan,3336027
2026-07-02T02:02:38.051861,2026-07-02T02:02:38.058548+00:00,91.7,200,bid,YieldingYams,WavyWalnuts,3336028
2026-07-02T02:02:38.070200,2026-07-02T02:02:38.079877+00:00,91.7,105,ask,YieldingYams,Chester Au,3336030
2026-07-02T02:02:38.683559,2026-07-02T02:02:38.690687+00:00,91.8,200,bid,WavyWalnuts,AverageAlmonds,3336047
2026-07-02T02:02:39.891658,2026-07-02T02:02:39.902190+00:00,91.8,200,bid,WavyWalnuts,YieldingYams,3336076
2026-07-02T02:02:41.100122,2026-07-02T02:02:41.108950+00:00,91.8,200,bid,WavyWalnuts,AverageAlmonds,3336099
2026-07-02T02:02:41.984780,2026-07-02T02:02:41.991831+00:00,91.8,1,bid,YieldingYams,Kelvin Chan,3336120
2026-07-02T02:02:41.984780,2026-07-02T02:02:41.996870+00:00,91.9,500,bid,YieldingYams,AverageAlmonds,3336121
2026-07-02T02:02:42.262514,2026-07-02T02:02:42.269066+00:00,91.9,124,ask,YieldingYams,AverageAlmonds,3336125
2026-07-02T02:02:43.299060,2026-07-02T02:02:43.309943+00:00,91.7,200,ask,WavyWalnuts,YieldingYams,3336136
2026-07-02T02:02:44.733995,2026-07-02T02:02:44.741450+00:00,91.6,200,ask,YieldingYams,WavyWalnuts,3336167
2026-07-02T02:02:48.360518,2026-07-02T02:02:48.370993+00:00,91.5,12,ask,Kelvin Chan,WavyWalnuts,3336230
2026-07-02T02:02:48.360518,2026-07-02T02:02:48.370993+00:00,91.5,188,ask,YieldingYams,WavyWalnuts,3336231
2026-07-02T02:02:48.870066,2026-07-02T02:02:48.878711+00:00,91.5,20,ask,YieldingYams,BrilliantBurritos,3336239
2026-07-02T02:02:49.568147,2026-07-02T02:02:49.576027+00:00,91.5,200,ask,YieldingYams,WavyWalnuts,3336253
2026-07-02T02:02:51.165694,2026-07-02T02:02:51.174160+00:00,91.5,200,bid,YieldingYams,WavyWalnuts,3336280
2026-07-02T02:02:54.413020,2026-07-02T02:02:54.421455+00:00,91.6,200,bid,WavyWalnuts,YieldingYams,3336347
2026-07-02T02:02:55.621763,2026-07-02T02:02:55.630698+00:00,91.6,200,bid,WavyWalnuts,YieldingYams,3336377
2026-07-02T02:02:56.830851,2026-07-02T02:02:56.842020+00:00,91.7,2,bid,WavyWalnuts,Kelvin Chan,3336409
2026-07-02T02:02:56.995896,2026-07-02T02:02:57.006398+00:00,91.7,20,ask,WavyWalnuts,BrilliantBurritos,3336410
2026-07-02T02:02:57.731059,2026-07-02T02:02:57.739848+00:00,91.7,178,ask,WavyWalnuts,YieldingYams,3336425
2026-07-02T02:03:01.688112,2026-07-02T02:03:01.695450+00:00,91.6,200,ask,AverageAlmonds,WavyWalnuts,3336499
2026-07-02T02:03:02.902610,2026-07-02T02:03:02.911252+00:00,91.6,200,ask,YieldingYams,WavyWalnuts,3336528
2026-07-02T02:03:04.109303,2026-07-02T02:03:04.118494+00:00,91.6,200,ask,YieldingYams,WavyWalnuts,3336559
2026-07-02T02:03:05.321657,2026-07-02T02:03:05.329099+00:00,91.6,200,bid,WavyWalnuts,YieldingYams,3336592
2026-07-02T02:03:06.536182,2026-07-02T02:03:06.545855+00:00,91.6,200,ask,YieldingYams,WavyWalnuts,3336622
2026-07-02T02:03:07.745787,2026-07-02T02:03:07.758615+00:00,91.6,200,ask,YieldingYams,WavyWalnuts,3336651
2026-07-02T02:03:09.543463,2026-07-02T02:03:09.558572+00:00,91.7,200,bid,YieldingYams,WavyWalnuts,3336711
2026-07-02T02:03:10.855728,2026-07-02T02:03:10.864570+00:00,91.8,5,bid,YieldingYams,Kelvin Chan,3336741
2026-07-02T02:03:10.855728,2026-07-02T02:03:10.864570+00:00,91.8,200,bid,YieldingYams,WavyWalnuts,3336742
2026-07-02T02:03:12.171531,2026-07-02T02:03:12.183177+00:00,91.8,200,ask,WavyWalnuts,YieldingYams,3336772
2026-07-02T02:03:16.102587,2026-07-02T02:03:16.110759+00:00,91.6,200,ask,WavyWalnuts,YieldingYams,3336872
2026-07-02T02:03:18.338792,2026-07-02T02:03:18.350531+00:00,91.7,20,bid,BrilliantBurritos,WavyWalnuts,3336912
2026-07-02T02:03:19.391843,2026-07-02T02:03:19.403415+00:00,91.7,20,bid,BrilliantBurritos,AverageAlmonds,3336935
2026-07-02T02:03:23.422769,2026-07-02T02:03:23.431673+00:00,91.5,20,ask,YieldingYams,BrilliantBurritos,3337029
2026-07-02T02:03:26.591176,2026-07-02T02:03:26.598737+00:00,91.6,200,bid,YieldingYams,WavyWalnuts,3337096
2026-07-02T02:03:26.591176,2026-07-02T02:03:26.604280+00:00,91.6,425,bid,YieldingYams,AverageAlmonds,3337097
2026-07-02T02:03:26.962540,2026-07-02T02:03:26.974014+00:00,91.4,1,ask,Kelvin Chan,BrilliantBurritos,3337103
2026-07-02T02:03:26.962540,2026-07-02T02:03:26.974014+00:00,91.4,19,ask,WavyWalnuts,BrilliantBurritos,3337104
2026-07-02T02:03:27.902954,2026-07-02T02:03:27.911029+00:00,91.5,200,ask,WavyWalnuts,YieldingYams,3337124
2026-07-02T02:03:28.311805,2026-07-02T02:03:28.320122+00:00,91.5,200,bid,WavyWalnuts,YieldingYams,3337132
2026-07-02T02:03:30.526957,2026-07-02T02:03:30.534567+00:00,91.4,2,ask,Kelvin Chan,YieldingYams,3337184
2026-07-02T02:03:30.654427,2026-07-02T02:03:30.662192+00:00,91.3,20,ask,WavyWalnuts,BrilliantBurritos,3337186
2026-07-02T02:03:31.835327,2026-07-02T02:03:31.844815+00:00,91.3,200,ask,WavyWalnuts,YieldingYams,3337208
2026-07-02T02:03:31.942407,2026-07-02T02:03:31.950525+00:00,91.3,200,bid,WavyWalnuts,YieldingYams,3337209
2026-07-02T02:03:33.142879,2026-07-02T02:03:33.147237+00:00,91.4,200,bid,YieldingYams,WavyWalnuts,3337233
2026-07-02T02:03:34.382820,2026-07-02T02:03:34.390466+00:00,91.4,200,ask,YieldingYams,WavyWalnuts,3337250
2026-07-02T02:03:38.012401,2026-07-02T02:03:38.024020+00:00,91.2,200,ask,AverageAlmonds,WavyWalnuts,3337297
2026-07-02T02:03:40.183379,2026-07-02T02:03:40.192204+00:00,91.2,95,ask,YieldingYams,Chester Au,3337316
2026-07-02T02:03:41.022629,2026-07-02T02:03:41.033642+00:00,91.2,200,ask,WavyWalnuts,YieldingYams,3337335
2026-07-02T02:03:41.152182,2026-07-02T02:03:41.163706+00:00,91.1,20,ask,AverageAlmonds,BrilliantBurritos,3337338
2026-07-02T02:03:43.646415,2026-07-02T02:03:43.653700+00:00,91.1,4,ask,Kelvin Chan,YieldingYams,3337384
2026-07-02T02:03:43.646415,2026-07-02T02:03:43.659067+00:00,91.1,200,ask,WavyWalnuts,YieldingYams,3337385
2026-07-02T02:03:43.646415,2026-07-02T02:03:43.659067+00:00,91.1,421,ask,AverageAlmonds,YieldingYams,3337386
2026-07-02T02:03:45.281750,2026-07-02T02:03:45.290403+00:00,91.2,200,ask,YieldingYams,WavyWalnuts,3337413
2026-07-02T02:03:46.502004,2026-07-02T02:03:46.505555+00:00,91.1,14,ask,AverageAlmonds,Xuanyu Liu,3337437
2026-07-02T02:03:47.579610,2026-07-02T02:03:47.590396+00:00,91.1,500,ask,AverageAlmonds,YieldingYams,3337464
2026-07-02T02:03:47.579610,2026-07-02T02:03:47.590396+00:00,91.0,125,ask,WavyWalnuts,YieldingYams,3337465
2026-07-02T02:03:48.893115,2026-07-02T02:03:48.900561+00:00,91.2,200,bid,YieldingYams,WavyWalnuts,3337490
2026-07-02T02:03:50.128199,2026-07-02T02:03:50.138889+00:00,91.2,200,ask,YieldingYams,WavyWalnuts,3337513
2026-07-02T02:03:50.668815,2026-07-02T02:03:50.680305+00:00,91.2,500,bid,AverageAlmonds,YieldingYams,3337522
2026-07-02T02:03:51.334016,2026-07-02T02:03:51.344178+00:00,91.2,125,bid,WavyWalnuts,YieldingYams,3337543
2026-07-02T02:03:52.547045,2026-07-02T02:03:52.554478+00:00,91.3,200,ask,YieldingYams,WavyWalnuts,3337577
2026-07-02T02:03:57.392287,2026-07-02T02:03:57.399165+00:00,91.2,200,ask,YieldingYams,WavyWalnuts,3337670
2026-07-02T02:03:58.598996,2026-07-02T02:03:58.607621+00:00,91.2,200,bid,WavyWalnuts,YieldingYams,3337702
2026-07-02T02:03:59.168517,2026-07-02T02:03:59.176796+00:00,91.2,425,bid,AverageAlmonds,YieldingYams,3337713
2026-07-02T02:03:59.385304,2026-07-02T02:03:59.394282+00:00,91.4,1,bid,YieldingYams,Kelvin Chan,3337720
2026-07-02T02:03:59.385304,2026-07-02T02:03:59.394282+00:00,91.4,200,bid,YieldingYams,WavyWalnuts,3337721
2026-07-02T02:03:59.807074,2026-07-02T02:03:59.816952+00:00,91.4,200,ask,YieldingYams,WavyWalnuts,3337724
2026-07-02T02:04:02.144091,2026-07-02T02:04:02.158579+00:00,91.4,20,ask,WavyWalnuts,BrilliantBurritos,3337779
2026-07-02T02:04:02.232826,2026-07-02T02:04:02.244431+00:00,91.4,200,ask,YieldingYams,WavyWalnuts,3337783
2026-07-02T02:04:02.333023,2026-07-02T02:04:02.336523+00:00,91.5,1,bid,Xuanyu Liu,Kelvin Chan,3337791
2026-07-02T02:04:02.342050,2026-07-02T02:04:02.345830+00:00,91.6,9,bid,Xuanyu Liu,YieldingYams,3337793
2026-07-02T02:04:03.343835,2026-07-02T02:04:03.353531+00:00,91.6,20,bid,BrilliantBurritos,YieldingYams,3337814
2026-07-02T02:04:07.070919,2026-07-02T02:04:07.079147+00:00,91.6,6,bid,WavyWalnuts,Kelvin Chan,3337869
2026-07-02T02:04:08.579151,2026-07-02T02:04:08.585990+00:00,91.6,200,ask,WavyWalnuts,YieldingYams,3337906
2026-07-02T02:04:08.591764,2026-07-02T02:04:08.595033+00:00,91.5,4,bid,Xuanyu Liu,YieldingYams,3337908
2026-07-02T02:04:09.484500,2026-07-02T02:04:09.494045+00:00,91.5,200,bid,WavyWalnuts,YieldingYams,3337922
2026-07-02T02:04:10.694072,2026-07-02T02:04:10.702299+00:00,91.5,200,bid,WavyWalnuts,YieldingYams,3337942
2026-07-02T02:04:13.813832,2026-07-02T02:04:13.824736+00:00,91.5,200,bid,YieldingYams,WavyWalnuts,3338012
2026-07-02T02:04:14.331653,2026-07-02T02:04:14.341477+00:00,91.5,200,ask,YieldingYams,WavyWalnuts,3338018
2026-07-02T02:04:15.126273,2026-07-02T02:04:15.134378+00:00,91.4,500,ask,AverageAlmonds,YieldingYams,3338028
2026-07-02T02:04:15.489931,2026-07-02T02:04:15.497025+00:00,91.4,125,bid,AverageAlmonds,YieldingYams,3338042
2026-07-02T02:04:16.770465,2026-07-02T02:04:16.781892+00:00,91.6,4,bid,WavyWalnuts,Kelvin Chan,3338061
2026-07-02T02:04:16.770465,2026-07-02T02:04:16.781892+00:00,91.6,196,bid,WavyWalnuts,YieldingYams,3338062
2026-07-02T02:04:17.741904,2026-07-02T02:04:17.748826+00:00,91.6,4,bid,YieldingYams,Kelvin Chan,3338083
2026-07-02T02:04:17.985581,2026-07-02T02:04:17.993209+00:00,91.6,200,ask,YieldingYams,WavyWalnuts,3338090
2026-07-02T02:04:19.056508,2026-07-02T02:04:19.058619+00:00,91.5,500,ask,AverageAlmonds,YieldingYams,3338103
2026-07-02T02:04:19.131377,2026-07-02T02:04:19.139485+00:00,91.5,125,bid,AverageAlmonds,YieldingYams,3338104
2026-07-02T02:04:21.670994,2026-07-02T02:04:21.679306+00:00,91.6,200,bid,YieldingYams,WavyWalnuts,3338142
2026-07-02T02:04:21.670994,2026-07-02T02:04:21.679306+00:00,91.7,6,bid,YieldingYams,Kelvin Chan,3338143
2026-07-02T02:04:22.816664,2026-07-02T02:04:22.823919+00:00,91.7,200,ask,YieldingYams,WavyWalnuts,3338173
2026-07-02T02:04:22.980478,2026-07-02T02:04:22.992226+00:00,91.5,500,ask,AverageAlmonds,YieldingYams,3338174
2026-07-02T02:04:22.980478,2026-07-02T02:04:22.992226+00:00,91.5,125,ask,WavyWalnuts,YieldingYams,3338175
2026-07-02T02:04:25.595288,2026-07-02T02:04:25.601936+00:00,91.6,200,ask,WavyWalnuts,YieldingYams,3338225
2026-07-02T02:04:31.247629,2026-07-02T02:04:31.255333+00:00,91.6,200,bid,AverageAlmonds,WavyWalnuts,3338329
2026-07-02T02:04:31.848033,2026-07-02T02:04:31.858576+00:00,91.7,500,bid,AverageAlmonds,YieldingYams,3338344
2026-07-02T02:04:32.172420,2026-07-02T02:04:32.176453+00:00,91.7,3,ask,YieldingYams,Xuanyu Liu,3338355
2026-07-02T02:04:33.712407,2026-07-02T02:04:33.721464+00:00,91.7,200,ask,YieldingYams,WavyWalnuts,3338392
2026-07-02T02:04:34.924770,2026-07-02T02:04:34.931190+00:00,91.7,200,ask,YieldingYams,WavyWalnuts,3338429
2026-07-02T02:04:35.647683,2026-07-02T02:04:35.659057+00:00,91.7,20,ask,YieldingYams,BrilliantBurritos,3338437
2026-07-02T02:04:36.129449,2026-07-02T02:04:36.140717+00:00,91.8,200,bid,WavyWalnuts,YieldingYams,3338449
2026-07-02T02:04:37.113399,2026-07-02T02:04:37.117271+00:00,91.6,11,ask,YieldingYams,Xuanyu Liu,3338465
2026-07-02T02:04:40.982781,2026-07-02T02:04:40.990581+00:00,91.7,200,ask,YieldingYams,WavyWalnuts,3338530
2026-07-02T02:04:42.144310,2026-07-02T02:04:42.150660+00:00,91.8,500,bid,AverageAlmonds,YieldingYams,3338548
2026-07-02T02:04:42.657180,2026-07-02T02:04:42.658550+00:00,91.8,200,bid,YieldingYams,WavyWalnuts,3338563
2026-07-02T02:04:43.454756,2026-07-02T02:04:43.466395+00:00,91.9,20,bid,BrilliantBurritos,WavyWalnuts,3338577
2026-07-02T02:04:46.597120,2026-07-02T02:04:46.604231+00:00,91.8,200,ask,WavyWalnuts,YieldingYams,3338639
2026-07-02T02:04:46.597120,2026-07-02T02:04:46.609640+00:00,91.6,425,ask,AverageAlmonds,YieldingYams,3338640
2026-07-02T02:04:47.907380,2026-07-02T02:04:47.917511+00:00,91.8,200,ask,WavyWalnuts,YieldingYams,3338666
2026-07-02T02:04:48.376312,2026-07-02T02:04:48.388259+00:00,91.8,20,bid,BrilliantBurritos,YieldingYams,3338671
2026-07-02T02:04:49.464218,2026-07-02T02:04:49.474178+00:00,91.8,200,ask,YieldingYams,WavyWalnuts,3338695
2026-07-02T02:04:50.672584,2026-07-02T02:04:50.680856+00:00,91.8,200,ask,YieldingYams,WavyWalnuts,3338719
2026-07-02T02:04:51.834368,2026-07-02T02:04:51.844414+00:00,91.7,12,ask,Kelvin Chan,YieldingYams,3338732
2026-07-02T02:04:51.834368,2026-07-02T02:04:51.844414+00:00,91.7,500,ask,AverageAlmonds,YieldingYams,3338733
2026-07-02T02:04:52.405689,2026-07-02T02:04:52.416523+00:00,91.7,113,bid,AverageAlmonds,YieldingYams,3338747
2026-07-02T02:04:52.405689,2026-07-02T02:04:52.416523+00:00,91.7,200,bid,AverageAlmonds,WavyWalnuts,3338748
2026-07-02T02:04:53.113966,2026-07-02T02:04:53.117213+00:00,91.8,11,bid,Xuanyu Liu,WavyWalnuts,3338774
2026-07-02T02:04:54.309574,2026-07-02T02:04:54.320258+00:00,91.7,200,ask,YieldingYams,WavyWalnuts,3338795
2026-07-02T02:04:55.332024,2026-07-02T02:04:55.343702+00:00,91.8,20,ask,YieldingYams,BrilliantBurritos,3338822
2026-07-02T02:04:55.518312,2026-07-02T02:04:55.525509+00:00,91.8,200,ask,YieldingYams,WavyWalnuts,3338824
2026-07-02T02:04:57.285109,2026-07-02T02:04:57.288938+00:00,91.8,11,ask,AverageAlmonds,Xuanyu Liu,3338849
2026-07-02T02:05:00.298815,2026-07-02T02:05:00.306863+00:00,91.8,200,bid,AverageAlmonds,WavyWalnuts,3338932
2026-07-02T02:05:00.350266,2026-07-02T02:05:00.358634+00:00,91.8,200,ask,AverageAlmonds,WavyWalnuts,3338933
2026-07-02T02:05:02.298713,2026-07-02T02:05:02.305021+00:00,91.9,200,bid,YieldingYams,WavyWalnuts,3338989
2026-07-02T02:05:06.228905,2026-07-02T02:05:06.237328+00:00,91.9,200,bid,YieldingYams,WavyWalnuts,3339057
2026-07-02T02:05:06.388380,2026-07-02T02:05:06.398582+00:00,91.9,200,ask,YieldingYams,WavyWalnuts,3339061
2026-07-02T02:05:07.595414,2026-07-02T02:05:07.605365+00:00,91.9,200,bid,WavyWalnuts,YieldingYams,3339091
2026-07-02T02:05:08.700222,2026-07-02T02:05:08.703891+00:00,91.9,11,bid,Xuanyu Liu,YieldingYams,3339109
2026-07-02T02:05:08.809227,2026-07-02T02:05:08.819351+00:00,91.9,200,bid,WavyWalnuts,YieldingYams,3339111
2026-07-02T02:05:08.844730,2026-07-02T02:05:08.865511+00:00,92.0,1,bid,YieldingYams,Kelvin Chan,3339115
2026-07-02T02:05:08.861723,2026-07-02T02:05:08.865511+00:00,92.1,11,ask,YieldingYams,Xuanyu Liu,3339117
2026-07-02T02:05:10.020360,2026-07-02T02:05:10.031813+00:00,92.1,200,ask,YieldingYams,WavyWalnuts,3339147
2026-07-02T02:05:11.466571,2026-07-02T02:05:11.473107+00:00,92.1,2,bid,YieldingYams,Kelvin Chan,3339184
2026-07-02T02:05:11.466571,2026-07-02T02:05:11.478097+00:00,92.1,200,bid,YieldingYams,WavyWalnuts,3339185
2026-07-02T02:05:11.939205,2026-07-02T02:05:11.942758+00:00,92.2,14,bid,Xuanyu Liu,AverageAlmonds,3339200
2026-07-02T02:05:13.019235,2026-07-02T02:05:13.031143+00:00,92.2,200,ask,WavyWalnuts,AverageAlmonds,3339215
2026-07-02T02:05:13.649323,2026-07-02T02:05:13.658559+00:00,92.2,200,bid,WavyWalnuts,AverageAlmonds,3339236
2026-07-02T02:05:19.334308,2026-07-02T02:05:19.345415+00:00,92.0,200,ask,WavyWalnuts,YieldingYams,3339369
2026-07-02T02:05:19.334308,2026-07-02T02:05:19.345415+00:00,91.9,425,ask,AverageAlmonds,YieldingYams,3339370
2026-07-02T02:05:20.919369,2026-07-02T02:05:20.926640+00:00,92.1,200,bid,WavyWalnuts,YieldingYams,3339400
2026-07-02T02:05:21.965379,2026-07-02T02:05:21.968826+00:00,92.1,3,ask,YieldingYams,Xuanyu Liu,3339427
2026-07-02T02:05:23.264360,2026-07-02T02:05:23.283787+00:00,92.2,4,bid,YieldingYams,Kelvin Chan,3339456
2026-07-02T02:05:23.264360,2026-07-02T02:05:23.283787+00:00,92.3,200,bid,YieldingYams,WavyWalnuts,3339457
2026-07-02T02:05:23.280296,2026-07-02T02:05:23.283787+00:00,92.3,11,ask,YieldingYams,Xuanyu Liu,3339459
2026-07-02T02:05:23.883368,2026-07-02T02:05:23.887763+00:00,92.3,2,ask,YieldingYams,Xuanyu Liu,3339465
2026-07-02T02:05:24.250436,2026-07-02T02:05:24.254008+00:00,92.3,1,ask,YieldingYams,Xuanyu Liu,3339474
2026-07-02T02:05:24.325901,2026-07-02T02:05:24.338412+00:00,92.3,1,ask,YieldingYams,Xuanyu Liu,3339480
2026-07-02T02:05:24.551364,2026-07-02T02:05:24.552206+00:00,92.4,3,bid,WavyWalnuts,Kelvin Chan,3339493
2026-07-02T02:05:24.584032,2026-07-02T02:05:24.590654+00:00,92.4,197,ask,WavyWalnuts,YieldingYams,3339498
2026-07-02T02:05:25.762519,2026-07-02T02:05:25.769004+00:00,92.3,3,bid,WavyWalnuts,Kelvin Chan,3339518
2026-07-02T02:05:26.974782,2026-07-02T02:05:26.984889+00:00,92.4,3,bid,WavyWalnuts,Kelvin Chan,3339542
2026-07-02T02:05:26.974782,2026-07-02T02:05:26.984889+00:00,92.4,197,bid,WavyWalnuts,YieldingYams,3339543
2026-07-02T02:05:28.187793,2026-07-02T02:05:28.196692+00:00,92.4,200,bid,WavyWalnuts,YieldingYams,3339574
2026-07-02T02:05:30.602304,2026-07-02T02:05:30.613257+00:00,92.5,200,bid,WavyWalnuts,YieldingYams,3339625
2026-07-02T02:05:32.500403,2026-07-02T02:05:32.511299+00:00,92.4,200,ask,WavyWalnuts,YieldingYams,3339648
2026-07-02T02:05:33.808611,2026-07-02T02:05:33.815377+00:00,92.5,1,bid,YieldingYams,Kelvin Chan,3339672
2026-07-02T02:05:33.808611,2026-07-02T02:05:33.820852+00:00,92.5,200,bid,YieldingYams,WavyWalnuts,3339673
2026-07-02T02:05:34.083279,2026-07-02T02:05:34.086794+00:00,92.6,18,bid,Xuanyu Liu,AverageAlmonds,3339684
2026-07-02T02:05:34.225822,2026-07-02T02:05:34.232679+00:00,92.5,200,ask,YieldingYams,WavyWalnuts,3339688
2026-07-02T02:05:35.138117,2026-07-02T02:05:35.141738+00:00,92.4,3,bid,Xuanyu Liu,YieldingYams,3339710
2026-07-02T02:05:35.434970,2026-07-02T02:05:35.445297+00:00,92.4,200,bid,WavyWalnuts,YieldingYams,3339713
2026-07-02T02:05:37.569571,2026-07-02T02:05:37.573646+00:00,92.3,1,ask,YieldingYams,Xuanyu Liu,3339749
2026-07-02T02:05:37.983351,2026-07-02T02:05:37.986913+00:00,92.3,1,ask,YieldingYams,Xuanyu Liu,3339755
2026-07-02T02:05:38.019912,2026-07-02T02:05:38.023703+00:00,92.3,1,ask,YieldingYams,Xuanyu Liu,3339757
2026-07-02T02:05:40.364246,2026-07-02T02:05:40.372016+00:00,92.5,500,bid,YieldingYams,AverageAlmonds,3339800
2026-07-02T02:05:40.832559,2026-07-02T02:05:40.839743+00:00,92.5,125,ask,YieldingYams,AverageAlmonds,3339810
2026-07-02T02:05:40.832559,2026-07-02T02:05:40.844756+00:00,92.4,200,ask,WavyWalnuts,AverageAlmonds,3339811
2026-07-02T02:05:40.878758,2026-07-02T02:05:40.882183+00:00,92.4,3,bid,Xuanyu Liu,AverageAlmonds,3339815
2026-07-02T02:05:41.673510,2026-07-02T02:05:41.680784+00:00,92.3,200,ask,WavyWalnuts,YieldingYams,3339829
2026-07-02T02:05:41.687655,2026-07-02T02:05:41.699257+00:00,92.3,45,bid,Chester Au,YieldingYams,3339831
2026-07-02T02:05:42.763979,2026-07-02T02:05:42.767483+00:00,92.2,1,ask,Kelvin Chan,Xuanyu Liu,3339852
2026-07-02T02:05:43.303704,2026-07-02T02:05:43.306988+00:00,92.2,1,ask,Kelvin Chan,Xuanyu Liu,3339875
2026-07-02T02:05:43.536729,2026-07-02T02:05:43.548043+00:00,92.3,20,bid,BrilliantBurritos,YieldingYams,3339877
2026-07-02T02:05:43.569304,2026-07-02T02:05:43.572606+00:00,92.2,1,ask,Kelvin Chan,Xuanyu Liu,3339879
2026-07-02T02:05:44.290310,2026-07-02T02:05:44.301575+00:00,92.2,6,ask,Kelvin Chan,YieldingYams,3339899
2026-07-02T02:05:45.600711,2026-07-02T02:05:45.610737+00:00,92.1,10,ask,Kelvin Chan,YieldingYams,3339925
2026-07-02T02:05:45.675995,2026-07-02T02:05:45.684203+00:00,92.1,500,bid,AverageAlmonds,YieldingYams,3339926
2026-07-02T02:05:46.272343,2026-07-02T02:05:46.279646+00:00,92.1,115,bid,AverageAlmonds,YieldingYams,3339942
2026-07-02T02:05:46.906851,2026-07-02T02:05:46.915718+00:00,92.2,200,bid,YieldingYams,WavyWalnuts,3339955
2026-07-02T02:05:46.906851,2026-07-02T02:05:46.915718+00:00,92.4,4,bid,YieldingYams,Kelvin Chan,3339956
2026-07-02T02:05:46.937187,2026-07-02T02:05:46.945301+00:00,92.4,45,ask,YieldingYams,Chester Au,3339962
2026-07-02T02:05:46.941461,2026-07-02T02:05:46.945301+00:00,92.4,3,ask,YieldingYams,Xuanyu Liu,3339963
2026-07-02T02:05:47.554147,2026-07-02T02:05:47.561130+00:00,92.4,200,ask,YieldingYams,WavyWalnuts,3339973
2026-07-02T02:05:47.992800,2026-07-02T02:05:48.004058+00:00,92.4,20,ask,YieldingYams,BrilliantBurritos,3339980
2026-07-02T02:05:49.969995,2026-07-02T02:05:49.980273+00:00,92.3,200,ask,YieldingYams,WavyWalnuts,3340029
2026-07-02T02:05:50.848230,2026-07-02T02:05:50.852098+00:00,92.3,3,bid,Xuanyu Liu,YieldingYams,3340052
2026-07-02T02:05:52.143316,2026-07-02T02:05:52.155022+00:00,92.2,8,ask,Kelvin Chan,YieldingYams,3340077
2026-07-02T02:05:52.143316,2026-07-02T02:05:52.155022+00:00,92.2,200,ask,WavyWalnuts,YieldingYams,3340078
2026-07-02T02:05:52.382025,2026-07-02T02:05:52.393128+00:00,92.2,200,bid,WavyWalnuts,YieldingYams,3340083
2026-07-02T02:05:53.612714,2026-07-02T02:05:53.621836+00:00,92.3,200,ask,YieldingYams,WavyWalnuts,3340121
2026-07-02T02:05:54.761258,2026-07-02T02:05:54.767974+00:00,92.4,500,bid,YieldingYams,AverageAlmonds,3340134
2026-07-02T02:05:54.761258,2026-07-02T02:05:54.773319+00:00,92.4,11,bid,YieldingYams,Kelvin Chan,3340135
2026-07-02T02:05:54.783614,2026-07-02T02:05:54.794329+00:00,92.4,114,ask,YieldingYams,AverageAlmonds,3340136
2026-07-02T02:05:57.243673,2026-07-02T02:05:57.258594+00:00,92.2,200,bid,WavyWalnuts,YieldingYams,3340193
2026-07-02T02:06:01.337036,2026-07-02T02:06:01.345463+00:00,92.4,3,bid,YieldingYams,Kelvin Chan,3340287
2026-07-02T02:06:01.337036,2026-07-02T02:06:01.345463+00:00,92.4,500,bid,YieldingYams,AverageAlmonds,3340288
2026-07-02T02:06:01.337036,2026-07-02T02:06:01.345463+00:00,92.5,122,bid,YieldingYams,WavyWalnuts,3340289
2026-07-02T02:06:02.085903,2026-07-02T02:06:02.092390+00:00,92.4,6,bid,WavyWalnuts,Kelvin Chan,3340303
2026-07-02T02:06:03.301431,2026-07-02T02:06:03.311320+00:00,92.4,200,ask,YieldingYams,WavyWalnuts,3340333
2026-07-02T02:06:05.053843,2026-07-02T02:06:05.064206+00:00,92.4,500,ask,YieldingYams,AverageAlmonds,3340373
2026-07-02T02:06:05.271699,2026-07-02T02:06:05.281234+00:00,92.3,200,ask,WavyWalnuts,YieldingYams,3340379
2026-07-02T02:06:05.716087,2026-07-02T02:06:05.727065+00:00,92.2,200,bid,WavyWalnuts,YieldingYams,3340385
2026-07-02T02:06:06.926281,2026-07-02T02:06:06.935345+00:00,92.2,200,ask,YieldingYams,WavyWalnuts,3340410
2026-07-02T02:06:07.852624,2026-07-02T02:06:07.858620+00:00,92.2,20,ask,YieldingYams,BrilliantBurritos,3340439
2026-07-02T02:06:09.197894,2026-07-02T02:06:09.208109+00:00,92.2,200,bid,YieldingYams,WavyWalnuts,3340458
2026-07-02T02:06:10.516889,2026-07-02T02:06:10.527057+00:00,92.3,200,ask,WavyWalnuts,YieldingYams,3340490
2026-07-02T02:06:10.549004,2026-07-02T02:06:10.553061+00:00,92.3,200,bid,WavyWalnuts,YieldingYams,3340492
2026-07-02T02:06:10.688760,2026-07-02T02:06:10.697149+00:00,92.1,20,ask,YieldingYams,BrilliantBurritos,3340498
2026-07-02T02:06:11.826333,2026-07-02T02:06:11.836798+00:00,92.4,200,bid,YieldingYams,WavyWalnuts,3340522
2026-07-02T02:06:14.181792,2026-07-02T02:06:14.198452+00:00,92.5,1,bid,WavyWalnuts,Kelvin Chan,3340579
2026-07-02T02:06:14.181792,2026-07-02T02:06:14.198452+00:00,92.5,199,bid,WavyWalnuts,YieldingYams,3340580
2026-07-02T02:06:15.393811,2026-07-02T02:06:15.400261+00:00,92.4,200,ask,YieldingYams,WavyWalnuts,3340612
2026-07-02T02:06:15.494972,2026-07-02T02:06:15.505985+00:00,92.5,7,bid,BrilliantBurritos,Kelvin Chan,3340615
2026-07-02T02:06:18.196315,2026-07-02T02:06:18.204422+00:00,92.4,20,bid,BrilliantBurritos,WavyWalnuts,3340669
2026-07-02T02:06:19.712029,2026-07-02T02:06:19.720827+00:00,92.3,200,ask,WavyWalnuts,YieldingYams,3340700
2026-07-02T02:06:24.388992,2026-07-02T02:06:24.400547+00:00,92.4,20,bid,BrilliantBurritos,YieldingYams,3340796
2026-07-02T02:06:25.383005,2026-07-02T02:06:25.391440+00:00,92.5,7,bid,BrilliantBurritos,Kelvin Chan,3340818
2026-07-02T02:06:25.383005,2026-07-02T02:06:25.391440+00:00,92.5,13,bid,BrilliantBurritos,YieldingYams,3340819
2026-07-02T02:06:27.869986,2026-07-02T02:06:27.873720+00:00,92.3,14,ask,AverageAlmonds,Xuanyu Liu,3340867
2026-07-02T02:06:31.498221,2026-07-02T02:06:31.508589+00:00,92.2,200,ask,WavyWalnuts,YieldingYams,3340951
2026-07-02T02:06:31.498221,2026-07-02T02:06:31.508589+00:00,92.2,1,ask,Kelvin Chan,YieldingYams,3340952
2026-07-02T02:06:31.514682,2026-07-02T02:06:31.518467+00:00,92.2,11,bid,Xuanyu Liu,YieldingYams,3340954
2026-07-02T02:06:32.358460,2026-07-02T02:06:32.367223+00:00,92.1,1,ask,Kelvin Chan,WavyWalnuts,3340973
2026-07-02T02:06:32.358460,2026-07-02T02:06:32.367223+00:00,92.1,199,ask,AverageAlmonds,WavyWalnuts,3340974
2026-07-02T02:06:33.569176,2026-07-02T02:06:33.577557+00:00,92.2,1,ask,Kelvin Chan,WavyWalnuts,3340996
2026-07-02T02:06:33.569176,2026-07-02T02:06:33.577557+00:00,92.1,199,ask,YieldingYams,WavyWalnuts,3340997
2026-07-02T02:06:34.139642,2026-07-02T02:06:34.149372+00:00,92.2,1,ask,Kelvin Chan,YieldingYams,3341016
2026-07-02T02:06:34.780061,2026-07-02T02:06:34.787981+00:00,92.1,1,ask,Kelvin Chan,WavyWalnuts,3341030
2026-07-02T02:06:34.780061,2026-07-02T02:06:34.787981+00:00,92.1,199,ask,AverageAlmonds,WavyWalnuts,3341031
2026-07-02T02:06:36.756945,2026-07-02T02:06:36.763951+00:00,92.2,500,ask,AverageAlmonds,YieldingYams,3341086
2026-07-02T02:06:37.143894,2026-07-02T02:06:37.152345+00:00,92.2,125,bid,AverageAlmonds,YieldingYams,3341094
2026-07-02T02:06:37.143894,2026-07-02T02:06:37.152345+00:00,92.3,200,bid,AverageAlmonds,WavyWalnuts,3341095
2026-07-02T02:06:37.197410,2026-07-02T02:06:37.206594+00:00,92.3,175,ask,AverageAlmonds,WavyWalnuts,3341098
2026-07-02T02:06:38.062768,2026-07-02T02:06:38.071607+00:00,92.3,25,bid,YieldingYams,WavyWalnuts,3341114
2026-07-02T02:06:38.186108,2026-07-02T02:06:38.197623+00:00,92.4,20,ask,YieldingYams,BrilliantBurritos,3341117
2026-07-02T02:06:38.404803,2026-07-02T02:06:38.411478+00:00,92.4,200,ask,YieldingYams,WavyWalnuts,3341127
2026-07-02T02:06:41.363905,2026-07-02T02:06:41.370442+00:00,92.4,500,bid,AverageAlmonds,YieldingYams,3341160
2026-07-02T02:06:41.986641,2026-07-02T02:06:41.993783+00:00,92.4,125,bid,AverageAlmonds,YieldingYams,3341174
2026-07-02T02:06:41.986641,2026-07-02T02:06:41.998777+00:00,92.4,200,bid,AverageAlmonds,WavyWalnuts,3341175
2026-07-02T02:06:45.942502,2026-07-02T02:06:45.949025+00:00,92.6,200,bid,YieldingYams,WavyWalnuts,3341257
2026-07-02T02:06:45.959881,2026-07-02T02:06:45.963396+00:00,92.6,23,ask,YieldingYams,Xuanyu Liu,3341259
2026-07-02T02:06:49.287722,2026-07-02T02:06:49.296356+00:00,92.5,200,ask,AverageAlmonds,WavyWalnuts,3341324
2026-07-02T02:06:49.882992,2026-07-02T02:06:49.889860+00:00,92.5,500,ask,AverageAlmonds,YieldingYams,3341342
2026-07-02T02:06:50.444352,2026-07-02T02:06:50.452689+00:00,92.5,125,bid,AverageAlmonds,YieldingYams,3341347
2026-07-02T02:06:51.191625,2026-07-02T02:06:51.203087+00:00,92.6,200,bid,YieldingYams,WavyWalnuts,3341362
2026-07-02T02:06:52.509866,2026-07-02T02:06:52.516856+00:00,92.6,500,ask,AverageAlmonds,YieldingYams,3341386
2026-07-02T02:06:52.509866,2026-07-02T02:06:52.522085+00:00,92.5,125,ask,WavyWalnuts,YieldingYams,3341387
2026-07-02T02:06:53.816052,2026-07-02T02:06:53.825998+00:00,92.7,4,bid,YieldingYams,Kelvin Chan,3341420
2026-07-02T02:06:53.816052,2026-07-02T02:06:53.825998+00:00,92.7,200,bid,YieldingYams,WavyWalnuts,3341421
2026-07-02T02:06:54.122160,2026-07-02T02:06:54.131109+00:00,92.7,200,ask,YieldingYams,WavyWalnuts,3341431
2026-07-02T02:06:55.328505,2026-07-02T02:06:55.335696+00:00,92.7,200,bid,WavyWalnuts,YieldingYams,3341441
2026-07-02T02:06:56.507366,2026-07-02T02:06:56.514797+00:00,92.7,500,bid,AverageAlmonds,YieldingYams,3341471
2026-07-02T02:06:56.537244,2026-07-02T02:06:56.548735+00:00,92.7,125,bid,WavyWalnuts,YieldingYams,3341472
2026-07-02T02:06:57.748463,2026-07-02T02:06:57.758623+00:00,92.8,3,bid,YieldingYams,Kelvin Chan,3341499
2026-07-02T02:06:57.750973,2026-07-02T02:06:57.758623+00:00,92.8,200,ask,YieldingYams,WavyWalnuts,3341500
2026-07-02T02:06:58.993370,2026-07-02T02:06:59.000609+00:00,92.8,200,ask,YieldingYams,WavyWalnuts,3341529
2026-07-02T02:07:01.416269,2026-07-02T02:07:01.427994+00:00,92.9,2,bid,WavyWalnuts,Kelvin Chan,3341584
2026-07-02T02:07:01.416269,2026-07-02T02:07:01.427994+00:00,92.9,198,bid,WavyWalnuts,YieldingYams,3341585
2026-07-02T02:07:02.628254,2026-07-02T02:07:02.640158+00:00,92.9,200,ask,YieldingYams,WavyWalnuts,3341602
2026-07-02T02:07:02.995196,2026-07-02T02:07:03.003318+00:00,92.8,20,ask,YieldingYams,BrilliantBurritos,3341613
2026-07-02T02:07:05.043901,2026-07-02T02:07:05.058625+00:00,92.8,200,ask,YieldingYams,WavyWalnuts,3341650
2026-07-02T02:07:08.680517,2026-07-02T02:07:08.691640+00:00,92.7,200,ask,YieldingYams,WavyWalnuts,3341731
2026-07-02T02:07:09.559538,2026-07-02T02:07:09.578972+00:00,92.7,500,ask,AverageAlmonds,YieldingYams,3341745
2026-07-02T02:07:09.574884,2026-07-02T02:07:09.578972+00:00,92.7,23,bid,Xuanyu Liu,YieldingYams,3341747
2026-07-02T02:07:09.889392,2026-07-02T02:07:09.897544+00:00,92.6,9,ask,Kelvin Chan,BrilliantBurritos,3341761
2026-07-02T02:07:09.889392,2026-07-02T02:07:09.897544+00:00,92.6,11,ask,AverageAlmonds,BrilliantBurritos,3341762
2026-07-02T02:07:11.988180,2026-07-02T02:07:11.995080+00:00,92.8,20,bid,BrilliantBurritos,WavyWalnuts,3341799
2026-07-02T02:07:12.135885,2026-07-02T02:07:12.139789+00:00,92.7,23,ask,YieldingYams,Xuanyu Liu,3341809
2026-07-02T02:07:13.493376,2026-07-02T02:07:13.500251+00:00,92.8,200,bid,YieldingYams,WavyWalnuts,3341835
2026-07-02T02:07:13.520796,2026-07-02T02:07:13.527925+00:00,92.8,200,ask,YieldingYams,WavyWalnuts,3341841
2026-07-02T02:07:13.524163,2026-07-02T02:07:13.527925+00:00,92.8,11,ask,YieldingYams,Xuanyu Liu,3341842
2026-07-02T02:07:13.536226,2026-07-02T02:07:13.554003+00:00,92.9,1,bid,BrilliantBurritos,Kelvin Chan,3341843
2026-07-02T02:07:14.726563,2026-07-02T02:07:14.746109+00:00,92.9,1,bid,WavyWalnuts,Kelvin Chan,3341871
2026-07-02T02:07:14.742845,2026-07-02T02:07:14.746109+00:00,92.9,12,ask,WavyWalnuts,Xuanyu Liu,3341873
2026-07-02T02:07:14.806578,2026-07-02T02:07:14.815643+00:00,92.9,187,ask,WavyWalnuts,YieldingYams,3341877
2026-07-02T02:07:18.352676,2026-07-02T02:07:18.358542+00:00,92.7,200,ask,AverageAlmonds,WavyWalnuts,3341943
2026-07-02T02:07:18.486866,2026-07-02T02:07:18.498617+00:00,92.8,20,bid,BrilliantBurritos,YieldingYams,3341946
2026-07-02T02:07:18.741294,2026-07-02T02:07:18.748482+00:00,92.7,300,ask,AverageAlmonds,YieldingYams,3341956
2026-07-02T02:07:18.741294,2026-07-02T02:07:18.767970+00:00,92.6,10,ask,Kelvin Chan,YieldingYams,3341957
2026-07-02T02:07:18.764454,2026-07-02T02:07:18.767970+00:00,92.6,12,bid,Xuanyu Liu,YieldingYams,3341959
2026-07-02T02:07:18.903564,2026-07-02T02:07:18.911996+00:00,92.6,303,bid,AverageAlmonds,YieldingYams,3341960
2026-07-02T02:07:24.395880,2026-07-02T02:07:24.407097+00:00,92.9,200,bid,WavyWalnuts,YieldingYams,3342090
2026-07-02T02:07:25.602627,2026-07-02T02:07:25.610051+00:00,92.9,200,bid,WavyWalnuts,YieldingYams,3342103
2026-07-02T02:07:26.413507,2026-07-02T02:07:26.420069+00:00,92.7,20,ask,YieldingYams,BrilliantBurritos,3342120
2026-07-02T02:07:27.914114,2026-07-02T02:07:27.936907+00:00,92.9,200,bid,YieldingYams,WavyWalnuts,3342154
2026-07-02T02:07:27.932551,2026-07-02T02:07:27.936907+00:00,92.9,12,ask,YieldingYams,Xuanyu Liu,3342156
2026-07-02T02:07:27.943358,2026-07-02T02:07:27.947442+00:00,92.9,11,ask,YieldingYams,Xuanyu Liu,3342158
2026-07-02T02:07:29.318264,2026-07-02T02:07:29.322761+00:00,93.0,11,ask,WavyWalnuts,Xuanyu Liu,3342183
2026-07-02T02:07:30.509391,2026-07-02T02:07:30.520112+00:00,93.1,200,bid,WavyWalnuts,YieldingYams,3342207
2026-07-02T02:07:31.719509,2026-07-02T02:07:31.727652+00:00,93.1,1,bid,WavyWalnuts,Kelvin Chan,3342234
2026-07-02T02:07:31.919794,2026-07-02T02:07:31.930261+00:00,93.2,1,bid,YieldingYams,Kelvin Chan,3342243
2026-07-02T02:07:32.953382,2026-07-02T02:07:32.957553+00:00,93.3,12,ask,WavyWalnuts,Xuanyu Liu,3342261
2026-07-02T02:07:33.229299,2026-07-02T02:07:33.239060+00:00,93.3,188,ask,WavyWalnuts,YieldingYams,3342270
2026-07-02T02:07:34.140950,2026-07-02T02:07:34.149453+00:00,93.2,4,bid,WavyWalnuts,Kelvin Chan,3342291
2026-07-02T02:07:34.249712,2026-07-02T02:07:34.258802+00:00,93.2,20,ask,WavyWalnuts,BrilliantBurritos,3342298
2026-07-02T02:07:35.354806,2026-07-02T02:07:35.363435+00:00,93.2,200,ask,YieldingYams,WavyWalnuts,3342317
2026-07-02T02:07:38.486541,2026-07-02T02:07:38.496573+00:00,93.4,200,bid,YieldingYams,WavyWalnuts,3342359
2026-07-02T02:07:38.486541,2026-07-02T02:07:38.496573+00:00,93.4,425,bid,YieldingYams,AverageAlmonds,3342360
2026-07-02T02:07:39.837548,2026-07-02T02:07:39.841569+00:00,93.3,12,bid,Xuanyu Liu,YieldingYams,3342384
2026-07-02T02:07:41.129873,2026-07-02T02:07:41.139602+00:00,93.2,200,ask,WavyWalnuts,YieldingYams,3342412
2026-07-02T02:07:41.146405,2026-07-02T02:07:41.150075+00:00,93.2,11,bid,Xuanyu Liu,YieldingYams,3342416
2026-07-02T02:07:42.439767,2026-07-02T02:07:42.448091+00:00,93.2,200,bid,YieldingYams,WavyWalnuts,3342444
2026-07-02T02:07:43.094636,2026-07-02T02:07:43.105895+00:00,93.2,20,ask,YieldingYams,BrilliantBurritos,3342461
2026-07-02T02:07:43.773861,2026-07-02T02:07:43.784411+00:00,93.2,200,ask,WavyWalnuts,YieldingYams,3342479
2026-07-02T02:07:43.997405,2026-07-02T02:07:44.008742+00:00,93.2,20,bid,BrilliantBurritos,YieldingYams,3342487
2026-07-02T02:07:45.082839,2026-07-02T02:07:45.092753+00:00,93.2,200,bid,YieldingYams,WavyWalnuts,3342522
2026-07-02T02:07:45.191349,2026-07-02T02:07:45.194901+00:00,93.3,1,bid,Xuanyu Liu,Kelvin Chan,3342525
2026-07-02T02:07:46.166228,2026-07-02T02:07:46.169873+00:00,93.3,6,bid,Xuanyu Liu,Kelvin Chan,3342551
2026-07-02T02:07:46.176431,2026-07-02T02:07:46.179952+00:00,93.3,4,bid,Xuanyu Liu,AverageAlmonds,3342553
2026-07-02T02:07:46.898932,2026-07-02T02:07:46.903256+00:00,93.3,12,bid,Xuanyu Liu,WavyWalnuts,3342566
2026-07-02T02:07:48.662213,2026-07-02T02:07:48.673497+00:00,93.3,2,bid,WavyWalnuts,Kelvin Chan,3342609
2026-07-02T02:07:48.662213,2026-07-02T02:07:48.673497+00:00,93.3,198,bid,WavyWalnuts,YieldingYams,3342610
2026-07-02T02:07:52.941862,2026-07-02T02:07:52.961838+00:00,93.2,200,ask,WavyWalnuts,YieldingYams,3342697
2026-07-02T02:07:52.958303,2026-07-02T02:07:52.961838+00:00,93.2,11,bid,Xuanyu Liu,YieldingYams,3342699
2026-07-02T02:07:53.205950,2026-07-02T02:07:53.210055+00:00,93.2,12,bid,Xuanyu Liu,YieldingYams,3342703
2026-07-02T02:07:53.491269,2026-07-02T02:07:53.501227+00:00,93.2,200,bid,WavyWalnuts,YieldingYams,3342714
2026-07-02T02:07:56.869182,2026-07-02T02:07:56.880110+00:00,93.2,200,ask,WavyWalnuts,YieldingYams,3342778
2026-07-02T02:07:57.118204,2026-07-02T02:07:57.126158+00:00,93.1,200,bid,WavyWalnuts,YieldingYams,3342787
2026-07-02T02:07:58.330819,2026-07-02T02:07:58.337963+00:00,93.1,200,ask,YieldingYams,WavyWalnuts,3342809
2026-07-02T02:07:59.537869,2026-07-02T02:07:59.545597+00:00,93.1,200,bid,WavyWalnuts,YieldingYams,3342821
2026-07-02T02:08:00.749311,2026-07-02T02:08:00.763635+00:00,93.1,200,bid,WavyWalnuts,YieldingYams,3342839
2026-07-02T02:08:01.962153,2026-07-02T02:08:01.969168+00:00,93.2,200,ask,YieldingYams,WavyWalnuts,3342867
2026-07-02T02:08:02.115663,2026-07-02T02:08:02.136317+00:00,93.0,1,ask,Kelvin Chan,YieldingYams,3342871
2026-07-02T02:08:02.115663,2026-07-02T02:08:02.136317+00:00,92.9,200,ask,WavyWalnuts,YieldingYams,3342872
2026-07-02T02:08:02.132765,2026-07-02T02:08:02.136317+00:00,92.9,14,bid,Xuanyu Liu,YieldingYams,3342874
2026-07-02T02:08:03.426684,2026-07-02T02:08:03.437373+00:00,92.9,200,bid,YieldingYams,WavyWalnuts,3342903
2026-07-02T02:08:04.305625,2026-07-02T02:08:04.313868+00:00,93.0,500,bid,AverageAlmonds,YieldingYams,3342918
2026-07-02T02:08:05.512321,2026-07-02T02:08:05.524025+00:00,93.1,200,bid,AverageAlmonds,WavyWalnuts,3342944
2026-07-02T02:08:05.512321,2026-07-02T02:08:05.524025+00:00,93.1,300,bid,AverageAlmonds,YieldingYams,3342945
2026-07-02T02:08:05.592434,2026-07-02T02:08:05.602853+00:00,93.0,1,ask,Kelvin Chan,WavyWalnuts,3342947
2026-07-02T02:08:05.939121,2026-07-02T02:08:05.942406+00:00,93.0,3,bid,Xuanyu Liu,WavyWalnuts,3342974
2026-07-02T02:08:06.044497,2026-07-02T02:08:06.052655+00:00,93.0,196,bid,YieldingYams,WavyWalnuts,3342976
2026-07-02T02:08:07.385894,2026-07-02T02:08:07.396450+00:00,93.1,500,ask,AverageAlmonds,YieldingYams,3343011
2026-07-02T02:08:07.385894,2026-07-02T02:08:07.396450+00:00,93.0,4,ask,Kelvin Chan,YieldingYams,3343012
2026-07-02T02:08:07.385894,2026-07-02T02:08:07.396450+00:00,93.0,121,ask,WavyWalnuts,YieldingYams,3343013
2026-07-02T02:08:07.947108,2026-07-02T02:08:07.955978+00:00,93.2,200,bid,AverageAlmonds,WavyWalnuts,3343015
2026-07-02T02:08:08.006976,2026-07-02T02:08:08.014665+00:00,93.2,200,ask,AverageAlmonds,WavyWalnuts,3343018
2026-07-02T02:08:08.697433,2026-07-02T02:08:08.704553+00:00,93.1,200,ask,WavyWalnuts,YieldingYams,3343030
2026-07-02T02:08:08.697433,2026-07-02T02:08:08.709492+00:00,93.1,425,ask,AverageAlmonds,YieldingYams,3343031
2026-07-02T02:08:09.203672,2026-07-02T02:08:09.207454+00:00,93.2,3,ask,AverageAlmonds,Xuanyu Liu,3343043
2026-07-02T02:08:09.271367,2026-07-02T02:08:09.282844+00:00,93.2,20,ask,AverageAlmonds,BrilliantBurritos,3343049
2026-07-02T02:08:10.421154,2026-07-02T02:08:10.430296+00:00,93.2,200,ask,YieldingYams,WavyWalnuts,3343066
2026-07-02T02:08:11.628253,2026-07-02T02:08:11.639766+00:00,93.3,200,ask,YieldingYams,WavyWalnuts,3343086
2026-07-02T02:08:12.171827,2026-07-02T02:08:12.180361+00:00,93.4,4,bid,AverageAlmonds,Kelvin Chan,3343091
2026-07-02T02:08:12.624918,2026-07-02T02:08:12.631799+00:00,93.4,496,ask,AverageAlmonds,YieldingYams,3343109
2026-07-02T02:08:12.632795,2026-07-02T02:08:12.644239+00:00,93.2,129,bid,Chester Au,YieldingYams,3343110
2026-07-02T02:08:14.047662,2026-07-02T02:08:14.063796+00:00,93.4,200,ask,YieldingYams,WavyWalnuts,3343144
2026-07-02T02:08:14.412405,2026-07-02T02:08:14.422198+00:00,93.4,20,ask,YieldingYams,BrilliantBurritos,3343146
2026-07-02T02:08:15.260021,2026-07-02T02:08:15.269972+00:00,93.4,200,ask,YieldingYams,WavyWalnuts,3343167
2026-07-02T02:08:17.868164,2026-07-02T02:08:17.875656+00:00,93.5,1,bid,YieldingYams,Kelvin Chan,3343206
2026-07-02T02:08:17.868164,2026-07-02T02:08:17.885971+00:00,93.5,200,bid,YieldingYams,WavyWalnuts,3343207
2026-07-02T02:08:17.884867,2026-07-02T02:08:17.901504+00:00,93.5,2,ask,YieldingYams,Chester Au,3343210
2026-07-02T02:08:17.916902,2026-07-02T02:08:17.924299+00:00,93.5,2,ask,YieldingYams,Chester Au,3343212
2026-07-02T02:08:17.945672,2026-07-02T02:08:17.952779+00:00,93.5,2,ask,YieldingYams,Chester Au,3343214
2026-07-02T02:08:17.974421,2026-07-02T02:08:17.985023+00:00,93.5,2,ask,YieldingYams,Chester Au,3343218
2026-07-02T02:08:18.003141,2026-07-02T02:08:18.014597+00:00,93.5,2,ask,YieldingYams,Chester Au,3343220
2026-07-02T02:08:18.031177,2026-07-02T02:08:18.039206+00:00,93.5,2,ask,YieldingYams,Chester Au,3343222
2026-07-02T02:08:18.060355,2026-07-02T02:08:18.071849+00:00,93.5,2,ask,YieldingYams,Chester Au,3343224
2026-07-02T02:08:18.088831,2026-07-02T02:08:18.096279+00:00,93.5,2,ask,YieldingYams,Chester Au,3343226
2026-07-02T02:08:18.126141,2026-07-02T02:08:18.137662+00:00,93.5,2,ask,YieldingYams,Chester Au,3343228
2026-07-02T02:08:18.153969,2026-07-02T02:08:18.158642+00:00,93.5,2,ask,YieldingYams,Chester Au,3343230
2026-07-02T02:08:18.182383,2026-07-02T02:08:18.189831+00:00,93.5,2,ask,YieldingYams,Chester Au,3343232
2026-07-02T02:08:18.211309,2026-07-02T02:08:18.218537+00:00,93.5,2,ask,YieldingYams,Chester Au,3343234
2026-07-02T02:08:18.246256,2026-07-02T02:08:18.254986+00:00,93.5,2,ask,YieldingYams,Chester Au,3343236
2026-07-02T02:08:18.881308,2026-07-02T02:08:18.890779+00:00,93.5,200,ask,YieldingYams,WavyWalnuts,3343241
2026-07-02T02:08:20.092703,2026-07-02T02:08:20.100286+00:00,93.5,200,bid,WavyWalnuts,YieldingYams,3343268
2026-07-02T02:08:23.110069,2026-07-02T02:08:23.116470+00:00,93.5,200,ask,WavyWalnuts,YieldingYams,3343325
2026-07-02T02:08:23.722066,2026-07-02T02:08:23.733739+00:00,93.5,200,bid,WavyWalnuts,YieldingYams,3343337
2026-07-02T02:08:25.728048,2026-07-02T02:08:25.739596+00:00,93.6,200,bid,YieldingYams,WavyWalnuts,3343365
2026-07-02T02:08:26.116675,2026-07-02T02:08:26.126799+00:00,93.6,425,ask,YieldingYams,AverageAlmonds,3343369
2026-07-02T02:08:29.657613,2026-07-02T02:08:29.668976+00:00,93.4,200,ask,WavyWalnuts,YieldingYams,3343435
2026-07-02T02:08:31.002151,2026-07-02T02:08:31.012132+00:00,93.5,500,bid,YieldingYams,AverageAlmonds,3343462
2026-07-02T02:08:31.016525,2026-07-02T02:08:31.040033+00:00,93.5,125,ask,YieldingYams,WavyWalnuts,3343464
2026-07-02T02:08:31.016525,2026-07-02T02:08:31.040033+00:00,93.2,10,ask,Kelvin Chan,WavyWalnuts,3343465
2026-07-02T02:08:31.035616,2026-07-02T02:08:31.040033+00:00,93.2,3,bid,Xuanyu Liu,WavyWalnuts,3343467
2026-07-02T02:08:32.331982,2026-07-02T02:08:32.335573+00:00,93.2,3,ask,YieldingYams,Xuanyu Liu,3343492
2026-07-02T02:08:34.935154,2026-07-02T02:08:34.946253+00:00,93.4,200,bid,YieldingYams,WavyWalnuts,3343545
2026-07-02T02:08:34.940856,2026-07-02T02:08:34.958568+00:00,93.4,5,ask,YieldingYams,Chester Au,3343546
2026-07-02T02:08:34.967938,2026-07-02T02:08:34.976224+00:00,93.4,98,ask,YieldingYams,Chester Au,3343549
2026-07-02T02:08:35.858394,2026-07-02T02:08:35.869136+00:00,93.4,200,ask,YieldingYams,WavyWalnuts,3343566
2026-07-02T02:08:39.150856,2026-07-02T02:08:39.158628+00:00,93.2,20,ask,WavyWalnuts,BrilliantBurritos,3343610
2026-07-02T02:08:40.175560,2026-07-02T02:08:40.183580+00:00,93.2,200,bid,YieldingYams,WavyWalnuts,3343628
2026-07-02T02:08:40.691355,2026-07-02T02:08:40.700905+00:00,93.3,200,bid,WavyWalnuts,YieldingYams,3343635
2026-07-02T02:08:41.502556,2026-07-02T02:08:41.506853+00:00,93.4,3,ask,YieldingYams,Xuanyu Liu,3343652
2026-07-02T02:08:41.901480,2026-07-02T02:08:41.909214+00:00,93.4,200,ask,YieldingYams,WavyWalnuts,3343665
2026-07-02T02:08:43.123520,2026-07-02T02:08:43.131505+00:00,93.4,200,bid,WavyWalnuts,YieldingYams,3343690
2026-07-02T02:08:45.415077,2026-07-02T02:08:45.422979+00:00,93.4,200,bid,YieldingYams,WavyWalnuts,3343737
2026-07-02T02:08:47.852605,2026-07-02T02:08:47.861359+00:00,93.3,20,ask,WavyWalnuts,BrilliantBurritos,3343771
2026-07-02T02:08:47.958857,2026-07-02T02:08:47.970109+00:00,93.4,200,bid,WavyWalnuts,YieldingYams,3343775
2026-07-02T02:08:51.586619,2026-07-02T02:08:51.593970+00:00,93.4,200,bid,WavyWalnuts,YieldingYams,3343839
2026-07-02T02:08:51.969048,2026-07-02T02:08:51.977911+00:00,93.4,500,bid,YieldingYams,AverageAlmonds,3343849
2026-07-02T02:08:52.131454,2026-07-02T02:08:52.155455+00:00,93.4,125,ask,YieldingYams,AverageAlmonds,3343855
2026-07-02T02:08:52.151905,2026-07-02T02:08:52.155455+00:00,93.3,3,bid,Xuanyu Liu,AverageAlmonds,3343859
2026-07-02T02:08:52.794469,2026-07-02T02:08:52.803675+00:00,93.3,200,bid,WavyWalnuts,AverageAlmonds,3343867
2026-07-02T02:08:54.002896,2026-07-02T02:08:54.010786+00:00,93.1,2,ask,Kelvin Chan,WavyWalnuts,3343889
2026-07-02T02:08:54.002896,2026-07-02T02:08:54.010786+00:00,93.1,198,ask,YieldingYams,WavyWalnuts,3343890
2026-07-02T02:08:54.591611,2026-07-02T02:08:54.601117+00:00,93.2,9,ask,Kelvin Chan,YieldingYams,3343912
2026-07-02T02:08:58.520950,2026-07-02T02:08:58.530064+00:00,93.0,6,ask,Kelvin Chan,YieldingYams,3343981
2026-07-02T02:08:58.520950,2026-07-02T02:08:58.530064+00:00,92.9,200,ask,WavyWalnuts,YieldingYams,3343982
2026-07-02T02:08:58.520950,2026-07-02T02:08:58.535647+00:00,92.9,419,ask,AverageAlmonds,YieldingYams,3343983
2026-07-02T02:08:58.839957,2026-07-02T02:08:58.850904+00:00,93.0,8,ask,Kelvin Chan,WavyWalnuts,3343991
2026-07-02T02:08:59.391115,2026-07-02T02:08:59.398472+00:00,93.0,192,bid,AverageAlmonds,WavyWalnuts,3344001
2026-07-02T02:09:00.048409,2026-07-02T02:09:00.063675+00:00,93.0,200,ask,YieldingYams,WavyWalnuts,3344018
2026-07-02T02:09:01.258812,2026-07-02T02:09:01.268939+00:00,93.0,200,ask,AverageAlmonds,WavyWalnuts,3344042
2026-07-02T02:09:06.088508,2026-07-02T02:09:06.095222+00:00,93.1,200,ask,YieldingYams,WavyWalnuts,3344132
2026-07-02T02:09:07.308888,2026-07-02T02:09:07.316041+00:00,93.1,200,ask,YieldingYams,WavyWalnuts,3344158
2026-07-02T02:09:11.628088,2026-07-02T02:09:11.638646+00:00,93.2,500,ask,AverageAlmonds,YieldingYams,3344254
2026-07-02T02:09:12.086846,2026-07-02T02:09:12.093961+00:00,93.2,125,bid,AverageAlmonds,YieldingYams,3344266
2026-07-02T02:09:12.142532,2026-07-02T02:09:12.151103+00:00,93.3,1,bid,WavyWalnuts,Kelvin Chan,3344267
2026-07-02T02:09:13.303306,2026-07-02T02:09:13.314659+00:00,93.5,20,bid,BrilliantBurritos,WavyWalnuts,3344287
2026-07-02T02:09:13.996176,2026-07-02T02:09:14.003109+00:00,93.4,7,bid,BrilliantBurritos,Kelvin Chan,3344300
2026-07-02T02:09:14.245708,2026-07-02T02:09:14.252677+00:00,93.5,200,bid,YieldingYams,WavyWalnuts,3344308
2026-07-02T02:09:16.869847,2026-07-02T02:09:16.892594+00:00,93.6,5,bid,YieldingYams,Kelvin Chan,3344347
2026-07-02T02:09:16.869847,2026-07-02T02:09:16.892594+00:00,93.6,200,bid,YieldingYams,WavyWalnuts,3344348
2026-07-02T02:09:16.888618,2026-07-02T02:09:16.892594+00:00,93.7,3,ask,YieldingYams,Xuanyu Liu,3344353
2026-07-02T02:09:18.192462,2026-07-02T02:09:18.206337+00:00,93.8,200,ask,WavyWalnuts,YieldingYams,3344366
2026-07-02T02:09:19.411669,2026-07-02T02:09:19.421556+00:00,93.6,4,bid,WavyWalnuts,Kelvin Chan,3344390
2026-07-02T02:09:19.500744,2026-07-02T02:09:19.507807+00:00,93.6,196,ask,WavyWalnuts,YieldingYams,3344393
2026-07-02T02:09:20.622694,2026-07-02T02:09:20.631971+00:00,93.6,200,bid,WavyWalnuts,YieldingYams,3344411
2026-07-02T02:09:21.764668,2026-07-02T02:09:21.768137+00:00,93.6,3,bid,Xuanyu Liu,Kelvin Chan,3344437
2026-07-02T02:09:21.834893,2026-07-02T02:09:21.844019+00:00,93.6,3,bid,WavyWalnuts,Kelvin Chan,3344444
2026-07-02T02:09:21.952176,2026-07-02T02:09:21.959014+00:00,93.7,20,bid,BrilliantBurritos,YieldingYams,3344451
2026-07-02T02:09:23.001164,2026-07-02T02:09:23.008825+00:00,93.7,500,bid,AverageAlmonds,YieldingYams,3344477
2026-07-02T02:09:23.431835,2026-07-02T02:09:23.440989+00:00,93.7,6,bid,YieldingYams,Kelvin Chan,3344487
2026-07-02T02:09:24.747135,2026-07-02T02:09:24.758534+00:00,93.7,500,ask,AverageAlmonds,YieldingYams,3344511
2026-07-02T02:09:24.747135,2026-07-02T02:09:24.758534+00:00,93.7,125,ask,WavyWalnuts,YieldingYams,3344512
2026-07-02T02:09:26.055630,2026-07-02T02:09:26.058582+00:00,93.9,200,bid,YieldingYams,WavyWalnuts,3344525
2026-07-02T02:09:26.690863,2026-07-02T02:09:26.700311+00:00,94.0,200,ask,YieldingYams,WavyWalnuts,3344537
2026-07-02T02:09:28.092353,2026-07-02T02:09:28.098936+00:00,94.1,150,bid,Chester Au,YieldingYams,3344556
2026-07-02T02:09:28.095137,2026-07-02T02:09:28.098936+00:00,94.1,49,bid,Xuanyu Liu,YieldingYams,3344557
2026-07-02T02:09:28.677399,2026-07-02T02:09:28.688227+00:00,94.0,200,ask,WavyWalnuts,YieldingYams,3344564
2026-07-02T02:09:29.572286,2026-07-02T02:09:29.580145+00:00,94.0,4,bid,Chester Au,YieldingYams,3344577
2026-07-02T02:09:29.985461,2026-07-02T02:09:29.992602+00:00,94.1,200,bid,YieldingYams,WavyWalnuts,3344586
2026-07-02T02:09:29.998975,2026-07-02T02:09:30.002967+00:00,94.1,35,ask,YieldingYams,Xuanyu Liu,3344587
2026-07-02T02:09:31.522235,2026-07-02T02:09:31.530440+00:00,94.2,10,bid,WavyWalnuts,Kelvin Chan,3344619
2026-07-02T02:09:31.522235,2026-07-02T02:09:31.530440+00:00,94.2,190,bid,WavyWalnuts,YieldingYams,3344620
2026-07-02T02:09:32.614043,2026-07-02T02:09:32.630172+00:00,94.2,9,bid,YieldingYams,Kelvin Chan,3344631
2026-07-02T02:09:32.626515,2026-07-02T02:09:32.630172+00:00,94.3,14,ask,YieldingYams,Xuanyu Liu,3344632
2026-07-02T02:09:32.709173,2026-07-02T02:09:32.720404+00:00,94.3,500,ask,YieldingYams,AverageAlmonds,3344634
2026-07-02T02:09:32.746230,2026-07-02T02:09:32.756775+00:00,94.3,102,ask,YieldingYams,WavyWalnuts,3344637
2026-07-02T02:09:33.925035,2026-07-02T02:09:33.932641+00:00,94.1,200,ask,WavyWalnuts,YieldingYams,3344664
2026-07-02T02:09:33.938969,2026-07-02T02:09:33.942574+00:00,94.1,3,bid,Xuanyu Liu,YieldingYams,3344667
2026-07-02T02:09:33.952903,2026-07-02T02:09:33.958324+00:00,94.1,200,bid,WavyWalnuts,YieldingYams,3344668
2026-07-02T02:09:37.583142,2026-07-02T02:09:37.589660+00:00,94.2,3,bid,WavyWalnuts,Kelvin Chan,3344730
2026-07-02T02:09:37.600457,2026-07-02T02:09:37.603772+00:00,94.2,3,ask,WavyWalnuts,Xuanyu Liu,3344732
2026-07-02T02:09:37.867096,2026-07-02T02:09:37.874845+00:00,94.2,194,ask,WavyWalnuts,YieldingYams,3344735
2026-07-02T02:09:40.489063,2026-07-02T02:09:40.500143+00:00,94.1,200,bid,YieldingYams,WavyWalnuts,3344782
2026-07-02T02:09:40.797971,2026-07-02T02:09:40.808158+00:00,94.1,150,ask,YieldingYams,Chester Au,3344799
2026-07-02T02:09:42.422708,2026-07-02T02:09:42.433394+00:00,94.1,200,bid,WavyWalnuts,YieldingYams,3344826
2026-07-02T02:09:43.960138,2026-07-02T02:09:43.981547+00:00,94.0,20,ask,YieldingYams,BrilliantBurritos,3344863
2026-07-02T02:09:47.052987,2026-07-02T02:09:47.064090+00:00,94.0,200,ask,WavyWalnuts,YieldingYams,3344917
2026-07-02T02:09:47.052987,2026-07-02T02:09:47.064090+00:00,94.0,425,ask,AverageAlmonds,YieldingYams,3344918
2026-07-02T02:09:48.362193,2026-07-02T02:09:48.369578+00:00,94.1,200,bid,YieldingYams,WavyWalnuts,3344951
2026-07-02T02:09:48.383951,2026-07-02T02:09:48.390408+00:00,94.2,4,ask,YieldingYams,Chester Au,3344953
2026-07-02T02:09:48.472447,2026-07-02T02:09:48.480141+00:00,94.2,200,ask,YieldingYams,WavyWalnuts,3344961
2026-07-02T02:09:49.688071,2026-07-02T02:09:49.694950+00:00,94.1,200,bid,WavyWalnuts,YieldingYams,3344986
2026-07-02T02:09:52.303116,2026-07-02T02:09:52.313343+00:00,94.2,200,bid,YieldingYams,WavyWalnuts,3345051
2026-07-02T02:09:53.614897,2026-07-02T02:09:53.624157+00:00,94.2,200,ask,WavyWalnuts,YieldingYams,3345082
2026-07-02T02:09:56.243032,2026-07-02T02:09:56.250956+00:00,94.2,20,bid,BrilliantBurritos,WavyWalnuts,3345134
2026-07-02T02:09:56.947974,2026-07-02T02:09:56.958583+00:00,94.1,200,ask,YieldingYams,WavyWalnuts,3345157
2026-07-02T02:09:58.158997,2026-07-02T02:09:58.168842+00:00,94.0,200,ask,YieldingYams,WavyWalnuts,3345196
2026-07-02T02:09:58.558258,2026-07-02T02:09:58.569725+00:00,94.0,20,ask,YieldingYams,BrilliantBurritos,3345203
2026-07-02T02:10:00.205999,2026-07-02T02:10:00.212778+00:00,94.0,200,bid,YieldingYams,WavyWalnuts,3345233
2026-07-02T02:10:01.532633,2026-07-02T02:10:01.541107+00:00,94.1,200,ask,WavyWalnuts,YieldingYams,3345260
2026-07-02T02:10:02.840370,2026-07-02T02:10:02.848207+00:00,94.1,200,bid,YieldingYams,WavyWalnuts,3345279
2026-07-02T02:10:03.019330,2026-07-02T02:10:03.026089+00:00,94.1,200,ask,YieldingYams,WavyWalnuts,3345282
2026-07-02T02:10:05.456678,2026-07-02T02:10:05.464074+00:00,93.9,1,ask,Kelvin Chan,YieldingYams,3345337
2026-07-02T02:10:06.139956,2026-07-02T02:10:06.144298+00:00,93.8,14,ask,WavyWalnuts,Xuanyu Liu,3345354
2026-07-02T02:10:06.768186,2026-07-02T02:10:06.778920+00:00,93.8,9,ask,Kelvin Chan,YieldingYams,3345385
2026-07-02T02:10:06.768186,2026-07-02T02:10:06.778920+00:00,93.8,500,ask,AverageAlmonds,YieldingYams,3345386
2026-07-02T02:10:06.768186,2026-07-02T02:10:06.778920+00:00,93.7,116,ask,WavyWalnuts,YieldingYams,3345387
2026-07-02T02:10:08.430212,2026-07-02T02:10:08.436909+00:00,93.9,500,bid,AverageAlmonds,YieldingYams,3345423
2026-07-02T02:10:09.068566,2026-07-02T02:10:09.089801+00:00,93.9,125,bid,WavyWalnuts,YieldingYams,3345445
2026-07-02T02:10:09.085648,2026-07-02T02:10:09.089801+00:00,93.9,12,ask,WavyWalnuts,Xuanyu Liu,3345448
2026-07-02T02:10:12.703441,2026-07-02T02:10:12.712029+00:00,94.0,200,ask,YieldingYams,WavyWalnuts,3345532
2026-07-02T02:10:12.833452,2026-07-02T02:10:12.845066+00:00,94.0,20,ask,YieldingYams,BrilliantBurritos,3345533
2026-07-02T02:10:13.921240,2026-07-02T02:10:13.930967+00:00,94.0,200,bid,WavyWalnuts,YieldingYams,3345567
2026-07-02T02:10:18.765359,2026-07-02T02:10:18.775216+00:00,93.9,200,ask,YieldingYams,WavyWalnuts,3345672
2026-07-02T02:10:19.973427,2026-07-02T02:10:19.984838+00:00,93.9,200,bid,WavyWalnuts,YieldingYams,3345689
2026-07-02T02:10:21.186692,2026-07-02T02:10:21.197904+00:00,93.8,2,ask,Kelvin Chan,WavyWalnuts,3345705
2026-07-02T02:10:21.196364,2026-07-02T02:10:21.203173+00:00,93.8,198,bid,YieldingYams,WavyWalnuts,3345706
2026-07-02T02:10:22.506679,2026-07-02T02:10:22.517936+00:00,93.9,4,ask,Kelvin Chan,YieldingYams,3345729
2026-07-02T02:10:22.506679,2026-07-02T02:10:22.517936+00:00,93.8,200,ask,WavyWalnuts,YieldingYams,3345730
2026-07-02T02:10:22.506679,2026-07-02T02:10:22.517936+00:00,93.7,421,ask,AverageAlmonds,YieldingYams,3345731
2026-07-02T02:10:23.830021,2026-07-02T02:10:23.833822+00:00,93.9,11,ask,YieldingYams,Xuanyu Liu,3345756
2026-07-02T02:10:25.141310,2026-07-02T02:10:25.145614+00:00,93.9,12,ask,YieldingYams,Xuanyu Liu,3345781
2026-07-02T02:10:27.540328,2026-07-02T02:10:27.551846+00:00,93.9,20,ask,YieldingYams,BrilliantBurritos,3345841
2026-07-02T02:10:28.285917,2026-07-02T02:10:28.289412+00:00,93.9,11,ask,WavyWalnuts,Xuanyu Liu,3345852
2026-07-02T02:10:29.677788,2026-07-02T02:10:29.685113+00:00,93.9,200,ask,YieldingYams,WavyWalnuts,3345864
2026-07-02T02:10:30.091161,2026-07-02T02:10:30.102608+00:00,93.9,20,ask,YieldingYams,BrilliantBurritos,3345871
2026-07-02T02:10:30.363176,2026-07-02T02:10:30.370074+00:00,93.8,2,ask,Kelvin Chan,YieldingYams,3345875
2026-07-02T02:10:30.825649,2026-07-02T02:10:30.834615+00:00,93.8,500,bid,AverageAlmonds,YieldingYams,3345880
2026-07-02T02:10:31.417738,2026-07-02T02:10:31.424899+00:00,93.8,123,bid,AverageAlmonds,YieldingYams,3345900
2026-07-02T02:10:31.417738,2026-07-02T02:10:31.430418+00:00,93.8,200,bid,AverageAlmonds,WavyWalnuts,3345901
2026-07-02T02:10:32.096051,2026-07-02T02:10:32.106504+00:00,93.9,200,ask,YieldingYams,WavyWalnuts,3345914
2026-07-02T02:10:32.793410,2026-07-02T02:10:32.799924+00:00,93.9,20,ask,YieldingYams,BrilliantBurritos,3345935
2026-07-02T02:10:32.988758,2026-07-02T02:10:32.997781+00:00,93.9,500,ask,AverageAlmonds,YieldingYams,3345936
2026-07-02T02:10:34.297135,2026-07-02T02:10:34.305061+00:00,93.9,200,bid,YieldingYams,WavyWalnuts,3345960
2026-07-02T02:10:34.511307,2026-07-02T02:10:34.518291+00:00,93.9,200,ask,YieldingYams,WavyWalnuts,3345974
2026-07-02T02:10:34.908968,2026-07-02T02:10:34.920698+00:00,94.1,5,bid,BrilliantBurritos,Kelvin Chan,3345983
2026-07-02T02:10:34.908968,2026-07-02T02:10:34.920698+00:00,94.1,15,bid,BrilliantBurritos,YieldingYams,3345984
2026-07-02T02:10:35.622340,2026-07-02T02:10:35.626168+00:00,93.9,11,bid,Xuanyu Liu,YieldingYams,3345999
2026-07-02T02:10:35.716480,2026-07-02T02:10:35.725024+00:00,93.9,200,bid,WavyWalnuts,YieldingYams,3346006
2026-07-02T02:10:38.088186,2026-07-02T02:10:38.099859+00:00,93.9,20,bid,BrilliantBurritos,WavyWalnuts,3346056
2026-07-02T02:10:38.103218,2026-07-02T02:10:38.110377+00:00,93.9,180,bid,AverageAlmonds,WavyWalnuts,3346058
2026-07-02T02:10:39.378054,2026-07-02T02:10:39.384743+00:00,93.9,200,ask,AverageAlmonds,WavyWalnuts,3346087
2026-07-02T02:10:40.596235,2026-07-02T02:10:40.604482+00:00,93.9,200,ask,AverageAlmonds,WavyWalnuts,3346109
2026-07-02T02:10:40.906033,2026-07-02T02:10:40.910426+00:00,94.1,2,bid,Xuanyu Liu,Kelvin Chan,3346117
2026-07-02T02:10:40.906033,2026-07-02T02:10:40.910426+00:00,94.1,10,bid,Xuanyu Liu,YieldingYams,3346118
2026-07-02T02:10:41.802950,2026-07-02T02:10:41.813904+00:00,94.0,200,ask,AverageAlmonds,WavyWalnuts,3346133
2026-07-02T02:10:42.320914,2026-07-02T02:10:42.330747+00:00,94.1,2,bid,AverageAlmonds,Kelvin Chan,3346145
2026-07-02T02:10:42.320914,2026-07-02T02:10:42.330747+00:00,94.1,498,bid,AverageAlmonds,YieldingYams,3346146
2026-07-02T02:10:42.933191,2026-07-02T02:10:42.944225+00:00,94.1,127,bid,AverageAlmonds,YieldingYams,3346157
2026-07-02T02:10:43.011234,2026-07-02T02:10:43.022344+00:00,94.1,200,ask,AverageAlmonds,WavyWalnuts,3346162
2026-07-02T02:10:44.225925,2026-07-02T02:10:44.233909+00:00,94.3,200,ask,YieldingYams,WavyWalnuts,3346190
2026-07-02T02:10:45.433809,2026-07-02T02:10:45.440964+00:00,94.3,200,ask,YieldingYams,WavyWalnuts,3346215
2026-07-02T02:10:46.120301,2026-07-02T02:10:46.124807+00:00,94.4,11,bid,Xuanyu Liu,YieldingYams,3346232
2026-07-02T02:10:46.295027,2026-07-02T02:10:46.306439+00:00,94.4,20,bid,BrilliantBurritos,YieldingYams,3346235
2026-07-02T02:10:46.645719,2026-07-02T02:10:46.651170+00:00,94.2,200,ask,YieldingYams,WavyWalnuts,3346237
2026-07-02T02:10:47.428131,2026-07-02T02:10:47.431792+00:00,94.3,12,bid,Xuanyu Liu,YieldingYams,3346256
2026-07-02T02:10:47.864501,2026-07-02T02:10:47.868076+00:00,94.2,11,bid,Xuanyu Liu,WavyWalnuts,3346266
2026-07-02T02:10:48.717721,2026-07-02T02:10:48.725688+00:00,94.2,189,bid,YieldingYams,WavyWalnuts,3346285
2026-07-02T02:10:48.717721,2026-07-02T02:10:48.725688+00:00,94.3,1,bid,YieldingYams,Kelvin Chan,3346286
2026-07-02T02:10:49.061373,2026-07-02T02:10:49.068984+00:00,94.3,200,ask,YieldingYams,WavyWalnuts,3346295
2026-07-02T02:10:49.652990,2026-07-02T02:10:49.656769+00:00,94.3,1,ask,YieldingYams,Xuanyu Liu,3346308
2026-07-02T02:10:50.270105,2026-07-02T02:10:50.281492+00:00,94.2,200,ask,YieldingYams,WavyWalnuts,3346317
2026-07-02T02:10:52.675396,2026-07-02T02:10:52.679116+00:00,94.2,1,bid,Xuanyu Liu,YieldingYams,3346363
2026-07-02T02:10:53.576390,2026-07-02T02:10:53.580007+00:00,94.2,3,bid,Xuanyu Liu,YieldingYams,3346382
2026-07-02T02:10:53.612922,2026-07-02T02:10:53.629488+00:00,94.1,20,ask,AverageAlmonds,BrilliantBurritos,3346389
2026-07-02T02:10:53.891677,2026-07-02T02:10:53.903109+00:00,94.1,200,ask,AverageAlmonds,WavyWalnuts,3346399
2026-07-02T02:10:55.278544,2026-07-02T02:10:55.288897+00:00,94.1,500,ask,AverageAlmonds,YieldingYams,3346419
2026-07-02T02:10:55.278544,2026-07-02T02:10:55.288897+00:00,94.1,125,ask,WavyWalnuts,YieldingYams,3346420
2026-07-02T02:10:56.310669,2026-07-02T02:10:56.321395+00:00,94.1,200,ask,AverageAlmonds,WavyWalnuts,3346440
2026-07-02T02:10:57.515513,2026-07-02T02:10:57.526143+00:00,94.2,200,bid,WavyWalnuts,YieldingYams,3346467
2026-07-02T02:10:59.208328,2026-07-02T02:10:59.217275+00:00,94.2,200,ask,WavyWalnuts,YieldingYams,3346498
2026-07-02T02:11:00.485928,2026-07-02T02:11:00.495164+00:00,94.2,425,bid,AverageAlmonds,YieldingYams,3346530
2026-07-02T02:11:00.485928,2026-07-02T02:11:00.495164+00:00,94.2,75,bid,AverageAlmonds,WavyWalnuts,3346531
2026-07-02T02:11:00.517173,2026-07-02T02:11:00.526737+00:00,94.2,125,bid,YieldingYams,WavyWalnuts,3346533
2026-07-02T02:11:00.517173,2026-07-02T02:11:00.526737+00:00,94.3,3,bid,YieldingYams,Kelvin Chan,3346534
2026-07-02T02:11:01.136737,2026-07-02T02:11:01.144551+00:00,94.3,200,ask,YieldingYams,WavyWalnuts,3346545
2026-07-02T02:11:02.355843,2026-07-02T02:11:02.358619+00:00,94.2,200,ask,AverageAlmonds,WavyWalnuts,3346572
2026-07-02T02:11:03.077107,2026-07-02T02:11:03.080934+00:00,94.3,14,bid,Xuanyu Liu,YieldingYams,3346582
2026-07-02T02:11:03.081127,2026-07-02T02:11:03.096421+00:00,94.3,148,bid,Chester Au,YieldingYams,3346583
2026-07-02T02:11:03.159868,2026-07-02T02:11:03.163820+00:00,94.3,1,ask,YieldingYams,Xuanyu Liu,3346584
2026-07-02T02:11:03.165009,2026-07-02T02:11:03.168751+00:00,94.3,1,ask,YieldingYams,Xuanyu Liu,3346585
2026-07-02T02:11:03.169835,2026-07-02T02:11:03.173480+00:00,94.3,1,ask,YieldingYams,Xuanyu Liu,3346586
2026-07-02T02:11:03.174584,2026-07-02T02:11:03.178119+00:00,94.3,1,ask,YieldingYams,Xuanyu Liu,3346587
2026-07-02T02:11:03.179282,2026-07-02T02:11:03.183019+00:00,94.3,1,ask,YieldingYams,Xuanyu Liu,3346588
2026-07-02T02:11:03.184312,2026-07-02T02:11:03.187776+00:00,94.3,1,ask,YieldingYams,Xuanyu Liu,3346589
2026-07-02T02:11:03.188942,2026-07-02T02:11:03.192713+00:00,94.3,1,ask,YieldingYams,Xuanyu Liu,3346590
2026-07-02T02:11:03.193898,2026-07-02T02:11:03.197418+00:00,94.3,1,ask,YieldingYams,Xuanyu Liu,3346591
2026-07-02T02:11:03.198591,2026-07-02T02:11:03.202074+00:00,94.3,1,ask,YieldingYams,Xuanyu Liu,3346592
2026-07-02T02:11:03.203287,2026-07-02T02:11:03.206756+00:00,94.3,1,ask,YieldingYams,Xuanyu Liu,3346593
2026-07-02T02:11:03.207905,2026-07-02T02:11:03.211425+00:00,94.3,1,ask,YieldingYams,Xuanyu Liu,3346594
2026-07-02T02:11:03.212620,2026-07-02T02:11:03.216073+00:00,94.3,1,ask,YieldingYams,Xuanyu Liu,3346595
2026-07-02T02:11:03.217275,2026-07-02T02:11:03.221358+00:00,94.3,1,ask,YieldingYams,Xuanyu Liu,3346596
2026-07-02T02:11:03.222549,2026-07-02T02:11:03.226206+00:00,94.3,1,ask,YieldingYams,Xuanyu Liu,3346597
2026-07-02T02:11:03.565171,2026-07-02T02:11:03.575232+00:00,94.3,200,ask,YieldingYams,WavyWalnuts,3346608
2026-07-02T02:11:05.769043,2026-07-02T02:11:05.780290+00:00,94.2,200,ask,WavyWalnuts,YieldingYams,3346642
2026-07-02T02:11:05.769043,2026-07-02T02:11:05.780290+00:00,94.2,425,ask,AverageAlmonds,YieldingYams,3346643
2026-07-02T02:11:05.813581,2026-07-02T02:11:05.825340+00:00,94.4,1,bid,BrilliantBurritos,Kelvin Chan,3346644
2026-07-02T02:11:05.813581,2026-07-02T02:11:05.825340+00:00,94.4,19,bid,BrilliantBurritos,WavyWalnuts,3346645
2026-07-02T02:11:05.979675,2026-07-02T02:11:05.990157+00:00,94.2,200,ask,AverageAlmonds,WavyWalnuts,3346651
2026-07-02T02:11:07.087933,2026-07-02T02:11:07.099071+00:00,94.4,1,bid,YieldingYams,Kelvin Chan,3346671
2026-07-02T02:11:07.187259,2026-07-02T02:11:07.197390+00:00,94.4,200,ask,YieldingYams,WavyWalnuts,3346675
2026-07-02T02:11:08.396173,2026-07-02T02:11:08.405368+00:00,94.4,200,ask,YieldingYams,WavyWalnuts,3346694
2026-07-02T02:11:08.422041,2026-07-02T02:11:08.425686+00:00,94.3,3,bid,Xuanyu Liu,YieldingYams,3346696
2026-07-02T02:11:09.574062,2026-07-02T02:11:09.582289+00:00,94.3,500,bid,AverageAlmonds,YieldingYams,3346713
2026-07-02T02:11:09.716412,2026-07-02T02:11:09.725742+00:00,94.3,200,bid,YieldingYams,WavyWalnuts,3346716
2026-07-02T02:11:12.561540,2026-07-02T02:11:12.571629+00:00,94.4,52,bid,Chester Au,WavyWalnuts,3346787
2026-07-02T02:11:12.568308,2026-07-02T02:11:12.571629+00:00,94.4,11,bid,Xuanyu Liu,WavyWalnuts,3346789
2026-07-02T02:11:13.645138,2026-07-02T02:11:13.658644+00:00,94.4,200,bid,YieldingYams,WavyWalnuts,3346807
2026-07-02T02:11:13.645138,2026-07-02T02:11:13.658644+00:00,94.5,1,bid,YieldingYams,Kelvin Chan,3346808
2026-07-02T02:11:14.451051,2026-07-02T02:11:14.458579+00:00,94.5,200,ask,YieldingYams,WavyWalnuts,3346824
2026-07-02T02:11:14.958578,2026-07-02T02:11:14.977505+00:00,94.3,500,ask,AverageAlmonds,YieldingYams,3346834
2026-07-02T02:11:14.974281,2026-07-02T02:11:14.977505+00:00,94.3,12,bid,Xuanyu Liu,YieldingYams,3346837
2026-07-02T02:11:15.624434,2026-07-02T02:11:15.633850+00:00,94.3,113,bid,AverageAlmonds,YieldingYams,3346844
2026-07-02T02:11:15.659358,2026-07-02T02:11:15.669411+00:00,94.3,200,ask,AverageAlmonds,WavyWalnuts,3346845
2026-07-02T02:11:15.964545,2026-07-02T02:11:15.976134+00:00,94.6,1,bid,BrilliantBurritos,Kelvin Chan,3346852
2026-07-02T02:11:16.268888,2026-07-02T02:11:16.277710+00:00,94.5,1,bid,YieldingYams,Kelvin Chan,3346859
2026-07-02T02:11:16.284026,2026-07-02T02:11:16.288057+00:00,94.5,23,ask,YieldingYams,Xuanyu Liu,3346861
2026-07-02T02:11:16.865519,2026-07-02T02:11:16.876336+00:00,94.5,200,ask,YieldingYams,WavyWalnuts,3346870
2026-07-02T02:11:19.279993,2026-07-02T02:11:19.289814+00:00,94.4,200,ask,AverageAlmonds,WavyWalnuts,3346905
2026-07-02T02:11:21.520566,2026-07-02T02:11:21.530242+00:00,94.4,200,ask,WavyWalnuts,YieldingYams,3346949
2026-07-02T02:11:21.520566,2026-07-02T02:11:21.530242+00:00,94.4,425,ask,AverageAlmonds,YieldingYams,3346950
2026-07-02T02:11:22.836349,2026-07-02T02:11:22.844083+00:00,94.6,1,bid,YieldingYams,Kelvin Chan,3346965
2026-07-02T02:11:22.851954,2026-07-02T02:11:22.855795+00:00,94.6,3,ask,YieldingYams,Xuanyu Liu,3346968
2026-07-02T02:11:22.946909,2026-07-02T02:11:22.956304+00:00,94.6,200,ask,YieldingYams,WavyWalnuts,3346974
2026-07-02T02:11:26.597022,2026-07-02T02:11:26.604390+00:00,94.5,200,ask,YieldingYams,WavyWalnuts,3347031
2026-07-02T02:11:27.820716,2026-07-02T02:11:27.829310+00:00,94.6,200,bid,WavyWalnuts,YieldingYams,3347061
2026-07-02T02:11:29.031247,2026-07-02T02:11:29.038490+00:00,94.5,200,bid,WavyWalnuts,YieldingYams,3347088
2026-07-02T02:11:33.877862,2026-07-02T02:11:33.884553+00:00,94.7,1,bid,WavyWalnuts,Kelvin Chan,3347153
2026-07-02T02:11:33.877862,2026-07-02T02:11:33.890019+00:00,94.8,199,bid,WavyWalnuts,YieldingYams,3347154
2026-07-02T02:11:34.750086,2026-07-02T02:11:34.756882+00:00,94.6,150,ask,YieldingYams,Chester Au,3347179
2026-07-02T02:11:37.620146,2026-07-02T02:11:37.631564+00:00,94.6,20,ask,YieldingYams,BrilliantBurritos,3347221
2026-07-02T02:11:39.875956,2026-07-02T02:11:39.885504+00:00,94.7,200,bid,YieldingYams,WavyWalnuts,3347260
2026-07-02T02:11:39.897705,2026-07-02T02:11:39.906337+00:00,94.7,4,ask,YieldingYams,Chester Au,3347262
2026-07-02T02:11:40.461208,2026-07-02T02:11:40.469095+00:00,94.7,421,ask,YieldingYams,AverageAlmonds,3347268
2026-07-02T02:11:41.140398,2026-07-02T02:11:41.148398+00:00,94.7,200,bid,WavyWalnuts,AverageAlmonds,3347284
2026-07-02T02:11:41.188235,2026-07-02T02:11:41.203651+00:00,94.5,6,ask,Kelvin Chan,YieldingYams,3347285
2026-07-02T02:11:42.348289,2026-07-02T02:11:42.355312+00:00,94.5,200,bid,WavyWalnuts,YieldingYams,3347312
2026-07-02T02:11:43.556342,2026-07-02T02:11:43.553747+00:00,94.6,200,bid,WavyWalnuts,YieldingYams,3347346
2026-07-02T02:11:44.428372,2026-07-02T02:11:44.436711+00:00,94.4,2,ask,Kelvin Chan,BrilliantBurritos,3347362
2026-07-02T02:11:44.764711,2026-07-02T02:11:44.773277+00:00,94.5,200,bid,WavyWalnuts,YieldingYams,3347370
2026-07-02T02:11:45.977352,2026-07-02T02:11:45.986763+00:00,94.5,200,ask,YieldingYams,WavyWalnuts,3347402
2026-07-02T02:11:50.367043,2026-07-02T02:11:50.375601+00:00,94.7,200,ask,WavyWalnuts,YieldingYams,3347496
2026-07-02T02:11:50.812267,2026-07-02T02:11:50.822800+00:00,94.7,200,bid,WavyWalnuts,YieldingYams,3347504
2026-07-02T02:11:52.464272,2026-07-02T02:11:52.476103+00:00,94.8,20,bid,BrilliantBurritos,YieldingYams,3347535
2026-07-02T02:11:52.989608,2026-07-02T02:11:52.996811+00:00,94.8,2,bid,YieldingYams,Kelvin Chan,3347553
2026-07-02T02:11:52.989608,2026-07-02T02:11:53.001809+00:00,94.8,200,bid,YieldingYams,WavyWalnuts,3347554
2026-07-02T02:11:53.777643,2026-07-02T02:11:53.786705+00:00,94.9,200,ask,WavyWalnuts,AverageAlmonds,3347585
2026-07-02T02:11:54.320600,2026-07-02T02:11:54.324959+00:00,94.8,3,bid,Xuanyu Liu,YieldingYams,3347598
2026-07-02T02:11:54.438530,2026-07-02T02:11:54.448036+00:00,94.8,200,bid,WavyWalnuts,YieldingYams,3347606
2026-07-02T02:11:55.378870,2026-07-02T02:11:55.386426+00:00,94.6,20,ask,YieldingYams,BrilliantBurritos,3347626
2026-07-02T02:11:56.930847,2026-07-02T02:11:56.937684+00:00,94.7,200,ask,WavyWalnuts,YieldingYams,3347669
2026-07-02T02:11:58.242299,2026-07-02T02:11:58.252940+00:00,94.8,1,bid,YieldingYams,Kelvin Chan,3347694
2026-07-02T02:11:58.242299,2026-07-02T02:11:58.252940+00:00,94.8,500,bid,YieldingYams,AverageAlmonds,3347695
2026-07-02T02:11:58.242299,2026-07-02T02:11:58.252940+00:00,94.8,124,bid,YieldingYams,WavyWalnuts,3347696
2026-07-02T02:11:58.977430,2026-07-02T02:11:58.989201+00:00,94.8,20,bid,BrilliantBurritos,WavyWalnuts,3347709
2026-07-02T02:11:59.569665,2026-07-02T02:11:59.578777+00:00,94.7,200,ask,WavyWalnuts,YieldingYams,3347727
2026-07-02T02:12:00.477671,2026-07-02T02:12:00.487286+00:00,94.7,200,bid,WavyWalnuts,YieldingYams,3347747
2026-07-02T02:12:00.877897,2026-07-02T02:12:00.886987+00:00,94.7,500,bid,YieldingYams,AverageAlmonds,3347756
2026-07-02T02:12:00.877897,2026-07-02T02:12:00.886987+00:00,94.8,1,bid,YieldingYams,Kelvin Chan,3347757
2026-07-02T02:12:01.026044,2026-07-02T02:12:01.033250+00:00,94.8,124,ask,YieldingYams,AverageAlmonds,3347761
2026-07-02T02:12:01.685983,2026-07-02T02:12:01.696161+00:00,94.7,200,bid,WavyWalnuts,AverageAlmonds,3347785
2026-07-02T02:12:01.956191,2026-07-02T02:12:01.967752+00:00,94.7,20,bid,BrilliantBurritos,AverageAlmonds,3347792
2026-07-02T02:12:02.894587,2026-07-02T02:12:02.904319+00:00,94.6,200,bid,WavyWalnuts,YieldingYams,3347815
2026-07-02T02:12:04.103133,2026-07-02T02:12:04.111087+00:00,94.7,200,bid,WavyWalnuts,AverageAlmonds,3347838
2026-07-02T02:12:06.325163,2026-07-02T02:12:06.329640+00:00,94.7,11,bid,Xuanyu Liu,WavyWalnuts,3347891
2026-07-02T02:12:06.328566,2026-07-02T02:12:06.345111+00:00,94.7,150,bid,Chester Au,WavyWalnuts,3347892
2026-07-02T02:12:06.523464,2026-07-02T02:12:06.532729+00:00,94.6,200,ask,YieldingYams,WavyWalnuts,3347894
2026-07-02T02:12:07.095530,2026-07-02T02:12:07.104169+00:00,94.8,1,bid,BrilliantBurritos,Kelvin Chan,3347906
2026-07-02T02:12:07.095530,2026-07-02T02:12:07.109390+00:00,94.8,19,bid,BrilliantBurritos,YieldingYams,3347907
2026-07-02T02:12:08.939989,2026-07-02T02:12:08.949188+00:00,94.7,200,bid,WavyWalnuts,YieldingYams,3347939
2026-07-02T02:12:10.070157,2026-07-02T02:12:10.073794+00:00,94.7,11,ask,YieldingYams,Xuanyu Liu,3347966
2026-07-02T02:12:11.359799,2026-07-02T02:12:11.369482+00:00,94.7,200,ask,YieldingYams,WavyWalnuts,3347989
2026-07-02T02:12:12.570270,2026-07-02T02:12:12.579329+00:00,94.6,200,bid,WavyWalnuts,YieldingYams,3348010
2026-07-02T02:12:13.778448,2026-07-02T02:12:13.786190+00:00,94.6,200,bid,WavyWalnuts,YieldingYams,3348035
2026-07-02T02:12:14.987793,2026-07-02T02:12:14.996629+00:00,94.6,200,bid,WavyWalnuts,YieldingYams,3348067
2026-07-02T02:12:15.871689,2026-07-02T02:12:15.875039+00:00,94.7,3,ask,YieldingYams,Xuanyu Liu,3348088
2026-07-02T02:12:19.835093,2026-07-02T02:12:19.843696+00:00,94.7,200,ask,YieldingYams,WavyWalnuts,3348158
2026-07-02T02:12:21.708651,2026-07-02T02:12:21.718839+00:00,94.6,20,ask,YieldingYams,BrilliantBurritos,3348199
2026-07-02T02:12:21.865179,2026-07-02T02:12:21.872229+00:00,94.6,200,ask,WavyWalnuts,YieldingYams,3348203
2026-07-02T02:12:21.865179,2026-07-02T02:12:21.877459+00:00,94.6,425,ask,AverageAlmonds,YieldingYams,3348204
2026-07-02T02:12:22.142257,2026-07-02T02:12:22.147161+00:00,94.8,2,bid,Xuanyu Liu,Kelvin Chan,3348210
2026-07-02T02:12:22.142257,2026-07-02T02:12:22.147161+00:00,94.8,1,bid,Xuanyu Liu,WavyWalnuts,3348211
2026-07-02T02:12:22.260652,2026-07-02T02:12:22.271570+00:00,94.7,200,ask,AverageAlmonds,WavyWalnuts,3348215
2026-07-02T02:12:23.916151,2026-07-02T02:12:23.927725+00:00,94.7,20,ask,YieldingYams,BrilliantBurritos,3348253
2026-07-02T02:12:24.681535,2026-07-02T02:12:24.689933+00:00,94.7,200,ask,YieldingYams,WavyWalnuts,3348277
2026-07-02T02:12:25.796596,2026-07-02T02:12:25.803147+00:00,94.6,500,ask,AverageAlmonds,YieldingYams,3348302
2026-07-02T02:12:25.804736,2026-07-02T02:12:25.819107+00:00,94.6,4,bid,Chester Au,YieldingYams,3348304
2026-07-02T02:12:25.815797,2026-07-02T02:12:25.819107+00:00,94.6,34,bid,Xuanyu Liu,YieldingYams,3348307
2026-07-02T02:12:25.832335,2026-07-02T02:12:25.839665+00:00,94.6,87,bid,AverageAlmonds,YieldingYams,3348308
2026-07-02T02:12:27.068003,2026-07-02T02:12:27.075702+00:00,94.8,200,bid,AverageAlmonds,WavyWalnuts,3348330
2026-07-02T02:12:27.098143,2026-07-02T02:12:27.102160+00:00,94.8,11,ask,AverageAlmonds,Xuanyu Liu,3348334
2026-07-02T02:12:27.120404,2026-07-02T02:12:27.128361+00:00,94.8,289,ask,AverageAlmonds,YieldingYams,3348335
2026-07-02T02:12:27.120404,2026-07-02T02:12:27.133625+00:00,94.7,200,ask,WavyWalnuts,YieldingYams,3348336
2026-07-02T02:12:27.663872,2026-07-02T02:12:27.675361+00:00,94.7,136,bid,AverageAlmonds,YieldingYams,3348349
2026-07-02T02:12:28.320756,2026-07-02T02:12:28.331136+00:00,94.8,200,ask,AverageAlmonds,WavyWalnuts,3348367
2026-07-02T02:12:30.739108,2026-07-02T02:12:30.749708+00:00,95.0,200,bid,WavyWalnuts,YieldingYams,3348410
2026-07-02T02:12:30.811059,2026-07-02T02:12:30.820427+00:00,94.8,20,ask,YieldingYams,BrilliantBurritos,3348412
2026-07-02T02:12:31.947797,2026-07-02T02:12:31.958569+00:00,95.1,200,bid,WavyWalnuts,YieldingYams,3348431
2026-07-02T02:12:32.384308,2026-07-02T02:12:32.387784+00:00,95.0,12,ask,YieldingYams,Xuanyu Liu,3348439
2026-07-02T02:12:34.366208,2026-07-02T02:12:34.376395+00:00,95.1,200,bid,WavyWalnuts,YieldingYams,3348476
2026-07-02T02:12:36.783256,2026-07-02T02:12:36.794511+00:00,94.8,200,ask,YieldingYams,WavyWalnuts,3348530
2026-07-02T02:12:38.909266,2026-07-02T02:12:38.919748+00:00,94.8,500,ask,AverageAlmonds,YieldingYams,3348585
2026-07-02T02:12:39.166036,2026-07-02T02:12:39.174883+00:00,94.8,125,bid,AverageAlmonds,YieldingYams,3348590
2026-07-02T02:12:39.240122,2026-07-02T02:12:39.251496+00:00,94.8,20,ask,AverageAlmonds,BrilliantBurritos,3348591
2026-07-02T02:12:40.215470,2026-07-02T02:12:40.224577+00:00,94.9,200,bid,YieldingYams,WavyWalnuts,3348615
2026-07-02T02:12:40.235657,2026-07-02T02:12:40.239353+00:00,95.0,11,ask,YieldingYams,Xuanyu Liu,3348619
2026-07-02T02:12:40.411856,2026-07-02T02:12:40.419524+00:00,95.0,200,ask,YieldingYams,WavyWalnuts,3348622
2026-07-02T02:12:44.142914,2026-07-02T02:12:44.149991+00:00,95.0,200,bid,YieldingYams,WavyWalnuts,3348701
2026-07-02T02:12:44.374909,2026-07-02T02:12:44.378754+00:00,95.0,3,ask,YieldingYams,Xuanyu Liu,3348708
2026-07-02T02:12:45.457135,2026-07-02T02:12:45.465999+00:00,95.0,200,ask,WavyWalnuts,YieldingYams,3348734
2026-07-02T02:12:48.873996,2026-07-02T02:12:48.880492+00:00,95.0,200,ask,YieldingYams,WavyWalnuts,3348806
2026-07-02T02:12:50.079962,2026-07-02T02:12:50.086971+00:00,95.0,200,bid,WavyWalnuts,YieldingYams,3348833
2026-07-02T02:12:50.651243,2026-07-02T02:12:50.658584+00:00,95.0,425,bid,AverageAlmonds,YieldingYams,3348843
2026-07-02T02:12:51.298259,2026-07-02T02:12:51.308864+00:00,95.2,200,ask,YieldingYams,WavyWalnuts,3348849
2026-07-02T02:12:52.503178,2026-07-02T02:12:52.511254+00:00,95.2,200,bid,WavyWalnuts,YieldingYams,3348876
2026-07-02T02:12:54.918186,2026-07-02T02:12:54.929206+00:00,95.3,2,bid,WavyWalnuts,Kelvin Chan,3348921
2026-07-02T02:12:57.242595,2026-07-02T02:12:57.254042+00:00,95.3,20,bid,BrilliantBurritos,WavyWalnuts,3348995
2026-07-02T02:12:57.361359,2026-07-02T02:12:57.372901+00:00,95.2,200,ask,YieldingYams,WavyWalnuts,3348996
2026-07-02T02:12:59.178097,2026-07-02T02:12:59.185099+00:00,95.3,20,bid,BrilliantBurritos,YieldingYams,3349032
2026-07-02T02:13:02.504427,2026-07-02T02:13:02.513335+00:00,95.4,1,bid,YieldingYams,Kelvin Chan,3349102
2026-07-02T02:13:03.337653,2026-07-02T02:13:03.341292+00:00,95.5,37,bid,Xuanyu Liu,WavyWalnuts,3349126
2026-07-02T02:13:04.656128,2026-07-02T02:13:04.658609+00:00,95.5,6,bid,WavyWalnuts,Kelvin Chan,3349140
2026-07-02T02:13:04.656128,2026-07-02T02:13:04.669001+00:00,95.6,194,bid,WavyWalnuts,YieldingYams,3349141
2026-07-02T02:13:05.130525,2026-07-02T02:13:05.140459+00:00,95.5,5,bid,YieldingYams,Kelvin Chan,3349146
2026-07-02T02:13:05.875177,2026-07-02T02:13:05.883331+00:00,95.7,200,ask,YieldingYams,WavyWalnuts,3349171
2026-07-02T02:13:07.761473,2026-07-02T02:13:07.771761+00:00,95.7,200,bid,YieldingYams,WavyWalnuts,3349202
2026-07-02T02:13:07.761473,2026-07-02T02:13:07.771761+00:00,95.7,2,bid,YieldingYams,Kelvin Chan,3349203
2026-07-02T02:13:08.250223,2026-07-02T02:13:08.261720+00:00,95.7,20,ask,YieldingYams,BrilliantBurritos,3349207
2026-07-02T02:13:08.913186,2026-07-02T02:13:08.924924+00:00,95.8,20,bid,BrilliantBurritos,WavyWalnuts,3349230
2026-07-02T02:13:09.078069,2026-07-02T02:13:09.086078+00:00,95.6,200,ask,WavyWalnuts,YieldingYams,3349233
2026-07-02T02:13:11.927026,2026-07-02T02:13:11.934921+00:00,95.7,1,bid,WavyWalnuts,Kelvin Chan,3349274
2026-07-02T02:13:11.927026,2026-07-02T02:13:11.934921+00:00,95.7,199,bid,WavyWalnuts,YieldingYams,3349275
2026-07-02T02:13:12.269439,2026-07-02T02:13:12.273026+00:00,95.5,1,ask,YieldingYams,Xuanyu Liu,3349285
2026-07-02T02:13:12.834251,2026-07-02T02:13:12.838287+00:00,95.5,22,ask,YieldingYams,Xuanyu Liu,3349306
2026-07-02T02:13:13.029347,2026-07-02T02:13:13.032873+00:00,95.6,11,ask,YieldingYams,Xuanyu Liu,3349314
2026-07-02T02:13:13.149302,2026-07-02T02:13:13.152925+00:00,95.7,3,ask,WavyWalnuts,Xuanyu Liu,3349322
2026-07-02T02:13:15.503163,2026-07-02T02:13:15.510344+00:00,95.8,200,ask,WavyWalnuts,AverageAlmonds,3349362
2026-07-02T02:13:15.558578,2026-07-02T02:13:15.570072+00:00,95.8,200,bid,WavyWalnuts,AverageAlmonds,3349364
2026-07-02T02:13:16.765747,2026-07-02T02:13:16.774347+00:00,95.8,200,bid,WavyWalnuts,YieldingYams,3349388
2026-07-02T02:13:17.971834,2026-07-02T02:13:17.982190+00:00,95.8,1,bid,WavyWalnuts,Kelvin Chan,3349415
2026-07-02T02:13:17.971834,2026-07-02T02:13:17.982190+00:00,95.9,199,bid,WavyWalnuts,YieldingYams,3349416
2026-07-02T02:13:19.180329,2026-07-02T02:13:19.187738+00:00,95.8,1,bid,WavyWalnuts,Kelvin Chan,3349426
2026-07-02T02:13:21.449908,2026-07-02T02:13:21.458560+00:00,95.9,20,bid,BrilliantBurritos,AverageAlmonds,3349478
2026-07-02T02:13:22.158263,2026-07-02T02:13:22.169877+00:00,95.8,500,ask,YieldingYams,AverageAlmonds,3349495
2026-07-02T02:13:22.201679,2026-07-02T02:13:22.210546+00:00,95.8,200,ask,WavyWalnuts,YieldingYams,3349498
2026-07-02T02:13:22.807827,2026-07-02T02:13:22.817013+00:00,95.7,200,bid,WavyWalnuts,AverageAlmonds,3349509
2026-07-02T02:13:22.820511,2026-07-02T02:13:22.827605+00:00,95.7,20,bid,BrilliantBurritos,AverageAlmonds,3349510
2026-07-02T02:13:23.512715,2026-07-02T02:13:23.523535+00:00,95.7,500,bid,YieldingYams,AverageAlmonds,3349530
2026-07-02T02:13:24.016053,2026-07-02T02:13:24.024670+00:00,95.8,200,bid,WavyWalnuts,AverageAlmonds,3349546
2026-07-02T02:13:24.567732,2026-07-02T02:13:24.574266+00:00,95.7,125,ask,YieldingYams,AverageAlmonds,3349552
2026-07-02T02:13:24.825324,2026-07-02T02:13:24.835902+00:00,95.5,6,ask,Kelvin Chan,YieldingYams,3349559
2026-07-02T02:13:25.222977,2026-07-02T02:13:25.231788+00:00,95.4,200,bid,WavyWalnuts,YieldingYams,3349562
2026-07-02T02:13:26.144765,2026-07-02T02:13:26.148322+00:00,95.4,3,ask,YieldingYams,Xuanyu Liu,3349585
2026-07-02T02:13:26.150036,2026-07-02T02:13:26.163677+00:00,95.4,50,ask,YieldingYams,Chester Au,3349586
2026-07-02T02:13:27.445100,2026-07-02T02:13:27.453087+00:00,95.5,200,ask,WavyWalnuts,YieldingYams,3349604
2026-07-02T02:13:27.526510,2026-07-02T02:13:27.538054+00:00,95.5,20,bid,BrilliantBurritos,YieldingYams,3349607
2026-07-02T02:13:28.754187,2026-07-02T02:13:28.750324+00:00,95.6,200,bid,YieldingYams,WavyWalnuts,3349632
2026-07-02T02:13:28.769750,2026-07-02T02:13:28.780143+00:00,95.6,57,ask,YieldingYams,Chester Au,3349634
2026-07-02T02:13:29.049130,2026-07-02T02:13:29.055569+00:00,95.6,20,ask,YieldingYams,BrilliantBurritos,3349637
2026-07-02T02:13:30.019281,2026-07-02T02:13:30.030188+00:00,95.6,348,ask,YieldingYams,AverageAlmonds,3349655
2026-07-02T02:13:30.075969,2026-07-02T02:13:30.079553+00:00,95.5,3,bid,Xuanyu Liu,YieldingYams,3349657
2026-07-02T02:13:30.447253,2026-07-02T02:13:30.454303+00:00,95.4,2,ask,Kelvin Chan,BrilliantBurritos,3349664
2026-07-02T02:13:30.447253,2026-07-02T02:13:30.454303+00:00,95.4,18,ask,WavyWalnuts,BrilliantBurritos,3349665
2026-07-02T02:13:31.973176,2026-07-02T02:13:31.984795+00:00,95.6,20,bid,BrilliantBurritos,WavyWalnuts,3349688
2026-07-02T02:13:32.471012,2026-07-02T02:13:32.481656+00:00,95.6,200,bid,WavyWalnuts,YieldingYams,3349694
2026-07-02T02:13:35.309445,2026-07-02T02:13:35.316392+00:00,95.4,5,ask,Kelvin Chan,YieldingYams,3349749
2026-07-02T02:13:35.309445,2026-07-02T02:13:35.332779+00:00,95.4,200,ask,WavyWalnuts,YieldingYams,3349750
2026-07-02T02:13:35.327223,2026-07-02T02:13:35.332779+00:00,95.2,107,bid,Chester Au,YieldingYams,3349754
2026-07-02T02:13:35.329554,2026-07-02T02:13:35.332779+00:00,95.2,14,bid,Xuanyu Liu,YieldingYams,3349755
2026-07-02T02:13:36.104557,2026-07-02T02:13:36.112813+00:00,95.2,200,bid,WavyWalnuts,YieldingYams,3349773
2026-07-02T02:13:37.937662,2026-07-02T02:13:37.947221+00:00,95.3,9,ask,Kelvin Chan,YieldingYams,3349816
2026-07-02T02:13:38.156807,2026-07-02T02:13:38.161255+00:00,95.2,14,ask,WavyWalnuts,Xuanyu Liu,3349826
2026-07-02T02:13:38.552052,2026-07-02T02:13:38.558590+00:00,95.2,10,ask,WavyWalnuts,BrilliantBurritos,3349828
2026-07-02T02:13:38.552052,2026-07-02T02:13:38.558590+00:00,95.2,10,ask,Kelvin Chan,BrilliantBurritos,3349829
2026-07-02T02:13:41.705937,2026-07-02T02:13:41.717714+00:00,95.2,4,ask,Kelvin Chan,BrilliantBurritos,3349873
2026-07-02T02:13:43.175535,2026-07-02T02:13:43.182135+00:00,95.3,2,ask,Kelvin Chan,YieldingYams,3349898
2026-07-02T02:13:44.092618,2026-07-02T02:13:44.104364+00:00,95.2,2,ask,Kelvin Chan,BrilliantBurritos,3349914
2026-07-02T02:13:44.092618,2026-07-02T02:13:44.104364+00:00,95.2,18,ask,WavyWalnuts,BrilliantBurritos,3349915
2026-07-02T02:13:44.573140,2026-07-02T02:13:44.580504+00:00,95.3,200,bid,WavyWalnuts,YieldingYams,3349926
2026-07-02T02:13:45.791728,2026-07-02T02:13:45.799974+00:00,95.3,200,bid,WavyWalnuts,YieldingYams,3349941
2026-07-02T02:13:47.130291,2026-07-02T02:13:47.140699+00:00,95.4,200,ask,WavyWalnuts,YieldingYams,3349961
2026-07-02T02:13:47.468090,2026-07-02T02:13:47.479884+00:00,95.2,20,ask,YieldingYams,BrilliantBurritos,3349965
2026-07-02T02:13:48.209430,2026-07-02T02:13:48.220737+00:00,95.4,200,bid,WavyWalnuts,YieldingYams,3349977
2026-07-02T02:13:49.751696,2026-07-02T02:13:49.758568+00:00,95.4,200,bid,YieldingYams,WavyWalnuts,3350003
2026-07-02T02:13:50.114975,2026-07-02T02:13:50.126489+00:00,95.6,20,bid,BrilliantBurritos,YieldingYams,3350009
2026-07-02T02:13:51.068012,2026-07-02T02:13:51.088994+00:00,95.4,200,ask,WavyWalnuts,YieldingYams,3350020
2026-07-02T02:13:51.085507,2026-07-02T02:13:51.088994+00:00,95.3,3,bid,Xuanyu Liu,YieldingYams,3350022
2026-07-02T02:13:51.849063,2026-07-02T02:13:51.859871+00:00,95.3,200,bid,WavyWalnuts,YieldingYams,3350036
2026-07-02T02:13:53.062404,2026-07-02T02:13:53.069278+00:00,95.4,200,ask,YieldingYams,WavyWalnuts,3350054
2026-07-02T02:13:57.915266,2026-07-02T02:13:57.924425+00:00,95.1,6,ask,Kelvin Chan,WavyWalnuts,3350136
2026-07-02T02:13:57.915266,2026-07-02T02:13:57.924425+00:00,95.1,194,ask,AverageAlmonds,WavyWalnuts,3350137
2026-07-02T02:13:59.125293,2026-07-02T02:13:59.135165+00:00,95.1,200,ask,YieldingYams,WavyWalnuts,3350171
2026-07-02T02:14:00.266834,2026-07-02T02:14:00.274409+00:00,95.2,6,ask,Kelvin Chan,YieldingYams,3350187
2026-07-02T02:14:00.296355,2026-07-02T02:14:00.304076+00:00,95.1,500,bid,AverageAlmonds,YieldingYams,3350188
2026-07-02T02:14:00.891228,2026-07-02T02:14:00.902185+00:00,95.0,200,bid,AverageAlmonds,WavyWalnuts,3350195
2026-07-02T02:14:00.891228,2026-07-02T02:14:00.902185+00:00,95.1,119,bid,AverageAlmonds,YieldingYams,3350196
2026-07-02T02:14:01.545780,2026-07-02T02:14:01.558533+00:00,95.2,5,ask,Kelvin Chan,WavyWalnuts,3350217
2026-07-02T02:14:01.545780,2026-07-02T02:14:01.558533+00:00,95.1,195,ask,AverageAlmonds,WavyWalnuts,3350218
2026-07-02T02:14:01.596388,2026-07-02T02:14:01.599906+00:00,95.3,3,ask,YieldingYams,Xuanyu Liu,3350228
2026-07-02T02:14:02.757112,2026-07-02T02:14:02.758532+00:00,95.3,200,ask,YieldingYams,WavyWalnuts,3350245
2026-07-02T02:14:03.966568,2026-07-02T02:14:03.974110+00:00,95.3,200,ask,YieldingYams,WavyWalnuts,3350275
2026-07-02T02:14:06.386679,2026-07-02T02:14:06.394948+00:00,95.3,200,bid,WavyWalnuts,YieldingYams,3350335
2026-07-02T02:14:11.236242,2026-07-02T02:14:11.247327+00:00,95.2,200,ask,YieldingYams,WavyWalnuts,3350432
2026-07-02T02:14:12.979354,2026-07-02T02:14:12.986108+00:00,95.3,150,ask,YieldingYams,Chester Au,3350471
2026-07-02T02:14:12.982290,2026-07-02T02:14:12.986108+00:00,95.3,3,ask,YieldingYams,Xuanyu Liu,3350472
2026-07-02T02:14:13.656040,2026-07-02T02:14:13.658604+00:00,95.4,9,bid,WavyWalnuts,Kelvin Chan,3350481
2026-07-02T02:14:13.656040,2026-07-02T02:14:13.658604+00:00,95.5,191,bid,WavyWalnuts,YieldingYams,3350482
2026-07-02T02:14:17.299452,2026-07-02T02:14:17.310678+00:00,95.5,5,bid,WavyWalnuts,Kelvin Chan,3350553
2026-07-02T02:14:17.299452,2026-07-02T02:14:17.310678+00:00,95.6,195,bid,WavyWalnuts,YieldingYams,3350554
2026-07-02T02:14:18.512901,2026-07-02T02:14:18.523213+00:00,95.5,200,bid,WavyWalnuts,YieldingYams,3350583
2026-07-02T02:14:18.642578,2026-07-02T02:14:18.648827+00:00,95.5,9,bid,YieldingYams,Kelvin Chan,3350590
2026-07-02T02:14:19.325593,2026-07-02T02:14:19.338619+00:00,95.5,50,ask,YieldingYams,Chester Au,3350598
