timestamp,recv_time,price,volume,aggressor_side,buyer,seller,trade_id
2026-07-08T20:00:03.222913,2026-07-08T20:00:03.232636+00:00,151.3,200,ask,WavyWalnuts,AverageAlmonds,12637643
2026-07-08T20:00:03.222913,2026-07-08T20:00:03.232636+00:00,151.3,300,ask,YieldingYams,AverageAlmonds,12637644
2026-07-08T20:00:03.816153,2026-07-08T20:00:03.825204+00:00,151.3,325,ask,YieldingYams,AverageAlmonds,12637648
2026-07-08T20:00:04.480355,2026-07-08T20:00:04.488846+00:00,151.3,200,bid,WavyWalnuts,YieldingYams,12637659
2026-07-08T20:00:05.693160,2026-07-08T20:00:05.701342+00:00,151.2,200,bid,WavyWalnuts,AverageAlmonds,12637671
2026-07-08T20:00:06.904708,2026-07-08T20:00:06.916154+00:00,151.1,200,bid,WavyWalnuts,AverageAlmonds,12637693
2026-07-08T20:00:08.113873,2026-07-08T20:00:08.123930+00:00,151.1,200,bid,WavyWalnuts,AverageAlmonds,12637712
2026-07-08T20:00:11.850706,2026-07-08T20:00:11.858579+00:00,151.2,200,bid,YieldingYams,WavyWalnuts,12637759
2026-07-08T20:00:12.931205,2026-07-08T20:00:12.941875+00:00,151.3,425,ask,YieldingYams,AverageAlmonds,12637768
2026-07-08T20:00:13.162546,2026-07-08T20:00:13.169652+00:00,151.2,200,ask,WavyWalnuts,YieldingYams,12637777
2026-07-08T20:00:14.173512,2026-07-08T20:00:14.180366+00:00,151.2,200,bid,WavyWalnuts,YieldingYams,12637795
2026-07-08T20:00:19.725302,2026-07-08T20:00:19.737069+00:00,151.1,200,ask,WavyWalnuts,YieldingYams,12637868
2026-07-08T20:00:20.233419,2026-07-08T20:00:20.244645+00:00,151.1,200,bid,WavyWalnuts,YieldingYams,12637882
2026-07-08T20:00:26.914217,2026-07-08T20:00:26.923605+00:00,151.3,20,bid,BrilliantBurritos,YieldingYams,12637964
2026-07-08T20:00:27.426362,2026-07-08T20:00:27.438120+00:00,151.3,20,bid,BrilliantBurritos,YieldingYams,12637975
2026-07-08T20:00:28.911586,2026-07-08T20:00:28.918895+00:00,151.1,200,bid,YieldingYams,WavyWalnuts,12637991
2026-07-08T20:00:31.157467,2026-07-08T20:00:31.164194+00:00,151.0,200,ask,YieldingYams,WavyWalnuts,12638020
2026-07-08T20:00:32.876272,2026-07-08T20:00:32.880320+00:00,150.9,3,ask,WavyWalnuts,Xuanyu Liu,12638043
2026-07-08T20:00:34.803243,2026-07-08T20:00:34.807446+00:00,151.0,11,ask,WavyWalnuts,Xuanyu Liu,12638072
2026-07-08T20:00:35.484761,2026-07-08T20:00:35.494553+00:00,151.0,189,ask,WavyWalnuts,YieldingYams,12638077
2026-07-08T20:00:37.254756,2026-07-08T20:00:37.266677+00:00,150.8,20,ask,YieldingYams,BrilliantBurritos,12638106
2026-07-08T20:00:38.123317,2026-07-08T20:00:38.127147+00:00,150.9,12,ask,YieldingYams,Xuanyu Liu,12638113
2026-07-08T20:00:39.652590,2026-07-08T20:00:39.656539+00:00,151.0,11,ask,WavyWalnuts,Xuanyu Liu,12638134
2026-07-08T20:00:40.732743,2026-07-08T20:00:40.739723+00:00,151.0,189,ask,WavyWalnuts,YieldingYams,12638152
2026-07-08T20:00:40.786011,2026-07-08T20:00:40.790519+00:00,151.0,11,bid,Xuanyu Liu,YieldingYams,12638154
2026-07-08T20:00:41.493732,2026-07-08T20:00:41.505552+00:00,150.9,20,ask,WavyWalnuts,BrilliantBurritos,12638169
2026-07-08T20:00:42.062027,2026-07-08T20:00:42.068794+00:00,151.0,200,ask,YieldingYams,WavyWalnuts,12638179
2026-07-08T20:00:42.215798,2026-07-08T20:00:42.227360+00:00,151.2,20,bid,BrilliantBurritos,AverageAlmonds,12638181
2026-07-08T20:00:43.286732,2026-07-08T20:00:43.290717+00:00,151.1,12,bid,Xuanyu Liu,WavyWalnuts,12638195
2026-07-08T20:00:43.358072,2026-07-08T20:00:43.368708+00:00,151.1,188,bid,YieldingYams,WavyWalnuts,12638197
2026-07-08T20:00:44.672078,2026-07-08T20:00:44.680864+00:00,151.2,200,bid,YieldingYams,WavyWalnuts,12638225
2026-07-08T20:00:45.865262,2026-07-08T20:00:45.874266+00:00,151.2,20,ask,YieldingYams,BrilliantBurritos,12638242
2026-07-08T20:00:45.999584,2026-07-08T20:00:46.004037+00:00,151.3,11,bid,Xuanyu Liu,YieldingYams,12638244
2026-07-08T20:00:47.312191,2026-07-08T20:00:47.316168+00:00,151.2,3,bid,Xuanyu Liu,YieldingYams,12638259
2026-07-08T20:00:52.265037,2026-07-08T20:00:52.275972+00:00,151.1,500,ask,YieldingYams,AverageAlmonds,12638313
2026-07-08T20:00:54.127146,2026-07-08T20:00:54.136438+00:00,151.2,20,bid,BrilliantBurritos,WavyWalnuts,12638344
2026-07-08T20:00:54.161201,2026-07-08T20:00:54.168676+00:00,151.2,200,bid,WavyWalnuts,YieldingYams,12638345
2026-07-08T20:00:55.149350,2026-07-08T20:00:55.154354+00:00,151.2,500,bid,YieldingYams,AverageAlmonds,12638359
2026-07-08T20:00:55.304290,2026-07-08T20:00:55.314753+00:00,151.2,125,ask,YieldingYams,AverageAlmonds,12638363
2026-07-08T20:00:56.577679,2026-07-08T20:00:56.587164+00:00,151.0,200,bid,WavyWalnuts,YieldingYams,12638383
2026-07-08T20:00:57.769690,2026-07-08T20:00:57.779790+00:00,151.0,20,ask,YieldingYams,BrilliantBurritos,12638400
2026-07-08T20:00:58.994323,2026-07-08T20:00:59.005075+00:00,151.1,200,bid,WavyWalnuts,AverageAlmonds,12638412
2026-07-08T20:01:00.052846,2026-07-08T20:01:00.064874+00:00,150.9,20,ask,YieldingYams,BrilliantBurritos,12638431
2026-07-08T20:01:01.696643,2026-07-08T20:01:01.705446+00:00,151.1,500,bid,YieldingYams,AverageAlmonds,12638442
2026-07-08T20:01:01.713230,2026-07-08T20:01:01.717398+00:00,151.1,3,ask,YieldingYams,Xuanyu Liu,12638444
2026-07-08T20:01:01.958802,2026-07-08T20:01:01.969364+00:00,151.1,122,ask,YieldingYams,AverageAlmonds,12638447
2026-07-08T20:01:02.918153,2026-07-08T20:01:02.927667+00:00,151.1,20,bid,BrilliantBurritos,WavyWalnuts,12638463
2026-07-08T20:01:03.480981,2026-07-08T20:01:03.492544+00:00,150.9,20,bid,BrilliantBurritos,YieldingYams,12638470
2026-07-08T20:01:06.246762,2026-07-08T20:01:06.250393+00:00,150.7,200,ask,YieldingYams,WavyWalnuts,12638505
2026-07-08T20:01:08.028576,2026-07-08T20:01:08.041255+00:00,150.6,20,ask,YieldingYams,BrilliantBurritos,12638531
2026-07-08T20:01:08.510334,2026-07-08T20:01:08.514677+00:00,150.7,34,ask,YieldingYams,Xuanyu Liu,12638537
2026-07-08T20:01:11.083097,2026-07-08T20:01:11.100183+00:00,150.8,200,bid,WavyWalnuts,AverageAlmonds,12638575
2026-07-08T20:01:12.291090,2026-07-08T20:01:12.298402+00:00,150.7,200,bid,WavyWalnuts,AverageAlmonds,12638587
2026-07-08T20:01:13.487706,2026-07-08T20:01:13.497190+00:00,150.5,500,ask,YieldingYams,AverageAlmonds,12638597
2026-07-08T20:01:13.527707,2026-07-08T20:01:13.539287+00:00,150.7,200,ask,WavyWalnuts,YieldingYams,12638600
2026-07-08T20:01:14.740421,2026-07-08T20:01:14.747926+00:00,150.5,200,bid,WavyWalnuts,AverageAlmonds,12638624
2026-07-08T20:01:14.850814,2026-07-08T20:01:14.854601+00:00,150.4,34,ask,YieldingYams,Xuanyu Liu,12638628
2026-07-08T20:01:15.957813,2026-07-08T20:01:15.964983+00:00,150.5,200,bid,WavyWalnuts,AverageAlmonds,12638645
2026-07-08T20:01:17.096133,2026-07-08T20:01:17.105386+00:00,150.4,500,ask,YieldingYams,AverageAlmonds,12638662
2026-07-08T20:01:17.169263,2026-07-08T20:01:17.179885+00:00,150.6,200,bid,WavyWalnuts,YieldingYams,12638665
2026-07-08T20:01:17.713547,2026-07-08T20:01:17.727451+00:00,150.3,11,bid,Xuanyu Liu,AverageAlmonds,12638674
2026-07-08T20:01:18.379381,2026-07-08T20:01:18.387201+00:00,150.4,200,bid,WavyWalnuts,AverageAlmonds,12638686
2026-07-08T20:01:19.538201,2026-07-08T20:01:19.547012+00:00,150.2,500,ask,YieldingYams,AverageAlmonds,12638706
2026-07-08T20:01:19.590542,2026-07-08T20:01:19.598414+00:00,150.4,200,bid,WavyWalnuts,YieldingYams,12638707
2026-07-08T20:01:20.148345,2026-07-08T20:01:20.152121+00:00,150.1,23,bid,Xuanyu Liu,AverageAlmonds,12638719
2026-07-08T20:01:20.802018,2026-07-08T20:01:20.809443+00:00,150.2,200,bid,WavyWalnuts,AverageAlmonds,12638736
2026-07-08T20:01:21.400031,2026-07-08T20:01:21.408274+00:00,150.1,500,bid,YieldingYams,AverageAlmonds,12638743
2026-07-08T20:01:21.987573,2026-07-08T20:01:21.999332+00:00,150.1,20,ask,YieldingYams,BrilliantBurritos,12638752
2026-07-08T20:01:22.014334,2026-07-08T20:01:22.022733+00:00,150.2,200,bid,WavyWalnuts,AverageAlmonds,12638756
2026-07-08T20:01:24.028590,2026-07-08T20:01:24.039473+00:00,149.9,200,ask,WavyWalnuts,YieldingYams,12638785
2026-07-08T20:01:25.352509,2026-07-08T20:01:25.356626+00:00,149.9,23,ask,YieldingYams,Xuanyu Liu,12638809
2026-07-08T20:01:25.681648,2026-07-08T20:01:25.690692+00:00,149.9,200,ask,YieldingYams,WavyWalnuts,12638814
2026-07-08T20:01:27.438383,2026-07-08T20:01:27.442529+00:00,150.0,11,bid,Xuanyu Liu,YieldingYams,12638846
2026-07-08T20:01:28.121999,2026-07-08T20:01:28.126215+00:00,149.9,12,bid,Xuanyu Liu,WavyWalnuts,12638858
2026-07-08T20:01:36.590995,2026-07-08T20:01:36.602277+00:00,149.7,200,ask,YieldingYams,WavyWalnuts,12638948
2026-07-08T20:01:37.063295,2026-07-08T20:01:37.075068+00:00,149.7,20,ask,YieldingYams,BrilliantBurritos,12638954
2026-07-08T20:01:39.813869,2026-07-08T20:01:39.825101+00:00,149.9,200,ask,WavyWalnuts,YieldingYams,12638996
2026-07-08T20:01:40.116053,2026-07-08T20:01:40.120149+00:00,149.8,11,bid,Xuanyu Liu,YieldingYams,12638998
2026-07-08T20:01:40.210472,2026-07-08T20:01:40.218500+00:00,149.8,200,bid,WavyWalnuts,YieldingYams,12639002
2026-07-08T20:01:43.771291,2026-07-08T20:01:43.779385+00:00,149.8,200,ask,WavyWalnuts,YieldingYams,12639046
2026-07-08T20:01:46.256162,2026-07-08T20:01:46.268965+00:00,149.7,200,ask,YieldingYams,WavyWalnuts,12639083
2026-07-08T20:01:48.674263,2026-07-08T20:01:48.684379+00:00,149.8,200,ask,YieldingYams,WavyWalnuts,12639115
2026-07-08T20:01:49.797456,2026-07-08T20:01:49.804479+00:00,149.8,500,bid,AverageAlmonds,YieldingYams,12639127
2026-07-08T20:01:50.394871,2026-07-08T20:01:50.402172+00:00,149.9,200,bid,AverageAlmonds,WavyWalnuts,12639132
2026-07-08T20:01:50.394871,2026-07-08T20:01:50.407411+00:00,150.0,300,bid,AverageAlmonds,YieldingYams,12639133
2026-07-08T20:01:51.623232,2026-07-08T20:01:51.632935+00:00,150.0,200,bid,YieldingYams,WavyWalnuts,12639157
2026-07-08T20:01:52.297895,2026-07-08T20:01:52.307850+00:00,150.0,200,ask,YieldingYams,WavyWalnuts,12639163
2026-07-08T20:01:53.519614,2026-07-08T20:01:53.523759+00:00,150.1,12,bid,Xuanyu Liu,WavyWalnuts,12639182
2026-07-08T20:01:55.958173,2026-07-08T20:01:55.962553+00:00,150.0,12,ask,YieldingYams,Xuanyu Liu,12639226
2026-07-08T20:01:56.454478,2026-07-08T20:01:56.463752+00:00,150.2,200,bid,AverageAlmonds,WavyWalnuts,12639233
2026-07-08T20:01:56.475079,2026-07-08T20:01:56.478867+00:00,150.2,23,ask,AverageAlmonds,Xuanyu Liu,12639235
2026-07-08T20:01:56.872916,2026-07-08T20:01:56.884027+00:00,150.2,277,ask,AverageAlmonds,YieldingYams,12639238
2026-07-08T20:01:57.051115,2026-07-08T20:01:57.058559+00:00,150.2,348,bid,AverageAlmonds,YieldingYams,12639239
2026-07-08T20:01:57.078249,2026-07-08T20:01:57.082066+00:00,150.4,15,ask,AverageAlmonds,Xuanyu Liu,12639242
2026-07-08T20:01:57.148422,2026-07-08T20:01:57.158287+00:00,150.4,137,ask,AverageAlmonds,WavyWalnuts,12639247
2026-07-08T20:01:57.653089,2026-07-08T20:01:57.658617+00:00,150.3,63,bid,AverageAlmonds,WavyWalnuts,12639251
2026-07-08T20:01:58.295979,2026-07-08T20:01:58.299770+00:00,150.6,38,bid,Xuanyu Liu,YieldingYams,12639265
2026-07-08T20:01:58.368996,2026-07-08T20:01:58.372822+00:00,150.4,23,bid,Xuanyu Liu,WavyWalnuts,12639267
2026-07-08T20:01:59.368417,2026-07-08T20:01:59.377161+00:00,150.3,20,ask,YieldingYams,BrilliantBurritos,12639281
2026-07-08T20:02:00.799015,2026-07-08T20:02:00.806369+00:00,150.4,500,ask,AverageAlmonds,YieldingYams,12639306
2026-07-08T20:02:00.799015,2026-07-08T20:02:00.811358+00:00,150.4,125,ask,WavyWalnuts,YieldingYams,12639307
2026-07-08T20:02:02.110537,2026-07-08T20:02:02.121262+00:00,150.5,20,ask,YieldingYams,BrilliantBurritos,12639323
2026-07-08T20:02:07.209672,2026-07-08T20:02:07.221642+00:00,150.5,20,ask,YieldingYams,BrilliantBurritos,12639386
2026-07-08T20:02:09.247977,2026-07-08T20:02:09.258646+00:00,150.5,200,ask,YieldingYams,WavyWalnuts,12639413
2026-07-08T20:02:11.707530,2026-07-08T20:02:11.711660+00:00,150.5,3,bid,Xuanyu Liu,YieldingYams,12639440
2026-07-08T20:02:23.102152,2026-07-08T20:02:23.111951+00:00,150.5,500,ask,AverageAlmonds,YieldingYams,12639591
2026-07-08T20:02:23.669709,2026-07-08T20:02:23.677488+00:00,150.4,125,bid,AverageAlmonds,YieldingYams,12639602
2026-07-08T20:02:23.783495,2026-07-08T20:02:23.793578+00:00,150.5,200,ask,AverageAlmonds,WavyWalnuts,12639604
2026-07-08T20:02:24.315874,2026-07-08T20:02:24.320128+00:00,150.7,14,ask,AverageAlmonds,Xuanyu Liu,12639610
2026-07-08T20:02:25.520344,2026-07-08T20:02:25.527078+00:00,150.7,200,bid,AverageAlmonds,WavyWalnuts,12639624
2026-07-08T20:02:27.036910,2026-07-08T20:02:27.048250+00:00,150.7,500,ask,AverageAlmonds,YieldingYams,12639651
2026-07-08T20:02:27.054289,2026-07-08T20:02:27.058210+00:00,150.7,11,bid,Xuanyu Liu,YieldingYams,12639654
2026-07-08T20:02:27.322868,2026-07-08T20:02:27.331337+00:00,150.7,114,bid,AverageAlmonds,YieldingYams,12639658
2026-07-08T20:02:28.344668,2026-07-08T20:02:28.352264+00:00,150.9,200,bid,YieldingYams,WavyWalnuts,12639675
2026-07-08T20:02:32.237599,2026-07-08T20:02:32.244929+00:00,150.9,200,bid,WavyWalnuts,YieldingYams,12639739
2026-07-08T20:02:34.690072,2026-07-08T20:02:34.701610+00:00,150.8,20,ask,YieldingYams,BrilliantBurritos,12639771
2026-07-08T20:02:38.868476,2026-07-08T20:02:38.875591+00:00,150.7,200,ask,WavyWalnuts,YieldingYams,12639821
2026-07-08T20:02:39.772431,2026-07-08T20:02:39.784018+00:00,150.5,20,ask,YieldingYams,BrilliantBurritos,12639835
2026-07-08T20:02:41.915474,2026-07-08T20:02:41.922444+00:00,150.6,200,ask,YieldingYams,WavyWalnuts,12639862
2026-07-08T20:02:42.150818,2026-07-08T20:02:42.158656+00:00,150.8,20,bid,BrilliantBurritos,YieldingYams,12639868
2026-07-08T20:02:44.332807,2026-07-08T20:02:44.342149+00:00,150.6,200,bid,WavyWalnuts,YieldingYams,12639901
2026-07-08T20:02:46.956730,2026-07-08T20:02:46.968497+00:00,150.5,20,ask,WavyWalnuts,BrilliantBurritos,12639940
2026-07-08T20:02:47.941442,2026-07-08T20:02:47.948192+00:00,150.7,20,bid,BrilliantBurritos,YieldingYams,12639956
2026-07-08T20:02:49.172489,2026-07-08T20:02:49.179934+00:00,150.7,200,ask,AverageAlmonds,WavyWalnuts,12639976
2026-07-08T20:02:49.931760,2026-07-08T20:02:49.943363+00:00,150.8,20,bid,BrilliantBurritos,YieldingYams,12639987
2026-07-08T20:02:52.773377,2026-07-08T20:02:52.780729+00:00,150.7,200,bid,WavyWalnuts,YieldingYams,12640019
2026-07-08T20:02:52.773377,2026-07-08T20:02:52.785957+00:00,150.7,300,bid,AverageAlmonds,YieldingYams,12640020
2026-07-08T20:02:52.811615,2026-07-08T20:02:52.822600+00:00,150.7,200,bid,AverageAlmonds,WavyWalnuts,12640022
2026-07-08T20:02:52.892827,2026-07-08T20:02:52.904597+00:00,150.7,20,bid,BrilliantBurritos,YieldingYams,12640023
2026-07-08T20:02:53.313554,2026-07-08T20:02:53.317262+00:00,150.7,11,ask,YieldingYams,Xuanyu Liu,12640030
2026-07-08T20:02:54.025759,2026-07-08T20:02:54.034856+00:00,150.7,200,ask,YieldingYams,WavyWalnuts,12640044
2026-07-08T20:02:54.607133,2026-07-08T20:02:54.616040+00:00,150.7,500,ask,AverageAlmonds,YieldingYams,12640051
2026-07-08T20:02:56.449131,2026-07-08T20:02:56.454549+00:00,150.6,200,ask,YieldingYams,WavyWalnuts,12640079
2026-07-08T20:03:03.197849,2026-07-08T20:03:03.207406+00:00,150.5,20,ask,WavyWalnuts,BrilliantBurritos,12640173
2026-07-08T20:03:06.455308,2026-07-08T20:03:06.458554+00:00,150.5,200,ask,WavyWalnuts,YieldingYams,12640217
2026-07-08T20:03:06.694813,2026-07-08T20:03:06.703763+00:00,150.5,425,bid,AverageAlmonds,YieldingYams,12640221
2026-07-08T20:03:07.364213,2026-07-08T20:03:07.379559+00:00,150.6,200,ask,AverageAlmonds,WavyWalnuts,12640231
2026-07-08T20:03:08.528739,2026-07-08T20:03:08.540437+00:00,150.7,500,bid,AverageAlmonds,YieldingYams,12640250
2026-07-08T20:03:09.071079,2026-07-08T20:03:09.077976+00:00,150.5,200,bid,YieldingYams,WavyWalnuts,12640257
2026-07-08T20:03:09.734155,2026-07-08T20:03:09.741583+00:00,150.9,500,bid,AverageAlmonds,YieldingYams,12640264
2026-07-08T20:03:09.785833,2026-07-08T20:03:09.792465+00:00,150.6,200,ask,YieldingYams,WavyWalnuts,12640266
2026-07-08T20:03:10.329590,2026-07-08T20:03:10.340062+00:00,150.9,125,bid,AverageAlmonds,YieldingYams,12640272
2026-07-08T20:03:10.941491,2026-07-08T20:03:10.953050+00:00,151.0,500,bid,AverageAlmonds,YieldingYams,12640285
2026-07-08T20:03:11.003095,2026-07-08T20:03:11.009788+00:00,150.7,200,ask,YieldingYams,WavyWalnuts,12640288
2026-07-08T20:03:11.708535,2026-07-08T20:03:11.712684+00:00,151.0,12,ask,YieldingYams,Xuanyu Liu,12640294
2026-07-08T20:03:12.216527,2026-07-08T20:03:12.229292+00:00,151.0,200,ask,YieldingYams,WavyWalnuts,12640304
2026-07-08T20:03:12.573346,2026-07-08T20:03:12.585004+00:00,151.0,20,ask,YieldingYams,BrilliantBurritos,12640316
2026-07-08T20:03:13.428478,2026-07-08T20:03:13.438029+00:00,151.0,200,ask,AverageAlmonds,WavyWalnuts,12640325
2026-07-08T20:03:14.635613,2026-07-08T20:03:14.643249+00:00,151.0,200,ask,AverageAlmonds,WavyWalnuts,12640347
2026-07-08T20:03:15.843059,2026-07-08T20:03:15.852768+00:00,151.0,200,ask,YieldingYams,WavyWalnuts,12640360
2026-07-08T20:03:17.051590,2026-07-08T20:03:17.056878+00:00,150.9,200,ask,AverageAlmonds,WavyWalnuts,12640384
2026-07-08T20:03:20.859430,2026-07-08T20:03:20.871049+00:00,150.9,20,ask,AverageAlmonds,BrilliantBurritos,12640432
2026-07-08T20:03:22.158318,2026-07-08T20:03:22.165497+00:00,151.0,200,bid,YieldingYams,WavyWalnuts,12640449
2026-07-08T20:03:25.518335,2026-07-08T20:03:25.529416+00:00,150.8,200,ask,AverageAlmonds,WavyWalnuts,12640491
2026-07-08T20:03:26.745808,2026-07-08T20:03:26.750852+00:00,150.8,12,bid,Xuanyu Liu,WavyWalnuts,12640521
2026-07-08T20:03:27.174590,2026-07-08T20:03:27.186440+00:00,150.7,20,ask,AverageAlmonds,BrilliantBurritos,12640523
2026-07-08T20:03:27.920612,2026-07-08T20:03:27.928362+00:00,150.7,20,ask,AverageAlmonds,BrilliantBurritos,12640533
2026-07-08T20:03:28.505610,2026-07-08T20:03:28.512272+00:00,150.8,500,bid,AverageAlmonds,YieldingYams,12640541
2026-07-08T20:03:29.102229,2026-07-08T20:03:29.111130+00:00,150.9,200,bid,AverageAlmonds,WavyWalnuts,12640556
2026-07-08T20:03:32.529914,2026-07-08T20:03:32.539059+00:00,150.9,20,ask,AverageAlmonds,BrilliantBurritos,12640586
2026-07-08T20:03:32.753662,2026-07-08T20:03:32.768991+00:00,151.0,200,bid,AverageAlmonds,WavyWalnuts,12640587
2026-07-08T20:03:32.753662,2026-07-08T20:03:32.768991+00:00,151.0,300,bid,AverageAlmonds,YieldingYams,12640588
2026-07-08T20:03:33.348298,2026-07-08T20:03:33.358551+00:00,151.0,325,bid,AverageAlmonds,YieldingYams,12640598
2026-07-08T20:03:33.348298,2026-07-08T20:03:33.358551+00:00,151.0,175,bid,AverageAlmonds,WavyWalnuts,12640599
2026-07-08T20:03:33.949586,2026-07-08T20:03:33.958617+00:00,151.0,25,bid,AverageAlmonds,WavyWalnuts,12640607
2026-07-08T20:03:33.978218,2026-07-08T20:03:33.982105+00:00,151.1,12,ask,AverageAlmonds,Xuanyu Liu,12640609
2026-07-08T20:03:35.224437,2026-07-08T20:03:35.231311+00:00,151.1,200,ask,AverageAlmonds,WavyWalnuts,12640624
2026-07-08T20:03:35.294993,2026-07-08T20:03:35.304845+00:00,151.1,300,ask,AverageAlmonds,YieldingYams,12640625
2026-07-08T20:03:35.761155,2026-07-08T20:03:35.769921+00:00,151.1,325,bid,AverageAlmonds,YieldingYams,12640635
2026-07-08T20:03:36.438408,2026-07-08T20:03:36.448680+00:00,151.1,200,ask,AverageAlmonds,WavyWalnuts,12640648
2026-07-08T20:03:37.065593,2026-07-08T20:03:37.069865+00:00,151.3,12,bid,Xuanyu Liu,YieldingYams,12640654
2026-07-08T20:03:37.573330,2026-07-08T20:03:37.581465+00:00,151.3,500,bid,AverageAlmonds,YieldingYams,12640661
2026-07-08T20:03:37.650234,2026-07-08T20:03:37.668962+00:00,151.1,200,ask,YieldingYams,WavyWalnuts,12640664
2026-07-08T20:03:38.858954,2026-07-08T20:03:38.870244+00:00,151.3,200,ask,YieldingYams,WavyWalnuts,12640674
2026-07-08T20:03:39.630971,2026-07-08T20:03:39.634728+00:00,151.4,12,ask,YieldingYams,Xuanyu Liu,12640690
2026-07-08T20:03:40.066907,2026-07-08T20:03:40.068689+00:00,151.4,200,ask,YieldingYams,WavyWalnuts,12640695
2026-07-08T20:03:40.753534,2026-07-08T20:03:40.760180+00:00,151.6,20,bid,BrilliantBurritos,YieldingYams,12640707
2026-07-08T20:03:41.961081,2026-07-08T20:03:41.969028+00:00,151.3,20,ask,AverageAlmonds,BrilliantBurritos,12640714
2026-07-08T20:03:42.481475,2026-07-08T20:03:42.489973+00:00,151.3,200,ask,YieldingYams,WavyWalnuts,12640722
2026-07-08T20:03:44.859476,2026-07-08T20:03:44.869611+00:00,151.4,200,bid,AverageAlmonds,WavyWalnuts,12640749
2026-07-08T20:03:45.771578,2026-07-08T20:03:45.782513+00:00,151.4,200,ask,WavyWalnuts,YieldingYams,12640764
2026-07-08T20:03:46.672292,2026-07-08T20:03:46.681733+00:00,151.4,425,bid,AverageAlmonds,YieldingYams,12640772
2026-07-08T20:03:46.893055,2026-07-08T20:03:46.899479+00:00,151.4,20,ask,AverageAlmonds,BrilliantBurritos,12640776
2026-07-08T20:03:47.078439,2026-07-08T20:03:47.097297+00:00,151.5,200,bid,YieldingYams,WavyWalnuts,12640780
2026-07-08T20:03:47.093306,2026-07-08T20:03:47.097297+00:00,151.5,11,ask,YieldingYams,Xuanyu Liu,12640782
2026-07-08T20:03:47.314510,2026-07-08T20:03:47.322190+00:00,151.5,200,ask,YieldingYams,WavyWalnuts,12640785
2026-07-08T20:03:48.521419,2026-07-08T20:03:48.532233+00:00,151.5,200,bid,WavyWalnuts,YieldingYams,12640800
2026-07-08T20:03:49.751462,2026-07-08T20:03:49.754394+00:00,151.5,200,ask,YieldingYams,WavyWalnuts,12640824
2026-07-08T20:03:52.124671,2026-07-08T20:03:52.133519+00:00,151.5,500,bid,AverageAlmonds,YieldingYams,12640853
2026-07-08T20:03:52.364619,2026-07-08T20:03:52.372682+00:00,151.4,200,bid,YieldingYams,WavyWalnuts,12640862
2026-07-08T20:03:53.391860,2026-07-08T20:03:53.400150+00:00,151.5,200,ask,YieldingYams,WavyWalnuts,12640874
2026-07-08T20:03:53.675038,2026-07-08T20:03:53.681332+00:00,151.5,500,ask,AverageAlmonds,YieldingYams,12640877
2026-07-08T20:03:53.692656,2026-07-08T20:03:53.696530+00:00,151.5,11,bid,Xuanyu Liu,YieldingYams,12640879
2026-07-08T20:03:55.819203,2026-07-08T20:03:55.829144+00:00,151.5,200,ask,YieldingYams,WavyWalnuts,12640902
2026-07-08T20:03:56.074873,2026-07-08T20:03:56.086672+00:00,151.5,20,ask,YieldingYams,BrilliantBurritos,12640905
2026-07-08T20:03:56.312866,2026-07-08T20:03:56.323256+00:00,151.5,500,ask,AverageAlmonds,YieldingYams,12640910
2026-07-08T20:03:56.369238,2026-07-08T20:03:56.379287+00:00,151.5,125,bid,AverageAlmonds,YieldingYams,12640913
2026-07-08T20:03:59.222462,2026-07-08T20:03:59.226859+00:00,151.8,12,bid,Xuanyu Liu,WavyWalnuts,12640950
2026-07-08T20:03:59.451408,2026-07-08T20:03:59.458607+00:00,151.7,200,ask,YieldingYams,WavyWalnuts,12640952
2026-07-08T20:04:02.586463,2026-07-08T20:04:02.598189+00:00,151.6,20,ask,YieldingYams,BrilliantBurritos,12640988
2026-07-08T20:04:02.858131,2026-07-08T20:04:02.865117+00:00,151.7,200,bid,YieldingYams,WavyWalnuts,12640991
2026-07-08T20:04:02.876294,2026-07-08T20:04:02.880078+00:00,151.7,12,ask,YieldingYams,Xuanyu Liu,12640993
2026-07-08T20:04:04.508165,2026-07-08T20:04:04.519813+00:00,151.9,20,bid,BrilliantBurritos,YieldingYams,12641014
2026-07-08T20:04:05.495594,2026-07-08T20:04:05.505770+00:00,151.7,200,ask,YieldingYams,WavyWalnuts,12641026
2026-07-08T20:04:05.643338,2026-07-08T20:04:05.654772+00:00,151.7,20,ask,YieldingYams,BrilliantBurritos,12641031
2026-07-08T20:04:12.058111,2026-07-08T20:04:12.061856+00:00,151.8,11,ask,YieldingYams,Xuanyu Liu,12641110
2026-07-08T20:04:13.087816,2026-07-08T20:04:13.099738+00:00,151.8,20,ask,YieldingYams,BrilliantBurritos,12641126
2026-07-08T20:04:15.184499,2026-07-08T20:04:15.195751+00:00,151.9,200,bid,WavyWalnuts,YieldingYams,12641152
2026-07-08T20:04:16.391823,2026-07-08T20:04:16.400261+00:00,151.8,200,bid,WavyWalnuts,YieldingYams,12641168
2026-07-08T20:04:18.599160,2026-07-08T20:04:18.609517+00:00,151.7,200,ask,WavyWalnuts,YieldingYams,12641196
2026-07-08T20:04:18.802983,2026-07-08T20:04:18.811088+00:00,151.7,200,bid,WavyWalnuts,YieldingYams,12641197
2026-07-08T20:04:20.013264,2026-07-08T20:04:20.022062+00:00,151.8,200,ask,YieldingYams,WavyWalnuts,12641218
2026-07-08T20:04:26.096800,2026-07-08T20:04:26.100579+00:00,152.0,12,ask,WavyWalnuts,Xuanyu Liu,12641300
2026-07-08T20:04:27.791309,2026-07-08T20:04:27.799833+00:00,152.1,200,bid,YieldingYams,WavyWalnuts,12641324
2026-07-08T20:04:27.867251,2026-07-08T20:04:27.874291+00:00,152.1,425,ask,YieldingYams,AverageAlmonds,12641326
2026-07-08T20:04:28.499462,2026-07-08T20:04:28.506109+00:00,152.1,200,bid,WavyWalnuts,AverageAlmonds,12641334
2026-07-08T20:04:29.707540,2026-07-08T20:04:29.717851+00:00,151.9,200,bid,WavyWalnuts,YieldingYams,12641351
2026-07-08T20:04:34.345837,2026-07-08T20:04:34.358551+00:00,151.8,200,ask,WavyWalnuts,YieldingYams,12641407
2026-07-08T20:04:38.152274,2026-07-08T20:04:38.163771+00:00,151.8,500,ask,YieldingYams,AverageAlmonds,12641461
2026-07-08T20:04:38.786601,2026-07-08T20:04:38.821650+00:00,151.8,200,ask,WavyWalnuts,AverageAlmonds,12641471
2026-07-08T20:04:38.817995,2026-07-08T20:04:38.821650+00:00,151.8,12,bid,Xuanyu Liu,AverageAlmonds,12641474
2026-07-08T20:04:39.410852,2026-07-08T20:04:39.422614+00:00,151.8,200,bid,WavyWalnuts,AverageAlmonds,12641481
2026-07-08T20:04:40.900580,2026-07-08T20:04:40.907223+00:00,151.8,200,ask,WavyWalnuts,YieldingYams,12641501
2026-07-08T20:04:43.516739,2026-07-08T20:04:43.523779+00:00,151.8,200,bid,YieldingYams,WavyWalnuts,12641539
2026-07-08T20:04:43.566269,2026-07-08T20:04:43.570470+00:00,152.1,11,bid,Xuanyu Liu,AverageAlmonds,12641542
2026-07-08T20:04:44.272212,2026-07-08T20:04:44.276408+00:00,151.9,23,bid,Xuanyu Liu,WavyWalnuts,12641551
2026-07-08T20:04:47.446160,2026-07-08T20:04:47.458663+00:00,151.8,200,bid,YieldingYams,WavyWalnuts,12641589
2026-07-08T20:04:47.899360,2026-07-08T20:04:47.907984+00:00,151.8,200,ask,YieldingYams,WavyWalnuts,12641600
2026-07-08T20:04:49.105670,2026-07-08T20:04:49.116742+00:00,151.9,200,bid,WavyWalnuts,YieldingYams,12641620
2026-07-08T20:04:51.373621,2026-07-08T20:04:51.383290+00:00,151.8,200,ask,WavyWalnuts,YieldingYams,12641645
2026-07-08T20:04:51.522011,2026-07-08T20:04:51.530773+00:00,151.8,200,bid,WavyWalnuts,YieldingYams,12641647
2026-07-08T20:04:53.936264,2026-07-08T20:04:53.945949+00:00,151.8,200,bid,WavyWalnuts,AverageAlmonds,12641667
2026-07-08T20:04:53.990440,2026-07-08T20:04:53.998686+00:00,151.8,300,bid,YieldingYams,AverageAlmonds,12641669
2026-07-08T20:04:54.516646,2026-07-08T20:04:54.528199+00:00,151.8,325,ask,YieldingYams,AverageAlmonds,12641680
2026-07-08T20:04:57.596807,2026-07-08T20:04:57.606213+00:00,151.6,200,bid,WavyWalnuts,YieldingYams,12641722
2026-07-08T20:04:59.411189,2026-07-08T20:04:59.415166+00:00,151.6,11,ask,WavyWalnuts,Xuanyu Liu,12641751
2026-07-08T20:05:00.535999,2026-07-08T20:05:00.546476+00:00,151.6,200,ask,WavyWalnuts,YieldingYams,12641770
2026-07-08T20:05:01.231891,2026-07-08T20:05:01.243581+00:00,151.5,200,bid,WavyWalnuts,YieldingYams,12641779
2026-07-08T20:05:01.901200,2026-07-08T20:05:01.905531+00:00,151.4,12,ask,YieldingYams,Xuanyu Liu,12641795
2026-07-08T20:05:02.443002,2026-07-08T20:05:02.458843+00:00,151.7,200,bid,WavyWalnuts,YieldingYams,12641800
2026-07-08T20:05:03.651742,2026-07-08T20:05:03.658597+00:00,151.6,200,bid,WavyWalnuts,YieldingYams,12641813
2026-07-08T20:05:04.860035,2026-07-08T20:05:04.869033+00:00,151.7,200,bid,WavyWalnuts,YieldingYams,12641823
2026-07-08T20:05:06.093924,2026-07-08T20:05:06.097825+00:00,151.6,11,ask,WavyWalnuts,Xuanyu Liu,12641838
2026-07-08T20:05:07.862452,2026-07-08T20:05:07.869201+00:00,151.6,200,ask,WavyWalnuts,AverageAlmonds,12641855
2026-07-08T20:05:09.061406,2026-07-08T20:05:09.068991+00:00,151.4,20,ask,YieldingYams,BrilliantBurritos,12641866
2026-07-08T20:05:10.333284,2026-07-08T20:05:10.337656+00:00,151.5,11,bid,Xuanyu Liu,AverageAlmonds,12641884
2026-07-08T20:05:10.927095,2026-07-08T20:05:10.937399+00:00,151.4,200,ask,YieldingYams,WavyWalnuts,12641894
2026-07-08T20:05:11.056329,2026-07-08T20:05:11.060434+00:00,151.4,12,bid,Xuanyu Liu,YieldingYams,12641897
2026-07-08T20:05:12.348266,2026-07-08T20:05:12.358470+00:00,151.2,200,ask,WavyWalnuts,YieldingYams,12641913
2026-07-08T20:05:13.391625,2026-07-08T20:05:13.402053+00:00,151.2,200,bid,WavyWalnuts,YieldingYams,12641928
2026-07-08T20:05:15.817005,2026-07-08T20:05:15.826592+00:00,151.3,200,bid,WavyWalnuts,YieldingYams,12641948
2026-07-08T20:05:16.292804,2026-07-08T20:05:16.297338+00:00,151.3,23,ask,YieldingYams,Xuanyu Liu,12641958
2026-07-08T20:05:18.894135,2026-07-08T20:05:18.903659+00:00,151.4,200,bid,YieldingYams,WavyWalnuts,12641991
2026-07-08T20:05:19.453141,2026-07-08T20:05:19.464043+00:00,151.4,200,ask,YieldingYams,WavyWalnuts,12641996
2026-07-08T20:05:21.597014,2026-07-08T20:05:21.600983+00:00,151.3,12,ask,WavyWalnuts,Xuanyu Liu,12642030
2026-07-08T20:05:21.872143,2026-07-08T20:05:21.881300+00:00,151.4,200,bid,WavyWalnuts,YieldingYams,12642032
2026-07-08T20:05:23.104618,2026-07-08T20:05:23.108485+00:00,151.4,11,ask,WavyWalnuts,Xuanyu Liu,12642056
2026-07-08T20:05:24.299476,2026-07-08T20:05:24.310869+00:00,151.5,200,bid,WavyWalnuts,AverageAlmonds,12642080
2026-07-08T20:05:24.845482,2026-07-08T20:05:24.856882+00:00,151.5,20,bid,BrilliantBurritos,AverageAlmonds,12642089
2026-07-08T20:05:31.723401,2026-07-08T20:05:31.735190+00:00,151.2,20,ask,YieldingYams,BrilliantBurritos,12642187
2026-07-08T20:05:35.213251,2026-07-08T20:05:35.217196+00:00,151.1,11,bid,Xuanyu Liu,WavyWalnuts,12642234
2026-07-08T20:05:36.441539,2026-07-08T20:05:36.449328+00:00,151.0,20,ask,YieldingYams,BrilliantBurritos,12642256
2026-07-08T20:05:38.824127,2026-07-08T20:05:38.835239+00:00,151.1,200,bid,WavyWalnuts,YieldingYams,12642294
2026-07-08T20:05:40.597075,2026-07-08T20:05:40.601322+00:00,151.2,46,bid,Xuanyu Liu,YieldingYams,12642325
2026-07-08T20:05:41.242739,2026-07-08T20:05:41.252936+00:00,151.2,200,bid,WavyWalnuts,YieldingYams,12642333
2026-07-08T20:05:45.319168,2026-07-08T20:05:45.325728+00:00,151.3,20,bid,BrilliantBurritos,WavyWalnuts,12642392
2026-07-08T20:05:47.741241,2026-07-08T20:05:47.750012+00:00,151.2,500,bid,YieldingYams,AverageAlmonds,12642420
2026-07-08T20:05:52.522149,2026-07-08T20:05:52.534020+00:00,151.2,20,bid,BrilliantBurritos,YieldingYams,12642484
2026-07-08T20:05:55.804870,2026-07-08T20:05:55.812401+00:00,151.0,200,bid,WavyWalnuts,AverageAlmonds,12642534
2026-07-08T20:05:56.295616,2026-07-08T20:05:56.306047+00:00,150.9,500,ask,YieldingYams,AverageAlmonds,12642539
2026-07-08T20:05:57.531974,2026-07-08T20:05:57.539056+00:00,150.9,200,ask,WavyWalnuts,AverageAlmonds,12642555
2026-07-08T20:05:58.218499,2026-07-08T20:05:58.227825+00:00,150.9,200,bid,WavyWalnuts,AverageAlmonds,12642574
2026-07-08T20:06:03.077146,2026-07-08T20:06:03.081432+00:00,150.8,11,ask,WavyWalnuts,Xuanyu Liu,12642617
2026-07-08T20:06:03.540664,2026-07-08T20:06:03.545699+00:00,150.8,189,ask,WavyWalnuts,YieldingYams,12642618
2026-07-08T20:06:04.267137,2026-07-08T20:06:04.275794+00:00,150.7,200,bid,WavyWalnuts,YieldingYams,12642629
2026-07-08T20:06:07.482059,2026-07-08T20:06:07.499554+00:00,150.7,200,bid,YieldingYams,WavyWalnuts,12642673
2026-07-08T20:06:07.495851,2026-07-08T20:06:07.499554+00:00,150.7,12,ask,YieldingYams,Xuanyu Liu,12642675
2026-07-08T20:06:10.113356,2026-07-08T20:06:10.124189+00:00,150.6,200,ask,WavyWalnuts,YieldingYams,12642715
2026-07-08T20:06:10.130529,2026-07-08T20:06:10.134891+00:00,150.6,12,bid,Xuanyu Liu,YieldingYams,12642717
2026-07-08T20:06:10.236980,2026-07-08T20:06:10.248594+00:00,150.6,413,bid,AverageAlmonds,YieldingYams,12642720
2026-07-08T20:06:12.224227,2026-07-08T20:06:12.236314+00:00,150.8,20,bid,BrilliantBurritos,YieldingYams,12642745
2026-07-08T20:06:15.188668,2026-07-08T20:06:15.196742+00:00,150.7,200,ask,YieldingYams,WavyWalnuts,12642788
2026-07-08T20:06:17.985454,2026-07-08T20:06:17.995037+00:00,150.7,200,ask,WavyWalnuts,YieldingYams,12642824
2026-07-08T20:06:18.001908,2026-07-08T20:06:18.005658+00:00,150.6,11,bid,Xuanyu Liu,YieldingYams,12642826
2026-07-08T20:06:18.820524,2026-07-08T20:06:18.832165+00:00,150.6,200,bid,WavyWalnuts,YieldingYams,12642843
2026-07-08T20:06:20.044846,2026-07-08T20:06:20.048630+00:00,150.7,11,ask,WavyWalnuts,Xuanyu Liu,12642859
2026-07-08T20:06:21.760454,2026-07-08T20:06:21.764052+00:00,150.9,11,bid,Xuanyu Liu,WavyWalnuts,12642884
2026-07-08T20:06:23.506579,2026-07-08T20:06:23.513717+00:00,150.8,20,ask,YieldingYams,BrilliantBurritos,12642910
2026-07-08T20:06:23.657498,2026-07-08T20:06:23.669122+00:00,150.8,200,ask,YieldingYams,WavyWalnuts,12642914
2026-07-08T20:06:25.364362,2026-07-08T20:06:25.373987+00:00,150.8,500,ask,YieldingYams,AverageAlmonds,12642927
2026-07-08T20:06:26.840503,2026-07-08T20:06:26.847016+00:00,150.7,20,ask,WavyWalnuts,BrilliantBurritos,12642948
2026-07-08T20:06:27.173274,2026-07-08T20:06:27.184961+00:00,150.7,180,ask,WavyWalnuts,AverageAlmonds,12642950
2026-07-08T20:06:27.808197,2026-07-08T20:06:27.819529+00:00,150.6,500,ask,YieldingYams,AverageAlmonds,12642954
2026-07-08T20:06:29.031800,2026-07-08T20:06:29.035814+00:00,150.6,3,bid,Xuanyu Liu,AverageAlmonds,12642973
2026-07-08T20:06:29.612558,2026-07-08T20:06:29.620570+00:00,150.5,200,ask,WavyWalnuts,AverageAlmonds,12642984
2026-07-08T20:06:29.612558,2026-07-08T20:06:29.620570+00:00,150.5,300,ask,YieldingYams,AverageAlmonds,12642985
2026-07-08T20:06:29.813349,2026-07-08T20:06:29.824749+00:00,150.6,200,ask,WavyWalnuts,YieldingYams,12642990
2026-07-08T20:06:30.821135,2026-07-08T20:06:30.831402+00:00,150.3,500,ask,YieldingYams,AverageAlmonds,12643007
2026-07-08T20:06:31.122256,2026-07-08T20:06:31.128675+00:00,150.5,200,ask,WavyWalnuts,YieldingYams,12643013
2026-07-08T20:06:31.427166,2026-07-08T20:06:31.434056+00:00,150.3,20,bid,BrilliantBurritos,AverageAlmonds,12643015
2026-07-08T20:06:32.113402,2026-07-08T20:06:32.122926+00:00,150.3,200,bid,WavyWalnuts,AverageAlmonds,12643026
2026-07-08T20:06:32.630517,2026-07-08T20:06:32.639890+00:00,150.2,500,ask,YieldingYams,AverageAlmonds,12643035
2026-07-08T20:06:33.324610,2026-07-08T20:06:33.332679+00:00,150.3,200,bid,WavyWalnuts,AverageAlmonds,12643045
2026-07-08T20:06:34.533727,2026-07-08T20:06:34.544912+00:00,150.2,200,bid,WavyWalnuts,AverageAlmonds,12643069
2026-07-08T20:06:36.408854,2026-07-08T20:06:36.417338+00:00,150.1,200,ask,WavyWalnuts,YieldingYams,12643095
2026-07-08T20:06:38.688380,2026-07-08T20:06:38.696259+00:00,150.1,200,ask,WavyWalnuts,AverageAlmonds,12643129
2026-07-08T20:06:39.025555,2026-07-08T20:06:39.032812+00:00,150.1,300,bid,YieldingYams,AverageAlmonds,12643134
2026-07-08T20:06:39.283923,2026-07-08T20:06:39.292442+00:00,150.1,325,ask,YieldingYams,AverageAlmonds,12643136
2026-07-08T20:06:41.729990,2026-07-08T20:06:41.736871+00:00,149.9,500,ask,YieldingYams,AverageAlmonds,12643166
2026-07-08T20:06:42.326952,2026-07-08T20:06:42.334207+00:00,149.9,125,ask,YieldingYams,AverageAlmonds,12643170
2026-07-08T20:06:42.326952,2026-07-08T20:06:42.339263+00:00,149.8,200,ask,WavyWalnuts,AverageAlmonds,12643171
2026-07-08T20:06:42.348549,2026-07-08T20:06:42.352229+00:00,149.8,3,bid,Xuanyu Liu,AverageAlmonds,12643174
2026-07-08T20:06:43.540544,2026-07-08T20:06:43.550934+00:00,149.8,200,ask,WavyWalnuts,AverageAlmonds,12643190
2026-07-08T20:06:44.748941,2026-07-08T20:06:44.758614+00:00,149.7,200,ask,WavyWalnuts,AverageAlmonds,12643207
2026-07-08T20:06:45.617448,2026-07-08T20:06:45.629616+00:00,149.6,20,ask,WavyWalnuts,BrilliantBurritos,12643216
2026-07-08T20:06:46.987732,2026-07-08T20:06:46.991632+00:00,149.8,23,bid,Xuanyu Liu,WavyWalnuts,12643239
2026-07-08T20:06:47.837282,2026-07-08T20:06:47.844252+00:00,149.8,200,bid,WavyWalnuts,YieldingYams,12643245
2026-07-08T20:06:47.885558,2026-07-08T20:06:47.897008+00:00,149.8,20,bid,BrilliantBurritos,YieldingYams,12643248
2026-07-08T20:06:49.510011,2026-07-08T20:06:49.517467+00:00,149.8,500,bid,YieldingYams,AverageAlmonds,12643268
2026-07-08T20:06:49.510011,2026-07-08T20:06:49.522930+00:00,149.9,125,bid,YieldingYams,WavyWalnuts,12643269
2026-07-08T20:06:50.810375,2026-07-08T20:06:50.825551+00:00,149.7,20,ask,WavyWalnuts,BrilliantBurritos,12643289
2026-07-08T20:06:50.825953,2026-07-08T20:06:50.836033+00:00,149.7,180,ask,WavyWalnuts,YieldingYams,12643290
2026-07-08T20:06:52.136453,2026-07-08T20:06:52.158843+00:00,149.6,200,ask,WavyWalnuts,YieldingYams,12643298
2026-07-08T20:06:52.155109,2026-07-08T20:06:52.158843+00:00,149.5,11,bid,Xuanyu Liu,YieldingYams,12643301
2026-07-08T20:06:52.672138,2026-07-08T20:06:52.682011+00:00,149.5,200,bid,WavyWalnuts,YieldingYams,12643308
2026-07-08T20:06:52.891517,2026-07-08T20:06:52.903410+00:00,149.3,20,ask,YieldingYams,BrilliantBurritos,12643310
2026-07-08T20:06:57.035970,2026-07-08T20:06:57.045513+00:00,149.7,20,bid,BrilliantBurritos,YieldingYams,12643370
2026-07-08T20:07:01.340773,2026-07-08T20:07:01.349795+00:00,149.5,200,bid,YieldingYams,WavyWalnuts,12643422
2026-07-08T20:07:02.379663,2026-07-08T20:07:02.391291+00:00,149.5,200,ask,YieldingYams,WavyWalnuts,12643440
2026-07-08T20:07:03.599205,2026-07-08T20:07:03.603045+00:00,149.5,11,ask,WavyWalnuts,Xuanyu Liu,12643454
2026-07-08T20:07:04.794532,2026-07-08T20:07:04.802035+00:00,149.6,200,bid,WavyWalnuts,YieldingYams,12643472
2026-07-08T20:07:04.922218,2026-07-08T20:07:04.934441+00:00,149.6,20,bid,BrilliantBurritos,YieldingYams,12643476
2026-07-08T20:07:05.284176,2026-07-08T20:07:05.288452+00:00,149.6,12,ask,YieldingYams,Xuanyu Liu,12643486
2026-07-08T20:07:06.003703,2026-07-08T20:07:06.010659+00:00,149.6,200,ask,YieldingYams,WavyWalnuts,12643496
2026-07-08T20:07:06.038615,2026-07-08T20:07:06.042277+00:00,149.8,12,bid,Xuanyu Liu,YieldingYams,12643498
2026-07-08T20:07:06.600919,2026-07-08T20:07:06.605011+00:00,149.6,23,bid,Xuanyu Liu,YieldingYams,12643513
2026-07-08T20:07:09.202894,2026-07-08T20:07:09.206848+00:00,149.5,23,ask,WavyWalnuts,Xuanyu Liu,12643539
2026-07-08T20:07:09.634553,2026-07-08T20:07:09.643042+00:00,149.6,200,bid,WavyWalnuts,YieldingYams,12643549
2026-07-08T20:07:15.764149,2026-07-08T20:07:15.767958+00:00,149.6,12,ask,YieldingYams,Xuanyu Liu,12643636
2026-07-08T20:07:16.906423,2026-07-08T20:07:16.916565+00:00,149.6,200,ask,YieldingYams,WavyWalnuts,12643644
2026-07-08T20:07:20.530128,2026-07-08T20:07:20.537595+00:00,149.5,200,ask,YieldingYams,WavyWalnuts,12643692
2026-07-08T20:07:22.324452,2026-07-08T20:07:22.333968+00:00,149.5,200,bid,YieldingYams,WavyWalnuts,12643720
2026-07-08T20:07:23.642650,2026-07-08T20:07:23.645203+00:00,149.4,200,ask,WavyWalnuts,YieldingYams,12643741
2026-07-08T20:07:23.656640,2026-07-08T20:07:23.660832+00:00,149.4,12,bid,Xuanyu Liu,YieldingYams,12643743
2026-07-08T20:07:26.438166,2026-07-08T20:07:26.458739+00:00,149.5,20,bid,BrilliantBurritos,AverageAlmonds,12643782
2026-07-08T20:07:26.526408,2026-07-08T20:07:26.537631+00:00,149.4,200,ask,WavyWalnuts,AverageAlmonds,12643785
2026-07-08T20:07:26.526408,2026-07-08T20:07:26.537631+00:00,149.4,300,ask,YieldingYams,AverageAlmonds,12643786
2026-07-08T20:07:27.123894,2026-07-08T20:07:27.131632+00:00,149.4,325,ask,YieldingYams,AverageAlmonds,12643792
2026-07-08T20:07:27.123894,2026-07-08T20:07:27.131632+00:00,149.4,175,ask,WavyWalnuts,AverageAlmonds,12643793
2026-07-08T20:07:27.573350,2026-07-08T20:07:27.580117+00:00,149.4,25,ask,WavyWalnuts,YieldingYams,12643796
2026-07-08T20:07:27.591663,2026-07-08T20:07:27.595711+00:00,149.2,34,bid,Xuanyu Liu,YieldingYams,12643798
2026-07-08T20:07:27.775292,2026-07-08T20:07:27.781625+00:00,149.2,200,bid,WavyWalnuts,YieldingYams,12643800
2026-07-08T20:07:31.442750,2026-07-08T20:07:31.446692+00:00,149.3,11,ask,WavyWalnuts,Xuanyu Liu,12643860
2026-07-08T20:07:32.578324,2026-07-08T20:07:32.586759+00:00,149.3,189,ask,WavyWalnuts,AverageAlmonds,12643875
2026-07-08T20:07:32.621871,2026-07-08T20:07:32.630957+00:00,149.3,200,bid,WavyWalnuts,AverageAlmonds,12643877
2026-07-08T20:07:34.518456,2026-07-08T20:07:34.522608+00:00,149.2,35,ask,WavyWalnuts,Xuanyu Liu,12643895
2026-07-08T20:07:39.923062,2026-07-08T20:07:39.931362+00:00,149.3,200,bid,WavyWalnuts,YieldingYams,12643974
2026-07-08T20:07:40.837286,2026-07-08T20:07:40.841079+00:00,149.2,14,ask,YieldingYams,Xuanyu Liu,12643991
2026-07-08T20:07:42.257356,2026-07-08T20:07:42.268994+00:00,149.4,20,bid,BrilliantBurritos,AverageAlmonds,12644016
2026-07-08T20:07:42.287942,2026-07-08T20:07:42.294918+00:00,149.3,200,ask,WavyWalnuts,AverageAlmonds,12644019
2026-07-08T20:07:43.303852,2026-07-08T20:07:43.314632+00:00,149.3,200,bid,YieldingYams,WavyWalnuts,12644030
2026-07-08T20:07:49.609062,2026-07-08T20:07:49.617170+00:00,149.3,200,bid,WavyWalnuts,YieldingYams,12644128
2026-07-08T20:07:54.852244,2026-07-08T20:07:54.863866+00:00,149.4,20,ask,WavyWalnuts,BrilliantBurritos,12644179
2026-07-08T20:07:57.751814,2026-07-08T20:07:57.755559+00:00,149.3,14,bid,Xuanyu Liu,YieldingYams,12644220
2026-07-08T20:07:58.862103,2026-07-08T20:07:58.870732+00:00,149.1,20,ask,YieldingYams,BrilliantBurritos,12644238
2026-07-08T20:07:59.280860,2026-07-08T20:07:59.289963+00:00,149.2,200,ask,YieldingYams,WavyWalnuts,12644242
2026-07-08T20:08:01.701038,2026-07-08T20:08:01.710661+00:00,149.2,200,ask,AverageAlmonds,WavyWalnuts,12644277
2026-07-08T20:08:05.284199,2026-07-08T20:08:05.291555+00:00,149.4,200,bid,AverageAlmonds,WavyWalnuts,12644317
2026-07-08T20:08:05.284199,2026-07-08T20:08:05.296570+00:00,149.4,300,bid,AverageAlmonds,YieldingYams,12644318
2026-07-08T20:08:05.437435,2026-07-08T20:08:05.448984+00:00,149.4,20,bid,BrilliantBurritos,YieldingYams,12644319
2026-07-08T20:08:06.151126,2026-07-08T20:08:06.158971+00:00,149.4,11,ask,YieldingYams,Xuanyu Liu,12644329
2026-07-08T20:08:07.480937,2026-07-08T20:08:07.488036+00:00,149.4,20,ask,YieldingYams,BrilliantBurritos,12644356
2026-07-08T20:08:08.239459,2026-07-08T20:08:08.243811+00:00,149.5,3,ask,YieldingYams,Xuanyu Liu,12644365
2026-07-08T20:08:14.781315,2026-07-08T20:08:14.789205+00:00,149.8,200,bid,YieldingYams,WavyWalnuts,12644460
2026-07-08T20:08:17.430660,2026-07-08T20:08:17.441824+00:00,150.0,200,bid,WavyWalnuts,YieldingYams,12644490
2026-07-08T20:08:21.501756,2026-07-08T20:08:21.513737+00:00,149.9,20,bid,BrilliantBurritos,WavyWalnuts,12644553
2026-07-08T20:08:23.448348,2026-07-08T20:08:23.451129+00:00,149.8,200,ask,WavyWalnuts,AverageAlmonds,12644580
2026-07-08T20:08:23.448348,2026-07-08T20:08:23.451129+00:00,149.8,300,ask,YieldingYams,AverageAlmonds,12644581
2026-07-08T20:08:25.922713,2026-07-08T20:08:25.926388+00:00,149.9,3,ask,WavyWalnuts,Xuanyu Liu,12644619
2026-07-08T20:08:25.931043,2026-07-08T20:08:25.941700+00:00,149.9,20,ask,WavyWalnuts,BrilliantBurritos,12644620
2026-07-08T20:08:26.561063,2026-07-08T20:08:26.572763+00:00,149.9,20,ask,WavyWalnuts,BrilliantBurritos,12644631
2026-07-08T20:08:29.515334,2026-07-08T20:08:29.522016+00:00,149.9,200,ask,WavyWalnuts,AverageAlmonds,12644667
2026-07-08T20:08:29.515334,2026-07-08T20:08:29.527245+00:00,149.9,300,ask,YieldingYams,AverageAlmonds,12644668
2026-07-08T20:08:30.113791,2026-07-08T20:08:30.125256+00:00,149.9,325,ask,YieldingYams,AverageAlmonds,12644677
2026-07-08T20:08:30.113791,2026-07-08T20:08:30.125256+00:00,149.9,175,ask,WavyWalnuts,AverageAlmonds,12644678
2026-07-08T20:08:30.503046,2026-07-08T20:08:30.509887+00:00,149.9,25,ask,WavyWalnuts,YieldingYams,12644684
2026-07-08T20:08:30.745945,2026-07-08T20:08:30.758759+00:00,149.8,200,bid,WavyWalnuts,YieldingYams,12644689
2026-07-08T20:08:31.963257,2026-07-08T20:08:31.974650+00:00,149.8,200,bid,WavyWalnuts,YieldingYams,12644700
2026-07-08T20:08:33.172966,2026-07-08T20:08:33.184693+00:00,149.8,200,bid,WavyWalnuts,YieldingYams,12644719
2026-07-08T20:08:35.608505,2026-07-08T20:08:35.619237+00:00,149.7,200,ask,YieldingYams,WavyWalnuts,12644763
2026-07-08T20:08:36.819342,2026-07-08T20:08:36.826419+00:00,149.7,200,ask,YieldingYams,WavyWalnuts,12644776
2026-07-08T20:08:36.978124,2026-07-08T20:08:36.982161+00:00,149.8,3,bid,Xuanyu Liu,AverageAlmonds,12644778
2026-07-08T20:08:38.398774,2026-07-08T20:08:38.406509+00:00,149.6,200,ask,WavyWalnuts,YieldingYams,12644801
2026-07-08T20:08:39.233605,2026-07-08T20:08:39.242745+00:00,149.6,200,bid,WavyWalnuts,YieldingYams,12644814
2026-07-08T20:08:41.655012,2026-07-08T20:08:41.664080+00:00,149.6,200,bid,WavyWalnuts,AverageAlmonds,12644832
2026-07-08T20:08:42.866055,2026-07-08T20:08:42.874043+00:00,149.5,200,bid,WavyWalnuts,AverageAlmonds,12644844
2026-07-08T20:08:43.657432,2026-07-08T20:08:43.664631+00:00,149.5,500,bid,YieldingYams,AverageAlmonds,12644857
2026-07-08T20:08:44.034743,2026-07-08T20:08:44.069772+00:00,149.5,125,ask,YieldingYams,AverageAlmonds,12644861
2026-07-08T20:08:45.284481,2026-07-08T20:08:45.294705+00:00,149.5,200,bid,WavyWalnuts,AverageAlmonds,12644872
2026-07-08T20:08:45.853352,2026-07-08T20:08:45.854548+00:00,149.4,500,ask,YieldingYams,AverageAlmonds,12644878
2026-07-08T20:08:46.298391,2026-07-08T20:08:46.302005+00:00,149.3,3,bid,Xuanyu Liu,YieldingYams,12644889
2026-07-08T20:08:46.495094,2026-07-08T20:08:46.505105+00:00,149.3,200,bid,WavyWalnuts,YieldingYams,12644895
2026-07-08T20:08:48.913324,2026-07-08T20:08:48.927210+00:00,149.4,200,ask,YieldingYams,WavyWalnuts,12644913
2026-07-08T20:08:50.125300,2026-07-08T20:08:50.133190+00:00,149.4,200,ask,YieldingYams,WavyWalnuts,12644924
2026-07-08T20:08:50.391461,2026-07-08T20:08:50.394915+00:00,149.5,23,bid,Xuanyu Liu,AverageAlmonds,12644934
2026-07-08T20:08:51.333891,2026-07-08T20:08:51.342666+00:00,149.4,200,ask,YieldingYams,WavyWalnuts,12644938
2026-07-08T20:08:55.004824,2026-07-08T20:08:55.012159+00:00,149.3,200,ask,YieldingYams,WavyWalnuts,12644983
2026-07-08T20:08:57.074820,2026-07-08T20:08:57.084306+00:00,149.3,20,bid,BrilliantBurritos,WavyWalnuts,12645006
2026-07-08T20:08:58.106294,2026-07-08T20:08:58.113391+00:00,149.2,200,ask,WavyWalnuts,YieldingYams,12645022
2026-07-08T20:09:02.474381,2026-07-08T20:09:02.486038+00:00,149.1,20,ask,YieldingYams,BrilliantBurritos,12645075
2026-07-08T20:09:03.116805,2026-07-08T20:09:03.120521+00:00,149.1,26,ask,YieldingYams,Xuanyu Liu,12645085
2026-07-08T20:09:08.334259,2026-07-08T20:09:08.344380+00:00,149.2,200,bid,WavyWalnuts,YieldingYams,12645153
2026-07-08T20:09:13.102213,2026-07-08T20:09:13.111911+00:00,149.4,200,ask,WavyWalnuts,AverageAlmonds,12645212
2026-07-08T20:09:13.102213,2026-07-08T20:09:13.111911+00:00,149.4,300,ask,YieldingYams,AverageAlmonds,12645213
2026-07-08T20:09:13.708143,2026-07-08T20:09:13.719665+00:00,149.4,325,ask,YieldingYams,AverageAlmonds,12645223
2026-07-08T20:09:13.708143,2026-07-08T20:09:13.719665+00:00,149.4,175,ask,WavyWalnuts,AverageAlmonds,12645224
2026-07-08T20:09:13.832706,2026-07-08T20:09:13.841631+00:00,149.4,25,ask,WavyWalnuts,YieldingYams,12645229
2026-07-08T20:09:14.395372,2026-07-08T20:09:14.403991+00:00,149.3,200,bid,WavyWalnuts,YieldingYams,12645240
2026-07-08T20:09:15.605161,2026-07-08T20:09:15.613702+00:00,149.4,200,bid,WavyWalnuts,YieldingYams,12645253
2026-07-08T20:09:16.457378,2026-07-08T20:09:16.464168+00:00,149.5,500,bid,YieldingYams,AverageAlmonds,12645264
2026-07-08T20:09:16.474934,2026-07-08T20:09:16.478800+00:00,149.5,26,ask,YieldingYams,Xuanyu Liu,12645266
2026-07-08T20:09:17.766945,2026-07-08T20:09:17.773807+00:00,149.3,200,ask,WavyWalnuts,YieldingYams,12645287
2026-07-08T20:09:18.217503,2026-07-08T20:09:18.221572+00:00,149.3,20,bid,BrilliantBurritos,YieldingYams,12645294
2026-07-08T20:09:18.749673,2026-07-08T20:09:18.756173+00:00,149.3,20,bid,Xuanyu Liu,YieldingYams,12645298
2026-07-08T20:09:18.902341,2026-07-08T20:09:18.906785+00:00,149.3,3,bid,Xuanyu Liu,YieldingYams,12645301
2026-07-08T20:09:19.076190,2026-07-08T20:09:19.086928+00:00,149.2,200,ask,WavyWalnuts,YieldingYams,12645306
2026-07-08T20:09:19.092705,2026-07-08T20:09:19.096238+00:00,149.2,3,bid,Xuanyu Liu,YieldingYams,12645308
2026-07-08T20:09:24.674919,2026-07-08T20:09:24.685474+00:00,148.9,20,ask,WavyWalnuts,BrilliantBurritos,12645380
2026-07-08T20:09:25.630992,2026-07-08T20:09:25.643361+00:00,149.0,200,ask,WavyWalnuts,YieldingYams,12645392
2026-07-08T20:09:26.518062,2026-07-08T20:09:26.528279+00:00,149.0,200,bid,WavyWalnuts,YieldingYams,12645406
2026-07-08T20:09:32.182517,2026-07-08T20:09:32.189843+00:00,149.3,500,bid,YieldingYams,AverageAlmonds,12645474
2026-07-08T20:09:32.469338,2026-07-08T20:09:32.479980+00:00,149.3,125,ask,YieldingYams,AverageAlmonds,12645477
2026-07-08T20:09:34.765099,2026-07-08T20:09:34.769068+00:00,149.1,3,ask,WavyWalnuts,Xuanyu Liu,12645506
2026-07-08T20:09:35.698377,2026-07-08T20:09:35.705627+00:00,149.2,20,bid,BrilliantBurritos,WavyWalnuts,12645519
2026-07-08T20:09:37.422373,2026-07-08T20:09:37.431587+00:00,149.1,200,ask,YieldingYams,WavyWalnuts,12645535
2026-07-08T20:09:41.203053,2026-07-08T20:09:41.210111+00:00,149.2,20,ask,WavyWalnuts,BrilliantBurritos,12645579
2026-07-08T20:09:41.361223,2026-07-08T20:09:41.368467+00:00,149.4,500,bid,YieldingYams,AverageAlmonds,12645581
2026-07-08T20:09:41.361223,2026-07-08T20:09:41.373619+00:00,149.4,125,bid,YieldingYams,WavyWalnuts,12645582
2026-07-08T20:09:42.259940,2026-07-08T20:09:42.269540+00:00,149.3,200,bid,WavyWalnuts,AverageAlmonds,12645593
2026-07-08T20:09:42.672098,2026-07-08T20:09:42.682382+00:00,149.3,300,bid,YieldingYams,AverageAlmonds,12645604
2026-07-08T20:09:42.759570,2026-07-08T20:09:42.767271+00:00,149.3,325,ask,YieldingYams,AverageAlmonds,12645605
2026-07-08T20:09:43.468343,2026-07-08T20:09:43.475836+00:00,149.3,200,bid,WavyWalnuts,AverageAlmonds,12645616
2026-07-08T20:09:45.885175,2026-07-08T20:09:45.895251+00:00,149.1,200,ask,YieldingYams,WavyWalnuts,12645653
2026-07-08T20:09:45.988373,2026-07-08T20:09:46.000214+00:00,149.3,20,bid,BrilliantBurritos,YieldingYams,12645654
2026-07-08T20:09:46.708442,2026-07-08T20:09:46.719894+00:00,149.1,20,ask,YieldingYams,BrilliantBurritos,12645668
2026-07-08T20:09:47.107218,2026-07-08T20:09:47.111163+00:00,149.3,3,bid,Xuanyu Liu,WavyWalnuts,12645674
2026-07-08T20:09:50.626308,2026-07-08T20:09:50.637591+00:00,149.3,200,ask,WavyWalnuts,AverageAlmonds,12645723
2026-07-08T20:09:54.483898,2026-07-08T20:09:54.495467+00:00,149.3,200,bid,YieldingYams,WavyWalnuts,12645771
2026-07-08T20:09:57.283612,2026-07-08T20:09:57.294590+00:00,149.4,500,ask,YieldingYams,AverageAlmonds,12645811
2026-07-08T20:09:58.434321,2026-07-08T20:09:58.438966+00:00,149.2,3,bid,Xuanyu Liu,YieldingYams,12645821
2026-07-08T20:10:02.377746,2026-07-08T20:10:02.389239+00:00,149.3,200,ask,WavyWalnuts,YieldingYams,12645891
2026-07-08T20:10:02.791676,2026-07-08T20:10:02.799744+00:00,149.3,200,bid,WavyWalnuts,YieldingYams,12645900
2026-07-08T20:10:07.633561,2026-07-08T20:10:07.641955+00:00,149.2,200,bid,WavyWalnuts,YieldingYams,12645978
2026-07-08T20:10:11.998628,2026-07-08T20:10:12.003734+00:00,148.9,3,ask,WavyWalnuts,Xuanyu Liu,12646035
2026-07-08T20:10:14.887565,2026-07-08T20:10:14.898853+00:00,148.9,200,ask,YieldingYams,WavyWalnuts,12646076
2026-07-08T20:10:22.018551,2026-07-08T20:10:22.025507+00:00,148.8,200,bid,YieldingYams,WavyWalnuts,12646177
2026-07-08T20:10:25.803733,2026-07-08T20:10:25.813103+00:00,148.9,200,bid,WavyWalnuts,YieldingYams,12646225
2026-07-08T20:10:26.780653,2026-07-08T20:10:26.789898+00:00,148.9,20,bid,BrilliantBurritos,YieldingYams,12646237
2026-07-08T20:10:28.567459,2026-07-08T20:10:28.578614+00:00,148.9,200,ask,WavyWalnuts,YieldingYams,12646269
2026-07-08T20:10:30.446359,2026-07-08T20:10:30.458576+00:00,148.8,20,ask,WavyWalnuts,BrilliantBurritos,12646294
2026-07-08T20:10:31.229645,2026-07-08T20:10:31.239788+00:00,148.9,200,ask,WavyWalnuts,YieldingYams,12646312
2026-07-08T20:10:31.874810,2026-07-08T20:10:31.878455+00:00,148.8,3,ask,WavyWalnuts,Xuanyu Liu,12646323
2026-07-08T20:10:34.790440,2026-07-08T20:10:34.807098+00:00,148.9,20,ask,YieldingYams,BrilliantBurritos,12646366
2026-07-08T20:10:35.489945,2026-07-08T20:10:35.499999+00:00,149.0,200,ask,YieldingYams,WavyWalnuts,12646372
2026-07-08T20:10:36.333546,2026-07-08T20:10:36.340956+00:00,149.0,20,ask,YieldingYams,BrilliantBurritos,12646380
2026-07-08T20:10:37.776415,2026-07-08T20:10:37.787247+00:00,148.9,200,ask,WavyWalnuts,YieldingYams,12646390
2026-07-08T20:10:37.792776,2026-07-08T20:10:37.796151+00:00,148.7,3,bid,Xuanyu Liu,YieldingYams,12646392
2026-07-08T20:10:37.900841,2026-07-08T20:10:37.909743+00:00,148.7,200,bid,WavyWalnuts,YieldingYams,12646394
2026-07-08T20:10:38.055815,2026-07-08T20:10:38.060329+00:00,148.5,14,ask,YieldingYams,Xuanyu Liu,12646400
2026-07-08T20:10:38.477362,2026-07-08T20:10:38.480925+00:00,148.6,12,ask,AverageAlmonds,Xuanyu Liu,12646411
2026-07-08T20:10:39.119890,2026-07-08T20:10:39.123743+00:00,148.7,11,ask,YieldingYams,Xuanyu Liu,12646427
2026-07-08T20:10:40.338271,2026-07-08T20:10:40.360240+00:00,148.9,200,bid,WavyWalnuts,YieldingYams,12646445
2026-07-08T20:10:41.221697,2026-07-08T20:10:41.225634+00:00,149.0,11,bid,Xuanyu Liu,YieldingYams,12646458
2026-07-08T20:10:41.586360,2026-07-08T20:10:41.590646+00:00,148.9,12,bid,Xuanyu Liu,WavyWalnuts,12646465
2026-07-08T20:10:43.980783,2026-07-08T20:10:44.069275+00:00,148.8,200,ask,YieldingYams,WavyWalnuts,12646496
2026-07-08T20:10:47.533140,2026-07-08T20:10:47.539761+00:00,148.9,500,ask,YieldingYams,AverageAlmonds,12646540
2026-07-08T20:10:47.591969,2026-07-08T20:10:47.596260+00:00,149.1,14,bid,Xuanyu Liu,WavyWalnuts,12646543
2026-07-08T20:10:47.608011,2026-07-08T20:10:47.617052+00:00,148.9,125,ask,YieldingYams,WavyWalnuts,12646544
2026-07-08T20:10:48.264477,2026-07-08T20:10:48.268367+00:00,148.8,3,bid,Xuanyu Liu,YieldingYams,12646550
2026-07-08T20:10:49.977650,2026-07-08T20:10:49.981484+00:00,148.7,3,ask,WavyWalnuts,Xuanyu Liu,12646567
2026-07-08T20:10:50.036323,2026-07-08T20:10:50.045087+00:00,148.8,200,bid,WavyWalnuts,YieldingYams,12646571
2026-07-08T20:10:51.244323,2026-07-08T20:10:51.258574+00:00,148.8,200,bid,WavyWalnuts,YieldingYams,12646590
2026-07-08T20:10:52.451784,2026-07-08T20:10:52.458635+00:00,149.0,200,bid,WavyWalnuts,YieldingYams,12646612
2026-07-08T20:10:53.663867,2026-07-08T20:10:53.674486+00:00,149.0,200,bid,WavyWalnuts,YieldingYams,12646625
2026-07-08T20:10:54.802844,2026-07-08T20:10:54.814390+00:00,149.0,500,bid,YieldingYams,AverageAlmonds,12646641
2026-07-08T20:10:54.821417,2026-07-08T20:10:54.830073+00:00,149.0,125,ask,YieldingYams,AverageAlmonds,12646642
2026-07-08T20:10:54.872436,2026-07-08T20:10:54.883110+00:00,148.9,200,bid,WavyWalnuts,AverageAlmonds,12646645
2026-07-08T20:10:58.512398,2026-07-08T20:10:58.520569+00:00,148.8,200,bid,WavyWalnuts,AverageAlmonds,12646685
2026-07-08T20:11:00.867608,2026-07-08T20:11:00.874016+00:00,148.7,500,ask,YieldingYams,AverageAlmonds,12646704
2026-07-08T20:11:01.442679,2026-07-08T20:11:01.454424+00:00,148.5,20,ask,WavyWalnuts,BrilliantBurritos,12646712
2026-07-08T20:11:10.553567,2026-07-08T20:11:10.564171+00:00,148.3,200,bid,YieldingYams,WavyWalnuts,12646832
2026-07-08T20:11:11.864786,2026-07-08T20:11:11.875617+00:00,148.3,200,ask,WavyWalnuts,YieldingYams,12646849
2026-07-08T20:11:11.880769,2026-07-08T20:11:11.892455+00:00,148.3,20,bid,BrilliantBurritos,YieldingYams,12646850
2026-07-08T20:11:14.792067,2026-07-08T20:11:14.800753+00:00,148.5,20,bid,BrilliantBurritos,WavyWalnuts,12646884
2026-07-08T20:11:15.470611,2026-07-08T20:11:15.480246+00:00,148.4,200,bid,WavyWalnuts,AverageAlmonds,12646895
2026-07-08T20:11:17.107745,2026-07-08T20:11:17.114281+00:00,148.2,200,ask,WavyWalnuts,YieldingYams,12646921
2026-07-08T20:11:17.884648,2026-07-08T20:11:17.895604+00:00,148.1,200,bid,WavyWalnuts,YieldingYams,12646928
2026-07-08T20:11:18.965441,2026-07-08T20:11:18.974987+00:00,148.0,20,ask,YieldingYams,BrilliantBurritos,12646949
2026-07-08T20:11:19.231498,2026-07-08T20:11:19.235471+00:00,148.1,26,ask,WavyWalnuts,Xuanyu Liu,12646955
2026-07-08T20:11:19.459173,2026-07-08T20:11:19.470886+00:00,148.2,20,bid,BrilliantBurritos,AverageAlmonds,12646958
2026-07-08T20:11:20.301401,2026-07-08T20:11:20.308646+00:00,148.2,200,bid,WavyWalnuts,YieldingYams,12646971
2026-07-08T20:11:23.707855,2026-07-08T20:11:23.717520+00:00,148.0,200,bid,YieldingYams,WavyWalnuts,12647024
2026-07-08T20:11:25.136094,2026-07-08T20:11:25.139880+00:00,148.1,200,bid,WavyWalnuts,AverageAlmonds,12647037
2026-07-08T20:11:25.509854,2026-07-08T20:11:25.514202+00:00,148.1,12,bid,Xuanyu Liu,AverageAlmonds,12647042
2026-07-08T20:11:26.328765,2026-07-08T20:11:26.337453+00:00,148.1,500,bid,YieldingYams,AverageAlmonds,12647053
2026-07-08T20:11:26.345405,2026-07-08T20:11:26.353592+00:00,148.1,125,ask,YieldingYams,WavyWalnuts,12647054
2026-07-08T20:11:26.563664,2026-07-08T20:11:26.575495+00:00,148.1,20,bid,BrilliantBurritos,WavyWalnuts,12647057
2026-07-08T20:11:27.652886,2026-07-08T20:11:27.656341+00:00,148.0,11,bid,Xuanyu Liu,YieldingYams,12647076
2026-07-08T20:11:28.764962,2026-07-08T20:11:28.774990+00:00,148.0,200,bid,WavyWalnuts,YieldingYams,12647086
2026-07-08T20:11:29.974750,2026-07-08T20:11:29.982510+00:00,148.0,200,bid,WavyWalnuts,AverageAlmonds,12647107
2026-07-08T20:11:31.736112,2026-07-08T20:11:31.747479+00:00,147.9,200,ask,WavyWalnuts,AverageAlmonds,12647124
2026-07-08T20:11:32.942765,2026-07-08T20:11:32.958592+00:00,147.8,200,ask,WavyWalnuts,AverageAlmonds,12647133
2026-07-08T20:11:37.451239,2026-07-08T20:11:37.455222+00:00,147.7,11,ask,WavyWalnuts,Xuanyu Liu,12647193
2026-07-08T20:11:39.645208,2026-07-08T20:11:39.658609+00:00,147.7,200,bid,WavyWalnuts,YieldingYams,12647229
2026-07-08T20:11:43.284647,2026-07-08T20:11:43.295631+00:00,147.5,200,ask,YieldingYams,WavyWalnuts,12647294
2026-07-08T20:11:45.751136,2026-07-08T20:11:45.758572+00:00,147.6,20,bid,BrilliantBurritos,YieldingYams,12647331
2026-07-08T20:11:47.337008,2026-07-08T20:11:47.344731+00:00,147.7,200,bid,YieldingYams,WavyWalnuts,12647354
2026-07-08T20:11:49.958838,2026-07-08T20:11:49.965336+00:00,147.8,200,bid,YieldingYams,WavyWalnuts,12647396
2026-07-08T20:11:50.865773,2026-07-08T20:11:50.869627+00:00,147.8,12,ask,YieldingYams,Xuanyu Liu,12647410
2026-07-08T20:11:54.183855,2026-07-08T20:11:54.192549+00:00,147.8,200,bid,WavyWalnuts,YieldingYams,12647454
2026-07-08T20:11:54.272568,2026-07-08T20:11:54.284183+00:00,147.8,20,bid,BrilliantBurritos,YieldingYams,12647456
2026-07-08T20:11:56.602896,2026-07-08T20:11:56.611662+00:00,147.8,200,bid,WavyWalnuts,YieldingYams,12647488
2026-07-08T20:11:58.366532,2026-07-08T20:11:58.374314+00:00,147.7,500,ask,YieldingYams,AverageAlmonds,12647512
2026-07-08T20:11:58.964181,2026-07-08T20:11:58.975081+00:00,147.7,125,ask,YieldingYams,AverageAlmonds,12647522
2026-07-08T20:12:01.119012,2026-07-08T20:12:01.130530+00:00,147.7,20,bid,BrilliantBurritos,WavyWalnuts,12647550
2026-07-08T20:12:02.020097,2026-07-08T20:12:02.031950+00:00,147.6,200,ask,WavyWalnuts,AverageAlmonds,12647567
2026-07-08T20:12:02.020097,2026-07-08T20:12:02.031950+00:00,147.6,300,ask,YieldingYams,AverageAlmonds,12647568
2026-07-08T20:12:04.406406,2026-07-08T20:12:04.417008+00:00,147.7,500,bid,YieldingYams,AverageAlmonds,12647612
2026-07-08T20:12:04.406406,2026-07-08T20:12:04.417008+00:00,147.8,125,bid,YieldingYams,WavyWalnuts,12647613
2026-07-08T20:12:05.080572,2026-07-08T20:12:05.088488+00:00,147.7,200,bid,WavyWalnuts,AverageAlmonds,12647621
2026-07-08T20:12:06.287712,2026-07-08T20:12:06.298636+00:00,147.6,200,bid,WavyWalnuts,YieldingYams,12647643
2026-07-08T20:12:08.338630,2026-07-08T20:12:08.348226+00:00,147.5,200,ask,WavyWalnuts,YieldingYams,12647671
2026-07-08T20:12:08.356246,2026-07-08T20:12:08.360071+00:00,147.5,12,bid,Xuanyu Liu,YieldingYams,12647674
2026-07-08T20:12:09.888211,2026-07-08T20:12:09.899466+00:00,147.4,200,ask,WavyWalnuts,AverageAlmonds,12647690
2026-07-08T20:12:09.888211,2026-07-08T20:12:09.899466+00:00,147.4,300,ask,YieldingYams,AverageAlmonds,12647691
2026-07-08T20:12:09.924033,2026-07-08T20:12:09.930931+00:00,147.5,20,bid,BrilliantBurritos,WavyWalnuts,12647694
2026-07-08T20:12:10.478894,2026-07-08T20:12:10.510504+00:00,147.4,325,ask,YieldingYams,AverageAlmonds,12647697
2026-07-08T20:12:10.506630,2026-07-08T20:12:10.526209+00:00,147.3,11,bid,Xuanyu Liu,AverageAlmonds,12647699
2026-07-08T20:12:11.126137,2026-07-08T20:12:11.134570+00:00,147.3,200,bid,WavyWalnuts,YieldingYams,12647709
2026-07-08T20:12:12.351924,2026-07-08T20:12:12.362967+00:00,147.3,200,ask,YieldingYams,WavyWalnuts,12647737
2026-07-08T20:12:13.003912,2026-07-08T20:12:13.007864+00:00,147.3,11,ask,YieldingYams,Xuanyu Liu,12647744
2026-07-08T20:12:13.564368,2026-07-08T20:12:13.574549+00:00,147.3,200,ask,YieldingYams,WavyWalnuts,12647747
2026-07-08T20:12:14.293503,2026-07-08T20:12:14.305424+00:00,147.4,20,bid,BrilliantBurritos,YieldingYams,12647763
2026-07-08T20:12:18.437457,2026-07-08T20:12:18.449037+00:00,147.3,20,ask,YieldingYams,BrilliantBurritos,12647828
2026-07-08T20:12:19.863116,2026-07-08T20:12:19.874621+00:00,147.3,20,ask,YieldingYams,BrilliantBurritos,12647842
2026-07-08T20:12:22.038897,2026-07-08T20:12:22.047670+00:00,147.4,200,bid,WavyWalnuts,YieldingYams,12647872
2026-07-08T20:12:22.378152,2026-07-08T20:12:22.389904+00:00,147.4,20,bid,BrilliantBurritos,YieldingYams,12647878
2026-07-08T20:12:24.455465,2026-07-08T20:12:24.458636+00:00,147.5,200,bid,WavyWalnuts,AverageAlmonds,12647900
2026-07-08T20:12:25.373501,2026-07-08T20:12:25.380161+00:00,147.5,500,bid,YieldingYams,AverageAlmonds,12647910
2026-07-08T20:12:25.599622,2026-07-08T20:12:25.604097+00:00,147.7,11,bid,Xuanyu Liu,YieldingYams,12647915
2026-07-08T20:12:25.649579,2026-07-08T20:12:25.653313+00:00,147.6,3,bid,Xuanyu Liu,AverageAlmonds,12647918
2026-07-08T20:12:26.233400,2026-07-08T20:12:26.242654+00:00,147.5,125,ask,YieldingYams,AverageAlmonds,12647931
2026-07-08T20:12:26.233400,2026-07-08T20:12:26.242654+00:00,147.4,200,ask,WavyWalnuts,AverageAlmonds,12647932
2026-07-08T20:12:26.704536,2026-07-08T20:12:26.708199+00:00,147.3,3,bid,Xuanyu Liu,YieldingYams,12647945
2026-07-08T20:12:26.877055,2026-07-08T20:12:26.885165+00:00,147.3,200,bid,WavyWalnuts,YieldingYams,12647947
2026-07-08T20:12:27.242681,2026-07-08T20:12:27.258812+00:00,147.3,20,bid,BrilliantBurritos,YieldingYams,12647951
2026-07-08T20:12:28.822571,2026-07-08T20:12:28.826781+00:00,147.3,3,ask,YieldingYams,Xuanyu Liu,12647973
2026-07-08T20:12:35.871714,2026-07-08T20:12:35.880436+00:00,147.2,200,ask,WavyWalnuts,YieldingYams,12648070
2026-07-08T20:12:37.201352,2026-07-08T20:12:37.205218+00:00,147.0,3,bid,Xuanyu Liu,YieldingYams,12648097
2026-07-08T20:12:37.558352,2026-07-08T20:12:37.569797+00:00,146.8,20,ask,WavyWalnuts,BrilliantBurritos,12648099
2026-07-08T20:12:39.803167,2026-07-08T20:12:39.813576+00:00,147.1,200,bid,YieldingYams,WavyWalnuts,12648128
2026-07-08T20:12:42.608116,2026-07-08T20:12:42.616341+00:00,147.0,200,bid,WavyWalnuts,YieldingYams,12648168
2026-07-08T20:12:44.020892,2026-07-08T20:12:44.064982+00:00,147.0,20,bid,BrilliantBurritos,YieldingYams,12648185
2026-07-08T20:12:48.695106,2026-07-08T20:12:48.706069+00:00,147.0,200,ask,YieldingYams,WavyWalnuts,12648270
2026-07-08T20:12:50.978149,2026-07-08T20:12:50.982299+00:00,146.8,3,ask,WavyWalnuts,Xuanyu Liu,12648308
2026-07-08T20:12:54.041484,2026-07-08T20:12:54.053205+00:00,146.8,20,ask,YieldingYams,BrilliantBurritos,12648352
2026-07-08T20:12:55.564725,2026-07-08T20:12:55.574154+00:00,146.9,200,ask,WavyWalnuts,YieldingYams,12648368
2026-07-08T20:12:56.875637,2026-07-08T20:12:56.894374+00:00,146.9,200,bid,YieldingYams,WavyWalnuts,12648385
2026-07-08T20:12:57.094788,2026-07-08T20:12:57.106362+00:00,147.1,20,bid,BrilliantBurritos,YieldingYams,12648391
2026-07-08T20:12:58.374983,2026-07-08T20:12:58.383363+00:00,147.0,200,bid,WavyWalnuts,YieldingYams,12648408
2026-07-08T20:12:59.150420,2026-07-08T20:12:59.163776+00:00,147.0,20,bid,BrilliantBurritos,YieldingYams,12648416
2026-07-08T20:13:00.804954,2026-07-08T20:13:00.811539+00:00,147.0,200,bid,WavyWalnuts,YieldingYams,12648433
2026-07-08T20:13:04.445726,2026-07-08T20:13:04.458597+00:00,146.9,200,ask,YieldingYams,WavyWalnuts,12648480
2026-07-08T20:13:04.650923,2026-07-08T20:13:04.658570+00:00,147.1,20,bid,BrilliantBurritos,YieldingYams,12648482
2026-07-08T20:13:06.075851,2026-07-08T20:13:06.082343+00:00,147.0,200,bid,YieldingYams,WavyWalnuts,12648510
2026-07-08T20:13:08.067573,2026-07-08T20:13:08.075302+00:00,147.0,200,ask,AverageAlmonds,WavyWalnuts,12648540
2026-07-08T20:13:08.630777,2026-07-08T20:13:08.638165+00:00,147.1,500,bid,AverageAlmonds,YieldingYams,12648548
2026-07-08T20:13:08.716270,2026-07-08T20:13:08.720014+00:00,147.2,9,ask,YieldingYams,Xuanyu Liu,12648555
2026-07-08T20:13:09.279521,2026-07-08T20:13:09.296081+00:00,147.2,200,ask,YieldingYams,WavyWalnuts,12648562
2026-07-08T20:13:09.942902,2026-07-08T20:13:09.947669+00:00,147.4,9,bid,Xuanyu Liu,YieldingYams,12648576
2026-07-08T20:13:10.485554,2026-07-08T20:13:10.493832+00:00,147.2,200,ask,YieldingYams,WavyWalnuts,12648579
2026-07-08T20:13:11.707944,2026-07-08T20:13:11.711445+00:00,147.1,3,bid,Xuanyu Liu,WavyWalnuts,12648595
2026-07-08T20:13:12.251821,2026-07-08T20:13:12.258549+00:00,147.1,197,bid,AverageAlmonds,WavyWalnuts,12648610
2026-07-08T20:13:12.404391,2026-07-08T20:13:12.408746+00:00,147.1,3,ask,AverageAlmonds,Xuanyu Liu,12648614
2026-07-08T20:13:18.901159,2026-07-08T20:13:18.936243+00:00,147.2,125,bid,AverageAlmonds,YieldingYams,12648698
2026-07-08T20:13:18.931308,2026-07-08T20:13:18.936243+00:00,147.2,3,ask,AverageAlmonds,Xuanyu Liu,12648702
2026-07-08T20:13:21.390996,2026-07-08T20:13:21.400497+00:00,147.2,200,ask,YieldingYams,WavyWalnuts,12648732
2026-07-08T20:13:22.603651,2026-07-08T20:13:22.610435+00:00,147.1,200,ask,AverageAlmonds,WavyWalnuts,12648741
2026-07-08T20:13:23.787040,2026-07-08T20:13:23.790709+00:00,147.2,11,ask,AverageAlmonds,Xuanyu Liu,12648753
2026-07-08T20:13:23.814815,2026-07-08T20:13:23.821818+00:00,147.2,200,ask,AverageAlmonds,WavyWalnuts,12648756
2026-07-08T20:13:24.460797,2026-07-08T20:13:24.464550+00:00,147.3,12,ask,YieldingYams,Xuanyu Liu,12648762
2026-07-08T20:13:25.763962,2026-07-08T20:13:25.768284+00:00,147.4,23,bid,Xuanyu Liu,WavyWalnuts,12648773
2026-07-08T20:13:26.242510,2026-07-08T20:13:26.253252+00:00,147.3,200,ask,YieldingYams,WavyWalnuts,12648779
2026-07-08T20:13:28.700902,2026-07-08T20:13:28.704623+00:00,147.3,3,bid,Xuanyu Liu,WavyWalnuts,12648811
2026-07-08T20:13:31.128270,2026-07-08T20:13:31.131996+00:00,147.3,3,ask,WavyWalnuts,Xuanyu Liu,12648840
2026-07-08T20:13:32.328518,2026-07-08T20:13:32.336765+00:00,147.5,200,bid,WavyWalnuts,YieldingYams,12648852
2026-07-08T20:13:33.539768,2026-07-08T20:13:33.547266+00:00,147.5,200,bid,WavyWalnuts,YieldingYams,12648865
2026-07-08T20:13:33.636778,2026-07-08T20:13:33.640420+00:00,147.6,11,ask,YieldingYams,Xuanyu Liu,12648867
2026-07-08T20:13:36.246919,2026-07-08T20:13:36.272095+00:00,147.5,200,ask,WavyWalnuts,YieldingYams,12648895
2026-07-08T20:13:36.268171,2026-07-08T20:13:36.272095+00:00,147.5,11,bid,Xuanyu Liu,YieldingYams,12648897
2026-07-08T20:13:38.278044,2026-07-08T20:13:38.289708+00:00,147.6,20,bid,BrilliantBurritos,WavyWalnuts,12648924
2026-07-08T20:13:40.182009,2026-07-08T20:13:40.190065+00:00,147.5,200,bid,YieldingYams,WavyWalnuts,12648954
2026-07-08T20:13:41.496824,2026-07-08T20:13:41.505035+00:00,147.5,200,ask,WavyWalnuts,YieldingYams,12648969
2026-07-08T20:13:42.806064,2026-07-08T20:13:42.813380+00:00,147.5,200,bid,YieldingYams,WavyWalnuts,12648983
2026-07-08T20:13:48.055033,2026-07-08T20:13:48.063228+00:00,147.5,200,ask,WavyWalnuts,YieldingYams,12649050
2026-07-08T20:13:48.102175,2026-07-08T20:13:48.112741+00:00,147.5,200,bid,WavyWalnuts,YieldingYams,12649053
2026-07-08T20:13:49.313300,2026-07-08T20:13:49.321090+00:00,147.5,200,bid,WavyWalnuts,YieldingYams,12649071
2026-07-08T20:13:49.862147,2026-07-08T20:13:49.869588+00:00,147.7,20,bid,BrilliantBurritos,WavyWalnuts,12649084
2026-07-08T20:13:50.524876,2026-07-08T20:13:50.536619+00:00,147.5,200,ask,YieldingYams,WavyWalnuts,12649092
2026-07-08T20:13:51.765354,2026-07-08T20:13:51.769429+00:00,147.5,3,bid,Xuanyu Liu,WavyWalnuts,12649110
2026-07-08T20:13:54.618594,2026-07-08T20:13:54.625690+00:00,147.2,500,ask,AverageAlmonds,YieldingYams,12649151
2026-07-08T20:13:54.650808,2026-07-08T20:13:54.658915+00:00,147.2,125,bid,AverageAlmonds,YieldingYams,12649152
2026-07-08T20:13:55.274136,2026-07-08T20:13:55.282882+00:00,147.2,20,ask,AverageAlmonds,BrilliantBurritos,12649157
2026-07-08T20:13:55.364110,2026-07-08T20:13:55.375345+00:00,147.2,200,ask,AverageAlmonds,WavyWalnuts,12649159
2026-07-08T20:13:56.510745,2026-07-08T20:13:56.514358+00:00,147.3,3,ask,AverageAlmonds,Xuanyu Liu,12649181
2026-07-08T20:13:56.572633,2026-07-08T20:13:56.582432+00:00,147.3,200,ask,AverageAlmonds,WavyWalnuts,12649184
2026-07-08T20:13:57.238478,2026-07-08T20:13:57.245987+00:00,147.3,500,ask,AverageAlmonds,YieldingYams,12649196
2026-07-08T20:13:57.690907,2026-07-08T20:13:57.699510+00:00,147.3,125,bid,AverageAlmonds,YieldingYams,12649200
2026-07-08T20:13:57.715896,2026-07-08T20:13:57.719726+00:00,147.3,11,ask,AverageAlmonds,Xuanyu Liu,12649202
2026-07-08T20:13:58.300968,2026-07-08T20:13:58.308337+00:00,147.4,200,bid,AverageAlmonds,WavyWalnuts,12649208
2026-07-08T20:13:58.326139,2026-07-08T20:13:58.329742+00:00,147.4,12,ask,AverageAlmonds,Xuanyu Liu,12649210
2026-07-08T20:13:59.855745,2026-07-08T20:13:59.865046+00:00,147.5,200,bid,YieldingYams,WavyWalnuts,12649234
2026-07-08T20:14:00.563105,2026-07-08T20:14:00.567479+00:00,147.6,12,bid,Xuanyu Liu,WavyWalnuts,12649241
2026-07-08T20:14:01.411286,2026-07-08T20:14:01.422540+00:00,147.6,200,bid,WavyWalnuts,YieldingYams,12649258
2026-07-08T20:14:02.623653,2026-07-08T20:14:02.632579+00:00,147.5,200,ask,YieldingYams,WavyWalnuts,12649276
2026-07-08T20:14:05.050015,2026-07-08T20:14:05.055630+00:00,147.5,200,ask,YieldingYams,WavyWalnuts,12649309
2026-07-08T20:14:06.257612,2026-07-08T20:14:06.269224+00:00,147.6,200,ask,YieldingYams,WavyWalnuts,12649331
2026-07-08T20:14:07.464980,2026-07-08T20:14:07.474377+00:00,147.7,200,ask,YieldingYams,WavyWalnuts,12649351
2026-07-08T20:14:09.364176,2026-07-08T20:14:09.368034+00:00,147.5,12,ask,WavyWalnuts,Xuanyu Liu,12649376
2026-07-08T20:14:13.287071,2026-07-08T20:14:13.290930+00:00,147.6,11,ask,YieldingYams,Xuanyu Liu,12649415
2026-07-08T20:14:14.291721,2026-07-08T20:14:14.298271+00:00,147.7,200,bid,YieldingYams,WavyWalnuts,12649428
2026-07-08T20:14:14.309270,2026-07-08T20:14:14.313058+00:00,147.8,23,ask,YieldingYams,Xuanyu Liu,12649430
2026-07-08T20:14:14.721671,2026-07-08T20:14:14.731812+00:00,147.8,200,ask,YieldingYams,WavyWalnuts,12649442
2026-07-08T20:14:16.780480,2026-07-08T20:14:16.791962+00:00,147.7,20,ask,YieldingYams,BrilliantBurritos,12649471
2026-07-08T20:14:18.231658,2026-07-08T20:14:18.241935+00:00,147.8,200,ask,WavyWalnuts,YieldingYams,12649493
2026-07-08T20:14:19.542289,2026-07-08T20:14:19.549220+00:00,147.8,200,bid,YieldingYams,WavyWalnuts,12649512
2026-07-08T20:14:19.564624,2026-07-08T20:14:19.575087+00:00,147.8,200,ask,YieldingYams,WavyWalnuts,12649515
2026-07-08T20:14:21.573452,2026-07-08T20:14:21.584397+00:00,147.8,20,bid,BrilliantBurritos,YieldingYams,12649538
2026-07-08T20:14:22.772174,2026-07-08T20:14:22.779953+00:00,147.7,20,ask,YieldingYams,BrilliantBurritos,12649550
2026-07-08T20:14:23.419825,2026-07-08T20:14:23.431659+00:00,147.8,20,bid,BrilliantBurritos,WavyWalnuts,12649559
2026-07-08T20:14:24.175819,2026-07-08T20:14:24.184766+00:00,147.7,20,ask,YieldingYams,BrilliantBurritos,12649569
2026-07-08T20:14:24.410394,2026-07-08T20:14:24.418728+00:00,147.7,200,ask,YieldingYams,WavyWalnuts,12649579
2026-07-08T20:14:24.934128,2026-07-08T20:14:24.944182+00:00,147.8,500,bid,AverageAlmonds,YieldingYams,12649588
2026-07-08T20:14:24.951224,2026-07-08T20:14:24.958580+00:00,147.5,20,ask,YieldingYams,BrilliantBurritos,12649589
2026-07-08T20:14:26.098180,2026-07-08T20:14:26.109586+00:00,147.8,200,bid,YieldingYams,WavyWalnuts,12649604
2026-07-08T20:14:29.059565,2026-07-08T20:14:29.063997+00:00,148.0,11,bid,Xuanyu Liu,WavyWalnuts,12649642
2026-07-08T20:14:29.241513,2026-07-08T20:14:29.251662+00:00,147.9,200,ask,YieldingYams,WavyWalnuts,12649645
2026-07-08T20:14:31.002964,2026-07-08T20:14:31.017862+00:00,147.8,20,ask,YieldingYams,BrilliantBurritos,12649661
2026-07-08T20:14:35.388310,2026-07-08T20:14:35.391928+00:00,148.2,23,bid,Xuanyu Liu,WavyWalnuts,12649725
2026-07-08T20:14:36.841855,2026-07-08T20:14:36.858602+00:00,148.1,20,ask,WavyWalnuts,BrilliantBurritos,12649744
2026-07-08T20:14:38.640754,2026-07-08T20:14:38.649545+00:00,148.3,20,bid,BrilliantBurritos,WavyWalnuts,12649780
2026-07-08T20:14:38.923759,2026-07-08T20:14:38.931265+00:00,148.3,200,bid,WavyWalnuts,YieldingYams,12649783
2026-07-08T20:14:41.002197,2026-07-08T20:14:41.006249+00:00,148.3,12,bid,Xuanyu Liu,WavyWalnuts,12649823
2026-07-08T20:14:42.184899,2026-07-08T20:14:42.195610+00:00,148.1,20,ask,WavyWalnuts,BrilliantBurritos,12649839
2026-07-08T20:14:42.822229,2026-07-08T20:14:42.833938+00:00,148.4,20,bid,BrilliantBurritos,YieldingYams,12649854
2026-07-08T20:14:43.176609,2026-07-08T20:14:43.194421+00:00,148.2,200,ask,WavyWalnuts,YieldingYams,12649858
2026-07-08T20:14:43.190799,2026-07-08T20:14:43.194421+00:00,148.2,11,bid,Xuanyu Liu,YieldingYams,12649861
2026-07-08T20:14:44.488652,2026-07-08T20:14:44.497430+00:00,148.2,200,bid,YieldingYams,WavyWalnuts,12649880
2026-07-08T20:14:44.972352,2026-07-08T20:14:44.985341+00:00,148.3,200,ask,YieldingYams,WavyWalnuts,12649888
2026-07-08T20:14:49.859213,2026-07-08T20:14:49.869312+00:00,148.1,200,ask,YieldingYams,WavyWalnuts,12649958
2026-07-08T20:14:53.490876,2026-07-08T20:14:53.500626+00:00,148.1,200,ask,YieldingYams,WavyWalnuts,12650006
2026-07-08T20:14:57.469346,2026-07-08T20:14:57.480992+00:00,148.0,20,ask,YieldingYams,BrilliantBurritos,12650060
2026-07-08T20:14:57.647557,2026-07-08T20:14:57.656158+00:00,148.1,200,bid,AverageAlmonds,WavyWalnuts,12650061
2026-07-08T20:15:00.210447,2026-07-08T20:15:00.218602+00:00,148.1,500,ask,AverageAlmonds,YieldingYams,12650096
2026-07-08T20:15:00.754676,2026-07-08T20:15:00.764187+00:00,148.1,125,bid,WavyWalnuts,YieldingYams,12650103
2026-07-08T20:15:02.853095,2026-07-08T20:15:02.864219+00:00,148.2,200,bid,YieldingYams,WavyWalnuts,12650135
2026-07-08T20:15:03.917874,2026-07-08T20:15:03.922242+00:00,148.4,3,bid,Xuanyu Liu,YieldingYams,12650151
2026-07-08T20:15:04.402228,2026-07-08T20:15:04.408570+00:00,148.3,200,bid,WavyWalnuts,YieldingYams,12650159
2026-07-08T20:15:05.610691,2026-07-08T20:15:05.621656+00:00,148.4,200,bid,WavyWalnuts,YieldingYams,12650178
2026-07-08T20:15:09.407229,2026-07-08T20:15:09.416598+00:00,148.5,200,bid,YieldingYams,WavyWalnuts,12650227
2026-07-08T20:15:10.453958,2026-07-08T20:15:10.463652+00:00,148.5,200,ask,YieldingYams,WavyWalnuts,12650241
2026-07-08T20:15:12.032205,2026-07-08T20:15:12.051883+00:00,148.5,200,ask,WavyWalnuts,YieldingYams,12650262
2026-07-08T20:15:12.048330,2026-07-08T20:15:12.051883+00:00,148.5,3,bid,Xuanyu Liu,YieldingYams,12650264
2026-07-08T20:15:12.396466,2026-07-08T20:15:12.408242+00:00,148.3,20,ask,YieldingYams,BrilliantBurritos,12650268
2026-07-08T20:15:12.867502,2026-07-08T20:15:12.878981+00:00,148.5,200,bid,WavyWalnuts,YieldingYams,12650272
2026-07-08T20:15:13.405805,2026-07-08T20:15:13.409435+00:00,148.5,3,ask,YieldingYams,Xuanyu Liu,12650280
2026-07-08T20:15:14.076201,2026-07-08T20:15:14.085460+00:00,148.5,200,ask,YieldingYams,WavyWalnuts,12650284
2026-07-08T20:15:15.966766,2026-07-08T20:15:15.978308+00:00,148.5,200,bid,YieldingYams,WavyWalnuts,12650317
2026-07-08T20:15:16.493367,2026-07-08T20:15:16.501007+00:00,148.5,200,ask,YieldingYams,WavyWalnuts,12650322
2026-07-08T20:15:17.704952,2026-07-08T20:15:17.715935+00:00,148.4,200,bid,WavyWalnuts,YieldingYams,12650339
2026-07-08T20:15:18.924679,2026-07-08T20:15:18.932126+00:00,148.5,200,ask,YieldingYams,WavyWalnuts,12650361
2026-07-08T20:15:22.555560,2026-07-08T20:15:22.565226+00:00,148.6,200,bid,WavyWalnuts,YieldingYams,12650410
2026-07-08T20:15:23.766859,2026-07-08T20:15:23.774184+00:00,148.6,200,bid,WavyWalnuts,YieldingYams,12650423
2026-07-08T20:15:26.738128,2026-07-08T20:15:26.758638+00:00,148.9,20,bid,BrilliantBurritos,WavyWalnuts,12650457
2026-07-08T20:15:27.402093,2026-07-08T20:15:27.408925+00:00,148.9,200,bid,WavyWalnuts,YieldingYams,12650469
2026-07-08T20:15:30.400118,2026-07-08T20:15:30.411148+00:00,148.9,200,bid,YieldingYams,WavyWalnuts,12650500
2026-07-08T20:15:34.675281,2026-07-08T20:15:34.685353+00:00,148.9,200,bid,WavyWalnuts,YieldingYams,12650550
2026-07-08T20:15:39.440905,2026-07-08T20:15:39.449698+00:00,148.9,500,bid,AverageAlmonds,YieldingYams,12650613
2026-07-08T20:15:41.943293,2026-07-08T20:15:41.953903+00:00,149.2,20,bid,BrilliantBurritos,YieldingYams,12650647
2026-07-08T20:15:42.251071,2026-07-08T20:15:42.258596+00:00,149.1,20,ask,YieldingYams,BrilliantBurritos,12650652
2026-07-08T20:15:42.757168,2026-07-08T20:15:42.763604+00:00,149.2,20,bid,BrilliantBurritos,WavyWalnuts,12650658
2026-07-08T20:15:45.566925,2026-07-08T20:15:45.574439+00:00,149.1,200,ask,YieldingYams,WavyWalnuts,12650689
2026-07-08T20:15:47.985235,2026-07-08T20:15:47.996138+00:00,149.2,200,bid,WavyWalnuts,YieldingYams,12650716
2026-07-08T20:15:48.248168,2026-07-08T20:15:48.264017+00:00,149.2,20,bid,BrilliantBurritos,YieldingYams,12650723
2026-07-08T20:15:50.404782,2026-07-08T20:15:50.415581+00:00,149.2,200,ask,YieldingYams,WavyWalnuts,12650745
2026-07-08T20:15:51.996359,2026-07-08T20:15:52.008098+00:00,149.2,20,ask,WavyWalnuts,BrilliantBurritos,12650761
2026-07-08T20:15:54.015007,2026-07-08T20:15:54.022961+00:00,149.3,200,ask,WavyWalnuts,YieldingYams,12650782
2026-07-08T20:15:54.033181,2026-07-08T20:15:54.043990+00:00,149.2,200,bid,WavyWalnuts,YieldingYams,12650785
2026-07-08T20:15:55.240875,2026-07-08T20:15:55.252298+00:00,149.2,200,bid,WavyWalnuts,YieldingYams,12650801
2026-07-08T20:15:55.324609,2026-07-08T20:15:55.333191+00:00,149.4,200,bid,YieldingYams,WavyWalnuts,12650803
2026-07-08T20:15:55.324609,2026-07-08T20:15:55.333191+00:00,149.5,425,bid,YieldingYams,AverageAlmonds,12650804
2026-07-08T20:15:58.200792,2026-07-08T20:15:58.212032+00:00,149.3,200,ask,WavyWalnuts,AverageAlmonds,12650834
2026-07-08T20:15:58.866524,2026-07-08T20:15:58.876448+00:00,149.3,200,bid,WavyWalnuts,AverageAlmonds,12650850
2026-07-08T20:16:00.574502,2026-07-08T20:16:00.585206+00:00,149.3,500,bid,YieldingYams,AverageAlmonds,12650873
2026-07-08T20:16:00.603796,2026-07-08T20:16:00.611176+00:00,149.3,125,ask,YieldingYams,AverageAlmonds,12650875
2026-07-08T20:16:02.500441,2026-07-08T20:16:02.508486+00:00,149.2,200,bid,WavyWalnuts,YieldingYams,12650898
2026-07-08T20:16:03.202238,2026-07-08T20:16:03.214571+00:00,148.9,20,ask,YieldingYams,BrilliantBurritos,12650907
2026-07-08T20:16:03.522885,2026-07-08T20:16:03.534827+00:00,149.2,20,bid,BrilliantBurritos,YieldingYams,12650909
2026-07-08T20:16:03.710650,2026-07-08T20:16:03.722243+00:00,149.2,200,bid,WavyWalnuts,YieldingYams,12650916
2026-07-08T20:16:04.920346,2026-07-08T20:16:04.927471+00:00,149.2,200,bid,WavyWalnuts,AverageAlmonds,12650942
2026-07-08T20:16:07.941510,2026-07-08T20:16:07.953328+00:00,149.2,20,ask,YieldingYams,BrilliantBurritos,12651000
2026-07-08T20:16:12.187786,2026-07-08T20:16:12.194661+00:00,149.2,200,ask,YieldingYams,WavyWalnuts,12651051
2026-07-08T20:16:12.826964,2026-07-08T20:16:12.838954+00:00,149.5,20,bid,BrilliantBurritos,YieldingYams,12651062
2026-07-08T20:16:17.683719,2026-07-08T20:16:17.690324+00:00,149.4,200,bid,YieldingYams,WavyWalnuts,12651136
2026-07-08T20:16:18.226926,2026-07-08T20:16:18.235196+00:00,149.4,200,ask,YieldingYams,WavyWalnuts,12651141
2026-07-08T20:16:19.777268,2026-07-08T20:16:19.781599+00:00,149.4,3,bid,Xuanyu Liu,YieldingYams,12651161
2026-07-08T20:16:20.648416,2026-07-08T20:16:20.658636+00:00,149.4,200,bid,WavyWalnuts,YieldingYams,12651185
2026-07-08T20:16:21.382191,2026-07-08T20:16:21.393727+00:00,149.2,20,ask,YieldingYams,BrilliantBurritos,12651200
2026-07-08T20:16:22.933151,2026-07-08T20:16:22.941807+00:00,149.3,200,ask,WavyWalnuts,YieldingYams,12651217
2026-07-08T20:16:23.067198,2026-07-08T20:16:23.075343+00:00,149.3,200,bid,WavyWalnuts,YieldingYams,12651219
2026-07-08T20:16:28.063095,2026-07-08T20:16:28.074504+00:00,149.4,20,bid,BrilliantBurritos,WavyWalnuts,12651278
2026-07-08T20:16:28.188389,2026-07-08T20:16:28.192038+00:00,149.3,3,ask,YieldingYams,Xuanyu Liu,12651281
2026-07-08T20:16:37.600956,2026-07-08T20:16:37.611616+00:00,149.2,200,ask,YieldingYams,WavyWalnuts,12651397
2026-07-08T20:16:38.859567,2026-07-08T20:16:38.871065+00:00,149.3,20,bid,BrilliantBurritos,WavyWalnuts,12651413
2026-07-08T20:16:41.311004,2026-07-08T20:16:41.314396+00:00,149.4,14,ask,YieldingYams,Xuanyu Liu,12651449
2026-07-08T20:16:43.660890,2026-07-08T20:16:43.668921+00:00,149.4,200,ask,YieldingYams,WavyWalnuts,12651482
2026-07-08T20:16:44.870130,2026-07-08T20:16:44.880461+00:00,149.4,200,ask,YieldingYams,WavyWalnuts,12651504
2026-07-08T20:16:45.265433,2026-07-08T20:16:45.270436+00:00,149.4,11,bid,Xuanyu Liu,YieldingYams,12651514
2026-07-08T20:16:46.091876,2026-07-08T20:16:46.095778+00:00,149.2,3,bid,Xuanyu Liu,WavyWalnuts,12651526
2026-07-08T20:16:46.613218,2026-07-08T20:16:46.620804+00:00,149.2,197,bid,AverageAlmonds,WavyWalnuts,12651537
2026-07-08T20:16:46.613218,2026-07-08T20:16:46.625821+00:00,149.3,303,bid,AverageAlmonds,YieldingYams,12651538
2026-07-08T20:16:47.209891,2026-07-08T20:16:47.218112+00:00,149.3,322,bid,AverageAlmonds,YieldingYams,12651543
2026-07-08T20:16:47.286384,2026-07-08T20:16:47.295153+00:00,149.3,178,ask,AverageAlmonds,WavyWalnuts,12651544
2026-07-08T20:16:47.864399,2026-07-08T20:16:47.874953+00:00,149.3,22,bid,YieldingYams,WavyWalnuts,12651554
2026-07-08T20:16:49.177087,2026-07-08T20:16:49.183800+00:00,149.5,200,bid,YieldingYams,WavyWalnuts,12651577
2026-07-08T20:16:49.709045,2026-07-08T20:16:49.718425+00:00,149.5,200,ask,YieldingYams,WavyWalnuts,12651582
2026-07-08T20:16:51.339394,2026-07-08T20:16:51.351242+00:00,149.4,20,ask,YieldingYams,BrilliantBurritos,12651605
2026-07-08T20:17:00.630618,2026-07-08T20:17:00.640363+00:00,149.4,200,bid,WavyWalnuts,YieldingYams,12651718
2026-07-08T20:17:04.926596,2026-07-08T20:17:04.933005+00:00,149.2,200,ask,WavyWalnuts,YieldingYams,12651781
2026-07-08T20:17:06.678493,2026-07-08T20:17:06.688296+00:00,149.1,200,ask,YieldingYams,WavyWalnuts,12651794
2026-07-08T20:17:07.115810,2026-07-08T20:17:07.127477+00:00,149.1,20,ask,YieldingYams,BrilliantBurritos,12651802
2026-07-08T20:17:07.888918,2026-07-08T20:17:07.895977+00:00,149.1,200,ask,YieldingYams,WavyWalnuts,12651807
2026-07-08T20:17:10.328149,2026-07-08T20:17:10.331947+00:00,149.2,3,ask,WavyWalnuts,Xuanyu Liu,12651847
2026-07-08T20:17:11.526231,2026-07-08T20:17:11.534703+00:00,149.3,200,bid,WavyWalnuts,YieldingYams,12651864
2026-07-08T20:17:12.737026,2026-07-08T20:17:12.743920+00:00,149.3,200,bid,WavyWalnuts,YieldingYams,12651883
2026-07-08T20:17:14.015974,2026-07-08T20:17:14.027646+00:00,149.4,20,bid,BrilliantBurritos,YieldingYams,12651896
2026-07-08T20:17:15.945322,2026-07-08T20:17:15.949610+00:00,149.4,3,bid,Xuanyu Liu,YieldingYams,12651909
2026-07-08T20:17:20.667628,2026-07-08T20:17:20.674654+00:00,149.4,200,bid,YieldingYams,WavyWalnuts,12651978
2026-07-08T20:17:21.220897,2026-07-08T20:17:21.229266+00:00,149.4,200,ask,YieldingYams,WavyWalnuts,12651986
2026-07-08T20:17:21.807361,2026-07-08T20:17:21.819151+00:00,149.4,20,ask,YieldingYams,BrilliantBurritos,12651994
2026-07-08T20:17:25.763953,2026-07-08T20:17:25.773061+00:00,149.5,20,bid,BrilliantBurritos,YieldingYams,12652049
2026-07-08T20:17:25.922193,2026-07-08T20:17:25.933197+00:00,149.4,200,ask,WavyWalnuts,YieldingYams,12652052
2026-07-08T20:17:26.062594,2026-07-08T20:17:26.069177+00:00,149.3,200,bid,WavyWalnuts,YieldingYams,12652058
2026-07-08T20:17:27.246312,2026-07-08T20:17:27.249983+00:00,149.3,14,ask,YieldingYams,Xuanyu Liu,12652080
2026-07-08T20:17:28.562478,2026-07-08T20:17:28.566487+00:00,149.4,12,ask,YieldingYams,Xuanyu Liu,12652101
2026-07-08T20:17:29.491284,2026-07-08T20:17:29.495109+00:00,149.5,26,bid,Xuanyu Liu,WavyWalnuts,12652118
2026-07-08T20:17:33.322392,2026-07-08T20:17:33.332419+00:00,149.6,200,bid,WavyWalnuts,YieldingYams,12652173
2026-07-08T20:17:33.805636,2026-07-08T20:17:33.808961+00:00,149.5,3,ask,YieldingYams,Xuanyu Liu,12652179
2026-07-08T20:17:34.482242,2026-07-08T20:17:34.495882+00:00,149.8,20,bid,BrilliantBurritos,YieldingYams,12652189
2026-07-08T20:17:37.025112,2026-07-08T20:17:37.036719+00:00,149.5,20,ask,YieldingYams,BrilliantBurritos,12652224
2026-07-08T20:17:37.754317,2026-07-08T20:17:37.758342+00:00,149.6,3,bid,Xuanyu Liu,YieldingYams,12652243
2026-07-08T20:17:39.511042,2026-07-08T20:17:39.522742+00:00,149.5,20,ask,WavyWalnuts,BrilliantBurritos,12652261
2026-07-08T20:17:40.367847,2026-07-08T20:17:40.379174+00:00,149.5,180,ask,WavyWalnuts,YieldingYams,12652268
2026-07-08T20:17:42.579981,2026-07-08T20:17:42.591562+00:00,149.5,20,bid,BrilliantBurritos,WavyWalnuts,12652303
2026-07-08T20:17:44.242568,2026-07-08T20:17:44.246396+00:00,149.4,3,ask,WavyWalnuts,Xuanyu Liu,12652328
2026-07-08T20:17:44.548890,2026-07-08T20:17:44.553038+00:00,149.4,11,ask,WavyWalnuts,Xuanyu Liu,12652333
2026-07-08T20:17:46.928505,2026-07-08T20:17:46.935693+00:00,149.5,200,bid,YieldingYams,WavyWalnuts,12652358
2026-07-08T20:17:46.947116,2026-07-08T20:17:46.951031+00:00,149.5,12,ask,YieldingYams,Xuanyu Liu,12652360
2026-07-08T20:17:47.882492,2026-07-08T20:17:47.891006+00:00,149.5,200,ask,YieldingYams,WavyWalnuts,12652385
2026-07-08T20:17:48.257940,2026-07-08T20:17:48.261924+00:00,149.4,12,bid,Xuanyu Liu,YieldingYams,12652389
2026-07-08T20:17:49.309517,2026-07-08T20:17:49.321118+00:00,149.4,20,bid,BrilliantBurritos,YieldingYams,12652406
2026-07-08T20:17:52.179944,2026-07-08T20:17:52.186891+00:00,149.3,200,ask,WavyWalnuts,YieldingYams,12652443
2026-07-08T20:17:52.754615,2026-07-08T20:17:52.758358+00:00,149.2,11,bid,Xuanyu Liu,WavyWalnuts,12652449
2026-07-08T20:17:53.490070,2026-07-08T20:17:53.501379+00:00,149.2,189,bid,YieldingYams,WavyWalnuts,12652465
2026-07-08T20:17:55.164686,2026-07-08T20:17:55.174436+00:00,149.3,200,bid,WavyWalnuts,YieldingYams,12652488
2026-07-08T20:17:56.741623,2026-07-08T20:17:56.758584+00:00,149.2,20,ask,WavyWalnuts,BrilliantBurritos,12652507
2026-07-08T20:17:57.429384,2026-07-08T20:17:57.437625+00:00,149.2,180,ask,WavyWalnuts,YieldingYams,12652517
2026-07-08T20:17:58.801807,2026-07-08T20:17:58.811002+00:00,149.0,200,ask,AverageAlmonds,WavyWalnuts,12652542
2026-07-08T20:18:01.190287,2026-07-08T20:18:01.194660+00:00,148.9,11,ask,AverageAlmonds,Xuanyu Liu,12652567
2026-07-08T20:18:01.702476,2026-07-08T20:18:01.710056+00:00,149.0,200,bid,AverageAlmonds,WavyWalnuts,12652573
2026-07-08T20:18:01.724312,2026-07-08T20:18:01.728169+00:00,149.0,12,ask,AverageAlmonds,Xuanyu Liu,12652576
2026-07-08T20:18:04.848530,2026-07-08T20:18:04.853126+00:00,149.0,200,ask,YieldingYams,WavyWalnuts,12652624
2026-07-08T20:18:07.167423,2026-07-08T20:18:07.174872+00:00,148.8,20,ask,WavyWalnuts,BrilliantBurritos,12652652
2026-07-08T20:18:07.509484,2026-07-08T20:18:07.514484+00:00,148.8,11,ask,YieldingYams,Xuanyu Liu,12652660
2026-07-08T20:18:08.386640,2026-07-08T20:18:08.390790+00:00,148.9,12,ask,AverageAlmonds,Xuanyu Liu,12652666
2026-07-08T20:18:08.964127,2026-07-08T20:18:08.974033+00:00,149.0,500,bid,AverageAlmonds,YieldingYams,12652669
2026-07-08T20:18:09.238435,2026-07-08T20:18:09.246599+00:00,149.0,200,bid,YieldingYams,WavyWalnuts,12652672
2026-07-08T20:18:09.254760,2026-07-08T20:18:09.258501+00:00,149.0,11,ask,YieldingYams,Xuanyu Liu,12652676
2026-07-08T20:18:09.580063,2026-07-08T20:18:09.583854+00:00,149.1,11,ask,AverageAlmonds,Xuanyu Liu,12652680
2026-07-08T20:18:09.691055,2026-07-08T20:18:09.700075+00:00,149.1,200,ask,AverageAlmonds,WavyWalnuts,12652683
2026-07-08T20:18:10.557642,2026-07-08T20:18:10.564449+00:00,149.1,500,ask,AverageAlmonds,YieldingYams,12652698
2026-07-08T20:18:10.576407,2026-07-08T20:18:10.580106+00:00,149.0,22,bid,Xuanyu Liu,YieldingYams,12652701
2026-07-08T20:18:10.619790,2026-07-08T20:18:10.623666+00:00,149.0,23,bid,Xuanyu Liu,YieldingYams,12652704
2026-07-08T20:18:10.796296,2026-07-08T20:18:10.807402+00:00,149.0,80,bid,AverageAlmonds,YieldingYams,12652707
2026-07-08T20:18:12.610197,2026-07-08T20:18:12.616871+00:00,149.3,500,bid,AverageAlmonds,YieldingYams,12652735
2026-07-08T20:18:13.332687,2026-07-08T20:18:13.342286+00:00,149.3,200,ask,YieldingYams,WavyWalnuts,12652744
2026-07-08T20:18:15.022126,2026-07-08T20:18:15.032114+00:00,149.3,500,bid,AverageAlmonds,YieldingYams,12652764
2026-07-08T20:18:15.616082,2026-07-08T20:18:15.625602+00:00,149.3,125,bid,AverageAlmonds,YieldingYams,12652770
2026-07-08T20:18:15.616082,2026-07-08T20:18:15.625602+00:00,149.4,200,bid,AverageAlmonds,WavyWalnuts,12652771
2026-07-08T20:18:15.648354,2026-07-08T20:18:15.652313+00:00,149.4,11,ask,AverageAlmonds,Xuanyu Liu,12652773
2026-07-08T20:18:15.733351,2026-07-08T20:18:15.745081+00:00,149.4,20,ask,AverageAlmonds,BrilliantBurritos,12652778
2026-07-08T20:18:15.755316,2026-07-08T20:18:15.765896+00:00,149.4,144,ask,AverageAlmonds,WavyWalnuts,12652779
2026-07-08T20:18:15.799464,2026-07-08T20:18:15.808457+00:00,149.4,56,bid,YieldingYams,WavyWalnuts,12652780
2026-07-08T20:18:16.964351,2026-07-08T20:18:16.974451+00:00,149.4,200,ask,YieldingYams,WavyWalnuts,12652802
2026-07-08T20:18:17.115231,2026-07-08T20:18:17.126915+00:00,149.4,500,ask,AverageAlmonds,YieldingYams,12652805
2026-07-08T20:18:18.546235,2026-07-08T20:18:18.558587+00:00,149.6,20,bid,BrilliantBurritos,WavyWalnuts,12652826
2026-07-08T20:18:20.170011,2026-07-08T20:18:20.173730+00:00,149.3,12,ask,WavyWalnuts,Xuanyu Liu,12652844
2026-07-08T20:18:20.513725,2026-07-08T20:18:20.524897+00:00,149.3,20,ask,WavyWalnuts,BrilliantBurritos,12652847
2026-07-08T20:18:20.593152,2026-07-08T20:18:20.602855+00:00,149.4,200,bid,WavyWalnuts,YieldingYams,12652850
2026-07-08T20:18:21.107944,2026-07-08T20:18:21.112307+00:00,149.4,11,ask,AverageAlmonds,Xuanyu Liu,12652865
2026-07-08T20:18:23.275461,2026-07-08T20:18:23.280090+00:00,149.5,11,bid,Xuanyu Liu,WavyWalnuts,12652885
2026-07-08T20:18:25.325388,2026-07-08T20:18:25.331870+00:00,149.5,200,bid,AverageAlmonds,WavyWalnuts,12652909
2026-07-08T20:18:32.856516,2026-07-08T20:18:32.864523+00:00,149.5,500,ask,AverageAlmonds,YieldingYams,12653030
2026-07-08T20:18:32.856516,2026-07-08T20:18:32.864523+00:00,149.4,125,ask,WavyWalnuts,YieldingYams,12653031
2026-07-08T20:18:33.879193,2026-07-08T20:18:33.885800+00:00,149.5,200,ask,AverageAlmonds,WavyWalnuts,12653048
2026-07-08T20:18:35.132730,2026-07-08T20:18:35.136526+00:00,149.7,12,bid,Xuanyu Liu,YieldingYams,12653066
2026-07-08T20:18:35.473217,2026-07-08T20:18:35.480625+00:00,149.7,200,bid,YieldingYams,WavyWalnuts,12653074
2026-07-08T20:18:38.731364,2026-07-08T20:18:38.735216+00:00,149.6,11,bid,Xuanyu Liu,WavyWalnuts,12653124
2026-07-08T20:18:40.737226,2026-07-08T20:18:40.747813+00:00,149.5,200,ask,WavyWalnuts,YieldingYams,12653166
2026-07-08T20:18:42.341913,2026-07-08T20:18:42.349244+00:00,149.5,200,bid,WavyWalnuts,YieldingYams,12653191
2026-07-08T20:18:42.890072,2026-07-08T20:18:42.897275+00:00,149.5,425,bid,AverageAlmonds,YieldingYams,12653198
2026-07-08T20:18:43.551983,2026-07-08T20:18:43.553886+00:00,149.6,200,ask,YieldingYams,WavyWalnuts,12653205
2026-07-08T20:18:44.617869,2026-07-08T20:18:44.621897+00:00,149.8,12,bid,Xuanyu Liu,YieldingYams,12653225
2026-07-08T20:18:47.293473,2026-07-08T20:18:47.304627+00:00,149.8,200,bid,YieldingYams,WavyWalnuts,12653263
2026-07-08T20:18:47.814962,2026-07-08T20:18:47.821067+00:00,150.0,11,bid,Xuanyu Liu,YieldingYams,12653269
2026-07-08T20:18:48.404667,2026-07-08T20:18:48.412073+00:00,149.8,200,ask,YieldingYams,WavyWalnuts,12653276
2026-07-08T20:18:48.620857,2026-07-08T20:18:48.624547+00:00,149.6,6,bid,Xuanyu Liu,YieldingYams,12653280
2026-07-08T20:18:49.610664,2026-07-08T20:18:49.619948+00:00,149.6,200,bid,WavyWalnuts,YieldingYams,12653293
2026-07-08T20:18:53.079612,2026-07-08T20:18:53.091205+00:00,149.6,20,bid,BrilliantBurritos,YieldingYams,12653345
2026-07-08T20:18:53.854522,2026-07-08T20:18:53.864171+00:00,149.4,200,ask,WavyWalnuts,YieldingYams,12653359
2026-07-08T20:18:54.449120,2026-07-08T20:18:54.458601+00:00,149.4,200,bid,WavyWalnuts,YieldingYams,12653371
2026-07-08T20:18:54.978168,2026-07-08T20:18:54.983893+00:00,149.2,3,ask,AverageAlmonds,Xuanyu Liu,12653382
2026-07-08T20:18:57.354834,2026-07-08T20:18:57.366649+00:00,149.3,20,bid,BrilliantBurritos,YieldingYams,12653416
2026-07-08T20:18:57.407592,2026-07-08T20:18:57.414511+00:00,149.3,500,bid,AverageAlmonds,YieldingYams,12653417
2026-07-08T20:18:57.792151,2026-07-08T20:18:57.802395+00:00,149.3,200,bid,YieldingYams,WavyWalnuts,12653423
2026-07-08T20:18:58.079781,2026-07-08T20:18:58.086186+00:00,149.3,200,ask,YieldingYams,WavyWalnuts,12653432
2026-07-08T20:19:00.512044,2026-07-08T20:19:00.515993+00:00,149.3,3,bid,Xuanyu Liu,WavyWalnuts,12653469
2026-07-08T20:19:01.703344,2026-07-08T20:19:01.710117+00:00,149.1,200,ask,YieldingYams,WavyWalnuts,12653484
2026-07-08T20:19:02.911317,2026-07-08T20:19:02.922390+00:00,149.1,200,ask,YieldingYams,WavyWalnuts,12653489
2026-07-08T20:19:03.042403,2026-07-08T20:19:03.049115+00:00,149.1,500,ask,AverageAlmonds,YieldingYams,12653493
2026-07-08T20:19:03.452436,2026-07-08T20:19:03.461725+00:00,149.1,125,bid,AverageAlmonds,YieldingYams,12653501
2026-07-08T20:19:04.357724,2026-07-08T20:19:04.369126+00:00,149.1,500,ask,AverageAlmonds,YieldingYams,12653513
2026-07-08T20:19:04.357724,2026-07-08T20:19:04.369126+00:00,149.1,125,ask,WavyWalnuts,YieldingYams,12653514
2026-07-08T20:19:06.572910,2026-07-08T20:19:06.584594+00:00,149.2,20,bid,BrilliantBurritos,YieldingYams,12653542
2026-07-08T20:19:07.637501,2026-07-08T20:19:07.641755+00:00,149.1,3,ask,YieldingYams,Xuanyu Liu,12653556
2026-07-08T20:19:07.765805,2026-07-08T20:19:07.773072+00:00,149.1,200,ask,YieldingYams,WavyWalnuts,12653561
2026-07-08T20:19:09.515933,2026-07-08T20:19:09.523080+00:00,149.2,500,bid,AverageAlmonds,YieldingYams,12653582
2026-07-08T20:19:09.602690,2026-07-08T20:19:09.611318+00:00,149.2,200,bid,YieldingYams,WavyWalnuts,12653585
2026-07-08T20:19:09.622224,2026-07-08T20:19:09.626017+00:00,149.3,14,ask,YieldingYams,Xuanyu Liu,12653589
2026-07-08T20:19:10.182674,2026-07-08T20:19:10.192035+00:00,149.3,200,ask,YieldingYams,WavyWalnuts,12653593
2026-07-08T20:19:10.774565,2026-07-08T20:19:10.793636+00:00,149.5,14,bid,Xuanyu Liu,YieldingYams,12653605
2026-07-08T20:19:11.047601,2026-07-08T20:19:11.058616+00:00,149.3,20,ask,YieldingYams,BrilliantBurritos,12653610
2026-07-08T20:19:13.147160,2026-07-08T20:19:13.150931+00:00,149.3,3,ask,YieldingYams,Xuanyu Liu,12653643
2026-07-08T20:19:13.538547,2026-07-08T20:19:13.557005+00:00,149.4,200,bid,YieldingYams,WavyWalnuts,12653652
2026-07-08T20:19:13.552883,2026-07-08T20:19:13.557005+00:00,149.4,11,ask,YieldingYams,Xuanyu Liu,12653654
2026-07-08T20:19:16.166309,2026-07-08T20:19:16.174599+00:00,149.3,200,ask,WavyWalnuts,YieldingYams,12653685
2026-07-08T20:19:16.166309,2026-07-08T20:19:16.179856+00:00,149.3,425,ask,AverageAlmonds,YieldingYams,12653686
2026-07-08T20:19:19.886532,2026-07-08T20:19:19.893651+00:00,149.4,200,ask,AverageAlmonds,WavyWalnuts,12653731
2026-07-08T20:19:21.403466,2026-07-08T20:19:21.410585+00:00,149.5,200,bid,YieldingYams,WavyWalnuts,12653748
2026-07-08T20:19:21.728922,2026-07-08T20:19:21.736621+00:00,149.8,20,bid,BrilliantBurritos,YieldingYams,12653756
2026-07-08T20:19:22.298758,2026-07-08T20:19:22.307816+00:00,149.5,200,ask,YieldingYams,WavyWalnuts,12653766
2026-07-08T20:19:24.044950,2026-07-08T20:19:24.049431+00:00,149.5,11,bid,Xuanyu Liu,YieldingYams,12653792
2026-07-08T20:19:27.965573,2026-07-08T20:19:27.974196+00:00,149.6,200,ask,WavyWalnuts,YieldingYams,12653847
2026-07-08T20:19:29.289295,2026-07-08T20:19:29.292652+00:00,149.6,11,ask,YieldingYams,Xuanyu Liu,12653871
2026-07-08T20:19:31.992899,2026-07-08T20:19:32.003973+00:00,149.3,200,ask,YieldingYams,WavyWalnuts,12653901
2026-07-08T20:19:32.949955,2026-07-08T20:19:32.953596+00:00,149.3,12,ask,YieldingYams,Xuanyu Liu,12653913
2026-07-08T20:19:37.169155,2026-07-08T20:19:37.180616+00:00,149.3,200,ask,WavyWalnuts,YieldingYams,12653954
2026-07-08T20:19:40.132094,2026-07-08T20:19:40.143950+00:00,149.4,20,bid,BrilliantBurritos,WavyWalnuts,12653983
2026-07-08T20:19:42.449802,2026-07-08T20:19:42.453914+00:00,149.3,11,ask,YieldingYams,Xuanyu Liu,12654019
2026-07-08T20:19:43.721810,2026-07-08T20:19:43.739203+00:00,149.4,200,bid,YieldingYams,WavyWalnuts,12654042
2026-07-08T20:19:43.735795,2026-07-08T20:19:43.739203+00:00,149.4,12,ask,YieldingYams,Xuanyu Liu,12654044
2026-07-08T20:19:46.535737,2026-07-08T20:19:46.544237+00:00,149.4,200,bid,WavyWalnuts,YieldingYams,12654077
2026-07-08T20:19:47.894736,2026-07-08T20:19:47.903477+00:00,149.2,20,ask,YieldingYams,BrilliantBurritos,12654100
2026-07-08T20:19:48.987585,2026-07-08T20:19:48.991331+00:00,149.3,11,ask,YieldingYams,Xuanyu Liu,12654118
2026-07-08T20:19:55.582741,2026-07-08T20:19:55.589408+00:00,149.3,500,ask,YieldingYams,AverageAlmonds,12654195
2026-07-08T20:19:56.793862,2026-07-08T20:19:56.800830+00:00,149.3,125,ask,YieldingYams,AverageAlmonds,12654219
2026-07-08T20:19:56.793862,2026-07-08T20:19:56.806075+00:00,149.3,200,ask,WavyWalnuts,AverageAlmonds,12654220
2026-07-08T20:19:56.827245,2026-07-08T20:19:56.832108+00:00,149.2,11,bid,Xuanyu Liu,AverageAlmonds,12654224
2026-07-08T20:19:58.291057,2026-07-08T20:19:58.294604+00:00,149.1,22,ask,WavyWalnuts,Xuanyu Liu,12654248
2026-07-08T20:20:00.653118,2026-07-08T20:20:00.657100+00:00,149.2,11,bid,Xuanyu Liu,YieldingYams,12654279
2026-07-08T20:20:00.791807,2026-07-08T20:20:00.798447+00:00,149.1,200,ask,WavyWalnuts,YieldingYams,12654280
2026-07-08T20:20:00.809949,2026-07-08T20:20:00.814126+00:00,149.1,11,bid,Xuanyu Liu,YieldingYams,12654283
2026-07-08T20:20:01.085705,2026-07-08T20:20:01.095791+00:00,149.1,200,bid,WavyWalnuts,YieldingYams,12654289
2026-07-08T20:20:05.849577,2026-07-08T20:20:05.858610+00:00,148.9,20,ask,YieldingYams,BrilliantBurritos,12654349
2026-07-08T20:20:07.193322,2026-07-08T20:20:07.197880+00:00,148.9,23,bid,Xuanyu Liu,WavyWalnuts,12654382
2026-07-08T20:20:08.385685,2026-07-08T20:20:08.396718+00:00,148.7,200,ask,YieldingYams,WavyWalnuts,12654405
2026-07-08T20:20:09.149284,2026-07-08T20:20:09.163632+00:00,148.6,20,ask,YieldingYams,BrilliantBurritos,12654412
2026-07-08T20:20:15.239114,2026-07-08T20:20:15.250909+00:00,148.9,200,ask,WavyWalnuts,YieldingYams,12654506
2026-07-08T20:20:15.632467,2026-07-08T20:20:15.642128+00:00,148.9,200,bid,WavyWalnuts,YieldingYams,12654510
2026-07-08T20:20:23.121305,2026-07-08T20:20:23.128450+00:00,148.9,200,ask,WavyWalnuts,YieldingYams,12654595
2026-07-08T20:20:23.248507,2026-07-08T20:20:23.258615+00:00,148.6,20,ask,YieldingYams,BrilliantBurritos,12654598
2026-07-08T20:20:24.434367,2026-07-08T20:20:24.441862+00:00,148.7,200,ask,WavyWalnuts,YieldingYams,12654625
2026-07-08T20:20:26.509315,2026-07-08T20:20:26.530267+00:00,148.7,200,bid,WavyWalnuts,YieldingYams,12654652
2026-07-08T20:20:32.588882,2026-07-08T20:20:32.595906+00:00,149.0,200,bid,WavyWalnuts,YieldingYams,12654738
2026-07-08T20:20:36.260048,2026-07-08T20:20:36.271236+00:00,149.0,500,bid,YieldingYams,AverageAlmonds,12654806
2026-07-08T20:20:36.260048,2026-07-08T20:20:36.271236+00:00,149.0,125,bid,YieldingYams,WavyWalnuts,12654807
2026-07-08T20:20:37.453776,2026-07-08T20:20:37.458553+00:00,148.9,20,ask,WavyWalnuts,BrilliantBurritos,12654822
2026-07-08T20:20:38.639419,2026-07-08T20:20:38.647086+00:00,149.0,200,bid,WavyWalnuts,YieldingYams,12654847
2026-07-08T20:20:46.446513,2026-07-08T20:20:46.455160+00:00,149.1,500,ask,YieldingYams,AverageAlmonds,12654951
2026-07-08T20:20:48.322502,2026-07-08T20:20:48.332324+00:00,149.0,200,bid,WavyWalnuts,YieldingYams,12654986
2026-07-08T20:20:53.165153,2026-07-08T20:20:53.174294+00:00,148.9,200,ask,YieldingYams,WavyWalnuts,12655060
2026-07-08T20:20:54.343745,2026-07-08T20:20:54.358624+00:00,148.9,500,ask,YieldingYams,AverageAlmonds,12655068
2026-07-08T20:20:54.381123,2026-07-08T20:20:54.390278+00:00,148.9,125,ask,YieldingYams,WavyWalnuts,12655070
2026-07-08T20:20:54.679970,2026-07-08T20:20:54.683913+00:00,148.8,12,bid,Xuanyu Liu,YieldingYams,12655080
2026-07-08T20:20:56.806978,2026-07-08T20:20:56.813996+00:00,148.8,200,bid,WavyWalnuts,YieldingYams,12655103
2026-07-08T20:20:58.594774,2026-07-08T20:20:58.605713+00:00,148.9,200,bid,YieldingYams,WavyWalnuts,12655126
2026-07-08T20:20:59.227366,2026-07-08T20:20:59.235538+00:00,148.9,200,ask,YieldingYams,WavyWalnuts,12655135
2026-07-08T20:21:01.224967,2026-07-08T20:21:01.236436+00:00,148.9,200,ask,WavyWalnuts,YieldingYams,12655163
2026-07-08T20:21:02.535679,2026-07-08T20:21:02.543437+00:00,148.8,200,bid,YieldingYams,WavyWalnuts,12655181
2026-07-08T20:21:06.638832,2026-07-08T20:21:06.649001+00:00,148.7,20,ask,WavyWalnuts,BrilliantBurritos,12655239
2026-07-08T20:21:08.917014,2026-07-08T20:21:08.923930+00:00,148.7,20,ask,YieldingYams,BrilliantBurritos,12655270
2026-07-08T20:21:12.557444,2026-07-08T20:21:12.577414+00:00,148.7,200,ask,YieldingYams,WavyWalnuts,12655319
2026-07-08T20:21:13.763280,2026-07-08T20:21:13.773140+00:00,148.7,200,bid,WavyWalnuts,YieldingYams,12655329
2026-07-08T20:21:14.969804,2026-07-08T20:21:14.980288+00:00,148.7,200,bid,WavyWalnuts,YieldingYams,12655343
2026-07-08T20:21:19.604304,2026-07-08T20:21:19.610569+00:00,148.6,200,ask,WavyWalnuts,YieldingYams,12655406
2026-07-08T20:21:19.621966,2026-07-08T20:21:19.625652+00:00,148.6,11,bid,Xuanyu Liu,YieldingYams,12655409
2026-07-08T20:21:23.444770,2026-07-08T20:21:23.458622+00:00,148.8,200,bid,WavyWalnuts,YieldingYams,12655463
