timestamp,recv_time,price,volume,aggressor_side,buyer,seller,trade_id
2026-06-29T15:00:00.526312,2026-06-29T05:00:01.195907+00:00,98.4,2,bid,,,12136489
2026-06-29T15:00:02.200004,2026-06-29T05:00:02.744309+00:00,98.3,35,ask,,,12136515
2026-06-29T15:00:02.219111,2026-06-29T05:00:02.766309+00:00,98.3,25,ask,,,12136516
2026-06-29T15:00:02.290138,2026-06-29T05:00:02.832308+00:00,98.3,35,ask,,,12136519
2026-06-29T15:00:02.318479,2026-06-29T05:00:02.865309+00:00,98.3,405,ask,,,12136520
2026-06-29T15:00:02.399540,2026-06-29T05:00:02.942308+00:00,98.3,220,bid,,,12136522
2026-06-29T15:00:02.430126,2026-06-29T05:00:02.975309+00:00,98.3,10,ask,,,12136523
2026-06-29T15:00:03.007794,2026-06-29T05:00:03.557846+00:00,98.4,200,bid,,,12136533
2026-06-29T15:00:04.644711,2026-06-29T05:00:05.185846+00:00,98.5,20,bid,,,12136560
2026-06-29T15:00:04.869569,2026-06-29T05:00:05.416847+00:00,98.4,2,ask,,,12136568
2026-06-29T15:00:04.869569,2026-06-29T05:00:05.416847+00:00,98.4,198,ask,,,12136569
2026-06-29T15:00:06.657326,2026-06-29T05:00:07.209918+00:00,98.4,200,bid,,,12136600
2026-06-29T15:00:06.657326,2026-06-29T05:00:07.209918+00:00,98.4,300,bid,,,12136601
2026-06-29T15:00:07.256429,2026-06-29T05:00:07.803929+00:00,98.4,325,bid,,,12136609
2026-06-29T15:00:07.558272,2026-06-29T05:00:08.100929+00:00,98.6,200,bid,,,12136622
2026-06-29T15:00:08.547807,2026-06-29T05:00:09.101521+00:00,98.6,25,ask,,,12136647
2026-06-29T15:00:08.552169,2026-06-29T05:00:09.101521+00:00,98.6,35,ask,,,12136648
2026-06-29T15:00:08.643445,2026-06-29T05:00:09.189521+00:00,98.6,24,ask,,,12136653
2026-06-29T15:00:08.652018,2026-06-29T05:00:09.200521+00:00,98.6,25,ask,,,12136654
2026-06-29T15:00:08.757671,2026-06-29T05:00:09.299530+00:00,98.6,25,ask,,,12136656
2026-06-29T15:00:08.862131,2026-06-29T05:00:09.409530+00:00,98.6,16,ask,,,12136658
2026-06-29T15:00:09.255111,2026-06-29T05:00:09.805533+00:00,98.6,20,ask,,,12136664
2026-06-29T15:00:10.186088,2026-06-29T05:00:10.729534+00:00,98.6,200,ask,,,12136681
2026-06-29T15:00:10.939293,2026-06-29T05:00:11.488542+00:00,98.6,200,bid,,,12136696
2026-06-29T15:00:11.277175,2026-06-29T05:00:11.818534+00:00,98.4,25,ask,,,12136700
2026-06-29T15:00:11.374037,2026-06-29T05:00:11.928534+00:00,98.4,25,ask,,,12136705
2026-06-29T15:00:11.508821,2026-06-29T05:00:12.060542+00:00,98.4,25,ask,,,12136707
2026-06-29T15:00:11.583392,2026-06-29T05:00:12.137543+00:00,98.4,25,ask,,,12136711
2026-06-29T15:00:11.594290,2026-06-29T05:00:12.137543+00:00,98.6,2,bid,,,12136713
2026-06-29T15:00:11.799348,2026-06-29T05:00:12.346533+00:00,98.6,2,bid,,,12136722
2026-06-29T15:00:12.005596,2026-06-29T05:00:12.555535+00:00,98.6,2,bid,,,12136724
2026-06-29T15:00:12.093923,2026-06-29T05:00:12.643533+00:00,98.4,20,ask,,,12136726
2026-06-29T15:00:12.147521,2026-06-29T05:00:12.698533+00:00,98.6,200,bid,,,12136727
2026-06-29T15:00:12.210531,2026-06-29T05:00:12.753534+00:00,98.6,2,bid,,,12136729
2026-06-29T15:00:12.415968,2026-06-29T05:00:12.962533+00:00,98.6,2,bid,,,12136732
2026-06-29T15:00:12.621967,2026-06-29T05:00:13.171543+00:00,98.6,2,bid,,,12136737
2026-06-29T15:00:12.826282,2026-06-29T05:00:13.369533+00:00,98.6,2,bid,,,12136741
2026-06-29T15:00:13.651517,2026-06-29T05:00:14.205068+00:00,98.7,2,bid,,,12136763
2026-06-29T15:00:14.819352,2026-06-29T05:00:15.371068+00:00,98.7,1,bid,,,12136779
2026-06-29T15:00:14.819352,2026-06-29T05:00:15.371068+00:00,98.7,46,bid,,,12136780
2026-06-29T15:00:15.407136,2026-06-29T05:00:15.953593+00:00,98.6,20,ask,,,12136796
2026-06-29T15:00:15.767333,2026-06-29T05:00:16.316160+00:00,98.7,3,bid,,,12136797
2026-06-29T15:00:15.767333,2026-06-29T05:00:16.316160+00:00,98.7,197,bid,,,12136798
2026-06-29T15:00:16.767885,2026-06-29T05:00:17.317159+00:00,98.7,3,bid,,,12136815
2026-06-29T15:00:16.767885,2026-06-29T05:00:17.317159+00:00,98.8,500,bid,,,12136816
2026-06-29T15:00:16.839855,2026-06-29T05:00:17.394159+00:00,98.8,1,ask,,,12136818
2026-06-29T15:00:16.930669,2026-06-29T05:00:17.482159+00:00,98.8,121,ask,,,12136822
2026-06-29T15:00:18.075739,2026-06-29T05:00:18.624904+00:00,98.6,200,bid,,,12136843
2026-06-29T15:00:18.259781,2026-06-29T05:00:18.811895+00:00,98.6,200,ask,,,12136846
2026-06-29T15:00:19.660764,2026-06-29T05:00:20.208895+00:00,98.6,20,bid,,,12136860
2026-06-29T15:00:20.702205,2026-06-29T05:00:21.253924+00:00,98.5,200,bid,,,12136888
2026-06-29T15:00:21.893640,2026-06-29T05:00:22.452925+00:00,98.6,200,ask,,,12136908
2026-06-29T15:00:22.052752,2026-06-29T05:00:22.595915+00:00,98.5,35,bid,,,12136915
2026-06-29T15:00:22.074352,2026-06-29T05:00:22.617916+00:00,98.5,25,bid,,,12136920
2026-06-29T15:00:22.078313,2026-06-29T05:00:22.628915+00:00,98.3,2,ask,,,12136921
2026-06-29T15:00:22.282371,2026-06-29T05:00:22.826434+00:00,98.3,1,ask,,,12136927
2026-06-29T15:00:22.282371,2026-06-29T05:00:22.826434+00:00,98.3,1,ask,,,12136928
2026-06-29T15:00:22.489338,2026-06-29T05:00:23.035442+00:00,98.3,2,ask,,,12136932
2026-06-29T15:00:22.695395,2026-06-29T05:00:23.244443+00:00,98.3,2,ask,,,12136934
2026-06-29T15:00:22.900084,2026-06-29T05:00:23.442434+00:00,98.3,2,ask,,,12136939
2026-06-29T15:00:23.100732,2026-06-29T05:00:23.651000+00:00,98.5,200,bid,,,12136944
2026-06-29T15:00:24.041869,2026-06-29T05:00:24.585991+00:00,98.5,20,ask,,,12136962
2026-06-29T15:00:24.353478,2026-06-29T05:00:24.904990+00:00,98.6,25,ask,,,12136976
2026-06-29T15:00:24.390937,2026-06-29T05:00:24.937991+00:00,98.6,25,ask,,,12136979
2026-06-29T15:00:24.631787,2026-06-29T05:00:25.180000+00:00,98.6,150,ask,,,12136984
2026-06-29T15:00:26.735312,2026-06-29T05:00:27.280557+00:00,98.7,3,bid,,,12137023
2026-06-29T15:00:26.735312,2026-06-29T05:00:27.280557+00:00,98.7,197,bid,,,12137024
2026-06-29T15:00:28.562533,2026-06-29T05:00:29.106213+00:00,98.7,9,bid,,,12137070
2026-06-29T15:00:29.169678,2026-06-29T05:00:29.711223+00:00,98.7,200,ask,,,12137091
2026-06-29T15:00:30.376196,2026-06-29T05:00:30.920732+00:00,98.8,6,bid,,,12137107
2026-06-29T15:00:30.376196,2026-06-29T05:00:30.920732+00:00,98.8,194,bid,,,12137108
2026-06-29T15:00:31.092619,2026-06-29T05:00:31.635741+00:00,98.8,20,bid,,,12137126
2026-06-29T15:00:31.180996,2026-06-29T05:00:31.723741+00:00,98.8,5,bid,,,12137129
2026-06-29T15:00:32.699329,2026-06-29T05:00:33.241732+00:00,98.8,200,ask,,,12137159
2026-06-29T15:00:32.699329,2026-06-29T05:00:33.252732+00:00,98.8,300,ask,,,12137160
2026-06-29T15:00:32.794014,2026-06-29T05:00:33.340732+00:00,98.8,200,ask,,,12137161
2026-06-29T15:00:33.292867,2026-06-29T05:00:33.835724+00:00,98.8,125,ask,,,12137169
2026-06-29T15:00:33.405023,2026-06-29T05:00:33.956737+00:00,98.8,20,bid,,,12137172
2026-06-29T15:00:35.125105,2026-06-29T05:00:35.672746+00:00,98.7,500,bid,,,12137205
2026-06-29T15:00:35.705966,2026-06-29T05:00:36.255326+00:00,98.7,125,ask,,,12137212
2026-06-29T15:00:35.838951,2026-06-29T05:00:36.387325+00:00,98.6,20,ask,,,12137215
2026-06-29T15:00:37.745754,2026-06-29T05:00:38.290324+00:00,98.5,200,ask,,,12137241
2026-06-29T15:00:37.745754,2026-06-29T05:00:38.301325+00:00,98.4,2,ask,,,12137242
2026-06-29T15:00:37.771718,2026-06-29T05:00:38.323325+00:00,98.2,20,ask,,,12137243
2026-06-29T15:00:40.188743,2026-06-29T05:00:40.730871+00:00,98.3,5,ask,,,12137289
2026-06-29T15:00:40.188743,2026-06-29T05:00:40.730871+00:00,98.3,30,ask,,,12137290
2026-06-29T15:00:40.278873,2026-06-29T05:00:40.829872+00:00,98.3,21,ask,,,12137294
2026-06-29T15:00:40.335483,2026-06-29T05:00:40.884872+00:00,98.3,25,ask,,,12137296
2026-06-29T15:00:40.568937,2026-06-29T05:00:41.115871+00:00,98.4,5,ask,,,12137305
2026-06-29T15:00:40.584158,2026-06-29T05:00:41.126872+00:00,98.3,2,ask,,,12137309
2026-06-29T15:00:40.788556,2026-06-29T05:00:41.335872+00:00,98.3,25,ask,,,12137316
2026-06-29T15:00:40.797848,2026-06-29T05:00:41.346871+00:00,98.3,2,ask,,,12137318
2026-06-29T15:00:40.992942,2026-06-29T05:00:41.544880+00:00,98.4,5,ask,,,12137325
2026-06-29T15:00:41.001731,2026-06-29T05:00:41.544880+00:00,98.3,25,ask,,,12137327
2026-06-29T15:00:41.008680,2026-06-29T05:00:41.555880+00:00,98.3,2,ask,,,12137329
2026-06-29T15:00:41.212716,2026-06-29T05:00:41.764880+00:00,98.3,2,ask,,,12137334
2026-06-29T15:00:41.418704,2026-06-29T05:00:41.962880+00:00,98.3,1,ask,,,12137340
2026-06-29T15:00:43.041122,2026-06-29T05:00:43.590427+00:00,98.4,1,ask,,,12137379
2026-06-29T15:00:43.041122,2026-06-29T05:00:43.590427+00:00,98.4,24,ask,,,12137380
2026-06-29T15:00:45.399413,2026-06-29T05:00:45.944454+00:00,98.5,200,bid,,,12137428
2026-06-29T15:00:47.517477,2026-06-29T05:00:48.066541+00:00,98.6,20,ask,,,12137469
2026-06-29T15:00:49.576798,2026-06-29T05:00:50.408567+00:00,98.7,200,ask,,,12137518
2026-06-29T15:00:49.734611,2026-06-29T05:00:50.408567+00:00,98.7,200,bid,,,12137524
2026-06-29T15:00:50.884979,2026-06-29T05:00:51.431567+00:00,98.8,1,bid,,,12137543
2026-06-29T15:00:50.945312,2026-06-29T05:00:51.497567+00:00,98.8,200,ask,,,12137544
2026-06-29T15:00:51.018349,2026-06-29T05:00:51.563566+00:00,98.8,5,ask,,,12137547
2026-06-29T15:00:51.066191,2026-06-29T05:00:51.607567+00:00,98.8,6,ask,,,12137549
2026-06-29T15:00:51.075581,2026-06-29T05:00:51.618567+00:00,98.9,1,bid,,,12137551
2026-06-29T15:00:52.153633,2026-06-29T05:00:52.707576+00:00,98.8,200,ask,,,12137580
2026-06-29T15:00:52.481975,2026-06-29T05:00:53.026576+00:00,98.7,1,ask,,,12137583
2026-06-29T15:00:53.360495,2026-06-29T05:00:53.906151+00:00,98.7,200,ask,,,12137595
2026-06-29T15:00:53.510301,2026-06-29T05:00:54.060151+00:00,98.7,300,ask,,,12137597
2026-06-29T15:00:54.469461,2026-06-29T05:00:55.017151+00:00,98.7,325,bid,,,12137614
2026-06-29T15:00:54.570742,2026-06-29T05:00:55.116151+00:00,98.7,175,ask,,,12137622
2026-06-29T15:00:54.817564,2026-06-29T05:00:55.369156+00:00,98.7,25,bid,,,12137632
2026-06-29T15:00:55.779130,2026-06-29T05:00:56.325721+00:00,98.8,200,ask,,,12137655
2026-06-29T15:00:56.928053,2026-06-29T05:00:57.480722+00:00,98.8,20,ask,,,12137688
2026-06-29T15:00:56.988648,2026-06-29T05:00:57.535722+00:00,98.8,200,ask,,,12137692
2026-06-29T15:00:57.444778,2026-06-29T05:00:57.986730+00:00,98.9,4,bid,,,12137701
2026-06-29T15:00:58.202760,2026-06-29T05:00:58.745287+00:00,98.9,200,ask,,,12137713
2026-06-29T15:00:58.756200,2026-06-29T05:00:59.306278+00:00,99.0,8,bid,,,12137731
2026-06-29T15:00:59.415255,2026-06-29T05:00:59.966277+00:00,99.0,200,ask,,,12137749
2026-06-29T15:01:00.621451,2026-06-29T05:01:01.165278+00:00,99.0,200,ask,,,12137765
2026-06-29T15:01:01.391330,2026-06-29T05:01:01.935278+00:00,98.9,500,ask,,,12137782
2026-06-29T15:01:01.832576,2026-06-29T05:01:02.375278+00:00,98.8,200,ask,,,12137796
2026-06-29T15:01:03.045130,2026-06-29T05:01:03.595964+00:00,98.9,200,ask,,,12137825
2026-06-29T15:01:04.009080,2026-06-29T05:01:04.563964+00:00,98.8,500,ask,,,12137843
2026-06-29T15:01:04.051734,2026-06-29T05:01:04.596964+00:00,98.7,8,ask,,,12137846
2026-06-29T15:01:04.162811,2026-06-29T05:01:04.706973+00:00,98.8,125,bid,,,12137848
2026-06-29T15:01:04.260535,2026-06-29T05:01:04.805973+00:00,98.8,200,ask,,,12137852
2026-06-29T15:01:05.374532,2026-06-29T05:01:05.938973+00:00,99.0,500,bid,,,12137876
2026-06-29T15:01:05.478632,2026-06-29T05:01:06.048964+00:00,98.8,200,ask,,,12137883
2026-06-29T15:01:05.971606,2026-06-29T05:01:06.532514+00:00,99.0,125,bid,,,12137893
2026-06-29T15:01:06.690181,2026-06-29T05:01:07.258514+00:00,99.3,200,ask,,,12137913
2026-06-29T15:01:07.900952,2026-06-29T05:01:08.446033+00:00,99.3,200,ask,,,12137938
2026-06-29T15:01:08.274358,2026-06-29T05:01:08.819768+00:00,99.1,1,ask,,,12137945
2026-06-29T15:01:08.841137,2026-06-29T05:01:09.391777+00:00,99.1,20,ask,,,12137956
2026-06-29T15:01:10.317709,2026-06-29T05:01:10.865777+00:00,99.1,200,ask,,,12137984
2026-06-29T15:01:11.523600,2026-06-29T05:01:12.086768+00:00,99.0,200,bid,,,12138006
2026-06-29T15:01:11.858739,2026-06-29T05:01:12.427777+00:00,98.9,12,ask,,,12138016
2026-06-29T15:01:11.858739,2026-06-29T05:01:12.427777+00:00,98.9,1,ask,,,12138017
2026-06-29T15:01:11.858739,2026-06-29T05:01:12.427777+00:00,98.9,500,ask,,,12138018
2026-06-29T15:01:11.959180,2026-06-29T05:01:12.592768+00:00,98.9,8,bid,,,12138021
2026-06-29T15:01:12.027214,2026-06-29T05:01:12.625768+00:00,98.9,104,bid,,,12138027
2026-06-29T15:01:13.169151,2026-06-29T05:01:13.735998+00:00,99.0,200,bid,,,12138046
2026-06-29T15:01:14.488018,2026-06-29T05:01:15.056007+00:00,99.0,200,ask,,,12138068
2026-06-29T15:01:14.488018,2026-06-29T05:01:15.056007+00:00,98.9,10,ask,,,12138069
2026-06-29T15:01:14.488018,2026-06-29T05:01:15.056007+00:00,98.9,415,ask,,,12138070
2026-06-29T15:01:16.360720,2026-06-29T05:01:16.914530+00:00,99.0,200,ask,,,12138097
2026-06-29T15:01:18.414889,2026-06-29T05:01:18.970163+00:00,99.0,200,ask,,,12138140
2026-06-29T15:01:18.689813,2026-06-29T05:01:19.234163+00:00,99.0,425,bid,,,12138146
2026-06-29T15:01:18.780088,2026-06-29T05:01:19.344163+00:00,99.0,75,ask,,,12138147
2026-06-29T15:01:18.902530,2026-06-29T05:01:19.465163+00:00,99.0,20,bid,,,12138152
2026-06-29T15:01:19.317082,2026-06-29T05:01:19.883183+00:00,99.0,105,bid,,,12138159
2026-06-29T15:01:19.720935,2026-06-29T05:01:20.279183+00:00,99.2,2,bid,,,12138161
2026-06-29T15:01:19.907777,2026-06-29T05:01:20.477183+00:00,99.2,1,ask,,,12138163
2026-06-29T15:01:19.988137,2026-06-29T05:01:20.554183+00:00,99.2,200,ask,,,12138166
2026-06-29T15:01:21.033823,2026-06-29T05:01:21.577183+00:00,99.1,500,ask,,,12138193
2026-06-29T15:01:21.195282,2026-06-29T05:01:21.741693+00:00,99.1,125,bid,,,12138194
2026-06-29T15:01:26.039674,2026-06-29T05:01:26.590473+00:00,99.1,200,ask,,,12138285
2026-06-29T15:01:27.247971,2026-06-29T05:01:27.789465+00:00,99.1,200,ask,,,12138330
2026-06-29T15:01:27.842103,2026-06-29T05:01:28.383465+00:00,99.1,20,ask,,,12138345
2026-06-29T15:01:28.455796,2026-06-29T05:01:29.010102+00:00,99.1,200,ask,,,12138353
2026-06-29T15:01:28.923418,2026-06-29T05:01:29.494111+00:00,99.1,300,ask,,,12138372
2026-06-29T15:01:28.944746,2026-06-29T05:01:29.516111+00:00,99.0,25,bid,,,12138374
2026-06-29T15:01:28.961517,2026-06-29T05:01:29.538111+00:00,99.0,25,bid,,,12138377
2026-06-29T15:01:28.993044,2026-06-29T05:01:29.582111+00:00,99.0,275,bid,,,12138378
2026-06-29T15:01:29.107930,2026-06-29T05:01:29.659112+00:00,99.5,1,bid,,,12138385
2026-06-29T15:01:29.193887,2026-06-29T05:01:29.747111+00:00,99.7,34,bid,,,12138387
2026-06-29T15:01:29.663419,2026-06-29T05:01:30.242111+00:00,99.2,200,ask,,,12138392
2026-06-29T15:01:30.232728,2026-06-29T05:01:30.781104+00:00,99.2,500,ask,,,12138403
2026-06-29T15:01:30.768993,2026-06-29T05:01:31.320112+00:00,99.0,25,ask,,,12138414
2026-06-29T15:01:30.823024,2026-06-29T05:01:31.375111+00:00,99.1,25,ask,,,12138417
2026-06-29T15:01:31.539309,2026-06-29T05:01:32.090194+00:00,99.3,200,bid,,,12138435
2026-06-29T15:01:31.539309,2026-06-29T05:01:32.090194+00:00,99.5,1,bid,,,12138436
2026-06-29T15:01:32.079178,2026-06-29T05:01:32.629195+00:00,99.5,200,ask,,,12138439
2026-06-29T15:01:34.075104,2026-06-29T05:01:34.619466+00:00,99.3,20,ask,,,12138480
2026-06-29T15:01:34.161296,2026-06-29T05:01:34.707466+00:00,99.3,180,ask,,,12138482
2026-06-29T15:01:34.277869,2026-06-29T05:01:34.828466+00:00,99.3,8,bid,,,12138489
2026-06-29T15:01:34.382848,2026-06-29T05:01:34.927477+00:00,99.3,6,bid,,,12138495
2026-06-29T15:01:34.473992,2026-06-29T05:01:35.015477+00:00,99.2,1,ask,,,12138500
2026-06-29T15:01:36.019171,2026-06-29T05:01:36.566083+00:00,99.4,20,bid,,,12138539
2026-06-29T15:01:36.617813,2026-06-29T05:01:37.160074+00:00,99.3,20,ask,,,12138554
2026-06-29T15:01:36.906991,2026-06-29T05:01:37.457074+00:00,99.5,200,bid,,,12138559
2026-06-29T15:01:43.381758,2026-06-29T05:01:43.955906+00:00,99.4,25,bid,,,12138662
2026-06-29T15:01:43.403431,2026-06-29T05:01:43.977906+00:00,99.4,35,bid,,,12138664
2026-06-29T15:01:43.409088,2026-06-29T05:01:43.977906+00:00,99.4,25,bid,,,12138665
2026-06-29T15:01:43.498765,2026-06-29T05:01:44.076906+00:00,99.4,35,bid,,,12138671
2026-06-29T15:01:43.589640,2026-06-29T05:01:44.153907+00:00,99.4,30,bid,,,12138675
2026-06-29T15:01:43.594204,2026-06-29T05:01:44.153907+00:00,99.4,25,bid,,,12138676
2026-06-29T15:01:43.679268,2026-06-29T05:01:44.241906+00:00,99.2,17,ask,,,12138681
2026-06-29T15:01:43.679268,2026-06-29T05:01:44.241906+00:00,99.2,8,ask,,,12138682
2026-06-29T15:01:46.588193,2026-06-29T05:01:47.144628+00:00,99.5,9,bid,,,12138735
2026-06-29T15:01:46.588193,2026-06-29T05:01:47.155628+00:00,99.5,191,bid,,,12138736
2026-06-29T15:01:47.806463,2026-06-29T05:01:48.387627+00:00,99.5,200,ask,,,12138768
2026-06-29T15:01:51.203698,2026-06-29T05:01:51.975294+00:00,99.4,200,ask,,,12138845
2026-06-29T15:01:51.219627,2026-06-29T05:01:51.975294+00:00,99.4,25,bid,,,12138849
2026-06-29T15:01:51.231851,2026-06-29T05:01:51.975294+00:00,99.4,25,bid,,,12138851
2026-06-29T15:01:51.277702,2026-06-29T05:01:51.975294+00:00,99.4,35,bid,,,12138852
2026-06-29T15:01:51.366595,2026-06-29T05:01:52.107294+00:00,99.4,35,bid,,,12138854
2026-06-29T15:01:51.436885,2026-06-29T05:01:52.151294+00:00,99.4,25,bid,,,12138860
2026-06-29T15:01:51.439641,2026-06-29T05:01:52.151294+00:00,99.4,200,bid,,,12138862
2026-06-29T15:01:51.446424,2026-06-29T05:01:52.151294+00:00,99.4,25,bid,,,12138863
2026-06-29T15:01:52.514129,2026-06-29T05:01:53.075294+00:00,99.6,1,bid,,,12138890
2026-06-29T15:01:52.514129,2026-06-29T05:01:53.086294+00:00,99.6,200,bid,,,12138891
2026-06-29T15:01:52.514129,2026-06-29T05:01:53.086294+00:00,99.7,424,bid,,,12138892
2026-06-29T15:01:52.689629,2026-06-29T05:01:53.251294+00:00,99.4,2,ask,,,12138898
2026-06-29T15:01:52.895038,2026-06-29T05:01:53.449295+00:00,99.4,2,ask,,,12138902
2026-06-29T15:01:53.099401,2026-06-29T05:01:53.656904+00:00,99.4,2,ask,,,12138904
2026-06-29T15:01:53.305231,2026-06-29T05:01:53.887904+00:00,99.4,2,ask,,,12138908
2026-06-29T15:01:55.066807,2026-06-29T05:01:55.647903+00:00,99.3,200,ask,,,12138944
2026-06-29T15:01:55.223267,2026-06-29T05:01:55.779904+00:00,99.3,22,bid,,,12138951
2026-06-29T15:01:55.253044,2026-06-29T05:01:55.812904+00:00,99.3,25,bid,,,12138955
2026-06-29T15:01:55.317081,2026-06-29T05:01:55.867904+00:00,99.3,25,bid,,,12138957
2026-06-29T15:01:55.321295,2026-06-29T05:01:55.867904+00:00,99.2,2,ask,,,12138958
2026-06-29T15:01:55.525200,2026-06-29T05:01:56.098438+00:00,99.2,1,ask,,,12138961
2026-06-29T15:01:55.525200,2026-06-29T05:01:56.098438+00:00,99.2,1,ask,,,12138962
2026-06-29T15:01:55.731759,2026-06-29T05:01:56.307439+00:00,99.2,2,ask,,,12138966
2026-06-29T15:01:55.862318,2026-06-29T05:01:56.428438+00:00,99.3,6,bid,,,12138969
2026-06-29T15:01:55.936179,2026-06-29T05:01:56.494438+00:00,99.2,2,ask,,,12138973
2026-06-29T15:01:56.141704,2026-06-29T05:01:56.714438+00:00,99.2,2,ask,,,12138976
2026-06-29T15:01:56.346427,2026-06-29T05:01:56.923439+00:00,99.2,2,ask,,,12138980
2026-06-29T15:01:56.557034,2026-06-29T05:01:57.121439+00:00,99.3,25,bid,,,12138984
2026-06-29T15:01:56.561865,2026-06-29T05:01:57.121439+00:00,99.2,2,ask,,,12138985
2026-06-29T15:01:56.776853,2026-06-29T05:01:57.330439+00:00,99.3,25,bid,,,12138992
2026-06-29T15:01:56.780668,2026-06-29T05:01:57.330439+00:00,99.2,1,ask,,,12138993
2026-06-29T15:01:56.780668,2026-06-29T05:01:57.330439+00:00,99.2,1,ask,,,12138994
2026-06-29T15:01:56.986217,2026-06-29T05:01:57.594439+00:00,99.2,2,ask,,,12138998
2026-06-29T15:01:57.191666,2026-06-29T05:01:57.759438+00:00,99.2,2,ask,,,12139000
2026-06-29T15:01:57.397947,2026-06-29T05:01:57.957438+00:00,99.2,2,ask,,,12139005
2026-06-29T15:01:57.603211,2026-06-29T05:01:58.166438+00:00,99.2,2,ask,,,12139023
2026-06-29T15:01:57.807825,2026-06-29T05:01:58.375438+00:00,99.2,2,ask,,,12139026
2026-06-29T15:01:58.012137,2026-06-29T05:01:58.583976+00:00,99.2,2,ask,,,12139028
2026-06-29T15:01:58.833967,2026-06-29T05:01:59.408976+00:00,99.3,20,bid,,,12139040
2026-06-29T15:02:00.092164,2026-06-29T05:02:00.662976+00:00,99.3,2,ask,,,12139077
2026-06-29T15:02:00.297002,2026-06-29T05:02:00.893976+00:00,99.3,2,ask,,,12139081
2026-06-29T15:02:00.394399,2026-06-29T05:02:01.036976+00:00,99.3,196,ask,,,12139082
2026-06-29T15:02:00.463848,2026-06-29T05:02:01.069976+00:00,99.3,429,bid,,,12139083
2026-06-29T15:02:00.503638,2026-06-29T05:02:01.080976+00:00,99.3,2,ask,,,12139085
2026-06-29T15:02:00.708022,2026-06-29T05:02:01.267893+00:00,99.3,2,ask,,,12139089
2026-06-29T15:02:00.912579,2026-06-29T05:02:01.531903+00:00,99.3,2,ask,,,12139092
2026-06-29T15:02:01.104764,2026-06-29T05:02:01.718903+00:00,99.3,200,ask,,,12139095
2026-06-29T15:02:01.116632,2026-06-29T05:02:01.740903+00:00,99.3,2,ask,,,12139096
2026-06-29T15:02:01.321709,2026-06-29T05:02:01.883903+00:00,99.3,2,ask,,,12139103
2026-06-29T15:02:01.729754,2026-06-29T05:02:02.301903+00:00,99.5,1,bid,,,12139117
2026-06-29T15:02:02.326440,2026-06-29T05:02:02.895903+00:00,99.5,200,ask,,,12139126
2026-06-29T15:02:03.044748,2026-06-29T05:02:03.622011+00:00,99.5,500,ask,,,12139136
2026-06-29T15:02:03.085374,2026-06-29T05:02:03.644011+00:00,99.4,25,bid,,,12139138
2026-06-29T15:02:03.133713,2026-06-29T05:02:03.699012+00:00,99.4,25,bid,,,12139143
2026-06-29T15:02:03.344709,2026-06-29T05:02:03.909011+00:00,99.4,25,bid,,,12139147
2026-06-29T15:02:03.511026,2026-06-29T05:02:04.074012+00:00,99.4,50,bid,,,12139149
2026-06-29T15:02:03.539396,2026-06-29T05:02:04.107012+00:00,99.4,200,ask,,,12139150
2026-06-29T15:02:04.350667,2026-06-29T05:02:04.910012+00:00,99.6,11,bid,,,12139166
2026-06-29T15:02:04.750482,2026-06-29T05:02:05.317011+00:00,99.6,200,ask,,,12139176
2026-06-29T15:02:05.958151,2026-06-29T05:02:06.526554+00:00,99.5,200,ask,,,12139198
2026-06-29T15:02:08.701322,2026-06-29T05:02:09.265226+00:00,99.5,25,ask,,,12139235
2026-06-29T15:02:08.722897,2026-06-29T05:02:09.276226+00:00,99.5,125,ask,,,12139238
2026-06-29T15:02:10.902752,2026-06-29T05:02:11.454225+00:00,99.7,200,bid,,,12139272
2026-06-29T15:02:10.915690,2026-06-29T05:02:11.465226+00:00,99.7,18,ask,,,12139273
2026-06-29T15:02:12.014977,2026-06-29T05:02:12.576226+00:00,99.7,200,ask,,,12139296
2026-06-29T15:02:14.447903,2026-06-29T05:02:15.006832+00:00,99.5,200,ask,,,12139326
2026-06-29T15:02:15.195027,2026-06-29T05:02:15.754832+00:00,99.7,20,bid,,,12139335
2026-06-29T15:02:15.660949,2026-06-29T05:02:16.216503+00:00,99.6,200,ask,,,12139348
2026-06-29T15:02:21.724155,2026-06-29T05:02:22.298083+00:00,99.7,11,bid,,,12139464
2026-06-29T15:02:21.724155,2026-06-29T05:02:22.298083+00:00,99.7,189,bid,,,12139465
2026-06-29T15:02:22.933138,2026-06-29T05:02:23.497083+00:00,99.7,11,bid,,,12139486
2026-06-29T15:02:22.933138,2026-06-29T05:02:23.497083+00:00,99.7,189,bid,,,12139487
2026-06-29T15:02:24.144055,2026-06-29T05:02:24.695622+00:00,99.7,10,bid,,,12139511
2026-06-29T15:02:24.151281,2026-06-29T05:02:24.706622+00:00,99.7,25,ask,,,12139513
2026-06-29T15:02:24.187473,2026-06-29T05:02:24.750622+00:00,99.7,25,ask,,,12139515
2026-06-29T15:02:24.210393,2026-06-29T05:02:24.772622+00:00,99.7,50,ask,,,12139518
2026-06-29T15:02:24.301914,2026-06-29T05:02:24.871621+00:00,99.7,2,ask,,,12139521
2026-06-29T15:02:24.360405,2026-06-29T05:02:24.926621+00:00,99.7,25,ask,,,12139522
2026-06-29T15:02:24.397899,2026-06-29T05:02:24.959622+00:00,99.7,25,ask,,,12139524
2026-06-29T15:02:25.837833,2026-06-29T05:02:26.400178+00:00,99.7,20,ask,,,12139549
2026-06-29T15:02:26.577581,2026-06-29T05:02:27.148179+00:00,99.7,200,ask,,,12139562
2026-06-29T15:02:27.778716,2026-06-29T05:02:28.325179+00:00,99.4,1,ask,,,12139577
2026-06-29T15:02:27.778716,2026-06-29T05:02:28.325179+00:00,99.4,24,ask,,,12139578
2026-06-29T15:02:27.793713,2026-06-29T05:02:28.336179+00:00,99.6,200,bid,,,12139581
2026-06-29T15:02:27.813565,2026-06-29T05:02:28.358179+00:00,99.4,25,ask,,,12139584
2026-06-29T15:02:27.823206,2026-06-29T05:02:28.369179+00:00,99.6,1,bid,,,12139586
2026-06-29T15:02:29.005699,2026-06-29T05:02:29.556251+00:00,99.5,200,bid,,,12139605
2026-06-29T15:02:30.565335,2026-06-29T05:02:31.107251+00:00,99.5,200,bid,,,12139637
2026-06-29T15:02:31.140381,2026-06-29T05:02:31.690251+00:00,99.7,20,bid,,,12139645
2026-06-29T15:02:33.620308,2026-06-29T05:02:34.165264+00:00,99.5,25,ask,,,12139701
2026-06-29T15:02:33.638221,2026-06-29T05:02:34.187264+00:00,99.5,25,ask,,,12139703
2026-06-29T15:02:33.827004,2026-06-29T05:02:34.374264+00:00,99.5,25,ask,,,12139706
2026-06-29T15:02:33.847071,2026-06-29T05:02:34.396264+00:00,99.5,25,ask,,,12139711
2026-06-29T15:02:34.067278,2026-06-29T05:02:34.627264+00:00,99.5,25,ask,,,12139717
2026-06-29T15:02:34.277604,2026-06-29T05:02:34.825264+00:00,99.5,1,ask,,,12139725
2026-06-29T15:02:38.434898,2026-06-29T05:02:38.981263+00:00,99.4,200,ask,,,12139795
2026-06-29T15:02:38.703107,2026-06-29T05:02:39.245263+00:00,99.4,200,bid,,,12139802
2026-06-29T15:02:39.861943,2026-06-29T05:02:40.411274+00:00,99.5,500,ask,,,12139820
2026-06-29T15:02:39.913603,2026-06-29T05:02:40.466274+00:00,99.5,125,ask,,,12139825
2026-06-29T15:02:44.655806,2026-06-29T05:02:45.206471+00:00,99.2,13,ask,,,12139917
2026-06-29T15:02:44.759129,2026-06-29T05:02:45.305471+00:00,99.3,200,bid,,,12139924
2026-06-29T15:02:48.950597,2026-06-29T05:02:49.495040+00:00,99.2,200,ask,,,12139994
2026-06-29T15:02:49.589443,2026-06-29T05:02:50.133040+00:00,99.2,200,bid,,,12140006
2026-06-29T15:02:52.017736,2026-06-29T05:02:52.575039+00:00,99.1,1,ask,,,12140053
2026-06-29T15:02:52.017736,2026-06-29T05:02:52.575039+00:00,99.1,199,ask,,,12140054
2026-06-29T15:02:54.452186,2026-06-29T05:02:54.994647+00:00,99.1,4,ask,,,12140093
2026-06-29T15:02:54.452186,2026-06-29T05:02:55.005647+00:00,99.1,196,ask,,,12140094
2026-06-29T15:02:55.494198,2026-06-29T05:02:56.039647+00:00,99.1,4,ask,,,12140107
2026-06-29T15:02:55.664144,2026-06-29T05:02:56.214792+00:00,99.0,4,ask,,,12140121
2026-06-29T15:02:55.664144,2026-06-29T05:02:56.214792+00:00,99.0,196,ask,,,12140122
2026-06-29T15:02:56.872510,2026-06-29T05:02:57.424792+00:00,99.0,200,ask,,,12140146
2026-06-29T15:02:59.285541,2026-06-29T05:02:59.832924+00:00,99.0,200,bid,,,12140188
2026-06-29T15:02:59.336535,2026-06-29T05:02:59.887924+00:00,99.0,50,bid,,,12140191
2026-06-29T15:02:59.340194,2026-06-29T05:02:59.887924+00:00,99.0,25,bid,,,12140192
2026-06-29T15:02:59.426706,2026-06-29T05:02:59.975924+00:00,99.1,25,ask,,,12140194
2026-06-29T15:03:00.730153,2026-06-29T05:03:01.273936+00:00,99.0,200,ask,,,12140237
2026-06-29T15:03:00.730153,2026-06-29T05:03:01.273936+00:00,98.9,3,ask,,,12140238
2026-06-29T15:03:00.730153,2026-06-29T05:03:01.284935+00:00,98.9,422,ask,,,12140239
2026-06-29T15:03:02.041503,2026-06-29T05:03:02.593944+00:00,99.0,4,ask,,,12140280
2026-06-29T15:03:04.138911,2026-06-29T05:03:04.684086+00:00,98.9,3,ask,,,12140324
2026-06-29T15:03:04.138911,2026-06-29T05:03:04.684086+00:00,98.9,197,ask,,,12140325
2026-06-29T15:03:04.513227,2026-06-29T05:03:05.058086+00:00,98.9,20,ask,,,12140330
2026-06-29T15:03:05.349324,2026-06-29T05:03:05.893608+00:00,98.9,200,ask,,,12140348
2026-06-29T15:03:06.557314,2026-06-29T05:03:07.102722+00:00,99.0,6,ask,,,12140374
2026-06-29T15:03:06.557314,2026-06-29T05:03:07.102722+00:00,99.0,194,ask,,,12140375
2026-06-29T15:03:07.766665,2026-06-29T05:03:08.312722+00:00,99.0,200,ask,,,12140400
2026-06-29T15:03:09.057470,2026-06-29T05:03:09.609473+00:00,99.0,35,bid,,,12140416
2026-06-29T15:03:09.115987,2026-06-29T05:03:09.664473+00:00,99.0,25,bid,,,12140420
2026-06-29T15:03:09.146234,2026-06-29T05:03:09.697474+00:00,99.0,35,bid,,,12140422
2026-06-29T15:03:09.167290,2026-06-29T05:03:09.719473+00:00,99.0,25,bid,,,12140425
2026-06-29T15:03:10.157921,2026-06-29T05:03:10.709007+00:00,99.0,80,bid,,,12140447
2026-06-29T15:03:10.202513,2026-06-29T05:03:10.753007+00:00,99.0,2,ask,,,12140451
2026-06-29T15:03:10.407558,2026-06-29T05:03:10.951007+00:00,99.0,2,ask,,,12140454
2026-06-29T15:03:11.239914,2026-06-29T05:03:11.787007+00:00,99.0,200,ask,,,12140470
2026-06-29T15:03:11.366554,2026-06-29T05:03:11.919998+00:00,99.0,425,bid,,,12140471
2026-06-29T15:03:11.404648,2026-06-29T05:03:11.952999+00:00,99.0,75,ask,,,12140474
2026-06-29T15:03:11.404648,2026-06-29T05:03:11.952999+00:00,98.9,8,ask,,,12140475
2026-06-29T15:03:11.420269,2026-06-29T05:03:11.963998+00:00,98.9,25,bid,,,12140480
2026-06-29T15:03:11.531178,2026-06-29T05:03:12.073998+00:00,98.9,25,bid,,,12140484
2026-06-29T15:03:11.560547,2026-06-29T05:03:12.106998+00:00,98.9,35,bid,,,12140485
2026-06-29T15:03:11.637161,2026-06-29T05:03:12.183998+00:00,98.9,25,bid,,,12140488
2026-06-29T15:03:11.649086,2026-06-29T05:03:12.194997+00:00,98.9,7,bid,,,12140489
2026-06-29T15:03:12.618225,2026-06-29T05:03:13.163007+00:00,99.1,200,ask,,,12140510
2026-06-29T15:03:13.828142,2026-06-29T05:03:14.371501+00:00,99.1,200,ask,,,12140532
2026-06-29T15:03:13.863022,2026-06-29T05:03:14.415501+00:00,99.0,500,ask,,,12140536
2026-06-29T15:03:15.008751,2026-06-29T05:03:15.559502+00:00,99.0,125,bid,,,12140565
2026-06-29T15:03:15.042500,2026-06-29T05:03:15.592502+00:00,99.0,200,ask,,,12140568
2026-06-29T15:03:18.016481,2026-06-29T05:03:18.560284+00:00,99.2,200,bid,,,12140626
2026-06-29T15:03:18.016481,2026-06-29T05:03:18.560284+00:00,99.2,300,bid,,,12140627
2026-06-29T15:03:18.610913,2026-06-29T05:03:19.154284+00:00,99.2,325,bid,,,12140639
2026-06-29T15:03:18.671466,2026-06-29T05:03:19.220284+00:00,99.2,175,ask,,,12140641
2026-06-29T15:03:19.095869,2026-06-29T05:03:19.638275+00:00,99.2,25,bid,,,12140651
2026-06-29T15:03:19.095869,2026-06-29T05:03:19.649284+00:00,99.3,8,bid,,,12140652
2026-06-29T15:03:19.095869,2026-06-29T05:03:19.649284+00:00,99.4,1,bid,,,12140653
2026-06-29T15:03:19.117157,2026-06-29T05:03:19.660285+00:00,99.5,3,ask,,,12140655
2026-06-29T15:03:19.149439,2026-06-29T05:03:19.693284+00:00,99.5,25,ask,,,12140656
2026-06-29T15:03:19.206628,2026-06-29T05:03:19.759285+00:00,99.5,35,ask,,,12140659
2026-06-29T15:03:19.255167,2026-06-29T05:03:19.803284+00:00,99.5,25,ask,,,12140660
2026-06-29T15:03:19.295461,2026-06-29T05:03:19.847284+00:00,99.5,35,ask,,,12140665
2026-06-29T15:03:19.359643,2026-06-29T05:03:19.902285+00:00,99.5,25,ask,,,12140666
2026-06-29T15:03:19.384120,2026-06-29T05:03:19.935285+00:00,99.5,5,ask,,,12140669
2026-06-29T15:03:19.885670,2026-06-29T05:03:20.441275+00:00,99.5,200,ask,,,12140677
2026-06-29T15:03:21.096555,2026-06-29T05:03:21.640305+00:00,99.4,200,ask,,,12140707
2026-06-29T15:03:21.472508,2026-06-29T05:03:22.014305+00:00,99.5,5,bid,,,12140718
2026-06-29T15:03:21.560469,2026-06-29T05:03:22.102296+00:00,99.6,44,bid,,,12140724
2026-06-29T15:03:22.304592,2026-06-29T05:03:22.850305+00:00,99.3,1,ask,,,12140733
2026-06-29T15:03:22.304592,2026-06-29T05:03:22.850305+00:00,99.3,199,ask,,,12140734
2026-06-29T15:03:24.721178,2026-06-29T05:03:25.269861+00:00,99.4,3,bid,,,12140787
2026-06-29T15:03:25.216976,2026-06-29T05:03:25.764861+00:00,99.4,20,ask,,,12140796
2026-06-29T15:03:25.931028,2026-06-29T05:03:26.479427+00:00,99.5,3,bid,,,12140806
2026-06-29T15:03:25.931028,2026-06-29T05:03:26.479427+00:00,99.5,197,bid,,,12140807
2026-06-29T15:03:26.566429,2026-06-29T05:03:27.117427+00:00,99.3,20,ask,,,12140825
2026-06-29T15:03:29.574193,2026-06-29T05:03:30.119408+00:00,99.4,3,bid,,,12140896
2026-06-29T15:03:29.574193,2026-06-29T05:03:30.119408+00:00,99.4,200,bid,,,12140897
2026-06-29T15:03:29.587158,2026-06-29T05:03:30.130416+00:00,99.5,8,ask,,,12140899
2026-06-29T15:03:29.695068,2026-06-29T05:03:30.240416+00:00,99.5,8,ask,,,12140910
2026-06-29T15:03:29.806220,2026-06-29T05:03:30.350416+00:00,99.5,7,ask,,,12140920
2026-06-29T15:03:30.779741,2026-06-29T05:03:31.329416+00:00,99.5,200,ask,,,12140943
2026-06-29T15:03:33.200039,2026-06-29T05:03:33.748951+00:00,99.4,200,bid,,,12140995
2026-06-29T15:03:33.506125,2026-06-29T05:03:34.056952+00:00,99.5,7,bid,,,12140997
2026-06-29T15:03:33.506125,2026-06-29T05:03:34.056952+00:00,99.6,1,bid,,,12140998
2026-06-29T15:03:33.506125,2026-06-29T05:03:34.056952+00:00,99.6,200,bid,,,12140999
2026-06-29T15:03:33.521758,2026-06-29T05:03:34.067952+00:00,99.6,35,ask,,,12141003
2026-06-29T15:03:33.611486,2026-06-29T05:03:34.155960+00:00,99.6,35,ask,,,12141005
2026-06-29T15:03:33.689044,2026-06-29T05:03:34.232961+00:00,99.6,25,ask,,,12141006
2026-06-29T15:03:33.700062,2026-06-29T05:03:34.243960+00:00,99.6,35,ask,,,12141009
2026-06-29T15:03:33.800061,2026-06-29T05:03:34.342960+00:00,99.6,3,ask,,,12141011
2026-06-29T15:03:33.898000,2026-06-29T05:03:34.441960+00:00,99.6,25,ask,,,12141012
2026-06-29T15:03:34.110569,2026-06-29T05:03:34.661960+00:00,99.6,21,ask,,,12141018
2026-06-29T15:03:34.199861,2026-06-29T05:03:34.749960+00:00,99.7,7,bid,,,12141026
2026-06-29T15:03:34.418106,2026-06-29T05:03:34.969960+00:00,99.6,200,ask,,,12141035
2026-06-29T15:03:34.820478,2026-06-29T05:03:35.365960+00:00,99.4,1,ask,,,12141036
2026-06-29T15:03:34.846468,2026-06-29T05:03:35.398960+00:00,99.4,81,bid,,,12141037
2026-06-29T15:03:34.926148,2026-06-29T05:03:35.475960+00:00,99.4,25,bid,,,12141041
2026-06-29T15:03:34.930276,2026-06-29T05:03:35.475960+00:00,99.2,2,ask,,,12141042
2026-06-29T15:03:35.138686,2026-06-29T05:03:35.684960+00:00,99.2,2,ask,,,12141050
2026-06-29T15:03:35.344145,2026-06-29T05:03:35.893981+00:00,99.2,2,ask,,,12141054
2026-06-29T15:03:35.550362,2026-06-29T05:03:36.102533+00:00,99.2,2,ask,,,12141056
2026-06-29T15:03:35.624854,2026-06-29T05:03:36.168533+00:00,99.4,200,bid,,,12141057
2026-06-29T15:03:35.754785,2026-06-29T05:03:36.311533+00:00,99.2,2,ask,,,12141064
2026-06-29T15:03:35.958935,2026-06-29T05:03:36.509525+00:00,99.2,2,ask,,,12141065
2026-06-29T15:03:36.164128,2026-06-29T05:03:36.707533+00:00,99.3,2,ask,,,12141079
2026-06-29T15:03:36.369827,2026-06-29T05:03:36.916533+00:00,99.3,2,ask,,,12141085
2026-06-29T15:03:36.575858,2026-06-29T05:03:37.125533+00:00,99.3,2,ask,,,12141096
2026-06-29T15:03:36.806474,2026-06-29T05:03:37.356533+00:00,99.3,2,ask,,,12141097
2026-06-29T15:03:37.014482,2026-06-29T05:03:37.565533+00:00,99.3,2,ask,,,12141100
2026-06-29T15:03:37.220529,2026-06-29T05:03:37.774533+00:00,99.3,2,ask,,,12141105
2026-06-29T15:03:37.503624,2026-06-29T05:03:38.048987+00:00,99.4,35,ask,,,12141119
2026-06-29T15:03:37.593186,2026-06-29T05:03:38.136987+00:00,99.4,35,ask,,,12141123
2026-06-29T15:03:38.048471,2026-06-29T05:03:38.598544+00:00,99.4,200,ask,,,12141129
2026-06-29T15:03:39.701937,2026-06-29T05:03:40.248544+00:00,99.3,20,bid,,,12141160
2026-06-29T15:03:39.837037,2026-06-29T05:03:40.380544+00:00,99.3,500,bid,,,12141166
2026-06-29T15:03:40.467393,2026-06-29T05:03:41.018544+00:00,99.3,200,ask,,,12141181
2026-06-29T15:03:40.572240,2026-06-29T05:03:41.117544+00:00,99.3,11,ask,,,12141186
2026-06-29T15:03:40.630926,2026-06-29T05:03:41.183544+00:00,99.3,1,ask,,,12141189
2026-06-29T15:03:41.675149,2026-06-29T05:03:42.217544+00:00,99.3,200,ask,,,12141207
2026-06-29T15:03:42.887791,2026-06-29T05:03:43.438544+00:00,99.3,200,ask,,,12141234
2026-06-29T15:03:43.219734,2026-06-29T05:03:43.768101+00:00,99.3,8,ask,,,12141238
2026-06-29T15:03:43.429307,2026-06-29T05:03:43.977092+00:00,99.3,1,ask,,,12141244
2026-06-29T15:03:44.014598,2026-06-29T05:03:44.560101+00:00,99.4,20,bid,,,12141261
2026-06-29T15:03:44.097719,2026-06-29T05:03:44.648101+00:00,99.3,200,ask,,,12141264
2026-06-29T15:03:45.293113,2026-06-29T05:03:45.836101+00:00,99.4,500,bid,,,12141294
2026-06-29T15:03:45.332459,2026-06-29T05:03:45.880101+00:00,99.4,200,bid,,,12141300
2026-06-29T15:03:45.332459,2026-06-29T05:03:45.880101+00:00,99.6,1,bid,,,12141301
2026-06-29T15:03:45.332459,2026-06-29T05:03:45.880101+00:00,99.6,1,bid,,,12141302
2026-06-29T15:03:46.539238,2026-06-29T05:03:47.089209+00:00,99.6,200,ask,,,12141324
2026-06-29T15:03:46.647507,2026-06-29T05:03:47.199209+00:00,99.5,1,ask,,,12141327
2026-06-29T15:03:47.753923,2026-06-29T05:03:48.299209+00:00,99.4,200,ask,,,12141357
2026-06-29T15:03:48.966044,2026-06-29T05:03:49.519764+00:00,99.5,200,ask,,,12141376
2026-06-29T15:03:48.970286,2026-06-29T05:03:49.519764+00:00,99.7,20,bid,,,12141377
2026-06-29T15:03:49.508601,2026-06-29T05:03:50.058756+00:00,99.5,500,bid,,,12141387
2026-06-29T15:03:50.176925,2026-06-29T05:03:50.729765+00:00,99.4,200,ask,,,12141402
2026-06-29T15:03:50.588408,2026-06-29T05:03:51.136755+00:00,99.6,1,bid,,,12141418
2026-06-29T15:03:51.383852,2026-06-29T05:03:51.928756+00:00,99.6,200,ask,,,12141438
2026-06-29T15:03:51.485933,2026-06-29T05:03:52.038756+00:00,99.8,20,bid,,,12141441
2026-06-29T15:03:52.592708,2026-06-29T05:03:53.138776+00:00,99.5,200,ask,,,12141454
2026-06-29T15:03:53.799379,2026-06-29T05:03:54.348353+00:00,99.5,200,ask,,,12141478
2026-06-29T15:03:55.138706,2026-06-29T05:03:55.690353+00:00,99.5,20,bid,,,12141504
2026-06-29T15:03:57.430896,2026-06-29T05:03:57.977926+00:00,99.5,200,ask,,,12141541
2026-06-29T15:04:02.081151,2026-06-29T05:04:02.629839+00:00,99.6,1,ask,,,12141596
2026-06-29T15:04:02.277006,2026-06-29T05:04:02.827839+00:00,99.6,200,ask,,,12141603
2026-06-29T15:04:05.775067,2026-06-29T05:04:06.324599+00:00,99.6,20,ask,,,12141671
2026-06-29T15:04:07.112882,2026-06-29T05:04:07.666125+00:00,99.7,200,bid,,,12141694
2026-06-29T15:04:09.530903,2026-06-29T05:04:10.117789+00:00,99.6,200,ask,,,12141738
2026-06-29T15:04:11.951070,2026-06-29T05:04:12.504353+00:00,99.5,200,ask,,,12141775
2026-06-29T15:04:16.738569,2026-06-29T05:04:17.288461+00:00,99.5,20,bid,,,12141868
2026-06-29T15:04:21.601563,2026-06-29T05:04:22.149361+00:00,99.4,200,bid,,,12141939
2026-06-29T15:04:21.601563,2026-06-29T05:04:22.149361+00:00,99.4,300,bid,,,12141940
2026-06-29T15:04:22.198784,2026-06-29T05:04:22.743360+00:00,99.4,200,bid,,,12141948
2026-06-29T15:04:22.198784,2026-06-29T05:04:22.743360+00:00,99.4,72,bid,,,12141949
2026-06-29T15:04:22.853020,2026-06-29T05:04:23.403361+00:00,99.4,20,ask,,,12141966
2026-06-29T15:04:25.964574,2026-06-29T05:04:26.515190+00:00,99.4,200,ask,,,12142015
2026-06-29T15:04:25.964574,2026-06-29T05:04:26.515190+00:00,99.4,425,ask,,,12142016
2026-06-29T15:04:28.583303,2026-06-29T05:04:29.131617+00:00,99.7,1,bid,,,12142063
2026-06-29T15:04:30.139326,2026-06-29T05:04:30.682140+00:00,99.7,200,ask,,,12142086
2026-06-29T15:04:31.353948,2026-06-29T05:04:31.903149+00:00,99.7,200,ask,,,12142108
2026-06-29T15:04:32.560624,2026-06-29T05:04:33.113140+00:00,99.7,200,bid,,,12142135
2026-06-29T15:04:33.771049,2026-06-29T05:04:34.322705+00:00,99.5,1,ask,,,12142151
2026-06-29T15:04:33.771049,2026-06-29T05:04:34.322705+00:00,99.5,199,ask,,,12142152
2026-06-29T15:04:33.864809,2026-06-29T05:04:34.410706+00:00,99.6,35,bid,,,12142153
2026-06-29T15:04:33.943119,2026-06-29T05:04:34.487706+00:00,99.6,25,bid,,,12142157
2026-06-29T15:04:33.947606,2026-06-29T05:04:34.498706+00:00,99.5,2,ask,,,12142158
2026-06-29T15:04:34.151762,2026-06-29T05:04:34.696706+00:00,99.5,1,ask,,,12142164
2026-06-29T15:04:34.313257,2026-06-29T05:04:34.861706+00:00,99.6,500,bid,,,12142168
2026-06-29T15:04:34.359315,2026-06-29T05:04:34.905697+00:00,99.5,8,ask,,,12142170
2026-06-29T15:04:34.378349,2026-06-29T05:04:34.927706+00:00,99.4,2,ask,,,12142172
2026-06-29T15:04:34.454076,2026-06-29T05:04:35.004706+00:00,99.4,20,ask,,,12142174
2026-06-29T15:04:34.458897,2026-06-29T05:04:35.004706+00:00,99.4,8,ask,,,12142175
2026-06-29T15:04:34.583356,2026-06-29T05:04:35.136706+00:00,99.4,2,ask,,,12142178
2026-06-29T15:04:34.789103,2026-06-29T05:04:35.334706+00:00,99.4,2,ask,,,12142182
2026-06-29T15:04:34.907373,2026-06-29T05:04:35.455706+00:00,99.6,65,bid,,,12142183
2026-06-29T15:04:34.993158,2026-06-29T05:04:35.543706+00:00,99.6,2,ask,,,12142184
2026-06-29T15:04:35.202140,2026-06-29T05:04:35.752706+00:00,99.6,2,ask,,,12142185
2026-06-29T15:04:35.406848,2026-06-29T05:04:35.950706+00:00,99.6,2,ask,,,12142193
2026-06-29T15:04:35.611175,2026-06-29T05:04:36.159348+00:00,99.5,2,ask,,,12142203
2026-06-29T15:04:36.441833,2026-06-29T05:04:36.995393+00:00,99.6,200,ask,,,12142220
2026-06-29T15:04:37.398248,2026-06-29T05:04:37.941393+00:00,99.6,200,bid,,,12142230
2026-06-29T15:04:37.749434,2026-06-29T05:04:38.304393+00:00,99.8,2,bid,,,12142237
2026-06-29T15:04:37.749434,2026-06-29T05:04:38.304393+00:00,99.8,200,bid,,,12142238
2026-06-29T15:04:37.833303,2026-06-29T05:04:38.381392+00:00,99.8,7,ask,,,12142241
2026-06-29T15:04:38.605521,2026-06-29T05:04:39.150969+00:00,99.8,200,ask,,,12142254
2026-06-29T15:04:39.255536,2026-06-29T05:04:39.799970+00:00,99.7,20,bid,,,12142267
2026-06-29T15:04:39.810836,2026-06-29T05:04:40.360970+00:00,99.7,200,bid,,,12142276
2026-06-29T15:04:41.019526,2026-06-29T05:04:41.581969+00:00,99.7,200,bid,,,12142294
2026-06-29T15:04:42.235470,2026-06-29T05:04:42.791970+00:00,99.7,200,ask,,,12142319
2026-06-29T15:04:50.710039,2026-06-29T05:04:51.260295+00:00,99.8,200,bid,,,12142490
2026-06-29T15:04:56.756488,2026-06-29T05:04:57.308077+00:00,99.5,2,ask,,,12142605
2026-06-29T15:04:56.756488,2026-06-29T05:04:57.308077+00:00,99.5,198,ask,,,12142606
2026-06-29T15:04:56.940236,2026-06-29T05:04:57.484077+00:00,99.5,20,ask,,,12142611
2026-06-29T15:04:57.438920,2026-06-29T05:04:57.990068+00:00,99.6,10,ask,,,12142617
2026-06-29T15:04:59.048218,2026-06-29T05:04:59.594855+00:00,99.5,20,ask,,,12142652
2026-06-29T15:05:01.594772,2026-06-29T05:05:02.146460+00:00,99.7,200,bid,,,12142695
2026-06-29T15:05:02.808205,2026-06-29T05:05:03.356002+00:00,99.6,200,ask,,,12142717
2026-06-29T15:05:05.235681,2026-06-29T05:05:05.797765+00:00,99.6,200,bid,,,12142757
2026-06-29T15:05:05.344834,2026-06-29T05:05:05.896756+00:00,99.6,500,bid,,,12142758
2026-06-29T15:05:06.398933,2026-06-29T05:05:06.952335+00:00,99.6,125,ask,,,12142787
2026-06-29T15:05:06.448337,2026-06-29T05:05:06.996335+00:00,99.6,200,bid,,,12142789
2026-06-29T15:05:06.656140,2026-06-29T05:05:07.205335+00:00,99.5,4,ask,,,12142794
2026-06-29T15:05:07.661518,2026-06-29T05:05:08.217326+00:00,99.5,200,bid,,,12142810
2026-06-29T15:05:09.275389,2026-06-29T05:05:09.833130+00:00,99.6,500,bid,,,12142836
2026-06-29T15:05:09.275389,2026-06-29T05:05:09.833130+00:00,99.6,125,bid,,,12142837
2026-06-29T15:05:10.585099,2026-06-29T05:05:11.131139+00:00,99.4,4,ask,,,12142866
2026-06-29T15:05:10.585099,2026-06-29T05:05:11.131139+00:00,99.4,200,ask,,,12142867
2026-06-29T15:05:10.585099,2026-06-29T05:05:11.131139+00:00,99.3,1,ask,,,12142868
2026-06-29T15:05:11.311107,2026-06-29T05:05:11.857139+00:00,99.3,200,bid,,,12142886
2026-06-29T15:05:16.108478,2026-06-29T05:05:16.662903+00:00,99.4,20,bid,,,12142969
2026-06-29T15:05:17.362315,2026-06-29T05:05:17.905902+00:00,99.3,3,ask,,,12142988
2026-06-29T15:05:17.362315,2026-06-29T05:05:17.916902+00:00,99.3,197,ask,,,12142989
2026-06-29T15:05:21.243827,2026-06-29T05:05:21.788474+00:00,99.5,1,bid,,,12143047
2026-06-29T15:05:21.243827,2026-06-29T05:05:21.799474+00:00,99.5,19,bid,,,12143048
2026-06-29T15:05:23.410769,2026-06-29T05:05:23.955024+00:00,99.3,2,ask,,,12143094
2026-06-29T15:05:23.410769,2026-06-29T05:05:23.955024+00:00,99.3,198,ask,,,12143095
2026-06-29T15:05:24.985005,2026-06-29T05:05:25.539044+00:00,99.3,200,bid,,,12143134
2026-06-29T15:05:25.834627,2026-06-29T05:05:26.385623+00:00,99.5,200,bid,,,12143153
2026-06-29T15:05:26.083205,2026-06-29T05:05:26.638148+00:00,99.3,20,ask,,,12143157
2026-06-29T15:05:27.751744,2026-06-29T05:05:28.299157+00:00,99.3,10,ask,,,12143186
2026-06-29T15:05:27.751744,2026-06-29T05:05:28.299157+00:00,99.3,10,ask,,,12143187
2026-06-29T15:05:29.469609,2026-06-29T05:05:30.025820+00:00,99.4,200,bid,,,12143225
2026-06-29T15:05:30.678811,2026-06-29T05:05:31.225337+00:00,99.4,200,bid,,,12143241
2026-06-29T15:05:31.896108,2026-06-29T05:05:32.446336+00:00,99.4,200,bid,,,12143269
2026-06-29T15:05:38.524815,2026-06-29T05:05:39.077166+00:00,99.4,20,ask,,,12143387
2026-06-29T15:05:39.427714,2026-06-29T05:05:39.979165+00:00,99.5,200,bid,,,12143403
2026-06-29T15:05:40.352712,2026-06-29T05:05:40.903601+00:00,99.5,200,ask,,,12143422
2026-06-29T15:05:40.672236,2026-06-29T05:05:41.222593+00:00,99.6,1,bid,,,12143427
2026-06-29T15:05:40.672236,2026-06-29T05:05:41.222593+00:00,99.6,1,bid,,,12143428
2026-06-29T15:05:40.740368,2026-06-29T05:05:41.288601+00:00,99.4,500,ask,,,12143434
2026-06-29T15:05:40.821207,2026-06-29T05:05:41.365601+00:00,99.4,49,bid,,,12143438
2026-06-29T15:05:41.558692,2026-06-29T05:05:42.102602+00:00,99.4,76,bid,,,12143459
2026-06-29T15:05:42.047275,2026-06-29T05:05:42.597601+00:00,99.6,200,bid,,,12143466
2026-06-29T15:05:42.047275,2026-06-29T05:05:42.597601+00:00,99.6,1,bid,,,12143467
2026-06-29T15:05:42.084106,2026-06-29T05:05:42.630602+00:00,99.6,20,ask,,,12143468
2026-06-29T15:05:42.775394,2026-06-29T05:05:43.323601+00:00,99.6,200,ask,,,12143484
2026-06-29T15:05:43.984319,2026-06-29T05:05:44.533138+00:00,99.6,200,bid,,,12143513
2026-06-29T15:05:47.299040,2026-06-29T05:05:47.843719+00:00,99.6,200,ask,,,12143577
2026-06-29T15:05:47.621072,2026-06-29T05:05:48.173720+00:00,99.6,200,bid,,,12143589
2026-06-29T15:05:48.831965,2026-06-29T05:05:49.382416+00:00,99.7,1,bid,,,12143612
2026-06-29T15:05:48.831965,2026-06-29T05:05:49.382416+00:00,99.7,1,bid,,,12143613
2026-06-29T15:05:48.831965,2026-06-29T05:05:49.382416+00:00,99.7,198,bid,,,12143614
2026-06-29T15:05:52.480737,2026-06-29T05:05:53.034415+00:00,99.7,1,bid,,,12143696
2026-06-29T15:05:52.480737,2026-06-29T05:05:53.034415+00:00,99.8,199,bid,,,12143697
2026-06-29T15:05:53.690589,2026-06-29T05:05:54.243138+00:00,99.7,200,ask,,,12143721
2026-06-29T15:05:54.905739,2026-06-29T05:05:55.453129+00:00,99.7,25,bid,,,12143748
2026-06-29T15:05:54.932811,2026-06-29T05:05:55.486129+00:00,99.7,35,bid,,,12143749
2026-06-29T15:05:54.973090,2026-06-29T05:05:55.519129+00:00,99.7,25,bid,,,12143754
2026-06-29T15:05:55.021972,2026-06-29T05:05:55.574129+00:00,99.7,15,bid,,,12143758
2026-06-29T15:05:58.529640,2026-06-29T05:05:59.080571+00:00,99.8,200,bid,,,12143834
2026-06-29T15:05:59.110244,2026-06-29T05:05:59.663571+00:00,99.8,20,bid,,,12143843
2026-06-29T15:05:59.118484,2026-06-29T05:05:59.663571+00:00,99.9,1,bid,,,12143844
2026-06-29T15:05:59.738617,2026-06-29T05:06:00.290563+00:00,99.9,200,ask,,,12143858
2026-06-29T15:06:04.399715,2026-06-29T05:06:04.953221+00:00,99.9,25,bid,,,12143920
2026-06-29T15:06:04.405929,2026-06-29T05:06:04.953221+00:00,99.9,35,bid,,,12143921
2026-06-29T15:06:04.494114,2026-06-29T05:06:05.041220+00:00,99.9,35,bid,,,12143923
2026-06-29T15:06:04.560844,2026-06-29T05:06:05.107220+00:00,99.9,5,bid,,,12143927
2026-06-29T15:06:04.804004,2026-06-29T05:06:05.349241+00:00,99.7,1,ask,,,12143930
2026-06-29T15:06:04.804004,2026-06-29T05:06:05.349241+00:00,99.7,19,ask,,,12143931
2026-06-29T15:06:06.204939,2026-06-29T05:06:06.756792+00:00,99.8,20,ask,,,12143956
2026-06-29T15:06:06.956062,2026-06-29T05:06:07.504813+00:00,99.9,200,bid,,,12143970
2026-06-29T15:06:06.971820,2026-06-29T05:06:07.515812+00:00,99.9,25,ask,,,12143971
2026-06-29T15:06:06.991729,2026-06-29T05:06:07.537812+00:00,99.9,35,ask,,,12143974
2026-06-29T15:06:07.025954,2026-06-29T05:06:07.570812+00:00,99.9,25,ask,,,12143977
2026-06-29T15:06:07.034806,2026-06-29T05:06:07.581813+00:00,99.9,200,ask,,,12143978
2026-06-29T15:06:07.085098,2026-06-29T05:06:07.636812+00:00,99.9,15,ask,,,12143981
2026-06-29T15:06:08.244667,2026-06-29T05:06:08.791298+00:00,99.9,25,ask,,,12144005
2026-06-29T15:06:08.296130,2026-06-29T05:06:08.846297+00:00,99.9,8,ask,,,12144009
2026-06-29T15:06:09.449974,2026-06-29T05:06:10.001288+00:00,99.9,200,ask,,,12144037
2026-06-29T15:06:09.600590,2026-06-29T05:06:10.155289+00:00,99.9,300,ask,,,12144038
2026-06-29T15:06:09.658912,2026-06-29T05:06:10.210289+00:00,99.9,25,bid,,,12144043
2026-06-29T15:06:09.662679,2026-06-29T05:06:10.210289+00:00,99.9,11,bid,,,12144044
2026-06-29T15:06:10.000063,2026-06-29T05:06:10.551288+00:00,99.9,289,bid,,,12144053
2026-06-29T15:06:13.070004,2026-06-29T05:06:13.618759+00:00,99.9,200,ask,,,12144109
2026-06-29T15:06:16.727524,2026-06-29T05:06:17.270324+00:00,99.9,35,ask,,,12144165
2026-06-29T15:06:16.815863,2026-06-29T05:06:17.369333+00:00,99.9,35,ask,,,12144169
2026-06-29T15:06:16.876325,2026-06-29T05:06:17.424333+00:00,99.9,25,ask,,,12144170
2026-06-29T15:06:16.906273,2026-06-29T05:06:17.457332+00:00,99.9,35,ask,,,12144175
2026-06-29T15:06:16.994202,2026-06-29T05:06:17.545325+00:00,99.9,17,ask,,,12144177
2026-06-29T15:06:19.113475,2026-06-29T05:06:19.656921+00:00,99.8,6,ask,,,12144217
2026-06-29T15:06:19.113475,2026-06-29T05:06:19.667921+00:00,99.8,14,ask,,,12144218
2026-06-29T15:06:21.600930,2026-06-29T05:06:22.153488+00:00,99.9,20,bid,,,12144286
2026-06-29T15:06:22.777948,2026-06-29T05:06:23.330488+00:00,99.9,200,bid,,,12144309
2026-06-29T15:06:23.986314,2026-06-29T05:06:24.539566+00:00,100.0,200,bid,,,12144333
2026-06-29T15:06:25.193139,2026-06-29T05:06:25.749565+00:00,100.0,200,bid,,,12144359
2026-06-29T15:06:27.942430,2026-06-29T05:06:28.530436+00:00,100.0,500,bid,,,12144403
2026-06-29T15:06:27.942430,2026-06-29T05:06:28.530436+00:00,100.1,1,bid,,,12144404
2026-06-29T15:06:27.942430,2026-06-29T05:06:28.530436+00:00,100.1,1,bid,,,12144405
2026-06-29T15:06:27.942430,2026-06-29T05:06:28.530436+00:00,100.1,123,bid,,,12144406
2026-06-29T15:06:30.000786,2026-06-29T05:06:30.576437+00:00,99.9,200,ask,,,12144435
2026-06-29T15:06:30.034831,2026-06-29T05:06:30.587437+00:00,99.9,25,bid,,,12144437
2026-06-29T15:06:30.059468,2026-06-29T05:06:30.620436+00:00,99.9,35,bid,,,12144440
2026-06-29T15:06:30.119067,2026-06-29T05:06:30.664437+00:00,99.9,25,bid,,,12144443
2026-06-29T15:06:30.152497,2026-06-29T05:06:30.697429+00:00,99.9,35,bid,,,12144448
2026-06-29T15:06:30.242889,2026-06-29T05:06:30.796436+00:00,99.9,22,bid,,,12144451
2026-06-29T15:06:30.245834,2026-06-29T05:06:30.796436+00:00,99.9,22,bid,,,12144452
2026-06-29T15:06:30.330419,2026-06-29T05:06:30.873437+00:00,99.8,2,ask,,,12144456
2026-06-29T15:06:30.330419,2026-06-29T05:06:30.884436+00:00,99.8,20,ask,,,12144457
2026-06-29T15:06:30.564160,2026-06-29T05:06:31.115437+00:00,99.9,136,bid,,,12144458
2026-06-29T15:06:30.564160,2026-06-29T05:06:31.115437+00:00,99.9,200,bid,,,12144459
2026-06-29T15:06:30.593798,2026-06-29T05:06:31.148436+00:00,99.9,289,ask,,,12144462
2026-06-29T15:06:31.387579,2026-06-29T05:06:31.940436+00:00,99.8,35,ask,,,12144477
2026-06-29T15:06:31.453163,2026-06-29T05:06:32.006437+00:00,99.8,14,ask,,,12144481
2026-06-29T15:06:31.462071,2026-06-29T05:06:32.006437+00:00,99.9,2,bid,,,12144484
2026-06-29T15:06:31.666655,2026-06-29T05:06:32.215437+00:00,99.9,2,bid,,,12144487
2026-06-29T15:06:31.871841,2026-06-29T05:06:32.424437+00:00,99.9,2,bid,,,12144498
2026-06-29T15:06:32.076571,2026-06-29T05:06:32.633437+00:00,99.9,2,bid,,,12144505
2026-06-29T15:06:32.281665,2026-06-29T05:06:32.831437+00:00,99.9,2,bid,,,12144508
2026-06-29T15:06:32.480063,2026-06-29T05:06:33.029429+00:00,99.8,2,ask,,,12144511
2026-06-29T15:06:32.488079,2026-06-29T05:06:33.040428+00:00,99.8,2,bid,,,12144512
2026-06-29T15:06:32.692657,2026-06-29T05:06:33.238428+00:00,99.8,2,bid,,,12144514
2026-06-29T15:06:35.867690,2026-06-29T05:06:36.421041+00:00,99.7,20,bid,,,12144580
2026-06-29T15:06:38.420332,2026-06-29T05:06:38.972132+00:00,99.6,1,ask,,,12144629
2026-06-29T15:06:38.420332,2026-06-29T05:06:38.972132+00:00,99.6,200,ask,,,12144630
2026-06-29T15:06:39.760759,2026-06-29T05:06:40.380123+00:00,99.5,1,ask,,,12144647
2026-06-29T15:06:39.760759,2026-06-29T05:06:40.380123+00:00,99.5,199,ask,,,12144648
2026-06-29T15:06:43.393370,2026-06-29T05:06:43.943196+00:00,99.4,1,ask,,,12144724
2026-06-29T15:06:43.393370,2026-06-29T05:06:43.943196+00:00,99.4,199,ask,,,12144725
2026-06-29T15:06:44.599511,2026-06-29T05:06:45.153204+00:00,99.3,200,bid,,,12144739
2026-06-29T15:06:49.455163,2026-06-29T05:06:50.002485+00:00,99.0,1,ask,,,12144829
2026-06-29T15:06:49.455163,2026-06-29T05:06:50.002485+00:00,99.0,199,ask,,,12144830
2026-06-29T15:06:50.217853,2026-06-29T05:06:50.772485+00:00,99.0,500,ask,,,12144837
2026-06-29T15:06:50.567265,2026-06-29T05:06:51.113477+00:00,99.0,125,bid,,,12144842
2026-06-29T15:06:50.663901,2026-06-29T05:06:51.212476+00:00,99.0,200,ask,,,12144849
2026-06-29T15:06:51.331536,2026-06-29T05:06:51.883485+00:00,99.3,1,ask,,,12144857
2026-06-29T15:06:51.541424,2026-06-29T05:06:52.092485+00:00,99.2,25,ask,,,12144863
2026-06-29T15:06:51.562922,2026-06-29T05:06:52.114485+00:00,99.2,25,ask,,,12144865
2026-06-29T15:06:51.589845,2026-06-29T05:06:52.136485+00:00,99.2,35,ask,,,12144868
2026-06-29T15:06:51.756063,2026-06-29T05:06:52.301486+00:00,99.2,14,ask,,,12144870
2026-06-29T15:06:51.874369,2026-06-29T05:06:52.422485+00:00,99.2,200,ask,,,12144875
2026-06-29T15:06:52.920449,2026-06-29T05:06:53.467485+00:00,99.4,20,bid,,,12144888
2026-06-29T15:06:53.082414,2026-06-29T05:06:53.631612+00:00,99.2,200,ask,,,12144893
2026-06-29T15:06:54.159544,2026-06-29T05:06:54.709145+00:00,99.2,35,bid,,,12144921
2026-06-29T15:06:54.176875,2026-06-29T05:06:54.720146+00:00,99.2,14,bid,,,12144924
2026-06-29T15:06:56.786217,2026-06-29T05:06:57.337713+00:00,99.2,25,ask,,,12144962
2026-06-29T15:06:56.818604,2026-06-29T05:06:57.370713+00:00,99.2,35,ask,,,12144966
2026-06-29T15:06:58.801471,2026-06-29T05:06:59.349398+00:00,99.2,1,ask,,,12144995
2026-06-29T15:06:59.144143,2026-06-29T05:06:59.690398+00:00,99.2,1,ask,,,12145004
2026-06-29T15:07:04.840386,2026-06-29T05:07:05.387086+00:00,99.3,20,bid,,,12145104
2026-06-29T15:07:05.433529,2026-06-29T05:07:05.981087+00:00,99.2,1,ask,,,12145118
2026-06-29T15:07:06.286648,2026-06-29T05:07:06.838695+00:00,99.3,8,bid,,,12145134
2026-06-29T15:07:06.475013,2026-06-29T05:07:07.025695+00:00,99.2,8,bid,,,12145144
2026-06-29T15:07:06.577823,2026-06-29T05:07:07.124695+00:00,99.2,7,bid,,,12145151
2026-06-29T15:07:07.249574,2026-06-29T05:07:07.883686+00:00,99.1,1,ask,,,12145170
2026-06-29T15:07:07.249574,2026-06-29T05:07:07.883686+00:00,99.0,200,ask,,,12145171
2026-06-29T15:07:07.551405,2026-06-29T05:07:08.169686+00:00,99.0,424,bid,,,12145174
2026-06-29T15:07:08.556509,2026-06-29T05:07:09.191665+00:00,99.1,200,bid,,,12145202
2026-06-29T15:07:08.800909,2026-06-29T05:07:09.433665+00:00,99.3,200,ask,,,12145206
2026-06-29T15:07:11.235507,2026-06-29T05:07:11.787665+00:00,99.3,200,bid,,,12145249
2026-06-29T15:07:12.975312,2026-06-29T05:07:13.525259+00:00,99.4,20,bid,,,12145290
2026-06-29T15:07:13.358963,2026-06-29T05:07:13.910259+00:00,99.4,20,bid,,,12145295
2026-06-29T15:07:13.836591,2026-06-29T05:07:14.382793+00:00,99.3,200,ask,,,12145314
2026-06-29T15:07:16.085714,2026-06-29T05:07:16.637880+00:00,99.2,200,ask,,,12145356
2026-06-29T15:07:18.509655,2026-06-29T05:07:19.057049+00:00,99.2,200,ask,,,12145406
2026-06-29T15:07:19.718687,2026-06-29T05:07:20.266583+00:00,99.2,200,ask,,,12145433
2026-06-29T15:07:20.017723,2026-06-29T05:07:20.563583+00:00,99.2,20,ask,,,12145440
2026-06-29T15:07:23.025717,2026-06-29T05:07:23.577159+00:00,99.4,500,bid,,,12145503
2026-06-29T15:07:23.308234,2026-06-29T05:07:23.852159+00:00,99.4,125,ask,,,12145509
2026-06-29T15:07:23.347851,2026-06-29T05:07:23.896159+00:00,99.4,200,bid,,,12145511
2026-06-29T15:07:24.405673,2026-06-29T05:07:24.952159+00:00,99.2,35,bid,,,12145533
2026-06-29T15:07:24.433984,2026-06-29T05:07:24.985159+00:00,99.1,1,ask,,,12145536
2026-06-29T15:07:24.442899,2026-06-29T05:07:24.996159+00:00,99.2,25,bid,,,12145538
2026-06-29T15:07:24.462314,2026-06-29T05:07:25.007159+00:00,99.2,25,bid,,,12145540
2026-06-29T15:07:24.494211,2026-06-29T05:07:25.040159+00:00,99.2,13,bid,,,12145543
2026-06-29T15:07:24.559880,2026-06-29T05:07:25.106159+00:00,99.2,200,bid,,,12145547
2026-06-29T15:07:25.175946,2026-06-29T05:07:25.722159+00:00,99.1,10,ask,,,12145564
2026-06-29T15:07:25.345321,2026-06-29T05:07:25.898150+00:00,99.1,10,ask,,,12145572
2026-06-29T15:07:25.649155,2026-06-29T05:07:26.194733+00:00,99.1,25,ask,,,12145577
2026-06-29T15:07:25.668676,2026-06-29T05:07:26.216739+00:00,99.1,1,ask,,,12145579
2026-06-29T15:07:25.676767,2026-06-29T05:07:26.227739+00:00,99.1,1,ask,,,12145581
2026-06-29T15:07:25.681042,2026-06-29T05:07:26.227739+00:00,99.3,1,bid,,,12145582
2026-06-29T15:07:25.772322,2026-06-29T05:07:26.315739+00:00,99.3,200,bid,,,12145584
2026-06-29T15:07:28.190127,2026-06-29T05:07:28.734832+00:00,99.4,200,bid,,,12145627
2026-06-29T15:07:28.259033,2026-06-29T05:07:28.811832+00:00,99.4,500,bid,,,12145632
2026-06-29T15:07:28.758080,2026-06-29T05:07:29.306831+00:00,99.4,125,ask,,,12145642
2026-06-29T15:07:32.181511,2026-06-29T05:07:32.882843+00:00,99.3,200,bid,,,12145723
2026-06-29T15:07:32.380075,2026-06-29T05:07:33.036852+00:00,99.3,425,ask,,,12145737
2026-06-29T15:07:32.723776,2026-06-29T05:07:33.377852+00:00,99.3,20,bid,,,12145744
2026-06-29T15:07:33.495274,2026-06-29T05:07:34.136983+00:00,99.2,200,ask,,,12145761
2026-06-29T15:07:33.495274,2026-06-29T05:07:34.147991+00:00,99.1,2,ask,,,12145762
2026-06-29T15:07:33.495274,2026-06-29T05:07:34.147991+00:00,99.1,1,ask,,,12145763
2026-06-29T15:07:33.504833,2026-06-29T05:07:34.147991+00:00,99.1,100,bid,,,12145764
2026-06-29T15:07:33.595258,2026-06-29T05:07:34.257991+00:00,99.1,2,bid,,,12145768
2026-06-29T15:07:34.224313,2026-06-29T05:07:34.774982+00:00,99.1,200,bid,,,12145785
2026-06-29T15:07:34.673537,2026-06-29T05:07:35.225991+00:00,99.0,3,ask,,,12145794
2026-06-29T15:07:34.702728,2026-06-29T05:07:35.247983+00:00,98.9,25,ask,,,12145795
2026-06-29T15:07:34.761709,2026-06-29T05:07:35.313991+00:00,98.9,35,ask,,,12145800
2026-06-29T15:07:34.930550,2026-06-29T05:07:35.478991+00:00,99.0,35,ask,,,12145812
2026-06-29T15:07:35.437526,2026-06-29T05:07:35.984992+00:00,99.2,200,bid,,,12145816
2026-06-29T15:07:37.834412,2026-06-29T05:07:38.393555+00:00,99.1,2,ask,,,12145884
2026-06-29T15:07:37.834412,2026-06-29T05:07:38.393555+00:00,99.1,200,ask,,,12145885
2026-06-29T15:07:37.834412,2026-06-29T05:07:38.393555+00:00,99.1,298,ask,,,12145886
2026-06-29T15:07:40.296493,2026-06-29T05:07:40.845973+00:00,99.2,200,bid,,,12145923
2026-06-29T15:07:41.412392,2026-06-29T05:07:41.956973+00:00,99.1,500,bid,,,12145949
2026-06-29T15:07:41.469775,2026-06-29T05:07:42.022973+00:00,99.1,125,ask,,,12145951
2026-06-29T15:07:42.077237,2026-06-29T05:07:42.627964+00:00,99.0,5,ask,,,12145967
2026-06-29T15:07:42.077237,2026-06-29T05:07:42.627964+00:00,99.0,200,ask,,,12145968
2026-06-29T15:07:43.938613,2026-06-29T05:07:44.486530+00:00,98.9,2,ask,,,12146004
2026-06-29T15:07:43.938613,2026-06-29T05:07:44.497530+00:00,98.9,198,ask,,,12146005
2026-06-29T15:07:45.349963,2026-06-29T05:07:45.894679+00:00,98.9,8,ask,,,12146034
2026-06-29T15:07:45.349963,2026-06-29T05:07:45.905679+00:00,98.9,200,ask,,,12146035
2026-06-29T15:07:45.374349,2026-06-29T05:07:45.927679+00:00,98.9,35,bid,,,12146036
2026-06-29T15:07:45.463681,2026-06-29T05:07:46.015679+00:00,98.9,35,bid,,,12146038
2026-06-29T15:07:45.498041,2026-06-29T05:07:46.048679+00:00,98.9,25,bid,,,12146041
2026-06-29T15:07:45.534748,2026-06-29T05:07:46.081249+00:00,98.9,25,bid,,,12146043
2026-06-29T15:07:45.553059,2026-06-29T05:07:46.103249+00:00,98.9,30,bid,,,12146045
2026-06-29T15:07:46.359601,2026-06-29T05:07:46.906249+00:00,98.9,200,bid,,,12146055
2026-06-29T15:07:46.663313,2026-06-29T05:07:47.214249+00:00,99.0,500,bid,,,12146063
2026-06-29T15:07:46.916714,2026-06-29T05:07:47.467249+00:00,99.0,125,ask,,,12146066
2026-06-29T15:07:46.929518,2026-06-29T05:07:47.478249+00:00,99.0,5,bid,,,12146067
2026-06-29T15:07:47.976324,2026-06-29T05:07:48.533960+00:00,98.9,200,ask,,,12146084
2026-06-29T15:07:48.778182,2026-06-29T05:07:49.325951+00:00,98.8,4,ask,,,12146096
2026-06-29T15:07:49.282969,2026-06-29T05:07:49.831467+00:00,98.8,196,bid,,,12146106
2026-06-29T15:07:49.725548,2026-06-29T05:07:50.271466+00:00,98.9,20,ask,,,12146115
2026-06-29T15:07:49.984644,2026-06-29T05:07:50.535475+00:00,98.9,200,ask,,,12146118
2026-06-29T15:07:50.386456,2026-06-29T05:07:50.931475+00:00,99.0,16,bid,,,12146134
2026-06-29T15:07:50.518798,2026-06-29T05:07:51.063467+00:00,99.0,25,bid,,,12146137
2026-06-29T15:07:50.555605,2026-06-29T05:07:51.107467+00:00,99.0,25,bid,,,12146140
2026-06-29T15:07:50.562604,2026-06-29T05:07:51.107467+00:00,98.9,8,ask,,,12146142
2026-06-29T15:07:50.662814,2026-06-29T05:07:51.206466+00:00,99.0,8,bid,,,12146148
2026-06-29T15:07:50.677180,2026-06-29T05:07:51.228466+00:00,98.9,8,ask,,,12146151
2026-06-29T15:07:50.728174,2026-06-29T05:07:51.272466+00:00,99.0,25,bid,,,12146157
2026-06-29T15:07:50.764291,2026-06-29T05:07:51.316466+00:00,99.0,25,bid,,,12146160
2026-06-29T15:07:50.777537,2026-06-29T05:07:51.327466+00:00,99.0,8,bid,,,12146161
2026-06-29T15:07:50.937505,2026-06-29T05:07:51.481475+00:00,99.0,25,bid,,,12146174
2026-06-29T15:07:50.941309,2026-06-29T05:07:51.492475+00:00,98.9,2,ask,,,12146175
2026-06-29T15:07:51.150328,2026-06-29T05:07:51.712475+00:00,98.9,2,ask,,,12146180
2026-06-29T15:07:51.355844,2026-06-29T05:07:51.899466+00:00,98.9,2,ask,,,12146182
2026-06-29T15:07:51.563099,2026-06-29T05:07:52.108466+00:00,98.9,1,ask,,,12146190
2026-06-29T15:07:53.211989,2026-06-29T05:07:53.757811+00:00,99.0,200,bid,,,12146223
2026-06-29T15:07:53.576578,2026-06-29T05:07:54.120811+00:00,99.0,425,ask,,,12146232
2026-06-29T15:07:54.520814,2026-06-29T05:07:55.077819+00:00,98.9,200,ask,,,12146253
2026-06-29T15:07:54.811133,2026-06-29T05:07:55.385819+00:00,98.9,200,bid,,,12146256
2026-06-29T15:07:54.955635,2026-06-29T05:07:55.572819+00:00,98.8,1,ask,,,12146262
2026-06-29T15:07:55.829595,2026-06-29T05:07:56.430052+00:00,98.9,500,bid,,,12146281
2026-06-29T15:07:55.982166,2026-06-29T05:07:56.584052+00:00,98.9,125,ask,,,12146288
2026-06-29T15:07:55.982166,2026-06-29T05:07:56.584052+00:00,98.8,6,ask,,,12146289
2026-06-29T15:07:56.021935,2026-06-29T05:07:56.606052+00:00,98.8,200,bid,,,12146290
2026-06-29T15:07:56.776394,2026-06-29T05:07:57.376052+00:00,98.7,5,ask,,,12146313
2026-06-29T15:07:56.787799,2026-06-29T05:07:57.387052+00:00,98.5,1,ask,,,12146315
2026-06-29T15:07:56.787799,2026-06-29T05:07:57.387052+00:00,98.2,1,ask,,,12146316
2026-06-29T15:07:56.994696,2026-06-29T05:07:57.958586+00:00,98.2,2,ask,,,12146321
2026-06-29T15:07:57.166636,2026-06-29T05:07:57.958586+00:00,98.7,24,ask,,,12146332
2026-06-29T15:07:57.201219,2026-06-29T05:07:57.958586+00:00,98.7,2,ask,,,12146335
2026-06-29T15:07:57.230494,2026-06-29T05:07:57.958586+00:00,98.8,200,bid,,,12146336
2026-06-29T15:07:57.405647,2026-06-29T05:07:58.002586+00:00,98.7,2,ask,,,12146347
2026-06-29T15:07:57.610190,2026-06-29T05:07:58.200586+00:00,98.7,2,ask,,,12146353
2026-06-29T15:07:57.815358,2026-06-29T05:07:58.398586+00:00,98.7,2,ask,,,12146358
2026-06-29T15:07:58.020400,2026-06-29T05:07:58.629144+00:00,98.7,2,ask,,,12146364
2026-06-29T15:07:58.225425,2026-06-29T05:07:58.772144+00:00,98.7,2,ask,,,12146368
2026-06-29T15:07:58.431845,2026-06-29T05:07:58.981144+00:00,98.7,2,ask,,,12146370
2026-06-29T15:07:58.439195,2026-06-29T05:07:58.992144+00:00,98.9,200,bid,,,12146371
2026-06-29T15:07:58.638001,2026-06-29T05:07:59.190145+00:00,98.8,2,ask,,,12146376
2026-06-29T15:07:59.648885,2026-06-29T05:08:00.202144+00:00,98.9,200,bid,,,12146388
2026-06-29T15:08:00.855399,2026-06-29T05:08:01.401144+00:00,98.9,200,bid,,,12146409
2026-06-29T15:08:01.231349,2026-06-29T05:08:01.775144+00:00,98.8,20,ask,,,12146415
2026-06-29T15:08:02.062382,2026-06-29T05:08:02.611144+00:00,98.9,200,bid,,,12146429
2026-06-29T15:08:02.551735,2026-06-29T05:08:03.095135+00:00,98.7,4,ask,,,12146440
2026-06-29T15:08:02.551735,2026-06-29T05:08:03.106144+00:00,98.7,16,ask,,,12146441
2026-06-29T15:08:03.272625,2026-06-29T05:08:03.820434+00:00,98.9,200,bid,,,12146453
2026-06-29T15:08:03.745712,2026-06-29T05:08:04.292967+00:00,98.8,35,ask,,,12146464
2026-06-29T15:08:03.796247,2026-06-29T05:08:04.347967+00:00,98.8,19,ask,,,12146465
2026-06-29T15:08:03.852665,2026-06-29T05:08:04.402960+00:00,98.8,500,ask,,,12146467
2026-06-29T15:08:04.446586,2026-06-29T05:08:04.996967+00:00,98.8,71,ask,,,12146473
2026-06-29T15:08:04.461756,2026-06-29T05:08:05.018967+00:00,98.8,20,bid,,,12146477
2026-06-29T15:08:04.484035,2026-06-29T05:08:05.040967+00:00,98.8,200,bid,,,12146478
2026-06-29T15:08:05.005502,2026-06-29T05:08:05.557958+00:00,98.7,4,ask,,,12146499
2026-06-29T15:08:05.606025,2026-06-29T05:08:06.151540+00:00,98.5,20,bid,,,12146508
2026-06-29T15:08:05.700259,2026-06-29T05:08:06.250540+00:00,98.5,200,bid,,,12146510
2026-06-29T15:08:06.326588,2026-06-29T05:08:06.877540+00:00,98.5,1,ask,,,12146526
2026-06-29T15:08:06.411069,2026-06-29T05:08:06.965538+00:00,98.5,25,ask,,,12146528
2026-06-29T15:08:06.421495,2026-06-29T05:08:06.976540+00:00,98.5,48,ask,,,12146531
2026-06-29T15:08:06.424551,2026-06-29T05:08:06.976540+00:00,98.7,2,bid,,,12146532
2026-06-29T15:08:06.629525,2026-06-29T05:08:07.174540+00:00,98.7,2,bid,,,12146536
2026-06-29T15:08:06.837406,2026-06-29T05:08:07.383540+00:00,98.7,2,bid,,,12146538
2026-06-29T15:08:06.907744,2026-06-29T05:08:07.460540+00:00,98.7,200,bid,,,12146539
2026-06-29T15:08:07.042522,2026-06-29T05:08:07.592541+00:00,98.7,2,bid,,,12146542
2026-06-29T15:08:07.248560,2026-06-29T05:08:07.801540+00:00,98.7,2,bid,,,12146550
2026-06-29T15:08:07.452703,2026-06-29T05:08:07.999540+00:00,98.7,2,bid,,,12146551
2026-06-29T15:08:07.660673,2026-06-29T05:08:08.208540+00:00,98.7,2,bid,,,12146557
2026-06-29T15:08:07.866674,2026-06-29T05:08:08.417540+00:00,98.7,2,bid,,,12146564
2026-06-29T15:08:08.072331,2026-06-29T05:08:08.626196+00:00,98.7,2,bid,,,12146571
2026-06-29T15:08:08.126943,2026-06-29T05:08:08.681196+00:00,98.6,200,bid,,,12146574
2026-06-29T15:08:08.276826,2026-06-29T05:08:08.824196+00:00,98.6,2,bid,,,12146579
2026-06-29T15:08:08.481318,2026-06-29T05:08:09.033196+00:00,98.6,2,bid,,,12146583
2026-06-29T15:08:08.706259,2026-06-29T05:08:09.253160+00:00,98.7,2,bid,,,12146591
2026-06-29T15:08:08.911066,2026-06-29T05:08:09.462159+00:00,98.7,1,bid,,,12146595
2026-06-29T15:08:09.334848,2026-06-29T05:08:09.880160+00:00,98.7,200,bid,,,12146601
2026-06-29T15:08:09.462158,2026-06-29T05:08:10.012159+00:00,98.5,25,ask,,,12146605
2026-06-29T15:08:09.475933,2026-06-29T05:08:10.023159+00:00,98.5,25,ask,,,12146608
2026-06-29T15:08:10.509326,2026-06-29T05:08:11.057160+00:00,98.6,500,ask,,,12146627
2026-06-29T15:08:11.559201,2026-06-29T05:08:12.113159+00:00,98.5,200,ask,,,12146645
2026-06-29T15:08:11.756443,2026-06-29T05:08:12.310686+00:00,98.4,200,bid,,,12146646
2026-06-29T15:08:12.276459,2026-06-29T05:08:12.827687+00:00,98.3,2,ask,,,12146654
2026-06-29T15:08:12.286130,2026-06-29T05:08:12.838686+00:00,98.2,1,ask,,,12146656
2026-06-29T15:08:12.286130,2026-06-29T05:08:12.838686+00:00,98.2,1,ask,,,12146657
2026-06-29T15:08:12.450857,2026-06-29T05:08:13.003686+00:00,98.3,1,ask,,,12146660
2026-06-29T15:08:12.495316,2026-06-29T05:08:13.047686+00:00,98.2,2,ask,,,12146665
2026-06-29T15:08:12.699766,2026-06-29T05:08:13.245685+00:00,98.2,2,ask,,,12146668
2026-06-29T15:08:12.724680,2026-06-29T05:08:13.278685+00:00,98.3,2,ask,,,12146669
2026-06-29T15:08:12.904546,2026-06-29T05:08:13.454686+00:00,98.4,18,ask,,,12146676
2026-06-29T15:08:12.912573,2026-06-29T05:08:13.465685+00:00,98.4,2,ask,,,12146678
2026-06-29T15:08:12.950037,2026-06-29T05:08:13.498685+00:00,98.4,25,ask,,,12146679
2026-06-29T15:08:12.966676,2026-06-29T05:08:13.520685+00:00,98.4,59,ask,,,12146683
2026-06-29T15:08:13.119254,2026-06-29T05:08:13.674686+00:00,98.4,2,ask,,,12146688
2026-06-29T15:08:13.169081,2026-06-29T05:08:13.718686+00:00,98.4,25,ask,,,12146692
2026-06-29T15:08:13.323856,2026-06-29T05:08:13.872686+00:00,98.4,2,ask,,,12146694
2026-06-29T15:08:13.555936,2026-06-29T05:08:14.103694+00:00,98.4,2,ask,,,12146698
2026-06-29T15:08:13.760436,2026-06-29T05:08:14.312714+00:00,98.4,2,ask,,,12146700
2026-06-29T15:08:13.966380,2026-06-29T05:08:14.510715+00:00,98.4,2,ask,,,12146702
2026-06-29T15:08:14.172904,2026-06-29T05:08:14.719715+00:00,98.4,1,ask,,,12146708
2026-06-29T15:08:14.172904,2026-06-29T05:08:14.719715+00:00,98.3,1,ask,,,12146709
2026-06-29T15:08:14.378883,2026-06-29T05:08:14.928715+00:00,98.4,2,ask,,,12146717
2026-06-29T15:08:14.583219,2026-06-29T05:08:15.137715+00:00,98.3,1,ask,,,12146721
2026-06-29T15:08:14.765760,2026-06-29T05:08:15.324715+00:00,98.3,20,ask,,,12146729
2026-06-29T15:08:15.503429,2026-06-29T05:08:16.050715+00:00,98.4,200,bid,,,12146739
2026-06-29T15:08:15.816874,2026-06-29T05:08:16.369268+00:00,98.4,20,ask,,,12146747
2026-06-29T15:08:19.002562,2026-06-29T05:08:19.645528+00:00,98.5,20,bid,,,12146799
2026-06-29T15:08:19.038566,2026-06-29T05:08:19.678528+00:00,98.5,200,bid,,,12146803
2026-06-29T15:08:19.192039,2026-06-29T05:08:19.832520+00:00,98.4,3,ask,,,12146809
2026-06-29T15:08:20.753392,2026-06-29T05:08:21.361519+00:00,98.6,200,ask,,,12146833
2026-06-29T15:08:21.492332,2026-06-29T05:08:22.043519+00:00,98.5,200,bid,,,12146849
2026-06-29T15:08:21.765628,2026-06-29T05:08:22.318528+00:00,98.5,20,bid,,,12146861
2026-06-29T15:08:23.915958,2026-06-29T05:08:24.463085+00:00,98.6,200,bid,,,12146915
2026-06-29T15:08:25.130240,2026-06-29T05:08:25.684105+00:00,98.6,200,bid,,,12146932
2026-06-29T15:08:25.706823,2026-06-29T05:08:26.255187+00:00,98.6,20,bid,,,12146944
2026-06-29T15:08:28.620701,2026-06-29T05:08:29.180257+00:00,98.5,200,ask,,,12146996
2026-06-29T15:08:28.620701,2026-06-29T05:08:29.180257+00:00,98.5,425,ask,,,12146997
2026-06-29T15:08:28.769574,2026-06-29T05:08:29.323248+00:00,98.5,200,ask,,,12147001
2026-06-29T15:08:30.245870,2026-06-29T05:08:30.797271+00:00,98.4,20,ask,,,12147021
2026-06-29T15:08:31.194978,2026-06-29T05:08:31.743268+00:00,98.6,200,bid,,,12147038
2026-06-29T15:08:32.180051,2026-06-29T05:08:32.733278+00:00,98.5,20,ask,,,12147055
2026-06-29T15:08:32.406264,2026-06-29T05:08:32.953278+00:00,98.5,200,ask,,,12147060
2026-06-29T15:08:36.483932,2026-06-29T05:08:37.032983+00:00,98.5,500,ask,,,12147160
2026-06-29T15:08:36.483932,2026-06-29T05:08:37.043983+00:00,98.5,125,ask,,,12147161
2026-06-29T15:08:37.791586,2026-06-29T05:08:38.341517+00:00,98.7,1,bid,,,12147198
2026-06-29T15:08:37.791586,2026-06-29T05:08:38.341517+00:00,98.7,200,bid,,,12147199
2026-06-29T15:08:40.412466,2026-06-29T05:08:40.959064+00:00,98.8,2,bid,,,12147241
2026-06-29T15:08:44.339280,2026-06-29T05:08:44.962676+00:00,98.9,200,bid,,,12147314
2026-06-29T15:08:44.339280,2026-06-29T05:08:44.962676+00:00,98.9,1,bid,,,12147315
2026-06-29T15:08:48.142649,2026-06-29T05:08:48.688923+00:00,98.9,200,ask,,,12147383
2026-06-29T15:08:49.352005,2026-06-29T05:08:49.898914+00:00,99.1,200,ask,,,12147401
2026-06-29T15:08:50.900150,2026-06-29T05:08:51.449457+00:00,98.9,200,ask,,,12147428
2026-06-29T15:08:50.971473,2026-06-29T05:08:51.515457+00:00,98.9,35,bid,,,12147429
2026-06-29T15:08:51.059695,2026-06-29T05:08:51.603457+00:00,98.9,25,bid,,,12147433
2026-06-29T15:08:51.062213,2026-06-29T05:08:51.614457+00:00,98.9,35,bid,,,12147434
2026-06-29T15:08:51.074524,2026-06-29T05:08:51.625447+00:00,98.9,25,bid,,,12147437
2026-06-29T15:08:51.159123,2026-06-29T05:08:51.713457+00:00,98.9,35,bid,,,12147441
2026-06-29T15:08:51.247434,2026-06-29T05:08:51.801456+00:00,98.9,35,bid,,,12147449
2026-06-29T15:08:51.267988,2026-06-29T05:08:51.812457+00:00,98.9,25,bid,,,12147454
2026-06-29T15:08:51.271946,2026-06-29T05:08:51.823456+00:00,98.8,2,ask,,,12147455
2026-06-29T15:08:51.477023,2026-06-29T05:08:52.021457+00:00,98.8,2,ask,,,12147458
2026-06-29T15:08:51.692857,2026-06-29T05:08:52.241457+00:00,98.8,2,ask,,,12147462
2026-06-29T15:08:51.791189,2026-06-29T05:08:52.340456+00:00,98.8,200,ask,,,12147466
2026-06-29T15:08:51.897201,2026-06-29T05:08:52.450456+00:00,98.8,2,ask,,,12147468
2026-06-29T15:08:52.101909,2026-06-29T05:08:52.648457+00:00,98.8,2,ask,,,12147470
2026-06-29T15:08:52.210560,2026-06-29T05:08:52.758457+00:00,99.0,1,bid,,,12147474
2026-06-29T15:08:52.306904,2026-06-29T05:08:52.857457+00:00,99.0,2,ask,,,12147477
2026-06-29T15:08:52.511918,2026-06-29T05:08:53.066457+00:00,99.0,1,ask,,,12147479
2026-06-29T15:08:53.007472,2026-06-29T05:08:53.561138+00:00,99.0,200,ask,,,12147486
2026-06-29T15:08:54.214533,2026-06-29T05:08:54.760158+00:00,98.9,200,bid,,,12147519
2026-06-29T15:08:57.475194,2026-06-29T05:08:58.026267+00:00,98.8,200,ask,,,12147587
2026-06-29T15:08:57.475194,2026-06-29T05:08:58.026267+00:00,98.8,425,ask,,,12147588
2026-06-29T15:08:57.843657,2026-06-29T05:08:58.389267+00:00,98.8,200,ask,,,12147601
2026-06-29T15:08:59.058694,2026-06-29T05:08:59.609950+00:00,98.9,200,ask,,,12147623
2026-06-29T15:09:00.775844,2026-06-29T05:09:01.325942+00:00,99.0,200,bid,,,12147657
2026-06-29T15:09:01.406731,2026-06-29T05:09:01.952950+00:00,98.9,500,ask,,,12147673
2026-06-29T15:09:01.406731,2026-06-29T05:09:01.952950+00:00,98.8,125,ask,,,12147674
2026-06-29T15:09:01.974238,2026-06-29T05:09:02.524950+00:00,98.9,200,bid,,,12147680
2026-06-29T15:09:03.890360,2026-06-29T05:09:04.438007+00:00,99.0,200,bid,,,12147715
2026-06-29T15:09:04.085823,2026-06-29T05:09:04.636007+00:00,99.0,35,ask,,,12147718
2026-06-29T15:09:04.101555,2026-06-29T05:09:04.647007+00:00,99.0,24,ask,,,12147719
2026-06-29T15:09:06.310285,2026-06-29T05:09:06.869059+00:00,99.1,2,bid,,,12147765
2026-06-29T15:09:06.655164,2026-06-29T05:09:07.199079+00:00,99.2,8,bid,,,12147775
2026-06-29T15:09:07.522246,2026-06-29T05:09:08.145071+00:00,99.2,200,ask,,,12147796
2026-06-29T15:09:08.284649,2026-06-29T05:09:08.892608+00:00,99.3,6,bid,,,12147826
2026-06-29T15:09:08.284649,2026-06-29T05:09:08.903608+00:00,99.3,14,bid,,,12147827
2026-06-29T15:09:09.097556,2026-06-29T05:09:09.684617+00:00,99.2,6,bid,,,12147844
2026-06-29T15:09:09.097556,2026-06-29T05:09:09.684617+00:00,99.2,14,bid,,,12147845
2026-06-29T15:09:09.935209,2026-06-29T05:09:10.487637+00:00,99.2,4,bid,,,12147861
2026-06-29T15:09:09.935209,2026-06-29T05:09:10.487637+00:00,99.2,196,bid,,,12147862
2026-06-29T15:09:12.357841,2026-06-29T05:09:12.907171+00:00,99.2,6,bid,,,12147897
2026-06-29T15:09:12.357841,2026-06-29T05:09:12.907171+00:00,99.2,194,bid,,,12147898
2026-06-29T15:09:14.073956,2026-06-29T05:09:14.622727+00:00,99.0,20,ask,,,12147918
2026-06-29T15:09:14.562561,2026-06-29T05:09:15.106719+00:00,99.1,25,bid,,,12147926
2026-06-29T15:09:14.586793,2026-06-29T05:09:15.139731+00:00,99.1,35,bid,,,12147927
2026-06-29T15:09:14.675729,2026-06-29T05:09:15.227730+00:00,99.1,35,bid,,,12147932
2026-06-29T15:09:14.746382,2026-06-29T05:09:15.293731+00:00,99.1,25,bid,,,12147937
2026-06-29T15:09:14.774697,2026-06-29T05:09:15.326731+00:00,99.1,18,bid,,,12147939
2026-06-29T15:09:14.786098,2026-06-29T05:09:15.337731+00:00,99.1,25,bid,,,12147941
2026-06-29T15:09:14.956531,2026-06-29T05:09:15.502731+00:00,99.1,25,bid,,,12147951
2026-06-29T15:09:14.995841,2026-06-29T05:09:15.546731+00:00,99.1,25,bid,,,12147958
2026-06-29T15:09:15.410972,2026-06-29T05:09:15.964739+00:00,98.9,1,ask,,,12147968
2026-06-29T15:09:16.012158,2026-06-29T05:09:16.558307+00:00,99.0,200,ask,,,12147981
2026-06-29T15:09:17.218511,2026-06-29T05:09:17.768307+00:00,99.1,25,ask,,,12148006
2026-06-29T15:09:17.223623,2026-06-29T05:09:17.768307+00:00,99.1,200,ask,,,12148007
2026-06-29T15:09:17.280697,2026-06-29T05:09:17.834307+00:00,99.1,35,ask,,,12148010
2026-06-29T15:09:17.369532,2026-06-29T05:09:17.922307+00:00,99.1,25,ask,,,12148012
2026-06-29T15:09:17.373034,2026-06-29T05:09:17.922307+00:00,99.1,35,ask,,,12148013
2026-06-29T15:09:17.602071,2026-06-29T05:09:18.153307+00:00,99.2,2,bid,,,12148021
2026-06-29T15:09:17.807424,2026-06-29T05:09:18.362327+00:00,99.2,2,bid,,,12148023
2026-06-29T15:09:18.014105,2026-06-29T05:09:18.559476+00:00,99.2,2,bid,,,12148025
2026-06-29T15:09:18.219137,2026-06-29T05:09:18.768476+00:00,99.2,2,bid,,,12148032
2026-06-29T15:09:18.424598,2026-06-29T05:09:18.977476+00:00,99.2,2,bid,,,12148036
2026-06-29T15:09:18.431582,2026-06-29T05:09:18.977476+00:00,99.1,200,ask,,,12148037
2026-06-29T15:09:18.579995,2026-06-29T05:09:19.131476+00:00,99.0,35,bid,,,12148039
2026-06-29T15:09:18.636237,2026-06-29T05:09:19.186476+00:00,99.0,25,bid,,,12148043
2026-06-29T15:09:18.640619,2026-06-29T05:09:19.186476+00:00,99.0,25,bid,,,12148044
2026-06-29T15:09:18.643391,2026-06-29T05:09:19.197476+00:00,99.0,2,bid,,,12148045
2026-06-29T15:09:18.669264,2026-06-29T05:09:19.219477+00:00,99.0,15,bid,,,12148046
2026-06-29T15:09:18.848393,2026-06-29T05:09:19.395476+00:00,99.0,2,bid,,,12148052
2026-06-29T15:09:19.052916,2026-06-29T05:09:19.604476+00:00,99.0,25,bid,,,12148055
2026-06-29T15:09:19.059133,2026-06-29T05:09:19.615476+00:00,99.0,25,bid,,,12148057
2026-06-29T15:09:19.063050,2026-06-29T05:09:19.615476+00:00,99.0,2,bid,,,12148058
2026-06-29T15:09:19.078683,2026-06-29T05:09:19.626476+00:00,99.0,20,bid,,,12148059
2026-06-29T15:09:19.261490,2026-06-29T05:09:19.813476+00:00,99.0,25,bid,,,12148064
2026-06-29T15:09:19.271423,2026-06-29T05:09:19.824476+00:00,99.0,25,bid,,,12148066
2026-06-29T15:09:19.274936,2026-06-29T05:09:19.824476+00:00,99.0,2,bid,,,12148067
2026-06-29T15:09:19.472231,2026-06-29T05:09:20.022476+00:00,99.0,25,bid,,,12148070
2026-06-29T15:09:19.485811,2026-06-29T05:09:20.033476+00:00,99.0,6,bid,,,12148073
2026-06-29T15:09:19.681689,2026-06-29T05:09:20.231854+00:00,99.0,14,bid,,,12148079
2026-06-29T15:09:19.686140,2026-06-29T05:09:20.231854+00:00,98.9,2,ask,,,12148080
2026-06-29T15:09:19.890572,2026-06-29T05:09:20.440854+00:00,98.9,2,ask,,,12148085
2026-06-29T15:09:20.096220,2026-06-29T05:09:20.649863+00:00,98.9,2,ask,,,12148088
2026-06-29T15:09:20.300521,2026-06-29T05:09:20.847863+00:00,98.9,2,ask,,,12148090
2026-06-29T15:09:20.507268,2026-06-29T05:09:21.056854+00:00,98.9,2,ask,,,12148091
2026-06-29T15:09:20.700178,2026-06-29T05:09:21.254855+00:00,99.0,1,bid,,,12148095
2026-06-29T15:09:20.714078,2026-06-29T05:09:21.265854+00:00,98.9,2,ask,,,12148096
2026-06-29T15:09:20.846647,2026-06-29T05:09:21.397854+00:00,99.0,200,bid,,,12148102
2026-06-29T15:09:20.919977,2026-06-29T05:09:21.474855+00:00,98.9,1,ask,,,12148103
2026-06-29T15:09:21.513965,2026-06-29T05:09:22.057864+00:00,99.0,1,bid,,,12148114
2026-06-29T15:09:21.725672,2026-06-29T05:09:22.277863+00:00,99.0,1,bid,,,12148120
2026-06-29T15:09:22.054953,2026-06-29T05:09:22.607864+00:00,99.0,200,bid,,,12148131
2026-06-29T15:09:22.456361,2026-06-29T05:09:23.003863+00:00,99.1,35,ask,,,12148139
2026-06-29T15:09:22.527777,2026-06-29T05:09:23.080864+00:00,99.1,25,ask,,,12148141
2026-06-29T15:09:22.532017,2026-06-29T05:09:23.080864+00:00,99.1,25,ask,,,12148142
2026-06-29T15:09:22.547676,2026-06-29T05:09:23.102863+00:00,99.1,35,ask,,,12148146
2026-06-29T15:09:23.203389,2026-06-29T05:09:23.751890+00:00,99.1,500,ask,,,12148157
2026-06-29T15:09:23.746132,2026-06-29T05:09:24.290890+00:00,99.0,200,ask,,,12148165
2026-06-29T15:09:23.746132,2026-06-29T05:09:24.301890+00:00,98.9,1,ask,,,12148166
2026-06-29T15:09:25.677042,2026-06-29T05:09:26.226929+00:00,99.0,200,bid,,,12148202
2026-06-29T15:09:26.885368,2026-06-29T05:09:27.436949+00:00,99.0,200,bid,,,12148222
2026-06-29T15:09:28.556600,2026-06-29T05:09:29.107151+00:00,99.1,25,bid,,,12148257
2026-06-29T15:09:28.559120,2026-06-29T05:09:29.107151+00:00,99.1,25,bid,,,12148258
2026-06-29T15:09:28.562280,2026-06-29T05:09:29.107151+00:00,99.1,35,bid,,,12148259
2026-06-29T15:09:28.666300,2026-06-29T05:09:29.217151+00:00,99.1,35,bid,,,12148266
2026-06-29T15:09:28.771141,2026-06-29T05:09:29.316151+00:00,99.1,13,bid,,,12148274
2026-06-29T15:09:28.774187,2026-06-29T05:09:29.327151+00:00,99.1,17,bid,,,12148275
2026-06-29T15:09:29.884931,2026-06-29T05:09:30.438143+00:00,99.0,500,ask,,,12148293
2026-06-29T15:09:31.730603,2026-06-29T05:09:32.330163+00:00,99.0,200,bid,,,12148329
2026-06-29T15:09:32.169406,2026-06-29T05:09:32.748162+00:00,99.0,20,bid,,,12148340
2026-06-29T15:09:34.395307,2026-06-29T05:09:34.947244+00:00,98.8,1,ask,,,12148371
2026-06-29T15:09:34.395307,2026-06-29T05:09:34.947244+00:00,98.8,19,ask,,,12148372
2026-06-29T15:09:34.947251,2026-06-29T05:09:35.497244+00:00,98.8,35,ask,,,12148377
2026-06-29T15:09:34.988919,2026-06-29T05:09:35.541244+00:00,98.8,25,ask,,,12148379
2026-06-29T15:09:34.992042,2026-06-29T05:09:35.541244+00:00,98.8,25,ask,,,12148380
2026-06-29T15:09:35.038495,2026-06-29T05:09:35.596244+00:00,98.8,35,ask,,,12148385
2026-06-29T15:09:35.131370,2026-06-29T05:09:35.684245+00:00,98.8,26,ask,,,12148389
2026-06-29T15:09:35.535417,2026-06-29T05:09:36.090360+00:00,98.8,4,ask,,,12148401
2026-06-29T15:09:37.605789,2026-06-29T05:09:38.157836+00:00,98.7,1,ask,,,12148443
2026-06-29T15:09:37.613712,2026-06-29T05:09:38.157836+00:00,98.6,1,ask,,,12148445
2026-06-29T15:09:37.613712,2026-06-29T05:09:38.168837+00:00,98.6,1,ask,,,12148446
2026-06-29T15:09:37.819717,2026-06-29T05:09:38.366837+00:00,98.6,2,ask,,,12148450
2026-06-29T15:09:38.024261,2026-06-29T05:09:38.575407+00:00,98.6,2,ask,,,12148453
2026-06-29T15:09:38.156365,2026-06-29T05:09:38.707407+00:00,98.6,500,ask,,,12148455
2026-06-29T15:09:38.156365,2026-06-29T05:09:38.707407+00:00,98.6,125,ask,,,12148456
2026-06-29T15:09:38.229368,2026-06-29T05:09:38.773408+00:00,98.6,2,ask,,,12148458
2026-06-29T15:09:38.435475,2026-06-29T05:09:38.982408+00:00,98.6,2,ask,,,12148463
2026-06-29T15:09:38.640461,2026-06-29T05:09:39.191408+00:00,98.6,2,ask,,,12148468
2026-06-29T15:09:38.845782,2026-06-29T05:09:39.400407+00:00,98.6,2,ask,,,12148473
2026-06-29T15:09:39.051748,2026-06-29T05:09:39.598408+00:00,98.7,2,ask,,,12148476
2026-06-29T15:09:39.258191,2026-06-29T05:09:39.807408+00:00,98.7,2,ask,,,12148480
2026-06-29T15:09:39.463871,2026-06-29T05:09:40.016408+00:00,98.7,2,ask,,,12148485
2026-06-29T15:09:39.466938,2026-06-29T05:09:40.016408+00:00,98.8,200,bid,,,12148486
2026-06-29T15:09:39.668932,2026-06-29T05:09:40.214399+00:00,98.8,2,ask,,,12148489
2026-06-29T15:09:39.875687,2026-06-29T05:09:40.423399+00:00,98.8,2,ask,,,12148499
2026-06-29T15:09:41.068779,2026-06-29T05:09:41.622408+00:00,98.8,20,ask,,,12148520
2026-06-29T15:09:41.220376,2026-06-29T05:09:41.765399+00:00,98.8,25,ask,,,12148524
2026-06-29T15:09:41.234262,2026-06-29T05:09:41.787398+00:00,98.8,35,ask,,,12148528
2026-06-29T15:09:41.283248,2026-06-29T05:09:41.831399+00:00,98.8,25,ask,,,12148529
2026-06-29T15:09:41.322161,2026-06-29T05:09:41.875399+00:00,98.8,35,ask,,,12148532
2026-06-29T15:09:41.410706,2026-06-29T05:09:41.963398+00:00,98.8,27,ask,,,12148538
2026-06-29T15:09:41.429843,2026-06-29T05:09:41.974399+00:00,98.7,200,ask,,,12148539
2026-06-29T15:09:42.103755,2026-06-29T05:09:42.656407+00:00,98.6,1,ask,,,12148555
2026-06-29T15:09:42.103755,2026-06-29T05:09:42.656407+00:00,98.6,500,ask,,,12148556
2026-06-29T15:09:42.585846,2026-06-29T05:09:43.140408+00:00,98.6,124,bid,,,12148560
2026-06-29T15:09:47.480130,2026-06-29T05:09:48.034215+00:00,98.7,4,ask,,,12148652
2026-06-29T15:09:48.657115,2026-06-29T05:09:49.210773+00:00,98.7,196,bid,,,12148681
2026-06-29T15:09:48.705188,2026-06-29T05:09:49.254773+00:00,98.7,25,ask,,,12148683
2026-06-29T15:09:48.843835,2026-06-29T05:09:49.397772+00:00,98.7,25,ask,,,12148685
2026-06-29T15:09:48.913562,2026-06-29T05:09:49.463772+00:00,98.7,25,ask,,,12148687
2026-06-29T15:09:49.053815,2026-06-29T05:09:49.606772+00:00,98.7,24,ask,,,12148692
2026-06-29T15:09:49.861046,2026-06-29T05:09:50.409793+00:00,98.8,500,bid,,,12148708
2026-06-29T15:09:49.992916,2026-06-29T05:09:50.541792+00:00,98.8,200,bid,,,12148711
2026-06-29T15:09:49.992916,2026-06-29T05:09:50.541792+00:00,99.0,7,bid,,,12148712
2026-06-29T15:09:49.992916,2026-06-29T05:09:50.541792+00:00,99.0,1,bid,,,12148713
2026-06-29T15:09:50.065095,2026-06-29T05:09:50.618793+00:00,99.0,3,ask,,,12148714
2026-06-29T15:09:51.122952,2026-06-29T05:09:51.674793+00:00,99.0,200,ask,,,12148733
2026-06-29T15:09:52.248740,2026-06-29T05:09:52.796793+00:00,98.8,20,ask,,,12148755
2026-06-29T15:09:52.394255,2026-06-29T05:09:52.950793+00:00,98.9,35,bid,,,12148759
2026-06-29T15:09:52.482849,2026-06-29T05:09:53.027793+00:00,98.9,25,bid,,,12148764
2026-06-29T15:09:52.485522,2026-06-29T05:09:53.038793+00:00,98.9,35,bid,,,12148765
2026-06-29T15:09:52.532807,2026-06-29T05:09:53.082793+00:00,98.9,25,bid,,,12148769
2026-06-29T15:09:53.363824,2026-06-29T05:09:53.918351+00:00,98.8,2,ask,,,12148789
2026-06-29T15:09:53.567870,2026-06-29T05:09:54.116351+00:00,98.8,2,ask,,,12148795
2026-06-29T15:09:53.772469,2026-06-29T05:09:54.325342+00:00,98.8,2,ask,,,12148803
2026-06-29T15:09:53.891277,2026-06-29T05:09:54.446342+00:00,98.8,25,ask,,,12148806
2026-06-29T15:09:53.941996,2026-06-29T05:09:54.501342+00:00,98.8,35,ask,,,12148809
2026-06-29T15:09:53.977451,2026-06-29T05:09:54.523343+00:00,98.8,25,ask,,,12148812
2026-06-29T15:09:53.985838,2026-06-29T05:09:54.534342+00:00,98.8,2,ask,,,12148814
2026-06-29T15:09:54.031770,2026-06-29T05:09:54.578342+00:00,98.8,35,ask,,,12148816
2026-06-29T15:09:54.114551,2026-06-29T05:09:54.666342+00:00,98.8,25,ask,,,12148818
2026-06-29T15:09:54.190417,2026-06-29T05:09:54.743342+00:00,98.8,25,ask,,,12148820
2026-06-29T15:09:54.202624,2026-06-29T05:09:54.754342+00:00,98.9,2,bid,,,12148823
2026-06-29T15:09:54.408623,2026-06-29T05:09:54.963351+00:00,98.9,2,bid,,,12148827
2026-06-29T15:09:54.613323,2026-06-29T05:09:55.161351+00:00,98.9,2,bid,,,12148830
2026-06-29T15:09:54.756301,2026-06-29T05:09:55.304351+00:00,98.7,200,ask,,,12148833
2026-06-29T15:09:54.818961,2026-06-29T05:09:55.381351+00:00,98.9,2,bid,,,12148834
2026-06-29T15:09:55.025307,2026-06-29T05:09:55.590351+00:00,98.9,2,bid,,,12148840
2026-06-29T15:09:55.231103,2026-06-29T05:09:55.842885+00:00,99.1,2,bid,,,12148848
2026-06-29T15:09:55.435855,2026-06-29T05:09:56.084439+00:00,98.9,2,bid,,,12148854
2026-06-29T15:09:55.641091,2026-06-29T05:09:56.535439+00:00,98.9,2,bid,,,12148859
2026-06-29T15:09:55.846382,2026-06-29T05:09:56.535439+00:00,98.9,1,bid,,,12148862
2026-06-29T15:09:57.862007,2026-06-29T05:09:58.547710+00:00,98.8,200,bid,,,12148911
2026-06-29T15:10:01.962187,2026-06-29T05:10:02.573740+00:00,98.8,200,bid,,,12148988
2026-06-29T15:10:04.215494,2026-06-29T05:10:04.761824+00:00,98.9,20,bid,,,12149042
2026-06-29T15:10:04.455299,2026-06-29T05:10:05.003824+00:00,98.9,200,bid,,,12149052
2026-06-29T15:10:04.719894,2026-06-29T05:10:05.267824+00:00,98.9,20,bid,,,12149059
2026-06-29T15:10:10.959687,2026-06-29T05:10:11.513669+00:00,99.1,1,bid,,,12149196
2026-06-29T15:10:10.959687,2026-06-29T05:10:11.513669+00:00,99.1,1,bid,,,12149197
2026-06-29T15:10:11.722579,2026-06-29T05:10:12.272668+00:00,99.2,2,bid,,,12149213
2026-06-29T15:10:11.751037,2026-06-29T05:10:12.305669+00:00,99.3,8,bid,,,12149215
2026-06-29T15:10:11.859678,2026-06-29T05:10:12.404669+00:00,99.3,8,bid,,,12149221
2026-06-29T15:10:12.365206,2026-06-29T05:10:12.910661+00:00,99.3,1,bid,,,12149234
2026-06-29T15:10:12.365206,2026-06-29T05:10:12.910661+00:00,99.3,99,bid,,,12149235
2026-06-29T15:10:12.368519,2026-06-29T05:10:12.921668+00:00,99.3,25,bid,,,12149236
2026-06-29T15:10:12.454574,2026-06-29T05:10:13.009668+00:00,99.2,25,ask,,,12149238
2026-06-29T15:10:12.931691,2026-06-29T05:10:13.482668+00:00,99.3,200,bid,,,12149253
2026-06-29T15:10:14.921095,2026-06-29T05:10:15.473855+00:00,99.2,200,bid,,,12149288
2026-06-29T15:10:15.983413,2026-06-29T05:10:16.528615+00:00,99.3,1,bid,,,12149322
2026-06-29T15:10:15.983413,2026-06-29T05:10:16.539615+00:00,99.3,24,bid,,,12149323
2026-06-29T15:10:15.987390,2026-06-29T05:10:16.539615+00:00,99.3,25,bid,,,12149324
2026-06-29T15:10:17.099357,2026-06-29T05:10:17.650615+00:00,99.2,500,ask,,,12149336
2026-06-29T15:10:17.542854,2026-06-29T05:10:18.090614+00:00,99.2,200,ask,,,12149359
2026-06-29T15:10:20.190896,2026-06-29T05:10:20.796172+00:00,99.0,1,ask,,,12149419
2026-06-29T15:10:20.190896,2026-06-29T05:10:20.796172+00:00,99.0,199,ask,,,12149420
2026-06-29T15:10:22.302040,2026-06-29T05:10:22.853191+00:00,99.1,25,bid,,,12149456
2026-06-29T15:10:22.328964,2026-06-29T05:10:22.875192+00:00,99.1,77,bid,,,12149457
2026-06-29T15:10:22.405575,2026-06-29T05:10:22.952191+00:00,99.1,25,bid,,,12149460
2026-06-29T15:10:22.511199,2026-06-29T05:10:23.062191+00:00,99.1,25,bid,,,12149463
2026-06-29T15:10:26.732260,2026-06-29T05:10:27.284860+00:00,99.1,200,ask,,,12149533
2026-06-29T15:10:28.040119,2026-06-29T05:10:28.593553+00:00,99.1,200,bid,,,12149557
2026-06-29T15:10:28.631301,2026-06-29T05:10:29.176544+00:00,99.3,1,bid,,,12149570
2026-06-29T15:10:28.631301,2026-06-29T05:10:29.187544+00:00,99.3,24,bid,,,12149571
2026-06-29T15:10:28.737368,2026-06-29T05:10:29.286544+00:00,99.2,25,bid,,,12149575
2026-06-29T15:10:29.747969,2026-06-29T05:10:30.298553+00:00,99.2,20,bid,,,12149587
2026-06-29T15:10:30.665690,2026-06-29T05:10:31.211553+00:00,99.1,200,ask,,,12149602
2026-06-29T15:10:31.087235,2026-06-29T05:10:31.640553+00:00,99.0,200,ask,,,12149604
2026-06-29T15:10:31.215730,2026-06-29T05:10:31.761553+00:00,99.0,20,ask,,,12149608
2026-06-29T15:10:32.297025,2026-06-29T05:10:32.850553+00:00,99.0,200,ask,,,12149625
2026-06-29T15:10:34.061025,2026-06-29T05:10:34.620666+00:00,99.1,20,bid,,,12149648
2026-06-29T15:10:34.652758,2026-06-29T05:10:35.203666+00:00,99.1,200,bid,,,12149656
2026-06-29T15:10:34.652758,2026-06-29T05:10:35.203666+00:00,99.1,300,bid,,,12149657
2026-06-29T15:10:34.718069,2026-06-29T05:10:35.269666+00:00,99.1,200,bid,,,12149663
2026-06-29T15:10:35.245380,2026-06-29T05:10:35.797199+00:00,99.1,125,bid,,,12149670
2026-06-29T15:10:35.907736,2026-06-29T05:10:36.456747+00:00,99.2,8,bid,,,12149681
2026-06-29T15:10:35.907736,2026-06-29T05:10:36.456747+00:00,99.3,200,bid,,,12149682
2026-06-29T15:10:37.658084,2026-06-29T05:10:38.205755+00:00,99.4,1,bid,,,12149709
2026-06-29T15:10:37.658084,2026-06-29T05:10:38.205755+00:00,99.4,7,bid,,,12149710
2026-06-29T15:10:37.658084,2026-06-29T05:10:38.205755+00:00,99.4,17,bid,,,12149711
2026-06-29T15:10:37.765157,2026-06-29T05:10:38.315756+00:00,99.4,25,bid,,,12149713
2026-06-29T15:10:37.872298,2026-06-29T05:10:38.425755+00:00,99.4,25,bid,,,12149718
2026-06-29T15:10:37.974846,2026-06-29T05:10:38.523879+00:00,99.4,25,bid,,,12149720
2026-06-29T15:10:38.183741,2026-06-29T05:10:38.732879+00:00,99.4,16,bid,,,12149731
2026-06-29T15:10:38.306862,2026-06-29T05:10:38.864879+00:00,99.4,25,bid,,,12149735
2026-06-29T15:10:38.444040,2026-06-29T05:10:38.996879+00:00,99.3,20,ask,,,12149741
2026-06-29T15:10:43.194347,2026-06-29T05:10:43.792455+00:00,99.4,1,bid,,,12149835
2026-06-29T15:10:44.345071,2026-06-29T05:10:44.969455+00:00,99.4,199,ask,,,12149843
2026-06-29T15:10:44.345071,2026-06-29T05:10:44.969455+00:00,99.4,301,ask,,,12149844
2026-06-29T15:10:44.879633,2026-06-29T05:10:45.530455+00:00,99.5,1,bid,,,12149853
2026-06-29T15:10:44.879633,2026-06-29T05:10:45.530455+00:00,99.5,19,bid,,,12149854
2026-06-29T15:10:45.066952,2026-06-29T05:10:45.882455+00:00,99.5,181,bid,,,12149856
2026-06-29T15:10:45.066952,2026-06-29T05:10:45.882455+00:00,99.5,2,bid,,,12149857
2026-06-29T15:10:45.066952,2026-06-29T05:10:45.882455+00:00,99.5,442,bid,,,12149858
2026-06-29T15:10:45.611586,2026-06-29T05:10:46.234008+00:00,99.4,2,bid,,,12149870
2026-06-29T15:10:46.380008,2026-06-29T05:10:46.927008+00:00,99.4,198,ask,,,12149877
2026-06-29T15:10:46.818683,2026-06-29T05:10:47.367008+00:00,99.3,200,bid,,,12149882
2026-06-29T15:10:47.672478,2026-06-29T05:10:48.225008+00:00,99.1,10,ask,,,12149902
2026-06-29T15:10:47.672478,2026-06-29T05:10:48.225008+00:00,99.1,25,ask,,,12149903
2026-06-29T15:10:47.729220,2026-06-29T05:10:48.280008+00:00,99.1,25,ask,,,12149905
2026-06-29T15:10:47.763876,2026-06-29T05:10:48.313008+00:00,99.1,35,ask,,,12149908
2026-06-29T15:10:47.805533,2026-06-29T05:10:48.357009+00:00,99.1,25,ask,,,12149909
2026-06-29T15:10:47.854586,2026-06-29T05:10:48.401009+00:00,99.1,25,ask,,,12149912
2026-06-29T15:10:51.628547,2026-06-29T05:10:52.183803+00:00,99.4,500,bid,,,12149965
2026-06-29T15:10:51.628547,2026-06-29T05:10:52.183803+00:00,99.5,1,bid,,,12149966
2026-06-29T15:10:51.628547,2026-06-29T05:10:52.183803+00:00,99.5,124,bid,,,12149967
2026-06-29T15:10:52.894636,2026-06-29T05:10:53.459812+00:00,99.4,6,bid,,,12149988
2026-06-29T15:10:53.419868,2026-06-29T05:10:53.976787+00:00,99.4,194,ask,,,12149996
2026-06-29T15:10:53.419868,2026-06-29T05:10:53.976787+00:00,99.4,306,ask,,,12149997
2026-06-29T15:10:54.014961,2026-06-29T05:10:54.559787+00:00,99.4,319,ask,,,12150013
2026-06-29T15:10:54.251318,2026-06-29T05:10:54.801787+00:00,99.2,200,ask,,,12150021
2026-06-29T15:10:55.314042,2026-06-29T05:10:55.890786+00:00,99.2,200,bid,,,12150046
2026-06-29T15:10:56.684587,2026-06-29T05:10:57.243368+00:00,99.2,35,ask,,,12150085
2026-06-29T15:10:56.756621,2026-06-29T05:10:57.309368+00:00,99.2,25,ask,,,12150086
2026-06-29T15:10:56.776003,2026-06-29T05:10:57.331368+00:00,99.2,35,ask,,,12150090
2026-06-29T15:10:56.831381,2026-06-29T05:10:57.386368+00:00,99.2,25,ask,,,12150093
2026-06-29T15:10:57.072464,2026-06-29T05:10:57.628359+00:00,99.3,2,bid,,,12150099
2026-06-29T15:11:00.152991,2026-06-29T05:11:00.708058+00:00,99.2,200,ask,,,12150161
2026-06-29T15:11:02.119728,2026-06-29T05:11:02.669058+00:00,99.2,200,bid,,,12150192
2026-06-29T15:11:03.773037,2026-06-29T05:11:04.318224+00:00,99.2,200,bid,,,12150223
2026-06-29T15:11:04.677989,2026-06-29T05:11:05.231224+00:00,99.1,1,ask,,,12150240
2026-06-29T15:11:04.981225,2026-06-29T05:11:05.539224+00:00,99.2,200,bid,,,12150246
2026-06-29T15:11:06.049273,2026-06-29T05:11:06.594321+00:00,99.3,1,bid,,,12150275
2026-06-29T15:11:06.049273,2026-06-29T05:11:06.605321+00:00,99.4,200,bid,,,12150276
2026-06-29T15:11:06.049273,2026-06-29T05:11:06.605321+00:00,99.4,424,bid,,,12150277
2026-06-29T15:11:07.371845,2026-06-29T05:11:07.958330+00:00,99.2,200,ask,,,12150307
2026-06-29T15:11:08.680139,2026-06-29T05:11:09.266420+00:00,99.2,200,bid,,,12150334
2026-06-29T15:11:09.300591,2026-06-29T05:11:09.882420+00:00,99.4,1,bid,,,12150348
2026-06-29T15:11:09.300591,2026-06-29T05:11:09.882420+00:00,99.4,19,bid,,,12150349
2026-06-29T15:11:09.996023,2026-06-29T05:11:10.575420+00:00,99.4,500,bid,,,12150359
2026-06-29T15:11:09.996023,2026-06-29T05:11:10.575420+00:00,99.4,125,bid,,,12150360
2026-06-29T15:11:11.021775,2026-06-29T05:11:11.575954+00:00,99.3,200,bid,,,12150386
2026-06-29T15:11:16.251752,2026-06-29T05:11:16.799624+00:00,99.3,20,bid,,,12150476
2026-06-29T15:11:18.801522,2026-06-29T05:11:19.350311+00:00,99.2,20,ask,,,12150523
2026-06-29T15:11:20.985604,2026-06-29T05:11:21.539319+00:00,99.2,8,ask,,,12150549
2026-06-29T15:11:21.092602,2026-06-29T05:11:21.638319+00:00,99.2,8,ask,,,12150556
2026-06-29T15:11:21.200846,2026-06-29T05:11:21.748319+00:00,99.2,7,ask,,,12150563
2026-06-29T15:11:23.095439,2026-06-29T05:11:23.650513+00:00,99.2,200,bid,,,12150590
2026-06-29T15:11:26.765892,2026-06-29T05:11:27.312241+00:00,99.2,25,ask,,,12150638
2026-06-29T15:11:26.819385,2026-06-29T05:11:27.367241+00:00,99.2,25,ask,,,12150641
2026-06-29T15:11:26.841893,2026-06-29T05:11:27.389241+00:00,99.2,12,ask,,,12150644
2026-06-29T15:11:26.974946,2026-06-29T05:11:27.521241+00:00,99.2,25,ask,,,12150648
2026-06-29T15:11:27.025510,2026-06-29T05:11:27.576241+00:00,99.2,113,ask,,,12150651
2026-06-29T15:11:30.949741,2026-06-29T05:11:31.523634+00:00,99.1,200,bid,,,12150711
2026-06-29T15:11:31.600559,2026-06-29T05:11:32.205634+00:00,99.1,200,ask,,,12150728
2026-06-29T15:11:31.604395,2026-06-29T05:11:32.216634+00:00,99.1,25,ask,,,12150729
2026-06-29T15:11:31.642763,2026-06-29T05:11:32.260631+00:00,99.1,25,ask,,,12150734
2026-06-29T15:11:31.815086,2026-06-29T05:11:32.425634+00:00,99.1,25,ask,,,12150743
2026-06-29T15:11:31.859024,2026-06-29T05:11:32.469634+00:00,99.1,2,ask,,,12150750
2026-06-29T15:11:32.236506,2026-06-29T05:11:32.843634+00:00,99.3,2,bid,,,12150759
2026-06-29T15:11:32.262534,2026-06-29T05:11:32.865634+00:00,99.0,1,ask,,,12150760
2026-06-29T15:11:32.262534,2026-06-29T05:11:32.865634+00:00,99.0,6,ask,,,12150761
2026-06-29T15:11:32.262534,2026-06-29T05:11:32.865634+00:00,99.0,500,ask,,,12150762
2026-06-29T15:11:32.441622,2026-06-29T05:11:33.041627+00:00,99.0,2,bid,,,12150764
2026-06-29T15:11:32.646940,2026-06-29T05:11:33.239625+00:00,99.0,2,bid,,,12150766
2026-06-29T15:11:32.770301,2026-06-29T05:11:33.360626+00:00,99.0,114,bid,,,12150769
2026-06-29T15:11:32.852739,2026-06-29T05:11:33.459625+00:00,99.3,2,bid,,,12150773
2026-06-29T15:11:32.871774,2026-06-29T05:11:33.470626+00:00,99.3,20,bid,,,12150774
2026-06-29T15:11:33.057781,2026-06-29T05:11:33.656625+00:00,99.3,2,bid,,,12150779
2026-06-29T15:11:33.262984,2026-06-29T05:11:33.843634+00:00,99.3,2,bid,,,12150784
2026-06-29T15:11:35.235950,2026-06-29T05:11:35.790164+00:00,99.2,200,ask,,,12150828
2026-06-29T15:11:35.871455,2026-06-29T05:11:36.416864+00:00,99.2,25,ask,,,12150838
2026-06-29T15:11:35.877156,2026-06-29T05:11:36.427864+00:00,99.2,5,ask,,,12150840
2026-06-29T15:11:36.442939,2026-06-29T05:11:36.988856+00:00,99.3,200,bid,,,12150862
2026-06-29T15:11:37.525238,2026-06-29T05:11:38.077865+00:00,99.2,25,ask,,,12150889
2026-06-29T15:11:37.701484,2026-06-29T05:11:38.253866+00:00,99.3,25,ask,,,12150893
2026-06-29T15:11:37.737736,2026-06-29T05:11:38.286866+00:00,99.3,14,ask,,,12150895
2026-06-29T15:11:37.912168,2026-06-29T05:11:38.462865+00:00,99.3,5,ask,,,12150899
2026-06-29T15:11:38.125501,2026-06-29T05:11:38.671422+00:00,99.3,5,ask,,,12150902
2026-06-29T15:11:38.335787,2026-06-29T05:11:38.891414+00:00,99.3,25,ask,,,12150908
2026-06-29T15:11:38.544643,2026-06-29T05:11:39.089422+00:00,99.3,3,ask,,,12150914
2026-06-29T15:11:38.752997,2026-06-29T05:11:39.298422+00:00,99.3,4,ask,,,12150925
2026-06-29T15:11:38.962978,2026-06-29T05:11:39.518422+00:00,99.2,4,ask,,,12150932
2026-06-29T15:11:39.173760,2026-06-29T05:11:39.727422+00:00,99.2,4,ask,,,12150939
2026-06-29T15:11:39.301306,2026-06-29T05:11:39.848422+00:00,99.4,5,bid,,,12150942
2026-06-29T15:11:39.301306,2026-06-29T05:11:39.848422+00:00,99.4,15,bid,,,12150943
2026-06-29T15:11:39.383008,2026-06-29T05:11:39.936422+00:00,99.2,4,ask,,,12150948
2026-06-29T15:11:39.597663,2026-06-29T05:11:40.145421+00:00,99.2,2,ask,,,12150956
2026-06-29T15:11:40.010312,2026-06-29T05:11:40.563421+00:00,99.2,3,ask,,,12150965
2026-06-29T15:11:40.157716,2026-06-29T05:11:40.706422+00:00,99.4,6,bid,,,12150971
2026-06-29T15:11:40.157716,2026-06-29T05:11:40.706422+00:00,99.4,200,bid,,,12150972
2026-06-29T15:11:40.219979,2026-06-29T05:11:40.772413+00:00,99.4,3,ask,,,12150974
2026-06-29T15:11:40.362397,2026-06-29T05:11:40.926422+00:00,99.4,20,ask,,,12150981
2026-06-29T15:11:41.295838,2026-06-29T05:11:41.850413+00:00,99.4,200,ask,,,12151003
2026-06-29T15:11:41.874089,2026-06-29T05:11:42.422413+00:00,99.3,20,ask,,,12151011
2026-06-29T15:11:44.802814,2026-06-29T05:11:45.347491+00:00,99.2,1,ask,,,12151055
2026-06-29T15:11:44.802814,2026-06-29T05:11:45.358491+00:00,99.2,19,ask,,,12151056
2026-06-29T15:11:46.145491,2026-06-29T05:11:46.700047+00:00,99.4,2,bid,,,12151079
2026-06-29T15:11:46.145491,2026-06-29T05:11:46.700047+00:00,99.4,198,bid,,,12151080
2026-06-29T15:11:48.027836,2026-06-29T05:11:48.580779+00:00,99.5,5,bid,,,12151120
2026-06-29T15:11:48.027836,2026-06-29T05:11:48.580779+00:00,99.5,200,bid,,,12151121
2026-06-29T15:11:48.027836,2026-06-29T05:11:48.580779+00:00,99.6,1,bid,,,12151122
2026-06-29T15:11:48.509246,2026-06-29T05:11:49.064779+00:00,99.6,419,ask,,,12151130
2026-06-29T15:11:49.341596,2026-06-29T05:11:49.889770+00:00,99.4,200,ask,,,12151153
2026-06-29T15:11:50.650477,2026-06-29T05:11:51.198770+00:00,99.5,2,bid,,,12151178
2026-06-29T15:11:50.650477,2026-06-29T05:11:51.198770+00:00,99.5,200,bid,,,12151179
2026-06-29T15:11:50.650477,2026-06-29T05:11:51.198770+00:00,99.5,423,bid,,,12151180
2026-06-29T15:11:52.188245,2026-06-29T05:11:52.738770+00:00,99.5,1,bid,,,12151194
2026-06-29T15:11:52.188245,2026-06-29T05:11:52.738770+00:00,99.5,2,bid,,,12151195
2026-06-29T15:11:52.188245,2026-06-29T05:11:52.738770+00:00,99.5,197,bid,,,12151196
2026-06-29T15:11:53.271850,2026-06-29T05:11:53.826410+00:00,99.4,500,bid,,,12151219
2026-06-29T15:11:53.399797,2026-06-29T05:11:53.947419+00:00,99.5,1,bid,,,12151226
2026-06-29T15:11:53.399797,2026-06-29T05:11:53.947419+00:00,99.5,199,bid,,,12151227
2026-06-29T15:11:55.898589,2026-06-29T05:11:56.873441+00:00,99.5,1,bid,,,12151289
2026-06-29T15:11:55.898589,2026-06-29T05:11:56.884440+00:00,99.5,500,bid,,,12151290
2026-06-29T15:11:55.898589,2026-06-29T05:11:56.884440+00:00,99.5,124,bid,,,12151291
2026-06-29T15:11:57.211929,2026-06-29T05:11:57.830449+00:00,99.3,200,ask,,,12151313
2026-06-29T15:11:58.241596,2026-06-29T05:11:58.842121+00:00,99.3,200,bid,,,12151338
2026-06-29T15:11:58.519285,2026-06-29T05:11:59.073130+00:00,99.5,5,bid,,,12151342
2026-06-29T15:11:58.519285,2026-06-29T05:11:59.073130+00:00,99.5,1,bid,,,12151343
2026-06-29T15:11:58.519285,2026-06-29T05:11:59.073130+00:00,99.5,500,bid,,,12151344
2026-06-29T15:11:58.519285,2026-06-29T05:11:59.073130+00:00,99.5,119,bid,,,12151345
2026-06-29T15:12:02.030019,2026-06-29T05:12:02.584801+00:00,99.4,8,bid,,,12151423
2026-06-29T15:12:03.179239,2026-06-29T05:12:03.727882+00:00,99.3,8,bid,,,12151461
2026-06-29T15:12:03.288662,2026-06-29T05:12:03.848882+00:00,99.3,7,bid,,,12151468
2026-06-29T15:12:12.144264,2026-06-29T05:12:12.690498+00:00,99.3,200,ask,,,12151668
2026-06-29T15:12:12.154664,2026-06-29T05:12:12.712497+00:00,99.3,20,bid,,,12151670
2026-06-29T15:12:14.299000,2026-06-29T05:12:14.845288+00:00,99.3,500,bid,,,12151722
2026-06-29T15:12:14.299000,2026-06-29T05:12:14.845288+00:00,99.4,1,bid,,,12151723
2026-06-29T15:12:14.299000,2026-06-29T05:12:14.856288+00:00,99.4,124,bid,,,12151724
2026-06-29T15:12:15.186296,2026-06-29T05:12:15.736288+00:00,99.2,2,ask,,,12151734
2026-06-29T15:12:15.186296,2026-06-29T05:12:15.736288+00:00,99.2,18,ask,,,12151735
