timestamp,recv_time,price,volume,aggressor_side,buyer,seller,trade_id
2026-06-30T11:00:00.296546,2026-06-30T01:00:01.198480+00:00,67.7,200,bid,,,35712
2026-06-30T11:00:02.714317,2026-06-30T01:00:03.618811+00:00,67.6,200,bid,,,35753
2026-06-30T11:00:05.907576,2026-06-30T01:00:06.806276+00:00,67.6,200,bid,,,35787
2026-06-30T11:00:06.520360,2026-06-30T01:00:07.424939+00:00,67.6,20,ask,,,35797
2026-06-30T11:00:10.541084,2026-06-30T01:00:11.443293+00:00,67.7,20,bid,,,35852
2026-06-30T11:00:10.672194,2026-06-30T01:00:11.574014+00:00,67.6,150,ask,,,35856
2026-06-30T11:00:11.142740,2026-06-30T01:00:12.043081+00:00,67.7,180,bid,,,35866
2026-06-30T11:00:14.909444,2026-06-30T01:00:15.815165+00:00,67.8,20,bid,,,35919
2026-06-30T11:00:14.930342,2026-06-30T01:00:15.837311+00:00,67.7,200,ask,,,35920
2026-06-30T11:00:18.548748,2026-06-30T01:00:19.447802+00:00,67.7,200,bid,,,35977
2026-06-30T11:00:18.787966,2026-06-30T01:00:19.688454+00:00,67.6,20,ask,,,35983
2026-06-30T11:00:20.306924,2026-06-30T01:00:21.215497+00:00,67.7,200,bid,,,35995
2026-06-30T11:00:21.616868,2026-06-30T01:00:22.517348+00:00,67.8,200,ask,,,36012
2026-06-30T11:00:22.166282,2026-06-30T01:00:23.071222+00:00,67.7,200,bid,,,36017
2026-06-30T11:00:22.942857,2026-06-30T01:00:23.841893+00:00,67.7,43,ask,,,36030
2026-06-30T11:00:22.972647,2026-06-30T01:00:23.875081+00:00,67.8,20,bid,,,36031
2026-06-30T11:00:23.606773,2026-06-30T01:00:24.506998+00:00,67.8,20,bid,,,36049
2026-06-30T11:00:25.543092,2026-06-30T01:00:26.446267+00:00,67.7,200,ask,,,36067
2026-06-30T11:00:29.408879,2026-06-30T01:00:30.315351+00:00,67.7,200,ask,,,36119
2026-06-30T11:00:29.468420,2026-06-30T01:00:30.368230+00:00,67.6,500,ask,,,36121
2026-06-30T11:00:29.908952,2026-06-30T01:00:30.815230+00:00,67.6,125,bid,,,36125
2026-06-30T11:00:30.777199,2026-06-30T01:00:31.681118+00:00,67.7,200,bid,,,36137
2026-06-30T11:00:31.824051,2026-06-30T01:00:32.727078+00:00,67.7,200,ask,,,36148
2026-06-30T11:00:32.087257,2026-06-30T01:00:32.986349+00:00,67.6,500,ask,,,36151
2026-06-30T11:00:32.319429,2026-06-30T01:00:33.225488+00:00,67.6,125,bid,,,36155
2026-06-30T11:00:33.393440,2026-06-30T01:00:34.293039+00:00,67.9,200,bid,,,36170
2026-06-30T11:00:34.237385,2026-06-30T01:00:35.148749+00:00,68.0,200,bid,,,36176
2026-06-30T11:00:34.911158,2026-06-30T01:00:35.810152+00:00,68.1,20,bid,,,36181
2026-06-30T11:00:36.399664,2026-06-30T01:00:37.303121+00:00,68.2,20,bid,,,36202
2026-06-30T11:00:38.627134,2026-06-30T01:00:39.527622+00:00,68.2,200,bid,,,36233
2026-06-30T11:00:38.627134,2026-06-30T01:00:39.527622+00:00,68.2,425,bid,,,36234
2026-06-30T11:00:39.066005,2026-06-30T01:00:39.966049+00:00,68.2,200,bid,,,36239
2026-06-30T11:00:39.239184,2026-06-30T01:00:40.139776+00:00,68.2,20,bid,,,36241
2026-06-30T11:00:40.272435,2026-06-30T01:00:41.173330+00:00,68.0,200,bid,,,36262
2026-06-30T11:00:41.479004,2026-06-30T01:00:42.378786+00:00,68.2,200,bid,,,36278
2026-06-30T11:00:42.686650,2026-06-30T01:00:43.595097+00:00,68.1,200,bid,,,36287
2026-06-30T11:00:43.859695,2026-06-30T01:00:44.769987+00:00,68.1,500,bid,,,36297
2026-06-30T11:00:44.427055,2026-06-30T01:00:45.325862+00:00,68.1,125,ask,,,36305
2026-06-30T11:00:44.427055,2026-06-30T01:00:45.336926+00:00,68.1,200,ask,,,36306
2026-06-30T11:00:44.978978,2026-06-30T01:00:45.879722+00:00,68.1,20,bid,,,36310
2026-06-30T11:00:45.168955,2026-06-30T01:00:46.075280+00:00,67.9,200,ask,,,36315
2026-06-30T11:00:47.091746,2026-06-30T01:00:47.998113+00:00,67.8,20,ask,,,36342
2026-06-30T11:00:47.781070,2026-06-30T01:00:48.682206+00:00,67.9,200,bid,,,36350
2026-06-30T11:00:51.336796,2026-06-30T01:00:52.240032+00:00,67.9,20,ask,,,36386
2026-06-30T11:00:52.337079,2026-06-30T01:00:53.239039+00:00,67.9,200,ask,,,36405
2026-06-30T11:00:53.031860,2026-06-30T01:00:53.934158+00:00,67.8,500,ask,,,36419
2026-06-30T11:00:53.037454,2026-06-30T01:00:53.945220+00:00,67.8,125,bid,,,36420
2026-06-30T11:00:53.545619,2026-06-30T01:00:54.446095+00:00,67.8,200,ask,,,36431
2026-06-30T11:00:54.338597,2026-06-30T01:00:55.237555+00:00,68.2,500,bid,,,36447
2026-06-30T11:00:54.719035,2026-06-30T01:00:55.617823+00:00,68.2,125,ask,,,36449
2026-06-30T11:00:54.762352,2026-06-30T01:00:55.661150+00:00,68.0,12,bid,,,36454
2026-06-30T11:00:54.789564,2026-06-30T01:00:55.694341+00:00,68.0,12,bid,,,36458
2026-06-30T11:00:54.816930,2026-06-30T01:00:55.716495+00:00,68.0,12,bid,,,36461
2026-06-30T11:00:54.844089,2026-06-30T01:00:55.748260+00:00,68.0,12,bid,,,36464
2026-06-30T11:00:54.871429,2026-06-30T01:00:55.769922+00:00,68.0,2,bid,,,36466
2026-06-30T11:00:55.656013,2026-06-30T01:00:56.555200+00:00,67.9,25,bid,,,36474
2026-06-30T11:00:55.957194,2026-06-30T01:00:56.858895+00:00,67.8,200,ask,,,36480
2026-06-30T11:00:56.524976,2026-06-30T01:00:57.426149+00:00,67.9,500,bid,,,36490
2026-06-30T11:00:59.105584,2026-06-30T01:01:00.006670+00:00,68.0,20,bid,,,36524
2026-06-30T11:01:00.809417,2026-06-30T01:01:01.709599+00:00,68.1,200,bid,,,36550
2026-06-30T11:01:05.664706,2026-06-30T01:01:06.570825+00:00,68.1,200,ask,,,36602
2026-06-30T11:01:06.872392,2026-06-30T01:01:07.776282+00:00,68.1,200,bid,,,36610
2026-06-30T11:01:07.375295,2026-06-30T01:01:08.277163+00:00,68.1,20,bid,,,36615
2026-06-30T11:01:08.082204,2026-06-30T01:01:08.994962+00:00,68.1,200,ask,,,36625
2026-06-30T11:01:10.495351,2026-06-30T01:01:11.398764+00:00,68.0,200,ask,,,36660
2026-06-30T11:01:11.701265,2026-06-30T01:01:12.606241+00:00,67.9,200,ask,,,36678
2026-06-30T11:01:12.677751,2026-06-30T01:01:13.586299+00:00,67.9,500,ask,,,36691
2026-06-30T11:01:12.866579,2026-06-30T01:01:13.767760+00:00,67.9,125,bid,,,36695
2026-06-30T11:01:13.654390,2026-06-30T01:01:14.563339+00:00,67.9,20,ask,,,36706
2026-06-30T11:01:13.984657,2026-06-30T01:01:14.889093+00:00,68.0,200,bid,,,36709
2026-06-30T11:01:15.317109,2026-06-30T01:01:16.217674+00:00,68.1,200,bid,,,36731
2026-06-30T11:01:15.813190,2026-06-30T01:01:16.717487+00:00,68.1,20,bid,,,36737
2026-06-30T11:01:19.225626,2026-06-30T01:01:20.129738+00:00,68.1,200,ask,,,36783
2026-06-30T11:01:20.174222,2026-06-30T01:01:21.075015+00:00,68.1,200,bid,,,36790
2026-06-30T11:01:21.383375,2026-06-30T01:01:22.291936+00:00,68.2,200,ask,,,36800
2026-06-30T11:01:23.794195,2026-06-30T01:01:24.705266+00:00,68.2,200,bid,,,36834
2026-06-30T11:01:25.628642,2026-06-30T01:01:26.532086+00:00,68.1,20,bid,,,36862
2026-06-30T11:01:26.205617,2026-06-30T01:01:27.110057+00:00,68.0,200,bid,,,36876
2026-06-30T11:01:29.842512,2026-06-30T01:01:30.751955+00:00,67.8,200,ask,,,36925
2026-06-30T11:01:31.032958,2026-06-30T01:01:31.946481+00:00,67.7,500,ask,,,36942
2026-06-30T11:01:31.612369,2026-06-30T01:01:32.521912+00:00,67.7,125,bid,,,36948
2026-06-30T11:01:32.262407,2026-06-30T01:01:33.165325+00:00,67.7,200,ask,,,36956
2026-06-30T11:01:33.650153,2026-06-30T01:01:34.556047+00:00,68.0,200,bid,,,36970
2026-06-30T11:01:33.656305,2026-06-30T01:01:34.556047+00:00,68.1,200,ask,,,36971
2026-06-30T11:01:34.440493,2026-06-30T01:01:35.348059+00:00,68.1,20,ask,,,36979
2026-06-30T11:01:34.677773,2026-06-30T01:01:35.587173+00:00,68.1,200,ask,,,36980
2026-06-30T11:01:34.847992,2026-06-30T01:01:35.750769+00:00,68.1,5,ask,,,36981
2026-06-30T11:01:37.096937,2026-06-30T01:01:38.000082+00:00,67.9,200,ask,,,37022
2026-06-30T11:01:37.962809,2026-06-30T01:01:38.872014+00:00,67.7,20,ask,,,37036
2026-06-30T11:01:38.882672,2026-06-30T01:01:39.785160+00:00,67.9,200,bid,,,37047
2026-06-30T11:01:40.719209,2026-06-30T01:01:41.630948+00:00,67.9,200,ask,,,37068
2026-06-30T11:01:41.498019,2026-06-30T01:01:42.402238+00:00,67.7,200,ask,,,37077
2026-06-30T11:01:43.129352,2026-06-30T01:01:44.034154+00:00,67.8,200,bid,,,37095
2026-06-30T11:01:45.457676,2026-06-30T01:01:46.365066+00:00,67.8,50,bid,,,37122
2026-06-30T11:01:45.551958,2026-06-30T01:01:46.450691+00:00,67.7,200,ask,,,37124
2026-06-30T11:01:46.794510,2026-06-30T01:01:47.699084+00:00,67.7,150,bid,,,37144
2026-06-30T11:01:51.607955,2026-06-30T01:01:52.516326+00:00,67.7,200,ask,,,37206
2026-06-30T11:01:52.822479,2026-06-30T01:01:53.725351+00:00,67.7,200,bid,,,37214
2026-06-30T11:01:53.718232,2026-06-30T01:01:54.627414+00:00,67.7,20,ask,,,37227
2026-06-30T11:01:55.246202,2026-06-30T01:01:56.149049+00:00,67.7,200,ask,,,37242
2026-06-30T11:01:57.179946,2026-06-30T01:01:58.086425+00:00,67.8,200,bid,,,37262
2026-06-30T11:01:57.630772,2026-06-30T01:01:58.541169+00:00,67.8,425,ask,,,37269
2026-06-30T11:01:57.655146,2026-06-30T01:01:58.563309+00:00,67.8,75,bid,,,37270
2026-06-30T11:01:58.251351,2026-06-30T01:01:59.158412+00:00,67.8,125,ask,,,37276
2026-06-30T11:01:58.922979,2026-06-30T01:01:59.822845+00:00,67.8,20,bid,,,37286
2026-06-30T11:02:01.315023,2026-06-30T01:02:02.220080+00:00,67.7,200,ask,,,37320
2026-06-30T11:02:02.402192,2026-06-30T01:02:03.311900+00:00,67.6,200,ask,,,37333
2026-06-30T11:02:02.518501,2026-06-30T01:02:03.421145+00:00,67.6,200,bid,,,37336
2026-06-30T11:02:04.319645,2026-06-30T01:02:05.220898+00:00,67.6,200,ask,,,37357
2026-06-30T11:02:05.018115,2026-06-30T01:02:05.918646+00:00,67.5,200,ask,,,37364
2026-06-30T11:02:06.134631,2026-06-30T01:02:07.038674+00:00,67.5,200,bid,,,37373
2026-06-30T11:02:10.974752,2026-06-30T01:02:11.876346+00:00,67.7,200,bid,,,37435
2026-06-30T11:02:11.572672,2026-06-30T01:02:12.475338+00:00,67.7,500,bid,,,37445
2026-06-30T11:02:11.572672,2026-06-30T01:02:12.475338+00:00,67.9,125,bid,,,37446
2026-06-30T11:02:13.392680,2026-06-30T01:02:14.300174+00:00,67.7,200,bid,,,37466
2026-06-30T11:02:14.188879,2026-06-30T01:02:15.095034+00:00,67.7,500,bid,,,37473
2026-06-30T11:02:14.577524,2026-06-30T01:02:15.485236+00:00,67.7,125,ask,,,37482
2026-06-30T11:02:14.600488,2026-06-30T01:02:15.507368+00:00,67.6,200,bid,,,37483
2026-06-30T11:02:15.807075,2026-06-30T01:02:16.708887+00:00,67.5,200,bid,,,37493
2026-06-30T11:02:17.033491,2026-06-30T01:02:17.937757+00:00,67.5,200,bid,,,37514
2026-06-30T11:02:17.164468,2026-06-30T01:02:18.068130+00:00,67.4,150,ask,,,37520
2026-06-30T11:02:20.668149,2026-06-30T01:02:21.570727+00:00,67.5,200,ask,,,37566
2026-06-30T11:02:23.082719,2026-06-30T01:02:23.991745+00:00,67.3,200,ask,,,37590
2026-06-30T11:02:24.666667,2026-06-30T01:02:25.571178+00:00,67.4,200,bid,,,37610
2026-06-30T11:02:25.493875,2026-06-30T01:02:26.396406+00:00,67.4,200,ask,,,37618
2026-06-30T11:02:26.698255,2026-06-30T01:02:27.604116+00:00,67.2,200,bid,,,37628
2026-06-30T11:02:28.600942,2026-06-30T01:02:29.504371+00:00,67.1,500,ask,,,37659
2026-06-30T11:02:29.109905,2026-06-30T01:02:30.015787+00:00,67.1,125,bid,,,37667
2026-06-30T11:02:29.144543,2026-06-30T01:02:30.048534+00:00,67.1,200,ask,,,37670
2026-06-30T11:02:29.161327,2026-06-30T01:02:30.070678+00:00,67.1,50,ask,,,37673
2026-06-30T11:02:30.354522,2026-06-30T01:02:31.265489+00:00,67.4,200,ask,,,37687
2026-06-30T11:02:31.561117,2026-06-30T01:02:32.460174+00:00,67.3,200,ask,,,37705
2026-06-30T11:02:35.194386,2026-06-30T01:02:36.101047+00:00,67.2,200,bid,,,37745
2026-06-30T11:02:35.445623,2026-06-30T01:02:36.352255+00:00,67.2,20,bid,,,37757
2026-06-30T11:02:36.373810,2026-06-30T01:02:37.277354+00:00,67.2,405,bid,,,37767
2026-06-30T11:02:36.438570,2026-06-30T01:02:37.342853+00:00,67.3,200,bid,,,37770
2026-06-30T11:02:38.824565,2026-06-30T01:02:39.727843+00:00,67.3,200,ask,,,37804
2026-06-30T11:02:40.621873,2026-06-30T01:02:41.523955+00:00,67.3,200,bid,,,37835
2026-06-30T11:02:40.621873,2026-06-30T01:02:41.523955+00:00,67.3,300,bid,,,37836
2026-06-30T11:02:41.222249,2026-06-30T01:02:42.123025+00:00,67.3,325,bid,,,37849
2026-06-30T11:02:42.478200,2026-06-30T01:02:43.386577+00:00,67.3,200,ask,,,37865
2026-06-30T11:02:43.686899,2026-06-30T01:02:44.595187+00:00,67.4,200,ask,,,37877
2026-06-30T11:02:44.275702,2026-06-30T01:02:45.181158+00:00,67.3,500,ask,,,37886
2026-06-30T11:02:44.834249,2026-06-30T01:02:45.737385+00:00,67.3,125,bid,,,37892
2026-06-30T11:02:45.580071,2026-06-30T01:02:46.488471+00:00,67.4,200,bid,,,37902
2026-06-30T11:02:46.098863,2026-06-30T01:02:47.000975+00:00,67.5,200,ask,,,37908
2026-06-30T11:02:47.610368,2026-06-30T01:02:48.511813+00:00,67.4,20,bid,,,37930
2026-06-30T11:02:48.192886,2026-06-30T01:02:49.098726+00:00,67.4,180,bid,,,37938
2026-06-30T11:02:48.511563,2026-06-30T01:02:49.415340+00:00,67.4,200,ask,,,37941
2026-06-30T11:02:49.522553,2026-06-30T01:02:50.428114+00:00,67.3,150,bid,,,37954
2026-06-30T11:02:49.716690,2026-06-30T01:02:50.625415+00:00,67.3,200,bid,,,37958
2026-06-30T11:02:50.284842,2026-06-30T01:02:51.189826+00:00,67.3,275,bid,,,37962
2026-06-30T11:02:50.805535,2026-06-30T01:02:51.710834+00:00,67.4,200,bid,,,37970
2026-06-30T11:02:50.922470,2026-06-30T01:02:51.830679+00:00,67.4,200,ask,,,37972
2026-06-30T11:02:51.660825,2026-06-30T01:02:52.570013+00:00,67.4,20,ask,,,37978
2026-06-30T11:02:52.121225,2026-06-30T01:02:53.026472+00:00,67.3,200,ask,,,37989
2026-06-30T11:02:52.121225,2026-06-30T01:02:53.026472+00:00,67.2,425,ask,,,37990
2026-06-30T11:02:53.356295,2026-06-30T01:02:54.262942+00:00,67.3,200,ask,,,38004
2026-06-30T11:02:54.108188,2026-06-30T01:02:55.012030+00:00,67.6,20,bid,,,38014
2026-06-30T11:02:54.734931,2026-06-30T01:02:55.644172+00:00,67.5,200,bid,,,38028
2026-06-30T11:02:56.042827,2026-06-30T01:02:56.952134+00:00,67.5,200,ask,,,38051
2026-06-30T11:02:58.199236,2026-06-30T01:02:59.106566+00:00,67.5,200,bid,,,38082
2026-06-30T11:02:58.265632,2026-06-30T01:02:59.171035+00:00,67.5,20,bid,,,38083
2026-06-30T11:02:59.959591,2026-06-30T01:03:00.864973+00:00,67.6,500,bid,,,38105
2026-06-30T11:03:00.584251,2026-06-30T01:03:01.497189+00:00,67.6,125,ask,,,38114
2026-06-30T11:03:00.620030,2026-06-30T01:03:01.529011+00:00,67.6,200,bid,,,38118
2026-06-30T11:03:01.828856,2026-06-30T01:03:02.731751+00:00,67.4,200,bid,,,38134
2026-06-30T11:03:03.036004,2026-06-30T01:03:03.936241+00:00,67.4,200,bid,,,38149
2026-06-30T11:03:04.570389,2026-06-30T01:03:05.479039+00:00,67.4,20,ask,,,38166
2026-06-30T11:03:05.192878,2026-06-30T01:03:06.097037+00:00,67.4,180,ask,,,38179
2026-06-30T11:03:10.292340,2026-06-30T01:03:11.197563+00:00,67.2,200,ask,,,38246
2026-06-30T11:03:11.731168,2026-06-30T01:03:12.630685+00:00,67.3,200,bid,,,38265
2026-06-30T11:03:11.746479,2026-06-30T01:03:12.652801+00:00,67.3,150,ask,,,38268
2026-06-30T11:03:13.041379,2026-06-30T01:03:13.950949+00:00,67.3,200,ask,,,38293
2026-06-30T11:03:13.892238,2026-06-30T01:03:14.800738+00:00,67.3,425,bid,,,38305
2026-06-30T11:03:13.928886,2026-06-30T01:03:14.833859+00:00,67.3,75,ask,,,38309
2026-06-30T11:03:13.928886,2026-06-30T01:03:14.833859+00:00,67.2,125,ask,,,38310
2026-06-30T11:03:17.575001,2026-06-30T01:03:18.483078+00:00,67.2,200,ask,,,38357
2026-06-30T11:03:18.780612,2026-06-30T01:03:19.687722+00:00,67.3,200,bid,,,38368
2026-06-30T11:03:19.991998,2026-06-30T01:03:20.895416+00:00,67.3,200,bid,,,38391
2026-06-30T11:03:20.620457,2026-06-30T01:03:21.525001+00:00,67.3,20,bid,,,38401
2026-06-30T11:03:22.857090,2026-06-30T01:03:23.766065+00:00,67.5,100,bid,,,38433
2026-06-30T11:03:23.504127,2026-06-30T01:03:24.405295+00:00,67.4,200,ask,,,38443
2026-06-30T11:03:23.519903,2026-06-30T01:03:24.427429+00:00,67.4,100,bid,,,38445
2026-06-30T11:03:23.616371,2026-06-30T01:03:24.526091+00:00,67.4,200,bid,,,38451
2026-06-30T11:03:24.835245,2026-06-30T01:03:25.740033+00:00,67.5,500,bid,,,38469
2026-06-30T11:03:24.835245,2026-06-30T01:03:25.740033+00:00,67.7,125,bid,,,38470
2026-06-30T11:03:26.164254,2026-06-30T01:03:27.067753+00:00,67.4,200,bid,,,38493
2026-06-30T11:03:28.487281,2026-06-30T01:03:29.393650+00:00,67.5,200,bid,,,38526
2026-06-30T11:03:28.780976,2026-06-30T01:03:29.687563+00:00,67.5,300,bid,,,38530
2026-06-30T11:03:29.042435,2026-06-30T01:03:29.947894+00:00,67.5,325,ask,,,38533
2026-06-30T11:03:29.701291,2026-06-30T01:03:30.601913+00:00,67.5,200,bid,,,38540
2026-06-30T11:03:30.911887,2026-06-30T01:03:31.823208+00:00,67.2,200,bid,,,38554
2026-06-30T11:03:33.266705,2026-06-30T01:03:34.167991+00:00,67.4,500,ask,,,38576
2026-06-30T11:03:33.329907,2026-06-30T01:03:34.233910+00:00,67.4,125,ask,,,38580
2026-06-30T11:03:34.539912,2026-06-30T01:03:35.442013+00:00,67.3,200,bid,,,38597
2026-06-30T11:03:35.324771,2026-06-30T01:03:36.226257+00:00,67.3,500,bid,,,38608
2026-06-30T11:03:35.697099,2026-06-30T01:03:36.607298+00:00,67.3,125,ask,,,38609
2026-06-30T11:03:35.749129,2026-06-30T01:03:36.650164+00:00,67.3,200,bid,,,38613
2026-06-30T11:03:36.959665,2026-06-30T01:03:37.862049+00:00,67.2,200,bid,,,38629
2026-06-30T11:03:39.376850,2026-06-30T01:03:40.285053+00:00,67.3,200,bid,,,38657
2026-06-30T11:03:40.585601,2026-06-30T01:03:41.489790+00:00,67.3,200,bid,,,38670
2026-06-30T11:03:41.861714,2026-06-30T01:03:42.761783+00:00,67.2,200,ask,,,38689
2026-06-30T11:03:43.001872,2026-06-30T01:03:43.904068+00:00,67.2,200,bid,,,38703
2026-06-30T11:03:43.975310,2026-06-30T01:03:44.885164+00:00,67.3,20,bid,,,38717
2026-06-30T11:03:44.475382,2026-06-30T01:03:45.384617+00:00,67.2,200,bid,,,38723
2026-06-30T11:03:45.416038,2026-06-30T01:03:46.317554+00:00,67.3,200,bid,,,38732
2026-06-30T11:03:46.623024,2026-06-30T01:03:47.526160+00:00,67.2,200,bid,,,38741
2026-06-30T11:03:47.830321,2026-06-30T01:03:48.737296+00:00,67.3,200,ask,,,38758
2026-06-30T11:03:49.037911,2026-06-30T01:03:49.947200+00:00,67.2,200,ask,,,38776
2026-06-30T11:03:51.450541,2026-06-30T01:03:52.357546+00:00,67.2,200,ask,,,38805
2026-06-30T11:03:51.489973,2026-06-30T01:03:52.389831+00:00,67.3,20,bid,,,38807
2026-06-30T11:03:51.771293,2026-06-30T01:03:52.673200+00:00,67.3,20,bid,,,38812
2026-06-30T11:03:53.876889,2026-06-30T01:03:54.780986+00:00,67.3,200,bid,,,38836
2026-06-30T11:03:55.091318,2026-06-30T01:03:55.991262+00:00,67.2,200,bid,,,38851
2026-06-30T11:03:57.609437,2026-06-30T01:03:58.518554+00:00,67.3,200,bid,,,38884
2026-06-30T11:03:59.940256,2026-06-30T01:04:00.844701+00:00,67.3,200,ask,,,38913
2026-06-30T11:04:01.150078,2026-06-30T01:04:02.053360+00:00,67.3,200,ask,,,38929
2026-06-30T11:04:02.315937,2026-06-30T01:04:03.225130+00:00,67.2,500,bid,,,38943
2026-06-30T11:04:02.354220,2026-06-30T01:04:03.257876+00:00,67.2,125,bid,,,38946
2026-06-30T11:04:08.368396,2026-06-30T01:04:09.275519+00:00,67.3,200,bid,,,39034
2026-06-30T11:04:08.368396,2026-06-30T01:04:09.275519+00:00,67.3,300,bid,,,39035
2026-06-30T11:04:08.405943,2026-06-30T01:04:09.307806+00:00,67.3,200,bid,,,39039
2026-06-30T11:04:08.964380,2026-06-30T01:04:09.872080+00:00,67.3,125,bid,,,39048
2026-06-30T11:04:09.404600,2026-06-30T01:04:10.306418+00:00,67.5,100,ask,,,39055
2026-06-30T11:04:09.617878,2026-06-30T01:04:10.522099+00:00,67.5,200,ask,,,39058
2026-06-30T11:04:13.347346,2026-06-30T01:04:14.257436+00:00,67.5,500,ask,,,39113
2026-06-30T11:04:13.347346,2026-06-30T01:04:14.257436+00:00,67.5,125,ask,,,39114
2026-06-30T11:04:14.655426,2026-06-30T01:04:15.561806+00:00,67.7,200,ask,,,39136
2026-06-30T11:04:16.884784,2026-06-30T01:04:17.791254+00:00,67.7,200,ask,,,39171
2026-06-30T11:04:17.139240,2026-06-30T01:04:18.040915+00:00,67.8,20,bid,,,39173
2026-06-30T11:04:18.107707,2026-06-30T01:04:19.008753+00:00,67.7,100,bid,,,39184
2026-06-30T11:04:18.581104,2026-06-30T01:04:19.487410+00:00,67.7,100,bid,,,39192
2026-06-30T11:04:21.081387,2026-06-30T01:04:21.988424+00:00,67.8,200,ask,,,39236
2026-06-30T11:04:21.199838,2026-06-30T01:04:22.108709+00:00,67.8,300,bid,,,39242
2026-06-30T11:04:21.734893,2026-06-30T01:04:22.641836+00:00,67.8,200,ask,,,39248
2026-06-30T11:04:23.815778,2026-06-30T01:04:24.726222+00:00,67.6,200,ask,,,39266
2026-06-30T11:04:24.150971,2026-06-30T01:04:25.061158+00:00,67.6,200,bid,,,39270
2026-06-30T11:04:24.949704,2026-06-30T01:04:25.857287+00:00,67.5,20,ask,,,39278
2026-06-30T11:04:26.433659,2026-06-30T01:04:27.338817+00:00,67.7,200,bid,,,39302
2026-06-30T11:04:26.692428,2026-06-30T01:04:27.600106+00:00,67.8,20,bid,,,39306
2026-06-30T11:04:28.978616,2026-06-30T01:04:29.886126+00:00,67.8,200,bid,,,39332
2026-06-30T11:04:29.400362,2026-06-30T01:04:30.307944+00:00,67.7,20,ask,,,39339
2026-06-30T11:04:29.913494,2026-06-30T01:04:30.819026+00:00,67.7,200,ask,,,39346
2026-06-30T11:04:32.624453,2026-06-30T01:04:33.528681+00:00,67.6,200,ask,,,39381
2026-06-30T11:04:33.714345,2026-06-30T01:04:34.616404+00:00,67.6,20,bid,,,39398
2026-06-30T11:04:35.038533,2026-06-30T01:04:35.946343+00:00,67.5,200,ask,,,39420
2026-06-30T11:04:36.262841,2026-06-30T01:04:37.164165+00:00,67.6,200,ask,,,39446
2026-06-30T11:04:38.679412,2026-06-30T01:04:39.588602+00:00,67.5,200,ask,,,39471
2026-06-30T11:04:39.002290,2026-06-30T01:04:39.904191+00:00,67.5,20,ask,,,39475
2026-06-30T11:04:39.553460,2026-06-30T01:04:40.458253+00:00,67.4,500,ask,,,39478
2026-06-30T11:04:39.823420,2026-06-30T01:04:40.728611+00:00,67.4,125,bid,,,39483
2026-06-30T11:04:39.886629,2026-06-30T01:04:40.795007+00:00,67.4,200,ask,,,39486
2026-06-30T11:04:41.093239,2026-06-30T01:04:42.001082+00:00,67.6,200,ask,,,39509
2026-06-30T11:04:43.484332,2026-06-30T01:04:44.394246+00:00,67.5,200,ask,,,39535
2026-06-30T11:04:46.640369,2026-06-30T01:04:47.542001+00:00,67.6,20,bid,,,39579
2026-06-30T11:04:48.350367,2026-06-30T01:04:49.251883+00:00,67.4,200,ask,,,39604
2026-06-30T11:04:48.849983,2026-06-30T01:04:49.752263+00:00,67.5,150,bid,,,39610
2026-06-30T11:04:50.037254,2026-06-30T01:04:50.941232+00:00,67.4,200,ask,,,39623
2026-06-30T11:04:51.343422,2026-06-30T01:04:52.247368+00:00,67.4,200,bid,,,39638
2026-06-30T11:04:53.962459,2026-06-30T01:04:54.868702+00:00,67.4,200,ask,,,39668
2026-06-30T11:04:54.358015,2026-06-30T01:04:55.269916+00:00,67.4,425,bid,,,39673
2026-06-30T11:04:55.205834,2026-06-30T01:04:56.107903+00:00,67.4,150,ask,,,39685
2026-06-30T11:04:55.267436,2026-06-30T01:04:56.173891+00:00,67.6,200,bid,,,39687
2026-06-30T11:04:55.596614,2026-06-30T01:04:56.499630+00:00,67.6,200,ask,,,39690
2026-06-30T11:04:56.801777,2026-06-30T01:04:57.709802+00:00,67.5,200,bid,,,39707
2026-06-30T11:04:58.010375,2026-06-30T01:04:58.918345+00:00,67.5,200,ask,,,39721
2026-06-30T11:04:59.215386,2026-06-30T01:05:00.125393+00:00,67.5,200,bid,,,39729
2026-06-30T11:05:00.409956,2026-06-30T01:05:01.310765+00:00,67.5,425,bid,,,39747
2026-06-30T11:05:00.436970,2026-06-30T01:05:01.343956+00:00,67.5,75,ask,,,39749
2026-06-30T11:05:00.495219,2026-06-30T01:05:01.397844+00:00,67.5,125,bid,,,39751
2026-06-30T11:05:00.680729,2026-06-30T01:05:01.583073+00:00,67.9,20,bid,,,39754
2026-06-30T11:05:01.650795,2026-06-30T01:05:02.553312+00:00,67.8,200,ask,,,39767
2026-06-30T11:05:02.859182,2026-06-30T01:05:03.759842+00:00,67.6,200,ask,,,39778
2026-06-30T11:05:03.580077,2026-06-30T01:05:04.488721+00:00,67.6,20,bid,,,39785
2026-06-30T11:05:04.025969,2026-06-30T01:05:04.935137+00:00,67.6,500,bid,,,39791
2026-06-30T11:05:04.064027,2026-06-30T01:05:04.967889+00:00,67.6,105,bid,,,39793
2026-06-30T11:05:10.125214,2026-06-30T01:05:11.027885+00:00,67.6,200,ask,,,39860
2026-06-30T11:05:10.966893,2026-06-30T01:05:11.877129+00:00,67.5,500,ask,,,39876
2026-06-30T11:05:11.279968,2026-06-30T01:05:12.179800+00:00,67.5,125,bid,,,39882
2026-06-30T11:05:11.332749,2026-06-30T01:05:12.235122+00:00,67.5,200,ask,,,39885
2026-06-30T11:05:12.541756,2026-06-30T01:05:13.453321+00:00,67.7,200,ask,,,39900
2026-06-30T11:05:14.966997,2026-06-30T01:05:15.878737+00:00,67.6,200,ask,,,39926
2026-06-30T11:05:16.172642,2026-06-30T01:05:17.073985+00:00,67.6,200,ask,,,39942
2026-06-30T11:05:16.733711,2026-06-30T01:05:17.638334+00:00,67.7,500,bid,,,39947
2026-06-30T11:05:17.390599,2026-06-30T01:05:18.290704+00:00,67.6,200,ask,,,39953
2026-06-30T11:05:19.807880,2026-06-30T01:05:20.708247+00:00,67.7,200,ask,,,39975
2026-06-30T11:05:21.012927,2026-06-30T01:05:21.917848+00:00,67.7,200,bid,,,39988
2026-06-30T11:05:24.659430,2026-06-30T01:05:25.561024+00:00,67.6,200,ask,,,40028
2026-06-30T11:05:25.370643,2026-06-30T01:05:26.278442+00:00,67.7,500,ask,,,40033
2026-06-30T11:05:25.831886,2026-06-30T01:05:26.735961+00:00,67.6,125,bid,,,40036
2026-06-30T11:05:25.869356,2026-06-30T01:05:26.778847+00:00,67.7,200,ask,,,40039
2026-06-30T11:05:27.081889,2026-06-30T01:05:27.987980+00:00,67.7,200,ask,,,40057
2026-06-30T11:05:27.988881,2026-06-30T01:05:28.898710+00:00,67.7,500,ask,,,40065
2026-06-30T11:05:28.240136,2026-06-30T01:05:29.148417+00:00,67.7,125,bid,,,40068
2026-06-30T11:05:28.291617,2026-06-30T01:05:29.203276+00:00,67.7,200,ask,,,40072
2026-06-30T11:05:29.338735,2026-06-30T01:05:30.247458+00:00,68.0,20,bid,,,40082
2026-06-30T11:05:29.502298,2026-06-30T01:05:30.410882+00:00,67.9,200,ask,,,40086
2026-06-30T11:05:30.709808,2026-06-30T01:05:31.617587+00:00,67.9,200,ask,,,40099
2026-06-30T11:05:31.921535,2026-06-30T01:05:32.827224+00:00,67.8,200,ask,,,40119
2026-06-30T11:05:33.129726,2026-06-30T01:05:34.035191+00:00,67.8,200,ask,,,40134
2026-06-30T11:05:33.222191,2026-06-30T01:05:34.122308+00:00,67.8,500,ask,,,40135
2026-06-30T11:05:33.684855,2026-06-30T01:05:34.588389+00:00,67.8,125,bid,,,40139
2026-06-30T11:05:34.529212,2026-06-30T01:05:35.437222+00:00,67.9,200,bid,,,40159
2026-06-30T11:05:35.542367,2026-06-30T01:05:36.447927+00:00,68.1,200,ask,,,40168
2026-06-30T11:05:37.165423,2026-06-30T01:05:38.072167+00:00,68.0,20,ask,,,40192
2026-06-30T11:05:38.457414,2026-06-30T01:05:39.357250+00:00,68.1,200,bid,,,40204
2026-06-30T11:05:39.191140,2026-06-30T01:05:40.097248+00:00,68.1,200,ask,,,40223
2026-06-30T11:05:39.791008,2026-06-30T01:05:40.692824+00:00,68.0,150,bid,,,40225
2026-06-30T11:05:39.978024,2026-06-30T01:05:40.878053+00:00,68.0,20,bid,,,40226
2026-06-30T11:05:40.397360,2026-06-30T01:05:41.303890+00:00,68.0,200,bid,,,40237
2026-06-30T11:05:43.698671,2026-06-30T01:05:44.608370+00:00,68.1,200,ask,,,40279
2026-06-30T11:05:45.099502,2026-06-30T01:05:46.008185+00:00,68.0,20,ask,,,40293
2026-06-30T11:05:46.443904,2026-06-30T01:05:47.343993+00:00,68.0,200,ask,,,40316
2026-06-30T11:05:49.680787,2026-06-30T01:05:50.587994+00:00,68.1,20,bid,,,40356
2026-06-30T11:05:50.078767,2026-06-30T01:05:50.989890+00:00,68.0,200,ask,,,40360
2026-06-30T11:05:52.868544,2026-06-30T01:05:53.769812+00:00,68.1,200,bid,,,40402
2026-06-30T11:05:54.053259,2026-06-30T01:05:54.957394+00:00,68.2,20,bid,,,40409
2026-06-30T11:05:55.495871,2026-06-30T01:05:56.405967+00:00,68.2,200,bid,,,40430
2026-06-30T11:05:55.495871,2026-06-30T01:05:56.405967+00:00,68.2,425,bid,,,40431
2026-06-30T11:05:56.502962,2026-06-30T01:05:57.405973+00:00,68.1,20,ask,,,40442
2026-06-30T11:05:56.810621,2026-06-30T01:05:57.718225+00:00,68.1,180,ask,,,40443
2026-06-30T11:05:56.810621,2026-06-30T01:05:57.718225+00:00,67.8,445,ask,,,40444
2026-06-30T11:06:00.955884,2026-06-30T01:06:01.866434+00:00,68.0,200,bid,,,40507
2026-06-30T11:06:03.338515,2026-06-30T01:06:04.238433+00:00,68.0,500,bid,,,40527
2026-06-30T11:06:03.356719,2026-06-30T01:06:04.270351+00:00,68.1,200,bid,,,40528
2026-06-30T11:06:03.382584,2026-06-30T01:06:04.292535+00:00,68.2,200,ask,,,40533
2026-06-30T11:06:03.396514,2026-06-30T01:06:04.303599+00:00,68.2,100,ask,,,40537
2026-06-30T11:06:04.734329,2026-06-30T01:06:05.641034+00:00,68.4,150,bid,,,40560
2026-06-30T11:06:05.976799,2026-06-30T01:06:06.880592+00:00,68.3,200,bid,,,40573
2026-06-30T11:06:08.807254,2026-06-30T01:06:09.711962+00:00,68.4,20,bid,,,40603
2026-06-30T11:06:09.911676,2026-06-30T01:06:10.820806+00:00,68.3,200,ask,,,40612
2026-06-30T11:06:11.257285,2026-06-30T01:06:12.161995+00:00,68.2,20,ask,,,40630
2026-06-30T11:06:15.148097,2026-06-30T01:06:16.050078+00:00,68.4,200,bid,,,40683
2026-06-30T11:06:15.481490,2026-06-30T01:06:16.388761+00:00,68.5,200,bid,,,40689
2026-06-30T11:06:16.689081,2026-06-30T01:06:17.598526+00:00,68.5,200,bid,,,40698
2026-06-30T11:06:17.718154,2026-06-30T01:06:18.622105+00:00,68.5,20,bid,,,40710
2026-06-30T11:06:17.767719,2026-06-30T01:06:18.677426+00:00,68.5,500,bid,,,40712
2026-06-30T11:06:17.847616,2026-06-30T01:06:18.765025+00:00,68.5,125,ask,,,40714
2026-06-30T11:06:19.101682,2026-06-30T01:06:20.006226+00:00,68.2,200,ask,,,40727
2026-06-30T11:06:23.028065,2026-06-30T01:06:23.930058+00:00,68.3,200,bid,,,40778
2026-06-30T11:06:23.952980,2026-06-30T01:06:24.864414+00:00,68.3,200,ask,,,40791
2026-06-30T11:06:25.169129,2026-06-30T01:06:26.079370+00:00,68.3,200,ask,,,40815
2026-06-30T11:06:25.653782,2026-06-30T01:06:26.559162+00:00,68.2,200,ask,,,40819
2026-06-30T11:06:25.653782,2026-06-30T01:06:26.559162+00:00,68.1,425,ask,,,40820
2026-06-30T11:06:25.852051,2026-06-30T01:06:26.756467+00:00,68.1,20,ask,,,40823
2026-06-30T11:06:27.585778,2026-06-30T01:06:28.486361+00:00,68.3,200,bid,,,40854
2026-06-30T11:06:30.006273,2026-06-30T01:06:30.920157+00:00,68.4,200,bid,,,40881
2026-06-30T11:06:30.897479,2026-06-30T01:06:31.801765+00:00,68.4,52,ask,,,40887
2026-06-30T11:06:33.644299,2026-06-30T01:06:34.549813+00:00,68.4,200,ask,,,40922
2026-06-30T11:06:36.058604,2026-06-30T01:06:36.967429+00:00,68.4,200,bid,,,40947
2026-06-30T11:06:37.299064,2026-06-30T01:06:38.199988+00:00,68.4,200,ask,,,40965
2026-06-30T11:06:39.718565,2026-06-30T01:06:40.624971+00:00,68.3,200,ask,,,40992
2026-06-30T11:06:43.555461,2026-06-30T01:06:44.463002+00:00,68.2,20,ask,,,41033
2026-06-30T11:06:45.203629,2026-06-30T01:06:46.113483+00:00,68.4,52,bid,,,41054
2026-06-30T11:06:45.295056,2026-06-30T01:06:46.199060+00:00,68.4,200,bid,,,41058
2026-06-30T11:06:46.604113,2026-06-30T01:06:47.507399+00:00,68.5,200,bid,,,41080
2026-06-30T11:06:46.604113,2026-06-30T01:06:47.507399+00:00,68.5,425,bid,,,41081
2026-06-30T11:06:46.960044,2026-06-30T01:06:47.863333+00:00,68.5,200,bid,,,41087
2026-06-30T11:06:48.167443,2026-06-30T01:06:49.077466+00:00,68.5,200,bid,,,41110
2026-06-30T11:06:49.221769,2026-06-30T01:06:50.132926+00:00,68.5,500,bid,,,41123
2026-06-30T11:06:49.335063,2026-06-30T01:06:50.240703+00:00,68.5,125,ask,,,41124
2026-06-30T11:06:49.347010,2026-06-30T01:06:50.251767+00:00,68.5,20,bid,,,41126
2026-06-30T11:06:50.551816,2026-06-30T01:06:51.457190+00:00,68.3,200,ask,,,41143
2026-06-30T11:06:53.167276,2026-06-30T01:06:54.075477+00:00,68.2,200,bid,,,41182
2026-06-30T11:06:55.347167,2026-06-30T01:06:56.254015+00:00,68.3,20,bid,,,41210
2026-06-30T11:06:57.832093,2026-06-30T01:06:58.738581+00:00,68.2,200,bid,,,41248
2026-06-30T11:06:57.964523,2026-06-30T01:06:58.868943+00:00,68.0,20,ask,,,41250
2026-06-30T11:06:59.038265,2026-06-30T01:06:59.946235+00:00,68.2,200,bid,,,41263
2026-06-30T11:06:59.619484,2026-06-30T01:07:00.521865+00:00,68.1,20,ask,,,41271
2026-06-30T11:07:00.248842,2026-06-30T01:07:01.154007+00:00,68.1,200,ask,,,41280
2026-06-30T11:07:01.460398,2026-06-30T01:07:02.361263+00:00,68.1,200,ask,,,41299
2026-06-30T11:07:03.224589,2026-06-30T01:07:04.132230+00:00,68.1,20,bid,,,41319
2026-06-30T11:07:04.961778,2026-06-30T01:07:05.870077+00:00,68.0,200,ask,,,41342
2026-06-30T11:07:04.961778,2026-06-30T01:07:05.870077+00:00,68.0,425,ask,,,41343
2026-06-30T11:07:05.098974,2026-06-30T01:07:06.001948+00:00,68.0,200,ask,,,41346
2026-06-30T11:07:06.307398,2026-06-30T01:07:07.210672+00:00,68.0,200,ask,,,41366
2026-06-30T11:07:07.515628,2026-06-30T01:07:08.418935+00:00,68.0,200,ask,,,41385
2026-06-30T11:07:08.886783,2026-06-30T01:07:09.798898+00:00,68.0,500,ask,,,41394
2026-06-30T11:07:08.886783,2026-06-30T01:07:09.798898+00:00,68.0,125,ask,,,41395
2026-06-30T11:07:09.926102,2026-06-30T01:07:10.830076+00:00,68.0,200,ask,,,41409
2026-06-30T11:07:11.131584,2026-06-30T01:07:12.039771+00:00,68.1,200,ask,,,41418
2026-06-30T11:07:12.342568,2026-06-30T01:07:13.247312+00:00,68.0,200,ask,,,41428
2026-06-30T11:07:12.943840,2026-06-30T01:07:13.847696+00:00,68.0,500,bid,,,41438
2026-06-30T11:07:14.119066,2026-06-30T01:07:15.022993+00:00,68.1,200,bid,,,41451
2026-06-30T11:07:14.764636,2026-06-30T01:07:15.676455+00:00,68.1,200,ask,,,41455
2026-06-30T11:07:16.740658,2026-06-30T01:07:17.642294+00:00,68.1,200,ask,,,41475
2026-06-30T11:07:17.185979,2026-06-30T01:07:18.088365+00:00,68.1,200,bid,,,41487
2026-06-30T11:07:23.277335,2026-06-30T01:07:24.190871+00:00,68.1,200,bid,,,41560
2026-06-30T11:07:26.874016,2026-06-30T01:07:27.776521+00:00,68.0,200,ask,,,41595
2026-06-30T11:07:28.078096,2026-06-30T01:07:28.981200+00:00,68.1,200,bid,,,41612
2026-06-30T11:07:29.813666,2026-06-30T01:07:30.722249+00:00,68.1,500,bid,,,41631
2026-06-30T11:07:29.865355,2026-06-30T01:07:30.766502+00:00,68.1,125,ask,,,41633
2026-06-30T11:07:29.865355,2026-06-30T01:07:30.777565+00:00,68.0,200,ask,,,41634
2026-06-30T11:07:31.123933,2026-06-30T01:07:32.027061+00:00,67.9,200,ask,,,41647
2026-06-30T11:07:31.724367,2026-06-30T01:07:32.635313+00:00,67.8,200,bid,,,41652
2026-06-30T11:07:32.430969,2026-06-30T01:07:33.340744+00:00,67.9,200,bid,,,41658
2026-06-30T11:07:32.937065,2026-06-30T01:07:33.840868+00:00,67.9,200,ask,,,41660
2026-06-30T11:07:33.742634,2026-06-30T01:07:34.646285+00:00,67.8,200,ask,,,41674
2026-06-30T11:07:34.140197,2026-06-30T01:07:35.047561+00:00,67.8,200,bid,,,41678
2026-06-30T11:07:35.349877,2026-06-30T01:07:36.253299+00:00,67.9,200,ask,,,41696
2026-06-30T11:07:36.560591,2026-06-30T01:07:37.472153+00:00,67.9,200,ask,,,41714
2026-06-30T11:07:39.015446,2026-06-30T01:07:39.920983+00:00,67.6,200,ask,,,41748
2026-06-30T11:07:40.226243,2026-06-30T01:07:41.134314+00:00,67.6,200,ask,,,41765
2026-06-30T11:07:41.624068,2026-06-30T01:07:42.527310+00:00,67.7,200,bid,,,41783
2026-06-30T11:07:42.645760,2026-06-30T01:07:43.559883+00:00,67.7,200,ask,,,41795
2026-06-30T11:07:42.937520,2026-06-30T01:07:43.843319+00:00,67.6,500,ask,,,41802
2026-06-30T11:07:42.937520,2026-06-30T01:07:43.843319+00:00,67.6,125,ask,,,41803
2026-06-30T11:07:44.245543,2026-06-30T01:07:45.147623+00:00,67.8,200,bid,,,41821
2026-06-30T11:07:45.068423,2026-06-30T01:07:45.972794+00:00,67.8,200,ask,,,41835
2026-06-30T11:07:45.556801,2026-06-30T01:07:46.460203+00:00,67.6,500,ask,,,41841
2026-06-30T11:07:45.556801,2026-06-30T01:07:46.460203+00:00,67.6,125,ask,,,41842
2026-06-30T11:07:48.696857,2026-06-30T01:07:49.603922+00:00,67.7,200,ask,,,41881
2026-06-30T11:07:49.902737,2026-06-30T01:07:50.812203+00:00,67.8,200,ask,,,41901
2026-06-30T11:07:51.108599,2026-06-30T01:07:52.018305+00:00,67.7,200,ask,,,41919
2026-06-30T11:07:56.051751,2026-06-30T01:07:56.960744+00:00,67.5,500,ask,,,41983
2026-06-30T11:07:56.491342,2026-06-30T01:07:57.397068+00:00,67.5,125,bid,,,41986
2026-06-30T11:07:57.144744,2026-06-30T01:07:58.061717+00:00,67.5,200,ask,,,41998
2026-06-30T11:07:58.310788,2026-06-30T01:07:59.217988+00:00,67.8,500,ask,,,42010
2026-06-30T11:07:58.350111,2026-06-30T01:07:59.261778+00:00,67.8,125,ask,,,42012
2026-06-30T11:08:01.288090,2026-06-30T01:08:02.194344+00:00,67.5,200,bid,,,42051
2026-06-30T11:08:01.970136,2026-06-30T01:08:02.878959+00:00,67.6,200,ask,,,42066
2026-06-30T11:08:03.179930,2026-06-30T01:08:04.087549+00:00,67.5,200,bid,,,42082
2026-06-30T11:08:05.213631,2026-06-30T01:08:06.120347+00:00,67.6,200,bid,,,42109
2026-06-30T11:08:05.231016,2026-06-30T01:08:06.142472+00:00,67.6,98,ask,,,42111
2026-06-30T11:08:06.808835,2026-06-30T01:08:07.710174+00:00,67.7,200,bid,,,42131
2026-06-30T11:08:07.602935,2026-06-30T01:08:08.506500+00:00,67.7,20,bid,,,42150
2026-06-30T11:08:08.019156,2026-06-30T01:08:08.919885+00:00,67.6,200,bid,,,42153
2026-06-30T11:08:10.439404,2026-06-30T01:08:11.341194+00:00,67.7,200,bid,,,42178
2026-06-30T11:08:16.501353,2026-06-30T01:08:17.416930+00:00,67.5,200,ask,,,42249
2026-06-30T11:08:17.003017,2026-06-30T01:08:18.017599+00:00,67.4,500,ask,,,42258
2026-06-30T11:08:17.003017,2026-06-30T01:08:18.017599+00:00,67.4,125,ask,,,42259
2026-06-30T11:08:18.312835,2026-06-30T01:08:19.235342+00:00,67.6,200,ask,,,42272
2026-06-30T11:08:18.730861,2026-06-30T01:08:19.637571+00:00,67.5,20,ask,,,42276
2026-06-30T11:08:19.622725,2026-06-30T01:08:20.527444+00:00,67.5,200,bid,,,42284
2026-06-30T11:08:20.124236,2026-06-30T01:08:21.081172+00:00,67.5,200,ask,,,42291
2026-06-30T11:08:20.935356,2026-06-30T01:08:21.882121+00:00,67.4,200,ask,,,42299
2026-06-30T11:08:20.935356,2026-06-30T01:08:21.882121+00:00,67.4,425,ask,,,42300
2026-06-30T11:08:22.547244,2026-06-30T01:08:23.465927+00:00,67.5,200,ask,,,42319
2026-06-30T11:08:23.756957,2026-06-30T01:08:24.760069+00:00,67.6,200,ask,,,42340
2026-06-30T11:08:25.069250,2026-06-30T01:08:26.020799+00:00,67.6,20,bid,,,42349
2026-06-30T11:08:26.196558,2026-06-30T01:08:27.148307+00:00,67.5,500,ask,,,42367
2026-06-30T11:08:26.200396,2026-06-30T01:08:27.225117+00:00,67.5,125,bid,,,42368
2026-06-30T11:08:27.417985,2026-06-30T01:08:28.348174+00:00,67.6,200,ask,,,42383
2026-06-30T11:08:28.625808,2026-06-30T01:08:29.546220+00:00,67.6,200,ask,,,42396
2026-06-30T11:08:29.588634,2026-06-30T01:08:30.492797+00:00,67.6,20,ask,,,42408
2026-06-30T11:08:29.785465,2026-06-30T01:08:30.698703+00:00,67.7,500,bid,,,42409
2026-06-30T11:08:30.123508,2026-06-30T01:08:31.037473+00:00,67.6,200,bid,,,42415
2026-06-30T11:08:31.437847,2026-06-30T01:08:32.409634+00:00,67.7,500,ask,,,42436
2026-06-30T11:08:31.615641,2026-06-30T01:08:32.887489+00:00,67.7,125,bid,,,42439
2026-06-30T11:08:32.744488,2026-06-30T01:08:33.650886+00:00,67.9,200,bid,,,42456
2026-06-30T11:08:32.744488,2026-06-30T01:08:33.650886+00:00,68.0,425,bid,,,42457
2026-06-30T11:08:34.039040,2026-06-30T01:08:34.966534+00:00,67.9,200,ask,,,42474
2026-06-30T11:08:35.891798,2026-06-30T01:08:36.806517+00:00,67.8,200,ask,,,42501
2026-06-30T11:08:39.245964,2026-06-30T01:08:40.147834+00:00,67.7,20,ask,,,42535
2026-06-30T11:08:40.589572,2026-06-30T01:08:41.496336+00:00,67.7,200,ask,,,42558
2026-06-30T11:08:40.589572,2026-06-30T01:08:41.496336+00:00,67.6,425,ask,,,42559
2026-06-30T11:08:41.502809,2026-06-30T01:08:42.468241+00:00,67.7,20,bid,,,42570
2026-06-30T11:08:41.903669,2026-06-30T01:08:42.849732+00:00,67.7,180,bid,,,42574
2026-06-30T11:08:43.156952,2026-06-30T01:08:44.067454+00:00,67.7,200,ask,,,42586
2026-06-30T11:08:43.216583,2026-06-30T01:08:44.121858+00:00,67.6,500,ask,,,42588
2026-06-30T11:08:43.711948,2026-06-30T01:08:44.618152+00:00,67.6,125,bid,,,42593
2026-06-30T11:08:45.577394,2026-06-30T01:08:46.519735+00:00,67.9,200,bid,,,42614
2026-06-30T11:08:47.144125,2026-06-30T01:08:48.121248+00:00,68.0,200,bid,,,42637
2026-06-30T11:08:47.339406,2026-06-30T01:08:48.241119+00:00,68.1,425,ask,,,42641
2026-06-30T11:08:48.456250,2026-06-30T01:08:49.360999+00:00,67.8,200,ask,,,42654
2026-06-30T11:08:48.471912,2026-06-30T01:08:49.383124+00:00,67.7,50,bid,,,42656
2026-06-30T11:08:48.540327,2026-06-30T01:08:49.458154+00:00,67.7,375,bid,,,42657
2026-06-30T11:08:49.784425,2026-06-30T01:08:50.708389+00:00,67.8,200,ask,,,42677
2026-06-30T11:08:51.511056,2026-06-30T01:08:52.413925+00:00,67.8,20,ask,,,42700
2026-06-30T11:08:51.623234,2026-06-30T01:08:52.555316+00:00,67.8,200,ask,,,42705
2026-06-30T11:08:52.405743,2026-06-30T01:08:53.328604+00:00,67.8,500,ask,,,42711
2026-06-30T11:08:53.452826,2026-06-30T01:08:54.363076+00:00,67.8,20,bid,,,42727
2026-06-30T11:08:54.040559,2026-06-30T01:08:54.950146+00:00,67.8,200,ask,,,42736
2026-06-30T11:08:55.248606,2026-06-30T01:08:56.178600+00:00,67.7,200,ask,,,42746
2026-06-30T11:08:55.835053,2026-06-30T01:08:56.756523+00:00,67.9,20,bid,,,42749
2026-06-30T11:08:56.332433,2026-06-30T01:08:57.244284+00:00,67.6,200,ask,,,42752
2026-06-30T11:08:57.668965,2026-06-30T01:08:58.622982+00:00,67.6,200,ask,,,42773
2026-06-30T11:08:58.880661,2026-06-30T01:08:59.798246+00:00,67.6,200,ask,,,42790
2026-06-30T11:08:58.958504,2026-06-30T01:08:59.864182+00:00,67.5,500,ask,,,42793
2026-06-30T11:08:59.436203,2026-06-30T01:09:00.341211+00:00,67.5,125,bid,,,42795
2026-06-30T11:09:00.089862,2026-06-30T01:09:01.014176+00:00,67.5,200,ask,,,42804
2026-06-30T11:09:01.270393,2026-06-30T01:09:02.179802+00:00,67.7,150,ask,,,42818
2026-06-30T11:09:01.305046,2026-06-30T01:09:02.212987+00:00,67.7,200,ask,,,42820
2026-06-30T11:09:02.887092,2026-06-30T01:09:03.797106+00:00,67.7,500,ask,,,42845
2026-06-30T11:09:02.887092,2026-06-30T01:09:03.797106+00:00,67.7,125,ask,,,42846
2026-06-30T11:09:04.123054,2026-06-30T01:09:05.033905+00:00,67.7,20,ask,,,42863
2026-06-30T11:09:04.192508,2026-06-30T01:09:05.097864+00:00,67.8,200,bid,,,42864
2026-06-30T11:09:06.146738,2026-06-30T01:09:07.059931+00:00,67.8,200,ask,,,42895
2026-06-30T11:09:06.825589,2026-06-30T01:09:07.730950+00:00,67.8,500,ask,,,42898
2026-06-30T11:09:07.297382,2026-06-30T01:09:08.208893+00:00,67.8,125,bid,,,42907
2026-06-30T11:09:08.130904,2026-06-30T01:09:09.036304+00:00,67.9,200,bid,,,42917
2026-06-30T11:09:08.149744,2026-06-30T01:09:09.057511+00:00,68.0,2,ask,,,42920
2026-06-30T11:09:08.569724,2026-06-30T01:09:09.481901+00:00,68.0,200,ask,,,42925
2026-06-30T11:09:09.780341,2026-06-30T01:09:10.687066+00:00,68.2,200,ask,,,42940
2026-06-30T11:09:10.806262,2026-06-30T01:09:11.710090+00:00,68.3,20,bid,,,42951
2026-06-30T11:09:10.985575,2026-06-30T01:09:11.896272+00:00,68.1,200,ask,,,42955
2026-06-30T11:09:12.191369,2026-06-30T01:09:13.100973+00:00,68.1,200,ask,,,42976
2026-06-30T11:09:15.831946,2026-06-30T01:09:16.743167+00:00,68.2,200,bid,,,43028
2026-06-30T11:09:17.302742,2026-06-30T01:09:18.213994+00:00,68.3,500,bid,,,43044
2026-06-30T11:09:17.302742,2026-06-30T01:09:18.213994+00:00,68.4,125,bid,,,43045
2026-06-30T11:09:19.918823,2026-06-30T01:09:20.827767+00:00,68.3,500,bid,,,43072
2026-06-30T11:09:19.918823,2026-06-30T01:09:20.827767+00:00,68.3,125,bid,,,43073
2026-06-30T11:09:20.039983,2026-06-30T01:09:20.948057+00:00,68.2,200,ask,,,43074
2026-06-30T11:09:20.670482,2026-06-30T01:09:21.579676+00:00,68.3,200,bid,,,43083
2026-06-30T11:09:23.836182,2026-06-30T01:09:24.743019+00:00,68.2,20,ask,,,43131
2026-06-30T11:09:24.295920,2026-06-30T01:09:25.199680+00:00,68.3,200,bid,,,43136
2026-06-30T11:09:25.505960,2026-06-30T01:09:26.415438+00:00,68.3,200,ask,,,43148
2026-06-30T11:09:26.716671,2026-06-30T01:09:27.619651+00:00,68.2,200,bid,,,43156
2026-06-30T11:09:27.939270,2026-06-30T01:09:28.849618+00:00,68.3,200,ask,,,43168
2026-06-30T11:09:29.148452,2026-06-30T01:09:30.058305+00:00,68.1,200,ask,,,43187
2026-06-30T11:09:33.015752,2026-06-30T01:09:33.917574+00:00,68.2,200,bid,,,43239
2026-06-30T11:09:35.197736,2026-06-30T01:09:36.104811+00:00,68.3,200,bid,,,43260
2026-06-30T11:09:36.405144,2026-06-30T01:09:37.313033+00:00,68.2,200,bid,,,43276
2026-06-30T11:09:38.256182,2026-06-30T01:09:39.161018+00:00,68.1,200,ask,,,43301
2026-06-30T11:09:43.653584,2026-06-30T01:09:44.560961+00:00,68.0,200,ask,,,43375
2026-06-30T11:09:46.110150,2026-06-30T01:09:47.020916+00:00,68.1,200,bid,,,43410
2026-06-30T11:09:48.497424,2026-06-30T01:09:49.398943+00:00,68.0,200,ask,,,43438
2026-06-30T11:09:49.704795,2026-06-30T01:09:50.609615+00:00,68.0,200,bid,,,43455
2026-06-30T11:09:50.897660,2026-06-30T01:09:51.811258+00:00,68.0,500,bid,,,43466
2026-06-30T11:09:51.352423,2026-06-30T01:09:52.257276+00:00,68.0,200,bid,,,43473
2026-06-30T11:09:52.120369,2026-06-30T01:09:53.028584+00:00,68.2,200,ask,,,43477
2026-06-30T11:09:53.971977,2026-06-30T01:09:54.883433+00:00,68.1,200,ask,,,43500
2026-06-30T11:09:53.971977,2026-06-30T01:09:54.883433+00:00,68.1,425,ask,,,43501
2026-06-30T11:09:55.114641,2026-06-30T01:09:56.022250+00:00,68.1,200,bid,,,43513
2026-06-30T11:09:55.736997,2026-06-30T01:09:56.640998+00:00,68.3,200,ask,,,43522
2026-06-30T11:09:56.971540,2026-06-30T01:09:57.880646+00:00,68.2,200,ask,,,43536
2026-06-30T11:09:58.176071,2026-06-30T01:09:59.077621+00:00,68.2,200,bid,,,43548
2026-06-30T11:09:59.385123,2026-06-30T01:10:00.287766+00:00,68.2,200,ask,,,43564
2026-06-30T11:10:00.591074,2026-06-30T01:10:01.504282+00:00,68.3,200,bid,,,43577
2026-06-30T11:10:04.306690,2026-06-30T01:10:05.213254+00:00,68.3,20,ask,,,43631
2026-06-30T11:10:06.622188,2026-06-30T01:10:07.529671+00:00,68.3,500,bid,,,43649
2026-06-30T11:10:06.678242,2026-06-30T01:10:07.585006+00:00,68.2,200,ask,,,43655
2026-06-30T11:10:07.884763,2026-06-30T01:10:08.792090+00:00,68.4,200,ask,,,43668
2026-06-30T11:10:09.690647,2026-06-30T01:10:10.602829+00:00,68.4,200,ask,,,43687
2026-06-30T11:10:10.998326,2026-06-30T01:10:11.908162+00:00,68.5,200,bid,,,43699
2026-06-30T11:10:12.307408,2026-06-30T01:10:13.214977+00:00,68.6,200,bid,,,43715
2026-06-30T11:10:12.307408,2026-06-30T01:10:13.214977+00:00,68.7,425,bid,,,43716
2026-06-30T11:10:13.618556,2026-06-30T01:10:14.528326+00:00,68.5,200,ask,,,43727
2026-06-30T11:10:15.168797,2026-06-30T01:10:16.073822+00:00,68.4,200,bid,,,43743
2026-06-30T11:10:16.235282,2026-06-30T01:10:17.139785+00:00,68.5,200,bid,,,43753
2026-06-30T11:10:16.388416,2026-06-30T01:10:17.293331+00:00,68.5,200,ask,,,43758
2026-06-30T11:10:18.798797,2026-06-30T01:10:19.708318+00:00,68.5,200,bid,,,43786
2026-06-30T11:10:20.169134,2026-06-30T01:10:21.077116+00:00,68.6,200,ask,,,43799
2026-06-30T11:10:22.376071,2026-06-30T01:10:23.278478+00:00,68.6,500,ask,,,43830
2026-06-30T11:10:22.789910,2026-06-30T01:10:23.703896+00:00,68.5,200,ask,,,43838
2026-06-30T11:10:24.100409,2026-06-30T01:10:25.011756+00:00,68.4,200,ask,,,43857
2026-06-30T11:10:26.033798,2026-06-30T01:10:26.944028+00:00,68.2,200,ask,,,43879
2026-06-30T11:10:27.238279,2026-06-30T01:10:28.139838+00:00,68.2,200,bid,,,43898
2026-06-30T11:10:28.027034,2026-06-30T01:10:28.935341+00:00,68.1,500,ask,,,43910
2026-06-30T11:10:28.409882,2026-06-30T01:10:29.315363+00:00,68.1,125,bid,,,43913
2026-06-30T11:10:30.645766,2026-06-30T01:10:31.556204+00:00,68.3,200,ask,,,43944
2026-06-30T11:10:32.075423,2026-06-30T01:10:32.977416+00:00,68.3,200,bid,,,43965
2026-06-30T11:10:33.298171,2026-06-30T01:10:34.204321+00:00,68.3,200,bid,,,43976
2026-06-30T11:10:35.911121,2026-06-30T01:10:36.817277+00:00,68.3,200,bid,,,44006
2026-06-30T11:10:38.783720,2026-06-30T01:10:39.687919+00:00,68.2,20,ask,,,44041
2026-06-30T11:10:41.766726,2026-06-30T01:10:42.678397+00:00,68.3,200,ask,,,44068
2026-06-30T11:10:45.079690,2026-06-30T01:10:45.990807+00:00,68.2,200,bid,,,44110
2026-06-30T11:10:45.388105,2026-06-30T01:10:46.296279+00:00,68.3,200,bid,,,44113
2026-06-30T11:10:46.597584,2026-06-30T01:10:47.505454+00:00,68.4,200,bid,,,44131
2026-06-30T11:10:47.807630,2026-06-30T01:10:48.709734+00:00,68.4,200,bid,,,44150
2026-06-30T11:10:50.260557,2026-06-30T01:10:51.163927+00:00,68.3,200,ask,,,44185
2026-06-30T11:10:51.465126,2026-06-30T01:10:52.367560+00:00,68.3,200,bid,,,44198
2026-06-30T11:10:52.674852,2026-06-30T01:10:53.577396+00:00,68.3,200,ask,,,44221
2026-06-30T11:10:53.885391,2026-06-30T01:10:54.793026+00:00,68.2,200,bid,,,44239
2026-06-30T11:10:59.468190,2026-06-30T01:11:00.375244+00:00,68.3,200,ask,,,44319
2026-06-30T11:10:59.847503,2026-06-30T01:11:00.757046+00:00,68.1,20,ask,,,44326
2026-06-30T11:10:59.929862,2026-06-30T01:11:00.833176+00:00,68.2,200,bid,,,44329
2026-06-30T11:11:03.558831,2026-06-30T01:11:04.461753+00:00,68.2,200,ask,,,44378
2026-06-30T11:11:04.699270,2026-06-30T01:11:05.601166+00:00,68.1,500,ask,,,44386
2026-06-30T11:11:04.764463,2026-06-30T01:11:05.667573+00:00,68.1,125,bid,,,44388
2026-06-30T11:11:05.429024,2026-06-30T01:11:06.340616+00:00,68.2,20,bid,,,44393
2026-06-30T11:11:05.978236,2026-06-30T01:11:06.886208+00:00,68.1,200,ask,,,44410
2026-06-30T11:11:07.186490,2026-06-30T01:11:08.089946+00:00,68.3,200,ask,,,44422
2026-06-30T11:11:08.392617,2026-06-30T01:11:09.298197+00:00,68.3,200,bid,,,44442
2026-06-30T11:11:09.925951,2026-06-30T01:11:10.831885+00:00,68.4,200,bid,,,44460
2026-06-30T11:11:11.234718,2026-06-30T01:11:12.146294+00:00,68.5,200,ask,,,44472
2026-06-30T11:11:12.024527,2026-06-30T01:11:12.929616+00:00,68.4,200,bid,,,44480
2026-06-30T11:11:13.198659,2026-06-30T01:11:14.100962+00:00,68.5,500,ask,,,44500
2026-06-30T11:11:13.237630,2026-06-30T01:11:14.145248+00:00,68.5,125,ask,,,44503
2026-06-30T11:11:14.443213,2026-06-30T01:11:15.350497+00:00,68.5,200,bid,,,44517
2026-06-30T11:11:15.692153,2026-06-30T01:11:16.601200+00:00,68.4,20,ask,,,44535
2026-06-30T11:11:19.077913,2026-06-30T01:11:19.987815+00:00,68.4,200,ask,,,44573
2026-06-30T11:11:19.271535,2026-06-30T01:11:20.174121+00:00,68.3,200,bid,,,44577
2026-06-30T11:11:20.479934,2026-06-30T01:11:21.388486+00:00,68.5,200,bid,,,44591
2026-06-30T11:11:21.703907,2026-06-30T01:11:22.608068+00:00,68.5,500,bid,,,44605
2026-06-30T11:11:21.716960,2026-06-30T01:11:22.629743+00:00,68.5,125,ask,,,44608
2026-06-30T11:11:24.146027,2026-06-30T01:11:25.057768+00:00,68.4,200,bid,,,44642
2026-06-30T11:11:24.193583,2026-06-30T01:11:25.101065+00:00,68.3,20,ask,,,44646
2026-06-30T11:11:25.353918,2026-06-30T01:11:26.265420+00:00,68.5,200,bid,,,44660
2026-06-30T11:11:26.560313,2026-06-30T01:11:27.469071+00:00,68.5,200,bid,,,44673
2026-06-30T11:11:28.242580,2026-06-30T01:11:29.146435+00:00,68.5,500,bid,,,44695
2026-06-30T11:11:28.242580,2026-06-30T01:11:29.146435+00:00,68.5,125,bid,,,44696
2026-06-30T11:11:28.954099,2026-06-30T01:11:29.872897+00:00,68.4,50,bid,,,44709
2026-06-30T11:11:28.972102,2026-06-30T01:11:29.883980+00:00,68.4,200,bid,,,44711
2026-06-30T11:11:30.177371,2026-06-30T01:11:31.080863+00:00,68.3,200,bid,,,44721
2026-06-30T11:11:30.856719,2026-06-30T01:11:31.765057+00:00,68.3,500,bid,,,44730
2026-06-30T11:11:32.013421,2026-06-30T01:11:32.915289+00:00,68.3,20,ask,,,44748
2026-06-30T11:11:32.164612,2026-06-30T01:11:33.067344+00:00,68.3,200,ask,,,44750
2026-06-30T11:11:32.586666,2026-06-30T01:11:33.491886+00:00,68.2,200,bid,,,44759
2026-06-30T11:11:36.228285,2026-06-30T01:11:37.134256+00:00,68.3,200,bid,,,44798
2026-06-30T11:11:37.439411,2026-06-30T01:11:38.350046+00:00,68.3,200,bid,,,44816
2026-06-30T11:11:40.020610,2026-06-30T01:11:40.928964+00:00,68.2,200,ask,,,44847
2026-06-30T11:11:41.056843,2026-06-30T01:11:41.963083+00:00,68.2,200,bid,,,44860
2026-06-30T11:11:43.889681,2026-06-30T01:11:44.799037+00:00,68.1,20,ask,,,44895
2026-06-30T11:11:43.941873,2026-06-30T01:11:44.854390+00:00,68.1,500,ask,,,44897
2026-06-30T11:11:43.941873,2026-06-30T01:11:44.854390+00:00,68.0,125,ask,,,44898
2026-06-30T11:11:44.688714,2026-06-30T01:11:45.590981+00:00,68.1,200,ask,,,44904
2026-06-30T11:11:46.149769,2026-06-30T01:11:47.062862+00:00,68.2,150,bid,,,44926
2026-06-30T11:11:47.113366,2026-06-30T01:11:48.021912+00:00,68.1,200,ask,,,44937
2026-06-30T11:11:47.861983,2026-06-30T01:11:48.775466+00:00,68.1,500,ask,,,44945
2026-06-30T11:11:48.275895,2026-06-30T01:11:49.177728+00:00,68.0,125,bid,,,44948
2026-06-30T11:11:48.325000,2026-06-30T01:11:49.243197+00:00,68.1,200,ask,,,44951
2026-06-30T11:11:49.536170,2026-06-30T01:11:50.448476+00:00,68.1,200,ask,,,44962
2026-06-30T11:11:51.782316,2026-06-30T01:11:52.687219+00:00,68.1,200,ask,,,44979
2026-06-30T11:11:51.782316,2026-06-30T01:11:52.687219+00:00,68.1,425,ask,,,44980
2026-06-30T11:11:53.177359,2026-06-30T01:11:54.089950+00:00,68.2,200,ask,,,45002
2026-06-30T11:11:54.396426,2026-06-30T01:11:55.304179+00:00,68.2,500,ask,,,45017
2026-06-30T11:11:54.396426,2026-06-30T01:11:55.304179+00:00,68.2,125,ask,,,45018
2026-06-30T11:11:55.702800,2026-06-30T01:11:56.612193+00:00,68.3,200,bid,,,45030
2026-06-30T11:11:56.189157,2026-06-30T01:11:57.101048+00:00,68.4,20,ask,,,45038
2026-06-30T11:11:59.221217,2026-06-30T01:12:00.128918+00:00,68.4,200,ask,,,45086
2026-06-30T11:12:00.425552,2026-06-30T01:12:01.337607+00:00,68.3,200,bid,,,45097
2026-06-30T11:12:02.238297,2026-06-30T01:12:03.141931+00:00,68.4,200,ask,,,45131
2026-06-30T11:12:04.057335,2026-06-30T01:12:04.970786+00:00,68.4,200,ask,,,45147
2026-06-30T11:12:05.262714,2026-06-30T01:12:06.178098+00:00,68.2,200,ask,,,45163
2026-06-30T11:12:07.545801,2026-06-30T01:12:08.457316+00:00,68.4,20,bid,,,45191
2026-06-30T11:12:07.678367,2026-06-30T01:12:08.588232+00:00,68.4,200,bid,,,45195
2026-06-30T11:12:09.673047,2026-06-30T01:12:10.577776+00:00,68.4,20,ask,,,45223
2026-06-30T11:12:10.678943,2026-06-30T01:12:11.589643+00:00,68.5,500,ask,,,45229
2026-06-30T11:12:11.413185,2026-06-30T01:12:12.318540+00:00,68.5,200,ask,,,45237
2026-06-30T11:12:11.950568,2026-06-30T01:12:12.853055+00:00,68.3,20,bid,,,45243
2026-06-30T11:12:12.521588,2026-06-30T01:12:13.427902+00:00,68.3,200,bid,,,45252
2026-06-30T11:12:13.731419,2026-06-30T01:12:14.644039+00:00,68.4,200,ask,,,45270
2026-06-30T11:12:15.334704,2026-06-30T01:12:16.237365+00:00,68.3,200,ask,,,45295
2026-06-30T11:12:17.366163,2026-06-30T01:12:18.274090+00:00,68.3,200,ask,,,45318
2026-06-30T11:12:18.573706,2026-06-30T01:12:19.482862+00:00,68.3,200,ask,,,45338
2026-06-30T11:12:19.781043,2026-06-30T01:12:20.690007+00:00,68.3,200,ask,,,45358
2026-06-30T11:12:19.976990,2026-06-30T01:12:20.887386+00:00,68.3,20,ask,,,45361
2026-06-30T11:12:20.986531,2026-06-30T01:12:21.888773+00:00,68.3,200,bid,,,45375
2026-06-30T11:12:21.871097,2026-06-30T01:12:22.780745+00:00,68.4,200,bid,,,45379
2026-06-30T11:12:22.205437,2026-06-30T01:12:23.118010+00:00,68.4,200,ask,,,45390
2026-06-30T11:12:23.411135,2026-06-30T01:12:24.316122+00:00,68.3,200,bid,,,45403
2026-06-30T11:12:25.807081,2026-06-30T01:12:26.713953+00:00,68.4,200,ask,,,45425
2026-06-30T11:12:25.941826,2026-06-30T01:12:26.845328+00:00,68.2,20,ask,,,45431
2026-06-30T11:12:27.112648,2026-06-30T01:12:28.020723+00:00,68.3,200,bid,,,45441
2026-06-30T11:12:28.180101,2026-06-30T01:12:29.087995+00:00,68.4,20,ask,,,45449
2026-06-30T11:12:29.730251,2026-06-30T01:12:30.642044+00:00,68.5,200,bid,,,45473
2026-06-30T11:12:29.730251,2026-06-30T01:12:30.642044+00:00,68.6,425,bid,,,45474
2026-06-30T11:12:30.653730,2026-06-30T01:12:31.557259+00:00,68.6,200,bid,,,45488
2026-06-30T11:12:31.861878,2026-06-30T01:12:32.770922+00:00,68.5,200,bid,,,45502
2026-06-30T11:12:33.076602,2026-06-30T01:12:33.990786+00:00,68.5,200,ask,,,45511
2026-06-30T11:12:34.299930,2026-06-30T01:12:35.209645+00:00,68.5,200,bid,,,45526
2026-06-30T11:12:35.510290,2026-06-30T01:12:36.419727+00:00,68.4,200,bid,,,45539
2026-06-30T11:12:37.926379,2026-06-30T01:12:38.830881+00:00,68.4,200,ask,,,45572
2026-06-30T11:12:39.131929,2026-06-30T01:12:40.038563+00:00,68.4,200,bid,,,45588
2026-06-30T11:12:40.333719,2026-06-30T01:12:41.237739+00:00,68.4,500,ask,,,45603
2026-06-30T11:12:40.341210,2026-06-30T01:12:41.248318+00:00,68.4,125,ask,,,45604
2026-06-30T11:12:41.561604,2026-06-30T01:12:42.467271+00:00,68.2,200,bid,,,45627
2026-06-30T11:12:42.770069,2026-06-30T01:12:43.673968+00:00,68.2,200,bid,,,45635
2026-06-30T11:12:42.805371,2026-06-30T01:12:43.717293+00:00,68.3,500,bid,,,45637
2026-06-30T11:12:43.342010,2026-06-30T01:12:44.250991+00:00,68.3,125,ask,,,45645
2026-06-30T11:12:43.537195,2026-06-30T01:12:44.447223+00:00,67.9,20,ask,,,45647
2026-06-30T11:12:45.187855,2026-06-30T01:12:46.094786+00:00,68.2,200,bid,,,45663
2026-06-30T11:12:45.522186,2026-06-30T01:12:46.431828+00:00,68.1,20,ask,,,45669
2026-06-30T11:12:47.594935,2026-06-30T01:12:48.499260+00:00,68.2,200,ask,,,45695
2026-06-30T11:12:47.594935,2026-06-30T01:12:48.499260+00:00,68.2,300,ask,,,45696
2026-06-30T11:12:48.033623,2026-06-30T01:12:48.945173+00:00,68.2,200,ask,,,45703
2026-06-30T11:12:49.340233,2026-06-30T01:12:50.244252+00:00,68.2,500,bid,,,45722
2026-06-30T11:12:49.396289,2026-06-30T01:12:50.308757+00:00,68.2,125,ask,,,45724
2026-06-30T11:12:50.035490,2026-06-30T01:12:50.938725+00:00,68.2,200,bid,,,45730
2026-06-30T11:12:50.647656,2026-06-30T01:12:51.558850+00:00,67.8,500,ask,,,45737
2026-06-30T11:12:51.198961,2026-06-30T01:12:52.114995+00:00,67.8,125,bid,,,45742
2026-06-30T11:12:51.955017,2026-06-30T01:12:52.868196+00:00,68.0,200,ask,,,45762
2026-06-30T11:12:52.463481,2026-06-30T01:12:53.372123+00:00,67.9,200,ask,,,45764
2026-06-30T11:12:53.261130,2026-06-30T01:12:54.165068+00:00,68.1,500,bid,,,45773
2026-06-30T11:12:53.670503,2026-06-30T01:12:54.579015+00:00,68.1,125,ask,,,45776
2026-06-30T11:12:54.596107,2026-06-30T01:12:55.500787+00:00,67.8,20,ask,,,45784
2026-06-30T11:12:57.709377,2026-06-30T01:12:58.620092+00:00,67.9,20,bid,,,45826
2026-06-30T11:12:58.503143,2026-06-30T01:12:59.416532+00:00,67.9,200,bid,,,45835
2026-06-30T11:12:59.086373,2026-06-30T01:12:59.994450+00:00,67.9,425,bid,,,45847
2026-06-30T11:12:59.800570,2026-06-30T01:13:00.709095+00:00,67.9,200,bid,,,45858
2026-06-30T11:13:03.573618,2026-06-30T01:13:04.484130+00:00,68.1,20,bid,,,45907
2026-06-30T11:13:03.724921,2026-06-30T01:13:04.635215+00:00,68.1,200,bid,,,45910
2026-06-30T11:13:05.778023,2026-06-30T01:13:06.688957+00:00,68.2,200,bid,,,45928
2026-06-30T11:13:07.672060,2026-06-30T01:13:08.581831+00:00,68.1,200,bid,,,45956
2026-06-30T11:13:10.289982,2026-06-30T01:13:11.192856+00:00,68.1,200,ask,,,45981
2026-06-30T11:13:12.905864,2026-06-30T01:13:13.818140+00:00,68.1,200,bid,,,46011
2026-06-30T11:13:12.905864,2026-06-30T01:13:13.828717+00:00,68.1,425,bid,,,46012
2026-06-30T11:13:14.216695,2026-06-30T01:13:15.121000+00:00,68.0,500,bid,,,46035
2026-06-30T11:13:14.235700,2026-06-30T01:13:15.143141+00:00,68.0,100,ask,,,46039
2026-06-30T11:13:14.258406,2026-06-30T01:13:15.165266+00:00,68.0,25,ask,,,46041
2026-06-30T11:13:15.524049,2026-06-30T01:13:16.435537+00:00,67.9,200,ask,,,46058
2026-06-30T11:13:16.058928,2026-06-30T01:13:16.968882+00:00,67.9,20,bid,,,46069
2026-06-30T11:13:16.676058,2026-06-30T01:13:17.579694+00:00,67.8,200,ask,,,46082
2026-06-30T11:13:17.881508,2026-06-30T01:13:18.788915+00:00,67.8,200,ask,,,46098
2026-06-30T11:13:20.294500,2026-06-30T01:13:21.205499+00:00,67.9,200,bid,,,46132
2026-06-30T11:13:21.024751,2026-06-30T01:13:21.935325+00:00,67.7,100,ask,,,46142
2026-06-30T11:13:21.501860,2026-06-30T01:13:22.414494+00:00,67.9,200,bid,,,46152
2026-06-30T11:13:22.020656,2026-06-30T01:13:22.926399+00:00,67.9,20,bid,,,46156
2026-06-30T11:13:22.058347,2026-06-30T01:13:22.968292+00:00,67.9,500,bid,,,46157
2026-06-30T11:13:22.058347,2026-06-30T01:13:22.968292+00:00,68.0,125,bid,,,46158
2026-06-30T11:13:23.299394,2026-06-30T01:13:24.207682+00:00,67.8,200,ask,,,46179
2026-06-30T11:13:23.916637,2026-06-30T01:13:24.828581+00:00,67.7,200,bid,,,46183
2026-06-30T11:13:28.594983,2026-06-30T01:13:29.507945+00:00,67.6,200,ask,,,46234
2026-06-30T11:13:29.901342,2026-06-30T01:13:30.809055+00:00,67.6,200,bid,,,46249
2026-06-30T11:13:31.187154,2026-06-30T01:13:32.102809+00:00,67.7,200,bid,,,46274
2026-06-30T11:13:32.394971,2026-06-30T01:13:33.299013+00:00,67.6,200,bid,,,46290
2026-06-30T11:13:32.515095,2026-06-30T01:13:33.418305+00:00,67.6,500,bid,,,46292
2026-06-30T11:13:32.960193,2026-06-30T01:13:33.865936+00:00,67.6,125,ask,,,46298
2026-06-30T11:13:33.008438,2026-06-30T01:13:33.919812+00:00,67.6,50,bid,,,46299
2026-06-30T11:13:33.037874,2026-06-30T01:13:33.941919+00:00,67.6,100,bid,,,46302
2026-06-30T11:13:33.821645,2026-06-30T01:13:34.727133+00:00,67.5,200,ask,,,46309
2026-06-30T11:13:34.197248,2026-06-30T01:13:35.107790+00:00,67.3,425,bid,,,46313
2026-06-30T11:13:34.232832,2026-06-30T01:13:35.140027+00:00,67.3,20,ask,,,46314
2026-06-30T11:13:37.242665,2026-06-30T01:13:38.150811+00:00,67.7,200,bid,,,46348
2026-06-30T11:13:37.738853,2026-06-30T01:13:38.648627+00:00,67.7,500,bid,,,46355
2026-06-30T11:13:38.398179,2026-06-30T01:13:39.308658+00:00,67.8,20,bid,,,46358
2026-06-30T11:13:38.418603,2026-06-30T01:13:39.330803+00:00,67.7,125,ask,,,46359
2026-06-30T11:13:39.046769,2026-06-30T01:13:39.949653+00:00,67.6,200,ask,,,46369
2026-06-30T11:13:39.661974,2026-06-30T01:13:40.571074+00:00,67.5,200,bid,,,46379
2026-06-30T11:13:40.873037,2026-06-30T01:13:41.788979+00:00,67.5,200,ask,,,46390
2026-06-30T11:13:44.276110,2026-06-30T01:13:45.178970+00:00,67.6,200,bid,,,46432
2026-06-30T11:13:45.298107,2026-06-30T01:13:46.211127+00:00,67.6,20,ask,,,46444
2026-06-30T11:13:45.584651,2026-06-30T01:13:46.494261+00:00,67.5,200,ask,,,46447
2026-06-30T11:13:46.589073,2026-06-30T01:13:47.494982+00:00,67.5,20,bid,,,46460
2026-06-30T11:13:46.891983,2026-06-30T01:13:47.798556+00:00,67.5,200,bid,,,46462
2026-06-30T11:13:46.935704,2026-06-30T01:13:47.842847+00:00,67.5,200,ask,,,46465
2026-06-30T11:13:48.125625,2026-06-30T01:13:49.038389+00:00,67.5,225,ask,,,46482
2026-06-30T11:13:48.202161,2026-06-30T01:13:49.115395+00:00,67.3,200,ask,,,46485
2026-06-30T11:13:48.217839,2026-06-30T01:13:49.126458+00:00,67.2,50,bid,,,46487
2026-06-30T11:13:49.348429,2026-06-30T01:13:50.257624+00:00,67.2,200,bid,,,46498
2026-06-30T11:13:49.508941,2026-06-30T01:13:50.422275+00:00,67.3,200,bid,,,46503
2026-06-30T11:13:52.368211,2026-06-30T01:13:53.276202+00:00,67.2,200,bid,,,46531
2026-06-30T11:13:52.368211,2026-06-30T01:13:53.287266+00:00,67.2,300,bid,,,46532
2026-06-30T11:13:52.991313,2026-06-30T01:13:53.908035+00:00,67.2,200,bid,,,46543
2026-06-30T11:13:54.202787,2026-06-30T01:13:55.116012+00:00,67.3,200,bid,,,46552
2026-06-30T11:13:55.413729,2026-06-30T01:13:56.321050+00:00,67.4,200,ask,,,46574
2026-06-30T11:13:57.830848,2026-06-30T01:13:58.736356+00:00,67.4,200,ask,,,46609
2026-06-30T11:13:59.043693,2026-06-30T01:13:59.957508+00:00,67.3,200,bid,,,46624
2026-06-30T11:14:00.280128,2026-06-30T01:14:01.185341+00:00,67.3,200,ask,,,46646
2026-06-30T11:14:01.297322,2026-06-30T01:14:02.204301+00:00,67.2,500,ask,,,46657
2026-06-30T11:14:01.427864,2026-06-30T01:14:02.334317+00:00,67.2,125,bid,,,46660
2026-06-30T11:14:01.504241,2026-06-30T01:14:02.409859+00:00,67.3,200,ask,,,46665
2026-06-30T11:14:03.902207,2026-06-30T01:14:04.806123+00:00,67.4,200,ask,,,46688
2026-06-30T11:14:05.108917,2026-06-30T01:14:06.011964+00:00,67.4,200,bid,,,46703
2026-06-30T11:14:05.225463,2026-06-30T01:14:06.131809+00:00,67.5,200,bid,,,46706
2026-06-30T11:14:06.315604,2026-06-30T01:14:07.225211+00:00,67.5,200,ask,,,46715
2026-06-30T11:14:08.085224,2026-06-30T01:14:08.988306+00:00,67.4,500,bid,,,46745
2026-06-30T11:14:08.682711,2026-06-30T01:14:09.586276+00:00,67.4,125,bid,,,46751
2026-06-30T11:14:09.144887,2026-06-30T01:14:10.054986+00:00,67.5,200,bid,,,46764
2026-06-30T11:14:09.935337,2026-06-30T01:14:10.839024+00:00,67.6,200,ask,,,46770
2026-06-30T11:14:11.759893,2026-06-30T01:14:12.668321+00:00,67.7,200,bid,,,46799
2026-06-30T11:14:11.759893,2026-06-30T01:14:12.668321+00:00,67.8,425,bid,,,46800
2026-06-30T11:14:18.303964,2026-06-30T01:14:19.206177+00:00,67.6,200,ask,,,46874
2026-06-30T11:14:18.423807,2026-06-30T01:14:19.336570+00:00,67.5,200,bid,,,46876
2026-06-30T11:14:19.609431,2026-06-30T01:14:20.521167+00:00,67.6,200,bid,,,46889
2026-06-30T11:14:19.609431,2026-06-30T01:14:20.521167+00:00,67.7,425,bid,,,46890
2026-06-30T11:14:20.019774,2026-06-30T01:14:20.932990+00:00,67.7,20,bid,,,46894
2026-06-30T11:14:20.919856,2026-06-30T01:14:21.828063+00:00,67.6,200,ask,,,46904
2026-06-30T11:14:22.044914,2026-06-30T01:14:22.949699+00:00,67.6,200,bid,,,46912
2026-06-30T11:14:23.251765,2026-06-30T01:14:24.159822+00:00,67.6,200,bid,,,46927
2026-06-30T11:14:24.459963,2026-06-30T01:14:25.367057+00:00,67.6,200,bid,,,46939
2026-06-30T11:14:25.667301,2026-06-30T01:14:26.572191+00:00,67.7,200,bid,,,46954
2026-06-30T11:14:26.146514,2026-06-30T01:14:27.049873+00:00,67.7,500,bid,,,46961
2026-06-30T11:14:26.243496,2026-06-30T01:14:27.159618+00:00,67.7,125,ask,,,46962
2026-06-30T11:14:27.468617,2026-06-30T01:14:28.377981+00:00,67.6,200,ask,,,46982
2026-06-30T11:14:28.080719,2026-06-30T01:14:28.988103+00:00,67.4,200,bid,,,46991
2026-06-30T11:14:32.696337,2026-06-30T01:14:33.600122+00:00,67.5,200,bid,,,47046
2026-06-30T11:14:34.006030,2026-06-30T01:14:34.918256+00:00,67.5,200,ask,,,47065
2026-06-30T11:14:34.148427,2026-06-30T01:14:35.060735+00:00,67.5,200,bid,,,47070
2026-06-30T11:14:34.833656,2026-06-30T01:14:35.736329+00:00,67.5,20,bid,,,47078
2026-06-30T11:14:35.358511,2026-06-30T01:14:36.268447+00:00,67.6,200,bid,,,47085
2026-06-30T11:14:37.776997,2026-06-30T01:14:38.687854+00:00,67.5,200,ask,,,47119
2026-06-30T11:14:39.232332,2026-06-30T01:14:40.143323+00:00,67.7,500,bid,,,47139
2026-06-30T11:14:39.232332,2026-06-30T01:14:40.143323+00:00,67.7,125,bid,,,47140
2026-06-30T11:14:44.458877,2026-06-30T01:14:45.370357+00:00,67.5,200,ask,,,47202
2026-06-30T11:14:45.045288,2026-06-30T01:14:45.948285+00:00,67.5,200,bid,,,47208
2026-06-30T11:14:46.500311,2026-06-30T01:14:47.413246+00:00,67.6,20,bid,,,47230
2026-06-30T11:14:47.472208,2026-06-30T01:14:48.378978+00:00,67.5,200,bid,,,47238
2026-06-30T11:14:48.381347,2026-06-30T01:14:49.288186+00:00,67.6,500,bid,,,47250
2026-06-30T11:14:48.657330,2026-06-30T01:14:49.567639+00:00,67.6,125,ask,,,47256
2026-06-30T11:14:49.691071,2026-06-30T01:14:50.601772+00:00,67.5,200,ask,,,47264
2026-06-30T11:14:49.897243,2026-06-30T01:14:50.807128+00:00,67.3,200,bid,,,47269
2026-06-30T11:14:49.904503,2026-06-30T01:14:50.817780+00:00,67.3,20,bid,,,47270
2026-06-30T11:14:50.997085,2026-06-30T01:14:51.903364+00:00,67.5,200,bid,,,47281
2026-06-30T11:14:51.107266,2026-06-30T01:14:52.023143+00:00,67.5,200,ask,,,47285
2026-06-30T11:14:52.322552,2026-06-30T01:14:53.228272+00:00,67.3,200,bid,,,47298
2026-06-30T11:14:53.534903,2026-06-30T01:14:54.446053+00:00,67.6,200,ask,,,47310
2026-06-30T11:14:53.553987,2026-06-30T01:14:54.457144+00:00,67.6,20,ask,,,47312
2026-06-30T11:14:54.746466,2026-06-30T01:14:55.653904+00:00,67.5,200,bid,,,47325
2026-06-30T11:14:55.955617,2026-06-30T01:14:56.861200+00:00,67.6,200,bid,,,47346
2026-06-30T11:14:57.167134,2026-06-30T01:14:58.078021+00:00,67.7,200,bid,,,47357
2026-06-30T11:14:57.553483,2026-06-30T01:14:58.458610+00:00,67.7,300,bid,,,47362
2026-06-30T11:14:57.721766,2026-06-30T01:14:58.633284+00:00,67.7,325,ask,,,47366
2026-06-30T11:14:58.861005,2026-06-30T01:14:59.768817+00:00,67.6,200,ask,,,47383
2026-06-30T11:15:00.169714,2026-06-30T01:15:01.081979+00:00,67.5,200,bid,,,47402
2026-06-30T11:15:00.169714,2026-06-30T01:15:01.081979+00:00,67.6,425,bid,,,47403
2026-06-30T11:15:01.528278,2026-06-30T01:15:02.430993+00:00,67.4,100,bid,,,47415
2026-06-30T11:15:04.419371,2026-06-30T01:15:05.324720+00:00,67.2,200,ask,,,47452
2026-06-30T11:15:05.634092,2026-06-30T01:15:06.546398+00:00,67.3,200,ask,,,47466
2026-06-30T11:15:06.708760,2026-06-30T01:15:07.618721+00:00,67.3,500,ask,,,47475
2026-06-30T11:15:06.724774,2026-06-30T01:15:07.629803+00:00,67.2,56,bid,,,47477
2026-06-30T11:15:06.809099,2026-06-30T01:15:07.727929+00:00,67.2,69,bid,,,47479
2026-06-30T11:15:06.847098,2026-06-30T01:15:07.760184+00:00,67.2,200,ask,,,47481
2026-06-30T11:15:08.058887,2026-06-30T01:15:08.979694+00:00,67.5,200,ask,,,47495
2026-06-30T11:15:10.475719,2026-06-30T01:15:11.384440+00:00,67.5,200,bid,,,47525
2026-06-30T11:15:10.657823,2026-06-30T01:15:11.568239+00:00,67.5,500,bid,,,47527
2026-06-30T11:15:11.030128,2026-06-30T01:15:11.938868+00:00,67.6,20,ask,,,47530
2026-06-30T11:15:11.070169,2026-06-30T01:15:11.983145+00:00,67.6,105,ask,,,47532
2026-06-30T11:15:11.687801,2026-06-30T01:15:12.604414+00:00,67.6,200,bid,,,47545
2026-06-30T11:15:12.901383,2026-06-30T01:15:13.807426+00:00,67.4,200,bid,,,47561
2026-06-30T11:15:13.814736,2026-06-30T01:15:14.717546+00:00,67.5,20,bid,,,47572
2026-06-30T11:15:19.836532,2026-06-30T01:15:20.740178+00:00,67.5,200,bid,,,47650
2026-06-30T11:15:19.836532,2026-06-30T01:15:20.751242+00:00,67.6,425,bid,,,47651
2026-06-30T11:15:21.372649,2026-06-30T01:15:22.277207+00:00,67.5,200,bid,,,47673
2026-06-30T11:15:22.452176,2026-06-30T01:15:23.357572+00:00,67.6,156,ask,,,47683
2026-06-30T11:15:22.515652,2026-06-30T01:15:23.423174+00:00,67.7,20,bid,,,47685
2026-06-30T11:15:22.582249,2026-06-30T01:15:23.488528+00:00,67.6,200,ask,,,47688
2026-06-30T11:15:27.425779,2026-06-30T01:15:28.338360+00:00,67.6,200,bid,,,47734
2026-06-30T11:15:29.862034,2026-06-30T01:15:30.775208+00:00,67.6,200,ask,,,47772
2026-06-30T11:15:30.445960,2026-06-30T01:15:31.352053+00:00,67.7,500,ask,,,47786
2026-06-30T11:15:31.040689,2026-06-30T01:15:31.949009+00:00,67.7,125,ask,,,47791
2026-06-30T11:15:31.596455,2026-06-30T01:15:32.502245+00:00,67.5,200,ask,,,47804
2026-06-30T11:15:32.273677,2026-06-30T01:15:33.188921+00:00,67.4,200,bid,,,47811
2026-06-30T11:15:32.848489,2026-06-30T01:15:33.756167+00:00,67.4,225,bid,,,47822
2026-06-30T11:15:32.901486,2026-06-30T01:15:33.809997+00:00,67.6,200,bid,,,47825
2026-06-30T11:15:33.481002,2026-06-30T01:15:34.387324+00:00,67.6,200,ask,,,47830
2026-06-30T11:15:36.508916,2026-06-30T01:15:37.420053+00:00,67.7,20,bid,,,47866
2026-06-30T11:15:36.826992,2026-06-30T01:15:37.735204+00:00,67.6,200,ask,,,47872
2026-06-30T11:15:38.134585,2026-06-30T01:15:39.041044+00:00,67.5,200,bid,,,47888
2026-06-30T11:15:38.345609,2026-06-30T01:15:39.248922+00:00,67.7,200,ask,,,47893
2026-06-30T11:15:39.554518,2026-06-30T01:15:40.457751+00:00,67.4,200,ask,,,47908
2026-06-30T11:15:40.751779,2026-06-30T01:15:41.664476+00:00,67.4,500,ask,,,47918
2026-06-30T11:15:41.329918,2026-06-30T01:15:42.237842+00:00,67.4,125,bid,,,47927
2026-06-30T11:15:41.970606,2026-06-30T01:15:42.888726+00:00,67.4,200,ask,,,47940
2026-06-30T11:15:44.673569,2026-06-30T01:15:45.582139+00:00,67.5,200,bid,,,47976
2026-06-30T11:15:47.177405,2026-06-30T01:15:48.088276+00:00,67.4,20,ask,,,48010
2026-06-30T11:15:50.440622,2026-06-30T01:15:51.350945+00:00,67.5,200,bid,,,48057
2026-06-30T11:15:51.648870,2026-06-30T01:15:52.558986+00:00,67.5,200,bid,,,48072
2026-06-30T11:15:52.855830,2026-06-30T01:15:53.768197+00:00,67.5,200,bid,,,48091
2026-06-30T11:15:54.067961,2026-06-30T01:15:54.975243+00:00,67.4,200,bid,,,48108
2026-06-30T11:15:55.276060,2026-06-30T01:15:56.188661+00:00,67.5,200,bid,,,48114
2026-06-30T11:15:56.503121,2026-06-30T01:15:57.408907+00:00,67.6,20,bid,,,48137
2026-06-30T11:15:58.728739,2026-06-30T01:15:59.638020+00:00,67.5,20,bid,,,48168
2026-06-30T11:15:58.899487,2026-06-30T01:15:59.812013+00:00,67.5,200,bid,,,48171
2026-06-30T11:16:00.124258,2026-06-30T01:16:01.028902+00:00,67.6,200,bid,,,48186
2026-06-30T11:16:01.338941,2026-06-30T01:16:02.248156+00:00,67.6,200,bid,,,48200
2026-06-30T11:16:01.955312,2026-06-30T01:16:02.868386+00:00,67.6,20,bid,,,48204
2026-06-30T11:16:02.550558,2026-06-30T01:16:03.455448+00:00,67.6,200,bid,,,48217
2026-06-30T11:16:06.176716,2026-06-30T01:16:07.088744+00:00,67.7,200,bid,,,48254
2026-06-30T11:16:06.898538,2026-06-30T01:16:07.806667+00:00,67.7,500,bid,,,48264
2026-06-30T11:16:07.354763,2026-06-30T01:16:08.261749+00:00,67.7,125,ask,,,48271
2026-06-30T11:16:07.384694,2026-06-30T01:16:08.306018+00:00,67.7,200,bid,,,48273
2026-06-30T11:16:08.594810,2026-06-30T01:16:09.501156+00:00,67.5,200,bid,,,48286
2026-06-30T11:16:12.123379,2026-06-30T01:16:13.037326+00:00,67.4,200,ask,,,48332
2026-06-30T11:16:12.223982,2026-06-30T01:16:13.135030+00:00,67.4,200,bid,,,48336
2026-06-30T11:16:13.431872,2026-06-30T01:16:14.340700+00:00,67.4,200,ask,,,48352
2026-06-30T11:16:14.641808,2026-06-30T01:16:15.548011+00:00,67.4,200,ask,,,48366
2026-06-30T11:16:14.741688,2026-06-30T01:16:15.647142+00:00,67.2,500,ask,,,48369
2026-06-30T11:16:14.741688,2026-06-30T01:16:15.647142+00:00,67.2,125,ask,,,48370
2026-06-30T11:16:16.048512,2026-06-30T01:16:16.957683+00:00,67.4,200,bid,,,48385
2026-06-30T11:16:16.893298,2026-06-30T01:16:17.802637+00:00,67.4,20,ask,,,48398
2026-06-30T11:16:19.844783,2026-06-30T01:16:20.748530+00:00,67.4,20,ask,,,48437
2026-06-30T11:16:19.970129,2026-06-30T01:16:20.878919+00:00,67.4,180,ask,,,48440
2026-06-30T11:16:24.350090,2026-06-30T01:16:25.254301+00:00,67.4,200,bid,,,48510
2026-06-30T11:16:24.602777,2026-06-30T01:16:25.511754+00:00,67.3,20,ask,,,48514
2026-06-30T11:16:26.515446,2026-06-30T01:16:27.423176+00:00,67.5,200,bid,,,48537
2026-06-30T11:16:26.767578,2026-06-30T01:16:27.673327+00:00,67.6,200,ask,,,48539
2026-06-30T11:16:27.973545,2026-06-30T01:16:28.878661+00:00,67.5,200,bid,,,48554
2026-06-30T11:16:30.440655,2026-06-30T01:16:31.347652+00:00,67.6,200,ask,,,48591
2026-06-30T11:16:31.618995,2026-06-30T01:16:32.531198+00:00,67.6,200,bid,,,48606
2026-06-30T11:16:34.360876,2026-06-30T01:16:35.273181+00:00,67.6,200,bid,,,48636
2026-06-30T11:16:35.671357,2026-06-30T01:16:36.577533+00:00,67.6,200,ask,,,48651
2026-06-30T11:16:35.671357,2026-06-30T01:16:36.577533+00:00,67.5,425,ask,,,48652
2026-06-30T11:16:36.978137,2026-06-30T01:16:37.891927+00:00,67.7,200,bid,,,48671
2026-06-30T11:16:38.289437,2026-06-30T01:16:39.196846+00:00,67.7,200,ask,,,48695
2026-06-30T11:16:39.596915,2026-06-30T01:16:40.508701+00:00,67.7,200,bid,,,48706
2026-06-30T11:16:40.089250,2026-06-30T01:16:40.999678+00:00,67.7,200,ask,,,48713
2026-06-30T11:16:40.743851,2026-06-30T01:16:41.650088+00:00,67.9,20,bid,,,48717
2026-06-30T11:16:40.906721,2026-06-30T01:16:41.812681+00:00,67.6,500,ask,,,48720
2026-06-30T11:16:41.259294,2026-06-30T01:16:42.162932+00:00,67.6,125,bid,,,48724
2026-06-30T11:16:45.667271,2026-06-30T01:16:46.580054+00:00,67.8,20,bid,,,48781
2026-06-30T11:16:46.191093,2026-06-30T01:16:47.104120+00:00,67.8,200,bid,,,48789
2026-06-30T11:16:48.608101,2026-06-30T01:16:49.516521+00:00,67.6,200,ask,,,48822
2026-06-30T11:16:49.024819,2026-06-30T01:16:49.930022+00:00,67.9,20,bid,,,48832
2026-06-30T11:16:49.814298,2026-06-30T01:16:50.723042+00:00,67.7,200,ask,,,48842
2026-06-30T11:16:51.020751,2026-06-30T01:16:51.928446+00:00,67.6,200,ask,,,48856
2026-06-30T11:16:52.225924,2026-06-30T01:16:53.137244+00:00,67.7,200,bid,,,48872
2026-06-30T11:16:54.020443,2026-06-30T01:16:54.931022+00:00,67.8,200,bid,,,48890
2026-06-30T11:16:54.140316,2026-06-30T01:16:55.050837+00:00,67.9,20,ask,,,48891
2026-06-30T11:16:56.430648,2026-06-30T01:16:57.344045+00:00,68.1,20,bid,,,48912
2026-06-30T11:16:56.636775,2026-06-30T01:16:57.548488+00:00,68.0,200,ask,,,48914
2026-06-30T11:16:59.257674,2026-06-30T01:17:00.171008+00:00,67.8,200,ask,,,48940
2026-06-30T11:16:59.257674,2026-06-30T01:17:00.171008+00:00,67.7,425,ask,,,48941
2026-06-30T11:17:03.192946,2026-06-30T01:17:04.098188+00:00,67.8,200,ask,,,48983
2026-06-30T11:17:04.296747,2026-06-30T01:17:05.205487+00:00,67.7,200,bid,,,48999
2026-06-30T11:17:05.946465,2026-06-30T01:17:06.857503+00:00,67.8,20,bid,,,49021
2026-06-30T11:17:06.728719,2026-06-30T01:17:07.638464+00:00,67.7,200,ask,,,49032
2026-06-30T11:17:09.160111,2026-06-30T01:17:10.073889+00:00,67.6,200,ask,,,49058
2026-06-30T11:17:10.369103,2026-06-30T01:17:11.276510+00:00,67.6,200,ask,,,49075
2026-06-30T11:17:11.043934,2026-06-30T01:17:11.951044+00:00,67.6,500,ask,,,49090
2026-06-30T11:17:11.520757,2026-06-30T01:17:12.430818+00:00,67.6,125,bid,,,49101
2026-06-30T11:17:11.576679,2026-06-30T01:17:12.486132+00:00,67.6,200,ask,,,49104
2026-06-30T11:17:12.782043,2026-06-30T01:17:13.689937+00:00,67.8,200,ask,,,49122
2026-06-30T11:17:14.918123,2026-06-30T01:17:15.824389+00:00,67.6,20,ask,,,49148
2026-06-30T11:17:14.968325,2026-06-30T01:17:15.878285+00:00,67.7,200,bid,,,49150
2026-06-30T11:17:15.577000,2026-06-30T01:17:16.487366+00:00,67.7,20,ask,,,49154
2026-06-30T11:17:17.617824,2026-06-30T01:17:18.522169+00:00,67.9,200,bid,,,49189
2026-06-30T11:17:18.824220,2026-06-30T01:17:19.728795+00:00,67.9,200,bid,,,49204
2026-06-30T11:17:19.849738,2026-06-30T01:17:20.759689+00:00,68.0,20,bid,,,49213
2026-06-30T11:17:21.509092,2026-06-30T01:17:22.423368+00:00,67.8,200,ask,,,49243
2026-06-30T11:17:22.451346,2026-06-30T01:17:23.358737+00:00,67.8,200,bid,,,49250
2026-06-30T11:17:22.814596,2026-06-30T01:17:23.728708+00:00,68.0,200,bid,,,49257
2026-06-30T11:17:23.658521,2026-06-30T01:17:24.567308+00:00,68.0,200,ask,,,49272
2026-06-30T11:17:24.878232,2026-06-30T01:17:25.836427+00:00,67.9,200,ask,,,49284
2026-06-30T11:17:26.734847,2026-06-30T01:17:27.642886+00:00,67.9,200,bid,,,49318
2026-06-30T11:17:28.506962,2026-06-30T01:17:29.412306+00:00,67.9,200,bid,,,49341
2026-06-30T11:17:31.968369,2026-06-30T01:17:32.881151+00:00,67.9,200,bid,,,49378
2026-06-30T11:17:32.728471,2026-06-30T01:17:33.632901+00:00,67.9,425,ask,,,49390
2026-06-30T11:17:33.274517,2026-06-30T01:17:34.187366+00:00,67.8,200,ask,,,49398
2026-06-30T11:17:33.296140,2026-06-30T01:17:34.208568+00:00,67.6,100,bid,,,49401
2026-06-30T11:17:33.328671,2026-06-30T01:17:34.241775+00:00,67.6,325,bid,,,49403
2026-06-30T11:17:34.589888,2026-06-30T01:17:35.498522+00:00,67.6,200,ask,,,49422
2026-06-30T11:17:35.738959,2026-06-30T01:17:36.648047+00:00,67.6,425,bid,,,49431
2026-06-30T11:17:35.789672,2026-06-30T01:17:36.702906+00:00,67.6,75,ask,,,49433
2026-06-30T11:17:35.789672,2026-06-30T01:17:36.702906+00:00,67.5,125,ask,,,49434
2026-06-30T11:17:36.997683,2026-06-30T01:17:37.910697+00:00,67.7,200,ask,,,49447
2026-06-30T11:17:38.519095,2026-06-30T01:17:39.435089+00:00,67.7,200,ask,,,49469
2026-06-30T11:17:38.879359,2026-06-30T01:17:39.783901+00:00,67.6,20,ask,,,49473
2026-06-30T11:17:39.409659,2026-06-30T01:17:40.317553+00:00,67.6,200,ask,,,49479
2026-06-30T11:17:41.794419,2026-06-30T01:17:42.703212+00:00,67.7,200,bid,,,49511
2026-06-30T11:17:41.794419,2026-06-30T01:17:42.703212+00:00,67.7,300,bid,,,49512
2026-06-30T11:17:42.407470,2026-06-30T01:17:43.321967+00:00,67.7,325,bid,,,49521
2026-06-30T11:17:42.407470,2026-06-30T01:17:43.321967+00:00,67.7,175,bid,,,49522
2026-06-30T11:17:42.444488,2026-06-30T01:17:43.355170+00:00,67.7,25,bid,,,49525
2026-06-30T11:17:44.494841,2026-06-30T01:17:45.401071+00:00,67.8,20,ask,,,49552
2026-06-30T11:17:46.385856,2026-06-30T01:17:47.294108+00:00,67.9,200,bid,,,49577
2026-06-30T11:17:47.702472,2026-06-30T01:17:48.609060+00:00,68.0,200,ask,,,49598
2026-06-30T11:17:47.912991,2026-06-30T01:17:48.827528+00:00,67.9,200,bid,,,49601
2026-06-30T11:17:48.670257,2026-06-30T01:17:49.576544+00:00,67.7,20,ask,,,49607
2026-06-30T11:17:50.319890,2026-06-30T01:17:51.233993+00:00,68.0,200,bid,,,49624
2026-06-30T11:17:50.319890,2026-06-30T01:17:51.233993+00:00,68.0,425,bid,,,49625
2026-06-30T11:17:50.384161,2026-06-30T01:17:51.288411+00:00,67.9,20,ask,,,49626
2026-06-30T11:17:51.629663,2026-06-30T01:17:52.539949+00:00,67.8,200,ask,,,49633
2026-06-30T11:17:52.939973,2026-06-30T01:17:53.847402+00:00,67.7,500,ask,,,49652
2026-06-30T11:17:52.939973,2026-06-30T01:17:53.847402+00:00,67.7,125,ask,,,49653
2026-06-30T11:17:53.570622,2026-06-30T01:17:54.487115+00:00,67.8,20,bid,,,49656
2026-06-30T11:17:53.961425,2026-06-30T01:17:54.877344+00:00,67.7,200,ask,,,49661
2026-06-30T11:17:55.555476,2026-06-30T01:17:56.466092+00:00,67.9,200,bid,,,49681
2026-06-30T11:17:55.569987,2026-06-30T01:17:56.477159+00:00,67.9,100,ask,,,49683
2026-06-30T11:17:57.578689,2026-06-30T01:17:58.493325+00:00,68.0,200,ask,,,49715
2026-06-30T11:18:00.795482,2026-06-30T01:18:01.700174+00:00,68.1,500,bid,,,49752
2026-06-30T11:18:01.163243,2026-06-30T01:18:02.069639+00:00,68.1,125,ask,,,49756
2026-06-30T11:18:02.408752,2026-06-30T01:18:03.332273+00:00,68.1,200,bid,,,49773
2026-06-30T11:18:03.412899,2026-06-30T01:18:04.321040+00:00,68.1,500,bid,,,49788
2026-06-30T11:18:03.578288,2026-06-30T01:18:04.485116+00:00,68.1,125,ask,,,49791
2026-06-30T11:18:04.724632,2026-06-30T01:18:05.633176+00:00,68.0,200,ask,,,49803
2026-06-30T11:18:04.737132,2026-06-30T01:18:05.644241+00:00,67.9,200,bid,,,49806
2026-06-30T11:18:04.820541,2026-06-30T01:18:05.731867+00:00,67.9,200,bid,,,49808
2026-06-30T11:18:06.026582,2026-06-30T01:18:06.937074+00:00,67.9,25,bid,,,49828
2026-06-30T11:18:06.035041,2026-06-30T01:18:06.947701+00:00,68.1,500,bid,,,49830
2026-06-30T11:18:06.035041,2026-06-30T01:18:06.947701+00:00,68.1,125,bid,,,49831
2026-06-30T11:18:06.040876,2026-06-30T01:18:06.947701+00:00,68.0,50,ask,,,49833
2026-06-30T11:18:07.239150,2026-06-30T01:18:08.152285+00:00,68.1,200,bid,,,49851
2026-06-30T11:18:07.392182,2026-06-30T01:18:08.304288+00:00,67.9,20,ask,,,49853
2026-06-30T11:18:08.446618,2026-06-30T01:18:09.360921+00:00,68.0,200,bid,,,49872
2026-06-30T11:18:09.653346,2026-06-30T01:18:10.558758+00:00,68.1,200,bid,,,49883
2026-06-30T11:18:11.218004,2026-06-30T01:18:12.122903+00:00,68.1,50,bid,,,49906
2026-06-30T11:18:12.582941,2026-06-30T01:18:13.493484+00:00,68.1,500,bid,,,49931
2026-06-30T11:18:12.687656,2026-06-30T01:18:13.601245+00:00,68.1,125,ask,,,49934
2026-06-30T11:18:13.295062,2026-06-30T01:18:14.208863+00:00,68.0,200,ask,,,49942
2026-06-30T11:18:15.719482,2026-06-30T01:18:16.637084+00:00,68.0,200,bid,,,49977
2026-06-30T11:18:16.527720,2026-06-30T01:18:17.438642+00:00,68.0,500,bid,,,49988
2026-06-30T11:18:16.527720,2026-06-30T01:18:17.438642+00:00,68.1,125,bid,,,49989
2026-06-30T11:18:20.451654,2026-06-30T01:18:21.364983+00:00,67.9,200,bid,,,50044
2026-06-30T11:18:20.571979,2026-06-30T01:18:21.485321+00:00,68.0,200,bid,,,50051
2026-06-30T11:18:21.777621,2026-06-30T01:18:22.689975+00:00,68.0,500,bid,,,50074
2026-06-30T11:18:22.363450,2026-06-30T01:18:23.278269+00:00,68.0,125,ask,,,50079
2026-06-30T11:18:23.086364,2026-06-30T01:18:23.997229+00:00,67.9,200,bid,,,50086
2026-06-30T11:18:24.213186,2026-06-30T01:18:25.124374+00:00,67.9,200,ask,,,50108
2026-06-30T11:18:27.009093,2026-06-30T01:18:27.919087+00:00,67.9,200,bid,,,50139
2026-06-30T11:18:27.851846,2026-06-30T01:18:28.757191+00:00,67.9,200,ask,,,50148
2026-06-30T11:18:29.058457,2026-06-30T01:18:29.972894+00:00,67.8,200,bid,,,50161
2026-06-30T11:18:36.050260,2026-06-30T01:18:36.957923+00:00,67.8,20,ask,,,50248
2026-06-30T11:18:36.320318,2026-06-30T01:18:37.230696+00:00,67.9,200,bid,,,50258
2026-06-30T11:18:37.531698,2026-06-30T01:18:38.437820+00:00,68.0,200,bid,,,50271
2026-06-30T11:18:38.826103,2026-06-30T01:18:39.731126+00:00,68.0,500,bid,,,50287
2026-06-30T11:18:38.826103,2026-06-30T01:18:39.742203+00:00,68.0,125,bid,,,50288
2026-06-30T11:18:39.952956,2026-06-30T01:18:40.858988+00:00,68.1,200,bid,,,50300
2026-06-30T11:18:41.160214,2026-06-30T01:18:42.070106+00:00,67.9,200,bid,,,50317
2026-06-30T11:18:42.367863,2026-06-30T01:18:43.278707+00:00,68.0,200,bid,,,50335
2026-06-30T11:18:44.068172,2026-06-30T01:18:44.987724+00:00,68.0,200,ask,,,50351
2026-06-30T11:18:44.691340,2026-06-30T01:18:45.597164+00:00,67.8,20,ask,,,50357
2026-06-30T11:18:45.996496,2026-06-30T01:18:46.912066+00:00,67.9,200,bid,,,50376
2026-06-30T11:18:47.996861,2026-06-30T01:18:48.908171+00:00,67.8,200,bid,,,50405
2026-06-30T11:18:49.308326,2026-06-30T01:18:50.224193+00:00,68.0,200,bid,,,50417
2026-06-30T11:18:49.308326,2026-06-30T01:18:50.224193+00:00,68.1,425,bid,,,50418
2026-06-30T11:18:50.203722,2026-06-30T01:18:51.108748+00:00,68.0,200,ask,,,50434
2026-06-30T11:18:50.824764,2026-06-30T01:18:51.728894+00:00,67.7,200,bid,,,50441
2026-06-30T11:18:54.461548,2026-06-30T01:18:55.373616+00:00,67.9,200,bid,,,50480
2026-06-30T11:18:55.671617,2026-06-30T01:18:56.580680+00:00,67.9,200,ask,,,50492
2026-06-30T11:18:56.876715,2026-06-30T01:18:57.782294+00:00,68.0,200,bid,,,50506
2026-06-30T11:18:57.165849,2026-06-30T01:18:58.077193+00:00,68.0,500,bid,,,50510
2026-06-30T11:18:57.451642,2026-06-30T01:18:58.368739+00:00,68.0,125,ask,,,50515
2026-06-30T11:18:58.083355,2026-06-30T01:18:58.987981+00:00,68.1,200,bid,,,50521
2026-06-30T11:18:59.289860,2026-06-30T01:19:00.205381+00:00,68.0,200,bid,,,50540
2026-06-30T11:19:02.423724,2026-06-30T01:19:03.336403+00:00,67.9,200,ask,,,50578
2026-06-30T11:19:02.906407,2026-06-30T01:19:03.814221+00:00,67.9,425,bid,,,50581
2026-06-30T11:19:03.731470,2026-06-30T01:19:04.638732+00:00,68.1,200,bid,,,50594
2026-06-30T11:19:04.151363,2026-06-30T01:19:05.063143+00:00,68.1,200,ask,,,50599
2026-06-30T11:19:05.356470,2026-06-30T01:19:06.268180+00:00,68.1,200,bid,,,50617
2026-06-30T11:19:07.780242,2026-06-30T01:19:08.688540+00:00,68.0,200,ask,,,50652
2026-06-30T11:19:08.996505,2026-06-30T01:19:09.909712+00:00,67.9,200,ask,,,50677
2026-06-30T11:19:11.413741,2026-06-30T01:19:12.321960+00:00,68.0,200,bid,,,50701
2026-06-30T11:19:12.624932,2026-06-30T01:19:13.530914+00:00,68.0,200,ask,,,50717
2026-06-30T11:19:13.122252,2026-06-30T01:19:14.031754+00:00,68.0,20,bid,,,50726
2026-06-30T11:19:15.519757,2026-06-30T01:19:16.427206+00:00,68.0,200,bid,,,50762
2026-06-30T11:19:16.251212,2026-06-30T01:19:17.164227+00:00,68.0,200,ask,,,50769
2026-06-30T11:19:16.826853,2026-06-30T01:19:17.739657+00:00,68.0,225,ask,,,50772
2026-06-30T11:19:16.836527,2026-06-30T01:19:17.750721+00:00,67.8,200,ask,,,50773
2026-06-30T11:19:17.454131,2026-06-30T01:19:18.359820+00:00,67.8,200,bid,,,50785
2026-06-30T11:19:22.078956,2026-06-30T01:19:22.990717+00:00,67.9,200,ask,,,50845
2026-06-30T11:19:22.308342,2026-06-30T01:19:23.231818+00:00,67.8,200,bid,,,50850
2026-06-30T11:19:24.722910,2026-06-30T01:19:25.637496+00:00,67.7,200,ask,,,50876
2026-06-30T11:19:26.008131,2026-06-30T01:19:26.914267+00:00,67.8,500,bid,,,50888
2026-06-30T11:19:26.008131,2026-06-30T01:19:26.914267+00:00,67.8,125,bid,,,50889
2026-06-30T11:19:27.324086,2026-06-30T01:19:28.231174+00:00,67.7,200,ask,,,50903
2026-06-30T11:19:27.930189,2026-06-30T01:19:28.840797+00:00,67.6,20,bid,,,50909
2026-06-30T11:19:28.371823,2026-06-30T01:19:29.277199+00:00,67.6,200,bid,,,50913
2026-06-30T11:19:30.792643,2026-06-30T01:19:31.700909+00:00,67.6,200,ask,,,50937
2026-06-30T11:19:31.251934,2026-06-30T01:19:32.157971+00:00,67.5,200,ask,,,50942
2026-06-30T11:19:32.769412,2026-06-30T01:19:33.681945+00:00,67.4,20,ask,,,50958
2026-06-30T11:19:33.205883,2026-06-30T01:19:34.118001+00:00,67.5,200,bid,,,50963
2026-06-30T11:19:34.412739,2026-06-30T01:19:35.325205+00:00,67.7,200,bid,,,50975
2026-06-30T11:19:38.041760,2026-06-30T01:19:38.948194+00:00,67.7,200,bid,,,51005
2026-06-30T11:19:39.231144,2026-06-30T01:19:40.137978+00:00,67.7,500,ask,,,51018
2026-06-30T11:19:39.264436,2026-06-30T01:19:40.170746+00:00,67.7,125,ask,,,51019
2026-06-30T11:19:40.420165,2026-06-30T01:19:41.336268+00:00,67.6,200,ask,,,51038
2026-06-30T11:19:40.471707,2026-06-30T01:19:41.378614+00:00,67.5,200,bid,,,51041
2026-06-30T11:19:44.093402,2026-06-30T01:19:44.998901+00:00,67.5,200,bid,,,51093
2026-06-30T11:19:45.303212,2026-06-30T01:19:46.218795+00:00,67.5,200,ask,,,51104
2026-06-30T11:19:46.510414,2026-06-30T01:19:47.416260+00:00,67.5,200,ask,,,51119
2026-06-30T11:19:47.715699,2026-06-30T01:19:48.620983+00:00,67.4,200,bid,,,51134
2026-06-30T11:19:49.613220,2026-06-30T01:19:50.523253+00:00,67.3,200,ask,,,51165
2026-06-30T11:19:50.921651,2026-06-30T01:19:51.827740+00:00,67.3,200,bid,,,51180
2026-06-30T11:19:52.563265,2026-06-30T01:19:53.470899+00:00,67.4,200,bid,,,51200
2026-06-30T11:19:56.217406,2026-06-30T01:19:57.128088+00:00,67.5,200,ask,,,51245
2026-06-30T11:19:57.523995,2026-06-30T01:19:58.430975+00:00,67.4,200,ask,,,51255
2026-06-30T11:19:58.633484,2026-06-30T01:19:59.540969+00:00,67.3,200,bid,,,51269
2026-06-30T11:19:59.860293,2026-06-30T01:20:00.769824+00:00,67.4,200,ask,,,51282
2026-06-30T11:20:00.054030,2026-06-30T01:20:00.966149+00:00,67.4,20,ask,,,51286
2026-06-30T11:20:03.590034,2026-06-30T01:20:04.498996+00:00,67.1,20,ask,,,51331
2026-06-30T11:20:05.240742,2026-06-30T01:20:06.149858+00:00,67.2,500,bid,,,51349
2026-06-30T11:20:05.368412,2026-06-30T01:20:06.280766+00:00,67.3,200,bid,,,51351
2026-06-30T11:20:07.984416,2026-06-30T01:20:08.889740+00:00,67.4,200,bid,,,51383
2026-06-30T11:20:08.328592,2026-06-30T01:20:09.238583+00:00,67.5,200,ask,,,51394
2026-06-30T11:20:09.534262,2026-06-30T01:20:10.448389+00:00,67.3,200,bid,,,51416
2026-06-30T11:20:10.741788,2026-06-30T01:20:11.645989+00:00,67.3,200,bid,,,51430
2026-06-30T11:20:11.953118,2026-06-30T01:20:12.859890+00:00,67.3,200,ask,,,51440
2026-06-30T11:20:13.129439,2026-06-30T01:20:14.038931+00:00,67.5,20,bid,,,51461
2026-06-30T11:20:14.366347,2026-06-30T01:20:15.277702+00:00,67.5,200,bid,,,51470
2026-06-30T11:20:14.515183,2026-06-30T01:20:15.428384+00:00,67.5,20,bid,,,51471
2026-06-30T11:20:14.528897,2026-06-30T01:20:15.438962+00:00,67.6,500,bid,,,51472
2026-06-30T11:20:14.528897,2026-06-30T01:20:15.438962+00:00,67.6,125,bid,,,51473
2026-06-30T11:20:15.842957,2026-06-30T01:20:16.757417+00:00,67.4,200,ask,,,51488
2026-06-30T11:20:16.777575,2026-06-30T01:20:17.690779+00:00,67.3,200,bid,,,51495
2026-06-30T11:20:17.989570,2026-06-30T01:20:18.898976+00:00,67.3,200,ask,,,51517
2026-06-30T11:20:19.765398,2026-06-30T01:20:20.672825+00:00,67.4,200,bid,,,51532
2026-06-30T11:20:20.421182,2026-06-30T01:20:21.335361+00:00,67.4,200,ask,,,51543
2026-06-30T11:20:20.934574,2026-06-30T01:20:21.847339+00:00,67.6,20,bid,,,51549
2026-06-30T11:20:21.592200,2026-06-30T01:20:22.498615+00:00,67.4,500,bid,,,51556
2026-06-30T11:20:21.631597,2026-06-30T01:20:22.542885+00:00,67.3,200,ask,,,51557
2026-06-30T11:20:22.838136,2026-06-30T01:20:23.752863+00:00,67.4,200,ask,,,51571
2026-06-30T11:20:23.688859,2026-06-30T01:20:24.597017+00:00,67.4,500,ask,,,51578
2026-06-30T11:20:23.999843,2026-06-30T01:20:24.921129+00:00,67.3,125,bid,,,51583
2026-06-30T11:20:25.258392,2026-06-30T01:20:26.164806+00:00,67.4,200,ask,,,51599
2026-06-30T11:20:26.302641,2026-06-30T01:20:27.277093+00:00,67.4,500,ask,,,51614
2026-06-30T11:20:26.433857,2026-06-30T01:20:27.418107+00:00,67.4,125,bid,,,51619
2026-06-30T11:20:27.681737,2026-06-30T01:20:28.595145+00:00,67.4,200,ask,,,51633
2026-06-30T11:20:28.889145,2026-06-30T01:20:29.801456+00:00,67.4,200,ask,,,51647
2026-06-30T11:20:30.097850,2026-06-30T01:20:31.007807+00:00,67.3,200,ask,,,51664
2026-06-30T11:20:31.305513,2026-06-30T01:20:32.217057+00:00,67.4,200,ask,,,51676
2026-06-30T11:20:32.515545,2026-06-30T01:20:33.433293+00:00,67.4,200,ask,,,51691
2026-06-30T11:20:33.727928,2026-06-30T01:20:34.643086+00:00,67.4,200,ask,,,51711
2026-06-30T11:20:34.144997,2026-06-30T01:20:35.056312+00:00,67.4,500,ask,,,51716
2026-06-30T11:20:34.290556,2026-06-30T01:20:35.197320+00:00,67.3,125,bid,,,51718
2026-06-30T11:20:34.935864,2026-06-30T01:20:35.850775+00:00,67.4,200,ask,,,51727
2026-06-30T11:20:36.141638,2026-06-30T01:20:37.058112+00:00,67.6,200,ask,,,51739
2026-06-30T11:20:36.732175,2026-06-30T01:20:37.646243+00:00,67.6,100,ask,,,51748
2026-06-30T11:20:39.788032,2026-06-30T01:20:40.710920+00:00,67.5,200,ask,,,51779
2026-06-30T11:20:40.995175,2026-06-30T01:20:41.919010+00:00,67.5,200,bid,,,51790
2026-06-30T11:20:42.607833,2026-06-30T01:20:43.537553+00:00,67.4,20,ask,,,51804
2026-06-30T11:20:43.611445,2026-06-30T01:20:44.517217+00:00,67.4,100,ask,,,51816
2026-06-30T11:20:44.014380,2026-06-30T01:20:44.940688+00:00,67.5,20,bid,,,51819
2026-06-30T11:20:44.644014,2026-06-30T01:20:45.558914+00:00,67.4,200,ask,,,51824
2026-06-30T11:20:45.431809,2026-06-30T01:20:46.343322+00:00,67.3,20,ask,,,51838
2026-06-30T11:20:45.847321,2026-06-30T01:20:46.757534+00:00,67.4,200,bid,,,51843
2026-06-30T11:20:47.257411,2026-06-30T01:20:48.171168+00:00,67.4,200,ask,,,51865
2026-06-30T11:20:48.263105,2026-06-30T01:20:49.214105+00:00,67.4,200,bid,,,51876
2026-06-30T11:20:49.475146,2026-06-30T01:20:50.441325+00:00,67.4,200,ask,,,51898
2026-06-30T11:20:51.180120,2026-06-30T01:20:52.103158+00:00,67.4,200,ask,,,51918
2026-06-30T11:20:51.180120,2026-06-30T01:20:52.103158+00:00,67.2,425,ask,,,51919
2026-06-30T11:20:53.795938,2026-06-30T01:20:54.708842+00:00,67.4,200,ask,,,51955
2026-06-30T11:20:54.301354,2026-06-30T01:20:55.219887+00:00,67.4,200,bid,,,51960
2026-06-30T11:20:55.101027,2026-06-30T01:20:56.013352+00:00,67.5,500,bid,,,51969
2026-06-30T11:20:55.508812,2026-06-30T01:20:56.437265+00:00,67.5,125,ask,,,51982
2026-06-30T11:20:56.410519,2026-06-30T01:20:57.350056+00:00,67.3,200,ask,,,51995
2026-06-30T11:20:56.717651,2026-06-30T01:20:57.666109+00:00,67.2,200,bid,,,51999
2026-06-30T11:20:58.646431,2026-06-30T01:20:59.568596+00:00,67.2,20,ask,,,52022
2026-06-30T11:20:59.024145,2026-06-30T01:20:59.948699+00:00,67.2,200,ask,,,52028
2026-06-30T11:21:03.338513,2026-06-30T01:21:04.247288+00:00,67.4,20,bid,,,52076
2026-06-30T11:21:06.414492,2026-06-30T01:21:07.329822+00:00,67.4,200,bid,,,52113
2026-06-30T11:21:06.886286,2026-06-30T01:21:07.798531+00:00,67.4,300,bid,,,52119
2026-06-30T11:21:06.982466,2026-06-30T01:21:07.897629+00:00,67.5,325,ask,,,52123
2026-06-30T11:21:07.627379,2026-06-30T01:21:08.539790+00:00,67.4,200,bid,,,52130
2026-06-30T11:21:07.753787,2026-06-30T01:21:08.659651+00:00,67.0,20,ask,,,52133
2026-06-30T11:21:10.815918,2026-06-30T01:21:11.725301+00:00,67.2,200,bid,,,52176
2026-06-30T11:21:11.277846,2026-06-30T01:21:12.192954+00:00,67.4,200,bid,,,52182
2026-06-30T11:21:12.489120,2026-06-30T01:21:13.397954+00:00,67.4,200,ask,,,52202
2026-06-30T11:21:12.849264,2026-06-30T01:21:13.757710+00:00,67.4,20,ask,,,52205
2026-06-30T11:21:14.910466,2026-06-30T01:21:15.821116+00:00,67.4,200,bid,,,52228
2026-06-30T11:21:16.118100,2026-06-30T01:21:17.028032+00:00,67.4,200,bid,,,52243
2026-06-30T11:21:19.736024,2026-06-30T01:21:20.648746+00:00,67.4,200,bid,,,52293
2026-06-30T11:21:21.292415,2026-06-30T01:21:22.207325+00:00,67.4,200,ask,,,52317
2026-06-30T11:21:22.172961,2026-06-30T01:21:23.088363+00:00,67.3,200,ask,,,52328
2026-06-30T11:21:24.594134,2026-06-30T01:21:25.508207+00:00,67.4,200,bid,,,52345
2026-06-30T11:21:25.804369,2026-06-30T01:21:26.717087+00:00,67.5,200,bid,,,52368
2026-06-30T11:21:27.006078,2026-06-30T01:21:27.918484+00:00,67.5,500,ask,,,52381
2026-06-30T11:21:27.838719,2026-06-30T01:21:28.757634+00:00,67.5,200,ask,,,52394
2026-06-30T11:21:28.231894,2026-06-30T01:21:29.138094+00:00,67.4,200,bid,,,52396
2026-06-30T11:21:29.147949,2026-06-30T01:21:30.059916+00:00,67.6,500,bid,,,52407
2026-06-30T11:21:30.460451,2026-06-30T01:21:31.376152+00:00,67.6,200,ask,,,52428
2026-06-30T11:21:31.866221,2026-06-30T01:21:32.780940+00:00,67.5,200,ask,,,52447
2026-06-30T11:21:33.076901,2026-06-30T01:21:33.989789+00:00,67.4,200,ask,,,52460
2026-06-30T11:21:33.093157,2026-06-30T01:21:34.000851+00:00,67.4,200,bid,,,52461
2026-06-30T11:21:34.386519,2026-06-30T01:21:35.296116+00:00,67.3,200,bid,,,52484
2026-06-30T11:21:35.515393,2026-06-30T01:21:36.423458+00:00,67.3,200,ask,,,52493
2026-06-30T11:21:36.722014,2026-06-30T01:21:37.630767+00:00,67.3,200,bid,,,52508
2026-06-30T11:21:38.310504,2026-06-30T01:21:39.220939+00:00,67.2,200,ask,,,52525
2026-06-30T11:21:39.615948,2026-06-30T01:21:40.525432+00:00,67.2,200,bid,,,52540
2026-06-30T11:21:40.937194,2026-06-30T01:21:41.849959+00:00,67.3,200,ask,,,52555
2026-06-30T11:21:42.773089,2026-06-30T01:21:43.690725+00:00,67.2,200,ask,,,52574
2026-06-30T11:21:43.843740,2026-06-30T01:21:44.757419+00:00,67.3,20,ask,,,52591
2026-06-30T11:21:43.980928,2026-06-30T01:21:44.887285+00:00,67.4,200,bid,,,52594
2026-06-30T11:21:45.192478,2026-06-30T01:21:46.101209+00:00,67.3,200,ask,,,52606
2026-06-30T11:21:46.400375,2026-06-30T01:21:47.309052+00:00,67.3,200,ask,,,52627
2026-06-30T11:21:47.771115,2026-06-30T01:21:48.682182+00:00,67.4,20,bid,,,52640
2026-06-30T11:21:51.229330,2026-06-30T01:21:52.138761+00:00,67.3,200,ask,,,52685
2026-06-30T11:21:53.648377,2026-06-30T01:21:54.559065+00:00,67.5,200,bid,,,52714
2026-06-30T11:21:54.861261,2026-06-30T01:21:55.767443+00:00,67.5,200,ask,,,52728
2026-06-30T11:21:55.345848,2026-06-30T01:21:56.258308+00:00,67.4,200,ask,,,52739
2026-06-30T11:21:56.064067,2026-06-30T01:21:56.977109+00:00,67.4,200,bid,,,52745
2026-06-30T11:21:56.652651,2026-06-30T01:21:57.563222+00:00,67.5,500,bid,,,52755
2026-06-30T11:21:56.652651,2026-06-30T01:21:57.563222+00:00,67.5,125,bid,,,52756
2026-06-30T11:21:57.962417,2026-06-30T01:21:58.878001+00:00,67.4,200,ask,,,52769
2026-06-30T11:21:58.883931,2026-06-30T01:21:59.791141+00:00,67.4,100,bid,,,52778
2026-06-30T11:21:59.270099,2026-06-30T01:22:00.182813+00:00,67.4,200,bid,,,52783
2026-06-30T11:21:59.270099,2026-06-30T01:22:00.182813+00:00,67.5,425,bid,,,52784
2026-06-30T11:22:02.107612,2026-06-30T01:22:03.019728+00:00,67.5,200,bid,,,52812
2026-06-30T11:22:04.503989,2026-06-30T01:22:05.412245+00:00,67.4,200,ask,,,52835
2026-06-30T11:22:04.547005,2026-06-30T01:22:05.456499+00:00,67.3,200,bid,,,52837
2026-06-30T11:22:05.135439,2026-06-30T01:22:06.044955+00:00,67.3,225,bid,,,52844
2026-06-30T11:22:05.811252,2026-06-30T01:22:06.717565+00:00,67.5,200,bid,,,52851
2026-06-30T11:22:08.927136,2026-06-30T01:22:09.843093+00:00,67.5,100,bid,,,52888
2026-06-30T11:22:09.402564,2026-06-30T01:22:10.308749+00:00,67.5,200,bid,,,52902
2026-06-30T11:22:10.615199,2026-06-30T01:22:11.527515+00:00,67.6,200,ask,,,52916
2026-06-30T11:22:12.359819,2026-06-30T01:22:13.275276+00:00,67.5,200,ask,,,52941
2026-06-30T11:22:13.029265,2026-06-30T01:22:13.937336+00:00,67.4,200,ask,,,52947
2026-06-30T11:22:20.228327,2026-06-30T01:22:21.137335+00:00,67.3,200,ask,,,53031
2026-06-30T11:22:21.549547,2026-06-30T01:22:22.463338+00:00,67.2,200,ask,,,53048
2026-06-30T11:22:25.178017,2026-06-30T01:22:26.084523+00:00,67.2,200,ask,,,53092
2026-06-30T11:22:25.720438,2026-06-30T01:22:26.639849+00:00,67.3,500,bid,,,53099
2026-06-30T11:22:26.317063,2026-06-30T01:22:27.227293+00:00,67.3,125,bid,,,53108
2026-06-30T11:22:26.778915,2026-06-30T01:22:27.685368+00:00,67.4,200,bid,,,53116
2026-06-30T11:22:27.393165,2026-06-30T01:22:28.304995+00:00,67.6,20,bid,,,53125
2026-06-30T11:22:27.594505,2026-06-30T01:22:28.510954+00:00,67.5,200,ask,,,53131
2026-06-30T11:22:29.393531,2026-06-30T01:22:30.304188+00:00,67.4,200,bid,,,53151
2026-06-30T11:22:30.007858,2026-06-30T01:22:30.913350+00:00,67.5,200,ask,,,53156
2026-06-30T11:22:33.535590,2026-06-30T01:22:34.448664+00:00,67.5,20,bid,,,53200
2026-06-30T11:22:34.844749,2026-06-30T01:22:35.752999+00:00,67.4,200,ask,,,53215
2026-06-30T11:22:36.051068,2026-06-30T01:22:36.958684+00:00,67.4,200,ask,,,53232
2026-06-30T11:22:39.690108,2026-06-30T01:22:40.601088+00:00,67.4,200,bid,,,53276
2026-06-30T11:22:42.111814,2026-06-30T01:22:43.021991+00:00,67.4,200,bid,,,53317
2026-06-30T11:22:44.529646,2026-06-30T01:22:45.441812+00:00,67.4,200,ask,,,53345
2026-06-30T11:22:45.132292,2026-06-30T01:22:46.048014+00:00,67.3,500,ask,,,53354
2026-06-30T11:22:45.699138,2026-06-30T01:22:46.605360+00:00,67.3,125,bid,,,53363
2026-06-30T11:22:46.437980,2026-06-30T01:22:47.345357+00:00,67.4,200,bid,,,53376
2026-06-30T11:22:46.943130,2026-06-30T01:22:47.857270+00:00,67.4,200,ask,,,53383
2026-06-30T11:22:47.750394,2026-06-30T01:22:48.663263+00:00,67.3,500,ask,,,53389
2026-06-30T11:22:48.110247,2026-06-30T01:22:49.033281+00:00,67.3,125,bid,,,53391
2026-06-30T11:22:48.150693,2026-06-30T01:22:49.066477+00:00,67.3,200,ask,,,53394
2026-06-30T11:22:49.357980,2026-06-30T01:22:50.265355+00:00,67.5,200,ask,,,53414
2026-06-30T11:22:51.674380,2026-06-30T01:22:52.581225+00:00,67.4,200,ask,,,53446
2026-06-30T11:22:51.774531,2026-06-30T01:22:52.689936+00:00,67.3,200,ask,,,53449
2026-06-30T11:22:52.472282,2026-06-30T01:22:53.387088+00:00,67.4,20,bid,,,53455
2026-06-30T11:22:56.639274,2026-06-30T01:22:57.553262+00:00,67.4,200,ask,,,53501
2026-06-30T11:22:57.846583,2026-06-30T01:22:58.755484+00:00,67.4,200,ask,,,53518
2026-06-30T11:22:59.053073,2026-06-30T01:22:59.959646+00:00,67.3,200,ask,,,53526
2026-06-30T11:23:00.258529,2026-06-30T01:23:01.168763+00:00,67.3,200,ask,,,53549
2026-06-30T11:23:02.161638,2026-06-30T01:23:03.073164+00:00,67.3,200,ask,,,53563
2026-06-30T11:23:02.161638,2026-06-30T01:23:03.073164+00:00,67.3,425,ask,,,53564
2026-06-30T11:23:02.195009,2026-06-30T01:23:03.106371+00:00,67.3,75,ask,,,53566
2026-06-30T11:23:02.669965,2026-06-30T01:23:03.585070+00:00,67.3,200,ask,,,53572
2026-06-30T11:23:02.762686,2026-06-30T01:23:03.671228+00:00,67.3,125,ask,,,53575
2026-06-30T11:23:03.878870,2026-06-30T01:23:04.790011+00:00,67.3,200,ask,,,53590
2026-06-30T11:23:05.093060,2026-06-30T01:23:06.006405+00:00,67.4,200,ask,,,53607
2026-06-30T11:23:06.280910,2026-06-30T01:23:07.189698+00:00,67.3,500,bid,,,53616
2026-06-30T11:23:06.878228,2026-06-30T01:23:07.788530+00:00,67.3,125,bid,,,53630
2026-06-30T11:23:08.704336,2026-06-30T01:23:09.615513+00:00,67.4,20,ask,,,53647
2026-06-30T11:23:08.720041,2026-06-30T01:23:09.626583+00:00,67.5,200,bid,,,53648
2026-06-30T11:23:09.959877,2026-06-30T01:23:10.875404+00:00,67.5,200,ask,,,53662
2026-06-30T11:23:10.531730,2026-06-30T01:23:11.452849+00:00,67.4,500,bid,,,53668
2026-06-30T11:23:11.128410,2026-06-30T01:23:12.037779+00:00,67.4,125,bid,,,53680
2026-06-30T11:23:11.351916,2026-06-30T01:23:12.267310+00:00,67.5,200,bid,,,53684
2026-06-30T11:23:15.295629,2026-06-30T01:23:16.206412+00:00,67.6,200,bid,,,53745
2026-06-30T11:23:16.006856,2026-06-30T01:23:16.922792+00:00,67.6,200,ask,,,53756
2026-06-30T11:23:17.214714,2026-06-30T01:23:18.126074+00:00,67.7,200,bid,,,53777
2026-06-30T11:23:19.634854,2026-06-30T01:23:20.540882+00:00,67.7,200,bid,,,53804
2026-06-30T11:23:20.538609,2026-06-30T01:23:21.454342+00:00,67.8,500,bid,,,53816
2026-06-30T11:23:20.801965,2026-06-30T01:23:21.715306+00:00,67.8,125,ask,,,53820
2026-06-30T11:23:21.848016,2026-06-30T01:23:22.758198+00:00,67.6,200,ask,,,53834
2026-06-30T11:23:25.779315,2026-06-30T01:23:26.688127+00:00,67.7,200,bid,,,53884
2026-06-30T11:23:27.092686,2026-06-30T01:23:28.004402+00:00,67.7,200,ask,,,53897
2026-06-30T11:23:28.106941,2026-06-30T01:23:29.015208+00:00,67.7,200,bid,,,53913
2026-06-30T11:23:28.400393,2026-06-30T01:23:29.307786+00:00,67.8,500,bid,,,53919
2026-06-30T11:23:28.702088,2026-06-30T01:23:29.613888+00:00,67.8,125,ask,,,53921
2026-06-30T11:23:29.708941,2026-06-30T01:23:30.619994+00:00,67.7,200,ask,,,53932
2026-06-30T11:23:30.518282,2026-06-30T01:23:31.427637+00:00,67.5,200,bid,,,53941
2026-06-30T11:23:31.014824,2026-06-30T01:23:31.928464+00:00,67.7,200,bid,,,53949
2026-06-30T11:23:31.081074,2026-06-30T01:23:31.994402+00:00,67.8,20,bid,,,53952
2026-06-30T11:23:33.646721,2026-06-30T01:23:34.554400+00:00,67.6,200,ask,,,53982
2026-06-30T11:23:33.646721,2026-06-30T01:23:34.554400+00:00,67.4,425,ask,,,53983
2026-06-30T11:23:34.953947,2026-06-30T01:23:35.868978+00:00,67.6,200,bid,,,54002
2026-06-30T11:23:35.367485,2026-06-30T01:23:36.283342+00:00,67.7,200,bid,,,54008
