timestamp,recv_time,price,volume,aggressor_side,buyer,seller,trade_id
2026-07-03T02:00:00.134940,2026-07-03T02:00:00.132534+00:00,114.6,200,ask,WavyWalnuts,YieldingYams,5143134
2026-07-03T02:00:00.134940,2026-07-03T02:00:00.132534+00:00,114.6,425,ask,AverageAlmonds,YieldingYams,5143135
2026-07-03T02:00:01.443850,2026-07-03T02:00:01.450041+00:00,114.6,200,bid,AverageAlmonds,WavyWalnuts,5143156
2026-07-03T02:00:05.057907,2026-07-03T02:00:05.069030+00:00,114.7,200,bid,AverageAlmonds,WavyWalnuts,5143191
2026-07-03T02:00:05.373770,2026-07-03T02:00:05.380574+00:00,114.7,300,ask,AverageAlmonds,YieldingYams,5143194
2026-07-03T02:00:05.373770,2026-07-03T02:00:05.385765+00:00,114.7,200,ask,WavyWalnuts,YieldingYams,5143195
2026-07-03T02:00:06.266634,2026-07-03T02:00:06.274587+00:00,114.7,125,bid,AverageAlmonds,YieldingYams,5143206
2026-07-03T02:00:08.727208,2026-07-03T02:00:08.735188+00:00,114.7,200,ask,YieldingYams,WavyWalnuts,5143237
2026-07-03T02:00:11.919851,2026-07-03T02:00:11.929496+00:00,114.7,200,bid,YieldingYams,WavyWalnuts,5143275
2026-07-03T02:00:12.348508,2026-07-03T02:00:12.358594+00:00,114.8,200,ask,YieldingYams,WavyWalnuts,5143281
2026-07-03T02:00:12.450133,2026-07-03T02:00:12.458625+00:00,115.0,20,bid,BrilliantBurritos,YieldingYams,5143282
2026-07-03T02:00:13.555970,2026-07-03T02:00:13.568873+00:00,114.6,200,ask,AverageAlmonds,WavyWalnuts,5143302
2026-07-03T02:00:16.684465,2026-07-03T02:00:16.695860+00:00,114.5,20,ask,WavyWalnuts,BrilliantBurritos,5143338
2026-07-03T02:00:17.192711,2026-07-03T02:00:17.200487+00:00,114.6,200,bid,WavyWalnuts,YieldingYams,5143343
2026-07-03T02:00:23.247760,2026-07-03T02:00:23.258552+00:00,114.5,200,ask,YieldingYams,WavyWalnuts,5143432
2026-07-03T02:00:24.455345,2026-07-03T02:00:24.458076+00:00,114.5,200,ask,YieldingYams,WavyWalnuts,5143448
2026-07-03T02:00:25.956987,2026-07-03T02:00:25.958561+00:00,114.5,20,ask,YieldingYams,BrilliantBurritos,5143465
2026-07-03T02:00:26.764831,2026-07-03T02:00:26.768942+00:00,114.7,3,bid,Xuanyu Liu,WavyWalnuts,5143473
2026-07-03T02:00:26.773286,2026-07-03T02:00:26.784591+00:00,114.7,25,bid,Alice Feng,WavyWalnuts,5143475
2026-07-03T02:00:26.888303,2026-07-03T02:00:26.897878+00:00,114.6,200,ask,YieldingYams,WavyWalnuts,5143476
2026-07-03T02:00:28.104880,2026-07-03T02:00:28.115371+00:00,114.6,200,ask,YieldingYams,WavyWalnuts,5143499
2026-07-03T02:00:29.287484,2026-07-03T02:00:29.297819+00:00,114.7,500,ask,YieldingYams,AverageAlmonds,5143513
2026-07-03T02:00:29.317067,2026-07-03T02:00:29.324230+00:00,114.7,125,ask,YieldingYams,WavyWalnuts,5143515
2026-07-03T02:00:29.335083,2026-07-03T02:00:29.338968+00:00,114.5,23,bid,Xuanyu Liu,WavyWalnuts,5143517
2026-07-03T02:00:29.386364,2026-07-03T02:00:29.393364+00:00,114.5,25,bid,Alice Feng,WavyWalnuts,5143520
2026-07-03T02:00:29.597214,2026-07-03T02:00:29.608087+00:00,114.5,25,bid,Alice Feng,WavyWalnuts,5143524
2026-07-03T02:00:29.811110,2026-07-03T02:00:29.817487+00:00,114.5,2,bid,Alice Feng,WavyWalnuts,5143530
2026-07-03T02:00:29.815043,2026-07-03T02:00:29.822969+00:00,114.9,2,bid,Alice Feng,YieldingYams,5143531
2026-07-03T02:00:30.032438,2026-07-03T02:00:30.044131+00:00,114.5,2,bid,Alice Feng,AverageAlmonds,5143534
2026-07-03T02:00:30.240925,2026-07-03T02:00:30.250149+00:00,114.5,2,bid,Alice Feng,AverageAlmonds,5143537
2026-07-03T02:00:30.264182,2026-07-03T02:00:30.268144+00:00,114.4,12,ask,YieldingYams,Xuanyu Liu,5143539
2026-07-03T02:00:30.447517,2026-07-03T02:00:30.453752+00:00,114.5,2,bid,Alice Feng,AverageAlmonds,5143543
2026-07-03T02:00:30.526788,2026-07-03T02:00:30.533322+00:00,114.5,200,bid,WavyWalnuts,AverageAlmonds,5143549
2026-07-03T02:00:30.653151,2026-07-03T02:00:30.664684+00:00,114.5,2,bid,Alice Feng,AverageAlmonds,5143550
2026-07-03T02:00:30.857720,2026-07-03T02:00:30.869274+00:00,114.5,2,bid,Alice Feng,AverageAlmonds,5143551
2026-07-03T02:00:31.062015,2026-07-03T02:00:31.073729+00:00,114.5,2,bid,Alice Feng,AverageAlmonds,5143553
2026-07-03T02:00:31.094344,2026-07-03T02:00:31.105704+00:00,114.4,500,ask,YieldingYams,AverageAlmonds,5143554
2026-07-03T02:00:31.267790,2026-07-03T02:00:31.279416+00:00,114.6,2,bid,Alice Feng,YieldingYams,5143558
2026-07-03T02:00:31.473177,2026-07-03T02:00:31.482129+00:00,114.6,2,bid,Alice Feng,YieldingYams,5143561
2026-07-03T02:00:31.700979,2026-07-03T02:00:31.708831+00:00,114.3,2,bid,Alice Feng,YieldingYams,5143564
2026-07-03T02:00:31.734507,2026-07-03T02:00:31.741089+00:00,114.3,200,bid,WavyWalnuts,YieldingYams,5143567
2026-07-03T02:00:31.905418,2026-07-03T02:00:31.917054+00:00,114.3,2,bid,Alice Feng,YieldingYams,5143570
2026-07-03T02:00:32.110400,2026-07-03T02:00:32.118489+00:00,114.3,1,bid,Alice Feng,YieldingYams,5143573
2026-07-03T02:00:32.941523,2026-07-03T02:00:32.948135+00:00,114.3,200,bid,WavyWalnuts,AverageAlmonds,5143592
2026-07-03T02:00:33.533256,2026-07-03T02:00:33.542036+00:00,114.2,500,ask,YieldingYams,AverageAlmonds,5143597
2026-07-03T02:00:34.126683,2026-07-03T02:00:34.136133+00:00,114.2,125,ask,YieldingYams,AverageAlmonds,5143606
2026-07-03T02:00:34.154538,2026-07-03T02:00:34.158589+00:00,114.2,200,bid,WavyWalnuts,AverageAlmonds,5143607
2026-07-03T02:00:35.368404,2026-07-03T02:00:35.376719+00:00,114.2,200,bid,WavyWalnuts,YieldingYams,5143620
2026-07-03T02:00:36.300458,2026-07-03T02:00:36.304402+00:00,114.0,14,ask,YieldingYams,Xuanyu Liu,5143632
2026-07-03T02:00:36.323751,2026-07-03T02:00:36.333638+00:00,114.0,25,ask,YieldingYams,Alice Feng,5143633
2026-07-03T02:00:36.552556,2026-07-03T02:00:36.556620+00:00,114.0,25,ask,YieldingYams,Alice Feng,5143637
2026-07-03T02:00:36.578211,2026-07-03T02:00:36.585529+00:00,114.2,200,bid,WavyWalnuts,YieldingYams,5143641
2026-07-03T02:00:36.768460,2026-07-03T02:00:36.779781+00:00,114.0,25,ask,YieldingYams,Alice Feng,5143644
2026-07-03T02:00:36.816613,2026-07-03T02:00:36.820378+00:00,114.1,3,ask,YieldingYams,Xuanyu Liu,5143651
2026-07-03T02:00:36.977289,2026-07-03T02:00:36.988502+00:00,114.1,25,ask,YieldingYams,Alice Feng,5143654
2026-07-03T02:00:37.796714,2026-07-03T02:00:37.817062+00:00,114.2,200,bid,WavyWalnuts,AverageAlmonds,5143660
2026-07-03T02:00:39.008407,2026-07-03T02:00:39.016401+00:00,114.2,200,bid,WavyWalnuts,AverageAlmonds,5143685
2026-07-03T02:00:39.408234,2026-07-03T02:00:39.411880+00:00,114.2,3,bid,Xuanyu Liu,AverageAlmonds,5143692
2026-07-03T02:00:39.431809,2026-07-03T02:00:39.443307+00:00,114.2,297,bid,YieldingYams,AverageAlmonds,5143696
2026-07-03T02:00:40.562989,2026-07-03T02:00:40.571345+00:00,114.4,20,bid,BrilliantBurritos,YieldingYams,5143709
2026-07-03T02:00:40.743821,2026-07-03T02:00:40.751391+00:00,114.3,200,ask,WavyWalnuts,YieldingYams,5143713
2026-07-03T02:00:41.425341,2026-07-03T02:00:41.434158+00:00,114.2,200,bid,WavyWalnuts,YieldingYams,5143722
2026-07-03T02:00:43.764983,2026-07-03T02:00:43.774408+00:00,114.1,20,ask,WavyWalnuts,BrilliantBurritos,5143754
2026-07-03T02:00:44.441836,2026-07-03T02:00:44.452582+00:00,114.3,20,bid,BrilliantBurritos,YieldingYams,5143763
2026-07-03T02:00:44.680676,2026-07-03T02:00:44.684462+00:00,114.2,3,bid,Xuanyu Liu,YieldingYams,5143767
2026-07-03T02:00:44.804451,2026-07-03T02:00:44.811546+00:00,114.2,25,bid,Alice Feng,YieldingYams,5143770
2026-07-03T02:00:45.041175,2026-07-03T02:00:45.052784+00:00,114.2,25,bid,Alice Feng,YieldingYams,5143774
2026-07-03T02:00:45.047837,2026-07-03T02:00:45.058781+00:00,114.2,200,bid,WavyWalnuts,YieldingYams,5143775
2026-07-03T02:00:45.249553,2026-07-03T02:00:45.258593+00:00,114.2,25,bid,Alice Feng,YieldingYams,5143784
2026-07-03T02:00:45.253204,2026-07-03T02:00:45.258593+00:00,114.0,2,ask,YieldingYams,Alice Feng,5143785
2026-07-03T02:00:45.457466,2026-07-03T02:00:45.469153+00:00,114.0,2,ask,YieldingYams,Alice Feng,5143790
2026-07-03T02:00:45.666509,2026-07-03T02:00:45.675880+00:00,114.0,2,ask,YieldingYams,Alice Feng,5143798
2026-07-03T02:00:45.802446,2026-07-03T02:00:45.806798+00:00,114.0,3,ask,YieldingYams,Xuanyu Liu,5143802
2026-07-03T02:00:45.871395,2026-07-03T02:00:45.883100+00:00,114.0,2,ask,YieldingYams,Alice Feng,5143803
2026-07-03T02:00:45.975998,2026-07-03T02:00:45.985341+00:00,114.1,500,bid,YieldingYams,AverageAlmonds,5143805
2026-07-03T02:00:46.076844,2026-07-03T02:00:46.085615+00:00,114.1,25,ask,YieldingYams,Alice Feng,5143808
2026-07-03T02:00:46.088540,2026-07-03T02:00:46.095896+00:00,114.1,2,ask,YieldingYams,Alice Feng,5143812
2026-07-03T02:00:46.293820,2026-07-03T02:00:46.303474+00:00,114.1,25,ask,YieldingYams,Alice Feng,5143817
2026-07-03T02:00:46.836088,2026-07-03T02:00:46.843265+00:00,114.1,73,ask,YieldingYams,AverageAlmonds,5143825
2026-07-03T02:00:46.836088,2026-07-03T02:00:46.848240+00:00,114.1,200,ask,WavyWalnuts,AverageAlmonds,5143826
2026-07-03T02:00:47.472499,2026-07-03T02:00:47.479840+00:00,114.0,200,bid,WavyWalnuts,YieldingYams,5143841
2026-07-03T02:00:48.684424,2026-07-03T02:00:48.692213+00:00,114.0,200,bid,WavyWalnuts,YieldingYams,5143857
2026-07-03T02:00:49.896066,2026-07-03T02:00:49.904081+00:00,114.0,200,bid,WavyWalnuts,YieldingYams,5143884
2026-07-03T02:00:51.111560,2026-07-03T02:00:51.119739+00:00,114.0,200,ask,YieldingYams,WavyWalnuts,5143896
2026-07-03T02:00:53.534023,2026-07-03T02:00:53.561599+00:00,113.9,200,ask,YieldingYams,WavyWalnuts,5143930
2026-07-03T02:00:56.526942,2026-07-03T02:00:56.542714+00:00,113.9,15,ask,YieldingYams,Alice Feng,5143986
2026-07-03T02:00:57.178178,2026-07-03T02:00:57.184735+00:00,113.9,200,ask,YieldingYams,WavyWalnuts,5143995
2026-07-03T02:00:58.387491,2026-07-03T02:00:58.397739+00:00,114.0,200,bid,WavyWalnuts,AverageAlmonds,5144013
2026-07-03T02:00:59.090674,2026-07-03T02:00:59.101527+00:00,114.0,500,bid,YieldingYams,AverageAlmonds,5144020
2026-07-03T02:00:59.555652,2026-07-03T02:00:59.558619+00:00,114.2,125,ask,YieldingYams,AverageAlmonds,5144029
2026-07-03T02:00:59.597032,2026-07-03T02:00:59.606481+00:00,113.9,200,bid,WavyWalnuts,AverageAlmonds,5144032
2026-07-03T02:01:00.399925,2026-07-03T02:01:00.410660+00:00,113.8,500,bid,YieldingYams,AverageAlmonds,5144048
2026-07-03T02:01:00.758766,2026-07-03T02:01:00.769001+00:00,113.9,125,ask,YieldingYams,AverageAlmonds,5144055
2026-07-03T02:01:01.370180,2026-07-03T02:01:01.379525+00:00,113.8,200,ask,WavyWalnuts,AverageAlmonds,5144061
2026-07-03T02:01:01.723011,2026-07-03T02:01:01.726896+00:00,113.4,3,ask,YieldingYams,Xuanyu Liu,5144069
2026-07-03T02:01:03.423563,2026-07-03T02:01:03.435040+00:00,113.5,20,ask,YieldingYams,BrilliantBurritos,5144117
2026-07-03T02:01:06.859035,2026-07-03T02:01:06.869037+00:00,113.5,200,ask,YieldingYams,WavyWalnuts,5144166
2026-07-03T02:01:07.884878,2026-07-03T02:01:07.888928+00:00,113.7,3,bid,Xuanyu Liu,YieldingYams,5144181
2026-07-03T02:01:08.258904,2026-07-03T02:01:08.268701+00:00,113.6,200,bid,YieldingYams,WavyWalnuts,5144190
2026-07-03T02:01:08.627308,2026-07-03T02:01:08.634056+00:00,113.7,425,ask,YieldingYams,AverageAlmonds,5144195
2026-07-03T02:01:09.567712,2026-07-03T02:01:09.578800+00:00,113.5,200,ask,WavyWalnuts,YieldingYams,5144212
2026-07-03T02:01:10.226132,2026-07-03T02:01:10.234407+00:00,113.3,20,ask,YieldingYams,BrilliantBurritos,5144219
2026-07-03T02:01:10.497440,2026-07-03T02:01:10.505650+00:00,113.5,200,bid,WavyWalnuts,YieldingYams,5144221
2026-07-03T02:01:14.121981,2026-07-03T02:01:14.130209+00:00,113.3,200,ask,YieldingYams,WavyWalnuts,5144283
2026-07-03T02:01:15.341820,2026-07-03T02:01:15.351857+00:00,113.3,200,ask,YieldingYams,WavyWalnuts,5144296
2026-07-03T02:01:16.230475,2026-07-03T02:01:16.242165+00:00,113.5,20,bid,BrilliantBurritos,YieldingYams,5144310
2026-07-03T02:01:21.394603,2026-07-03T02:01:21.402688+00:00,113.4,500,ask,AverageAlmonds,YieldingYams,5144384
2026-07-03T02:01:21.409426,2026-07-03T02:01:21.418428+00:00,113.4,125,bid,WavyWalnuts,YieldingYams,5144385
2026-07-03T02:01:23.044821,2026-07-03T02:01:23.058602+00:00,113.6,20,bid,BrilliantBurritos,WavyWalnuts,5144411
2026-07-03T02:01:27.489449,2026-07-03T02:01:27.500646+00:00,113.7,200,bid,WavyWalnuts,YieldingYams,5144465
2026-07-03T02:01:30.581342,2026-07-03T02:01:30.589822+00:00,113.6,200,bid,YieldingYams,WavyWalnuts,5144501
2026-07-03T02:01:31.127943,2026-07-03T02:01:31.135398+00:00,113.8,200,ask,YieldingYams,WavyWalnuts,5144508
2026-07-03T02:01:34.755013,2026-07-03T02:01:34.758566+00:00,113.8,200,bid,WavyWalnuts,YieldingYams,5144556
2026-07-03T02:01:35.963122,2026-07-03T02:01:35.974190+00:00,113.8,200,ask,YieldingYams,WavyWalnuts,5144581
2026-07-03T02:01:39.248303,2026-07-03T02:01:39.263964+00:00,113.8,20,ask,YieldingYams,BrilliantBurritos,5144631
2026-07-03T02:01:39.600585,2026-07-03T02:01:39.611036+00:00,113.8,200,ask,YieldingYams,WavyWalnuts,5144636
2026-07-03T02:01:41.060097,2026-07-03T02:01:41.069324+00:00,113.7,200,ask,WavyWalnuts,YieldingYams,5144654
2026-07-03T02:01:42.017054,2026-07-03T02:01:42.028462+00:00,113.7,200,bid,WavyWalnuts,YieldingYams,5144676
2026-07-03T02:01:43.229024,2026-07-03T02:01:43.238950+00:00,113.7,200,ask,YieldingYams,WavyWalnuts,5144699
2026-07-03T02:01:45.651205,2026-07-03T02:01:45.658599+00:00,113.8,200,ask,YieldingYams,WavyWalnuts,5144736
2026-07-03T02:01:46.858648,2026-07-03T02:01:46.870069+00:00,113.9,200,bid,WavyWalnuts,YieldingYams,5144760
2026-07-03T02:01:47.636915,2026-07-03T02:01:47.640511+00:00,113.9,3,ask,YieldingYams,Xuanyu Liu,5144769
2026-07-03T02:01:48.071416,2026-07-03T02:01:48.082792+00:00,113.9,200,ask,YieldingYams,WavyWalnuts,5144774
2026-07-03T02:01:50.486563,2026-07-03T02:01:50.493191+00:00,113.7,200,ask,YieldingYams,WavyWalnuts,5144807
2026-07-03T02:01:52.904363,2026-07-03T02:01:52.912835+00:00,113.7,200,ask,YieldingYams,WavyWalnuts,5144837
2026-07-03T02:01:53.323340,2026-07-03T02:01:53.335217+00:00,113.7,20,ask,YieldingYams,BrilliantBurritos,5144841
2026-07-03T02:01:54.114596,2026-07-03T02:01:54.124412+00:00,113.7,200,ask,YieldingYams,WavyWalnuts,5144853
2026-07-03T02:01:55.326124,2026-07-03T02:01:55.333341+00:00,113.6,200,bid,WavyWalnuts,YieldingYams,5144863
2026-07-03T02:01:56.534783,2026-07-03T02:01:56.544752+00:00,113.5,200,bid,WavyWalnuts,YieldingYams,5144883
2026-07-03T02:01:56.648294,2026-07-03T02:01:56.652035+00:00,113.4,11,ask,AverageAlmonds,Xuanyu Liu,5144886
2026-07-03T02:01:57.743511,2026-07-03T02:01:57.751026+00:00,113.5,200,bid,WavyWalnuts,YieldingYams,5144895
2026-07-03T02:01:57.873691,2026-07-03T02:01:57.885240+00:00,113.3,20,ask,YieldingYams,BrilliantBurritos,5144899
2026-07-03T02:01:58.960205,2026-07-03T02:01:58.969897+00:00,113.5,200,bid,WavyWalnuts,YieldingYams,5144914
2026-07-03T02:02:00.525188,2026-07-03T02:02:00.536621+00:00,113.4,20,ask,YieldingYams,BrilliantBurritos,5144932
2026-07-03T02:02:00.697598,2026-07-03T02:02:00.704600+00:00,113.5,200,bid,AverageAlmonds,WavyWalnuts,5144934
2026-07-03T02:02:00.736174,2026-07-03T02:02:00.740340+00:00,113.5,12,ask,AverageAlmonds,Xuanyu Liu,5144937
2026-07-03T02:02:00.781397,2026-07-03T02:02:00.785787+00:00,113.6,11,ask,YieldingYams,Xuanyu Liu,5144944
2026-07-03T02:02:01.375179,2026-07-03T02:02:01.384699+00:00,113.6,200,ask,YieldingYams,WavyWalnuts,5144950
2026-07-03T02:02:04.880559,2026-07-03T02:02:04.885191+00:00,113.9,34,bid,Xuanyu Liu,YieldingYams,5144994
2026-07-03T02:02:04.995203,2026-07-03T02:02:05.003739+00:00,113.9,200,bid,WavyWalnuts,YieldingYams,5144997
2026-07-03T02:02:08.621079,2026-07-03T02:02:08.631353+00:00,114.1,200,bid,WavyWalnuts,AverageAlmonds,5145034
2026-07-03T02:02:08.624574,2026-07-03T02:02:08.631353+00:00,114.1,300,bid,YieldingYams,AverageAlmonds,5145035
2026-07-03T02:02:09.163724,2026-07-03T02:02:09.172457+00:00,114.1,325,ask,YieldingYams,AverageAlmonds,5145037
2026-07-03T02:02:09.832217,2026-07-03T02:02:09.841509+00:00,114.1,200,bid,WavyWalnuts,AverageAlmonds,5145053
2026-07-03T02:02:12.417991,2026-07-03T02:02:12.421989+00:00,114.0,3,bid,Xuanyu Liu,YieldingYams,5145083
2026-07-03T02:02:13.855394,2026-07-03T02:02:13.865032+00:00,114.0,200,bid,YieldingYams,WavyWalnuts,5145101
2026-07-03T02:02:14.014507,2026-07-03T02:02:14.023627+00:00,114.0,425,ask,YieldingYams,AverageAlmonds,5145103
2026-07-03T02:02:14.694820,2026-07-03T02:02:14.706235+00:00,113.9,20,ask,WavyWalnuts,BrilliantBurritos,5145114
2026-07-03T02:02:15.164585,2026-07-03T02:02:15.174020+00:00,113.9,180,ask,WavyWalnuts,YieldingYams,5145118
2026-07-03T02:02:17.079717,2026-07-03T02:02:17.089991+00:00,113.8,200,bid,WavyWalnuts,YieldingYams,5145142
2026-07-03T02:02:19.090807,2026-07-03T02:02:19.098747+00:00,113.8,200,ask,WavyWalnuts,YieldingYams,5145175
2026-07-03T02:02:20.401362,2026-07-03T02:02:20.409536+00:00,113.6,200,ask,WavyWalnuts,YieldingYams,5145193
2026-07-03T02:02:21.711830,2026-07-03T02:02:21.720228+00:00,113.7,200,bid,YieldingYams,WavyWalnuts,5145214
2026-07-03T02:02:23.030964,2026-07-03T02:02:23.037764+00:00,113.6,200,ask,WavyWalnuts,YieldingYams,5145221
2026-07-03T02:02:23.871667,2026-07-03T02:02:23.878878+00:00,113.6,22,bid,Zihao Wu,YieldingYams,5145242
2026-07-03T02:02:23.874883,2026-07-03T02:02:23.878878+00:00,113.6,37,bid,Xuanyu Liu,YieldingYams,5145243
2026-07-03T02:02:23.979515,2026-07-03T02:02:23.990838+00:00,113.6,25,bid,Alice Feng,YieldingYams,5145247
2026-07-03T02:02:24.190231,2026-07-03T02:02:24.200592+00:00,113.6,25,bid,Alice Feng,YieldingYams,5145252
2026-07-03T02:02:25.647293,2026-07-03T02:02:25.666770+00:00,113.7,200,bid,YieldingYams,WavyWalnuts,5145281
2026-07-03T02:02:25.663485,2026-07-03T02:02:25.666770+00:00,113.7,11,ask,YieldingYams,Xuanyu Liu,5145284
2026-07-03T02:02:27.977517,2026-07-03T02:02:27.986146+00:00,113.8,200,bid,WavyWalnuts,YieldingYams,5145313
2026-07-03T02:02:28.292878,2026-07-03T02:02:28.296495+00:00,113.8,26,ask,YieldingYams,Xuanyu Liu,5145322
2026-07-03T02:02:29.581727,2026-07-03T02:02:29.592695+00:00,113.9,200,bid,YieldingYams,WavyWalnuts,5145337
2026-07-03T02:02:29.609253,2026-07-03T02:02:29.620652+00:00,114.0,25,ask,YieldingYams,Alice Feng,5145339
2026-07-03T02:02:29.820502,2026-07-03T02:02:29.829547+00:00,114.0,25,ask,YieldingYams,Alice Feng,5145341
2026-07-03T02:02:32.206632,2026-07-03T02:02:32.215920+00:00,113.9,200,ask,WavyWalnuts,YieldingYams,5145379
2026-07-03T02:02:33.352379,2026-07-03T02:02:33.363918+00:00,113.8,20,bid,BrilliantBurritos,YieldingYams,5145401
2026-07-03T02:02:33.717169,2026-07-03T02:02:33.728722+00:00,113.8,20,bid,BrilliantBurritos,WavyWalnuts,5145409
2026-07-03T02:02:34.033386,2026-07-03T02:02:34.042704+00:00,113.7,200,ask,YieldingYams,WavyWalnuts,5145411
2026-07-03T02:02:36.449567,2026-07-03T02:02:36.464225+00:00,113.7,200,bid,WavyWalnuts,YieldingYams,5145450
2026-07-03T02:02:38.864716,2026-07-03T02:02:38.875513+00:00,113.8,200,bid,WavyWalnuts,YieldingYams,5145480
2026-07-03T02:02:39.734015,2026-07-03T02:02:39.738013+00:00,113.8,26,bid,Xuanyu Liu,YieldingYams,5145500
2026-07-03T02:02:39.854082,2026-07-03T02:02:39.858592+00:00,113.8,25,bid,Alice Feng,YieldingYams,5145504
2026-07-03T02:02:39.858450,2026-07-03T02:02:39.869739+00:00,113.6,1,ask,YieldingYams,Alice Feng,5145505
2026-07-03T02:02:40.086678,2026-07-03T02:02:40.095437+00:00,113.8,200,bid,WavyWalnuts,YieldingYams,5145511
2026-07-03T02:02:41.297986,2026-07-03T02:02:41.306843+00:00,113.8,200,bid,WavyWalnuts,YieldingYams,5145526
2026-07-03T02:02:43.727891,2026-07-03T02:02:43.738664+00:00,113.8,200,bid,WavyWalnuts,YieldingYams,5145570
2026-07-03T02:02:43.963646,2026-07-03T02:02:43.975271+00:00,113.6,22,ask,YieldingYams,Zihao Wu,5145572
2026-07-03T02:02:45.474531,2026-07-03T02:02:45.480822+00:00,113.8,500,bid,AverageAlmonds,YieldingYams,5145595
2026-07-03T02:02:46.095861,2026-07-03T02:02:46.105740+00:00,113.8,125,bid,AverageAlmonds,YieldingYams,5145607
2026-07-03T02:02:46.641686,2026-07-03T02:02:46.669764+00:00,113.9,200,bid,YieldingYams,WavyWalnuts,5145620
2026-07-03T02:02:46.665225,2026-07-03T02:02:46.669764+00:00,113.9,12,ask,YieldingYams,Xuanyu Liu,5145622
2026-07-03T02:02:47.355638,2026-07-03T02:02:47.365892+00:00,113.9,200,ask,YieldingYams,WavyWalnuts,5145635
2026-07-03T02:02:50.447745,2026-07-03T02:02:50.458622+00:00,113.7,20,ask,YieldingYams,BrilliantBurritos,5145669
2026-07-03T02:02:53.417258,2026-07-03T02:02:53.426486+00:00,113.7,200,ask,AverageAlmonds,WavyWalnuts,5145708
2026-07-03T02:02:53.621349,2026-07-03T02:02:53.624984+00:00,113.7,14,ask,AverageAlmonds,Xuanyu Liu,5145717
2026-07-03T02:02:54.689691,2026-07-03T02:02:54.699008+00:00,113.8,24,ask,WavyWalnuts,Alice Feng,5145735
2026-07-03T02:02:57.051892,2026-07-03T02:02:57.064121+00:00,113.9,200,bid,WavyWalnuts,YieldingYams,5145771
2026-07-03T02:02:59.480341,2026-07-03T02:02:59.489643+00:00,113.8,200,ask,YieldingYams,WavyWalnuts,5145806
2026-07-03T02:02:59.755653,2026-07-03T02:02:59.756044+00:00,113.8,500,ask,AverageAlmonds,YieldingYams,5145808
2026-07-03T02:03:00.017158,2026-07-03T02:03:00.026669+00:00,113.8,125,bid,AverageAlmonds,YieldingYams,5145813
2026-07-03T02:03:00.690045,2026-07-03T02:03:00.698662+00:00,113.8,200,ask,AverageAlmonds,WavyWalnuts,5145824
2026-07-03T02:03:01.897055,2026-07-03T02:03:01.903270+00:00,113.8,200,ask,AverageAlmonds,WavyWalnuts,5145833
2026-07-03T02:03:02.375924,2026-07-03T02:03:02.385581+00:00,113.8,300,ask,AverageAlmonds,YieldingYams,5145839
2026-07-03T02:03:02.428388,2026-07-03T02:03:02.437747+00:00,113.8,325,bid,AverageAlmonds,YieldingYams,5145842
2026-07-03T02:03:03.106237,2026-07-03T02:03:03.116748+00:00,113.8,200,ask,AverageAlmonds,WavyWalnuts,5145857
2026-07-03T02:03:03.705667,2026-07-03T02:03:03.710127+00:00,113.9,3,ask,YieldingYams,Xuanyu Liu,5145868
2026-07-03T02:03:04.315398,2026-07-03T02:03:04.323549+00:00,113.9,200,ask,YieldingYams,WavyWalnuts,5145877
2026-07-03T02:03:05.538630,2026-07-03T02:03:05.542453+00:00,113.8,3,bid,Xuanyu Liu,WavyWalnuts,5145894
2026-07-03T02:03:06.284694,2026-07-03T02:03:06.288233+00:00,113.7,3,ask,YieldingYams,Xuanyu Liu,5145903
2026-07-03T02:03:08.190150,2026-07-03T02:03:08.193833+00:00,113.6,11,ask,YieldingYams,Xuanyu Liu,5145920
2026-07-03T02:03:09.646999,2026-07-03T02:03:09.658604+00:00,113.6,20,ask,YieldingYams,BrilliantBurritos,5145943
2026-07-03T02:03:12.228198,2026-07-03T02:03:12.239752+00:00,113.6,20,ask,YieldingYams,BrilliantBurritos,5145983
2026-07-03T02:03:12.790509,2026-07-03T02:03:12.797955+00:00,113.6,200,ask,YieldingYams,WavyWalnuts,5145995
2026-07-03T02:03:12.864925,2026-07-03T02:03:12.872286+00:00,113.6,500,ask,AverageAlmonds,YieldingYams,5146002
2026-07-03T02:03:12.877653,2026-07-03T02:03:12.881311+00:00,113.5,14,bid,Xuanyu Liu,YieldingYams,5146004
2026-07-03T02:03:13.333836,2026-07-03T02:03:13.341280+00:00,113.5,111,bid,AverageAlmonds,YieldingYams,5146007
2026-07-03T02:03:14.003221,2026-07-03T02:03:14.012521+00:00,113.6,200,ask,AverageAlmonds,WavyWalnuts,5146026
2026-07-03T02:03:15.215387,2026-07-03T02:03:15.223935+00:00,113.6,200,ask,YieldingYams,WavyWalnuts,5146047
2026-07-03T02:03:17.676531,2026-07-03T02:03:17.680438+00:00,113.7,3,ask,YieldingYams,Xuanyu Liu,5146079
2026-07-03T02:03:20.216174,2026-07-03T02:03:20.226043+00:00,113.7,20,ask,YieldingYams,BrilliantBurritos,5146104
2026-07-03T02:03:22.793689,2026-07-03T02:03:22.805532+00:00,113.7,20,ask,YieldingYams,BrilliantBurritos,5146134
2026-07-03T02:03:23.376433,2026-07-03T02:03:23.386554+00:00,113.7,200,ask,WavyWalnuts,YieldingYams,5146142
2026-07-03T02:03:26.103289,2026-07-03T02:03:26.110590+00:00,113.7,200,bid,WavyWalnuts,YieldingYams,5146180
2026-07-03T02:03:27.303582,2026-07-03T02:03:27.311358+00:00,113.6,500,ask,AverageAlmonds,YieldingYams,5146199
2026-07-03T02:03:27.326898,2026-07-03T02:03:27.330868+00:00,113.6,3,bid,Xuanyu Liu,YieldingYams,5146203
2026-07-03T02:03:27.847584,2026-07-03T02:03:27.858556+00:00,113.6,122,bid,AverageAlmonds,YieldingYams,5146212
2026-07-03T02:03:27.847584,2026-07-03T02:03:27.858556+00:00,113.7,200,bid,AverageAlmonds,WavyWalnuts,5146213
2026-07-03T02:03:30.609594,2026-07-03T02:03:30.618858+00:00,113.8,20,bid,BrilliantBurritos,YieldingYams,5146258
2026-07-03T02:03:30.867865,2026-07-03T02:03:30.879433+00:00,113.7,20,ask,WavyWalnuts,BrilliantBurritos,5146263
2026-07-03T02:03:31.227975,2026-07-03T02:03:31.236007+00:00,113.7,500,ask,AverageAlmonds,YieldingYams,5146267
2026-07-03T02:03:31.227975,2026-07-03T02:03:31.236007+00:00,113.7,125,ask,WavyWalnuts,YieldingYams,5146268
2026-07-03T02:03:32.537487,2026-07-03T02:03:32.546847+00:00,113.9,200,bid,YieldingYams,WavyWalnuts,5146283
2026-07-03T02:03:33.370811,2026-07-03T02:03:33.380517+00:00,114.0,200,ask,YieldingYams,WavyWalnuts,5146301
2026-07-03T02:03:33.863958,2026-07-03T02:03:33.867304+00:00,114.1,3,bid,Xuanyu Liu,YieldingYams,5146311
2026-07-03T02:03:34.207956,2026-07-03T02:03:34.214351+00:00,114.1,25,bid,Alice Feng,YieldingYams,5146318
2026-07-03T02:03:34.416142,2026-07-03T02:03:34.424019+00:00,114.1,25,bid,Alice Feng,YieldingYams,5146322
2026-07-03T02:03:34.580721,2026-07-03T02:03:34.597027+00:00,113.9,200,ask,YieldingYams,WavyWalnuts,5146324
2026-07-03T02:03:34.623838,2026-07-03T02:03:34.634185+00:00,114.1,25,bid,Alice Feng,YieldingYams,5146326
2026-07-03T02:03:34.835159,2026-07-03T02:03:34.846601+00:00,114.1,25,bid,Alice Feng,YieldingYams,5146334
2026-07-03T02:03:35.256710,2026-07-03T02:03:35.267557+00:00,113.9,1,ask,AverageAlmonds,Alice Feng,5146345
2026-07-03T02:03:36.947680,2026-07-03T02:03:36.950714+00:00,114.0,200,bid,AverageAlmonds,WavyWalnuts,5146364
2026-07-03T02:03:36.969125,2026-07-03T02:03:36.972611+00:00,114.0,3,ask,AverageAlmonds,Xuanyu Liu,5146366
2026-07-03T02:03:36.993639,2026-07-03T02:03:37.003501+00:00,114.0,200,ask,AverageAlmonds,WavyWalnuts,5146368
2026-07-03T02:03:40.427013,2026-07-03T02:03:40.433994+00:00,113.9,200,bid,YieldingYams,WavyWalnuts,5146422
2026-07-03T02:03:40.614672,2026-07-03T02:03:40.626178+00:00,113.9,200,ask,YieldingYams,WavyWalnuts,5146427
2026-07-03T02:03:41.836029,2026-07-03T02:03:41.844016+00:00,113.9,200,ask,AverageAlmonds,WavyWalnuts,5146437
2026-07-03T02:03:41.950004,2026-07-03T02:03:41.956350+00:00,113.9,20,ask,AverageAlmonds,BrilliantBurritos,5146440
2026-07-03T02:03:42.395268,2026-07-03T02:03:42.403835+00:00,114.0,500,bid,AverageAlmonds,YieldingYams,5146443
2026-07-03T02:03:42.991915,2026-07-03T02:03:42.998874+00:00,114.0,125,bid,AverageAlmonds,YieldingYams,5146451
2026-07-03T02:03:43.045326,2026-07-03T02:03:43.058636+00:00,114.0,200,ask,AverageAlmonds,WavyWalnuts,5146452
2026-07-03T02:03:43.075220,2026-07-03T02:03:43.086473+00:00,114.2,25,ask,YieldingYams,Alice Feng,5146454
2026-07-03T02:03:43.283728,2026-07-03T02:03:43.295422+00:00,114.2,25,ask,YieldingYams,Alice Feng,5146457
2026-07-03T02:03:43.493854,2026-07-03T02:03:43.501358+00:00,114.2,25,ask,YieldingYams,Alice Feng,5146460
2026-07-03T02:03:43.701898,2026-07-03T02:03:43.713360+00:00,114.2,25,ask,YieldingYams,Alice Feng,5146466
2026-07-03T02:03:43.911832,2026-07-03T02:03:43.923438+00:00,114.2,25,ask,YieldingYams,Alice Feng,5146469
2026-07-03T02:03:44.132206,2026-07-03T02:03:44.143780+00:00,114.2,22,ask,YieldingYams,Alice Feng,5146476
2026-07-03T02:03:44.252667,2026-07-03T02:03:44.258548+00:00,114.2,200,ask,YieldingYams,WavyWalnuts,5146479
2026-07-03T02:03:44.385716,2026-07-03T02:03:44.389684+00:00,114.1,3,bid,Xuanyu Liu,YieldingYams,5146485
2026-07-03T02:03:44.548440,2026-07-03T02:03:44.556227+00:00,114.1,25,bid,Alice Feng,YieldingYams,5146489
2026-07-03T02:03:44.758346,2026-07-03T02:03:44.769566+00:00,114.1,25,bid,Alice Feng,YieldingYams,5146492
2026-07-03T02:03:44.762245,2026-07-03T02:03:44.769566+00:00,113.9,2,ask,YieldingYams,Alice Feng,5146493
2026-07-03T02:03:44.966544,2026-07-03T02:03:44.977850+00:00,113.9,2,ask,AverageAlmonds,Alice Feng,5146497
2026-07-03T02:03:45.171412,2026-07-03T02:03:45.182834+00:00,113.9,2,ask,YieldingYams,Alice Feng,5146498
2026-07-03T02:03:45.457764,2026-07-03T02:03:45.464074+00:00,114.1,200,bid,WavyWalnuts,YieldingYams,5146502
2026-07-03T02:03:45.687518,2026-07-03T02:03:45.697971+00:00,114.1,22,ask,YieldingYams,Zihao Wu,5146505
2026-07-03T02:03:52.476087,2026-07-03T02:03:52.480004+00:00,114.2,3,ask,WavyWalnuts,Xuanyu Liu,5146624
2026-07-03T02:03:52.721537,2026-07-03T02:03:52.730758+00:00,114.3,200,bid,WavyWalnuts,YieldingYams,5146627
2026-07-03T02:03:53.592232,2026-07-03T02:03:53.603818+00:00,114.3,25,ask,YieldingYams,Alice Feng,5146639
2026-07-03T02:03:53.802990,2026-07-03T02:03:53.813290+00:00,114.3,19,ask,YieldingYams,Alice Feng,5146647
2026-07-03T02:04:00.104041,2026-07-03T02:04:00.112276+00:00,114.5,200,bid,YieldingYams,WavyWalnuts,5146730
2026-07-03T02:04:00.104041,2026-07-03T02:04:00.112276+00:00,114.6,425,bid,YieldingYams,AverageAlmonds,5146731
2026-07-03T02:04:01.215970,2026-07-03T02:04:01.219871+00:00,114.5,3,ask,WavyWalnuts,Xuanyu Liu,5146754
2026-07-03T02:04:01.415655,2026-07-03T02:04:01.426014+00:00,114.5,197,ask,WavyWalnuts,YieldingYams,5146759
2026-07-03T02:04:02.409811,2026-07-03T02:04:02.416845+00:00,114.4,200,bid,WavyWalnuts,YieldingYams,5146765
2026-07-03T02:04:04.829226,2026-07-03T02:04:04.836481+00:00,114.6,200,bid,WavyWalnuts,YieldingYams,5146800
2026-07-03T02:04:05.137654,2026-07-03T02:04:05.141613+00:00,114.6,3,bid,Xuanyu Liu,YieldingYams,5146808
2026-07-03T02:04:05.711269,2026-07-03T02:04:05.720949+00:00,114.6,22,bid,Zihao Wu,YieldingYams,5146813
2026-07-03T02:04:09.283426,2026-07-03T02:04:09.294314+00:00,114.5,200,ask,WavyWalnuts,YieldingYams,5146860
2026-07-03T02:04:15.354603,2026-07-03T02:04:15.358633+00:00,114.5,20,bid,BrilliantBurritos,WavyWalnuts,5146922
2026-07-03T02:04:16.919774,2026-07-03T02:04:16.929159+00:00,114.3,20,ask,YieldingYams,BrilliantBurritos,5146938
2026-07-03T02:04:19.340259,2026-07-03T02:04:19.358563+00:00,114.5,200,bid,WavyWalnuts,YieldingYams,5146968
2026-07-03T02:04:21.075761,2026-07-03T02:04:21.083412+00:00,114.5,500,bid,YieldingYams,AverageAlmonds,5146987
2026-07-03T02:04:21.075761,2026-07-03T02:04:21.088900+00:00,114.6,125,bid,YieldingYams,WavyWalnuts,5146988
2026-07-03T02:04:22.971861,2026-07-03T02:04:22.981441+00:00,114.5,200,bid,WavyWalnuts,AverageAlmonds,5147013
2026-07-03T02:04:24.183789,2026-07-03T02:04:24.195279+00:00,114.4,200,bid,WavyWalnuts,YieldingYams,5147027
2026-07-03T02:04:27.012559,2026-07-03T02:04:27.024104+00:00,114.4,20,bid,BrilliantBurritos,YieldingYams,5147061
2026-07-03T02:04:27.622324,2026-07-03T02:04:27.633879+00:00,114.3,200,ask,WavyWalnuts,YieldingYams,5147063
2026-07-03T02:04:27.810826,2026-07-03T02:04:27.818913+00:00,114.2,200,bid,WavyWalnuts,YieldingYams,5147067
2026-07-03T02:04:29.214652,2026-07-03T02:04:29.226155+00:00,114.2,20,ask,YieldingYams,BrilliantBurritos,5147090
2026-07-03T02:04:30.244827,2026-07-03T02:04:30.255555+00:00,114.3,200,bid,WavyWalnuts,AverageAlmonds,5147098
2026-07-03T02:04:32.032012,2026-07-03T02:04:32.039888+00:00,114.1,200,ask,WavyWalnuts,AverageAlmonds,5147131
2026-07-03T02:04:32.659349,2026-07-03T02:04:32.669512+00:00,114.1,200,bid,WavyWalnuts,AverageAlmonds,5147144
2026-07-03T02:04:34.177737,2026-07-03T02:04:34.184188+00:00,114.1,200,bid,YieldingYams,WavyWalnuts,5147165
2026-07-03T02:04:35.071306,2026-07-03T02:04:35.079452+00:00,114.1,425,ask,YieldingYams,AverageAlmonds,5147178
2026-07-03T02:04:35.487235,2026-07-03T02:04:35.496650+00:00,113.9,200,ask,WavyWalnuts,YieldingYams,5147188
2026-07-03T02:04:39.516798,2026-07-03T02:04:39.528084+00:00,113.8,20,ask,WavyWalnuts,BrilliantBurritos,5147240
2026-07-03T02:04:41.113189,2026-07-03T02:04:41.121037+00:00,113.8,500,bid,AverageAlmonds,YieldingYams,5147259
2026-07-03T02:04:41.439282,2026-07-03T02:04:41.450902+00:00,113.6,20,ask,YieldingYams,BrilliantBurritos,5147264
2026-07-03T02:04:41.707106,2026-07-03T02:04:41.718109+00:00,113.7,200,bid,AverageAlmonds,WavyWalnuts,5147266
2026-07-03T02:04:41.707106,2026-07-03T02:04:41.718109+00:00,113.8,125,bid,AverageAlmonds,YieldingYams,5147267
2026-07-03T02:04:42.065484,2026-07-03T02:04:42.069748+00:00,114.0,3,ask,YieldingYams,Xuanyu Liu,5147271
2026-07-03T02:04:42.369415,2026-07-03T02:04:42.380465+00:00,114.0,200,ask,YieldingYams,WavyWalnuts,5147277
2026-07-03T02:04:43.881029,2026-07-03T02:04:43.892591+00:00,114.0,20,bid,BrilliantBurritos,WavyWalnuts,5147302
2026-07-03T02:04:44.786021,2026-07-03T02:04:44.794883+00:00,113.9,200,bid,WavyWalnuts,YieldingYams,5147311
2026-07-03T02:04:48.594217,2026-07-03T02:04:48.602174+00:00,113.9,500,ask,AverageAlmonds,YieldingYams,5147354
2026-07-03T02:04:48.971209,2026-07-03T02:04:48.977865+00:00,113.9,125,bid,AverageAlmonds,YieldingYams,5147355
2026-07-03T02:04:50.837239,2026-07-03T02:04:50.846409+00:00,113.9,200,ask,YieldingYams,WavyWalnuts,5147368
2026-07-03T02:04:53.256836,2026-07-03T02:04:53.268703+00:00,113.9,200,ask,YieldingYams,WavyWalnuts,5147399
2026-07-03T02:04:53.804137,2026-07-03T02:04:53.807527+00:00,113.9,11,ask,YieldingYams,Xuanyu Liu,5147405
2026-07-03T02:04:54.125403,2026-07-03T02:04:54.133306+00:00,114.1,20,bid,BrilliantBurritos,YieldingYams,5147412
2026-07-03T02:04:54.467437,2026-07-03T02:04:54.475192+00:00,113.9,200,ask,YieldingYams,WavyWalnuts,5147417
2026-07-03T02:04:55.048595,2026-07-03T02:04:55.052379+00:00,114.0,12,ask,AverageAlmonds,Xuanyu Liu,5147426
2026-07-03T02:04:55.163532,2026-07-03T02:04:55.170662+00:00,114.0,488,ask,AverageAlmonds,YieldingYams,5147430
2026-07-03T02:04:55.624526,2026-07-03T02:04:55.634464+00:00,114.0,137,bid,AverageAlmonds,YieldingYams,5147432
2026-07-03T02:04:55.675998,2026-07-03T02:04:55.685782+00:00,114.0,200,ask,AverageAlmonds,WavyWalnuts,5147435
2026-07-03T02:04:56.886312,2026-07-03T02:04:56.893091+00:00,114.0,200,ask,YieldingYams,WavyWalnuts,5147460
2026-07-03T02:04:57.288220,2026-07-03T02:04:57.297947+00:00,114.2,20,bid,BrilliantBurritos,YieldingYams,5147461
2026-07-03T02:04:57.782376,2026-07-03T02:04:57.790541+00:00,114.1,500,ask,AverageAlmonds,YieldingYams,5147473
2026-07-03T02:04:58.093105,2026-07-03T02:04:58.101459+00:00,114.0,200,ask,AverageAlmonds,WavyWalnuts,5147481
2026-07-03T02:04:59.312034,2026-07-03T02:04:59.322896+00:00,114.1,200,ask,YieldingYams,WavyWalnuts,5147498
2026-07-03T02:05:00.068264,2026-07-03T02:05:00.080017+00:00,114.1,20,ask,YieldingYams,BrilliantBurritos,5147504
2026-07-03T02:05:01.749286,2026-07-03T02:05:01.758650+00:00,114.1,200,ask,AverageAlmonds,WavyWalnuts,5147533
2026-07-03T02:05:03.031317,2026-07-03T02:05:03.038683+00:00,114.1,200,bid,YieldingYams,WavyWalnuts,5147545
2026-07-03T02:05:04.171077,2026-07-03T02:05:04.179164+00:00,114.1,200,ask,YieldingYams,WavyWalnuts,5147564
2026-07-03T02:05:04.207205,2026-07-03T02:05:04.218725+00:00,114.1,20,ask,YieldingYams,BrilliantBurritos,5147566
2026-07-03T02:05:05.653587,2026-07-03T02:05:05.658575+00:00,114.1,200,ask,WavyWalnuts,YieldingYams,5147585
2026-07-03T02:05:09.562349,2026-07-03T02:05:09.569329+00:00,114.2,20,bid,BrilliantBurritos,YieldingYams,5147637
2026-07-03T02:05:09.583746,2026-07-03T02:05:09.589957+00:00,114.1,200,ask,WavyWalnuts,YieldingYams,5147640
2026-07-03T02:05:11.441536,2026-07-03T02:05:11.450127+00:00,114.0,200,ask,YieldingYams,WavyWalnuts,5147670
2026-07-03T02:05:12.650433,2026-07-03T02:05:12.658559+00:00,114.0,200,ask,YieldingYams,WavyWalnuts,5147685
2026-07-03T02:05:15.071579,2026-07-03T02:05:15.080950+00:00,113.8,200,ask,YieldingYams,WavyWalnuts,5147711
2026-07-03T02:05:17.682060,2026-07-03T02:05:17.764025+00:00,113.7,20,ask,YieldingYams,BrilliantBurritos,5147749
2026-07-03T02:05:17.868927,2026-07-03T02:05:17.872429+00:00,113.8,12,bid,Xuanyu Liu,WavyWalnuts,5147756
2026-07-03T02:05:25.482613,2026-07-03T02:05:25.494177+00:00,113.6,20,ask,AverageAlmonds,BrilliantBurritos,5147844
2026-07-03T02:05:29.608593,2026-07-03T02:05:29.617513+00:00,113.8,200,bid,WavyWalnuts,YieldingYams,5147909
2026-07-03T02:05:30.411050,2026-07-03T02:05:30.422290+00:00,113.6,20,ask,YieldingYams,BrilliantBurritos,5147920
2026-07-03T02:05:32.029801,2026-07-03T02:05:32.039415+00:00,113.7,200,ask,YieldingYams,WavyWalnuts,5147943
2026-07-03T02:05:32.731730,2026-07-03T02:05:32.742964+00:00,113.9,20,bid,BrilliantBurritos,YieldingYams,5147949
2026-07-03T02:05:35.283272,2026-07-03T02:05:35.294384+00:00,113.5,20,ask,YieldingYams,BrilliantBurritos,5147989
2026-07-03T02:05:37.169769,2026-07-03T02:05:37.179150+00:00,113.6,200,bid,YieldingYams,WavyWalnuts,5148021
2026-07-03T02:05:38.481342,2026-07-03T02:05:38.492127+00:00,113.7,200,ask,WavyWalnuts,YieldingYams,5148036
2026-07-03T02:05:40.029156,2026-07-03T02:05:40.033288+00:00,113.7,11,bid,Xuanyu Liu,WavyWalnuts,5148065
2026-07-03T02:05:41.107354,2026-07-03T02:05:41.117878+00:00,113.7,200,bid,YieldingYams,WavyWalnuts,5148083
2026-07-03T02:05:43.730515,2026-07-03T02:05:43.737330+00:00,113.7,200,bid,YieldingYams,WavyWalnuts,5148117
2026-07-03T02:05:43.751073,2026-07-03T02:05:43.754926+00:00,113.7,11,ask,YieldingYams,Xuanyu Liu,5148120
2026-07-03T02:05:44.158349,2026-07-03T02:05:44.161872+00:00,113.8,12,ask,WavyWalnuts,Xuanyu Liu,5148129
2026-07-03T02:05:45.041164,2026-07-03T02:05:45.048501+00:00,113.8,188,ask,WavyWalnuts,YieldingYams,5148139
2026-07-03T02:05:45.064317,2026-07-03T02:05:45.067823+00:00,113.7,23,bid,Xuanyu Liu,YieldingYams,5148141
2026-07-03T02:05:45.121223,2026-07-03T02:05:45.132906+00:00,113.5,45,ask,YieldingYams,Zihao Wu,5148143
2026-07-03T02:05:45.304201,2026-07-03T02:05:45.313471+00:00,113.5,20,ask,YieldingYams,BrilliantBurritos,5148148
2026-07-03T02:05:45.337492,2026-07-03T02:05:45.345503+00:00,113.7,200,bid,WavyWalnuts,YieldingYams,5148151
2026-07-03T02:05:48.975784,2026-07-03T02:05:48.985724+00:00,113.6,200,ask,YieldingYams,WavyWalnuts,5148215
2026-07-03T02:05:50.484285,2026-07-03T02:05:50.495804+00:00,113.7,20,bid,BrilliantBurritos,YieldingYams,5148243
2026-07-03T02:05:51.394949,2026-07-03T02:05:51.402833+00:00,113.7,200,bid,WavyWalnuts,YieldingYams,5148260
2026-07-03T02:05:52.603398,2026-07-03T02:05:52.612894+00:00,113.6,200,bid,WavyWalnuts,YieldingYams,5148287
2026-07-03T02:05:53.812044,2026-07-03T02:05:53.821766+00:00,113.7,200,bid,WavyWalnuts,YieldingYams,5148309
2026-07-03T02:05:56.844656,2026-07-03T02:05:56.867723+00:00,113.5,200,ask,WavyWalnuts,YieldingYams,5148365
2026-07-03T02:05:56.863962,2026-07-03T02:05:56.867723+00:00,113.4,3,bid,Xuanyu Liu,YieldingYams,5148367
2026-07-03T02:05:57.433377,2026-07-03T02:05:57.442830+00:00,113.4,200,bid,WavyWalnuts,YieldingYams,5148377
2026-07-03T02:05:58.640109,2026-07-03T02:05:58.649467+00:00,113.5,200,bid,WavyWalnuts,YieldingYams,5148385
2026-07-03T02:06:00.105465,2026-07-03T02:06:00.116842+00:00,113.5,20,ask,WavyWalnuts,BrilliantBurritos,5148408
2026-07-03T02:06:03.402481,2026-07-03T02:06:03.413188+00:00,113.6,200,bid,YieldingYams,WavyWalnuts,5148456
2026-07-03T02:06:03.402481,2026-07-03T02:06:03.413188+00:00,113.6,425,bid,YieldingYams,AverageAlmonds,5148457
2026-07-03T02:06:03.506520,2026-07-03T02:06:03.509851+00:00,113.5,3,bid,Xuanyu Liu,WavyWalnuts,5148462
2026-07-03T02:06:03.660492,2026-07-03T02:06:03.668242+00:00,113.5,25,bid,Alice Feng,WavyWalnuts,5148466
2026-07-03T02:06:03.869369,2026-07-03T02:06:03.876073+00:00,113.5,25,bid,Alice Feng,WavyWalnuts,5148475
2026-07-03T02:06:04.087003,2026-07-03T02:06:04.095474+00:00,113.5,25,bid,Alice Feng,WavyWalnuts,5148479
2026-07-03T02:06:04.297202,2026-07-03T02:06:04.308494+00:00,113.5,25,bid,Alice Feng,WavyWalnuts,5148482
2026-07-03T02:06:04.313901,2026-07-03T02:06:04.325211+00:00,113.3,1,ask,WavyWalnuts,Alice Feng,5148483
2026-07-03T02:06:05.143596,2026-07-03T02:06:05.155244+00:00,113.6,45,bid,Zihao Wu,WavyWalnuts,5148500
2026-07-03T02:06:05.378694,2026-07-03T02:06:05.382637+00:00,113.4,3,ask,WavyWalnuts,Xuanyu Liu,5148507
2026-07-03T02:06:06.028370,2026-07-03T02:06:06.039236+00:00,113.4,200,ask,WavyWalnuts,YieldingYams,5148519
2026-07-03T02:06:09.571885,2026-07-03T02:06:09.580666+00:00,113.4,200,bid,WavyWalnuts,YieldingYams,5148578
2026-07-03T02:06:10.784004,2026-07-03T02:06:10.794905+00:00,113.4,200,ask,YieldingYams,WavyWalnuts,5148601
2026-07-03T02:06:11.637403,2026-07-03T02:06:11.648507+00:00,113.3,20,bid,BrilliantBurritos,YieldingYams,5148617
2026-07-03T02:06:11.991549,2026-07-03T02:06:11.997999+00:00,113.3,200,bid,WavyWalnuts,YieldingYams,5148622
2026-07-03T02:06:12.606026,2026-07-03T02:06:12.616143+00:00,113.3,500,bid,YieldingYams,AverageAlmonds,5148632
2026-07-03T02:06:13.161472,2026-07-03T02:06:13.169641+00:00,113.3,125,ask,YieldingYams,AverageAlmonds,5148636
2026-07-03T02:06:13.199549,2026-07-03T02:06:13.208014+00:00,113.3,200,bid,WavyWalnuts,AverageAlmonds,5148638
2026-07-03T02:06:13.944037,2026-07-03T02:06:13.948312+00:00,113.0,26,bid,Xuanyu Liu,YieldingYams,5148648
2026-07-03T02:06:13.944207,2026-07-03T02:06:13.948312+00:00,113.0,25,bid,Alice Feng,YieldingYams,5148649
2026-07-03T02:06:14.154529,2026-07-03T02:06:14.155517+00:00,113.0,25,bid,Alice Feng,YieldingYams,5148656
2026-07-03T02:06:14.380720,2026-07-03T02:06:14.390598+00:00,113.0,25,bid,Alice Feng,YieldingYams,5148664
2026-07-03T02:06:14.406691,2026-07-03T02:06:14.417287+00:00,113.0,200,bid,WavyWalnuts,YieldingYams,5148666
2026-07-03T02:06:14.590546,2026-07-03T02:06:14.598438+00:00,113.0,25,bid,Alice Feng,YieldingYams,5148670
2026-07-03T02:06:14.801004,2026-07-03T02:06:14.810091+00:00,113.0,1,bid,Alice Feng,YieldingYams,5148674
2026-07-03T02:06:14.874702,2026-07-03T02:06:14.878716+00:00,112.8,12,ask,YieldingYams,Xuanyu Liu,5148679
2026-07-03T02:06:15.248163,2026-07-03T02:06:15.251959+00:00,112.9,11,ask,YieldingYams,Xuanyu Liu,5148691
2026-07-03T02:06:15.614927,2026-07-03T02:06:15.624875+00:00,113.2,200,bid,WavyWalnuts,YieldingYams,5148703
2026-07-03T02:06:16.838875,2026-07-03T02:06:16.842800+00:00,113.2,3,ask,WavyWalnuts,Xuanyu Liu,5148717
2026-07-03T02:06:18.628816,2026-07-03T02:06:18.632704+00:00,113.4,14,bid,Xuanyu Liu,AverageAlmonds,5148746
2026-07-03T02:06:19.245460,2026-07-03T02:06:19.258540+00:00,113.4,200,bid,WavyWalnuts,YieldingYams,5148766
2026-07-03T02:06:20.480100,2026-07-03T02:06:20.558737+00:00,113.5,500,bid,YieldingYams,AverageAlmonds,5148781
2026-07-03T02:06:20.480100,2026-07-03T02:06:20.558737+00:00,113.5,125,bid,YieldingYams,WavyWalnuts,5148782
2026-07-03T02:06:21.628970,2026-07-03T02:06:21.639003+00:00,113.3,200,ask,WavyWalnuts,AverageAlmonds,5148802
2026-07-03T02:06:21.659924,2026-07-03T02:06:21.668999+00:00,113.3,200,bid,WavyWalnuts,AverageAlmonds,5148804
2026-07-03T02:06:21.810930,2026-07-03T02:06:21.814811+00:00,113.2,12,bid,Xuanyu Liu,YieldingYams,5148807
2026-07-03T02:06:23.109806,2026-07-03T02:06:23.121309+00:00,113.1,200,ask,WavyWalnuts,YieldingYams,5148832
2026-07-03T02:06:23.127096,2026-07-03T02:06:23.130716+00:00,113.1,11,bid,Xuanyu Liu,YieldingYams,5148834
2026-07-03T02:06:24.089599,2026-07-03T02:06:24.100317+00:00,113.1,200,bid,WavyWalnuts,YieldingYams,5148850
2026-07-03T02:06:24.435333,2026-07-03T02:06:24.439080+00:00,113.1,11,ask,YieldingYams,Xuanyu Liu,5148857
2026-07-03T02:06:25.731978,2026-07-03T02:06:25.738893+00:00,113.2,200,bid,YieldingYams,WavyWalnuts,5148876
2026-07-03T02:06:25.749670,2026-07-03T02:06:25.753537+00:00,113.2,12,ask,YieldingYams,Xuanyu Liu,5148880
2026-07-03T02:06:27.049828,2026-07-03T02:06:27.063813+00:00,113.1,200,ask,WavyWalnuts,YieldingYams,5148895
2026-07-03T02:06:27.473576,2026-07-03T02:06:27.477569+00:00,113.1,23,bid,Xuanyu Liu,YieldingYams,5148901
2026-07-03T02:06:30.721152,2026-07-03T02:06:30.727888+00:00,113.2,200,ask,WavyWalnuts,AverageAlmonds,5148937
2026-07-03T02:06:30.977732,2026-07-03T02:06:30.986901+00:00,113.2,300,bid,YieldingYams,AverageAlmonds,5148943
2026-07-03T02:06:31.317077,2026-07-03T02:06:31.337528+00:00,113.2,325,ask,YieldingYams,AverageAlmonds,5148948
2026-07-03T02:06:31.333727,2026-07-03T02:06:31.337528+00:00,113.1,12,bid,Xuanyu Liu,AverageAlmonds,5148950
2026-07-03T02:06:31.359550,2026-07-03T02:06:31.368748+00:00,113.1,163,bid,WavyWalnuts,AverageAlmonds,5148954
2026-07-03T02:06:31.917891,2026-07-03T02:06:31.928125+00:00,113.1,37,ask,WavyWalnuts,AverageAlmonds,5148958
2026-07-03T02:06:32.570354,2026-07-03T02:06:32.581176+00:00,113.1,200,bid,WavyWalnuts,YieldingYams,5148969
2026-07-03T02:06:33.154051,2026-07-03T02:06:33.165299+00:00,112.9,20,ask,YieldingYams,BrilliantBurritos,5148975
2026-07-03T02:06:34.906748,2026-07-03T02:06:34.916726+00:00,113.0,200,ask,WavyWalnuts,YieldingYams,5149002
2026-07-03T02:06:36.880350,2026-07-03T02:06:36.891809+00:00,113.0,20,ask,YieldingYams,BrilliantBurritos,5149031
2026-07-03T02:06:37.406104,2026-07-03T02:06:37.415522+00:00,113.0,200,ask,YieldingYams,WavyWalnuts,5149039
2026-07-03T02:06:38.616600,2026-07-03T02:06:38.625323+00:00,112.9,200,ask,YieldingYams,WavyWalnuts,5149051
2026-07-03T02:06:39.828882,2026-07-03T02:06:39.838396+00:00,112.8,200,ask,YieldingYams,WavyWalnuts,5149070
2026-07-03T02:06:41.394682,2026-07-03T02:06:41.398450+00:00,112.7,12,ask,WavyWalnuts,Xuanyu Liu,5149095
2026-07-03T02:06:41.448322,2026-07-03T02:06:41.457587+00:00,112.7,188,ask,WavyWalnuts,YieldingYams,5149096
2026-07-03T02:06:41.865191,2026-07-03T02:06:41.876583+00:00,112.7,20,bid,BrilliantBurritos,YieldingYams,5149107
2026-07-03T02:06:44.034373,2026-07-03T02:06:44.045455+00:00,112.7,200,bid,AverageAlmonds,WavyWalnuts,5149135
2026-07-03T02:06:44.634873,2026-07-03T02:06:44.642572+00:00,112.8,500,bid,AverageAlmonds,YieldingYams,5149137
2026-07-03T02:06:45.230994,2026-07-03T02:06:45.239408+00:00,112.8,125,bid,AverageAlmonds,YieldingYams,5149144
2026-07-03T02:06:45.230994,2026-07-03T02:06:45.239408+00:00,112.8,200,bid,AverageAlmonds,WavyWalnuts,5149145
2026-07-03T02:06:45.274419,2026-07-03T02:06:45.278751+00:00,112.8,11,ask,AverageAlmonds,Xuanyu Liu,5149148
2026-07-03T02:06:46.678797,2026-07-03T02:06:46.685919+00:00,112.9,200,bid,YieldingYams,WavyWalnuts,5149170
2026-07-03T02:06:47.702670,2026-07-03T02:06:47.709421+00:00,113.0,20,ask,YieldingYams,BrilliantBurritos,5149181
2026-07-03T02:06:51.931030,2026-07-03T02:06:51.938820+00:00,112.9,200,bid,WavyWalnuts,YieldingYams,5149250
2026-07-03T02:06:51.944989,2026-07-03T02:06:51.948910+00:00,112.9,11,bid,Xuanyu Liu,YieldingYams,5149252
2026-07-03T02:06:52.988796,2026-07-03T02:06:52.996234+00:00,112.8,20,ask,AverageAlmonds,BrilliantBurritos,5149271
2026-07-03T02:06:53.142745,2026-07-03T02:06:53.151097+00:00,112.9,200,bid,WavyWalnuts,YieldingYams,5149273
2026-07-03T02:06:53.244248,2026-07-03T02:06:53.254735+00:00,112.8,500,ask,AverageAlmonds,YieldingYams,5149274
2026-07-03T02:06:53.701669,2026-07-03T02:06:53.712552+00:00,112.8,125,bid,AverageAlmonds,YieldingYams,5149277
2026-07-03T02:06:54.363072,2026-07-03T02:06:54.373788+00:00,112.9,200,ask,AverageAlmonds,WavyWalnuts,5149286
2026-07-03T02:06:55.574964,2026-07-03T02:06:55.585174+00:00,113.0,200,bid,WavyWalnuts,YieldingYams,5149304
2026-07-03T02:06:56.788939,2026-07-03T02:06:56.799566+00:00,113.1,200,ask,YieldingYams,WavyWalnuts,5149326
2026-07-03T02:06:57.995992,2026-07-03T02:06:58.003609+00:00,113.0,200,ask,YieldingYams,WavyWalnuts,5149343
2026-07-03T02:06:59.206021,2026-07-03T02:06:59.215048+00:00,113.1,200,ask,YieldingYams,WavyWalnuts,5149360
2026-07-03T02:07:00.511132,2026-07-03T02:07:00.522728+00:00,113.3,20,bid,BrilliantBurritos,YieldingYams,5149384
2026-07-03T02:07:04.042529,2026-07-03T02:07:04.064108+00:00,113.3,200,ask,YieldingYams,WavyWalnuts,5149429
2026-07-03T02:07:08.898254,2026-07-03T02:07:08.907068+00:00,113.3,200,bid,WavyWalnuts,YieldingYams,5149502
2026-07-03T02:07:11.681565,2026-07-03T02:07:11.688083+00:00,113.4,200,bid,YieldingYams,WavyWalnuts,5149541
2026-07-03T02:07:11.698890,2026-07-03T02:07:11.702484+00:00,113.4,11,ask,YieldingYams,Xuanyu Liu,5149543
2026-07-03T02:07:12.528574,2026-07-03T02:07:12.538018+00:00,113.4,200,ask,YieldingYams,WavyWalnuts,5149551
2026-07-03T02:07:12.708491,2026-07-03T02:07:12.719845+00:00,113.4,20,ask,YieldingYams,BrilliantBurritos,5149552
2026-07-03T02:07:14.946397,2026-07-03T02:07:14.958731+00:00,113.2,200,ask,YieldingYams,WavyWalnuts,5149585
2026-07-03T02:07:15.697479,2026-07-03T02:07:15.709080+00:00,113.2,20,ask,YieldingYams,BrilliantBurritos,5149596
2026-07-03T02:07:17.321188,2026-07-03T02:07:17.322652+00:00,113.3,200,bid,AverageAlmonds,WavyWalnuts,5149612
2026-07-03T02:07:18.580251,2026-07-03T02:07:18.590825+00:00,113.4,200,bid,WavyWalnuts,YieldingYams,5149632
2026-07-03T02:07:20.878454,2026-07-03T02:07:20.885077+00:00,113.4,200,ask,WavyWalnuts,YieldingYams,5149664
2026-07-03T02:07:21.007244,2026-07-03T02:07:21.014994+00:00,113.4,200,bid,WavyWalnuts,YieldingYams,5149667
2026-07-03T02:07:24.641529,2026-07-03T02:07:24.658804+00:00,113.3,200,ask,AverageAlmonds,WavyWalnuts,5149720
2026-07-03T02:07:24.812793,2026-07-03T02:07:24.820326+00:00,113.3,300,ask,AverageAlmonds,YieldingYams,5149724
2026-07-03T02:07:25.197906,2026-07-03T02:07:25.213545+00:00,113.3,325,bid,AverageAlmonds,YieldingYams,5149730
2026-07-03T02:07:25.851657,2026-07-03T02:07:25.858591+00:00,113.3,200,ask,AverageAlmonds,WavyWalnuts,5149741
2026-07-03T02:07:27.652433,2026-07-03T02:07:27.656166+00:00,113.4,12,ask,WavyWalnuts,Xuanyu Liu,5149769
2026-07-03T02:07:29.497145,2026-07-03T02:07:29.501036+00:00,113.4,11,ask,WavyWalnuts,Xuanyu Liu,5149794
2026-07-03T02:07:35.104543,2026-07-03T02:07:35.112191+00:00,113.4,20,ask,YieldingYams,BrilliantBurritos,5149867
2026-07-03T02:07:35.302234,2026-07-03T02:07:35.308690+00:00,113.5,200,bid,YieldingYams,WavyWalnuts,5149873
2026-07-03T02:07:37.937462,2026-07-03T02:07:37.946969+00:00,113.5,200,ask,WavyWalnuts,YieldingYams,5149904
2026-07-03T02:07:37.952295,2026-07-03T02:07:37.958557+00:00,113.4,200,bid,WavyWalnuts,YieldingYams,5149905
2026-07-03T02:07:39.165259,2026-07-03T02:07:39.174365+00:00,113.4,200,bid,WavyWalnuts,YieldingYams,5149922
2026-07-03T02:07:40.399250,2026-07-03T02:07:40.403016+00:00,113.6,11,bid,Xuanyu Liu,WavyWalnuts,5149936
2026-07-03T02:07:40.563376,2026-07-03T02:07:40.569509+00:00,113.6,189,bid,YieldingYams,WavyWalnuts,5149940
2026-07-03T02:07:43.193137,2026-07-03T02:07:43.201293+00:00,113.7,200,ask,WavyWalnuts,YieldingYams,5149981
2026-07-03T02:07:44.015145,2026-07-03T02:07:44.024410+00:00,113.7,200,bid,WavyWalnuts,YieldingYams,5149985
2026-07-03T02:07:44.502424,2026-07-03T02:07:44.504283+00:00,113.7,500,bid,YieldingYams,AverageAlmonds,5149993
2026-07-03T02:07:44.566397,2026-07-03T02:07:44.575496+00:00,113.8,125,ask,YieldingYams,AverageAlmonds,5149995
2026-07-03T02:07:44.612468,2026-07-03T02:07:44.616297+00:00,113.7,35,bid,Xuanyu Liu,AverageAlmonds,5149998
2026-07-03T02:07:46.451528,2026-07-03T02:07:46.458617+00:00,113.6,200,ask,YieldingYams,WavyWalnuts,5150028
2026-07-03T02:07:47.661746,2026-07-03T02:07:47.669369+00:00,113.5,200,ask,YieldingYams,WavyWalnuts,5150036
2026-07-03T02:07:51.075213,2026-07-03T02:07:51.083089+00:00,113.5,200,ask,WavyWalnuts,YieldingYams,5150092
2026-07-03T02:07:52.385311,2026-07-03T02:07:52.393657+00:00,113.5,200,bid,YieldingYams,WavyWalnuts,5150115
2026-07-03T02:07:52.501117,2026-07-03T02:07:52.509509+00:00,113.6,200,ask,YieldingYams,WavyWalnuts,5150117
2026-07-03T02:07:56.332817,2026-07-03T02:07:56.336651+00:00,113.5,12,ask,YieldingYams,Xuanyu Liu,5150171
2026-07-03T02:07:57.343476,2026-07-03T02:07:57.353543+00:00,113.5,200,ask,YieldingYams,WavyWalnuts,5150192
2026-07-03T02:07:58.941946,2026-07-03T02:07:58.951411+00:00,113.6,200,bid,YieldingYams,WavyWalnuts,5150205
2026-07-03T02:07:58.959528,2026-07-03T02:07:58.963119+00:00,113.6,11,ask,YieldingYams,Xuanyu Liu,5150208
2026-07-03T02:07:59.759869,2026-07-03T02:07:59.769177+00:00,113.6,200,ask,YieldingYams,WavyWalnuts,5150215
2026-07-03T02:08:02.877290,2026-07-03T02:08:02.884965+00:00,113.5,200,ask,WavyWalnuts,YieldingYams,5150258
2026-07-03T02:08:03.753490,2026-07-03T02:08:03.765226+00:00,113.4,20,ask,WavyWalnuts,BrilliantBurritos,5150270
2026-07-03T02:08:04.192148,2026-07-03T02:08:04.199857+00:00,113.4,180,ask,WavyWalnuts,YieldingYams,5150277
2026-07-03T02:08:08.208467,2026-07-03T02:08:08.217052+00:00,113.3,200,bid,WavyWalnuts,YieldingYams,5150332
2026-07-03T02:08:09.417365,2026-07-03T02:08:09.426260+00:00,113.3,200,bid,WavyWalnuts,YieldingYams,5150351
2026-07-03T02:08:09.438587,2026-07-03T02:08:09.456272+00:00,113.4,500,bid,YieldingYams,AverageAlmonds,5150353
2026-07-03T02:08:09.452585,2026-07-03T02:08:09.456272+00:00,113.4,12,ask,YieldingYams,Xuanyu Liu,5150355
2026-07-03T02:08:10.625899,2026-07-03T02:08:10.635581+00:00,113.5,200,bid,WavyWalnuts,AverageAlmonds,5150371
2026-07-03T02:08:11.919620,2026-07-03T02:08:11.923599+00:00,113.5,35,bid,Xuanyu Liu,YieldingYams,5150383
2026-07-03T02:08:12.044238,2026-07-03T02:08:12.064097+00:00,113.5,20,bid,BrilliantBurritos,YieldingYams,5150384
2026-07-03T02:08:12.061434,2026-07-03T02:08:12.069252+00:00,113.4,200,ask,WavyWalnuts,YieldingYams,5150386
2026-07-03T02:08:12.080755,2026-07-03T02:08:12.084874+00:00,113.4,11,bid,Xuanyu Liu,YieldingYams,5150388
2026-07-03T02:08:13.048162,2026-07-03T02:08:13.063720+00:00,113.4,200,bid,WavyWalnuts,YieldingYams,5150399
2026-07-03T02:08:14.684804,2026-07-03T02:08:14.693136+00:00,113.4,200,bid,YieldingYams,WavyWalnuts,5150427
2026-07-03T02:08:15.130455,2026-07-03T02:08:15.134443+00:00,113.4,11,ask,YieldingYams,Xuanyu Liu,5150431
2026-07-03T02:08:16.669477,2026-07-03T02:08:16.676734+00:00,113.4,200,ask,YieldingYams,WavyWalnuts,5150462
2026-07-03T02:08:19.101208,2026-07-03T02:08:19.105094+00:00,113.4,11,bid,Xuanyu Liu,WavyWalnuts,5150494
2026-07-03T02:08:22.721677,2026-07-03T02:08:22.732985+00:00,113.3,200,ask,YieldingYams,WavyWalnuts,5150548
2026-07-03T02:08:24.699149,2026-07-03T02:08:24.710811+00:00,113.3,20,bid,BrilliantBurritos,YieldingYams,5150573
2026-07-03T02:08:28.523177,2026-07-03T02:08:28.533704+00:00,113.3,20,ask,WavyWalnuts,BrilliantBurritos,5150622
2026-07-03T02:08:30.431061,2026-07-03T02:08:30.441765+00:00,113.3,200,ask,WavyWalnuts,YieldingYams,5150651
2026-07-03T02:08:30.937386,2026-07-03T02:08:30.940769+00:00,113.2,11,ask,AverageAlmonds,Xuanyu Liu,5150659
2026-07-03T02:08:38.144048,2026-07-03T02:08:38.158615+00:00,113.3,20,bid,BrilliantBurritos,WavyWalnuts,5150759
2026-07-03T02:08:39.607502,2026-07-03T02:08:39.653378+00:00,113.2,200,bid,YieldingYams,WavyWalnuts,5150782
2026-07-03T02:08:39.649212,2026-07-03T02:08:39.653378+00:00,113.4,23,ask,YieldingYams,Xuanyu Liu,5150784
2026-07-03T02:08:39.660702,2026-07-03T02:08:39.668643+00:00,113.4,200,ask,YieldingYams,WavyWalnuts,5150785
2026-07-03T02:08:40.867290,2026-07-03T02:08:40.875424+00:00,113.4,200,ask,YieldingYams,WavyWalnuts,5150798
2026-07-03T02:08:40.916505,2026-07-03T02:08:40.924356+00:00,113.1,500,ask,AverageAlmonds,YieldingYams,5150799
2026-07-03T02:08:40.930176,2026-07-03T02:08:40.933802+00:00,113.1,11,bid,Xuanyu Liu,YieldingYams,5150801
2026-07-03T02:08:42.072938,2026-07-03T02:08:42.079471+00:00,113.1,114,bid,WavyWalnuts,YieldingYams,5150814
2026-07-03T02:08:42.234861,2026-07-03T02:08:42.238234+00:00,113.2,11,ask,YieldingYams,Xuanyu Liu,5150822
2026-07-03T02:08:43.605014,2026-07-03T02:08:43.608875+00:00,113.1,26,ask,YieldingYams,Xuanyu Liu,5150842
2026-07-03T02:08:48.705985,2026-07-03T02:08:48.716438+00:00,113.2,500,bid,AverageAlmonds,YieldingYams,5150923
2026-07-03T02:08:48.781416,2026-07-03T02:08:48.792607+00:00,113.2,200,bid,YieldingYams,WavyWalnuts,5150926
2026-07-03T02:08:51.160449,2026-07-03T02:08:51.169605+00:00,113.3,500,bid,AverageAlmonds,YieldingYams,5150961
2026-07-03T02:08:53.004033,2026-07-03T02:08:53.011241+00:00,113.3,200,ask,YieldingYams,WavyWalnuts,5150987
2026-07-03T02:08:53.691872,2026-07-03T02:08:53.703233+00:00,113.4,25,ask,AverageAlmonds,Alice Feng,5150996
2026-07-03T02:08:53.902791,2026-07-03T02:08:53.914197+00:00,113.4,25,ask,AverageAlmonds,Alice Feng,5151002
2026-07-03T02:08:54.031432,2026-07-03T02:08:54.038305+00:00,113.4,450,ask,AverageAlmonds,YieldingYams,5151004
2026-07-03T02:08:54.143095,2026-07-03T02:08:54.151736+00:00,113.3,175,bid,AverageAlmonds,YieldingYams,5151005
2026-07-03T02:08:54.211052,2026-07-03T02:08:54.221407+00:00,113.4,200,ask,AverageAlmonds,WavyWalnuts,5151007
2026-07-03T02:08:54.312623,2026-07-03T02:08:54.324186+00:00,113.4,25,ask,AverageAlmonds,Alice Feng,5151010
2026-07-03T02:08:54.523657,2026-07-03T02:08:54.535237+00:00,113.4,25,ask,AverageAlmonds,Alice Feng,5151014
2026-07-03T02:08:54.732975,2026-07-03T02:08:54.744241+00:00,113.4,25,ask,AverageAlmonds,Alice Feng,5151025
2026-07-03T02:08:54.775501,2026-07-03T02:08:54.779392+00:00,113.6,3,ask,AverageAlmonds,Xuanyu Liu,5151028
2026-07-03T02:08:54.941428,2026-07-03T02:08:54.947912+00:00,113.6,25,ask,AverageAlmonds,Alice Feng,5151031
2026-07-03T02:08:55.152702,2026-07-03T02:08:55.160410+00:00,113.6,25,ask,AverageAlmonds,Alice Feng,5151034
2026-07-03T02:08:55.393379,2026-07-03T02:08:55.404431+00:00,113.5,2,ask,YieldingYams,Alice Feng,5151045
2026-07-03T02:08:55.417978,2026-07-03T02:08:55.427119+00:00,113.5,200,ask,YieldingYams,WavyWalnuts,5151047
2026-07-03T02:08:55.597148,2026-07-03T02:08:55.608909+00:00,113.5,9,ask,YieldingYams,Alice Feng,5151048
2026-07-03T02:08:55.816810,2026-07-03T02:08:55.828358+00:00,113.5,2,ask,YieldingYams,Alice Feng,5151054
2026-07-03T02:08:56.021831,2026-07-03T02:08:56.033047+00:00,113.5,2,ask,YieldingYams,Alice Feng,5151059
2026-07-03T02:08:56.249039,2026-07-03T02:08:56.252986+00:00,113.7,3,bid,Xuanyu Liu,YieldingYams,5151064
2026-07-03T02:08:56.625867,2026-07-03T02:08:56.632975+00:00,113.5,200,ask,YieldingYams,WavyWalnuts,5151071
2026-07-03T02:08:56.657123,2026-07-03T02:08:56.658573+00:00,113.5,500,ask,AverageAlmonds,YieldingYams,5151075
2026-07-03T02:08:56.675396,2026-07-03T02:08:56.679164+00:00,113.5,3,bid,Xuanyu Liu,YieldingYams,5151077
2026-07-03T02:08:56.852697,2026-07-03T02:08:56.853624+00:00,113.5,25,bid,Alice Feng,YieldingYams,5151080
2026-07-03T02:08:56.856738,2026-07-03T02:08:56.853624+00:00,113.3,2,ask,WavyWalnuts,Alice Feng,5151081
2026-07-03T02:08:57.182675,2026-07-03T02:08:57.191406+00:00,113.5,97,bid,AverageAlmonds,YieldingYams,5151083
2026-07-03T02:08:57.963596,2026-07-03T02:08:57.974398+00:00,113.6,200,bid,YieldingYams,WavyWalnuts,5151101
2026-07-03T02:08:59.044977,2026-07-03T02:08:59.058573+00:00,113.7,200,ask,YieldingYams,WavyWalnuts,5151125
2026-07-03T02:09:00.553551,2026-07-03T02:09:00.555897+00:00,113.6,3,ask,AverageAlmonds,Xuanyu Liu,5151153
2026-07-03T02:09:02.694984,2026-07-03T02:09:02.701477+00:00,113.6,200,ask,YieldingYams,WavyWalnuts,5151175
2026-07-03T02:09:03.208849,2026-07-03T02:09:03.220404+00:00,113.5,500,ask,AverageAlmonds,YieldingYams,5151189
2026-07-03T02:09:03.236973,2026-07-03T02:09:03.248551+00:00,113.5,125,bid,AverageAlmonds,YieldingYams,5151191
2026-07-03T02:09:04.452032,2026-07-03T02:09:04.457215+00:00,113.7,200,bid,AverageAlmonds,WavyWalnuts,5151205
2026-07-03T02:09:04.474089,2026-07-03T02:09:04.484570+00:00,113.7,25,ask,AverageAlmonds,Alice Feng,5151206
2026-07-03T02:09:04.682972,2026-07-03T02:09:04.693409+00:00,113.7,6,ask,AverageAlmonds,Alice Feng,5151208
2026-07-03T02:09:05.112880,2026-07-03T02:09:05.121316+00:00,113.7,200,ask,AverageAlmonds,WavyWalnuts,5151215
2026-07-03T02:09:05.826707,2026-07-03T02:09:05.836252+00:00,113.8,500,ask,AverageAlmonds,YieldingYams,5151231
2026-07-03T02:09:06.250567,2026-07-03T02:09:06.263602+00:00,113.8,125,bid,AverageAlmonds,YieldingYams,5151234
2026-07-03T02:09:06.323412,2026-07-03T02:09:06.333679+00:00,113.9,200,ask,AverageAlmonds,WavyWalnuts,5151237
2026-07-03T02:09:07.145896,2026-07-03T02:09:07.149570+00:00,114.1,3,ask,YieldingYams,Xuanyu Liu,5151251
2026-07-03T02:09:07.535387,2026-07-03T02:09:07.546407+00:00,114.1,200,ask,YieldingYams,WavyWalnuts,5151259
2026-07-03T02:09:09.759197,2026-07-03T02:09:09.768970+00:00,114.2,200,bid,YieldingYams,WavyWalnuts,5151284
2026-07-03T02:09:09.948581,2026-07-03T02:09:09.956853+00:00,114.2,200,ask,YieldingYams,WavyWalnuts,5151288
2026-07-03T02:09:10.949449,2026-07-03T02:09:10.958617+00:00,114.4,20,bid,BrilliantBurritos,YieldingYams,5151299
2026-07-03T02:09:13.691826,2026-07-03T02:09:13.698631+00:00,113.9,200,ask,WavyWalnuts,YieldingYams,5151340
2026-07-03T02:09:15.182309,2026-07-03T02:09:15.186139+00:00,114.0,3,bid,Xuanyu Liu,WavyWalnuts,5151355
2026-07-03T02:09:18.417437,2026-07-03T02:09:18.426879+00:00,113.9,200,ask,YieldingYams,WavyWalnuts,5151399
2026-07-03T02:09:21.554095,2026-07-03T02:09:21.558570+00:00,114.0,200,bid,YieldingYams,WavyWalnuts,5151437
2026-07-03T02:09:22.868125,2026-07-03T02:09:22.875188+00:00,114.2,200,bid,YieldingYams,WavyWalnuts,5151456
2026-07-03T02:09:23.253414,2026-07-03T02:09:23.258560+00:00,114.2,200,ask,YieldingYams,WavyWalnuts,5151460
2026-07-03T02:09:25.675503,2026-07-03T02:09:25.685791+00:00,114.2,200,ask,YieldingYams,WavyWalnuts,5151490
2026-07-03T02:09:26.823062,2026-07-03T02:09:26.826889+00:00,114.1,14,bid,Xuanyu Liu,YieldingYams,5151509
2026-07-03T02:09:26.881679,2026-07-03T02:09:26.890407+00:00,114.1,200,bid,WavyWalnuts,YieldingYams,5151511
2026-07-03T02:09:26.984039,2026-07-03T02:09:26.990887+00:00,114.1,25,bid,Alice Feng,YieldingYams,5151514
2026-07-03T02:09:27.192899,2026-07-03T02:09:27.201288+00:00,114.1,25,bid,Alice Feng,YieldingYams,5151517
2026-07-03T02:09:27.402136,2026-07-03T02:09:27.409878+00:00,114.1,25,bid,Alice Feng,YieldingYams,5151520
2026-07-03T02:09:27.610804,2026-07-03T02:09:27.618442+00:00,114.1,25,bid,Alice Feng,YieldingYams,5151527
2026-07-03T02:09:27.878468,2026-07-03T02:09:27.882407+00:00,114.0,14,ask,AverageAlmonds,Xuanyu Liu,5151535
2026-07-03T02:09:28.216018,2026-07-03T02:09:28.224029+00:00,114.1,25,ask,YieldingYams,Alice Feng,5151542
2026-07-03T02:09:28.425739,2026-07-03T02:09:28.437393+00:00,114.1,25,ask,YieldingYams,Alice Feng,5151548
2026-07-03T02:09:28.635297,2026-07-03T02:09:28.646630+00:00,114.1,25,ask,YieldingYams,Alice Feng,5151550
2026-07-03T02:09:28.844693,2026-07-03T02:09:28.854351+00:00,114.1,25,ask,YieldingYams,Alice Feng,5151558
2026-07-03T02:09:28.852802,2026-07-03T02:09:28.854351+00:00,114.2,2,bid,Alice Feng,WavyWalnuts,5151560
2026-07-03T02:09:29.057590,2026-07-03T02:09:29.068919+00:00,114.2,2,bid,Alice Feng,WavyWalnuts,5151563
2026-07-03T02:09:29.272645,2026-07-03T02:09:29.285256+00:00,114.2,2,bid,Alice Feng,WavyWalnuts,5151567
2026-07-03T02:09:29.477067,2026-07-03T02:09:29.488606+00:00,114.2,2,bid,Alice Feng,WavyWalnuts,5151571
2026-07-03T02:09:29.682550,2026-07-03T02:09:29.693967+00:00,114.2,1,bid,Alice Feng,WavyWalnuts,5151572
2026-07-03T02:09:34.149839,2026-07-03T02:09:34.155446+00:00,114.2,200,ask,YieldingYams,WavyWalnuts,5151637
2026-07-03T02:09:35.355397,2026-07-03T02:09:35.358605+00:00,114.1,200,bid,WavyWalnuts,YieldingYams,5151648
2026-07-03T02:09:35.985813,2026-07-03T02:09:35.993013+00:00,114.0,500,ask,AverageAlmonds,YieldingYams,5151656
2026-07-03T02:09:36.507626,2026-07-03T02:09:36.515465+00:00,114.0,125,bid,AverageAlmonds,YieldingYams,5151666
2026-07-03T02:09:37.290843,2026-07-03T02:09:37.299490+00:00,114.2,200,bid,YieldingYams,WavyWalnuts,5151683
2026-07-03T02:09:37.502616,2026-07-03T02:09:37.513931+00:00,114.2,9,ask,YieldingYams,Alice Feng,5151687
2026-07-03T02:09:38.954025,2026-07-03T02:09:38.969054+00:00,114.3,500,bid,AverageAlmonds,YieldingYams,5151713
2026-07-03T02:09:39.550387,2026-07-03T02:09:39.560132+00:00,114.2,200,bid,AverageAlmonds,WavyWalnuts,5151717
2026-07-03T02:09:39.926798,2026-07-03T02:09:39.931102+00:00,114.4,3,ask,YieldingYams,Xuanyu Liu,5151728
2026-07-03T02:09:40.472418,2026-07-03T02:09:40.475860+00:00,114.5,3,bid,Xuanyu Liu,WavyWalnuts,5151737
2026-07-03T02:09:43.827367,2026-07-03T02:09:43.835047+00:00,114.4,200,bid,WavyWalnuts,YieldingYams,5151788
2026-07-03T02:09:46.245899,2026-07-03T02:09:46.254628+00:00,114.4,200,bid,WavyWalnuts,YieldingYams,5151820
2026-07-03T02:09:49.086992,2026-07-03T02:09:49.096046+00:00,114.5,200,bid,YieldingYams,WavyWalnuts,5151866
2026-07-03T02:09:50.399611,2026-07-03T02:09:50.409848+00:00,114.6,200,bid,YieldingYams,WavyWalnuts,5151883
2026-07-03T02:09:51.709769,2026-07-03T02:09:51.717476+00:00,114.6,200,ask,WavyWalnuts,YieldingYams,5151903
2026-07-03T02:09:53.019892,2026-07-03T02:09:53.030525+00:00,114.6,200,bid,YieldingYams,WavyWalnuts,5151916
2026-07-03T02:09:54.738150,2026-07-03T02:09:54.745102+00:00,114.7,200,ask,YieldingYams,WavyWalnuts,5151945
2026-07-03T02:09:58.262304,2026-07-03T02:09:58.268667+00:00,114.6,200,ask,WavyWalnuts,YieldingYams,5151981
2026-07-03T02:09:58.262304,2026-07-03T02:09:58.274135+00:00,114.5,425,ask,AverageAlmonds,YieldingYams,5151982
2026-07-03T02:10:02.204082,2026-07-03T02:10:02.214449+00:00,114.6,200,ask,WavyWalnuts,YieldingYams,5152028
2026-07-03T02:10:03.214293,2026-07-03T02:10:03.223052+00:00,114.6,200,bid,WavyWalnuts,YieldingYams,5152044
2026-07-03T02:10:04.428742,2026-07-03T02:10:04.439068+00:00,114.7,200,bid,WavyWalnuts,YieldingYams,5152063
2026-07-03T02:10:05.643373,2026-07-03T02:10:05.650375+00:00,114.8,200,bid,WavyWalnuts,YieldingYams,5152087
2026-07-03T02:10:07.440945,2026-07-03T02:10:07.447992+00:00,114.7,200,ask,WavyWalnuts,YieldingYams,5152113
2026-07-03T02:10:09.274237,2026-07-03T02:10:09.284451+00:00,114.8,200,bid,WavyWalnuts,AverageAlmonds,5152132
2026-07-03T02:10:09.895901,2026-07-03T02:10:09.907325+00:00,114.8,20,bid,BrilliantBurritos,AverageAlmonds,5152144
2026-07-03T02:10:10.064006,2026-07-03T02:10:10.070578+00:00,114.8,480,bid,YieldingYams,AverageAlmonds,5152148
2026-07-03T02:10:10.434527,2026-07-03T02:10:10.444531+00:00,114.8,145,ask,YieldingYams,AverageAlmonds,5152156
2026-07-03T02:10:12.697118,2026-07-03T02:10:12.704565+00:00,114.8,200,bid,WavyWalnuts,AverageAlmonds,5152188
2026-07-03T02:10:12.697118,2026-07-03T02:10:12.710073+00:00,114.8,425,bid,YieldingYams,AverageAlmonds,5152189
2026-07-03T02:10:12.904577,2026-07-03T02:10:12.915753+00:00,114.8,200,bid,YieldingYams,WavyWalnuts,5152191
2026-07-03T02:10:14.115196,2026-07-03T02:10:14.122124+00:00,114.7,200,bid,WavyWalnuts,YieldingYams,5152210
2026-07-03T02:10:15.304723,2026-07-03T02:10:15.308545+00:00,114.5,14,ask,YieldingYams,Xuanyu Liu,5152236
2026-07-03T02:10:15.328679,2026-07-03T02:10:15.339791+00:00,114.6,200,bid,WavyWalnuts,YieldingYams,5152239
2026-07-03T02:10:16.539177,2026-07-03T02:10:16.569575+00:00,114.6,200,bid,WavyWalnuts,YieldingYams,5152252
2026-07-03T02:10:16.639224,2026-07-03T02:10:16.642772+00:00,114.6,12,ask,YieldingYams,Xuanyu Liu,5152255
2026-07-03T02:10:25.024146,2026-07-03T02:10:25.027967+00:00,114.5,11,ask,WavyWalnuts,Xuanyu Liu,5152362
2026-07-03T02:10:27.738256,2026-07-03T02:10:27.749936+00:00,114.5,20,ask,YieldingYams,BrilliantBurritos,5152406
2026-07-03T02:10:28.643642,2026-07-03T02:10:28.654735+00:00,114.6,200,ask,YieldingYams,WavyWalnuts,5152417
2026-07-03T02:10:29.854116,2026-07-03T02:10:29.864007+00:00,114.6,200,ask,AverageAlmonds,WavyWalnuts,5152434
2026-07-03T02:10:32.270605,2026-07-03T02:10:32.279602+00:00,114.7,200,ask,AverageAlmonds,WavyWalnuts,5152469
2026-07-03T02:10:33.476882,2026-07-03T02:10:33.486856+00:00,114.8,200,ask,YieldingYams,WavyWalnuts,5152485
2026-07-03T02:10:34.702275,2026-07-03T02:10:34.705577+00:00,114.9,11,bid,Xuanyu Liu,WavyWalnuts,5152504
2026-07-03T02:10:34.977561,2026-07-03T02:10:34.987164+00:00,114.9,189,bid,YieldingYams,WavyWalnuts,5152508
2026-07-03T02:10:37.103957,2026-07-03T02:10:37.119770+00:00,115.1,200,bid,WavyWalnuts,YieldingYams,5152535
2026-07-03T02:10:37.401531,2026-07-03T02:10:37.405368+00:00,115.1,12,bid,Xuanyu Liu,YieldingYams,5152540
2026-07-03T02:10:39.520767,2026-07-03T02:10:39.527112+00:00,115.0,200,ask,YieldingYams,WavyWalnuts,5152578
2026-07-03T02:10:40.726287,2026-07-03T02:10:40.733824+00:00,115.0,200,bid,WavyWalnuts,AverageAlmonds,5152600
2026-07-03T02:10:43.115136,2026-07-03T02:10:43.124296+00:00,114.9,500,ask,YieldingYams,AverageAlmonds,5152637
2026-07-03T02:10:43.141279,2026-07-03T02:10:43.150168+00:00,114.9,125,ask,YieldingYams,WavyWalnuts,5152639
2026-07-03T02:10:44.180502,2026-07-03T02:10:44.184506+00:00,114.8,11,bid,Xuanyu Liu,YieldingYams,5152654
2026-07-03T02:10:45.156594,2026-07-03T02:10:45.167902+00:00,114.7,20,ask,WavyWalnuts,BrilliantBurritos,5152676
2026-07-03T02:10:46.041072,2026-07-03T02:10:46.047427+00:00,114.6,20,ask,WavyWalnuts,BrilliantBurritos,5152682
2026-07-03T02:10:48.803098,2026-07-03T02:10:48.814780+00:00,114.7,20,ask,YieldingYams,BrilliantBurritos,5152726
2026-07-03T02:10:51.654553,2026-07-03T02:10:51.658608+00:00,114.8,200,bid,WavyWalnuts,YieldingYams,5152765
2026-07-03T02:10:56.465604,2026-07-03T02:10:56.474634+00:00,114.8,200,ask,WavyWalnuts,AverageAlmonds,5152827
2026-07-03T02:10:56.465604,2026-07-03T02:10:56.474634+00:00,114.8,300,ask,YieldingYams,AverageAlmonds,5152828
2026-07-03T02:10:56.495796,2026-07-03T02:10:56.500311+00:00,114.8,11,ask,YieldingYams,Xuanyu Liu,5152831
2026-07-03T02:10:57.312253,2026-07-03T02:10:57.327267+00:00,114.8,200,ask,WavyWalnuts,YieldingYams,5152843
2026-07-03T02:10:59.652176,2026-07-03T02:10:59.656172+00:00,114.6,12,ask,YieldingYams,Xuanyu Liu,5152879
2026-07-03T02:11:01.250684,2026-07-03T02:11:01.301725+00:00,114.7,200,bid,YieldingYams,WavyWalnuts,5152913
2026-07-03T02:11:01.297381,2026-07-03T02:11:01.301725+00:00,114.7,11,ask,YieldingYams,Xuanyu Liu,5152916
2026-07-03T02:11:03.539718,2026-07-03T02:11:03.551414+00:00,114.6,20,ask,WavyWalnuts,BrilliantBurritos,5152941
2026-07-03T02:11:06.384842,2026-07-03T02:11:06.396461+00:00,114.7,20,bid,BrilliantBurritos,YieldingYams,5152983
2026-07-03T02:11:11.006351,2026-07-03T02:11:11.013979+00:00,114.4,200,bid,WavyWalnuts,YieldingYams,5153063
2026-07-03T02:11:12.212914,2026-07-03T02:11:12.223181+00:00,114.4,200,bid,WavyWalnuts,YieldingYams,5153077
2026-07-03T02:11:13.419553,2026-07-03T02:11:13.426045+00:00,114.4,200,bid,WavyWalnuts,YieldingYams,5153095
2026-07-03T02:11:15.476099,2026-07-03T02:11:15.479920+00:00,114.4,37,bid,Xuanyu Liu,YieldingYams,5153123
2026-07-03T02:11:19.473618,2026-07-03T02:11:19.480205+00:00,114.5,200,ask,YieldingYams,WavyWalnuts,5153172
2026-07-03T02:11:20.697743,2026-07-03T02:11:20.707295+00:00,114.4,200,ask,YieldingYams,WavyWalnuts,5153200
2026-07-03T02:11:24.864231,2026-07-03T02:11:24.874000+00:00,114.5,200,bid,YieldingYams,WavyWalnuts,5153248
2026-07-03T02:11:24.922955,2026-07-03T02:11:24.940491+00:00,114.7,20,bid,BrilliantBurritos,YieldingYams,5153251
2026-07-03T02:11:26.742313,2026-07-03T02:11:26.749128+00:00,114.5,200,bid,WavyWalnuts,YieldingYams,5153277
2026-07-03T02:11:29.164298,2026-07-03T02:11:29.175338+00:00,114.5,200,bid,WavyWalnuts,YieldingYams,5153317
2026-07-03T02:11:30.374192,2026-07-03T02:11:30.380986+00:00,114.5,200,ask,YieldingYams,WavyWalnuts,5153335
2026-07-03T02:11:30.388733,2026-07-03T02:11:30.400004+00:00,114.7,20,bid,BrilliantBurritos,YieldingYams,5153336
2026-07-03T02:11:32.193420,2026-07-03T02:11:32.202944+00:00,114.4,20,ask,YieldingYams,BrilliantBurritos,5153361
2026-07-03T02:11:34.050858,2026-07-03T02:11:34.063960+00:00,114.6,200,bid,YieldingYams,WavyWalnuts,5153390
2026-07-03T02:11:37.104012,2026-07-03T02:11:37.115536+00:00,114.8,20,bid,BrilliantBurritos,YieldingYams,5153427
2026-07-03T02:11:37.670600,2026-07-03T02:11:37.679866+00:00,114.8,200,bid,WavyWalnuts,YieldingYams,5153432
2026-07-03T02:11:38.881796,2026-07-03T02:11:38.889801+00:00,114.8,200,ask,YieldingYams,WavyWalnuts,5153445
2026-07-03T02:11:39.322107,2026-07-03T02:11:39.325805+00:00,114.9,3,bid,Xuanyu Liu,YieldingYams,5153451
2026-07-03T02:11:39.406590,2026-07-03T02:11:39.416172+00:00,114.9,25,bid,Alice Feng,YieldingYams,5153453
2026-07-03T02:11:39.614960,2026-07-03T02:11:39.622487+00:00,114.9,25,bid,Alice Feng,YieldingYams,5153460
2026-07-03T02:11:39.824243,2026-07-03T02:11:39.830604+00:00,114.9,25,bid,Alice Feng,YieldingYams,5153462
2026-07-03T02:11:40.064040,2026-07-03T02:11:40.074244+00:00,114.9,25,bid,Alice Feng,YieldingYams,5153465
2026-07-03T02:11:40.069991,2026-07-03T02:11:40.079265+00:00,114.7,2,ask,YieldingYams,Alice Feng,5153466
2026-07-03T02:11:40.275085,2026-07-03T02:11:40.286492+00:00,114.7,1,ask,YieldingYams,Alice Feng,5153469
2026-07-03T02:11:40.616607,2026-07-03T02:11:40.624951+00:00,114.8,200,bid,YieldingYams,WavyWalnuts,5153474
2026-07-03T02:11:41.299546,2026-07-03T02:11:41.310879+00:00,114.8,200,ask,YieldingYams,WavyWalnuts,5153481
2026-07-03T02:11:41.935790,2026-07-03T02:11:41.942202+00:00,114.5,200,ask,WavyWalnuts,YieldingYams,5153489
2026-07-03T02:11:41.952527,2026-07-03T02:11:41.956124+00:00,114.5,11,bid,Xuanyu Liu,YieldingYams,5153492
2026-07-03T02:11:42.087353,2026-07-03T02:11:42.094081+00:00,114.5,25,bid,Alice Feng,YieldingYams,5153494
2026-07-03T02:11:42.298048,2026-07-03T02:11:42.305516+00:00,114.5,25,bid,Alice Feng,YieldingYams,5153500
2026-07-03T02:11:42.507880,2026-07-03T02:11:42.515074+00:00,114.5,200,bid,WavyWalnuts,YieldingYams,5153507
2026-07-03T02:11:42.513474,2026-07-03T02:11:42.520544+00:00,114.5,25,bid,Alice Feng,YieldingYams,5153508
2026-07-03T02:11:43.050226,2026-07-03T02:11:43.052551+00:00,114.5,139,bid,AverageAlmonds,YieldingYams,5153513
2026-07-03T02:11:43.954411,2026-07-03T02:11:43.965975+00:00,114.8,20,bid,BrilliantBurritos,YieldingYams,5153522
2026-07-03T02:11:45.036461,2026-07-03T02:11:45.040863+00:00,114.6,11,ask,YieldingYams,Xuanyu Liu,5153538
2026-07-03T02:11:46.191108,2026-07-03T02:11:46.202588+00:00,114.6,20,ask,YieldingYams,BrilliantBurritos,5153558
2026-07-03T02:11:47.177037,2026-07-03T02:11:47.188703+00:00,114.6,200,ask,WavyWalnuts,YieldingYams,5153572
2026-07-03T02:11:48.558742,2026-07-03T02:11:48.568922+00:00,114.6,200,bid,WavyWalnuts,YieldingYams,5153594
2026-07-03T02:11:49.768254,2026-07-03T02:11:49.776350+00:00,114.6,200,bid,WavyWalnuts,YieldingYams,5153624
2026-07-03T02:11:49.815106,2026-07-03T02:11:49.818425+00:00,114.6,3,ask,YieldingYams,Xuanyu Liu,5153627
2026-07-03T02:11:50.331727,2026-07-03T02:11:50.345065+00:00,114.6,25,ask,YieldingYams,Alice Feng,5153630
2026-07-03T02:11:50.540055,2026-07-03T02:11:50.551742+00:00,114.6,25,ask,YieldingYams,Alice Feng,5153636
2026-07-03T02:11:50.749242,2026-07-03T02:11:50.758636+00:00,114.6,25,ask,YieldingYams,Alice Feng,5153638
2026-07-03T02:11:50.960322,2026-07-03T02:11:50.970056+00:00,114.6,25,ask,YieldingYams,Alice Feng,5153641
2026-07-03T02:11:50.979289,2026-07-03T02:11:50.991594+00:00,114.6,200,ask,YieldingYams,WavyWalnuts,5153644
2026-07-03T02:11:51.173050,2026-07-03T02:11:51.184745+00:00,114.5,25,ask,YieldingYams,Alice Feng,5153651
2026-07-03T02:11:51.386406,2026-07-03T02:11:51.398089+00:00,114.5,25,ask,YieldingYams,Alice Feng,5153656
2026-07-03T02:11:52.577345,2026-07-03T02:11:52.588873+00:00,114.7,20,bid,BrilliantBurritos,WavyWalnuts,5153676
2026-07-03T02:11:53.800555,2026-07-03T02:11:53.811765+00:00,114.7,22,ask,YieldingYams,Alice Feng,5153695
2026-07-03T02:11:57.034521,2026-07-03T02:11:57.042158+00:00,114.7,200,bid,WavyWalnuts,YieldingYams,5153745
2026-07-03T02:11:58.086590,2026-07-03T02:11:58.098250+00:00,114.9,20,bid,BrilliantBurritos,WavyWalnuts,5153761
2026-07-03T02:11:59.455396,2026-07-03T02:11:59.458614+00:00,114.7,200,bid,WavyWalnuts,YieldingYams,5153777
2026-07-03T02:12:02.932615,2026-07-03T02:12:02.939350+00:00,114.7,200,ask,WavyWalnuts,YieldingYams,5153827
2026-07-03T02:12:03.095853,2026-07-03T02:12:03.104656+00:00,114.7,200,bid,WavyWalnuts,YieldingYams,5153828
2026-07-03T02:12:05.576785,2026-07-03T02:12:05.584984+00:00,114.9,200,bid,YieldingYams,WavyWalnuts,5153861
2026-07-03T02:12:05.576785,2026-07-03T02:12:05.584984+00:00,115.0,425,bid,YieldingYams,AverageAlmonds,5153862
2026-07-03T02:12:06.888315,2026-07-03T02:12:06.898336+00:00,114.8,200,ask,WavyWalnuts,YieldingYams,5153890
2026-07-03T02:12:08.197591,2026-07-03T02:12:08.205196+00:00,114.9,200,bid,YieldingYams,WavyWalnuts,5153909
2026-07-03T02:12:08.216638,2026-07-03T02:12:08.220760+00:00,114.9,3,ask,YieldingYams,Xuanyu Liu,5153911
2026-07-03T02:12:09.134644,2026-07-03T02:12:09.146133+00:00,114.9,200,ask,YieldingYams,WavyWalnuts,5153931
2026-07-03T02:12:09.508753,2026-07-03T02:12:09.519544+00:00,114.7,200,ask,WavyWalnuts,YieldingYams,5153935
2026-07-03T02:12:10.338365,2026-07-03T02:12:10.349859+00:00,114.7,200,bid,WavyWalnuts,YieldingYams,5153951
2026-07-03T02:12:11.563785,2026-07-03T02:12:11.567332+00:00,114.9,11,ask,WavyWalnuts,Xuanyu Liu,5153977
2026-07-03T02:12:12.126412,2026-07-03T02:12:12.136743+00:00,114.9,189,ask,WavyWalnuts,YieldingYams,5153983
2026-07-03T02:12:13.962164,2026-07-03T02:12:13.968922+00:00,114.9,200,bid,WavyWalnuts,YieldingYams,5154018
2026-07-03T02:12:15.169738,2026-07-03T02:12:15.180438+00:00,115.1,200,bid,WavyWalnuts,YieldingYams,5154037
2026-07-03T02:12:15.572166,2026-07-03T02:12:15.576452+00:00,115.1,11,bid,Xuanyu Liu,YieldingYams,5154044
2026-07-03T02:12:21.297423,2026-07-03T02:12:21.304037+00:00,114.9,500,ask,AverageAlmonds,YieldingYams,5154134
2026-07-03T02:12:21.315509,2026-07-03T02:12:21.319131+00:00,114.9,3,bid,Xuanyu Liu,YieldingYams,5154137
2026-07-03T02:12:21.799161,2026-07-03T02:12:21.807781+00:00,114.9,122,bid,AverageAlmonds,YieldingYams,5154144
2026-07-03T02:12:22.603514,2026-07-03T02:12:22.622412+00:00,115.2,200,bid,YieldingYams,WavyWalnuts,5154149
2026-07-03T02:12:22.618792,2026-07-03T02:12:22.622412+00:00,115.2,26,ask,YieldingYams,Xuanyu Liu,5154151
2026-07-03T02:12:26.547907,2026-07-03T02:12:26.551869+00:00,115.2,12,bid,Xuanyu Liu,YieldingYams,5154237
2026-07-03T02:12:27.873931,2026-07-03T02:12:27.877633+00:00,115.1,11,bid,Xuanyu Liu,YieldingYams,5154252
2026-07-03T02:12:29.601465,2026-07-03T02:12:29.613056+00:00,115.0,20,bid,BrilliantBurritos,YieldingYams,5154271
2026-07-03T02:12:29.702865,2026-07-03T02:12:29.710699+00:00,115.0,200,bid,WavyWalnuts,YieldingYams,5154273
2026-07-03T02:12:30.812361,2026-07-03T02:12:30.823985+00:00,115.1,20,bid,BrilliantBurritos,YieldingYams,5154282
2026-07-03T02:12:30.911687,2026-07-03T02:12:30.921727+00:00,114.9,200,ask,YieldingYams,WavyWalnuts,5154288
2026-07-03T02:12:33.339249,2026-07-03T02:12:33.350250+00:00,114.9,200,bid,WavyWalnuts,YieldingYams,5154313
2026-07-03T02:12:34.383236,2026-07-03T02:12:34.402268+00:00,115.1,200,bid,YieldingYams,WavyWalnuts,5154331
2026-07-03T02:12:34.398557,2026-07-03T02:12:34.402268+00:00,115.1,23,ask,YieldingYams,Xuanyu Liu,5154333
2026-07-03T02:12:35.763107,2026-07-03T02:12:35.774600+00:00,115.1,200,bid,WavyWalnuts,YieldingYams,5154362
2026-07-03T02:12:36.232057,2026-07-03T02:12:36.243431+00:00,114.9,20,ask,YieldingYams,BrilliantBurritos,5154365
2026-07-03T02:12:38.897673,2026-07-03T02:12:38.906685+00:00,115.0,20,ask,WavyWalnuts,BrilliantBurritos,5154417
2026-07-03T02:12:41.833822,2026-07-03T02:12:41.840248+00:00,115.0,200,bid,WavyWalnuts,YieldingYams,5154464
2026-07-03T02:12:41.926219,2026-07-03T02:12:41.936626+00:00,115.0,20,bid,BrilliantBurritos,YieldingYams,5154466
2026-07-03T02:12:43.540877,2026-07-03T02:12:43.547472+00:00,115.0,200,ask,WavyWalnuts,YieldingYams,5154492
2026-07-03T02:12:46.159720,2026-07-03T02:12:46.169654+00:00,114.9,200,ask,WavyWalnuts,YieldingYams,5154541
2026-07-03T02:12:50.091229,2026-07-03T02:12:50.098557+00:00,114.9,200,bid,YieldingYams,WavyWalnuts,5154587
2026-07-03T02:12:50.341690,2026-07-03T02:12:50.345685+00:00,114.9,11,ask,YieldingYams,Xuanyu Liu,5154592
2026-07-03T02:12:51.503401,2026-07-03T02:12:51.512509+00:00,114.9,200,ask,YieldingYams,WavyWalnuts,5154609
2026-07-03T02:12:53.297525,2026-07-03T02:12:53.305680+00:00,115.1,20,bid,BrilliantBurritos,WavyWalnuts,5154635
2026-07-03T02:12:58.195699,2026-07-03T02:12:58.202571+00:00,115.2,20,bid,BrilliantBurritos,WavyWalnuts,5154708
2026-07-03T02:12:59.983742,2026-07-03T02:12:59.993120+00:00,115.2,200,ask,YieldingYams,WavyWalnuts,5154741
2026-07-03T02:13:00.742623,2026-07-03T02:13:00.754136+00:00,115.1,20,ask,YieldingYams,BrilliantBurritos,5154758
2026-07-03T02:13:02.399383,2026-07-03T02:13:02.408493+00:00,115.2,200,bid,WavyWalnuts,YieldingYams,5154782
2026-07-03T02:13:02.829161,2026-07-03T02:13:02.840554+00:00,115.0,20,ask,YieldingYams,BrilliantBurritos,5154788
2026-07-03T02:13:05.288373,2026-07-03T02:13:05.295295+00:00,115.3,20,bid,BrilliantBurritos,YieldingYams,5154830
2026-07-03T02:13:05.824859,2026-07-03T02:13:05.828559+00:00,115.2,12,ask,YieldingYams,Xuanyu Liu,5154838
2026-07-03T02:13:07.118365,2026-07-03T02:13:07.125386+00:00,115.3,200,bid,YieldingYams,WavyWalnuts,5154858
2026-07-03T02:13:11.044905,2026-07-03T02:13:11.046170+00:00,115.2,200,bid,YieldingYams,WavyWalnuts,5154919
2026-07-03T02:13:13.663693,2026-07-03T02:13:13.674826+00:00,115.3,200,ask,WavyWalnuts,YieldingYams,5154962
2026-07-03T02:13:13.680569,2026-07-03T02:13:13.684379+00:00,115.3,12,bid,Xuanyu Liu,YieldingYams,5154964
2026-07-03T02:13:15.706903,2026-07-03T02:13:15.710909+00:00,115.3,11,bid,Xuanyu Liu,AverageAlmonds,5154988
2026-07-03T02:13:17.536629,2026-07-03T02:13:17.541433+00:00,115.2,12,bid,Xuanyu Liu,AverageAlmonds,5155014
2026-07-03T02:13:18.120550,2026-07-03T02:13:18.133514+00:00,115.1,20,ask,WavyWalnuts,BrilliantBurritos,5155019
2026-07-03T02:13:21.564030,2026-07-03T02:13:21.584515+00:00,115.1,200,ask,WavyWalnuts,YieldingYams,5155070
2026-07-03T02:13:21.580338,2026-07-03T02:13:21.584515+00:00,115.1,11,bid,Xuanyu Liu,YieldingYams,5155072
2026-07-03T02:13:22.126656,2026-07-03T02:13:22.135928+00:00,114.9,20,ask,YieldingYams,BrilliantBurritos,5155077
2026-07-03T02:13:22.887269,2026-07-03T02:13:22.891214+00:00,115.0,3,bid,Xuanyu Liu,YieldingYams,5155091
2026-07-03T02:13:24.298848,2026-07-03T02:13:24.307800+00:00,115.0,20,bid,BrilliantBurritos,YieldingYams,5155112
2026-07-03T02:13:25.492616,2026-07-03T02:13:25.503370+00:00,114.9,200,ask,WavyWalnuts,YieldingYams,5155123
2026-07-03T02:13:29.054598,2026-07-03T02:13:29.058577+00:00,114.9,200,bid,WavyWalnuts,YieldingYams,5155176
2026-07-03T02:13:30.267857,2026-07-03T02:13:30.274300+00:00,114.9,200,ask,AverageAlmonds,WavyWalnuts,5155192
2026-07-03T02:13:31.475790,2026-07-03T02:13:31.487199+00:00,115.0,200,ask,YieldingYams,WavyWalnuts,5155217
2026-07-03T02:13:32.686207,2026-07-03T02:13:32.697295+00:00,115.1,200,ask,YieldingYams,WavyWalnuts,5155240
2026-07-03T02:13:33.892905,2026-07-03T02:13:33.899798+00:00,115.1,200,ask,YieldingYams,WavyWalnuts,5155258
2026-07-03T02:13:35.074782,2026-07-03T02:13:35.084635+00:00,115.0,20,ask,YieldingYams,BrilliantBurritos,5155278
2026-07-03T02:13:35.100127,2026-07-03T02:13:35.110530+00:00,115.0,200,ask,YieldingYams,WavyWalnuts,5155281
2026-07-03T02:13:37.904419,2026-07-03T02:13:37.915880+00:00,114.8,20,ask,AverageAlmonds,BrilliantBurritos,5155311
2026-07-03T02:13:38.071999,2026-07-03T02:13:38.079047+00:00,114.9,500,bid,AverageAlmonds,YieldingYams,5155317
2026-07-03T02:13:38.582995,2026-07-03T02:13:38.590509+00:00,115.0,200,bid,YieldingYams,WavyWalnuts,5155325
2026-07-03T02:13:39.927939,2026-07-03T02:13:39.936363+00:00,115.0,200,ask,WavyWalnuts,YieldingYams,5155349
2026-07-03T02:13:39.936974,2026-07-03T02:13:39.947063+00:00,114.9,200,bid,WavyWalnuts,YieldingYams,5155350
2026-07-03T02:13:43.854682,2026-07-03T02:13:43.858602+00:00,115.0,200,ask,WavyWalnuts,YieldingYams,5155404
2026-07-03T02:13:44.119399,2026-07-03T02:13:44.129112+00:00,115.0,425,bid,AverageAlmonds,YieldingYams,5155408
2026-07-03T02:13:48.910274,2026-07-03T02:13:48.921839+00:00,115.3,20,bid,BrilliantBurritos,YieldingYams,5155489
2026-07-03T02:13:51.058872,2026-07-03T02:13:51.068913+00:00,115.4,20,bid,BrilliantBurritos,WavyWalnuts,5155512
2026-07-03T02:13:55.684011,2026-07-03T02:13:55.693193+00:00,115.5,200,bid,WavyWalnuts,YieldingYams,5155585
2026-07-03T02:13:56.892406,2026-07-03T02:13:56.902091+00:00,115.5,200,bid,WavyWalnuts,YieldingYams,5155600
2026-07-03T02:13:58.256173,2026-07-03T02:13:58.264810+00:00,115.5,200,ask,WavyWalnuts,YieldingYams,5155624
2026-07-03T02:13:58.867936,2026-07-03T02:13:58.879636+00:00,115.3,20,ask,YieldingYams,BrilliantBurritos,5155635
2026-07-03T02:13:59.313660,2026-07-03T02:13:59.321826+00:00,115.5,200,bid,WavyWalnuts,YieldingYams,5155639
2026-07-03T02:14:00.525714,2026-07-03T02:14:00.536092+00:00,115.6,200,ask,YieldingYams,WavyWalnuts,5155659
2026-07-03T02:14:02.567202,2026-07-03T02:14:02.577903+00:00,115.5,20,ask,WavyWalnuts,BrilliantBurritos,5155694
2026-07-03T02:14:04.150583,2026-07-03T02:14:04.158576+00:00,115.4,200,ask,YieldingYams,WavyWalnuts,5155708
2026-07-03T02:14:06.569793,2026-07-03T02:14:06.580453+00:00,115.4,200,bid,WavyWalnuts,YieldingYams,5155755
2026-07-03T02:14:10.269387,2026-07-03T02:14:10.278142+00:00,115.4,20,ask,YieldingYams,BrilliantBurritos,5155812
2026-07-03T02:14:12.644016,2026-07-03T02:14:12.652068+00:00,115.4,200,ask,YieldingYams,WavyWalnuts,5155852
2026-07-03T02:14:12.667097,2026-07-03T02:14:12.674985+00:00,115.7,20,bid,BrilliantBurritos,YieldingYams,5155854
2026-07-03T02:14:13.951479,2026-07-03T02:14:13.958627+00:00,115.7,20,bid,BrilliantBurritos,WavyWalnuts,5155871
2026-07-03T02:14:16.283931,2026-07-03T02:14:16.294900+00:00,115.7,200,bid,WavyWalnuts,YieldingYams,5155904
2026-07-03T02:14:17.938471,2026-07-03T02:14:17.947375+00:00,115.7,200,ask,WavyWalnuts,YieldingYams,5155929
2026-07-03T02:14:21.887123,2026-07-03T02:14:21.894229+00:00,115.5,200,ask,WavyWalnuts,YieldingYams,5155988
2026-07-03T02:14:24.754624,2026-07-03T02:14:24.754012+00:00,115.5,200,bid,WavyWalnuts,YieldingYams,5156024
2026-07-03T02:14:25.165275,2026-07-03T02:14:25.169560+00:00,115.5,3,bid,Xuanyu Liu,YieldingYams,5156028
2026-07-03T02:14:25.312577,2026-07-03T02:14:25.319750+00:00,115.5,25,bid,Alice Feng,YieldingYams,5156031
2026-07-03T02:14:25.522133,2026-07-03T02:14:25.528638+00:00,115.5,25,bid,Alice Feng,YieldingYams,5156033
2026-07-03T02:14:25.730494,2026-07-03T02:14:25.739053+00:00,115.5,25,bid,Alice Feng,YieldingYams,5156040
2026-07-03T02:14:25.824148,2026-07-03T02:14:25.828004+00:00,115.7,3,ask,YieldingYams,Xuanyu Liu,5156042
2026-07-03T02:14:25.966365,2026-07-03T02:14:25.977446+00:00,115.7,200,ask,YieldingYams,WavyWalnuts,5156046
2026-07-03T02:14:27.173856,2026-07-03T02:14:27.182187+00:00,115.5,200,ask,YieldingYams,WavyWalnuts,5156064
2026-07-03T02:14:28.381953,2026-07-03T02:14:28.389359+00:00,115.5,200,ask,YieldingYams,WavyWalnuts,5156077
2026-07-03T02:14:29.453562,2026-07-03T02:14:29.466414+00:00,115.5,20,ask,YieldingYams,BrilliantBurritos,5156086
2026-07-03T02:14:33.232254,2026-07-03T02:14:33.243518+00:00,115.4,200,ask,YieldingYams,WavyWalnuts,5156151
2026-07-03T02:14:33.368145,2026-07-03T02:14:33.379710+00:00,115.7,20,bid,BrilliantBurritos,YieldingYams,5156153
2026-07-03T02:14:34.989838,2026-07-03T02:14:34.997481+00:00,115.5,500,bid,AverageAlmonds,YieldingYams,5156171
2026-07-03T02:14:35.009143,2026-07-03T02:14:35.018695+00:00,115.6,200,bid,YieldingYams,WavyWalnuts,5156172
2026-07-03T02:14:35.151512,2026-07-03T02:14:35.157757+00:00,115.6,25,ask,YieldingYams,Alice Feng,5156178
2026-07-03T02:14:35.362713,2026-07-03T02:14:35.374598+00:00,115.6,25,ask,YieldingYams,Alice Feng,5156181
2026-07-03T02:14:35.595452,2026-07-03T02:14:35.605568+00:00,115.6,25,ask,YieldingYams,Alice Feng,5156187
2026-07-03T02:14:35.647537,2026-07-03T02:14:35.658700+00:00,115.6,200,ask,YieldingYams,WavyWalnuts,5156189
2026-07-03T02:14:36.331187,2026-07-03T02:14:36.337839+00:00,115.5,500,ask,AverageAlmonds,YieldingYams,5156200
2026-07-03T02:14:36.788253,2026-07-03T02:14:36.796094+00:00,115.4,125,bid,AverageAlmonds,YieldingYams,5156202
2026-07-03T02:14:37.639298,2026-07-03T02:14:37.646498+00:00,115.6,500,ask,AverageAlmonds,YieldingYams,5156211
2026-07-03T02:14:37.812915,2026-07-03T02:14:37.819248+00:00,115.6,25,bid,Alice Feng,YieldingYams,5156215
2026-07-03T02:14:37.815678,2026-07-03T02:14:37.819248+00:00,115.6,14,bid,Xuanyu Liu,YieldingYams,5156216
2026-07-03T02:14:38.021067,2026-07-03T02:14:38.027717+00:00,115.6,25,bid,Alice Feng,YieldingYams,5156219
2026-07-03T02:14:38.065970,2026-07-03T02:14:38.074455+00:00,115.6,61,bid,WavyWalnuts,YieldingYams,5156222
2026-07-03T02:14:39.279658,2026-07-03T02:14:39.288729+00:00,115.7,200,ask,YieldingYams,WavyWalnuts,5156236
2026-07-03T02:14:41.244467,2026-07-03T02:14:41.258613+00:00,115.7,20,bid,BrilliantBurritos,WavyWalnuts,5156262
2026-07-03T02:14:42.240116,2026-07-03T02:14:42.246308+00:00,115.7,500,bid,AverageAlmonds,YieldingYams,5156271
2026-07-03T02:14:42.867020,2026-07-03T02:14:42.875005+00:00,115.8,200,bid,YieldingYams,WavyWalnuts,5156280
2026-07-03T02:14:42.880934,2026-07-03T02:14:42.884603+00:00,115.9,14,ask,YieldingYams,Xuanyu Liu,5156282
2026-07-03T02:14:42.899084,2026-07-03T02:14:42.910629+00:00,115.9,200,ask,YieldingYams,WavyWalnuts,5156283
2026-07-03T02:14:43.034271,2026-07-03T02:14:43.046090+00:00,115.9,25,ask,YieldingYams,Alice Feng,5156286
2026-07-03T02:14:43.245651,2026-07-03T02:14:43.258599+00:00,115.9,25,ask,YieldingYams,Alice Feng,5156288
2026-07-03T02:14:44.177816,2026-07-03T02:14:44.185014+00:00,115.9,200,ask,WavyWalnuts,YieldingYams,5156302
2026-07-03T02:14:44.196348,2026-07-03T02:14:44.200695+00:00,115.8,26,bid,Xuanyu Liu,YieldingYams,5156304
2026-07-03T02:14:46.802623,2026-07-03T02:14:46.812588+00:00,115.6,200,ask,WavyWalnuts,YieldingYams,5156338
2026-07-03T02:14:47.342144,2026-07-03T02:14:47.345499+00:00,115.5,23,ask,AverageAlmonds,Xuanyu Liu,5156352
2026-07-03T02:14:47.756837,2026-07-03T02:14:47.758625+00:00,115.5,20,ask,AverageAlmonds,BrilliantBurritos,5156355
2026-07-03T02:14:49.539398,2026-07-03T02:14:49.548227+00:00,115.5,20,ask,YieldingYams,BrilliantBurritos,5156372
2026-07-03T02:14:51.255545,2026-07-03T02:14:51.266892+00:00,115.7,20,bid,BrilliantBurritos,WavyWalnuts,5156396
2026-07-03T02:14:54.655808,2026-07-03T02:14:54.663906+00:00,115.7,200,ask,WavyWalnuts,YieldingYams,5156438
2026-07-03T02:14:55.548926,2026-07-03T02:14:55.558575+00:00,115.6,200,bid,AverageAlmonds,WavyWalnuts,5156441
2026-07-03T02:14:55.644623,2026-07-03T02:14:55.658593+00:00,115.7,20,bid,BrilliantBurritos,YieldingYams,5156446
2026-07-03T02:14:56.201584,2026-07-03T02:14:56.212335+00:00,115.7,200,ask,YieldingYams,WavyWalnuts,5156451
2026-07-03T02:14:57.410108,2026-07-03T02:14:57.417595+00:00,115.7,200,bid,WavyWalnuts,YieldingYams,5156468
2026-07-03T02:14:58.629623,2026-07-03T02:14:58.633288+00:00,115.7,3,ask,YieldingYams,Xuanyu Liu,5156499
2026-07-03T02:14:59.208896,2026-07-03T02:14:59.218123+00:00,115.7,20,ask,YieldingYams,BrilliantBurritos,5156501
2026-07-03T02:15:02.264683,2026-07-03T02:15:02.274650+00:00,115.7,200,ask,YieldingYams,WavyWalnuts,5156539
2026-07-03T02:15:03.471694,2026-07-03T02:15:03.480050+00:00,115.7,200,ask,YieldingYams,WavyWalnuts,5156558
2026-07-03T02:15:06.278221,2026-07-03T02:15:06.282257+00:00,115.7,3,bid,Xuanyu Liu,WavyWalnuts,5156594
2026-07-03T02:15:06.297543,2026-07-03T02:15:06.305421+00:00,115.7,25,bid,Alice Feng,WavyWalnuts,5156596
2026-07-03T02:15:06.506013,2026-07-03T02:15:06.513426+00:00,115.7,25,bid,Alice Feng,WavyWalnuts,5156600
2026-07-03T02:15:06.715969,2026-07-03T02:15:06.727530+00:00,115.7,25,bid,Alice Feng,WavyWalnuts,5156604
2026-07-03T02:15:06.926823,2026-07-03T02:15:06.937976+00:00,115.7,25,bid,Alice Feng,WavyWalnuts,5156606
2026-07-03T02:15:07.359384,2026-07-03T02:15:07.370778+00:00,115.6,20,ask,WavyWalnuts,BrilliantBurritos,5156612
2026-07-03T02:15:09.381806,2026-07-03T02:15:09.393386+00:00,115.6,20,ask,WavyWalnuts,BrilliantBurritos,5156653
2026-07-03T02:15:10.396937,2026-07-03T02:15:10.404026+00:00,115.7,200,ask,WavyWalnuts,YieldingYams,5156676
2026-07-03T02:15:12.747368,2026-07-03T02:15:12.758778+00:00,115.7,25,bid,Alice Feng,YieldingYams,5156709
2026-07-03T02:15:12.956541,2026-07-03T02:15:12.958568+00:00,115.7,25,bid,Alice Feng,YieldingYams,5156717
2026-07-03T02:15:13.036597,2026-07-03T02:15:13.040550+00:00,115.6,11,bid,Xuanyu Liu,YieldingYams,5156719
2026-07-03T02:15:13.137621,2026-07-03T02:15:13.147632+00:00,115.6,200,bid,WavyWalnuts,YieldingYams,5156721
2026-07-03T02:15:13.165897,2026-07-03T02:15:13.172345+00:00,115.6,25,bid,Alice Feng,YieldingYams,5156723
2026-07-03T02:15:13.376667,2026-07-03T02:15:13.387532+00:00,115.6,25,bid,Alice Feng,YieldingYams,5156726
2026-07-03T02:15:15.810771,2026-07-03T02:15:15.814671+00:00,115.5,11,ask,YieldingYams,Xuanyu Liu,5156767
2026-07-03T02:15:16.692060,2026-07-03T02:15:16.703473+00:00,115.5,20,ask,YieldingYams,BrilliantBurritos,5156775
2026-07-03T02:15:16.784249,2026-07-03T02:15:16.787983+00:00,115.6,3,ask,WavyWalnuts,Xuanyu Liu,5156781
2026-07-03T02:15:18.256383,2026-07-03T02:15:18.263921+00:00,115.6,200,ask,WavyWalnuts,YieldingYams,5156797
2026-07-03T02:15:18.274688,2026-07-03T02:15:18.278466+00:00,115.5,11,bid,Xuanyu Liu,YieldingYams,5156799
2026-07-03T02:15:19.194828,2026-07-03T02:15:19.205575+00:00,115.5,200,bid,WavyWalnuts,YieldingYams,5156819
2026-07-03T02:15:20.405393,2026-07-03T02:15:20.416216+00:00,115.5,200,ask,YieldingYams,WavyWalnuts,5156836
2026-07-03T02:15:22.822955,2026-07-03T02:15:22.831476+00:00,115.5,200,bid,WavyWalnuts,YieldingYams,5156869
2026-07-03T02:15:24.845982,2026-07-03T02:15:24.852086+00:00,115.5,200,bid,YieldingYams,WavyWalnuts,5156897
2026-07-03T02:15:28.777976,2026-07-03T02:15:28.789101+00:00,115.5,200,ask,WavyWalnuts,YieldingYams,5156957
2026-07-03T02:15:29.529828,2026-07-03T02:15:29.541291+00:00,115.4,20,ask,WavyWalnuts,BrilliantBurritos,5156973
2026-07-03T02:15:30.103845,2026-07-03T02:15:30.114243+00:00,115.6,200,bid,YieldingYams,WavyWalnuts,5156984
2026-07-03T02:15:30.121222,2026-07-03T02:15:30.124966+00:00,115.6,11,ask,YieldingYams,Xuanyu Liu,5156986
2026-07-03T02:15:31.308177,2026-07-03T02:15:31.316859+00:00,115.6,200,ask,YieldingYams,WavyWalnuts,5157010
2026-07-03T02:15:35.338624,2026-07-03T02:15:35.345110+00:00,115.5,200,bid,YieldingYams,WavyWalnuts,5157059
2026-07-03T02:15:36.138109,2026-07-03T02:15:36.149086+00:00,115.5,200,ask,YieldingYams,WavyWalnuts,5157078
2026-07-03T02:15:37.343346,2026-07-03T02:15:37.353390+00:00,115.4,200,bid,WavyWalnuts,YieldingYams,5157095
2026-07-03T02:15:39.302620,2026-07-03T02:15:39.314243+00:00,115.5,25,ask,YieldingYams,Alice Feng,5157113
2026-07-03T02:15:39.511987,2026-07-03T02:15:39.523570+00:00,115.5,25,ask,YieldingYams,Alice Feng,5157120
2026-07-03T02:15:39.649308,2026-07-03T02:15:39.658624+00:00,115.5,20,ask,YieldingYams,BrilliantBurritos,5157124
2026-07-03T02:15:39.727881,2026-07-03T02:15:39.742863+00:00,115.5,25,ask,YieldingYams,Alice Feng,5157127
2026-07-03T02:15:39.942426,2026-07-03T02:15:39.951472+00:00,115.5,25,ask,YieldingYams,Alice Feng,5157129
2026-07-03T02:15:41.131001,2026-07-03T02:15:41.135075+00:00,115.7,3,bid,Xuanyu Liu,YieldingYams,5157145
2026-07-03T02:15:41.158976,2026-07-03T02:15:41.165814+00:00,115.7,25,bid,Alice Feng,YieldingYams,5157147
2026-07-03T02:15:41.222597,2026-07-03T02:15:41.229997+00:00,115.5,22,ask,YieldingYams,Zihao Wu,5157151
2026-07-03T02:15:43.125003,2026-07-03T02:15:43.136616+00:00,115.7,20,bid,BrilliantBurritos,YieldingYams,5157184
2026-07-03T02:15:43.191628,2026-07-03T02:15:43.199041+00:00,115.7,500,bid,YieldingYams,AverageAlmonds,5157185
2026-07-03T02:15:43.210179,2026-07-03T02:15:43.214275+00:00,115.7,3,ask,YieldingYams,Xuanyu Liu,5157187
2026-07-03T02:15:43.371125,2026-07-03T02:15:43.380079+00:00,115.7,25,ask,YieldingYams,Alice Feng,5157191
2026-07-03T02:15:43.581233,2026-07-03T02:15:43.593087+00:00,115.7,25,ask,YieldingYams,Alice Feng,5157196
2026-07-03T02:15:43.791076,2026-07-03T02:15:43.802741+00:00,115.7,25,ask,YieldingYams,Alice Feng,5157198
2026-07-03T02:15:44.002484,2026-07-03T02:15:44.012111+00:00,115.7,25,ask,YieldingYams,Alice Feng,5157203
2026-07-03T02:15:44.010056,2026-07-03T02:15:44.017357+00:00,115.8,2,bid,Alice Feng,AverageAlmonds,5157205
2026-07-03T02:15:44.214325,2026-07-03T02:15:44.226084+00:00,115.8,1,bid,Alice Feng,AverageAlmonds,5157206
2026-07-03T02:15:44.505295,2026-07-03T02:15:44.519346+00:00,115.6,200,ask,WavyWalnuts,YieldingYams,5157211
2026-07-03T02:15:47.229134,2026-07-03T02:15:47.235800+00:00,115.7,25,ask,YieldingYams,Alice Feng,5157248
2026-07-03T02:15:47.439387,2026-07-03T02:15:47.445749+00:00,115.7,3,ask,YieldingYams,Alice Feng,5157251
2026-07-03T02:15:47.611219,2026-07-03T02:15:47.623058+00:00,115.7,500,ask,YieldingYams,AverageAlmonds,5157254
2026-07-03T02:15:48.206500,2026-07-03T02:15:48.214247+00:00,115.7,97,ask,YieldingYams,AverageAlmonds,5157264
2026-07-03T02:15:49.755365,2026-07-03T02:15:49.758626+00:00,115.6,200,ask,WavyWalnuts,YieldingYams,5157286
2026-07-03T02:15:50.657108,2026-07-03T02:15:50.664376+00:00,115.6,200,bid,WavyWalnuts,YieldingYams,5157295
2026-07-03T02:15:56.317635,2026-07-03T02:15:56.324769+00:00,115.8,200,bid,YieldingYams,WavyWalnuts,5157350
2026-07-03T02:15:56.720351,2026-07-03T02:15:56.727111+00:00,115.8,200,ask,YieldingYams,WavyWalnuts,5157358
2026-07-03T02:15:57.927240,2026-07-03T02:15:57.935298+00:00,115.8,200,bid,WavyWalnuts,YieldingYams,5157376
2026-07-03T02:15:59.138545,2026-07-03T02:15:59.147237+00:00,115.8,200,bid,WavyWalnuts,AverageAlmonds,5157394
2026-07-03T02:16:02.767835,2026-07-03T02:16:02.778471+00:00,115.8,200,bid,WavyWalnuts,YieldingYams,5157444
2026-07-03T02:16:04.475439,2026-07-03T02:16:04.486829+00:00,115.9,22,bid,Zihao Wu,AverageAlmonds,5157471
2026-07-03T02:16:06.464591,2026-07-03T02:16:06.468735+00:00,115.8,26,ask,YieldingYams,Xuanyu Liu,5157493
2026-07-03T02:16:07.284556,2026-07-03T02:16:07.295515+00:00,115.7,20,ask,WavyWalnuts,BrilliantBurritos,5157512
2026-07-03T02:16:08.815889,2026-07-03T02:16:08.824128+00:00,115.8,200,bid,WavyWalnuts,AverageAlmonds,5157540
2026-07-03T02:16:09.990283,2026-07-03T02:16:09.998039+00:00,115.7,500,ask,YieldingYams,AverageAlmonds,5157551
2026-07-03T02:16:10.587273,2026-07-03T02:16:10.595033+00:00,115.7,125,ask,YieldingYams,AverageAlmonds,5157562
2026-07-03T02:16:10.587273,2026-07-03T02:16:10.612969+00:00,115.7,200,ask,WavyWalnuts,AverageAlmonds,5157563
2026-07-03T02:16:10.608928,2026-07-03T02:16:10.612969+00:00,115.6,23,bid,Xuanyu Liu,AverageAlmonds,5157565
2026-07-03T02:16:10.744012,2026-07-03T02:16:10.747918+00:00,115.5,3,bid,Xuanyu Liu,YieldingYams,5157569
2026-07-03T02:16:11.239408,2026-07-03T02:16:11.246635+00:00,115.5,200,bid,WavyWalnuts,YieldingYams,5157578
2026-07-03T02:16:12.451247,2026-07-03T02:16:12.453407+00:00,115.3,200,bid,WavyWalnuts,YieldingYams,5157596
2026-07-03T02:16:12.850760,2026-07-03T02:16:12.858560+00:00,115.1,20,ask,YieldingYams,BrilliantBurritos,5157607
2026-07-03T02:16:13.659714,2026-07-03T02:16:13.667247+00:00,115.4,200,bid,WavyWalnuts,YieldingYams,5157617
2026-07-03T02:16:14.852484,2026-07-03T02:16:14.853969+00:00,115.2,20,ask,YieldingYams,BrilliantBurritos,5157628
2026-07-03T02:16:16.081229,2026-07-03T02:16:16.089219+00:00,115.4,200,bid,WavyWalnuts,YieldingYams,5157651
2026-07-03T02:16:17.311049,2026-07-03T02:16:17.370397+00:00,115.4,200,ask,WavyWalnuts,YieldingYams,5157667
2026-07-03T02:16:19.930103,2026-07-03T02:16:19.968716+00:00,115.3,500,bid,YieldingYams,AverageAlmonds,5157706
2026-07-03T02:16:19.930103,2026-07-03T02:16:19.968716+00:00,115.4,125,bid,YieldingYams,WavyWalnuts,5157707
2026-07-03T02:16:21.240301,2026-07-03T02:16:21.258626+00:00,115.3,200,ask,WavyWalnuts,YieldingYams,5157723
2026-07-03T02:16:22.141819,2026-07-03T02:16:22.151642+00:00,115.3,200,bid,WavyWalnuts,YieldingYams,5157734
2026-07-03T02:16:23.359834,2026-07-03T02:16:23.369527+00:00,115.4,200,bid,WavyWalnuts,AverageAlmonds,5157758
2026-07-03T02:16:24.546817,2026-07-03T02:16:24.564120+00:00,115.3,500,ask,YieldingYams,AverageAlmonds,5157785
2026-07-03T02:16:25.143379,2026-07-03T02:16:25.152647+00:00,115.3,125,ask,YieldingYams,AverageAlmonds,5157807
2026-07-03T02:16:25.173049,2026-07-03T02:16:25.180268+00:00,115.2,200,ask,WavyWalnuts,YieldingYams,5157811
2026-07-03T02:16:25.186183,2026-07-03T02:16:25.189762+00:00,115.0,3,bid,Xuanyu Liu,YieldingYams,5157814
2026-07-03T02:16:25.325642,2026-07-03T02:16:25.336795+00:00,115.0,25,bid,Alice Feng,YieldingYams,5157818
2026-07-03T02:16:25.534173,2026-07-03T02:16:25.541538+00:00,115.0,25,bid,Alice Feng,YieldingYams,5157822
2026-07-03T02:16:25.537930,2026-07-03T02:16:25.546774+00:00,114.8,2,ask,YieldingYams,Alice Feng,5157823
2026-07-03T02:16:25.775405,2026-07-03T02:16:25.785049+00:00,115.0,200,bid,WavyWalnuts,YieldingYams,5157825
2026-07-03T02:16:26.591280,2026-07-03T02:16:26.595689+00:00,115.1,3,ask,YieldingYams,Xuanyu Liu,5157844
2026-07-03T02:16:26.744210,2026-07-03T02:16:26.755773+00:00,115.1,25,ask,YieldingYams,Alice Feng,5157849
2026-07-03T02:16:26.965556,2026-07-03T02:16:26.974023+00:00,115.1,23,ask,YieldingYams,Alice Feng,5157854
2026-07-03T02:16:26.984788,2026-07-03T02:16:26.993359+00:00,115.1,200,ask,YieldingYams,WavyWalnuts,5157856
2026-07-03T02:16:30.986057,2026-07-03T02:16:30.997698+00:00,115.1,20,ask,YieldingYams,BrilliantBurritos,5157908
2026-07-03T02:16:31.764515,2026-07-03T02:16:31.768310+00:00,115.3,14,bid,Xuanyu Liu,WavyWalnuts,5157929
2026-07-03T02:16:31.789286,2026-07-03T02:16:31.800194+00:00,115.3,25,bid,Alice Feng,WavyWalnuts,5157931
2026-07-03T02:16:31.998102,2026-07-03T02:16:32.006935+00:00,115.3,25,bid,Alice Feng,YieldingYams,5157935
2026-07-03T02:16:32.002019,2026-07-03T02:16:32.012137+00:00,115.2,2,ask,WavyWalnuts,Alice Feng,5157936
2026-07-03T02:16:32.206700,2026-07-03T02:16:32.216558+00:00,115.2,2,ask,WavyWalnuts,Alice Feng,5157940
2026-07-03T02:16:32.414696,2026-07-03T02:16:32.429952+00:00,115.2,2,ask,WavyWalnuts,Alice Feng,5157952
2026-07-03T02:16:32.619280,2026-07-03T02:16:32.630859+00:00,115.2,2,ask,WavyWalnuts,Alice Feng,5157956
2026-07-03T02:16:32.825541,2026-07-03T02:16:32.837137+00:00,115.2,2,ask,WavyWalnuts,Alice Feng,5157958
2026-07-03T02:16:33.034517,2026-07-03T02:16:33.042736+00:00,115.3,25,bid,Alice Feng,YieldingYams,5157964
