timestamp,recv_time,price,volume,aggressor_side,buyer,seller,trade_id
2026-07-01T08:00:00.981087,2026-07-01T08:00:00.979896+00:00,81.5,200,ask,WavyWalnuts,YieldingYams,1943080
2026-07-01T08:00:00.981087,2026-07-01T08:00:00.979896+00:00,81.4,1,ask,Kelvin Chan,YieldingYams,1943081
2026-07-01T08:00:01.249873,2026-07-01T08:00:01.257009+00:00,81.3,3,ask,YieldingYams,Zijun Feng,1943087
2026-07-01T08:00:01.325327,2026-07-01T08:00:01.329549+00:00,81.4,200,bid,WavyWalnuts,YieldingYams,1943088
2026-07-01T08:00:02.312020,2026-07-01T08:00:02.322970+00:00,81.5,10,ask,YieldingYams,Xuanyu Liu,1943105
2026-07-01T08:00:02.544010,2026-07-01T08:00:02.548699+00:00,81.5,200,ask,YieldingYams,WavyWalnuts,1943108
2026-07-01T08:00:02.862794,2026-07-01T08:00:02.869099+00:00,81.5,20,ask,YieldingYams,BrilliantBurritos,1943118
2026-07-01T08:00:04.928060,2026-07-01T08:00:04.939807+00:00,81.6,200,bid,YieldingYams,WavyWalnuts,1943158
2026-07-01T08:00:04.928060,2026-07-01T08:00:04.939807+00:00,81.6,425,bid,YieldingYams,AverageAlmonds,1943159
2026-07-01T08:00:04.963340,2026-07-01T08:00:04.970745+00:00,81.6,75,bid,WavyWalnuts,AverageAlmonds,1943162
2026-07-01T08:00:05.164588,2026-07-01T08:00:05.166730+00:00,81.7,125,ask,WavyWalnuts,AverageAlmonds,1943173
2026-07-01T08:00:06.172179,2026-07-01T08:00:06.179696+00:00,81.6,200,bid,WavyWalnuts,AverageAlmonds,1943199
2026-07-01T08:00:06.339534,2026-07-01T08:00:06.345176+00:00,81.5,10,bid,Zijun Feng,YieldingYams,1943209
2026-07-01T08:00:07.376941,2026-07-01T08:00:07.378938+00:00,81.5,10,bid,Zijun Feng,YieldingYams,1943236
2026-07-01T08:00:07.382517,2026-07-01T08:00:07.389280+00:00,81.5,200,bid,WavyWalnuts,YieldingYams,1943237
2026-07-01T08:00:08.028641,2026-07-01T08:00:08.038591+00:00,81.5,20,bid,BrilliantBurritos,YieldingYams,1943254
2026-07-01T08:00:08.400019,2026-07-01T08:00:08.408624+00:00,81.5,20,bid,BrilliantBurritos,YieldingYams,1943261
2026-07-01T08:00:08.865037,2026-07-01T08:00:08.871933+00:00,81.4,200,ask,WavyWalnuts,YieldingYams,1943273
2026-07-01T08:00:09.813993,2026-07-01T08:00:09.820226+00:00,81.4,200,bid,WavyWalnuts,YieldingYams,1943296
2026-07-01T08:00:10.173532,2026-07-01T08:00:10.182490+00:00,81.5,200,bid,YieldingYams,WavyWalnuts,1943309
2026-07-01T08:00:10.173532,2026-07-01T08:00:10.182490+00:00,81.6,9,bid,YieldingYams,Kelvin Chan,1943310
2026-07-01T08:00:10.173532,2026-07-01T08:00:10.182490+00:00,81.6,416,bid,YieldingYams,AverageAlmonds,1943311
2026-07-01T08:00:11.222930,2026-07-01T08:00:11.228057+00:00,81.5,200,ask,WavyWalnuts,AverageAlmonds,1943322
2026-07-01T08:00:11.490084,2026-07-01T08:00:11.507471+00:00,81.3,1,ask,Kelvin Chan,YieldingYams,1943334
2026-07-01T08:00:11.498473,2026-07-01T08:00:11.507471+00:00,81.2,10,bid,Xuanyu Liu,YieldingYams,1943335
2026-07-01T08:00:12.234693,2026-07-01T08:00:12.241735+00:00,81.2,200,bid,WavyWalnuts,YieldingYams,1943356
2026-07-01T08:00:12.920883,2026-07-01T08:00:12.926470+00:00,81.2,20,bid,BrilliantBurritos,YieldingYams,1943373
2026-07-01T08:00:13.444733,2026-07-01T08:00:13.454612+00:00,81.2,200,bid,WavyWalnuts,YieldingYams,1943379
2026-07-01T08:00:14.653475,2026-07-01T08:00:14.661433+00:00,81.2,200,bid,WavyWalnuts,YieldingYams,1943411
2026-07-01T08:00:17.075749,2026-07-01T08:00:17.082839+00:00,81.1,1,ask,Kelvin Chan,WavyWalnuts,1943469
2026-07-01T08:00:17.075749,2026-07-01T08:00:17.082839+00:00,81.1,199,ask,AverageAlmonds,WavyWalnuts,1943470
2026-07-01T08:00:17.183310,2026-07-01T08:00:17.186789+00:00,81.3,20,bid,BrilliantBurritos,YieldingYams,1943476
2026-07-01T08:00:21.532421,2026-07-01T08:00:21.541434+00:00,81.2,2,ask,Kelvin Chan,BrilliantBurritos,1943580
2026-07-01T08:00:21.532421,2026-07-01T08:00:21.541434+00:00,81.2,18,ask,YieldingYams,BrilliantBurritos,1943581
2026-07-01T08:00:21.927405,2026-07-01T08:00:21.934199+00:00,81.2,200,ask,YieldingYams,WavyWalnuts,1943600
2026-07-01T08:00:25.561825,2026-07-01T08:00:25.572920+00:00,81.1,2,ask,Kelvin Chan,WavyWalnuts,1943671
2026-07-01T08:00:25.561825,2026-07-01T08:00:25.572920+00:00,81.0,198,ask,YieldingYams,WavyWalnuts,1943672
2026-07-01T08:00:25.988625,2026-07-01T08:00:25.997639+00:00,81.0,500,ask,AverageAlmonds,YieldingYams,1943692
2026-07-01T08:00:25.988625,2026-07-01T08:00:25.997639+00:00,80.9,125,ask,WavyWalnuts,YieldingYams,1943693
2026-07-01T08:00:26.774847,2026-07-01T08:00:26.785977+00:00,81.1,6,ask,Kelvin Chan,WavyWalnuts,1943705
2026-07-01T08:00:26.774847,2026-07-01T08:00:26.785977+00:00,81.0,194,ask,AverageAlmonds,WavyWalnuts,1943706
2026-07-01T08:00:27.984973,2026-07-01T08:00:27.996857+00:00,81.1,6,ask,Kelvin Chan,WavyWalnuts,1943741
2026-07-01T08:00:27.984973,2026-07-01T08:00:27.996857+00:00,81.1,194,ask,YieldingYams,WavyWalnuts,1943742
2026-07-01T08:00:28.211207,2026-07-01T08:00:28.214909+00:00,81.3,10,bid,Zijun Feng,YieldingYams,1943748
2026-07-01T08:00:28.627781,2026-07-01T08:00:28.630275+00:00,81.2,500,ask,AverageAlmonds,YieldingYams,1943769
2026-07-01T08:00:28.779063,2026-07-01T08:00:28.791002+00:00,81.2,125,bid,AverageAlmonds,YieldingYams,1943772
2026-07-01T08:00:29.202554,2026-07-01T08:00:29.213235+00:00,81.3,200,ask,AverageAlmonds,WavyWalnuts,1943777
2026-07-01T08:00:29.936289,2026-07-01T08:00:29.939742+00:00,81.3,500,ask,AverageAlmonds,YieldingYams,1943799
2026-07-01T08:00:30.014635,2026-07-01T08:00:30.021927+00:00,81.3,125,bid,AverageAlmonds,YieldingYams,1943800
2026-07-01T08:00:30.413924,2026-07-01T08:00:30.424938+00:00,81.3,200,ask,AverageAlmonds,WavyWalnuts,1943811
2026-07-01T08:00:30.819480,2026-07-01T08:00:30.829401+00:00,81.4,3,bid,Xuanyu Liu,Kelvin Chan,1943822
2026-07-01T08:00:30.852637,2026-07-01T08:00:30.860646+00:00,81.4,2,bid,Eric Deng,Kelvin Chan,1943824
2026-07-01T08:00:31.622803,2026-07-01T08:00:31.629473+00:00,81.3,200,ask,AverageAlmonds,WavyWalnuts,1943838
2026-07-01T08:00:32.522147,2026-07-01T08:00:32.531665+00:00,81.3,1,ask,AverageAlmonds,Xuanyu Liu,1943857
2026-07-01T08:00:32.595258,2026-07-01T08:00:32.603707+00:00,81.3,1,ask,AverageAlmonds,Xuanyu Liu,1943863
2026-07-01T08:00:32.837341,2026-07-01T08:00:32.841106+00:00,81.3,200,ask,AverageAlmonds,WavyWalnuts,1943867
2026-07-01T08:00:34.048488,2026-07-01T08:00:34.058950+00:00,81.3,200,ask,AverageAlmonds,WavyWalnuts,1943900
2026-07-01T08:00:34.235113,2026-07-01T08:00:34.245726+00:00,81.4,500,bid,AverageAlmonds,YieldingYams,1943902
2026-07-01T08:00:34.301186,2026-07-01T08:00:34.308392+00:00,81.4,10,bid,Zijun Feng,YieldingYams,1943903
2026-07-01T08:00:34.832770,2026-07-01T08:00:34.869329+00:00,81.4,115,bid,AverageAlmonds,YieldingYams,1943908
2026-07-01T08:00:34.855797,2026-07-01T08:00:34.869329+00:00,81.4,1,ask,AverageAlmonds,Xuanyu Liu,1943909
2026-07-01T08:00:35.184273,2026-07-01T08:00:35.206367+00:00,81.5,2,bid,YieldingYams,Kelvin Chan,1943928
2026-07-01T08:00:35.194830,2026-07-01T08:00:35.206367+00:00,81.8,1,ask,YieldingYams,Xuanyu Liu,1943929
2026-07-01T08:00:35.264743,2026-07-01T08:00:35.268719+00:00,81.8,2,ask,YieldingYams,Eric Deng,1943934
2026-07-01T08:00:35.268273,2026-07-01T08:00:35.279233+00:00,81.8,200,ask,YieldingYams,WavyWalnuts,1943935
2026-07-01T08:00:36.007200,2026-07-01T08:00:36.058925+00:00,81.8,20,ask,YieldingYams,BrilliantBurritos,1943955
2026-07-01T08:00:36.089189,2026-07-01T08:00:36.106710+00:00,81.8,5,ask,YieldingYams,Xuanyu Liu,1943962
2026-07-01T08:00:36.487140,2026-07-01T08:00:36.491250+00:00,81.8,200,ask,YieldingYams,WavyWalnuts,1943975
2026-07-01T08:00:37.083856,2026-07-01T08:00:37.094900+00:00,81.6,6,bid,Xuanyu Liu,Kelvin Chan,1943985
2026-07-01T08:00:37.087322,2026-07-01T08:00:37.094900+00:00,81.7,6,bid,Chester Au,YieldingYams,1943986
2026-07-01T08:00:37.106354,2026-07-01T08:00:37.165752+00:00,81.7,26,bid,Xuanyu Liu,YieldingYams,1943989
2026-07-01T08:00:37.129591,2026-07-01T08:00:37.165752+00:00,81.7,138,bid,Chester Au,YieldingYams,1943991
2026-07-01T08:00:37.693765,2026-07-01T08:00:37.703201+00:00,81.6,5,bid,WavyWalnuts,Kelvin Chan,1944002
2026-07-01T08:00:38.087211,2026-07-01T08:00:38.096145+00:00,81.7,4,ask,YieldingYams,Chester Au,1944013
2026-07-01T08:00:38.904920,2026-07-01T08:00:38.915818+00:00,81.8,4,bid,WavyWalnuts,Kelvin Chan,1944038
2026-07-01T08:00:38.904920,2026-07-01T08:00:38.915818+00:00,81.8,196,bid,WavyWalnuts,AverageAlmonds,1944039
2026-07-01T08:00:40.443957,2026-07-01T08:00:40.449524+00:00,81.7,200,ask,WavyWalnuts,YieldingYams,1944084
2026-07-01T08:00:41.325559,2026-07-01T08:00:41.337457+00:00,81.6,200,bid,WavyWalnuts,YieldingYams,1944095
2026-07-01T08:00:42.535380,2026-07-01T08:00:42.541688+00:00,81.6,200,bid,WavyWalnuts,YieldingYams,1944121
2026-07-01T08:00:43.744431,2026-07-01T08:00:43.754412+00:00,81.6,200,bid,WavyWalnuts,YieldingYams,1944146
2026-07-01T08:00:44.377527,2026-07-01T08:00:44.388614+00:00,81.6,15,ask,YieldingYams,Xuanyu Liu,1944156
2026-07-01T08:00:47.004153,2026-07-01T08:00:47.010529+00:00,81.6,200,ask,WavyWalnuts,YieldingYams,1944203
2026-07-01T08:00:47.376893,2026-07-01T08:00:47.382267+00:00,81.6,200,bid,WavyWalnuts,YieldingYams,1944214
2026-07-01T08:00:53.441937,2026-07-01T08:00:53.447153+00:00,81.8,200,bid,WavyWalnuts,YieldingYams,1944327
2026-07-01T08:00:53.552637,2026-07-01T08:00:53.560690+00:00,81.8,500,bid,YieldingYams,AverageAlmonds,1944330
2026-07-01T08:00:53.552637,2026-07-01T08:00:53.560690+00:00,81.8,1,bid,YieldingYams,Kelvin Chan,1944331
2026-07-01T08:00:53.621672,2026-07-01T08:00:53.632820+00:00,81.8,124,ask,YieldingYams,AverageAlmonds,1944332
2026-07-01T08:00:55.869672,2026-07-01T08:00:55.881428+00:00,81.6,200,bid,WavyWalnuts,YieldingYams,1944366
2026-07-01T08:00:56.162379,2026-07-01T08:00:56.172148+00:00,81.4,1,ask,Kelvin Chan,Chester Au,1944377
2026-07-01T08:00:56.162379,2026-07-01T08:00:56.172148+00:00,81.4,44,ask,YieldingYams,Chester Au,1944378
2026-07-01T08:00:58.298390,2026-07-01T08:00:58.303152+00:00,81.6,200,ask,YieldingYams,WavyWalnuts,1944417
2026-07-01T08:00:59.511927,2026-07-01T08:00:59.517641+00:00,81.7,200,ask,YieldingYams,WavyWalnuts,1944447
2026-07-01T08:01:01.424725,2026-07-01T08:01:01.433932+00:00,81.8,1,bid,YieldingYams,Kelvin Chan,1944489
2026-07-01T08:01:01.424725,2026-07-01T08:01:01.433932+00:00,81.8,200,bid,YieldingYams,WavyWalnuts,1944490
2026-07-01T08:01:01.525033,2026-07-01T08:01:01.527960+00:00,81.8,424,ask,YieldingYams,AverageAlmonds,1944493
2026-07-01T08:01:02.742248,2026-07-01T08:01:02.768436+00:00,81.7,200,ask,WavyWalnuts,YieldingYams,1944512
2026-07-01T08:01:02.742248,2026-07-01T08:01:02.768436+00:00,81.5,7,ask,Kelvin Chan,YieldingYams,1944513
2026-07-01T08:01:02.751868,2026-07-01T08:01:02.768436+00:00,81.5,26,bid,Xuanyu Liu,YieldingYams,1944514
2026-07-01T08:01:02.776114,2026-07-01T08:01:02.779203+00:00,81.5,105,bid,Chester Au,YieldingYams,1944521
2026-07-01T08:01:02.942379,2026-07-01T08:01:02.944734+00:00,81.5,19,bid,Eric Deng,YieldingYams,1944525
2026-07-01T08:01:03.135330,2026-07-01T08:01:03.141578+00:00,81.5,200,bid,WavyWalnuts,YieldingYams,1944534
2026-07-01T08:01:03.193716,2026-07-01T08:01:03.204200+00:00,81.5,68,bid,Eric Deng,YieldingYams,1944537
2026-07-01T08:01:04.346079,2026-07-01T08:01:04.357789+00:00,81.7,200,ask,YieldingYams,WavyWalnuts,1944574
2026-07-01T08:01:04.503044,2026-07-01T08:01:04.516792+00:00,81.7,2,ask,YieldingYams,Xuanyu Liu,1944577
2026-07-01T08:01:04.631394,2026-07-01T08:01:04.640215+00:00,81.7,2,ask,YieldingYams,Xuanyu Liu,1944579
2026-07-01T08:01:05.031865,2026-07-01T08:01:05.042566+00:00,81.7,20,ask,YieldingYams,BrilliantBurritos,1944588
2026-07-01T08:01:05.344631,2026-07-01T08:01:05.353852+00:00,81.7,1,ask,YieldingYams,Xuanyu Liu,1944593
2026-07-01T08:01:05.556858,2026-07-01T08:01:05.560627+00:00,81.8,1,bid,WavyWalnuts,Kelvin Chan,1944599
2026-07-01T08:01:05.556858,2026-07-01T08:01:05.560627+00:00,81.8,199,bid,WavyWalnuts,YieldingYams,1944600
2026-07-01T08:01:05.634456,2026-07-01T08:01:05.643804+00:00,81.6,21,ask,YieldingYams,Xuanyu Liu,1944603
2026-07-01T08:01:07.977016,2026-07-01T08:01:07.987298+00:00,81.7,200,bid,WavyWalnuts,YieldingYams,1944670
2026-07-01T08:01:08.058542,2026-07-01T08:01:08.070451+00:00,81.7,26,ask,YieldingYams,Eric Deng,1944676
2026-07-01T08:01:08.175654,2026-07-01T08:01:08.185129+00:00,81.7,500,ask,YieldingYams,AverageAlmonds,1944677
2026-07-01T08:01:08.770805,2026-07-01T08:01:08.776728+00:00,81.7,99,ask,YieldingYams,AverageAlmonds,1944684
2026-07-01T08:01:08.800831,2026-07-01T08:01:08.810432+00:00,81.7,3,bid,Xuanyu Liu,AverageAlmonds,1944686
2026-07-01T08:01:08.921132,2026-07-01T08:01:08.924429+00:00,81.7,96,bid,Eric Deng,AverageAlmonds,1944689
2026-07-01T08:01:09.187726,2026-07-01T08:01:09.195216+00:00,81.7,200,bid,WavyWalnuts,AverageAlmonds,1944701
2026-07-01T08:01:09.299186,2026-07-01T08:01:09.309499+00:00,81.5,6,ask,Kelvin Chan,YieldingYams,1944705
2026-07-01T08:01:10.398848,2026-07-01T08:01:10.407611+00:00,81.5,200,bid,WavyWalnuts,YieldingYams,1944734
2026-07-01T08:01:11.420854,2026-07-01T08:01:11.430536+00:00,81.4,3,ask,Kelvin Chan,BrilliantBurritos,1944755
2026-07-01T08:01:11.916080,2026-07-01T08:01:11.928297+00:00,81.4,200,ask,WavyWalnuts,YieldingYams,1944765
2026-07-01T08:01:12.818416,2026-07-01T08:01:12.826175+00:00,81.3,200,bid,WavyWalnuts,YieldingYams,1944784
2026-07-01T08:01:13.231998,2026-07-01T08:01:13.242402+00:00,81.4,3,ask,YieldingYams,Xuanyu Liu,1944796
2026-07-01T08:01:14.038586,2026-07-01T08:01:14.042261+00:00,81.4,200,ask,YieldingYams,WavyWalnuts,1944817
2026-07-01T08:01:15.866493,2026-07-01T08:01:15.882604+00:00,81.2,43,bid,Eric Deng,YieldingYams,1944864
2026-07-01T08:01:15.870555,2026-07-01T08:01:15.882604+00:00,81.2,3,bid,Xuanyu Liu,YieldingYams,1944865
2026-07-01T08:01:17.116990,2026-07-01T08:01:17.123809+00:00,81.2,25,bid,Jessica Xu,YieldingYams,1944892
2026-07-01T08:01:17.447847,2026-07-01T08:01:17.455563+00:00,81.3,20,bid,BrilliantBurritos,WavyWalnuts,1944897
2026-07-01T08:01:18.890705,2026-07-01T08:01:18.897559+00:00,81.4,200,bid,WavyWalnuts,YieldingYams,1944927
2026-07-01T08:01:21.115110,2026-07-01T08:01:21.124972+00:00,81.3,200,ask,WavyWalnuts,YieldingYams,1944966
2026-07-01T08:01:21.311604,2026-07-01T08:01:21.321552+00:00,81.2,200,bid,WavyWalnuts,YieldingYams,1944973
2026-07-01T08:01:21.697880,2026-07-01T08:01:21.705106+00:00,81.1,20,ask,AverageAlmonds,BrilliantBurritos,1944980
2026-07-01T08:01:22.141109,2026-07-01T08:01:22.150971+00:00,81.2,20,bid,BrilliantBurritos,YieldingYams,1944988
2026-07-01T08:01:22.529619,2026-07-01T08:01:22.533575+00:00,81.3,200,bid,WavyWalnuts,YieldingYams,1945002
2026-07-01T08:01:22.857441,2026-07-01T08:01:22.863488+00:00,81.3,10,bid,Zijun Feng,YieldingYams,1945007
2026-07-01T08:01:24.969710,2026-07-01T08:01:24.975620+00:00,81.3,200,bid,WavyWalnuts,YieldingYams,1945057
2026-07-01T08:01:26.941773,2026-07-01T08:01:26.952309+00:00,81.3,10,bid,Zijun Feng,WavyWalnuts,1945098
2026-07-01T08:01:31.039952,2026-07-01T08:01:31.042755+00:00,81.1,200,ask,AverageAlmonds,WavyWalnuts,1945184
2026-07-01T08:01:32.251609,2026-07-01T08:01:32.259059+00:00,81.1,200,ask,YieldingYams,WavyWalnuts,1945218
2026-07-01T08:01:32.920479,2026-07-01T08:01:32.943068+00:00,81.1,500,ask,AverageAlmonds,YieldingYams,1945223
2026-07-01T08:01:32.929936,2026-07-01T08:01:32.943068+00:00,81.1,11,bid,Xuanyu Liu,YieldingYams,1945224
2026-07-01T08:01:34.228811,2026-07-01T08:01:34.235605+00:00,81.1,200,bid,YieldingYams,WavyWalnuts,1945262
2026-07-01T08:01:35.540159,2026-07-01T08:01:35.549046+00:00,81.0,8,ask,Kelvin Chan,YieldingYams,1945288
2026-07-01T08:01:35.540159,2026-07-01T08:01:35.549046+00:00,81.0,200,ask,WavyWalnuts,YieldingYams,1945289
2026-07-01T08:01:35.540159,2026-07-01T08:01:35.549046+00:00,80.9,417,ask,AverageAlmonds,YieldingYams,1945290
2026-07-01T08:01:35.874592,2026-07-01T08:01:35.880478+00:00,81.0,10,ask,Kelvin Chan,WavyWalnuts,1945303
2026-07-01T08:01:36.134674,2026-07-01T08:01:36.140666+00:00,81.0,4,bid,Xuanyu Liu,WavyWalnuts,1945312
2026-07-01T08:01:37.147159,2026-07-01T08:01:37.155046+00:00,81.0,25,bid,Jessica Xu,WavyWalnuts,1945339
2026-07-01T08:01:37.830121,2026-07-01T08:01:37.837572+00:00,81.0,175,bid,AverageAlmonds,WavyWalnuts,1945357
2026-07-01T08:01:38.167648,2026-07-01T08:01:38.169810+00:00,81.0,325,ask,AverageAlmonds,YieldingYams,1945373
2026-07-01T08:01:38.167648,2026-07-01T08:01:38.180221+00:00,80.9,7,ask,Kelvin Chan,YieldingYams,1945374
2026-07-01T08:01:38.290216,2026-07-01T08:01:38.294601+00:00,80.9,200,bid,WavyWalnuts,YieldingYams,1945379
2026-07-01T08:01:38.423702,2026-07-01T08:01:38.429035+00:00,80.9,93,bid,AverageAlmonds,YieldingYams,1945384
2026-07-01T08:01:39.477825,2026-07-01T08:01:39.485636+00:00,81.1,200,bid,YieldingYams,WavyWalnuts,1945401
2026-07-01T08:01:39.498571,2026-07-01T08:01:39.506839+00:00,81.1,200,ask,YieldingYams,WavyWalnuts,1945403
2026-07-01T08:01:40.489888,2026-07-01T08:01:40.503496+00:00,81.1,4,ask,YieldingYams,Xuanyu Liu,1945423
2026-07-01T08:01:42.458647,2026-07-01T08:01:42.468688+00:00,81.1,11,ask,YieldingYams,Xuanyu Liu,1945484
2026-07-01T08:01:44.727057,2026-07-01T08:01:44.734840+00:00,81.2,200,bid,YieldingYams,WavyWalnuts,1945534
2026-07-01T08:01:44.727057,2026-07-01T08:01:44.734840+00:00,81.4,2,bid,YieldingYams,Kelvin Chan,1945535
2026-07-01T08:01:44.727057,2026-07-01T08:01:44.734840+00:00,81.4,423,bid,YieldingYams,AverageAlmonds,1945536
2026-07-01T08:01:45.038053,2026-07-01T08:01:45.042777+00:00,81.1,20,ask,WavyWalnuts,BrilliantBurritos,1945540
2026-07-01T08:01:46.173301,2026-07-01T08:01:46.178494+00:00,81.3,5,bid,BrilliantBurritos,Kelvin Chan,1945568
2026-07-01T08:01:46.173301,2026-07-01T08:01:46.178494+00:00,81.3,15,bid,BrilliantBurritos,WavyWalnuts,1945569
2026-07-01T08:01:47.365452,2026-07-01T08:01:47.374451+00:00,81.2,3,ask,YieldingYams,Xuanyu Liu,1945601
2026-07-01T08:01:48.259762,2026-07-01T08:01:48.269234+00:00,81.2,10,ask,YieldingYams,Zijun Feng,1945639
2026-07-01T08:01:49.197407,2026-07-01T08:01:49.209187+00:00,81.1,200,ask,YieldingYams,WavyWalnuts,1945660
2026-07-01T08:01:49.989492,2026-07-01T08:01:50.001268+00:00,81.0,3,ask,Kelvin Chan,YieldingYams,1945686
2026-07-01T08:01:49.989492,2026-07-01T08:01:50.001268+00:00,81.0,200,ask,WavyWalnuts,YieldingYams,1945687
2026-07-01T08:01:50.402655,2026-07-01T08:01:50.412448+00:00,80.9,200,bid,WavyWalnuts,YieldingYams,1945700
2026-07-01T08:01:51.304173,2026-07-01T08:01:51.306953+00:00,81.1,200,bid,YieldingYams,WavyWalnuts,1945726
2026-07-01T08:01:51.613148,2026-07-01T08:01:51.615439+00:00,81.1,200,ask,YieldingYams,WavyWalnuts,1945732
2026-07-01T08:01:52.097148,2026-07-01T08:01:52.100713+00:00,81.1,100,ask,YieldingYams,Eric Deng,1945737
2026-07-01T08:01:52.821944,2026-07-01T08:01:52.832994+00:00,81.0,200,bid,WavyWalnuts,YieldingYams,1945757
2026-07-01T08:01:54.039654,2026-07-01T08:01:54.049659+00:00,81.0,200,bid,WavyWalnuts,YieldingYams,1945777
2026-07-01T08:01:54.335930,2026-07-01T08:01:54.339903+00:00,80.9,3,ask,Kelvin Chan,Zijun Feng,1945793
2026-07-01T08:01:54.845221,2026-07-01T08:01:54.854026+00:00,80.8,7,ask,YieldingYams,Zijun Feng,1945804
2026-07-01T08:01:55.253146,2026-07-01T08:01:55.258166+00:00,81.1,200,bid,WavyWalnuts,YieldingYams,1945816
2026-07-01T08:01:55.440902,2026-07-01T08:01:55.445512+00:00,81.0,100,ask,YieldingYams,Eric Deng,1945828
2026-07-01T08:01:56.465978,2026-07-01T08:01:56.476592+00:00,81.1,200,bid,WavyWalnuts,YieldingYams,1945858
2026-07-01T08:01:58.887966,2026-07-01T08:01:58.891731+00:00,81.0,200,ask,YieldingYams,WavyWalnuts,1945900
2026-07-01T08:02:00.096192,2026-07-01T08:02:00.102608+00:00,81.1,200,bid,WavyWalnuts,YieldingYams,1945936
2026-07-01T08:02:00.491092,2026-07-01T08:02:00.498616+00:00,81.1,103,ask,YieldingYams,Chester Au,1945948
2026-07-01T08:02:05.731321,2026-07-01T08:02:05.743803+00:00,81.2,200,ask,WavyWalnuts,YieldingYams,1946071
2026-07-01T08:02:08.568408,2026-07-01T08:02:08.571537+00:00,81.2,200,bid,WavyWalnuts,YieldingYams,1946116
2026-07-01T08:02:10.998761,2026-07-01T08:02:11.009847+00:00,81.0,200,ask,AverageAlmonds,WavyWalnuts,1946174
2026-07-01T08:02:12.207277,2026-07-01T08:02:12.213299+00:00,81.0,200,ask,YieldingYams,WavyWalnuts,1946202
2026-07-01T08:02:13.533541,2026-07-01T08:02:13.543719+00:00,81.0,20,ask,WavyWalnuts,BrilliantBurritos,1946230
2026-07-01T08:02:15.867843,2026-07-01T08:02:15.877978+00:00,81.2,4,ask,WavyWalnuts,Chester Au,1946292
2026-07-01T08:02:16.252806,2026-07-01T08:02:16.260687+00:00,81.2,196,ask,WavyWalnuts,YieldingYams,1946310
2026-07-01T08:02:17.564977,2026-07-01T08:02:17.567404+00:00,81.2,200,bid,YieldingYams,WavyWalnuts,1946339
2026-07-01T08:02:17.564977,2026-07-01T08:02:17.577713+00:00,81.3,1,bid,YieldingYams,Kelvin Chan,1946340
2026-07-01T08:02:17.564977,2026-07-01T08:02:17.577713+00:00,81.3,424,bid,YieldingYams,AverageAlmonds,1946341
2026-07-01T08:02:18.882344,2026-07-01T08:02:18.889401+00:00,81.1,200,bid,YieldingYams,WavyWalnuts,1946364
2026-07-01T08:02:18.882344,2026-07-01T08:02:18.889401+00:00,81.3,5,bid,YieldingYams,Kelvin Chan,1946365
2026-07-01T08:02:18.882344,2026-07-01T08:02:18.889401+00:00,81.3,420,bid,YieldingYams,AverageAlmonds,1946366
2026-07-01T08:02:21.510446,2026-07-01T08:02:21.519545+00:00,81.2,200,bid,YieldingYams,WavyWalnuts,1946429
2026-07-01T08:02:21.525924,2026-07-01T08:02:21.529906+00:00,81.2,93,ask,YieldingYams,Chester Au,1946431
2026-07-01T08:02:22.196395,2026-07-01T08:02:22.200922+00:00,81.2,25,ask,YieldingYams,Jessica Xu,1946447
2026-07-01T08:02:22.828808,2026-07-01T08:02:22.832012+00:00,81.1,200,ask,WavyWalnuts,YieldingYams,1946460
2026-07-01T08:02:23.099409,2026-07-01T08:02:23.102356+00:00,81.1,200,bid,WavyWalnuts,YieldingYams,1946464
2026-07-01T08:02:23.695793,2026-07-01T08:02:23.701328+00:00,80.9,1,ask,Kelvin Chan,BrilliantBurritos,1946470
2026-07-01T08:02:23.695793,2026-07-01T08:02:23.701328+00:00,80.9,19,ask,YieldingYams,BrilliantBurritos,1946471
2026-07-01T08:02:24.315689,2026-07-01T08:02:24.321702+00:00,81.1,200,ask,YieldingYams,WavyWalnuts,1946490
2026-07-01T08:02:24.767310,2026-07-01T08:02:24.777877+00:00,81.2,3,bid,Xuanyu Liu,AverageAlmonds,1946502
2026-07-01T08:02:24.805113,2026-07-01T08:02:24.808805+00:00,81.2,35,bid,Eric Deng,AverageAlmonds,1946504
2026-07-01T08:02:25.109150,2026-07-01T08:02:25.118135+00:00,81.1,3,ask,YieldingYams,Xuanyu Liu,1946510
2026-07-01T08:02:26.736022,2026-07-01T08:02:26.739188+00:00,81.0,1,ask,Kelvin Chan,WavyWalnuts,1946540
2026-07-01T08:02:26.736022,2026-07-01T08:02:26.749557+00:00,81.0,199,ask,YieldingYams,WavyWalnuts,1946541
2026-07-01T08:02:33.351074,2026-07-01T08:02:33.361028+00:00,80.9,200,bid,YieldingYams,WavyWalnuts,1946670
2026-07-01T08:02:34.670722,2026-07-01T08:02:34.681611+00:00,80.9,200,ask,WavyWalnuts,YieldingYams,1946705
2026-07-01T08:02:35.199169,2026-07-01T08:02:35.205412+00:00,80.8,200,bid,WavyWalnuts,YieldingYams,1946709
2026-07-01T08:02:36.410704,2026-07-01T08:02:36.421410+00:00,80.8,200,ask,YieldingYams,WavyWalnuts,1946738
2026-07-01T08:02:36.879039,2026-07-01T08:02:36.885657+00:00,80.8,20,ask,YieldingYams,BrilliantBurritos,1946753
2026-07-01T08:02:38.601346,2026-07-01T08:02:38.606843+00:00,81.0,200,bid,YieldingYams,WavyWalnuts,1946795
2026-07-01T08:02:38.697421,2026-07-01T08:02:38.699290+00:00,81.0,35,ask,YieldingYams,Eric Deng,1946800
2026-07-01T08:02:40.043378,2026-07-01T08:02:40.046421+00:00,81.0,200,bid,WavyWalnuts,YieldingYams,1946840
2026-07-01T08:02:41.251180,2026-07-01T08:02:41.262339+00:00,81.1,9,bid,WavyWalnuts,Kelvin Chan,1946863
2026-07-01T08:02:41.251180,2026-07-01T08:02:41.262339+00:00,81.1,191,bid,WavyWalnuts,YieldingYams,1946864
2026-07-01T08:02:42.464358,2026-07-01T08:02:42.476380+00:00,81.1,200,bid,WavyWalnuts,YieldingYams,1946889
2026-07-01T08:02:42.535623,2026-07-01T08:02:42.538545+00:00,81.1,8,bid,YieldingYams,Kelvin Chan,1946890
2026-07-01T08:02:43.690986,2026-07-01T08:02:43.699226+00:00,81.2,200,bid,WavyWalnuts,AverageAlmonds,1946927
2026-07-01T08:02:44.903267,2026-07-01T08:02:44.911080+00:00,81.1,200,ask,YieldingYams,WavyWalnuts,1946956
2026-07-01T08:02:46.112641,2026-07-01T08:02:46.117796+00:00,81.1,200,bid,WavyWalnuts,YieldingYams,1946983
2026-07-01T08:02:46.207683,2026-07-01T08:02:46.210432+00:00,81.0,20,ask,YieldingYams,BrilliantBurritos,1946984
2026-07-01T08:02:47.226438,2026-07-01T08:02:47.229320+00:00,80.9,25,ask,YieldingYams,Jessica Xu,1946996
2026-07-01T08:02:47.332611,2026-07-01T08:02:47.343062+00:00,81.0,3,ask,WavyWalnuts,Xuanyu Liu,1946999
2026-07-01T08:02:47.806997,2026-07-01T08:02:47.817106+00:00,81.0,197,ask,WavyWalnuts,YieldingYams,1947014
2026-07-01T08:02:48.534961,2026-07-01T08:02:48.539701+00:00,80.9,200,bid,WavyWalnuts,YieldingYams,1947040
2026-07-01T08:02:49.115979,2026-07-01T08:02:49.121195+00:00,81.0,200,bid,YieldingYams,WavyWalnuts,1947047
2026-07-01T08:02:49.747387,2026-07-01T08:02:49.753669+00:00,81.0,200,ask,YieldingYams,WavyWalnuts,1947058
2026-07-01T08:02:50.956378,2026-07-01T08:02:50.960803+00:00,81.0,200,bid,WavyWalnuts,YieldingYams,1947085
2026-07-01T08:02:51.715393,2026-07-01T08:02:51.725109+00:00,81.0,425,bid,AverageAlmonds,YieldingYams,1947110
2026-07-01T08:02:52.167494,2026-07-01T08:02:52.178593+00:00,81.1,200,ask,YieldingYams,WavyWalnuts,1947119
2026-07-01T08:02:53.377042,2026-07-01T08:02:53.383310+00:00,81.1,200,ask,YieldingYams,WavyWalnuts,1947146
2026-07-01T08:02:54.375402,2026-07-01T08:02:54.378077+00:00,81.2,1,bid,YieldingYams,Kelvin Chan,1947162
2026-07-01T08:02:54.586443,2026-07-01T08:02:54.595051+00:00,81.2,200,ask,YieldingYams,WavyWalnuts,1947166
2026-07-01T08:02:58.306218,2026-07-01T08:02:58.322841+00:00,81.2,200,ask,WavyWalnuts,YieldingYams,1947250
2026-07-01T08:02:58.314005,2026-07-01T08:02:58.322841+00:00,81.1,3,bid,Xuanyu Liu,YieldingYams,1947251
2026-07-01T08:02:58.367076,2026-07-01T08:02:58.374716+00:00,81.1,422,bid,AverageAlmonds,YieldingYams,1947254
2026-07-01T08:02:59.614053,2026-07-01T08:02:59.626052+00:00,81.3,4,bid,YieldingYams,Kelvin Chan,1947275
2026-07-01T08:03:00.928847,2026-07-01T08:03:00.939798+00:00,81.4,2,bid,BrilliantBurritos,Kelvin Chan,1947298
2026-07-01T08:03:01.843436,2026-07-01T08:03:01.846199+00:00,81.4,200,bid,WavyWalnuts,YieldingYams,1947313
2026-07-01T08:03:03.053013,2026-07-01T08:03:03.057480+00:00,81.4,1,bid,WavyWalnuts,Kelvin Chan,1947343
2026-07-01T08:03:04.271794,2026-07-01T08:03:04.282336+00:00,81.5,1,bid,WavyWalnuts,Kelvin Chan,1947373
2026-07-01T08:03:05.864401,2026-07-01T08:03:05.875396+00:00,81.6,1,bid,Xuanyu Liu,Kelvin Chan,1947412
2026-07-01T08:03:05.864401,2026-07-01T08:03:05.875396+00:00,81.6,2,bid,Xuanyu Liu,WavyWalnuts,1947413
2026-07-01T08:03:06.193600,2026-07-01T08:03:06.204262+00:00,81.6,198,bid,YieldingYams,WavyWalnuts,1947421
2026-07-01T08:03:08.835726,2026-07-01T08:03:08.842236+00:00,81.7,1,bid,YieldingYams,Kelvin Chan,1947465
2026-07-01T08:03:08.835726,2026-07-01T08:03:08.842236+00:00,81.7,200,bid,YieldingYams,WavyWalnuts,1947466
2026-07-01T08:03:10.149742,2026-07-01T08:03:10.157087+00:00,81.8,200,bid,YieldingYams,WavyWalnuts,1947493
2026-07-01T08:03:10.316643,2026-07-01T08:03:10.322176+00:00,81.9,200,ask,YieldingYams,WavyWalnuts,1947497
2026-07-01T08:03:10.493682,2026-07-01T08:03:10.496576+00:00,81.9,225,ask,YieldingYams,AverageAlmonds,1947498
2026-07-01T08:03:11.474214,2026-07-01T08:03:11.481343+00:00,81.7,200,ask,WavyWalnuts,YieldingYams,1947517
2026-07-01T08:03:11.521219,2026-07-01T08:03:11.532564+00:00,81.6,200,bid,WavyWalnuts,YieldingYams,1947519
2026-07-01T08:03:12.217729,2026-07-01T08:03:12.221038+00:00,81.6,100,bid,Eric Deng,YieldingYams,1947529
2026-07-01T08:03:12.265870,2026-07-01T08:03:12.272799+00:00,81.6,25,bid,Jessica Xu,YieldingYams,1947532
2026-07-01T08:03:12.434678,2026-07-01T08:03:12.438126+00:00,81.6,10,bid,Zijun Feng,YieldingYams,1947541
2026-07-01T08:03:12.447532,2026-07-01T08:03:12.458655+00:00,81.6,25,bid,Eric Deng,YieldingYams,1947542
2026-07-01T08:03:12.734678,2026-07-01T08:03:12.746536+00:00,81.6,65,bid,WavyWalnuts,YieldingYams,1947549
2026-07-01T08:03:13.835227,2026-07-01T08:03:13.838564+00:00,81.7,20,ask,YieldingYams,BrilliantBurritos,1947579
2026-07-01T08:03:18.044136,2026-07-01T08:03:18.046230+00:00,81.5,500,ask,AverageAlmonds,YieldingYams,1947662
2026-07-01T08:03:18.341137,2026-07-01T08:03:18.347097+00:00,81.5,125,bid,AverageAlmonds,YieldingYams,1947679
2026-07-01T08:03:18.562705,2026-07-01T08:03:18.574006+00:00,81.5,20,ask,AverageAlmonds,BrilliantBurritos,1947684
2026-07-01T08:03:20.007150,2026-07-01T08:03:20.016107+00:00,81.6,200,bid,WavyWalnuts,YieldingYams,1947715
2026-07-01T08:03:20.661913,2026-07-01T08:03:20.673236+00:00,81.6,20,bid,BrilliantBurritos,YieldingYams,1947732
2026-07-01T08:03:20.682202,2026-07-01T08:03:20.693911+00:00,81.7,1,bid,YieldingYams,Kelvin Chan,1947734
2026-07-01T08:03:22.426255,2026-07-01T08:03:22.430133+00:00,81.7,200,ask,YieldingYams,WavyWalnuts,1947772
2026-07-01T08:03:24.660835,2026-07-01T08:03:24.670393+00:00,81.5,200,ask,WavyWalnuts,YieldingYams,1947833
2026-07-01T08:03:24.693878,2026-07-01T08:03:24.701392+00:00,81.5,75,bid,Eric Deng,YieldingYams,1947835
2026-07-01T08:03:26.050064,2026-07-01T08:03:26.059005+00:00,81.5,200,bid,WavyWalnuts,YieldingYams,1947873
2026-07-01T08:03:27.260058,2026-07-01T08:03:27.269391+00:00,81.5,200,bid,WavyWalnuts,YieldingYams,1947893
2026-07-01T08:03:28.605842,2026-07-01T08:03:28.623534+00:00,81.4,1,ask,Kelvin Chan,YieldingYams,1947932
2026-07-01T08:03:28.605842,2026-07-01T08:03:28.623534+00:00,81.4,200,ask,WavyWalnuts,YieldingYams,1947933
2026-07-01T08:03:28.614440,2026-07-01T08:03:28.623534+00:00,81.4,23,bid,Xuanyu Liu,YieldingYams,1947934
2026-07-01T08:03:28.630442,2026-07-01T08:03:28.633987+00:00,81.4,50,bid,Chester Au,YieldingYams,1947936
2026-07-01T08:03:30.887745,2026-07-01T08:03:30.891862+00:00,81.3,200,ask,YieldingYams,WavyWalnuts,1947973
2026-07-01T08:03:33.305080,2026-07-01T08:03:33.311627+00:00,81.4,200,bid,WavyWalnuts,YieldingYams,1948017
2026-07-01T08:03:33.497340,2026-07-01T08:03:33.506814+00:00,81.4,425,bid,AverageAlmonds,YieldingYams,1948020
2026-07-01T08:03:33.858572,2026-07-01T08:03:33.881548+00:00,81.6,200,bid,YieldingYams,WavyWalnuts,1948037
2026-07-01T08:03:33.868427,2026-07-01T08:03:33.881548+00:00,81.6,9,ask,YieldingYams,Xuanyu Liu,1948038
2026-07-01T08:03:36.490312,2026-07-01T08:03:36.493197+00:00,81.7,200,bid,YieldingYams,WavyWalnuts,1948077
2026-07-01T08:03:36.936107,2026-07-01T08:03:36.946169+00:00,81.8,2,bid,WavyWalnuts,Kelvin Chan,1948092
2026-07-01T08:03:36.936107,2026-07-01T08:03:36.946169+00:00,81.8,198,bid,WavyWalnuts,AverageAlmonds,1948093
2026-07-01T08:03:38.146358,2026-07-01T08:03:38.157465+00:00,81.8,2,bid,WavyWalnuts,Kelvin Chan,1948122
2026-07-01T08:03:38.146358,2026-07-01T08:03:38.157465+00:00,81.9,198,bid,WavyWalnuts,AverageAlmonds,1948123
2026-07-01T08:03:39.523504,2026-07-01T08:03:39.533803+00:00,81.8,1,bid,Xuanyu Liu,Kelvin Chan,1948147
2026-07-01T08:03:39.523504,2026-07-01T08:03:39.533803+00:00,81.8,2,bid,Xuanyu Liu,WavyWalnuts,1948148
2026-07-01T08:03:41.728817,2026-07-01T08:03:41.739209+00:00,81.8,500,bid,YieldingYams,AverageAlmonds,1948187
2026-07-01T08:03:41.977967,2026-07-01T08:03:41.985337+00:00,81.8,125,ask,YieldingYams,AverageAlmonds,1948194
2026-07-01T08:03:42.214962,2026-07-01T08:03:42.221399+00:00,81.8,10,bid,Zijun Feng,AverageAlmonds,1948199
2026-07-01T08:03:42.302244,2026-07-01T08:03:42.313883+00:00,81.8,25,bid,Jessica Xu,AverageAlmonds,1948202
2026-07-01T08:03:42.578073,2026-07-01T08:03:42.580492+00:00,81.7,200,ask,WavyWalnuts,AverageAlmonds,1948207
2026-07-01T08:03:42.592784,2026-07-01T08:03:42.605000+00:00,81.7,11,bid,Xuanyu Liu,AverageAlmonds,1948210
2026-07-01T08:03:42.605331,2026-07-01T08:03:42.615399+00:00,81.7,150,bid,Chester Au,AverageAlmonds,1948212
2026-07-01T08:03:42.989925,2026-07-01T08:03:42.994594+00:00,81.7,139,bid,WavyWalnuts,AverageAlmonds,1948219
2026-07-01T08:03:43.043286,2026-07-01T08:03:43.045869+00:00,81.7,61,ask,WavyWalnuts,YieldingYams,1948221
2026-07-01T08:03:43.193286,2026-07-01T08:03:43.216126+00:00,81.6,12,bid,Xuanyu Liu,AverageAlmonds,1948223
2026-07-01T08:03:43.906642,2026-07-01T08:03:43.916701+00:00,81.5,12,ask,YieldingYams,Xuanyu Liu,1948239
2026-07-01T08:03:44.204684,2026-07-01T08:03:44.206712+00:00,81.6,200,bid,WavyWalnuts,AverageAlmonds,1948248
2026-07-01T08:03:44.357271,2026-07-01T08:03:44.372152+00:00,81.6,300,bid,YieldingYams,AverageAlmonds,1948254
2026-07-01T08:03:44.362524,2026-07-01T08:03:44.372152+00:00,81.6,11,ask,YieldingYams,Xuanyu Liu,1948255
2026-07-01T08:03:44.425548,2026-07-01T08:03:44.433872+00:00,81.6,314,ask,YieldingYams,AverageAlmonds,1948257
2026-07-01T08:03:45.671100,2026-07-01T08:03:45.676319+00:00,81.4,3,ask,Kelvin Chan,YieldingYams,1948275
2026-07-01T08:03:46.335637,2026-07-01T08:03:46.345486+00:00,81.4,3,bid,Xuanyu Liu,YieldingYams,1948285
2026-07-01T08:03:46.448853,2026-07-01T08:03:46.458445+00:00,81.4,3,bid,Xuanyu Liu,YieldingYams,1948287
2026-07-01T08:03:46.553825,2026-07-01T08:03:46.563330+00:00,81.4,3,bid,Xuanyu Liu,YieldingYams,1948293
2026-07-01T08:03:46.645635,2026-07-01T08:03:46.655862+00:00,81.4,200,bid,WavyWalnuts,YieldingYams,1948296
2026-07-01T08:03:49.074719,2026-07-01T08:03:49.085309+00:00,81.5,200,ask,YieldingYams,WavyWalnuts,1948364
2026-07-01T08:03:52.027508,2026-07-01T08:03:52.038541+00:00,81.6,20,bid,BrilliantBurritos,YieldingYams,1948433
2026-07-01T08:03:52.237147,2026-07-01T08:03:52.257332+00:00,81.6,500,bid,YieldingYams,AverageAlmonds,1948435
2026-07-01T08:03:52.245979,2026-07-01T08:03:52.257332+00:00,81.6,9,ask,YieldingYams,Xuanyu Liu,1948436
2026-07-01T08:03:52.285565,2026-07-01T08:03:52.288561+00:00,81.6,116,ask,YieldingYams,AverageAlmonds,1948438
2026-07-01T08:03:53.932757,2026-07-01T08:03:53.943378+00:00,81.6,200,bid,WavyWalnuts,AverageAlmonds,1948469
2026-07-01T08:03:54.871052,2026-07-01T08:03:54.873783+00:00,81.3,5,ask,Kelvin Chan,YieldingYams,1948488
2026-07-01T08:03:55.148173,2026-07-01T08:03:55.151354+00:00,81.3,200,bid,WavyWalnuts,YieldingYams,1948495
2026-07-01T08:03:56.201927,2026-07-01T08:03:56.214157+00:00,81.3,3,ask,YieldingYams,Xuanyu Liu,1948518
2026-07-01T08:03:56.870904,2026-07-01T08:03:56.882598+00:00,81.3,10,ask,YieldingYams,Zijun Feng,1948531
2026-07-01T08:03:57.019360,2026-07-01T08:03:57.026212+00:00,81.3,20,ask,YieldingYams,BrilliantBurritos,1948533
2026-07-01T08:03:58.401975,2026-07-01T08:03:58.410408+00:00,81.3,1,ask,Kelvin Chan,Zijun Feng,1948571
2026-07-01T08:03:58.832891,2026-07-01T08:03:58.842365+00:00,81.4,200,bid,YieldingYams,WavyWalnuts,1948575
2026-07-01T08:03:58.914270,2026-07-01T08:03:58.924747+00:00,81.4,9,ask,YieldingYams,Zijun Feng,1948580
2026-07-01T08:03:59.007551,2026-07-01T08:03:59.018807+00:00,81.4,100,ask,YieldingYams,Eric Deng,1948588
2026-07-01T08:03:59.425688,2026-07-01T08:03:59.429671+00:00,81.4,10,ask,YieldingYams,Zijun Feng,1948594
2026-07-01T08:03:59.729973,2026-07-01T08:03:59.739988+00:00,81.4,10,ask,YieldingYams,Xuanyu Liu,1948601
2026-07-01T08:03:59.745030,2026-07-01T08:03:59.750459+00:00,81.4,147,ask,YieldingYams,Chester Au,1948603
2026-07-01T08:03:59.803006,2026-07-01T08:03:59.812944+00:00,81.5,3,bid,Xuanyu Liu,AverageAlmonds,1948604
2026-07-01T08:03:59.844942,2026-07-01T08:03:59.854680+00:00,81.5,3,bid,Xuanyu Liu,AverageAlmonds,1948608
2026-07-01T08:03:59.898033,2026-07-01T08:03:59.908475+00:00,81.5,3,bid,Xuanyu Liu,AverageAlmonds,1948612
2026-07-01T08:04:00.160556,2026-07-01T08:04:00.166015+00:00,81.4,149,ask,YieldingYams,AverageAlmonds,1948620
2026-07-01T08:04:00.160556,2026-07-01T08:04:00.166015+00:00,81.4,200,ask,WavyWalnuts,AverageAlmonds,1948621
2026-07-01T08:04:00.180060,2026-07-01T08:04:00.186805+00:00,81.3,8,ask,Kelvin Chan,YieldingYams,1948622
2026-07-01T08:04:00.465037,2026-07-01T08:04:00.473896+00:00,81.2,3,bid,Xuanyu Liu,YieldingYams,1948626
2026-07-01T08:04:01.199780,2026-07-01T08:04:01.209281+00:00,81.2,200,bid,WavyWalnuts,YieldingYams,1948646
2026-07-01T08:04:01.505174,2026-07-01T08:04:01.510832+00:00,81.3,20,bid,BrilliantBurritos,YieldingYams,1948659
2026-07-01T08:04:02.804354,2026-07-01T08:04:02.812448+00:00,81.2,200,bid,YieldingYams,WavyWalnuts,1948683
2026-07-01T08:04:04.118642,2026-07-01T08:04:04.130391+00:00,81.2,200,ask,WavyWalnuts,YieldingYams,1948700
2026-07-01T08:04:06.054488,2026-07-01T08:04:06.064083+00:00,81.1,2,ask,Kelvin Chan,Xuanyu Liu,1948741
2026-07-01T08:04:07.262872,2026-07-01T08:04:07.264816+00:00,81.2,100,ask,WavyWalnuts,Eric Deng,1948770
2026-07-01T08:04:07.332162,2026-07-01T08:04:07.337481+00:00,81.2,25,ask,WavyWalnuts,Jessica Xu,1948772
2026-07-01T08:04:07.341302,2026-07-01T08:04:07.347899+00:00,81.3,2,bid,Jessica Xu,YieldingYams,1948774
2026-07-01T08:04:10.697269,2026-07-01T08:04:10.700492+00:00,81.3,200,bid,YieldingYams,WavyWalnuts,1948860
2026-07-01T08:04:10.884636,2026-07-01T08:04:10.887187+00:00,81.3,200,ask,YieldingYams,WavyWalnuts,1948864
2026-07-01T08:04:12.014224,2026-07-01T08:04:12.022255+00:00,81.2,1,ask,Kelvin Chan,YieldingYams,1948890
2026-07-01T08:04:12.014224,2026-07-01T08:04:12.022255+00:00,81.1,200,ask,WavyWalnuts,YieldingYams,1948891
2026-07-01T08:04:12.092544,2026-07-01T08:04:12.104928+00:00,81.1,200,bid,WavyWalnuts,YieldingYams,1948900
2026-07-01T08:04:12.351171,2026-07-01T08:04:12.353764+00:00,81.1,2,bid,Jessica Xu,YieldingYams,1948906
2026-07-01T08:04:14.044681,2026-07-01T08:04:14.051414+00:00,81.1,10,ask,YieldingYams,Zijun Feng,1948930
2026-07-01T08:04:15.732526,2026-07-01T08:04:15.740393+00:00,81.1,200,ask,YieldingYams,WavyWalnuts,1948966
2026-07-01T08:04:16.941024,2026-07-01T08:04:16.945114+00:00,81.1,200,ask,YieldingYams,WavyWalnuts,1948987
2026-07-01T08:04:17.361751,2026-07-01T08:04:17.370088+00:00,81.1,2,bid,Jessica Xu,YieldingYams,1949002
2026-07-01T08:04:17.556212,2026-07-01T08:04:17.566525+00:00,81.0,2,ask,Kelvin Chan,Chester Au,1949008
2026-07-01T08:04:17.556212,2026-07-01T08:04:17.566525+00:00,81.0,51,ask,AverageAlmonds,Chester Au,1949009
2026-07-01T08:04:17.705641,2026-07-01T08:04:17.711454+00:00,81.1,500,bid,AverageAlmonds,YieldingYams,1949011
2026-07-01T08:04:18.154552,2026-07-01T08:04:18.176151+00:00,81.1,123,bid,WavyWalnuts,YieldingYams,1949017
2026-07-01T08:04:18.166829,2026-07-01T08:04:18.176151+00:00,81.1,3,ask,WavyWalnuts,Xuanyu Liu,1949018
2026-07-01T08:04:18.571331,2026-07-01T08:04:18.600344+00:00,81.3,200,bid,YieldingYams,WavyWalnuts,1949039
2026-07-01T08:04:18.583860,2026-07-01T08:04:18.600344+00:00,81.3,17,ask,YieldingYams,Xuanyu Liu,1949040
2026-07-01T08:04:19.375613,2026-07-01T08:04:19.380385+00:00,81.3,200,ask,YieldingYams,WavyWalnuts,1949057
2026-07-01T08:04:19.934361,2026-07-01T08:04:19.939646+00:00,81.4,4,bid,BrilliantBurritos,Kelvin Chan,1949075
2026-07-01T08:04:19.934361,2026-07-01T08:04:19.939646+00:00,81.4,16,bid,BrilliantBurritos,YieldingYams,1949076
2026-07-01T08:04:20.582947,2026-07-01T08:04:20.588610+00:00,81.2,200,ask,YieldingYams,WavyWalnuts,1949089
2026-07-01T08:04:21.205953,2026-07-01T08:04:21.208406+00:00,81.3,500,ask,AverageAlmonds,YieldingYams,1949103
2026-07-01T08:04:21.219934,2026-07-01T08:04:21.230689+00:00,81.1,17,bid,Xuanyu Liu,YieldingYams,1949104
2026-07-01T08:04:21.339827,2026-07-01T08:04:21.344156+00:00,81.1,108,bid,AverageAlmonds,YieldingYams,1949108
2026-07-01T08:04:21.796986,2026-07-01T08:04:21.799941+00:00,81.4,200,ask,AverageAlmonds,WavyWalnuts,1949118
2026-07-01T08:04:21.883730,2026-07-01T08:04:21.893612+00:00,81.4,11,ask,AverageAlmonds,Xuanyu Liu,1949123
2026-07-01T08:04:22.371243,2026-07-01T08:04:22.379823+00:00,81.4,25,ask,AverageAlmonds,Jessica Xu,1949136
2026-07-01T08:04:23.831662,2026-07-01T08:04:23.848351+00:00,81.5,3,bid,YieldingYams,Kelvin Chan,1949173
2026-07-01T08:04:23.839677,2026-07-01T08:04:23.848351+00:00,81.5,6,ask,YieldingYams,Xuanyu Liu,1949174
2026-07-01T08:04:24.235303,2026-07-01T08:04:24.242882+00:00,81.6,200,bid,WavyWalnuts,YieldingYams,1949195
2026-07-01T08:04:25.157814,2026-07-01T08:04:25.163878+00:00,81.6,8,bid,YieldingYams,Kelvin Chan,1949211
2026-07-01T08:04:25.157814,2026-07-01T08:04:25.163878+00:00,81.7,200,bid,YieldingYams,WavyWalnuts,1949212
2026-07-01T08:04:27.425933,2026-07-01T08:04:27.435175+00:00,81.7,6,ask,WavyWalnuts,Jessica Xu,1949268
2026-07-01T08:04:28.347975,2026-07-01T08:04:28.356771+00:00,81.7,10,ask,YieldingYams,Zijun Feng,1949288
2026-07-01T08:04:28.861311,2026-07-01T08:04:28.870884+00:00,81.7,10,ask,YieldingYams,Zijun Feng,1949302
2026-07-01T08:04:29.072073,2026-07-01T08:04:29.077354+00:00,81.8,1,bid,WavyWalnuts,Kelvin Chan,1949305
2026-07-01T08:04:29.072073,2026-07-01T08:04:29.077354+00:00,81.8,199,bid,WavyWalnuts,AverageAlmonds,1949306
2026-07-01T08:04:29.095964,2026-07-01T08:04:29.098193+00:00,81.8,301,bid,YieldingYams,AverageAlmonds,1949311
2026-07-01T08:04:29.213121,2026-07-01T08:04:29.223522+00:00,81.8,324,ask,YieldingYams,AverageAlmonds,1949313
2026-07-01T08:04:30.405281,2026-07-01T08:04:30.412844+00:00,81.7,200,ask,WavyWalnuts,YieldingYams,1949333
2026-07-01T08:04:31.393521,2026-07-01T08:04:31.396886+00:00,81.4,10,ask,YieldingYams,Zijun Feng,1949356
2026-07-01T08:04:31.501498,2026-07-01T08:04:31.511440+00:00,81.6,200,bid,WavyWalnuts,YieldingYams,1949357
2026-07-01T08:04:38.271287,2026-07-01T08:04:38.280099+00:00,81.6,200,bid,YieldingYams,WavyWalnuts,1949516
2026-07-01T08:04:41.542649,2026-07-01T08:04:41.544928+00:00,81.5,10,ask,WavyWalnuts,Zijun Feng,1949584
2026-07-01T08:04:43.546639,2026-07-01T08:04:43.557746+00:00,81.5,200,ask,WavyWalnuts,YieldingYams,1949631
2026-07-01T08:04:44.098319,2026-07-01T08:04:44.107443+00:00,81.4,10,ask,YieldingYams,Zijun Feng,1949649
2026-07-01T08:04:44.860023,2026-07-01T08:04:44.868839+00:00,81.5,200,bid,YieldingYams,WavyWalnuts,1949666
2026-07-01T08:04:44.860023,2026-07-01T08:04:44.868839+00:00,81.6,425,bid,YieldingYams,AverageAlmonds,1949667
2026-07-01T08:04:45.638959,2026-07-01T08:04:45.641913+00:00,81.3,6,ask,Kelvin Chan,Zijun Feng,1949685
2026-07-01T08:04:45.638959,2026-07-01T08:04:45.652286+00:00,81.3,4,ask,WavyWalnuts,Zijun Feng,1949686
2026-07-01T08:04:46.024735,2026-07-01T08:04:46.033730+00:00,81.6,200,bid,WavyWalnuts,AverageAlmonds,1949700
2026-07-01T08:04:46.130857,2026-07-01T08:04:46.137638+00:00,81.4,9,ask,Kelvin Chan,BrilliantBurritos,1949703
2026-07-01T08:04:47.240331,2026-07-01T08:04:47.244607+00:00,81.4,200,bid,WavyWalnuts,YieldingYams,1949731
2026-07-01T08:04:48.141189,2026-07-01T08:04:48.152689+00:00,81.6,20,bid,BrilliantBurritos,YieldingYams,1949751
2026-07-01T08:04:48.799095,2026-07-01T08:04:48.803809+00:00,81.6,200,bid,YieldingYams,WavyWalnuts,1949767
2026-07-01T08:04:48.799095,2026-07-01T08:04:48.803809+00:00,81.6,425,bid,YieldingYams,AverageAlmonds,1949768
2026-07-01T08:04:49.182157,2026-07-01T08:04:49.189001+00:00,81.4,20,ask,WavyWalnuts,BrilliantBurritos,1949781
2026-07-01T08:04:50.118954,2026-07-01T08:04:50.131032+00:00,81.4,200,ask,WavyWalnuts,YieldingYams,1949805
2026-07-01T08:04:50.118954,2026-07-01T08:04:50.131032+00:00,81.3,2,ask,Kelvin Chan,YieldingYams,1949806
2026-07-01T08:04:52.285659,2026-07-01T08:04:52.288032+00:00,81.5,10,bid,Zijun Feng,YieldingYams,1949846
2026-07-01T08:04:53.303726,2026-07-01T08:04:53.308580+00:00,81.4,10,ask,YieldingYams,Zijun Feng,1949868
2026-07-01T08:04:53.464067,2026-07-01T08:04:53.474835+00:00,81.4,500,ask,YieldingYams,AverageAlmonds,1949872
2026-07-01T08:04:54.078104,2026-07-01T08:04:54.085309+00:00,81.3,1,ask,Kelvin Chan,YieldingYams,1949892
2026-07-01T08:04:54.078104,2026-07-01T08:04:54.085309+00:00,81.3,200,ask,WavyWalnuts,YieldingYams,1949893
2026-07-01T08:04:54.502331,2026-07-01T08:04:54.508894+00:00,81.2,200,bid,WavyWalnuts,YieldingYams,1949909
2026-07-01T08:04:55.202925,2026-07-01T08:04:55.207907+00:00,81.1,4,ask,Kelvin Chan,BrilliantBurritos,1949914
2026-07-01T08:04:56.818501,2026-07-01T08:04:56.826742+00:00,81.1,3,ask,Kelvin Chan,BrilliantBurritos,1949957
2026-07-01T08:04:56.818501,2026-07-01T08:04:56.826742+00:00,81.1,17,ask,WavyWalnuts,BrilliantBurritos,1949958
2026-07-01T08:04:59.342511,2026-07-01T08:04:59.348009+00:00,81.2,200,ask,WavyWalnuts,YieldingYams,1950013
2026-07-01T08:04:59.356235,2026-07-01T08:04:59.358435+00:00,81.1,200,bid,WavyWalnuts,YieldingYams,1950015
2026-07-01T08:05:00.567050,2026-07-01T08:05:00.575940+00:00,81.1,200,bid,WavyWalnuts,YieldingYams,1950034
2026-07-01T08:05:00.658701,2026-07-01T08:05:00.669174+00:00,81.3,200,bid,YieldingYams,WavyWalnuts,1950041
2026-07-01T08:05:01.789845,2026-07-01T08:05:01.797130+00:00,81.3,200,ask,YieldingYams,WavyWalnuts,1950067
2026-07-01T08:05:02.799351,2026-07-01T08:05:02.809381+00:00,81.2,20,ask,YieldingYams,BrilliantBurritos,1950091
2026-07-01T08:05:03.004110,2026-07-01T08:05:03.016055+00:00,81.2,200,ask,YieldingYams,WavyWalnuts,1950096
2026-07-01T08:05:03.028259,2026-07-01T08:05:03.040383+00:00,81.3,6,bid,Xuanyu Liu,YieldingYams,1950099
2026-07-01T08:05:03.307587,2026-07-01T08:05:03.339756+00:00,81.2,1,ask,Kelvin Chan,YieldingYams,1950110
2026-07-01T08:05:03.323049,2026-07-01T08:05:03.339756+00:00,81.2,11,bid,Xuanyu Liu,YieldingYams,1950113
2026-07-01T08:05:03.516863,2026-07-01T08:05:03.525351+00:00,81.2,10,bid,Zijun Feng,YieldingYams,1950121
2026-07-01T08:05:04.213356,2026-07-01T08:05:04.223980+00:00,81.2,200,bid,WavyWalnuts,YieldingYams,1950133
2026-07-01T08:05:07.250094,2026-07-01T08:05:07.255022+00:00,81.3,200,bid,YieldingYams,WavyWalnuts,1950201
2026-07-01T08:05:07.614401,2026-07-01T08:05:07.617902+00:00,81.5,8,bid,Zijun Feng,Kelvin Chan,1950213
2026-07-01T08:05:07.614401,2026-07-01T08:05:07.617902+00:00,81.5,2,bid,Zijun Feng,YieldingYams,1950214
2026-07-01T08:05:14.813226,2026-07-01T08:05:14.820636+00:00,81.3,10,bid,Zijun Feng,WavyWalnuts,1950370
2026-07-01T08:05:15.146001,2026-07-01T08:05:15.169218+00:00,81.3,200,bid,YieldingYams,WavyWalnuts,1950379
2026-07-01T08:05:15.155389,2026-07-01T08:05:15.169218+00:00,81.3,11,ask,YieldingYams,Xuanyu Liu,1950381
2026-07-01T08:05:16.490439,2026-07-01T08:05:16.493388+00:00,81.2,200,ask,WavyWalnuts,YieldingYams,1950404
2026-07-01T08:05:19.112600,2026-07-01T08:05:19.118634+00:00,81.2,200,bid,YieldingYams,WavyWalnuts,1950459
2026-07-01T08:05:23.483307,2026-07-01T08:05:23.488053+00:00,81.3,2,bid,Zijun Feng,Kelvin Chan,1950535
2026-07-01T08:05:23.483307,2026-07-01T08:05:23.488053+00:00,81.3,8,bid,Zijun Feng,WavyWalnuts,1950536
2026-07-01T08:05:26.050066,2026-07-01T08:05:26.060966+00:00,81.3,200,ask,YieldingYams,WavyWalnuts,1950600
2026-07-01T08:05:28.397247,2026-07-01T08:05:28.409518+00:00,81.4,8,bid,Xuanyu Liu,Kelvin Chan,1950647
2026-07-01T08:05:28.397247,2026-07-01T08:05:28.409518+00:00,81.4,6,bid,Xuanyu Liu,YieldingYams,1950648
2026-07-01T08:05:29.690344,2026-07-01T08:05:29.697432+00:00,81.3,200,ask,AverageAlmonds,WavyWalnuts,1950697
2026-07-01T08:05:30.081104,2026-07-01T08:05:30.090475+00:00,81.4,10,bid,Zijun Feng,YieldingYams,1950703
2026-07-01T08:05:30.900901,2026-07-01T08:05:30.904093+00:00,81.3,200,ask,YieldingYams,WavyWalnuts,1950718
2026-07-01T08:05:30.942281,2026-07-01T08:05:30.965468+00:00,81.3,500,ask,AverageAlmonds,YieldingYams,1950719
2026-07-01T08:05:30.949754,2026-07-01T08:05:30.965468+00:00,81.2,3,bid,Xuanyu Liu,YieldingYams,1950720
2026-07-01T08:05:30.987370,2026-07-01T08:05:30.996894+00:00,81.2,122,bid,AverageAlmonds,YieldingYams,1950723
2026-07-01T08:05:30.987370,2026-07-01T08:05:30.996894+00:00,81.4,5,bid,AverageAlmonds,Kelvin Chan,1950724
2026-07-01T08:05:34.704855,2026-07-01T08:05:34.707255+00:00,81.5,7,bid,Zijun Feng,Kelvin Chan,1950815
2026-07-01T08:05:34.704855,2026-07-01T08:05:34.717658+00:00,81.5,3,bid,Zijun Feng,YieldingYams,1950816
2026-07-01T08:05:34.728825,2026-07-01T08:05:34.740030+00:00,81.4,3,ask,AverageAlmonds,Xuanyu Liu,1950819
2026-07-01T08:05:34.880354,2026-07-01T08:05:34.884193+00:00,81.4,497,ask,AverageAlmonds,YieldingYams,1950826
2026-07-01T08:05:35.240554,2026-07-01T08:05:35.244223+00:00,81.4,128,bid,AverageAlmonds,YieldingYams,1950836
2026-07-01T08:05:35.849916,2026-07-01T08:05:35.861898+00:00,81.5,4,bid,AverageAlmonds,Kelvin Chan,1950842
2026-07-01T08:05:37.752023,2026-07-01T08:05:37.760187+00:00,81.5,10,ask,AverageAlmonds,Zijun Feng,1950893
2026-07-01T08:05:38.179031,2026-07-01T08:05:38.181423+00:00,81.6,1,bid,YieldingYams,Kelvin Chan,1950909
2026-07-01T08:05:38.179031,2026-07-01T08:05:38.191715+00:00,81.6,199,bid,WavyWalnuts,YieldingYams,1950910
2026-07-01T08:05:38.814673,2026-07-01T08:05:38.819923+00:00,81.6,1,bid,WavyWalnuts,Kelvin Chan,1950923
2026-07-01T08:05:39.099510,2026-07-01T08:05:39.108309+00:00,81.7,3,ask,YieldingYams,Xuanyu Liu,1950927
2026-07-01T08:05:39.390921,2026-07-01T08:05:39.399977+00:00,81.7,200,ask,YieldingYams,WavyWalnuts,1950938
2026-07-01T08:05:40.126311,2026-07-01T08:05:40.134995+00:00,81.8,3,bid,BrilliantBurritos,Kelvin Chan,1950956
2026-07-01T08:05:40.598405,2026-07-01T08:05:40.609840+00:00,81.7,200,bid,WavyWalnuts,YieldingYams,1950967
2026-07-01T08:05:41.441658,2026-07-01T08:05:41.446687+00:00,81.6,2,bid,YieldingYams,Kelvin Chan,1950993
2026-07-01T08:05:41.808699,2026-07-01T08:05:41.817145+00:00,81.7,200,ask,YieldingYams,WavyWalnuts,1951002
2026-07-01T08:05:41.946079,2026-07-01T08:05:41.952291+00:00,81.7,20,ask,YieldingYams,BrilliantBurritos,1951003
2026-07-01T08:05:43.017987,2026-07-01T08:05:43.027290+00:00,81.7,200,ask,YieldingYams,WavyWalnuts,1951023
2026-07-01T08:05:44.177093,2026-07-01T08:05:44.185981+00:00,81.8,1,bid,Xuanyu Liu,Kelvin Chan,1951046
2026-07-01T08:05:44.225515,2026-07-01T08:05:44.227573+00:00,81.7,200,ask,YieldingYams,WavyWalnuts,1951049
2026-07-01T08:05:44.334675,2026-07-01T08:05:44.352096+00:00,81.8,2,bid,Xuanyu Liu,AverageAlmonds,1951054
2026-07-01T08:05:47.855361,2026-07-01T08:05:47.858266+00:00,81.6,200,bid,WavyWalnuts,YieldingYams,1951124
2026-07-01T08:05:49.069279,2026-07-01T08:05:49.076811+00:00,81.7,200,bid,WavyWalnuts,YieldingYams,1951140
2026-07-01T08:05:53.273644,2026-07-01T08:05:53.276519+00:00,81.6,200,bid,YieldingYams,WavyWalnuts,1951236
2026-07-01T08:05:53.446179,2026-07-01T08:05:53.452307+00:00,81.6,425,ask,YieldingYams,AverageAlmonds,1951239
2026-07-01T08:05:53.905086,2026-07-01T08:05:53.907356+00:00,81.6,75,bid,WavyWalnuts,AverageAlmonds,1951250
2026-07-01T08:05:54.038732,2026-07-01T08:05:54.041422+00:00,81.6,125,ask,WavyWalnuts,AverageAlmonds,1951252
2026-07-01T08:05:54.585497,2026-07-01T08:05:54.587386+00:00,81.4,9,ask,Kelvin Chan,YieldingYams,1951262
2026-07-01T08:05:54.599846,2026-07-01T08:05:54.609244+00:00,81.2,3,bid,Xuanyu Liu,YieldingYams,1951263
2026-07-01T08:05:54.685575,2026-07-01T08:05:54.692211+00:00,81.2,100,bid,Eric Deng,YieldingYams,1951265
2026-07-01T08:05:54.837193,2026-07-01T08:05:54.846239+00:00,81.2,47,bid,Eric Deng,YieldingYams,1951269
2026-07-01T08:05:55.106767,2026-07-01T08:05:55.113402+00:00,81.2,10,bid,Zijun Feng,YieldingYams,1951280
2026-07-01T08:05:55.114521,2026-07-01T08:05:55.123789+00:00,81.2,200,bid,WavyWalnuts,YieldingYams,1951281
2026-07-01T08:05:55.239721,2026-07-01T08:05:55.247593+00:00,81.2,256,bid,AverageAlmonds,YieldingYams,1951286
2026-07-01T08:05:56.888148,2026-07-01T08:05:56.900625+00:00,81.4,3,ask,YieldingYams,Xuanyu Liu,1951322
2026-07-01T08:05:56.893107,2026-07-01T08:05:56.900625+00:00,81.4,47,ask,YieldingYams,Eric Deng,1951323
2026-07-01T08:05:58.745505,2026-07-01T08:05:58.754486+00:00,81.6,200,bid,WavyWalnuts,AverageAlmonds,1951367
2026-07-01T08:05:59.837662,2026-07-01T08:05:59.842733+00:00,81.6,500,bid,YieldingYams,AverageAlmonds,1951384
2026-07-01T08:06:00.088104,2026-07-01T08:06:00.090533+00:00,81.6,125,ask,YieldingYams,AverageAlmonds,1951388
2026-07-01T08:06:01.157457,2026-07-01T08:06:01.159386+00:00,81.5,200,ask,WavyWalnuts,YieldingYams,1951413
2026-07-01T08:06:02.397834,2026-07-01T08:06:02.403429+00:00,81.5,200,bid,WavyWalnuts,YieldingYams,1951445
2026-07-01T08:06:03.623730,2026-07-01T08:06:03.631137+00:00,81.6,200,bid,WavyWalnuts,YieldingYams,1951466
2026-07-01T08:06:03.781827,2026-07-01T08:06:03.797106+00:00,81.7,500,bid,YieldingYams,AverageAlmonds,1951472
2026-07-01T08:06:03.788236,2026-07-01T08:06:03.797106+00:00,81.7,3,ask,YieldingYams,Xuanyu Liu,1951473
2026-07-01T08:06:04.004151,2026-07-01T08:06:04.013495+00:00,81.7,100,ask,YieldingYams,Eric Deng,1951481
2026-07-01T08:06:04.300774,2026-07-01T08:06:04.303295+00:00,81.8,1,bid,Zijun Feng,Kelvin Chan,1951493
2026-07-01T08:06:04.300774,2026-07-01T08:06:04.313664+00:00,81.8,2,bid,Zijun Feng,WavyWalnuts,1951494
2026-07-01T08:06:04.334135,2026-07-01T08:06:04.344940+00:00,81.7,22,ask,YieldingYams,AverageAlmonds,1951496
2026-07-01T08:06:05.096700,2026-07-01T08:06:05.106910+00:00,81.6,200,ask,WavyWalnuts,YieldingYams,1951499
2026-07-01T08:06:05.231516,2026-07-01T08:06:05.240615+00:00,81.5,3,bid,Xuanyu Liu,YieldingYams,1951505
2026-07-01T08:06:05.265930,2026-07-01T08:06:05.271810+00:00,81.4,8,ask,Kelvin Chan,BrilliantBurritos,1951507
2026-07-01T08:06:05.836735,2026-07-01T08:06:05.838945+00:00,81.5,10,bid,Zijun Feng,YieldingYams,1951520
2026-07-01T08:06:06.045760,2026-07-01T08:06:06.056029+00:00,81.5,200,bid,WavyWalnuts,YieldingYams,1951524
2026-07-01T08:06:07.259772,2026-07-01T08:06:07.266384+00:00,81.6,200,ask,YieldingYams,WavyWalnuts,1951559
2026-07-01T08:06:07.352546,2026-07-01T08:06:07.359051+00:00,81.6,425,ask,YieldingYams,AverageAlmonds,1951561
2026-07-01T08:06:07.731278,2026-07-01T08:06:07.751400+00:00,81.4,8,ask,Kelvin Chan,YieldingYams,1951573
2026-07-01T08:06:07.742185,2026-07-01T08:06:07.751400+00:00,81.4,3,bid,Xuanyu Liu,YieldingYams,1951575
2026-07-01T08:06:07.924396,2026-07-01T08:06:07.927371+00:00,81.4,97,bid,Eric Deng,YieldingYams,1951582
2026-07-01T08:06:08.467820,2026-07-01T08:06:08.472702+00:00,81.4,200,bid,WavyWalnuts,YieldingYams,1951590
2026-07-01T08:06:09.533296,2026-07-01T08:06:09.543672+00:00,81.3,3,ask,Kelvin Chan,Xuanyu Liu,1951604
2026-07-01T08:06:10.461221,2026-07-01T08:06:10.471140+00:00,81.4,97,ask,YieldingYams,Eric Deng,1951640
2026-07-01T08:06:11.947605,2026-07-01T08:06:11.953906+00:00,81.4,10,ask,YieldingYams,Zijun Feng,1951660
2026-07-01T08:06:12.967144,2026-07-01T08:06:12.976871+00:00,81.5,10,bid,Zijun Feng,WavyWalnuts,1951685
2026-07-01T08:06:13.328456,2026-07-01T08:06:13.338555+00:00,81.4,200,ask,YieldingYams,WavyWalnuts,1951692
2026-07-01T08:06:14.312136,2026-07-01T08:06:14.320717+00:00,81.4,3,bid,Xuanyu Liu,YieldingYams,1951717
2026-07-01T08:06:14.472722,2026-07-01T08:06:14.485013+00:00,81.4,43,bid,Eric Deng,YieldingYams,1951724
2026-07-01T08:06:14.557987,2026-07-01T08:06:14.567413+00:00,81.4,10,bid,Zijun Feng,YieldingYams,1951727
2026-07-01T08:06:15.620607,2026-07-01T08:06:15.626092+00:00,81.4,200,bid,YieldingYams,WavyWalnuts,1951750
2026-07-01T08:06:18.174541,2026-07-01T08:06:18.185959+00:00,81.4,200,ask,YieldingYams,WavyWalnuts,1951783
2026-07-01T08:06:19.384029,2026-07-01T08:06:19.391272+00:00,81.4,200,ask,YieldingYams,WavyWalnuts,1951809
2026-07-01T08:06:20.597723,2026-07-01T08:06:20.605663+00:00,81.4,200,ask,YieldingYams,WavyWalnuts,1951842
2026-07-01T08:06:20.907527,2026-07-01T08:06:20.914025+00:00,81.5,20,bid,BrilliantBurritos,YieldingYams,1951849
2026-07-01T08:06:21.116971,2026-07-01T08:06:21.120321+00:00,81.5,7,bid,Zijun Feng,YieldingYams,1951858
2026-07-01T08:06:21.390872,2026-07-01T08:06:21.398414+00:00,81.3,1,ask,Kelvin Chan,BrilliantBurritos,1951868
2026-07-01T08:06:21.390872,2026-07-01T08:06:21.398414+00:00,81.3,19,ask,YieldingYams,BrilliantBurritos,1951869
2026-07-01T08:06:24.227082,2026-07-01T08:06:24.237404+00:00,81.5,200,bid,WavyWalnuts,YieldingYams,1951906
2026-07-01T08:06:26.651198,2026-07-01T08:06:26.655918+00:00,81.5,200,bid,WavyWalnuts,YieldingYams,1951973
2026-07-01T08:06:27.397473,2026-07-01T08:06:27.408550+00:00,81.3,2,ask,Kelvin Chan,Xuanyu Liu,1951982
2026-07-01T08:06:27.397473,2026-07-01T08:06:27.408550+00:00,81.3,1,ask,YieldingYams,Xuanyu Liu,1951983
2026-07-01T08:06:27.805448,2026-07-01T08:06:27.812651+00:00,81.4,43,ask,YieldingYams,Eric Deng,1952009
2026-07-01T08:06:27.860381,2026-07-01T08:06:27.864432+00:00,81.4,200,ask,YieldingYams,WavyWalnuts,1952012
2026-07-01T08:06:29.071033,2026-07-01T08:06:29.082924+00:00,81.5,200,ask,YieldingYams,WavyWalnuts,1952045
2026-07-01T08:06:31.166362,2026-07-01T08:06:31.178317+00:00,81.5,20,bid,BrilliantBurritos,WavyWalnuts,1952069
2026-07-01T08:06:32.704084,2026-07-01T08:06:32.708448+00:00,81.5,200,bid,WavyWalnuts,YieldingYams,1952100
2026-07-01T08:06:32.744355,2026-07-01T08:06:32.749706+00:00,81.3,500,ask,AverageAlmonds,YieldingYams,1952101
2026-07-01T08:06:32.777888,2026-07-01T08:06:32.780785+00:00,81.3,125,bid,AverageAlmonds,YieldingYams,1952102
2026-07-01T08:06:34.052033,2026-07-01T08:06:34.056987+00:00,81.6,200,ask,WavyWalnuts,YieldingYams,1952119
2026-07-01T08:06:35.121427,2026-07-01T08:06:35.129499+00:00,81.6,200,bid,WavyWalnuts,YieldingYams,1952132
2026-07-01T08:06:36.345060,2026-07-01T08:06:36.353398+00:00,81.6,200,ask,YieldingYams,WavyWalnuts,1952159
2026-07-01T08:06:37.554758,2026-07-01T08:06:37.558028+00:00,81.8,200,ask,YieldingYams,WavyWalnuts,1952185
2026-07-01T08:06:37.938826,2026-07-01T08:06:37.941343+00:00,81.9,150,bid,Chester Au,AverageAlmonds,1952205
2026-07-01T08:06:41.188754,2026-07-01T08:06:41.194677+00:00,81.6,200,ask,YieldingYams,WavyWalnuts,1952270
2026-07-01T08:06:41.937304,2026-07-01T08:06:41.945467+00:00,81.5,500,ask,AverageAlmonds,YieldingYams,1952282
2026-07-01T08:06:42.478449,2026-07-01T08:06:42.480240+00:00,81.5,125,bid,AverageAlmonds,YieldingYams,1952295
2026-07-01T08:06:42.478449,2026-07-01T08:06:42.490641+00:00,81.5,200,bid,AverageAlmonds,WavyWalnuts,1952296
2026-07-01T08:06:44.335347,2026-07-01T08:06:44.342471+00:00,81.5,50,ask,YieldingYams,Chester Au,1952339
2026-07-01T08:06:44.398728,2026-07-01T08:06:44.403711+00:00,81.5,20,ask,YieldingYams,BrilliantBurritos,1952340
2026-07-01T08:06:47.169358,2026-07-01T08:06:47.176097+00:00,81.5,500,ask,AverageAlmonds,YieldingYams,1952390
2026-07-01T08:06:47.237614,2026-07-01T08:06:47.248605+00:00,81.5,125,bid,WavyWalnuts,YieldingYams,1952393
2026-07-01T08:06:48.477990,2026-07-01T08:06:48.485376+00:00,81.6,200,bid,YieldingYams,WavyWalnuts,1952415
2026-07-01T08:06:49.801812,2026-07-01T08:06:49.811676+00:00,81.6,200,ask,WavyWalnuts,YieldingYams,1952442
2026-07-01T08:06:50.656302,2026-07-01T08:06:50.667156+00:00,81.5,1,ask,Kelvin Chan,Chester Au,1952459
2026-07-01T08:06:50.689070,2026-07-01T08:06:50.705378+00:00,81.5,2,ask,Kelvin Chan,Xuanyu Liu,1952463
2026-07-01T08:06:50.692473,2026-07-01T08:06:50.705378+00:00,81.4,2,ask,YieldingYams,Chester Au,1952464
2026-07-01T08:06:50.733866,2026-07-01T08:06:50.736712+00:00,81.4,44,ask,YieldingYams,Chester Au,1952472
2026-07-01T08:06:50.871468,2026-07-01T08:06:50.880875+00:00,81.6,200,bid,WavyWalnuts,YieldingYams,1952476
2026-07-01T08:06:55.070049,2026-07-01T08:06:55.085386+00:00,81.6,200,ask,WavyWalnuts,YieldingYams,1952561
2026-07-01T08:06:55.075447,2026-07-01T08:06:55.085386+00:00,81.6,2,bid,Xuanyu Liu,YieldingYams,1952562
2026-07-01T08:06:55.708205,2026-07-01T08:06:55.713303+00:00,81.6,200,bid,WavyWalnuts,YieldingYams,1952573
2026-07-01T08:06:59.796988,2026-07-01T08:06:59.808224+00:00,81.6,20,ask,YieldingYams,BrilliantBurritos,1952658
2026-07-01T08:07:00.334829,2026-07-01T08:07:00.338457+00:00,81.7,200,bid,YieldingYams,WavyWalnuts,1952669
2026-07-01T08:07:00.545052,2026-07-01T08:07:00.555435+00:00,81.8,4,bid,WavyWalnuts,Kelvin Chan,1952673
2026-07-01T08:07:01.004982,2026-07-01T08:07:01.009793+00:00,81.8,10,ask,WavyWalnuts,Zijun Feng,1952690
2026-07-01T08:07:01.516254,2026-07-01T08:07:01.525332+00:00,81.8,10,ask,WavyWalnuts,Zijun Feng,1952701
2026-07-01T08:07:01.668056,2026-07-01T08:07:01.670118+00:00,81.8,176,ask,WavyWalnuts,YieldingYams,1952704
2026-07-01T08:07:02.966266,2026-07-01T08:07:02.969786+00:00,81.8,200,bid,WavyWalnuts,YieldingYams,1952738
2026-07-01T08:07:02.984301,2026-07-01T08:07:02.990523+00:00,81.8,500,bid,YieldingYams,AverageAlmonds,1952739
2026-07-01T08:07:07.812063,2026-07-01T08:07:07.815967+00:00,81.8,200,bid,WavyWalnuts,YieldingYams,1952857
2026-07-01T08:07:08.260727,2026-07-01T08:07:08.269943+00:00,81.9,200,bid,YieldingYams,WavyWalnuts,1952863
2026-07-01T08:07:08.260727,2026-07-01T08:07:08.269943+00:00,81.9,425,bid,YieldingYams,AverageAlmonds,1952864
2026-07-01T08:07:09.139345,2026-07-01T08:07:09.143877+00:00,81.8,200,ask,WavyWalnuts,AverageAlmonds,1952871
2026-07-01T08:07:10.232269,2026-07-01T08:07:10.236193+00:00,81.7,200,bid,WavyWalnuts,YieldingYams,1952901
2026-07-01T08:07:11.575533,2026-07-01T08:07:11.587312+00:00,81.7,200,ask,WavyWalnuts,AverageAlmonds,1952927
2026-07-01T08:07:13.513880,2026-07-01T08:07:13.523010+00:00,81.6,500,bid,YieldingYams,AverageAlmonds,1952960
2026-07-01T08:07:13.986912,2026-07-01T08:07:13.997989+00:00,81.6,125,ask,YieldingYams,AverageAlmonds,1952969
2026-07-01T08:07:14.834128,2026-07-01T08:07:14.842190+00:00,81.5,4,ask,Kelvin Chan,YieldingYams,1952980
2026-07-01T08:07:14.834128,2026-07-01T08:07:14.842190+00:00,81.5,200,ask,WavyWalnuts,YieldingYams,1952981
2026-07-01T08:07:15.065881,2026-07-01T08:07:15.069908+00:00,81.3,200,bid,WavyWalnuts,YieldingYams,1952985
2026-07-01T08:07:16.167143,2026-07-01T08:07:16.185841+00:00,81.4,3,ask,YieldingYams,Xuanyu Liu,1953015
2026-07-01T08:07:16.175235,2026-07-01T08:07:16.185841+00:00,81.4,53,ask,YieldingYams,Chester Au,1953017
2026-07-01T08:07:16.299283,2026-07-01T08:07:16.309517+00:00,81.4,200,ask,YieldingYams,WavyWalnuts,1953020
2026-07-01T08:07:17.002353,2026-07-01T08:07:17.009144+00:00,81.6,20,bid,BrilliantBurritos,YieldingYams,1953043
2026-07-01T08:07:19.193702,2026-07-01T08:07:19.202761+00:00,81.5,3,bid,Xuanyu Liu,WavyWalnuts,1953084
2026-07-01T08:07:21.419057,2026-07-01T08:07:21.423473+00:00,81.4,5,ask,Kelvin Chan,YieldingYams,1953139
2026-07-01T08:07:21.419057,2026-07-01T08:07:21.423473+00:00,81.4,200,ask,WavyWalnuts,YieldingYams,1953140
2026-07-01T08:07:21.878922,2026-07-01T08:07:21.885248+00:00,81.3,420,bid,AverageAlmonds,YieldingYams,1953146
2026-07-01T08:07:22.730755,2026-07-01T08:07:22.738863+00:00,81.4,200,bid,YieldingYams,WavyWalnuts,1953162
2026-07-01T08:07:25.983448,2026-07-01T08:07:25.986149+00:00,81.4,1,ask,Kelvin Chan,WavyWalnuts,1953222
2026-07-01T08:07:26.679418,2026-07-01T08:07:26.686494+00:00,81.4,199,bid,YieldingYams,WavyWalnuts,1953244
2026-07-01T08:07:27.999547,2026-07-01T08:07:28.003211+00:00,81.5,200,bid,YieldingYams,WavyWalnuts,1953263
2026-07-01T08:07:30.412946,2026-07-01T08:07:30.419847+00:00,81.5,10,ask,YieldingYams,Zijun Feng,1953317
2026-07-01T08:07:30.628402,2026-07-01T08:07:30.635895+00:00,81.6,200,bid,YieldingYams,WavyWalnuts,1953326
2026-07-01T08:07:30.628402,2026-07-01T08:07:30.635895+00:00,81.7,4,bid,YieldingYams,Kelvin Chan,1953327
2026-07-01T08:07:30.628402,2026-07-01T08:07:30.635895+00:00,81.7,421,bid,YieldingYams,AverageAlmonds,1953328
2026-07-01T08:07:30.930191,2026-07-01T08:07:30.936380+00:00,81.7,20,bid,BrilliantBurritos,AverageAlmonds,1953337
2026-07-01T08:07:33.463864,2026-07-01T08:07:33.473553+00:00,81.5,10,ask,WavyWalnuts,Zijun Feng,1953406
2026-07-01T08:07:34.442931,2026-07-01T08:07:34.449663+00:00,81.6,200,bid,WavyWalnuts,YieldingYams,1953420
2026-07-01T08:07:34.698849,2026-07-01T08:07:34.706531+00:00,81.5,10,ask,YieldingYams,Zijun Feng,1953427
2026-07-01T08:07:35.020681,2026-07-01T08:07:35.034699+00:00,81.5,14,ask,YieldingYams,Xuanyu Liu,1953435
2026-07-01T08:07:35.232995,2026-07-01T08:07:35.242003+00:00,81.5,10,ask,YieldingYams,Zijun Feng,1953443
2026-07-01T08:07:35.655543,2026-07-01T08:07:35.663346+00:00,81.6,200,bid,WavyWalnuts,YieldingYams,1953458
2026-07-01T08:07:36.769081,2026-07-01T08:07:36.772795+00:00,81.4,10,ask,AverageAlmonds,Zijun Feng,1953478
2026-07-01T08:07:37.203236,2026-07-01T08:07:37.206960+00:00,81.5,200,bid,YieldingYams,WavyWalnuts,1953483
2026-07-01T08:07:37.798631,2026-07-01T08:07:37.807935+00:00,81.5,10,ask,YieldingYams,Zijun Feng,1953495
2026-07-01T08:07:38.074955,2026-07-01T08:07:38.076860+00:00,81.5,200,ask,YieldingYams,WavyWalnuts,1953497
2026-07-01T08:07:38.526763,2026-07-01T08:07:38.530805+00:00,81.4,200,ask,WavyWalnuts,YieldingYams,1953512
2026-07-01T08:07:41.154721,2026-07-01T08:07:41.159802+00:00,81.4,500,ask,AverageAlmonds,YieldingYams,1953590
2026-07-01T08:07:41.250389,2026-07-01T08:07:41.252745+00:00,81.4,125,bid,AverageAlmonds,YieldingYams,1953592
2026-07-01T08:07:41.347076,2026-07-01T08:07:41.357227+00:00,81.4,8,ask,AverageAlmonds,Xuanyu Liu,1953593
2026-07-01T08:07:41.723731,2026-07-01T08:07:41.728436+00:00,81.4,200,ask,AverageAlmonds,WavyWalnuts,1953602
2026-07-01T08:07:42.933135,2026-07-01T08:07:42.945014+00:00,81.6,200,ask,YieldingYams,WavyWalnuts,1953636
2026-07-01T08:07:44.141909,2026-07-01T08:07:44.148720+00:00,81.5,200,ask,AverageAlmonds,WavyWalnuts,1953671
2026-07-01T08:07:45.349779,2026-07-01T08:07:45.351732+00:00,81.5,200,ask,YieldingYams,WavyWalnuts,1953702
2026-07-01T08:07:45.955445,2026-07-01T08:07:45.958611+00:00,81.5,20,ask,YieldingYams,BrilliantBurritos,1953725
2026-07-01T08:07:46.436382,2026-07-01T08:07:46.445913+00:00,81.6,8,bid,Xuanyu Liu,YieldingYams,1953738
2026-07-01T08:07:49.050113,2026-07-01T08:07:49.079523+00:00,81.5,200,bid,YieldingYams,WavyWalnuts,1953792
2026-07-01T08:07:49.061104,2026-07-01T08:07:49.079523+00:00,81.6,8,ask,YieldingYams,Xuanyu Liu,1953793
2026-07-01T08:07:50.194941,2026-07-01T08:07:50.199278+00:00,81.6,200,ask,YieldingYams,WavyWalnuts,1953826
2026-07-01T08:07:51.554475,2026-07-01T08:07:51.563169+00:00,81.6,10,bid,Zijun Feng,YieldingYams,1953861
2026-07-01T08:07:55.608790,2026-07-01T08:07:55.614091+00:00,81.5,200,ask,WavyWalnuts,YieldingYams,1953952
2026-07-01T08:07:55.608790,2026-07-01T08:07:55.614091+00:00,81.5,425,ask,AverageAlmonds,YieldingYams,1953953
2026-07-01T08:07:56.213388,2026-07-01T08:07:56.224641+00:00,81.5,20,ask,AverageAlmonds,BrilliantBurritos,1953972
2026-07-01T08:07:56.241465,2026-07-01T08:07:56.245174+00:00,81.5,200,ask,AverageAlmonds,WavyWalnuts,1953974
2026-07-01T08:07:57.451677,2026-07-01T08:07:57.460282+00:00,81.6,200,ask,YieldingYams,WavyWalnuts,1953987
2026-07-01T08:07:57.649261,2026-07-01T08:07:57.656994+00:00,81.7,2,bid,Zijun Feng,Kelvin Chan,1953990
2026-07-01T08:07:58.162011,2026-07-01T08:07:58.173216+00:00,81.7,4,bid,Zijun Feng,Kelvin Chan,1954006
2026-07-01T08:07:58.678744,2026-07-01T08:07:58.689830+00:00,81.6,4,bid,Zijun Feng,YieldingYams,1954020
2026-07-01T08:07:59.572298,2026-07-01T08:07:59.579661+00:00,81.4,200,ask,WavyWalnuts,YieldingYams,1954039
2026-07-01T08:07:59.572298,2026-07-01T08:07:59.579661+00:00,81.3,2,ask,Kelvin Chan,YieldingYams,1954040
2026-07-01T08:07:59.572298,2026-07-01T08:07:59.579661+00:00,81.3,423,ask,AverageAlmonds,YieldingYams,1954041
2026-07-01T08:07:59.703750,2026-07-01T08:07:59.714175+00:00,81.6,10,bid,Zijun Feng,WavyWalnuts,1954046
2026-07-01T08:08:00.727845,2026-07-01T08:08:00.735096+00:00,81.5,10,ask,WavyWalnuts,Zijun Feng,1954066
2026-07-01T08:08:03.518043,2026-07-01T08:08:03.531835+00:00,81.5,200,bid,YieldingYams,WavyWalnuts,1954126
2026-07-01T08:08:04.303365,2026-07-01T08:08:04.305468+00:00,81.7,10,bid,Zijun Feng,YieldingYams,1954145
2026-07-01T08:08:05.935487,2026-07-01T08:08:05.939619+00:00,81.7,200,bid,WavyWalnuts,YieldingYams,1954165
2026-07-01T08:08:06.337747,2026-07-01T08:08:06.341221+00:00,81.7,10,bid,Zijun Feng,YieldingYams,1954175
2026-07-01T08:08:07.452685,2026-07-01T08:08:07.480239+00:00,81.6,200,ask,WavyWalnuts,YieldingYams,1954189
2026-07-01T08:08:07.470297,2026-07-01T08:08:07.480239+00:00,81.6,8,bid,Xuanyu Liu,YieldingYams,1954191
2026-07-01T08:08:08.357420,2026-07-01T08:08:08.365779+00:00,81.6,10,bid,Zijun Feng,YieldingYams,1954207
2026-07-01T08:08:09.396669,2026-07-01T08:08:09.406320+00:00,81.6,20,bid,BrilliantBurritos,WavyWalnuts,1954215
2026-07-01T08:08:10.073609,2026-07-01T08:08:10.078744+00:00,81.6,1,bid,YieldingYams,Kelvin Chan,1954233
2026-07-01T08:08:11.389376,2026-07-01T08:08:11.397829+00:00,81.7,200,bid,YieldingYams,WavyWalnuts,1954256
2026-07-01T08:08:11.680269,2026-07-01T08:08:11.687018+00:00,81.8,20,bid,BrilliantBurritos,AverageAlmonds,1954260
2026-07-01T08:08:11.988046,2026-07-01T08:08:11.995339+00:00,81.7,200,ask,YieldingYams,WavyWalnuts,1954262
2026-07-01T08:08:12.957971,2026-07-01T08:08:12.971348+00:00,81.8,11,bid,Xuanyu Liu,YieldingYams,1954287
2026-07-01T08:08:13.947603,2026-07-01T08:08:13.966032+00:00,81.7,200,ask,WavyWalnuts,AverageAlmonds,1954308
2026-07-01T08:08:13.957110,2026-07-01T08:08:13.966032+00:00,81.7,3,bid,Xuanyu Liu,AverageAlmonds,1954309
2026-07-01T08:08:14.066688,2026-07-01T08:08:14.069404+00:00,81.5,20,ask,YieldingYams,BrilliantBurritos,1954311
2026-07-01T08:08:15.612374,2026-07-01T08:08:15.618588+00:00,81.6,200,bid,WavyWalnuts,AverageAlmonds,1954345
2026-07-01T08:08:16.633041,2026-07-01T08:08:16.639073+00:00,81.7,2,bid,YieldingYams,Kelvin Chan,1954363
2026-07-01T08:08:16.633041,2026-07-01T08:08:16.639073+00:00,81.7,500,bid,YieldingYams,AverageAlmonds,1954364
2026-07-01T08:08:16.980700,2026-07-01T08:08:16.990069+00:00,81.7,123,ask,YieldingYams,AverageAlmonds,1954372
2026-07-01T08:08:16.980700,2026-07-01T08:08:16.990069+00:00,81.6,200,ask,WavyWalnuts,AverageAlmonds,1954373
2026-07-01T08:08:18.031293,2026-07-01T08:08:18.041471+00:00,81.7,1,bid,WavyWalnuts,Kelvin Chan,1954399
2026-07-01T08:08:18.031293,2026-07-01T08:08:18.041471+00:00,81.7,199,bid,WavyWalnuts,AverageAlmonds,1954400
2026-07-01T08:08:18.202084,2026-07-01T08:08:18.207064+00:00,81.6,20,bid,BrilliantBurritos,AverageAlmonds,1954404
2026-07-01T08:08:21.203297,2026-07-01T08:08:21.205275+00:00,81.6,500,ask,YieldingYams,AverageAlmonds,1954470
2026-07-01T08:08:21.664353,2026-07-01T08:08:21.668492+00:00,81.6,125,ask,YieldingYams,WavyWalnuts,1954478
2026-07-01T08:08:21.899829,2026-07-01T08:08:21.905487+00:00,81.5,200,ask,WavyWalnuts,YieldingYams,1954491
2026-07-01T08:08:23.213041,2026-07-01T08:08:23.223294+00:00,81.4,200,ask,WavyWalnuts,YieldingYams,1954511
2026-07-01T08:08:24.083563,2026-07-01T08:08:24.091616+00:00,81.4,200,bid,WavyWalnuts,YieldingYams,1954535
2026-07-01T08:08:25.302539,2026-07-01T08:08:25.310671+00:00,81.3,4,ask,Kelvin Chan,WavyWalnuts,1954556
2026-07-01T08:08:25.302539,2026-07-01T08:08:25.310671+00:00,81.3,196,ask,YieldingYams,WavyWalnuts,1954557
2026-07-01T08:08:25.838880,2026-07-01T08:08:25.847899+00:00,81.4,10,ask,Kelvin Chan,YieldingYams,1954568
2026-07-01T08:08:29.767669,2026-07-01T08:08:29.775120+00:00,81.2,4,ask,Kelvin Chan,YieldingYams,1954647
2026-07-01T08:08:30.145995,2026-07-01T08:08:30.157397+00:00,81.2,200,bid,WavyWalnuts,YieldingYams,1954659
2026-07-01T08:08:31.094085,2026-07-01T08:08:31.103400+00:00,81.2,3,ask,YieldingYams,Xuanyu Liu,1954688
2026-07-01T08:08:32.401203,2026-07-01T08:08:32.423721+00:00,81.3,200,bid,YieldingYams,WavyWalnuts,1954711
2026-07-01T08:08:32.409786,2026-07-01T08:08:32.423721+00:00,81.3,11,ask,YieldingYams,Xuanyu Liu,1954712
2026-07-01T08:08:33.126771,2026-07-01T08:08:33.132507+00:00,81.5,9,bid,BrilliantBurritos,Kelvin Chan,1954722
2026-07-01T08:08:33.126771,2026-07-01T08:08:33.132507+00:00,81.5,11,bid,BrilliantBurritos,YieldingYams,1954723
2026-07-01T08:08:33.799719,2026-07-01T08:08:33.803082+00:00,81.3,10,ask,WavyWalnuts,Zijun Feng,1954754
2026-07-01T08:08:34.470265,2026-07-01T08:08:34.472311+00:00,81.4,20,bid,BrilliantBurritos,YieldingYams,1954768
2026-07-01T08:08:36.206674,2026-07-01T08:08:36.214664+00:00,81.3,200,ask,YieldingYams,WavyWalnuts,1954822
2026-07-01T08:08:37.401572,2026-07-01T08:08:37.410944+00:00,81.1,3,ask,Kelvin Chan,Zijun Feng,1954845
2026-07-01T08:08:37.401572,2026-07-01T08:08:37.410944+00:00,81.1,7,ask,WavyWalnuts,Zijun Feng,1954846
2026-07-01T08:08:38.625513,2026-07-01T08:08:38.634827+00:00,81.3,20,bid,BrilliantBurritos,YieldingYams,1954884
2026-07-01T08:08:39.002318,2026-07-01T08:08:39.006444+00:00,81.2,8,ask,Kelvin Chan,YieldingYams,1954889
2026-07-01T08:08:39.002318,2026-07-01T08:08:39.006444+00:00,81.2,200,ask,WavyWalnuts,YieldingYams,1954890
2026-07-01T08:08:39.002318,2026-07-01T08:08:39.016885+00:00,81.1,417,ask,AverageAlmonds,YieldingYams,1954891
2026-07-01T08:08:39.666910,2026-07-01T08:08:39.678169+00:00,81.4,20,bid,BrilliantBurritos,WavyWalnuts,1954903
2026-07-01T08:08:44.689101,2026-07-01T08:08:44.700550+00:00,81.4,200,ask,YieldingYams,WavyWalnuts,1955017
2026-07-01T08:08:45.896854,2026-07-01T08:08:45.908588+00:00,81.4,200,bid,WavyWalnuts,YieldingYams,1955057
2026-07-01T08:08:48.318491,2026-07-01T08:08:48.327600+00:00,81.5,1,bid,WavyWalnuts,Kelvin Chan,1955112
2026-07-01T08:08:48.318491,2026-07-01T08:08:48.327600+00:00,81.5,199,bid,WavyWalnuts,AverageAlmonds,1955113
2026-07-01T08:08:49.530386,2026-07-01T08:08:49.535761+00:00,81.3,200,bid,WavyWalnuts,YieldingYams,1955134
2026-07-01T08:08:50.738405,2026-07-01T08:08:50.750280+00:00,81.3,200,bid,WavyWalnuts,YieldingYams,1955155
2026-07-01T08:08:51.951116,2026-07-01T08:08:51.957076+00:00,81.4,200,ask,YieldingYams,WavyWalnuts,1955187
2026-07-01T08:08:53.007100,2026-07-01T08:08:53.019138+00:00,81.4,11,bid,Xuanyu Liu,YieldingYams,1955217
2026-07-01T08:08:53.160769,2026-07-01T08:08:53.163703+00:00,81.4,200,bid,WavyWalnuts,YieldingYams,1955222
2026-07-01T08:08:54.266527,2026-07-01T08:08:54.276531+00:00,81.5,4,bid,BrilliantBurritos,Kelvin Chan,1955244
2026-07-01T08:08:54.266527,2026-07-01T08:08:54.276531+00:00,81.5,16,bid,BrilliantBurritos,WavyWalnuts,1955245
2026-07-01T08:08:54.762812,2026-07-01T08:08:54.771886+00:00,81.5,4,bid,YieldingYams,Kelvin Chan,1955261
2026-07-01T08:08:54.762812,2026-07-01T08:08:54.771886+00:00,81.6,200,bid,YieldingYams,WavyWalnuts,1955262
2026-07-01T08:08:54.762812,2026-07-01T08:08:54.771886+00:00,81.6,421,bid,YieldingYams,AverageAlmonds,1955263
2026-07-01T08:08:56.251414,2026-07-01T08:08:56.259340+00:00,81.5,5,bid,Zijun Feng,WavyWalnuts,1955294
2026-07-01T08:08:56.251414,2026-07-01T08:08:56.259340+00:00,81.5,5,bid,Zijun Feng,Kelvin Chan,1955295
2026-07-01T08:08:56.761920,2026-07-01T08:08:56.773602+00:00,81.5,10,bid,Zijun Feng,WavyWalnuts,1955305
2026-07-01T08:08:57.278836,2026-07-01T08:08:57.289497+00:00,81.5,3,bid,Xuanyu Liu,AverageAlmonds,1955316
2026-07-01T08:08:59.827447,2026-07-01T08:08:59.833343+00:00,81.4,20,bid,BrilliantBurritos,AverageAlmonds,1955386
2026-07-01T08:09:00.016423,2026-07-01T08:09:00.019944+00:00,81.4,500,bid,YieldingYams,AverageAlmonds,1955389
2026-07-01T08:09:00.562599,2026-07-01T08:09:00.566418+00:00,81.4,125,ask,YieldingYams,AverageAlmonds,1955401
2026-07-01T08:09:00.562599,2026-07-01T08:09:00.566418+00:00,81.4,200,ask,WavyWalnuts,AverageAlmonds,1955402
2026-07-01T08:09:01.058369,2026-07-01T08:09:01.062949+00:00,81.4,20,bid,BrilliantBurritos,AverageAlmonds,1955412
2026-07-01T08:09:01.349815,2026-07-01T08:09:01.352819+00:00,81.4,10,bid,Zijun Feng,AverageAlmonds,1955420
2026-07-01T08:09:03.957921,2026-07-01T08:09:03.961839+00:00,81.4,200,bid,YieldingYams,WavyWalnuts,1955471
2026-07-01T08:09:03.957921,2026-07-01T08:09:03.972129+00:00,81.4,425,bid,YieldingYams,AverageAlmonds,1955472
2026-07-01T08:09:04.187793,2026-07-01T08:09:04.198132+00:00,81.3,200,ask,WavyWalnuts,AverageAlmonds,1955477
2026-07-01T08:09:05.274100,2026-07-01T08:09:05.279358+00:00,81.2,2,ask,Kelvin Chan,YieldingYams,1955488
2026-07-01T08:09:05.274100,2026-07-01T08:09:05.279358+00:00,81.2,200,ask,WavyWalnuts,YieldingYams,1955489
2026-07-01T08:09:08.893739,2026-07-01T08:09:08.903843+00:00,81.2,200,ask,YieldingYams,WavyWalnuts,1955575
2026-07-01T08:09:10.104228,2026-07-01T08:09:10.107615+00:00,81.2,200,ask,YieldingYams,WavyWalnuts,1955609
2026-07-01T08:09:11.316234,2026-07-01T08:09:11.318372+00:00,81.1,8,ask,Kelvin Chan,WavyWalnuts,1955641
2026-07-01T08:09:11.316234,2026-07-01T08:09:11.328671+00:00,81.0,192,ask,YieldingYams,WavyWalnuts,1955642
2026-07-01T08:09:12.527688,2026-07-01T08:09:12.538671+00:00,81.1,10,ask,Kelvin Chan,WavyWalnuts,1955669
2026-07-01T08:09:12.527688,2026-07-01T08:09:12.538671+00:00,81.1,190,ask,YieldingYams,WavyWalnuts,1955670
2026-07-01T08:09:13.739861,2026-07-01T08:09:13.750505+00:00,81.1,10,ask,Kelvin Chan,WavyWalnuts,1955697
2026-07-01T08:09:13.739861,2026-07-01T08:09:13.750505+00:00,81.0,190,ask,YieldingYams,WavyWalnuts,1955698
2026-07-01T08:09:14.831250,2026-07-01T08:09:14.840671+00:00,81.3,20,bid,BrilliantBurritos,YieldingYams,1955714
2026-07-01T08:09:14.952752,2026-07-01T08:09:14.963952+00:00,81.1,7,ask,Kelvin Chan,WavyWalnuts,1955715
2026-07-01T08:09:14.952752,2026-07-01T08:09:14.963952+00:00,81.1,193,ask,YieldingYams,WavyWalnuts,1955716
2026-07-01T08:09:16.164828,2026-07-01T08:09:16.173747+00:00,81.0,200,ask,YieldingYams,WavyWalnuts,1955745
2026-07-01T08:09:17.373436,2026-07-01T08:09:17.382335+00:00,81.0,3,ask,Kelvin Chan,WavyWalnuts,1955779
2026-07-01T08:09:17.373436,2026-07-01T08:09:17.382335+00:00,81.0,197,ask,AverageAlmonds,WavyWalnuts,1955780
2026-07-01T08:09:18.174055,2026-07-01T08:09:18.185264+00:00,81.1,20,bid,BrilliantBurritos,YieldingYams,1955803
2026-07-01T08:09:18.587421,2026-07-01T08:09:18.598066+00:00,81.0,200,ask,AverageAlmonds,WavyWalnuts,1955813
2026-07-01T08:09:19.799629,2026-07-01T08:09:19.808213+00:00,81.0,200,ask,AverageAlmonds,WavyWalnuts,1955834
2026-07-01T08:09:21.042754,2026-07-01T08:09:21.044952+00:00,81.0,500,ask,AverageAlmonds,YieldingYams,1955861
2026-07-01T08:09:21.042754,2026-07-01T08:09:21.055355+00:00,80.9,125,ask,WavyWalnuts,YieldingYams,1955862
2026-07-01T08:09:22.222295,2026-07-01T08:09:22.226325+00:00,81.0,200,ask,AverageAlmonds,WavyWalnuts,1955871
2026-07-01T08:09:22.399082,2026-07-01T08:09:22.401283+00:00,81.0,1,ask,Kelvin Chan,YieldingYams,1955876
2026-07-01T08:09:22.399082,2026-07-01T08:09:22.411737+00:00,81.0,500,ask,AverageAlmonds,YieldingYams,1955877
2026-07-01T08:09:22.991973,2026-07-01T08:09:22.996652+00:00,81.0,124,bid,AverageAlmonds,YieldingYams,1955888
2026-07-01T08:09:23.432591,2026-07-01T08:09:23.438448+00:00,81.0,200,ask,AverageAlmonds,WavyWalnuts,1955895
2026-07-01T08:09:24.652553,2026-07-01T08:09:24.655459+00:00,81.2,200,ask,YieldingYams,WavyWalnuts,1955929
2026-07-01T08:09:25.805363,2026-07-01T08:09:25.816370+00:00,81.2,26,bid,Xuanyu Liu,YieldingYams,1955953
2026-07-01T08:09:25.811775,2026-07-01T08:09:25.816370+00:00,81.2,145,bid,Chester Au,YieldingYams,1955954
2026-07-01T08:09:25.863582,2026-07-01T08:09:25.867685+00:00,81.1,200,ask,YieldingYams,WavyWalnuts,1955955
2026-07-01T08:09:27.071883,2026-07-01T08:09:27.076776+00:00,81.1,200,bid,WavyWalnuts,YieldingYams,1955977
2026-07-01T08:09:27.844911,2026-07-01T08:09:27.851168+00:00,81.0,5,ask,YieldingYams,Xuanyu Liu,1955992
2026-07-01T08:09:27.903207,2026-07-01T08:09:27.913441+00:00,81.0,18,ask,YieldingYams,Xuanyu Liu,1955993
2026-07-01T08:09:28.283066,2026-07-01T08:09:28.292215+00:00,81.1,200,bid,WavyWalnuts,YieldingYams,1956003
2026-07-01T08:09:28.424774,2026-07-01T08:09:28.451908+00:00,81.1,425,bid,AverageAlmonds,YieldingYams,1956004
2026-07-01T08:09:28.441520,2026-07-01T08:09:28.451908+00:00,81.1,3,ask,AverageAlmonds,Xuanyu Liu,1956005
2026-07-01T08:09:28.967481,2026-07-01T08:09:28.973849+00:00,81.3,8,bid,YieldingYams,Kelvin Chan,1956015
2026-07-01T08:09:28.967481,2026-07-01T08:09:28.973849+00:00,81.3,200,bid,YieldingYams,WavyWalnuts,1956016
2026-07-01T08:09:28.989064,2026-07-01T08:09:28.994528+00:00,81.3,36,ask,YieldingYams,Chester Au,1956019
2026-07-01T08:09:29.561938,2026-07-01T08:09:29.569297+00:00,81.3,25,ask,YieldingYams,zicheng xu,1956037
2026-07-01T08:09:32.312529,2026-07-01T08:09:32.319027+00:00,81.3,10,bid,Zijun Feng,WavyWalnuts,1956101
2026-07-01T08:09:35.325442,2026-07-01T08:09:35.336303+00:00,81.2,3,bid,Xuanyu Liu,WavyWalnuts,1956164
2026-07-01T08:09:35.403839,2026-07-01T08:09:35.408295+00:00,81.2,100,bid,Eric Deng,WavyWalnuts,1956167
2026-07-01T08:09:35.574630,2026-07-01T08:09:35.582738+00:00,81.1,200,ask,AverageAlmonds,WavyWalnuts,1956173
2026-07-01T08:09:36.786105,2026-07-01T08:09:36.797486+00:00,81.1,200,ask,YieldingYams,WavyWalnuts,1956197
2026-07-01T08:09:38.083467,2026-07-01T08:09:38.093082+00:00,81.2,40,bid,Eric Deng,WavyWalnuts,1956224
2026-07-01T08:09:39.207963,2026-07-01T08:09:39.212039+00:00,81.1,200,bid,WavyWalnuts,YieldingYams,1956248
2026-07-01T08:09:39.483453,2026-07-01T08:09:39.492409+00:00,81.1,10,bid,Zijun Feng,YieldingYams,1956254
2026-07-01T08:09:40.417102,2026-07-01T08:09:40.425001+00:00,81.2,200,bid,WavyWalnuts,YieldingYams,1956273
2026-07-01T08:09:41.710532,2026-07-01T08:09:41.716154+00:00,81.2,60,bid,Eric Deng,YieldingYams,1956303
2026-07-01T08:09:42.541100,2026-07-01T08:09:42.548374+00:00,81.2,20,bid,BrilliantBurritos,YieldingYams,1956314
2026-07-01T08:09:42.822554,2026-07-01T08:09:42.825311+00:00,81.2,25,bid,Jessica Xu,YieldingYams,1956321
2026-07-01T08:09:42.847480,2026-07-01T08:09:42.856359+00:00,81.2,200,bid,WavyWalnuts,YieldingYams,1956325
2026-07-01T08:09:43.534529,2026-07-01T08:09:43.544304+00:00,81.4,4,bid,Zijun Feng,Kelvin Chan,1956335
2026-07-01T08:09:43.534529,2026-07-01T08:09:43.544304+00:00,81.4,6,bid,Zijun Feng,YieldingYams,1956336
2026-07-01T08:09:46.132440,2026-07-01T08:09:46.143212+00:00,81.3,5,bid,YieldingYams,Kelvin Chan,1956399
2026-07-01T08:09:46.477325,2026-07-01T08:09:46.481618+00:00,81.3,200,ask,YieldingYams,WavyWalnuts,1956408
2026-07-01T08:09:48.894964,2026-07-01T08:09:48.909782+00:00,81.4,2,bid,WavyWalnuts,Kelvin Chan,1956471
2026-07-01T08:09:48.900348,2026-07-01T08:09:48.909782+00:00,81.4,1,ask,WavyWalnuts,Xuanyu Liu,1956472
2026-07-01T08:09:49.590856,2026-07-01T08:09:49.598790+00:00,81.4,20,ask,WavyWalnuts,BrilliantBurritos,1956490
2026-07-01T08:09:51.319668,2026-07-01T08:09:51.326805+00:00,81.4,200,ask,YieldingYams,WavyWalnuts,1956528
2026-07-01T08:09:52.529702,2026-07-01T08:09:52.540734+00:00,81.4,200,ask,YieldingYams,WavyWalnuts,1956551
2026-07-01T08:09:52.696182,2026-07-01T08:09:52.709011+00:00,81.4,1,bid,Xuanyu Liu,YieldingYams,1956561
2026-07-01T08:09:52.843572,2026-07-01T08:09:52.853572+00:00,81.4,25,bid,Jessica Xu,YieldingYams,1956574
2026-07-01T08:09:54.138468,2026-07-01T08:09:54.142665+00:00,81.4,10,bid,Zijun Feng,WavyWalnuts,1956607
2026-07-01T08:09:56.169718,2026-07-01T08:09:56.178854+00:00,81.2,11,bid,Xuanyu Liu,WavyWalnuts,1956659
2026-07-01T08:09:56.177951,2026-07-01T08:09:56.189219+00:00,81.2,91,bid,Chester Au,WavyWalnuts,1956661
2026-07-01T08:09:56.208966,2026-07-01T08:09:56.220001+00:00,81.2,10,bid,Zijun Feng,WavyWalnuts,1956663
2026-07-01T08:09:56.642052,2026-07-01T08:09:56.650733+00:00,81.2,88,bid,YieldingYams,WavyWalnuts,1956672
2026-07-01T08:10:02.203991,2026-07-01T08:10:02.212938+00:00,81.5,1,bid,WavyWalnuts,Kelvin Chan,1956792
2026-07-01T08:10:02.342933,2026-07-01T08:10:02.346876+00:00,81.5,199,ask,WavyWalnuts,AverageAlmonds,1956796
2026-07-01T08:10:03.414349,2026-07-01T08:10:03.425246+00:00,81.5,200,bid,WavyWalnuts,AverageAlmonds,1956814
2026-07-01T08:10:07.061877,2026-07-01T08:10:07.070529+00:00,81.4,12,bid,Xuanyu Liu,WavyWalnuts,1956897
2026-07-01T08:10:07.870929,2026-07-01T08:10:07.873687+00:00,81.4,25,bid,Jessica Xu,WavyWalnuts,1956923
2026-07-01T08:10:08.285609,2026-07-01T08:10:08.298029+00:00,81.3,11,bid,Xuanyu Liu,WavyWalnuts,1956927
2026-07-01T08:10:08.836020,2026-07-01T08:10:08.845734+00:00,81.3,10,bid,Zijun Feng,WavyWalnuts,1956943
2026-07-01T08:10:09.484594,2026-07-01T08:10:09.486568+00:00,81.2,2,ask,Kelvin Chan,WavyWalnuts,1956962
2026-07-01T08:10:09.484594,2026-07-01T08:10:09.496902+00:00,81.2,198,ask,YieldingYams,WavyWalnuts,1956963
2026-07-01T08:10:10.268579,2026-07-01T08:10:10.278540+00:00,81.2,20,bid,BrilliantBurritos,YieldingYams,1956980
2026-07-01T08:10:10.694520,2026-07-01T08:10:10.699432+00:00,81.1,200,ask,AverageAlmonds,WavyWalnuts,1956992
2026-07-01T08:10:10.805239,2026-07-01T08:10:10.812286+00:00,81.2,500,bid,AverageAlmonds,YieldingYams,1956993
2026-07-01T08:10:12.884401,2026-07-01T08:10:12.887101+00:00,81.3,25,bid,Jessica Xu,WavyWalnuts,1957034
2026-07-01T08:10:13.374076,2026-07-01T08:10:13.387876+00:00,81.2,11,ask,YieldingYams,Xuanyu Liu,1957057
2026-07-01T08:10:13.721547,2026-07-01T08:10:13.737283+00:00,81.3,200,bid,YieldingYams,WavyWalnuts,1957065
2026-07-01T08:10:13.728265,2026-07-01T08:10:13.737283+00:00,81.4,23,ask,YieldingYams,Xuanyu Liu,1957066
2026-07-01T08:10:16.743577,2026-07-01T08:10:16.751549+00:00,81.3,200,bid,WavyWalnuts,YieldingYams,1957145
2026-07-01T08:10:17.666626,2026-07-01T08:10:17.682532+00:00,81.2,1,ask,Kelvin Chan,YieldingYams,1957158
2026-07-01T08:10:17.666626,2026-07-01T08:10:17.682532+00:00,81.2,500,ask,AverageAlmonds,YieldingYams,1957159
2026-07-01T08:10:17.674017,2026-07-01T08:10:17.682532+00:00,81.2,11,bid,Xuanyu Liu,YieldingYams,1957160
2026-07-01T08:10:17.899471,2026-07-01T08:10:17.907895+00:00,81.2,25,bid,Jessica Xu,YieldingYams,1957166
2026-07-01T08:10:17.952340,2026-07-01T08:10:17.959183+00:00,81.2,88,bid,WavyWalnuts,YieldingYams,1957169
2026-07-01T08:10:18.975881,2026-07-01T08:10:19.003463+00:00,81.5,2,bid,YieldingYams,Kelvin Chan,1957195
2026-07-01T08:10:18.975881,2026-07-01T08:10:19.003463+00:00,81.5,200,bid,YieldingYams,WavyWalnuts,1957196
2026-07-01T08:10:18.989055,2026-07-01T08:10:19.003463+00:00,81.5,11,ask,YieldingYams,Xuanyu Liu,1957199
2026-07-01T08:10:19.161945,2026-07-01T08:10:19.168125+00:00,81.5,200,ask,YieldingYams,WavyWalnuts,1957205
2026-07-01T08:10:20.296854,2026-07-01T08:10:20.310524+00:00,81.3,200,ask,WavyWalnuts,YieldingYams,1957225
2026-07-01T08:10:20.301554,2026-07-01T08:10:20.310524+00:00,81.3,23,bid,Xuanyu Liu,YieldingYams,1957226
2026-07-01T08:10:20.367021,2026-07-01T08:10:20.372391+00:00,81.3,200,bid,WavyWalnuts,YieldingYams,1957229
2026-07-01T08:10:21.576082,2026-07-01T08:10:21.582769+00:00,81.3,200,bid,WavyWalnuts,YieldingYams,1957267
2026-07-01T08:10:22.786599,2026-07-01T08:10:22.791011+00:00,81.4,200,ask,YieldingYams,WavyWalnuts,1957281
2026-07-01T08:10:22.875085,2026-07-01T08:10:22.885326+00:00,81.4,26,ask,YieldingYams,Xuanyu Liu,1957285
2026-07-01T08:10:23.996156,2026-07-01T08:10:24.002863+00:00,81.3,200,ask,YieldingYams,WavyWalnuts,1957307
2026-07-01T08:10:26.375809,2026-07-01T08:10:26.382417+00:00,81.3,20,bid,BrilliantBurritos,WavyWalnuts,1957352
2026-07-01T08:10:26.640152,2026-07-01T08:10:26.649716+00:00,81.2,20,ask,YieldingYams,BrilliantBurritos,1957363
2026-07-01T08:10:27.626802,2026-07-01T08:10:27.635712+00:00,81.2,200,ask,YieldingYams,WavyWalnuts,1957380
2026-07-01T08:10:28.836146,2026-07-01T08:10:28.843702+00:00,81.3,200,ask,YieldingYams,WavyWalnuts,1957394
2026-07-01T08:10:29.077533,2026-07-01T08:10:29.079976+00:00,81.3,10,ask,YieldingYams,Zijun Feng,1957405
2026-07-01T08:10:29.528876,2026-07-01T08:10:29.531401+00:00,81.1,2,ask,Kelvin Chan,YieldingYams,1957409
2026-07-01T08:10:29.528876,2026-07-01T08:10:29.551407+00:00,81.1,500,ask,AverageAlmonds,YieldingYams,1957410
2026-07-01T08:10:29.542495,2026-07-01T08:10:29.551407+00:00,81.1,2,bid,Xuanyu Liu,YieldingYams,1957411
2026-07-01T08:10:30.048557,2026-07-01T08:10:30.053378+00:00,81.1,121,bid,WavyWalnuts,YieldingYams,1957419
2026-07-01T08:10:30.838756,2026-07-01T08:10:30.844164+00:00,81.3,200,bid,YieldingYams,WavyWalnuts,1957443
2026-07-01T08:10:32.473231,2026-07-01T08:10:32.477372+00:00,81.4,200,bid,WavyWalnuts,YieldingYams,1957471
2026-07-01T08:10:33.466005,2026-07-01T08:10:33.473364+00:00,81.5,4,bid,YieldingYams,Kelvin Chan,1957485
2026-07-01T08:10:34.893773,2026-07-01T08:10:34.902460+00:00,81.5,200,ask,YieldingYams,WavyWalnuts,1957529
2026-07-01T08:10:40.952845,2026-07-01T08:10:40.958862+00:00,81.6,1,bid,WavyWalnuts,Kelvin Chan,1957648
2026-07-01T08:10:40.952845,2026-07-01T08:10:40.958862+00:00,81.6,199,bid,WavyWalnuts,YieldingYams,1957649
2026-07-01T08:10:41.326453,2026-07-01T08:10:41.329988+00:00,81.7,200,bid,YieldingYams,WavyWalnuts,1957662
2026-07-01T08:10:42.163532,2026-07-01T08:10:42.172701+00:00,81.7,200,ask,YieldingYams,WavyWalnuts,1957682
2026-07-01T08:10:43.073454,2026-07-01T08:10:43.077517+00:00,81.6,20,ask,YieldingYams,BrilliantBurritos,1957709
2026-07-01T08:10:43.963983,2026-07-01T08:10:43.973401+00:00,81.6,1,bid,Xuanyu Liu,YieldingYams,1957726
2026-07-01T08:10:44.597606,2026-07-01T08:10:44.601667+00:00,81.6,200,bid,WavyWalnuts,YieldingYams,1957741
2026-07-01T08:10:45.810047,2026-07-01T08:10:45.812329+00:00,81.7,200,ask,YieldingYams,WavyWalnuts,1957764
2026-07-01T08:10:47.894037,2026-07-01T08:10:47.905002+00:00,81.6,200,ask,WavyWalnuts,YieldingYams,1957802
2026-07-01T08:10:47.937207,2026-07-01T08:10:47.945975+00:00,81.5,25,bid,Jessica Xu,YieldingYams,1957806
2026-07-01T08:10:48.226552,2026-07-01T08:10:48.233484+00:00,81.5,200,bid,WavyWalnuts,YieldingYams,1957816
2026-07-01T08:10:49.442920,2026-07-01T08:10:49.446297+00:00,81.6,20,ask,YieldingYams,BrilliantBurritos,1957839
2026-07-01T08:10:51.410993,2026-07-01T08:10:51.421723+00:00,81.7,23,bid,Xuanyu Liu,WavyWalnuts,1957870
2026-07-01T08:10:53.147856,2026-07-01T08:10:53.153944+00:00,81.7,200,ask,WavyWalnuts,YieldingYams,1957912
2026-07-01T08:10:54.271283,2026-07-01T08:10:54.276002+00:00,81.5,200,ask,YieldingYams,WavyWalnuts,1957938
2026-07-01T08:10:55.480991,2026-07-01T08:10:55.490973+00:00,81.5,200,ask,YieldingYams,WavyWalnuts,1957975
2026-07-01T08:10:57.091299,2026-07-01T08:10:57.094611+00:00,81.5,200,bid,YieldingYams,WavyWalnuts,1958011
2026-07-01T08:10:57.909053,2026-07-01T08:10:57.927831+00:00,81.7,1,bid,WavyWalnuts,Kelvin Chan,1958034
2026-07-01T08:10:57.918372,2026-07-01T08:10:57.927831+00:00,81.7,3,ask,WavyWalnuts,Xuanyu Liu,1958035
2026-07-01T08:10:58.422868,2026-07-01T08:10:58.431945+00:00,81.7,196,ask,WavyWalnuts,YieldingYams,1958041
2026-07-01T08:11:00.332487,2026-07-01T08:11:00.342810+00:00,81.6,200,ask,YieldingYams,WavyWalnuts,1958082
2026-07-01T08:11:04.023338,2026-07-01T08:11:04.032199+00:00,81.5,8,ask,Kelvin Chan,BrilliantBurritos,1958185
2026-07-01T08:11:04.023338,2026-07-01T08:11:04.032199+00:00,81.5,12,ask,YieldingYams,BrilliantBurritos,1958186
2026-07-01T08:11:04.076314,2026-07-01T08:11:04.087507+00:00,81.5,20,ask,YieldingYams,Xuanyu Liu,1958189
2026-07-01T08:11:05.231169,2026-07-01T08:11:05.242163+00:00,81.5,200,ask,YieldingYams,WavyWalnuts,1958212
2026-07-01T08:11:08.868205,2026-07-01T08:11:08.878315+00:00,81.4,7,ask,Kelvin Chan,WavyWalnuts,1958316
2026-07-01T08:11:08.868205,2026-07-01T08:11:08.878315+00:00,81.4,193,ask,YieldingYams,WavyWalnuts,1958317
2026-07-01T08:11:10.077796,2026-07-01T08:11:10.088574+00:00,81.4,200,bid,WavyWalnuts,YieldingYams,1958345
2026-07-01T08:11:10.408646,2026-07-01T08:11:10.422584+00:00,81.3,3,ask,Kelvin Chan,Xuanyu Liu,1958356
2026-07-01T08:11:11.287581,2026-07-01T08:11:11.295178+00:00,81.4,200,bid,WavyWalnuts,YieldingYams,1958367
2026-07-01T08:11:12.497175,2026-07-01T08:11:12.500453+00:00,81.5,200,bid,WavyWalnuts,YieldingYams,1958411
2026-07-01T08:11:13.710455,2026-07-01T08:11:13.714474+00:00,81.5,200,bid,WavyWalnuts,YieldingYams,1958425
2026-07-01T08:11:15.649278,2026-07-01T08:11:15.655953+00:00,81.5,20,ask,YieldingYams,BrilliantBurritos,1958453
2026-07-01T08:11:16.220524,2026-07-01T08:11:16.230501+00:00,81.5,10,ask,YieldingYams,Zijun Feng,1958468
2026-07-01T08:11:16.745709,2026-07-01T08:11:16.757718+00:00,81.5,100,ask,YieldingYams,Eric Deng,1958483
2026-07-01T08:11:16.748981,2026-07-01T08:11:16.757718+00:00,81.5,3,ask,YieldingYams,Xuanyu Liu,1958484
2026-07-01T08:11:16.753601,2026-07-01T08:11:16.757718+00:00,81.5,50,ask,YieldingYams,Chester Au,1958485
2026-07-01T08:11:22.025502,2026-07-01T08:11:22.035721+00:00,81.6,500,bid,YieldingYams,AverageAlmonds,1958585
2026-07-01T08:11:22.260678,2026-07-01T08:11:22.271634+00:00,81.6,125,ask,YieldingYams,AverageAlmonds,1958591
2026-07-01T08:11:23.115544,2026-07-01T08:11:23.123540+00:00,81.5,150,ask,WavyWalnuts,Chester Au,1958606
2026-07-01T08:11:23.335201,2026-07-01T08:11:23.338633+00:00,81.5,50,ask,WavyWalnuts,YieldingYams,1958610
2026-07-01T08:11:23.335201,2026-07-01T08:11:23.338633+00:00,81.4,3,ask,Kelvin Chan,YieldingYams,1958611
2026-07-01T08:11:23.428522,2026-07-01T08:11:23.430676+00:00,81.4,200,bid,WavyWalnuts,YieldingYams,1958613
2026-07-01T08:11:24.637120,2026-07-01T08:11:24.645694+00:00,81.4,200,bid,WavyWalnuts,YieldingYams,1958642
2026-07-01T08:11:25.847793,2026-07-01T08:11:25.850391+00:00,81.4,200,ask,YieldingYams,WavyWalnuts,1958660
2026-07-01T08:11:27.055075,2026-07-01T08:11:27.063253+00:00,81.5,200,bid,WavyWalnuts,YieldingYams,1958686
2026-07-01T08:11:29.176812,2026-07-01T08:11:29.185925+00:00,81.4,20,ask,WavyWalnuts,BrilliantBurritos,1958738
2026-07-01T08:11:29.883277,2026-07-01T08:11:29.886696+00:00,81.6,200,bid,YieldingYams,WavyWalnuts,1958763
2026-07-01T08:11:30.045390,2026-07-01T08:11:30.051183+00:00,81.6,100,ask,YieldingYams,Eric Deng,1958769
2026-07-01T08:11:30.683974,2026-07-01T08:11:30.693631+00:00,81.6,200,ask,YieldingYams,WavyWalnuts,1958784
2026-07-01T08:11:31.942386,2026-07-01T08:11:31.946219+00:00,81.4,10,ask,WavyWalnuts,Zijun Feng,1958808
2026-07-01T08:11:32.509676,2026-07-01T08:11:32.514281+00:00,81.4,190,ask,WavyWalnuts,YieldingYams,1958811
2026-07-01T08:11:32.509676,2026-07-01T08:11:32.514281+00:00,81.3,3,ask,Kelvin Chan,YieldingYams,1958812
2026-07-01T08:11:32.509676,2026-07-01T08:11:32.524713+00:00,81.3,432,ask,AverageAlmonds,YieldingYams,1958813
2026-07-01T08:11:34.310502,2026-07-01T08:11:34.314183+00:00,81.5,200,bid,WavyWalnuts,YieldingYams,1958863
2026-07-01T08:11:35.872562,2026-07-01T08:11:35.882094+00:00,81.4,20,ask,YieldingYams,BrilliantBurritos,1958899
2026-07-01T08:11:39.165183,2026-07-01T08:11:39.175922+00:00,81.5,200,ask,YieldingYams,WavyWalnuts,1958973
2026-07-01T08:11:42.981692,2026-07-01T08:11:42.993397+00:00,81.5,200,bid,YieldingYams,WavyWalnuts,1959058
2026-07-01T08:11:42.996320,2026-07-01T08:11:43.003727+00:00,81.5,25,ask,YieldingYams,Jessica Xu,1959059
2026-07-01T08:11:43.176273,2026-07-01T08:11:43.178944+00:00,81.5,10,ask,YieldingYams,Zijun Feng,1959066
2026-07-01T08:11:43.687412,2026-07-01T08:11:43.693203+00:00,81.5,10,ask,YieldingYams,Zijun Feng,1959074
2026-07-01T08:11:45.520921,2026-07-01T08:11:45.527139+00:00,81.4,20,ask,YieldingYams,BrilliantBurritos,1959120
2026-07-01T08:11:48.235663,2026-07-01T08:11:48.245657+00:00,81.5,200,bid,YieldingYams,WavyWalnuts,1959186
2026-07-01T08:11:48.235663,2026-07-01T08:11:48.245657+00:00,81.6,425,bid,YieldingYams,AverageAlmonds,1959187
2026-07-01T08:11:49.563286,2026-07-01T08:11:49.584509+00:00,81.3,1,ask,Kelvin Chan,YieldingYams,1959211
2026-07-01T08:11:49.563286,2026-07-01T08:11:49.584509+00:00,81.3,200,ask,WavyWalnuts,YieldingYams,1959212
2026-07-01T08:11:49.574967,2026-07-01T08:11:49.584509+00:00,81.2,3,bid,Xuanyu Liu,YieldingYams,1959213
2026-07-01T08:11:50.053929,2026-07-01T08:11:50.058371+00:00,81.2,200,bid,WavyWalnuts,YieldingYams,1959223
2026-07-01T08:11:53.499647,2026-07-01T08:11:53.508004+00:00,81.2,1,ask,Kelvin Chan,YieldingYams,1959285
2026-07-01T08:11:53.499647,2026-07-01T08:11:53.508004+00:00,81.2,200,ask,WavyWalnuts,YieldingYams,1959286
2026-07-01T08:11:53.499647,2026-07-01T08:11:53.508004+00:00,81.2,424,ask,AverageAlmonds,YieldingYams,1959287
2026-07-01T08:11:54.890221,2026-07-01T08:11:54.896892+00:00,81.4,200,bid,WavyWalnuts,YieldingYams,1959331
2026-07-01T08:11:56.109837,2026-07-01T08:11:56.112930+00:00,81.4,200,bid,WavyWalnuts,YieldingYams,1959361
2026-07-01T08:11:56.321637,2026-07-01T08:11:56.331507+00:00,81.5,6,bid,Zijun Feng,Kelvin Chan,1959374
2026-07-01T08:11:56.830569,2026-07-01T08:11:56.839824+00:00,81.5,4,bid,Zijun Feng,Kelvin Chan,1959383
2026-07-01T08:11:57.607914,2026-07-01T08:11:57.615735+00:00,81.5,6,bid,BrilliantBurritos,Kelvin Chan,1959405
2026-07-01T08:11:57.607914,2026-07-01T08:11:57.615735+00:00,81.5,14,bid,BrilliantBurritos,WavyWalnuts,1959406
2026-07-01T08:12:01.389718,2026-07-01T08:12:01.398384+00:00,81.5,200,bid,YieldingYams,WavyWalnuts,1959472
2026-07-01T08:12:01.389718,2026-07-01T08:12:01.398384+00:00,81.5,425,bid,YieldingYams,AverageAlmonds,1959473
2026-07-01T08:12:01.643666,2026-07-01T08:12:01.655866+00:00,81.3,20,ask,WavyWalnuts,BrilliantBurritos,1959479
2026-07-01T08:12:02.177287,2026-07-01T08:12:02.180025+00:00,81.5,8,bid,WavyWalnuts,Kelvin Chan,1959487
2026-07-01T08:12:02.177287,2026-07-01T08:12:02.190352+00:00,81.6,192,bid,WavyWalnuts,AverageAlmonds,1959488
2026-07-01T08:12:03.394778,2026-07-01T08:12:03.404586+00:00,81.5,200,bid,WavyWalnuts,YieldingYams,1959524
2026-07-01T08:12:04.606936,2026-07-01T08:12:04.618470+00:00,81.5,200,bid,WavyWalnuts,YieldingYams,1959546
2026-07-01T08:12:05.820367,2026-07-01T08:12:05.824149+00:00,81.6,7,bid,WavyWalnuts,Kelvin Chan,1959583
2026-07-01T08:12:05.820367,2026-07-01T08:12:05.834468+00:00,81.6,193,bid,WavyWalnuts,AverageAlmonds,1959584
2026-07-01T08:12:06.402964,2026-07-01T08:12:06.409545+00:00,81.5,1,ask,YieldingYams,Johan Shajee,1959596
2026-07-01T08:12:07.944690,2026-07-01T08:12:07.952784+00:00,81.4,200,ask,WavyWalnuts,YieldingYams,1959621
2026-07-01T08:12:08.122710,2026-07-01T08:12:08.127770+00:00,81.4,20,bid,BrilliantBurritos,YieldingYams,1959631
2026-07-01T08:12:09.533173,2026-07-01T08:12:09.537793+00:00,81.4,200,bid,WavyWalnuts,YieldingYams,1959667
2026-07-01T08:12:10.588366,2026-07-01T08:12:10.597458+00:00,81.3,3,ask,YieldingYams,Xuanyu Liu,1959692
2026-07-01T08:12:13.036406,2026-07-01T08:12:13.046013+00:00,81.3,25,ask,YieldingYams,Jessica Xu,1959744
2026-07-01T08:12:13.166037,2026-07-01T08:12:13.169751+00:00,81.5,200,bid,WavyWalnuts,YieldingYams,1959750
2026-07-01T08:12:13.222914,2026-07-01T08:12:13.233427+00:00,81.4,7,ask,YieldingYams,Xuanyu Liu,1959752
2026-07-01T08:12:13.698326,2026-07-01T08:12:13.721698+00:00,81.5,7,bid,Xuanyu Liu,AverageAlmonds,1959771
2026-07-01T08:12:14.384766,2026-07-01T08:12:14.392178+00:00,81.4,200,ask,YieldingYams,WavyWalnuts,1959784
2026-07-01T08:12:15.598921,2026-07-01T08:12:15.610250+00:00,81.4,200,ask,YieldingYams,WavyWalnuts,1959825
2026-07-01T08:12:15.762894,2026-07-01T08:12:15.774889+00:00,81.4,20,ask,YieldingYams,BrilliantBurritos,1959827
2026-07-01T08:12:16.116068,2026-07-01T08:12:16.124225+00:00,81.4,10,ask,YieldingYams,Zijun Feng,1959839
2026-07-01T08:12:16.816156,2026-07-01T08:12:16.823635+00:00,81.4,200,ask,YieldingYams,WavyWalnuts,1959854
2026-07-01T08:12:17.163393,2026-07-01T08:12:17.177465+00:00,81.4,3,bid,Xuanyu Liu,YieldingYams,1959861
2026-07-01T08:12:18.024375,2026-07-01T08:12:18.031056+00:00,81.4,200,bid,WavyWalnuts,YieldingYams,1959888
2026-07-01T08:12:20.451405,2026-07-01T08:12:20.454033+00:00,81.4,200,ask,YieldingYams,WavyWalnuts,1959953
2026-07-01T08:12:21.670696,2026-07-01T08:12:21.682113+00:00,81.4,200,ask,YieldingYams,WavyWalnuts,1959976
2026-07-01T08:12:22.890459,2026-07-01T08:12:22.898135+00:00,81.3,200,bid,WavyWalnuts,YieldingYams,1960012
2026-07-01T08:12:24.343315,2026-07-01T08:12:24.351248+00:00,81.3,20,bid,BrilliantBurritos,YieldingYams,1960039
2026-07-01T08:12:25.064825,2026-07-01T08:12:25.073126+00:00,81.2,1,ask,Kelvin Chan,YieldingYams,1960048
2026-07-01T08:12:25.319628,2026-07-01T08:12:25.331763+00:00,81.1,200,ask,YieldingYams,WavyWalnuts,1960053
2026-07-01T08:12:26.377028,2026-07-01T08:12:26.382319+00:00,81.1,500,ask,AverageAlmonds,YieldingYams,1960084
2026-07-01T08:12:26.377028,2026-07-01T08:12:26.382319+00:00,81.1,2,ask,Kelvin Chan,YieldingYams,1960085
2026-07-01T08:12:26.430554,2026-07-01T08:12:26.471527+00:00,81.0,123,bid,AverageAlmonds,YieldingYams,1960087
2026-07-01T08:12:26.453818,2026-07-01T08:12:26.471527+00:00,81.1,10,ask,AverageAlmonds,Xuanyu Liu,1960088
2026-07-01T08:12:26.529027,2026-07-01T08:12:26.533619+00:00,81.1,200,ask,AverageAlmonds,WavyWalnuts,1960094
2026-07-01T08:12:27.737640,2026-07-01T08:12:27.747547+00:00,81.3,200,ask,YieldingYams,WavyWalnuts,1960114
2026-07-01T08:12:28.061232,2026-07-01T08:12:28.067277+00:00,81.3,25,ask,YieldingYams,Jessica Xu,1960120
2026-07-01T08:12:28.945762,2026-07-01T08:12:28.951825+00:00,81.3,200,ask,YieldingYams,WavyWalnuts,1960139
2026-07-01T08:12:32.580317,2026-07-01T08:12:32.591547+00:00,81.3,200,ask,YieldingYams,WavyWalnuts,1960193
2026-07-01T08:12:33.080362,2026-07-01T08:12:33.086268+00:00,81.2,6,ask,Kelvin Chan,Jessica Xu,1960206
2026-07-01T08:12:33.080362,2026-07-01T08:12:33.086268+00:00,81.2,19,ask,AverageAlmonds,Jessica Xu,1960207
2026-07-01T08:12:33.786696,2026-07-01T08:12:33.795630+00:00,81.4,200,bid,WavyWalnuts,YieldingYams,1960222
2026-07-01T08:12:34.843798,2026-07-01T08:12:34.845849+00:00,81.3,10,ask,YieldingYams,Zijun Feng,1960256
2026-07-01T08:12:35.584915,2026-07-01T08:12:35.586779+00:00,81.4,20,ask,WavyWalnuts,BrilliantBurritos,1960268
2026-07-01T08:12:36.206006,2026-07-01T08:12:36.214458+00:00,81.5,200,bid,WavyWalnuts,YieldingYams,1960282
2026-07-01T08:12:37.389210,2026-07-01T08:12:37.401139+00:00,81.4,10,ask,YieldingYams,Zijun Feng,1960305
2026-07-01T08:12:38.101184,2026-07-01T08:12:38.108737+00:00,81.4,25,ask,YieldingYams,Jessica Xu,1960322
2026-07-01T08:12:38.185913,2026-07-01T08:12:38.190872+00:00,81.5,200,bid,YieldingYams,WavyWalnuts,1960328
2026-07-01T08:12:38.625982,2026-07-01T08:12:38.634054+00:00,81.5,200,ask,YieldingYams,WavyWalnuts,1960337
2026-07-01T08:12:39.529976,2026-07-01T08:12:39.539750+00:00,81.5,2,bid,Xuanyu Liu,YieldingYams,1960354
2026-07-01T08:12:42.011982,2026-07-01T08:12:42.021936+00:00,81.4,20,ask,YieldingYams,BrilliantBurritos,1960406
2026-07-01T08:12:42.274534,2026-07-01T08:12:42.279545+00:00,81.5,200,bid,WavyWalnuts,YieldingYams,1960407
2026-07-01T08:12:43.121595,2026-07-01T08:12:43.132690+00:00,81.3,25,ask,YieldingYams,Jessica Xu,1960425
