timestamp,recv_time,price,volume,aggressor_side,buyer,seller,trade_id
2026-06-30T23:00:00.162185,2026-06-30T23:00:00.104490+00:00,72.1,200,ask,AverageAlmonds,WavyWalnuts,1255328
2026-06-30T23:00:01.369334,2026-06-30T23:00:01.378459+00:00,72.1,200,ask,YieldingYams,WavyWalnuts,1255341
2026-06-30T23:00:02.425082,2026-06-30T23:00:02.427279+00:00,72.1,500,ask,AverageAlmonds,YieldingYams,1255355
2026-06-30T23:00:02.460471,2026-06-30T23:00:02.468273+00:00,72.0,10,bid,Andy Garg,YieldingYams,1255356
2026-06-30T23:00:02.518198,2026-06-30T23:00:02.520529+00:00,72.0,115,bid,AverageAlmonds,YieldingYams,1255359
2026-06-30T23:00:04.997363,2026-06-30T23:00:05.008593+00:00,72.3,200,bid,WavyWalnuts,YieldingYams,1255397
2026-06-30T23:00:05.492954,2026-06-30T23:00:05.501310+00:00,72.1,20,ask,YieldingYams,BrilliantBurritos,1255410
2026-06-30T23:00:06.215948,2026-06-30T23:00:06.220140+00:00,72.3,200,bid,WavyWalnuts,YieldingYams,1255415
2026-06-30T23:00:06.365746,2026-06-30T23:00:06.373107+00:00,72.4,11,ask,YieldingYams,Xuanyu Liu,1255419
2026-06-30T23:00:06.400922,2026-06-30T23:00:06.403952+00:00,72.4,35,ask,YieldingYams,Andy Garg,1255421
2026-06-30T23:00:07.428664,2026-06-30T23:00:07.430661+00:00,72.4,200,ask,YieldingYams,WavyWalnuts,1255437
2026-06-30T23:00:08.072726,2026-06-30T23:00:08.078805+00:00,72.5,45,bid,Andy Garg,AverageAlmonds,1255450
2026-06-30T23:00:08.635124,2026-06-30T23:00:08.643212+00:00,72.4,200,ask,YieldingYams,WavyWalnuts,1255460
2026-06-30T23:00:08.985215,2026-06-30T23:00:08.992836+00:00,72.4,11,bid,Xuanyu Liu,YieldingYams,1255467
2026-06-30T23:00:10.285922,2026-06-30T23:00:10.288097+00:00,72.2,200,ask,WavyWalnuts,YieldingYams,1255488
2026-06-30T23:00:10.299838,2026-06-30T23:00:10.310548+00:00,72.2,23,bid,Xuanyu Liu,YieldingYams,1255489
2026-06-30T23:00:11.045206,2026-06-30T23:00:11.048957+00:00,72.2,200,bid,WavyWalnuts,YieldingYams,1255500
2026-06-30T23:00:11.602962,2026-06-30T23:00:11.613218+00:00,72.3,11,ask,YieldingYams,Xuanyu Liu,1255507
2026-06-30T23:00:11.701328,2026-06-30T23:00:11.705572+00:00,72.3,15,ask,YieldingYams,Andy Garg,1255510
2026-06-30T23:00:11.861613,2026-06-30T23:00:11.869951+00:00,72.3,85,ask,YieldingYams,Andy Garg,1255513
2026-06-30T23:00:12.257685,2026-06-30T23:00:12.262111+00:00,72.3,200,ask,YieldingYams,WavyWalnuts,1255522
2026-06-30T23:00:12.274892,2026-06-30T23:00:12.282970+00:00,72.5,6,bid,Zijun Feng,YieldingYams,1255523
2026-06-30T23:00:12.928967,2026-06-30T23:00:12.930777+00:00,72.4,5,bid,Andy Garg,YieldingYams,1255534
2026-06-30T23:00:13.464709,2026-06-30T23:00:13.469489+00:00,72.4,200,bid,WavyWalnuts,YieldingYams,1255543
2026-06-30T23:00:13.804607,2026-06-30T23:00:13.807685+00:00,72.4,10,bid,Zijun Feng,YieldingYams,1255546
2026-06-30T23:00:15.056403,2026-06-30T23:00:15.058111+00:00,72.5,55,bid,Andy Garg,YieldingYams,1255573
2026-06-30T23:00:15.218207,2026-06-30T23:00:15.221405+00:00,72.5,40,bid,Andy Garg,YieldingYams,1255575
2026-06-30T23:00:15.880726,2026-06-30T23:00:15.887162+00:00,72.4,4,bid,Zijun Feng,YieldingYams,1255596
2026-06-30T23:00:16.708014,2026-06-30T23:00:16.717302+00:00,72.4,11,bid,Xuanyu Liu,YieldingYams,1255607
2026-06-30T23:00:16.824329,2026-06-30T23:00:16.829942+00:00,72.4,200,bid,YieldingYams,WavyWalnuts,1255609
2026-06-30T23:00:18.135234,2026-06-30T23:00:18.153888+00:00,72.4,200,ask,WavyWalnuts,YieldingYams,1255638
2026-06-30T23:00:18.145313,2026-06-30T23:00:18.153888+00:00,72.3,3,bid,Xuanyu Liu,YieldingYams,1255639
2026-06-30T23:00:19.954783,2026-06-30T23:00:19.964258+00:00,72.4,10,bid,Zijun Feng,YieldingYams,1255681
2026-06-30T23:00:21.296374,2026-06-30T23:00:21.300263+00:00,72.3,200,bid,AverageAlmonds,WavyWalnuts,1255697
2026-06-30T23:00:21.296374,2026-06-30T23:00:21.300263+00:00,72.3,300,bid,AverageAlmonds,YieldingYams,1255698
2026-06-30T23:00:21.942570,2026-06-30T23:00:21.949786+00:00,72.3,200,bid,WavyWalnuts,YieldingYams,1255711
2026-06-30T23:00:22.077435,2026-06-30T23:00:22.083499+00:00,72.4,100,ask,YieldingYams,Andy Garg,1255713
2026-06-30T23:00:23.090743,2026-06-30T23:00:23.099698+00:00,72.5,3,bid,Xuanyu Liu,WavyWalnuts,1255724
2026-06-30T23:00:23.366921,2026-06-30T23:00:23.371270+00:00,72.5,200,bid,YieldingYams,WavyWalnuts,1255730
2026-06-30T23:00:23.523267,2026-06-30T23:00:23.526045+00:00,72.6,10,bid,Zijun Feng,AverageAlmonds,1255732
2026-06-30T23:00:24.367343,2026-06-30T23:00:24.378677+00:00,72.5,200,ask,YieldingYams,WavyWalnuts,1255747
2026-06-30T23:00:24.677754,2026-06-30T23:00:24.699608+00:00,72.3,200,ask,WavyWalnuts,YieldingYams,1255754
2026-06-30T23:00:24.690222,2026-06-30T23:00:24.699608+00:00,72.2,23,bid,Xuanyu Liu,YieldingYams,1255755
2026-06-30T23:00:24.718796,2026-06-30T23:00:24.720389+00:00,72.2,25,bid,Andy Garg,YieldingYams,1255758
2026-06-30T23:00:26.172400,2026-06-30T23:00:26.182530+00:00,72.2,5,ask,YieldingYams,Andy Garg,1255783
2026-06-30T23:00:26.245451,2026-06-30T23:00:26.254496+00:00,72.2,23,ask,YieldingYams,Xuanyu Liu,1255788
2026-06-30T23:00:26.283819,2026-06-30T23:00:26.285444+00:00,72.2,20,ask,YieldingYams,Andy Garg,1255790
2026-06-30T23:00:27.097383,2026-06-30T23:00:27.108414+00:00,72.3,10,bid,Zijun Feng,WavyWalnuts,1255804
2026-06-30T23:00:27.297313,2026-06-30T23:00:27.304007+00:00,72.3,190,bid,YieldingYams,WavyWalnuts,1255806
2026-06-30T23:00:28.966906,2026-06-30T23:00:28.975920+00:00,72.2,20,ask,WavyWalnuts,Andy Garg,1255825
2026-06-30T23:00:29.127792,2026-06-30T23:00:29.130261+00:00,72.2,15,ask,WavyWalnuts,Andy Garg,1255828
2026-06-30T23:00:29.337721,2026-06-30T23:00:29.346589+00:00,72.2,10,ask,YieldingYams,Andy Garg,1255833
2026-06-30T23:00:31.229648,2026-06-30T23:00:31.239617+00:00,72.3,200,bid,YieldingYams,WavyWalnuts,1255861
2026-06-30T23:00:31.264224,2026-06-30T23:00:31.270582+00:00,72.3,30,ask,YieldingYams,Andy Garg,1255863
2026-06-30T23:00:32.446210,2026-06-30T23:00:32.454276+00:00,72.4,30,bid,Andy Garg,YieldingYams,1255886
2026-06-30T23:00:32.543121,2026-06-30T23:00:32.546529+00:00,72.2,200,ask,WavyWalnuts,YieldingYams,1255888
2026-06-30T23:00:32.543121,2026-06-30T23:00:32.546529+00:00,72.2,425,ask,AverageAlmonds,YieldingYams,1255889
2026-06-30T23:00:32.608347,2026-06-30T23:00:32.618917+00:00,72.4,25,bid,Andy Garg,WavyWalnuts,1255890
2026-06-30T23:00:32.772529,2026-06-30T23:00:32.784345+00:00,72.4,20,bid,Andy Garg,WavyWalnuts,1255894
2026-06-30T23:00:33.851174,2026-06-30T23:00:33.857131+00:00,72.3,200,bid,YieldingYams,WavyWalnuts,1255911
2026-06-30T23:00:36.564555,2026-06-30T23:00:36.576077+00:00,72.3,25,ask,WavyWalnuts,Andy Garg,1255950
2026-06-30T23:00:37.791787,2026-06-30T23:00:37.800798+00:00,72.4,200,bid,YieldingYams,WavyWalnuts,1255975
2026-06-30T23:00:37.796223,2026-06-30T23:00:37.800798+00:00,72.4,20,ask,YieldingYams,Andy Garg,1255976
2026-06-30T23:00:38.896611,2026-06-30T23:00:38.966854+00:00,72.4,3,ask,YieldingYams,Xuanyu Liu,1255986
2026-06-30T23:00:39.121401,2026-06-30T23:00:39.131624+00:00,72.4,200,ask,WavyWalnuts,YieldingYams,1255991
2026-06-30T23:00:39.127409,2026-06-30T23:00:39.131624+00:00,72.3,20,bid,Andy Garg,YieldingYams,1255992
2026-06-30T23:00:39.389738,2026-06-30T23:00:39.398260+00:00,72.3,10,bid,Andy Garg,YieldingYams,1255997
2026-06-30T23:00:39.551446,2026-06-30T23:00:39.562668+00:00,72.3,15,bid,Andy Garg,YieldingYams,1256000
2026-06-30T23:00:40.164261,2026-06-30T23:00:40.171597+00:00,72.3,200,bid,WavyWalnuts,YieldingYams,1256013
2026-06-30T23:00:41.376353,2026-06-30T23:00:41.383626+00:00,72.4,200,ask,YieldingYams,WavyWalnuts,1256031
2026-06-30T23:00:42.584968,2026-06-30T23:00:42.595233+00:00,72.3,200,ask,YieldingYams,WavyWalnuts,1256048
2026-06-30T23:00:45.007076,2026-06-30T23:00:45.012609+00:00,72.3,200,ask,YieldingYams,WavyWalnuts,1256075
2026-06-30T23:00:45.781900,2026-06-30T23:00:45.783529+00:00,72.3,10,ask,AverageAlmonds,Zijun Feng,1256086
2026-06-30T23:00:46.228054,2026-06-30T23:00:46.238029+00:00,72.4,3,ask,WavyWalnuts,Xuanyu Liu,1256089
2026-06-30T23:00:46.415072,2026-06-30T23:00:46.423521+00:00,72.5,15,bid,Andy Garg,YieldingYams,1256092
2026-06-30T23:00:46.576280,2026-06-30T23:00:46.588187+00:00,72.5,20,bid,Andy Garg,YieldingYams,1256095
2026-06-30T23:00:46.689259,2026-06-30T23:00:46.691086+00:00,72.5,15,bid,Andy Garg,YieldingYams,1256097
2026-06-30T23:00:47.422079,2026-06-30T23:00:47.432737+00:00,72.5,200,bid,WavyWalnuts,YieldingYams,1256116
2026-06-30T23:00:47.821493,2026-06-30T23:00:47.832653+00:00,72.3,10,ask,YieldingYams,Zijun Feng,1256121
2026-06-30T23:00:48.314171,2026-06-30T23:00:48.318793+00:00,72.4,10,bid,Andy Garg,YieldingYams,1256128
2026-06-30T23:00:48.571960,2026-06-30T23:00:48.575652+00:00,72.4,500,bid,AverageAlmonds,YieldingYams,1256131
2026-06-30T23:00:48.628652,2026-06-30T23:00:48.638207+00:00,72.4,115,bid,WavyWalnuts,YieldingYams,1256136
2026-06-30T23:00:49.173798,2026-06-30T23:00:49.182462+00:00,72.5,200,bid,AverageAlmonds,WavyWalnuts,1256139
2026-06-30T23:00:49.275778,2026-06-30T23:00:49.285662+00:00,72.5,20,ask,AverageAlmonds,BrilliantBurritos,1256140
2026-06-30T23:00:49.837037,2026-06-30T23:00:49.840707+00:00,72.5,200,ask,AverageAlmonds,WavyWalnuts,1256156
2026-06-30T23:00:49.851978,2026-06-30T23:00:49.861398+00:00,72.5,10,ask,AverageAlmonds,Zijun Feng,1256157
2026-06-30T23:00:49.935838,2026-06-30T23:00:49.943402+00:00,72.5,15,ask,AverageAlmonds,Andy Garg,1256160
2026-06-30T23:00:50.048479,2026-06-30T23:00:50.056545+00:00,72.5,20,ask,AverageAlmonds,Andy Garg,1256166
2026-06-30T23:00:50.763080,2026-06-30T23:00:50.774420+00:00,72.5,25,ask,AverageAlmonds,Andy Garg,1256173
2026-06-30T23:00:51.599238,2026-06-30T23:00:51.606903+00:00,72.5,11,ask,AverageAlmonds,Xuanyu Liu,1256192
2026-06-30T23:00:51.886327,2026-06-30T23:00:51.895772+00:00,72.5,10,ask,AverageAlmonds,Zijun Feng,1256200
2026-06-30T23:00:52.257285,2026-06-30T23:00:52.268442+00:00,72.5,200,ask,AverageAlmonds,WavyWalnuts,1256205
2026-06-30T23:00:52.838203,2026-06-30T23:00:52.846648+00:00,72.6,12,ask,AverageAlmonds,Xuanyu Liu,1256209
2026-06-30T23:00:53.510149,2026-06-30T23:00:53.532481+00:00,72.7,200,bid,YieldingYams,WavyWalnuts,1256221
2026-06-30T23:00:53.519803,2026-06-30T23:00:53.532481+00:00,72.7,11,ask,YieldingYams,Xuanyu Liu,1256222
2026-06-30T23:00:53.927890,2026-06-30T23:00:53.932435+00:00,72.7,10,ask,YieldingYams,Zijun Feng,1256235
2026-06-30T23:00:54.686805,2026-06-30T23:00:54.689561+00:00,72.7,200,ask,YieldingYams,WavyWalnuts,1256246
2026-06-30T23:00:55.895003,2026-06-30T23:00:55.901472+00:00,72.8,200,bid,WavyWalnuts,YieldingYams,1256264
2026-06-30T23:00:56.921158,2026-06-30T23:00:56.927729+00:00,72.7,10,ask,YieldingYams,Andy Garg,1256283
2026-06-30T23:00:57.084794,2026-06-30T23:00:57.092607+00:00,72.7,15,ask,YieldingYams,Andy Garg,1256288
2026-06-30T23:00:57.104262,2026-06-30T23:00:57.113473+00:00,72.8,200,bid,WavyWalnuts,YieldingYams,1256292
2026-06-30T23:00:57.245874,2026-06-30T23:00:57.247699+00:00,72.7,10,ask,YieldingYams,Andy Garg,1256296
2026-06-30T23:00:57.459052,2026-06-30T23:00:57.464704+00:00,72.8,30,ask,YieldingYams,Andy Garg,1256299
2026-06-30T23:00:58.786860,2026-06-30T23:00:58.794815+00:00,72.9,20,ask,YieldingYams,Andy Garg,1256322
2026-06-30T23:00:59.564900,2026-06-30T23:00:59.568825+00:00,72.9,200,ask,YieldingYams,WavyWalnuts,1256341
2026-06-30T23:01:00.063952,2026-06-30T23:01:00.094793+00:00,72.9,10,bid,Xuanyu Liu,YieldingYams,1256349
2026-06-30T23:01:00.100420,2026-06-30T23:01:00.105332+00:00,72.8,10,ask,YieldingYams,Zijun Feng,1256353
2026-06-30T23:01:00.416098,2026-06-30T23:01:00.424550+00:00,72.9,30,bid,Andy Garg,YieldingYams,1256357
2026-06-30T23:01:00.578724,2026-06-30T23:01:00.589543+00:00,72.9,25,bid,Andy Garg,YieldingYams,1256360
2026-06-30T23:01:01.193782,2026-06-30T23:01:01.198447+00:00,72.9,30,bid,Andy Garg,YieldingYams,1256374
2026-06-30T23:01:01.358629,2026-06-30T23:01:01.374797+00:00,72.9,200,bid,YieldingYams,WavyWalnuts,1256379
2026-06-30T23:01:01.364693,2026-06-30T23:01:01.374797+00:00,73.0,10,ask,YieldingYams,Xuanyu Liu,1256380
2026-06-30T23:01:01.979842,2026-06-30T23:01:01.982153+00:00,73.0,200,ask,YieldingYams,WavyWalnuts,1256386
2026-06-30T23:01:03.189988,2026-06-30T23:01:03.191821+00:00,72.9,200,bid,WavyWalnuts,YieldingYams,1256404
2026-06-30T23:01:04.377672,2026-06-30T23:01:04.388254+00:00,73.0,20,bid,BrilliantBurritos,YieldingYams,1256433
2026-06-30T23:01:04.401128,2026-06-30T23:01:04.409048+00:00,72.9,200,ask,YieldingYams,WavyWalnuts,1256435
2026-06-30T23:01:04.669135,2026-06-30T23:01:04.676428+00:00,72.9,10,ask,YieldingYams,Zijun Feng,1256440
2026-06-30T23:01:05.608700,2026-06-30T23:01:05.611447+00:00,72.9,200,bid,WavyWalnuts,YieldingYams,1256450
2026-06-30T23:01:06.822912,2026-06-30T23:01:06.832621+00:00,72.9,200,ask,YieldingYams,WavyWalnuts,1256462
2026-06-30T23:01:07.368832,2026-06-30T23:01:07.377008+00:00,72.9,34,ask,YieldingYams,Xuanyu Liu,1256472
2026-06-30T23:01:07.553978,2026-06-30T23:01:07.562445+00:00,73.1,10,bid,Andy Garg,YieldingYams,1256476
2026-06-30T23:01:07.918589,2026-06-30T23:01:07.922641+00:00,73.0,15,bid,Andy Garg,YieldingYams,1256483
2026-06-30T23:01:08.720488,2026-06-30T23:01:08.728009+00:00,72.9,10,ask,YieldingYams,Zijun Feng,1256504
2026-06-30T23:01:09.881210,2026-06-30T23:01:09.890026+00:00,72.9,20,ask,YieldingYams,BrilliantBurritos,1256514
2026-06-30T23:01:10.858408,2026-06-30T23:01:10.862670+00:00,73.0,5,ask,WavyWalnuts,Andy Garg,1256532
2026-06-30T23:01:11.020557,2026-06-30T23:01:11.026911+00:00,73.0,20,ask,WavyWalnuts,Andy Garg,1256536
2026-06-30T23:01:11.663923,2026-06-30T23:01:11.666644+00:00,73.1,200,bid,WavyWalnuts,YieldingYams,1256544
2026-06-30T23:01:11.836340,2026-06-30T23:01:11.841808+00:00,73.1,10,ask,YieldingYams,Andy Garg,1256549
2026-06-30T23:01:14.093660,2026-06-30T23:01:14.095813+00:00,73.2,200,bid,WavyWalnuts,YieldingYams,1256578
2026-06-30T23:01:14.363751,2026-06-30T23:01:14.374454+00:00,73.2,10,bid,Andy Garg,YieldingYams,1256585
2026-06-30T23:01:14.437416,2026-06-30T23:01:14.456534+00:00,73.3,500,bid,YieldingYams,AverageAlmonds,1256590
2026-06-30T23:01:14.447964,2026-06-30T23:01:14.456534+00:00,73.3,29,ask,YieldingYams,Xuanyu Liu,1256591
2026-06-30T23:01:14.481056,2026-06-30T23:01:14.487416+00:00,73.3,25,ask,YieldingYams,Andy Garg,1256593
2026-06-30T23:01:14.605299,2026-06-30T23:01:14.611430+00:00,73.3,71,ask,YieldingYams,AverageAlmonds,1256596
2026-06-30T23:01:14.694462,2026-06-30T23:01:14.704467+00:00,73.3,25,bid,Andy Garg,AverageAlmonds,1256598
2026-06-30T23:01:15.314738,2026-06-30T23:01:15.323227+00:00,73.1,6,bid,Xuanyu Liu,WavyWalnuts,1256613
2026-06-30T23:01:15.743777,2026-06-30T23:01:15.746204+00:00,73.1,194,bid,YieldingYams,WavyWalnuts,1256618
2026-06-30T23:01:17.064443,2026-06-30T23:01:17.085519+00:00,73.1,200,ask,WavyWalnuts,YieldingYams,1256637
2026-06-30T23:01:17.072533,2026-06-30T23:01:17.085519+00:00,73.0,10,bid,Andy Garg,YieldingYams,1256638
2026-06-30T23:01:17.076343,2026-06-30T23:01:17.085519+00:00,73.0,11,bid,Xuanyu Liu,YieldingYams,1256639
2026-06-30T23:01:18.041894,2026-06-30T23:01:18.045109+00:00,72.9,10,ask,YieldingYams,Andy Garg,1256655
2026-06-30T23:01:18.379029,2026-06-30T23:01:18.386777+00:00,73.1,200,bid,YieldingYams,WavyWalnuts,1256660
2026-06-30T23:01:18.405819,2026-06-30T23:01:18.407536+00:00,73.1,20,ask,YieldingYams,Andy Garg,1256662
2026-06-30T23:01:18.933912,2026-06-30T23:01:18.944159+00:00,73.1,200,ask,YieldingYams,WavyWalnuts,1256675
2026-06-30T23:01:20.140649,2026-06-30T23:01:20.145277+00:00,72.9,200,ask,YieldingYams,WavyWalnuts,1256692
2026-06-30T23:01:21.353741,2026-06-30T23:01:21.364342+00:00,72.9,200,ask,YieldingYams,WavyWalnuts,1256710
2026-06-30T23:01:21.393866,2026-06-30T23:01:21.405664+00:00,73.1,10,bid,Andy Garg,YieldingYams,1256713
2026-06-30T23:01:22.110518,2026-06-30T23:01:22.114793+00:00,73.1,10,bid,Andy Garg,YieldingYams,1256726
2026-06-30T23:01:22.465364,2026-06-30T23:01:22.473024+00:00,72.9,500,bid,AverageAlmonds,YieldingYams,1256732
2026-06-30T23:01:22.935626,2026-06-30T23:01:22.943727+00:00,72.9,20,bid,BrilliantBurritos,YieldingYams,1256743
2026-06-30T23:01:23.095580,2026-06-30T23:01:23.097212+00:00,72.9,105,bid,AverageAlmonds,YieldingYams,1256746
2026-06-30T23:01:23.095580,2026-06-30T23:01:23.107553+00:00,72.9,200,bid,AverageAlmonds,WavyWalnuts,1256747
2026-06-30T23:01:23.776642,2026-06-30T23:01:23.786117+00:00,72.9,200,ask,YieldingYams,WavyWalnuts,1256751
2026-06-30T23:01:24.894637,2026-06-30T23:01:24.905456+00:00,72.9,30,ask,YieldingYams,Andy Garg,1256769
2026-06-30T23:01:24.924157,2026-06-30T23:01:24.936899+00:00,73.1,20,bid,BrilliantBurritos,YieldingYams,1256770
2026-06-30T23:01:24.987256,2026-06-30T23:01:24.999200+00:00,73.1,200,ask,YieldingYams,WavyWalnuts,1256773
2026-06-30T23:01:24.991532,2026-06-30T23:01:24.999200+00:00,73.1,20,ask,YieldingYams,Andy Garg,1256774
2026-06-30T23:01:25.057837,2026-06-30T23:01:25.061337+00:00,73.1,35,ask,YieldingYams,Andy Garg,1256780
2026-06-30T23:01:25.218239,2026-06-30T23:01:25.225655+00:00,73.1,15,ask,YieldingYams,Andy Garg,1256790
2026-06-30T23:01:26.198301,2026-06-30T23:01:26.209698+00:00,73.1,200,ask,YieldingYams,WavyWalnuts,1256803
2026-06-30T23:01:26.284043,2026-06-30T23:01:26.294767+00:00,73.1,34,bid,Xuanyu Liu,YieldingYams,1256805
2026-06-30T23:01:26.288192,2026-06-30T23:01:26.294767+00:00,73.1,100,bid,Andy Garg,YieldingYams,1256806
2026-06-30T23:01:26.868260,2026-06-30T23:01:26.879102+00:00,73.1,10,bid,Zijun Feng,YieldingYams,1256824
2026-06-30T23:01:27.404782,2026-06-30T23:01:27.412418+00:00,73.1,200,bid,WavyWalnuts,YieldingYams,1256829
2026-06-30T23:01:28.866225,2026-06-30T23:01:28.877661+00:00,73.0,200,ask,WavyWalnuts,YieldingYams,1256845
2026-06-30T23:01:31.031462,2026-06-30T23:01:31.042830+00:00,72.9,200,ask,YieldingYams,WavyWalnuts,1256872
2026-06-30T23:01:31.908945,2026-06-30T23:01:31.913339+00:00,72.8,10,ask,YieldingYams,Andy Garg,1256890
2026-06-30T23:01:32.072968,2026-06-30T23:01:32.076952+00:00,72.8,5,ask,YieldingYams,Andy Garg,1256893
2026-06-30T23:01:32.189650,2026-06-30T23:01:32.200046+00:00,72.9,20,ask,AverageAlmonds,Andy Garg,1256896
2026-06-30T23:01:32.255636,2026-06-30T23:01:32.261992+00:00,72.9,20,ask,AverageAlmonds,Andy Garg,1256902
2026-06-30T23:01:32.788045,2026-06-30T23:01:32.795462+00:00,72.9,200,ask,WavyWalnuts,YieldingYams,1256917
2026-06-30T23:01:32.788045,2026-06-30T23:01:32.795462+00:00,72.9,425,ask,AverageAlmonds,YieldingYams,1256918
2026-06-30T23:01:32.952790,2026-06-30T23:01:32.959217+00:00,73.1,10,bid,Zijun Feng,WavyWalnuts,1256919
2026-06-30T23:01:34.685767,2026-06-30T23:01:34.696007+00:00,73.1,20,bid,BrilliantBurritos,YieldingYams,1256938
2026-06-30T23:01:35.404566,2026-06-30T23:01:35.415561+00:00,73.1,200,bid,YieldingYams,WavyWalnuts,1256946
2026-06-30T23:01:35.862537,2026-06-30T23:01:35.866344+00:00,73.1,200,ask,YieldingYams,WavyWalnuts,1256951
2026-06-30T23:01:36.032163,2026-06-30T23:01:36.040421+00:00,73.1,10,ask,YieldingYams,Zijun Feng,1256956
2026-06-30T23:01:36.749606,2026-06-30T23:01:36.758316+00:00,73.1,15,bid,Andy Garg,YieldingYams,1256965
2026-06-30T23:01:39.330409,2026-06-30T23:01:39.341321+00:00,73.1,200,ask,WavyWalnuts,YieldingYams,1256997
2026-06-30T23:01:39.380213,2026-06-30T23:01:39.382338+00:00,73.1,20,bid,Andy Garg,YieldingYams,1256998
2026-06-30T23:01:39.439595,2026-06-30T23:01:39.444449+00:00,73.1,20,bid,Andy Garg,YieldingYams,1257000
2026-06-30T23:01:39.488830,2026-06-30T23:01:39.495967+00:00,73.1,200,bid,WavyWalnuts,YieldingYams,1257005
2026-06-30T23:01:40.647767,2026-06-30T23:01:40.653670+00:00,73.2,200,bid,YieldingYams,WavyWalnuts,1257020
2026-06-30T23:01:40.697493,2026-06-30T23:01:40.705152+00:00,73.2,200,ask,YieldingYams,WavyWalnuts,1257024
2026-06-30T23:01:40.946846,2026-06-30T23:01:40.950629+00:00,73.2,20,ask,YieldingYams,BrilliantBurritos,1257027
2026-06-30T23:01:41.958781,2026-06-30T23:01:41.964599+00:00,73.2,200,ask,WavyWalnuts,YieldingYams,1257036
2026-06-30T23:01:42.682733,2026-06-30T23:01:42.693163+00:00,73.1,10,ask,YieldingYams,Zijun Feng,1257049
2026-06-30T23:01:44.344475,2026-06-30T23:01:44.352817+00:00,73.0,200,ask,YieldingYams,WavyWalnuts,1257074
2026-06-30T23:01:45.554438,2026-06-30T23:01:45.560125+00:00,73.1,200,ask,YieldingYams,WavyWalnuts,1257085
2026-06-30T23:01:45.643207,2026-06-30T23:01:45.653192+00:00,73.1,11,ask,YieldingYams,Xuanyu Liu,1257086
2026-06-30T23:01:46.760278,2026-06-30T23:01:46.768967+00:00,73.1,200,bid,WavyWalnuts,YieldingYams,1257097
2026-06-30T23:01:47.190179,2026-06-30T23:01:47.198675+00:00,73.1,500,bid,YieldingYams,AverageAlmonds,1257106
2026-06-30T23:01:48.476577,2026-06-30T23:01:48.485141+00:00,73.1,23,ask,YieldingYams,Xuanyu Liu,1257121
2026-06-30T23:01:49.175947,2026-06-30T23:01:49.184254+00:00,73.1,200,bid,WavyWalnuts,YieldingYams,1257128
2026-06-30T23:01:49.806460,2026-06-30T23:01:49.809022+00:00,73.0,500,bid,YieldingYams,AverageAlmonds,1257134
2026-06-30T23:01:49.820468,2026-06-30T23:01:49.830796+00:00,73.2,11,ask,YieldingYams,Xuanyu Liu,1257135
2026-06-30T23:01:50.329720,2026-06-30T23:01:50.331956+00:00,73.2,114,ask,YieldingYams,AverageAlmonds,1257142
2026-06-30T23:01:50.382748,2026-06-30T23:01:50.393491+00:00,73.0,5,bid,Andy Garg,AverageAlmonds,1257145
2026-06-30T23:01:50.384912,2026-06-30T23:01:50.393491+00:00,73.0,200,bid,WavyWalnuts,AverageAlmonds,1257146
2026-06-30T23:01:51.543152,2026-06-30T23:01:51.549001+00:00,72.9,500,ask,YieldingYams,AverageAlmonds,1257166
2026-06-30T23:01:52.139851,2026-06-30T23:01:52.143101+00:00,73.0,200,ask,WavyWalnuts,AverageAlmonds,1257173
2026-06-30T23:01:52.139851,2026-06-30T23:01:52.143101+00:00,72.9,125,ask,YieldingYams,AverageAlmonds,1257174
2026-06-30T23:01:52.157186,2026-06-30T23:01:52.166642+00:00,72.9,23,bid,Xuanyu Liu,AverageAlmonds,1257175
2026-06-30T23:01:52.157343,2026-06-30T23:01:52.166642+00:00,72.9,10,bid,Andy Garg,AverageAlmonds,1257176
2026-06-30T23:01:52.436355,2026-06-30T23:01:52.444765+00:00,72.7,22,bid,Xuanyu Liu,YieldingYams,1257183
2026-06-30T23:01:52.472549,2026-06-30T23:01:52.475559+00:00,72.7,25,bid,Andy Garg,YieldingYams,1257186
2026-06-30T23:01:52.800696,2026-06-30T23:01:52.803762+00:00,72.7,200,bid,WavyWalnuts,YieldingYams,1257194
2026-06-30T23:01:52.940950,2026-06-30T23:01:52.947541+00:00,72.7,10,bid,Andy Garg,YieldingYams,1257197
2026-06-30T23:01:54.015737,2026-06-30T23:01:54.022433+00:00,72.9,200,bid,WavyWalnuts,YieldingYams,1257215
2026-06-30T23:01:55.503710,2026-06-30T23:01:55.507361+00:00,72.8,20,ask,YieldingYams,BrilliantBurritos,1257237
2026-06-30T23:01:56.327523,2026-06-30T23:01:56.336203+00:00,72.8,5,ask,YieldingYams,Andy Garg,1257245
2026-06-30T23:01:56.463211,2026-06-30T23:01:56.469574+00:00,72.8,200,bid,WavyWalnuts,YieldingYams,1257247
2026-06-30T23:01:56.489939,2026-06-30T23:01:56.500479+00:00,72.6,10,ask,YieldingYams,Andy Garg,1257249
2026-06-30T23:01:56.652032,2026-06-30T23:01:56.654784+00:00,72.6,35,ask,YieldingYams,Andy Garg,1257252
2026-06-30T23:01:56.815988,2026-06-30T23:01:56.819131+00:00,72.8,30,bid,Andy Garg,YieldingYams,1257257
2026-06-30T23:01:58.962597,2026-06-30T23:01:58.967416+00:00,72.7,200,ask,WavyWalnuts,YieldingYams,1257278
2026-06-30T23:01:59.913967,2026-06-30T23:01:59.924137+00:00,72.6,20,ask,YieldingYams,BrilliantBurritos,1257292
2026-06-30T23:02:00.090079,2026-06-30T23:02:00.099516+00:00,72.7,200,bid,WavyWalnuts,YieldingYams,1257295
2026-06-30T23:02:00.103535,2026-06-30T23:02:00.109907+00:00,72.7,5,bid,Andy Garg,YieldingYams,1257296
2026-06-30T23:02:01.296298,2026-06-30T23:02:01.299596+00:00,72.8,200,bid,WavyWalnuts,YieldingYams,1257310
2026-06-30T23:02:01.376743,2026-06-30T23:02:01.381829+00:00,72.8,10,bid,Zijun Feng,YieldingYams,1257312
2026-06-30T23:02:03.336877,2026-06-30T23:02:03.339206+00:00,72.8,30,ask,YieldingYams,Andy Garg,1257338
2026-06-30T23:02:03.659576,2026-06-30T23:02:03.667702+00:00,72.8,5,ask,YieldingYams,Andy Garg,1257344
2026-06-30T23:02:04.293952,2026-06-30T23:02:04.305371+00:00,73.0,23,bid,Xuanyu Liu,WavyWalnuts,1257360
2026-06-30T23:02:04.931984,2026-06-30T23:02:04.939893+00:00,72.9,200,ask,YieldingYams,WavyWalnuts,1257370
2026-06-30T23:02:05.925064,2026-06-30T23:02:05.931136+00:00,72.8,10,bid,Zijun Feng,YieldingYams,1257381
2026-06-30T23:02:06.071086,2026-06-30T23:02:06.073920+00:00,72.8,20,bid,BrilliantBurritos,YieldingYams,1257383
2026-06-30T23:02:06.139714,2026-06-30T23:02:06.145838+00:00,72.8,200,bid,WavyWalnuts,YieldingYams,1257385
2026-06-30T23:02:06.945508,2026-06-30T23:02:06.954083+00:00,72.9,10,bid,Zijun Feng,YieldingYams,1257398
2026-06-30T23:02:08.559064,2026-06-30T23:02:08.570679+00:00,72.8,200,ask,YieldingYams,WavyWalnuts,1257422
2026-06-30T23:02:09.765639,2026-06-30T23:02:09.767269+00:00,72.9,200,bid,WavyWalnuts,YieldingYams,1257442
2026-06-30T23:02:10.019341,2026-06-30T23:02:10.023207+00:00,72.9,10,bid,Zijun Feng,YieldingYams,1257449
2026-06-30T23:02:10.755672,2026-06-30T23:02:10.759218+00:00,73.0,200,bid,WavyWalnuts,AverageAlmonds,1257460
2026-06-30T23:02:10.755672,2026-06-30T23:02:10.759218+00:00,73.0,425,bid,YieldingYams,AverageAlmonds,1257461
2026-06-30T23:02:10.975815,2026-06-30T23:02:10.985107+00:00,73.0,200,bid,YieldingYams,WavyWalnuts,1257467
2026-06-30T23:02:12.184360,2026-06-30T23:02:12.192585+00:00,72.9,200,bid,WavyWalnuts,YieldingYams,1257482
2026-06-30T23:02:13.698217,2026-06-30T23:02:13.707624+00:00,73.0,15,bid,Andy Garg,WavyWalnuts,1257498
2026-06-30T23:02:13.713413,2026-06-30T23:02:13.717883+00:00,72.9,20,ask,YieldingYams,BrilliantBurritos,1257500
2026-06-30T23:02:13.859454,2026-06-30T23:02:13.861540+00:00,73.0,40,bid,Andy Garg,WavyWalnuts,1257502
2026-06-30T23:02:14.020663,2026-06-30T23:02:14.026246+00:00,73.0,45,bid,Andy Garg,WavyWalnuts,1257509
2026-06-30T23:02:14.102369,2026-06-30T23:02:14.108487+00:00,73.0,10,bid,Zijun Feng,WavyWalnuts,1257511
2026-06-30T23:02:14.525378,2026-06-30T23:02:14.528777+00:00,72.9,20,ask,YieldingYams,BrilliantBurritos,1257518
2026-06-30T23:02:15.761048,2026-06-30T23:02:15.769221+00:00,73.0,200,ask,YieldingYams,WavyWalnuts,1257535
2026-06-30T23:02:15.761048,2026-06-30T23:02:15.769221+00:00,73.0,300,ask,YieldingYams,AverageAlmonds,1257536
2026-06-30T23:02:15.805983,2026-06-30T23:02:15.810363+00:00,73.0,200,ask,WavyWalnuts,AverageAlmonds,1257539
2026-06-30T23:02:16.012716,2026-06-30T23:02:16.015237+00:00,72.9,200,ask,WavyWalnuts,YieldingYams,1257545
2026-06-30T23:02:16.026680,2026-06-30T23:02:16.037569+00:00,72.9,10,bid,Xuanyu Liu,YieldingYams,1257546
2026-06-30T23:02:16.048933,2026-06-30T23:02:16.057650+00:00,72.9,2,bid,Xuanyu Liu,YieldingYams,1257550
2026-06-30T23:02:16.139218,2026-06-30T23:02:16.149683+00:00,72.7,10,ask,YieldingYams,Zijun Feng,1257553
2026-06-30T23:02:16.877068,2026-06-30T23:02:16.885475+00:00,72.9,11,bid,Xuanyu Liu,YieldingYams,1257562
2026-06-30T23:02:17.010051,2026-06-30T23:02:17.019261+00:00,72.9,200,bid,WavyWalnuts,YieldingYams,1257565
2026-06-30T23:02:17.411355,2026-06-30T23:02:17.418831+00:00,72.9,40,ask,YieldingYams,Andy Garg,1257576
2026-06-30T23:02:17.571985,2026-06-30T23:02:17.582966+00:00,72.9,45,ask,YieldingYams,Andy Garg,1257580
2026-06-30T23:02:17.672686,2026-06-30T23:02:17.675585+00:00,73.0,10,bid,Zijun Feng,AverageAlmonds,1257585
2026-06-30T23:02:17.833632,2026-06-30T23:02:17.839637+00:00,73.0,20,bid,Andy Garg,AverageAlmonds,1257592
2026-06-30T23:02:17.945161,2026-06-30T23:02:17.952537+00:00,73.0,15,bid,Andy Garg,AverageAlmonds,1257595
2026-06-30T23:02:18.632661,2026-06-30T23:02:18.641736+00:00,73.0,500,bid,YieldingYams,AverageAlmonds,1257607
2026-06-30T23:02:18.632661,2026-06-30T23:02:18.641736+00:00,73.0,125,bid,YieldingYams,WavyWalnuts,1257608
2026-06-30T23:02:19.429303,2026-06-30T23:02:19.440403+00:00,73.0,200,bid,WavyWalnuts,AverageAlmonds,1257614
2026-06-30T23:02:20.270627,2026-06-30T23:02:20.279851+00:00,73.0,10,bid,Zijun Feng,YieldingYams,1257629
2026-06-30T23:02:20.636260,2026-06-30T23:02:20.638738+00:00,73.0,200,bid,WavyWalnuts,YieldingYams,1257632
2026-06-30T23:02:20.878415,2026-06-30T23:02:20.885552+00:00,73.0,20,bid,Andy Garg,YieldingYams,1257635
2026-06-30T23:02:21.044800,2026-06-30T23:02:21.049765+00:00,73.0,20,bid,Andy Garg,YieldingYams,1257637
2026-06-30T23:02:21.849277,2026-06-30T23:02:21.860271+00:00,72.9,200,ask,YieldingYams,WavyWalnuts,1257648
2026-06-30T23:02:22.282807,2026-06-30T23:02:22.290833+00:00,73.1,20,bid,BrilliantBurritos,YieldingYams,1257650
2026-06-30T23:02:22.569091,2026-06-30T23:02:22.577932+00:00,72.9,10,bid,Andy Garg,YieldingYams,1257653
2026-06-30T23:02:23.207049,2026-06-30T23:02:23.216269+00:00,72.9,3,bid,Xuanyu Liu,YieldingYams,1257664
2026-06-30T23:02:24.268437,2026-06-30T23:02:24.274146+00:00,72.8,5,ask,YieldingYams,Andy Garg,1257672
2026-06-30T23:02:24.291502,2026-06-30T23:02:24.294891+00:00,72.8,200,ask,YieldingYams,WavyWalnuts,1257676
2026-06-30T23:02:24.545680,2026-06-30T23:02:24.552594+00:00,72.8,45,ask,YieldingYams,Andy Garg,1257680
2026-06-30T23:02:24.958790,2026-06-30T23:02:24.963688+00:00,72.9,5,bid,Andy Garg,YieldingYams,1257689
2026-06-30T23:02:25.524111,2026-06-30T23:02:25.527829+00:00,72.8,10,bid,Andy Garg,WavyWalnuts,1257694
2026-06-30T23:02:26.913059,2026-06-30T23:02:26.921866+00:00,72.8,10,bid,Zijun Feng,WavyWalnuts,1257715
2026-06-30T23:02:27.703099,2026-06-30T23:02:27.711986+00:00,72.8,35,bid,Andy Garg,WavyWalnuts,1257719
2026-06-30T23:02:28.478825,2026-06-30T23:02:28.482736+00:00,72.8,500,bid,AverageAlmonds,YieldingYams,1257738
2026-06-30T23:02:29.109344,2026-06-30T23:02:29.117544+00:00,72.8,200,bid,YieldingYams,WavyWalnuts,1257744
2026-06-30T23:02:29.128257,2026-06-30T23:02:29.138153+00:00,72.9,200,ask,YieldingYams,WavyWalnuts,1257746
2026-06-30T23:02:29.971109,2026-06-30T23:02:29.977107+00:00,73.0,10,bid,Zijun Feng,YieldingYams,1257761
2026-06-30T23:02:30.345856,2026-06-30T23:02:30.355987+00:00,73.0,200,bid,WavyWalnuts,YieldingYams,1257765
2026-06-30T23:02:30.990155,2026-06-30T23:02:31.000115+00:00,73.0,10,bid,Zijun Feng,YieldingYams,1257772
2026-06-30T23:02:31.583609,2026-06-30T23:02:31.592762+00:00,72.9,3,bid,Xuanyu Liu,WavyWalnuts,1257785
2026-06-30T23:02:31.763518,2026-06-30T23:02:31.767084+00:00,72.8,40,ask,AverageAlmonds,Andy Garg,1257791
2026-06-30T23:02:31.872996,2026-06-30T23:02:31.879621+00:00,72.9,40,bid,Andy Garg,WavyWalnuts,1257795
2026-06-30T23:02:32.516803,2026-06-30T23:02:32.523396+00:00,72.9,10,bid,Zijun Feng,WavyWalnuts,1257805
2026-06-30T23:02:32.771129,2026-06-30T23:02:32.778770+00:00,72.7,200,ask,YieldingYams,WavyWalnuts,1257808
2026-06-30T23:02:33.041069,2026-06-30T23:02:33.053735+00:00,72.7,500,ask,AverageAlmonds,YieldingYams,1257813
2026-06-30T23:02:33.045467,2026-06-30T23:02:33.053735+00:00,72.6,34,bid,Xuanyu Liu,YieldingYams,1257814
2026-06-30T23:02:33.332567,2026-06-30T23:02:33.339876+00:00,72.6,91,bid,AverageAlmonds,YieldingYams,1257816
2026-06-30T23:02:33.979609,2026-06-30T23:02:33.988153+00:00,72.8,11,ask,WavyWalnuts,Xuanyu Liu,1257825
2026-06-30T23:02:34.914241,2026-06-30T23:02:34.919188+00:00,72.9,20,bid,BrilliantBurritos,WavyWalnuts,1257838
2026-06-30T23:02:38.274189,2026-06-30T23:02:38.282563+00:00,72.8,200,bid,YieldingYams,WavyWalnuts,1257894
2026-06-30T23:02:38.357884,2026-06-30T23:02:38.364366+00:00,72.8,55,ask,YieldingYams,Andy Garg,1257896
2026-06-30T23:02:38.524087,2026-06-30T23:02:38.531483+00:00,72.8,45,ask,YieldingYams,Andy Garg,1257903
2026-06-30T23:02:38.820174,2026-06-30T23:02:38.828742+00:00,72.8,200,ask,YieldingYams,WavyWalnuts,1257910
2026-06-30T23:02:39.589940,2026-06-30T23:02:39.596949+00:00,72.8,10,bid,Andy Garg,YieldingYams,1257923
2026-06-30T23:02:41.612245,2026-06-30T23:02:41.614232+00:00,72.9,15,bid,Andy Garg,YieldingYams,1257954
2026-06-30T23:02:41.774024,2026-06-30T23:02:41.778157+00:00,72.9,30,bid,Andy Garg,YieldingYams,1257958
2026-06-30T23:02:41.933837,2026-06-30T23:02:41.942363+00:00,72.9,25,bid,Andy Garg,YieldingYams,1257961
2026-06-30T23:02:42.095015,2026-06-30T23:02:42.106012+00:00,72.8,15,ask,YieldingYams,Andy Garg,1257964
2026-06-30T23:02:42.202613,2026-06-30T23:02:42.208432+00:00,72.9,200,bid,YieldingYams,WavyWalnuts,1257967
2026-06-30T23:02:43.515226,2026-06-30T23:02:43.519004+00:00,72.9,200,ask,WavyWalnuts,YieldingYams,1257991
2026-06-30T23:02:43.695097,2026-06-30T23:02:43.703212+00:00,72.9,10,bid,Zijun Feng,YieldingYams,1257995
2026-06-30T23:02:44.877403,2026-06-30T23:02:44.888408+00:00,72.8,200,ask,YieldingYams,WavyWalnuts,1258004
2026-06-30T23:02:45.327631,2026-06-30T23:02:45.338436+00:00,72.8,40,ask,YieldingYams,Andy Garg,1258009
2026-06-30T23:02:45.349916,2026-06-30T23:02:45.358323+00:00,73.0,34,bid,Xuanyu Liu,YieldingYams,1258012
2026-06-30T23:02:45.489698,2026-06-30T23:02:45.492257+00:00,72.8,25,ask,YieldingYams,Andy Garg,1258015
2026-06-30T23:02:45.729540,2026-06-30T23:02:45.738377+00:00,73.0,10,bid,Zijun Feng,YieldingYams,1258023
2026-06-30T23:02:45.751318,2026-06-30T23:02:45.758967+00:00,73.0,10,bid,Andy Garg,YieldingYams,1258024
2026-06-30T23:02:45.921633,2026-06-30T23:02:45.932936+00:00,73.0,5,bid,Andy Garg,YieldingYams,1258027
2026-06-30T23:02:46.088829,2026-06-30T23:02:46.113299+00:00,72.9,11,bid,Xuanyu Liu,WavyWalnuts,1258029
2026-06-30T23:02:46.133424,2026-06-30T23:02:46.154178+00:00,72.9,20,bid,Andy Garg,WavyWalnuts,1258034
2026-06-30T23:02:46.138252,2026-06-30T23:02:46.154178+00:00,72.8,200,ask,WavyWalnuts,YieldingYams,1258035
2026-06-30T23:02:46.145607,2026-06-30T23:02:46.154178+00:00,72.8,12,bid,Xuanyu Liu,YieldingYams,1258037
2026-06-30T23:02:46.200880,2026-06-30T23:02:46.205632+00:00,72.8,20,bid,Andy Garg,YieldingYams,1258040
2026-06-30T23:02:47.291234,2026-06-30T23:02:47.293494+00:00,72.7,200,ask,YieldingYams,WavyWalnuts,1258053
2026-06-30T23:02:48.572968,2026-06-30T23:02:48.581968+00:00,72.6,12,ask,YieldingYams,Xuanyu Liu,1258077
2026-06-30T23:02:48.663171,2026-06-30T23:02:48.674547+00:00,72.6,20,ask,YieldingYams,BrilliantBurritos,1258079
2026-06-30T23:02:48.750381,2026-06-30T23:02:48.766611+00:00,72.7,200,bid,YieldingYams,WavyWalnuts,1258085
2026-06-30T23:02:48.758497,2026-06-30T23:02:48.766611+00:00,72.7,11,ask,YieldingYams,Xuanyu Liu,1258086
2026-06-30T23:02:49.723764,2026-06-30T23:02:49.733504+00:00,72.7,200,ask,YieldingYams,WavyWalnuts,1258097
2026-06-30T23:02:50.060790,2026-06-30T23:02:50.071313+00:00,72.6,500,ask,AverageAlmonds,YieldingYams,1258101
2026-06-30T23:02:50.060790,2026-06-30T23:02:50.071313+00:00,72.6,125,ask,WavyWalnuts,YieldingYams,1258102
2026-06-30T23:02:51.837114,2026-06-30T23:02:51.846652+00:00,72.7,10,ask,WavyWalnuts,Xuanyu Liu,1258119
2026-06-30T23:02:52.344262,2026-06-30T23:02:52.351278+00:00,72.8,10,bid,Zijun Feng,WavyWalnuts,1258122
2026-06-30T23:02:54.380734,2026-06-30T23:02:54.389270+00:00,72.8,10,bid,Zijun Feng,WavyWalnuts,1258152
2026-06-30T23:02:54.595324,2026-06-30T23:02:54.605350+00:00,72.8,200,bid,WavyWalnuts,YieldingYams,1258157
2026-06-30T23:02:54.892737,2026-06-30T23:02:54.903656+00:00,72.8,10,bid,Zijun Feng,YieldingYams,1258167
2026-06-30T23:02:55.305814,2026-06-30T23:02:55.313617+00:00,72.8,1,ask,YieldingYams,Xuanyu Liu,1258178
2026-06-30T23:02:55.331816,2026-06-30T23:02:55.334263+00:00,72.8,25,ask,YieldingYams,Andy Garg,1258181
2026-06-30T23:02:56.608550,2026-06-30T23:02:56.613005+00:00,72.8,200,ask,WavyWalnuts,YieldingYams,1258204
2026-06-30T23:02:56.662219,2026-06-30T23:02:56.664089+00:00,72.8,5,bid,Andy Garg,YieldingYams,1258205
2026-06-30T23:02:57.007199,2026-06-30T23:02:57.012170+00:00,72.8,200,bid,WavyWalnuts,YieldingYams,1258210
2026-06-30T23:02:58.215286,2026-06-30T23:02:58.220969+00:00,72.9,200,bid,WavyWalnuts,YieldingYams,1258224
2026-06-30T23:02:58.822427,2026-06-30T23:02:58.825757+00:00,72.9,20,bid,BrilliantBurritos,YieldingYams,1258228
2026-06-30T23:02:59.291381,2026-06-30T23:02:59.297114+00:00,72.9,30,ask,YieldingYams,Andy Garg,1258236
2026-06-30T23:02:59.452732,2026-06-30T23:02:59.461781+00:00,72.9,5,ask,YieldingYams,Andy Garg,1258244
2026-06-30T23:03:00.635804,2026-06-30T23:03:00.639262+00:00,72.8,200,ask,YieldingYams,WavyWalnuts,1258267
2026-06-30T23:03:02.533863,2026-06-30T23:03:02.543593+00:00,72.8,35,bid,Andy Garg,YieldingYams,1258293
2026-06-30T23:03:02.717557,2026-06-30T23:03:02.727884+00:00,72.8,50,bid,Andy Garg,YieldingYams,1258297
2026-06-30T23:03:02.880184,2026-06-30T23:03:02.891388+00:00,72.8,15,bid,Andy Garg,YieldingYams,1258300
2026-06-30T23:03:03.060896,2026-06-30T23:03:03.065641+00:00,72.8,200,bid,WavyWalnuts,YieldingYams,1258303
2026-06-30T23:03:03.568316,2026-06-30T23:03:03.578130+00:00,72.7,20,ask,YieldingYams,BrilliantBurritos,1258309
2026-06-30T23:03:04.489270,2026-06-30T23:03:04.513390+00:00,72.9,200,bid,YieldingYams,WavyWalnuts,1258317
2026-06-30T23:03:04.499477,2026-06-30T23:03:04.513390+00:00,72.9,12,ask,YieldingYams,Xuanyu Liu,1258318
2026-06-30T23:03:05.137338,2026-06-30T23:03:05.148907+00:00,72.9,20,ask,YieldingYams,BrilliantBurritos,1258327
2026-06-30T23:03:05.474493,2026-06-30T23:03:05.477355+00:00,72.9,200,ask,YieldingYams,WavyWalnuts,1258330
2026-06-30T23:03:05.801974,2026-06-30T23:03:05.804754+00:00,72.8,200,ask,WavyWalnuts,YieldingYams,1258333
2026-06-30T23:03:06.114763,2026-06-30T23:03:06.122255+00:00,72.6,5,ask,YieldingYams,Andy Garg,1258337
2026-06-30T23:03:06.427190,2026-06-30T23:03:06.429577+00:00,72.6,45,ask,YieldingYams,Andy Garg,1258346
2026-06-30T23:03:07.894175,2026-06-30T23:03:07.902865+00:00,72.7,200,bid,WavyWalnuts,YieldingYams,1258373
2026-06-30T23:03:10.315468,2026-06-30T23:03:10.319589+00:00,72.7,200,ask,YieldingYams,WavyWalnuts,1258391
2026-06-30T23:03:11.527529,2026-06-30T23:03:11.538003+00:00,72.7,200,ask,AverageAlmonds,WavyWalnuts,1258403
2026-06-30T23:03:13.321286,2026-06-30T23:03:13.328339+00:00,72.7,200,bid,AverageAlmonds,WavyWalnuts,1258418
2026-06-30T23:03:13.951074,2026-06-30T23:03:13.954057+00:00,72.7,200,ask,AverageAlmonds,WavyWalnuts,1258426
2026-06-30T23:03:14.987402,2026-06-30T23:03:14.997566+00:00,72.7,50,ask,AverageAlmonds,Andy Garg,1258437
2026-06-30T23:03:16.711378,2026-06-30T23:03:16.720351+00:00,72.9,40,bid,Andy Garg,YieldingYams,1258464
2026-06-30T23:03:16.874020,2026-06-30T23:03:16.884296+00:00,72.9,25,bid,Andy Garg,YieldingYams,1258468
2026-06-30T23:03:16.954377,2026-06-30T23:03:16.966594+00:00,72.9,15,bid,Andy Garg,YieldingYams,1258471
2026-06-30T23:03:17.388005,2026-06-30T23:03:17.398813+00:00,72.7,11,ask,YieldingYams,Xuanyu Liu,1258476
2026-06-30T23:03:17.600530,2026-06-30T23:03:17.621356+00:00,72.8,12,ask,WavyWalnuts,Xuanyu Liu,1258487
2026-06-30T23:03:17.612668,2026-06-30T23:03:17.621356+00:00,72.8,188,ask,WavyWalnuts,YieldingYams,1258488
2026-06-30T23:03:17.620347,2026-06-30T23:03:17.631860+00:00,72.8,20,bid,Andy Garg,YieldingYams,1258490
2026-06-30T23:03:18.828520,2026-06-30T23:03:18.832272+00:00,72.8,200,bid,WavyWalnuts,YieldingYams,1258509
2026-06-30T23:03:18.919855,2026-06-30T23:03:18.935076+00:00,73.0,200,bid,YieldingYams,WavyWalnuts,1258513
2026-06-30T23:03:18.927717,2026-06-30T23:03:18.935076+00:00,73.0,14,ask,YieldingYams,Xuanyu Liu,1258515
2026-06-30T23:03:19.393842,2026-06-30T23:03:19.395456+00:00,73.0,411,ask,YieldingYams,AverageAlmonds,1258522
2026-06-30T23:03:19.717649,2026-06-30T23:03:19.722697+00:00,72.6,10,ask,AverageAlmonds,Zijun Feng,1258524
2026-06-30T23:03:20.005027,2026-06-30T23:03:20.009912+00:00,72.5,15,ask,AverageAlmonds,Andy Garg,1258534
2026-06-30T23:03:20.216482,2026-06-30T23:03:20.225319+00:00,72.9,50,ask,WavyWalnuts,Andy Garg,1258541
2026-06-30T23:03:20.233156,2026-06-30T23:03:20.235764+00:00,72.9,150,ask,WavyWalnuts,YieldingYams,1258543
2026-06-30T23:03:20.349963,2026-06-30T23:03:20.359190+00:00,72.8,20,bid,BrilliantBurritos,YieldingYams,1258547
2026-06-30T23:03:20.382733,2026-06-30T23:03:20.389956+00:00,72.6,35,ask,YieldingYams,Andy Garg,1258549
2026-06-30T23:03:21.248241,2026-06-30T23:03:21.251576+00:00,72.8,200,bid,WavyWalnuts,YieldingYams,1258559
2026-06-30T23:03:22.851058,2026-06-30T23:03:22.853256+00:00,73.1,500,bid,YieldingYams,AverageAlmonds,1258578
2026-06-30T23:03:22.851058,2026-06-30T23:03:22.863654+00:00,73.1,125,bid,YieldingYams,WavyWalnuts,1258579
2026-06-30T23:03:23.665262,2026-06-30T23:03:23.675360+00:00,73.0,200,bid,WavyWalnuts,AverageAlmonds,1258593
2026-06-30T23:03:23.669910,2026-06-30T23:03:23.675360+00:00,73.0,10,bid,Andy Garg,AverageAlmonds,1258594
2026-06-30T23:03:23.779433,2026-06-30T23:03:23.788752+00:00,72.5,10,ask,AverageAlmonds,Zijun Feng,1258598
2026-06-30T23:03:24.182521,2026-06-30T23:03:24.188442+00:00,72.8,20,bid,Andy Garg,YieldingYams,1258606
2026-06-30T23:03:24.876578,2026-06-30T23:03:24.885349+00:00,72.8,200,bid,WavyWalnuts,YieldingYams,1258614
2026-06-30T23:03:27.018446,2026-06-30T23:03:27.022443+00:00,72.9,5,ask,WavyWalnuts,Andy Garg,1258647
2026-06-30T23:03:27.081791,2026-06-30T23:03:27.083846+00:00,72.9,10,ask,WavyWalnuts,Andy Garg,1258649
2026-06-30T23:03:27.194550,2026-06-30T23:03:27.196557+00:00,72.9,10,ask,WavyWalnuts,Andy Garg,1258655
2026-06-30T23:03:27.291026,2026-06-30T23:03:27.299468+00:00,72.9,200,ask,YieldingYams,WavyWalnuts,1258661
2026-06-30T23:03:27.354870,2026-06-30T23:03:27.361143+00:00,72.9,15,ask,YieldingYams,Andy Garg,1258665
2026-06-30T23:03:28.119188,2026-06-30T23:03:28.129273+00:00,72.9,10,bid,Andy Garg,YieldingYams,1258682
2026-06-30T23:03:29.400831,2026-06-30T23:03:29.409206+00:00,72.8,200,ask,WavyWalnuts,YieldingYams,1258697
2026-06-30T23:03:29.438681,2026-06-30T23:03:29.450485+00:00,72.8,10,bid,Andy Garg,YieldingYams,1258698
2026-06-30T23:03:29.916997,2026-06-30T23:03:29.921757+00:00,72.7,10,ask,YieldingYams,Zijun Feng,1258708
2026-06-30T23:03:30.411567,2026-06-30T23:03:30.423378+00:00,72.8,10,bid,Andy Garg,YieldingYams,1258712
2026-06-30T23:03:31.076510,2026-06-30T23:03:31.079187+00:00,72.8,20,ask,YieldingYams,Andy Garg,1258719
2026-06-30T23:03:34.008946,2026-06-30T23:03:34.016278+00:00,72.8,40,ask,YieldingYams,Andy Garg,1258753
2026-06-30T23:03:34.169832,2026-06-30T23:03:34.179991+00:00,72.8,25,ask,YieldingYams,Andy Garg,1258756
2026-06-30T23:03:34.330456,2026-06-30T23:03:34.333472+00:00,72.8,30,ask,YieldingYams,Andy Garg,1258759
2026-06-30T23:03:36.963375,2026-06-30T23:03:36.972301+00:00,72.8,25,bid,Andy Garg,AverageAlmonds,1258795
2026-06-30T23:03:36.971628,2026-06-30T23:03:36.982609+00:00,72.8,200,bid,WavyWalnuts,AverageAlmonds,1258797
2026-06-30T23:03:37.256557,2026-06-30T23:03:37.258349+00:00,72.8,275,bid,YieldingYams,AverageAlmonds,1258800
2026-06-30T23:03:37.256557,2026-06-30T23:03:37.268620+00:00,72.9,200,bid,YieldingYams,WavyWalnuts,1258801
2026-06-30T23:03:37.549610,2026-06-30T23:03:37.553400+00:00,72.9,150,ask,YieldingYams,AverageAlmonds,1258808
2026-06-30T23:03:37.829541,2026-06-30T23:03:37.839918+00:00,72.8,30,bid,Andy Garg,AverageAlmonds,1258815
2026-06-30T23:03:37.892150,2026-06-30T23:03:37.901412+00:00,72.8,5,bid,Andy Garg,AverageAlmonds,1258817
2026-06-30T23:03:38.254706,2026-06-30T23:03:38.259724+00:00,72.7,5,ask,WavyWalnuts,Andy Garg,1258828
2026-06-30T23:03:38.562337,2026-06-30T23:03:38.567068+00:00,72.7,20,ask,WavyWalnuts,BrilliantBurritos,1258830
2026-06-30T23:03:39.384396,2026-06-30T23:03:39.388535+00:00,72.8,200,bid,WavyWalnuts,YieldingYams,1258843
2026-06-30T23:03:40.591247,2026-06-30T23:03:40.595965+00:00,72.8,200,bid,WavyWalnuts,YieldingYams,1258855
2026-06-30T23:03:41.334836,2026-06-30T23:03:41.344135+00:00,72.7,30,ask,YieldingYams,Andy Garg,1258868
2026-06-30T23:03:42.508324,2026-06-30T23:03:42.521210+00:00,72.7,200,ask,WavyWalnuts,YieldingYams,1258881
2026-06-30T23:03:42.513162,2026-06-30T23:03:42.521210+00:00,72.7,3,bid,Xuanyu Liu,YieldingYams,1258882
2026-06-30T23:03:42.553759,2026-06-30T23:03:42.562560+00:00,72.7,30,bid,Andy Garg,YieldingYams,1258884
2026-06-30T23:03:43.817085,2026-06-30T23:03:43.821622+00:00,72.7,200,bid,YieldingYams,WavyWalnuts,1258901
2026-06-30T23:03:44.216755,2026-06-30T23:03:44.219949+00:00,72.7,200,ask,YieldingYams,WavyWalnuts,1258904
2026-06-30T23:03:44.424557,2026-06-30T23:03:44.434467+00:00,72.8,40,bid,Andy Garg,YieldingYams,1258909
2026-06-30T23:03:45.431593,2026-06-30T23:03:45.439206+00:00,72.7,200,bid,WavyWalnuts,YieldingYams,1258923
2026-06-30T23:03:46.650363,2026-06-30T23:03:46.670702+00:00,72.6,3,ask,WavyWalnuts,Xuanyu Liu,1258946
2026-06-30T23:03:47.605275,2026-06-30T23:03:47.612496+00:00,72.6,10,ask,WavyWalnuts,Zijun Feng,1258954
2026-06-30T23:03:48.012862,2026-06-30T23:03:48.023879+00:00,72.6,40,ask,WavyWalnuts,Andy Garg,1258963
2026-06-30T23:03:48.123775,2026-06-30T23:03:48.126732+00:00,72.6,25,ask,WavyWalnuts,Andy Garg,1258965
2026-06-30T23:03:48.283950,2026-06-30T23:03:48.290804+00:00,72.6,30,ask,WavyWalnuts,Andy Garg,1258969
2026-06-30T23:03:49.105478,2026-06-30T23:03:49.110658+00:00,72.7,200,bid,WavyWalnuts,YieldingYams,1258978
2026-06-30T23:03:50.524221,2026-06-30T23:03:50.533823+00:00,72.7,20,bid,BrilliantBurritos,WavyWalnuts,1258990
2026-06-30T23:03:51.550485,2026-06-30T23:03:51.552631+00:00,72.6,200,ask,YieldingYams,WavyWalnuts,1259007
2026-06-30T23:03:51.684402,2026-06-30T23:03:51.686819+00:00,72.5,500,ask,AverageAlmonds,YieldingYams,1259011
2026-06-30T23:03:52.070944,2026-06-30T23:03:52.077781+00:00,72.5,125,bid,AverageAlmonds,YieldingYams,1259017
2026-06-30T23:03:52.761285,2026-06-30T23:03:52.766842+00:00,72.5,200,ask,AverageAlmonds,WavyWalnuts,1259026
2026-06-30T23:03:53.966829,2026-06-30T23:03:53.969210+00:00,72.7,200,ask,YieldingYams,WavyWalnuts,1259045
2026-06-30T23:03:55.172211,2026-06-30T23:03:55.179503+00:00,72.6,200,ask,YieldingYams,WavyWalnuts,1259060
2026-06-30T23:03:58.621912,2026-06-30T23:03:58.630557+00:00,72.8,25,bid,Andy Garg,WavyWalnuts,1259097
2026-06-30T23:04:01.234760,2026-06-30T23:04:01.237034+00:00,72.7,200,bid,WavyWalnuts,YieldingYams,1259140
2026-06-30T23:04:01.755966,2026-06-30T23:04:01.761408+00:00,72.5,10,ask,YieldingYams,Zijun Feng,1259148
2026-06-30T23:04:02.210548,2026-06-30T23:04:02.216391+00:00,72.6,5,ask,YieldingYams,Andy Garg,1259155
2026-06-30T23:04:02.472426,2026-06-30T23:04:02.475792+00:00,72.7,40,bid,Andy Garg,WavyWalnuts,1259167
2026-06-30T23:04:02.532431,2026-06-30T23:04:02.537786+00:00,72.7,5,bid,Andy Garg,WavyWalnuts,1259170
2026-06-30T23:04:02.797125,2026-06-30T23:04:02.804935+00:00,72.7,30,bid,Andy Garg,WavyWalnuts,1259173
2026-06-30T23:04:04.860857,2026-06-30T23:04:04.867758+00:00,72.8,200,bid,WavyWalnuts,YieldingYams,1259194
2026-06-30T23:04:07.262245,2026-06-30T23:04:07.275318+00:00,72.8,20,bid,BrilliantBurritos,WavyWalnuts,1259229
2026-06-30T23:04:07.441928,2026-06-30T23:04:07.450147+00:00,72.8,200,ask,WavyWalnuts,YieldingYams,1259233
2026-06-30T23:04:08.950547,2026-06-30T23:04:08.961829+00:00,72.7,10,ask,WavyWalnuts,Andy Garg,1259248
2026-06-30T23:04:09.313988,2026-06-30T23:04:09.321297+00:00,72.7,10,ask,WavyWalnuts,Andy Garg,1259257
2026-06-30T23:04:09.318454,2026-06-30T23:04:09.321297+00:00,72.7,20,ask,WavyWalnuts,BrilliantBurritos,1259258
2026-06-30T23:04:09.876889,2026-06-30T23:04:09.880120+00:00,72.7,10,ask,WavyWalnuts,Zijun Feng,1259275
2026-06-30T23:04:11.645374,2026-06-30T23:04:11.657306+00:00,72.8,10,bid,Andy Garg,WavyWalnuts,1259303
2026-06-30T23:04:12.161845,2026-06-30T23:04:12.172640+00:00,72.8,10,bid,Andy Garg,YieldingYams,1259313
2026-06-30T23:04:12.726880,2026-06-30T23:04:12.737359+00:00,72.7,10,bid,Andy Garg,YieldingYams,1259323
2026-06-30T23:04:13.336129,2026-06-30T23:04:13.345255+00:00,72.7,200,bid,WavyWalnuts,YieldingYams,1259333
2026-06-30T23:04:14.151454,2026-06-30T23:04:14.159423+00:00,72.5,20,ask,YieldingYams,BrilliantBurritos,1259356
2026-06-30T23:04:14.543722,2026-06-30T23:04:14.548559+00:00,72.7,200,bid,WavyWalnuts,YieldingYams,1259362
2026-06-30T23:04:15.356824,2026-06-30T23:04:15.368570+00:00,72.6,10,ask,YieldingYams,Andy Garg,1259366
2026-06-30T23:04:15.752733,2026-06-30T23:04:15.759208+00:00,72.8,200,bid,WavyWalnuts,YieldingYams,1259376
2026-06-30T23:04:15.920906,2026-06-30T23:04:15.923366+00:00,72.6,10,ask,YieldingYams,Andy Garg,1259378
2026-06-30T23:04:16.686534,2026-06-30T23:04:16.693013+00:00,72.7,20,ask,YieldingYams,Andy Garg,1259396
2026-06-30T23:04:17.186610,2026-06-30T23:04:17.197891+00:00,72.8,3,bid,Xuanyu Liu,AverageAlmonds,1259404
2026-06-30T23:04:17.945005,2026-06-30T23:04:17.956611+00:00,72.8,200,bid,YieldingYams,WavyWalnuts,1259414
2026-06-30T23:04:17.945005,2026-06-30T23:04:17.956611+00:00,72.8,425,bid,YieldingYams,AverageAlmonds,1259415
2026-06-30T23:04:18.166483,2026-06-30T23:04:18.172482+00:00,72.8,200,bid,WavyWalnuts,AverageAlmonds,1259420
2026-06-30T23:04:19.270098,2026-06-30T23:04:19.280178+00:00,72.6,23,bid,Xuanyu Liu,YieldingYams,1259431
2026-06-30T23:04:19.381131,2026-06-30T23:04:19.383910+00:00,72.6,200,bid,WavyWalnuts,YieldingYams,1259435
2026-06-30T23:04:19.392433,2026-06-30T23:04:19.404589+00:00,72.6,20,bid,Andy Garg,YieldingYams,1259437
2026-06-30T23:04:19.709895,2026-06-30T23:04:19.712244+00:00,72.6,10,bid,Andy Garg,YieldingYams,1259439
2026-06-30T23:04:20.576175,2026-06-30T23:04:20.589891+00:00,72.6,23,ask,YieldingYams,Xuanyu Liu,1259455
2026-06-30T23:04:21.758181,2026-06-30T23:04:21.761360+00:00,72.6,500,ask,YieldingYams,AverageAlmonds,1259465
2026-06-30T23:04:21.880074,2026-06-30T23:04:21.885128+00:00,72.5,200,ask,WavyWalnuts,YieldingYams,1259468
2026-06-30T23:04:22.542320,2026-06-30T23:04:22.544025+00:00,72.5,10,bid,Zijun Feng,YieldingYams,1259480
2026-06-30T23:04:22.898524,2026-06-30T23:04:22.901957+00:00,72.3,40,ask,YieldingYams,Andy Garg,1259481
2026-06-30T23:04:23.059038,2026-06-30T23:04:23.066189+00:00,72.4,10,ask,WavyWalnuts,Andy Garg,1259485
2026-06-30T23:04:23.218787,2026-06-30T23:04:23.230343+00:00,72.5,10,ask,YieldingYams,Andy Garg,1259493
2026-06-30T23:04:23.279791,2026-06-30T23:04:23.281630+00:00,72.5,40,ask,YieldingYams,Andy Garg,1259497
2026-06-30T23:04:23.457213,2026-06-30T23:04:23.465751+00:00,72.6,23,bid,Xuanyu Liu,AverageAlmonds,1259503
2026-06-30T23:04:23.580196,2026-06-30T23:04:23.589814+00:00,72.6,10,bid,Zijun Feng,WavyWalnuts,1259508
2026-06-30T23:04:25.108284,2026-06-30T23:04:25.110051+00:00,72.6,10,bid,Zijun Feng,YieldingYams,1259522
2026-06-30T23:04:25.439598,2026-06-30T23:04:25.448354+00:00,72.5,200,ask,YieldingYams,WavyWalnuts,1259524
2026-06-30T23:04:26.421504,2026-06-30T23:04:26.425046+00:00,72.7,40,bid,Andy Garg,AverageAlmonds,1259541
2026-06-30T23:04:27.039564,2026-06-30T23:04:27.043043+00:00,72.7,60,bid,Andy Garg,AverageAlmonds,1259551
2026-06-30T23:04:27.364521,2026-06-30T23:04:27.373614+00:00,72.6,20,ask,YieldingYams,BrilliantBurritos,1259559
2026-06-30T23:04:29.759272,2026-06-30T23:04:29.765718+00:00,72.7,500,bid,YieldingYams,AverageAlmonds,1259583
2026-06-30T23:04:29.759272,2026-06-30T23:04:29.765718+00:00,72.8,125,bid,YieldingYams,WavyWalnuts,1259584
2026-06-30T23:04:30.246556,2026-06-30T23:04:30.256857+00:00,72.7,11,bid,Xuanyu Liu,AverageAlmonds,1259592
2026-06-30T23:04:31.071701,2026-06-30T23:04:31.092250+00:00,72.5,200,ask,WavyWalnuts,YieldingYams,1259606
2026-06-30T23:04:31.083245,2026-06-30T23:04:31.092250+00:00,72.5,23,bid,Xuanyu Liu,YieldingYams,1259607
2026-06-30T23:04:31.499785,2026-06-30T23:04:31.501463+00:00,72.5,200,bid,WavyWalnuts,YieldingYams,1259613
2026-06-30T23:04:33.701755,2026-06-30T23:04:33.710039+00:00,72.6,15,bid,Andy Garg,YieldingYams,1259639
2026-06-30T23:04:33.768613,2026-06-30T23:04:33.772475+00:00,72.6,5,bid,Andy Garg,YieldingYams,1259644
2026-06-30T23:04:33.924681,2026-06-30T23:04:33.927588+00:00,72.6,200,bid,WavyWalnuts,YieldingYams,1259650
2026-06-30T23:04:35.003696,2026-06-30T23:04:35.013731+00:00,72.7,500,bid,YieldingYams,AverageAlmonds,1259664
2026-06-30T23:04:35.039040,2026-06-30T23:04:35.044497+00:00,72.7,15,ask,YieldingYams,Andy Garg,1259667
2026-06-30T23:04:35.092619,2026-06-30T23:04:35.095899+00:00,72.7,110,ask,YieldingYams,AverageAlmonds,1259672
2026-06-30T23:04:35.463822,2026-06-30T23:04:35.467109+00:00,72.6,20,bid,BrilliantBurritos,AverageAlmonds,1259683
2026-06-30T23:04:36.919542,2026-06-30T23:04:36.928253+00:00,72.5,5,ask,YieldingYams,Andy Garg,1259701
2026-06-30T23:04:36.944750,2026-06-30T23:04:36.949076+00:00,72.5,500,ask,YieldingYams,AverageAlmonds,1259703
2026-06-30T23:04:37.009951,2026-06-30T23:04:37.021355+00:00,72.5,10,ask,YieldingYams,Andy Garg,1259707
2026-06-30T23:04:37.274049,2026-06-30T23:04:37.278258+00:00,72.5,10,ask,YieldingYams,Andy Garg,1259719
2026-06-30T23:04:37.538550,2026-06-30T23:04:37.543081+00:00,72.5,100,ask,YieldingYams,AverageAlmonds,1259725
2026-06-30T23:04:37.538550,2026-06-30T23:04:37.543081+00:00,72.5,200,ask,WavyWalnuts,AverageAlmonds,1259726
2026-06-30T23:04:37.571478,2026-06-30T23:04:37.574361+00:00,72.4,200,bid,WavyWalnuts,AverageAlmonds,1259729
2026-06-30T23:04:37.586380,2026-06-30T23:04:37.595036+00:00,72.6,10,bid,Andy Garg,WavyWalnuts,1259732
2026-06-30T23:04:37.645940,2026-06-30T23:04:37.656558+00:00,72.4,10,bid,Andy Garg,YieldingYams,1259734
2026-06-30T23:04:38.299702,2026-06-30T23:04:38.301685+00:00,72.4,10,bid,Zijun Feng,YieldingYams,1259739
2026-06-30T23:04:38.795942,2026-06-30T23:04:38.806428+00:00,72.4,200,bid,WavyWalnuts,YieldingYams,1259742
2026-06-30T23:04:38.866198,2026-06-30T23:04:38.868934+00:00,72.4,20,bid,BrilliantBurritos,YieldingYams,1259746
2026-06-30T23:04:41.214499,2026-06-30T23:04:41.226338+00:00,72.3,200,bid,WavyWalnuts,AverageAlmonds,1259782
2026-06-30T23:04:41.585325,2026-06-30T23:04:41.596260+00:00,72.2,20,bid,Andy Garg,YieldingYams,1259792
2026-06-30T23:04:42.423474,2026-06-30T23:04:42.430416+00:00,72.2,200,bid,WavyWalnuts,YieldingYams,1259808
2026-06-30T23:04:42.863148,2026-06-30T23:04:42.871709+00:00,72.2,23,ask,YieldingYams,Xuanyu Liu,1259813
2026-06-30T23:04:42.865344,2026-06-30T23:04:42.871709+00:00,72.2,10,ask,YieldingYams,Andy Garg,1259814
2026-06-30T23:04:42.993831,2026-06-30T23:04:43.005369+00:00,72.2,500,ask,YieldingYams,AverageAlmonds,1259818
2026-06-30T23:04:43.591529,2026-06-30T23:04:43.600817+00:00,72.2,92,ask,YieldingYams,AverageAlmonds,1259826
2026-06-30T23:04:43.630298,2026-06-30T23:04:43.631989+00:00,72.2,200,bid,WavyWalnuts,AverageAlmonds,1259828
2026-06-30T23:04:44.089398,2026-06-30T23:04:44.093395+00:00,71.8,10,ask,AverageAlmonds,Andy Garg,1259833
2026-06-30T23:04:44.835999,2026-06-30T23:04:44.845129+00:00,72.0,200,bid,WavyWalnuts,YieldingYams,1259845
2026-06-30T23:04:44.903702,2026-06-30T23:04:44.906805+00:00,72.0,10,bid,Zijun Feng,YieldingYams,1259847
2026-06-30T23:04:45.509848,2026-06-30T23:04:45.514753+00:00,72.0,25,ask,YieldingYams,Andy Garg,1259856
2026-06-30T23:04:46.047528,2026-06-30T23:04:46.051625+00:00,72.2,200,bid,WavyWalnuts,YieldingYams,1259868
2026-06-30T23:04:47.255117,2026-06-30T23:04:47.256960+00:00,72.1,200,bid,WavyWalnuts,YieldingYams,1259881
2026-06-30T23:04:47.340434,2026-06-30T23:04:47.350054+00:00,72.1,20,bid,Andy Garg,YieldingYams,1259885
2026-06-30T23:04:47.502034,2026-06-30T23:04:47.505046+00:00,72.1,5,bid,Andy Garg,YieldingYams,1259887
2026-06-30T23:04:47.714162,2026-06-30T23:04:47.721380+00:00,71.9,20,ask,YieldingYams,BrilliantBurritos,1259892
2026-06-30T23:04:48.118108,2026-06-30T23:04:48.122760+00:00,72.0,10,ask,YieldingYams,Andy Garg,1259900
2026-06-30T23:04:48.466012,2026-06-30T23:04:48.473442+00:00,72.2,200,bid,WavyWalnuts,YieldingYams,1259905
2026-06-30T23:04:48.845272,2026-06-30T23:04:48.855651+00:00,72.0,11,ask,YieldingYams,Xuanyu Liu,1259910
2026-06-30T23:04:49.403197,2026-06-30T23:04:49.415258+00:00,72.2,23,ask,YieldingYams,Xuanyu Liu,1259918
2026-06-30T23:04:49.437408,2026-06-30T23:04:49.446156+00:00,72.2,20,ask,YieldingYams,Andy Garg,1259920
2026-06-30T23:04:50.705820,2026-06-30T23:04:50.708337+00:00,72.3,200,bid,YieldingYams,WavyWalnuts,1259943
2026-06-30T23:04:50.705820,2026-06-30T23:04:50.718739+00:00,72.3,425,bid,YieldingYams,AverageAlmonds,1259944
2026-06-30T23:04:51.960196,2026-06-30T23:04:51.969386+00:00,72.3,11,bid,Xuanyu Liu,AverageAlmonds,1259965
2026-06-30T23:04:52.017641,2026-06-30T23:04:52.031749+00:00,72.2,200,ask,WavyWalnuts,YieldingYams,1259967
2026-06-30T23:04:52.023138,2026-06-30T23:04:52.031749+00:00,72.0,35,bid,Xuanyu Liu,YieldingYams,1259968
2026-06-30T23:04:52.096201,2026-06-30T23:04:52.104372+00:00,72.0,200,bid,WavyWalnuts,YieldingYams,1259971
2026-06-30T23:04:52.784301,2026-06-30T23:04:52.791202+00:00,72.0,20,bid,BrilliantBurritos,YieldingYams,1259976
2026-06-30T23:04:53.304866,2026-06-30T23:04:53.313720+00:00,72.0,170,bid,WavyWalnuts,YieldingYams,1259986
2026-06-30T23:04:53.324497,2026-06-30T23:04:53.334340+00:00,72.1,200,bid,YieldingYams,WavyWalnuts,1259989
2026-06-30T23:04:53.877980,2026-06-30T23:04:53.888774+00:00,72.2,425,ask,YieldingYams,AverageAlmonds,1260001
2026-06-30T23:04:54.343972,2026-06-30T23:04:54.350505+00:00,72.2,30,bid,Andy Garg,AverageAlmonds,1260013
2026-06-30T23:04:54.584764,2026-06-30T23:04:54.586715+00:00,72.2,10,bid,Zijun Feng,WavyWalnuts,1260021
2026-06-30T23:04:54.634187,2026-06-30T23:04:54.637916+00:00,72.0,200,ask,WavyWalnuts,YieldingYams,1260023
2026-06-30T23:04:54.656157,2026-06-30T23:04:54.658478+00:00,72.0,60,bid,Andy Garg,YieldingYams,1260024
2026-06-30T23:04:54.776054,2026-06-30T23:04:54.781729+00:00,71.8,15,ask,AverageAlmonds,Andy Garg,1260029
2026-06-30T23:04:55.192039,2026-06-30T23:04:55.201119+00:00,71.8,12,ask,YieldingYams,Xuanyu Liu,1260035
2026-06-30T23:04:55.735000,2026-06-30T23:04:55.743396+00:00,72.0,200,bid,WavyWalnuts,YieldingYams,1260043
2026-06-30T23:04:55.950802,2026-06-30T23:04:55.958330+00:00,72.0,23,ask,YieldingYams,Xuanyu Liu,1260048
2026-06-30T23:04:56.955070,2026-06-30T23:04:56.963079+00:00,72.0,200,ask,YieldingYams,WavyWalnuts,1260059
2026-06-30T23:04:57.253521,2026-06-30T23:04:57.261012+00:00,71.9,200,ask,WavyWalnuts,YieldingYams,1260063
2026-06-30T23:04:57.253521,2026-06-30T23:04:57.261012+00:00,71.8,425,ask,AverageAlmonds,YieldingYams,1260064
2026-06-30T23:04:58.014553,2026-06-30T23:04:58.021864+00:00,71.8,20,ask,AverageAlmonds,Andy Garg,1260079
2026-06-30T23:04:58.227249,2026-06-30T23:04:58.239133+00:00,71.9,25,ask,WavyWalnuts,Andy Garg,1260083
2026-06-30T23:04:58.292390,2026-06-30T23:04:58.300194+00:00,72.1,12,bid,Xuanyu Liu,WavyWalnuts,1260085
2026-06-30T23:04:59.205539,2026-06-30T23:04:59.217204+00:00,71.9,20,ask,WavyWalnuts,BrilliantBurritos,1260099
2026-06-30T23:05:01.563506,2026-06-30T23:05:01.568912+00:00,72.1,10,bid,Andy Garg,WavyWalnuts,1260129
2026-06-30T23:05:01.724304,2026-06-30T23:05:01.733615+00:00,72.1,5,bid,Andy Garg,WavyWalnuts,1260132
2026-06-30T23:05:02.525641,2026-06-30T23:05:02.535020+00:00,72.1,200,ask,WavyWalnuts,YieldingYams,1260144
2026-06-30T23:05:03.011302,2026-06-30T23:05:03.017278+00:00,72.1,200,bid,WavyWalnuts,YieldingYams,1260153
2026-06-30T23:05:04.221710,2026-06-30T23:05:04.228705+00:00,72.2,200,bid,WavyWalnuts,YieldingYams,1260169
2026-06-30T23:05:05.125312,2026-06-30T23:05:05.131984+00:00,72.1,20,ask,YieldingYams,BrilliantBurritos,1260177
2026-06-30T23:05:06.459872,2026-06-30T23:05:06.465060+00:00,72.1,200,ask,WavyWalnuts,YieldingYams,1260196
2026-06-30T23:05:07.885012,2026-06-30T23:05:07.890258+00:00,72.1,5,ask,YieldingYams,Andy Garg,1260218
2026-06-30T23:05:08.017218,2026-06-30T23:05:08.023846+00:00,72.2,20,bid,Andy Garg,WavyWalnuts,1260223
2026-06-30T23:05:08.298664,2026-06-30T23:05:08.300564+00:00,72.2,35,bid,Andy Garg,WavyWalnuts,1260224
2026-06-30T23:05:08.511514,2026-06-30T23:05:08.516443+00:00,72.2,20,bid,BrilliantBurritos,WavyWalnuts,1260227
2026-06-30T23:05:08.678979,2026-06-30T23:05:08.680960+00:00,72.2,35,bid,Andy Garg,WavyWalnuts,1260233
2026-06-30T23:05:10.394884,2026-06-30T23:05:10.402466+00:00,72.0,500,ask,AverageAlmonds,YieldingYams,1260261
2026-06-30T23:05:10.394884,2026-06-30T23:05:10.402466+00:00,72.0,125,ask,WavyWalnuts,YieldingYams,1260262
2026-06-30T23:05:11.530719,2026-06-30T23:05:11.540334+00:00,72.0,200,ask,AverageAlmonds,WavyWalnuts,1260273
2026-06-30T23:05:12.738950,2026-06-30T23:05:12.743274+00:00,72.1,200,ask,YieldingYams,WavyWalnuts,1260290
2026-06-30T23:05:13.515347,2026-06-30T23:05:13.521877+00:00,72.2,20,ask,YieldingYams,BrilliantBurritos,1260302
2026-06-30T23:05:13.944827,2026-06-30T23:05:13.952787+00:00,72.2,200,ask,YieldingYams,WavyWalnuts,1260306
2026-06-30T23:05:14.329016,2026-06-30T23:05:14.343900+00:00,72.0,500,ask,AverageAlmonds,YieldingYams,1260313
2026-06-30T23:05:14.334567,2026-06-30T23:05:14.343900+00:00,72.0,11,bid,Xuanyu Liu,YieldingYams,1260314
2026-06-30T23:05:14.505355,2026-06-30T23:05:14.508362+00:00,72.0,114,bid,AverageAlmonds,YieldingYams,1260320
2026-06-30T23:05:14.909637,2026-06-30T23:05:14.918671+00:00,72.5,10,bid,Zijun Feng,AverageAlmonds,1260323
2026-06-30T23:05:15.152730,2026-06-30T23:05:15.155227+00:00,72.0,200,ask,AverageAlmonds,WavyWalnuts,1260327
2026-06-30T23:05:15.402256,2026-06-30T23:05:15.410890+00:00,72.0,20,ask,AverageAlmonds,BrilliantBurritos,1260331
2026-06-30T23:05:16.361261,2026-06-30T23:05:16.364217+00:00,72.2,200,ask,YieldingYams,WavyWalnuts,1260346
2026-06-30T23:05:17.326093,2026-06-30T23:05:17.335902+00:00,72.1,11,ask,YieldingYams,Xuanyu Liu,1260352
2026-06-30T23:05:18.258914,2026-06-30T23:05:18.267185+00:00,72.2,12,ask,YieldingYams,Xuanyu Liu,1260364
2026-06-30T23:05:20.515018,2026-06-30T23:05:20.520720+00:00,72.2,10,ask,YieldingYams,Zijun Feng,1260395
2026-06-30T23:05:21.221350,2026-06-30T23:05:21.229546+00:00,72.3,200,bid,WavyWalnuts,YieldingYams,1260405
2026-06-30T23:05:22.433095,2026-06-30T23:05:22.439182+00:00,72.4,200,bid,WavyWalnuts,YieldingYams,1260416
2026-06-30T23:05:23.640466,2026-06-30T23:05:23.649694+00:00,72.3,200,bid,WavyWalnuts,YieldingYams,1260440
2026-06-30T23:05:24.847375,2026-06-30T23:05:24.850878+00:00,72.2,200,bid,WavyWalnuts,YieldingYams,1260454
2026-06-30T23:05:26.065837,2026-06-30T23:05:26.069640+00:00,72.2,200,bid,WavyWalnuts,YieldingYams,1260478
2026-06-30T23:05:26.077131,2026-06-30T23:05:26.079939+00:00,72.0,10,ask,YieldingYams,Zijun Feng,1260481
2026-06-30T23:05:26.122032,2026-06-30T23:05:26.130548+00:00,72.2,11,ask,YieldingYams,Xuanyu Liu,1260482
2026-06-30T23:05:26.189754,2026-06-30T23:05:26.192146+00:00,72.2,15,ask,YieldingYams,Andy Garg,1260484
2026-06-30T23:05:26.503171,2026-06-30T23:05:26.510110+00:00,72.2,45,ask,YieldingYams,Andy Garg,1260491
2026-06-30T23:05:27.276630,2026-06-30T23:05:27.288077+00:00,72.2,200,ask,YieldingYams,WavyWalnuts,1260499
2026-06-30T23:05:28.481641,2026-06-30T23:05:28.485604+00:00,72.3,200,bid,WavyWalnuts,YieldingYams,1260520
2026-06-30T23:05:29.613011,2026-06-30T23:05:29.623687+00:00,72.2,10,ask,YieldingYams,Zijun Feng,1260537
2026-06-30T23:05:29.659296,2026-06-30T23:05:29.664769+00:00,72.4,15,bid,Andy Garg,YieldingYams,1260538
2026-06-30T23:05:29.722008,2026-06-30T23:05:29.726336+00:00,72.3,10,bid,Andy Garg,WavyWalnuts,1260543
2026-06-30T23:05:29.984229,2026-06-30T23:05:29.992882+00:00,72.2,3,ask,YieldingYams,Xuanyu Liu,1260549
2026-06-30T23:05:30.042668,2026-06-30T23:05:30.054332+00:00,72.3,190,bid,YieldingYams,WavyWalnuts,1260551
2026-06-30T23:05:30.907007,2026-06-30T23:05:30.913104+00:00,72.4,200,bid,WavyWalnuts,AverageAlmonds,1260562
2026-06-30T23:05:32.671281,2026-06-30T23:05:32.682973+00:00,72.3,500,bid,YieldingYams,AverageAlmonds,1260589
2026-06-30T23:05:32.671281,2026-06-30T23:05:32.682973+00:00,72.3,125,bid,YieldingYams,WavyWalnuts,1260590
2026-06-30T23:05:33.987978,2026-06-30T23:05:33.993926+00:00,72.2,200,ask,WavyWalnuts,YieldingYams,1260613
2026-06-30T23:05:36.607835,2026-06-30T23:05:36.611443+00:00,72.2,200,bid,YieldingYams,WavyWalnuts,1260645
2026-06-30T23:05:39.396555,2026-06-30T23:05:39.407856+00:00,72.4,200,bid,WavyWalnuts,YieldingYams,1260687
2026-06-30T23:05:40.010268,2026-06-30T23:05:40.012050+00:00,72.4,20,bid,Andy Garg,YieldingYams,1260702
2026-06-30T23:05:40.171538,2026-06-30T23:05:40.175806+00:00,72.4,15,bid,Andy Garg,YieldingYams,1260708
2026-06-30T23:05:40.573987,2026-06-30T23:05:40.578853+00:00,72.4,500,ask,YieldingYams,AverageAlmonds,1260714
2026-06-30T23:05:40.606742,2026-06-30T23:05:40.610115+00:00,72.4,125,ask,YieldingYams,WavyWalnuts,1260718
2026-06-30T23:05:41.857677,2026-06-30T23:05:41.862859+00:00,72.3,200,ask,WavyWalnuts,YieldingYams,1260730
2026-06-30T23:05:43.170369,2026-06-30T23:05:43.180255+00:00,72.3,200,bid,YieldingYams,WavyWalnuts,1260755
2026-06-30T23:05:44.486738,2026-06-30T23:05:44.489219+00:00,72.4,200,ask,WavyWalnuts,YieldingYams,1260773
2026-06-30T23:05:45.804892,2026-06-30T23:05:45.813010+00:00,72.4,3,bid,Xuanyu Liu,AverageAlmonds,1260792
2026-06-30T23:05:47.105981,2026-06-30T23:05:47.116246+00:00,72.4,500,bid,YieldingYams,AverageAlmonds,1260828
2026-06-30T23:05:47.105981,2026-06-30T23:05:47.116246+00:00,72.4,125,bid,YieldingYams,WavyWalnuts,1260829
2026-06-30T23:05:49.073092,2026-06-30T23:05:49.081790+00:00,72.4,200,bid,WavyWalnuts,YieldingYams,1260858
2026-06-30T23:05:50.287200,2026-06-30T23:05:50.295564+00:00,72.3,200,bid,WavyWalnuts,YieldingYams,1260871
2026-06-30T23:05:50.931508,2026-06-30T23:05:50.943223+00:00,72.1,40,ask,YieldingYams,Andy Garg,1260879
2026-06-30T23:05:51.093446,2026-06-30T23:05:51.096999+00:00,72.3,60,ask,YieldingYams,Andy Garg,1260882
2026-06-30T23:05:51.512756,2026-06-30T23:05:51.521759+00:00,72.4,3,ask,WavyWalnuts,Xuanyu Liu,1260898
2026-06-30T23:05:53.675285,2026-06-30T23:05:53.677850+00:00,72.4,200,bid,YieldingYams,WavyWalnuts,1260917
2026-06-30T23:05:53.695191,2026-06-30T23:05:53.698454+00:00,72.4,20,ask,YieldingYams,BrilliantBurritos,1260919
2026-06-30T23:05:53.975326,2026-06-30T23:05:53.985352+00:00,72.5,20,bid,Andy Garg,AverageAlmonds,1260927
2026-06-30T23:05:55.131635,2026-06-30T23:05:55.141065+00:00,72.5,200,bid,WavyWalnuts,AverageAlmonds,1260950
2026-06-30T23:05:56.321659,2026-06-30T23:05:56.328084+00:00,72.4,500,ask,YieldingYams,AverageAlmonds,1260962
2026-06-30T23:05:56.920880,2026-06-30T23:05:56.931482+00:00,72.4,125,ask,YieldingYams,AverageAlmonds,1260969
2026-06-30T23:05:56.920880,2026-06-30T23:05:56.931482+00:00,72.4,200,ask,WavyWalnuts,AverageAlmonds,1260970
2026-06-30T23:05:56.944538,2026-06-30T23:05:56.952085+00:00,72.0,10,ask,AverageAlmonds,Zijun Feng,1260972
2026-06-30T23:05:56.958974,2026-06-30T23:05:56.962333+00:00,72.4,15,bid,Andy Garg,AverageAlmonds,1260973
2026-06-30T23:05:57.276492,2026-06-30T23:05:57.279312+00:00,72.0,5,ask,AverageAlmonds,Andy Garg,1260980
2026-06-30T23:05:57.891369,2026-06-30T23:05:57.894392+00:00,72.4,15,bid,Andy Garg,AverageAlmonds,1260997
2026-06-30T23:05:58.773604,2026-06-30T23:05:58.784458+00:00,72.3,200,ask,YieldingYams,WavyWalnuts,1261006
2026-06-30T23:05:58.957120,2026-06-30T23:05:58.968323+00:00,72.3,15,bid,Andy Garg,YieldingYams,1261009
2026-06-30T23:06:00.734450,2026-06-30T23:06:00.738557+00:00,72.3,30,bid,Andy Garg,WavyWalnuts,1261028
2026-06-30T23:06:00.897560,2026-06-30T23:06:00.903159+00:00,72.3,10,bid,Andy Garg,WavyWalnuts,1261033
2026-06-30T23:06:00.982170,2026-06-30T23:06:00.984986+00:00,72.2,10,ask,WavyWalnuts,Zijun Feng,1261037
2026-06-30T23:06:01.544226,2026-06-30T23:06:01.547037+00:00,72.2,200,ask,WavyWalnuts,YieldingYams,1261056
2026-06-30T23:06:03.623161,2026-06-30T23:06:03.625278+00:00,72.2,200,ask,YieldingYams,WavyWalnuts,1261093
2026-06-30T23:06:04.162619,2026-06-30T23:06:04.171295+00:00,72.0,500,ask,AverageAlmonds,YieldingYams,1261099
2026-06-30T23:06:04.179955,2026-06-30T23:06:04.181696+00:00,72.0,125,bid,AverageAlmonds,YieldingYams,1261100
2026-06-30T23:06:04.460740,2026-06-30T23:06:04.470171+00:00,72.1,55,ask,AverageAlmonds,Andy Garg,1261104
2026-06-30T23:06:04.625200,2026-06-30T23:06:04.635272+00:00,72.1,45,ask,AverageAlmonds,Andy Garg,1261107
2026-06-30T23:06:04.832799,2026-06-30T23:06:04.841753+00:00,72.1,200,ask,AverageAlmonds,WavyWalnuts,1261114
2026-06-30T23:06:06.041844,2026-06-30T23:06:06.045412+00:00,72.2,200,ask,YieldingYams,WavyWalnuts,1261133
2026-06-30T23:06:07.249093,2026-06-30T23:06:07.254087+00:00,72.1,200,ask,AverageAlmonds,WavyWalnuts,1261143
2026-06-30T23:06:08.466949,2026-06-30T23:06:08.474851+00:00,72.1,200,ask,YieldingYams,WavyWalnuts,1261164
2026-06-30T23:06:10.898205,2026-06-30T23:06:10.903139+00:00,72.1,200,ask,YieldingYams,WavyWalnuts,1261201
2026-06-30T23:06:11.232965,2026-06-30T23:06:11.240456+00:00,72.1,20,ask,YieldingYams,Andy Garg,1261205
2026-06-30T23:06:11.393080,2026-06-30T23:06:11.404594+00:00,72.1,15,ask,YieldingYams,Andy Garg,1261208
2026-06-30T23:06:11.504199,2026-06-30T23:06:11.508187+00:00,72.3,20,bid,Andy Garg,YieldingYams,1261214
2026-06-30T23:06:11.566263,2026-06-30T23:06:11.570060+00:00,72.1,30,ask,YieldingYams,Andy Garg,1261218
2026-06-30T23:06:11.827033,2026-06-30T23:06:11.837267+00:00,72.3,30,bid,Andy Garg,YieldingYams,1261224
2026-06-30T23:06:12.081650,2026-06-30T23:06:12.095166+00:00,72.1,7,bid,Xuanyu Liu,YieldingYams,1261228
2026-06-30T23:06:12.109346,2026-06-30T23:06:12.116082+00:00,72.1,200,bid,WavyWalnuts,YieldingYams,1261231
2026-06-30T23:06:13.319508,2026-06-30T23:06:13.324858+00:00,72.1,200,bid,WavyWalnuts,YieldingYams,1261244
2026-06-30T23:06:14.289318,2026-06-30T23:06:14.298627+00:00,72.1,7,ask,AverageAlmonds,Xuanyu Liu,1261254
2026-06-30T23:06:14.529326,2026-06-30T23:06:14.534754+00:00,72.2,200,bid,WavyWalnuts,YieldingYams,1261262
2026-06-30T23:06:14.858333,2026-06-30T23:06:14.863412+00:00,72.3,15,bid,Andy Garg,WavyWalnuts,1261272
2026-06-30T23:06:15.739289,2026-06-30T23:06:15.744025+00:00,72.1,200,ask,YieldingYams,WavyWalnuts,1261281
2026-06-30T23:06:16.946741,2026-06-30T23:06:16.956033+00:00,72.2,200,ask,YieldingYams,WavyWalnuts,1261294
2026-06-30T23:06:18.154923,2026-06-30T23:06:18.166674+00:00,72.1,200,bid,WavyWalnuts,YieldingYams,1261308
2026-06-30T23:06:21.820789,2026-06-30T23:06:21.828817+00:00,72.1,10,bid,Andy Garg,WavyWalnuts,1261347
2026-06-30T23:06:21.984385,2026-06-30T23:06:21.993025+00:00,72.1,5,bid,Andy Garg,WavyWalnuts,1261352
2026-06-30T23:06:24.007128,2026-06-30T23:06:24.011457+00:00,72.0,10,ask,WavyWalnuts,Andy Garg,1261383
2026-06-30T23:06:24.119103,2026-06-30T23:06:24.124216+00:00,72.0,5,ask,WavyWalnuts,Andy Garg,1261388
2026-06-30T23:06:25.158744,2026-06-30T23:06:25.167984+00:00,72.1,200,bid,YieldingYams,WavyWalnuts,1261405
2026-06-30T23:06:25.187270,2026-06-30T23:06:25.198948+00:00,72.2,20,ask,YieldingYams,Andy Garg,1261406
2026-06-30T23:06:25.367832,2026-06-30T23:06:25.374102+00:00,72.2,15,ask,YieldingYams,Andy Garg,1261410
2026-06-30T23:06:25.433034,2026-06-30T23:06:25.436079+00:00,72.2,200,ask,YieldingYams,WavyWalnuts,1261415
2026-06-30T23:06:25.529589,2026-06-30T23:06:25.538719+00:00,72.2,20,ask,YieldingYams,Andy Garg,1261416
2026-06-30T23:06:26.497708,2026-06-30T23:06:26.503430+00:00,72.1,20,bid,Andy Garg,YieldingYams,1261430
2026-06-30T23:06:26.639749,2026-06-30T23:06:26.648128+00:00,72.1,200,bid,WavyWalnuts,YieldingYams,1261438
2026-06-30T23:06:28.293894,2026-06-30T23:06:28.301312+00:00,72.2,20,bid,Andy Garg,WavyWalnuts,1261460
2026-06-30T23:06:28.627382,2026-06-30T23:06:28.630326+00:00,72.2,20,bid,BrilliantBurritos,WavyWalnuts,1261464
2026-06-30T23:06:28.793279,2026-06-30T23:06:28.795186+00:00,72.2,15,bid,Andy Garg,WavyWalnuts,1261472
2026-06-30T23:06:28.854502,2026-06-30T23:06:28.856651+00:00,72.2,10,bid,Andy Garg,WavyWalnuts,1261474
2026-06-30T23:06:28.917511,2026-06-30T23:06:28.928339+00:00,72.2,5,bid,Andy Garg,WavyWalnuts,1261478
2026-06-30T23:06:29.091299,2026-06-30T23:06:29.102884+00:00,72.2,200,bid,YieldingYams,WavyWalnuts,1261485
2026-06-30T23:06:30.211526,2026-06-30T23:06:30.219472+00:00,72.4,425,ask,YieldingYams,AverageAlmonds,1261495
2026-06-30T23:06:30.255553,2026-06-30T23:06:30.261023+00:00,72.1,10,ask,WavyWalnuts,Zijun Feng,1261497
2026-06-30T23:06:30.403008,2026-06-30T23:06:30.404871+00:00,72.2,200,ask,WavyWalnuts,YieldingYams,1261498
2026-06-30T23:06:32.300550,2026-06-30T23:06:32.310442+00:00,72.0,10,ask,WavyWalnuts,Andy Garg,1261521
2026-06-30T23:06:32.460615,2026-06-30T23:06:32.464015+00:00,72.0,5,ask,WavyWalnuts,Andy Garg,1261523
2026-06-30T23:06:33.896591,2026-06-30T23:06:33.903896+00:00,72.0,200,ask,YieldingYams,WavyWalnuts,1261555
2026-06-30T23:06:34.343397,2026-06-30T23:06:34.345876+00:00,72.0,500,ask,AverageAlmonds,YieldingYams,1261559
2026-06-30T23:06:34.382649,2026-06-30T23:06:34.387111+00:00,71.9,5,bid,Andy Garg,YieldingYams,1261560
2026-06-30T23:06:34.452609,2026-06-30T23:06:34.459035+00:00,71.9,120,bid,AverageAlmonds,YieldingYams,1261563
2026-06-30T23:06:35.601146,2026-06-30T23:06:35.604606+00:00,72.1,10,bid,Andy Garg,WavyWalnuts,1261576
2026-06-30T23:06:35.649703,2026-06-30T23:06:35.655843+00:00,72.1,190,bid,YieldingYams,WavyWalnuts,1261578
2026-06-30T23:06:35.763083,2026-06-30T23:06:35.768797+00:00,72.3,10,bid,Andy Garg,YieldingYams,1261579
2026-06-30T23:06:35.827905,2026-06-30T23:06:35.830358+00:00,72.3,20,bid,BrilliantBurritos,YieldingYams,1261583
2026-06-30T23:06:35.925826,2026-06-30T23:06:35.932973+00:00,72.3,5,bid,Andy Garg,YieldingYams,1261586
2026-06-30T23:06:36.962404,2026-06-30T23:06:36.969589+00:00,72.1,200,ask,WavyWalnuts,YieldingYams,1261599
2026-06-30T23:06:36.999107,2026-06-30T23:06:37.010894+00:00,72.1,40,bid,Andy Garg,YieldingYams,1261601
2026-06-30T23:06:38.743277,2026-06-30T23:06:38.753780+00:00,71.9,200,ask,YieldingYams,WavyWalnuts,1261623
2026-06-30T23:06:39.126840,2026-06-30T23:06:39.133264+00:00,71.9,15,ask,YieldingYams,Andy Garg,1261629
2026-06-30T23:06:39.288370,2026-06-30T23:06:39.297383+00:00,71.9,30,ask,YieldingYams,Andy Garg,1261633
2026-06-30T23:06:39.449470,2026-06-30T23:06:39.452059+00:00,71.9,25,ask,YieldingYams,Andy Garg,1261642
2026-06-30T23:06:40.201612,2026-06-30T23:06:40.212119+00:00,72.0,20,ask,YieldingYams,BrilliantBurritos,1261656
2026-06-30T23:06:40.883634,2026-06-30T23:06:40.888797+00:00,72.1,200,bid,YieldingYams,WavyWalnuts,1261668
2026-06-30T23:06:41.167449,2026-06-30T23:06:41.175676+00:00,72.2,200,ask,YieldingYams,WavyWalnuts,1261670
2026-06-30T23:06:41.529769,2026-06-30T23:06:41.533155+00:00,72.2,20,ask,YieldingYams,BrilliantBurritos,1261672
2026-06-30T23:06:42.378228,2026-06-30T23:06:42.383102+00:00,72.1,200,bid,WavyWalnuts,YieldingYams,1261688
2026-06-30T23:06:42.581466,2026-06-30T23:06:42.587775+00:00,72.1,5,bid,Andy Garg,YieldingYams,1261693
2026-06-30T23:06:42.743766,2026-06-30T23:06:42.751606+00:00,72.1,20,bid,Andy Garg,YieldingYams,1261696
2026-06-30T23:06:42.908434,2026-06-30T23:06:42.915799+00:00,72.1,15,bid,Andy Garg,YieldingYams,1261699
2026-06-30T23:06:43.592567,2026-06-30T23:06:43.603832+00:00,72.2,200,ask,YieldingYams,WavyWalnuts,1261713
2026-06-30T23:06:46.016505,2026-06-30T23:06:46.020368+00:00,72.4,200,bid,WavyWalnuts,YieldingYams,1261740
2026-06-30T23:06:46.124635,2026-06-30T23:06:46.133494+00:00,72.4,500,bid,YieldingYams,AverageAlmonds,1261741
2026-06-30T23:06:46.143269,2026-06-30T23:06:46.154086+00:00,72.4,5,ask,YieldingYams,Andy Garg,1261742
2026-06-30T23:06:46.306622,2026-06-30T23:06:46.308471+00:00,72.4,20,ask,YieldingYams,Andy Garg,1261748
2026-06-30T23:06:46.467902,2026-06-30T23:06:46.472074+00:00,72.4,15,ask,YieldingYams,Andy Garg,1261752
2026-06-30T23:06:46.583768,2026-06-30T23:06:46.594948+00:00,72.4,85,ask,YieldingYams,AverageAlmonds,1261756
2026-06-30T23:06:47.227890,2026-06-30T23:06:47.239595+00:00,72.4,200,bid,WavyWalnuts,AverageAlmonds,1261762
2026-06-30T23:06:47.448108,2026-06-30T23:06:47.456880+00:00,72.2,3,bid,Xuanyu Liu,YieldingYams,1261768
2026-06-30T23:06:48.438363,2026-06-30T23:06:48.439887+00:00,72.2,200,bid,WavyWalnuts,YieldingYams,1261778
2026-06-30T23:06:49.647627,2026-06-30T23:06:49.651729+00:00,72.3,200,bid,WavyWalnuts,YieldingYams,1261797
2026-06-30T23:06:50.058241,2026-06-30T23:06:50.062633+00:00,72.2,15,bid,Andy Garg,YieldingYams,1261802
2026-06-30T23:06:50.868426,2026-06-30T23:06:50.874617+00:00,72.2,200,bid,WavyWalnuts,YieldingYams,1261815
2026-06-30T23:06:51.385581,2026-06-30T23:06:51.396793+00:00,72.1,25,bid,Andy Garg,YieldingYams,1261818
2026-06-30T23:06:52.084538,2026-06-30T23:06:52.093930+00:00,72.1,200,bid,WavyWalnuts,YieldingYams,1261838
2026-06-30T23:06:52.589373,2026-06-30T23:06:52.598490+00:00,72.0,3,ask,YieldingYams,Xuanyu Liu,1261846
2026-06-30T23:06:53.267932,2026-06-30T23:06:53.276553+00:00,72.0,20,ask,AverageAlmonds,Andy Garg,1261856
2026-06-30T23:06:53.294707,2026-06-30T23:06:53.297162+00:00,72.1,200,bid,WavyWalnuts,YieldingYams,1261860
2026-06-30T23:06:53.428580,2026-06-30T23:06:53.430284+00:00,72.0,15,ask,AverageAlmonds,Andy Garg,1261862
2026-06-30T23:06:53.847304,2026-06-30T23:06:53.850239+00:00,72.1,425,bid,AverageAlmonds,YieldingYams,1261870
2026-06-30T23:06:53.973290,2026-06-30T23:06:53.994147+00:00,72.2,200,bid,YieldingYams,WavyWalnuts,1261876
2026-06-30T23:06:53.984926,2026-06-30T23:06:53.994147+00:00,72.3,3,ask,YieldingYams,Xuanyu Liu,1261877
2026-06-30T23:06:53.992672,2026-06-30T23:06:54.004493+00:00,72.3,40,ask,YieldingYams,Andy Garg,1261879
2026-06-30T23:06:54.502743,2026-06-30T23:06:54.506630+00:00,72.3,200,ask,YieldingYams,WavyWalnuts,1261894
2026-06-30T23:06:56.095337,2026-06-30T23:06:56.102249+00:00,72.3,20,bid,BrilliantBurritos,YieldingYams,1261908
2026-06-30T23:06:56.603385,2026-06-30T23:06:56.614592+00:00,72.2,200,ask,WavyWalnuts,YieldingYams,1261921
2026-06-30T23:06:56.603385,2026-06-30T23:06:56.614592+00:00,72.1,425,ask,AverageAlmonds,YieldingYams,1261922
2026-06-30T23:06:56.785122,2026-06-30T23:06:56.788661+00:00,72.4,15,bid,Andy Garg,WavyWalnuts,1261926
2026-06-30T23:06:56.846236,2026-06-30T23:06:56.850406+00:00,72.4,10,bid,Andy Garg,WavyWalnuts,1261930
2026-06-30T23:06:56.957763,2026-06-30T23:06:56.964203+00:00,72.2,55,bid,Andy Garg,WavyWalnuts,1261937
2026-06-30T23:06:57.910525,2026-06-30T23:06:57.916882+00:00,72.2,145,bid,YieldingYams,WavyWalnuts,1261951
2026-06-30T23:06:58.120523,2026-06-30T23:06:58.122043+00:00,72.3,200,ask,YieldingYams,WavyWalnuts,1261954
2026-06-30T23:06:58.585848,2026-06-30T23:06:58.595794+00:00,72.5,3,bid,Xuanyu Liu,YieldingYams,1261963
2026-06-30T23:06:59.223780,2026-06-30T23:06:59.243312+00:00,72.2,200,ask,WavyWalnuts,YieldingYams,1261973
2026-06-30T23:06:59.233903,2026-06-30T23:06:59.243312+00:00,72.2,14,bid,Xuanyu Liu,YieldingYams,1261974
2026-06-30T23:06:59.324475,2026-06-30T23:06:59.335991+00:00,72.2,200,bid,WavyWalnuts,YieldingYams,1261976
2026-06-30T23:07:00.102335,2026-06-30T23:07:00.114201+00:00,72.1,15,ask,YieldingYams,Andy Garg,1261986
2026-06-30T23:07:00.267652,2026-06-30T23:07:00.279205+00:00,72.1,30,ask,YieldingYams,Andy Garg,1261994
2026-06-30T23:07:00.538845,2026-06-30T23:07:00.545608+00:00,72.3,200,ask,YieldingYams,WavyWalnuts,1262000
2026-06-30T23:07:00.579148,2026-06-30T23:07:00.586689+00:00,72.3,10,ask,YieldingYams,Andy Garg,1262006
2026-06-30T23:07:01.754054,2026-06-30T23:07:01.776583+00:00,72.3,11,ask,YieldingYams,Xuanyu Liu,1262026
2026-06-30T23:07:01.840578,2026-06-30T23:07:01.848685+00:00,72.3,200,ask,WavyWalnuts,YieldingYams,1262030
2026-06-30T23:07:02.976026,2026-06-30T23:07:02.986950+00:00,72.2,200,bid,WavyWalnuts,YieldingYams,1262041
2026-06-30T23:07:03.760175,2026-06-30T23:07:03.767548+00:00,72.4,10,bid,Andy Garg,WavyWalnuts,1262056
2026-06-30T23:07:03.922321,2026-06-30T23:07:03.932106+00:00,72.4,10,bid,Andy Garg,WavyWalnuts,1262060
2026-06-30T23:07:03.988101,2026-06-30T23:07:03.993766+00:00,72.4,5,bid,Andy Garg,WavyWalnuts,1262063
2026-06-30T23:07:04.188577,2026-06-30T23:07:04.199315+00:00,72.3,200,ask,YieldingYams,WavyWalnuts,1262067
2026-06-30T23:07:04.207546,2026-06-30T23:07:04.219992+00:00,72.3,5,ask,YieldingYams,Andy Garg,1262070
2026-06-30T23:07:05.424303,2026-06-30T23:07:05.428225+00:00,72.3,5,bid,Andy Garg,WavyWalnuts,1262079
2026-06-30T23:07:07.070487,2026-06-30T23:07:07.088714+00:00,72.2,200,ask,WavyWalnuts,YieldingYams,1262102
2026-06-30T23:07:07.079815,2026-06-30T23:07:07.088714+00:00,72.2,11,bid,Xuanyu Liu,YieldingYams,1262103
2026-06-30T23:07:07.093949,2026-06-30T23:07:07.099110+00:00,72.1,5,ask,AverageAlmonds,Andy Garg,1262105
2026-06-30T23:07:07.256204,2026-06-30T23:07:07.263880+00:00,72.1,10,ask,AverageAlmonds,Andy Garg,1262110
2026-06-30T23:07:08.377751,2026-06-30T23:07:08.380113+00:00,72.3,200,bid,YieldingYams,WavyWalnuts,1262122
2026-06-30T23:07:08.422772,2026-06-30T23:07:08.432255+00:00,72.3,10,ask,YieldingYams,Andy Garg,1262123
2026-06-30T23:07:09.688357,2026-06-30T23:07:09.693386+00:00,72.3,200,ask,WavyWalnuts,YieldingYams,1262140
2026-06-30T23:07:10.546570,2026-06-30T23:07:10.555077+00:00,72.3,10,bid,Andy Garg,YieldingYams,1262151
2026-06-30T23:07:12.301147,2026-06-30T23:07:12.308864+00:00,72.3,200,bid,YieldingYams,WavyWalnuts,1262170
2026-06-30T23:07:13.431424,2026-06-30T23:07:13.435869+00:00,72.4,20,bid,BrilliantBurritos,WavyWalnuts,1262182
2026-06-30T23:07:14.390908,2026-06-30T23:07:14.400678+00:00,72.2,14,ask,YieldingYams,Xuanyu Liu,1262192
2026-06-30T23:07:15.059608,2026-06-30T23:07:15.066780+00:00,72.1,200,ask,AverageAlmonds,WavyWalnuts,1262206
2026-06-30T23:07:16.291486,2026-06-30T23:07:16.293934+00:00,72.0,200,ask,AverageAlmonds,WavyWalnuts,1262220
2026-06-30T23:07:17.496798,2026-06-30T23:07:17.501983+00:00,72.0,20,ask,AverageAlmonds,BrilliantBurritos,1262236
2026-06-30T23:07:17.856371,2026-06-30T23:07:17.861418+00:00,72.0,10,ask,AverageAlmonds,Andy Garg,1262246
2026-06-30T23:07:17.967709,2026-06-30T23:07:17.974254+00:00,72.0,5,ask,AverageAlmonds,Andy Garg,1262250
2026-06-30T23:07:18.128816,2026-06-30T23:07:18.138476+00:00,72.0,10,ask,AverageAlmonds,Andy Garg,1262254
2026-06-30T23:07:18.849496,2026-06-30T23:07:18.855051+00:00,72.0,500,ask,AverageAlmonds,YieldingYams,1262263
2026-06-30T23:07:18.849496,2026-06-30T23:07:18.855051+00:00,72.0,125,ask,WavyWalnuts,YieldingYams,1262264
2026-06-30T23:07:19.927751,2026-06-30T23:07:19.939354+00:00,72.0,200,ask,AverageAlmonds,WavyWalnuts,1262273
2026-06-30T23:07:20.201985,2026-06-30T23:07:20.205231+00:00,72.2,60,ask,YieldingYams,Andy Garg,1262280
2026-06-30T23:07:21.157284,2026-06-30T23:07:21.161593+00:00,72.2,200,ask,YieldingYams,WavyWalnuts,1262297
2026-06-30T23:07:21.230014,2026-06-30T23:07:21.233872+00:00,72.3,25,bid,Andy Garg,YieldingYams,1262302
2026-06-30T23:07:24.665857,2026-06-30T23:07:24.669519+00:00,72.2,5,ask,YieldingYams,Andy Garg,1262358
2026-06-30T23:07:24.980750,2026-06-30T23:07:24.987601+00:00,72.3,5,bid,Andy Garg,WavyWalnuts,1262364
2026-06-30T23:07:26.399434,2026-06-30T23:07:26.401075+00:00,72.1,10,ask,WavyWalnuts,Zijun Feng,1262385
2026-06-30T23:07:26.715366,2026-06-30T23:07:26.719668+00:00,72.1,190,ask,WavyWalnuts,YieldingYams,1262392
2026-06-30T23:07:26.752985,2026-06-30T23:07:26.760563+00:00,72.1,30,bid,Andy Garg,YieldingYams,1262393
2026-06-30T23:07:27.038222,2026-06-30T23:07:27.046903+00:00,72.0,3,ask,AverageAlmonds,Xuanyu Liu,1262399
2026-06-30T23:07:27.214512,2026-06-30T23:07:27.221640+00:00,72.0,200,ask,AverageAlmonds,WavyWalnuts,1262401
2026-06-30T23:07:27.792574,2026-06-30T23:07:27.795330+00:00,72.1,405,bid,AverageAlmonds,YieldingYams,1262410
2026-06-30T23:07:27.807419,2026-06-30T23:07:27.818626+00:00,72.1,11,ask,AverageAlmonds,Xuanyu Liu,1262411
2026-06-30T23:07:27.971966,2026-06-30T23:07:27.982890+00:00,72.5,30,bid,Andy Garg,AverageAlmonds,1262419
2026-06-30T23:07:28.024877,2026-06-30T23:07:28.037073+00:00,72.3,23,ask,YieldingYams,Xuanyu Liu,1262421
2026-06-30T23:07:28.421600,2026-06-30T23:07:28.426725+00:00,72.3,200,ask,YieldingYams,WavyWalnuts,1262428
2026-06-30T23:07:29.628851,2026-06-30T23:07:29.634638+00:00,72.3,200,ask,YieldingYams,WavyWalnuts,1262454
2026-06-30T23:07:30.661384,2026-06-30T23:07:30.670984+00:00,72.3,10,bid,Xuanyu Liu,YieldingYams,1262467
2026-06-30T23:07:30.835428,2026-06-30T23:07:30.845733+00:00,72.3,200,bid,WavyWalnuts,YieldingYams,1262469
2026-06-30T23:07:30.987550,2026-06-30T23:07:30.998582+00:00,72.2,10,ask,YieldingYams,Zijun Feng,1262473
2026-06-30T23:07:30.990659,2026-06-30T23:07:30.998582+00:00,72.3,1,bid,Xuanyu Liu,YieldingYams,1262474
2026-06-30T23:07:31.499464,2026-06-30T23:07:31.501269+00:00,72.2,1,ask,YieldingYams,Zijun Feng,1262483
2026-06-30T23:07:32.541428,2026-06-30T23:07:32.547174+00:00,72.3,10,ask,YieldingYams,Zijun Feng,1262499
2026-06-30T23:07:33.285987,2026-06-30T23:07:33.294668+00:00,72.3,200,bid,YieldingYams,WavyWalnuts,1262506
2026-06-30T23:07:33.389786,2026-06-30T23:07:33.399721+00:00,72.4,23,ask,YieldingYams,Xuanyu Liu,1262510
2026-06-30T23:07:33.560287,2026-06-30T23:07:33.563956+00:00,72.4,10,ask,YieldingYams,Zijun Feng,1262519
2026-06-30T23:07:34.483572,2026-06-30T23:07:34.488161+00:00,72.4,200,ask,YieldingYams,WavyWalnuts,1262534
2026-06-30T23:07:35.920624,2026-06-30T23:07:35.923425+00:00,72.4,200,ask,WavyWalnuts,YieldingYams,1262551
2026-06-30T23:07:36.498111,2026-06-30T23:07:36.505963+00:00,72.2,12,bid,Xuanyu Liu,YieldingYams,1262558
2026-06-30T23:07:36.864160,2026-06-30T23:07:36.874496+00:00,72.2,413,bid,AverageAlmonds,YieldingYams,1262560
2026-06-30T23:07:37.320394,2026-06-30T23:07:37.325371+00:00,72.5,20,bid,BrilliantBurritos,WavyWalnuts,1262567
2026-06-30T23:07:38.140219,2026-06-30T23:07:38.147109+00:00,72.4,200,ask,YieldingYams,WavyWalnuts,1262585
2026-06-30T23:07:39.346137,2026-06-30T23:07:39.356924+00:00,72.3,200,bid,WavyWalnuts,YieldingYams,1262600
2026-06-30T23:07:40.157297,2026-06-30T23:07:40.166305+00:00,72.4,9,bid,Xuanyu Liu,YieldingYams,1262611
2026-06-30T23:07:40.556594,2026-06-30T23:07:40.567154+00:00,72.4,200,bid,WavyWalnuts,YieldingYams,1262617
2026-06-30T23:07:40.657689,2026-06-30T23:07:40.659332+00:00,72.2,9,ask,YieldingYams,Zijun Feng,1262619
2026-06-30T23:07:41.160233,2026-06-30T23:07:41.179945+00:00,72.3,500,ask,AverageAlmonds,YieldingYams,1262624
2026-06-30T23:07:41.171533,2026-06-30T23:07:41.179945+00:00,72.3,2,bid,Xuanyu Liu,YieldingYams,1262625
2026-06-30T23:07:41.718811,2026-06-30T23:07:41.723581+00:00,72.3,123,bid,AverageAlmonds,YieldingYams,1262632
2026-06-30T23:07:42.184465,2026-06-30T23:07:42.195775+00:00,72.6,10,bid,Zijun Feng,WavyWalnuts,1262638
2026-06-30T23:07:43.203835,2026-06-30T23:07:43.212176+00:00,72.4,10,ask,YieldingYams,Zijun Feng,1262655
2026-06-30T23:07:43.775688,2026-06-30T23:07:43.785575+00:00,72.3,200,ask,WavyWalnuts,YieldingYams,1262661
2026-06-30T23:07:43.775688,2026-06-30T23:07:43.785575+00:00,72.3,425,ask,AverageAlmonds,YieldingYams,1262662
2026-06-30T23:07:45.084248,2026-06-30T23:07:45.086360+00:00,72.5,200,bid,YieldingYams,WavyWalnuts,1262681
2026-06-30T23:07:45.391710,2026-06-30T23:07:45.395642+00:00,72.6,200,ask,YieldingYams,WavyWalnuts,1262693
2026-06-30T23:07:46.403231,2026-06-30T23:07:46.412150+00:00,72.5,12,bid,Xuanyu Liu,YieldingYams,1262706
2026-06-30T23:07:47.702889,2026-06-30T23:07:47.723950+00:00,72.4,200,ask,WavyWalnuts,YieldingYams,1262733
2026-06-30T23:07:47.715101,2026-06-30T23:07:47.723950+00:00,72.3,14,bid,Xuanyu Liu,YieldingYams,1262734
2026-06-30T23:07:47.820833,2026-06-30T23:07:47.827270+00:00,72.3,200,bid,WavyWalnuts,YieldingYams,1262740
2026-06-30T23:07:49.317559,2026-06-30T23:07:49.326916+00:00,72.5,10,bid,Zijun Feng,YieldingYams,1262764
2026-06-30T23:07:50.242810,2026-06-30T23:07:50.249550+00:00,72.5,200,bid,WavyWalnuts,YieldingYams,1262770
2026-06-30T23:07:51.357547,2026-06-30T23:07:51.365793+00:00,72.5,10,ask,YieldingYams,Zijun Feng,1262790
2026-06-30T23:07:51.631153,2026-06-30T23:07:51.632870+00:00,72.6,500,bid,YieldingYams,AverageAlmonds,1262796
2026-06-30T23:07:51.631153,2026-06-30T23:07:51.643257+00:00,72.6,125,bid,YieldingYams,WavyWalnuts,1262797
2026-06-30T23:07:52.660829,2026-06-30T23:07:52.672644+00:00,72.6,200,bid,WavyWalnuts,AverageAlmonds,1262808
2026-06-30T23:07:55.077417,2026-06-30T23:07:55.085017+00:00,72.5,200,bid,WavyWalnuts,AverageAlmonds,1262841
2026-06-30T23:07:55.554318,2026-06-30T23:07:55.555787+00:00,72.5,300,bid,YieldingYams,AverageAlmonds,1262849
2026-06-30T23:07:55.567178,2026-06-30T23:07:55.575451+00:00,72.5,3,ask,YieldingYams,Xuanyu Liu,1262850
2026-06-30T23:07:55.638008,2026-06-30T23:07:55.647158+00:00,72.5,322,ask,YieldingYams,AverageAlmonds,1262852
2026-06-30T23:07:55.939964,2026-06-30T23:07:55.943914+00:00,72.1,20,ask,AverageAlmonds,Andy Garg,1262856
2026-06-30T23:07:56.101815,2026-06-30T23:07:56.108100+00:00,72.5,5,bid,Andy Garg,AverageAlmonds,1262861
2026-06-30T23:07:56.268485,2026-06-30T23:07:56.272231+00:00,72.1,5,ask,AverageAlmonds,Andy Garg,1262866
2026-06-30T23:07:56.285184,2026-06-30T23:07:56.292848+00:00,72.5,200,bid,WavyWalnuts,AverageAlmonds,1262870
2026-06-30T23:07:56.485071,2026-06-30T23:07:56.487324+00:00,72.5,20,bid,Andy Garg,AverageAlmonds,1262874
2026-06-30T23:07:58.170264,2026-06-30T23:07:58.180093+00:00,72.2,200,ask,WavyWalnuts,YieldingYams,1262892
2026-06-30T23:07:58.689984,2026-06-30T23:07:58.693155+00:00,72.2,425,bid,AverageAlmonds,YieldingYams,1262896
2026-06-30T23:07:59.935946,2026-06-30T23:07:59.945565+00:00,72.2,200,ask,YieldingYams,WavyWalnuts,1262917
2026-06-30T23:08:02.008801,2026-06-30T23:08:02.010957+00:00,72.2,10,ask,YieldingYams,Zijun Feng,1262943
2026-06-30T23:08:02.091423,2026-06-30T23:08:02.092993+00:00,72.3,200,bid,YieldingYams,WavyWalnuts,1262944
2026-06-30T23:08:02.126119,2026-06-30T23:08:02.135641+00:00,72.3,11,ask,YieldingYams,Xuanyu Liu,1262945
2026-06-30T23:08:02.406452,2026-06-30T23:08:02.413731+00:00,72.3,200,ask,YieldingYams,WavyWalnuts,1262951
2026-06-30T23:08:03.401038,2026-06-30T23:08:03.409385+00:00,72.2,200,ask,WavyWalnuts,YieldingYams,1262964
2026-06-30T23:08:03.401038,2026-06-30T23:08:03.409385+00:00,72.2,425,ask,AverageAlmonds,YieldingYams,1262965
2026-06-30T23:08:04.707481,2026-06-30T23:08:04.712085+00:00,72.3,200,bid,YieldingYams,WavyWalnuts,1262979
2026-06-30T23:08:05.002202,2026-06-30T23:08:05.014503+00:00,72.3,12,ask,YieldingYams,Xuanyu Liu,1262989
2026-06-30T23:08:06.033339,2026-06-30T23:08:06.039547+00:00,72.3,200,bid,WavyWalnuts,YieldingYams,1263004
2026-06-30T23:08:07.239743,2026-06-30T23:08:07.248972+00:00,72.3,200,bid,WavyWalnuts,YieldingYams,1263020
2026-06-30T23:08:11.246400,2026-06-30T23:08:11.252400+00:00,72.4,200,bid,YieldingYams,WavyWalnuts,1263079
2026-06-30T23:08:12.073168,2026-06-30T23:08:12.084097+00:00,72.4,200,ask,YieldingYams,WavyWalnuts,1263091
2026-06-30T23:08:16.496056,2026-06-30T23:08:16.506729+00:00,72.3,12,bid,Xuanyu Liu,YieldingYams,1263137
2026-06-30T23:08:16.782029,2026-06-30T23:08:16.783623+00:00,72.3,10,bid,Zijun Feng,YieldingYams,1263142
2026-06-30T23:08:17.792341,2026-06-30T23:08:17.800825+00:00,72.2,500,ask,AverageAlmonds,YieldingYams,1263158
2026-06-30T23:08:18.058499,2026-06-30T23:08:18.067474+00:00,72.2,125,bid,AverageAlmonds,YieldingYams,1263160
2026-06-30T23:08:19.098621,2026-06-30T23:08:19.103960+00:00,72.3,200,bid,YieldingYams,WavyWalnuts,1263181
2026-06-30T23:08:19.328223,2026-06-30T23:08:19.330860+00:00,72.3,200,ask,YieldingYams,WavyWalnuts,1263183
2026-06-30T23:08:20.310581,2026-06-30T23:08:20.316022+00:00,72.5,35,bid,Andy Garg,YieldingYams,1263196
2026-06-30T23:08:20.522020,2026-06-30T23:08:20.531697+00:00,72.5,30,bid,Andy Garg,YieldingYams,1263200
2026-06-30T23:08:20.684021,2026-06-30T23:08:20.685785+00:00,72.5,35,bid,Andy Garg,YieldingYams,1263209
2026-06-30T23:08:21.744164,2026-06-30T23:08:21.750561+00:00,72.5,200,bid,WavyWalnuts,YieldingYams,1263220
2026-06-30T23:08:22.951526,2026-06-30T23:08:22.958594+00:00,72.5,200,bid,WavyWalnuts,YieldingYams,1263236
2026-06-30T23:08:23.368091,2026-06-30T23:08:23.369806+00:00,72.7,10,bid,Zijun Feng,WavyWalnuts,1263245
2026-06-30T23:08:23.814222,2026-06-30T23:08:23.823587+00:00,72.5,35,ask,YieldingYams,Andy Garg,1263250
2026-06-30T23:08:23.974112,2026-06-30T23:08:23.978014+00:00,72.5,30,ask,YieldingYams,Andy Garg,1263254
2026-06-30T23:08:24.134060,2026-06-30T23:08:24.143427+00:00,72.5,35,ask,YieldingYams,Andy Garg,1263257
2026-06-30T23:08:24.160992,2026-06-30T23:08:24.164270+00:00,72.5,200,ask,YieldingYams,WavyWalnuts,1263262
2026-06-30T23:08:24.362228,2026-06-30T23:08:24.371403+00:00,72.4,14,bid,Xuanyu Liu,YieldingYams,1263266
2026-06-30T23:08:25.396225,2026-06-30T23:08:25.398168+00:00,72.4,10,bid,Zijun Feng,YieldingYams,1263284
2026-06-30T23:08:26.579289,2026-06-30T23:08:26.580805+00:00,72.3,200,ask,AverageAlmonds,WavyWalnuts,1263297
2026-06-30T23:08:27.428754,2026-06-30T23:08:27.435830+00:00,72.5,10,bid,Zijun Feng,YieldingYams,1263322
2026-06-30T23:08:27.566713,2026-06-30T23:08:27.569432+00:00,72.5,5,bid,Andy Garg,YieldingYams,1263324
2026-06-30T23:08:27.796390,2026-06-30T23:08:27.806224+00:00,72.3,200,ask,YieldingYams,WavyWalnuts,1263327
2026-06-30T23:08:29.005857,2026-06-30T23:08:29.017225+00:00,72.4,200,ask,YieldingYams,WavyWalnuts,1263347
2026-06-30T23:08:29.591974,2026-06-30T23:08:29.602219+00:00,72.4,15,bid,Andy Garg,YieldingYams,1263362
2026-06-30T23:08:30.251122,2026-06-30T23:08:30.260013+00:00,72.4,3,bid,Xuanyu Liu,YieldingYams,1263371
2026-06-30T23:08:30.778530,2026-06-30T23:08:30.785456+00:00,72.3,20,ask,WavyWalnuts,BrilliantBurritos,1263379
2026-06-30T23:08:33.520233,2026-06-30T23:08:33.524067+00:00,72.5,10,bid,Zijun Feng,WavyWalnuts,1263418
2026-06-30T23:08:34.443007,2026-06-30T23:08:34.445372+00:00,72.5,40,bid,Andy Garg,YieldingYams,1263440
2026-06-30T23:08:34.502564,2026-06-30T23:08:34.506887+00:00,72.5,20,bid,Andy Garg,YieldingYams,1263442
2026-06-30T23:08:35.127244,2026-06-30T23:08:35.131758+00:00,72.4,200,ask,YieldingYams,WavyWalnuts,1263455
2026-06-30T23:08:36.236043,2026-06-30T23:08:36.246260+00:00,72.5,500,ask,YieldingYams,AverageAlmonds,1263467
2026-06-30T23:08:36.336939,2026-06-30T23:08:36.338559+00:00,72.5,125,ask,YieldingYams,WavyWalnuts,1263470
2026-06-30T23:08:36.376297,2026-06-30T23:08:36.379967+00:00,72.4,20,bid,Andy Garg,WavyWalnuts,1263475
2026-06-30T23:08:37.463647,2026-06-30T23:08:37.472153+00:00,72.3,3,ask,YieldingYams,Xuanyu Liu,1263494
2026-06-30T23:08:37.800741,2026-06-30T23:08:37.810644+00:00,72.3,35,ask,YieldingYams,Andy Garg,1263503
2026-06-30T23:08:37.961734,2026-06-30T23:08:37.964174+00:00,72.3,40,ask,YieldingYams,Andy Garg,1263508
2026-06-30T23:08:38.131244,2026-06-30T23:08:38.138573+00:00,72.3,25,ask,YieldingYams,Andy Garg,1263516
2026-06-30T23:08:41.213527,2026-06-30T23:08:41.225240+00:00,72.5,25,bid,Andy Garg,YieldingYams,1263558
2026-06-30T23:08:41.377450,2026-06-30T23:08:41.379731+00:00,72.5,500,bid,YieldingYams,AverageAlmonds,1263565
2026-06-30T23:08:41.377450,2026-06-30T23:08:41.390046+00:00,72.5,125,bid,YieldingYams,WavyWalnuts,1263566
2026-06-30T23:08:41.424630,2026-06-30T23:08:41.431101+00:00,72.5,30,bid,Andy Garg,WavyWalnuts,1263567
2026-06-30T23:08:41.535314,2026-06-30T23:08:41.544832+00:00,72.5,35,bid,Andy Garg,WavyWalnuts,1263571
2026-06-30T23:08:42.689075,2026-06-30T23:08:42.695135+00:00,72.4,200,ask,WavyWalnuts,YieldingYams,1263586
2026-06-30T23:08:42.703244,2026-06-30T23:08:42.705462+00:00,72.4,10,bid,Andy Garg,YieldingYams,1263587
2026-06-30T23:08:43.597849,2026-06-30T23:08:43.609530+00:00,72.4,200,bid,WavyWalnuts,YieldingYams,1263608
2026-06-30T23:08:43.632213,2026-06-30T23:08:43.640311+00:00,72.4,10,bid,Zijun Feng,YieldingYams,1263609
2026-06-30T23:08:44.782078,2026-06-30T23:08:44.788207+00:00,72.4,25,ask,YieldingYams,Andy Garg,1263621
2026-06-30T23:08:44.895711,2026-06-30T23:08:44.902068+00:00,72.4,30,ask,YieldingYams,Andy Garg,1263625
2026-06-30T23:08:45.059708,2026-06-30T23:08:45.066373+00:00,72.4,45,ask,YieldingYams,Andy Garg,1263631
2026-06-30T23:08:45.303152,2026-06-30T23:08:45.312454+00:00,72.5,500,bid,YieldingYams,AverageAlmonds,1263637
2026-06-30T23:08:45.303152,2026-06-30T23:08:45.312454+00:00,72.5,125,bid,YieldingYams,WavyWalnuts,1263638
2026-06-30T23:08:46.615095,2026-06-30T23:08:46.635124+00:00,72.3,200,ask,WavyWalnuts,YieldingYams,1263661
2026-06-30T23:08:46.626264,2026-06-30T23:08:46.635124+00:00,72.3,3,bid,Xuanyu Liu,YieldingYams,1263662
2026-06-30T23:08:47.232871,2026-06-30T23:08:47.243566+00:00,72.2,11,bid,Xuanyu Liu,WavyWalnuts,1263671
2026-06-30T23:08:47.235775,2026-06-30T23:08:47.243566+00:00,72.2,5,bid,Andy Garg,WavyWalnuts,1263672
2026-06-30T23:08:47.924104,2026-06-30T23:08:47.931380+00:00,72.2,184,bid,YieldingYams,WavyWalnuts,1263688
2026-06-30T23:08:48.253426,2026-06-30T23:08:48.259521+00:00,72.6,25,bid,Andy Garg,AverageAlmonds,1263697
2026-06-30T23:08:48.415705,2026-06-30T23:08:48.424002+00:00,72.6,20,bid,Andy Garg,YieldingYams,1263703
2026-06-30T23:08:48.429355,2026-06-30T23:08:48.434359+00:00,72.4,200,ask,YieldingYams,WavyWalnuts,1263706
2026-06-30T23:08:48.588691,2026-06-30T23:08:48.598774+00:00,72.6,20,bid,Andy Garg,YieldingYams,1263714
2026-06-30T23:08:48.653417,2026-06-30T23:08:48.660084+00:00,72.4,20,ask,YieldingYams,BrilliantBurritos,1263716
2026-06-30T23:08:49.252680,2026-06-30T23:08:49.255550+00:00,72.5,10,bid,Andy Garg,YieldingYams,1263724
2026-06-30T23:08:50.539160,2026-06-30T23:08:50.548969+00:00,72.5,200,bid,YieldingYams,WavyWalnuts,1263751
2026-06-30T23:08:50.844349,2026-06-30T23:08:50.846457+00:00,72.5,200,ask,YieldingYams,WavyWalnuts,1263757
2026-06-30T23:08:51.734052,2026-06-30T23:08:51.738824+00:00,72.5,25,ask,YieldingYams,Andy Garg,1263766
2026-06-30T23:08:52.449163,2026-06-30T23:08:52.457878+00:00,72.3,11,ask,WavyWalnuts,Xuanyu Liu,1263784
2026-06-30T23:08:53.160386,2026-06-30T23:08:53.164766+00:00,72.3,189,ask,WavyWalnuts,YieldingYams,1263791
2026-06-30T23:08:53.302209,2026-06-30T23:08:53.308873+00:00,72.2,5,bid,Andy Garg,WavyWalnuts,1263796
2026-06-30T23:08:54.477199,2026-06-30T23:08:54.488283+00:00,72.3,200,bid,YieldingYams,WavyWalnuts,1263810
2026-06-30T23:08:55.750275,2026-06-30T23:08:55.760733+00:00,72.4,20,bid,BrilliantBurritos,WavyWalnuts,1263835
2026-06-30T23:08:55.827972,2026-06-30T23:08:55.832389+00:00,72.3,10,bid,Andy Garg,YieldingYams,1263836
2026-06-30T23:08:55.905304,2026-06-30T23:08:55.914370+00:00,72.2,3,ask,WavyWalnuts,Xuanyu Liu,1263838
2026-06-30T23:08:58.096772,2026-06-30T23:08:58.104261+00:00,72.4,200,bid,WavyWalnuts,YieldingYams,1263876
2026-06-30T23:08:58.414551,2026-06-30T23:08:58.423841+00:00,72.4,3,ask,YieldingYams,Xuanyu Liu,1263883
2026-06-30T23:08:59.266579,2026-06-30T23:08:59.279346+00:00,72.5,20,bid,BrilliantBurritos,WavyWalnuts,1263900
2026-06-30T23:08:59.289753,2026-06-30T23:08:59.300121+00:00,72.4,10,ask,YieldingYams,Zijun Feng,1263901
2026-06-30T23:08:59.305670,2026-06-30T23:08:59.310511+00:00,72.4,200,ask,YieldingYams,WavyWalnuts,1263903
2026-06-30T23:09:03.333833,2026-06-30T23:09:03.340744+00:00,72.3,10,ask,YieldingYams,Zijun Feng,1263960
2026-06-30T23:09:07.624388,2026-06-30T23:09:07.626307+00:00,72.2,10,bid,Andy Garg,YieldingYams,1264023
2026-06-30T23:09:07.765471,2026-06-30T23:09:07.770446+00:00,72.2,200,bid,WavyWalnuts,YieldingYams,1264026
2026-06-30T23:09:09.483748,2026-06-30T23:09:09.490414+00:00,72.2,10,ask,YieldingYams,Zijun Feng,1264060
2026-06-30T23:09:10.223541,2026-06-30T23:09:10.228030+00:00,72.2,200,bid,YieldingYams,WavyWalnuts,1264068
2026-06-30T23:09:10.397390,2026-06-30T23:09:10.402037+00:00,72.3,20,bid,BrilliantBurritos,YieldingYams,1264069
2026-06-30T23:09:11.429696,2026-06-30T23:09:11.436598+00:00,72.2,200,ask,YieldingYams,WavyWalnuts,1264084
2026-06-30T23:09:12.635975,2026-06-30T23:09:12.644839+00:00,72.1,200,bid,WavyWalnuts,YieldingYams,1264097
2026-06-30T23:09:13.220641,2026-06-30T23:09:13.229803+00:00,72.1,20,ask,AverageAlmonds,Andy Garg,1264109
2026-06-30T23:09:13.846404,2026-06-30T23:09:13.855105+00:00,72.1,200,ask,AverageAlmonds,WavyWalnuts,1264120
2026-06-30T23:09:14.048211,2026-06-30T23:09:14.050058+00:00,72.1,10,ask,AverageAlmonds,Zijun Feng,1264125
2026-06-30T23:09:14.615749,2026-06-30T23:09:14.625148+00:00,72.1,23,ask,YieldingYams,Xuanyu Liu,1264136
2026-06-30T23:09:15.050595,2026-06-30T23:09:15.056484+00:00,72.2,200,bid,WavyWalnuts,YieldingYams,1264139
2026-06-30T23:09:15.068021,2026-06-30T23:09:15.077296+00:00,72.1,10,ask,YieldingYams,Zijun Feng,1264141
2026-06-30T23:09:15.468669,2026-06-30T23:09:15.477766+00:00,72.2,11,ask,YieldingYams,Xuanyu Liu,1264149
2026-06-30T23:09:15.497509,2026-06-30T23:09:15.508927+00:00,72.2,60,ask,YieldingYams,Andy Garg,1264152
2026-06-30T23:09:16.084846,2026-06-30T23:09:16.096116+00:00,72.2,10,ask,YieldingYams,Zijun Feng,1264167
2026-06-30T23:09:18.671820,2026-06-30T23:09:18.679605+00:00,72.3,200,bid,WavyWalnuts,YieldingYams,1264208
2026-06-30T23:09:19.389003,2026-06-30T23:09:19.397525+00:00,72.2,11,bid,Xuanyu Liu,YieldingYams,1264216
2026-06-30T23:09:19.796135,2026-06-30T23:09:19.807493+00:00,72.2,20,bid,Andy Garg,YieldingYams,1264227
2026-06-30T23:09:19.849736,2026-06-30T23:09:19.859228+00:00,72.1,20,ask,YieldingYams,BrilliantBurritos,1264229
2026-06-30T23:09:19.882515,2026-06-30T23:09:19.890426+00:00,72.2,200,bid,WavyWalnuts,YieldingYams,1264235
2026-06-30T23:09:19.908075,2026-06-30T23:09:19.911204+00:00,72.2,15,bid,Andy Garg,YieldingYams,1264236
2026-06-30T23:09:20.069776,2026-06-30T23:09:20.074794+00:00,72.1,20,ask,YieldingYams,Andy Garg,1264239
2026-06-30T23:09:20.140577,2026-06-30T23:09:20.146681+00:00,72.2,10,bid,Zijun Feng,YieldingYams,1264242
2026-06-30T23:09:20.886627,2026-06-30T23:09:20.895583+00:00,72.4,12,bid,Xuanyu Liu,YieldingYams,1264252
2026-06-30T23:09:21.092567,2026-06-30T23:09:21.101282+00:00,72.4,200,bid,WavyWalnuts,YieldingYams,1264259
2026-06-30T23:09:21.160425,2026-06-30T23:09:21.162801+00:00,72.4,10,bid,Zijun Feng,YieldingYams,1264261
2026-06-30T23:09:22.540112,2026-06-30T23:09:22.545990+00:00,72.5,20,bid,BrilliantBurritos,YieldingYams,1264272
2026-06-30T23:09:22.883269,2026-06-30T23:09:22.894504+00:00,72.4,200,ask,WavyWalnuts,AverageAlmonds,1264278
