timestamp,recv_time,price,volume,aggressor_side,buyer,seller,trade_id
2026-07-05T07:00:00.147180,2026-07-05T07:00:00.093902+00:00,141.4,200,ask,AverageAlmonds,WavyWalnuts,8005203
2026-07-05T07:00:00.708084,2026-07-05T07:00:00.720324+00:00,141.5,20,ask,AverageAlmonds,BrilliantBurritos,8005215
2026-07-05T07:00:01.247181,2026-07-05T07:00:01.252522+00:00,141.7,12,bid,Xuanyu Liu,YieldingYams,8005226
2026-07-05T07:00:01.358251,2026-07-05T07:00:01.369669+00:00,141.5,200,ask,YieldingYams,WavyWalnuts,8005228
2026-07-05T07:00:02.587500,2026-07-05T07:00:02.592485+00:00,141.6,11,bid,Xuanyu Liu,WavyWalnuts,8005244
2026-07-05T07:00:03.116111,2026-07-05T07:00:03.127889+00:00,141.5,20,ask,YieldingYams,BrilliantBurritos,8005256
2026-07-05T07:00:03.176300,2026-07-05T07:00:03.188428+00:00,141.5,2,ask,YieldingYams,Harold Schneider,8005257
2026-07-05T07:00:03.780091,2026-07-05T07:00:03.790016+00:00,141.4,200,ask,YieldingYams,WavyWalnuts,8005273
2026-07-05T07:00:08.195730,2026-07-05T07:00:08.207594+00:00,141.4,2,ask,WavyWalnuts,Harold Schneider,8005328
2026-07-05T07:00:13.214218,2026-07-05T07:00:13.226127+00:00,141.7,2,ask,YieldingYams,Harold Schneider,8005399
2026-07-05T07:00:15.896845,2026-07-05T07:00:15.906884+00:00,141.7,200,ask,YieldingYams,WavyWalnuts,8005425
2026-07-05T07:00:18.128490,2026-07-05T07:00:18.138382+00:00,141.7,200,bid,YieldingYams,WavyWalnuts,8005464
2026-07-05T07:00:18.232775,2026-07-05T07:00:18.245063+00:00,141.7,2,ask,YieldingYams,Harold Schneider,8005465
2026-07-05T07:00:22.097875,2026-07-05T07:00:22.106842+00:00,141.8,200,bid,YieldingYams,WavyWalnuts,8005523
2026-07-05T07:00:22.280778,2026-07-05T07:00:22.292802+00:00,141.8,20,ask,YieldingYams,BrilliantBurritos,8005525
2026-07-05T07:00:24.478066,2026-07-05T07:00:24.482414+00:00,141.7,11,ask,YieldingYams,Xuanyu Liu,8005563
2026-07-05T07:00:24.749779,2026-07-05T07:00:24.754089+00:00,141.8,12,ask,YieldingYams,Xuanyu Liu,8005570
2026-07-05T07:00:25.010441,2026-07-05T07:00:25.022750+00:00,141.8,20,ask,YieldingYams,BrilliantBurritos,8005573
2026-07-05T07:00:25.580073,2026-07-05T07:00:25.590528+00:00,141.8,200,ask,YieldingYams,WavyWalnuts,8005583
2026-07-05T07:00:27.377476,2026-07-05T07:00:27.381646+00:00,141.8,11,ask,YieldingYams,Xuanyu Liu,8005608
2026-07-05T07:00:27.526857,2026-07-05T07:00:27.535550+00:00,141.8,500,ask,YieldingYams,AverageAlmonds,8005611
2026-07-05T07:00:28.116387,2026-07-05T07:00:28.124667+00:00,141.8,114,ask,YieldingYams,AverageAlmonds,8005622
2026-07-05T07:00:28.116387,2026-07-05T07:00:28.130203+00:00,141.7,200,ask,WavyWalnuts,AverageAlmonds,8005623
2026-07-05T07:00:28.619213,2026-07-05T07:00:28.631563+00:00,141.7,20,bid,BrilliantBurritos,AverageAlmonds,8005638
2026-07-05T07:00:29.932366,2026-07-05T07:00:29.956891+00:00,141.5,200,ask,WavyWalnuts,AverageAlmonds,8005657
2026-07-05T07:00:29.951659,2026-07-05T07:00:29.956891+00:00,141.5,11,bid,Xuanyu Liu,AverageAlmonds,8005659
2026-07-05T07:00:30.831756,2026-07-05T07:00:30.836002+00:00,141.3,22,ask,YieldingYams,Xuanyu Liu,8005680
2026-07-05T07:00:31.319173,2026-07-05T07:00:31.323516+00:00,141.4,12,ask,YieldingYams,Xuanyu Liu,8005686
2026-07-05T07:00:31.533508,2026-07-05T07:00:31.545589+00:00,141.5,20,bid,BrilliantBurritos,WavyWalnuts,8005690
2026-07-05T07:00:31.770891,2026-07-05T07:00:31.780539+00:00,141.4,500,ask,YieldingYams,AverageAlmonds,8005696
2026-07-05T07:00:32.366016,2026-07-05T07:00:32.374802+00:00,141.4,113,ask,YieldingYams,AverageAlmonds,8005702
2026-07-05T07:00:32.618575,2026-07-05T07:00:32.626958+00:00,141.3,200,ask,WavyWalnuts,YieldingYams,8005707
2026-07-05T07:00:32.829843,2026-07-05T07:00:32.839203+00:00,141.3,200,bid,WavyWalnuts,YieldingYams,8005713
2026-07-05T07:00:33.811392,2026-07-05T07:00:33.819963+00:00,141.0,20,ask,YieldingYams,BrilliantBurritos,8005723
2026-07-05T07:00:33.934362,2026-07-05T07:00:33.941630+00:00,141.4,500,bid,YieldingYams,AverageAlmonds,8005727
2026-07-05T07:00:34.175500,2026-07-05T07:00:34.183801+00:00,141.4,125,ask,YieldingYams,AverageAlmonds,8005733
2026-07-05T07:00:34.175500,2026-07-05T07:00:34.189315+00:00,141.3,200,ask,WavyWalnuts,AverageAlmonds,8005734
2026-07-05T07:00:36.456404,2026-07-05T07:00:36.463987+00:00,141.3,200,bid,WavyWalnuts,YieldingYams,8005780
2026-07-05T07:00:37.866825,2026-07-05T07:00:37.874283+00:00,141.3,200,bid,YieldingYams,WavyWalnuts,8005810
2026-07-05T07:00:37.866825,2026-07-05T07:00:37.879259+00:00,141.3,425,bid,YieldingYams,AverageAlmonds,8005811
2026-07-05T07:00:40.092982,2026-07-05T07:00:40.099921+00:00,141.4,200,bid,WavyWalnuts,YieldingYams,8005839
2026-07-05T07:00:43.506765,2026-07-05T07:00:43.511595+00:00,141.4,46,bid,Xuanyu Liu,WavyWalnuts,8005884
2026-07-05T07:00:45.917795,2026-07-05T07:00:45.926256+00:00,141.3,20,ask,YieldingYams,BrilliantBurritos,8005913
2026-07-05T07:00:49.396273,2026-07-05T07:00:49.416139+00:00,141.4,20,ask,YieldingYams,BrilliantBurritos,8005960
2026-07-05T07:00:49.785107,2026-07-05T07:00:49.793674+00:00,141.5,200,bid,WavyWalnuts,YieldingYams,8005970
2026-07-05T07:00:50.995724,2026-07-05T07:00:51.002958+00:00,141.5,200,ask,YieldingYams,WavyWalnuts,8005992
2026-07-05T07:00:52.209638,2026-07-05T07:00:52.218934+00:00,141.5,200,ask,YieldingYams,WavyWalnuts,8006017
2026-07-05T07:00:54.593538,2026-07-05T07:00:54.605858+00:00,141.3,20,ask,WavyWalnuts,BrilliantBurritos,8006053
2026-07-05T07:00:54.626505,2026-07-05T07:00:54.628830+00:00,141.4,200,bid,WavyWalnuts,YieldingYams,8006054
2026-07-05T07:00:56.051344,2026-07-05T07:00:56.057931+00:00,141.5,20,bid,BrilliantBurritos,YieldingYams,8006072
2026-07-05T07:00:59.885147,2026-07-05T07:00:59.896573+00:00,141.3,20,ask,YieldingYams,BrilliantBurritos,8006126
2026-07-05T07:01:02.833181,2026-07-05T07:01:02.837648+00:00,141.3,11,bid,Xuanyu Liu,YieldingYams,8006163
2026-07-05T07:01:03.099776,2026-07-05T07:01:03.106727+00:00,141.3,200,bid,WavyWalnuts,YieldingYams,8006168
2026-07-05T07:01:04.313303,2026-07-05T07:01:04.323631+00:00,141.3,200,ask,YieldingYams,WavyWalnuts,8006186
2026-07-05T07:01:05.476970,2026-07-05T07:01:05.482101+00:00,141.2,23,bid,Xuanyu Liu,YieldingYams,8006203
2026-07-05T07:01:05.519836,2026-07-05T07:01:05.530837+00:00,141.2,200,bid,WavyWalnuts,YieldingYams,8006204
2026-07-05T07:01:08.844522,2026-07-05T07:01:08.849140+00:00,141.3,3,bid,Xuanyu Liu,WavyWalnuts,8006269
2026-07-05T07:01:12.187962,2026-07-05T07:01:12.200261+00:00,140.9,20,ask,WavyWalnuts,BrilliantBurritos,8006328
2026-07-05T07:01:16.413303,2026-07-05T07:01:16.424051+00:00,141.1,200,ask,YieldingYams,WavyWalnuts,8006401
2026-07-05T07:01:18.833041,2026-07-05T07:01:18.843875+00:00,141.0,200,ask,YieldingYams,WavyWalnuts,8006432
2026-07-05T07:01:21.249398,2026-07-05T07:01:21.253780+00:00,141.0,3,ask,YieldingYams,Xuanyu Liu,8006480
2026-07-05T07:01:22.468868,2026-07-05T07:01:22.479444+00:00,141.0,200,ask,YieldingYams,WavyWalnuts,8006502
2026-07-05T07:01:27.809596,2026-07-05T07:01:27.817193+00:00,141.4,500,bid,YieldingYams,AverageAlmonds,8006570
2026-07-05T07:01:28.518513,2026-07-05T07:01:28.528377+00:00,141.4,125,ask,YieldingYams,WavyWalnuts,8006581
2026-07-05T07:01:31.762333,2026-07-05T07:01:31.769236+00:00,141.1,200,bid,YieldingYams,WavyWalnuts,8006626
2026-07-05T07:01:33.504615,2026-07-05T07:01:33.514635+00:00,141.1,500,ask,YieldingYams,AverageAlmonds,8006647
2026-07-05T07:01:34.095774,2026-07-05T07:01:34.107220+00:00,141.1,125,ask,YieldingYams,AverageAlmonds,8006659
2026-07-05T07:01:34.095774,2026-07-05T07:01:34.107220+00:00,141.1,200,ask,WavyWalnuts,AverageAlmonds,8006660
2026-07-05T07:01:34.560920,2026-07-05T07:01:34.570439+00:00,141.0,175,bid,WavyWalnuts,AverageAlmonds,8006668
2026-07-05T07:01:34.560920,2026-07-05T07:01:34.570439+00:00,141.0,25,bid,WavyWalnuts,YieldingYams,8006669
2026-07-05T07:01:35.701910,2026-07-05T07:01:35.710318+00:00,141.0,500,bid,YieldingYams,AverageAlmonds,8006676
2026-07-05T07:01:37.025257,2026-07-05T07:01:37.035496+00:00,141.0,200,ask,WavyWalnuts,YieldingYams,8006696
2026-07-05T07:01:37.042156,2026-07-05T07:01:37.046555+00:00,140.9,3,bid,Xuanyu Liu,YieldingYams,8006698
2026-07-05T07:01:42.315322,2026-07-05T07:01:42.324025+00:00,141.1,200,bid,YieldingYams,WavyWalnuts,8006764
2026-07-05T07:01:42.315322,2026-07-05T07:01:42.324025+00:00,141.2,425,bid,YieldingYams,AverageAlmonds,8006765
2026-07-05T07:01:52.746474,2026-07-05T07:01:52.758583+00:00,140.5,200,ask,YieldingYams,WavyWalnuts,8006922
2026-07-05T07:01:54.147956,2026-07-05T07:01:54.157547+00:00,140.5,200,bid,YieldingYams,WavyWalnuts,8006941
2026-07-05T07:01:55.467103,2026-07-05T07:01:55.475369+00:00,140.4,200,ask,WavyWalnuts,YieldingYams,8006960
2026-07-05T07:01:57.595409,2026-07-05T07:01:57.607305+00:00,140.5,200,bid,WavyWalnuts,YieldingYams,8006993
2026-07-05T07:01:58.055809,2026-07-05T07:01:58.063886+00:00,140.5,20,bid,BrilliantBurritos,YieldingYams,8006995
2026-07-05T07:02:00.744843,2026-07-05T07:02:00.764015+00:00,140.5,200,ask,WavyWalnuts,YieldingYams,8007025
2026-07-05T07:02:01.231800,2026-07-05T07:02:01.240531+00:00,140.5,200,bid,WavyWalnuts,YieldingYams,8007030
2026-07-05T07:02:05.186357,2026-07-05T07:02:05.198162+00:00,140.6,20,bid,BrilliantBurritos,WavyWalnuts,8007091
2026-07-05T07:02:12.855802,2026-07-05T07:02:12.860155+00:00,140.7,3,ask,AverageAlmonds,Xuanyu Liu,8007189
2026-07-05T07:02:13.890747,2026-07-05T07:02:13.898044+00:00,140.8,200,bid,YieldingYams,WavyWalnuts,8007207
2026-07-05T07:02:13.910148,2026-07-05T07:02:13.915055+00:00,140.8,11,ask,YieldingYams,Xuanyu Liu,8007210
2026-07-05T07:02:14.605606,2026-07-05T07:02:14.609613+00:00,141.0,23,ask,WavyWalnuts,Xuanyu Liu,8007223
2026-07-05T07:02:15.211362,2026-07-05T07:02:15.222657+00:00,141.0,177,ask,WavyWalnuts,YieldingYams,8007229
2026-07-05T07:02:15.364176,2026-07-05T07:02:15.368389+00:00,140.9,11,bid,Xuanyu Liu,YieldingYams,8007234
2026-07-05T07:02:17.007554,2026-07-05T07:02:17.018432+00:00,140.8,200,ask,YieldingYams,WavyWalnuts,8007264
2026-07-05T07:02:17.128097,2026-07-05T07:02:17.140675+00:00,140.8,20,ask,YieldingYams,BrilliantBurritos,8007266
2026-07-05T07:02:19.154337,2026-07-05T07:02:19.154590+00:00,140.8,200,ask,WavyWalnuts,YieldingYams,8007293
2026-07-05T07:02:19.154337,2026-07-05T07:02:19.154590+00:00,140.8,425,ask,AverageAlmonds,YieldingYams,8007294
2026-07-05T07:02:20.976806,2026-07-05T07:02:20.983833+00:00,140.9,20,bid,BrilliantBurritos,WavyWalnuts,8007325
2026-07-05T07:02:21.777989,2026-07-05T07:02:21.785032+00:00,140.9,180,bid,YieldingYams,WavyWalnuts,8007335
2026-07-05T07:02:21.839582,2026-07-05T07:02:21.847378+00:00,140.9,200,ask,YieldingYams,WavyWalnuts,8007337
2026-07-05T07:02:25.542330,2026-07-05T07:02:25.558537+00:00,140.8,20,ask,YieldingYams,BrilliantBurritos,8007378
2026-07-05T07:02:26.679618,2026-07-05T07:02:26.690291+00:00,140.9,200,ask,AverageAlmonds,WavyWalnuts,8007399
2026-07-05T07:02:26.775181,2026-07-05T07:02:26.784385+00:00,141.0,500,bid,AverageAlmonds,YieldingYams,8007402
2026-07-05T07:02:33.157918,2026-07-05T07:02:33.162826+00:00,141.1,12,bid,Xuanyu Liu,YieldingYams,8007496
2026-07-05T07:02:33.228853,2026-07-05T07:02:33.236429+00:00,141.0,20,ask,AverageAlmonds,BrilliantBurritos,8007498
2026-07-05T07:02:35.158180,2026-07-05T07:02:35.170185+00:00,141.1,200,ask,YieldingYams,WavyWalnuts,8007533
2026-07-05T07:02:40.002260,2026-07-05T07:02:40.013878+00:00,141.0,200,ask,YieldingYams,WavyWalnuts,8007599
2026-07-05T07:02:42.425969,2026-07-05T07:02:42.437784+00:00,141.1,200,bid,WavyWalnuts,YieldingYams,8007624
2026-07-05T07:02:44.128158,2026-07-05T07:02:44.139107+00:00,140.9,200,ask,WavyWalnuts,YieldingYams,8007645
2026-07-05T07:02:46.765394,2026-07-05T07:02:46.774420+00:00,140.9,200,ask,WavyWalnuts,YieldingYams,8007684
2026-07-05T07:02:47.264014,2026-07-05T07:02:47.273246+00:00,140.9,200,bid,WavyWalnuts,YieldingYams,8007688
2026-07-05T07:02:47.627523,2026-07-05T07:02:47.639784+00:00,140.9,20,bid,BrilliantBurritos,YieldingYams,8007692
2026-07-05T07:02:49.419504,2026-07-05T07:02:49.424478+00:00,141.0,12,ask,YieldingYams,Xuanyu Liu,8007718
2026-07-05T07:02:50.559504,2026-07-05T07:02:50.571687+00:00,141.0,20,ask,YieldingYams,BrilliantBurritos,8007739
2026-07-05T07:02:52.107732,2026-07-05T07:02:52.118271+00:00,141.0,200,ask,YieldingYams,WavyWalnuts,8007761
2026-07-05T07:02:52.185132,2026-07-05T07:02:52.194340+00:00,141.0,425,ask,YieldingYams,AverageAlmonds,8007762
2026-07-05T07:02:57.794948,2026-07-05T07:02:57.806874+00:00,140.8,20,ask,YieldingYams,BrilliantBurritos,8007839
2026-07-05T07:02:58.777619,2026-07-05T07:02:58.785797+00:00,140.7,20,ask,WavyWalnuts,BrilliantBurritos,8007855
2026-07-05T07:02:59.943626,2026-07-05T07:02:59.948112+00:00,140.9,11,ask,YieldingYams,Xuanyu Liu,8007874
2026-07-05T07:03:01.814283,2026-07-05T07:03:01.818574+00:00,140.7,11,bid,Xuanyu Liu,WavyWalnuts,8007897
2026-07-05T07:03:03.690538,2026-07-05T07:03:03.700215+00:00,140.7,200,bid,AverageAlmonds,WavyWalnuts,8007917
2026-07-05T07:03:03.730689,2026-07-05T07:03:03.738425+00:00,140.7,20,ask,AverageAlmonds,BrilliantBurritos,8007919
2026-07-05T07:03:04.899429,2026-07-05T07:03:04.908411+00:00,140.8,500,bid,AverageAlmonds,YieldingYams,8007940
2026-07-05T07:03:05.242023,2026-07-05T07:03:05.249507+00:00,140.8,200,bid,YieldingYams,WavyWalnuts,8007948
2026-07-05T07:03:05.266535,2026-07-05T07:03:05.270636+00:00,141.0,11,ask,YieldingYams,Xuanyu Liu,8007950
2026-07-05T07:03:05.421505,2026-07-05T07:03:05.433002+00:00,141.0,200,ask,YieldingYams,WavyWalnuts,8007954
2026-07-05T07:03:05.457902,2026-07-05T07:03:05.470115+00:00,141.2,20,bid,BrilliantBurritos,YieldingYams,8007955
2026-07-05T07:03:06.068073,2026-07-05T07:03:06.072122+00:00,141.2,23,bid,Xuanyu Liu,YieldingYams,8007963
2026-07-05T07:03:06.581936,2026-07-05T07:03:06.586346+00:00,141.0,14,bid,Xuanyu Liu,YieldingYams,8007973
2026-07-05T07:03:10.498719,2026-07-05T07:03:10.517907+00:00,141.0,200,bid,YieldingYams,WavyWalnuts,8008029
2026-07-05T07:03:10.513615,2026-07-05T07:03:10.517907+00:00,141.0,3,ask,YieldingYams,Xuanyu Liu,8008031
2026-07-05T07:03:11.553966,2026-07-05T07:03:11.564853+00:00,141.0,422,ask,YieldingYams,AverageAlmonds,8008048
2026-07-05T07:03:11.891768,2026-07-05T07:03:11.899387+00:00,140.9,20,ask,YieldingYams,BrilliantBurritos,8008056
2026-07-05T07:03:12.763102,2026-07-05T07:03:12.774264+00:00,140.9,500,ask,YieldingYams,AverageAlmonds,8008064
2026-07-05T07:03:13.122286,2026-07-05T07:03:13.131051+00:00,140.8,200,ask,WavyWalnuts,YieldingYams,8008071
2026-07-05T07:03:13.887683,2026-07-05T07:03:13.896460+00:00,140.8,200,bid,WavyWalnuts,YieldingYams,8008086
2026-07-05T07:03:15.564732,2026-07-05T07:03:15.569080+00:00,140.7,23,ask,YieldingYams,Xuanyu Liu,8008110
2026-07-05T07:03:21.157141,2026-07-05T07:03:21.169285+00:00,140.8,200,bid,WavyWalnuts,YieldingYams,8008194
2026-07-05T07:03:23.575650,2026-07-05T07:03:23.583151+00:00,140.8,200,bid,WavyWalnuts,YieldingYams,8008235
2026-07-05T07:03:33.269507,2026-07-05T07:03:33.280509+00:00,140.6,200,ask,AverageAlmonds,WavyWalnuts,8008391
2026-07-05T07:03:35.986132,2026-07-05T07:03:35.998124+00:00,140.7,20,bid,BrilliantBurritos,YieldingYams,8008429
2026-07-05T07:03:37.743256,2026-07-05T07:03:37.746996+00:00,140.5,11,ask,WavyWalnuts,Xuanyu Liu,8008462
2026-07-05T07:03:38.814312,2026-07-05T07:03:38.823295+00:00,140.6,20,bid,BrilliantBurritos,YieldingYams,8008478
2026-07-05T07:03:40.545983,2026-07-05T07:03:40.550407+00:00,140.6,12,ask,WavyWalnuts,Xuanyu Liu,8008513
2026-07-05T07:03:41.742306,2026-07-05T07:03:41.749262+00:00,140.7,200,bid,WavyWalnuts,YieldingYams,8008539
2026-07-05T07:03:42.057587,2026-07-05T07:03:42.062283+00:00,140.7,11,ask,YieldingYams,Xuanyu Liu,8008543
2026-07-05T07:03:43.892457,2026-07-05T07:03:43.905208+00:00,140.8,20,bid,BrilliantBurritos,YieldingYams,8008568
2026-07-05T07:03:44.868436,2026-07-05T07:03:44.879662+00:00,140.8,20,bid,BrilliantBurritos,WavyWalnuts,8008590
2026-07-05T07:03:46.606232,2026-07-05T07:03:46.611152+00:00,140.8,11,ask,WavyWalnuts,Xuanyu Liu,8008607
2026-07-05T07:03:47.554851,2026-07-05T07:03:47.558616+00:00,140.8,20,ask,WavyWalnuts,BrilliantBurritos,8008621
2026-07-05T07:03:51.431824,2026-07-05T07:03:51.443887+00:00,140.7,200,ask,YieldingYams,WavyWalnuts,8008672
2026-07-05T07:03:53.862575,2026-07-05T07:03:53.869587+00:00,140.6,200,ask,WavyWalnuts,YieldingYams,8008700
2026-07-05T07:03:53.880610,2026-07-05T07:03:53.884807+00:00,140.6,22,bid,Xuanyu Liu,YieldingYams,8008702
2026-07-05T07:03:56.734849,2026-07-05T07:03:56.740182+00:00,140.5,22,ask,WavyWalnuts,Xuanyu Liu,8008750
2026-07-05T07:03:56.951669,2026-07-05T07:03:56.958564+00:00,140.6,500,bid,AverageAlmonds,YieldingYams,8008756
2026-07-05T07:03:57.544950,2026-07-05T07:03:57.548477+00:00,140.6,125,bid,AverageAlmonds,YieldingYams,8008765
2026-07-05T07:03:58.155984,2026-07-05T07:03:58.163011+00:00,140.7,200,bid,AverageAlmonds,WavyWalnuts,8008784
2026-07-05T07:03:58.697438,2026-07-05T07:03:58.706255+00:00,140.7,200,ask,AverageAlmonds,WavyWalnuts,8008791
2026-07-05T07:03:59.908794,2026-07-05T07:03:59.926562+00:00,140.8,200,ask,YieldingYams,WavyWalnuts,8008808
2026-07-05T07:04:01.170659,2026-07-05T07:04:01.180394+00:00,140.8,500,bid,AverageAlmonds,YieldingYams,8008826
2026-07-05T07:04:01.763310,2026-07-05T07:04:01.771186+00:00,140.9,200,bid,AverageAlmonds,WavyWalnuts,8008833
2026-07-05T07:04:01.763310,2026-07-05T07:04:01.776164+00:00,140.9,300,bid,AverageAlmonds,YieldingYams,8008834
2026-07-05T07:04:03.010931,2026-07-05T07:04:03.018877+00:00,140.9,325,bid,AverageAlmonds,YieldingYams,8008854
2026-07-05T07:04:03.010931,2026-07-05T07:04:03.024123+00:00,140.9,175,bid,AverageAlmonds,WavyWalnuts,8008855
2026-07-05T07:04:03.042676,2026-07-05T07:04:03.048476+00:00,140.9,25,bid,YieldingYams,WavyWalnuts,8008857
2026-07-05T07:04:03.070235,2026-07-05T07:04:03.074440+00:00,141.1,12,ask,YieldingYams,Xuanyu Liu,8008859
2026-07-05T07:04:03.531518,2026-07-05T07:04:03.541211+00:00,141.1,200,ask,YieldingYams,WavyWalnuts,8008867
2026-07-05T07:04:04.742042,2026-07-05T07:04:04.752690+00:00,140.9,200,ask,AverageAlmonds,WavyWalnuts,8008884
2026-07-05T07:04:06.164747,2026-07-05T07:04:06.168834+00:00,140.9,23,bid,Xuanyu Liu,YieldingYams,8008898
2026-07-05T07:04:06.629659,2026-07-05T07:04:06.658934+00:00,140.9,500,bid,AverageAlmonds,YieldingYams,8008905
2026-07-05T07:04:07.798963,2026-07-05T07:04:07.811135+00:00,141.1,20,bid,BrilliantBurritos,YieldingYams,8008921
2026-07-05T07:04:12.219770,2026-07-05T07:04:12.231294+00:00,140.9,200,ask,WavyWalnuts,YieldingYams,8008983
2026-07-05T07:04:12.219770,2026-07-05T07:04:12.231294+00:00,140.9,425,ask,AverageAlmonds,YieldingYams,8008984
2026-07-05T07:04:13.218772,2026-07-05T07:04:13.230734+00:00,140.9,200,ask,AverageAlmonds,WavyWalnuts,8008997
2026-07-05T07:04:14.443801,2026-07-05T07:04:14.458539+00:00,141.1,20,bid,BrilliantBurritos,WavyWalnuts,8009017
2026-07-05T07:04:15.664873,2026-07-05T07:04:15.669144+00:00,141.1,11,bid,Xuanyu Liu,WavyWalnuts,8009034
2026-07-05T07:04:16.151150,2026-07-05T07:04:16.163853+00:00,141.1,189,bid,YieldingYams,WavyWalnuts,8009042
2026-07-05T07:04:16.852555,2026-07-05T07:04:16.858559+00:00,141.1,200,ask,YieldingYams,WavyWalnuts,8009052
2026-07-05T07:04:18.772736,2026-07-05T07:04:18.784701+00:00,141.2,500,ask,AverageAlmonds,YieldingYams,8009078
2026-07-05T07:04:18.772736,2026-07-05T07:04:18.784701+00:00,141.1,125,ask,WavyWalnuts,YieldingYams,8009079
2026-07-05T07:04:19.323622,2026-07-05T07:04:19.335196+00:00,141.1,200,bid,AverageAlmonds,WavyWalnuts,8009094
2026-07-05T07:04:19.737010,2026-07-05T07:04:19.749235+00:00,141.3,20,ask,AverageAlmonds,BrilliantBurritos,8009097
2026-07-05T07:04:20.507916,2026-07-05T07:04:20.515853+00:00,141.3,200,ask,AverageAlmonds,WavyWalnuts,8009109
2026-07-05T07:04:20.580738,2026-07-05T07:04:20.584850+00:00,141.4,11,ask,AverageAlmonds,Xuanyu Liu,8009114
2026-07-05T07:04:21.717145,2026-07-05T07:04:21.724237+00:00,141.4,200,ask,AverageAlmonds,WavyWalnuts,8009136
2026-07-05T07:04:22.705088,2026-07-05T07:04:22.712959+00:00,141.3,20,ask,AverageAlmonds,BrilliantBurritos,8009148
2026-07-05T07:04:22.927111,2026-07-05T07:04:22.934250+00:00,141.4,200,ask,YieldingYams,WavyWalnuts,8009153
2026-07-05T07:04:24.139284,2026-07-05T07:04:24.149894+00:00,141.5,200,ask,YieldingYams,WavyWalnuts,8009172
2026-07-05T07:04:25.352370,2026-07-05T07:04:25.358549+00:00,141.5,200,bid,YieldingYams,WavyWalnuts,8009188
2026-07-05T07:04:26.664303,2026-07-05T07:04:26.671075+00:00,141.6,200,bid,YieldingYams,WavyWalnuts,8009209
2026-07-05T07:04:27.709355,2026-07-05T07:04:27.718008+00:00,141.6,20,ask,YieldingYams,BrilliantBurritos,8009223
2026-07-05T07:04:28.371370,2026-07-05T07:04:28.375566+00:00,141.6,34,ask,WavyWalnuts,Xuanyu Liu,8009237
2026-07-05T07:04:28.979582,2026-07-05T07:04:28.990740+00:00,141.7,200,bid,WavyWalnuts,YieldingYams,8009243
2026-07-05T07:04:30.190966,2026-07-05T07:04:30.199715+00:00,141.7,200,bid,WavyWalnuts,YieldingYams,8009264
2026-07-05T07:04:31.402910,2026-07-05T07:04:31.412432+00:00,141.7,200,bid,WavyWalnuts,YieldingYams,8009284
2026-07-05T07:04:32.611164,2026-07-05T07:04:32.619308+00:00,141.6,200,bid,WavyWalnuts,YieldingYams,8009298
2026-07-05T07:04:32.900381,2026-07-05T07:04:32.912258+00:00,141.4,20,ask,YieldingYams,BrilliantBurritos,8009304
2026-07-05T07:04:33.821405,2026-07-05T07:04:33.829541+00:00,141.7,200,bid,WavyWalnuts,YieldingYams,8009320
2026-07-05T07:04:34.286076,2026-07-05T07:04:34.295953+00:00,141.7,20,bid,BrilliantBurritos,YieldingYams,8009326
2026-07-05T07:04:36.305727,2026-07-05T07:04:36.310397+00:00,141.7,6,ask,WavyWalnuts,Xuanyu Liu,8009351
2026-07-05T07:04:37.128805,2026-07-05T07:04:37.137261+00:00,141.9,20,bid,BrilliantBurritos,YieldingYams,8009360
2026-07-05T07:04:41.145691,2026-07-05T07:04:41.152907+00:00,141.9,500,bid,YieldingYams,AverageAlmonds,8009417
2026-07-05T07:04:41.723480,2026-07-05T07:04:41.732639+00:00,141.9,125,ask,YieldingYams,AverageAlmonds,8009420
2026-07-05T07:04:41.723480,2026-07-05T07:04:41.732639+00:00,141.8,200,ask,WavyWalnuts,AverageAlmonds,8009421
2026-07-05T07:04:42.458591,2026-07-05T07:04:42.468935+00:00,141.7,200,bid,YieldingYams,WavyWalnuts,8009435
2026-07-05T07:04:42.703711,2026-07-05T07:04:42.715887+00:00,141.7,20,ask,YieldingYams,BrilliantBurritos,8009437
2026-07-05T07:04:42.937968,2026-07-05T07:04:42.947796+00:00,141.7,405,ask,YieldingYams,AverageAlmonds,8009438
2026-07-05T07:04:44.710312,2026-07-05T07:04:44.722151+00:00,141.6,200,bid,WavyWalnuts,YieldingYams,8009465
2026-07-05T07:04:45.919940,2026-07-05T07:04:45.929175+00:00,141.5,200,bid,WavyWalnuts,YieldingYams,8009476
2026-07-05T07:04:47.697054,2026-07-05T07:04:47.709070+00:00,141.6,500,bid,YieldingYams,AverageAlmonds,8009509
2026-07-05T07:04:47.780011,2026-07-05T07:04:47.789333+00:00,141.6,125,ask,YieldingYams,AverageAlmonds,8009510
2026-07-05T07:04:48.340839,2026-07-05T07:04:48.351795+00:00,141.6,200,bid,WavyWalnuts,AverageAlmonds,8009519
2026-07-05T07:04:49.550535,2026-07-05T07:04:49.554073+00:00,141.2,200,bid,WavyWalnuts,YieldingYams,8009529
2026-07-05T07:04:50.776922,2026-07-05T07:04:50.785420+00:00,141.4,200,bid,WavyWalnuts,YieldingYams,8009552
2026-07-05T07:04:51.987447,2026-07-05T07:04:51.996353+00:00,141.4,200,bid,WavyWalnuts,YieldingYams,8009565
2026-07-05T07:04:54.242463,2026-07-05T07:04:54.250051+00:00,141.4,200,bid,YieldingYams,WavyWalnuts,8009596
2026-07-05T07:04:54.411170,2026-07-05T07:04:54.419762+00:00,141.4,200,ask,YieldingYams,WavyWalnuts,8009599
2026-07-05T07:04:58.059849,2026-07-05T07:04:58.069413+00:00,141.3,200,ask,YieldingYams,WavyWalnuts,8009650
2026-07-05T07:04:58.139113,2026-07-05T07:04:58.151306+00:00,141.5,20,bid,BrilliantBurritos,YieldingYams,8009653
2026-07-05T07:04:59.269797,2026-07-05T07:04:59.282005+00:00,141.3,200,ask,YieldingYams,WavyWalnuts,8009669
2026-07-05T07:05:03.467524,2026-07-05T07:05:03.474605+00:00,141.4,200,ask,WavyWalnuts,YieldingYams,8009733
2026-07-05T07:05:04.176210,2026-07-05T07:05:04.184919+00:00,141.4,200,bid,WavyWalnuts,YieldingYams,8009738
2026-07-05T07:05:06.407589,2026-07-05T07:05:06.411600+00:00,141.6,40,bid,Xuanyu Liu,WavyWalnuts,8009771
2026-07-05T07:05:07.802778,2026-07-05T07:05:07.810154+00:00,141.6,200,bid,WavyWalnuts,AverageAlmonds,8009798
2026-07-05T07:05:08.716000,2026-07-05T07:05:08.726742+00:00,141.6,500,bid,YieldingYams,AverageAlmonds,8009813
2026-07-05T07:05:09.022521,2026-07-05T07:05:09.030100+00:00,141.6,125,ask,YieldingYams,WavyWalnuts,8009817
2026-07-05T07:05:11.444257,2026-07-05T07:05:11.464175+00:00,141.5,200,bid,WavyWalnuts,YieldingYams,8009851
2026-07-05T07:05:11.572253,2026-07-05T07:05:11.576850+00:00,141.3,11,ask,YieldingYams,Xuanyu Liu,8009857
2026-07-05T07:05:12.660547,2026-07-05T07:05:12.664722+00:00,141.4,12,ask,YieldingYams,Xuanyu Liu,8009885
2026-07-05T07:05:17.217284,2026-07-05T07:05:17.227181+00:00,141.4,20,ask,WavyWalnuts,BrilliantBurritos,8009958
2026-07-05T07:05:19.087767,2026-07-05T07:05:19.092448+00:00,141.5,23,bid,Xuanyu Liu,YieldingYams,8009992
2026-07-05T07:05:19.202629,2026-07-05T07:05:19.224610+00:00,141.4,200,ask,WavyWalnuts,YieldingYams,8009995
2026-07-05T07:05:19.220345,2026-07-05T07:05:19.224610+00:00,141.4,11,bid,Xuanyu Liu,YieldingYams,8009997
2026-07-05T07:05:19.950048,2026-07-05T07:05:19.958006+00:00,141.4,200,bid,WavyWalnuts,YieldingYams,8010007
2026-07-05T07:05:21.183542,2026-07-05T07:05:21.195077+00:00,141.5,200,ask,YieldingYams,WavyWalnuts,8010021
2026-07-05T07:05:22.411485,2026-07-05T07:05:22.416439+00:00,141.5,11,ask,WavyWalnuts,Xuanyu Liu,8010044
2026-07-05T07:05:23.145727,2026-07-05T07:05:23.158651+00:00,141.5,189,ask,WavyWalnuts,YieldingYams,8010052
2026-07-05T07:05:23.602726,2026-07-05T07:05:23.611913+00:00,141.5,200,bid,WavyWalnuts,YieldingYams,8010064
2026-07-05T07:05:25.920361,2026-07-05T07:05:25.928603+00:00,141.6,500,bid,AverageAlmonds,YieldingYams,8010099
2026-07-05T07:05:26.507627,2026-07-05T07:05:26.515051+00:00,141.6,125,bid,AverageAlmonds,YieldingYams,8010102
2026-07-05T07:05:26.532604,2026-07-05T07:05:26.541458+00:00,141.8,20,bid,BrilliantBurritos,WavyWalnuts,8010103
2026-07-05T07:05:27.245077,2026-07-05T07:05:27.252291+00:00,141.7,200,ask,AverageAlmonds,WavyWalnuts,8010120
2026-07-05T07:05:30.167503,2026-07-05T07:05:30.179388+00:00,141.8,200,bid,AverageAlmonds,WavyWalnuts,8010154
2026-07-05T07:05:30.471105,2026-07-05T07:05:30.475932+00:00,141.9,11,bid,Xuanyu Liu,YieldingYams,8010160
2026-07-05T07:05:33.675562,2026-07-05T07:05:33.679859+00:00,141.8,12,bid,Xuanyu Liu,YieldingYams,8010212
2026-07-05T07:05:33.853020,2026-07-05T07:05:33.865129+00:00,141.7,20,ask,WavyWalnuts,BrilliantBurritos,8010214
2026-07-05T07:05:34.981442,2026-07-05T07:05:34.989703+00:00,141.7,500,ask,AverageAlmonds,YieldingYams,8010226
2026-07-05T07:05:35.010755,2026-07-05T07:05:35.018333+00:00,141.7,125,bid,AverageAlmonds,YieldingYams,8010227
2026-07-05T07:05:38.916916,2026-07-05T07:05:38.939057+00:00,142.0,200,bid,YieldingYams,WavyWalnuts,8010280
2026-07-05T07:05:38.933850,2026-07-05T07:05:38.939057+00:00,142.0,12,ask,YieldingYams,Xuanyu Liu,8010282
2026-07-05T07:05:40.259937,2026-07-05T07:05:40.264114+00:00,142.0,12,bid,Xuanyu Liu,YieldingYams,8010314
2026-07-05T07:05:40.560870,2026-07-05T07:05:40.568955+00:00,142.0,200,bid,WavyWalnuts,YieldingYams,8010320
2026-07-05T07:05:46.352786,2026-07-05T07:05:46.354631+00:00,141.7,20,ask,YieldingYams,BrilliantBurritos,8010417
2026-07-05T07:05:46.618432,2026-07-05T07:05:46.629865+00:00,141.7,200,ask,YieldingYams,WavyWalnuts,8010422
2026-07-05T07:05:48.112363,2026-07-05T07:05:48.120230+00:00,141.8,500,ask,AverageAlmonds,YieldingYams,8010442
2026-07-05T07:05:49.200252,2026-07-05T07:05:49.212763+00:00,141.7,20,ask,AverageAlmonds,BrilliantBurritos,8010458
2026-07-05T07:05:51.457345,2026-07-05T07:05:51.469332+00:00,141.9,200,bid,WavyWalnuts,YieldingYams,8010478
2026-07-05T07:05:55.093189,2026-07-05T07:05:55.104795+00:00,142.1,200,bid,WavyWalnuts,YieldingYams,8010542
2026-07-05T07:05:57.345846,2026-07-05T07:05:57.358589+00:00,142.2,200,ask,WavyWalnuts,YieldingYams,8010591
2026-07-05T07:05:58.728186,2026-07-05T07:05:58.738044+00:00,142.0,200,ask,YieldingYams,WavyWalnuts,8010615
2026-07-05T07:06:02.360820,2026-07-05T07:06:02.370857+00:00,142.1,200,bid,WavyWalnuts,YieldingYams,8010667
2026-07-05T07:06:04.786112,2026-07-05T07:06:04.795433+00:00,142.1,200,ask,YieldingYams,WavyWalnuts,8010714
2026-07-05T07:06:05.971549,2026-07-05T07:06:05.983844+00:00,142.1,20,bid,BrilliantBurritos,YieldingYams,8010725
2026-07-05T07:06:07.873255,2026-07-05T07:06:07.880271+00:00,142.0,200,ask,WavyWalnuts,YieldingYams,8010762
2026-07-05T07:06:08.016728,2026-07-05T07:06:08.023802+00:00,142.0,20,bid,BrilliantBurritos,YieldingYams,8010766
2026-07-05T07:06:17.059028,2026-07-05T07:06:17.068941+00:00,141.9,200,ask,WavyWalnuts,YieldingYams,8010889
2026-07-05T07:06:18.382172,2026-07-05T07:06:18.386582+00:00,141.9,12,ask,YieldingYams,Xuanyu Liu,8010918
2026-07-05T07:06:19.323838,2026-07-05T07:06:19.333942+00:00,141.9,200,ask,YieldingYams,WavyWalnuts,8010928
2026-07-05T07:06:20.532806,2026-07-05T07:06:20.542978+00:00,141.8,200,ask,YieldingYams,WavyWalnuts,8010953
2026-07-05T07:06:20.993512,2026-07-05T07:06:21.003794+00:00,141.8,500,ask,AverageAlmonds,YieldingYams,8010956
2026-07-05T07:06:21.014432,2026-07-05T07:06:21.024704+00:00,141.8,125,bid,AverageAlmonds,YieldingYams,8010957
2026-07-05T07:06:21.758023,2026-07-05T07:06:21.762518+00:00,141.9,23,bid,Xuanyu Liu,WavyWalnuts,8010972
2026-07-05T07:06:23.616595,2026-07-05T07:06:23.624617+00:00,141.9,200,bid,YieldingYams,WavyWalnuts,8011000
2026-07-05T07:06:26.253429,2026-07-05T07:06:26.268713+00:00,141.9,200,ask,WavyWalnuts,YieldingYams,8011039
2026-07-05T07:06:36.268449,2026-07-05T07:06:36.278431+00:00,141.6,200,ask,YieldingYams,WavyWalnuts,8011163
2026-07-05T07:06:38.175678,2026-07-05T07:06:38.179905+00:00,141.7,23,bid,Xuanyu Liu,YieldingYams,8011189
2026-07-05T07:06:46.000529,2026-07-05T07:06:46.007162+00:00,141.7,200,bid,YieldingYams,WavyWalnuts,8011292
2026-07-05T07:06:47.169029,2026-07-05T07:06:47.176818+00:00,141.7,200,ask,YieldingYams,WavyWalnuts,8011300
2026-07-05T07:06:48.242031,2026-07-05T07:06:48.253857+00:00,141.6,20,ask,YieldingYams,BrilliantBurritos,8011311
2026-07-05T07:06:50.877120,2026-07-05T07:06:50.881335+00:00,141.6,11,ask,YieldingYams,Xuanyu Liu,8011353
2026-07-05T07:06:51.677237,2026-07-05T07:06:51.689192+00:00,141.6,20,ask,YieldingYams,BrilliantBurritos,8011369
2026-07-05T07:06:52.007752,2026-07-05T07:06:52.017713+00:00,141.6,200,ask,YieldingYams,WavyWalnuts,8011373
2026-07-05T07:06:53.897284,2026-07-05T07:06:53.909026+00:00,141.6,200,bid,YieldingYams,WavyWalnuts,8011407
2026-07-05T07:06:55.212040,2026-07-05T07:06:55.221725+00:00,141.5,200,ask,WavyWalnuts,YieldingYams,8011429
2026-07-05T07:06:58.605664,2026-07-05T07:06:58.614043+00:00,141.5,20,bid,BrilliantBurritos,YieldingYams,8011484
2026-07-05T07:06:59.162090,2026-07-05T07:06:59.168984+00:00,141.4,200,ask,WavyWalnuts,YieldingYams,8011494
2026-07-05T07:06:59.643933,2026-07-05T07:06:59.663638+00:00,141.2,20,ask,YieldingYams,BrilliantBurritos,8011505
2026-07-05T07:07:00.472643,2026-07-05T07:07:00.488225+00:00,141.3,200,bid,YieldingYams,WavyWalnuts,8011513
2026-07-05T07:07:02.901690,2026-07-05T07:07:02.912899+00:00,141.4,200,ask,YieldingYams,WavyWalnuts,8011544
2026-07-05T07:07:03.524992,2026-07-05T07:07:03.530515+00:00,141.6,11,bid,Xuanyu Liu,YieldingYams,8011553
2026-07-05T07:07:04.111026,2026-07-05T07:07:04.117667+00:00,141.4,200,ask,YieldingYams,WavyWalnuts,8011565
2026-07-05T07:07:05.279305,2026-07-05T07:07:05.290927+00:00,141.4,20,ask,YieldingYams,BrilliantBurritos,8011576
2026-07-05T07:07:05.320069,2026-07-05T07:07:05.327123+00:00,141.4,200,ask,YieldingYams,WavyWalnuts,8011577
2026-07-05T07:07:06.549522,2026-07-05T07:07:06.553776+00:00,141.4,3,bid,Xuanyu Liu,WavyWalnuts,8011590
2026-07-05T07:07:07.028836,2026-07-05T07:07:07.037957+00:00,141.4,197,bid,YieldingYams,WavyWalnuts,8011599
2026-07-05T07:07:08.953675,2026-07-05T07:07:08.958553+00:00,141.3,200,ask,YieldingYams,WavyWalnuts,8011618
2026-07-05T07:07:10.975450,2026-07-05T07:07:10.986342+00:00,141.1,200,ask,WavyWalnuts,YieldingYams,8011649
2026-07-05T07:07:11.292907,2026-07-05T07:07:11.300134+00:00,141.1,425,bid,AverageAlmonds,YieldingYams,8011652
2026-07-05T07:07:12.300496,2026-07-05T07:07:12.310252+00:00,141.3,200,bid,YieldingYams,WavyWalnuts,8011669
2026-07-05T07:07:12.582414,2026-07-05T07:07:12.593425+00:00,141.3,200,ask,YieldingYams,WavyWalnuts,8011671
2026-07-05T07:07:13.616280,2026-07-05T07:07:13.626009+00:00,141.3,500,ask,AverageAlmonds,YieldingYams,8011685
2026-07-05T07:07:13.699821,2026-07-05T07:07:13.710286+00:00,141.3,125,bid,AverageAlmonds,YieldingYams,8011690
2026-07-05T07:07:13.792075,2026-07-05T07:07:13.800761+00:00,141.3,200,ask,AverageAlmonds,WavyWalnuts,8011692
2026-07-05T07:07:13.946713,2026-07-05T07:07:13.957501+00:00,142.1,20,bid,BrilliantBurritos,AverageAlmonds,8011695
2026-07-05T07:07:15.000765,2026-07-05T07:07:15.010291+00:00,141.3,200,ask,YieldingYams,WavyWalnuts,8011713
2026-07-05T07:07:15.625347,2026-07-05T07:07:15.637445+00:00,141.3,20,ask,YieldingYams,BrilliantBurritos,8011722
2026-07-05T07:07:16.252215,2026-07-05T07:07:16.258580+00:00,141.3,200,ask,WavyWalnuts,YieldingYams,8011730
2026-07-05T07:07:19.398363,2026-07-05T07:07:19.402510+00:00,141.2,3,ask,WavyWalnuts,Xuanyu Liu,8011777
2026-07-05T07:07:20.369108,2026-07-05T07:07:20.380608+00:00,141.2,500,bid,AverageAlmonds,YieldingYams,8011792
2026-07-05T07:07:21.496143,2026-07-05T07:07:21.503021+00:00,141.2,200,bid,YieldingYams,WavyWalnuts,8011814
2026-07-05T07:07:21.514478,2026-07-05T07:07:21.518619+00:00,141.4,23,ask,YieldingYams,Xuanyu Liu,8011816
2026-07-05T07:07:22.257170,2026-07-05T07:07:22.269310+00:00,141.4,200,ask,YieldingYams,WavyWalnuts,8011831
2026-07-05T07:07:23.467541,2026-07-05T07:07:23.474886+00:00,141.2,200,ask,YieldingYams,WavyWalnuts,8011847
2026-07-05T07:07:25.727681,2026-07-05T07:07:25.731520+00:00,141.3,23,ask,YieldingYams,Xuanyu Liu,8011897
2026-07-05T07:07:26.759462,2026-07-05T07:07:26.782032+00:00,141.4,200,bid,YieldingYams,WavyWalnuts,8011907
2026-07-05T07:07:26.777657,2026-07-05T07:07:26.782032+00:00,141.4,11,ask,YieldingYams,Xuanyu Liu,8011909
2026-07-05T07:07:29.538559,2026-07-05T07:07:29.545126+00:00,141.3,200,ask,YieldingYams,WavyWalnuts,8011949
2026-07-05T07:07:30.708421,2026-07-05T07:07:30.712911+00:00,141.3,11,bid,Xuanyu Liu,YieldingYams,8011970
2026-07-05T07:07:30.746178,2026-07-05T07:07:30.754382+00:00,141.3,200,bid,WavyWalnuts,YieldingYams,8011971
2026-07-05T07:07:31.176859,2026-07-05T07:07:31.188983+00:00,141.3,20,bid,BrilliantBurritos,YieldingYams,8011974
2026-07-05T07:07:31.682497,2026-07-05T07:07:31.694690+00:00,141.3,20,bid,BrilliantBurritos,YieldingYams,8011980
2026-07-05T07:07:31.956773,2026-07-05T07:07:31.966076+00:00,141.3,200,bid,WavyWalnuts,YieldingYams,8011984
2026-07-05T07:07:32.064833,2026-07-05T07:07:32.069033+00:00,141.3,22,ask,YieldingYams,Xuanyu Liu,8011987
2026-07-05T07:07:33.185438,2026-07-05T07:07:33.190402+00:00,141.4,12,ask,WavyWalnuts,Xuanyu Liu,8012001
2026-07-05T07:07:33.314380,2026-07-05T07:07:33.326426+00:00,141.4,188,ask,WavyWalnuts,YieldingYams,8012006
2026-07-05T07:07:34.373315,2026-07-05T07:07:34.384496+00:00,141.4,200,bid,WavyWalnuts,YieldingYams,8012016
2026-07-05T07:07:35.176088,2026-07-05T07:07:35.180574+00:00,141.5,23,bid,Xuanyu Liu,YieldingYams,8012032
2026-07-05T07:07:35.583640,2026-07-05T07:07:35.591800+00:00,141.5,200,bid,WavyWalnuts,YieldingYams,8012039
2026-07-05T07:07:38.338798,2026-07-05T07:07:38.342552+00:00,141.6,23,bid,Xuanyu Liu,YieldingYams,8012067
2026-07-05T07:07:41.643214,2026-07-05T07:07:41.652673+00:00,141.7,200,ask,YieldingYams,WavyWalnuts,8012111
2026-07-05T07:07:42.047955,2026-07-05T07:07:42.053050+00:00,141.8,20,bid,BrilliantBurritos,AverageAlmonds,8012126
2026-07-05T07:07:43.399346,2026-07-05T07:07:43.403354+00:00,141.7,11,bid,Xuanyu Liu,AverageAlmonds,8012151
2026-07-05T07:07:43.409321,2026-07-05T07:07:43.413319+00:00,141.7,12,bid,Xuanyu Liu,AverageAlmonds,8012153
2026-07-05T07:07:45.115118,2026-07-05T07:07:45.122440+00:00,141.7,200,bid,YieldingYams,WavyWalnuts,8012175
2026-07-05T07:07:45.801648,2026-07-05T07:07:45.810404+00:00,141.7,425,ask,YieldingYams,AverageAlmonds,8012197
2026-07-05T07:07:45.801648,2026-07-05T07:07:45.815428+00:00,141.7,75,ask,WavyWalnuts,AverageAlmonds,8012198
2026-07-05T07:07:46.414396,2026-07-05T07:07:46.425525+00:00,141.7,125,ask,WavyWalnuts,AverageAlmonds,8012206
2026-07-05T07:07:46.459844,2026-07-05T07:07:46.464112+00:00,141.6,11,bid,Xuanyu Liu,YieldingYams,8012210
2026-07-05T07:07:47.758910,2026-07-05T07:07:47.770961+00:00,141.5,200,ask,WavyWalnuts,YieldingYams,8012217
2026-07-05T07:07:50.389795,2026-07-05T07:07:50.396827+00:00,141.5,200,bid,YieldingYams,WavyWalnuts,8012252
2026-07-05T07:07:53.023219,2026-07-05T07:07:53.031787+00:00,141.6,200,bid,YieldingYams,WavyWalnuts,8012281
2026-07-05T07:07:56.091635,2026-07-05T07:07:56.100676+00:00,141.7,500,ask,YieldingYams,AverageAlmonds,8012320
2026-07-05T07:07:56.689972,2026-07-05T07:07:56.698940+00:00,141.7,125,ask,YieldingYams,AverageAlmonds,8012325
2026-07-05T07:07:56.689972,2026-07-05T07:07:56.698940+00:00,141.7,200,ask,WavyWalnuts,AverageAlmonds,8012326
2026-07-05T07:07:57.381727,2026-07-05T07:07:57.389220+00:00,141.7,200,bid,WavyWalnuts,YieldingYams,8012338
2026-07-05T07:07:57.733821,2026-07-05T07:07:57.745876+00:00,141.5,20,ask,YieldingYams,BrilliantBurritos,8012340
2026-07-05T07:07:59.811958,2026-07-05T07:07:59.822939+00:00,141.6,200,ask,YieldingYams,WavyWalnuts,8012367
2026-07-05T07:08:02.152573,2026-07-05T07:08:02.158616+00:00,141.5,500,ask,YieldingYams,AverageAlmonds,8012402
2026-07-05T07:08:02.191859,2026-07-05T07:08:02.201721+00:00,141.5,200,ask,WavyWalnuts,YieldingYams,8012405
2026-07-05T07:08:03.436013,2026-07-05T07:08:03.445439+00:00,141.5,200,bid,WavyWalnuts,YieldingYams,8012430
2026-07-05T07:08:04.647786,2026-07-05T07:08:04.654680+00:00,141.5,200,ask,YieldingYams,WavyWalnuts,8012444
2026-07-05T07:08:04.815295,2026-07-05T07:08:04.824081+00:00,141.6,500,bid,YieldingYams,AverageAlmonds,8012448
2026-07-05T07:08:04.842595,2026-07-05T07:08:04.847197+00:00,141.6,11,ask,YieldingYams,Xuanyu Liu,8012451
2026-07-05T07:08:05.856671,2026-07-05T07:08:05.858586+00:00,141.6,114,ask,YieldingYams,WavyWalnuts,8012468
2026-07-05T07:08:07.072176,2026-07-05T07:08:07.083653+00:00,141.5,200,bid,WavyWalnuts,YieldingYams,8012479
2026-07-05T07:08:07.679954,2026-07-05T07:08:07.692289+00:00,141.7,20,bid,BrilliantBurritos,WavyWalnuts,8012496
2026-07-05T07:08:08.284992,2026-07-05T07:08:08.292075+00:00,141.5,200,ask,YieldingYams,WavyWalnuts,8012503
2026-07-05T07:08:09.045057,2026-07-05T07:08:09.053068+00:00,141.5,20,bid,BrilliantBurritos,YieldingYams,8012511
2026-07-05T07:08:09.500795,2026-07-05T07:08:09.510816+00:00,141.5,200,bid,WavyWalnuts,YieldingYams,8012522
2026-07-05T07:08:11.374181,2026-07-05T07:08:11.381309+00:00,141.6,500,bid,YieldingYams,AverageAlmonds,8012563
2026-07-05T07:08:11.836740,2026-07-05T07:08:11.845968+00:00,141.6,125,ask,YieldingYams,AverageAlmonds,8012568
2026-07-05T07:08:12.443392,2026-07-05T07:08:12.458628+00:00,141.5,200,ask,WavyWalnuts,AverageAlmonds,8012580
2026-07-05T07:08:15.459997,2026-07-05T07:08:15.469093+00:00,141.5,200,ask,WavyWalnuts,AverageAlmonds,8012625
2026-07-05T07:08:15.558160,2026-07-05T07:08:15.567733+00:00,141.5,200,bid,WavyWalnuts,AverageAlmonds,8012627
2026-07-05T07:08:17.927869,2026-07-05T07:08:17.935559+00:00,141.5,500,bid,YieldingYams,AverageAlmonds,8012664
2026-07-05T07:08:17.993662,2026-07-05T07:08:17.997857+00:00,141.7,11,ask,WavyWalnuts,Xuanyu Liu,8012666
2026-07-05T07:08:18.003733,2026-07-05T07:08:18.007687+00:00,141.7,1,ask,WavyWalnuts,Xuanyu Liu,8012668
2026-07-05T07:08:18.498985,2026-07-05T07:08:18.505859+00:00,141.7,188,ask,WavyWalnuts,AverageAlmonds,8012671
2026-07-05T07:08:18.498985,2026-07-05T07:08:18.529968+00:00,141.5,125,ask,YieldingYams,AverageAlmonds,8012672
2026-07-05T07:08:18.525973,2026-07-05T07:08:18.529968+00:00,141.5,12,bid,Xuanyu Liu,AverageAlmonds,8012675
2026-07-05T07:08:19.710259,2026-07-05T07:08:19.722103+00:00,141.5,200,ask,WavyWalnuts,AverageAlmonds,8012697
2026-07-05T07:08:21.861770,2026-07-05T07:08:21.869594+00:00,141.6,500,bid,YieldingYams,AverageAlmonds,8012731
2026-07-05T07:08:22.111213,2026-07-05T07:08:22.123014+00:00,141.6,125,ask,YieldingYams,AverageAlmonds,8012732
2026-07-05T07:08:24.056667,2026-07-05T07:08:24.061818+00:00,141.4,11,bid,Xuanyu Liu,WavyWalnuts,8012758
2026-07-05T07:08:25.246983,2026-07-05T07:08:25.258911+00:00,141.4,200,bid,WavyWalnuts,YieldingYams,8012773
2026-07-05T07:08:26.967993,2026-07-05T07:08:26.979390+00:00,141.3,200,ask,WavyWalnuts,AverageAlmonds,8012803
2026-07-05T07:08:27.667182,2026-07-05T07:08:27.676384+00:00,141.3,200,bid,WavyWalnuts,YieldingYams,8012812
2026-07-05T07:08:27.830476,2026-07-05T07:08:27.844597+00:00,141.1,20,ask,YieldingYams,BrilliantBurritos,8012816
2026-07-05T07:08:29.727789,2026-07-05T07:08:29.738102+00:00,141.3,200,ask,WavyWalnuts,YieldingYams,8012845
2026-07-05T07:08:30.093422,2026-07-05T07:08:30.102362+00:00,141.3,200,bid,WavyWalnuts,YieldingYams,8012852
2026-07-05T07:08:31.037758,2026-07-05T07:08:31.049230+00:00,141.2,500,bid,YieldingYams,AverageAlmonds,8012872
2026-07-05T07:08:32.515665,2026-07-05T07:08:32.527673+00:00,141.3,200,bid,WavyWalnuts,YieldingYams,8012899
2026-07-05T07:08:34.974364,2026-07-05T07:08:34.984605+00:00,141.2,200,ask,WavyWalnuts,YieldingYams,8012957
2026-07-05T07:08:35.811164,2026-07-05T07:08:35.823538+00:00,141.2,20,bid,BrilliantBurritos,YieldingYams,8012970
2026-07-05T07:08:37.350801,2026-07-05T07:08:37.355018+00:00,141.2,200,bid,WavyWalnuts,YieldingYams,8012985
2026-07-05T07:08:38.495969,2026-07-05T07:08:38.500205+00:00,141.2,3,bid,Xuanyu Liu,YieldingYams,8013008
2026-07-05T07:08:38.560606,2026-07-05T07:08:38.569760+00:00,141.2,200,bid,WavyWalnuts,YieldingYams,8013009
2026-07-05T07:08:40.920646,2026-07-05T07:08:40.931072+00:00,141.2,200,ask,WavyWalnuts,AverageAlmonds,8013042
2026-07-05T07:08:41.982027,2026-07-05T07:08:41.994360+00:00,141.0,20,ask,YieldingYams,BrilliantBurritos,8013058
2026-07-05T07:08:42.850295,2026-07-05T07:08:42.858610+00:00,141.1,500,bid,YieldingYams,AverageAlmonds,8013071
2026-07-05T07:08:42.850295,2026-07-05T07:08:42.858610+00:00,141.2,125,bid,YieldingYams,WavyWalnuts,8013072
2026-07-05T07:08:46.579447,2026-07-05T07:08:46.589672+00:00,141.2,20,bid,BrilliantBurritos,YieldingYams,8013118
2026-07-05T07:08:46.988495,2026-07-05T07:08:46.995804+00:00,141.0,20,ask,WavyWalnuts,BrilliantBurritos,8013126
2026-07-05T07:08:48.188118,2026-07-05T07:08:48.200345+00:00,141.1,500,ask,YieldingYams,AverageAlmonds,8013138
2026-07-05T07:08:48.251152,2026-07-05T07:08:48.254677+00:00,141.1,125,ask,YieldingYams,WavyWalnuts,8013139
2026-07-05T07:08:50.680045,2026-07-05T07:08:50.691725+00:00,140.8,200,ask,YieldingYams,WavyWalnuts,8013185
2026-07-05T07:08:52.034763,2026-07-05T07:08:52.044308+00:00,140.9,500,bid,YieldingYams,AverageAlmonds,8013199
2026-07-05T07:08:52.034763,2026-07-05T07:08:52.044308+00:00,140.9,125,bid,YieldingYams,WavyWalnuts,8013200
2026-07-05T07:08:53.346772,2026-07-05T07:08:53.354590+00:00,140.8,200,ask,WavyWalnuts,YieldingYams,8013211
2026-07-05T07:08:54.308790,2026-07-05T07:08:54.318093+00:00,140.8,200,bid,WavyWalnuts,YieldingYams,8013222
2026-07-05T07:09:00.365873,2026-07-05T07:09:00.375908+00:00,140.8,200,bid,WavyWalnuts,YieldingYams,8013285
2026-07-05T07:09:02.547925,2026-07-05T07:09:02.552287+00:00,140.8,3,bid,Xuanyu Liu,YieldingYams,8013322
2026-07-05T07:09:05.185341,2026-07-05T07:09:05.194985+00:00,140.8,200,ask,WavyWalnuts,YieldingYams,8013367
2026-07-05T07:09:06.497974,2026-07-05T07:09:06.507531+00:00,140.8,200,bid,YieldingYams,WavyWalnuts,8013381
2026-07-05T07:09:07.625423,2026-07-05T07:09:07.636157+00:00,140.8,200,ask,YieldingYams,WavyWalnuts,8013398
2026-07-05T07:09:12.464721,2026-07-05T07:09:12.476633+00:00,141.0,200,bid,WavyWalnuts,YieldingYams,8013456
2026-07-05T07:09:14.052806,2026-07-05T07:09:14.063799+00:00,141.1,20,bid,BrilliantBurritos,YieldingYams,8013473
2026-07-05T07:09:15.671501,2026-07-05T07:09:15.680584+00:00,141.0,200,bid,YieldingYams,WavyWalnuts,8013495
2026-07-05T07:09:16.108057,2026-07-05T07:09:16.116502+00:00,141.0,200,ask,YieldingYams,WavyWalnuts,8013503
2026-07-05T07:09:19.717394,2026-07-05T07:09:19.722194+00:00,140.8,3,ask,WavyWalnuts,Xuanyu Liu,8013547
2026-07-05T07:09:22.226449,2026-07-05T07:09:22.237238+00:00,141.0,200,ask,WavyWalnuts,YieldingYams,8013585
2026-07-05T07:09:27.474534,2026-07-05T07:09:27.496907+00:00,140.9,200,ask,WavyWalnuts,YieldingYams,8013662
2026-07-05T07:09:27.492953,2026-07-05T07:09:27.496907+00:00,140.8,3,bid,Xuanyu Liu,YieldingYams,8013665
2026-07-05T07:09:28.212082,2026-07-05T07:09:28.222054+00:00,140.8,200,bid,WavyWalnuts,YieldingYams,8013678
2026-07-05T07:09:29.210772,2026-07-05T07:09:29.215786+00:00,140.6,3,ask,YieldingYams,Xuanyu Liu,8013697
2026-07-05T07:09:31.408289,2026-07-05T07:09:31.417393+00:00,140.8,200,ask,WavyWalnuts,YieldingYams,8013736
2026-07-05T07:09:32.732275,2026-07-05T07:09:32.736506+00:00,140.7,3,ask,YieldingYams,Xuanyu Liu,8013753
2026-07-05T07:09:35.766671,2026-07-05T07:09:35.778887+00:00,140.8,20,bid,BrilliantBurritos,YieldingYams,8013798
2026-07-05T07:09:37.887251,2026-07-05T07:09:37.894358+00:00,140.8,200,bid,WavyWalnuts,YieldingYams,8013838
2026-07-05T07:09:37.995288,2026-07-05T07:09:37.999952+00:00,140.8,11,ask,YieldingYams,Xuanyu Liu,8013842
2026-07-05T07:09:38.121495,2026-07-05T07:09:38.133723+00:00,140.8,20,ask,YieldingYams,BrilliantBurritos,8013843
2026-07-05T07:09:38.697037,2026-07-05T07:09:38.700906+00:00,140.8,12,ask,YieldingYams,Xuanyu Liu,8013851
2026-07-05T07:09:40.307110,2026-07-05T07:09:40.318238+00:00,140.9,200,bid,WavyWalnuts,YieldingYams,8013869
2026-07-05T07:09:41.517436,2026-07-05T07:09:41.524493+00:00,140.8,200,bid,WavyWalnuts,YieldingYams,8013897
2026-07-05T07:09:45.844617,2026-07-05T07:09:45.855057+00:00,140.8,200,bid,YieldingYams,WavyWalnuts,8013952
2026-07-05T07:09:46.360026,2026-07-05T07:09:46.371356+00:00,140.8,200,ask,YieldingYams,WavyWalnuts,8013961
2026-07-05T07:09:47.188272,2026-07-05T07:09:47.193132+00:00,140.8,12,bid,Xuanyu Liu,YieldingYams,8013976
2026-07-05T07:09:49.375003,2026-07-05T07:09:49.384520+00:00,140.6,20,ask,YieldingYams,BrilliantBurritos,8014008
2026-07-05T07:09:51.287682,2026-07-05T07:09:51.291399+00:00,140.7,14,bid,Xuanyu Liu,YieldingYams,8014038
2026-07-05T07:09:52.308526,2026-07-05T07:09:52.317384+00:00,140.5,20,ask,YieldingYams,BrilliantBurritos,8014052
2026-07-05T07:09:55.318532,2026-07-05T07:09:55.330950+00:00,140.7,20,bid,BrilliantBurritos,WavyWalnuts,8014094
2026-07-05T07:09:58.824753,2026-07-05T07:09:58.836688+00:00,140.7,20,bid,BrilliantBurritos,WavyWalnuts,8014137
2026-07-05T07:10:05.746652,2026-07-05T07:10:05.758593+00:00,140.6,200,bid,WavyWalnuts,YieldingYams,8014231
2026-07-05T07:10:06.955739,2026-07-05T07:10:06.964759+00:00,140.6,200,bid,WavyWalnuts,YieldingYams,8014246
2026-07-05T07:10:09.334940,2026-07-05T07:10:09.349491+00:00,140.7,20,bid,BrilliantBurritos,YieldingYams,8014285
2026-07-05T07:10:09.377559,2026-07-05T07:10:09.387335+00:00,140.7,200,bid,WavyWalnuts,YieldingYams,8014287
2026-07-05T07:10:16.016485,2026-07-05T07:10:16.025228+00:00,140.5,500,ask,AverageAlmonds,YieldingYams,8014376
2026-07-05T07:10:16.190566,2026-07-05T07:10:16.202746+00:00,140.4,20,ask,WavyWalnuts,BrilliantBurritos,8014380
2026-07-05T07:10:16.572078,2026-07-05T07:10:16.581383+00:00,140.5,125,bid,AverageAlmonds,YieldingYams,8014384
2026-07-05T07:10:16.572078,2026-07-05T07:10:16.581383+00:00,140.6,200,bid,AverageAlmonds,WavyWalnuts,8014385
2026-07-05T07:10:17.325305,2026-07-05T07:10:17.337343+00:00,140.7,200,bid,YieldingYams,WavyWalnuts,8014395
2026-07-05T07:10:17.847254,2026-07-05T07:10:17.858567+00:00,140.7,200,ask,YieldingYams,WavyWalnuts,8014403
2026-07-05T07:10:19.794524,2026-07-05T07:10:19.798714+00:00,140.6,14,bid,Xuanyu Liu,YieldingYams,8014437
2026-07-05T07:10:21.473939,2026-07-05T07:10:21.484866+00:00,140.5,200,ask,AverageAlmonds,WavyWalnuts,8014472
2026-07-05T07:10:22.575374,2026-07-05T07:10:22.584429+00:00,140.5,500,ask,AverageAlmonds,YieldingYams,8014496
2026-07-05T07:10:22.626557,2026-07-05T07:10:22.634537+00:00,140.5,125,bid,AverageAlmonds,YieldingYams,8014498
2026-07-05T07:10:22.685527,2026-07-05T07:10:22.696257+00:00,140.5,200,ask,AverageAlmonds,WavyWalnuts,8014499
2026-07-05T07:10:23.123081,2026-07-05T07:10:23.134821+00:00,141.3,20,bid,BrilliantBurritos,AverageAlmonds,8014502
2026-07-05T07:10:28.008002,2026-07-05T07:10:28.018376+00:00,140.6,20,bid,BrilliantBurritos,WavyWalnuts,8014579
2026-07-05T07:10:28.098199,2026-07-05T07:10:28.109511+00:00,140.6,180,bid,AverageAlmonds,WavyWalnuts,8014580
2026-07-05T07:10:29.148458,2026-07-05T07:10:29.158716+00:00,140.6,500,ask,AverageAlmonds,YieldingYams,8014599
2026-07-05T07:10:29.289293,2026-07-05T07:10:29.298648+00:00,140.5,125,bid,AverageAlmonds,YieldingYams,8014602
2026-07-05T07:10:29.947095,2026-07-05T07:10:29.954184+00:00,140.6,200,ask,AverageAlmonds,WavyWalnuts,8014612
2026-07-05T07:10:30.528867,2026-07-05T07:10:30.536745+00:00,140.7,500,bid,AverageAlmonds,YieldingYams,8014630
2026-07-05T07:10:31.138876,2026-07-05T07:10:31.148486+00:00,140.7,125,bid,AverageAlmonds,YieldingYams,8014638
2026-07-05T07:10:31.179691,2026-07-05T07:10:31.190162+00:00,140.7,200,ask,AverageAlmonds,WavyWalnuts,8014639
2026-07-05T07:10:32.391407,2026-07-05T07:10:32.403130+00:00,140.8,200,ask,YieldingYams,WavyWalnuts,8014659
2026-07-05T07:10:33.602905,2026-07-05T07:10:33.613692+00:00,140.8,200,ask,YieldingYams,WavyWalnuts,8014673
2026-07-05T07:10:33.931452,2026-07-05T07:10:33.943634+00:00,140.8,20,ask,YieldingYams,BrilliantBurritos,8014675
2026-07-05T07:10:34.613869,2026-07-05T07:10:34.625286+00:00,140.8,25,bid,Harold Schneider,YieldingYams,8014691
2026-07-05T07:10:34.747827,2026-07-05T07:10:34.754849+00:00,140.8,500,bid,AverageAlmonds,YieldingYams,8014696
2026-07-05T07:10:34.835996,2026-07-05T07:10:34.840049+00:00,140.7,12,bid,Xuanyu Liu,WavyWalnuts,8014704
2026-07-05T07:10:35.341112,2026-07-05T07:10:35.351990+00:00,140.7,188,bid,AverageAlmonds,WavyWalnuts,8014711
2026-07-05T07:10:35.341112,2026-07-05T07:10:35.351990+00:00,140.8,100,bid,AverageAlmonds,YieldingYams,8014712
2026-07-05T07:10:35.863726,2026-07-05T07:10:35.872199+00:00,141.3,20,bid,BrilliantBurritos,YieldingYams,8014723
2026-07-05T07:10:36.025082,2026-07-05T07:10:36.037062+00:00,141.0,200,ask,YieldingYams,WavyWalnuts,8014725
2026-07-05T07:10:37.235545,2026-07-05T07:10:37.247479+00:00,141.0,200,ask,YieldingYams,WavyWalnuts,8014752
2026-07-05T07:10:39.638759,2026-07-05T07:10:39.649749+00:00,141.1,25,bid,Harold Schneider,WavyWalnuts,8014789
2026-07-05T07:10:44.491914,2026-07-05T07:10:44.503606+00:00,141.1,200,bid,WavyWalnuts,YieldingYams,8014848
2026-07-05T07:10:45.702823,2026-07-05T07:10:45.710950+00:00,141.1,200,bid,WavyWalnuts,YieldingYams,8014868
2026-07-05T07:10:48.142920,2026-07-05T07:10:48.147508+00:00,141.3,23,ask,WavyWalnuts,Xuanyu Liu,8014910
2026-07-05T07:10:48.390548,2026-07-05T07:10:48.394736+00:00,141.4,11,bid,Xuanyu Liu,YieldingYams,8014915
2026-07-05T07:10:48.514186,2026-07-05T07:10:48.525515+00:00,141.3,20,ask,WavyWalnuts,BrilliantBurritos,8014917
2026-07-05T07:10:48.803306,2026-07-05T07:10:48.814231+00:00,141.3,157,ask,WavyWalnuts,YieldingYams,8014922
2026-07-05T07:10:49.339404,2026-07-05T07:10:49.350304+00:00,141.2,200,bid,WavyWalnuts,YieldingYams,8014931
2026-07-05T07:10:51.762060,2026-07-05T07:10:51.772787+00:00,141.3,200,ask,YieldingYams,WavyWalnuts,8014966
2026-07-05T07:10:51.775004,2026-07-05T07:10:51.788196+00:00,141.3,20,ask,YieldingYams,BrilliantBurritos,8014969
2026-07-05T07:10:55.396788,2026-07-05T07:10:55.407820+00:00,141.1,200,ask,YieldingYams,WavyWalnuts,8015029
2026-07-05T07:10:56.605600,2026-07-05T07:10:56.613339+00:00,141.1,200,ask,YieldingYams,WavyWalnuts,8015047
2026-07-05T07:10:57.812944,2026-07-05T07:10:57.821459+00:00,141.0,200,bid,WavyWalnuts,YieldingYams,8015061
2026-07-05T07:10:58.978349,2026-07-05T07:10:58.982549+00:00,141.0,11,ask,AverageAlmonds,Xuanyu Liu,8015080
2026-07-05T07:10:59.297198,2026-07-05T07:10:59.306128+00:00,141.0,489,ask,AverageAlmonds,YieldingYams,8015085
2026-07-05T07:10:59.555083,2026-07-05T07:10:59.565778+00:00,141.0,136,bid,AverageAlmonds,YieldingYams,8015086
2026-07-05T07:10:59.592560,2026-07-05T07:10:59.597311+00:00,141.1,3,ask,AverageAlmonds,Xuanyu Liu,8015090
2026-07-05T07:11:00.377167,2026-07-05T07:11:00.389278+00:00,141.1,20,ask,AverageAlmonds,BrilliantBurritos,8015101
2026-07-05T07:11:01.915118,2026-07-05T07:11:01.922216+00:00,141.2,200,bid,YieldingYams,WavyWalnuts,8015132
2026-07-05T07:11:02.658123,2026-07-05T07:11:02.665195+00:00,141.3,200,ask,YieldingYams,WavyWalnuts,8015136
2026-07-05T07:11:05.014678,2026-07-05T07:11:05.025928+00:00,141.3,200,bid,AverageAlmonds,WavyWalnuts,8015180
2026-07-05T07:11:05.861090,2026-07-05T07:11:05.871062+00:00,141.3,500,ask,AverageAlmonds,YieldingYams,8015186
2026-07-05T07:11:06.242851,2026-07-05T07:11:06.250939+00:00,141.2,125,bid,AverageAlmonds,YieldingYams,8015191
2026-07-05T07:11:06.285127,2026-07-05T07:11:06.295274+00:00,141.3,200,ask,AverageAlmonds,WavyWalnuts,8015192
2026-07-05T07:11:08.060185,2026-07-05T07:11:08.069091+00:00,141.4,500,bid,AverageAlmonds,YieldingYams,8015215
2026-07-05T07:11:08.479417,2026-07-05T07:11:08.486344+00:00,141.4,200,bid,YieldingYams,WavyWalnuts,8015219
2026-07-05T07:11:09.705539,2026-07-05T07:11:09.715769+00:00,141.5,25,ask,AverageAlmonds,Harold Schneider,8015236
2026-07-05T07:11:09.791021,2026-07-05T07:11:09.802208+00:00,141.5,475,ask,AverageAlmonds,YieldingYams,8015238
2026-07-05T07:11:09.857240,2026-07-05T07:11:09.869161+00:00,141.5,150,bid,AverageAlmonds,YieldingYams,8015243
2026-07-05T07:11:10.300733,2026-07-05T07:11:10.312944+00:00,141.5,20,ask,AverageAlmonds,BrilliantBurritos,8015251
2026-07-05T07:11:12.910894,2026-07-05T07:11:12.921555+00:00,141.6,200,bid,AverageAlmonds,WavyWalnuts,8015292
2026-07-05T07:11:12.910894,2026-07-05T07:11:12.921555+00:00,141.6,300,bid,AverageAlmonds,YieldingYams,8015293
2026-07-05T07:11:13.225098,2026-07-05T07:11:13.237854+00:00,141.6,20,bid,BrilliantBurritos,YieldingYams,8015296
2026-07-05T07:11:13.734105,2026-07-05T07:11:13.738590+00:00,141.5,3,ask,AverageAlmonds,Xuanyu Liu,8015303
2026-07-05T07:11:14.112155,2026-07-05T07:11:14.139786+00:00,141.6,200,bid,AverageAlmonds,WavyWalnuts,8015309
2026-07-05T07:11:14.135468,2026-07-05T07:11:14.139786+00:00,141.6,11,ask,AverageAlmonds,Xuanyu Liu,8015311
2026-07-05T07:11:14.748651,2026-07-05T07:11:14.758591+00:00,141.5,25,ask,YieldingYams,Harold Schneider,8015320
2026-07-05T07:11:15.965872,2026-07-05T07:11:15.974575+00:00,141.6,10,ask,Harold Schneider,WavyWalnuts,8015342
2026-07-05T07:11:15.965872,2026-07-05T07:11:15.974575+00:00,141.6,190,ask,YieldingYams,WavyWalnuts,8015343
2026-07-05T07:11:17.667758,2026-07-05T07:11:17.675316+00:00,141.6,200,ask,WavyWalnuts,YieldingYams,8015365
2026-07-05T07:11:18.381033,2026-07-05T07:11:18.391259+00:00,141.6,200,bid,WavyWalnuts,YieldingYams,8015372
2026-07-05T07:11:18.468529,2026-07-05T07:11:18.480488+00:00,141.5,20,ask,AverageAlmonds,BrilliantBurritos,8015374
2026-07-05T07:11:19.779310,2026-07-05T07:11:19.791376+00:00,141.6,2,ask,YieldingYams,Harold Schneider,8015391
2026-07-05T07:11:24.248021,2026-07-05T07:11:24.256540+00:00,141.6,200,ask,WavyWalnuts,YieldingYams,8015470
2026-07-05T07:11:24.798670,2026-07-05T07:11:24.810844+00:00,141.4,2,ask,YieldingYams,Harold Schneider,8015479
2026-07-05T07:11:25.052224,2026-07-05T07:11:25.054591+00:00,141.4,20,ask,YieldingYams,BrilliantBurritos,8015484
2026-07-05T07:11:25.559114,2026-07-05T07:11:25.569189+00:00,141.5,200,bid,YieldingYams,WavyWalnuts,8015498
2026-07-05T07:11:28.190144,2026-07-05T07:11:28.197807+00:00,141.6,200,ask,WavyWalnuts,YieldingYams,8015534
2026-07-05T07:11:29.855073,2026-07-05T07:11:29.858620+00:00,141.5,2,ask,WavyWalnuts,Harold Schneider,8015555
2026-07-05T07:11:32.665491,2026-07-05T07:11:32.669999+00:00,141.7,11,bid,Xuanyu Liu,WavyWalnuts,8015595
2026-07-05T07:11:34.874454,2026-07-05T07:11:34.886535+00:00,141.7,2,ask,YieldingYams,Harold Schneider,8015629
2026-07-05T07:11:36.587588,2026-07-05T07:11:36.591448+00:00,141.8,3,bid,Xuanyu Liu,WavyWalnuts,8015662
2026-07-05T07:11:39.064802,2026-07-05T07:11:39.069161+00:00,141.7,3,ask,WavyWalnuts,Xuanyu Liu,8015712
2026-07-05T07:11:39.894084,2026-07-05T07:11:39.905911+00:00,141.7,2,ask,WavyWalnuts,Harold Schneider,8015725
2026-07-05T07:11:40.202172,2026-07-05T07:11:40.212706+00:00,141.8,200,bid,WavyWalnuts,YieldingYams,8015729
2026-07-05T07:11:42.628946,2026-07-05T07:11:42.640782+00:00,141.8,200,bid,WavyWalnuts,AverageAlmonds,8015760
2026-07-05T07:11:45.077886,2026-07-05T07:11:45.083112+00:00,141.8,3,bid,Xuanyu Liu,WavyWalnuts,8015800
2026-07-05T07:11:48.688231,2026-07-05T07:11:48.695493+00:00,141.6,200,bid,WavyWalnuts,YieldingYams,8015855
2026-07-05T07:11:53.179747,2026-07-05T07:11:53.202381+00:00,141.4,200,ask,WavyWalnuts,YieldingYams,8015909
2026-07-05T07:11:53.198145,2026-07-05T07:11:53.202381+00:00,141.3,3,bid,Xuanyu Liu,YieldingYams,8015912
2026-07-05T07:11:55.232589,2026-07-05T07:11:55.244755+00:00,141.3,20,bid,BrilliantBurritos,WavyWalnuts,8015939
2026-07-05T07:11:58.291984,2026-07-05T07:11:58.302385+00:00,141.3,500,bid,AverageAlmonds,YieldingYams,8015987
2026-07-05T07:11:59.581820,2026-07-05T07:11:59.590247+00:00,141.2,200,ask,YieldingYams,WavyWalnuts,8015999
2026-07-05T07:12:01.889610,2026-07-05T07:12:01.901960+00:00,141.3,20,ask,YieldingYams,BrilliantBurritos,8016048
2026-07-05T07:12:02.004288,2026-07-05T07:12:02.014825+00:00,141.3,200,ask,YieldingYams,WavyWalnuts,8016054
2026-07-05T07:12:03.707439,2026-07-05T07:12:03.716522+00:00,141.4,200,bid,YieldingYams,WavyWalnuts,8016080
2026-07-05T07:12:05.036896,2026-07-05T07:12:05.046614+00:00,141.4,500,ask,AverageAlmonds,YieldingYams,8016101
2026-07-05T07:12:05.036896,2026-07-05T07:12:05.046614+00:00,141.3,125,ask,WavyWalnuts,YieldingYams,8016102
2026-07-05T07:12:06.345577,2026-07-05T07:12:06.368476+00:00,141.5,200,bid,YieldingYams,WavyWalnuts,8016117
2026-07-05T07:12:06.364493,2026-07-05T07:12:06.368476+00:00,141.6,3,ask,YieldingYams,Xuanyu Liu,8016119
2026-07-05T07:12:12.893970,2026-07-05T07:12:12.902194+00:00,141.7,200,bid,WavyWalnuts,YieldingYams,8016211
2026-07-05T07:12:16.454772,2026-07-05T07:12:16.446488+00:00,141.5,200,bid,AverageAlmonds,WavyWalnuts,8016261
2026-07-05T07:12:16.887126,2026-07-05T07:12:16.894397+00:00,141.5,300,ask,AverageAlmonds,YieldingYams,8016279
2026-07-05T07:12:16.887126,2026-07-05T07:12:16.899860+00:00,141.5,200,ask,WavyWalnuts,YieldingYams,8016280
2026-07-05T07:12:17.081480,2026-07-05T07:12:17.085975+00:00,141.3,3,ask,AverageAlmonds,Xuanyu Liu,8016283
2026-07-05T07:12:17.092475,2026-07-05T07:12:17.096882+00:00,141.3,11,ask,AverageAlmonds,Xuanyu Liu,8016285
2026-07-05T07:12:18.221328,2026-07-05T07:12:18.226538+00:00,141.4,12,ask,YieldingYams,Xuanyu Liu,8016296
2026-07-05T07:12:19.516690,2026-07-05T07:12:19.524973+00:00,141.5,200,bid,YieldingYams,WavyWalnuts,8016313
2026-07-05T07:12:19.536555,2026-07-05T07:12:19.540832+00:00,141.5,11,ask,YieldingYams,Xuanyu Liu,8016315
2026-07-05T07:12:20.305682,2026-07-05T07:12:20.317578+00:00,141.5,20,ask,YieldingYams,BrilliantBurritos,8016320
2026-07-05T07:12:20.832214,2026-07-05T07:12:20.842341+00:00,141.5,200,ask,WavyWalnuts,YieldingYams,8016328
2026-07-05T07:12:23.451530,2026-07-05T07:12:23.458575+00:00,141.5,200,bid,YieldingYams,WavyWalnuts,8016357
2026-07-05T07:12:26.204460,2026-07-05T07:12:26.213932+00:00,141.6,200,bid,WavyWalnuts,YieldingYams,8016393
2026-07-05T07:12:26.508291,2026-07-05T07:12:26.512787+00:00,141.6,23,bid,Xuanyu Liu,YieldingYams,8016397
2026-07-05T07:12:28.628945,2026-07-05T07:12:28.640536+00:00,141.6,200,ask,YieldingYams,WavyWalnuts,8016430
2026-07-05T07:12:30.023275,2026-07-05T07:12:30.033359+00:00,141.7,200,bid,YieldingYams,WavyWalnuts,8016451
2026-07-05T07:12:31.046857,2026-07-05T07:12:31.058612+00:00,141.7,200,ask,YieldingYams,WavyWalnuts,8016464
2026-07-05T07:12:33.488204,2026-07-05T07:12:33.499362+00:00,141.6,200,ask,YieldingYams,WavyWalnuts,8016504
2026-07-05T07:12:34.612024,2026-07-05T07:12:34.622810+00:00,141.7,500,bid,AverageAlmonds,YieldingYams,8016515
2026-07-05T07:12:35.205818,2026-07-05T07:12:35.215698+00:00,141.7,125,bid,AverageAlmonds,YieldingYams,8016523
2026-07-05T07:12:35.205818,2026-07-05T07:12:35.215698+00:00,141.7,200,bid,AverageAlmonds,WavyWalnuts,8016524
2026-07-05T07:12:35.243338,2026-07-05T07:12:35.247534+00:00,141.7,12,ask,AverageAlmonds,Xuanyu Liu,8016526
2026-07-05T07:12:36.427050,2026-07-05T07:12:36.435720+00:00,141.8,200,bid,AverageAlmonds,WavyWalnuts,8016548
2026-07-05T07:12:36.458344,2026-07-05T07:12:36.463235+00:00,141.8,11,ask,AverageAlmonds,Xuanyu Liu,8016550
2026-07-05T07:12:36.791189,2026-07-05T07:12:36.802859+00:00,141.8,20,ask,AverageAlmonds,BrilliantBurritos,8016554
2026-07-05T07:12:37.078655,2026-07-05T07:12:37.083550+00:00,141.9,12,ask,AverageAlmonds,Xuanyu Liu,8016558
2026-07-05T07:12:37.110878,2026-07-05T07:12:37.119547+00:00,141.9,200,ask,AverageAlmonds,WavyWalnuts,8016560
2026-07-05T07:12:40.739988,2026-07-05T07:12:40.748949+00:00,142.1,200,bid,WavyWalnuts,YieldingYams,8016601
2026-07-05T07:12:44.393053,2026-07-05T07:12:44.400352+00:00,142.1,200,ask,YieldingYams,WavyWalnuts,8016645
2026-07-05T07:12:47.064701,2026-07-05T07:12:47.068937+00:00,142.1,11,ask,YieldingYams,Xuanyu Liu,8016681
2026-07-05T07:12:49.669261,2026-07-05T07:12:49.676851+00:00,142.1,200,bid,YieldingYams,WavyWalnuts,8016718
2026-07-05T07:13:01.366597,2026-07-05T07:13:01.371698+00:00,142.4,23,bid,Xuanyu Liu,AverageAlmonds,8016870
2026-07-05T07:13:01.886337,2026-07-05T07:13:01.890397+00:00,142.3,11,bid,Xuanyu Liu,AverageAlmonds,8016878
2026-07-05T07:13:05.006266,2026-07-05T07:13:05.010467+00:00,142.2,11,ask,WavyWalnuts,Xuanyu Liu,8016928
2026-07-05T07:13:05.498178,2026-07-05T07:13:05.502514+00:00,142.3,12,ask,YieldingYams,Xuanyu Liu,8016941
2026-07-05T07:13:06.212284,2026-07-05T07:13:06.216957+00:00,142.4,11,ask,WavyWalnuts,Xuanyu Liu,8016948
2026-07-05T07:13:06.538739,2026-07-05T07:13:06.543153+00:00,142.5,23,bid,Xuanyu Liu,YieldingYams,8016952
2026-07-05T07:13:06.774771,2026-07-05T07:13:06.782052+00:00,142.4,189,ask,WavyWalnuts,YieldingYams,8016954
2026-07-05T07:13:06.794588,2026-07-05T07:13:06.800098+00:00,142.4,11,bid,Xuanyu Liu,YieldingYams,8016956
2026-07-05T07:13:08.533594,2026-07-05T07:13:08.542286+00:00,142.4,500,ask,YieldingYams,AverageAlmonds,8016981
2026-07-05T07:13:09.126326,2026-07-05T07:13:09.137799+00:00,142.4,125,ask,YieldingYams,AverageAlmonds,8016987
2026-07-05T07:13:09.396207,2026-07-05T07:13:09.403577+00:00,142.3,200,ask,WavyWalnuts,YieldingYams,8016992
2026-07-05T07:13:09.414099,2026-07-05T07:13:09.418735+00:00,142.2,23,bid,Xuanyu Liu,YieldingYams,8016994
2026-07-05T07:13:09.827965,2026-07-05T07:13:09.834942+00:00,142.2,200,bid,WavyWalnuts,YieldingYams,8017002
2026-07-05T07:13:10.963411,2026-07-05T07:13:10.968355+00:00,142.1,11,ask,YieldingYams,Xuanyu Liu,8017015
2026-07-05T07:13:14.639108,2026-07-05T07:13:14.646030+00:00,142.0,200,ask,WavyWalnuts,YieldingYams,8017067
2026-07-05T07:13:14.682624,2026-07-05T07:13:14.692895+00:00,142.0,200,bid,WavyWalnuts,YieldingYams,8017069
2026-07-05T07:13:15.947591,2026-07-05T07:13:15.958597+00:00,142.0,200,bid,YieldingYams,WavyWalnuts,8017091
2026-07-05T07:13:24.390525,2026-07-05T07:13:24.398123+00:00,142.2,200,ask,YieldingYams,WavyWalnuts,8017216
2026-07-05T07:13:26.714174,2026-07-05T07:13:26.718573+00:00,142.3,11,bid,Xuanyu Liu,YieldingYams,8017248
2026-07-05T07:13:27.756303,2026-07-05T07:13:27.757907+00:00,142.2,200,ask,WavyWalnuts,YieldingYams,8017262
2026-07-05T07:13:27.779397,2026-07-05T07:13:27.785069+00:00,142.2,3,bid,Xuanyu Liu,YieldingYams,8017264
2026-07-05T07:13:33.005792,2026-07-05T07:13:33.010087+00:00,142.5,26,bid,Xuanyu Liu,YieldingYams,8017344
2026-07-05T07:13:33.026521,2026-07-05T07:13:33.049769+00:00,142.4,200,ask,WavyWalnuts,YieldingYams,8017348
2026-07-05T07:13:33.045710,2026-07-05T07:13:33.049769+00:00,142.4,11,bid,Xuanyu Liu,YieldingYams,8017351
2026-07-05T07:13:35.078140,2026-07-05T07:13:35.082548+00:00,142.2,11,ask,WavyWalnuts,Xuanyu Liu,8017384
2026-07-05T07:13:39.421380,2026-07-05T07:13:39.425714+00:00,142.1,12,ask,YieldingYams,Xuanyu Liu,8017457
2026-07-05T07:13:39.662776,2026-07-05T07:13:39.667264+00:00,142.2,11,ask,YieldingYams,Xuanyu Liu,8017466
2026-07-05T07:13:39.897189,2026-07-05T07:13:39.909753+00:00,142.4,20,bid,BrilliantBurritos,WavyWalnuts,8017468
2026-07-05T07:13:42.562213,2026-07-05T07:13:42.566774+00:00,142.2,3,ask,WavyWalnuts,Xuanyu Liu,8017502
2026-07-05T07:13:43.600257,2026-07-05T07:13:43.608751+00:00,142.2,197,ask,WavyWalnuts,YieldingYams,8017517
2026-07-05T07:13:44.846877,2026-07-05T07:13:44.852614+00:00,142.2,428,bid,AverageAlmonds,YieldingYams,8017532
2026-07-05T07:13:47.234245,2026-07-05T07:13:47.246178+00:00,142.3,20,bid,BrilliantBurritos,WavyWalnuts,8017557
2026-07-05T07:13:47.421005,2026-07-05T07:13:47.430396+00:00,142.2,200,ask,YieldingYams,WavyWalnuts,8017566
2026-07-05T07:13:48.631431,2026-07-05T07:13:48.642639+00:00,142.2,200,ask,YieldingYams,WavyWalnuts,8017578
2026-07-05T07:13:50.042228,2026-07-05T07:13:50.058628+00:00,142.1,20,ask,YieldingYams,BrilliantBurritos,8017606
2026-07-05T07:13:51.063122,2026-07-05T07:13:51.074063+00:00,142.1,200,ask,YieldingYams,WavyWalnuts,8017617
2026-07-05T07:13:52.805295,2026-07-05T07:13:52.816950+00:00,142.0,200,ask,WavyWalnuts,YieldingYams,8017645
2026-07-05T07:13:53.949102,2026-07-05T07:13:53.955889+00:00,141.9,20,ask,WavyWalnuts,BrilliantBurritos,8017658
2026-07-05T07:13:54.431556,2026-07-05T07:13:54.443460+00:00,142.0,20,bid,BrilliantBurritos,YieldingYams,8017665
2026-07-05T07:13:55.757562,2026-07-05T07:13:55.769613+00:00,142.0,500,bid,AverageAlmonds,YieldingYams,8017687
2026-07-05T07:13:56.347389,2026-07-05T07:13:56.363798+00:00,142.0,125,bid,AverageAlmonds,YieldingYams,8017694
2026-07-05T07:13:56.347389,2026-07-05T07:13:56.363798+00:00,142.0,200,bid,AverageAlmonds,WavyWalnuts,8017695
2026-07-05T07:13:57.119933,2026-07-05T07:13:57.131234+00:00,142.1,200,ask,AverageAlmonds,WavyWalnuts,8017716
2026-07-05T07:13:58.058431,2026-07-05T07:13:58.071391+00:00,142.2,500,ask,AverageAlmonds,YieldingYams,8017727
2026-07-05T07:13:58.157979,2026-07-05T07:13:58.165150+00:00,142.2,125,bid,AverageAlmonds,YieldingYams,8017732
2026-07-05T07:13:58.332588,2026-07-05T07:13:58.343861+00:00,142.3,200,ask,AverageAlmonds,WavyWalnuts,8017739
2026-07-05T07:13:59.541024,2026-07-05T07:13:59.549684+00:00,142.2,200,bid,WavyWalnuts,YieldingYams,8017763
2026-07-05T07:13:59.979326,2026-07-05T07:13:59.989970+00:00,142.2,425,bid,AverageAlmonds,YieldingYams,8017765
2026-07-05T07:14:00.487221,2026-07-05T07:14:00.499439+00:00,142.2,20,ask,AverageAlmonds,BrilliantBurritos,8017773
2026-07-05T07:14:02.013090,2026-07-05T07:14:02.021560+00:00,142.4,200,ask,WavyWalnuts,YieldingYams,8017800
2026-07-05T07:14:05.435675,2026-07-05T07:14:05.447073+00:00,142.3,500,bid,AverageAlmonds,YieldingYams,8017840
2026-07-05T07:14:07.424120,2026-07-05T07:14:07.432321+00:00,142.2,20,ask,WavyWalnuts,BrilliantBurritos,8017883
2026-07-05T07:14:08.473717,2026-07-05T07:14:08.484599+00:00,142.3,200,bid,AverageAlmonds,WavyWalnuts,8017897
2026-07-05T07:14:11.656007,2026-07-05T07:14:11.664802+00:00,142.4,200,ask,YieldingYams,WavyWalnuts,8017945
2026-07-05T07:14:14.237412,2026-07-05T07:14:14.244645+00:00,142.6,20,bid,BrilliantBurritos,YieldingYams,8017986
2026-07-05T07:14:20.458970,2026-07-05T07:14:20.484530+00:00,142.4,200,ask,WavyWalnuts,YieldingYams,8018075
2026-07-05T07:14:20.480446,2026-07-05T07:14:20.484530+00:00,142.4,14,bid,Xuanyu Liu,YieldingYams,8018078
2026-07-05T07:14:20.923553,2026-07-05T07:14:20.931301+00:00,142.4,20,bid,BrilliantBurritos,YieldingYams,8018088
2026-07-05T07:14:22.576816,2026-07-05T07:14:22.587997+00:00,142.4,200,ask,YieldingYams,WavyWalnuts,8018106
2026-07-05T07:14:25.263427,2026-07-05T07:14:25.274632+00:00,142.4,25,bid,Harold Schneider,WavyWalnuts,8018147
2026-07-05T07:14:26.212956,2026-07-05T07:14:26.223415+00:00,142.3,200,ask,YieldingYams,WavyWalnuts,8018165
2026-07-05T07:14:26.874522,2026-07-05T07:14:26.878681+00:00,142.3,11,ask,YieldingYams,Xuanyu Liu,8018177
2026-07-05T07:14:28.369568,2026-07-05T07:14:28.378492+00:00,142.5,200,bid,YieldingYams,WavyWalnuts,8018199
2026-07-05T07:14:28.385153,2026-07-05T07:14:28.389222+00:00,142.5,3,ask,YieldingYams,Xuanyu Liu,8018202
2026-07-05T07:14:29.701545,2026-07-05T07:14:29.706322+00:00,142.5,3,bid,Xuanyu Liu,YieldingYams,8018223
2026-07-05T07:14:30.297091,2026-07-05T07:14:30.305038+00:00,142.5,25,bid,Harold Schneider,YieldingYams,8018236
2026-07-05T07:14:30.576041,2026-07-05T07:14:30.588068+00:00,142.5,20,bid,BrilliantBurritos,YieldingYams,8018238
2026-07-05T07:14:30.997478,2026-07-05T07:14:31.007937+00:00,142.4,200,ask,WavyWalnuts,YieldingYams,8018243
2026-07-05T07:14:32.317448,2026-07-05T07:14:32.326779+00:00,142.4,200,bid,YieldingYams,WavyWalnuts,8018260
2026-07-05T07:14:35.347966,2026-07-05T07:14:35.358598+00:00,142.4,2,ask,YieldingYams,Harold Schneider,8018311
2026-07-05T07:14:35.908406,2026-07-05T07:14:35.918644+00:00,142.4,200,ask,YieldingYams,WavyWalnuts,8018318
2026-07-05T07:14:39.044053,2026-07-05T07:14:39.058570+00:00,142.4,20,ask,WavyWalnuts,BrilliantBurritos,8018361
2026-07-05T07:14:39.537910,2026-07-05T07:14:39.549276+00:00,142.5,200,bid,WavyWalnuts,YieldingYams,8018368
2026-07-05T07:14:40.196266,2026-07-05T07:14:40.201048+00:00,142.4,3,ask,YieldingYams,Xuanyu Liu,8018376
2026-07-05T07:14:40.372018,2026-07-05T07:14:40.381872+00:00,142.4,2,ask,YieldingYams,Harold Schneider,8018379
2026-07-05T07:14:42.800288,2026-07-05T07:14:42.807928+00:00,142.5,200,bid,YieldingYams,WavyWalnuts,8018420
2026-07-05T07:14:43.168284,2026-07-05T07:14:43.180274+00:00,142.5,200,ask,YieldingYams,WavyWalnuts,8018423
2026-07-05T07:14:45.305058,2026-07-05T07:14:45.312344+00:00,142.6,20,bid,BrilliantBurritos,YieldingYams,8018452
2026-07-05T07:14:45.418499,2026-07-05T07:14:45.428919+00:00,142.4,2,ask,YieldingYams,Harold Schneider,8018455
2026-07-05T07:14:45.594090,2026-07-05T07:14:45.601413+00:00,142.5,200,bid,WavyWalnuts,YieldingYams,8018459
2026-07-05T07:14:50.436445,2026-07-05T07:14:50.444171+00:00,142.7,200,bid,WavyWalnuts,YieldingYams,8018534
2026-07-05T07:14:50.450939,2026-07-05T07:14:50.454368+00:00,142.4,2,ask,YieldingYams,Harold Schneider,8018535
2026-07-05T07:14:55.481724,2026-07-05T07:14:55.489168+00:00,142.5,2,ask,YieldingYams,Harold Schneider,8018590
2026-07-05T07:14:58.505591,2026-07-05T07:14:58.510048+00:00,142.6,14,bid,Xuanyu Liu,WavyWalnuts,8018621
2026-07-05T07:15:01.172633,2026-07-05T07:15:01.180367+00:00,142.7,500,bid,YieldingYams,AverageAlmonds,8018670
2026-07-05T07:15:01.172633,2026-07-05T07:15:01.185419+00:00,142.8,125,bid,YieldingYams,WavyWalnuts,8018671
2026-07-05T07:15:01.726251,2026-07-05T07:15:01.737450+00:00,142.8,200,ask,WavyWalnuts,AverageAlmonds,8018679
2026-07-05T07:15:02.539935,2026-07-05T07:15:02.547243+00:00,142.6,200,bid,WavyWalnuts,YieldingYams,8018693
2026-07-05T07:15:03.750060,2026-07-05T07:15:03.758566+00:00,142.6,200,bid,WavyWalnuts,YieldingYams,8018705
2026-07-05T07:15:04.169613,2026-07-05T07:15:04.177646+00:00,142.6,500,ask,YieldingYams,AverageAlmonds,8018717
2026-07-05T07:15:04.761410,2026-07-05T07:15:04.770074+00:00,142.6,125,ask,YieldingYams,AverageAlmonds,8018719
2026-07-05T07:15:04.964343,2026-07-05T07:15:04.973850+00:00,142.6,200,bid,WavyWalnuts,AverageAlmonds,8018724
2026-07-05T07:15:06.172426,2026-07-05T07:15:06.181954+00:00,142.5,200,bid,WavyWalnuts,YieldingYams,8018735
2026-07-05T07:15:07.381245,2026-07-05T07:15:07.393565+00:00,142.4,200,bid,WavyWalnuts,YieldingYams,8018743
2026-07-05T07:15:08.065415,2026-07-05T07:15:08.069645+00:00,142.3,14,ask,YieldingYams,Xuanyu Liu,8018753
2026-07-05T07:15:09.060007,2026-07-05T07:15:09.070209+00:00,142.4,200,ask,WavyWalnuts,YieldingYams,8018769
2026-07-05T07:15:10.541917,2026-07-05T07:15:10.558608+00:00,142.3,2,ask,WavyWalnuts,Harold Schneider,8018790
2026-07-05T07:15:11.018565,2026-07-05T07:15:11.027978+00:00,142.3,200,ask,YieldingYams,WavyWalnuts,8018802
2026-07-05T07:15:12.229190,2026-07-05T07:15:12.236406+00:00,142.2,200,ask,YieldingYams,WavyWalnuts,8018824
2026-07-05T07:15:12.725997,2026-07-05T07:15:12.738134+00:00,142.4,20,bid,BrilliantBurritos,AverageAlmonds,8018829
2026-07-05T07:15:14.398420,2026-07-05T07:15:14.402732+00:00,141.9,3,ask,WavyWalnuts,Xuanyu Liu,8018861
2026-07-05T07:15:15.552593,2026-07-05T07:15:15.564865+00:00,141.8,25,ask,YieldingYams,Harold Schneider,8018874
2026-07-05T07:15:15.573003,2026-07-05T07:15:15.580479+00:00,141.8,2,ask,YieldingYams,Harold Schneider,8018876
2026-07-05T07:15:15.869383,2026-07-05T07:15:15.877778+00:00,141.9,200,bid,WavyWalnuts,YieldingYams,8018881
2026-07-05T07:15:18.246889,2026-07-05T07:15:18.253580+00:00,142.0,200,bid,YieldingYams,WavyWalnuts,8018915
2026-07-05T07:15:18.297895,2026-07-05T07:15:18.305688+00:00,142.0,200,ask,YieldingYams,WavyWalnuts,8018921
2026-07-05T07:15:20.586921,2026-07-05T07:15:20.599091+00:00,141.9,2,ask,YieldingYams,Harold Schneider,8018950
2026-07-05T07:15:24.830742,2026-07-05T07:15:24.841940+00:00,141.9,200,ask,WavyWalnuts,YieldingYams,8019000
2026-07-05T07:15:25.567940,2026-07-05T07:15:25.577411+00:00,141.9,200,bid,WavyWalnuts,YieldingYams,8019011
2026-07-05T07:15:25.610550,2026-07-05T07:15:25.619091+00:00,141.6,2,ask,YieldingYams,Harold Schneider,8019013
2026-07-05T07:15:25.969262,2026-07-05T07:15:25.974133+00:00,141.8,3,bid,Xuanyu Liu,AverageAlmonds,8019021
2026-07-05T07:15:26.776107,2026-07-05T07:15:26.785979+00:00,141.9,200,bid,WavyWalnuts,AverageAlmonds,8019029
2026-07-05T07:15:27.086513,2026-07-05T07:15:27.090926+00:00,141.7,14,ask,YieldingYams,Xuanyu Liu,8019038
2026-07-05T07:15:27.983270,2026-07-05T07:15:27.991728+00:00,142.0,200,bid,WavyWalnuts,YieldingYams,8019056
2026-07-05T07:15:30.626860,2026-07-05T07:15:30.639121+00:00,141.8,2,ask,YieldingYams,Harold Schneider,8019092
2026-07-05T07:15:32.377638,2026-07-05T07:15:32.389603+00:00,141.8,20,ask,YieldingYams,BrilliantBurritos,8019118
2026-07-05T07:15:35.658500,2026-07-05T07:15:35.670385+00:00,141.8,5,ask,WavyWalnuts,Harold Schneider,8019152
2026-07-05T07:15:40.195251,2026-07-05T07:15:40.207397+00:00,142.1,20,bid,BrilliantBurritos,WavyWalnuts,8019208
2026-07-05T07:15:41.936808,2026-07-05T07:15:41.948188+00:00,142.2,200,bid,YieldingYams,WavyWalnuts,8019235
2026-07-05T07:15:41.936808,2026-07-05T07:15:41.948188+00:00,142.2,425,bid,YieldingYams,AverageAlmonds,8019236
2026-07-05T07:15:42.516935,2026-07-05T07:15:42.526060+00:00,142.1,200,bid,WavyWalnuts,AverageAlmonds,8019247
2026-07-05T07:15:43.265030,2026-07-05T07:15:43.269162+00:00,142.0,35,ask,YieldingYams,Xuanyu Liu,8019254
2026-07-05T07:15:43.784194,2026-07-05T07:15:43.796113+00:00,142.1,20,bid,BrilliantBurritos,WavyWalnuts,8019259
2026-07-05T07:15:44.567736,2026-07-05T07:15:44.574985+00:00,142.1,180,bid,YieldingYams,WavyWalnuts,8019274
2026-07-05T07:15:44.567736,2026-07-05T07:15:44.580231+00:00,142.1,445,bid,YieldingYams,AverageAlmonds,8019275
2026-07-05T07:15:45.886656,2026-07-05T07:15:45.895940+00:00,142.0,200,ask,WavyWalnuts,YieldingYams,8019296
2026-07-05T07:15:46.092527,2026-07-05T07:15:46.096802+00:00,141.8,35,bid,Xuanyu Liu,YieldingYams,8019298
2026-07-05T07:15:46.153133,2026-07-05T07:15:46.160133+00:00,141.8,200,bid,WavyWalnuts,YieldingYams,8019301
2026-07-05T07:15:46.349697,2026-07-05T07:15:46.358555+00:00,141.8,20,bid,BrilliantBurritos,YieldingYams,8019307
2026-07-05T07:15:48.529871,2026-07-05T07:15:48.534069+00:00,142.0,12,ask,YieldingYams,Xuanyu Liu,8019328
2026-07-05T07:15:51.143993,2026-07-05T07:15:51.158555+00:00,142.1,200,bid,YieldingYams,WavyWalnuts,8019367
2026-07-05T07:15:51.740764,2026-07-05T07:15:51.752610+00:00,142.1,20,ask,YieldingYams,BrilliantBurritos,8019375
2026-07-05T07:15:52.226540,2026-07-05T07:15:52.235622+00:00,142.1,200,ask,YieldingYams,WavyWalnuts,8019388
2026-07-05T07:15:57.750720,2026-07-05T07:15:57.769203+00:00,141.8,200,bid,YieldingYams,WavyWalnuts,8019457
2026-07-05T07:15:57.765075,2026-07-05T07:15:57.769203+00:00,141.8,11,ask,YieldingYams,Xuanyu Liu,8019459
2026-07-05T07:15:58.805022,2026-07-05T07:15:58.809380+00:00,141.8,12,ask,YieldingYams,Xuanyu Liu,8019472
2026-07-05T07:16:05.902470,2026-07-05T07:16:05.913137+00:00,141.6,200,bid,AverageAlmonds,WavyWalnuts,8019573
2026-07-05T07:16:08.242975,2026-07-05T07:16:08.258565+00:00,141.6,200,bid,YieldingYams,WavyWalnuts,8019605
2026-07-05T07:16:10.886665,2026-07-05T07:16:10.896415+00:00,141.6,200,ask,WavyWalnuts,YieldingYams,8019639
2026-07-05T07:16:11.436581,2026-07-05T07:16:11.441361+00:00,141.6,12,bid,Xuanyu Liu,YieldingYams,8019647
2026-07-05T07:16:11.947008,2026-07-05T07:16:11.958568+00:00,141.6,413,bid,AverageAlmonds,YieldingYams,8019659
2026-07-05T07:16:11.947008,2026-07-05T07:16:11.958568+00:00,141.6,87,bid,AverageAlmonds,WavyWalnuts,8019660
2026-07-05T07:16:12.199067,2026-07-05T07:16:12.208575+00:00,141.6,113,bid,YieldingYams,WavyWalnuts,8019667
2026-07-05T07:16:12.833193,2026-07-05T07:16:12.840131+00:00,141.6,200,ask,YieldingYams,WavyWalnuts,8019676
2026-07-05T07:16:13.523453,2026-07-05T07:16:13.533303+00:00,141.7,500,ask,AverageAlmonds,YieldingYams,8019691
2026-07-05T07:16:13.747544,2026-07-05T07:16:13.755234+00:00,141.7,125,bid,AverageAlmonds,YieldingYams,8019695
2026-07-05T07:16:14.043639,2026-07-05T07:16:14.058588+00:00,141.7,200,ask,AverageAlmonds,WavyWalnuts,8019703
2026-07-05T07:16:15.251792,2026-07-05T07:16:15.258542+00:00,141.7,200,ask,YieldingYams,WavyWalnuts,8019719
2026-07-05T07:16:16.484561,2026-07-05T07:16:16.488730+00:00,141.8,23,bid,Xuanyu Liu,WavyWalnuts,8019734
2026-07-05T07:16:17.674104,2026-07-05T07:16:17.685316+00:00,141.7,200,ask,AverageAlmonds,WavyWalnuts,8019754
2026-07-05T07:16:18.881891,2026-07-05T07:16:18.893380+00:00,141.9,200,ask,YieldingYams,WavyWalnuts,8019775
2026-07-05T07:16:20.123070,2026-07-05T07:16:20.126864+00:00,141.9,11,bid,Xuanyu Liu,WavyWalnuts,8019793
2026-07-05T07:16:26.065107,2026-07-05T07:16:26.069558+00:00,142.0,3,bid,Xuanyu Liu,WavyWalnuts,8019874
2026-07-05T07:16:26.375128,2026-07-05T07:16:26.385899+00:00,142.0,20,bid,BrilliantBurritos,YieldingYams,8019878
2026-07-05T07:16:29.330661,2026-07-05T07:16:29.352046+00:00,141.7,500,ask,AverageAlmonds,YieldingYams,8019925
2026-07-05T07:16:29.346895,2026-07-05T07:16:29.352046+00:00,141.7,3,bid,Xuanyu Liu,YieldingYams,8019928
2026-07-05T07:16:29.499925,2026-07-05T07:16:29.511693+00:00,141.7,122,bid,AverageAlmonds,YieldingYams,8019929
2026-07-05T07:16:29.499925,2026-07-05T07:16:29.511693+00:00,141.8,200,bid,AverageAlmonds,WavyWalnuts,8019930
2026-07-05T07:16:29.804821,2026-07-05T07:16:29.811852+00:00,141.8,178,ask,AverageAlmonds,WavyWalnuts,8019934
2026-07-05T07:16:30.103465,2026-07-05T07:16:30.115082+00:00,141.8,22,bid,AverageAlmonds,WavyWalnuts,8019936
2026-07-05T07:16:30.657092,2026-07-05T07:16:30.661392+00:00,142.0,3,ask,YieldingYams,Xuanyu Liu,8019949
2026-07-05T07:16:31.014811,2026-07-05T07:16:31.025530+00:00,142.0,200,ask,YieldingYams,WavyWalnuts,8019953
2026-07-05T07:16:38.002694,2026-07-05T07:16:38.014691+00:00,142.1,20,bid,BrilliantBurritos,WavyWalnuts,8020047
2026-07-05T07:16:39.479880,2026-07-05T07:16:39.490852+00:00,142.0,200,ask,YieldingYams,WavyWalnuts,8020063
2026-07-05T07:16:45.535815,2026-07-05T07:16:45.545570+00:00,142.2,200,bid,WavyWalnuts,YieldingYams,8020153
2026-07-05T07:16:46.266565,2026-07-05T07:16:46.279220+00:00,142.2,20,bid,BrilliantBurritos,YieldingYams,8020159
2026-07-05T07:16:51.587091,2026-07-05T07:16:51.595048+00:00,142.2,200,ask,YieldingYams,WavyWalnuts,8020237
2026-07-05T07:16:54.008503,2026-07-05T07:16:54.020408+00:00,142.1,200,ask,YieldingYams,WavyWalnuts,8020272
2026-07-05T07:16:59.616086,2026-07-05T07:16:59.627602+00:00,142.0,200,bid,YieldingYams,WavyWalnuts,8020320
2026-07-05T07:16:59.616086,2026-07-05T07:16:59.627602+00:00,142.0,425,bid,YieldingYams,AverageAlmonds,8020321
2026-07-05T07:17:00.934363,2026-07-05T07:17:00.941775+00:00,142.0,200,ask,WavyWalnuts,YieldingYams,8020340
2026-07-05T07:17:02.129447,2026-07-05T07:17:02.133784+00:00,141.9,3,ask,WavyWalnuts,Xuanyu Liu,8020364
2026-07-05T07:17:02.209530,2026-07-05T07:17:02.218828+00:00,141.9,197,ask,WavyWalnuts,AverageAlmonds,8020366
2026-07-05T07:17:02.243455,2026-07-05T07:17:02.251775+00:00,141.9,303,bid,YieldingYams,AverageAlmonds,8020367
2026-07-05T07:17:02.504090,2026-07-05T07:17:02.514871+00:00,141.9,200,ask,YieldingYams,WavyWalnuts,8020372
2026-07-05T07:17:02.800767,2026-07-05T07:17:02.812137+00:00,141.9,122,ask,YieldingYams,AverageAlmonds,8020376
2026-07-05T07:17:03.715503,2026-07-05T07:17:03.726551+00:00,141.8,200,bid,WavyWalnuts,YieldingYams,8020385
2026-07-05T07:17:04.925519,2026-07-05T07:17:04.935047+00:00,141.8,200,bid,WavyWalnuts,YieldingYams,8020402
2026-07-05T07:17:06.153967,2026-07-05T07:17:06.158748+00:00,141.7,11,ask,WavyWalnuts,Xuanyu Liu,8020422
2026-07-05T07:17:06.552222,2026-07-05T07:17:06.564029+00:00,141.8,20,bid,BrilliantBurritos,YieldingYams,8020431
2026-07-05T07:17:07.347925,2026-07-05T07:17:07.358612+00:00,141.8,200,bid,WavyWalnuts,YieldingYams,8020444
2026-07-05T07:17:10.464850,2026-07-05T07:17:10.469337+00:00,141.4,12,ask,YieldingYams,Xuanyu Liu,8020486
2026-07-05T07:17:11.470415,2026-07-05T07:17:11.474699+00:00,141.5,11,ask,YieldingYams,Xuanyu Liu,8020503
2026-07-05T07:17:12.783653,2026-07-05T07:17:12.799340+00:00,141.7,23,ask,YieldingYams,Xuanyu Liu,8020528
2026-07-05T07:17:13.397700,2026-07-05T07:17:13.404955+00:00,141.7,200,ask,YieldingYams,WavyWalnuts,8020536
2026-07-05T07:17:15.939089,2026-07-05T07:17:15.958620+00:00,141.8,20,bid,BrilliantBurritos,AverageAlmonds,8020564
2026-07-05T07:17:16.712529,2026-07-05T07:17:16.721340+00:00,141.8,200,bid,YieldingYams,WavyWalnuts,8020566
2026-07-05T07:17:16.712529,2026-07-05T07:17:16.721340+00:00,141.8,425,bid,YieldingYams,AverageAlmonds,8020567
2026-07-05T07:17:17.924191,2026-07-05T07:17:17.930726+00:00,141.7,23,bid,Xuanyu Liu,AverageAlmonds,8020584
2026-07-05T07:17:18.237926,2026-07-05T07:17:18.247675+00:00,141.7,200,bid,WavyWalnuts,AverageAlmonds,8020588
2026-07-05T07:17:18.573394,2026-07-05T07:17:18.577435+00:00,141.6,11,bid,Xuanyu Liu,AverageAlmonds,8020591
2026-07-05T07:17:19.447695,2026-07-05T07:17:19.463995+00:00,141.7,200,bid,WavyWalnuts,AverageAlmonds,8020605
2026-07-05T07:17:20.670231,2026-07-05T07:17:20.679981+00:00,141.6,200,bid,WavyWalnuts,AverageAlmonds,8020619
2026-07-05T07:17:22.799526,2026-07-05T07:17:22.810849+00:00,141.5,200,ask,WavyWalnuts,AverageAlmonds,8020644
2026-07-05T07:17:22.799526,2026-07-05T07:17:22.810849+00:00,141.5,300,ask,YieldingYams,AverageAlmonds,8020645
2026-07-05T07:17:23.290797,2026-07-05T07:17:23.298892+00:00,141.5,200,ask,WavyWalnuts,YieldingYams,8020648
2026-07-05T07:17:25.503100,2026-07-05T07:17:25.512098+00:00,141.3,200,ask,YieldingYams,WavyWalnuts,8020680
2026-07-05T07:17:29.882648,2026-07-05T07:17:29.890527+00:00,141.2,200,ask,WavyWalnuts,YieldingYams,8020756
2026-07-05T07:17:30.343468,2026-07-05T07:17:30.353705+00:00,141.2,200,bid,WavyWalnuts,YieldingYams,8020760
2026-07-05T07:17:30.579950,2026-07-05T07:17:30.584093+00:00,141.2,12,bid,Xuanyu Liu,YieldingYams,8020764
2026-07-05T07:17:31.556163,2026-07-05T07:17:31.565971+00:00,141.3,200,ask,YieldingYams,WavyWalnuts,8020779
2026-07-05T07:17:32.485381,2026-07-05T07:17:32.495226+00:00,141.3,20,ask,YieldingYams,BrilliantBurritos,8020791
2026-07-05T07:17:35.171538,2026-07-05T07:17:35.176041+00:00,141.3,11,bid,Xuanyu Liu,YieldingYams,8020825
2026-07-05T07:17:36.401269,2026-07-05T07:17:36.411429+00:00,141.3,200,bid,WavyWalnuts,YieldingYams,8020848
2026-07-05T07:17:38.929813,2026-07-05T07:17:38.934803+00:00,141.5,3,bid,Xuanyu Liu,YieldingYams,8020876
2026-07-05T07:17:46.092836,2026-07-05T07:17:46.100643+00:00,141.4,200,bid,WavyWalnuts,YieldingYams,8020986
2026-07-05T07:17:47.307167,2026-07-05T07:17:47.316044+00:00,141.4,200,bid,WavyWalnuts,YieldingYams,8021007
2026-07-05T07:17:48.967985,2026-07-05T07:17:48.980058+00:00,141.5,20,bid,BrilliantBurritos,WavyWalnuts,8021030
2026-07-05T07:17:50.940364,2026-07-05T07:17:50.948157+00:00,141.5,200,bid,WavyWalnuts,YieldingYams,8021060
2026-07-05T07:17:53.540767,2026-07-05T07:17:53.552747+00:00,141.4,200,ask,WavyWalnuts,YieldingYams,8021103
2026-07-05T07:17:54.565880,2026-07-05T07:17:54.574213+00:00,141.3,200,bid,WavyWalnuts,YieldingYams,8021123
2026-07-05T07:17:55.778816,2026-07-05T07:17:55.787263+00:00,141.5,200,bid,WavyWalnuts,YieldingYams,8021143
2026-07-05T07:17:59.413110,2026-07-05T07:17:59.420945+00:00,141.5,200,bid,WavyWalnuts,YieldingYams,8021195
2026-07-05T07:18:04.267909,2026-07-05T07:18:04.279411+00:00,141.5,200,ask,YieldingYams,WavyWalnuts,8021252
2026-07-05T07:18:09.113551,2026-07-05T07:18:09.123810+00:00,141.4,200,bid,WavyWalnuts,YieldingYams,8021332
2026-07-05T07:18:10.353395,2026-07-05T07:18:10.358331+00:00,141.5,3,ask,WavyWalnuts,Xuanyu Liu,8021352
2026-07-05T07:18:11.570941,2026-07-05T07:18:11.574874+00:00,141.6,11,ask,WavyWalnuts,Xuanyu Liu,8021367
2026-07-05T07:18:11.772995,2026-07-05T07:18:11.776738+00:00,141.7,14,bid,Xuanyu Liu,YieldingYams,8021373
2026-07-05T07:18:13.962549,2026-07-05T07:18:13.974137+00:00,141.6,200,bid,WavyWalnuts,YieldingYams,8021402
2026-07-05T07:18:15.827562,2026-07-05T07:18:15.836945+00:00,141.5,200,bid,YieldingYams,WavyWalnuts,8021428
2026-07-05T07:18:16.386289,2026-07-05T07:18:16.395757+00:00,141.5,200,ask,YieldingYams,WavyWalnuts,8021438
2026-07-05T07:18:18.950561,2026-07-05T07:18:18.963899+00:00,141.3,20,ask,YieldingYams,BrilliantBurritos,8021467
2026-07-05T07:18:25.003163,2026-07-05T07:18:25.014213+00:00,141.4,200,bid,YieldingYams,WavyWalnuts,8021551
2026-07-05T07:18:26.076650,2026-07-05T07:18:26.081261+00:00,141.5,3,ask,WavyWalnuts,Xuanyu Liu,8021572
2026-07-05T07:18:26.317657,2026-07-05T07:18:26.327845+00:00,141.5,197,ask,WavyWalnuts,YieldingYams,8021578
2026-07-05T07:18:31.558295,2026-07-05T07:18:31.567482+00:00,141.5,200,ask,WavyWalnuts,YieldingYams,8021651
2026-07-05T07:18:35.458838,2026-07-05T07:18:35.468928+00:00,141.3,500,ask,YieldingYams,AverageAlmonds,8021711
2026-07-05T07:18:35.734005,2026-07-05T07:18:35.743609+00:00,141.3,200,bid,WavyWalnuts,YieldingYams,8021716
2026-07-05T07:18:36.800843,2026-07-05T07:18:36.812372+00:00,141.3,500,bid,YieldingYams,AverageAlmonds,8021737
2026-07-05T07:18:37.257489,2026-07-05T07:18:37.269318+00:00,141.3,125,ask,YieldingYams,AverageAlmonds,8021743
2026-07-05T07:18:37.257489,2026-07-05T07:18:37.269318+00:00,141.3,200,ask,WavyWalnuts,AverageAlmonds,8021744
2026-07-05T07:18:38.151183,2026-07-05T07:18:38.160492+00:00,141.1,200,bid,WavyWalnuts,YieldingYams,8021761
2026-07-05T07:18:39.364825,2026-07-05T07:18:39.375622+00:00,141.1,200,bid,WavyWalnuts,YieldingYams,8021781
2026-07-05T07:18:40.256519,2026-07-05T07:18:40.260707+00:00,141.2,23,ask,YieldingYams,Xuanyu Liu,8021802
2026-07-05T07:18:42.041805,2026-07-05T07:18:42.052521+00:00,141.3,200,bid,YieldingYams,WavyWalnuts,8021834
2026-07-05T07:18:42.058504,2026-07-05T07:18:42.062792+00:00,141.3,11,ask,YieldingYams,Xuanyu Liu,8021836
2026-07-05T07:18:44.233489,2026-07-05T07:18:44.237546+00:00,141.3,11,bid,Xuanyu Liu,WavyWalnuts,8021874
2026-07-05T07:18:46.621281,2026-07-05T07:18:46.625384+00:00,141.3,26,bid,Xuanyu Liu,WavyWalnuts,8021919
2026-07-05T07:18:47.633396,2026-07-05T07:18:47.645657+00:00,141.2,20,bid,BrilliantBurritos,WavyWalnuts,8021930
2026-07-05T07:18:47.960704,2026-07-05T07:18:47.973051+00:00,141.0,20,ask,YieldingYams,BrilliantBurritos,8021937
2026-07-05T07:18:50.262212,2026-07-05T07:18:50.274722+00:00,140.9,20,ask,WavyWalnuts,BrilliantBurritos,8021968
2026-07-05T07:18:52.553641,2026-07-05T07:18:52.565185+00:00,140.9,200,ask,WavyWalnuts,YieldingYams,8022014
2026-07-05T07:18:52.719236,2026-07-05T07:18:52.726655+00:00,140.7,200,ask,AverageAlmonds,WavyWalnuts,8022019
2026-07-05T07:18:53.928945,2026-07-05T07:18:53.940889+00:00,140.8,200,ask,AverageAlmonds,WavyWalnuts,8022033
2026-07-05T07:18:54.162867,2026-07-05T07:18:54.170175+00:00,140.9,20,bid,BrilliantBurritos,YieldingYams,8022036
2026-07-05T07:18:56.354827,2026-07-05T07:18:56.358613+00:00,140.8,200,ask,YieldingYams,WavyWalnuts,8022063
2026-07-05T07:18:56.491838,2026-07-05T07:18:56.504223+00:00,140.8,500,ask,AverageAlmonds,YieldingYams,8022066
2026-07-05T07:18:56.624733,2026-07-05T07:18:56.632405+00:00,140.7,125,bid,AverageAlmonds,YieldingYams,8022067
2026-07-05T07:18:57.801250,2026-07-05T07:18:57.823318+00:00,140.9,200,bid,YieldingYams,WavyWalnuts,8022079
2026-07-05T07:18:57.818687,2026-07-05T07:18:57.823318+00:00,141.0,9,ask,YieldingYams,Xuanyu Liu,8022081
2026-07-05T07:18:59.123493,2026-07-05T07:18:59.134993+00:00,141.1,200,ask,WavyWalnuts,YieldingYams,8022098
2026-07-05T07:18:59.229247,2026-07-05T07:18:59.233484+00:00,141.1,9,bid,Xuanyu Liu,YieldingYams,8022102
2026-07-05T07:19:02.400484,2026-07-05T07:19:02.411777+00:00,141.1,200,bid,WavyWalnuts,YieldingYams,8022141
2026-07-05T07:19:03.937608,2026-07-05T07:19:03.944780+00:00,141.2,20,bid,BrilliantBurritos,YieldingYams,8022161
2026-07-05T07:19:05.140536,2026-07-05T07:19:05.152398+00:00,141.1,200,ask,WavyWalnuts,AverageAlmonds,8022189
2026-07-05T07:19:06.952433,2026-07-05T07:19:06.957418+00:00,141.0,500,ask,YieldingYams,AverageAlmonds,8022218
2026-07-05T07:19:08.463552,2026-07-05T07:19:08.471395+00:00,141.0,200,bid,WavyWalnuts,AverageAlmonds,8022240
2026-07-05T07:19:09.606875,2026-07-05T07:19:09.614300+00:00,141.0,500,bid,YieldingYams,AverageAlmonds,8022253
2026-07-05T07:19:09.956492,2026-07-05T07:19:09.964129+00:00,141.1,125,ask,YieldingYams,AverageAlmonds,8022256
2026-07-05T07:19:09.956492,2026-07-05T07:19:09.969640+00:00,141.0,200,ask,WavyWalnuts,AverageAlmonds,8022257
2026-07-05T07:19:11.952682,2026-07-05T07:19:11.957306+00:00,140.9,3,ask,WavyWalnuts,Xuanyu Liu,8022298
2026-07-05T07:19:12.238359,2026-07-05T07:19:12.242262+00:00,141.0,11,ask,YieldingYams,Xuanyu Liu,8022301
2026-07-05T07:19:13.002990,2026-07-05T07:19:13.010280+00:00,141.0,500,ask,YieldingYams,AverageAlmonds,8022311
2026-07-05T07:19:13.536128,2026-07-05T07:19:13.547405+00:00,141.0,200,ask,WavyWalnuts,YieldingYams,8022317
2026-07-05T07:19:16.049387,2026-07-05T07:19:16.054399+00:00,140.9,11,bid,Xuanyu Liu,AverageAlmonds,8022354
2026-07-05T07:19:17.468626,2026-07-05T07:19:17.479022+00:00,140.7,200,ask,WavyWalnuts,YieldingYams,8022374
2026-07-05T07:19:17.501048,2026-07-05T07:19:17.506021+00:00,140.7,3,bid,Xuanyu Liu,YieldingYams,8022382
2026-07-05T07:19:20.566507,2026-07-05T07:19:20.574188+00:00,140.5,200,bid,WavyWalnuts,YieldingYams,8022417
2026-07-05T07:19:26.652354,2026-07-05T07:19:26.656926+00:00,140.5,200,bid,YieldingYams,WavyWalnuts,8022514
2026-07-05T07:19:30.249322,2026-07-05T07:19:30.259881+00:00,140.5,200,ask,YieldingYams,WavyWalnuts,8022566
2026-07-05T07:19:31.881464,2026-07-05T07:19:31.889991+00:00,140.5,20,ask,YieldingYams,BrilliantBurritos,8022589
2026-07-05T07:19:36.041494,2026-07-05T07:19:36.046239+00:00,140.3,3,ask,WavyWalnuts,Xuanyu Liu,8022658
2026-07-05T07:19:36.573880,2026-07-05T07:19:36.584978+00:00,140.2,20,ask,AverageAlmonds,BrilliantBurritos,8022671
2026-07-05T07:19:36.958919,2026-07-05T07:19:36.971555+00:00,140.2,20,ask,AverageAlmonds,BrilliantBurritos,8022675
2026-07-05T07:19:39.210843,2026-07-05T07:19:39.215970+00:00,140.2,11,ask,WavyWalnuts,Xuanyu Liu,8022715
2026-07-05T07:19:39.951075,2026-07-05T07:19:39.955048+00:00,140.3,12,ask,WavyWalnuts,Xuanyu Liu,8022724
2026-07-05T07:19:41.145918,2026-07-05T07:19:41.158600+00:00,140.4,200,bid,WavyWalnuts,YieldingYams,8022741
2026-07-05T07:19:42.357193,2026-07-05T07:19:42.368865+00:00,140.4,200,bid,WavyWalnuts,YieldingYams,8022758
2026-07-05T07:19:43.527617,2026-07-05T07:19:43.538052+00:00,140.7,20,bid,BrilliantBurritos,WavyWalnuts,8022781
2026-07-05T07:19:46.448306,2026-07-05T07:19:46.458552+00:00,140.6,20,bid,BrilliantBurritos,WavyWalnuts,8022842
2026-07-05T07:19:47.656617,2026-07-05T07:19:47.660742+00:00,140.5,10,bid,Xuanyu Liu,YieldingYams,8022860
2026-07-05T07:19:51.575353,2026-07-05T07:19:51.586370+00:00,140.5,200,bid,YieldingYams,WavyWalnuts,8022927
2026-07-05T07:19:53.068437,2026-07-05T07:19:53.080851+00:00,140.4,20,ask,WavyWalnuts,BrilliantBurritos,8022949
2026-07-05T07:19:55.525850,2026-07-05T07:19:55.530056+00:00,140.4,10,ask,YieldingYams,Xuanyu Liu,8022996
2026-07-05T07:19:59.470147,2026-07-05T07:19:59.474771+00:00,140.4,12,bid,Xuanyu Liu,YieldingYams,8023061
2026-07-05T07:20:00.526140,2026-07-05T07:20:00.534154+00:00,140.4,200,bid,WavyWalnuts,YieldingYams,8023081
2026-07-05T07:20:01.735630,2026-07-05T07:20:01.744950+00:00,140.5,200,bid,WavyWalnuts,YieldingYams,8023092
2026-07-05T07:20:04.475972,2026-07-05T07:20:04.481367+00:00,140.6,11,bid,Xuanyu Liu,YieldingYams,8023130
2026-07-05T07:20:06.019723,2026-07-05T07:20:06.039964+00:00,140.5,200,ask,WavyWalnuts,YieldingYams,8023152
2026-07-05T07:20:06.035417,2026-07-05T07:20:06.039964+00:00,140.5,3,bid,Xuanyu Liu,YieldingYams,8023154
2026-07-05T07:20:08.643587,2026-07-05T07:20:08.653188+00:00,140.4,200,ask,WavyWalnuts,YieldingYams,8023192
2026-07-05T07:20:09.004078,2026-07-05T07:20:09.011975+00:00,140.3,200,bid,WavyWalnuts,YieldingYams,8023198
2026-07-05T07:20:09.605780,2026-07-05T07:20:09.613266+00:00,140.0,20,ask,YieldingYams,BrilliantBurritos,8023211
2026-07-05T07:20:10.212778,2026-07-05T07:20:10.221685+00:00,140.5,200,bid,WavyWalnuts,YieldingYams,8023222
2026-07-05T07:20:17.529979,2026-07-05T07:20:17.540930+00:00,140.2,20,ask,WavyWalnuts,BrilliantBurritos,8023331
2026-07-05T07:20:21.759454,2026-07-05T07:20:21.767799+00:00,140.3,200,ask,WavyWalnuts,YieldingYams,8023381
2026-07-05T07:20:22.331461,2026-07-05T07:20:22.341186+00:00,140.3,200,bid,WavyWalnuts,YieldingYams,8023389
2026-07-05T07:20:23.515262,2026-07-05T07:20:23.527276+00:00,140.5,20,bid,BrilliantBurritos,YieldingYams,8023399
2026-07-05T07:20:24.810483,2026-07-05T07:20:24.815627+00:00,140.2,3,ask,WavyWalnuts,Xuanyu Liu,8023425
2026-07-05T07:20:28.420870,2026-07-05T07:20:28.432448+00:00,140.3,200,ask,YieldingYams,WavyWalnuts,8023493
2026-07-05T07:20:29.635699,2026-07-05T07:20:29.641424+00:00,140.3,3,bid,Xuanyu Liu,YieldingYams,8023508
2026-07-05T07:20:31.140527,2026-07-05T07:20:31.144291+00:00,140.0,26,ask,WavyWalnuts,Xuanyu Liu,8023538
2026-07-05T07:20:33.552044,2026-07-05T07:20:33.558602+00:00,140.0,200,ask,WavyWalnuts,YieldingYams,8023573
2026-07-05T07:20:34.485545,2026-07-05T07:20:34.495524+00:00,139.8,200,bid,WavyWalnuts,YieldingYams,8023591
2026-07-05T07:20:38.133571,2026-07-05T07:20:38.144293+00:00,139.9,200,ask,YieldingYams,WavyWalnuts,8023645
2026-07-05T07:20:42.863637,2026-07-05T07:20:42.875977+00:00,139.8,20,ask,WavyWalnuts,BrilliantBurritos,8023711
2026-07-05T07:20:44.067140,2026-07-05T07:20:44.076298+00:00,139.8,200,ask,WavyWalnuts,YieldingYams,8023728
2026-07-05T07:20:44.180132,2026-07-05T07:20:44.186959+00:00,139.8,200,bid,WavyWalnuts,YieldingYams,8023733
2026-07-05T07:20:45.077022,2026-07-05T07:20:45.089235+00:00,139.8,20,bid,BrilliantBurritos,YieldingYams,8023740
2026-07-05T07:20:46.603321,2026-07-05T07:20:46.612575+00:00,139.9,200,ask,YieldingYams,WavyWalnuts,8023757
2026-07-05T07:20:47.809859,2026-07-05T07:20:47.821777+00:00,139.9,200,bid,WavyWalnuts,YieldingYams,8023776
2026-07-05T07:20:57.191781,2026-07-05T07:20:57.201015+00:00,139.9,200,ask,WavyWalnuts,YieldingYams,8023927
2026-07-05T07:20:57.503585,2026-07-05T07:20:57.513423+00:00,139.9,200,bid,WavyWalnuts,YieldingYams,8023931
2026-07-05T07:20:58.515455,2026-07-05T07:20:58.519475+00:00,140.0,23,ask,YieldingYams,Xuanyu Liu,8023952
2026-07-05T07:20:59.618534,2026-07-05T07:20:59.623501+00:00,140.0,11,ask,YieldingYams,Xuanyu Liu,8023968
2026-07-05T07:21:01.308741,2026-07-05T07:21:01.321277+00:00,139.8,20,ask,YieldingYams,BrilliantBurritos,8023988
2026-07-05T07:21:05.967983,2026-07-05T07:21:05.979441+00:00,140.0,200,bid,WavyWalnuts,YieldingYams,8024057
2026-07-05T07:21:06.610620,2026-07-05T07:21:06.623098+00:00,139.9,20,ask,YieldingYams,BrilliantBurritos,8024067
2026-07-05T07:21:06.919055,2026-07-05T07:21:06.931486+00:00,139.9,20,ask,YieldingYams,BrilliantBurritos,8024068
2026-07-05T07:21:08.984730,2026-07-05T07:21:08.994745+00:00,139.9,200,ask,WavyWalnuts,YieldingYams,8024097
2026-07-05T07:21:09.993166,2026-07-05T07:21:10.005247+00:00,139.9,20,bid,BrilliantBurritos,YieldingYams,8024111
2026-07-05T07:21:10.301489,2026-07-05T07:21:10.311406+00:00,140.0,200,bid,YieldingYams,WavyWalnuts,8024120
2026-07-05T07:21:12.922918,2026-07-05T07:21:12.934857+00:00,140.0,200,ask,WavyWalnuts,YieldingYams,8024156
2026-07-05T07:21:18.353362,2026-07-05T07:21:18.368713+00:00,139.8,200,ask,WavyWalnuts,AverageAlmonds,8024236
2026-07-05T07:21:18.353362,2026-07-05T07:21:18.368713+00:00,139.8,300,ask,YieldingYams,AverageAlmonds,8024237
2026-07-05T07:21:19.291996,2026-07-05T07:21:19.301028+00:00,139.8,200,ask,YieldingYams,WavyWalnuts,8024250
2026-07-05T07:21:19.714071,2026-07-05T07:21:19.721147+00:00,139.8,20,bid,BrilliantBurritos,AverageAlmonds,8024257
2026-07-05T07:21:20.498556,2026-07-05T07:21:20.505844+00:00,139.9,200,bid,WavyWalnuts,YieldingYams,8024274
2026-07-05T07:21:21.365650,2026-07-05T07:21:21.374355+00:00,139.7,500,ask,YieldingYams,AverageAlmonds,8024287
2026-07-05T07:21:21.720987,2026-07-05T07:21:21.724828+00:00,139.8,11,ask,WavyWalnuts,Xuanyu Liu,8024292
2026-07-05T07:21:21.951053,2026-07-05T07:21:21.954893+00:00,139.8,189,ask,WavyWalnuts,AverageAlmonds,8024295
2026-07-05T07:21:21.951053,2026-07-05T07:21:21.954893+00:00,139.7,125,ask,YieldingYams,AverageAlmonds,8024296
2026-07-05T07:21:22.911873,2026-07-05T07:21:22.919999+00:00,139.6,200,bid,WavyWalnuts,YieldingYams,8024309
2026-07-05T07:21:24.402103,2026-07-05T07:21:24.411369+00:00,139.5,500,ask,YieldingYams,AverageAlmonds,8024338
2026-07-05T07:21:24.995074,2026-07-05T07:21:25.006194+00:00,139.5,200,ask,WavyWalnuts,AverageAlmonds,8024348
2026-07-05T07:21:26.025055,2026-07-05T07:21:26.032630+00:00,139.4,500,bid,YieldingYams,AverageAlmonds,8024363
2026-07-05T07:21:26.811501,2026-07-05T07:21:26.819723+00:00,139.4,125,ask,YieldingYams,AverageAlmonds,8024379
2026-07-05T07:21:27.335667,2026-07-05T07:21:27.343173+00:00,139.3,200,ask,WavyWalnuts,YieldingYams,8024386
2026-07-05T07:21:27.354812,2026-07-05T07:21:27.359000+00:00,139.2,11,bid,Xuanyu Liu,YieldingYams,8024388
2026-07-05T07:21:27.755880,2026-07-05T07:21:27.753694+00:00,139.2,200,bid,WavyWalnuts,YieldingYams,8024393
2026-07-05T07:21:28.665322,2026-07-05T07:21:28.675723+00:00,139.3,500,bid,YieldingYams,AverageAlmonds,8024402
2026-07-05T07:21:28.682584,2026-07-05T07:21:28.687448+00:00,139.3,11,ask,YieldingYams,Xuanyu Liu,8024404
2026-07-05T07:21:29.216635,2026-07-05T07:21:29.228721+00:00,139.3,114,ask,YieldingYams,AverageAlmonds,8024414
2026-07-05T07:21:29.216635,2026-07-05T07:21:29.228721+00:00,139.3,200,ask,WavyWalnuts,AverageAlmonds,8024415
2026-07-05T07:21:30.170184,2026-07-05T07:21:30.179490+00:00,139.1,200,bid,WavyWalnuts,YieldingYams,8024430
2026-07-05T07:21:31.381393,2026-07-05T07:21:31.389652+00:00,139.0,200,bid,WavyWalnuts,YieldingYams,8024445
2026-07-05T07:21:32.588956,2026-07-05T07:21:32.599087+00:00,139.0,200,bid,WavyWalnuts,YieldingYams,8024463
2026-07-05T07:21:32.598122,2026-07-05T07:21:32.609742+00:00,139.2,200,bid,YieldingYams,WavyWalnuts,8024464
2026-07-05T07:21:36.413202,2026-07-05T07:21:36.420676+00:00,139.2,20,ask,YieldingYams,BrilliantBurritos,8024520
2026-07-05T07:21:36.533826,2026-07-05T07:21:36.543134+00:00,139.4,200,bid,YieldingYams,WavyWalnuts,8024523
2026-07-05T07:21:37.865114,2026-07-05T07:21:37.869393+00:00,139.4,11,bid,Xuanyu Liu,YieldingYams,8024543
2026-07-05T07:21:39.173015,2026-07-05T07:21:39.177662+00:00,139.3,11,bid,Xuanyu Liu,YieldingYams,8024562
2026-07-05T07:21:39.858634,2026-07-05T07:21:39.866429+00:00,139.3,200,bid,WavyWalnuts,YieldingYams,8024570
2026-07-05T07:21:40.426323,2026-07-05T07:21:40.435550+00:00,139.0,20,ask,YieldingYams,BrilliantBurritos,8024580
2026-07-05T07:21:40.485425,2026-07-05T07:21:40.489628+00:00,139.2,12,bid,Xuanyu Liu,YieldingYams,8024584
2026-07-05T07:21:41.301558,2026-07-05T07:21:41.313501+00:00,139.1,20,ask,WavyWalnuts,BrilliantBurritos,8024598
2026-07-05T07:21:44.583685,2026-07-05T07:21:44.595827+00:00,139.3,20,bid,BrilliantBurritos,WavyWalnuts,8024635
2026-07-05T07:21:45.778919,2026-07-05T07:21:45.784005+00:00,139.3,11,bid,Xuanyu Liu,WavyWalnuts,8024651
2026-07-05T07:21:45.911376,2026-07-05T07:21:45.921869+00:00,139.2,200,ask,YieldingYams,WavyWalnuts,8024654
2026-07-05T07:21:46.461358,2026-07-05T07:21:46.468935+00:00,139.2,20,ask,YieldingYams,BrilliantBurritos,8024660
2026-07-05T07:21:46.782354,2026-07-05T07:21:46.789853+00:00,139.2,405,ask,YieldingYams,AverageAlmonds,8024669
