timestamp,recv_time,price,volume,aggressor_side,buyer,seller,trade_id
2026-07-06T22:00:02.612429,2026-07-06T22:00:02.621478+00:00,155.7,200,ask,,,10003910
2026-07-06T22:00:02.630571,2026-07-06T22:00:02.636814+00:00,155.5,8,ask,,,10003913
2026-07-06T22:00:03.933026,2026-07-06T22:00:03.936845+00:00,155.6,12,ask,,,10003930
2026-07-06T22:00:06.616634,2026-07-06T22:00:06.623407+00:00,155.6,200,ask,,,10003973
2026-07-06T22:00:08.438630,2026-07-06T22:00:08.446739+00:00,155.5,8,ask,,,10003999
2026-07-06T22:00:10.497694,2026-07-06T22:00:10.508021+00:00,155.5,200,ask,,,10004015
2026-07-06T22:00:11.211223,2026-07-06T22:00:11.223139+00:00,155.5,8,bid,,,10004034
2026-07-06T22:00:13.122998,2026-07-06T22:00:13.131730+00:00,155.4,200,ask,,,10004052
2026-07-06T22:00:13.231245,2026-07-06T22:00:13.237749+00:00,155.4,8,bid,,,10004053
2026-07-06T22:00:15.155373,2026-07-06T22:00:15.163927+00:00,155.5,20,bid,,,10004073
2026-07-06T22:00:20.533713,2026-07-06T22:00:20.544409+00:00,155.1,8,ask,,,10004140
2026-07-06T22:00:21.175756,2026-07-06T22:00:21.180151+00:00,155.2,11,ask,,,10004151
2026-07-06T22:00:21.804944,2026-07-06T22:00:21.816768+00:00,155.2,8,ask,,,10004161
2026-07-06T22:00:22.295473,2026-07-06T22:00:22.303080+00:00,155.2,181,ask,,,10004164
2026-07-06T22:00:25.075867,2026-07-06T22:00:25.090457+00:00,155.2,8,bid,,,10004199
2026-07-06T22:00:26.219465,2026-07-06T22:00:26.230914+00:00,155.1,200,bid,,,10004218
2026-07-06T22:00:28.413694,2026-07-06T22:00:28.421499+00:00,155.1,20,ask,,,10004251
2026-07-06T22:00:29.509318,2026-07-06T22:00:29.520987+00:00,155.1,20,ask,,,10004265
2026-07-06T22:00:29.618956,2026-07-06T22:00:29.630366+00:00,155.2,200,bid,,,10004267
2026-07-06T22:00:31.476015,2026-07-06T22:00:31.491239+00:00,155.2,200,ask,,,10004296
2026-07-06T22:00:31.479135,2026-07-06T22:00:31.491239+00:00,155.2,20,bid,,,10004297
2026-07-06T22:00:34.093324,2026-07-06T22:00:34.103825+00:00,155.1,200,ask,,,10004330
2026-07-06T22:00:36.402753,2026-07-06T22:00:36.411813+00:00,155.0,8,ask,,,10004365
2026-07-06T22:00:36.888096,2026-07-06T22:00:36.895228+00:00,155.2,200,bid,,,10004371
2026-07-06T22:00:37.660129,2026-07-06T22:00:37.672259+00:00,154.9,8,ask,,,10004385
2026-07-06T22:00:38.678332,2026-07-06T22:00:38.689818+00:00,155.1,8,ask,,,10004395
2026-07-06T22:00:40.638959,2026-07-06T22:00:40.664038+00:00,155.1,200,bid,,,10004423
2026-07-06T22:00:41.949488,2026-07-06T22:00:41.958613+00:00,155.2,200,ask,,,10004438
2026-07-06T22:00:43.274851,2026-07-06T22:00:43.278800+00:00,155.2,12,ask,,,10004455
2026-07-06T22:00:44.141814,2026-07-06T22:00:44.148489+00:00,155.2,200,ask,,,10004464
2026-07-06T22:00:44.996935,2026-07-06T22:00:45.001018+00:00,155.0,11,ask,,,10004479
2026-07-06T22:00:45.229322,2026-07-06T22:00:45.240858+00:00,155.0,8,ask,,,10004482
2026-07-06T22:00:45.749917,2026-07-06T22:00:45.758536+00:00,154.9,8,ask,,,10004489
2026-07-06T22:00:47.016184,2026-07-06T22:00:47.027883+00:00,154.9,8,ask,,,10004509
2026-07-06T22:00:47.118991,2026-07-06T22:00:47.129572+00:00,155.1,20,bid,,,10004510
2026-07-06T22:00:49.213918,2026-07-06T22:00:49.225516+00:00,155.1,20,bid,,,10004543
2026-07-06T22:00:50.196107,2026-07-06T22:00:50.206754+00:00,155.1,200,bid,,,10004552
2026-07-06T22:00:51.986761,2026-07-06T22:00:51.996586+00:00,155.0,20,ask,,,10004576
2026-07-06T22:00:53.822268,2026-07-06T22:00:53.828983+00:00,155.1,200,bid,,,10004593
2026-07-06T22:00:55.029998,2026-07-06T22:00:55.036310+00:00,155.1,200,bid,,,10004609
2026-07-06T22:00:55.064386,2026-07-06T22:00:55.067962+00:00,155.0,11,ask,,,10004611
2026-07-06T22:00:56.252085,2026-07-06T22:00:56.256396+00:00,155.1,12,ask,,,10004629
2026-07-06T22:00:59.870637,2026-07-06T22:00:59.877493+00:00,155.1,200,ask,,,10004674
2026-07-06T22:01:02.288392,2026-07-06T22:01:02.295242+00:00,155.2,200,bid,,,10004703
2026-07-06T22:01:02.908396,2026-07-06T22:01:02.919827+00:00,155.0,8,ask,,,10004712
2026-07-06T22:01:04.728163,2026-07-06T22:01:04.733001+00:00,155.2,12,bid,,,10004736
2026-07-06T22:01:05.521659,2026-07-06T22:01:05.531611+00:00,155.2,188,bid,,,10004747
2026-07-06T22:01:07.433504,2026-07-06T22:01:07.445211+00:00,155.1,8,ask,,,10004780
2026-07-06T22:01:08.847025,2026-07-06T22:01:08.858630+00:00,155.2,20,ask,,,10004811
2026-07-06T22:01:09.633083,2026-07-06T22:01:09.637010+00:00,155.3,8,bid,,,10004820
2026-07-06T22:01:09.706512,2026-07-06T22:01:09.714484+00:00,155.1,8,ask,,,10004823
2026-07-06T22:01:10.474076,2026-07-06T22:01:10.485829+00:00,155.1,8,ask,,,10004839
2026-07-06T22:01:12.055174,2026-07-06T22:01:12.059204+00:00,155.2,3,bid,,,10004855
2026-07-06T22:01:12.065625,2026-07-06T22:01:12.074984+00:00,155.2,197,bid,,,10004856
2026-07-06T22:01:12.233746,2026-07-06T22:01:12.240702+00:00,155.4,8,bid,,,10004861
2026-07-06T22:01:16.516029,2026-07-06T22:01:16.523096+00:00,155.2,8,ask,,,10004916
2026-07-06T22:01:18.622149,2026-07-06T22:01:18.631891+00:00,155.2,500,bid,,,10004939
2026-07-06T22:01:19.231986,2026-07-06T22:01:19.239383+00:00,155.2,125,ask,,,10004949
2026-07-06T22:01:19.951894,2026-07-06T22:01:19.955924+00:00,155.0,11,bid,,,10004966
2026-07-06T22:01:21.060848,2026-07-06T22:01:21.074030+00:00,154.8,8,ask,,,10004981
2026-07-06T22:01:22.560095,2026-07-06T22:01:22.570908+00:00,154.9,200,bid,,,10005002
2026-07-06T22:01:23.875048,2026-07-06T22:01:23.883035+00:00,154.8,200,ask,,,10005018
2026-07-06T22:01:23.890318,2026-07-06T22:01:23.894284+00:00,154.8,12,bid,,,10005021
2026-07-06T22:01:25.585352,2026-07-06T22:01:25.595838+00:00,154.9,8,bid,,,10005046
2026-07-06T22:01:26.351622,2026-07-06T22:01:26.364040+00:00,154.9,8,bid,,,10005065
2026-07-06T22:01:26.618937,2026-07-06T22:01:26.629726+00:00,154.8,8,bid,,,10005074
2026-07-06T22:01:28.318713,2026-07-06T22:01:28.327397+00:00,154.6,20,ask,,,10005096
2026-07-06T22:01:30.175582,2026-07-06T22:01:30.183308+00:00,154.7,8,bid,,,10005119
2026-07-06T22:01:30.178666,2026-07-06T22:01:30.188594+00:00,154.7,20,bid,,,10005120
2026-07-06T22:01:31.194905,2026-07-06T22:01:31.203932+00:00,154.6,8,ask,,,10005132
2026-07-06T22:01:31.712975,2026-07-06T22:01:31.724622+00:00,154.7,8,bid,,,10005139
2026-07-06T22:01:31.948946,2026-07-06T22:01:31.958626+00:00,154.7,500,ask,,,10005140
2026-07-06T22:01:32.125645,2026-07-06T22:01:32.137505+00:00,154.7,20,ask,,,10005143
2026-07-06T22:01:32.542341,2026-07-06T22:01:32.550338+00:00,154.7,105,ask,,,10005145
2026-07-06T22:01:32.670199,2026-07-06T22:01:32.680215+00:00,154.7,200,bid,,,10005148
2026-07-06T22:01:33.259282,2026-07-06T22:01:33.269444+00:00,154.3,8,ask,,,10005160
2026-07-06T22:01:33.882615,2026-07-06T22:01:33.892656+00:00,154.6,200,bid,,,10005173
2026-07-06T22:01:34.026657,2026-07-06T22:01:34.037563+00:00,154.3,8,ask,,,10005174
2026-07-06T22:01:34.388933,2026-07-06T22:01:34.395911+00:00,154.5,500,bid,,,10005176
2026-07-06T22:01:34.414859,2026-07-06T22:01:34.419053+00:00,154.6,23,ask,,,10005179
2026-07-06T22:01:34.954273,2026-07-06T22:01:34.955744+00:00,154.6,102,ask,,,10005187
2026-07-06T22:01:35.563112,2026-07-06T22:01:35.574429+00:00,154.5,200,ask,,,10005199
2026-07-06T22:01:35.834181,2026-07-06T22:01:35.846099+00:00,154.3,8,ask,,,10005203
2026-07-06T22:01:36.025783,2026-07-06T22:01:36.034213+00:00,154.5,20,bid,,,10005209
2026-07-06T22:01:37.012444,2026-07-06T22:01:37.023802+00:00,154.4,500,bid,,,10005219
2026-07-06T22:01:37.391485,2026-07-06T22:01:37.402873+00:00,154.4,125,ask,,,10005227
2026-07-06T22:01:38.322606,2026-07-06T22:01:38.342836+00:00,154.2,200,ask,,,10005246
2026-07-06T22:01:38.338940,2026-07-06T22:01:38.342836+00:00,154.2,11,bid,,,10005248
2026-07-06T22:01:39.524840,2026-07-06T22:01:39.528599+00:00,154.1,22,ask,,,10005265
2026-07-06T22:01:39.643966,2026-07-06T22:01:39.648187+00:00,154.2,12,ask,,,10005269
2026-07-06T22:01:39.651696,2026-07-06T22:01:39.658316+00:00,154.2,8,ask,,,10005270
2026-07-06T22:01:40.970513,2026-07-06T22:01:40.974840+00:00,154.3,11,ask,,,10005291
2026-07-06T22:01:41.149877,2026-07-06T22:01:41.163778+00:00,154.3,200,ask,,,10005295
2026-07-06T22:01:42.274679,2026-07-06T22:01:42.278642+00:00,154.4,11,bid,,,10005313
2026-07-06T22:01:42.635028,2026-07-06T22:01:42.639822+00:00,154.4,12,bid,,,10005321
2026-07-06T22:01:43.939079,2026-07-06T22:01:43.958845+00:00,154.4,8,bid,,,10005342
2026-07-06T22:01:45.949320,2026-07-06T22:01:45.955832+00:00,154.3,8,ask,,,10005371
2026-07-06T22:01:49.549686,2026-07-06T22:01:49.559995+00:00,154.6,20,bid,,,10005412
2026-07-06T22:01:50.857813,2026-07-06T22:01:50.869498+00:00,154.3,200,ask,,,10005436
2026-07-06T22:01:52.278530,2026-07-06T22:01:52.289658+00:00,154.2,8,ask,,,10005451
2026-07-06T22:01:52.769514,2026-07-06T22:01:52.773450+00:00,154.3,12,ask,,,10005458
2026-07-06T22:01:53.277965,2026-07-06T22:01:53.289505+00:00,154.3,200,ask,,,10005466
2026-07-06T22:01:53.798186,2026-07-06T22:01:53.808345+00:00,154.5,8,bid,,,10005473
2026-07-06T22:01:54.554893,2026-07-06T22:01:54.556910+00:00,154.3,8,ask,,,10005486
2026-07-06T22:01:55.700655,2026-07-06T22:01:55.707994+00:00,154.3,200,ask,,,10005503
2026-07-06T22:01:56.574116,2026-07-06T22:01:56.583345+00:00,154.6,8,bid,,,10005515
2026-07-06T22:01:59.297375,2026-07-06T22:01:59.303928+00:00,154.4,200,bid,,,10005556
2026-07-06T22:02:01.634183,2026-07-06T22:02:01.638200+00:00,154.6,12,bid,,,10005588
2026-07-06T22:02:03.245462,2026-07-06T22:02:03.249395+00:00,154.5,11,bid,,,10005603
2026-07-06T22:02:04.173558,2026-07-06T22:02:04.182688+00:00,154.5,200,bid,,,10005615
2026-07-06T22:02:06.890515,2026-07-06T22:02:06.902246+00:00,154.6,8,bid,,,10005651
2026-07-06T22:02:07.049810,2026-07-06T22:02:07.056354+00:00,154.5,500,ask,,,10005656
2026-07-06T22:02:07.280320,2026-07-06T22:02:07.284299+00:00,154.5,11,bid,,,10005661
2026-07-06T22:02:07.671890,2026-07-06T22:02:07.679268+00:00,154.4,200,ask,,,10005665
2026-07-06T22:02:07.699737,2026-07-06T22:02:07.704881+00:00,154.4,12,bid,,,10005669
2026-07-06T22:02:09.018227,2026-07-06T22:02:09.026146+00:00,154.4,200,bid,,,10005684
2026-07-06T22:02:09.205293,2026-07-06T22:02:09.211889+00:00,154.4,8,bid,,,10005692
2026-07-06T22:02:10.227740,2026-07-06T22:02:10.236697+00:00,154.4,200,bid,,,10005704
2026-07-06T22:02:10.268631,2026-07-06T22:02:10.279663+00:00,154.4,8,bid,,,10005708
2026-07-06T22:02:13.742613,2026-07-06T22:02:13.749784+00:00,154.3,200,ask,,,10005747
2026-07-06T22:02:13.764084,2026-07-06T22:02:13.767647+00:00,154.2,11,bid,,,10005749
2026-07-06T22:02:13.854559,2026-07-06T22:02:13.866861+00:00,154.2,200,bid,,,10005750
2026-07-06T22:02:16.286626,2026-07-06T22:02:16.295318+00:00,154.3,20,ask,,,10005781
2026-07-06T22:02:17.841649,2026-07-06T22:02:17.864313+00:00,154.4,20,bid,,,10005799
2026-07-06T22:02:18.342032,2026-07-06T22:02:18.358676+00:00,154.4,8,bid,,,10005813
2026-07-06T22:02:21.877843,2026-07-06T22:02:21.888259+00:00,154.3,16,bid,,,10005842
2026-07-06T22:02:25.412782,2026-07-06T22:02:25.424562+00:00,154.4,8,bid,,,10005889
2026-07-06T22:02:28.181053,2026-07-06T22:02:28.190111+00:00,154.5,200,bid,,,10005920
2026-07-06T22:02:29.763462,2026-07-06T22:02:29.774976+00:00,154.5,20,bid,,,10005941
2026-07-06T22:02:30.198840,2026-07-06T22:02:30.205940+00:00,154.5,8,bid,,,10005948
2026-07-06T22:02:30.813928,2026-07-06T22:02:30.822699+00:00,154.4,200,ask,,,10005955
2026-07-06T22:02:31.650975,2026-07-06T22:02:31.658639+00:00,154.2,20,ask,,,10005973
2026-07-06T22:02:32.459016,2026-07-06T22:02:32.469034+00:00,154.3,8,bid,,,10005980
2026-07-06T22:02:32.976670,2026-07-06T22:02:32.988222+00:00,154.3,8,bid,,,10005987
2026-07-06T22:02:34.485520,2026-07-06T22:02:34.496987+00:00,154.3,8,ask,,,10006005
2026-07-06T22:02:37.371333,2026-07-06T22:02:37.379814+00:00,154.2,200,bid,,,10006045
2026-07-06T22:02:38.090890,2026-07-06T22:02:38.097894+00:00,154.2,200,ask,,,10006058
2026-07-06T22:02:41.327266,2026-07-06T22:02:41.331106+00:00,154.1,11,ask,,,10006100
2026-07-06T22:02:42.795961,2026-07-06T22:02:42.864245+00:00,154.1,8,bid,,,10006115
2026-07-06T22:02:42.937720,2026-07-06T22:02:42.964218+00:00,154.1,200,bid,,,10006117
2026-07-06T22:02:42.940531,2026-07-06T22:02:42.964218+00:00,153.9,20,ask,,,10006118
2026-07-06T22:02:46.608552,2026-07-06T22:02:46.619994+00:00,154.5,8,bid,,,10006165
2026-07-06T22:02:48.852585,2026-07-06T22:02:48.859112+00:00,154.5,11,bid,,,10006193
2026-07-06T22:02:50.196971,2026-07-06T22:02:50.207974+00:00,154.6,200,bid,,,10006214
2026-07-06T22:02:51.810207,2026-07-06T22:02:51.817230+00:00,154.5,500,bid,,,10006226
2026-07-06T22:02:51.865912,2026-07-06T22:02:51.875126+00:00,154.6,125,ask,,,10006228
2026-07-06T22:02:53.617213,2026-07-06T22:02:53.625055+00:00,154.6,20,bid,,,10006251
2026-07-06T22:02:53.680924,2026-07-06T22:02:53.688288+00:00,154.5,200,ask,,,10006253
2026-07-06T22:02:53.823865,2026-07-06T22:02:53.834736+00:00,154.5,200,bid,,,10006255
2026-07-06T22:02:55.035783,2026-07-06T22:02:55.042935+00:00,154.5,200,bid,,,10006260
2026-07-06T22:02:57.678333,2026-07-06T22:02:57.687278+00:00,154.3,8,ask,,,10006296
2026-07-06T22:02:58.524899,2026-07-06T22:02:58.534421+00:00,154.3,500,ask,,,10006314
2026-07-06T22:02:59.123941,2026-07-06T22:02:59.132488+00:00,154.3,125,ask,,,10006321
2026-07-06T22:02:59.874382,2026-07-06T22:02:59.885152+00:00,154.2,200,bid,,,10006332
2026-07-06T22:03:00.966367,2026-07-06T22:03:00.978096+00:00,154.2,8,bid,,,10006347
2026-07-06T22:03:01.540323,2026-07-06T22:03:01.549839+00:00,154.1,500,ask,,,10006353
2026-07-06T22:03:02.160399,2026-07-06T22:03:02.168668+00:00,154.1,125,ask,,,10006363
2026-07-06T22:03:02.160399,2026-07-06T22:03:02.168668+00:00,154.1,200,ask,,,10006364
2026-07-06T22:03:02.185464,2026-07-06T22:03:02.189305+00:00,154.0,12,bid,,,10006367
2026-07-06T22:03:02.310488,2026-07-06T22:03:02.318589+00:00,153.9,200,ask,,,10006368
2026-07-06T22:03:02.326520,2026-07-06T22:03:02.330220+00:00,153.9,11,bid,,,10006372
2026-07-06T22:03:07.538080,2026-07-06T22:03:07.547064+00:00,154.2,20,bid,,,10006425
2026-07-06T22:03:08.859030,2026-07-06T22:03:08.869051+00:00,154.2,200,bid,,,10006440
2026-07-06T22:03:08.859030,2026-07-06T22:03:08.869051+00:00,154.2,425,bid,,,10006441
2026-07-06T22:03:11.495705,2026-07-06T22:03:11.499379+00:00,154.0,3,bid,,,10006478
2026-07-06T22:03:11.990224,2026-07-06T22:03:12.001726+00:00,154.0,200,bid,,,10006484
2026-07-06T22:03:12.001072,2026-07-06T22:03:12.012096+00:00,153.8,20,ask,,,10006485
2026-07-06T22:03:13.200256,2026-07-06T22:03:13.208217+00:00,153.9,200,bid,,,10006503
2026-07-06T22:03:14.825906,2026-07-06T22:03:14.832736+00:00,153.9,20,ask,,,10006520
2026-07-06T22:03:15.179835,2026-07-06T22:03:15.191607+00:00,154.1,20,bid,,,10006528
2026-07-06T22:03:15.404148,2026-07-06T22:03:15.415903+00:00,154.1,200,bid,,,10006532
2026-07-06T22:03:17.385146,2026-07-06T22:03:17.396631+00:00,154.0,20,ask,,,10006565
2026-07-06T22:03:19.330626,2026-07-06T22:03:19.338457+00:00,154.1,200,bid,,,10006591
2026-07-06T22:03:20.328748,2026-07-06T22:03:20.338106+00:00,154.2,425,ask,,,10006608
2026-07-06T22:03:24.564754,2026-07-06T22:03:24.574168+00:00,154.1,200,bid,,,10006655
2026-07-06T22:03:25.308554,2026-07-06T22:03:25.317712+00:00,154.1,200,ask,,,10006675
2026-07-06T22:03:25.757450,2026-07-06T22:03:25.764976+00:00,154.1,225,ask,,,10006677
2026-07-06T22:03:26.517709,2026-07-06T22:03:26.525229+00:00,154.1,200,bid,,,10006690
2026-07-06T22:03:29.516430,2026-07-06T22:03:29.523720+00:00,154.0,20,ask,,,10006731
2026-07-06T22:03:29.802675,2026-07-06T22:03:29.809462+00:00,154.1,200,bid,,,10006735
2026-07-06T22:03:29.822935,2026-07-06T22:03:29.826851+00:00,154.1,3,ask,,,10006737
2026-07-06T22:03:30.152820,2026-07-06T22:03:30.164033+00:00,154.1,200,ask,,,10006741
2026-07-06T22:03:30.213892,2026-07-06T22:03:30.226176+00:00,154.1,20,ask,,,10006742
2026-07-06T22:03:30.484862,2026-07-06T22:03:30.496680+00:00,154.1,20,ask,,,10006745
2026-07-06T22:03:31.360597,2026-07-06T22:03:31.370209+00:00,154.0,200,bid,,,10006753
2026-07-06T22:03:35.092427,2026-07-06T22:03:35.100293+00:00,154.0,20,bid,,,10006797
2026-07-06T22:03:36.216698,2026-07-06T22:03:36.227906+00:00,153.8,200,ask,,,10006810
2026-07-06T22:03:37.426825,2026-07-06T22:03:37.438131+00:00,153.8,200,ask,,,10006828
2026-07-06T22:03:39.784687,2026-07-06T22:03:39.789134+00:00,153.7,11,ask,,,10006858
2026-07-06T22:03:39.977375,2026-07-06T22:03:39.987997+00:00,153.7,8,ask,,,10006863
2026-07-06T22:03:41.513324,2026-07-06T22:03:41.528587+00:00,153.7,8,ask,,,10006880
2026-07-06T22:03:42.557716,2026-07-06T22:03:42.565856+00:00,153.9,20,bid,,,10006892
2026-07-06T22:03:44.684430,2026-07-06T22:03:44.692896+00:00,154.0,200,bid,,,10006920
2026-07-06T22:03:45.587401,2026-07-06T22:03:45.591484+00:00,153.9,12,ask,,,10006932
2026-07-06T22:03:46.073838,2026-07-06T22:03:46.082380+00:00,154.1,10,bid,,,10006942
2026-07-06T22:03:48.318408,2026-07-06T22:03:48.325566+00:00,154.0,200,ask,,,10006975
2026-07-06T22:03:48.341935,2026-07-06T22:03:48.350092+00:00,154.0,8,ask,,,10006976
2026-07-06T22:03:49.265359,2026-07-06T22:03:49.269912+00:00,154.0,11,ask,,,10006984
2026-07-06T22:03:50.826365,2026-07-06T22:03:50.834418+00:00,154.0,200,ask,,,10006997
2026-07-06T22:03:51.937915,2026-07-06T22:03:51.945455+00:00,154.0,200,bid,,,10007008
2026-07-06T22:03:52.638472,2026-07-06T22:03:52.645717+00:00,153.9,8,ask,,,10007023
2026-07-06T22:03:53.464354,2026-07-06T22:03:53.468300+00:00,154.0,12,ask,,,10007033
2026-07-06T22:03:56.069827,2026-07-06T22:03:56.079305+00:00,154.1,200,ask,,,10007057
2026-07-06T22:03:58.346184,2026-07-06T22:03:58.354442+00:00,154.1,20,ask,,,10007087
2026-07-06T22:04:00.422733,2026-07-06T22:04:00.433328+00:00,154.1,200,bid,,,10007122
2026-07-06T22:04:00.927408,2026-07-06T22:04:00.939089+00:00,154.0,8,ask,,,10007133
2026-07-06T22:04:01.322629,2026-07-06T22:04:01.334215+00:00,154.1,500,bid,,,10007137
2026-07-06T22:04:01.470328,2026-07-06T22:04:01.477253+00:00,154.1,125,ask,,,10007140
2026-07-06T22:04:02.445441,2026-07-06T22:04:02.458621+00:00,154.0,8,ask,,,10007151
2026-07-06T22:04:02.634518,2026-07-06T22:04:02.643461+00:00,154.0,192,ask,,,10007153
2026-07-06T22:04:02.843004,2026-07-06T22:04:02.808501+00:00,154.0,20,bid,,,10007159
2026-07-06T22:04:05.241336,2026-07-06T22:04:05.252105+00:00,153.9,8,ask,,,10007192
2026-07-06T22:04:05.269126,2026-07-06T22:04:05.279763+00:00,153.9,200,ask,,,10007194
2026-07-06T22:04:05.606871,2026-07-06T22:04:05.618615+00:00,153.9,20,ask,,,10007202
2026-07-06T22:04:07.259976,2026-07-06T22:04:07.269018+00:00,153.9,8,ask,,,10007220
2026-07-06T22:04:08.512232,2026-07-06T22:04:08.523987+00:00,153.9,20,ask,,,10007237
2026-07-06T22:04:08.897011,2026-07-06T22:04:08.905251+00:00,154.0,200,bid,,,10007242
2026-07-06T22:04:09.520068,2026-07-06T22:04:09.531767+00:00,153.8,8,ask,,,10007251
2026-07-06T22:04:11.186822,2026-07-06T22:04:11.195303+00:00,153.9,200,ask,,,10007267
2026-07-06T22:04:11.811570,2026-07-06T22:04:11.819204+00:00,153.9,200,bid,,,10007276
2026-07-06T22:04:11.811570,2026-07-06T22:04:11.824706+00:00,153.9,425,bid,,,10007277
2026-07-06T22:04:12.537346,2026-07-06T22:04:12.544141+00:00,153.8,200,bid,,,10007288
2026-07-06T22:04:13.465068,2026-07-06T22:04:13.476826+00:00,153.7,20,ask,,,10007299
2026-07-06T22:04:13.748208,2026-07-06T22:04:13.755899+00:00,153.8,200,bid,,,10007309
2026-07-06T22:04:13.825234,2026-07-06T22:04:13.828854+00:00,153.7,22,ask,,,10007312
2026-07-06T22:04:14.193204,2026-07-06T22:04:14.203275+00:00,153.7,500,ask,,,10007316
2026-07-06T22:04:14.958836,2026-07-06T22:04:14.966381+00:00,153.7,200,bid,,,10007325
2026-07-06T22:04:15.611999,2026-07-06T22:04:15.623417+00:00,153.7,20,bid,,,10007332
2026-07-06T22:04:15.752843,2026-07-06T22:04:15.758621+00:00,153.6,8,ask,,,10007336
2026-07-06T22:04:16.169980,2026-07-06T22:04:16.177079+00:00,153.8,200,bid,,,10007346
2026-07-06T22:04:16.992229,2026-07-06T22:04:16.996091+00:00,153.6,12,ask,,,10007354
2026-07-06T22:04:17.082269,2026-07-06T22:04:17.090869+00:00,153.5,8,ask,,,10007356
2026-07-06T22:04:17.341879,2026-07-06T22:04:17.353477+00:00,153.5,3,ask,,,10007361
2026-07-06T22:04:17.396517,2026-07-06T22:04:17.400177+00:00,153.7,11,ask,,,10007363
2026-07-06T22:04:17.602194,2026-07-06T22:04:17.613646+00:00,153.7,3,ask,,,10007366
2026-07-06T22:04:17.868313,2026-07-06T22:04:17.875462+00:00,153.7,16,ask,,,10007370
2026-07-06T22:04:17.965903,2026-07-06T22:04:17.977818+00:00,153.8,20,bid,,,10007371
2026-07-06T22:04:18.378207,2026-07-06T22:04:18.385022+00:00,153.7,3,ask,,,10007377
2026-07-06T22:04:18.638780,2026-07-06T22:04:18.650119+00:00,153.7,3,ask,,,10007383
2026-07-06T22:04:18.898345,2026-07-06T22:04:18.905234+00:00,153.7,3,ask,,,10007386
2026-07-06T22:04:19.175766,2026-07-06T22:04:19.184981+00:00,153.7,3,ask,,,10007390
2026-07-06T22:04:20.706312,2026-07-06T22:04:20.716878+00:00,153.8,4,ask,,,10007414
2026-07-06T22:04:20.974749,2026-07-06T22:04:20.984997+00:00,153.8,4,ask,,,10007416
2026-07-06T22:04:20.986327,2026-07-06T22:04:20.995835+00:00,153.9,200,bid,,,10007418
2026-07-06T22:04:20.986327,2026-07-06T22:04:20.995835+00:00,154.0,425,bid,,,10007419
2026-07-06T22:04:24.094473,2026-07-06T22:04:24.103249+00:00,153.9,20,bid,,,10007456
2026-07-06T22:04:26.234890,2026-07-06T22:04:26.241526+00:00,153.8,200,ask,,,10007478
2026-07-06T22:04:30.133715,2026-07-06T22:04:30.145325+00:00,153.8,20,bid,,,10007521
2026-07-06T22:04:32.745743,2026-07-06T22:04:32.749725+00:00,153.8,23,bid,,,10007551
2026-07-06T22:04:34.126496,2026-07-06T22:04:34.134962+00:00,153.9,200,bid,,,10007562
2026-07-06T22:04:34.195839,2026-07-06T22:04:34.203497+00:00,153.9,425,ask,,,10007563
2026-07-06T22:04:34.565015,2026-07-06T22:04:34.575386+00:00,153.8,8,bid,,,10007572
2026-07-06T22:04:36.762894,2026-07-06T22:04:36.771539+00:00,153.8,200,bid,,,10007599
2026-07-06T22:04:37.971919,2026-07-06T22:04:37.981071+00:00,153.9,200,bid,,,10007616
2026-07-06T22:04:38.058696,2026-07-06T22:04:38.069237+00:00,153.9,500,bid,,,10007619
2026-07-06T22:04:38.408485,2026-07-06T22:04:38.416238+00:00,153.9,125,ask,,,10007623
2026-07-06T22:04:38.864443,2026-07-06T22:04:38.876242+00:00,153.8,8,bid,,,10007631
2026-07-06T22:04:39.129742,2026-07-06T22:04:39.138902+00:00,153.8,8,bid,,,10007636
2026-07-06T22:04:39.373774,2026-07-06T22:04:39.392406+00:00,153.7,200,ask,,,10007644
2026-07-06T22:04:39.388411,2026-07-06T22:04:39.392406+00:00,153.6,22,bid,,,10007646
2026-07-06T22:04:39.541394,2026-07-06T22:04:39.558644+00:00,153.3,20,ask,,,10007649
2026-07-06T22:04:39.683436,2026-07-06T22:04:39.690938+00:00,153.6,8,bid,,,10007654
2026-07-06T22:04:41.449524,2026-07-06T22:04:41.464226+00:00,153.6,500,ask,,,10007673
2026-07-06T22:04:43.065316,2026-07-06T22:04:43.069477+00:00,153.6,12,bid,,,10007697
2026-07-06T22:04:43.212838,2026-07-06T22:04:43.221395+00:00,153.6,8,bid,,,10007698
2026-07-06T22:04:43.322644,2026-07-06T22:04:43.326822+00:00,153.5,11,bid,,,10007702
2026-07-06T22:04:44.942653,2026-07-06T22:04:44.954271+00:00,153.3,20,ask,,,10007715
2026-07-06T22:04:45.265829,2026-07-06T22:04:45.270239+00:00,153.4,12,bid,,,10007722
2026-07-06T22:04:45.486803,2026-07-06T22:04:45.495253+00:00,153.4,6,bid,,,10007725
2026-07-06T22:04:46.234912,2026-07-06T22:04:46.263886+00:00,153.4,20,bid,,,10007741
2026-07-06T22:04:47.246356,2026-07-06T22:04:47.250337+00:00,153.3,12,ask,,,10007747
2026-07-06T22:04:47.665725,2026-07-06T22:04:47.675636+00:00,153.3,200,ask,,,10007752
2026-07-06T22:04:51.154304,2026-07-06T22:04:51.158626+00:00,153.2,200,bid,,,10007794
2026-07-06T22:04:51.292536,2026-07-06T22:04:51.299837+00:00,153.2,200,ask,,,10007795
2026-07-06T22:04:51.810666,2026-07-06T22:04:51.815001+00:00,153.2,11,ask,,,10007805
2026-07-06T22:04:53.777068,2026-07-06T22:04:53.783848+00:00,153.2,200,ask,,,10007833
2026-07-06T22:04:53.777068,2026-07-06T22:04:53.788986+00:00,153.1,425,ask,,,10007834
2026-07-06T22:04:53.807507,2026-07-06T22:04:53.819005+00:00,153.1,8,ask,,,10007835
2026-07-06T22:04:54.313044,2026-07-06T22:04:54.324489+00:00,153.5,4,bid,,,10007844
2026-07-06T22:04:55.852349,2026-07-06T22:04:55.858542+00:00,153.2,8,bid,,,10007863
2026-07-06T22:04:56.400659,2026-07-06T22:04:56.410053+00:00,153.2,200,ask,,,10007872
2026-07-06T22:05:00.141015,2026-07-06T22:05:00.143111+00:00,153.3,8,bid,,,10007926
2026-07-06T22:05:02.168982,2026-07-06T22:05:02.179113+00:00,153.1,8,bid,,,10007949
2026-07-06T22:05:03.175887,2026-07-06T22:05:03.187678+00:00,153.1,8,bid,,,10007967
2026-07-06T22:05:05.946906,2026-07-06T22:05:05.963881+00:00,153.2,8,bid,,,10008008
2026-07-06T22:05:08.209925,2026-07-06T22:05:08.219749+00:00,153.2,200,bid,,,10008033
2026-07-06T22:05:08.477552,2026-07-06T22:05:08.485049+00:00,153.4,8,bid,,,10008039
2026-07-06T22:05:09.525073,2026-07-06T22:05:09.533548+00:00,153.3,200,ask,,,10008052
2026-07-06T22:05:11.036970,2026-07-06T22:05:11.044675+00:00,153.3,8,bid,,,10008075
2026-07-06T22:05:13.455900,2026-07-06T22:05:13.469022+00:00,153.3,200,bid,,,10008108
2026-07-06T22:05:16.701655,2026-07-06T22:05:16.711772+00:00,153.4,200,bid,,,10008142
2026-07-06T22:05:18.160938,2026-07-06T22:05:18.172874+00:00,153.3,20,ask,,,10008154
2026-07-06T22:05:18.710947,2026-07-06T22:05:18.722036+00:00,153.3,180,ask,,,10008166
2026-07-06T22:05:19.122012,2026-07-06T22:05:19.129843+00:00,153.3,200,bid,,,10008173
2026-07-06T22:05:20.332379,2026-07-06T22:05:20.340189+00:00,153.4,200,bid,,,10008186
2026-07-06T22:05:20.636380,2026-07-06T22:05:20.647830+00:00,153.2,8,ask,,,10008191
2026-07-06T22:05:20.892088,2026-07-06T22:05:20.902729+00:00,153.4,20,bid,,,10008194
2026-07-06T22:05:21.655247,2026-07-06T22:05:21.666723+00:00,153.3,8,ask,,,10008206
2026-07-06T22:05:22.648612,2026-07-06T22:05:22.658618+00:00,153.3,192,ask,,,10008213
2026-07-06T22:05:27.445462,2026-07-06T22:05:27.453598+00:00,153.2,8,ask,,,10008287
2026-07-06T22:05:27.884610,2026-07-06T22:05:27.888273+00:00,153.3,500,bid,,,10008291
2026-07-06T22:05:27.884610,2026-07-06T22:05:27.888273+00:00,153.3,125,bid,,,10008292
2026-07-06T22:05:29.715660,2026-07-06T22:05:29.727083+00:00,153.0,8,ask,,,10008319
2026-07-06T22:05:30.578067,2026-07-06T22:05:30.582321+00:00,153.1,12,ask,,,10008338
2026-07-06T22:05:31.083654,2026-07-06T22:05:31.090153+00:00,153.1,180,ask,,,10008350
2026-07-06T22:05:31.684915,2026-07-06T22:05:31.696577+00:00,153.0,200,ask,,,10008357
2026-07-06T22:05:31.805346,2026-07-06T22:05:31.814844+00:00,152.9,8,ask,,,10008360
2026-07-06T22:05:32.822710,2026-07-06T22:05:32.864046+00:00,152.8,8,ask,,,10008378
2026-07-06T22:05:32.899780,2026-07-06T22:05:32.917283+00:00,153.1,20,bid,,,10008379
2026-07-06T22:05:33.844006,2026-07-06T22:05:33.858598+00:00,152.8,20,ask,,,10008396
2026-07-06T22:05:34.864028,2026-07-06T22:05:34.874037+00:00,152.9,200,ask,,,10008420
2026-07-06T22:05:34.866751,2026-07-06T22:05:34.874037+00:00,152.9,8,ask,,,10008421
2026-07-06T22:05:37.080635,2026-07-06T22:05:37.087736+00:00,152.9,200,bid,,,10008443
2026-07-06T22:05:38.129027,2026-07-06T22:05:38.140689+00:00,153.0,8,bid,,,10008467
2026-07-06T22:05:39.714216,2026-07-06T22:05:39.723736+00:00,152.8,200,ask,,,10008490
2026-07-06T22:05:40.920222,2026-07-06T22:05:40.929183+00:00,152.8,200,bid,,,10008503
2026-07-06T22:05:42.132725,2026-07-06T22:05:42.158751+00:00,152.8,200,bid,,,10008517
2026-07-06T22:05:43.344007,2026-07-06T22:05:43.358678+00:00,152.6,200,bid,,,10008541
2026-07-06T22:05:44.553906,2026-07-06T22:05:44.563729+00:00,152.8,200,bid,,,10008557
2026-07-06T22:05:45.209335,2026-07-06T22:05:45.221013+00:00,152.9,8,bid,,,10008568
2026-07-06T22:05:48.892289,2026-07-06T22:05:48.904015+00:00,152.6,200,ask,,,10008620
2026-07-06T22:05:50.327091,2026-07-06T22:05:50.338997+00:00,152.4,20,ask,,,10008639
2026-07-06T22:05:50.626749,2026-07-06T22:05:50.630900+00:00,152.5,12,bid,,,10008644
2026-07-06T22:05:51.514355,2026-07-06T22:05:51.521127+00:00,152.5,188,bid,,,10008657
2026-07-06T22:05:51.514355,2026-07-06T22:05:51.526421+00:00,152.6,50,bid,,,10008658
2026-07-06T22:05:51.820998,2026-07-06T22:05:51.830679+00:00,152.6,200,ask,,,10008670
2026-07-06T22:05:53.102312,2026-07-06T22:05:53.113982+00:00,152.5,50,bid,,,10008686
2026-07-06T22:05:54.143334,2026-07-06T22:05:54.158650+00:00,152.5,150,bid,,,10008698
2026-07-06T22:05:54.242889,2026-07-06T22:05:54.253479+00:00,152.6,200,ask,,,10008706
2026-07-06T22:05:55.465580,2026-07-06T22:05:55.474484+00:00,152.6,200,ask,,,10008721
2026-07-06T22:05:56.772480,2026-07-06T22:05:56.779834+00:00,152.6,200,ask,,,10008742
2026-07-06T22:05:57.878672,2026-07-06T22:05:57.888197+00:00,152.5,200,bid,,,10008761
2026-07-06T22:05:58.979650,2026-07-06T22:05:58.990323+00:00,152.4,20,ask,,,10008780
2026-07-06T22:05:59.109052,2026-07-06T22:05:59.113435+00:00,152.5,12,ask,,,10008784
2026-07-06T22:05:59.398823,2026-07-06T22:05:59.410715+00:00,152.5,188,ask,,,10008788
2026-07-06T22:06:00.300016,2026-07-06T22:06:00.309763+00:00,152.5,200,bid,,,10008797
2026-07-06T22:06:00.780787,2026-07-06T22:06:00.790457+00:00,152.6,20,bid,,,10008805
2026-07-06T22:06:01.187144,2026-07-06T22:06:01.198745+00:00,152.5,8,ask,,,10008815
2026-07-06T22:06:02.721971,2026-07-06T22:06:02.730329+00:00,152.5,200,ask,,,10008838
2026-07-06T22:06:06.355275,2026-07-06T22:06:06.357981+00:00,152.4,50,ask,,,10008899
2026-07-06T22:06:06.355275,2026-07-06T22:06:06.363751+00:00,152.4,150,ask,,,10008900
2026-07-06T22:06:07.565991,2026-07-06T22:06:07.575251+00:00,152.3,200,ask,,,10008918
2026-07-06T22:06:08.732493,2026-07-06T22:06:08.743295+00:00,152.3,8,ask,,,10008937
2026-07-06T22:06:09.761340,2026-07-06T22:06:09.770206+00:00,152.3,8,ask,,,10008954
2026-07-06T22:06:09.980926,2026-07-06T22:06:09.988302+00:00,152.3,24,ask,,,10008958
2026-07-06T22:06:12.420300,2026-07-06T22:06:12.423959+00:00,152.4,11,ask,,,10008988
2026-07-06T22:06:12.525103,2026-07-06T22:06:12.531723+00:00,152.4,189,ask,,,10008989
2026-07-06T22:06:13.610376,2026-07-06T22:06:13.620691+00:00,152.3,200,bid,,,10009008
2026-07-06T22:06:13.846435,2026-07-06T22:06:13.842183+00:00,152.3,8,bid,,,10009013
2026-07-06T22:06:14.867390,2026-07-06T22:06:14.878804+00:00,152.3,8,bid,,,10009034
2026-07-06T22:06:15.941244,2026-07-06T22:06:15.944803+00:00,152.3,11,ask,,,10009048
2026-07-06T22:06:16.027413,2026-07-06T22:06:16.034538+00:00,152.4,200,bid,,,10009050
2026-07-06T22:06:16.639213,2026-07-06T22:06:16.647542+00:00,152.3,8,ask,,,10009066
2026-07-06T22:06:17.969154,2026-07-06T22:06:17.982738+00:00,152.4,20,ask,,,10009089
2026-07-06T22:06:17.978999,2026-07-06T22:06:17.982738+00:00,152.5,11,bid,,,10009091
2026-07-06T22:06:18.172221,2026-07-06T22:06:18.183919+00:00,152.5,8,bid,,,10009096
2026-07-06T22:06:19.661057,2026-07-06T22:06:19.670842+00:00,152.5,31,bid,,,10009115
2026-07-06T22:06:20.199852,2026-07-06T22:06:20.209332+00:00,152.6,8,bid,,,10009123
2026-07-06T22:06:20.337463,2026-07-06T22:06:20.342007+00:00,152.6,11,bid,,,10009128
2026-07-06T22:06:23.017911,2026-07-06T22:06:23.039628+00:00,152.5,200,ask,,,10009156
2026-07-06T22:06:23.035521,2026-07-06T22:06:23.039628+00:00,152.5,12,bid,,,10009158
2026-07-06T22:06:28.436429,2026-07-06T22:06:28.458569+00:00,152.6,8,bid,,,10009238
2026-07-06T22:06:28.638183,2026-07-06T22:06:28.647236+00:00,152.6,42,bid,,,10009240
2026-07-06T22:06:28.638183,2026-07-06T22:06:28.647236+00:00,152.6,200,bid,,,10009241
2026-07-06T22:06:29.598607,2026-07-06T22:06:29.607861+00:00,152.5,20,ask,,,10009257
2026-07-06T22:06:30.462162,2026-07-06T22:06:30.469078+00:00,152.6,8,ask,,,10009277
2026-07-06T22:06:32.992142,2026-07-06T22:06:33.002839+00:00,152.7,8,bid,,,10009319
2026-07-06T22:06:34.822251,2026-07-06T22:06:34.833101+00:00,152.6,200,ask,,,10009348
2026-07-06T22:06:34.822251,2026-07-06T22:06:34.833101+00:00,152.6,425,ask,,,10009349
2026-07-06T22:06:35.036138,2026-07-06T22:06:35.058686+00:00,152.7,8,bid,,,10009358
2026-07-06T22:06:35.403570,2026-07-06T22:06:35.412604+00:00,152.6,200,ask,,,10009366
2026-07-06T22:06:35.899257,2026-07-06T22:06:35.906762+00:00,152.7,34,bid,,,10009377
2026-07-06T22:06:36.159378,2026-07-06T22:06:36.163531+00:00,152.8,34,bid,,,10009384
2026-07-06T22:06:36.329451,2026-07-06T22:06:36.339949+00:00,152.8,16,bid,,,10009386
2026-07-06T22:06:36.846493,2026-07-06T22:06:36.858598+00:00,152.8,8,bid,,,10009394
2026-07-06T22:06:39.115281,2026-07-06T22:06:39.122345+00:00,152.8,8,bid,,,10009442
2026-07-06T22:06:39.515308,2026-07-06T22:06:39.521889+00:00,152.8,22,bid,,,10009447
2026-07-06T22:06:40.884252,2026-07-06T22:06:40.885682+00:00,153.0,8,bid,,,10009481
2026-07-06T22:06:41.385163,2026-07-06T22:06:41.394911+00:00,152.9,200,ask,,,10009486
2026-07-06T22:06:41.463140,2026-07-06T22:06:41.470126+00:00,152.9,200,bid,,,10009488
2026-07-06T22:06:41.593076,2026-07-06T22:06:41.602366+00:00,152.6,20,ask,,,10009492
2026-07-06T22:06:42.671573,2026-07-06T22:06:42.681052+00:00,152.9,200,bid,,,10009507
2026-07-06T22:06:43.447565,2026-07-06T22:06:43.455252+00:00,153.1,8,bid,,,10009520
2026-07-06T22:06:43.885303,2026-07-06T22:06:43.895475+00:00,153.0,200,ask,,,10009525
2026-07-06T22:06:45.309152,2026-07-06T22:06:45.318984+00:00,153.1,200,bid,,,10009547
2026-07-06T22:06:46.464266,2026-07-06T22:06:46.468169+00:00,153.2,3,bid,,,10009566
2026-07-06T22:06:46.475806,2026-07-06T22:06:46.483429+00:00,153.2,6,bid,,,10009568
2026-07-06T22:06:48.631768,2026-07-06T22:06:48.638672+00:00,153.0,20,ask,,,10009594
2026-07-06T22:06:49.941837,2026-07-06T22:06:49.958599+00:00,153.2,200,ask,,,10009620
2026-07-06T22:06:51.153516,2026-07-06T22:06:51.178852+00:00,153.2,200,ask,,,10009636
2026-07-06T22:06:51.947730,2026-07-06T22:06:51.958653+00:00,153.3,20,bid,,,10009649
2026-07-06T22:06:58.330194,2026-07-06T22:06:58.334346+00:00,153.1,3,bid,,,10009750
2026-07-06T22:06:58.446703,2026-07-06T22:06:58.456406+00:00,152.9,200,bid,,,10009756
2026-07-06T22:07:01.680792,2026-07-06T22:07:01.692408+00:00,152.9,20,ask,,,10009817
2026-07-06T22:07:02.387558,2026-07-06T22:07:02.398405+00:00,152.9,500,ask,,,10009823
2026-07-06T22:07:02.399646,2026-07-06T22:07:02.403563+00:00,152.9,23,bid,,,10009824
2026-07-06T22:07:03.269224,2026-07-06T22:07:03.279946+00:00,152.9,102,bid,,,10009839
2026-07-06T22:07:03.887686,2026-07-06T22:07:03.897120+00:00,153.0,20,ask,,,10009854
2026-07-06T22:07:06.396967,2026-07-06T22:07:06.404678+00:00,153.1,20,ask,,,10009897
2026-07-06T22:07:06.905181,2026-07-06T22:07:06.912467+00:00,153.1,200,ask,,,10009909
2026-07-06T22:07:08.114420,2026-07-06T22:07:08.124378+00:00,153.1,200,ask,,,10009933
2026-07-06T22:07:11.583342,2026-07-06T22:07:11.605010+00:00,153.1,200,ask,,,10009986
2026-07-06T22:07:11.600564,2026-07-06T22:07:11.605010+00:00,153.1,11,bid,,,10009988
2026-07-06T22:07:12.247275,2026-07-06T22:07:12.255747+00:00,153.1,20,bid,,,10009995
2026-07-06T22:07:14.040070,2026-07-06T22:07:14.058586+00:00,153.1,200,bid,,,10010023
2026-07-06T22:07:14.206198,2026-07-06T22:07:14.213735+00:00,153.1,300,ask,,,10010025
2026-07-06T22:07:14.653628,2026-07-06T22:07:14.664140+00:00,153.1,325,bid,,,10010032
2026-07-06T22:07:15.375245,2026-07-06T22:07:15.386713+00:00,153.2,200,ask,,,10010055
2026-07-06T22:07:15.515693,2026-07-06T22:07:15.526456+00:00,153.2,300,ask,,,10010058
2026-07-06T22:07:16.481510,2026-07-06T22:07:16.489896+00:00,153.2,325,bid,,,10010078
2026-07-06T22:07:16.822195,2026-07-06T22:07:16.842283+00:00,153.3,200,bid,,,10010088
2026-07-06T22:07:16.837714,2026-07-06T22:07:16.842283+00:00,153.4,11,ask,,,10010090
2026-07-06T22:07:17.796360,2026-07-06T22:07:17.858608+00:00,153.4,200,ask,,,10010111
2026-07-06T22:07:17.831563,2026-07-06T22:07:17.858608+00:00,153.4,20,ask,,,10010112
2026-07-06T22:07:19.459264,2026-07-06T22:07:19.469367+00:00,153.4,200,bid,,,10010142
2026-07-06T22:07:22.647887,2026-07-06T22:07:22.658990+00:00,153.4,200,ask,,,10010191
2026-07-06T22:07:25.083035,2026-07-06T22:07:25.086802+00:00,153.5,12,ask,,,10010231
2026-07-06T22:07:26.023300,2026-07-06T22:07:26.032646+00:00,153.5,188,ask,,,10010246
2026-07-06T22:07:26.838931,2026-07-06T22:07:26.842843+00:00,153.2,11,ask,,,10010273
2026-07-06T22:07:26.927112,2026-07-06T22:07:26.938736+00:00,153.2,20,ask,,,10010274
2026-07-06T22:07:27.368885,2026-07-06T22:07:27.372771+00:00,153.3,3,ask,,,10010280
2026-07-06T22:07:42.014508,2026-07-06T22:07:42.024190+00:00,153.3,200,bid,,,10010495
2026-07-06T22:07:43.471805,2026-07-06T22:07:43.475733+00:00,153.2,14,ask,,,10010515
2026-07-06T22:07:44.399964,2026-07-06T22:07:44.403684+00:00,153.3,12,ask,,,10010529
2026-07-06T22:07:44.744051,2026-07-06T22:07:44.755512+00:00,153.3,8,ask,,,10010535
2026-07-06T22:07:45.692596,2026-07-06T22:07:45.700050+00:00,153.4,200,bid,,,10010559
2026-07-06T22:07:45.714031,2026-07-06T22:07:45.717525+00:00,153.4,11,ask,,,10010564
2026-07-06T22:07:46.011567,2026-07-06T22:07:46.019448+00:00,153.4,8,ask,,,10010570
2026-07-06T22:07:46.581645,2026-07-06T22:07:46.586094+00:00,153.6,11,bid,,,10010583
2026-07-06T22:07:49.264051,2026-07-06T22:07:49.274341+00:00,153.4,200,ask,,,10010630
2026-07-06T22:07:49.637998,2026-07-06T22:07:49.641785+00:00,153.6,1,ask,,,10010640
2026-07-06T22:07:50.473306,2026-07-06T22:07:50.483474+00:00,153.6,200,ask,,,10010656
2026-07-06T22:07:51.067831,2026-07-06T22:07:51.079527+00:00,153.4,8,ask,,,10010671
2026-07-06T22:07:51.678122,2026-07-06T22:07:51.688053+00:00,153.6,200,bid,,,10010679
2026-07-06T22:07:52.075332,2026-07-06T22:07:52.086992+00:00,153.4,8,ask,,,10010686
2026-07-06T22:07:52.514644,2026-07-06T22:07:52.526430+00:00,153.8,20,bid,,,10010695
2026-07-06T22:07:56.166395,2026-07-06T22:07:56.174499+00:00,153.5,200,ask,,,10010757
2026-07-06T22:07:57.008405,2026-07-06T22:07:57.017757+00:00,153.5,20,bid,,,10010770
2026-07-06T22:07:57.375398,2026-07-06T22:07:57.383533+00:00,153.3,8,ask,,,10010778
2026-07-06T22:07:57.728744,2026-07-06T22:07:57.741272+00:00,153.4,200,bid,,,10010786
2026-07-06T22:07:58.645772,2026-07-06T22:07:58.658597+00:00,153.1,8,ask,,,10010799
2026-07-06T22:08:01.363995,2026-07-06T22:08:01.370704+00:00,153.5,200,bid,,,10010824
2026-07-06T22:08:01.693300,2026-07-06T22:08:01.702522+00:00,153.3,8,ask,,,10010839
2026-07-06T22:08:02.440066,2026-07-06T22:08:02.443521+00:00,153.3,22,ask,,,10010849
2026-07-06T22:08:02.449144,2026-07-06T22:08:02.458974+00:00,153.3,8,ask,,,10010850
2026-07-06T22:08:03.803220,2026-07-06T22:08:03.807283+00:00,153.4,11,ask,,,10010875
2026-07-06T22:08:04.981598,2026-07-06T22:08:04.989791+00:00,153.4,8,ask,,,10010898
2026-07-06T22:08:05.337221,2026-07-06T22:08:05.345459+00:00,153.4,200,ask,,,10010903
2026-07-06T22:08:06.645204,2026-07-06T22:08:06.654681+00:00,153.3,200,ask,,,10010924
2026-07-06T22:08:07.348418,2026-07-06T22:08:07.353122+00:00,153.0,20,ask,,,10010934
2026-07-06T22:08:07.411672,2026-07-06T22:08:07.420345+00:00,153.3,200,bid,,,10010935
2026-07-06T22:08:09.289141,2026-07-06T22:08:09.296439+00:00,153.3,200,bid,,,10010969
2026-07-06T22:08:09.645828,2026-07-06T22:08:09.652105+00:00,153.4,20,ask,,,10010981
2026-07-06T22:08:09.830241,2026-07-06T22:08:09.837209+00:00,153.4,200,ask,,,10010984
2026-07-06T22:08:11.094500,2026-07-06T22:08:11.099149+00:00,153.4,11,bid,,,10011009
2026-07-06T22:08:11.939398,2026-07-06T22:08:11.943310+00:00,153.3,12,bid,,,10011025
2026-07-06T22:08:12.061821,2026-07-06T22:08:12.081222+00:00,153.3,8,bid,,,10011029
2026-07-06T22:08:13.069546,2026-07-06T22:08:13.079945+00:00,153.3,8,bid,,,10011057
2026-07-06T22:08:14.647219,2026-07-06T22:08:14.658901+00:00,153.3,20,bid,,,10011079
2026-07-06T22:08:14.670698,2026-07-06T22:08:14.678013+00:00,153.2,200,ask,,,10011080
2026-07-06T22:08:16.341950,2026-07-06T22:08:16.358630+00:00,153.3,8,bid,,,10011101
2026-07-06T22:08:17.764544,2026-07-06T22:08:17.774359+00:00,153.1,20,ask,,,10011127
2026-07-06T22:08:18.402757,2026-07-06T22:08:18.414324+00:00,153.3,8,bid,,,10011138
2026-07-06T22:08:18.500533,2026-07-06T22:08:18.512027+00:00,153.3,20,ask,,,10011146
2026-07-06T22:08:18.837875,2026-07-06T22:08:18.844891+00:00,153.3,113,ask,,,10011153
2026-07-06T22:08:20.434689,2026-07-06T22:08:20.444414+00:00,153.2,8,bid,,,10011177
2026-07-06T22:08:20.669128,2026-07-06T22:08:20.672683+00:00,153.1,11,bid,,,10011180
2026-07-06T22:08:21.077058,2026-07-06T22:08:21.080972+00:00,153.1,12,bid,,,10011186
2026-07-06T22:08:21.148791,2026-07-06T22:08:21.158615+00:00,153.1,50,bid,,,10011187
2026-07-06T22:08:22.419129,2026-07-06T22:08:22.423056+00:00,152.9,14,bid,,,10011204
2026-07-06T22:08:22.486285,2026-07-06T22:08:22.494241+00:00,152.9,8,bid,,,10011208
2026-07-06T22:08:23.147436,2026-07-06T22:08:23.158604+00:00,152.9,200,bid,,,10011216
2026-07-06T22:08:23.787019,2026-07-06T22:08:23.798655+00:00,153.0,50,bid,,,10011226
2026-07-06T22:08:25.259557,2026-07-06T22:08:25.270347+00:00,153.0,8,bid,,,10011244
2026-07-06T22:08:26.784093,2026-07-06T22:08:26.793370+00:00,153.0,200,bid,,,10011278
2026-07-06T22:08:27.994604,2026-07-06T22:08:28.006195+00:00,153.1,200,bid,,,10011289
2026-07-06T22:08:28.975176,2026-07-06T22:08:28.978889+00:00,153.0,3,ask,,,10011299
2026-07-06T22:08:30.035395,2026-07-06T22:08:30.043997+00:00,153.0,8,ask,,,10011316
2026-07-06T22:08:30.251822,2026-07-06T22:08:30.258379+00:00,153.1,20,bid,,,10011321
2026-07-06T22:08:30.291385,2026-07-06T22:08:30.302879+00:00,153.1,8,bid,,,10011324
2026-07-06T22:08:34.055134,2026-07-06T22:08:34.063926+00:00,153.0,200,ask,,,10011380
2026-07-06T22:08:35.265908,2026-07-06T22:08:35.276481+00:00,152.9,50,ask,,,10011391
2026-07-06T22:08:35.265908,2026-07-06T22:08:35.276481+00:00,152.9,150,ask,,,10011392
2026-07-06T22:08:36.362476,2026-07-06T22:08:36.370140+00:00,153.0,8,bid,,,10011418
2026-07-06T22:08:37.242145,2026-07-06T22:08:37.245794+00:00,152.8,11,ask,,,10011432
2026-07-06T22:08:37.386379,2026-07-06T22:08:37.394922+00:00,152.8,8,ask,,,10011437
2026-07-06T22:08:37.686165,2026-07-06T22:08:37.695822+00:00,152.8,11,ask,,,10011441
2026-07-06T22:08:37.686165,2026-07-06T22:08:37.695822+00:00,152.8,189,ask,,,10011442
2026-07-06T22:08:39.896883,2026-07-06T22:08:39.908609+00:00,152.8,8,ask,,,10011475
2026-07-06T22:08:40.404841,2026-07-06T22:08:40.414188+00:00,153.0,8,bid,,,10011481
2026-07-06T22:08:40.808969,2026-07-06T22:08:40.817900+00:00,153.0,50,bid,,,10011487
2026-07-06T22:08:40.808969,2026-07-06T22:08:40.817900+00:00,153.0,200,bid,,,10011488
2026-07-06T22:08:40.818561,2026-07-06T22:08:40.828628+00:00,153.3,20,bid,,,10011490
2026-07-06T22:08:43.434366,2026-07-06T22:08:43.441676+00:00,152.9,200,ask,,,10011546
2026-07-06T22:08:43.434366,2026-07-06T22:08:43.447215+00:00,152.9,425,ask,,,10011547
2026-07-06T22:08:43.685097,2026-07-06T22:08:43.696370+00:00,153.1,8,bid,,,10011552
2026-07-06T22:08:44.742923,2026-07-06T22:08:44.758641+00:00,152.9,200,bid,,,10011571
2026-07-06T22:08:44.742923,2026-07-06T22:08:44.758641+00:00,153.1,42,bid,,,10011572
2026-07-06T22:08:44.945101,2026-07-06T22:08:44.953686+00:00,153.1,200,ask,,,10011574
2026-07-06T22:08:45.997292,2026-07-06T22:08:46.008829+00:00,153.4,8,bid,,,10011591
2026-07-06T22:08:46.087288,2026-07-06T22:08:46.090967+00:00,153.1,11,bid,,,10011593
2026-07-06T22:08:46.166136,2026-07-06T22:08:46.169962+00:00,153.0,3,bid,,,10011596
2026-07-06T22:08:47.371954,2026-07-06T22:08:47.379493+00:00,152.9,50,ask,,,10011612
2026-07-06T22:08:47.371954,2026-07-06T22:08:47.384729+00:00,152.9,150,ask,,,10011613
2026-07-06T22:08:47.443660,2026-07-06T22:08:47.454150+00:00,153.2,20,bid,,,10011614
2026-07-06T22:08:48.579565,2026-07-06T22:08:48.587693+00:00,152.9,200,ask,,,10011628
2026-07-06T22:08:50.276582,2026-07-06T22:08:50.288225+00:00,152.7,8,ask,,,10011661
2026-07-06T22:08:50.416697,2026-07-06T22:08:50.420556+00:00,152.8,3,ask,,,10011665
2026-07-06T22:08:54.296914,2026-07-06T22:08:54.305578+00:00,152.9,8,bid,,,10011724
2026-07-06T22:08:54.613358,2026-07-06T22:08:54.623891+00:00,152.8,47,ask,,,10011731
2026-07-06T22:08:54.613358,2026-07-06T22:08:54.623891+00:00,152.8,153,ask,,,10011732
2026-07-06T22:08:57.857765,2026-07-06T22:08:57.869577+00:00,152.6,500,ask,,,10011782
2026-07-06T22:08:58.175569,2026-07-06T22:08:58.184339+00:00,152.6,125,bid,,,10011783
2026-07-06T22:08:58.175569,2026-07-06T22:08:58.184339+00:00,152.7,200,bid,,,10011784
2026-07-06T22:08:58.576823,2026-07-06T22:08:58.583572+00:00,152.7,8,ask,,,10011789
2026-07-06T22:08:59.415012,2026-07-06T22:08:59.422703+00:00,152.8,200,bid,,,10011804
2026-07-06T22:08:59.444346,2026-07-06T22:08:59.453873+00:00,152.8,200,ask,,,10011806
2026-07-06T22:09:00.655947,2026-07-06T22:09:00.662544+00:00,152.8,200,ask,,,10011828
2026-07-06T22:09:02.423212,2026-07-06T22:09:02.434581+00:00,152.8,500,bid,,,10011851
2026-07-06T22:09:03.074123,2026-07-06T22:09:03.084790+00:00,152.7,200,ask,,,10011867
2026-07-06T22:09:03.104015,2026-07-06T22:09:03.107528+00:00,152.8,11,ask,,,10011869
2026-07-06T22:09:03.106481,2026-07-06T22:09:03.122801+00:00,152.8,20,ask,,,10011870
2026-07-06T22:09:03.362462,2026-07-06T22:09:03.370815+00:00,153.0,7,bid,,,10011876
2026-07-06T22:09:04.280760,2026-07-06T22:09:04.290599+00:00,152.8,200,ask,,,10011886
2026-07-06T22:09:05.487235,2026-07-06T22:09:05.494858+00:00,152.8,200,ask,,,10011902
2026-07-06T22:09:05.702351,2026-07-06T22:09:05.708900+00:00,152.8,300,ask,,,10011906
2026-07-06T22:09:06.059556,2026-07-06T22:09:06.069648+00:00,152.8,325,bid,,,10011908
2026-07-06T22:09:09.119522,2026-07-06T22:09:09.130109+00:00,152.8,200,ask,,,10011969
2026-07-06T22:09:10.944065,2026-07-06T22:09:10.952686+00:00,152.8,200,bid,,,10012003
2026-07-06T22:09:13.976210,2026-07-06T22:09:13.985345+00:00,152.8,200,bid,,,10012055
2026-07-06T22:09:15.186420,2026-07-06T22:09:15.193890+00:00,152.9,200,bid,,,10012074
2026-07-06T22:09:15.520558,2026-07-06T22:09:15.532022+00:00,152.7,7,ask,,,10012085
2026-07-06T22:09:24.839143,2026-07-06T22:09:24.849796+00:00,153.0,43,bid,,,10012228
2026-07-06T22:09:25.173970,2026-07-06T22:09:25.185433+00:00,153.1,20,bid,,,10012231
2026-07-06T22:09:27.854044,2026-07-06T22:09:27.863670+00:00,153.2,200,bid,,,10012272
2026-07-06T22:09:29.451005,2026-07-06T22:09:29.457641+00:00,153.2,50,ask,,,10012309
2026-07-06T22:09:30.148370,2026-07-06T22:09:30.164045+00:00,153.4,8,bid,,,10012320
2026-07-06T22:09:31.048930,2026-07-06T22:09:31.052949+00:00,153.2,12,ask,,,10012338
2026-07-06T22:09:31.160508,2026-07-06T22:09:31.169355+00:00,153.2,8,ask,,,10012339
2026-07-06T22:09:31.946840,2026-07-06T22:09:31.955778+00:00,153.2,500,ask,,,10012356
2026-07-06T22:09:33.259748,2026-07-06T22:09:33.269409+00:00,153.3,50,bid,,,10012383
2026-07-06T22:09:33.259748,2026-07-06T22:09:33.269409+00:00,153.3,200,bid,,,10012384
2026-07-06T22:09:33.275236,2026-07-06T22:09:33.278870+00:00,153.4,23,ask,,,10012386
2026-07-06T22:09:33.378469,2026-07-06T22:09:33.387766+00:00,153.4,200,ask,,,10012391
2026-07-06T22:09:33.436063,2026-07-06T22:09:33.446062+00:00,153.4,8,ask,,,10012393
2026-07-06T22:09:34.571632,2026-07-06T22:09:34.600112+00:00,153.3,500,ask,,,10012414
2026-07-06T22:09:34.596133,2026-07-06T22:09:34.600112+00:00,153.2,46,bid,,,10012417
2026-07-06T22:09:35.102530,2026-07-06T22:09:35.111799+00:00,153.2,79,bid,,,10012425
2026-07-06T22:09:37.372099,2026-07-06T22:09:37.375841+00:00,153.3,34,ask,,,10012451
2026-07-06T22:09:38.496150,2026-07-06T22:09:38.502796+00:00,153.5,30,bid,,,10012467
2026-07-06T22:09:38.496150,2026-07-06T22:09:38.507770+00:00,153.5,200,bid,,,10012468
2026-07-06T22:09:38.514891,2026-07-06T22:09:38.518607+00:00,153.5,23,ask,,,10012470
2026-07-06T22:09:39.808303,2026-07-06T22:09:39.816665+00:00,153.5,200,ask,,,10012489
2026-07-06T22:09:41.676203,2026-07-06T22:09:41.687949+00:00,153.3,8,ask,,,10012524
2026-07-06T22:09:44.272846,2026-07-06T22:09:44.280515+00:00,153.5,200,ask,,,10012558
2026-07-06T22:09:45.499315,2026-07-06T22:09:45.502954+00:00,153.6,8,bid,,,10012578
2026-07-06T22:09:45.722431,2026-07-06T22:09:45.733831+00:00,153.5,8,ask,,,10012582
2026-07-06T22:09:46.059614,2026-07-06T22:09:46.063772+00:00,153.6,26,bid,,,10012593
2026-07-06T22:09:46.730034,2026-07-06T22:09:46.741854+00:00,153.6,8,bid,,,10012607
2026-07-06T22:09:47.683012,2026-07-06T22:09:47.692979+00:00,153.6,192,bid,,,10012622
2026-07-06T22:09:48.217816,2026-07-06T22:09:48.229541+00:00,153.6,20,ask,,,10012623
2026-07-06T22:09:48.579700,2026-07-06T22:09:48.588211+00:00,153.6,20,ask,,,10012632
2026-07-06T22:09:49.111977,2026-07-06T22:09:49.120847+00:00,153.6,200,bid,,,10012642
2026-07-06T22:09:51.358943,2026-07-06T22:09:51.369012+00:00,153.7,20,bid,,,10012681
2026-07-06T22:09:53.511851,2026-07-06T22:09:53.519654+00:00,153.6,8,bid,,,10012713
2026-07-06T22:09:54.244669,2026-07-06T22:09:54.268171+00:00,153.5,200,ask,,,10012723
2026-07-06T22:09:54.264142,2026-07-06T22:09:54.268171+00:00,153.4,9,bid,,,10012725
2026-07-06T22:09:55.165750,2026-07-06T22:09:55.176927+00:00,153.4,200,bid,,,10012735
2026-07-06T22:09:55.532852,2026-07-06T22:09:55.542735+00:00,153.4,8,bid,,,10012742
2026-07-06T22:09:56.289567,2026-07-06T22:09:56.296449+00:00,153.4,8,ask,,,10012760
2026-07-06T22:09:58.190567,2026-07-06T22:09:58.201490+00:00,153.5,200,bid,,,10012790
2026-07-06T22:09:58.805081,2026-07-06T22:09:58.816152+00:00,153.6,8,bid,,,10012799
2026-07-06T22:09:58.812412,2026-07-06T22:09:58.816152+00:00,153.6,3,bid,,,10012801
2026-07-06T22:10:00.754683,2026-07-06T22:10:00.764008+00:00,153.5,20,ask,,,10012848
2026-07-06T22:10:00.809804,2026-07-06T22:10:00.817744+00:00,153.6,200,bid,,,10012854
2026-07-06T22:10:00.809804,2026-07-06T22:10:00.817744+00:00,153.6,425,bid,,,10012855
2026-07-06T22:10:01.215840,2026-07-06T22:10:01.226461+00:00,153.6,200,bid,,,10012865
2026-07-06T22:10:01.327163,2026-07-06T22:10:01.337592+00:00,153.6,5,bid,,,10012871
2026-07-06T22:10:02.446324,2026-07-06T22:10:02.450215+00:00,153.5,3,ask,,,10012899
2026-07-06T22:10:02.605689,2026-07-06T22:10:02.615213+00:00,153.6,3,bid,,,10012902
2026-07-06T22:10:03.435099,2026-07-06T22:10:03.442372+00:00,153.5,197,ask,,,10012919
2026-07-06T22:10:03.453229,2026-07-06T22:10:03.457029+00:00,153.4,3,bid,,,10012921
2026-07-06T22:10:04.854161,2026-07-06T22:10:04.869114+00:00,153.3,200,ask,,,10012962
2026-07-06T22:10:08.156578,2026-07-06T22:10:08.156917+00:00,153.2,8,ask,,,10013018
2026-07-06T22:10:09.005206,2026-07-06T22:10:09.008810+00:00,153.2,12,ask,,,10013031
2026-07-06T22:10:09.189533,2026-07-06T22:10:09.199212+00:00,153.2,8,ask,,,10013039
2026-07-06T22:10:09.688699,2026-07-06T22:10:09.697576+00:00,153.3,200,bid,,,10013050
2026-07-06T22:10:12.464586,2026-07-06T22:10:12.476246+00:00,153.1,8,ask,,,10013097
2026-07-06T22:10:16.539310,2026-07-06T22:10:16.547148+00:00,153.3,200,bid,,,10013174
2026-07-06T22:10:16.559471,2026-07-06T22:10:16.563911+00:00,153.3,11,ask,,,10013177
2026-07-06T22:10:16.775726,2026-07-06T22:10:16.783134+00:00,153.3,8,ask,,,10013184
2026-07-06T22:10:19.443995,2026-07-06T22:10:19.463623+00:00,153.2,200,ask,,,10013212
2026-07-06T22:10:19.459341,2026-07-06T22:10:19.469242+00:00,153.2,20,ask,,,10013213
2026-07-06T22:10:21.147156,2026-07-06T22:10:21.164292+00:00,153.1,20,ask,,,10013241
2026-07-06T22:10:21.675456,2026-07-06T22:10:21.680144+00:00,153.2,23,bid,,,10013250
2026-07-06T22:10:21.793315,2026-07-06T22:10:21.799937+00:00,153.2,177,bid,,,10013256
2026-07-06T22:10:21.866058,2026-07-06T22:10:21.872658+00:00,153.3,200,ask,,,10013258
2026-07-06T22:10:23.068530,2026-07-06T22:10:23.079245+00:00,153.4,8,bid,,,10013274
2026-07-06T22:10:24.339725,2026-07-06T22:10:24.358578+00:00,153.4,8,bid,,,10013299
2026-07-06T22:10:24.421486,2026-07-06T22:10:24.429027+00:00,153.4,12,bid,,,10013302
2026-07-06T22:10:24.421486,2026-07-06T22:10:24.434229+00:00,153.4,500,bid,,,10013303
2026-07-06T22:10:24.421486,2026-07-06T22:10:24.434229+00:00,153.5,113,bid,,,10013304
2026-07-06T22:10:24.903967,2026-07-06T22:10:24.914601+00:00,153.3,20,bid,,,10013313
2026-07-06T22:10:25.103636,2026-07-06T22:10:25.112877+00:00,153.2,8,ask,,,10013316
2026-07-06T22:10:27.363756,2026-07-06T22:10:27.375257+00:00,153.2,8,ask,,,10013355
2026-07-06T22:10:27.796105,2026-07-06T22:10:27.863896+00:00,153.2,192,ask,,,10013358
2026-07-06T22:10:27.923219,2026-07-06T22:10:27.958688+00:00,153.2,200,bid,,,10013362
2026-07-06T22:10:28.357101,2026-07-06T22:10:28.358562+00:00,153.2,108,bid,,,10013374
2026-07-06T22:10:28.391481,2026-07-06T22:10:28.402699+00:00,153.2,500,ask,,,10013376
2026-07-06T22:10:28.993063,2026-07-06T22:10:29.000634+00:00,153.2,17,ask,,,10013382
2026-07-06T22:10:30.342007,2026-07-06T22:10:30.358628+00:00,153.2,200,bid,,,10013411
2026-07-06T22:10:30.852723,2026-07-06T22:10:30.858611+00:00,153.1,20,ask,,,10013420
2026-07-06T22:10:31.390536,2026-07-06T22:10:31.402266+00:00,153.2,8,bid,,,10013439
2026-07-06T22:10:33.608674,2026-07-06T22:10:33.619738+00:00,153.2,200,bid,,,10013482
2026-07-06T22:10:33.800913,2026-07-06T22:10:33.810835+00:00,153.2,20,ask,,,10013486
2026-07-06T22:10:33.977340,2026-07-06T22:10:33.987138+00:00,153.2,200,ask,,,10013494
2026-07-06T22:10:34.165054,2026-07-06T22:10:34.173851+00:00,153.2,8,ask,,,10013500
2026-07-06T22:10:36.397094,2026-07-06T22:10:36.405588+00:00,153.1,2,ask,,,10013523
2026-07-06T22:10:36.397094,2026-07-06T22:10:36.405588+00:00,153.1,198,ask,,,10013524
2026-07-06T22:10:36.438684,2026-07-06T22:10:36.444981+00:00,153.3,8,bid,,,10013525
2026-07-06T22:10:38.820826,2026-07-06T22:10:38.831873+00:00,153.0,200,ask,,,10013553
2026-07-06T22:10:39.374799,2026-07-06T22:10:39.386262+00:00,153.1,50,bid,,,10013562
2026-07-06T22:10:39.741356,2026-07-06T22:10:39.751124+00:00,153.1,8,bid,,,10013569
2026-07-06T22:10:40.459692,2026-07-06T22:10:40.471308+00:00,152.8,20,ask,,,10013583
2026-07-06T22:10:41.237933,2026-07-06T22:10:41.248009+00:00,153.0,200,bid,,,10013592
2026-07-06T22:10:42.011777,2026-07-06T22:10:42.023624+00:00,153.1,8,bid,,,10013607
2026-07-06T22:10:47.999015,2026-07-06T22:10:48.010328+00:00,153.1,8,bid,,,10013694
2026-07-06T22:10:48.902222,2026-07-06T22:10:48.913887+00:00,153.0,20,ask,,,10013710
2026-07-06T22:10:48.994078,2026-07-06T22:10:49.004864+00:00,153.0,15,ask,,,10013712
2026-07-06T22:10:49.015476,2026-07-06T22:10:49.018971+00:00,153.0,11,bid,,,10013715
2026-07-06T22:10:49.726646,2026-07-06T22:10:49.737864+00:00,153.0,20,ask,,,10013726
2026-07-06T22:10:50.668276,2026-07-06T22:10:50.674942+00:00,153.1,500,bid,,,10013739
2026-07-06T22:10:50.795819,2026-07-06T22:10:50.803081+00:00,153.1,125,ask,,,10013742
2026-07-06T22:10:51.515162,2026-07-06T22:10:51.526919+00:00,153.1,20,bid,,,10013752
2026-07-06T22:10:51.980618,2026-07-06T22:10:51.991379+00:00,153.0,200,ask,,,10013760
2026-07-06T22:10:52.142589,2026-07-06T22:10:52.148481+00:00,153.0,200,bid,,,10013770
2026-07-06T22:10:53.661738,2026-07-06T22:10:53.673272+00:00,153.0,20,ask,,,10013793
2026-07-06T22:10:56.582415,2026-07-06T22:10:56.594161+00:00,153.2,20,bid,,,10013840
2026-07-06T22:10:59.069477,2026-07-06T22:10:59.081110+00:00,153.0,8,ask,,,10013879
2026-07-06T22:11:00.628917,2026-07-06T22:11:00.635503+00:00,153.2,30,bid,,,10013907
2026-07-06T22:11:00.628917,2026-07-06T22:11:00.640766+00:00,153.3,170,bid,,,10013908
2026-07-06T22:11:01.837762,2026-07-06T22:11:01.848141+00:00,153.4,200,bid,,,10013924
2026-07-06T22:11:01.946781,2026-07-06T22:11:01.958635+00:00,153.4,20,bid,,,10013928
2026-07-06T22:11:04.250928,2026-07-06T22:11:04.260504+00:00,153.3,50,bid,,,10013961
2026-07-06T22:11:04.250928,2026-07-06T22:11:04.260504+00:00,153.3,150,bid,,,10013962
2026-07-06T22:11:05.374061,2026-07-06T22:11:05.385744+00:00,153.4,8,bid,,,10013988
2026-07-06T22:11:06.549452,2026-07-06T22:11:06.558570+00:00,153.2,500,bid,,,10014003
2026-07-06T22:11:06.667294,2026-07-06T22:11:06.678706+00:00,153.2,125,bid,,,10014005
2026-07-06T22:11:12.999965,2026-07-06T22:11:13.011369+00:00,153.3,20,ask,,,10014087
2026-07-06T22:11:15.613931,2026-07-06T22:11:15.621519+00:00,153.2,200,bid,,,10014129
2026-07-06T22:11:16.711545,2026-07-06T22:11:16.723118+00:00,153.3,20,bid,,,10014148
2026-07-06T22:11:17.975634,2026-07-06T22:11:17.984640+00:00,153.1,8,ask,,,10014179
2026-07-06T22:11:18.243052,2026-07-06T22:11:18.252484+00:00,153.1,42,ask,,,10014183
2026-07-06T22:11:18.243052,2026-07-06T22:11:18.252484+00:00,153.1,200,ask,,,10014184
2026-07-06T22:11:19.325193,2026-07-06T22:11:19.332242+00:00,152.9,20,ask,,,10014207
2026-07-06T22:11:19.552808,2026-07-06T22:11:19.553602+00:00,153.1,200,bid,,,10014209
2026-07-06T22:11:21.169877,2026-07-06T22:11:21.179334+00:00,153.1,200,ask,,,10014235
2026-07-06T22:11:21.686131,2026-07-06T22:11:21.689686+00:00,153.2,11,ask,,,10014244
2026-07-06T22:11:21.999468,2026-07-06T22:11:22.011243+00:00,153.3,8,bid,,,10014251
2026-07-06T22:11:22.173295,2026-07-06T22:11:22.183916+00:00,153.2,489,ask,,,10014261
2026-07-06T22:11:22.173295,2026-07-06T22:11:22.183916+00:00,153.0,50,ask,,,10014262
2026-07-06T22:11:22.263459,2026-07-06T22:11:22.274236+00:00,153.0,86,bid,,,10014267
2026-07-06T22:11:22.263459,2026-07-06T22:11:22.274236+00:00,153.3,42,bid,,,10014268
2026-07-06T22:11:22.289870,2026-07-06T22:11:22.300185+00:00,153.3,20,ask,,,10014270
2026-07-06T22:11:22.302224,2026-07-06T22:11:22.310626+00:00,153.3,8,ask,,,10014272
2026-07-06T22:11:22.316817,2026-07-06T22:11:22.321073+00:00,153.3,8,ask,,,10014274
2026-07-06T22:11:22.381014,2026-07-06T22:11:22.389050+00:00,153.3,200,ask,,,10014276
2026-07-06T22:11:23.493460,2026-07-06T22:11:23.505003+00:00,153.3,500,ask,,,10014300
2026-07-06T22:11:24.069161,2026-07-06T22:11:24.076825+00:00,153.3,125,bid,,,10014314
2026-07-06T22:11:24.069161,2026-07-06T22:11:24.082052+00:00,153.3,200,bid,,,10014315
2026-07-06T22:11:24.377695,2026-07-06T22:11:24.389113+00:00,153.3,8,ask,,,10014324
2026-07-06T22:11:24.800371,2026-07-06T22:11:24.811179+00:00,153.4,200,ask,,,10014330
2026-07-06T22:11:26.009593,2026-07-06T22:11:26.020698+00:00,153.4,200,ask,,,10014345
2026-07-06T22:11:26.397913,2026-07-06T22:11:26.405781+00:00,153.4,8,ask,,,10014358
2026-07-06T22:11:27.113772,2026-07-06T22:11:27.121431+00:00,153.5,500,bid,,,10014369
2026-07-06T22:11:27.420681,2026-07-06T22:11:27.428380+00:00,153.3,200,bid,,,10014378
2026-07-06T22:11:27.736108,2026-07-06T22:11:27.739603+00:00,153.5,4,ask,,,10014386
2026-07-06T22:11:28.452170,2026-07-06T22:11:28.458628+00:00,153.4,8,ask,,,10014399
2026-07-06T22:11:29.529317,2026-07-06T22:11:29.541180+00:00,153.5,200,bid,,,10014412
2026-07-06T22:11:29.529317,2026-07-06T22:11:29.541180+00:00,153.5,300,bid,,,10014413
2026-07-06T22:11:30.040756,2026-07-06T22:11:30.049476+00:00,153.6,40,bid,,,10014422
2026-07-06T22:11:30.040756,2026-07-06T22:11:30.049476+00:00,153.6,200,bid,,,10014423
2026-07-06T22:11:30.064567,2026-07-06T22:11:30.068028+00:00,153.6,11,ask,,,10014425
2026-07-06T22:11:31.380029,2026-07-06T22:11:31.390593+00:00,153.7,200,bid,,,10014448
2026-07-06T22:11:31.511165,2026-07-06T22:11:31.518584+00:00,153.7,8,ask,,,10014453
2026-07-06T22:11:34.002712,2026-07-06T22:11:34.011239+00:00,153.7,200,bid,,,10014490
2026-07-06T22:11:36.899148,2026-07-06T22:11:36.909086+00:00,153.7,5,bid,,,10014538
2026-07-06T22:11:36.899148,2026-07-06T22:11:36.909086+00:00,153.8,195,bid,,,10014539
2026-07-06T22:11:37.038676,2026-07-06T22:11:37.047770+00:00,153.8,8,bid,,,10014540
2026-07-06T22:11:37.801278,2026-07-06T22:11:37.806370+00:00,153.5,8,ask,,,10014552
2026-07-06T22:11:38.348957,2026-07-06T22:11:38.358533+00:00,153.8,20,bid,,,10014556
2026-07-06T22:11:39.337478,2026-07-06T22:11:39.349202+00:00,153.6,8,ask,,,10014575
2026-07-06T22:11:41.863192,2026-07-06T22:11:41.869892+00:00,153.7,40,bid,,,10014604
2026-07-06T22:11:41.863192,2026-07-06T22:11:41.874949+00:00,153.7,200,bid,,,10014605
2026-07-06T22:11:42.242703,2026-07-06T22:11:42.253466+00:00,153.7,20,ask,,,10014611
2026-07-06T22:11:43.396451,2026-07-06T22:11:43.408069+00:00,153.7,8,ask,,,10014629
2026-07-06T22:11:48.409964,2026-07-06T22:11:48.421493+00:00,153.9,200,bid,,,10014724
2026-07-06T22:11:48.409964,2026-07-06T22:11:48.421493+00:00,153.9,425,bid,,,10014725
2026-07-06T22:11:49.025171,2026-07-06T22:11:49.031927+00:00,153.9,200,bid,,,10014735
2026-07-06T22:11:49.692046,2026-07-06T22:11:49.699880+00:00,153.8,20,bid,,,10014744
2026-07-06T22:11:50.233028,2026-07-06T22:11:50.242783+00:00,153.7,200,bid,,,10014748
2026-07-06T22:11:52.971204,2026-07-06T22:11:52.982798+00:00,153.6,8,bid,,,10014797
2026-07-06T22:11:56.796929,2026-07-06T22:11:56.807888+00:00,153.4,8,ask,,,10014865
2026-07-06T22:11:57.496128,2026-07-06T22:11:57.502995+00:00,153.4,42,ask,,,10014874
2026-07-06T22:11:57.496128,2026-07-06T22:11:57.508123+00:00,153.4,158,ask,,,10014875
2026-07-06T22:11:58.926891,2026-07-06T22:11:58.937781+00:00,153.6,50,bid,,,10014899
2026-07-06T22:11:58.926891,2026-07-06T22:11:58.937781+00:00,153.6,200,bid,,,10014900
2026-07-06T22:11:59.522643,2026-07-06T22:11:59.532027+00:00,153.9,20,bid,,,10014905
2026-07-06T22:11:59.910553,2026-07-06T22:11:59.920931+00:00,153.7,200,ask,,,10014910
2026-07-06T22:12:04.746297,2026-07-06T22:12:04.758566+00:00,153.7,200,bid,,,10014979
2026-07-06T22:12:05.598017,2026-07-06T22:12:05.607055+00:00,153.5,8,ask,,,10014995
2026-07-06T22:12:07.108563,2026-07-06T22:12:07.116324+00:00,153.7,8,bid,,,10015021
2026-07-06T22:12:08.895816,2026-07-06T22:12:08.905409+00:00,153.8,200,ask,,,10015041
2026-07-06T22:12:10.637055,2026-07-06T22:12:10.645928+00:00,153.8,8,bid,,,10015079
2026-07-06T22:12:11.917638,2026-07-06T22:12:11.926495+00:00,153.7,8,ask,,,10015093
2026-07-06T22:12:12.516920,2026-07-06T22:12:12.523683+00:00,153.7,200,ask,,,10015102
2026-07-06T22:12:13.219916,2026-07-06T22:12:13.229888+00:00,153.7,200,bid,,,10015113
2026-07-06T22:12:14.954204,2026-07-06T22:12:14.963579+00:00,153.7,8,bid,,,10015138
2026-07-06T22:12:17.305443,2026-07-06T22:12:17.313829+00:00,153.7,200,ask,,,10015167
2026-07-06T22:12:17.319572,2026-07-06T22:12:17.323166+00:00,153.6,11,bid,,,10015169
2026-07-06T22:12:18.069306,2026-07-06T22:12:18.079210+00:00,153.6,200,bid,,,10015185
2026-07-06T22:12:19.929538,2026-07-06T22:12:19.936827+00:00,153.7,200,ask,,,10015211
2026-07-06T22:12:22.806684,2026-07-06T22:12:22.864705+00:00,153.7,500,ask,,,10015257
2026-07-06T22:12:22.987554,2026-07-06T22:12:22.999206+00:00,153.9,8,bid,,,10015261
2026-07-06T22:12:23.402359,2026-07-06T22:12:23.412319+00:00,153.7,125,ask,,,10015265
2026-07-06T22:12:25.266253,2026-07-06T22:12:25.269934+00:00,153.6,12,bid,,,10015295
2026-07-06T22:12:25.522180,2026-07-06T22:12:25.531725+00:00,153.6,8,bid,,,10015301
2026-07-06T22:12:27.793924,2026-07-06T22:12:27.858625+00:00,153.5,50,ask,,,10015339
2026-07-06T22:12:27.793924,2026-07-06T22:12:27.858625+00:00,153.5,200,ask,,,10015340
2026-07-06T22:12:28.336615,2026-07-06T22:12:28.340563+00:00,153.5,11,bid,,,10015352
2026-07-06T22:12:30.600539,2026-07-06T22:12:30.610465+00:00,153.5,8,bid,,,10015396
2026-07-06T22:12:31.624702,2026-07-06T22:12:31.634310+00:00,153.5,8,bid,,,10015417
2026-07-06T22:12:31.726521,2026-07-06T22:12:31.733679+00:00,153.4,50,ask,,,10015422
2026-07-06T22:12:31.726521,2026-07-06T22:12:31.738905+00:00,153.4,200,ask,,,10015423
2026-07-06T22:12:33.464673,2026-07-06T22:12:33.474349+00:00,153.5,20,bid,,,10015444
2026-07-06T22:12:33.915549,2026-07-06T22:12:33.925783+00:00,153.6,8,bid,,,10015455
2026-07-06T22:12:35.662601,2026-07-06T22:12:35.674062+00:00,153.6,42,bid,,,10015487
2026-07-06T22:12:35.662601,2026-07-06T22:12:35.674062+00:00,153.6,200,bid,,,10015488
2026-07-06T22:12:35.662601,2026-07-06T22:12:35.674062+00:00,153.6,383,bid,,,10015489
2026-07-06T22:12:38.010333,2026-07-06T22:12:38.022011+00:00,153.4,50,bid,,,10015528
2026-07-06T22:12:39.164121,2026-07-06T22:12:39.174598+00:00,153.4,500,ask,,,10015548
2026-07-06T22:12:39.595507,2026-07-06T22:12:39.602171+00:00,153.3,200,ask,,,10015555
2026-07-06T22:12:39.613577,2026-07-06T22:12:39.617646+00:00,153.2,3,bid,,,10015557
2026-07-06T22:12:39.722772,2026-07-06T22:12:39.731220+00:00,153.2,5,bid,,,10015562
2026-07-06T22:12:39.990045,2026-07-06T22:12:39.997738+00:00,153.2,3,bid,,,10015567
2026-07-06T22:12:40.412371,2026-07-06T22:12:40.421301+00:00,153.2,50,bid,,,10015574
2026-07-06T22:12:42.297872,2026-07-06T22:12:42.304980+00:00,153.2,200,bid,,,10015605
2026-07-06T22:12:45.265957,2026-07-06T22:12:45.275031+00:00,153.1,20,ask,,,10015671
2026-07-06T22:12:45.936238,2026-07-06T22:12:45.940131+00:00,153.2,3,ask,,,10015679
2026-07-06T22:12:47.445607,2026-07-06T22:12:47.452996+00:00,153.3,200,bid,,,10015705
2026-07-06T22:12:47.445607,2026-07-06T22:12:47.452996+00:00,153.4,50,bid,,,10015706
2026-07-06T22:12:47.445607,2026-07-06T22:12:47.452996+00:00,153.4,375,bid,,,10015707
2026-07-06T22:12:48.852449,2026-07-06T22:12:48.861733+00:00,153.2,200,ask,,,10015728
2026-07-06T22:12:49.378716,2026-07-06T22:12:49.390479+00:00,153.1,50,bid,,,10015735
2026-07-06T22:12:50.682995,2026-07-06T22:12:50.689746+00:00,153.1,200,ask,,,10015755
2026-07-06T22:12:50.682995,2026-07-06T22:12:50.694972+00:00,153.1,300,ask,,,10015756
2026-07-06T22:12:50.858440,2026-07-06T22:12:50.870034+00:00,153.1,8,ask,,,10015759
2026-07-06T22:12:52.885386,2026-07-06T22:12:52.892952+00:00,153.0,8,ask,,,10015786
2026-07-06T22:12:54.073806,2026-07-06T22:12:54.078176+00:00,153.0,11,ask,,,10015801
2026-07-06T22:12:58.034286,2026-07-06T22:12:58.042636+00:00,153.0,200,bid,,,10015867
2026-07-06T22:13:00.163516,2026-07-06T22:13:00.175346+00:00,152.9,8,ask,,,10015898
2026-07-06T22:13:00.608817,2026-07-06T22:13:00.619034+00:00,153.0,200,ask,,,10015909
2026-07-06T22:13:01.660731,2026-07-06T22:13:01.670201+00:00,153.0,200,bid,,,10015919
2026-07-06T22:13:01.936030,2026-07-06T22:13:01.939517+00:00,153.1,12,ask,,,10015925
2026-07-06T22:13:02.202212,2026-07-06T22:13:02.209921+00:00,153.1,500,ask,,,10015929
2026-07-06T22:13:02.786324,2026-07-06T22:13:02.794695+00:00,153.1,113,ask,,,10015934
2026-07-06T22:13:03.258009,2026-07-06T22:13:03.269373+00:00,152.8,8,ask,,,10015943
2026-07-06T22:13:04.078677,2026-07-06T22:13:04.087704+00:00,152.9,200,bid,,,10015953
2026-07-06T22:13:04.602128,2026-07-06T22:13:04.612313+00:00,152.9,500,ask,,,10015967
2026-07-06T22:13:05.042011,2026-07-06T22:13:05.058545+00:00,152.9,8,ask,,,10015975
2026-07-06T22:13:05.807224,2026-07-06T22:13:05.815930+00:00,152.9,117,ask,,,10015991
2026-07-06T22:13:05.845852,2026-07-06T22:13:05.875891+00:00,152.7,200,ask,,,10015992
2026-07-06T22:13:07.715811,2026-07-06T22:13:07.722971+00:00,152.7,200,ask,,,10016016
2026-07-06T22:13:09.845683,2026-07-06T22:13:09.853294+00:00,152.8,8,bid,,,10016043
2026-07-06T22:13:10.351258,2026-07-06T22:13:10.358545+00:00,152.6,8,ask,,,10016058
2026-07-06T22:13:10.981287,2026-07-06T22:13:10.993009+00:00,152.8,20,bid,,,10016065
2026-07-06T22:13:11.343621,2026-07-06T22:13:11.354146+00:00,152.8,200,bid,,,10016071
2026-07-06T22:13:12.553927,2026-07-06T22:13:12.558620+00:00,152.7,200,ask,,,10016087
2026-07-06T22:13:18.382098,2026-07-06T22:13:18.393894+00:00,152.7,8,ask,,,10016165
2026-07-06T22:13:20.155044,2026-07-06T22:13:20.163915+00:00,152.8,20,bid,,,10016183
2026-07-06T22:13:20.299625,2026-07-06T22:13:20.307330+00:00,152.8,180,bid,,,10016187
2026-07-06T22:13:21.933030,2026-07-06T22:13:21.940112+00:00,152.7,8,ask,,,10016202
2026-07-06T22:13:22.438594,2026-07-06T22:13:22.458601+00:00,152.9,8,ask,,,10016210
2026-07-06T22:13:22.927720,2026-07-06T22:13:22.932536+00:00,152.9,192,ask,,,10016222
2026-07-06T22:13:23.442163,2026-07-06T22:13:23.448969+00:00,152.9,200,bid,,,10016229
2026-07-06T22:13:27.071273,2026-07-06T22:13:27.082348+00:00,153.0,200,bid,,,10016281
2026-07-06T22:13:28.760698,2026-07-06T22:13:28.772207+00:00,152.9,8,ask,,,10016313
2026-07-06T22:13:30.269572,2026-07-06T22:13:30.281087+00:00,152.9,8,bid,,,10016336
2026-07-06T22:13:32.110750,2026-07-06T22:13:32.118639+00:00,153.0,200,ask,,,10016369
2026-07-06T22:13:33.673288,2026-07-06T22:13:33.684913+00:00,152.9,200,ask,,,10016391
2026-07-06T22:13:36.086499,2026-07-06T22:13:36.097388+00:00,152.8,200,ask,,,10016415
2026-07-06T22:13:36.086499,2026-07-06T22:13:36.097388+00:00,152.8,300,ask,,,10016416
2026-07-06T22:13:36.682900,2026-07-06T22:13:36.689702+00:00,152.8,325,ask,,,10016423
2026-07-06T22:13:39.191436,2026-07-06T22:13:39.195441+00:00,152.6,12,bid,,,10016472
2026-07-06T22:13:40.000731,2026-07-06T22:13:40.007932+00:00,152.6,188,bid,,,10016481
2026-07-06T22:13:42.628628,2026-07-06T22:13:42.635575+00:00,152.5,200,ask,,,10016511
2026-07-06T22:13:42.810009,2026-07-06T22:13:42.864526+00:00,152.5,200,bid,,,10016513
2026-07-06T22:13:44.598957,2026-07-06T22:13:44.611531+00:00,152.6,20,bid,,,10016533
2026-07-06T22:13:45.182853,2026-07-06T22:13:45.194643+00:00,152.5,500,ask,,,10016545
2026-07-06T22:13:47.898163,2026-07-06T22:13:47.906112+00:00,152.4,8,ask,,,10016596
2026-07-06T22:13:51.937739,2026-07-06T22:13:51.949513+00:00,152.3,8,ask,,,10016665
2026-07-06T22:13:52.500167,2026-07-06T22:13:52.509386+00:00,152.4,200,bid,,,10016671
2026-07-06T22:13:52.546346,2026-07-06T22:13:52.558617+00:00,152.4,20,bid,,,10016673
2026-07-06T22:13:58.500909,2026-07-06T22:13:58.511050+00:00,152.1,8,ask,,,10016767
2026-07-06T22:13:59.720196,2026-07-06T22:13:59.727784+00:00,152.2,200,bid,,,10016788
2026-07-06T22:13:59.758050,2026-07-06T22:13:59.769362+00:00,152.2,200,ask,,,10016793
2026-07-06T22:14:01.034273,2026-07-06T22:14:01.045060+00:00,152.2,200,ask,,,10016826
2026-07-06T22:14:02.176240,2026-07-06T22:14:02.184481+00:00,152.1,200,bid,,,10016847
2026-07-06T22:14:03.313906,2026-07-06T22:14:03.317957+00:00,151.9,12,ask,,,10016871
2026-07-06T22:14:03.383584,2026-07-06T22:14:03.391859+00:00,152.2,200,bid,,,10016875
2026-07-06T22:14:03.666406,2026-07-06T22:14:03.670186+00:00,152.1,23,ask,,,10016878
2026-07-06T22:14:04.399178,2026-07-06T22:14:04.411035+00:00,152.4,20,bid,,,10016892
2026-07-06T22:14:04.606303,2026-07-06T22:14:04.610101+00:00,152.2,11,ask,,,10016897
2026-07-06T22:14:04.835082,2026-07-06T22:14:04.842877+00:00,152.2,11,ask,,,10016907
2026-07-06T22:14:06.636564,2026-07-06T22:14:06.640285+00:00,152.4,8,bid,,,10016944
2026-07-06T22:14:06.878501,2026-07-06T22:14:06.889987+00:00,152.3,9,ask,,,10016950
2026-07-06T22:14:07.588765,2026-07-06T22:14:07.595349+00:00,152.2,200,ask,,,10016959
2026-07-06T22:14:07.608598,2026-07-06T22:14:07.612274+00:00,152.2,15,bid,,,10016962
2026-07-06T22:14:08.237973,2026-07-06T22:14:08.241846+00:00,152.1,11,bid,,,10016972
2026-07-06T22:14:08.902987,2026-07-06T22:14:08.911771+00:00,152.1,189,bid,,,10016981
2026-07-06T22:14:09.672276,2026-07-06T22:14:09.676672+00:00,152.1,11,ask,,,10016997
2026-07-06T22:14:09.709203,2026-07-06T22:14:09.717172+00:00,152.1,9,ask,,,10016999
2026-07-06T22:14:12.415142,2026-07-06T22:14:12.425344+00:00,152.2,500,bid,,,10017038
2026-07-06T22:14:12.834961,2026-07-06T22:14:12.874659+00:00,152.3,200,bid,,,10017047
2026-07-06T22:14:12.870499,2026-07-06T22:14:12.874659+00:00,152.3,12,ask,,,10017050
2026-07-06T22:14:15.491452,2026-07-06T22:14:15.499350+00:00,152.2,200,ask,,,10017096
2026-07-06T22:14:15.491452,2026-07-06T22:14:15.499350+00:00,152.2,425,ask,,,10017097
2026-07-06T22:14:16.801654,2026-07-06T22:14:16.807996+00:00,152.4,200,bid,,,10017124
2026-07-06T22:14:17.926581,2026-07-06T22:14:17.964410+00:00,152.5,200,ask,,,10017150
2026-07-06T22:14:19.137150,2026-07-06T22:14:19.142957+00:00,152.4,200,ask,,,10017173
2026-07-06T22:14:20.308411,2026-07-06T22:14:20.317280+00:00,152.5,500,bid,,,10017195
2026-07-06T22:14:20.345334,2026-07-06T22:14:20.356640+00:00,152.3,200,ask,,,10017197
2026-07-06T22:14:21.554324,2026-07-06T22:14:21.558542+00:00,152.6,200,ask,,,10017223
2026-07-06T22:14:22.777119,2026-07-06T22:14:22.780741+00:00,152.5,23,bid,,,10017239
2026-07-06T22:14:23.319280,2026-07-06T22:14:23.330438+00:00,152.5,177,bid,,,10017253
2026-07-06T22:14:23.970444,2026-07-06T22:14:23.979943+00:00,152.5,200,ask,,,10017274
2026-07-06T22:14:26.390042,2026-07-06T22:14:26.400347+00:00,152.4,200,ask,,,10017317
2026-07-06T22:14:27.291656,2026-07-06T22:14:27.302741+00:00,152.3,500,ask,,,10017332
2026-07-06T22:14:27.560245,2026-07-06T22:14:27.569215+00:00,152.3,125,bid,,,10017336
2026-07-06T22:14:27.872358,2026-07-06T22:14:27.875952+00:00,152.4,23,ask,,,10017358
2026-07-06T22:14:28.810794,2026-07-06T22:14:28.821132+00:00,152.4,200,ask,,,10017374
2026-07-06T22:14:34.880636,2026-07-06T22:14:34.889879+00:00,152.4,200,ask,,,10017477
2026-07-06T22:14:34.934560,2026-07-06T22:14:34.938329+00:00,152.6,12,bid,,,10017482
2026-07-06T22:14:35.180780,2026-07-06T22:14:35.184431+00:00,152.5,11,bid,,,10017485
2026-07-06T22:14:36.087167,2026-07-06T22:14:36.094817+00:00,152.3,200,ask,,,10017509
2026-07-06T22:14:37.306997,2026-07-06T22:14:37.311090+00:00,152.4,12,bid,,,10017523
2026-07-06T22:14:40.442773,2026-07-06T22:14:40.451981+00:00,152.3,200,ask,,,10017567
2026-07-06T22:14:40.943297,2026-07-06T22:14:40.958880+00:00,152.2,200,bid,,,10017572
2026-07-06T22:14:41.769416,2026-07-06T22:14:41.772855+00:00,152.3,12,ask,,,10017583
2026-07-06T22:14:42.155131,2026-07-06T22:14:42.163630+00:00,152.3,200,ask,,,10017585
2026-07-06T22:14:43.953089,2026-07-06T22:14:43.974930+00:00,152.3,20,ask,,,10017612
2026-07-06T22:14:47.648762,2026-07-06T22:14:47.652398+00:00,152.3,11,ask,,,10017680
2026-07-06T22:14:51.431336,2026-07-06T22:14:51.440524+00:00,152.2,20,ask,,,10017739
2026-07-06T22:14:52.289720,2026-07-06T22:14:52.301024+00:00,152.3,200,bid,,,10017752
2026-07-06T22:15:00.318972,2026-07-06T22:15:00.322987+00:00,152.5,12,ask,,,10017881
2026-07-06T22:15:02.089002,2026-07-06T22:15:02.099866+00:00,152.5,20,ask,,,10017910
2026-07-06T22:15:05.499182,2026-07-06T22:15:05.510648+00:00,152.5,20,ask,,,10017964
2026-07-06T22:15:06.370788,2026-07-06T22:15:06.380422+00:00,152.6,200,bid,,,10017978
2026-07-06T22:15:06.765016,2026-07-06T22:15:06.768878+00:00,152.5,11,ask,,,10017985
2026-07-06T22:15:07.578243,2026-07-06T22:15:07.588503+00:00,152.7,50,bid,,,10017993
2026-07-06T22:15:07.578243,2026-07-06T22:15:07.588503+00:00,152.7,150,bid,,,10017994
2026-07-06T22:15:09.408207,2026-07-06T22:15:09.411769+00:00,152.6,11,ask,,,10018021
2026-07-06T22:15:10.020695,2026-07-06T22:15:10.024346+00:00,152.7,11,bid,,,10018034
2026-07-06T22:15:11.212833,2026-07-06T22:15:11.219352+00:00,152.6,200,ask,,,10018046
2026-07-06T22:15:14.641711,2026-07-06T22:15:14.658591+00:00,152.8,50,bid,,,10018100
2026-07-06T22:15:14.641711,2026-07-06T22:15:14.658591+00:00,152.8,200,bid,,,10018101
2026-07-06T22:15:18.487524,2026-07-06T22:15:18.496752+00:00,152.7,200,ask,,,10018149
2026-07-06T22:15:19.229912,2026-07-06T22:15:19.233386+00:00,152.9,23,bid,,,10018162
2026-07-06T22:15:19.903829,2026-07-06T22:15:19.907231+00:00,152.8,11,bid,,,10018171
2026-07-06T22:15:25.742712,2026-07-06T22:15:25.750068+00:00,152.6,200,bid,,,10018269
2026-07-06T22:15:27.765702,2026-07-06T22:15:27.774122+00:00,152.5,45,ask,,,10018302
2026-07-06T22:15:27.765702,2026-07-06T22:15:27.774122+00:00,152.5,200,ask,,,10018303
2026-07-06T22:15:27.779692,2026-07-06T22:15:27.783007+00:00,152.4,23,bid,,,10018305
2026-07-06T22:15:28.158315,2026-07-06T22:15:28.169463+00:00,152.4,200,bid,,,10018317
2026-07-06T22:15:28.164563,2026-07-06T22:15:28.174693+00:00,152.4,45,bid,,,10018318
2026-07-06T22:15:28.192687,2026-07-06T22:15:28.204453+00:00,152.4,20,bid,,,10018320
2026-07-06T22:15:28.764394,2026-07-06T22:15:28.768341+00:00,152.2,23,ask,,,10018329
2026-07-06T22:15:30.423405,2026-07-06T22:15:30.435246+00:00,152.5,20,bid,,,10018362
2026-07-06T22:15:31.051086,2026-07-06T22:15:31.054771+00:00,152.5,12,bid,,,10018375
2026-07-06T22:15:33.003215,2026-07-06T22:15:33.013041+00:00,152.6,50,bid,,,10018410
2026-07-06T22:15:33.003215,2026-07-06T22:15:33.013041+00:00,152.6,150,bid,,,10018411
2026-07-06T22:15:33.894600,2026-07-06T22:15:33.905391+00:00,152.7,20,bid,,,10018424
2026-07-06T22:15:34.221393,2026-07-06T22:15:34.234595+00:00,152.6,200,ask,,,10018427
2026-07-06T22:15:36.952375,2026-07-06T22:15:36.958567+00:00,152.7,200,bid,,,10018468
2026-07-06T22:15:36.952375,2026-07-06T22:15:36.958567+00:00,152.8,50,bid,,,10018469
2026-07-06T22:15:36.952375,2026-07-06T22:15:36.958567+00:00,152.8,375,bid,,,10018470
2026-07-06T22:15:37.845006,2026-07-06T22:15:37.868745+00:00,152.6,200,bid,,,10018490
2026-07-06T22:15:37.907336,2026-07-06T22:15:37.910290+00:00,152.6,50,bid,,,10018492
2026-07-06T22:15:40.252707,2026-07-06T22:15:40.254815+00:00,152.4,500,ask,,,10018526
2026-07-06T22:15:41.368049,2026-07-06T22:15:41.372655+00:00,152.4,11,bid,,,10018544
2026-07-06T22:15:43.265178,2026-07-06T22:15:43.274145+00:00,152.4,25,ask,,,10018579
2026-07-06T22:15:45.131134,2026-07-06T22:15:45.141572+00:00,152.4,200,bid,,,10018611
2026-07-06T22:15:45.711642,2026-07-06T22:15:45.722898+00:00,152.3,500,ask,,,10018615
2026-07-06T22:15:46.339403,2026-07-06T22:15:46.346636+00:00,152.4,200,bid,,,10018631
2026-07-06T22:15:47.550429,2026-07-06T22:15:47.554837+00:00,152.4,200,bid,,,10018659
2026-07-06T22:15:48.761983,2026-07-06T22:15:48.769067+00:00,152.4,200,bid,,,10018679
2026-07-06T22:15:49.970660,2026-07-06T22:15:49.981604+00:00,152.4,200,bid,,,10018696
2026-07-06T22:15:51.178348,2026-07-06T22:15:51.186437+00:00,152.4,200,bid,,,10018715
2026-07-06T22:15:52.362338,2026-07-06T22:15:52.368699+00:00,152.3,5,ask,,,10018735
2026-07-06T22:15:52.380163,2026-07-06T22:15:52.383812+00:00,152.3,3,bid,,,10018737
2026-07-06T22:15:52.386891,2026-07-06T22:15:52.404185+00:00,152.3,200,bid,,,10018738
2026-07-06T22:15:53.594169,2026-07-06T22:15:53.600995+00:00,152.3,200,bid,,,10018752
2026-07-06T22:15:54.801482,2026-07-06T22:15:54.811304+00:00,152.3,200,bid,,,10018762
2026-07-06T22:15:57.123614,2026-07-06T22:15:57.130333+00:00,152.4,20,bid,,,10018794
2026-07-06T22:15:57.243930,2026-07-06T22:15:57.247773+00:00,152.4,3,bid,,,10018796
2026-07-06T22:15:58.442814,2026-07-06T22:15:58.453985+00:00,152.3,200,ask,,,10018816
2026-07-06T22:15:59.023407,2026-07-06T22:15:59.031079+00:00,152.3,425,ask,,,10018823
2026-07-06T22:15:59.023407,2026-07-06T22:15:59.045732+00:00,152.3,5,ask,,,10018824
2026-07-06T22:15:59.042072,2026-07-06T22:15:59.045732+00:00,152.3,11,bid,,,10018826
2026-07-06T22:15:59.990812,2026-07-06T22:16:00.002618+00:00,152.1,20,ask,,,10018843
2026-07-06T22:16:00.223666,2026-07-06T22:16:00.234800+00:00,152.1,180,ask,,,10018847
2026-07-06T22:16:00.455136,2026-07-06T22:16:00.459417+00:00,152.0,11,ask,,,10018858
2026-07-06T22:16:02.034117,2026-07-06T22:16:02.042988+00:00,152.0,200,ask,,,10018885
2026-07-06T22:16:02.677022,2026-07-06T22:16:02.688920+00:00,151.9,20,ask,,,10018896
2026-07-06T22:16:09.660830,2026-07-06T22:16:09.674297+00:00,152.1,20,bid,,,10019013
2026-07-06T22:16:09.939623,2026-07-06T22:16:09.943299+00:00,152.0,3,ask,,,10019018
2026-07-06T22:16:11.074573,2026-07-06T22:16:11.081617+00:00,152.0,200,ask,,,10019028
2026-07-06T22:16:12.392517,2026-07-06T22:16:12.399440+00:00,152.0,200,bid,,,10019049
2026-07-06T22:16:12.410426,2026-07-06T22:16:12.414208+00:00,152.0,3,ask,,,10019052
2026-07-06T22:16:20.244246,2026-07-06T22:16:20.250961+00:00,152.0,35,ask,,,10019153
2026-07-06T22:16:20.244246,2026-07-06T22:16:20.258734+00:00,152.0,165,ask,,,10019154
2026-07-06T22:16:23.891599,2026-07-06T22:16:23.895367+00:00,152.1,11,ask,,,10019210
2026-07-06T22:16:26.820578,2026-07-06T22:16:26.830442+00:00,152.3,200,bid,,,10019237
2026-07-06T22:16:27.512784,2026-07-06T22:16:27.521704+00:00,152.3,200,ask,,,10019243
2026-07-06T22:16:28.740249,2026-07-06T22:16:28.743909+00:00,152.1,11,bid,,,10019264
2026-07-06T22:16:30.768005,2026-07-06T22:16:30.771862+00:00,152.0,3,bid,,,10019302
2026-07-06T22:16:31.152288,2026-07-06T22:16:31.158638+00:00,152.0,200,bid,,,10019307
2026-07-06T22:16:31.950218,2026-07-06T22:16:31.961718+00:00,152.0,20,bid,,,10019315
2026-07-06T22:16:32.381135,2026-07-06T22:16:32.385047+00:00,152.0,14,ask,,,10019331
2026-07-06T22:16:34.064209,2026-07-06T22:16:34.073022+00:00,152.1,20,bid,,,10019364
2026-07-06T22:16:36.016269,2026-07-06T22:16:36.033693+00:00,152.0,200,ask,,,10019401
2026-07-06T22:16:36.030101,2026-07-06T22:16:36.033693+00:00,151.8,11,bid,,,10019403
2026-07-06T22:16:37.206975,2026-07-06T22:16:37.218318+00:00,151.8,200,bid,,,10019423
2026-07-06T22:16:38.416351,2026-07-06T22:16:38.427093+00:00,151.9,200,bid,,,10019434
2026-07-06T22:16:39.965821,2026-07-06T22:16:39.969886+00:00,151.9,11,ask,,,10019459
2026-07-06T22:16:40.840399,2026-07-06T22:16:40.848460+00:00,151.9,200,ask,,,10019480
2026-07-06T22:16:50.288986,2026-07-06T22:16:50.300451+00:00,151.8,20,bid,,,10019607
2026-07-06T22:16:50.439191,2026-07-06T22:16:50.448891+00:00,151.8,180,bid,,,10019610
2026-07-06T22:16:50.480930,2026-07-06T22:16:50.484837+00:00,152.0,12,ask,,,10019613
2026-07-06T22:16:50.535181,2026-07-06T22:16:50.545760+00:00,152.0,200,ask,,,10019616
2026-07-06T22:16:51.758633,2026-07-06T22:16:51.770213+00:00,151.9,200,ask,,,10019631
2026-07-06T22:16:57.124162,2026-07-06T22:16:57.131317+00:00,151.8,200,ask,,,10019714
2026-07-06T22:16:57.377506,2026-07-06T22:16:57.382096+00:00,151.8,12,bid,,,10019719
2026-07-06T22:16:57.797379,2026-07-06T22:16:57.858648+00:00,151.9,200,bid,,,10019724
2026-07-06T22:17:02.623220,2026-07-06T22:17:02.632732+00:00,151.9,200,bid,,,10019796
2026-07-06T22:17:03.695853,2026-07-06T22:17:03.702522+00:00,152.0,20,bid,,,10019809
2026-07-06T22:17:03.698745,2026-07-06T22:17:03.702522+00:00,152.0,11,bid,,,10019810
2026-07-06T22:17:03.831233,2026-07-06T22:17:03.837673+00:00,152.0,200,bid,,,10019813
2026-07-06T22:17:05.046825,2026-07-06T22:17:05.059836+00:00,151.9,200,bid,,,10019825
2026-07-06T22:17:05.056186,2026-07-06T22:17:05.059836+00:00,151.9,3,bid,,,10019827
2026-07-06T22:17:06.257637,2026-07-06T22:17:06.268985+00:00,151.9,200,bid,,,10019850
2026-07-06T22:17:06.607126,2026-07-06T22:17:06.618917+00:00,151.9,20,bid,,,10019855
2026-07-06T22:17:07.466560,2026-07-06T22:17:07.475537+00:00,152.0,200,bid,,,10019863
2026-07-06T22:17:08.680110,2026-07-06T22:17:08.688770+00:00,151.9,200,bid,,,10019879
2026-07-06T22:17:09.243185,2026-07-06T22:17:09.268723+00:00,151.8,500,ask,,,10019886
2026-07-06T22:17:09.864223,2026-07-06T22:17:09.874325+00:00,151.8,125,ask,,,10019894
2026-07-06T22:17:09.887964,2026-07-06T22:17:09.900891+00:00,151.8,200,bid,,,10019895
2026-07-06T22:17:11.099308,2026-07-06T22:17:11.108449+00:00,151.8,200,bid,,,10019914
2026-07-06T22:17:12.314767,2026-07-06T22:17:12.321373+00:00,151.9,200,bid,,,10019927
2026-07-06T22:17:12.742075,2026-07-06T22:17:12.753163+00:00,151.9,500,bid,,,10019934
2026-07-06T22:17:12.876009,2026-07-06T22:17:12.885121+00:00,151.9,125,ask,,,10019941
2026-07-06T22:17:14.088691,2026-07-06T22:17:14.095615+00:00,151.8,200,ask,,,10019954
2026-07-06T22:17:14.106120,2026-07-06T22:17:14.109792+00:00,151.8,3,bid,,,10019956
2026-07-06T22:17:14.754744,2026-07-06T22:17:14.758929+00:00,151.7,11,bid,,,10019969
2026-07-06T22:17:15.952158,2026-07-06T22:17:15.964077+00:00,151.6,200,ask,,,10019993
2026-07-06T22:17:16.397830,2026-07-06T22:17:16.402198+00:00,151.8,12,bid,,,10019997
2026-07-06T22:17:17.992357,2026-07-06T22:17:18.000892+00:00,151.6,200,bid,,,10020023
2026-07-06T22:17:18.372599,2026-07-06T22:17:18.383954+00:00,151.6,200,ask,,,10020030
2026-07-06T22:17:19.578757,2026-07-06T22:17:19.588229+00:00,151.6,200,bid,,,10020050
2026-07-06T22:17:20.632743,2026-07-06T22:17:20.636210+00:00,151.6,12,ask,,,10020065
2026-07-06T22:17:23.244647,2026-07-06T22:17:23.252833+00:00,151.7,500,bid,,,10020098
2026-07-06T22:17:23.264093,2026-07-06T22:17:23.267912+00:00,151.7,11,ask,,,10020102
2026-07-06T22:17:23.772362,2026-07-06T22:17:23.780170+00:00,151.7,114,ask,,,10020104
2026-07-06T22:17:25.585034,2026-07-06T22:17:25.592530+00:00,151.6,200,ask,,,10020140
2026-07-06T22:17:26.187091,2026-07-06T22:17:26.195027+00:00,151.5,500,ask,,,10020142
2026-07-06T22:17:26.787191,2026-07-06T22:17:26.794204+00:00,151.5,125,ask,,,10020157
2026-07-06T22:17:28.233453,2026-07-06T22:17:28.245289+00:00,151.3,20,ask,,,10020186
2026-07-06T22:17:28.494717,2026-07-06T22:17:28.504587+00:00,151.5,500,bid,,,10020189
2026-07-06T22:17:28.494717,2026-07-06T22:17:28.504587+00:00,151.5,125,bid,,,10020190
2026-07-06T22:17:36.530235,2026-07-06T22:17:36.537791+00:00,151.3,200,bid,,,10020302
2026-07-06T22:17:37.718505,2026-07-06T22:17:37.722309+00:00,151.2,3,ask,,,10020314
2026-07-06T22:17:40.293417,2026-07-06T22:17:40.300615+00:00,151.4,200,bid,,,10020344
2026-07-06T22:17:48.639165,2026-07-06T22:17:48.658579+00:00,151.5,200,ask,,,10020488
2026-07-06T22:17:49.111743,2026-07-06T22:17:49.122891+00:00,151.7,20,bid,,,10020495
2026-07-06T22:17:52.266624,2026-07-06T22:17:52.275006+00:00,151.5,200,ask,,,10020545
2026-07-06T22:17:53.417531,2026-07-06T22:17:53.421265+00:00,151.3,3,bid,,,10020570
2026-07-06T22:17:54.718878,2026-07-06T22:17:54.728445+00:00,151.2,500,ask,,,10020589
2026-07-06T22:17:54.718878,2026-07-06T22:17:54.728445+00:00,151.2,125,ask,,,10020590
2026-07-06T22:17:57.460888,2026-07-06T22:17:57.465051+00:00,151.5,11,bid,,,10020632
2026-07-06T22:17:59.356030,2026-07-06T22:17:59.367611+00:00,151.5,20,bid,,,10020659
2026-07-06T22:18:02.408993,2026-07-06T22:18:02.420855+00:00,151.4,20,bid,,,10020692
2026-07-06T22:18:03.908517,2026-07-06T22:18:03.919425+00:00,151.3,500,ask,,,10020717
2026-07-06T22:18:04.371878,2026-07-06T22:18:04.380669+00:00,151.3,125,bid,,,10020722
2026-07-06T22:18:07.999042,2026-07-06T22:18:08.006581+00:00,151.5,200,bid,,,10020775
2026-07-06T22:18:09.208627,2026-07-06T22:18:09.215217+00:00,151.5,200,bid,,,10020799
2026-07-06T22:18:09.645995,2026-07-06T22:18:09.658591+00:00,151.3,20,ask,,,10020803
2026-07-06T22:18:10.463624,2026-07-06T22:18:10.486804+00:00,151.6,200,bid,,,10020810
2026-07-06T22:18:10.482401,2026-07-06T22:18:10.486804+00:00,151.6,14,ask,,,10020812
2026-07-06T22:18:23.809565,2026-07-06T22:18:23.821189+00:00,151.6,20,bid,,,10021017
2026-07-06T22:18:24.898194,2026-07-06T22:18:24.906529+00:00,151.5,200,ask,,,10021038
2026-07-06T22:18:25.657789,2026-07-06T22:18:25.669420+00:00,151.3,20,bid,,,10021043
2026-07-06T22:18:27.890845,2026-07-06T22:18:27.902646+00:00,151.5,20,bid,,,10021074
2026-07-06T22:18:35.868075,2026-07-06T22:18:35.881456+00:00,151.0,200,ask,,,10021182
2026-07-06T22:18:37.076308,2026-07-06T22:18:37.085314+00:00,151.0,200,ask,,,10021218
2026-07-06T22:18:38.163980,2026-07-06T22:18:38.175647+00:00,151.3,20,bid,,,10021232
2026-07-06T22:18:39.494624,2026-07-06T22:18:39.504072+00:00,151.0,200,ask,,,10021247
2026-07-06T22:18:41.478173,2026-07-06T22:18:41.485479+00:00,150.9,20,ask,,,10021294
2026-07-06T22:18:46.810219,2026-07-06T22:18:46.819812+00:00,151.2,20,bid,,,10021378
2026-07-06T22:18:47.195215,2026-07-06T22:18:47.204687+00:00,151.1,200,ask,,,10021384
2026-07-06T22:18:49.175487,2026-07-06T22:18:49.184761+00:00,151.0,200,ask,,,10021427
2026-07-06T22:18:51.592578,2026-07-06T22:18:51.602149+00:00,150.9,200,ask,,,10021470
2026-07-06T22:18:52.813689,2026-07-06T22:18:52.864011+00:00,150.8,200,ask,,,10021496
2026-07-06T22:18:55.076298,2026-07-06T22:18:55.086697+00:00,150.9,200,bid,,,10021528
2026-07-06T22:19:00.078248,2026-07-06T22:19:00.084823+00:00,151.0,200,bid,,,10021607
2026-07-06T22:19:00.355242,2026-07-06T22:19:00.358562+00:00,151.2,20,bid,,,10021610
2026-07-06T22:19:04.917331,2026-07-06T22:19:04.928360+00:00,150.9,200,bid,,,10021690
2026-07-06T22:19:08.547749,2026-07-06T22:19:08.558608+00:00,150.8,200,ask,,,10021735
2026-07-06T22:19:10.974751,2026-07-06T22:19:10.985008+00:00,150.7,200,bid,,,10021765
2026-07-06T22:19:14.937688,2026-07-06T22:19:14.949466+00:00,150.7,20,bid,,,10021830
2026-07-06T22:19:15.820991,2026-07-06T22:19:15.829784+00:00,150.6,200,ask,,,10021850
2026-07-06T22:19:15.863793,2026-07-06T22:19:15.867495+00:00,150.6,14,ask,,,10021853
2026-07-06T22:19:17.028357,2026-07-06T22:19:17.037942+00:00,150.6,200,ask,,,10021877
2026-07-06T22:19:18.711125,2026-07-06T22:19:18.722795+00:00,150.5,20,ask,,,10021906
2026-07-06T22:19:22.614772,2026-07-06T22:19:22.624631+00:00,150.5,500,ask,,,10021971
2026-07-06T22:19:23.060188,2026-07-06T22:19:23.068892+00:00,150.5,125,bid,,,10021975
2026-07-06T22:19:24.307155,2026-07-06T22:19:24.316782+00:00,150.5,200,ask,,,10021995
2026-07-06T22:19:27.641639,2026-07-06T22:19:27.649591+00:00,150.7,20,bid,,,10022060
2026-07-06T22:19:28.518868,2026-07-06T22:19:28.523910+00:00,150.6,12,ask,,,10022066
2026-07-06T22:19:29.174473,2026-07-06T22:19:29.178175+00:00,150.7,11,ask,,,10022080
2026-07-06T22:19:30.866107,2026-07-06T22:19:30.878060+00:00,150.5,20,ask,,,10022114
2026-07-06T22:19:31.580499,2026-07-06T22:19:31.591995+00:00,150.7,200,bid,,,10022125
2026-07-06T22:19:33.106644,2026-07-06T22:19:33.118433+00:00,150.6,200,ask,,,10022148
2026-07-06T22:19:33.999187,2026-07-06T22:19:34.006768+00:00,150.6,200,bid,,,10022165
2026-07-06T22:19:37.632745,2026-07-06T22:19:37.640865+00:00,150.5,200,ask,,,10022225
2026-07-06T22:19:39.668228,2026-07-06T22:19:39.676011+00:00,150.5,200,ask,,,10022250
2026-07-06T22:19:40.044024,2026-07-06T22:19:40.048458+00:00,150.5,200,bid,,,10022258
2026-07-06T22:19:43.161803,2026-07-06T22:19:43.170933+00:00,150.7,20,bid,,,10022303
2026-07-06T22:19:44.914377,2026-07-06T22:19:44.922376+00:00,150.6,200,ask,,,10022339
2026-07-06T22:19:44.934650,2026-07-06T22:19:44.938817+00:00,150.5,6,bid,,,10022341
2026-07-06T22:19:46.083842,2026-07-06T22:19:46.093043+00:00,150.5,200,bid,,,10022357
2026-07-06T22:19:46.229946,2026-07-06T22:19:46.237488+00:00,150.7,200,bid,,,10022359
2026-07-06T22:19:46.848346,2026-07-06T22:19:46.853446+00:00,150.7,6,ask,,,10022377
2026-07-06T22:19:47.309061,2026-07-06T22:19:47.319341+00:00,150.7,200,ask,,,10022385
2026-07-06T22:19:48.194337,2026-07-06T22:19:48.198716+00:00,150.7,23,bid,,,10022408
2026-07-06T22:19:50.163861,2026-07-06T22:19:50.174112+00:00,150.6,200,ask,,,10022433
2026-07-06T22:19:50.180063,2026-07-06T22:19:50.183726+00:00,150.6,11,bid,,,10022435
2026-07-06T22:19:50.294663,2026-07-06T22:19:50.302394+00:00,150.6,414,bid,,,10022439
2026-07-06T22:19:52.778239,2026-07-06T22:19:52.784877+00:00,150.8,200,bid,,,10022485
2026-07-06T22:19:54.092831,2026-07-06T22:19:54.101553+00:00,150.9,200,bid,,,10022500
2026-07-06T22:19:55.630300,2026-07-06T22:19:55.641888+00:00,150.8,20,ask,,,10022519
2026-07-06T22:19:56.714518,2026-07-06T22:19:56.721068+00:00,150.9,200,bid,,,10022538
2026-07-06T22:19:58.185336,2026-07-06T22:19:58.195859+00:00,151.0,200,bid,,,10022558
2026-07-06T22:19:59.894923,2026-07-06T22:19:59.902012+00:00,151.1,20,bid,,,10022589
2026-07-06T22:20:00.640990,2026-07-06T22:20:00.644693+00:00,151.0,4,ask,,,10022611
2026-07-06T22:20:00.646727,2026-07-06T22:20:00.649678+00:00,151.0,196,ask,,,10022612
2026-07-06T22:20:04.217572,2026-07-06T22:20:04.232886+00:00,150.9,20,ask,,,10022675
2026-07-06T22:20:04.582458,2026-07-06T22:20:04.586098+00:00,151.0,7,ask,,,10022678
2026-07-06T22:20:11.632306,2026-07-06T22:20:11.664027+00:00,150.8,20,ask,,,10022785
2026-07-06T22:20:12.747409,2026-07-06T22:20:12.755212+00:00,150.9,200,ask,,,10022803
2026-07-06T22:20:16.391001,2026-07-06T22:20:16.398530+00:00,151.0,200,bid,,,10022865
2026-07-06T22:20:17.641667,2026-07-06T22:20:17.658582+00:00,151.0,200,ask,,,10022885
2026-07-06T22:20:17.710038,2026-07-06T22:20:17.717900+00:00,151.1,30,bid,,,10022887
2026-07-06T22:20:17.710038,2026-07-06T22:20:17.717900+00:00,151.1,500,bid,,,10022888
2026-07-06T22:20:18.152256,2026-07-06T22:20:18.158627+00:00,151.1,95,ask,,,10022901
2026-07-06T22:20:30.821473,2026-07-06T22:20:30.829407+00:00,151.0,200,bid,,,10023097
2026-07-06T22:20:32.093038,2026-07-06T22:20:32.102635+00:00,151.1,20,bid,,,10023118
2026-07-06T22:20:33.447966,2026-07-06T22:20:33.448090+00:00,151.1,30,bid,,,10023148
2026-07-06T22:20:33.463726,2026-07-06T22:20:33.467492+00:00,151.1,12,ask,,,10023150
2026-07-06T22:20:34.587633,2026-07-06T22:20:34.597047+00:00,151.1,200,ask,,,10023175
2026-07-06T22:20:36.076421,2026-07-06T22:20:36.084333+00:00,151.0,200,bid,,,10023202
2026-07-06T22:20:36.083509,2026-07-06T22:20:36.100097+00:00,151.1,20,ask,,,10023203
2026-07-06T22:20:36.096106,2026-07-06T22:20:36.100097+00:00,151.1,23,ask,,,10023206
2026-07-06T22:20:37.006623,2026-07-06T22:20:37.013886+00:00,151.1,200,ask,,,10023226
2026-07-06T22:20:37.613590,2026-07-06T22:20:37.625024+00:00,151.1,20,ask,,,10023243
2026-07-06T22:20:41.850795,2026-07-06T22:20:41.858598+00:00,151.1,200,ask,,,10023307
2026-07-06T22:20:43.278095,2026-07-06T22:20:43.287002+00:00,151.2,20,bid,,,10023337
2026-07-06T22:20:44.178228,2026-07-06T22:20:44.186265+00:00,151.1,500,ask,,,10023352
2026-07-06T22:20:44.769027,2026-07-06T22:20:44.777750+00:00,151.1,125,ask,,,10023362
2026-07-06T22:20:44.862031,2026-07-06T22:20:44.873853+00:00,151.0,50,bid,,,10023365
2026-07-06T22:20:50.333349,2026-07-06T22:20:50.340047+00:00,151.0,200,ask,,,10023421
2026-07-06T22:20:50.781018,2026-07-06T22:20:50.785291+00:00,151.0,11,ask,,,10023428
2026-07-06T22:20:51.543477,2026-07-06T22:20:51.558585+00:00,151.0,200,ask,,,10023438
2026-07-06T22:20:54.134135,2026-07-06T22:20:54.158621+00:00,151.1,20,bid,,,10023476
2026-07-06T22:20:54.676823,2026-07-06T22:20:54.680945+00:00,151.0,11,ask,,,10023485
2026-07-06T22:20:55.174542,2026-07-06T22:20:55.183906+00:00,151.1,30,bid,,,10023491
2026-07-06T22:20:55.189266,2026-07-06T22:20:55.192532+00:00,151.1,12,ask,,,10023493
2026-07-06T22:20:55.743775,2026-07-06T22:20:55.758615+00:00,151.1,158,ask,,,10023502
2026-07-06T22:20:58.810744,2026-07-06T22:20:58.820738+00:00,151.0,200,ask,,,10023543
2026-07-06T22:21:02.444289,2026-07-06T22:21:02.451186+00:00,150.9,50,ask,,,10023596
2026-07-06T22:21:04.927866,2026-07-06T22:21:04.935389+00:00,150.8,50,ask,,,10023626
2026-07-06T22:21:06.072827,2026-07-06T22:21:06.082364+00:00,150.8,200,bid,,,10023645
2026-07-06T22:21:07.281176,2026-07-06T22:21:07.291346+00:00,150.8,200,bid,,,10023664
2026-07-06T22:21:10.914472,2026-07-06T22:21:10.921864+00:00,150.7,200,ask,,,10023710
2026-07-06T22:21:12.795784,2026-07-06T22:21:12.806875+00:00,150.7,200,ask,,,10023738
2026-07-06T22:21:13.603651,2026-07-06T22:21:13.607559+00:00,150.7,12,bid,,,10023753
2026-07-06T22:21:13.841191,2026-07-06T22:21:13.850195+00:00,150.7,413,bid,,,10023757
2026-07-06T22:21:14.442336,2026-07-06T22:21:14.450468+00:00,150.8,200,bid,,,10023769
2026-07-06T22:21:16.736339,2026-07-06T22:21:16.740287+00:00,150.8,11,bid,,,10023811
2026-07-06T22:21:18.029730,2026-07-06T22:21:18.039979+00:00,150.8,200,bid,,,10023840
2026-07-06T22:21:20.651089,2026-07-06T22:21:20.664258+00:00,150.9,200,bid,,,10023880
2026-07-06T22:21:20.651089,2026-07-06T22:21:20.664258+00:00,151.0,50,bid,,,10023881
2026-07-06T22:21:21.964342,2026-07-06T22:21:21.971265+00:00,151.0,500,ask,,,10023911
2026-07-06T22:21:22.908755,2026-07-06T22:21:22.911062+00:00,151.0,125,bid,,,10023926
2026-07-06T22:21:23.271303,2026-07-06T22:21:23.279239+00:00,151.1,50,bid,,,10023929
2026-07-06T22:21:24.579959,2026-07-06T22:21:24.589173+00:00,151.2,200,bid,,,10023963
2026-07-06T22:21:25.295067,2026-07-06T22:21:25.303699+00:00,151.2,50,ask,,,10023970
2026-07-06T22:21:25.431129,2026-07-06T22:21:25.441846+00:00,151.3,200,ask,,,10023978
2026-07-06T22:21:25.892106,2026-07-06T22:21:25.903242+00:00,151.3,300,ask,,,10023990
2026-07-06T22:21:26.276335,2026-07-06T22:21:26.280326+00:00,151.3,34,bid,,,10024000
2026-07-06T22:21:26.550012,2026-07-06T22:21:26.554815+00:00,151.3,291,bid,,,10024003
2026-07-06T22:21:28.505680,2026-07-06T22:21:28.514071+00:00,151.4,30,bid,,,10024033
2026-07-06T22:21:31.813145,2026-07-06T22:21:31.824846+00:00,151.4,20,bid,,,10024077
2026-07-06T22:21:33.213483,2026-07-06T22:21:33.236984+00:00,151.3,200,bid,,,10024094
2026-07-06T22:21:33.233523,2026-07-06T22:21:33.236984+00:00,151.3,11,ask,,,10024097
2026-07-06T22:21:33.764074,2026-07-06T22:21:33.767801+00:00,151.4,12,ask,,,10024109
2026-07-06T22:21:35.112067,2026-07-06T22:21:35.115383+00:00,151.6,12,bid,,,10024134
2026-07-06T22:21:36.319764,2026-07-06T22:21:36.328803+00:00,151.5,200,ask,,,10024161
2026-07-06T22:21:37.545127,2026-07-06T22:21:37.548948+00:00,151.5,11,bid,,,10024184
2026-07-06T22:21:38.756740,2026-07-06T22:21:38.760503+00:00,151.4,12,bid,,,10024213
2026-07-06T22:21:38.982381,2026-07-06T22:21:38.991294+00:00,151.4,188,bid,,,10024220
2026-07-06T22:21:43.587086,2026-07-06T22:21:43.595386+00:00,151.3,200,ask,,,10024288
2026-07-06T22:21:47.216542,2026-07-06T22:21:47.227932+00:00,151.2,200,ask,,,10024360
2026-07-06T22:21:51.593395,2026-07-06T22:21:51.596933+00:00,151.2,11,bid,,,10024424
2026-07-06T22:21:54.477705,2026-07-06T22:21:54.484995+00:00,151.1,50,ask,,,10024467
2026-07-06T22:21:54.477705,2026-07-06T22:21:54.490181+00:00,151.1,150,ask,,,10024468
2026-07-06T22:21:55.184128,2026-07-06T22:21:55.195812+00:00,150.9,20,ask,,,10024482
2026-07-06T22:21:57.366817,2026-07-06T22:21:57.390685+00:00,151.0,50,ask,,,10024508
2026-07-06T22:21:57.366817,2026-07-06T22:21:57.390685+00:00,151.0,200,ask,,,10024509
2026-07-06T22:21:57.387178,2026-07-06T22:21:57.390685+00:00,150.8,3,bid,,,10024513
2026-07-06T22:21:57.629281,2026-07-06T22:21:57.640999+00:00,150.8,50,bid,,,10024517
2026-07-06T22:21:58.028810,2026-07-06T22:21:58.037378+00:00,150.8,322,bid,,,10024527
2026-07-06T22:21:58.121203,2026-07-06T22:21:58.124956+00:00,151.1,26,ask,,,10024531
2026-07-06T22:21:58.678013,2026-07-06T22:21:58.689337+00:00,151.1,174,ask,,,10024538
2026-07-06T22:21:59.315050,2026-07-06T22:21:59.326294+00:00,151.1,200,bid,,,10024550
2026-07-06T22:22:00.216640,2026-07-06T22:22:00.228098+00:00,151.1,50,ask,,,10024559
2026-07-06T22:22:01.152617,2026-07-06T22:22:01.156378+00:00,151.2,23,bid,,,10024578
2026-07-06T22:22:01.367208,2026-07-06T22:22:01.374857+00:00,151.1,20,ask,,,10024585
2026-07-06T22:22:03.622253,2026-07-06T22:22:03.629404+00:00,151.2,20,bid,,,10024620
2026-07-06T22:22:06.581886,2026-07-06T22:22:06.589338+00:00,151.2,200,bid,,,10024660
2026-07-06T22:22:07.857820,2026-07-06T22:22:07.868937+00:00,151.1,200,bid,,,10024679
2026-07-06T22:22:10.493575,2026-07-06T22:22:10.497553+00:00,151.2,11,ask,,,10024714
2026-07-06T22:22:11.425482,2026-07-06T22:22:11.436243+00:00,151.3,50,bid,,,10024729
2026-07-06T22:22:11.425482,2026-07-06T22:22:11.436243+00:00,151.3,150,bid,,,10024730
2026-07-06T22:22:11.795835,2026-07-06T22:22:11.818678+00:00,151.3,350,bid,,,10024737
2026-07-06T22:22:11.815139,2026-07-06T22:22:11.818678+00:00,151.5,2,ask,,,10024740
2026-07-06T22:22:11.823789,2026-07-06T22:22:11.827186+00:00,151.5,21,ask,,,10024742
2026-07-06T22:22:11.940118,2026-07-06T22:22:11.949478+00:00,151.5,252,ask,,,10024744
2026-07-06T22:22:16.794818,2026-07-06T22:22:16.806147+00:00,151.2,500,ask,,,10024815
2026-07-06T22:22:18.360622,2026-07-06T22:22:18.369551+00:00,151.2,200,bid,,,10024844
2026-07-06T22:22:18.360622,2026-07-06T22:22:18.369551+00:00,151.2,425,bid,,,10024845
2026-07-06T22:22:18.682494,2026-07-06T22:22:18.693127+00:00,151.2,200,bid,,,10024847
2026-07-06T22:22:19.673869,2026-07-06T22:22:19.684928+00:00,151.1,50,ask,,,10024859
2026-07-06T22:22:19.890020,2026-07-06T22:22:19.900525+00:00,151.1,200,bid,,,10024861
2026-07-06T22:22:21.064524,2026-07-06T22:22:21.068311+00:00,151.0,12,ask,,,10024881
2026-07-06T22:22:22.309323,2026-07-06T22:22:22.317739+00:00,151.2,200,bid,,,10024897
2026-07-06T22:22:23.848584,2026-07-06T22:22:23.858601+00:00,151.0,20,ask,,,10024909
2026-07-06T22:22:24.053260,2026-07-06T22:22:24.058544+00:00,151.0,18,ask,,,10024912
2026-07-06T22:22:24.053260,2026-07-06T22:22:24.058544+00:00,151.0,482,ask,,,10024913
2026-07-06T22:22:26.464911,2026-07-06T22:22:26.468705+00:00,150.9,22,ask,,,10024948
2026-07-06T22:22:27.550842,2026-07-06T22:22:27.554352+00:00,151.0,12,ask,,,10024970
2026-07-06T22:22:28.370436,2026-07-06T22:22:28.381357+00:00,151.0,113,ask,,,10024980
2026-07-06T22:22:29.596378,2026-07-06T22:22:29.607801+00:00,150.8,5,ask,,,10025004
2026-07-06T22:22:29.596378,2026-07-06T22:22:29.607801+00:00,150.8,15,ask,,,10025005
2026-07-06T22:22:33.151520,2026-07-06T22:22:33.169212+00:00,150.8,500,ask,,,10025049
2026-07-06T22:22:34.097593,2026-07-06T22:22:34.105475+00:00,150.8,23,ask,,,10025065
2026-07-06T22:22:34.097593,2026-07-06T22:22:34.105475+00:00,150.7,200,ask,,,10025066
2026-07-06T22:22:34.325191,2026-07-06T22:22:34.334337+00:00,150.5,20,ask,,,10025070
2026-07-06T22:22:36.882685,2026-07-06T22:22:36.892420+00:00,150.6,20,bid,,,10025119
2026-07-06T22:22:38.854981,2026-07-06T22:22:38.856477+00:00,150.5,20,ask,,,10025139
2026-07-06T22:22:39.265867,2026-07-06T22:22:39.276035+00:00,150.5,200,ask,,,10025148
2026-07-06T22:22:40.655435,2026-07-06T22:22:40.658592+00:00,150.5,200,bid,,,10025176
2026-07-06T22:22:40.852919,2026-07-06T22:22:40.863956+00:00,150.6,20,bid,,,10025179
