timestamp,recv_time,price,volume,aggressor_side,buyer,seller,trade_id
2026-07-04T20:00:00.016632,2026-07-04T20:00:00.020837+00:00,133.6,200,bid,WavyWalnuts,YieldingYams,7426700
2026-07-04T20:00:02.833841,2026-07-04T20:00:02.838415+00:00,133.6,3,bid,Xuanyu Liu,WavyWalnuts,7426743
2026-07-04T20:00:04.703339,2026-07-04T20:00:04.710046+00:00,133.5,20,bid,BrilliantBurritos,WavyWalnuts,7426773
2026-07-04T20:00:05.347786,2026-07-04T20:00:05.363831+00:00,133.6,20,bid,BrilliantBurritos,YieldingYams,7426780
2026-07-04T20:00:06.066238,2026-07-04T20:00:06.077123+00:00,133.4,200,ask,AverageAlmonds,WavyWalnuts,7426787
2026-07-04T20:00:10.867729,2026-07-04T20:00:10.875599+00:00,133.5,500,bid,AverageAlmonds,YieldingYams,7426844
2026-07-04T20:00:11.466765,2026-07-04T20:00:11.473627+00:00,133.6,200,bid,AverageAlmonds,WavyWalnuts,7426856
2026-07-04T20:00:11.607232,2026-07-04T20:00:11.618069+00:00,133.6,20,ask,AverageAlmonds,BrilliantBurritos,7426863
2026-07-04T20:00:15.799260,2026-07-04T20:00:15.807335+00:00,133.4,200,ask,YieldingYams,WavyWalnuts,7426916
2026-07-04T20:00:16.556019,2026-07-04T20:00:16.578213+00:00,133.5,500,ask,AverageAlmonds,YieldingYams,7426922
2026-07-04T20:00:16.574629,2026-07-04T20:00:16.578213+00:00,133.5,3,bid,Xuanyu Liu,YieldingYams,7426924
2026-07-04T20:00:16.917255,2026-07-04T20:00:16.923703+00:00,133.5,122,bid,AverageAlmonds,YieldingYams,7426927
2026-07-04T20:00:17.012337,2026-07-04T20:00:17.018950+00:00,133.6,200,ask,AverageAlmonds,WavyWalnuts,7426929
2026-07-04T20:00:20.654206,2026-07-04T20:00:20.658554+00:00,133.6,200,ask,YieldingYams,WavyWalnuts,7426985
2026-07-04T20:00:23.077199,2026-07-04T20:00:23.084940+00:00,133.5,200,ask,YieldingYams,WavyWalnuts,7427025
2026-07-04T20:00:24.284793,2026-07-04T20:00:24.296320+00:00,133.4,200,ask,YieldingYams,WavyWalnuts,7427040
2026-07-04T20:00:26.708416,2026-07-04T20:00:26.718493+00:00,133.4,200,ask,YieldingYams,WavyWalnuts,7427068
2026-07-04T20:00:27.882392,2026-07-04T20:00:27.894136+00:00,133.3,20,ask,YieldingYams,BrilliantBurritos,7427082
2026-07-04T20:00:29.128555,2026-07-04T20:00:29.136444+00:00,133.5,200,bid,WavyWalnuts,YieldingYams,7427102
2026-07-04T20:00:29.417440,2026-07-04T20:00:29.429412+00:00,133.3,20,ask,YieldingYams,BrilliantBurritos,7427109
2026-07-04T20:00:30.364000,2026-07-04T20:00:30.367593+00:00,133.6,3,ask,WavyWalnuts,Xuanyu Liu,7427125
2026-07-04T20:00:31.312431,2026-07-04T20:00:31.323938+00:00,133.6,20,ask,WavyWalnuts,BrilliantBurritos,7427139
2026-07-04T20:00:31.554115,2026-07-04T20:00:31.563961+00:00,133.7,200,bid,WavyWalnuts,YieldingYams,7427143
2026-07-04T20:00:32.765754,2026-07-04T20:00:32.774942+00:00,133.6,200,ask,YieldingYams,WavyWalnuts,7427165
2026-07-04T20:00:36.174981,2026-07-04T20:00:36.181501+00:00,133.7,20,bid,BrilliantBurritos,AverageAlmonds,7427216
2026-07-04T20:00:37.545938,2026-07-04T20:00:37.558581+00:00,133.6,200,ask,WavyWalnuts,YieldingYams,7427231
2026-07-04T20:00:40.022505,2026-07-04T20:00:40.034283+00:00,133.5,200,ask,YieldingYams,WavyWalnuts,7427272
2026-07-04T20:00:41.482188,2026-07-04T20:00:41.493124+00:00,133.4,200,bid,YieldingYams,WavyWalnuts,7427296
2026-07-04T20:00:42.038588,2026-07-04T20:00:42.050596+00:00,133.4,20,ask,YieldingYams,BrilliantBurritos,7427306
2026-07-04T20:00:42.436870,2026-07-04T20:00:42.448505+00:00,133.4,200,ask,YieldingYams,WavyWalnuts,7427313
2026-07-04T20:00:44.929361,2026-07-04T20:00:44.937723+00:00,133.2,20,ask,YieldingYams,BrilliantBurritos,7427347
2026-07-04T20:00:46.740968,2026-07-04T20:00:46.744561+00:00,133.3,3,ask,YieldingYams,Xuanyu Liu,7427369
2026-07-04T20:00:47.165487,2026-07-04T20:00:47.169389+00:00,133.3,11,ask,YieldingYams,Xuanyu Liu,7427376
2026-07-04T20:00:48.051325,2026-07-04T20:00:48.054625+00:00,133.4,12,ask,YieldingYams,Xuanyu Liu,7427389
2026-07-04T20:00:51.660326,2026-07-04T20:00:51.669310+00:00,133.4,20,bid,BrilliantBurritos,YieldingYams,7427436
2026-07-04T20:00:52.134054,2026-07-04T20:00:52.145271+00:00,133.3,200,ask,YieldingYams,WavyWalnuts,7427444
2026-07-04T20:00:55.059333,2026-07-04T20:00:55.069798+00:00,133.3,200,ask,WavyWalnuts,AverageAlmonds,7427484
2026-07-04T20:00:57.137439,2026-07-04T20:00:57.149337+00:00,133.1,20,ask,WavyWalnuts,BrilliantBurritos,7427513
2026-07-04T20:00:57.463978,2026-07-04T20:00:57.467523+00:00,132.9,23,ask,YieldingYams,Xuanyu Liu,7427520
2026-07-04T20:00:58.176382,2026-07-04T20:00:58.184237+00:00,133.1,200,bid,WavyWalnuts,YieldingYams,7427528
2026-07-04T20:00:58.541952,2026-07-04T20:00:58.563260+00:00,133.1,500,bid,YieldingYams,AverageAlmonds,7427536
2026-07-04T20:00:58.559458,2026-07-04T20:00:58.563260+00:00,133.1,22,ask,YieldingYams,Xuanyu Liu,7427538
2026-07-04T20:00:58.563723,2026-07-04T20:00:58.578482+00:00,133.1,22,ask,YieldingYams,Zihao Wu,7427539
2026-07-04T20:00:59.303503,2026-07-04T20:00:59.314466+00:00,133.1,81,ask,YieldingYams,AverageAlmonds,7427547
2026-07-04T20:01:00.088833,2026-07-04T20:01:00.100763+00:00,132.9,20,bid,BrilliantBurritos,YieldingYams,7427570
2026-07-04T20:01:01.143431,2026-07-04T20:01:01.168685+00:00,132.9,20,bid,BrilliantBurritos,YieldingYams,7427580
2026-07-04T20:01:01.181604,2026-07-04T20:01:01.190160+00:00,132.9,200,bid,YieldingYams,WavyWalnuts,7427583
2026-07-04T20:01:02.937177,2026-07-04T20:01:02.947040+00:00,132.9,500,ask,YieldingYams,AverageAlmonds,7427606
2026-07-04T20:01:03.012264,2026-07-04T20:01:03.020026+00:00,132.9,125,ask,YieldingYams,WavyWalnuts,7427607
2026-07-04T20:01:04.221910,2026-07-04T20:01:04.228834+00:00,132.8,200,bid,WavyWalnuts,YieldingYams,7427631
2026-07-04T20:01:05.952540,2026-07-04T20:01:05.958634+00:00,132.8,500,ask,YieldingYams,AverageAlmonds,7427649
2026-07-04T20:01:06.434364,2026-07-04T20:01:06.444279+00:00,132.8,200,ask,WavyWalnuts,YieldingYams,7427662
2026-07-04T20:01:06.636841,2026-07-04T20:01:06.647810+00:00,132.7,200,bid,WavyWalnuts,YieldingYams,7427666
2026-07-04T20:01:07.847971,2026-07-04T20:01:07.858633+00:00,132.7,200,bid,WavyWalnuts,YieldingYams,7427686
2026-07-04T20:01:08.093586,2026-07-04T20:01:08.105373+00:00,132.5,20,ask,YieldingYams,BrilliantBurritos,7427691
2026-07-04T20:01:10.272657,2026-07-04T20:01:10.279493+00:00,132.7,200,bid,WavyWalnuts,AverageAlmonds,7427732
2026-07-04T20:01:11.488357,2026-07-04T20:01:11.494996+00:00,132.7,200,bid,WavyWalnuts,AverageAlmonds,7427760
2026-07-04T20:01:14.918022,2026-07-04T20:01:14.929818+00:00,132.8,20,bid,BrilliantBurritos,AverageAlmonds,7427806
2026-07-04T20:01:15.042760,2026-07-04T20:01:15.058577+00:00,132.7,200,ask,WavyWalnuts,AverageAlmonds,7427807
2026-07-04T20:01:15.042760,2026-07-04T20:01:15.058577+00:00,132.7,300,ask,YieldingYams,AverageAlmonds,7427808
2026-07-04T20:01:15.640313,2026-07-04T20:01:15.659900+00:00,132.6,200,ask,WavyWalnuts,AverageAlmonds,7427820
2026-07-04T20:01:15.656482,2026-07-04T20:01:15.659900+00:00,132.6,11,bid,Xuanyu Liu,AverageAlmonds,7427822
2026-07-04T20:01:16.327491,2026-07-04T20:01:16.335584+00:00,132.7,200,bid,WavyWalnuts,YieldingYams,7427834
2026-07-04T20:01:17.452937,2026-07-04T20:01:17.463900+00:00,132.6,500,ask,YieldingYams,AverageAlmonds,7427845
2026-07-04T20:01:17.972511,2026-07-04T20:01:17.984176+00:00,132.9,20,bid,BrilliantBurritos,YieldingYams,7427857
2026-07-04T20:01:18.050684,2026-07-04T20:01:18.059714+00:00,132.7,200,ask,WavyWalnuts,AverageAlmonds,7427861
2026-07-04T20:01:18.050684,2026-07-04T20:01:18.059714+00:00,132.6,125,ask,YieldingYams,AverageAlmonds,7427862
2026-07-04T20:01:18.672253,2026-07-04T20:01:18.686003+00:00,132.6,10,bid,Zihao Wu,YieldingYams,7427876
2026-07-04T20:01:18.742050,2026-07-04T20:01:18.751938+00:00,132.6,200,bid,WavyWalnuts,YieldingYams,7427877
2026-07-04T20:01:19.952721,2026-07-04T20:01:19.964131+00:00,132.6,200,bid,WavyWalnuts,AverageAlmonds,7427898
2026-07-04T20:01:21.180063,2026-07-04T20:01:21.183698+00:00,132.5,11,ask,WavyWalnuts,Xuanyu Liu,7427914
2026-07-04T20:01:21.326676,2026-07-04T20:01:21.338564+00:00,132.5,20,ask,WavyWalnuts,BrilliantBurritos,7427916
2026-07-04T20:01:23.481128,2026-07-04T20:01:23.491803+00:00,132.6,200,bid,WavyWalnuts,AverageAlmonds,7427947
2026-07-04T20:01:23.481128,2026-07-04T20:01:23.491803+00:00,132.7,425,bid,YieldingYams,AverageAlmonds,7427948
2026-07-04T20:01:23.586950,2026-07-04T20:01:23.594754+00:00,132.6,200,bid,YieldingYams,WavyWalnuts,7427949
2026-07-04T20:01:25.123702,2026-07-04T20:01:25.127667+00:00,132.5,29,ask,WavyWalnuts,Xuanyu Liu,7427984
2026-07-04T20:01:25.947191,2026-07-04T20:01:25.953906+00:00,132.5,171,ask,WavyWalnuts,AverageAlmonds,7427992
2026-07-04T20:01:26.103431,2026-07-04T20:01:26.113727+00:00,132.4,200,ask,WavyWalnuts,YieldingYams,7427994
2026-07-04T20:01:27.223545,2026-07-04T20:01:27.231129+00:00,132.3,200,bid,WavyWalnuts,AverageAlmonds,7428009
2026-07-04T20:01:27.414277,2026-07-04T20:01:27.425079+00:00,132.3,300,bid,YieldingYams,AverageAlmonds,7428011
2026-07-04T20:01:27.748959,2026-07-04T20:01:27.758669+00:00,132.3,325,ask,YieldingYams,AverageAlmonds,7428014
2026-07-04T20:01:28.434282,2026-07-04T20:01:28.440684+00:00,132.4,200,bid,WavyWalnuts,AverageAlmonds,7428024
2026-07-04T20:01:28.740998,2026-07-04T20:01:28.745638+00:00,132.2,6,bid,Xuanyu Liu,YieldingYams,7428033
2026-07-04T20:01:29.642050,2026-07-04T20:01:29.651815+00:00,132.2,200,bid,WavyWalnuts,YieldingYams,7428045
2026-07-04T20:01:34.415042,2026-07-04T20:01:34.423858+00:00,132.2,500,ask,YieldingYams,AverageAlmonds,7428130
2026-07-04T20:01:35.009892,2026-07-04T20:01:35.037657+00:00,132.2,125,ask,YieldingYams,AverageAlmonds,7428137
2026-07-04T20:01:35.009892,2026-07-04T20:01:35.037657+00:00,132.2,200,ask,WavyWalnuts,AverageAlmonds,7428138
2026-07-04T20:01:35.033949,2026-07-04T20:01:35.037657+00:00,132.2,23,bid,Xuanyu Liu,AverageAlmonds,7428142
2026-07-04T20:01:37.781674,2026-07-04T20:01:37.785661+00:00,132.0,12,ask,YieldingYams,Xuanyu Liu,7428191
2026-07-04T20:01:37.885992,2026-07-04T20:01:37.893419+00:00,132.1,500,bid,YieldingYams,AverageAlmonds,7428192
2026-07-04T20:01:37.905452,2026-07-04T20:01:37.909116+00:00,132.1,11,ask,YieldingYams,Xuanyu Liu,7428194
2026-07-04T20:01:38.688652,2026-07-04T20:01:38.700233+00:00,132.1,10,ask,YieldingYams,Zihao Wu,7428214
2026-07-04T20:01:39.197221,2026-07-04T20:01:39.207583+00:00,131.9,200,ask,WavyWalnuts,YieldingYams,7428222
2026-07-04T20:01:39.328018,2026-07-04T20:01:39.335554+00:00,131.9,200,bid,WavyWalnuts,YieldingYams,7428226
2026-07-04T20:01:41.829293,2026-07-04T20:01:41.832477+00:00,131.9,11,bid,Xuanyu Liu,YieldingYams,7428252
2026-07-04T20:01:43.027733,2026-07-04T20:01:43.039459+00:00,131.9,20,bid,BrilliantBurritos,YieldingYams,7428266
2026-07-04T20:01:44.137048,2026-07-04T20:01:44.140749+00:00,132.0,12,bid,Xuanyu Liu,WavyWalnuts,7428282
2026-07-04T20:01:44.433132,2026-07-04T20:01:44.456865+00:00,131.9,200,ask,WavyWalnuts,YieldingYams,7428288
2026-07-04T20:01:44.453166,2026-07-04T20:01:44.456865+00:00,131.9,11,bid,Xuanyu Liu,YieldingYams,7428290
2026-07-04T20:01:45.382721,2026-07-04T20:01:45.389908+00:00,131.9,200,bid,WavyWalnuts,YieldingYams,7428299
2026-07-04T20:01:46.282344,2026-07-04T20:01:46.294290+00:00,131.9,20,bid,BrilliantBurritos,YieldingYams,7428321
2026-07-04T20:01:47.050807,2026-07-04T20:01:47.063753+00:00,131.8,200,ask,WavyWalnuts,YieldingYams,7428330
2026-07-04T20:01:47.069447,2026-07-04T20:01:47.073202+00:00,131.8,11,bid,Xuanyu Liu,YieldingYams,7428332
2026-07-04T20:01:47.463191,2026-07-04T20:01:47.474974+00:00,131.5,20,ask,YieldingYams,BrilliantBurritos,7428337
2026-07-04T20:01:50.399057,2026-07-04T20:01:50.403171+00:00,131.8,12,bid,Xuanyu Liu,WavyWalnuts,7428367
2026-07-04T20:01:51.447913,2026-07-04T20:01:51.458605+00:00,131.7,200,ask,YieldingYams,WavyWalnuts,7428390
2026-07-04T20:01:58.869273,2026-07-04T20:01:58.881015+00:00,131.7,10,bid,Zihao Wu,AverageAlmonds,7428486
2026-07-04T20:02:01.688558,2026-07-04T20:02:01.700143+00:00,131.6,20,ask,YieldingYams,BrilliantBurritos,7428514
2026-07-04T20:02:02.765792,2026-07-04T20:02:02.776373+00:00,131.6,200,ask,WavyWalnuts,YieldingYams,7428532
2026-07-04T20:02:03.543874,2026-07-04T20:02:03.551220+00:00,131.6,200,bid,WavyWalnuts,YieldingYams,7428540
2026-07-04T20:02:05.966480,2026-07-04T20:02:05.973360+00:00,131.6,200,bid,WavyWalnuts,YieldingYams,7428570
2026-07-04T20:02:06.224504,2026-07-04T20:02:06.228727+00:00,131.6,23,bid,Xuanyu Liu,YieldingYams,7428572
2026-07-04T20:02:06.874094,2026-07-04T20:02:06.885619+00:00,131.5,20,ask,YieldingYams,BrilliantBurritos,7428578
2026-07-04T20:02:09.603689,2026-07-04T20:02:09.611610+00:00,131.4,200,ask,YieldingYams,WavyWalnuts,7428621
2026-07-04T20:02:11.643674,2026-07-04T20:02:11.658569+00:00,131.4,20,ask,WavyWalnuts,BrilliantBurritos,7428646
2026-07-04T20:02:12.229212,2026-07-04T20:02:12.241182+00:00,131.6,20,bid,BrilliantBurritos,YieldingYams,7428655
2026-07-04T20:02:14.571706,2026-07-04T20:02:14.583118+00:00,131.4,200,ask,WavyWalnuts,YieldingYams,7428690
2026-07-04T20:02:14.592292,2026-07-04T20:02:14.595974+00:00,131.4,14,bid,Xuanyu Liu,YieldingYams,7428692
2026-07-04T20:02:18.499419,2026-07-04T20:02:18.509553+00:00,131.4,200,ask,WavyWalnuts,YieldingYams,7428754
2026-07-04T20:02:19.307459,2026-07-04T20:02:19.311255+00:00,131.3,3,ask,WavyWalnuts,Xuanyu Liu,7428766
2026-07-04T20:02:19.692554,2026-07-04T20:02:19.704235+00:00,131.4,20,bid,BrilliantBurritos,YieldingYams,7428774
2026-07-04T20:02:19.841234,2026-07-04T20:02:19.845359+00:00,131.4,11,ask,YieldingYams,Xuanyu Liu,7428780
2026-07-04T20:02:20.503333,2026-07-04T20:02:20.512192+00:00,131.4,200,ask,YieldingYams,WavyWalnuts,7428797
2026-07-04T20:02:24.130455,2026-07-04T20:02:24.139466+00:00,131.3,200,ask,YieldingYams,WavyWalnuts,7428848
2026-07-04T20:02:27.765103,2026-07-04T20:02:27.774506+00:00,131.4,200,ask,YieldingYams,WavyWalnuts,7428907
2026-07-04T20:02:28.972769,2026-07-04T20:02:28.981933+00:00,131.4,200,ask,YieldingYams,WavyWalnuts,7428930
2026-07-04T20:02:31.628913,2026-07-04T20:02:31.640435+00:00,131.4,200,bid,YieldingYams,WavyWalnuts,7428962
2026-07-04T20:02:32.313056,2026-07-04T20:02:32.324764+00:00,131.4,10,ask,YieldingYams,Zihao Wu,7428973
2026-07-04T20:02:37.431134,2026-07-04T20:02:37.438898+00:00,131.5,200,ask,YieldingYams,WavyWalnuts,7429059
2026-07-04T20:02:42.116178,2026-07-04T20:02:42.126907+00:00,131.4,200,ask,WavyWalnuts,YieldingYams,7429131
2026-07-04T20:02:42.927155,2026-07-04T20:02:42.937125+00:00,131.2,20,ask,YieldingYams,BrilliantBurritos,7429134
2026-07-04T20:02:43.431221,2026-07-04T20:02:43.440601+00:00,131.4,200,bid,YieldingYams,WavyWalnuts,7429136
2026-07-04T20:02:44.194096,2026-07-04T20:02:44.198062+00:00,131.5,11,bid,Xuanyu Liu,WavyWalnuts,7429147
2026-07-04T20:02:44.761592,2026-07-04T20:02:44.765416+00:00,131.4,3,bid,Xuanyu Liu,YieldingYams,7429153
2026-07-04T20:02:47.360632,2026-07-04T20:02:47.371551+00:00,131.3,200,ask,WavyWalnuts,YieldingYams,7429190
2026-07-04T20:02:48.669697,2026-07-04T20:02:48.676717+00:00,131.3,200,bid,YieldingYams,WavyWalnuts,7429204
2026-07-04T20:02:52.373311,2026-07-04T20:02:52.385074+00:00,131.3,10,bid,Zihao Wu,WavyWalnuts,7429266
2026-07-04T20:02:55.813020,2026-07-04T20:02:55.824439+00:00,131.2,20,ask,AverageAlmonds,BrilliantBurritos,7429319
2026-07-04T20:02:56.113634,2026-07-04T20:02:56.123159+00:00,131.3,500,bid,AverageAlmonds,YieldingYams,7429323
2026-07-04T20:02:58.002298,2026-07-04T20:02:58.006180+00:00,131.4,3,ask,WavyWalnuts,Xuanyu Liu,7429346
2026-07-04T20:02:59.201413,2026-07-04T20:02:59.215925+00:00,131.5,200,ask,YieldingYams,WavyWalnuts,7429362
2026-07-04T20:02:59.212156,2026-07-04T20:02:59.215925+00:00,131.5,11,ask,YieldingYams,Xuanyu Liu,7429364
2026-07-04T20:03:00.408589,2026-07-04T20:03:00.416167+00:00,131.5,200,ask,YieldingYams,WavyWalnuts,7429384
2026-07-04T20:03:01.031230,2026-07-04T20:03:01.039217+00:00,131.5,20,bid,BrilliantBurritos,YieldingYams,7429395
2026-07-04T20:03:02.800030,2026-07-04T20:03:02.808169+00:00,131.5,200,bid,AverageAlmonds,WavyWalnuts,7429414
2026-07-04T20:03:02.800030,2026-07-04T20:03:02.808169+00:00,131.5,300,bid,AverageAlmonds,YieldingYams,7429415
2026-07-04T20:03:02.829225,2026-07-04T20:03:02.839624+00:00,131.5,200,bid,WavyWalnuts,YieldingYams,7429417
2026-07-04T20:03:06.464710,2026-07-04T20:03:06.473944+00:00,131.5,200,ask,AverageAlmonds,WavyWalnuts,7429466
2026-07-04T20:03:08.356574,2026-07-04T20:03:08.363684+00:00,131.7,200,bid,YieldingYams,WavyWalnuts,7429491
2026-07-04T20:03:08.892672,2026-07-04T20:03:08.900786+00:00,131.7,200,ask,YieldingYams,WavyWalnuts,7429498
2026-07-04T20:03:09.684636,2026-07-04T20:03:09.688308+00:00,131.7,14,bid,Xuanyu Liu,YieldingYams,7429515
2026-07-04T20:03:12.714922,2026-07-04T20:03:12.718663+00:00,131.8,14,ask,WavyWalnuts,Xuanyu Liu,7429555
2026-07-04T20:03:13.000722,2026-07-04T20:03:13.012600+00:00,131.8,10,ask,WavyWalnuts,Zihao Wu,7429559
2026-07-04T20:03:14.931657,2026-07-04T20:03:14.942095+00:00,131.8,500,ask,AverageAlmonds,YieldingYams,7429587
2026-07-04T20:03:14.947707,2026-07-04T20:03:14.964545+00:00,131.8,125,bid,WavyWalnuts,YieldingYams,7429589
2026-07-04T20:03:16.237955,2026-07-04T20:03:16.247263+00:00,132.0,200,bid,YieldingYams,WavyWalnuts,7429611
2026-07-04T20:03:17.380689,2026-07-04T20:03:17.384453+00:00,132.2,11,bid,Xuanyu Liu,WavyWalnuts,7429632
2026-07-04T20:03:17.565751,2026-07-04T20:03:17.570426+00:00,132.1,3,bid,Xuanyu Liu,YieldingYams,7429637
2026-07-04T20:03:20.979140,2026-07-04T20:03:20.990352+00:00,132.2,20,bid,BrilliantBurritos,WavyWalnuts,7429692
2026-07-04T20:03:22.789845,2026-07-04T20:03:22.797593+00:00,132.1,200,bid,YieldingYams,WavyWalnuts,7429719
2026-07-04T20:03:29.489494,2026-07-04T20:03:29.500214+00:00,132.3,200,ask,YieldingYams,WavyWalnuts,7429816
2026-07-04T20:03:31.656852,2026-07-04T20:03:31.660971+00:00,132.3,14,bid,Xuanyu Liu,YieldingYams,7429850
2026-07-04T20:03:32.619979,2026-07-04T20:03:32.631168+00:00,132.3,25,bid,Yinxuan Li,WavyWalnuts,7429864
2026-07-04T20:03:33.080635,2026-07-04T20:03:33.089808+00:00,132.3,10,bid,Zihao Wu,WavyWalnuts,7429869
2026-07-04T20:03:33.298609,2026-07-04T20:03:33.303092+00:00,132.2,12,bid,Xuanyu Liu,YieldingYams,7429876
2026-07-04T20:03:35.528952,2026-07-04T20:03:35.539197+00:00,132.1,200,ask,YieldingYams,WavyWalnuts,7429916
2026-07-04T20:03:36.735797,2026-07-04T20:03:36.746763+00:00,132.2,200,ask,YieldingYams,WavyWalnuts,7429930
2026-07-04T20:03:37.635242,2026-07-04T20:03:37.646532+00:00,132.1,25,bid,Yinxuan Li,YieldingYams,7429949
2026-07-04T20:03:37.979684,2026-07-04T20:03:37.983802+00:00,132.1,11,bid,Xuanyu Liu,YieldingYams,7429959
2026-07-04T20:03:40.365078,2026-07-04T20:03:40.374471+00:00,132.0,200,ask,YieldingYams,WavyWalnuts,7429981
2026-07-04T20:03:42.467672,2026-07-04T20:03:42.471874+00:00,132.0,12,bid,Xuanyu Liu,YieldingYams,7430016
2026-07-04T20:03:42.650215,2026-07-04T20:03:42.657149+00:00,132.0,25,bid,Yinxuan Li,YieldingYams,7430023
2026-07-04T20:03:44.352423,2026-07-04T20:03:44.356414+00:00,131.8,23,ask,YieldingYams,Xuanyu Liu,7430052
2026-07-04T20:03:45.186652,2026-07-04T20:03:45.198053+00:00,131.9,200,bid,AverageAlmonds,WavyWalnuts,7430059
2026-07-04T20:03:45.186652,2026-07-04T20:03:45.198053+00:00,131.9,300,bid,AverageAlmonds,YieldingYams,7430060
2026-07-04T20:03:45.775397,2026-07-04T20:03:45.784307+00:00,131.8,200,bid,AverageAlmonds,WavyWalnuts,7430064
2026-07-04T20:03:45.775397,2026-07-04T20:03:45.784307+00:00,131.9,300,bid,AverageAlmonds,YieldingYams,7430065
2026-07-04T20:03:46.378509,2026-07-04T20:03:46.388181+00:00,131.9,25,bid,AverageAlmonds,YieldingYams,7430079
2026-07-04T20:03:46.439094,2026-07-04T20:03:46.445937+00:00,132.1,200,ask,YieldingYams,WavyWalnuts,7430081
2026-07-04T20:03:47.679046,2026-07-04T20:03:47.687179+00:00,132.3,25,bid,Yinxuan Li,YieldingYams,7430103
2026-07-04T20:03:47.712975,2026-07-04T20:03:47.722863+00:00,132.1,500,ask,AverageAlmonds,YieldingYams,7430104
2026-07-04T20:03:47.712975,2026-07-04T20:03:47.722863+00:00,132.1,125,ask,WavyWalnuts,YieldingYams,7430105
2026-07-04T20:03:50.331612,2026-07-04T20:03:50.341952+00:00,132.3,200,ask,WavyWalnuts,YieldingYams,7430143
2026-07-04T20:03:51.273209,2026-07-04T20:03:51.284824+00:00,132.3,200,bid,WavyWalnuts,YieldingYams,7430155
2026-07-04T20:03:51.640758,2026-07-04T20:03:51.652315+00:00,132.5,200,bid,YieldingYams,WavyWalnuts,7430164
2026-07-04T20:03:52.484797,2026-07-04T20:03:52.495605+00:00,132.5,200,ask,YieldingYams,WavyWalnuts,7430171
2026-07-04T20:03:57.697124,2026-07-04T20:03:57.700950+00:00,132.5,25,bid,Yinxuan Li,YieldingYams,7430235
2026-07-04T20:03:58.542067,2026-07-04T20:03:58.558605+00:00,132.5,200,ask,YieldingYams,WavyWalnuts,7430249
2026-07-04T20:03:59.748240,2026-07-04T20:03:59.758638+00:00,132.5,200,bid,WavyWalnuts,YieldingYams,7430273
2026-07-04T20:04:03.377956,2026-07-04T20:04:03.386681+00:00,132.6,200,ask,YieldingYams,WavyWalnuts,7430327
2026-07-04T20:04:05.065758,2026-07-04T20:04:05.077449+00:00,132.5,20,ask,AverageAlmonds,BrilliantBurritos,7430356
2026-07-04T20:04:05.794477,2026-07-04T20:04:05.805859+00:00,132.5,200,ask,YieldingYams,WavyWalnuts,7430370
2026-07-04T20:04:07.717537,2026-07-04T20:04:07.726995+00:00,132.7,25,bid,Yinxuan Li,WavyWalnuts,7430395
2026-07-04T20:04:08.685991,2026-07-04T20:04:08.693179+00:00,132.5,500,ask,AverageAlmonds,YieldingYams,7430411
2026-07-04T20:04:08.685991,2026-07-04T20:04:08.698228+00:00,132.5,125,ask,WavyWalnuts,YieldingYams,7430412
2026-07-04T20:04:09.682726,2026-07-04T20:04:09.686669+00:00,132.4,12,ask,AverageAlmonds,Xuanyu Liu,7430427
2026-07-04T20:04:10.363149,2026-07-04T20:04:10.374799+00:00,132.5,20,bid,BrilliantBurritos,WavyWalnuts,7430445
2026-07-04T20:04:11.319467,2026-07-04T20:04:11.323164+00:00,132.5,11,ask,YieldingYams,Xuanyu Liu,7430454
2026-07-04T20:04:12.853194,2026-07-04T20:04:12.856887+00:00,132.7,11,bid,Xuanyu Liu,WavyWalnuts,7430480
2026-07-04T20:04:14.260024,2026-07-04T20:04:14.268676+00:00,132.7,200,bid,WavyWalnuts,YieldingYams,7430499
2026-07-04T20:04:16.687682,2026-07-04T20:04:16.696168+00:00,132.7,200,bid,WavyWalnuts,YieldingYams,7430527
2026-07-04T20:04:17.733151,2026-07-04T20:04:17.739896+00:00,132.7,25,bid,Yinxuan Li,YieldingYams,7430541
2026-07-04T20:04:19.134610,2026-07-04T20:04:19.138746+00:00,132.9,12,bid,Xuanyu Liu,WavyWalnuts,7430571
2026-07-04T20:04:19.155443,2026-07-04T20:04:19.164931+00:00,132.9,188,bid,YieldingYams,WavyWalnuts,7430574
2026-07-04T20:04:20.291275,2026-07-04T20:04:20.300157+00:00,132.9,437,ask,YieldingYams,AverageAlmonds,7430587
2026-07-04T20:04:20.337003,2026-07-04T20:04:20.340744+00:00,132.8,11,bid,Xuanyu Liu,WavyWalnuts,7430590
2026-07-04T20:04:20.487479,2026-07-04T20:04:20.491078+00:00,132.7,12,bid,Xuanyu Liu,YieldingYams,7430592
2026-07-04T20:04:22.349358,2026-07-04T20:04:22.353532+00:00,132.6,12,ask,WavyWalnuts,Xuanyu Liu,7430621
2026-07-04T20:04:27.564816,2026-07-04T20:04:27.574357+00:00,132.6,200,ask,WavyWalnuts,AverageAlmonds,7430681
2026-07-04T20:04:27.564816,2026-07-04T20:04:27.574357+00:00,132.6,300,ask,YieldingYams,AverageAlmonds,7430682
2026-07-04T20:04:28.675840,2026-07-04T20:04:28.679713+00:00,132.5,11,ask,WavyWalnuts,Xuanyu Liu,7430710
2026-07-04T20:04:28.794034,2026-07-04T20:04:28.800877+00:00,132.6,200,bid,WavyWalnuts,AverageAlmonds,7430715
2026-07-04T20:04:30.003106,2026-07-04T20:04:30.011272+00:00,132.6,200,bid,WavyWalnuts,YieldingYams,7430733
2026-07-04T20:04:30.797351,2026-07-04T20:04:30.805513+00:00,132.4,20,ask,YieldingYams,BrilliantBurritos,7430744
2026-07-04T20:04:30.958306,2026-07-04T20:04:30.962916+00:00,132.6,12,ask,YieldingYams,Xuanyu Liu,7430746
2026-07-04T20:04:32.248508,2026-07-04T20:04:32.258631+00:00,132.7,500,bid,YieldingYams,AverageAlmonds,7430759
2026-07-04T20:04:32.382167,2026-07-04T20:04:32.390485+00:00,132.7,125,ask,YieldingYams,AverageAlmonds,7430761
2026-07-04T20:04:35.601113,2026-07-04T20:04:35.612909+00:00,132.4,20,ask,YieldingYams,BrilliantBurritos,7430806
2026-07-04T20:04:36.178970,2026-07-04T20:04:36.190103+00:00,132.5,200,bid,YieldingYams,WavyWalnuts,7430814
2026-07-04T20:04:38.189400,2026-07-04T20:04:38.193369+00:00,132.4,11,ask,YieldingYams,Xuanyu Liu,7430857
2026-07-04T20:04:38.817625,2026-07-04T20:04:38.820857+00:00,132.5,3,ask,YieldingYams,Xuanyu Liu,7430869
2026-07-04T20:04:39.702745,2026-07-04T20:04:39.712008+00:00,132.5,200,ask,YieldingYams,WavyWalnuts,7430885
2026-07-04T20:04:40.913462,2026-07-04T20:04:40.921995+00:00,132.5,200,bid,WavyWalnuts,YieldingYams,7430900
2026-07-04T20:04:42.172199,2026-07-04T20:04:42.183859+00:00,132.4,20,ask,YieldingYams,BrilliantBurritos,7430915
2026-07-04T20:04:43.341668,2026-07-04T20:04:43.349425+00:00,132.5,200,bid,WavyWalnuts,YieldingYams,7430942
2026-07-04T20:04:45.369685,2026-07-04T20:04:45.376175+00:00,132.4,200,ask,WavyWalnuts,YieldingYams,7430973
2026-07-04T20:04:45.756390,2026-07-04T20:04:45.764084+00:00,132.3,200,bid,WavyWalnuts,YieldingYams,7430980
2026-07-04T20:04:47.681678,2026-07-04T20:04:47.690466+00:00,132.3,20,ask,YieldingYams,BrilliantBurritos,7431017
2026-07-04T20:04:47.999322,2026-07-04T20:04:48.023351+00:00,132.3,200,ask,WavyWalnuts,YieldingYams,7431021
2026-07-04T20:04:47.999322,2026-07-04T20:04:48.023351+00:00,132.3,425,ask,AverageAlmonds,YieldingYams,7431022
2026-07-04T20:04:49.306929,2026-07-04T20:04:49.313734+00:00,132.4,200,bid,YieldingYams,WavyWalnuts,7431052
2026-07-04T20:04:51.938417,2026-07-04T20:04:51.949761+00:00,132.4,200,ask,WavyWalnuts,YieldingYams,7431101
2026-07-04T20:04:52.380218,2026-07-04T20:04:52.390671+00:00,132.3,425,bid,AverageAlmonds,YieldingYams,7431110
2026-07-04T20:04:54.769190,2026-07-04T20:04:54.779989+00:00,132.5,20,bid,BrilliantBurritos,WavyWalnuts,7431148
2026-07-04T20:04:56.641886,2026-07-04T20:04:56.653631+00:00,132.4,200,ask,AverageAlmonds,WavyWalnuts,7431164
2026-07-04T20:04:57.850033,2026-07-04T20:04:57.853728+00:00,132.5,200,ask,AverageAlmonds,WavyWalnuts,7431176
2026-07-04T20:04:59.036154,2026-07-04T20:04:59.047328+00:00,132.5,500,bid,AverageAlmonds,YieldingYams,7431195
2026-07-04T20:04:59.631299,2026-07-04T20:04:59.639167+00:00,132.5,125,bid,AverageAlmonds,YieldingYams,7431199
2026-07-04T20:04:59.815017,2026-07-04T20:04:59.836582+00:00,132.6,20,bid,BrilliantBurritos,WavyWalnuts,7431210
2026-07-04T20:05:01.099497,2026-07-04T20:05:01.111181+00:00,132.7,200,bid,YieldingYams,WavyWalnuts,7431238
2026-07-04T20:05:01.479020,2026-07-04T20:05:01.486945+00:00,132.7,200,ask,YieldingYams,WavyWalnuts,7431246
2026-07-04T20:05:03.900017,2026-07-04T20:05:03.911682+00:00,132.5,200,bid,WavyWalnuts,YieldingYams,7431280
2026-07-04T20:05:10.303512,2026-07-04T20:05:10.311024+00:00,132.7,200,ask,WavyWalnuts,YieldingYams,7431375
2026-07-04T20:05:12.793042,2026-07-04T20:05:12.799624+00:00,132.7,25,ask,WavyWalnuts,Yinxuan Li,7431415
2026-07-04T20:05:13.985199,2026-07-04T20:05:13.996808+00:00,132.6,20,ask,YieldingYams,BrilliantBurritos,7431439
2026-07-04T20:05:14.246624,2026-07-04T20:05:14.263490+00:00,132.7,200,bid,YieldingYams,WavyWalnuts,7431444
2026-07-04T20:05:14.260217,2026-07-04T20:05:14.263490+00:00,132.7,3,ask,YieldingYams,Xuanyu Liu,7431446
2026-07-04T20:05:14.814438,2026-07-04T20:05:14.824347+00:00,132.7,200,ask,YieldingYams,WavyWalnuts,7431452
2026-07-04T20:05:17.810445,2026-07-04T20:05:17.818083+00:00,132.5,25,ask,YieldingYams,Yinxuan Li,7431499
2026-07-04T20:05:22.823342,2026-07-04T20:05:22.830239+00:00,132.5,25,ask,WavyWalnuts,Yinxuan Li,7431576
2026-07-04T20:05:23.295678,2026-07-04T20:05:23.303470+00:00,132.5,200,ask,YieldingYams,WavyWalnuts,7431586
2026-07-04T20:05:24.502532,2026-07-04T20:05:24.510054+00:00,132.6,200,ask,YieldingYams,WavyWalnuts,7431604
2026-07-04T20:05:26.931590,2026-07-04T20:05:26.942162+00:00,132.6,200,ask,YieldingYams,WavyWalnuts,7431643
2026-07-04T20:05:28.732446,2026-07-04T20:05:28.742912+00:00,132.8,200,bid,YieldingYams,WavyWalnuts,7431671
2026-07-04T20:05:28.741563,2026-07-04T20:05:28.753620+00:00,132.8,20,ask,YieldingYams,BrilliantBurritos,7431673
2026-07-04T20:05:31.978486,2026-07-04T20:05:31.982313+00:00,133.0,3,bid,Xuanyu Liu,YieldingYams,7431740
2026-07-04T20:05:32.683768,2026-07-04T20:05:32.695089+00:00,132.8,200,ask,WavyWalnuts,YieldingYams,7431753
2026-07-04T20:05:32.961424,2026-07-04T20:05:32.969822+00:00,132.8,200,bid,WavyWalnuts,YieldingYams,7431761
2026-07-04T20:05:36.599490,2026-07-04T20:05:36.608072+00:00,132.7,200,ask,YieldingYams,WavyWalnuts,7431805
2026-07-04T20:05:38.030571,2026-07-04T20:05:38.042370+00:00,132.9,20,bid,BrilliantBurritos,WavyWalnuts,7431828
2026-07-04T20:05:40.563605,2026-07-04T20:05:40.599160+00:00,132.8,200,bid,YieldingYams,WavyWalnuts,7431863
2026-07-04T20:05:40.595464,2026-07-04T20:05:40.599160+00:00,132.9,3,ask,YieldingYams,Xuanyu Liu,7431867
2026-07-04T20:05:40.643391,2026-07-04T20:05:40.652998+00:00,132.9,10,ask,YieldingYams,Zihao Wu,7431869
2026-07-04T20:05:41.439851,2026-07-04T20:05:41.450979+00:00,132.9,200,ask,YieldingYams,WavyWalnuts,7431880
2026-07-04T20:05:42.663688,2026-07-04T20:05:42.667287+00:00,133.0,3,bid,Xuanyu Liu,WavyWalnuts,7431895
2026-07-04T20:05:43.651622,2026-07-04T20:05:43.658534+00:00,133.0,20,bid,BrilliantBurritos,WavyWalnuts,7431911
2026-07-04T20:05:45.074387,2026-07-04T20:05:45.080083+00:00,133.0,200,bid,WavyWalnuts,YieldingYams,7431932
2026-07-04T20:05:48.192373,2026-07-04T20:05:48.204111+00:00,133.0,20,bid,BrilliantBurritos,YieldingYams,7431971
2026-07-04T20:05:51.116721,2026-07-04T20:05:51.125987+00:00,133.2,20,bid,BrilliantBurritos,WavyWalnuts,7432014
2026-07-04T20:05:55.565666,2026-07-04T20:05:55.577422+00:00,133.0,20,ask,WavyWalnuts,BrilliantBurritos,7432078
2026-07-04T20:05:57.175727,2026-07-04T20:05:57.186817+00:00,133.2,200,bid,WavyWalnuts,YieldingYams,7432097
2026-07-04T20:05:57.722382,2026-07-04T20:05:57.731520+00:00,133.0,500,bid,AverageAlmonds,YieldingYams,7432109
2026-07-04T20:05:58.344380,2026-07-04T20:05:58.358550+00:00,133.0,125,bid,AverageAlmonds,YieldingYams,7432111
2026-07-04T20:05:58.883593,2026-07-04T20:05:58.904149+00:00,133.2,200,bid,YieldingYams,WavyWalnuts,7432119
2026-07-04T20:05:58.900372,2026-07-04T20:05:58.904149+00:00,133.2,10,ask,YieldingYams,Xuanyu Liu,7432121
2026-07-04T20:06:00.531074,2026-07-04T20:06:00.535025+00:00,133.3,5,bid,Xuanyu Liu,WavyWalnuts,7432150
2026-07-04T20:06:00.968152,2026-07-04T20:06:00.979983+00:00,133.4,10,bid,Zihao Wu,YieldingYams,7432154
2026-07-04T20:06:01.190229,2026-07-04T20:06:01.194503+00:00,133.4,2,bid,Xuanyu Liu,YieldingYams,7432157
2026-07-04T20:06:01.455084,2026-07-04T20:06:01.464770+00:00,133.4,20,bid,BrilliantBurritos,YieldingYams,7432168
2026-07-04T20:06:03.199381,2026-07-04T20:06:03.206624+00:00,133.3,20,ask,WavyWalnuts,BrilliantBurritos,7432198
2026-07-04T20:06:07.859571,2026-07-04T20:06:07.869438+00:00,133.2,20,ask,YieldingYams,BrilliantBurritos,7432254
2026-07-04T20:06:09.300956,2026-07-04T20:06:09.311473+00:00,133.3,200,bid,WavyWalnuts,YieldingYams,7432285
2026-07-04T20:06:12.886420,2026-07-04T20:06:12.896024+00:00,133.4,25,ask,WavyWalnuts,Yinxuan Li,7432334
2026-07-04T20:06:14.135557,2026-07-04T20:06:14.147443+00:00,133.4,200,ask,YieldingYams,WavyWalnuts,7432358
2026-07-04T20:06:17.765501,2026-07-04T20:06:17.774311+00:00,133.6,200,bid,WavyWalnuts,YieldingYams,7432419
2026-07-04T20:06:17.899442,2026-07-04T20:06:17.906620+00:00,133.3,25,ask,YieldingYams,Yinxuan Li,7432422
2026-07-04T20:06:21.386618,2026-07-04T20:06:21.395133+00:00,133.5,200,bid,WavyWalnuts,AverageAlmonds,7432474
2026-07-04T20:06:22.596883,2026-07-04T20:06:22.605858+00:00,133.4,200,bid,WavyWalnuts,AverageAlmonds,7432495
2026-07-04T20:06:23.173648,2026-07-04T20:06:23.184903+00:00,133.3,500,ask,YieldingYams,AverageAlmonds,7432500
2026-07-04T20:06:23.265890,2026-07-04T20:06:23.277770+00:00,133.3,10,ask,YieldingYams,Zihao Wu,7432502
2026-07-04T20:06:23.769333,2026-07-04T20:06:23.776543+00:00,133.3,115,ask,YieldingYams,AverageAlmonds,7432507
2026-07-04T20:06:23.791309,2026-07-04T20:06:23.794966+00:00,133.2,3,bid,Xuanyu Liu,AverageAlmonds,7432510
2026-07-04T20:06:23.810422,2026-07-04T20:06:23.821273+00:00,133.2,200,bid,WavyWalnuts,AverageAlmonds,7432512
2026-07-04T20:06:25.021911,2026-07-04T20:06:25.032992+00:00,133.2,200,bid,WavyWalnuts,YieldingYams,7432525
2026-07-04T20:06:26.800218,2026-07-04T20:06:26.806536+00:00,133.2,20,ask,WavyWalnuts,BrilliantBurritos,7432548
2026-07-04T20:06:27.757359,2026-07-04T20:06:27.769143+00:00,133.3,500,bid,YieldingYams,AverageAlmonds,7432564
2026-07-04T20:06:27.757359,2026-07-04T20:06:27.769143+00:00,133.3,125,bid,YieldingYams,WavyWalnuts,7432565
2026-07-04T20:06:32.288833,2026-07-04T20:06:32.297491+00:00,133.1,200,bid,WavyWalnuts,YieldingYams,7432630
2026-07-04T20:06:33.496652,2026-07-04T20:06:33.507795+00:00,133.0,200,bid,WavyWalnuts,YieldingYams,7432654
2026-07-04T20:06:35.284468,2026-07-04T20:06:35.296238+00:00,133.0,20,bid,BrilliantBurritos,YieldingYams,7432679
2026-07-04T20:06:38.340991,2026-07-04T20:06:38.351375+00:00,132.9,200,bid,WavyWalnuts,YieldingYams,7432717
2026-07-04T20:06:41.974115,2026-07-04T20:06:41.984666+00:00,132.8,200,bid,WavyWalnuts,YieldingYams,7432769
2026-07-04T20:06:43.378911,2026-07-04T20:06:43.390638+00:00,132.9,10,bid,Zihao Wu,YieldingYams,7432791
2026-07-04T20:06:46.247499,2026-07-04T20:06:46.259248+00:00,132.8,20,bid,BrilliantBurritos,WavyWalnuts,7432846
2026-07-04T20:06:47.922891,2026-07-04T20:06:47.927515+00:00,132.8,14,bid,Xuanyu Liu,WavyWalnuts,7432872
2026-07-04T20:06:47.945472,2026-07-04T20:06:47.953420+00:00,132.8,25,bid,Yinxuan Li,WavyWalnuts,7432875
2026-07-04T20:06:48.795918,2026-07-04T20:06:48.813733+00:00,132.7,500,ask,AverageAlmonds,YieldingYams,7432889
2026-07-04T20:06:48.809832,2026-07-04T20:06:48.813733+00:00,132.7,12,bid,Xuanyu Liu,YieldingYams,7432891
2026-07-04T20:06:49.178272,2026-07-04T20:06:49.185477+00:00,132.7,113,bid,AverageAlmonds,YieldingYams,7432897
2026-07-04T20:06:49.426171,2026-07-04T20:06:49.438045+00:00,132.7,20,ask,AverageAlmonds,BrilliantBurritos,7432901
2026-07-04T20:06:50.102321,2026-07-04T20:06:50.111936+00:00,132.8,200,bid,YieldingYams,WavyWalnuts,7432914
2026-07-04T20:06:52.957269,2026-07-04T20:06:52.963729+00:00,132.9,25,bid,Yinxuan Li,WavyWalnuts,7432958
2026-07-04T20:06:54.241872,2026-07-04T20:06:54.246137+00:00,132.9,11,bid,Xuanyu Liu,WavyWalnuts,7432972
2026-07-04T20:06:54.629630,2026-07-04T20:06:54.639611+00:00,132.9,189,bid,AverageAlmonds,WavyWalnuts,7432978
2026-07-04T20:06:55.839666,2026-07-04T20:06:55.843210+00:00,132.9,200,bid,AverageAlmonds,WavyWalnuts,7433001
2026-07-04T20:06:56.436993,2026-07-04T20:06:56.447321+00:00,133.0,500,bid,AverageAlmonds,YieldingYams,7433018
2026-07-04T20:06:56.680457,2026-07-04T20:06:56.692087+00:00,133.0,200,bid,YieldingYams,WavyWalnuts,7433028
2026-07-04T20:06:57.731023,2026-07-04T20:06:57.739993+00:00,133.1,200,ask,YieldingYams,WavyWalnuts,7433042
2026-07-04T20:06:59.303055,2026-07-04T20:06:59.311770+00:00,133.0,200,ask,WavyWalnuts,YieldingYams,7433071
2026-07-04T20:06:59.477399,2026-07-04T20:06:59.488392+00:00,133.0,425,bid,AverageAlmonds,YieldingYams,7433074
2026-07-04T20:07:02.489642,2026-07-04T20:07:02.496912+00:00,133.2,200,bid,AverageAlmonds,WavyWalnuts,7433119
2026-07-04T20:07:02.510815,2026-07-04T20:07:02.514472+00:00,133.2,11,ask,AverageAlmonds,Xuanyu Liu,7433121
2026-07-04T20:07:03.238912,2026-07-04T20:07:03.246166+00:00,133.2,200,ask,WavyWalnuts,YieldingYams,7433134
2026-07-04T20:07:06.835038,2026-07-04T20:07:06.846976+00:00,133.2,20,ask,WavyWalnuts,BrilliantBurritos,7433178
2026-07-04T20:07:07.811989,2026-07-04T20:07:07.823514+00:00,133.1,20,ask,YieldingYams,BrilliantBurritos,7433200
2026-07-04T20:07:09.812354,2026-07-04T20:07:09.823870+00:00,133.1,200,ask,YieldingYams,WavyWalnuts,7433233
2026-07-04T20:07:10.119999,2026-07-04T20:07:10.124433+00:00,133.1,12,ask,YieldingYams,Xuanyu Liu,7433243
2026-07-04T20:07:13.164670,2026-07-04T20:07:13.176078+00:00,133.1,20,ask,YieldingYams,BrilliantBurritos,7433271
2026-07-04T20:07:15.261516,2026-07-04T20:07:15.273216+00:00,133.2,20,ask,WavyWalnuts,BrilliantBurritos,7433293
2026-07-04T20:07:17.686830,2026-07-04T20:07:17.696387+00:00,133.2,200,bid,YieldingYams,WavyWalnuts,7433343
2026-07-04T20:07:21.642230,2026-07-04T20:07:21.651325+00:00,133.4,200,bid,YieldingYams,WavyWalnuts,7433394
2026-07-04T20:07:21.889126,2026-07-04T20:07:21.898428+00:00,133.6,200,bid,WavyWalnuts,YieldingYams,7433401
2026-07-04T20:07:25.519938,2026-07-04T20:07:25.528797+00:00,133.5,200,bid,WavyWalnuts,YieldingYams,7433460
2026-07-04T20:07:26.889790,2026-07-04T20:07:26.898823+00:00,133.7,200,bid,YieldingYams,WavyWalnuts,7433483
2026-07-04T20:07:29.518189,2026-07-04T20:07:29.526644+00:00,133.7,200,bid,YieldingYams,WavyWalnuts,7433522
2026-07-04T20:07:30.066889,2026-07-04T20:07:30.074536+00:00,133.7,20,ask,YieldingYams,BrilliantBurritos,7433543
2026-07-04T20:07:30.381993,2026-07-04T20:07:30.390464+00:00,133.7,200,ask,YieldingYams,WavyWalnuts,7433545
2026-07-04T20:07:33.002450,2026-07-04T20:07:33.012111+00:00,133.7,25,bid,Yinxuan Li,WavyWalnuts,7433576
2026-07-04T20:07:40.094137,2026-07-04T20:07:40.099167+00:00,133.7,200,ask,YieldingYams,WavyWalnuts,7433682
2026-07-04T20:07:43.741733,2026-07-04T20:07:43.745694+00:00,133.8,11,ask,WavyWalnuts,Xuanyu Liu,7433737
2026-07-04T20:07:44.940760,2026-07-04T20:07:44.952610+00:00,134.0,20,bid,BrilliantBurritos,YieldingYams,7433751
2026-07-04T20:07:44.947579,2026-07-04T20:07:44.957642+00:00,134.0,200,bid,WavyWalnuts,YieldingYams,7433752
2026-07-04T20:07:45.578593,2026-07-04T20:07:45.582183+00:00,133.9,3,ask,YieldingYams,Xuanyu Liu,7433763
2026-07-04T20:07:47.531471,2026-07-04T20:07:47.543159+00:00,133.8,20,ask,YieldingYams,BrilliantBurritos,7433781
2026-07-04T20:07:50.990582,2026-07-04T20:07:50.998804+00:00,134.0,200,bid,WavyWalnuts,YieldingYams,7433828
2026-07-04T20:07:51.856710,2026-07-04T20:07:51.858553+00:00,133.7,10,ask,YieldingYams,Zihao Wu,7433837
2026-07-04T20:07:51.901378,2026-07-04T20:07:51.904969+00:00,133.8,3,ask,YieldingYams,Xuanyu Liu,7433840
2026-07-04T20:07:52.215077,2026-07-04T20:07:52.218696+00:00,133.9,11,ask,WavyWalnuts,Xuanyu Liu,7433844
2026-07-04T20:07:53.022727,2026-07-04T20:07:53.031302+00:00,133.9,25,ask,WavyWalnuts,Yinxuan Li,7433860
2026-07-04T20:07:53.167342,2026-07-04T20:07:53.173762+00:00,134.0,20,bid,BrilliantBurritos,YieldingYams,7433863
2026-07-04T20:07:54.511825,2026-07-04T20:07:54.522176+00:00,133.9,200,ask,WavyWalnuts,YieldingYams,7433886
2026-07-04T20:07:55.820529,2026-07-04T20:07:55.830978+00:00,133.9,200,bid,WavyWalnuts,YieldingYams,7433901
2026-07-04T20:07:57.139520,2026-07-04T20:07:57.167935+00:00,134.1,200,bid,YieldingYams,WavyWalnuts,7433917
2026-07-04T20:07:57.164201,2026-07-04T20:07:57.167935+00:00,134.1,12,ask,YieldingYams,Xuanyu Liu,7433919
2026-07-04T20:07:58.032806,2026-07-04T20:07:58.044437+00:00,134.1,25,ask,YieldingYams,Yinxuan Li,7433928
2026-07-04T20:07:59.448045,2026-07-04T20:07:59.463911+00:00,134.0,200,ask,YieldingYams,WavyWalnuts,7433949
2026-07-04T20:07:59.798317,2026-07-04T20:07:59.802717+00:00,134.1,12,bid,Xuanyu Liu,YieldingYams,7433953
2026-07-04T20:08:00.677122,2026-07-04T20:08:00.681038+00:00,134.0,11,bid,Xuanyu Liu,WavyWalnuts,7433966
2026-07-04T20:08:03.950142,2026-07-04T20:08:03.953916+00:00,133.9,46,ask,YieldingYams,Xuanyu Liu,7434003
2026-07-04T20:08:06.718574,2026-07-04T20:08:06.727160+00:00,133.9,200,ask,YieldingYams,WavyWalnuts,7434041
2026-07-04T20:08:08.048030,2026-07-04T20:08:08.054529+00:00,133.9,25,ask,WavyWalnuts,Yinxuan Li,7434053
2026-07-04T20:08:09.108812,2026-07-04T20:08:09.124869+00:00,133.9,20,ask,WavyWalnuts,BrilliantBurritos,7434070
2026-07-04T20:08:09.135715,2026-07-04T20:08:09.145638+00:00,134.0,200,bid,WavyWalnuts,YieldingYams,7434071
2026-07-04T20:08:10.344425,2026-07-04T20:08:10.355260+00:00,134.1,200,bid,WavyWalnuts,AverageAlmonds,7434088
2026-07-04T20:08:10.902796,2026-07-04T20:08:10.910537+00:00,134.0,500,ask,YieldingYams,AverageAlmonds,7434092
2026-07-04T20:08:11.530631,2026-07-04T20:08:11.539005+00:00,134.0,125,ask,YieldingYams,AverageAlmonds,7434101
2026-07-04T20:08:11.560981,2026-07-04T20:08:11.569641+00:00,133.9,200,bid,WavyWalnuts,AverageAlmonds,7434103
2026-07-04T20:08:12.775733,2026-07-04T20:08:12.786177+00:00,133.9,200,bid,WavyWalnuts,YieldingYams,7434120
2026-07-04T20:08:13.062865,2026-07-04T20:08:13.074798+00:00,133.8,25,ask,YieldingYams,Yinxuan Li,7434125
2026-07-04T20:08:15.508107,2026-07-04T20:08:15.518667+00:00,133.9,500,bid,YieldingYams,AverageAlmonds,7434156
2026-07-04T20:08:15.508107,2026-07-04T20:08:15.518667+00:00,133.9,125,bid,YieldingYams,WavyWalnuts,7434157
2026-07-04T20:08:16.355438,2026-07-04T20:08:16.358612+00:00,133.7,200,ask,WavyWalnuts,AverageAlmonds,7434168
2026-07-04T20:08:16.697881,2026-07-04T20:08:16.709325+00:00,133.7,10,bid,Zihao Wu,AverageAlmonds,7434175
2026-07-04T20:08:18.079450,2026-07-04T20:08:18.087397+00:00,133.6,25,ask,YieldingYams,Yinxuan Li,7434183
2026-07-04T20:08:21.243472,2026-07-04T20:08:21.252657+00:00,133.8,200,bid,WavyWalnuts,YieldingYams,7434239
2026-07-04T20:08:22.418319,2026-07-04T20:08:22.429892+00:00,133.7,500,ask,YieldingYams,AverageAlmonds,7434259
2026-07-04T20:08:22.926111,2026-07-04T20:08:22.930328+00:00,133.9,12,bid,Xuanyu Liu,YieldingYams,7434271
2026-07-04T20:08:23.011268,2026-07-04T20:08:23.021893+00:00,133.8,200,ask,WavyWalnuts,AverageAlmonds,7434272
2026-07-04T20:08:23.031206,2026-07-04T20:08:23.035531+00:00,133.8,11,bid,Xuanyu Liu,AverageAlmonds,7434274
2026-07-04T20:08:23.656164,2026-07-04T20:08:23.660001+00:00,133.7,12,bid,Xuanyu Liu,AverageAlmonds,7434283
2026-07-04T20:08:23.664447,2026-07-04T20:08:23.675660+00:00,133.7,200,bid,WavyWalnuts,AverageAlmonds,7434285
2026-07-04T20:08:27.289842,2026-07-04T20:08:27.301149+00:00,133.7,200,bid,WavyWalnuts,YieldingYams,7434333
2026-07-04T20:08:28.497955,2026-07-04T20:08:28.508104+00:00,133.6,200,bid,WavyWalnuts,YieldingYams,7434359
2026-07-04T20:08:29.196980,2026-07-04T20:08:29.200535+00:00,133.7,11,bid,Xuanyu Liu,YieldingYams,7434371
2026-07-04T20:08:29.939348,2026-07-04T20:08:29.968892+00:00,133.6,200,ask,WavyWalnuts,YieldingYams,7434384
2026-07-04T20:08:29.965067,2026-07-04T20:08:29.968892+00:00,133.6,3,bid,Xuanyu Liu,YieldingYams,7434386
2026-07-04T20:08:31.248762,2026-07-04T20:08:31.258616+00:00,133.6,200,bid,YieldingYams,WavyWalnuts,7434407
2026-07-04T20:08:32.561783,2026-07-04T20:08:32.570363+00:00,133.7,500,bid,YieldingYams,AverageAlmonds,7434423
2026-07-04T20:08:32.561783,2026-07-04T20:08:32.570363+00:00,133.7,125,bid,YieldingYams,WavyWalnuts,7434424
2026-07-04T20:08:34.015953,2026-07-04T20:08:34.026424+00:00,133.6,20,bid,BrilliantBurritos,AverageAlmonds,7434447
2026-07-04T20:08:39.120385,2026-07-04T20:08:39.137622+00:00,133.5,200,bid,YieldingYams,WavyWalnuts,7434534
2026-07-04T20:08:39.134083,2026-07-04T20:08:39.137622+00:00,133.5,3,ask,YieldingYams,Xuanyu Liu,7434536
2026-07-04T20:08:39.164477,2026-07-04T20:08:39.176273+00:00,133.5,10,ask,YieldingYams,Zihao Wu,7434537
2026-07-04T20:08:40.512451,2026-07-04T20:08:40.524427+00:00,133.5,20,ask,YieldingYams,BrilliantBurritos,7434552
2026-07-04T20:08:40.630575,2026-07-04T20:08:40.641378+00:00,133.5,200,ask,YieldingYams,WavyWalnuts,7434554
2026-07-04T20:08:41.838713,2026-07-04T20:08:41.846304+00:00,133.5,200,ask,YieldingYams,WavyWalnuts,7434573
2026-07-04T20:08:43.057639,2026-07-04T20:08:43.069515+00:00,133.5,200,ask,YieldingYams,WavyWalnuts,7434595
2026-07-04T20:08:44.222273,2026-07-04T20:08:44.231566+00:00,133.5,20,ask,YieldingYams,BrilliantBurritos,7434611
2026-07-04T20:08:45.705566,2026-07-04T20:08:45.725220+00:00,133.6,200,bid,YieldingYams,WavyWalnuts,7434631
2026-07-04T20:08:45.721066,2026-07-04T20:08:45.725220+00:00,133.7,23,ask,YieldingYams,Xuanyu Liu,7434633
2026-07-04T20:08:46.142200,2026-07-04T20:08:46.154153+00:00,133.9,20,bid,BrilliantBurritos,YieldingYams,7434642
2026-07-04T20:08:46.687005,2026-07-04T20:08:46.697398+00:00,133.7,200,ask,YieldingYams,WavyWalnuts,7434656
2026-07-04T20:08:48.342710,2026-07-04T20:08:48.350741+00:00,133.7,200,bid,YieldingYams,WavyWalnuts,7434675
2026-07-04T20:08:50.273926,2026-07-04T20:08:50.285036+00:00,133.7,200,ask,WavyWalnuts,AverageAlmonds,7434699
2026-07-04T20:08:50.999740,2026-07-04T20:08:51.006550+00:00,133.7,500,bid,YieldingYams,AverageAlmonds,7434721
2026-07-04T20:08:52.075162,2026-07-04T20:08:52.086371+00:00,133.7,125,ask,YieldingYams,AverageAlmonds,7434744
2026-07-04T20:08:52.075162,2026-07-04T20:08:52.086371+00:00,133.7,200,ask,WavyWalnuts,AverageAlmonds,7434745
2026-07-04T20:08:53.624090,2026-07-04T20:08:53.634531+00:00,133.5,200,ask,WavyWalnuts,YieldingYams,7434770
2026-07-04T20:08:54.550634,2026-07-04T20:08:54.554273+00:00,133.4,11,ask,WavyWalnuts,Xuanyu Liu,7434793
2026-07-04T20:08:59.190974,2026-07-04T20:08:59.202708+00:00,133.5,10,bid,Zihao Wu,YieldingYams,7434888
2026-07-04T20:08:59.473567,2026-07-04T20:08:59.482057+00:00,133.5,20,bid,BrilliantBurritos,YieldingYams,7434893
2026-07-04T20:09:00.005685,2026-07-04T20:09:00.012847+00:00,133.5,200,bid,WavyWalnuts,YieldingYams,7434899
2026-07-04T20:09:01.530050,2026-07-04T20:09:01.533397+00:00,133.5,11,bid,Xuanyu Liu,YieldingYams,7434919
2026-07-04T20:09:02.038709,2026-07-04T20:09:02.050566+00:00,133.4,20,ask,WavyWalnuts,BrilliantBurritos,7434930
2026-07-04T20:09:04.813784,2026-07-04T20:09:04.817783+00:00,133.4,12,bid,Xuanyu Liu,AverageAlmonds,7434970
2026-07-04T20:09:06.086146,2026-07-04T20:09:06.090181+00:00,133.3,11,bid,Xuanyu Liu,WavyWalnuts,7434993
2026-07-04T20:09:08.090110,2026-07-04T20:09:08.099402+00:00,133.2,200,bid,YieldingYams,WavyWalnuts,7435032
2026-07-04T20:09:10.378288,2026-07-04T20:09:10.381947+00:00,133.5,3,bid,Xuanyu Liu,YieldingYams,7435065
2026-07-04T20:09:14.528646,2026-07-04T20:09:14.539530+00:00,133.4,200,bid,WavyWalnuts,YieldingYams,7435138
2026-07-04T20:09:15.738963,2026-07-04T20:09:15.748464+00:00,133.3,200,bid,WavyWalnuts,YieldingYams,7435150
2026-07-04T20:09:21.799520,2026-07-04T20:09:21.808757+00:00,133.5,200,ask,YieldingYams,WavyWalnuts,7435225
2026-07-04T20:09:26.446247,2026-07-04T20:09:26.458617+00:00,133.4,200,ask,WavyWalnuts,YieldingYams,7435306
2026-07-04T20:09:26.642699,2026-07-04T20:09:26.652816+00:00,133.4,200,bid,WavyWalnuts,YieldingYams,7435310
2026-07-04T20:09:29.380634,2026-07-04T20:09:29.389677+00:00,133.5,20,bid,BrilliantBurritos,WavyWalnuts,7435349
2026-07-04T20:09:30.396537,2026-07-04T20:09:30.404075+00:00,133.5,200,bid,YieldingYams,WavyWalnuts,7435366
2026-07-04T20:09:30.630697,2026-07-04T20:09:30.642067+00:00,133.5,10,ask,YieldingYams,Zihao Wu,7435375
2026-07-04T20:09:34.324655,2026-07-04T20:09:34.335944+00:00,133.6,200,ask,WavyWalnuts,YieldingYams,7435426
2026-07-04T20:09:35.711309,2026-07-04T20:09:35.714704+00:00,133.5,3,ask,YieldingYams,Xuanyu Liu,7435455
2026-07-04T20:09:38.259128,2026-07-04T20:09:38.277786+00:00,133.7,200,bid,YieldingYams,WavyWalnuts,7435482
2026-07-04T20:09:38.274251,2026-07-04T20:09:38.277786+00:00,133.7,23,ask,YieldingYams,Xuanyu Liu,7435484
2026-07-04T20:09:39.956402,2026-07-04T20:09:39.967008+00:00,133.8,200,bid,WavyWalnuts,YieldingYams,7435501
2026-07-04T20:09:40.129930,2026-07-04T20:09:40.139232+00:00,133.6,20,ask,YieldingYams,BrilliantBurritos,7435503
2026-07-04T20:09:41.169365,2026-07-04T20:09:41.178898+00:00,133.8,200,ask,YieldingYams,WavyWalnuts,7435516
2026-07-04T20:09:45.187768,2026-07-04T20:09:45.191458+00:00,133.5,23,ask,WavyWalnuts,Xuanyu Liu,7435579
2026-07-04T20:09:46.026504,2026-07-04T20:09:46.030041+00:00,133.6,11,ask,WavyWalnuts,Xuanyu Liu,7435591
2026-07-04T20:09:47.221770,2026-07-04T20:09:47.230151+00:00,133.7,200,bid,WavyWalnuts,YieldingYams,7435603
2026-07-04T20:09:48.756301,2026-07-04T20:09:48.764072+00:00,133.7,200,bid,YieldingYams,WavyWalnuts,7435637
2026-07-04T20:09:50.758875,2026-07-04T20:09:50.770456+00:00,133.5,20,ask,WavyWalnuts,BrilliantBurritos,7435660
2026-07-04T20:09:53.297241,2026-07-04T20:09:53.300760+00:00,133.4,11,bid,Xuanyu Liu,WavyWalnuts,7435693
2026-07-04T20:09:53.468949,2026-07-04T20:09:53.485631+00:00,133.4,10,bid,Zihao Wu,WavyWalnuts,7435696
2026-07-04T20:09:54.447056,2026-07-04T20:09:54.454319+00:00,133.4,179,bid,AverageAlmonds,WavyWalnuts,7435719
2026-07-04T20:09:56.629361,2026-07-04T20:09:56.640064+00:00,133.4,500,ask,AverageAlmonds,YieldingYams,7435753
2026-07-04T20:09:56.912249,2026-07-04T20:09:56.919249+00:00,133.3,200,ask,AverageAlmonds,WavyWalnuts,7435758
2026-07-04T20:09:58.121634,2026-07-04T20:09:58.133288+00:00,133.5,200,ask,YieldingYams,WavyWalnuts,7435775
2026-07-04T20:09:58.421778,2026-07-04T20:09:58.425978+00:00,133.5,22,ask,YieldingYams,Xuanyu Liu,7435778
2026-07-04T20:09:58.714424,2026-07-04T20:09:58.725112+00:00,133.5,20,ask,YieldingYams,BrilliantBurritos,7435785
2026-07-04T20:09:59.283567,2026-07-04T20:09:59.296152+00:00,133.6,20,bid,BrilliantBurritos,YieldingYams,7435795
2026-07-04T20:10:02.930900,2026-07-04T20:10:02.942556+00:00,133.3,20,ask,AverageAlmonds,BrilliantBurritos,7435837
2026-07-04T20:10:03.189381,2026-07-04T20:10:03.197216+00:00,133.3,480,ask,AverageAlmonds,YieldingYams,7435845
2026-07-04T20:10:03.189381,2026-07-04T20:10:03.202385+00:00,133.3,145,ask,WavyWalnuts,YieldingYams,7435846
2026-07-04T20:10:05.387085,2026-07-04T20:10:05.395944+00:00,133.4,200,ask,YieldingYams,WavyWalnuts,7435866
2026-07-04T20:10:07.365550,2026-07-04T20:10:07.369755+00:00,133.3,29,ask,WavyWalnuts,Xuanyu Liu,7435895
2026-07-04T20:10:08.508368,2026-07-04T20:10:08.516891+00:00,133.3,20,bid,BrilliantBurritos,YieldingYams,7435911
2026-07-04T20:10:09.013996,2026-07-04T20:10:09.021168+00:00,133.3,200,bid,WavyWalnuts,YieldingYams,7435925
2026-07-04T20:10:10.224688,2026-07-04T20:10:10.233061+00:00,133.3,200,bid,WavyWalnuts,YieldingYams,7435938
2026-07-04T20:10:10.663908,2026-07-04T20:10:10.675089+00:00,133.0,20,ask,YieldingYams,BrilliantBurritos,7435946
2026-07-04T20:10:13.597558,2026-07-04T20:10:13.604415+00:00,133.2,10,ask,YieldingYams,Zihao Wu,7436006
2026-07-04T20:10:13.703053,2026-07-04T20:10:13.710512+00:00,133.2,200,ask,WavyWalnuts,YieldingYams,7436011
2026-07-04T20:10:13.721807,2026-07-04T20:10:13.725829+00:00,133.2,17,bid,Xuanyu Liu,YieldingYams,7436013
2026-07-04T20:10:24.211650,2026-07-04T20:10:24.220659+00:00,133.1,200,ask,WavyWalnuts,YieldingYams,7436161
2026-07-04T20:10:24.211650,2026-07-04T20:10:24.220659+00:00,133.1,425,ask,AverageAlmonds,YieldingYams,7436162
2026-07-04T20:10:24.739859,2026-07-04T20:10:24.744201+00:00,133.2,11,ask,AverageAlmonds,Xuanyu Liu,7436171
2026-07-04T20:10:25.313772,2026-07-04T20:10:25.321482+00:00,133.3,200,bid,AverageAlmonds,WavyWalnuts,7436174
2026-07-04T20:10:25.343308,2026-07-04T20:10:25.347809+00:00,133.3,6,ask,AverageAlmonds,Xuanyu Liu,7436177
2026-07-04T20:10:26.832024,2026-07-04T20:10:26.839421+00:00,133.5,200,bid,YieldingYams,WavyWalnuts,7436201
2026-07-04T20:10:27.168113,2026-07-04T20:10:27.179869+00:00,133.5,200,ask,YieldingYams,WavyWalnuts,7436204
2026-07-04T20:10:29.454691,2026-07-04T20:10:29.463975+00:00,133.3,200,ask,WavyWalnuts,YieldingYams,7436236
2026-07-04T20:10:29.454691,2026-07-04T20:10:29.463975+00:00,133.3,425,ask,AverageAlmonds,YieldingYams,7436237
2026-07-04T20:10:29.586666,2026-07-04T20:10:29.597990+00:00,133.4,200,ask,AverageAlmonds,WavyWalnuts,7436239
2026-07-04T20:10:32.664149,2026-07-04T20:10:32.667717+00:00,133.5,17,bid,Xuanyu Liu,WavyWalnuts,7436290
2026-07-04T20:10:33.209443,2026-07-04T20:10:33.213056+00:00,133.4,7,ask,AverageAlmonds,Xuanyu Liu,7436306
2026-07-04T20:10:34.716087,2026-07-04T20:10:34.726953+00:00,133.4,200,ask,WavyWalnuts,YieldingYams,7436328
2026-07-04T20:10:34.716087,2026-07-04T20:10:34.726953+00:00,133.3,425,ask,AverageAlmonds,YieldingYams,7436329
2026-07-04T20:10:36.023812,2026-07-04T20:10:36.033032+00:00,133.6,10,bid,Zihao Wu,WavyWalnuts,7436352
2026-07-04T20:10:42.941979,2026-07-04T20:10:42.945920+00:00,133.4,19,bid,Xuanyu Liu,WavyWalnuts,7436468
2026-07-04T20:10:43.888234,2026-07-04T20:10:43.898831+00:00,133.4,181,bid,YieldingYams,WavyWalnuts,7436484
2026-07-04T20:10:44.131722,2026-07-04T20:10:44.141308+00:00,133.4,200,ask,YieldingYams,WavyWalnuts,7436486
2026-07-04T20:10:46.545527,2026-07-04T20:10:46.553056+00:00,133.3,200,ask,AverageAlmonds,WavyWalnuts,7436521
2026-07-04T20:10:52.595341,2026-07-04T20:10:52.605497+00:00,133.5,200,ask,YieldingYams,WavyWalnuts,7436594
2026-07-04T20:10:53.087491,2026-07-04T20:10:53.090904+00:00,133.5,11,bid,Xuanyu Liu,YieldingYams,7436610
2026-07-04T20:10:55.019932,2026-07-04T20:10:55.030905+00:00,133.4,200,ask,YieldingYams,WavyWalnuts,7436643
2026-07-04T20:11:01.603086,2026-07-04T20:11:01.606289+00:00,133.5,11,bid,Xuanyu Liu,YieldingYams,7436741
2026-07-04T20:11:04.298224,2026-07-04T20:11:04.301413+00:00,133.5,23,bid,Xuanyu Liu,WavyWalnuts,7436788
2026-07-04T20:11:05.932999,2026-07-04T20:11:05.943939+00:00,133.4,200,ask,YieldingYams,WavyWalnuts,7436813
2026-07-04T20:11:09.553483,2026-07-04T20:11:09.558622+00:00,133.4,200,ask,YieldingYams,WavyWalnuts,7436862
2026-07-04T20:11:09.696275,2026-07-04T20:11:09.708393+00:00,133.4,20,ask,YieldingYams,BrilliantBurritos,7436863
2026-07-04T20:11:11.447609,2026-07-04T20:11:11.464138+00:00,133.4,200,bid,YieldingYams,WavyWalnuts,7436896
2026-07-04T20:11:12.076359,2026-07-04T20:11:12.088363+00:00,133.4,20,ask,YieldingYams,BrilliantBurritos,7436901
2026-07-04T20:11:14.068260,2026-07-04T20:11:14.087915+00:00,133.3,200,ask,WavyWalnuts,YieldingYams,7436934
2026-07-04T20:11:14.084367,2026-07-04T20:11:14.087915+00:00,133.3,12,bid,Xuanyu Liu,YieldingYams,7436936
2026-07-04T20:11:15.605076,2026-07-04T20:11:15.613776+00:00,133.1,200,ask,YieldingYams,WavyWalnuts,7436964
2026-07-04T20:11:16.815526,2026-07-04T20:11:16.826409+00:00,133.2,200,ask,YieldingYams,WavyWalnuts,7436982
2026-07-04T20:11:18.040971,2026-07-04T20:11:18.044544+00:00,133.3,11,bid,Xuanyu Liu,WavyWalnuts,7437008
2026-07-04T20:11:20.120603,2026-07-04T20:11:20.122912+00:00,133.4,3,bid,Xuanyu Liu,WavyWalnuts,7437045
2026-07-04T20:11:21.045968,2026-07-04T20:11:21.063973+00:00,133.4,20,bid,BrilliantBurritos,WavyWalnuts,7437051
2026-07-04T20:11:23.529532,2026-07-04T20:11:23.541417+00:00,133.4,20,bid,BrilliantBurritos,WavyWalnuts,7437095
2026-07-04T20:11:25.443263,2026-07-04T20:11:25.458588+00:00,133.2,20,ask,AverageAlmonds,BrilliantBurritos,7437115
2026-07-04T20:11:27.184188,2026-07-04T20:11:27.193797+00:00,133.3,500,ask,AverageAlmonds,YieldingYams,7437146
2026-07-04T20:11:27.659431,2026-07-04T20:11:27.669096+00:00,133.3,125,bid,AverageAlmonds,YieldingYams,7437148
2026-07-04T20:11:28.490245,2026-07-04T20:11:28.500591+00:00,133.4,200,bid,YieldingYams,WavyWalnuts,7437153
2026-07-04T20:11:29.603998,2026-07-04T20:11:29.607661+00:00,133.6,14,bid,Xuanyu Liu,YieldingYams,7437173
2026-07-04T20:11:29.832214,2026-07-04T20:11:29.835708+00:00,133.5,12,bid,Xuanyu Liu,YieldingYams,7437177
2026-07-04T20:11:31.331269,2026-07-04T20:11:31.338754+00:00,133.5,20,bid,BrilliantBurritos,WavyWalnuts,7437195
2026-07-04T20:11:31.344280,2026-07-04T20:11:31.358631+00:00,133.4,200,ask,YieldingYams,WavyWalnuts,7437196
2026-07-04T20:11:32.513570,2026-07-04T20:11:32.523434+00:00,133.4,500,bid,AverageAlmonds,YieldingYams,7437211
2026-07-04T20:11:32.816865,2026-07-04T20:11:32.820571+00:00,133.3,12,ask,WavyWalnuts,Xuanyu Liu,7437220
2026-07-04T20:11:33.106816,2026-07-04T20:11:33.114920+00:00,133.4,125,bid,AverageAlmonds,YieldingYams,7437225
2026-07-04T20:11:33.134090,2026-07-04T20:11:33.137821+00:00,133.4,11,ask,AverageAlmonds,Xuanyu Liu,7437227
2026-07-04T20:11:33.736900,2026-07-04T20:11:33.748049+00:00,133.5,200,bid,YieldingYams,WavyWalnuts,7437235
2026-07-04T20:11:33.763526,2026-07-04T20:11:33.767857+00:00,133.6,3,ask,YieldingYams,Xuanyu Liu,7437239
2026-07-04T20:11:36.179683,2026-07-04T20:11:36.188532+00:00,133.7,200,bid,WavyWalnuts,YieldingYams,7437281
2026-07-04T20:11:42.918616,2026-07-04T20:11:42.926539+00:00,133.9,200,bid,YieldingYams,WavyWalnuts,7437383
2026-07-04T20:11:42.932750,2026-07-04T20:11:42.936829+00:00,133.9,3,ask,YieldingYams,Xuanyu Liu,7437385
2026-07-04T20:11:46.845981,2026-07-04T20:11:46.858613+00:00,134.0,200,bid,YieldingYams,WavyWalnuts,7437442
2026-07-04T20:11:47.089252,2026-07-04T20:11:47.098190+00:00,134.1,200,ask,YieldingYams,WavyWalnuts,7437445
2026-07-04T20:11:50.739273,2026-07-04T20:11:50.742799+00:00,133.9,3,bid,Xuanyu Liu,WavyWalnuts,7437497
2026-07-04T20:11:53.143542,2026-07-04T20:11:53.150845+00:00,133.8,200,ask,YieldingYams,WavyWalnuts,7437529
2026-07-04T20:11:54.915743,2026-07-04T20:11:54.919485+00:00,133.9,3,bid,Xuanyu Liu,YieldingYams,7437552
2026-07-04T20:11:56.028869,2026-07-04T20:11:56.032634+00:00,133.8,11,bid,Xuanyu Liu,YieldingYams,7437571
2026-07-04T20:11:56.810524,2026-07-04T20:11:56.822462+00:00,133.6,20,ask,YieldingYams,BrilliantBurritos,7437580
2026-07-04T20:12:01.664523,2026-07-04T20:12:01.676830+00:00,133.9,20,bid,BrilliantBurritos,YieldingYams,7437628
2026-07-04T20:12:02.574793,2026-07-04T20:12:02.583973+00:00,133.7,200,ask,WavyWalnuts,YieldingYams,7437639
2026-07-04T20:12:02.825793,2026-07-04T20:12:02.835622+00:00,133.6,200,bid,WavyWalnuts,YieldingYams,7437641
2026-07-04T20:12:03.313820,2026-07-04T20:12:03.325584+00:00,133.6,25,bid,Yinxuan Li,YieldingYams,7437649
2026-07-04T20:12:04.487207,2026-07-04T20:12:04.496258+00:00,133.6,20,ask,YieldingYams,BrilliantBurritos,7437671
2026-07-04T20:12:07.813398,2026-07-04T20:12:07.821757+00:00,133.7,200,bid,YieldingYams,WavyWalnuts,7437715
2026-07-04T20:12:08.886242,2026-07-04T20:12:08.895481+00:00,133.7,200,ask,YieldingYams,WavyWalnuts,7437734
2026-07-04T20:12:10.091505,2026-07-04T20:12:10.101710+00:00,133.6,200,bid,WavyWalnuts,YieldingYams,7437755
2026-07-04T20:12:11.737357,2026-07-04T20:12:11.764322+00:00,133.6,200,bid,YieldingYams,WavyWalnuts,7437780
2026-07-04T20:12:14.377193,2026-07-04T20:12:14.385748+00:00,133.7,200,bid,YieldingYams,WavyWalnuts,7437811
2026-07-04T20:12:16.054055,2026-07-04T20:12:16.065695+00:00,133.8,20,bid,BrilliantBurritos,WavyWalnuts,7437828
2026-07-04T20:12:17.300488,2026-07-04T20:12:17.310648+00:00,133.7,200,ask,WavyWalnuts,AverageAlmonds,7437846
2026-07-04T20:12:17.337116,2026-07-04T20:12:17.346889+00:00,133.7,200,bid,WavyWalnuts,AverageAlmonds,7437848
2026-07-04T20:12:18.339617,2026-07-04T20:12:18.346810+00:00,133.7,25,bid,Yinxuan Li,AverageAlmonds,7437867
2026-07-04T20:12:18.545774,2026-07-04T20:12:18.555088+00:00,133.7,200,bid,WavyWalnuts,AverageAlmonds,7437872
2026-07-04T20:12:19.113940,2026-07-04T20:12:19.123940+00:00,133.6,20,ask,YieldingYams,BrilliantBurritos,7437879
2026-07-04T20:12:20.973556,2026-07-04T20:12:20.980467+00:00,133.6,200,bid,WavyWalnuts,YieldingYams,7437905
2026-07-04T20:12:21.098588,2026-07-04T20:12:21.110495+00:00,133.6,20,bid,BrilliantBurritos,YieldingYams,7437907
2026-07-04T20:12:24.883884,2026-07-04T20:12:24.891904+00:00,133.7,500,bid,YieldingYams,AverageAlmonds,7437960
2026-07-04T20:12:25.157130,2026-07-04T20:12:25.169078+00:00,133.7,125,ask,YieldingYams,AverageAlmonds,7437964
2026-07-04T20:12:25.157130,2026-07-04T20:12:25.169078+00:00,133.6,200,ask,WavyWalnuts,AverageAlmonds,7437965
2026-07-04T20:12:27.500983,2026-07-04T20:12:27.512049+00:00,133.5,200,ask,WavyWalnuts,YieldingYams,7438013
2026-07-04T20:12:28.251281,2026-07-04T20:12:28.258591+00:00,133.4,200,bid,WavyWalnuts,YieldingYams,7438034
2026-07-04T20:12:28.359641,2026-07-04T20:12:28.369955+00:00,133.4,25,bid,Yinxuan Li,YieldingYams,7438039
2026-07-04T20:12:29.766667,2026-07-04T20:12:29.770426+00:00,133.5,14,ask,YieldingYams,Xuanyu Liu,7438060
2026-07-04T20:12:30.629278,2026-07-04T20:12:30.639705+00:00,133.6,20,bid,BrilliantBurritos,WavyWalnuts,7438072
2026-07-04T20:12:30.670851,2026-07-04T20:12:30.680916+00:00,133.5,200,ask,YieldingYams,WavyWalnuts,7438074
2026-07-04T20:12:33.093222,2026-07-04T20:12:33.102487+00:00,133.5,200,ask,YieldingYams,WavyWalnuts,7438124
2026-07-04T20:12:35.505109,2026-07-04T20:12:35.514665+00:00,133.4,200,bid,WavyWalnuts,YieldingYams,7438168
2026-07-04T20:12:38.372749,2026-07-04T20:12:38.384241+00:00,133.4,25,ask,YieldingYams,Yinxuan Li,7438199
2026-07-04T20:12:41.911583,2026-07-04T20:12:41.919715+00:00,133.3,200,bid,YieldingYams,WavyWalnuts,7438245
2026-07-04T20:12:43.971818,2026-07-04T20:12:43.985374+00:00,133.4,20,bid,BrilliantBurritos,WavyWalnuts,7438276
2026-07-04T20:12:43.996484,2026-07-04T20:12:44.006615+00:00,133.3,200,ask,YieldingYams,WavyWalnuts,7438277
2026-07-04T20:12:45.509616,2026-07-04T20:12:45.519890+00:00,133.3,20,bid,BrilliantBurritos,WavyWalnuts,7438296
2026-07-04T20:12:45.840607,2026-07-04T20:12:45.850381+00:00,133.3,180,bid,YieldingYams,WavyWalnuts,7438303
2026-07-04T20:12:46.420942,2026-07-04T20:12:46.429228+00:00,133.3,200,ask,YieldingYams,WavyWalnuts,7438310
2026-07-04T20:12:47.576838,2026-07-04T20:12:47.586484+00:00,133.4,500,bid,AverageAlmonds,YieldingYams,7438326
2026-07-04T20:12:48.389283,2026-07-04T20:12:48.401035+00:00,133.3,25,ask,AverageAlmonds,Yinxuan Li,7438342
2026-07-04T20:12:48.458247,2026-07-04T20:12:48.478757+00:00,133.4,200,bid,YieldingYams,WavyWalnuts,7438344
2026-07-04T20:12:48.475287,2026-07-04T20:12:48.478757+00:00,133.7,28,ask,YieldingYams,Xuanyu Liu,7438346
2026-07-04T20:12:48.600112,2026-07-04T20:12:48.611988+00:00,133.7,10,ask,YieldingYams,Zihao Wu,7438349
2026-07-04T20:12:48.745160,2026-07-04T20:12:48.748696+00:00,133.9,28,bid,Xuanyu Liu,YieldingYams,7438353
2026-07-04T20:12:48.840615,2026-07-04T20:12:48.849393+00:00,133.7,200,ask,YieldingYams,WavyWalnuts,7438355
2026-07-04T20:12:49.784534,2026-07-04T20:12:49.787745+00:00,133.7,3,bid,Xuanyu Liu,YieldingYams,7438368
2026-07-04T20:12:51.577645,2026-07-04T20:12:51.589350+00:00,133.7,20,bid,BrilliantBurritos,YieldingYams,7438384
2026-07-04T20:12:57.648715,2026-07-04T20:12:57.659613+00:00,133.3,20,ask,WavyWalnuts,BrilliantBurritos,7438498
2026-07-04T20:12:58.954446,2026-07-04T20:12:58.956174+00:00,133.4,200,bid,YieldingYams,WavyWalnuts,7438506
2026-07-04T20:12:58.974396,2026-07-04T20:12:58.977858+00:00,133.5,3,ask,YieldingYams,Xuanyu Liu,7438508
2026-07-04T20:13:00.102031,2026-07-04T20:13:00.114073+00:00,133.7,20,bid,BrilliantBurritos,YieldingYams,7438533
2026-07-04T20:13:03.721741,2026-07-04T20:13:03.733605+00:00,133.7,20,bid,BrilliantBurritos,YieldingYams,7438589
2026-07-04T20:13:04.619991,2026-07-04T20:13:04.629448+00:00,133.7,200,bid,WavyWalnuts,YieldingYams,7438598
2026-07-04T20:13:06.812081,2026-07-04T20:13:06.823347+00:00,133.6,200,ask,WavyWalnuts,YieldingYams,7438630
2026-07-04T20:13:08.254895,2026-07-04T20:13:08.264319+00:00,133.5,200,ask,YieldingYams,WavyWalnuts,7438653
2026-07-04T20:13:08.789379,2026-07-04T20:13:08.800040+00:00,133.7,10,bid,Zihao Wu,YieldingYams,7438657
2026-07-04T20:13:09.895563,2026-07-04T20:13:09.905181+00:00,133.7,20,bid,BrilliantBurritos,YieldingYams,7438681
2026-07-04T20:13:10.673041,2026-07-04T20:13:10.680878+00:00,133.7,200,bid,WavyWalnuts,YieldingYams,7438692
2026-07-04T20:13:14.309310,2026-07-04T20:13:14.316491+00:00,133.7,200,ask,YieldingYams,WavyWalnuts,7438745
2026-07-04T20:13:14.683489,2026-07-04T20:13:14.692829+00:00,133.6,20,ask,YieldingYams,BrilliantBurritos,7438750
2026-07-04T20:13:16.728125,2026-07-04T20:13:16.737659+00:00,133.6,200,ask,YieldingYams,WavyWalnuts,7438781
2026-07-04T20:13:17.316774,2026-07-04T20:13:17.320175+00:00,133.7,3,bid,Xuanyu Liu,YieldingYams,7438795
2026-07-04T20:13:18.012255,2026-07-04T20:13:18.019981+00:00,133.5,20,ask,WavyWalnuts,BrilliantBurritos,7438801
2026-07-04T20:13:20.376260,2026-07-04T20:13:20.380287+00:00,133.5,3,ask,YieldingYams,Xuanyu Liu,7438844
2026-07-04T20:13:23.865644,2026-07-04T20:13:23.874129+00:00,133.6,200,bid,YieldingYams,WavyWalnuts,7438905
2026-07-04T20:13:24.001520,2026-07-04T20:13:24.008607+00:00,133.6,200,ask,YieldingYams,WavyWalnuts,7438914
2026-07-04T20:13:26.435566,2026-07-04T20:13:26.439612+00:00,133.6,3,bid,Xuanyu Liu,WavyWalnuts,7438944
2026-07-04T20:13:26.496043,2026-07-04T20:13:26.503809+00:00,133.6,197,bid,YieldingYams,WavyWalnuts,7438946
2026-07-04T20:13:27.812558,2026-07-04T20:13:27.834414+00:00,133.6,200,ask,WavyWalnuts,YieldingYams,7438962
2026-07-04T20:13:27.830930,2026-07-04T20:13:27.834414+00:00,133.6,23,bid,Xuanyu Liu,YieldingYams,7438965
2026-07-04T20:13:28.437462,2026-07-04T20:13:28.443933+00:00,133.6,25,bid,Yinxuan Li,YieldingYams,7438972
2026-07-04T20:13:29.124521,2026-07-04T20:13:29.145041+00:00,133.5,200,ask,WavyWalnuts,YieldingYams,7438982
2026-07-04T20:13:29.141443,2026-07-04T20:13:29.145041+00:00,133.5,2,bid,Xuanyu Liu,YieldingYams,7438984
2026-07-04T20:13:29.865252,2026-07-04T20:13:29.869543+00:00,133.3,14,ask,YieldingYams,Xuanyu Liu,7438993
2026-07-04T20:13:30.062140,2026-07-04T20:13:30.066507+00:00,133.4,11,ask,WavyWalnuts,Xuanyu Liu,7439002
2026-07-04T20:13:31.535675,2026-07-04T20:13:31.558563+00:00,133.3,20,ask,YieldingYams,BrilliantBurritos,7439026
2026-07-04T20:13:33.684448,2026-07-04T20:13:33.694616+00:00,133.4,200,bid,WavyWalnuts,YieldingYams,7439056
2026-07-04T20:13:34.200690,2026-07-04T20:13:34.207839+00:00,133.4,425,bid,AverageAlmonds,YieldingYams,7439065
2026-07-04T20:13:34.222365,2026-07-04T20:13:34.234137+00:00,133.6,20,bid,BrilliantBurritos,WavyWalnuts,7439066
2026-07-04T20:13:34.899716,2026-07-04T20:13:34.909154+00:00,133.5,200,ask,YieldingYams,WavyWalnuts,7439086
2026-07-04T20:13:35.329133,2026-07-04T20:13:35.340723+00:00,133.5,20,ask,YieldingYams,BrilliantBurritos,7439091
2026-07-04T20:13:37.321610,2026-07-04T20:13:37.330547+00:00,133.4,200,ask,YieldingYams,WavyWalnuts,7439118
2026-07-04T20:13:42.141593,2026-07-04T20:13:42.152426+00:00,133.4,20,bid,BrilliantBurritos,YieldingYams,7439170
2026-07-04T20:13:42.243668,2026-07-04T20:13:42.254695+00:00,133.2,200,ask,WavyWalnuts,YieldingYams,7439172
2026-07-04T20:13:42.519798,2026-07-04T20:13:42.523665+00:00,133.0,3,ask,AverageAlmonds,Xuanyu Liu,7439175
2026-07-04T20:13:43.370821,2026-07-04T20:13:43.378674+00:00,133.1,200,bid,WavyWalnuts,YieldingYams,7439185
2026-07-04T20:13:43.452722,2026-07-04T20:13:43.458612+00:00,133.0,25,ask,AverageAlmonds,Yinxuan Li,7439186
2026-07-04T20:13:44.598411,2026-07-04T20:13:44.601931+00:00,133.2,3,ask,WavyWalnuts,Xuanyu Liu,7439220
2026-07-04T20:13:47.027375,2026-07-04T20:13:47.030993+00:00,133.2,3,bid,Xuanyu Liu,WavyWalnuts,7439256
2026-07-04T20:13:47.491225,2026-07-04T20:13:47.501408+00:00,133.2,197,bid,YieldingYams,WavyWalnuts,7439264
2026-07-04T20:13:48.218757,2026-07-04T20:13:48.227833+00:00,133.2,200,ask,YieldingYams,WavyWalnuts,7439274
2026-07-04T20:13:48.806624,2026-07-04T20:13:48.814149+00:00,133.0,200,ask,WavyWalnuts,YieldingYams,7439287
2026-07-04T20:13:48.806624,2026-07-04T20:13:48.819311+00:00,133.0,425,ask,AverageAlmonds,YieldingYams,7439288
2026-07-04T20:13:48.835499,2026-07-04T20:13:48.847152+00:00,133.0,10,ask,AverageAlmonds,Zihao Wu,7439289
2026-07-04T20:13:50.042170,2026-07-04T20:13:50.047752+00:00,133.0,20,ask,WavyWalnuts,BrilliantBurritos,7439302
2026-07-04T20:13:51.425309,2026-07-04T20:13:51.436792+00:00,133.1,200,bid,YieldingYams,WavyWalnuts,7439321
2026-07-04T20:14:00.328264,2026-07-04T20:14:00.336238+00:00,133.0,200,ask,YieldingYams,WavyWalnuts,7439452
2026-07-04T20:14:03.961980,2026-07-04T20:14:03.970219+00:00,133.0,200,ask,YieldingYams,WavyWalnuts,7439507
2026-07-04T20:14:05.858643,2026-07-04T20:14:05.869431+00:00,132.9,500,ask,AverageAlmonds,YieldingYams,7439542
2026-07-04T20:14:06.383200,2026-07-04T20:14:06.391279+00:00,132.9,125,bid,WavyWalnuts,YieldingYams,7439551
2026-07-04T20:14:08.078290,2026-07-04T20:14:08.085947+00:00,133.0,200,bid,AverageAlmonds,WavyWalnuts,7439569
2026-07-04T20:14:08.981973,2026-07-04T20:14:08.991426+00:00,133.1,10,bid,Zihao Wu,YieldingYams,7439578
2026-07-04T20:14:13.654538,2026-07-04T20:14:13.655294+00:00,132.9,200,ask,YieldingYams,WavyWalnuts,7439651
2026-07-04T20:14:14.866119,2026-07-04T20:14:14.875425+00:00,132.9,200,ask,AverageAlmonds,WavyWalnuts,7439668
2026-07-04T20:14:16.075689,2026-07-04T20:14:16.082650+00:00,132.9,200,ask,AverageAlmonds,WavyWalnuts,7439688
2026-07-04T20:14:19.707922,2026-07-04T20:14:19.714876+00:00,132.9,200,ask,YieldingYams,WavyWalnuts,7439734
2026-07-04T20:14:20.319759,2026-07-04T20:14:20.329281+00:00,132.9,500,ask,AverageAlmonds,YieldingYams,7439746
2026-07-04T20:14:20.804200,2026-07-04T20:14:20.814334+00:00,132.9,125,bid,AverageAlmonds,YieldingYams,7439751
2026-07-04T20:14:20.831865,2026-07-04T20:14:20.835354+00:00,132.9,7,ask,AverageAlmonds,Xuanyu Liu,7439754
2026-07-04T20:14:20.915751,2026-07-04T20:14:20.923707+00:00,132.9,200,ask,AverageAlmonds,WavyWalnuts,7439755
2026-07-04T20:14:22.124855,2026-07-04T20:14:22.131702+00:00,132.9,200,ask,YieldingYams,WavyWalnuts,7439778
2026-07-04T20:14:22.954413,2026-07-04T20:14:22.968049+00:00,132.9,20,ask,AverageAlmonds,BrilliantBurritos,7439793
2026-07-04T20:14:22.964284,2026-07-04T20:14:22.968049+00:00,133.0,7,bid,Xuanyu Liu,YieldingYams,7439795
2026-07-04T20:14:23.334633,2026-07-04T20:14:23.342456+00:00,132.9,200,ask,AverageAlmonds,WavyWalnuts,7439798
2026-07-04T20:14:23.995057,2026-07-04T20:14:24.006599+00:00,132.9,20,ask,AverageAlmonds,BrilliantBurritos,7439816
2026-07-04T20:14:24.544196,2026-07-04T20:14:24.558546+00:00,132.9,200,ask,YieldingYams,WavyWalnuts,7439822
2026-07-04T20:14:25.470596,2026-07-04T20:14:25.482257+00:00,132.9,20,ask,YieldingYams,BrilliantBurritos,7439838
2026-07-04T20:14:25.753332,2026-07-04T20:14:25.760119+00:00,132.9,200,ask,AverageAlmonds,WavyWalnuts,7439843
2026-07-04T20:14:26.904971,2026-07-04T20:14:26.911743+00:00,132.9,500,ask,AverageAlmonds,YieldingYams,7439857
2026-07-04T20:14:27.461069,2026-07-04T20:14:27.470199+00:00,132.9,125,bid,AverageAlmonds,YieldingYams,7439869
2026-07-04T20:14:27.461069,2026-07-04T20:14:27.470199+00:00,132.9,200,bid,AverageAlmonds,WavyWalnuts,7439870
2026-07-04T20:14:28.502720,2026-07-04T20:14:28.510656+00:00,132.9,25,ask,AverageAlmonds,Yinxuan Li,7439889
2026-07-04T20:14:29.524851,2026-07-04T20:14:29.533181+00:00,132.9,500,ask,AverageAlmonds,YieldingYams,7439905
2026-07-04T20:14:29.873444,2026-07-04T20:14:29.882475+00:00,132.9,125,bid,AverageAlmonds,YieldingYams,7439915
2026-07-04T20:14:29.895524,2026-07-04T20:14:29.903378+00:00,132.9,10,ask,AverageAlmonds,Zihao Wu,7439916
2026-07-04T20:14:29.994104,2026-07-04T20:14:29.997815+00:00,132.9,3,ask,AverageAlmonds,Xuanyu Liu,7439920
2026-07-04T20:14:30.833052,2026-07-04T20:14:30.842628+00:00,133.1,200,bid,YieldingYams,WavyWalnuts,7439935
2026-07-04T20:14:30.848494,2026-07-04T20:14:30.852425+00:00,133.1,23,ask,YieldingYams,Xuanyu Liu,7439937
2026-07-04T20:14:33.099689,2026-07-04T20:14:33.103872+00:00,133.2,12,bid,Xuanyu Liu,WavyWalnuts,7439973
2026-07-04T20:14:33.474747,2026-07-04T20:14:33.478357+00:00,133.1,11,bid,Xuanyu Liu,YieldingYams,7439979
2026-07-04T20:14:33.497517,2026-07-04T20:14:33.504265+00:00,133.1,20,bid,BrilliantBurritos,YieldingYams,7439980
2026-07-04T20:14:34.123770,2026-07-04T20:14:34.131438+00:00,133.1,500,bid,AverageAlmonds,YieldingYams,7439985
2026-07-04T20:14:34.721582,2026-07-04T20:14:34.730114+00:00,133.1,94,bid,AverageAlmonds,YieldingYams,7439998
2026-07-04T20:14:34.721582,2026-07-04T20:14:34.730114+00:00,133.1,200,bid,AverageAlmonds,WavyWalnuts,7439999
2026-07-04T20:14:34.931728,2026-07-04T20:14:34.943356+00:00,133.3,20,ask,YieldingYams,BrilliantBurritos,7440006
2026-07-04T20:14:35.437711,2026-07-04T20:14:35.458619+00:00,133.3,200,ask,YieldingYams,WavyWalnuts,7440014
2026-07-04T20:14:36.937960,2026-07-04T20:14:36.941330+00:00,133.3,3,bid,Xuanyu Liu,YieldingYams,7440039
2026-07-04T20:14:37.147183,2026-07-04T20:14:37.158229+00:00,133.3,500,bid,AverageAlmonds,YieldingYams,7440046
2026-07-04T20:14:37.386524,2026-07-04T20:14:37.397700+00:00,133.3,200,bid,YieldingYams,WavyWalnuts,7440051
2026-07-04T20:14:37.859338,2026-07-04T20:14:37.869252+00:00,133.4,200,ask,YieldingYams,WavyWalnuts,7440061
2026-07-04T20:14:41.497575,2026-07-04T20:14:41.508814+00:00,133.4,200,ask,AverageAlmonds,WavyWalnuts,7440113
2026-07-04T20:14:42.587716,2026-07-04T20:14:42.597752+00:00,133.5,500,bid,AverageAlmonds,YieldingYams,7440121
2026-07-04T20:14:42.711997,2026-07-04T20:14:42.719917+00:00,133.5,200,ask,YieldingYams,WavyWalnuts,7440127
2026-07-04T20:14:43.634707,2026-07-04T20:14:43.646528+00:00,133.6,20,ask,AverageAlmonds,BrilliantBurritos,7440133
2026-07-04T20:14:43.922526,2026-07-04T20:14:43.931195+00:00,133.6,200,ask,AverageAlmonds,WavyWalnuts,7440137
2026-07-04T20:14:44.397187,2026-07-04T20:14:44.404527+00:00,133.7,500,bid,AverageAlmonds,YieldingYams,7440145
2026-07-04T20:14:45.018954,2026-07-04T20:14:45.026042+00:00,133.7,125,bid,AverageAlmonds,YieldingYams,7440157
2026-07-04T20:14:45.134071,2026-07-04T20:14:45.142784+00:00,133.7,200,ask,AverageAlmonds,WavyWalnuts,7440159
2026-07-04T20:14:46.343011,2026-07-04T20:14:46.350512+00:00,133.7,200,ask,AverageAlmonds,WavyWalnuts,7440170
2026-07-04T20:14:47.646030,2026-07-04T20:14:47.658540+00:00,133.8,20,bid,BrilliantBurritos,WavyWalnuts,7440178
2026-07-04T20:14:48.574919,2026-07-04T20:14:48.586309+00:00,133.8,20,bid,BrilliantBurritos,WavyWalnuts,7440195
2026-07-04T20:14:49.910441,2026-07-04T20:14:49.922107+00:00,133.8,10,bid,Zihao Wu,WavyWalnuts,7440209
2026-07-04T20:14:51.686266,2026-07-04T20:14:51.697641+00:00,133.8,200,bid,AverageAlmonds,WavyWalnuts,7440236
2026-07-04T20:14:52.385902,2026-07-04T20:14:52.395990+00:00,133.8,200,ask,YieldingYams,WavyWalnuts,7440243
2026-07-04T20:14:53.593922,2026-07-04T20:14:53.601358+00:00,133.8,200,ask,YieldingYams,WavyWalnuts,7440263
2026-07-04T20:14:55.750685,2026-07-04T20:14:55.760256+00:00,133.9,200,bid,YieldingYams,WavyWalnuts,7440303
2026-07-04T20:14:56.007088,2026-07-04T20:14:56.014743+00:00,133.9,200,ask,YieldingYams,WavyWalnuts,7440307
2026-07-04T20:14:58.378201,2026-07-04T20:14:58.385195+00:00,134.1,200,bid,YieldingYams,WavyWalnuts,7440343
2026-07-04T20:14:58.421181,2026-07-04T20:14:58.432852+00:00,134.1,200,ask,YieldingYams,WavyWalnuts,7440346
2026-07-04T20:14:58.869239,2026-07-04T20:14:58.877496+00:00,134.4,20,bid,BrilliantBurritos,YieldingYams,7440354
2026-07-04T20:15:00.274189,2026-07-04T20:15:00.284269+00:00,134.1,20,ask,WavyWalnuts,BrilliantBurritos,7440378
2026-07-04T20:15:00.833856,2026-07-04T20:15:00.842263+00:00,134.2,200,bid,WavyWalnuts,YieldingYams,7440389
2026-07-04T20:15:02.318190,2026-07-04T20:15:02.328650+00:00,134.1,200,ask,WavyWalnuts,YieldingYams,7440410
2026-07-04T20:15:03.250008,2026-07-04T20:15:03.255648+00:00,134.0,200,bid,WavyWalnuts,YieldingYams,7440425
2026-07-04T20:15:04.803909,2026-07-04T20:15:04.808538+00:00,133.9,26,ask,YieldingYams,Xuanyu Liu,7440450
2026-07-04T20:15:04.958271,2026-07-04T20:15:04.961935+00:00,134.0,11,ask,YieldingYams,Xuanyu Liu,7440453
2026-07-04T20:15:06.253985,2026-07-04T20:15:06.285895+00:00,134.1,200,bid,YieldingYams,WavyWalnuts,7440472
2026-07-04T20:15:06.282340,2026-07-04T20:15:06.285895+00:00,134.1,12,ask,YieldingYams,Xuanyu Liu,7440476
2026-07-04T20:15:07.570478,2026-07-04T20:15:07.576923+00:00,134.1,200,ask,WavyWalnuts,YieldingYams,7440489
2026-07-04T20:15:09.307527,2026-07-04T20:15:09.316180+00:00,133.9,200,ask,AverageAlmonds,WavyWalnuts,7440519
2026-07-04T20:15:09.841198,2026-07-04T20:15:09.851677+00:00,134.0,500,bid,AverageAlmonds,YieldingYams,7440524
2026-07-04T20:15:10.514892,2026-07-04T20:15:10.522923+00:00,134.1,200,ask,AverageAlmonds,WavyWalnuts,7440537
2026-07-04T20:15:11.721770,2026-07-04T20:15:11.769365+00:00,134.1,200,ask,YieldingYams,WavyWalnuts,7440551
2026-07-04T20:15:11.881251,2026-07-04T20:15:11.958675+00:00,134.1,10,ask,YieldingYams,Zihao Wu,7440552
2026-07-04T20:15:12.905197,2026-07-04T20:15:12.911783+00:00,134.2,20,bid,BrilliantBurritos,YieldingYams,7440572
2026-07-04T20:15:12.928780,2026-07-04T20:15:12.940235+00:00,134.0,200,ask,YieldingYams,WavyWalnuts,7440573
2026-07-04T20:15:14.133890,2026-07-04T20:15:14.142297+00:00,134.1,500,ask,AverageAlmonds,YieldingYams,7440584
2026-07-04T20:15:14.155593,2026-07-04T20:15:14.159056+00:00,134.0,12,bid,Xuanyu Liu,YieldingYams,7440587
2026-07-04T20:15:14.653607,2026-07-04T20:15:14.658632+00:00,134.0,113,bid,AverageAlmonds,YieldingYams,7440596
2026-07-04T20:15:14.653607,2026-07-04T20:15:14.658632+00:00,134.1,200,bid,AverageAlmonds,WavyWalnuts,7440597
2026-07-04T20:15:15.447373,2026-07-04T20:15:15.453425+00:00,134.2,500,ask,AverageAlmonds,YieldingYams,7440623
2026-07-04T20:15:15.885557,2026-07-04T20:15:15.896512+00:00,134.2,125,bid,AverageAlmonds,YieldingYams,7440632
2026-07-04T20:15:16.564448,2026-07-04T20:15:16.574021+00:00,134.2,200,ask,AverageAlmonds,WavyWalnuts,7440643
2026-07-04T20:15:16.764807,2026-07-04T20:15:16.768406+00:00,134.4,23,ask,YieldingYams,Xuanyu Liu,7440652
2026-07-04T20:15:17.772477,2026-07-04T20:15:17.780053+00:00,134.4,200,ask,YieldingYams,WavyWalnuts,7440665
2026-07-04T20:15:18.995744,2026-07-04T20:15:18.999331+00:00,134.5,11,bid,Xuanyu Liu,WavyWalnuts,7440693
2026-07-04T20:15:19.386852,2026-07-04T20:15:19.394650+00:00,134.5,189,bid,YieldingYams,WavyWalnuts,7440705
2026-07-04T20:15:20.187102,2026-07-04T20:15:20.197821+00:00,134.5,200,ask,YieldingYams,WavyWalnuts,7440719
2026-07-04T20:15:20.706353,2026-07-04T20:15:20.716607+00:00,134.4,500,ask,AverageAlmonds,YieldingYams,7440725
2026-07-04T20:15:21.341847,2026-07-04T20:15:21.348657+00:00,134.4,125,bid,AverageAlmonds,YieldingYams,7440734
2026-07-04T20:15:23.780979,2026-07-04T20:15:23.784905+00:00,134.5,45,ask,YieldingYams,Xuanyu Liu,7440779
2026-07-04T20:15:23.810226,2026-07-04T20:15:23.817381+00:00,134.5,200,ask,YieldingYams,WavyWalnuts,7440780
2026-07-04T20:15:27.271568,2026-07-04T20:15:27.281361+00:00,134.6,200,bid,YieldingYams,WavyWalnuts,7440848
2026-07-04T20:15:27.429618,2026-07-04T20:15:27.437495+00:00,134.6,200,ask,YieldingYams,WavyWalnuts,7440849
2026-07-04T20:15:28.637668,2026-07-04T20:15:28.648419+00:00,134.6,200,ask,AverageAlmonds,WavyWalnuts,7440873
2026-07-04T20:15:30.050541,2026-07-04T20:15:30.053927+00:00,134.7,23,bid,Xuanyu Liu,WavyWalnuts,7440896
2026-07-04T20:15:30.404262,2026-07-04T20:15:30.413338+00:00,134.7,177,bid,AverageAlmonds,WavyWalnuts,7440903
2026-07-04T20:15:30.404262,2026-07-04T20:15:30.413338+00:00,134.8,323,bid,AverageAlmonds,YieldingYams,7440904
2026-07-04T20:15:31.002037,2026-07-04T20:15:31.010655+00:00,134.8,302,bid,AverageAlmonds,YieldingYams,7440914
2026-07-04T20:15:31.051708,2026-07-04T20:15:31.060010+00:00,134.8,198,ask,AverageAlmonds,WavyWalnuts,7440915
2026-07-04T20:15:31.204186,2026-07-04T20:15:31.212758+00:00,134.7,2,bid,YieldingYams,WavyWalnuts,7440921
2026-07-04T20:15:31.223347,2026-07-04T20:15:31.227558+00:00,135.0,9,ask,YieldingYams,Xuanyu Liu,7440923
2026-07-04T20:15:32.263167,2026-07-04T20:15:32.274300+00:00,135.0,200,ask,YieldingYams,WavyWalnuts,7440932
2026-07-04T20:15:34.043059,2026-07-04T20:15:34.051167+00:00,135.0,200,bid,AverageAlmonds,WavyWalnuts,7440955
2026-07-04T20:15:35.253662,2026-07-04T20:15:35.257868+00:00,135.2,200,bid,AverageAlmonds,WavyWalnuts,7440961
2026-07-04T20:15:35.253662,2026-07-04T20:15:35.257868+00:00,135.2,300,bid,AverageAlmonds,YieldingYams,7440962
2026-07-04T20:15:35.888946,2026-07-04T20:15:35.897361+00:00,135.1,200,ask,AverageAlmonds,WavyWalnuts,7440978
2026-07-04T20:15:36.148779,2026-07-04T20:15:36.158622+00:00,135.2,20,bid,BrilliantBurritos,YieldingYams,7440980
2026-07-04T20:15:37.086179,2026-07-04T20:15:37.089805+00:00,135.4,9,bid,Xuanyu Liu,YieldingYams,7440992
2026-07-04T20:15:37.097754,2026-07-04T20:15:37.105568+00:00,135.2,200,ask,YieldingYams,WavyWalnuts,7440994
2026-07-04T20:15:37.112514,2026-07-04T20:15:37.124093+00:00,135.4,10,bid,Zihao Wu,YieldingYams,7440995
2026-07-04T20:15:37.689505,2026-07-04T20:15:37.700925+00:00,135.4,20,bid,BrilliantBurritos,YieldingYams,7441006
2026-07-04T20:15:38.326098,2026-07-04T20:15:38.329541+00:00,135.3,11,bid,Xuanyu Liu,WavyWalnuts,7441018
2026-07-04T20:15:38.817386,2026-07-04T20:15:38.826995+00:00,135.1,20,ask,YieldingYams,BrilliantBurritos,7441030
2026-07-04T20:15:39.540337,2026-07-04T20:15:39.544073+00:00,135.2,11,bid,Xuanyu Liu,WavyWalnuts,7441044
2026-07-04T20:15:40.100435,2026-07-04T20:15:40.111116+00:00,135.2,189,bid,AverageAlmonds,WavyWalnuts,7441052
2026-07-04T20:15:40.731051,2026-07-04T20:15:40.740347+00:00,135.3,200,ask,YieldingYams,WavyWalnuts,7441064
2026-07-04T20:15:43.015033,2026-07-04T20:15:43.022847+00:00,135.4,200,bid,YieldingYams,WavyWalnuts,7441099
2026-07-04T20:15:44.134323,2026-07-04T20:15:44.142665+00:00,135.5,20,ask,WavyWalnuts,BrilliantBurritos,7441121
2026-07-04T20:15:45.685535,2026-07-04T20:15:45.697300+00:00,135.4,20,ask,WavyWalnuts,BrilliantBurritos,7441139
2026-07-04T20:15:45.864626,2026-07-04T20:15:45.868221+00:00,135.6,12,bid,Xuanyu Liu,WavyWalnuts,7441142
2026-07-04T20:15:46.962334,2026-07-04T20:15:46.969600+00:00,135.5,200,ask,WavyWalnuts,YieldingYams,7441166
2026-07-04T20:15:46.982279,2026-07-04T20:15:46.985930+00:00,135.5,11,bid,Xuanyu Liu,YieldingYams,7441168
2026-07-04T20:15:47.649105,2026-07-04T20:15:47.664000+00:00,135.5,20,bid,BrilliantBurritos,YieldingYams,7441182
2026-07-04T20:15:47.990412,2026-07-04T20:15:48.000619+00:00,135.5,200,bid,WavyWalnuts,YieldingYams,7441191
2026-07-04T20:15:50.040511,2026-07-04T20:15:50.052147+00:00,135.7,20,bid,BrilliantBurritos,WavyWalnuts,7441230
2026-07-04T20:15:50.422282,2026-07-04T20:15:50.432324+00:00,135.6,200,ask,YieldingYams,WavyWalnuts,7441237
2026-07-04T20:15:51.634016,2026-07-04T20:15:51.645694+00:00,135.6,200,bid,WavyWalnuts,YieldingYams,7441250
2026-07-04T20:15:52.253220,2026-07-04T20:15:52.258655+00:00,135.7,20,bid,BrilliantBurritos,YieldingYams,7441263
2026-07-04T20:15:52.858475,2026-07-04T20:15:52.866264+00:00,135.5,200,ask,YieldingYams,WavyWalnuts,7441269
2026-07-04T20:15:57.980197,2026-07-04T20:15:57.992063+00:00,135.5,20,ask,YieldingYams,BrilliantBurritos,7441356
2026-07-04T20:16:02.527276,2026-07-04T20:16:02.536825+00:00,135.6,200,ask,YieldingYams,WavyWalnuts,7441418
2026-07-04T20:16:07.360058,2026-07-04T20:16:07.367197+00:00,135.6,200,ask,YieldingYams,WavyWalnuts,7441498
2026-07-04T20:16:08.580664,2026-07-04T20:16:08.584197+00:00,135.7,12,bid,Xuanyu Liu,WavyWalnuts,7441515
2026-07-04T20:16:09.295462,2026-07-04T20:16:09.298864+00:00,135.6,11,bid,Xuanyu Liu,YieldingYams,7441527
2026-07-04T20:16:10.588385,2026-07-04T20:16:10.606340+00:00,135.5,200,ask,WavyWalnuts,YieldingYams,7441548
2026-07-04T20:16:10.603128,2026-07-04T20:16:10.606340+00:00,135.5,3,bid,Xuanyu Liu,YieldingYams,7441550
2026-07-04T20:16:13.413683,2026-07-04T20:16:13.420353+00:00,135.5,200,bid,WavyWalnuts,YieldingYams,7441586
2026-07-04T20:16:14.406949,2026-07-04T20:16:14.410717+00:00,135.3,26,ask,AverageAlmonds,Xuanyu Liu,7441601
2026-07-04T20:16:14.621675,2026-07-04T20:16:14.632546+00:00,135.5,200,bid,WavyWalnuts,YieldingYams,7441606
2026-07-04T20:16:15.011620,2026-07-04T20:16:15.019098+00:00,135.3,10,ask,YieldingYams,Zihao Wu,7441616
2026-07-04T20:16:15.887376,2026-07-04T20:16:15.890933+00:00,135.4,11,ask,WavyWalnuts,Xuanyu Liu,7441641
2026-07-04T20:16:17.192099,2026-07-04T20:16:17.195756+00:00,135.5,12,ask,YieldingYams,Xuanyu Liu,7441658
2026-07-04T20:16:17.480570,2026-07-04T20:16:17.492409+00:00,135.7,20,bid,BrilliantBurritos,WavyWalnuts,7441661
2026-07-04T20:16:18.491794,2026-07-04T20:16:18.500189+00:00,135.5,500,ask,AverageAlmonds,YieldingYams,7441675
2026-07-04T20:16:18.491794,2026-07-04T20:16:18.505183+00:00,135.5,125,ask,WavyWalnuts,YieldingYams,7441676
2026-07-04T20:16:20.700953,2026-07-04T20:16:20.709317+00:00,135.7,200,ask,YieldingYams,WavyWalnuts,7441704
2026-07-04T20:16:21.113858,2026-07-04T20:16:21.122922+00:00,135.7,500,ask,AverageAlmonds,YieldingYams,7441709
2026-07-04T20:16:21.240951,2026-07-04T20:16:21.250984+00:00,135.7,125,bid,AverageAlmonds,YieldingYams,7441710
2026-07-04T20:16:21.912377,2026-07-04T20:16:21.922191+00:00,135.8,200,ask,AverageAlmonds,WavyWalnuts,7441718
2026-07-04T20:16:23.120878,2026-07-04T20:16:23.128821+00:00,135.9,200,ask,AverageAlmonds,WavyWalnuts,7441739
2026-07-04T20:16:24.328707,2026-07-04T20:16:24.336027+00:00,136.0,200,bid,WavyWalnuts,YieldingYams,7441763
2026-07-04T20:16:26.375341,2026-07-04T20:16:26.379344+00:00,135.9,12,bid,Xuanyu Liu,YieldingYams,7441792
2026-07-04T20:16:26.694993,2026-07-04T20:16:26.706597+00:00,135.9,500,bid,AverageAlmonds,YieldingYams,7441795
2026-07-04T20:16:27.290782,2026-07-04T20:16:27.300158+00:00,135.9,113,bid,AverageAlmonds,YieldingYams,7441805
2026-07-04T20:16:27.665537,2026-07-04T20:16:27.673959+00:00,136.0,200,bid,YieldingYams,WavyWalnuts,7441810
2026-07-04T20:16:27.957093,2026-07-04T20:16:27.968898+00:00,136.0,200,ask,YieldingYams,WavyWalnuts,7441813
2026-07-04T20:16:28.786088,2026-07-04T20:16:28.793071+00:00,136.0,20,ask,YieldingYams,BrilliantBurritos,7441835
2026-07-04T20:16:30.169518,2026-07-04T20:16:30.173041+00:00,136.0,11,bid,Xuanyu Liu,WavyWalnuts,7441858
2026-07-04T20:16:31.610668,2026-07-04T20:16:31.620345+00:00,135.8,20,ask,WavyWalnuts,BrilliantBurritos,7441878
2026-07-04T20:16:32.819759,2026-07-04T20:16:32.823793+00:00,135.9,12,bid,Xuanyu Liu,WavyWalnuts,7441902
2026-07-04T20:16:32.916472,2026-07-04T20:16:32.927010+00:00,135.9,188,bid,YieldingYams,WavyWalnuts,7441904
2026-07-04T20:16:34.008360,2026-07-04T20:16:34.016662+00:00,135.9,200,ask,YieldingYams,WavyWalnuts,7441916
2026-07-04T20:16:34.861293,2026-07-04T20:16:34.873193+00:00,135.9,20,bid,BrilliantBurritos,YieldingYams,7441928
2026-07-04T20:16:35.036249,2026-07-04T20:16:35.046645+00:00,135.9,10,bid,Zihao Wu,YieldingYams,7441930
2026-07-04T20:16:39.706510,2026-07-04T20:16:39.710085+00:00,136.1,14,bid,Xuanyu Liu,AverageAlmonds,7442006
2026-07-04T20:16:40.075504,2026-07-04T20:16:40.079495+00:00,136.0,3,bid,Xuanyu Liu,AverageAlmonds,7442011
2026-07-04T20:16:41.898621,2026-07-04T20:16:41.910243+00:00,135.9,20,ask,WavyWalnuts,BrilliantBurritos,7442038
2026-07-04T20:16:47.353757,2026-07-04T20:16:47.363852+00:00,136.0,500,bid,YieldingYams,AverageAlmonds,7442110
2026-07-04T20:16:47.900908,2026-07-04T20:16:47.907972+00:00,136.0,125,ask,YieldingYams,AverageAlmonds,7442119
2026-07-04T20:16:48.549346,2026-07-04T20:16:48.558600+00:00,136.0,200,bid,WavyWalnuts,AverageAlmonds,7442129
2026-07-04T20:16:48.794402,2026-07-04T20:16:48.806703+00:00,135.6,20,ask,YieldingYams,BrilliantBurritos,7442130
2026-07-04T20:16:49.761212,2026-07-04T20:16:49.769219+00:00,135.8,200,bid,WavyWalnuts,YieldingYams,7442142
2026-07-04T20:16:50.970193,2026-07-04T20:16:50.979426+00:00,135.9,200,bid,WavyWalnuts,YieldingYams,7442165
2026-07-04T20:16:55.813481,2026-07-04T20:16:55.822747+00:00,135.8,200,bid,WavyWalnuts,YieldingYams,7442220
2026-07-04T20:16:57.852389,2026-07-04T20:16:57.860281+00:00,135.7,200,ask,WavyWalnuts,YieldingYams,7442249
2026-07-04T20:16:57.915901,2026-07-04T20:16:57.924948+00:00,135.7,20,bid,BrilliantBurritos,YieldingYams,7442250
2026-07-04T20:17:03.022306,2026-07-04T20:17:03.030321+00:00,135.8,500,bid,AverageAlmonds,YieldingYams,7442318
2026-07-04T20:17:03.117416,2026-07-04T20:17:03.121134+00:00,135.9,3,ask,YieldingYams,Xuanyu Liu,7442321
2026-07-04T20:17:07.397030,2026-07-04T20:17:07.405050+00:00,135.9,20,bid,BrilliantBurritos,YieldingYams,7442389
2026-07-04T20:17:08.480303,2026-07-04T20:17:08.491343+00:00,135.9,200,bid,AverageAlmonds,WavyWalnuts,7442412
2026-07-04T20:17:08.480303,2026-07-04T20:17:08.491343+00:00,136.0,300,bid,AverageAlmonds,YieldingYams,7442413
2026-07-04T20:17:09.076850,2026-07-04T20:17:09.084608+00:00,136.0,325,bid,AverageAlmonds,YieldingYams,7442425
2026-07-04T20:17:09.123347,2026-07-04T20:17:09.131820+00:00,136.0,175,ask,AverageAlmonds,WavyWalnuts,7442428
2026-07-04T20:17:09.650630,2026-07-04T20:17:09.653468+00:00,135.9,25,bid,YieldingYams,WavyWalnuts,7442435
2026-07-04T20:17:11.422591,2026-07-04T20:17:11.429363+00:00,136.0,20,ask,AverageAlmonds,BrilliantBurritos,7442470
2026-07-04T20:17:13.582788,2026-07-04T20:17:13.592429+00:00,136.1,500,ask,AverageAlmonds,YieldingYams,7442505
2026-07-04T20:17:13.922203,2026-07-04T20:17:13.929582+00:00,136.1,125,bid,AverageAlmonds,YieldingYams,7442507
2026-07-04T20:17:14.890552,2026-07-04T20:17:14.901708+00:00,136.2,200,bid,YieldingYams,WavyWalnuts,7442523
2026-07-04T20:17:15.183989,2026-07-04T20:17:15.194608+00:00,136.3,200,ask,YieldingYams,WavyWalnuts,7442529
2026-07-04T20:17:17.025004,2026-07-04T20:17:17.032247+00:00,136.2,20,ask,YieldingYams,BrilliantBurritos,7442566
2026-07-04T20:17:18.841425,2026-07-04T20:17:18.858612+00:00,136.1,200,bid,YieldingYams,WavyWalnuts,7442585
2026-07-04T20:17:20.037942,2026-07-04T20:17:20.048924+00:00,136.1,200,ask,YieldingYams,WavyWalnuts,7442605
2026-07-04T20:17:20.625558,2026-07-04T20:17:20.635296+00:00,135.8,20,ask,WavyWalnuts,BrilliantBurritos,7442614
2026-07-04T20:17:23.637061,2026-07-04T20:17:23.647231+00:00,135.9,500,bid,AverageAlmonds,YieldingYams,7442666
2026-07-04T20:17:26.415730,2026-07-04T20:17:26.427678+00:00,136.0,20,ask,YieldingYams,BrilliantBurritos,7442717
2026-07-04T20:17:28.039982,2026-07-04T20:17:28.059558+00:00,136.1,200,bid,YieldingYams,WavyWalnuts,7442736
2026-07-04T20:17:28.056036,2026-07-04T20:17:28.059558+00:00,136.1,3,ask,YieldingYams,Xuanyu Liu,7442738
2026-07-04T20:17:28.509617,2026-07-04T20:17:28.516335+00:00,136.1,200,ask,YieldingYams,WavyWalnuts,7442743
2026-07-04T20:17:29.715958,2026-07-04T20:17:29.727167+00:00,136.0,200,ask,YieldingYams,WavyWalnuts,7442762
2026-07-04T20:17:30.308726,2026-07-04T20:17:30.319805+00:00,136.1,10,ask,AverageAlmonds,Zihao Wu,7442768
2026-07-04T20:17:30.665979,2026-07-04T20:17:30.674267+00:00,136.1,490,ask,AverageAlmonds,YieldingYams,7442776
2026-07-04T20:17:30.885836,2026-07-04T20:17:30.895961+00:00,136.0,135,bid,AverageAlmonds,YieldingYams,7442778
2026-07-04T20:17:30.908431,2026-07-04T20:17:30.911632+00:00,136.2,11,ask,AverageAlmonds,Xuanyu Liu,7442780
2026-07-04T20:17:30.925976,2026-07-04T20:17:30.937490+00:00,136.2,200,ask,AverageAlmonds,WavyWalnuts,7442781
2026-07-04T20:17:32.132333,2026-07-04T20:17:32.143415+00:00,136.2,200,ask,AverageAlmonds,WavyWalnuts,7442802
2026-07-04T20:17:33.339852,2026-07-04T20:17:33.343701+00:00,136.3,8,ask,YieldingYams,Xuanyu Liu,7442818
2026-07-04T20:17:35.789503,2026-07-04T20:17:35.792699+00:00,136.3,8,bid,Xuanyu Liu,WavyWalnuts,7442858
2026-07-04T20:17:36.987614,2026-07-04T20:17:36.994912+00:00,136.1,200,ask,YieldingYams,WavyWalnuts,7442869
2026-07-04T20:17:39.001496,2026-07-04T20:17:39.013040+00:00,136.1,20,ask,YieldingYams,BrilliantBurritos,7442895
2026-07-04T20:17:43.049719,2026-07-04T20:17:43.059596+00:00,136.2,200,ask,YieldingYams,WavyWalnuts,7442951
2026-07-04T20:17:44.259878,2026-07-04T20:17:44.269019+00:00,136.2,200,ask,YieldingYams,WavyWalnuts,7442972
2026-07-04T20:17:45.111842,2026-07-04T20:17:45.121301+00:00,136.2,500,ask,AverageAlmonds,YieldingYams,7442984
2026-07-04T20:17:45.127329,2026-07-04T20:17:45.131005+00:00,136.1,8,bid,Xuanyu Liu,YieldingYams,7442986
2026-07-04T20:17:45.404485,2026-07-04T20:17:45.412956+00:00,136.1,117,bid,AverageAlmonds,YieldingYams,7442989
2026-07-04T20:17:46.419280,2026-07-04T20:17:46.430755+00:00,136.3,200,bid,YieldingYams,WavyWalnuts,7443008
2026-07-04T20:17:47.731885,2026-07-04T20:17:47.742401+00:00,136.3,200,ask,WavyWalnuts,YieldingYams,7443025
2026-07-04T20:17:47.880001,2026-07-04T20:17:47.891411+00:00,136.3,200,bid,WavyWalnuts,YieldingYams,7443027
2026-07-04T20:17:50.335862,2026-07-04T20:17:50.345139+00:00,136.4,10,bid,Zihao Wu,WavyWalnuts,7443062
2026-07-04T20:17:51.514225,2026-07-04T20:17:51.523719+00:00,136.3,200,ask,YieldingYams,WavyWalnuts,7443078
2026-07-04T20:17:51.952285,2026-07-04T20:17:51.954005+00:00,136.4,20,bid,BrilliantBurritos,YieldingYams,7443087
2026-07-04T20:17:53.327732,2026-07-04T20:17:53.335278+00:00,136.3,20,bid,BrilliantBurritos,WavyWalnuts,7443108
2026-07-04T20:17:58.619044,2026-07-04T20:17:58.630860+00:00,136.4,20,bid,BrilliantBurritos,WavyWalnuts,7443200
2026-07-04T20:18:00.874029,2026-07-04T20:18:00.881458+00:00,136.2,200,bid,YieldingYams,WavyWalnuts,7443231
2026-07-04T20:18:01.215128,2026-07-04T20:18:01.225064+00:00,136.2,200,ask,YieldingYams,WavyWalnuts,7443234
2026-07-04T20:18:06.264205,2026-07-04T20:18:06.276180+00:00,136.3,20,bid,BrilliantBurritos,WavyWalnuts,7443305
2026-07-04T20:18:07.414527,2026-07-04T20:18:07.425240+00:00,136.2,200,bid,YieldingYams,WavyWalnuts,7443322
2026-07-04T20:18:08.491923,2026-07-04T20:18:08.499006+00:00,136.3,200,ask,YieldingYams,WavyWalnuts,7443338
2026-07-04T20:18:10.859760,2026-07-04T20:18:10.868089+00:00,136.4,20,bid,BrilliantBurritos,WavyWalnuts,7443371
2026-07-04T20:18:10.917093,2026-07-04T20:18:10.927576+00:00,136.4,200,bid,WavyWalnuts,YieldingYams,7443373
2026-07-04T20:18:13.351890,2026-07-04T20:18:13.359894+00:00,136.3,200,bid,WavyWalnuts,YieldingYams,7443409
2026-07-04T20:18:14.603040,2026-07-04T20:18:14.606607+00:00,136.2,20,ask,YieldingYams,Xuanyu Liu,7443430
2026-07-04T20:18:21.851236,2026-07-04T20:18:21.854826+00:00,136.1,12,bid,Xuanyu Liu,WavyWalnuts,7443532
2026-07-04T20:18:23.063813,2026-07-04T20:18:23.067123+00:00,136.0,11,bid,Xuanyu Liu,WavyWalnuts,7443549
2026-07-04T20:18:23.129774,2026-07-04T20:18:23.139328+00:00,136.0,189,bid,YieldingYams,WavyWalnuts,7443551
2026-07-04T20:18:23.487517,2026-07-04T20:18:23.489660+00:00,136.2,20,bid,BrilliantBurritos,YieldingYams,7443553
2026-07-04T20:18:24.260175,2026-07-04T20:18:24.268973+00:00,136.0,200,ask,YieldingYams,WavyWalnuts,7443563
2026-07-04T20:18:25.755254,2026-07-04T20:18:25.768222+00:00,135.8,500,ask,AverageAlmonds,YieldingYams,7443587
2026-07-04T20:18:25.764868,2026-07-04T20:18:25.768222+00:00,135.8,3,bid,Xuanyu Liu,YieldingYams,7443589
2026-07-04T20:18:26.007089,2026-07-04T20:18:26.014608+00:00,135.8,122,bid,AverageAlmonds,YieldingYams,7443595
2026-07-04T20:18:26.135292,2026-07-04T20:18:26.147078+00:00,135.9,20,ask,AverageAlmonds,BrilliantBurritos,7443597
2026-07-04T20:18:27.062222,2026-07-04T20:18:27.070387+00:00,136.0,200,bid,YieldingYams,WavyWalnuts,7443606
2026-07-04T20:18:27.886374,2026-07-04T20:18:27.896013+00:00,136.0,200,ask,YieldingYams,WavyWalnuts,7443619
2026-07-04T20:18:29.092888,2026-07-04T20:18:29.101371+00:00,135.9,200,bid,WavyWalnuts,YieldingYams,7443634
2026-07-04T20:18:30.856091,2026-07-04T20:18:30.864014+00:00,135.9,500,bid,AverageAlmonds,YieldingYams,7443659
2026-07-04T20:18:31.107441,2026-07-04T20:18:31.118609+00:00,136.1,20,bid,BrilliantBurritos,WavyWalnuts,7443661
2026-07-04T20:18:31.512843,2026-07-04T20:18:31.521271+00:00,136.0,200,ask,YieldingYams,WavyWalnuts,7443665
2026-07-04T20:18:32.661075,2026-07-04T20:18:32.669878+00:00,136.0,500,bid,AverageAlmonds,YieldingYams,7443677
2026-07-04T20:18:32.719816,2026-07-04T20:18:32.729981+00:00,136.0,125,bid,WavyWalnuts,YieldingYams,7443679
2026-07-04T20:18:33.935571,2026-07-04T20:18:33.947210+00:00,136.1,200,ask,AverageAlmonds,WavyWalnuts,7443695
2026-07-04T20:18:34.921770,2026-07-04T20:18:34.932772+00:00,136.1,33,ask,AverageAlmonds,Zihao Wu,7443715
2026-07-04T20:18:35.788548,2026-07-04T20:18:35.796903+00:00,136.2,20,bid,BrilliantBurritos,WavyWalnuts,7443728
2026-07-04T20:18:36.228864,2026-07-04T20:18:36.239043+00:00,136.1,500,ask,AverageAlmonds,YieldingYams,7443740
2026-07-04T20:18:36.298195,2026-07-04T20:18:36.305025+00:00,136.1,125,bid,AverageAlmonds,YieldingYams,7443741
2026-07-04T20:18:37.506354,2026-07-04T20:18:37.515465+00:00,136.2,200,bid,AverageAlmonds,WavyWalnuts,7443759
2026-07-04T20:18:37.557354,2026-07-04T20:18:37.569057+00:00,136.3,200,ask,YieldingYams,WavyWalnuts,7443762
2026-07-04T20:18:37.886866,2026-07-04T20:18:37.895775+00:00,136.5,20,bid,BrilliantBurritos,YieldingYams,7443768
2026-07-04T20:18:38.765327,2026-07-04T20:18:38.773588+00:00,136.3,200,ask,YieldingYams,WavyWalnuts,7443795
2026-07-04T20:18:38.850083,2026-07-04T20:18:38.857011+00:00,136.1,500,ask,AverageAlmonds,YieldingYams,7443799
2026-07-04T20:18:39.309132,2026-07-04T20:18:39.318255+00:00,136.1,125,bid,AverageAlmonds,YieldingYams,7443803
2026-07-04T20:18:41.195803,2026-07-04T20:18:41.205427+00:00,136.4,200,bid,WavyWalnuts,YieldingYams,7443830
2026-07-04T20:18:43.614569,2026-07-04T20:18:43.625704+00:00,136.5,200,bid,WavyWalnuts,YieldingYams,7443866
2026-07-04T20:18:45.388312,2026-07-04T20:18:45.396776+00:00,136.4,20,ask,YieldingYams,BrilliantBurritos,7443885
2026-07-04T20:18:48.450899,2026-07-04T20:18:48.464325+00:00,136.5,200,bid,WavyWalnuts,YieldingYams,7443921
2026-07-04T20:18:50.653157,2026-07-04T20:18:50.658629+00:00,136.3,200,ask,WavyWalnuts,YieldingYams,7443944
2026-07-04T20:18:53.302016,2026-07-04T20:18:53.313159+00:00,136.2,200,bid,WavyWalnuts,YieldingYams,7443983
2026-07-04T20:18:54.514133,2026-07-04T20:18:54.524940+00:00,136.2,200,bid,WavyWalnuts,YieldingYams,7443999
2026-07-04T20:18:54.612733,2026-07-04T20:18:54.616479+00:00,136.2,3,ask,YieldingYams,Xuanyu Liu,7444001
2026-07-04T20:18:55.074285,2026-07-04T20:18:55.082003+00:00,136.4,33,bid,Zihao Wu,YieldingYams,7444007
2026-07-04T20:18:55.722024,2026-07-04T20:18:55.732402+00:00,136.4,200,bid,WavyWalnuts,YieldingYams,7444028
2026-07-04T20:18:58.137374,2026-07-04T20:18:58.146386+00:00,136.4,200,ask,YieldingYams,WavyWalnuts,7444056
2026-07-04T20:19:00.093321,2026-07-04T20:19:00.105163+00:00,136.4,20,bid,BrilliantBurritos,WavyWalnuts,7444078
2026-07-04T20:19:02.732822,2026-07-04T20:19:02.736820+00:00,136.4,3,bid,Xuanyu Liu,WavyWalnuts,7444124
2026-07-04T20:19:05.102591,2026-07-04T20:19:05.112935+00:00,136.3,200,bid,YieldingYams,WavyWalnuts,7444160
2026-07-04T20:19:05.420715,2026-07-04T20:19:05.427600+00:00,136.3,200,ask,YieldingYams,WavyWalnuts,7444162
2026-07-04T20:19:07.729596,2026-07-04T20:19:07.739251+00:00,136.3,200,bid,YieldingYams,WavyWalnuts,7444190
2026-07-04T20:19:10.353628,2026-07-04T20:19:10.358627+00:00,136.4,200,bid,YieldingYams,WavyWalnuts,7444223
2026-07-04T20:19:12.697572,2026-07-04T20:19:12.705581+00:00,136.5,200,bid,WavyWalnuts,YieldingYams,7444251
2026-07-04T20:19:13.909918,2026-07-04T20:19:13.920201+00:00,136.5,200,ask,YieldingYams,WavyWalnuts,7444270
2026-07-04T20:19:14.451917,2026-07-04T20:19:14.458616+00:00,136.3,20,ask,YieldingYams,BrilliantBurritos,7444280
2026-07-04T20:19:15.643569,2026-07-04T20:19:15.650739+00:00,136.4,500,ask,YieldingYams,AverageAlmonds,7444292
2026-07-04T20:19:17.535555,2026-07-04T20:19:17.543314+00:00,136.4,200,bid,WavyWalnuts,YieldingYams,7444324
2026-07-04T20:19:18.744751,2026-07-04T20:19:18.754051+00:00,136.4,200,bid,WavyWalnuts,AverageAlmonds,7444341
2026-07-04T20:19:20.488728,2026-07-04T20:19:20.498149+00:00,136.4,200,ask,WavyWalnuts,AverageAlmonds,7444358
2026-07-04T20:19:22.897033,2026-07-04T20:19:22.904036+00:00,136.3,200,ask,WavyWalnuts,AverageAlmonds,7444391
2026-07-04T20:19:24.823036,2026-07-04T20:19:24.833116+00:00,136.2,200,ask,YieldingYams,WavyWalnuts,7444414
2026-07-04T20:19:26.385645,2026-07-04T20:19:26.393054+00:00,136.1,20,ask,WavyWalnuts,BrilliantBurritos,7444438
2026-07-04T20:19:32.086244,2026-07-04T20:19:32.093858+00:00,136.2,200,bid,WavyWalnuts,YieldingYams,7444529
2026-07-04T20:19:32.240284,2026-07-04T20:19:32.252030+00:00,136.2,20,bid,BrilliantBurritos,YieldingYams,7444533
2026-07-04T20:19:34.412321,2026-07-04T20:19:34.423644+00:00,136.2,500,ask,YieldingYams,AverageAlmonds,7444564
2026-07-04T20:19:35.006513,2026-07-04T20:19:35.015264+00:00,136.2,125,ask,YieldingYams,AverageAlmonds,7444574
2026-07-04T20:19:35.006513,2026-07-04T20:19:35.015264+00:00,136.2,200,ask,WavyWalnuts,AverageAlmonds,7444575
2026-07-04T20:19:35.031000,2026-07-04T20:19:35.034939+00:00,136.2,3,bid,Xuanyu Liu,AverageAlmonds,7444577
2026-07-04T20:19:35.291510,2026-07-04T20:19:35.295600+00:00,135.9,34,bid,Xuanyu Liu,YieldingYams,7444583
2026-07-04T20:19:35.705432,2026-07-04T20:19:35.713379+00:00,135.9,200,bid,WavyWalnuts,YieldingYams,7444588
2026-07-04T20:19:35.746248,2026-07-04T20:19:35.758556+00:00,135.7,20,ask,YieldingYams,BrilliantBurritos,7444589
2026-07-04T20:19:39.343601,2026-07-04T20:19:39.352731+00:00,136.1,200,bid,WavyWalnuts,AverageAlmonds,7444619
2026-07-04T20:19:39.863359,2026-07-04T20:19:39.870721+00:00,136.0,500,ask,YieldingYams,AverageAlmonds,7444629
2026-07-04T20:19:40.459424,2026-07-04T20:19:40.469552+00:00,136.0,125,ask,YieldingYams,AverageAlmonds,7444641
2026-07-04T20:19:40.550575,2026-07-04T20:19:40.557063+00:00,135.9,200,bid,WavyWalnuts,AverageAlmonds,7444644
2026-07-04T20:19:41.757396,2026-07-04T20:19:41.768841+00:00,135.9,200,bid,WavyWalnuts,AverageAlmonds,7444660
2026-07-04T20:19:43.126005,2026-07-04T20:19:43.129698+00:00,135.8,11,ask,YieldingYams,Xuanyu Liu,7444683
2026-07-04T20:19:43.137635,2026-07-04T20:19:43.145340+00:00,135.9,500,bid,YieldingYams,AverageAlmonds,7444684
2026-07-04T20:19:43.156021,2026-07-04T20:19:43.159695+00:00,135.9,12,ask,YieldingYams,Xuanyu Liu,7444686
2026-07-04T20:19:43.500370,2026-07-04T20:19:43.511113+00:00,135.9,113,ask,YieldingYams,AverageAlmonds,7444691
2026-07-04T20:19:44.112364,2026-07-04T20:19:44.120188+00:00,135.8,200,ask,WavyWalnuts,AverageAlmonds,7444703
2026-07-04T20:19:44.168523,2026-07-04T20:19:44.175138+00:00,135.8,200,bid,WavyWalnuts,AverageAlmonds,7444707
2026-07-04T20:19:44.412843,2026-07-04T20:19:44.424526+00:00,135.8,20,bid,BrilliantBurritos,AverageAlmonds,7444714
2026-07-04T20:19:45.376161,2026-07-04T20:19:45.385604+00:00,135.6,200,bid,WavyWalnuts,YieldingYams,7444739
