timestamp,recv_time,price,volume,aggressor_side,buyer,seller,trade_id
2026-07-04T19:00:00.361661,2026-07-04T19:00:00.314534+00:00,136.0,200,ask,YieldingYams,WavyWalnuts,7371805
2026-07-04T19:00:01.028616,2026-07-04T19:00:01.040547+00:00,136.2,20,bid,BrilliantBurritos,YieldingYams,7371816
2026-07-04T19:00:01.566960,2026-07-04T19:00:01.577362+00:00,136.0,200,bid,YieldingYams,WavyWalnuts,7371827
2026-07-04T19:00:02.776815,2026-07-04T19:00:02.786081+00:00,136.1,200,bid,WavyWalnuts,YieldingYams,7371843
2026-07-04T19:00:12.965266,2026-07-04T19:00:12.976102+00:00,136.1,200,ask,WavyWalnuts,YieldingYams,7371972
2026-07-04T19:00:12.982082,2026-07-04T19:00:12.986112+00:00,136.0,11,bid,Xuanyu Liu,YieldingYams,7371974
2026-07-04T19:00:20.959592,2026-07-04T19:00:20.969377+00:00,136.3,200,bid,WavyWalnuts,YieldingYams,7372082
2026-07-04T19:00:21.195791,2026-07-04T19:00:21.199317+00:00,136.3,12,bid,Xuanyu Liu,YieldingYams,7372084
2026-07-04T19:00:21.491787,2026-07-04T19:00:21.499523+00:00,136.3,413,bid,AverageAlmonds,YieldingYams,7372085
2026-07-04T19:00:24.772580,2026-07-04T19:00:24.776154+00:00,136.3,11,bid,Xuanyu Liu,YieldingYams,7372132
2026-07-04T19:00:25.131619,2026-07-04T19:00:25.139463+00:00,136.3,500,bid,AverageAlmonds,YieldingYams,7372139
2026-07-04T19:00:25.564911,2026-07-04T19:00:25.568805+00:00,136.3,11,bid,Xuanyu Liu,YieldingYams,7372150
2026-07-04T19:00:25.727863,2026-07-04T19:00:25.738426+00:00,136.3,103,bid,AverageAlmonds,YieldingYams,7372153
2026-07-04T19:00:31.316623,2026-07-04T19:00:31.324810+00:00,136.3,200,bid,YieldingYams,WavyWalnuts,7372221
2026-07-04T19:00:32.644586,2026-07-04T19:00:32.648086+00:00,136.4,12,bid,Xuanyu Liu,YieldingYams,7372240
2026-07-04T19:00:33.465772,2026-07-04T19:00:33.477685+00:00,136.4,20,bid,BrilliantBurritos,YieldingYams,7372247
2026-07-04T19:00:33.940435,2026-07-04T19:00:33.951011+00:00,136.3,200,ask,WavyWalnuts,YieldingYams,7372252
2026-07-04T19:00:33.956438,2026-07-04T19:00:33.959999+00:00,136.2,23,bid,Xuanyu Liu,YieldingYams,7372255
2026-07-04T19:00:34.260264,2026-07-04T19:00:34.270136+00:00,136.2,200,bid,WavyWalnuts,YieldingYams,7372259
2026-07-04T19:00:35.467166,2026-07-04T19:00:35.475162+00:00,136.3,200,bid,WavyWalnuts,YieldingYams,7372267
2026-07-04T19:00:38.463424,2026-07-04T19:00:38.474872+00:00,136.4,20,ask,WavyWalnuts,BrilliantBurritos,7372313
2026-07-04T19:00:42.694371,2026-07-04T19:00:42.705867+00:00,136.6,500,ask,YieldingYams,AverageAlmonds,7372366
2026-07-04T19:00:42.739479,2026-07-04T19:00:42.747479+00:00,136.6,125,ask,YieldingYams,WavyWalnuts,7372367
2026-07-04T19:00:42.764318,2026-07-04T19:00:42.767916+00:00,136.6,11,bid,Xuanyu Liu,WavyWalnuts,7372369
2026-07-04T19:00:43.130871,2026-07-04T19:00:43.150640+00:00,136.4,200,ask,WavyWalnuts,YieldingYams,7372376
2026-07-04T19:00:43.146188,2026-07-04T19:00:43.150640+00:00,136.3,3,bid,Xuanyu Liu,YieldingYams,7372379
2026-07-04T19:00:44.197963,2026-07-04T19:00:44.207800+00:00,136.3,20,bid,BrilliantBurritos,YieldingYams,7372403
2026-07-04T19:00:45.755659,2026-07-04T19:00:45.764068+00:00,136.4,200,ask,WavyWalnuts,YieldingYams,7372421
2026-07-04T19:00:46.363744,2026-07-04T19:00:46.373893+00:00,136.4,200,bid,WavyWalnuts,YieldingYams,7372429
2026-07-04T19:00:47.170269,2026-07-04T19:00:47.182056+00:00,136.4,20,bid,BrilliantBurritos,YieldingYams,7372444
2026-07-04T19:00:48.373604,2026-07-04T19:00:48.382637+00:00,136.3,200,ask,WavyWalnuts,YieldingYams,7372464
2026-07-04T19:00:48.782192,2026-07-04T19:00:48.790014+00:00,136.3,200,bid,WavyWalnuts,YieldingYams,7372476
2026-07-04T19:00:49.268215,2026-07-04T19:00:49.279930+00:00,136.3,20,bid,BrilliantBurritos,YieldingYams,7372483
2026-07-04T19:00:49.995138,2026-07-04T19:00:50.005626+00:00,136.4,200,ask,YieldingYams,WavyWalnuts,7372491
2026-07-04T19:00:57.259719,2026-07-04T19:00:57.269702+00:00,136.4,200,bid,WavyWalnuts,YieldingYams,7372574
2026-07-04T19:01:03.313943,2026-07-04T19:01:03.321211+00:00,136.4,200,ask,YieldingYams,WavyWalnuts,7372649
2026-07-04T19:01:03.873639,2026-07-04T19:01:03.884874+00:00,136.4,425,ask,YieldingYams,AverageAlmonds,7372657
2026-07-04T19:01:05.413074,2026-07-04T19:01:05.421635+00:00,136.2,200,ask,WavyWalnuts,YieldingYams,7372672
2026-07-04T19:01:10.535293,2026-07-04T19:01:10.544816+00:00,136.1,200,ask,WavyWalnuts,AverageAlmonds,7372732
2026-07-04T19:01:12.310560,2026-07-04T19:01:12.322380+00:00,136.0,20,ask,WavyWalnuts,BrilliantBurritos,7372751
2026-07-04T19:01:12.979419,2026-07-04T19:01:12.991245+00:00,136.0,180,ask,WavyWalnuts,AverageAlmonds,7372759
2026-07-04T19:01:12.979419,2026-07-04T19:01:12.991245+00:00,136.0,320,ask,YieldingYams,AverageAlmonds,7372760
2026-07-04T19:01:13.571346,2026-07-04T19:01:13.579531+00:00,136.0,200,ask,WavyWalnuts,AverageAlmonds,7372768
2026-07-04T19:01:13.571346,2026-07-04T19:01:13.579531+00:00,135.9,300,ask,YieldingYams,AverageAlmonds,7372769
2026-07-04T19:01:14.096624,2026-07-04T19:01:14.108289+00:00,135.9,20,ask,YieldingYams,BrilliantBurritos,7372778
2026-07-04T19:01:14.216238,2026-07-04T19:01:14.227283+00:00,136.0,200,bid,WavyWalnuts,AverageAlmonds,7372780
2026-07-04T19:01:15.429264,2026-07-04T19:01:15.437549+00:00,135.9,200,bid,WavyWalnuts,AverageAlmonds,7372803
2026-07-04T19:01:17.230357,2026-07-04T19:01:17.241692+00:00,135.8,200,ask,WavyWalnuts,YieldingYams,7372825
2026-07-04T19:01:17.852505,2026-07-04T19:01:17.864371+00:00,135.7,200,bid,WavyWalnuts,YieldingYams,7372833
2026-07-04T19:01:20.278918,2026-07-04T19:01:20.289762+00:00,135.8,200,bid,WavyWalnuts,YieldingYams,7372861
2026-07-04T19:01:21.860336,2026-07-04T19:01:21.870372+00:00,135.9,20,bid,BrilliantBurritos,WavyWalnuts,7372882
2026-07-04T19:01:23.786194,2026-07-04T19:01:23.794045+00:00,135.7,200,bid,YieldingYams,WavyWalnuts,7372906
2026-07-04T19:01:24.661486,2026-07-04T19:01:24.673072+00:00,135.8,20,bid,BrilliantBurritos,WavyWalnuts,7372921
2026-07-04T19:01:27.259391,2026-07-04T19:01:27.271103+00:00,135.7,20,ask,WavyWalnuts,BrilliantBurritos,7372957
2026-07-04T19:01:30.344382,2026-07-04T19:01:30.353725+00:00,135.6,200,bid,YieldingYams,WavyWalnuts,7373000
2026-07-04T19:01:30.365158,2026-07-04T19:01:30.376685+00:00,135.8,20,bid,BrilliantBurritos,YieldingYams,7373001
2026-07-04T19:01:31.165722,2026-07-04T19:01:31.174356+00:00,135.6,200,ask,YieldingYams,WavyWalnuts,7373007
2026-07-04T19:01:32.370617,2026-07-04T19:01:32.380358+00:00,135.6,200,bid,WavyWalnuts,YieldingYams,7373034
2026-07-04T19:01:34.284153,2026-07-04T19:01:34.302386+00:00,135.6,200,bid,YieldingYams,WavyWalnuts,7373059
2026-07-04T19:01:34.298758,2026-07-04T19:01:34.302386+00:00,135.7,14,ask,YieldingYams,Xuanyu Liu,7373061
2026-07-04T19:01:35.135296,2026-07-04T19:01:35.143711+00:00,135.7,20,ask,YieldingYams,BrilliantBurritos,7373072
2026-07-04T19:01:36.654508,2026-07-04T19:01:36.658579+00:00,135.6,20,ask,YieldingYams,BrilliantBurritos,7373097
2026-07-04T19:01:38.222591,2026-07-04T19:01:38.229294+00:00,135.7,200,bid,YieldingYams,WavyWalnuts,7373118
2026-07-04T19:01:38.436740,2026-07-04T19:01:38.444884+00:00,135.7,200,ask,YieldingYams,WavyWalnuts,7373124
2026-07-04T19:01:38.526995,2026-07-04T19:01:38.535706+00:00,135.7,20,ask,YieldingYams,BrilliantBurritos,7373125
2026-07-04T19:01:40.287972,2026-07-04T19:01:40.291566+00:00,135.8,11,bid,Xuanyu Liu,YieldingYams,7373143
2026-07-04T19:01:43.296842,2026-07-04T19:01:43.307920+00:00,135.8,200,ask,YieldingYams,WavyWalnuts,7373180
2026-07-04T19:01:44.806052,2026-07-04T19:01:44.809760+00:00,135.7,3,bid,Xuanyu Liu,YieldingYams,7373205
2026-07-04T19:01:45.657127,2026-07-04T19:01:45.658611+00:00,135.7,500,bid,AverageAlmonds,YieldingYams,7373216
2026-07-04T19:01:46.930452,2026-07-04T19:01:46.937787+00:00,135.7,200,ask,YieldingYams,WavyWalnuts,7373241
2026-07-04T19:01:51.780048,2026-07-04T19:01:51.783851+00:00,135.9,3,bid,Xuanyu Liu,WavyWalnuts,7373323
2026-07-04T19:01:52.688875,2026-07-04T19:01:52.699971+00:00,135.9,25,bid,Yinxuan Li,WavyWalnuts,7373333
2026-07-04T19:01:55.412698,2026-07-04T19:01:55.416657+00:00,135.9,11,bid,Xuanyu Liu,WavyWalnuts,7373377
2026-07-04T19:01:56.625486,2026-07-04T19:01:56.633029+00:00,135.9,200,bid,YieldingYams,WavyWalnuts,7373395
2026-07-04T19:01:56.699239,2026-07-04T19:01:56.710683+00:00,136.0,20,ask,YieldingYams,BrilliantBurritos,7373398
2026-07-04T19:01:57.810115,2026-07-04T19:01:57.818098+00:00,136.0,200,ask,YieldingYams,WavyWalnuts,7373415
2026-07-04T19:02:03.176283,2026-07-04T19:02:03.182028+00:00,136.0,200,ask,WavyWalnuts,YieldingYams,7373482
2026-07-04T19:02:05.603975,2026-07-04T19:02:05.610651+00:00,136.0,20,bid,BrilliantBurritos,WavyWalnuts,7373510
2026-07-04T19:02:05.792037,2026-07-04T19:02:05.803353+00:00,136.0,180,bid,YieldingYams,WavyWalnuts,7373517
2026-07-04T19:02:11.028762,2026-07-04T19:02:11.040287+00:00,136.3,200,bid,YieldingYams,WavyWalnuts,7373579
2026-07-04T19:02:11.241207,2026-07-04T19:02:11.250878+00:00,136.5,20,bid,BrilliantBurritos,YieldingYams,7373587
2026-07-04T19:02:12.363672,2026-07-04T19:02:12.367345+00:00,136.4,11,ask,YieldingYams,Xuanyu Liu,7373612
2026-07-04T19:02:14.758375,2026-07-04T19:02:14.769855+00:00,136.4,200,ask,YieldingYams,WavyWalnuts,7373646
2026-07-04T19:02:17.713032,2026-07-04T19:02:17.723124+00:00,136.3,25,bid,Yinxuan Li,WavyWalnuts,7373690
2026-07-04T19:02:21.538790,2026-07-04T19:02:21.546041+00:00,136.0,500,ask,AverageAlmonds,YieldingYams,7373745
2026-07-04T19:02:22.018168,2026-07-04T19:02:22.026223+00:00,136.0,125,bid,WavyWalnuts,YieldingYams,7373749
2026-07-04T19:02:23.235062,2026-07-04T19:02:23.244017+00:00,136.1,200,ask,YieldingYams,WavyWalnuts,7373767
2026-07-04T19:02:26.859691,2026-07-04T19:02:26.869651+00:00,136.2,200,bid,WavyWalnuts,YieldingYams,7373809
2026-07-04T19:02:28.068717,2026-07-04T19:02:28.079521+00:00,136.2,200,bid,WavyWalnuts,YieldingYams,7373821
2026-07-04T19:02:28.111765,2026-07-04T19:02:28.115242+00:00,136.2,3,ask,YieldingYams,Xuanyu Liu,7373824
2026-07-04T19:02:30.947433,2026-07-04T19:02:30.951193+00:00,136.3,3,bid,Xuanyu Liu,WavyWalnuts,7373874
2026-07-04T19:02:32.727229,2026-07-04T19:02:32.735396+00:00,136.3,25,bid,Yinxuan Li,YieldingYams,7373904
2026-07-04T19:02:34.144686,2026-07-04T19:02:34.151077+00:00,136.3,20,bid,BrilliantBurritos,WavyWalnuts,7373923
2026-07-04T19:02:34.660519,2026-07-04T19:02:34.665271+00:00,136.3,180,bid,YieldingYams,WavyWalnuts,7373925
2026-07-04T19:02:34.660519,2026-07-04T19:02:34.665271+00:00,136.4,445,bid,YieldingYams,AverageAlmonds,7373926
2026-07-04T19:02:35.977980,2026-07-04T19:02:35.985973+00:00,136.3,200,ask,WavyWalnuts,YieldingYams,7373947
2026-07-04T19:02:37.276288,2026-07-04T19:02:37.279923+00:00,136.3,11,bid,Xuanyu Liu,YieldingYams,7373960
2026-07-04T19:02:37.284929,2026-07-04T19:02:37.295481+00:00,136.3,200,bid,YieldingYams,WavyWalnuts,7373961
2026-07-04T19:02:37.747342,2026-07-04T19:02:37.768929+00:00,136.4,25,bid,Yinxuan Li,AverageAlmonds,7373974
2026-07-04T19:02:38.319673,2026-07-04T19:02:38.327333+00:00,136.3,425,ask,YieldingYams,AverageAlmonds,7373976
2026-07-04T19:02:38.598105,2026-07-04T19:02:38.604935+00:00,136.2,200,ask,WavyWalnuts,YieldingYams,7373981
2026-07-04T19:02:38.616396,2026-07-04T19:02:38.620450+00:00,136.2,12,bid,Xuanyu Liu,YieldingYams,7373983
2026-07-04T19:02:38.948165,2026-07-04T19:02:38.958612+00:00,136.2,200,bid,WavyWalnuts,YieldingYams,7373990
2026-07-04T19:02:42.761160,2026-07-04T19:02:42.768403+00:00,136.4,25,bid,Yinxuan Li,YieldingYams,7374064
2026-07-04T19:02:43.839837,2026-07-04T19:02:43.851268+00:00,136.2,20,ask,YieldingYams,BrilliantBurritos,7374078
2026-07-04T19:02:46.827443,2026-07-04T19:02:46.830730+00:00,136.1,12,ask,WavyWalnuts,Xuanyu Liu,7374118
2026-07-04T19:02:47.792019,2026-07-04T19:02:47.796043+00:00,136.2,11,ask,YieldingYams,Xuanyu Liu,7374129
2026-07-04T19:02:49.090900,2026-07-04T19:02:49.097385+00:00,136.3,500,bid,YieldingYams,AverageAlmonds,7374152
2026-07-04T19:02:49.090900,2026-07-04T19:02:49.102894+00:00,136.3,125,bid,YieldingYams,WavyWalnuts,7374153
2026-07-04T19:02:53.147412,2026-07-04T19:02:53.151073+00:00,136.2,3,ask,YieldingYams,Xuanyu Liu,7374201
2026-07-04T19:02:53.507209,2026-07-04T19:02:53.516345+00:00,136.2,200,ask,YieldingYams,WavyWalnuts,7374202
2026-07-04T19:02:54.053094,2026-07-04T19:02:54.064229+00:00,136.2,422,ask,YieldingYams,AverageAlmonds,7374206
2026-07-04T19:02:55.927162,2026-07-04T19:02:55.936678+00:00,136.2,200,bid,WavyWalnuts,AverageAlmonds,7374222
2026-07-04T19:02:57.095842,2026-07-04T19:02:57.105033+00:00,136.2,500,ask,YieldingYams,AverageAlmonds,7374234
2026-07-04T19:02:57.147285,2026-07-04T19:02:57.150925+00:00,136.4,14,ask,WavyWalnuts,Xuanyu Liu,7374236
2026-07-04T19:02:57.693425,2026-07-04T19:02:57.702918+00:00,136.4,186,ask,WavyWalnuts,AverageAlmonds,7374239
2026-07-04T19:02:57.693425,2026-07-04T19:02:57.702918+00:00,136.2,125,ask,YieldingYams,AverageAlmonds,7374240
2026-07-04T19:02:58.272380,2026-07-04T19:02:58.275872+00:00,136.1,11,bid,Xuanyu Liu,YieldingYams,7374255
2026-07-04T19:02:58.341879,2026-07-04T19:02:58.351067+00:00,136.1,200,bid,WavyWalnuts,YieldingYams,7374257
2026-07-04T19:03:02.129797,2026-07-04T19:03:02.141426+00:00,136.1,20,ask,WavyWalnuts,BrilliantBurritos,7374301
2026-07-04T19:03:02.183640,2026-07-04T19:03:02.194250+00:00,136.1,180,ask,WavyWalnuts,YieldingYams,7374302
2026-07-04T19:03:07.787923,2026-07-04T19:03:07.799883+00:00,136.0,25,ask,WavyWalnuts,Yinxuan Li,7374390
2026-07-04T19:03:12.802735,2026-07-04T19:03:12.814466+00:00,136.0,25,ask,WavyWalnuts,Yinxuan Li,7374464
2026-07-04T19:03:12.874882,2026-07-04T19:03:12.885037+00:00,136.1,200,bid,WavyWalnuts,YieldingYams,7374466
2026-07-04T19:03:15.000163,2026-07-04T19:03:15.012189+00:00,135.9,20,ask,YieldingYams,BrilliantBurritos,7374496
2026-07-04T19:03:17.817474,2026-07-04T19:03:17.825576+00:00,135.9,25,ask,YieldingYams,Yinxuan Li,7374534
2026-07-04T19:03:22.832351,2026-07-04T19:03:22.843799+00:00,135.9,25,ask,YieldingYams,Yinxuan Li,7374590
2026-07-04T19:03:27.846033,2026-07-04T19:03:27.858534+00:00,136.1,25,ask,WavyWalnuts,Yinxuan Li,7374660
2026-07-04T19:03:29.707877,2026-07-04T19:03:29.711092+00:00,136.1,11,ask,YieldingYams,Xuanyu Liu,7374686
2026-07-04T19:03:30.758114,2026-07-04T19:03:30.770003+00:00,136.3,20,bid,BrilliantBurritos,WavyWalnuts,7374707
2026-07-04T19:03:31.024244,2026-07-04T19:03:31.034711+00:00,136.2,500,bid,YieldingYams,AverageAlmonds,7374709
2026-07-04T19:03:31.606432,2026-07-04T19:03:31.615382+00:00,136.2,125,ask,YieldingYams,AverageAlmonds,7374724
2026-07-04T19:03:32.175188,2026-07-04T19:03:32.182075+00:00,136.2,20,bid,BrilliantBurritos,AverageAlmonds,7374729
2026-07-04T19:03:32.275593,2026-07-04T19:03:32.285957+00:00,136.3,200,bid,WavyWalnuts,AverageAlmonds,7374732
2026-07-04T19:03:33.488369,2026-07-04T19:03:33.499922+00:00,136.2,200,bid,WavyWalnuts,YieldingYams,7374756
2026-07-04T19:03:34.957607,2026-07-04T19:03:34.966158+00:00,136.2,500,bid,YieldingYams,AverageAlmonds,7374784
2026-07-04T19:03:35.219573,2026-07-04T19:03:35.227879+00:00,136.2,125,ask,YieldingYams,AverageAlmonds,7374789
2026-07-04T19:03:36.820650,2026-07-04T19:03:36.832512+00:00,135.9,20,ask,WavyWalnuts,BrilliantBurritos,7374816
2026-07-04T19:03:38.321198,2026-07-04T19:03:38.328147+00:00,135.8,200,ask,YieldingYams,WavyWalnuts,7374831
2026-07-04T19:03:41.507976,2026-07-04T19:03:41.526687+00:00,135.9,200,bid,YieldingYams,WavyWalnuts,7374868
2026-07-04T19:03:41.515213,2026-07-04T19:03:41.526687+00:00,136.1,20,bid,BrilliantBurritos,AverageAlmonds,7374869
2026-07-04T19:03:41.523219,2026-07-04T19:03:41.526687+00:00,136.0,12,ask,YieldingYams,Xuanyu Liu,7374871
2026-07-04T19:03:41.881006,2026-07-04T19:03:41.890135+00:00,136.0,413,ask,YieldingYams,AverageAlmonds,7374879
2026-07-04T19:03:42.815332,2026-07-04T19:03:42.823343+00:00,135.9,500,bid,YieldingYams,AverageAlmonds,7374897
2026-07-04T19:03:43.104486,2026-07-04T19:03:43.111288+00:00,135.9,125,ask,YieldingYams,AverageAlmonds,7374908
2026-07-04T19:03:44.126626,2026-07-04T19:03:44.133918+00:00,135.7,200,ask,WavyWalnuts,YieldingYams,7374921
2026-07-04T19:03:44.144607,2026-07-04T19:03:44.148291+00:00,135.7,23,bid,Xuanyu Liu,YieldingYams,7374923
2026-07-04T19:03:44.357208,2026-07-04T19:03:44.363664+00:00,135.7,200,bid,WavyWalnuts,YieldingYams,7374925
2026-07-04T19:03:46.775764,2026-07-04T19:03:46.784625+00:00,135.8,200,bid,WavyWalnuts,AverageAlmonds,7374958
2026-07-04T19:03:46.930957,2026-07-04T19:03:46.935255+00:00,135.7,23,ask,YieldingYams,Xuanyu Liu,7374960
2026-07-04T19:03:47.983980,2026-07-04T19:03:47.995272+00:00,135.9,200,bid,WavyWalnuts,YieldingYams,7374989
2026-07-04T19:03:49.208270,2026-07-04T19:03:49.211803+00:00,135.8,11,ask,WavyWalnuts,Xuanyu Liu,7375007
2026-07-04T19:03:50.283202,2026-07-04T19:03:50.294810+00:00,135.9,20,bid,BrilliantBurritos,AverageAlmonds,7375024
2026-07-04T19:03:53.386557,2026-07-04T19:03:53.394660+00:00,135.9,500,ask,YieldingYams,AverageAlmonds,7375065
2026-07-04T19:03:53.984346,2026-07-04T19:03:53.993162+00:00,135.9,125,ask,YieldingYams,AverageAlmonds,7375077
2026-07-04T19:03:57.623985,2026-07-04T19:03:57.631184+00:00,135.8,200,ask,WavyWalnuts,AverageAlmonds,7375137
2026-07-04T19:03:57.623985,2026-07-04T19:03:57.636774+00:00,135.8,300,ask,YieldingYams,AverageAlmonds,7375138
2026-07-04T19:03:58.528135,2026-07-04T19:03:58.535593+00:00,135.9,200,bid,YieldingYams,WavyWalnuts,7375145
2026-07-04T19:03:58.528135,2026-07-04T19:03:58.540792+00:00,135.9,425,bid,YieldingYams,AverageAlmonds,7375146
2026-07-04T19:03:59.432141,2026-07-04T19:03:59.439167+00:00,135.7,200,ask,WavyWalnuts,AverageAlmonds,7375160
2026-07-04T19:04:00.075013,2026-07-04T19:04:00.085027+00:00,135.6,200,bid,WavyWalnuts,YieldingYams,7375168
2026-07-04T19:04:00.497799,2026-07-04T19:04:00.509625+00:00,135.6,20,bid,BrilliantBurritos,YieldingYams,7375180
2026-07-04T19:04:01.144681,2026-07-04T19:04:01.151632+00:00,135.6,500,bid,YieldingYams,AverageAlmonds,7375190
2026-07-04T19:04:01.263375,2026-07-04T19:04:01.274250+00:00,135.6,125,ask,YieldingYams,AverageAlmonds,7375193
2026-07-04T19:04:01.288062,2026-07-04T19:04:01.295085+00:00,135.5,200,bid,WavyWalnuts,AverageAlmonds,7375195
2026-07-04T19:04:02.498172,2026-07-04T19:04:02.505830+00:00,135.5,200,bid,WavyWalnuts,AverageAlmonds,7375211
2026-07-04T19:04:03.080440,2026-07-04T19:04:03.088351+00:00,135.4,500,ask,YieldingYams,AverageAlmonds,7375217
2026-07-04T19:04:03.675084,2026-07-04T19:04:03.741371+00:00,135.4,125,ask,YieldingYams,AverageAlmonds,7375228
2026-07-04T19:04:03.737545,2026-07-04T19:04:03.741371+00:00,135.4,11,bid,Xuanyu Liu,AverageAlmonds,7375232
2026-07-04T19:04:10.890136,2026-07-04T19:04:10.901048+00:00,135.4,20,ask,WavyWalnuts,BrilliantBurritos,7375331
2026-07-04T19:04:12.965169,2026-07-04T19:04:12.986757+00:00,135.4,200,ask,WavyWalnuts,YieldingYams,7375362
2026-07-04T19:04:12.982968,2026-07-04T19:04:12.986757+00:00,135.4,12,bid,Xuanyu Liu,YieldingYams,7375364
2026-07-04T19:04:14.665934,2026-07-04T19:04:14.674180+00:00,135.5,200,bid,WavyWalnuts,AverageAlmonds,7375392
2026-07-04T19:04:15.600140,2026-07-04T19:04:15.603708+00:00,135.4,11,bid,Xuanyu Liu,YieldingYams,7375408
2026-07-04T19:04:15.875290,2026-07-04T19:04:15.885042+00:00,135.4,200,bid,WavyWalnuts,YieldingYams,7375418
2026-07-04T19:04:15.985144,2026-07-04T19:04:15.997171+00:00,135.2,20,ask,YieldingYams,BrilliantBurritos,7375421
2026-07-04T19:04:17.853680,2026-07-04T19:04:17.865829+00:00,135.6,20,bid,BrilliantBurritos,YieldingYams,7375444
2026-07-04T19:04:20.717544,2026-07-04T19:04:20.728866+00:00,135.4,200,ask,YieldingYams,WavyWalnuts,7375482
2026-07-04T19:04:21.924671,2026-07-04T19:04:21.935916+00:00,135.5,200,ask,YieldingYams,WavyWalnuts,7375496
2026-07-04T19:04:22.371526,2026-07-04T19:04:22.381291+00:00,135.7,20,bid,BrilliantBurritos,AverageAlmonds,7375500
2026-07-04T19:04:23.132638,2026-07-04T19:04:23.143708+00:00,135.5,200,ask,YieldingYams,WavyWalnuts,7375517
2026-07-04T19:04:26.104048,2026-07-04T19:04:26.107475+00:00,135.5,11,ask,YieldingYams,Xuanyu Liu,7375545
2026-07-04T19:04:27.400327,2026-07-04T19:04:27.410103+00:00,135.7,200,bid,YieldingYams,WavyWalnuts,7375573
2026-07-04T19:04:27.400327,2026-07-04T19:04:27.410103+00:00,135.7,425,bid,YieldingYams,AverageAlmonds,7375574
2026-07-04T19:04:28.493536,2026-07-04T19:04:28.505414+00:00,135.5,200,ask,WavyWalnuts,AverageAlmonds,7375591
2026-07-04T19:04:28.519994,2026-07-04T19:04:28.531750+00:00,134.7,22,ask,AverageAlmonds,Zihao Wu,7375592
2026-07-04T19:04:28.714147,2026-07-04T19:04:28.723420+00:00,135.5,300,bid,YieldingYams,AverageAlmonds,7375599
2026-07-04T19:04:29.092572,2026-07-04T19:04:29.102415+00:00,135.5,325,ask,YieldingYams,AverageAlmonds,7375608
2026-07-04T19:04:29.157515,2026-07-04T19:04:29.169091+00:00,135.5,20,bid,BrilliantBurritos,AverageAlmonds,7375610
2026-07-04T19:04:29.171213,2026-07-04T19:04:29.179566+00:00,135.5,155,bid,WavyWalnuts,AverageAlmonds,7375612
2026-07-04T19:04:29.690735,2026-07-04T19:04:29.700071+00:00,135.5,45,ask,WavyWalnuts,AverageAlmonds,7375616
2026-07-04T19:04:30.377948,2026-07-04T19:04:30.385754+00:00,135.4,200,bid,WavyWalnuts,YieldingYams,7375625
2026-07-04T19:04:31.247247,2026-07-04T19:04:31.263639+00:00,135.2,20,ask,YieldingYams,BrilliantBurritos,7375636
2026-07-04T19:04:35.266201,2026-07-04T19:04:35.274161+00:00,135.1,200,ask,WavyWalnuts,YieldingYams,7375701
2026-07-04T19:04:36.428836,2026-07-04T19:04:36.437095+00:00,135.1,200,bid,WavyWalnuts,YieldingYams,7375728
2026-07-04T19:04:36.587731,2026-07-04T19:04:36.591328+00:00,135.2,23,ask,YieldingYams,Xuanyu Liu,7375730
2026-07-04T19:04:38.861016,2026-07-04T19:04:38.869212+00:00,135.2,200,ask,YieldingYams,WavyWalnuts,7375769
2026-07-04T19:04:39.963606,2026-07-04T19:04:39.975365+00:00,135.2,20,bid,BrilliantBurritos,YieldingYams,7375783
2026-07-04T19:04:44.842656,2026-07-04T19:04:44.852527+00:00,135.1,500,bid,AverageAlmonds,YieldingYams,7375872
2026-07-04T19:04:45.445297,2026-07-04T19:04:45.458860+00:00,135.1,125,bid,AverageAlmonds,YieldingYams,7375880
2026-07-04T19:04:46.644813,2026-07-04T19:04:46.653523+00:00,135.2,200,bid,AverageAlmonds,WavyWalnuts,7375890
2026-07-04T19:04:47.853448,2026-07-04T19:04:47.862824+00:00,135.3,500,bid,AverageAlmonds,YieldingYams,7375907
2026-07-04T19:04:48.535326,2026-07-04T19:04:48.544793+00:00,135.4,200,bid,WavyWalnuts,YieldingYams,7375927
2026-07-04T19:04:48.544337,2026-07-04T19:04:48.555740+00:00,135.4,22,bid,Zihao Wu,YieldingYams,7375928
2026-07-04T19:04:49.057372,2026-07-04T19:04:49.063889+00:00,135.4,403,bid,AverageAlmonds,YieldingYams,7375939
2026-07-04T19:04:52.093186,2026-07-04T19:04:52.100115+00:00,135.5,500,bid,AverageAlmonds,YieldingYams,7375976
2026-07-04T19:04:52.313492,2026-07-04T19:04:52.320446+00:00,135.6,200,bid,YieldingYams,WavyWalnuts,7375982
2026-07-04T19:04:53.383404,2026-07-04T19:04:53.390916+00:00,135.7,200,ask,YieldingYams,WavyWalnuts,7376006
2026-07-04T19:04:57.011899,2026-07-04T19:04:57.020228+00:00,135.7,200,bid,WavyWalnuts,YieldingYams,7376088
2026-07-04T19:04:58.235094,2026-07-04T19:04:58.239267+00:00,135.8,12,ask,WavyWalnuts,Xuanyu Liu,7376110
2026-07-04T19:04:59.589823,2026-07-04T19:04:59.597803+00:00,135.9,20,bid,BrilliantBurritos,YieldingYams,7376128
2026-07-04T19:05:01.845147,2026-07-04T19:05:01.858615+00:00,135.7,200,ask,YieldingYams,WavyWalnuts,7376156
2026-07-04T19:05:04.134082,2026-07-04T19:05:04.164081+00:00,135.7,200,ask,WavyWalnuts,YieldingYams,7376178
2026-07-04T19:05:05.499327,2026-07-04T19:05:05.511060+00:00,135.6,20,ask,AverageAlmonds,BrilliantBurritos,7376205
2026-07-04T19:05:09.371980,2026-07-04T19:05:09.379660+00:00,135.7,200,bid,YieldingYams,WavyWalnuts,7376246
2026-07-04T19:05:13.301730,2026-07-04T19:05:13.311665+00:00,135.8,500,ask,AverageAlmonds,YieldingYams,7376311
2026-07-04T19:05:13.317613,2026-07-04T19:05:13.321262+00:00,135.8,10,bid,Xuanyu Liu,YieldingYams,7376313
2026-07-04T19:05:13.890343,2026-07-04T19:05:13.898497+00:00,135.8,115,bid,AverageAlmonds,YieldingYams,7376325
2026-07-04T19:05:14.616578,2026-07-04T19:05:14.635177+00:00,135.9,200,bid,YieldingYams,WavyWalnuts,7376330
2026-07-04T19:05:14.631610,2026-07-04T19:05:14.635177+00:00,136.0,10,ask,YieldingYams,Xuanyu Liu,7376332
2026-07-04T19:05:15.178445,2026-07-04T19:05:15.185044+00:00,136.0,200,ask,YieldingYams,WavyWalnuts,7376343
2026-07-04T19:05:17.598686,2026-07-04T19:05:17.605696+00:00,135.9,200,ask,YieldingYams,WavyWalnuts,7376376
2026-07-04T19:05:19.788525,2026-07-04T19:05:19.797163+00:00,135.9,20,bid,BrilliantBurritos,YieldingYams,7376417
2026-07-04T19:05:23.647686,2026-07-04T19:05:23.656305+00:00,135.7,200,bid,WavyWalnuts,YieldingYams,7376475
2026-07-04T19:05:25.016088,2026-07-04T19:05:25.019848+00:00,135.7,11,ask,YieldingYams,Xuanyu Liu,7376496
2026-07-04T19:05:25.236271,2026-07-04T19:05:25.248261+00:00,135.7,20,ask,WavyWalnuts,BrilliantBurritos,7376498
2026-07-04T19:05:26.064072,2026-07-04T19:05:26.072080+00:00,135.7,200,ask,AverageAlmonds,WavyWalnuts,7376524
2026-07-04T19:05:27.734944,2026-07-04T19:05:27.745039+00:00,135.7,200,ask,WavyWalnuts,YieldingYams,7376554
2026-07-04T19:05:28.478361,2026-07-04T19:05:28.489725+00:00,135.6,200,bid,WavyWalnuts,YieldingYams,7376566
2026-07-04T19:05:31.285195,2026-07-04T19:05:31.289000+00:00,135.7,11,bid,Xuanyu Liu,WavyWalnuts,7376601
2026-07-04T19:05:34.519509,2026-07-04T19:05:34.527691+00:00,135.9,200,bid,WavyWalnuts,YieldingYams,7376641
2026-07-04T19:05:36.277776,2026-07-04T19:05:36.287614+00:00,135.9,500,ask,YieldingYams,AverageAlmonds,7376673
2026-07-04T19:05:36.871386,2026-07-04T19:05:36.879796+00:00,135.9,125,ask,YieldingYams,AverageAlmonds,7376682
2026-07-04T19:05:37.486069,2026-07-04T19:05:37.493434+00:00,135.7,200,ask,WavyWalnuts,AverageAlmonds,7376694
2026-07-04T19:05:37.504920,2026-07-04T19:05:37.508661+00:00,135.7,12,bid,Xuanyu Liu,AverageAlmonds,7376696
2026-07-04T19:05:38.143184,2026-07-04T19:05:38.150266+00:00,135.7,200,bid,WavyWalnuts,AverageAlmonds,7376700
2026-07-04T19:05:39.511069,2026-07-04T19:05:39.521382+00:00,135.7,500,bid,YieldingYams,AverageAlmonds,7376724
2026-07-04T19:05:39.511069,2026-07-04T19:05:39.521382+00:00,135.8,125,bid,YieldingYams,WavyWalnuts,7376725
2026-07-04T19:05:42.132370,2026-07-04T19:05:42.142565+00:00,135.6,200,ask,WavyWalnuts,YieldingYams,7376774
2026-07-04T19:05:43.002903,2026-07-04T19:05:43.010078+00:00,135.6,200,bid,WavyWalnuts,YieldingYams,7376786
2026-07-04T19:05:48.249015,2026-07-04T19:05:48.252747+00:00,135.5,11,bid,Xuanyu Liu,YieldingYams,7376865
2026-07-04T19:05:49.086027,2026-07-04T19:05:49.089598+00:00,135.4,12,bid,Xuanyu Liu,WavyWalnuts,7376881
2026-07-04T19:05:50.269287,2026-07-04T19:05:50.273884+00:00,135.4,14,bid,Xuanyu Liu,WavyWalnuts,7376909
2026-07-04T19:05:50.827516,2026-07-04T19:05:50.834174+00:00,135.4,500,bid,AverageAlmonds,YieldingYams,7376918
2026-07-04T19:05:51.496760,2026-07-04T19:05:51.505222+00:00,135.4,200,ask,YieldingYams,WavyWalnuts,7376928
2026-07-04T19:05:53.226876,2026-07-04T19:05:53.238337+00:00,135.5,500,bid,AverageAlmonds,YieldingYams,7376964
2026-07-04T19:05:53.820784,2026-07-04T19:05:53.830204+00:00,135.5,125,bid,AverageAlmonds,YieldingYams,7376972
2026-07-04T19:05:53.820784,2026-07-04T19:05:53.830204+00:00,135.6,200,bid,AverageAlmonds,WavyWalnuts,7376973
2026-07-04T19:05:53.848165,2026-07-04T19:05:53.851524+00:00,135.6,3,ask,AverageAlmonds,Xuanyu Liu,7376975
2026-07-04T19:05:55.122900,2026-07-04T19:05:55.132176+00:00,135.6,200,ask,YieldingYams,WavyWalnuts,7376998
2026-07-04T19:05:56.588752,2026-07-04T19:05:56.593154+00:00,135.7,3,bid,Xuanyu Liu,WavyWalnuts,7377015
2026-07-04T19:05:58.755102,2026-07-04T19:05:58.753586+00:00,135.6,200,ask,YieldingYams,WavyWalnuts,7377045
2026-07-04T19:05:59.204445,2026-07-04T19:05:59.216027+00:00,135.6,500,ask,AverageAlmonds,YieldingYams,7377049
2026-07-04T19:05:59.282839,2026-07-04T19:05:59.291460+00:00,135.6,125,bid,AverageAlmonds,YieldingYams,7377050
2026-07-04T19:05:59.974709,2026-07-04T19:05:59.977825+00:00,135.7,26,bid,Xuanyu Liu,WavyWalnuts,7377064
2026-07-04T19:06:01.827815,2026-07-04T19:06:01.839501+00:00,135.7,200,bid,YieldingYams,WavyWalnuts,7377083
2026-07-04T19:06:02.376780,2026-07-04T19:06:02.383862+00:00,135.7,200,ask,YieldingYams,WavyWalnuts,7377095
2026-07-04T19:06:02.968848,2026-07-04T19:06:02.972311+00:00,135.7,12,ask,YieldingYams,Xuanyu Liu,7377105
2026-07-04T19:06:08.945017,2026-07-04T19:06:08.954582+00:00,135.4,20,ask,WavyWalnuts,BrilliantBurritos,7377180
2026-07-04T19:06:11.510086,2026-07-04T19:06:11.521838+00:00,135.6,20,bid,BrilliantBurritos,YieldingYams,7377218
2026-07-04T19:06:12.039190,2026-07-04T19:06:12.058915+00:00,135.6,200,bid,WavyWalnuts,YieldingYams,7377223
2026-07-04T19:06:13.028749,2026-07-04T19:06:13.040077+00:00,135.8,25,bid,Yinxuan Li,WavyWalnuts,7377237
2026-07-04T19:06:13.269346,2026-07-04T19:06:13.273038+00:00,135.6,12,bid,Xuanyu Liu,WavyWalnuts,7377242
2026-07-04T19:06:14.265604,2026-07-04T19:06:14.277397+00:00,135.5,20,ask,YieldingYams,BrilliantBurritos,7377252
2026-07-04T19:06:16.733118,2026-07-04T19:06:16.744576+00:00,135.5,20,bid,BrilliantBurritos,WavyWalnuts,7377294
2026-07-04T19:06:22.802517,2026-07-04T19:06:22.809291+00:00,135.6,200,bid,YieldingYams,WavyWalnuts,7377378
2026-07-04T19:06:25.422033,2026-07-04T19:06:25.429295+00:00,135.7,500,bid,YieldingYams,AverageAlmonds,7377420
2026-07-04T19:06:25.422033,2026-07-04T19:06:25.434287+00:00,135.7,125,bid,YieldingYams,WavyWalnuts,7377421
2026-07-04T19:06:26.597357,2026-07-04T19:06:26.601266+00:00,135.5,12,ask,WavyWalnuts,Xuanyu Liu,7377441
2026-07-04T19:06:29.011027,2026-07-04T19:06:29.015906+00:00,135.6,14,ask,WavyWalnuts,Xuanyu Liu,7377475
2026-07-04T19:06:29.347011,2026-07-04T19:06:29.353080+00:00,135.6,186,ask,WavyWalnuts,YieldingYams,7377477
2026-07-04T19:06:30.205348,2026-07-04T19:06:30.211912+00:00,135.6,200,bid,WavyWalnuts,YieldingYams,7377494
2026-07-04T19:06:30.686716,2026-07-04T19:06:30.697105+00:00,135.6,20,ask,YieldingYams,BrilliantBurritos,7377504
2026-07-04T19:06:31.365817,2026-07-04T19:06:31.373505+00:00,135.6,500,ask,YieldingYams,AverageAlmonds,7377515
2026-07-04T19:06:31.959599,2026-07-04T19:06:31.968700+00:00,135.6,105,ask,YieldingYams,AverageAlmonds,7377523
2026-07-04T19:06:31.959599,2026-07-04T19:06:31.968700+00:00,135.6,200,ask,WavyWalnuts,AverageAlmonds,7377524
2026-07-04T19:06:33.797364,2026-07-04T19:06:33.807817+00:00,135.5,200,ask,WavyWalnuts,AverageAlmonds,7377548
2026-07-04T19:06:35.004229,2026-07-04T19:06:35.014591+00:00,135.4,500,ask,YieldingYams,AverageAlmonds,7377566
2026-07-04T19:06:35.597598,2026-07-04T19:06:35.604755+00:00,135.4,125,ask,YieldingYams,AverageAlmonds,7377574
2026-07-04T19:06:35.597598,2026-07-04T19:06:35.609939+00:00,135.4,200,ask,WavyWalnuts,AverageAlmonds,7377575
2026-07-04T19:06:36.279176,2026-07-04T19:06:36.282764+00:00,135.3,3,ask,WavyWalnuts,Xuanyu Liu,7377587
2026-07-04T19:06:37.216846,2026-07-04T19:06:37.227325+00:00,135.3,197,ask,WavyWalnuts,YieldingYams,7377599
2026-07-04T19:06:37.772029,2026-07-04T19:06:37.775628+00:00,135.2,11,ask,WavyWalnuts,Xuanyu Liu,7377608
2026-07-04T19:06:37.903774,2026-07-04T19:06:37.915795+00:00,135.3,20,bid,BrilliantBurritos,YieldingYams,7377609
2026-07-04T19:06:38.057920,2026-07-04T19:06:38.068714+00:00,135.2,25,ask,WavyWalnuts,Yinxuan Li,7377611
2026-07-04T19:06:39.893520,2026-07-04T19:06:39.901241+00:00,135.3,200,ask,YieldingYams,WavyWalnuts,7377643
2026-07-04T19:06:40.092944,2026-07-04T19:06:40.104744+00:00,135.3,20,ask,YieldingYams,BrilliantBurritos,7377648
2026-07-04T19:06:41.113581,2026-07-04T19:06:41.116790+00:00,135.4,11,bid,Xuanyu Liu,WavyWalnuts,7377658
2026-07-04T19:06:41.169268,2026-07-04T19:06:41.189024+00:00,135.2,200,ask,WavyWalnuts,YieldingYams,7377659
2026-07-04T19:06:41.185729,2026-07-04T19:06:41.189024+00:00,135.2,3,bid,Xuanyu Liu,YieldingYams,7377661
2026-07-04T19:06:44.827868,2026-07-04T19:06:44.837623+00:00,135.2,20,ask,WavyWalnuts,BrilliantBurritos,7377724
2026-07-04T19:06:45.959239,2026-07-04T19:06:45.962847+00:00,135.3,3,ask,WavyWalnuts,Xuanyu Liu,7377737
2026-07-04T19:06:47.149584,2026-07-04T19:06:47.158571+00:00,135.4,200,bid,WavyWalnuts,YieldingYams,7377754
2026-07-04T19:06:47.740053,2026-07-04T19:06:47.743508+00:00,135.3,11,ask,YieldingYams,Xuanyu Liu,7377760
2026-07-04T19:06:48.373571,2026-07-04T19:06:48.377125+00:00,135.4,12,ask,WavyWalnuts,Xuanyu Liu,7377771
2026-07-04T19:06:50.374873,2026-07-04T19:06:50.378404+00:00,135.6,12,bid,Xuanyu Liu,WavyWalnuts,7377810
2026-07-04T19:06:52.507452,2026-07-04T19:06:52.516669+00:00,135.5,20,ask,WavyWalnuts,BrilliantBurritos,7377850
2026-07-04T19:06:54.414272,2026-07-04T19:06:54.423701+00:00,135.6,200,bid,WavyWalnuts,YieldingYams,7377880
2026-07-04T19:06:56.255506,2026-07-04T19:06:56.267311+00:00,135.6,20,bid,BrilliantBurritos,WavyWalnuts,7377917
2026-07-04T19:06:56.839182,2026-07-04T19:06:56.846329+00:00,135.4,200,ask,YieldingYams,WavyWalnuts,7377928
2026-07-04T19:06:56.902499,2026-07-04T19:06:56.906119+00:00,135.5,12,ask,YieldingYams,Xuanyu Liu,7377930
2026-07-04T19:06:58.048571,2026-07-04T19:06:58.058622+00:00,135.5,200,ask,YieldingYams,WavyWalnuts,7377947
2026-07-04T19:06:59.258023,2026-07-04T19:06:59.269501+00:00,135.5,200,ask,YieldingYams,WavyWalnuts,7377958
2026-07-04T19:07:02.881177,2026-07-04T19:07:02.889494+00:00,135.4,200,bid,WavyWalnuts,YieldingYams,7378001
2026-07-04T19:07:04.774012,2026-07-04T19:07:04.784390+00:00,135.3,200,ask,WavyWalnuts,YieldingYams,7378029
2026-07-04T19:07:06.505707,2026-07-04T19:07:06.516100+00:00,135.3,200,ask,YieldingYams,WavyWalnuts,7378048
2026-07-04T19:07:07.731476,2026-07-04T19:07:07.735237+00:00,135.2,12,bid,Xuanyu Liu,WavyWalnuts,7378074
2026-07-04T19:07:09.914281,2026-07-04T19:07:09.926268+00:00,135.2,20,bid,BrilliantBurritos,WavyWalnuts,7378108
2026-07-04T19:07:10.010660,2026-07-04T19:07:10.017616+00:00,135.2,180,bid,YieldingYams,WavyWalnuts,7378109
2026-07-04T19:07:10.147748,2026-07-04T19:07:10.158584+00:00,135.3,200,ask,YieldingYams,WavyWalnuts,7378113
2026-07-04T19:07:12.539799,2026-07-04T19:07:12.543635+00:00,135.4,11,bid,Xuanyu Liu,YieldingYams,7378153
2026-07-04T19:07:15.265109,2026-07-04T19:07:15.275411+00:00,135.3,200,bid,YieldingYams,WavyWalnuts,7378202
2026-07-04T19:07:17.422541,2026-07-04T19:07:17.430919+00:00,135.4,200,ask,YieldingYams,WavyWalnuts,7378233
2026-07-04T19:07:18.838041,2026-07-04T19:07:18.841830+00:00,135.4,3,bid,Xuanyu Liu,YieldingYams,7378261
2026-07-04T19:07:19.187802,2026-07-04T19:07:19.197643+00:00,135.3,200,ask,WavyWalnuts,AverageAlmonds,7378263
2026-07-04T19:07:20.528861,2026-07-04T19:07:20.532706+00:00,135.2,3,bid,Xuanyu Liu,YieldingYams,7378288
2026-07-04T19:07:20.833042,2026-07-04T19:07:20.844675+00:00,135.1,20,ask,WavyWalnuts,BrilliantBurritos,7378301
2026-07-04T19:07:22.263235,2026-07-04T19:07:22.274758+00:00,135.2,200,bid,WavyWalnuts,YieldingYams,7378324
2026-07-04T19:07:23.751910,2026-07-04T19:07:23.758605+00:00,135.2,20,ask,WavyWalnuts,BrilliantBurritos,7378344
2026-07-04T19:07:24.683268,2026-07-04T19:07:24.691394+00:00,135.3,200,bid,WavyWalnuts,YieldingYams,7378351
2026-07-04T19:07:25.895717,2026-07-04T19:07:25.904442+00:00,135.2,200,bid,WavyWalnuts,YieldingYams,7378371
2026-07-04T19:07:28.331794,2026-07-04T19:07:28.340235+00:00,135.3,200,bid,WavyWalnuts,AverageAlmonds,7378398
2026-07-04T19:07:29.543850,2026-07-04T19:07:29.552670+00:00,135.2,200,bid,WavyWalnuts,AverageAlmonds,7378419
2026-07-04T19:07:29.664243,2026-07-04T19:07:29.672128+00:00,135.2,300,bid,YieldingYams,AverageAlmonds,7378420
2026-07-04T19:07:30.081160,2026-07-04T19:07:30.091139+00:00,135.4,325,ask,YieldingYams,AverageAlmonds,7378428
2026-07-04T19:07:30.712844,2026-07-04T19:07:30.716808+00:00,135.0,11,bid,Xuanyu Liu,AverageAlmonds,7378441
2026-07-04T19:07:30.752290,2026-07-04T19:07:30.761534+00:00,135.0,200,bid,WavyWalnuts,AverageAlmonds,7378442
2026-07-04T19:07:30.972171,2026-07-04T19:07:30.976102+00:00,135.0,289,bid,YieldingYams,AverageAlmonds,7378443
2026-07-04T19:07:31.283303,2026-07-04T19:07:31.291020+00:00,135.1,336,ask,YieldingYams,AverageAlmonds,7378447
2026-07-04T19:07:31.960025,2026-07-04T19:07:31.969947+00:00,135.0,200,bid,WavyWalnuts,AverageAlmonds,7378463
2026-07-04T19:07:33.168726,2026-07-04T19:07:33.175416+00:00,135.0,200,bid,WavyWalnuts,AverageAlmonds,7378494
2026-07-04T19:07:34.939271,2026-07-04T19:07:34.945896+00:00,134.8,500,ask,YieldingYams,AverageAlmonds,7378522
2026-07-04T19:07:36.214792,2026-07-04T19:07:36.223742+00:00,134.7,200,ask,WavyWalnuts,YieldingYams,7378548
2026-07-04T19:07:36.300458,2026-07-04T19:07:36.312225+00:00,134.7,20,bid,BrilliantBurritos,YieldingYams,7378549
2026-07-04T19:07:37.552613,2026-07-04T19:07:37.553210+00:00,134.7,20,bid,BrilliantBurritos,YieldingYams,7378568
2026-07-04T19:07:37.903142,2026-07-04T19:07:37.907217+00:00,134.6,11,ask,WavyWalnuts,Xuanyu Liu,7378572
2026-07-04T19:07:38.014180,2026-07-04T19:07:38.021508+00:00,134.7,200,bid,WavyWalnuts,YieldingYams,7378576
2026-07-04T19:07:38.504974,2026-07-04T19:07:38.516170+00:00,134.5,20,ask,YieldingYams,BrilliantBurritos,7378579
2026-07-04T19:07:41.315822,2026-07-04T19:07:41.327413+00:00,134.6,20,ask,WavyWalnuts,BrilliantBurritos,7378616
2026-07-04T19:07:44.068133,2026-07-04T19:07:44.077355+00:00,135.0,200,bid,WavyWalnuts,YieldingYams,7378650
2026-07-04T19:07:45.843578,2026-07-04T19:07:45.851401+00:00,134.9,500,ask,YieldingYams,AverageAlmonds,7378676
2026-07-04T19:07:46.437819,2026-07-04T19:07:46.449266+00:00,134.9,125,ask,YieldingYams,AverageAlmonds,7378684
2026-07-04T19:07:47.700321,2026-07-04T19:07:47.711071+00:00,134.8,200,bid,WavyWalnuts,YieldingYams,7378695
2026-07-04T19:07:48.911616,2026-07-04T19:07:48.921241+00:00,134.7,200,bid,WavyWalnuts,YieldingYams,7378706
2026-07-04T19:07:50.060634,2026-07-04T19:07:50.069363+00:00,134.6,500,ask,YieldingYams,AverageAlmonds,7378723
2026-07-04T19:07:50.659973,2026-07-04T19:07:50.669510+00:00,134.6,200,ask,WavyWalnuts,AverageAlmonds,7378730
2026-07-04T19:07:53.142695,2026-07-04T19:07:53.151193+00:00,134.6,25,bid,Yinxuan Li,AverageAlmonds,7378773
2026-07-04T19:07:53.249727,2026-07-04T19:07:53.250807+00:00,134.6,475,bid,YieldingYams,AverageAlmonds,7378774
2026-07-04T19:07:53.704961,2026-07-04T19:07:53.711932+00:00,134.6,150,ask,YieldingYams,AverageAlmonds,7378784
2026-07-04T19:07:53.769438,2026-07-04T19:07:53.780210+00:00,134.6,200,bid,WavyWalnuts,AverageAlmonds,7378791
2026-07-04T19:07:54.979866,2026-07-04T19:07:54.986590+00:00,134.5,200,bid,WavyWalnuts,YieldingYams,7378803
2026-07-04T19:07:55.184207,2026-07-04T19:07:55.196167+00:00,134.5,20,bid,BrilliantBurritos,YieldingYams,7378809
2026-07-04T19:07:59.798938,2026-07-04T19:07:59.809644+00:00,134.7,200,ask,WavyWalnuts,YieldingYams,7378874
2026-07-04T19:08:01.166199,2026-07-04T19:08:01.177986+00:00,134.6,20,ask,YieldingYams,BrilliantBurritos,7378895
2026-07-04T19:08:02.775470,2026-07-04T19:08:02.784714+00:00,134.6,500,ask,YieldingYams,AverageAlmonds,7378920
2026-07-04T19:08:03.397931,2026-07-04T19:08:03.405419+00:00,134.6,125,ask,YieldingYams,AverageAlmonds,7378931
2026-07-04T19:08:04.670232,2026-07-04T19:08:04.680499+00:00,134.4,200,bid,WavyWalnuts,YieldingYams,7378950
2026-07-04T19:08:05.881312,2026-07-04T19:08:05.889167+00:00,134.3,200,bid,WavyWalnuts,YieldingYams,7378964
2026-07-04T19:08:06.381599,2026-07-04T19:08:06.385480+00:00,134.4,3,ask,YieldingYams,Xuanyu Liu,7378977
2026-07-04T19:08:08.954875,2026-07-04T19:08:08.968935+00:00,134.5,200,bid,YieldingYams,WavyWalnuts,7379019
2026-07-04T19:08:09.506528,2026-07-04T19:08:09.510270+00:00,134.6,3,bid,Xuanyu Liu,AverageAlmonds,7379033
2026-07-04T19:08:10.744153,2026-07-04T19:08:10.747520+00:00,134.5,11,bid,Xuanyu Liu,WavyWalnuts,7379048
2026-07-04T19:08:11.574705,2026-07-04T19:08:11.583392+00:00,134.5,189,bid,YieldingYams,WavyWalnuts,7379061
2026-07-04T19:08:11.574705,2026-07-04T19:08:11.583392+00:00,134.5,436,bid,YieldingYams,AverageAlmonds,7379062
2026-07-04T19:08:12.888124,2026-07-04T19:08:12.899336+00:00,134.4,200,ask,WavyWalnuts,YieldingYams,7379077
2026-07-04T19:08:13.174314,2026-07-04T19:08:13.185233+00:00,134.4,25,bid,Yinxuan Li,YieldingYams,7379081
2026-07-04T19:08:14.355774,2026-07-04T19:08:14.358617+00:00,134.3,200,ask,YieldingYams,WavyWalnuts,7379103
2026-07-04T19:08:20.415244,2026-07-04T19:08:20.424633+00:00,134.2,200,ask,YieldingYams,WavyWalnuts,7379196
2026-07-04T19:08:22.078399,2026-07-04T19:08:22.085718+00:00,134.2,200,bid,YieldingYams,WavyWalnuts,7379229
2026-07-04T19:08:22.766496,2026-07-04T19:08:22.774283+00:00,134.3,425,ask,YieldingYams,AverageAlmonds,7379242
2026-07-04T19:08:23.401675,2026-07-04T19:08:23.411348+00:00,134.2,200,ask,WavyWalnuts,YieldingYams,7379254
2026-07-04T19:08:23.417301,2026-07-04T19:08:23.421309+00:00,134.2,12,bid,Xuanyu Liu,YieldingYams,7379256
2026-07-04T19:08:25.172933,2026-07-04T19:08:25.182529+00:00,134.1,500,ask,YieldingYams,AverageAlmonds,7379283
2026-07-04T19:08:25.652853,2026-07-04T19:08:25.664868+00:00,134.2,20,bid,BrilliantBurritos,WavyWalnuts,7379287
2026-07-04T19:08:25.773617,2026-07-04T19:08:25.781359+00:00,134.1,125,ask,YieldingYams,AverageAlmonds,7379288
2026-07-04T19:08:25.795511,2026-07-04T19:08:25.799320+00:00,134.1,11,bid,Xuanyu Liu,AverageAlmonds,7379290
2026-07-04T19:08:27.343989,2026-07-04T19:08:27.347947+00:00,134.0,12,bid,Xuanyu Liu,YieldingYams,7379315
2026-07-04T19:08:28.202202,2026-07-04T19:08:28.212750+00:00,134.0,25,bid,Yinxuan Li,YieldingYams,7379335
2026-07-04T19:08:28.520685,2026-07-04T19:08:28.524163+00:00,133.9,12,ask,WavyWalnuts,Xuanyu Liu,7379347
2026-07-04T19:08:31.264392,2026-07-04T19:08:31.268088+00:00,134.0,11,ask,YieldingYams,Xuanyu Liu,7379376
2026-07-04T19:08:31.330665,2026-07-04T19:08:31.337357+00:00,134.0,200,ask,YieldingYams,WavyWalnuts,7379377
2026-07-04T19:08:33.866950,2026-07-04T19:08:33.878554+00:00,134.0,200,bid,YieldingYams,WavyWalnuts,7379425
2026-07-04T19:08:34.962721,2026-07-04T19:08:34.973127+00:00,134.0,200,ask,YieldingYams,WavyWalnuts,7379445
2026-07-04T19:08:36.170935,2026-07-04T19:08:36.178570+00:00,134.0,200,bid,WavyWalnuts,YieldingYams,7379461
2026-07-04T19:08:38.020722,2026-07-04T19:08:38.024395+00:00,134.0,26,ask,YieldingYams,Xuanyu Liu,7379499
2026-07-04T19:08:38.966357,2026-07-04T19:08:38.975634+00:00,134.1,20,ask,WavyWalnuts,BrilliantBurritos,7379513
2026-07-04T19:08:39.111702,2026-07-04T19:08:39.121769+00:00,134.1,180,ask,WavyWalnuts,YieldingYams,7379514
2026-07-04T19:08:39.800650,2026-07-04T19:08:39.811610+00:00,134.1,200,bid,WavyWalnuts,YieldingYams,7379526
2026-07-04T19:08:41.010242,2026-07-04T19:08:41.017386+00:00,134.2,200,ask,YieldingYams,WavyWalnuts,7379546
2026-07-04T19:08:41.715342,2026-07-04T19:08:41.727239+00:00,134.4,20,bid,BrilliantBurritos,YieldingYams,7379549
2026-07-04T19:08:44.345883,2026-07-04T19:08:44.349375+00:00,134.0,3,ask,AverageAlmonds,Xuanyu Liu,7379598
2026-07-04T19:08:44.539833,2026-07-04T19:08:44.565305+00:00,134.1,200,bid,AverageAlmonds,WavyWalnuts,7379602
2026-07-04T19:08:44.561695,2026-07-04T19:08:44.565305+00:00,134.1,11,ask,AverageAlmonds,Xuanyu Liu,7379604
2026-07-04T19:08:45.839124,2026-07-04T19:08:45.849816+00:00,134.1,200,ask,AverageAlmonds,WavyWalnuts,7379632
2026-07-04T19:08:47.464110,2026-07-04T19:08:47.467484+00:00,134.2,11,bid,Xuanyu Liu,YieldingYams,7379661
2026-07-04T19:08:48.318002,2026-07-04T19:08:48.321065+00:00,134.1,3,bid,Xuanyu Liu,YieldingYams,7379677
2026-07-04T19:08:49.466361,2026-07-04T19:08:49.477836+00:00,134.0,200,ask,AverageAlmonds,WavyWalnuts,7379692
2026-07-04T19:08:50.591586,2026-07-04T19:08:50.601347+00:00,134.1,500,bid,AverageAlmonds,YieldingYams,7379706
2026-07-04T19:08:50.918822,2026-07-04T19:08:50.927042+00:00,134.3,200,bid,YieldingYams,WavyWalnuts,7379712
2026-07-04T19:08:53.232856,2026-07-04T19:08:53.244400+00:00,134.4,25,ask,WavyWalnuts,Yinxuan Li,7379759
2026-07-04T19:08:53.782775,2026-07-04T19:08:53.786665+00:00,134.5,3,bid,Xuanyu Liu,YieldingYams,7379767
2026-07-04T19:08:53.835240,2026-07-04T19:08:53.846827+00:00,134.4,20,ask,WavyWalnuts,BrilliantBurritos,7379769
2026-07-04T19:08:54.298488,2026-07-04T19:08:54.308923+00:00,134.5,200,bid,WavyWalnuts,YieldingYams,7379779
2026-07-04T19:08:55.911451,2026-07-04T19:08:55.923283+00:00,134.4,20,ask,WavyWalnuts,BrilliantBurritos,7379801
2026-07-04T19:09:00.110026,2026-07-04T19:09:00.113666+00:00,134.3,11,bid,Xuanyu Liu,YieldingYams,7379849
2026-07-04T19:09:01.416482,2026-07-04T19:09:01.426611+00:00,134.1,200,ask,WavyWalnuts,YieldingYams,7379868
2026-07-04T19:09:01.416482,2026-07-04T19:09:01.426611+00:00,134.1,425,ask,AverageAlmonds,YieldingYams,7379869
2026-07-04T19:09:01.584735,2026-07-04T19:09:01.591787+00:00,134.2,200,ask,AverageAlmonds,WavyWalnuts,7379871
2026-07-04T19:09:02.793857,2026-07-04T19:09:02.800650+00:00,134.2,200,ask,AverageAlmonds,WavyWalnuts,7379888
2026-07-04T19:09:03.991125,2026-07-04T19:09:04.002980+00:00,134.2,20,ask,AverageAlmonds,BrilliantBurritos,7379907
2026-07-04T19:09:04.003296,2026-07-04T19:09:04.013180+00:00,134.2,200,ask,AverageAlmonds,WavyWalnuts,7379908
2026-07-04T19:09:05.142807,2026-07-04T19:09:05.158626+00:00,134.3,500,bid,AverageAlmonds,YieldingYams,7379923
2026-07-04T19:09:05.342342,2026-07-04T19:09:05.358615+00:00,134.4,200,bid,YieldingYams,WavyWalnuts,7379926
2026-07-04T19:09:08.256759,2026-07-04T19:09:08.265780+00:00,134.5,25,bid,Yinxuan Li,WavyWalnuts,7379986
2026-07-04T19:09:09.015034,2026-07-04T19:09:09.026681+00:00,134.6,20,bid,BrilliantBurritos,YieldingYams,7379998
2026-07-04T19:09:12.830679,2026-07-04T19:09:12.834690+00:00,134.3,14,ask,WavyWalnuts,Xuanyu Liu,7380072
2026-07-04T19:09:13.266370,2026-07-04T19:09:13.277853+00:00,134.4,25,ask,YieldingYams,Yinxuan Li,7380081
2026-07-04T19:09:13.683041,2026-07-04T19:09:13.690501+00:00,134.4,200,ask,YieldingYams,WavyWalnuts,7380087
2026-07-04T19:09:17.162756,2026-07-04T19:09:17.170137+00:00,134.3,200,ask,WavyWalnuts,YieldingYams,7380143
2026-07-04T19:09:17.304494,2026-07-04T19:09:17.312783+00:00,134.3,200,bid,WavyWalnuts,YieldingYams,7380146
2026-07-04T19:09:18.512513,2026-07-04T19:09:18.521225+00:00,134.5,200,bid,WavyWalnuts,YieldingYams,7380165
2026-07-04T19:09:21.106882,2026-07-04T19:09:21.110446+00:00,134.5,3,ask,YieldingYams,Xuanyu Liu,7380221
2026-07-04T19:09:22.138806,2026-07-04T19:09:22.149682+00:00,134.5,200,ask,YieldingYams,WavyWalnuts,7380235
2026-07-04T19:09:23.346092,2026-07-04T19:09:23.354135+00:00,134.5,200,ask,YieldingYams,WavyWalnuts,7380251
2026-07-04T19:09:24.558049,2026-07-04T19:09:24.569314+00:00,134.5,200,bid,WavyWalnuts,YieldingYams,7380264
2026-07-04T19:09:26.319527,2026-07-04T19:09:26.328499+00:00,134.5,500,bid,AverageAlmonds,YieldingYams,7380284
2026-07-04T19:09:26.346298,2026-07-04T19:09:26.370620+00:00,134.6,200,bid,YieldingYams,WavyWalnuts,7380285
2026-07-04T19:09:26.366434,2026-07-04T19:09:26.370620+00:00,134.6,23,ask,YieldingYams,Xuanyu Liu,7380288
2026-07-04T19:09:27.658706,2026-07-04T19:09:27.669620+00:00,134.6,200,ask,WavyWalnuts,YieldingYams,7380320
2026-07-04T19:09:28.287932,2026-07-04T19:09:28.296600+00:00,134.5,25,ask,WavyWalnuts,Yinxuan Li,7380331
2026-07-04T19:09:30.604240,2026-07-04T19:09:30.612866+00:00,134.6,200,ask,YieldingYams,WavyWalnuts,7380367
2026-07-04T19:09:31.811006,2026-07-04T19:09:31.821650+00:00,134.4,200,ask,YieldingYams,WavyWalnuts,7380386
2026-07-04T19:09:32.907886,2026-07-04T19:09:32.911515+00:00,134.4,12,bid,Xuanyu Liu,YieldingYams,7380398
2026-07-04T19:09:35.055323,2026-07-04T19:09:35.058677+00:00,134.4,20,bid,BrilliantBurritos,WavyWalnuts,7380439
2026-07-04T19:09:36.630093,2026-07-04T19:09:36.637105+00:00,134.3,20,ask,YieldingYams,BrilliantBurritos,7380462
2026-07-04T19:09:38.131764,2026-07-04T19:09:38.135931+00:00,134.5,14,bid,Xuanyu Liu,YieldingYams,7380487
2026-07-04T19:09:41.489583,2026-07-04T19:09:41.500672+00:00,134.3,200,ask,YieldingYams,WavyWalnuts,7380526
2026-07-04T19:09:43.307996,2026-07-04T19:09:43.319568+00:00,134.3,25,ask,AverageAlmonds,Yinxuan Li,7380551
2026-07-04T19:09:43.872107,2026-07-04T19:09:43.883539+00:00,134.4,200,bid,AverageAlmonds,WavyWalnuts,7380562
2026-07-04T19:09:43.872107,2026-07-04T19:09:43.883539+00:00,134.4,300,bid,AverageAlmonds,YieldingYams,7380563
2026-07-04T19:09:48.786107,2026-07-04T19:09:48.794582+00:00,134.5,200,ask,YieldingYams,WavyWalnuts,7380636
2026-07-04T19:09:52.435652,2026-07-04T19:09:52.439534+00:00,134.5,3,bid,Xuanyu Liu,WavyWalnuts,7380683
2026-07-04T19:09:53.332980,2026-07-04T19:09:53.344326+00:00,134.5,25,bid,Yinxuan Li,WavyWalnuts,7380694
2026-07-04T19:09:53.895022,2026-07-04T19:09:53.898574+00:00,134.4,11,bid,Xuanyu Liu,YieldingYams,7380699
2026-07-04T19:09:55.187236,2026-07-04T19:09:55.197660+00:00,134.3,200,ask,WavyWalnuts,YieldingYams,7380720
2026-07-04T19:09:56.054799,2026-07-04T19:09:56.063603+00:00,134.3,200,bid,WavyWalnuts,YieldingYams,7380738
2026-07-04T19:09:56.495365,2026-07-04T19:09:56.503353+00:00,134.5,200,bid,YieldingYams,WavyWalnuts,7380742
2026-07-04T19:09:56.532636,2026-07-04T19:09:56.539263+00:00,134.6,20,bid,BrilliantBurritos,AverageAlmonds,7380745
2026-07-04T19:09:56.608040,2026-07-04T19:09:56.614909+00:00,134.5,425,ask,YieldingYams,AverageAlmonds,7380748
2026-07-04T19:09:57.278471,2026-07-04T19:09:57.282402+00:00,134.3,11,ask,WavyWalnuts,Xuanyu Liu,7380767
2026-07-04T19:10:03.434641,2026-07-04T19:10:03.438230+00:00,134.2,3,ask,WavyWalnuts,Xuanyu Liu,7380862
2026-07-04T19:10:08.185107,2026-07-04T19:10:08.192183+00:00,134.2,200,ask,YieldingYams,WavyWalnuts,7380921
2026-07-04T19:10:14.892647,2026-07-04T19:10:14.902338+00:00,134.0,200,bid,YieldingYams,WavyWalnuts,7380997
2026-07-04T19:10:15.445228,2026-07-04T19:10:15.458564+00:00,134.0,200,ask,YieldingYams,WavyWalnuts,7381010
2026-07-04T19:10:15.983699,2026-07-04T19:10:15.990545+00:00,134.2,20,bid,BrilliantBurritos,YieldingYams,7381020
2026-07-04T19:10:17.892156,2026-07-04T19:10:17.900668+00:00,133.9,200,ask,YieldingYams,WavyWalnuts,7381047
2026-07-04T19:10:19.099903,2026-07-04T19:10:19.109804+00:00,133.9,200,bid,WavyWalnuts,YieldingYams,7381061
2026-07-04T19:10:20.311984,2026-07-04T19:10:20.323292+00:00,133.9,200,bid,WavyWalnuts,YieldingYams,7381087
2026-07-04T19:10:21.524112,2026-07-04T19:10:21.535302+00:00,133.9,200,bid,WavyWalnuts,YieldingYams,7381101
2026-07-04T19:10:22.532716,2026-07-04T19:10:22.544499+00:00,133.8,20,ask,AverageAlmonds,BrilliantBurritos,7381114
2026-07-04T19:10:22.671535,2026-07-04T19:10:22.679808+00:00,133.9,425,bid,AverageAlmonds,YieldingYams,7381116
2026-07-04T19:10:29.319991,2026-07-04T19:10:29.328326+00:00,134.1,200,ask,WavyWalnuts,YieldingYams,7381198
2026-07-04T19:10:29.334826,2026-07-04T19:10:29.337960+00:00,134.0,3,bid,Xuanyu Liu,YieldingYams,7381200
2026-07-04T19:10:29.991498,2026-07-04T19:10:29.998374+00:00,134.0,200,bid,WavyWalnuts,YieldingYams,7381208
2026-07-04T19:10:31.938503,2026-07-04T19:10:31.949043+00:00,134.1,200,ask,WavyWalnuts,YieldingYams,7381237
2026-07-04T19:10:32.407338,2026-07-04T19:10:32.414284+00:00,134.1,200,bid,WavyWalnuts,YieldingYams,7381245
2026-07-04T19:10:33.951842,2026-07-04T19:10:33.958632+00:00,133.9,20,ask,WavyWalnuts,BrilliantBurritos,7381273
2026-07-04T19:10:35.465552,2026-07-04T19:10:35.477271+00:00,133.9,20,ask,YieldingYams,BrilliantBurritos,7381293
2026-07-04T19:10:36.011438,2026-07-04T19:10:36.023008+00:00,134.0,20,ask,YieldingYams,BrilliantBurritos,7381297
2026-07-04T19:10:37.245067,2026-07-04T19:10:37.252921+00:00,134.1,200,bid,WavyWalnuts,YieldingYams,7381321
2026-07-04T19:10:41.341845,2026-07-04T19:10:41.345905+00:00,134.1,11,bid,Xuanyu Liu,YieldingYams,7381368
2026-07-04T19:10:41.842159,2026-07-04T19:10:41.853949+00:00,134.1,20,bid,BrilliantBurritos,YieldingYams,7381379
2026-07-04T19:10:43.388462,2026-07-04T19:10:43.405132+00:00,134.1,25,bid,Yinxuan Li,WavyWalnuts,7381406
2026-07-04T19:10:43.732434,2026-07-04T19:10:43.739384+00:00,134.1,175,bid,YieldingYams,WavyWalnuts,7381408
2026-07-04T19:10:44.408732,2026-07-04T19:10:44.420623+00:00,134.1,20,ask,YieldingYams,BrilliantBurritos,7381419
2026-07-04T19:10:44.505382,2026-07-04T19:10:44.514123+00:00,134.1,200,ask,YieldingYams,WavyWalnuts,7381422
2026-07-04T19:10:45.070901,2026-07-04T19:10:45.074947+00:00,134.0,12,bid,Xuanyu Liu,YieldingYams,7381434
2026-07-04T19:10:45.714635,2026-07-04T19:10:45.721569+00:00,134.0,200,bid,WavyWalnuts,YieldingYams,7381447
2026-07-04T19:10:47.727089,2026-07-04T19:10:47.730762+00:00,134.1,12,ask,YieldingYams,Xuanyu Liu,7381475
2026-07-04T19:10:48.885619,2026-07-04T19:10:48.897275+00:00,134.1,20,ask,YieldingYams,BrilliantBurritos,7381499
2026-07-04T19:10:51.593671,2026-07-04T19:10:51.605043+00:00,134.2,200,bid,YieldingYams,WavyWalnuts,7381538
2026-07-04T19:10:54.008129,2026-07-04T19:10:54.011367+00:00,134.2,12,bid,Xuanyu Liu,WavyWalnuts,7381582
2026-07-04T19:10:55.552711,2026-07-04T19:10:55.557595+00:00,134.1,200,ask,WavyWalnuts,YieldingYams,7381614
2026-07-04T19:10:55.563937,2026-07-04T19:10:55.567483+00:00,134.1,11,bid,Xuanyu Liu,YieldingYams,7381616
2026-07-04T19:10:56.626759,2026-07-04T19:10:56.636775+00:00,134.1,200,bid,WavyWalnuts,YieldingYams,7381634
2026-07-04T19:10:59.053231,2026-07-04T19:10:59.068879+00:00,134.1,200,ask,YieldingYams,WavyWalnuts,7381662
2026-07-04T19:10:59.496666,2026-07-04T19:10:59.500557+00:00,134.2,11,ask,YieldingYams,Xuanyu Liu,7381671
2026-07-04T19:11:00.263583,2026-07-04T19:11:00.274594+00:00,134.2,200,ask,YieldingYams,WavyWalnuts,7381683
2026-07-04T19:11:00.384756,2026-07-04T19:11:00.388195+00:00,134.2,23,ask,YieldingYams,Xuanyu Liu,7381687
2026-07-04T19:11:02.682716,2026-07-04T19:11:02.693939+00:00,133.9,200,ask,YieldingYams,WavyWalnuts,7381722
2026-07-04T19:11:03.894042,2026-07-04T19:11:03.901586+00:00,133.9,200,ask,YieldingYams,WavyWalnuts,7381741
2026-07-04T19:11:05.103438,2026-07-04T19:11:05.113850+00:00,133.8,200,ask,YieldingYams,WavyWalnuts,7381761
2026-07-04T19:11:05.511410,2026-07-04T19:11:05.523107+00:00,134.1,20,bid,BrilliantBurritos,YieldingYams,7381763
2026-07-04T19:11:06.708392,2026-07-04T19:11:06.712173+00:00,133.8,3,ask,YieldingYams,Xuanyu Liu,7381784
2026-07-04T19:11:08.418017,2026-07-04T19:11:08.429716+00:00,133.9,25,ask,YieldingYams,Yinxuan Li,7381806
2026-07-04T19:11:13.432343,2026-07-04T19:11:13.458657+00:00,133.9,25,ask,YieldingYams,Yinxuan Li,7381886
2026-07-04T19:11:13.926426,2026-07-04T19:11:13.929836+00:00,134.0,3,ask,YieldingYams,Xuanyu Liu,7381890
2026-07-04T19:11:17.189214,2026-07-04T19:11:17.197144+00:00,134.2,200,bid,WavyWalnuts,YieldingYams,7381951
2026-07-04T19:11:19.636082,2026-07-04T19:11:19.639701+00:00,134.2,11,ask,WavyWalnuts,Xuanyu Liu,7381984
2026-07-04T19:11:29.288173,2026-07-04T19:11:29.295362+00:00,134.1,200,bid,WavyWalnuts,YieldingYams,7382127
2026-07-04T19:11:29.663803,2026-07-04T19:11:29.667373+00:00,134.2,23,ask,YieldingYams,Xuanyu Liu,7382136
2026-07-04T19:11:30.496253,2026-07-04T19:11:30.505567+00:00,134.2,200,ask,YieldingYams,WavyWalnuts,7382150
2026-07-04T19:11:33.447807,2026-07-04T19:11:33.458677+00:00,134.5,20,bid,BrilliantBurritos,YieldingYams,7382186
2026-07-04T19:11:34.049629,2026-07-04T19:11:34.058626+00:00,134.3,20,ask,WavyWalnuts,BrilliantBurritos,7382198
2026-07-04T19:11:36.205439,2026-07-04T19:11:36.213116+00:00,134.5,500,bid,YieldingYams,AverageAlmonds,7382224
2026-07-04T19:11:36.514662,2026-07-04T19:11:36.524597+00:00,134.5,125,ask,YieldingYams,AverageAlmonds,7382231
2026-07-04T19:11:36.514662,2026-07-04T19:11:36.524597+00:00,134.4,200,ask,WavyWalnuts,AverageAlmonds,7382232
2026-07-04T19:11:36.552236,2026-07-04T19:11:36.560993+00:00,134.4,175,bid,WavyWalnuts,AverageAlmonds,7382233
2026-07-04T19:11:37.111689,2026-07-04T19:11:37.122225+00:00,134.4,25,ask,WavyWalnuts,AverageAlmonds,7382253
2026-07-04T19:11:37.766251,2026-07-04T19:11:37.775106+00:00,134.3,200,bid,WavyWalnuts,AverageAlmonds,7382257
2026-07-04T19:11:40.142843,2026-07-04T19:11:40.151604+00:00,134.2,200,ask,WavyWalnuts,YieldingYams,7382282
2026-07-04T19:11:40.187868,2026-07-04T19:11:40.198247+00:00,134.1,200,bid,WavyWalnuts,YieldingYams,7382283
2026-07-04T19:11:41.394903,2026-07-04T19:11:41.402342+00:00,134.1,200,bid,WavyWalnuts,YieldingYams,7382299
2026-07-04T19:11:41.511020,2026-07-04T19:11:41.514259+00:00,134.2,12,ask,YieldingYams,Xuanyu Liu,7382302
2026-07-04T19:11:42.603211,2026-07-04T19:11:42.610905+00:00,134.2,200,ask,YieldingYams,WavyWalnuts,7382322
2026-07-04T19:11:46.234315,2026-07-04T19:11:46.242027+00:00,134.2,200,ask,YieldingYams,WavyWalnuts,7382386
2026-07-04T19:11:47.434982,2026-07-04T19:11:47.458620+00:00,134.3,20,bid,BrilliantBurritos,AverageAlmonds,7382403
2026-07-04T19:11:49.236125,2026-07-04T19:11:49.245299+00:00,134.2,500,ask,YieldingYams,AverageAlmonds,7382421
2026-07-04T19:11:49.303075,2026-07-04T19:11:49.314631+00:00,134.2,200,ask,WavyWalnuts,YieldingYams,7382425
2026-07-04T19:11:49.862077,2026-07-04T19:11:49.873672+00:00,134.2,20,bid,BrilliantBurritos,YieldingYams,7382432
2026-07-04T19:11:50.941753,2026-07-04T19:11:50.958865+00:00,134.1,20,ask,WavyWalnuts,BrilliantBurritos,7382446
2026-07-04T19:11:51.923774,2026-07-04T19:11:51.935312+00:00,134.0,200,ask,WavyWalnuts,YieldingYams,7382461
2026-07-04T19:11:54.164204,2026-07-04T19:11:54.167686+00:00,133.8,51,ask,YieldingYams,Xuanyu Liu,7382492
2026-07-04T19:11:54.261338,2026-07-04T19:11:54.272813+00:00,133.8,22,ask,YieldingYams,Zihao Wu,7382493
2026-07-04T19:11:54.538787,2026-07-04T19:11:54.541738+00:00,134.0,200,bid,YieldingYams,WavyWalnuts,7382502
2026-07-04T19:11:55.243091,2026-07-04T19:11:55.246664+00:00,134.1,6,bid,Xuanyu Liu,WavyWalnuts,7382518
2026-07-04T19:11:57.180024,2026-07-04T19:11:57.184519+00:00,134.0,11,bid,Xuanyu Liu,WavyWalnuts,7382554
2026-07-04T19:11:59.526920,2026-07-04T19:11:59.537675+00:00,133.9,500,bid,AverageAlmonds,YieldingYams,7382593
2026-07-04T19:11:59.791679,2026-07-04T19:11:59.799695+00:00,133.9,200,bid,YieldingYams,WavyWalnuts,7382603
2026-07-04T19:12:00.801051,2026-07-04T19:12:00.809805+00:00,134.0,200,ask,AverageAlmonds,WavyWalnuts,7382620
2026-07-04T19:12:02.986740,2026-07-04T19:12:02.998452+00:00,134.1,20,bid,BrilliantBurritos,WavyWalnuts,7382655
2026-07-04T19:12:03.608122,2026-07-04T19:12:03.612124+00:00,134.1,12,bid,Xuanyu Liu,YieldingYams,7382660
2026-07-04T19:12:03.716423,2026-07-04T19:12:03.723872+00:00,134.1,200,bid,YieldingYams,WavyWalnuts,7382662
2026-07-04T19:12:04.428331,2026-07-04T19:12:04.435748+00:00,134.1,200,ask,YieldingYams,WavyWalnuts,7382673
2026-07-04T19:12:05.635652,2026-07-04T19:12:05.645250+00:00,134.0,200,ask,YieldingYams,WavyWalnuts,7382697
2026-07-04T19:12:07.669496,2026-07-04T19:12:07.673643+00:00,134.0,11,bid,Xuanyu Liu,YieldingYams,7382725
2026-07-04T19:12:07.793880,2026-07-04T19:12:07.805457+00:00,134.0,20,bid,BrilliantBurritos,YieldingYams,7382728
2026-07-04T19:12:08.956323,2026-07-04T19:12:08.956145+00:00,133.9,200,ask,WavyWalnuts,YieldingYams,7382748
2026-07-04T19:12:08.956323,2026-07-04T19:12:08.969185+00:00,133.9,425,ask,AverageAlmonds,YieldingYams,7382749
2026-07-04T19:12:10.263036,2026-07-04T19:12:10.279911+00:00,134.0,200,bid,YieldingYams,WavyWalnuts,7382760
2026-07-04T19:12:10.276288,2026-07-04T19:12:10.279911+00:00,134.1,11,ask,YieldingYams,Xuanyu Liu,7382762
2026-07-04T19:12:10.470264,2026-07-04T19:12:10.477046+00:00,134.1,200,ask,YieldingYams,WavyWalnuts,7382767
2026-07-04T19:12:11.695526,2026-07-04T19:12:11.699024+00:00,134.1,10,bid,Xuanyu Liu,WavyWalnuts,7382801
2026-07-04T19:12:13.091723,2026-07-04T19:12:13.095364+00:00,134.1,12,bid,Xuanyu Liu,WavyWalnuts,7382828
2026-07-04T19:12:14.287458,2026-07-04T19:12:14.294711+00:00,134.2,22,bid,Zihao Wu,WavyWalnuts,7382859
2026-07-04T19:12:16.823488,2026-07-04T19:12:16.833628+00:00,134.2,200,ask,WavyWalnuts,YieldingYams,7382903
2026-07-04T19:12:17.716822,2026-07-04T19:12:17.724387+00:00,134.1,200,bid,WavyWalnuts,YieldingYams,7382921
2026-07-04T19:12:20.851889,2026-07-04T19:12:20.858662+00:00,134.0,20,ask,YieldingYams,BrilliantBurritos,7382966
2026-07-04T19:12:22.593892,2026-07-04T19:12:22.597791+00:00,134.2,12,bid,Xuanyu Liu,YieldingYams,7382988
2026-07-04T19:12:22.959579,2026-07-04T19:12:22.971345+00:00,134.1,20,ask,WavyWalnuts,BrilliantBurritos,7382993
2026-07-04T19:12:23.765640,2026-07-04T19:12:23.774401+00:00,134.2,200,bid,WavyWalnuts,YieldingYams,7383001
2026-07-04T19:12:25.984255,2026-07-04T19:12:25.991320+00:00,134.2,500,bid,YieldingYams,AverageAlmonds,7383036
2026-07-04T19:12:26.146888,2026-07-04T19:12:26.154040+00:00,134.2,125,ask,YieldingYams,AverageAlmonds,7383039
2026-07-04T19:12:26.180870,2026-07-04T19:12:26.190008+00:00,134.2,200,bid,WavyWalnuts,AverageAlmonds,7383040
2026-07-04T19:12:30.000724,2026-07-04T19:12:30.004037+00:00,134.2,11,bid,Xuanyu Liu,YieldingYams,7383092
2026-07-04T19:12:31.038481,2026-07-04T19:12:31.042067+00:00,134.1,12,bid,Xuanyu Liu,WavyWalnuts,7383110
2026-07-04T19:12:32.092175,2026-07-04T19:12:32.096192+00:00,134.1,11,bid,Xuanyu Liu,WavyWalnuts,7383129
2026-07-04T19:12:32.235274,2026-07-04T19:12:32.244028+00:00,134.0,200,ask,YieldingYams,WavyWalnuts,7383133
2026-07-04T19:12:32.547353,2026-07-04T19:12:32.550763+00:00,133.9,3,bid,Xuanyu Liu,YieldingYams,7383143
2026-07-04T19:12:33.441119,2026-07-04T19:12:33.451644+00:00,133.9,200,bid,WavyWalnuts,YieldingYams,7383157
2026-07-04T19:12:34.651263,2026-07-04T19:12:34.660622+00:00,134.0,200,bid,WavyWalnuts,YieldingYams,7383169
2026-07-04T19:12:35.887800,2026-07-04T19:12:35.891463+00:00,134.0,3,ask,WavyWalnuts,Xuanyu Liu,7383188
2026-07-04T19:12:36.464678,2026-07-04T19:12:36.474606+00:00,134.0,197,ask,WavyWalnuts,YieldingYams,7383192
2026-07-04T19:12:37.776372,2026-07-04T19:12:37.789208+00:00,134.0,200,bid,YieldingYams,WavyWalnuts,7383218
2026-07-04T19:12:40.392372,2026-07-04T19:12:40.399239+00:00,134.0,200,ask,WavyWalnuts,YieldingYams,7383268
2026-07-04T19:12:44.381383,2026-07-04T19:12:44.391307+00:00,133.9,20,ask,WavyWalnuts,BrilliantBurritos,7383332
2026-07-04T19:12:45.542680,2026-07-04T19:12:45.549719+00:00,134.0,200,bid,WavyWalnuts,YieldingYams,7383347
2026-07-04T19:12:47.908104,2026-07-04T19:12:47.911926+00:00,134.0,3,bid,Xuanyu Liu,WavyWalnuts,7383392
2026-07-04T19:12:49.196028,2026-07-04T19:12:49.205506+00:00,133.8,200,ask,AverageAlmonds,WavyWalnuts,7383415
2026-07-04T19:12:49.568865,2026-07-04T19:12:49.577463+00:00,133.8,300,ask,AverageAlmonds,YieldingYams,7383423
2026-07-04T19:12:49.585540,2026-07-04T19:12:49.589503+00:00,133.7,3,bid,Xuanyu Liu,YieldingYams,7383425
2026-07-04T19:12:49.747544,2026-07-04T19:12:49.758611+00:00,133.7,322,bid,AverageAlmonds,YieldingYams,7383427
2026-07-04T19:12:51.092618,2026-07-04T19:12:51.104614+00:00,133.8,20,ask,WavyWalnuts,BrilliantBurritos,7383456
2026-07-04T19:12:53.499713,2026-07-04T19:12:53.510414+00:00,133.8,200,ask,WavyWalnuts,YieldingYams,7383491
2026-07-04T19:12:53.499713,2026-07-04T19:12:53.510414+00:00,133.7,425,ask,AverageAlmonds,YieldingYams,7383492
2026-07-04T19:12:54.303878,2026-07-04T19:12:54.307795+00:00,133.9,3,ask,WavyWalnuts,Xuanyu Liu,7383505
2026-07-04T19:12:54.821521,2026-07-04T19:12:54.825171+00:00,134.0,3,ask,YieldingYams,Xuanyu Liu,7383513
2026-07-04T19:12:57.423775,2026-07-04T19:12:57.431635+00:00,134.0,200,ask,WavyWalnuts,YieldingYams,7383547
2026-07-04T19:12:57.442863,2026-07-04T19:12:57.446796+00:00,133.8,3,bid,Xuanyu Liu,YieldingYams,7383549
2026-07-04T19:12:57.662624,2026-07-04T19:12:57.672448+00:00,133.8,200,bid,WavyWalnuts,YieldingYams,7383552
2026-07-04T19:12:58.745511,2026-07-04T19:12:58.749421+00:00,134.0,3,ask,YieldingYams,Xuanyu Liu,7383571
2026-07-04T19:12:58.871147,2026-07-04T19:12:58.880520+00:00,134.0,200,ask,YieldingYams,WavyWalnuts,7383573
2026-07-04T19:13:00.631243,2026-07-04T19:13:00.635473+00:00,133.9,11,ask,YieldingYams,Xuanyu Liu,7383613
2026-07-04T19:13:01.297858,2026-07-04T19:13:01.305838+00:00,133.9,200,ask,YieldingYams,WavyWalnuts,7383620
2026-07-04T19:13:02.694736,2026-07-04T19:13:02.706242+00:00,134.0,200,bid,YieldingYams,WavyWalnuts,7383643
2026-07-04T19:13:02.946204,2026-07-04T19:13:02.958542+00:00,134.0,20,ask,YieldingYams,BrilliantBurritos,7383653
2026-07-04T19:13:05.318052,2026-07-04T19:13:05.326033+00:00,134.0,200,ask,WavyWalnuts,YieldingYams,7383685
2026-07-04T19:13:07.975740,2026-07-04T19:13:07.979609+00:00,134.2,23,ask,YieldingYams,Xuanyu Liu,7383718
2026-07-04T19:13:10.574753,2026-07-04T19:13:10.582283+00:00,134.3,500,bid,YieldingYams,AverageAlmonds,7383749
2026-07-04T19:13:10.934205,2026-07-04T19:13:10.943074+00:00,134.3,125,ask,YieldingYams,AverageAlmonds,7383753
2026-07-04T19:13:13.305592,2026-07-04T19:13:13.310051+00:00,134.2,23,ask,YieldingYams,Xuanyu Liu,7383780
2026-07-04T19:13:15.810785,2026-07-04T19:13:15.834894+00:00,134.3,500,bid,YieldingYams,AverageAlmonds,7383808
2026-07-04T19:13:15.831454,2026-07-04T19:13:15.834894+00:00,134.3,11,ask,YieldingYams,Xuanyu Liu,7383810
2026-07-04T19:13:16.379641,2026-07-04T19:13:16.387847+00:00,134.3,114,ask,YieldingYams,AverageAlmonds,7383818
2026-07-04T19:13:16.379641,2026-07-04T19:13:16.387847+00:00,134.2,200,ask,WavyWalnuts,AverageAlmonds,7383819
2026-07-04T19:13:16.414273,2026-07-04T19:13:16.417989+00:00,134.2,11,bid,Xuanyu Liu,AverageAlmonds,7383823
2026-07-04T19:13:18.217548,2026-07-04T19:13:18.225114+00:00,134.2,200,ask,WavyWalnuts,AverageAlmonds,7383845
2026-07-04T19:13:18.861546,2026-07-04T19:13:18.873253+00:00,134.2,20,bid,BrilliantBurritos,YieldingYams,7383859
2026-07-04T19:13:20.700210,2026-07-04T19:13:20.707399+00:00,134.2,20,bid,BrilliantBurritos,YieldingYams,7383886
2026-07-04T19:13:27.608305,2026-07-04T19:13:27.612170+00:00,134.2,11,bid,Xuanyu Liu,YieldingYams,7384002
2026-07-04T19:13:27.955930,2026-07-04T19:13:27.969000+00:00,134.2,200,bid,WavyWalnuts,YieldingYams,7384006
2026-07-04T19:13:30.210270,2026-07-04T19:13:30.221499+00:00,134.2,200,ask,WavyWalnuts,YieldingYams,7384041
2026-07-04T19:13:32.307445,2026-07-04T19:13:32.311084+00:00,134.2,23,bid,Xuanyu Liu,AverageAlmonds,7384072
2026-07-04T19:13:32.792149,2026-07-04T19:13:32.802207+00:00,134.2,200,bid,WavyWalnuts,AverageAlmonds,7384079
2026-07-04T19:13:33.956207,2026-07-04T19:13:33.958587+00:00,134.1,500,ask,YieldingYams,AverageAlmonds,7384094
2026-07-04T19:13:34.134977,2026-07-04T19:13:34.144270+00:00,134.2,200,ask,WavyWalnuts,YieldingYams,7384098
2026-07-04T19:13:34.569949,2026-07-04T19:13:34.573530+00:00,134.1,12,bid,Xuanyu Liu,AverageAlmonds,7384104
2026-07-04T19:13:35.449538,2026-07-04T19:13:35.454032+00:00,134.1,500,bid,YieldingYams,AverageAlmonds,7384120
2026-07-04T19:13:35.469536,2026-07-04T19:13:35.473119+00:00,134.1,12,ask,YieldingYams,Xuanyu Liu,7384122
2026-07-04T19:13:35.756632,2026-07-04T19:13:35.768924+00:00,134.1,113,ask,YieldingYams,AverageAlmonds,7384124
2026-07-04T19:13:36.428109,2026-07-04T19:13:36.436653+00:00,134.1,200,bid,WavyWalnuts,AverageAlmonds,7384134
2026-07-04T19:13:37.637127,2026-07-04T19:13:37.645069+00:00,133.9,200,bid,WavyWalnuts,YieldingYams,7384152
2026-07-04T19:13:38.855064,2026-07-04T19:13:38.868696+00:00,134.0,200,bid,WavyWalnuts,AverageAlmonds,7384178
2026-07-04T19:13:40.063785,2026-07-04T19:13:40.071051+00:00,134.1,200,bid,WavyWalnuts,AverageAlmonds,7384203
2026-07-04T19:13:41.274881,2026-07-04T19:13:41.284742+00:00,134.0,200,bid,WavyWalnuts,AverageAlmonds,7384217
2026-07-04T19:13:42.505179,2026-07-04T19:13:42.514631+00:00,134.0,200,bid,WavyWalnuts,YieldingYams,7384243
2026-07-04T19:13:43.714922,2026-07-04T19:13:43.725297+00:00,134.1,200,bid,WavyWalnuts,YieldingYams,7384258
2026-07-04T19:13:44.640639,2026-07-04T19:13:44.644172+00:00,134.1,11,ask,YieldingYams,Xuanyu Liu,7384279
2026-07-04T19:13:44.925806,2026-07-04T19:13:44.934868+00:00,134.1,200,ask,YieldingYams,WavyWalnuts,7384282
2026-07-04T19:13:45.454700,2026-07-04T19:13:45.463628+00:00,134.1,414,ask,YieldingYams,AverageAlmonds,7384292
2026-07-04T19:13:45.937194,2026-07-04T19:13:45.948667+00:00,133.9,200,ask,WavyWalnuts,YieldingYams,7384295
2026-07-04T19:13:46.131532,2026-07-04T19:13:46.139437+00:00,133.9,200,bid,WavyWalnuts,YieldingYams,7384300
2026-07-04T19:13:46.801023,2026-07-04T19:13:46.810308+00:00,133.7,20,ask,YieldingYams,BrilliantBurritos,7384312
2026-07-04T19:13:48.095053,2026-07-04T19:13:48.106566+00:00,133.8,20,ask,WavyWalnuts,BrilliantBurritos,7384328
2026-07-04T19:13:48.546361,2026-07-04T19:13:48.558551+00:00,134.0,200,bid,WavyWalnuts,YieldingYams,7384336
2026-07-04T19:13:49.025051,2026-07-04T19:13:49.036776+00:00,133.8,20,ask,YieldingYams,BrilliantBurritos,7384342
2026-07-04T19:13:49.753718,2026-07-04T19:13:49.758583+00:00,134.0,200,bid,WavyWalnuts,YieldingYams,7384357
2026-07-04T19:13:50.314310,2026-07-04T19:13:50.323499+00:00,133.9,500,ask,YieldingYams,AverageAlmonds,7384361
2026-07-04T19:13:50.909025,2026-07-04T19:13:50.916153+00:00,133.9,125,ask,YieldingYams,AverageAlmonds,7384379
2026-07-04T19:13:50.960866,2026-07-04T19:13:50.970451+00:00,133.8,200,bid,WavyWalnuts,AverageAlmonds,7384380
2026-07-04T19:13:51.199076,2026-07-04T19:13:51.208630+00:00,133.8,175,bid,YieldingYams,AverageAlmonds,7384386
2026-07-04T19:13:51.511693,2026-07-04T19:13:51.518909+00:00,133.8,450,ask,YieldingYams,AverageAlmonds,7384389
2026-07-04T19:13:52.167679,2026-07-04T19:13:52.174746+00:00,133.7,200,bid,WavyWalnuts,AverageAlmonds,7384405
2026-07-04T19:13:52.511505,2026-07-04T19:13:52.522559+00:00,133.7,300,bid,YieldingYams,AverageAlmonds,7384411
2026-07-04T19:13:52.718696,2026-07-04T19:13:52.728239+00:00,133.7,325,ask,YieldingYams,AverageAlmonds,7384416
2026-07-04T19:13:53.375315,2026-07-04T19:13:53.384839+00:00,133.7,200,bid,WavyWalnuts,AverageAlmonds,7384436
2026-07-04T19:13:54.124323,2026-07-04T19:13:54.136000+00:00,133.7,20,bid,BrilliantBurritos,YieldingYams,7384457
2026-07-04T19:13:54.582644,2026-07-04T19:13:54.592407+00:00,133.7,200,bid,WavyWalnuts,YieldingYams,7384460
2026-07-04T19:13:56.442096,2026-07-04T19:13:56.458566+00:00,133.6,200,ask,WavyWalnuts,YieldingYams,7384490
2026-07-04T19:13:56.596516,2026-07-04T19:13:56.608355+00:00,133.4,20,bid,BrilliantBurritos,YieldingYams,7384492
2026-07-04T19:13:57.006532,2026-07-04T19:13:57.016734+00:00,133.4,200,bid,WavyWalnuts,YieldingYams,7384505
2026-07-04T19:13:57.649990,2026-07-04T19:13:57.653529+00:00,133.2,12,ask,YieldingYams,Xuanyu Liu,7384515
2026-07-04T19:13:57.763594,2026-07-04T19:13:57.767176+00:00,133.4,22,ask,YieldingYams,Xuanyu Liu,7384518
2026-07-04T19:13:58.214626,2026-07-04T19:13:58.226471+00:00,133.6,200,bid,WavyWalnuts,YieldingYams,7384528
2026-07-04T19:14:00.816066,2026-07-04T19:14:00.820044+00:00,133.6,22,bid,Xuanyu Liu,AverageAlmonds,7384567
2026-07-04T19:14:01.844295,2026-07-04T19:14:01.853933+00:00,133.6,200,bid,WavyWalnuts,YieldingYams,7384587
2026-07-04T19:14:02.433563,2026-07-04T19:14:02.437087+00:00,133.5,12,bid,Xuanyu Liu,AverageAlmonds,7384596
2026-07-04T19:14:02.984703,2026-07-04T19:14:02.991199+00:00,133.5,488,bid,YieldingYams,AverageAlmonds,7384604
2026-07-04T19:14:03.010176,2026-07-04T19:14:03.017773+00:00,133.7,137,ask,YieldingYams,AverageAlmonds,7384605
2026-07-04T19:14:09.325526,2026-07-04T19:14:09.337224+00:00,133.2,20,ask,YieldingYams,BrilliantBurritos,7384696
2026-07-04T19:14:10.954184,2026-07-04T19:14:10.966116+00:00,133.4,20,bid,BrilliantBurritos,YieldingYams,7384727
2026-07-04T19:14:11.556095,2026-07-04T19:14:11.565407+00:00,133.4,200,bid,WavyWalnuts,YieldingYams,7384736
2026-07-04T19:14:13.981066,2026-07-04T19:14:13.991239+00:00,133.4,200,ask,YieldingYams,WavyWalnuts,7384774
2026-07-04T19:14:14.926273,2026-07-04T19:14:14.937772+00:00,133.5,20,ask,YieldingYams,BrilliantBurritos,7384782
2026-07-04T19:14:15.190528,2026-07-04T19:14:15.199577+00:00,133.5,200,ask,YieldingYams,WavyWalnuts,7384786
2026-07-04T19:14:16.396435,2026-07-04T19:14:16.403107+00:00,133.5,200,bid,WavyWalnuts,YieldingYams,7384803
2026-07-04T19:14:19.756518,2026-07-04T19:14:19.760874+00:00,133.6,23,bid,Xuanyu Liu,WavyWalnuts,7384871
2026-07-04T19:14:19.941676,2026-07-04T19:14:19.958611+00:00,133.6,20,bid,BrilliantBurritos,WavyWalnuts,7384876
2026-07-04T19:14:21.329076,2026-07-04T19:14:21.349776+00:00,133.5,200,ask,WavyWalnuts,YieldingYams,7384900
2026-07-04T19:14:21.345575,2026-07-04T19:14:21.349776+00:00,133.5,11,bid,Xuanyu Liu,YieldingYams,7384902
2026-07-04T19:14:21.969711,2026-07-04T19:14:21.979008+00:00,133.5,20,bid,BrilliantBurritos,YieldingYams,7384913
2026-07-04T19:14:24.232841,2026-07-04T19:14:24.249940+00:00,133.5,20,bid,BrilliantBurritos,WavyWalnuts,7384947
2026-07-04T19:14:26.093267,2026-07-04T19:14:26.100457+00:00,133.4,200,ask,YieldingYams,WavyWalnuts,7384977
2026-07-04T19:14:27.896313,2026-07-04T19:14:27.907327+00:00,133.3,200,ask,WavyWalnuts,YieldingYams,7385006
2026-07-04T19:14:27.896313,2026-07-04T19:14:27.907327+00:00,133.2,425,ask,AverageAlmonds,YieldingYams,7385007
2026-07-04T19:14:30.258727,2026-07-04T19:14:30.265547+00:00,133.4,200,bid,AverageAlmonds,WavyWalnuts,7385039
2026-07-04T19:14:30.883639,2026-07-04T19:14:30.891299+00:00,133.5,500,bid,AverageAlmonds,YieldingYams,7385049
2026-07-04T19:14:30.939065,2026-07-04T19:14:30.949999+00:00,133.3,200,ask,YieldingYams,WavyWalnuts,7385051
2026-07-04T19:14:31.480301,2026-07-04T19:14:31.491956+00:00,133.5,125,bid,AverageAlmonds,YieldingYams,7385054
2026-07-04T19:14:31.507595,2026-07-04T19:14:31.511134+00:00,133.5,11,ask,AverageAlmonds,Xuanyu Liu,7385056
2026-07-04T19:14:32.151929,2026-07-04T19:14:32.155898+00:00,133.4,200,ask,YieldingYams,WavyWalnuts,7385063
2026-07-04T19:14:33.004969,2026-07-04T19:14:33.016599+00:00,133.4,20,ask,YieldingYams,BrilliantBurritos,7385079
2026-07-04T19:14:34.106907,2026-07-04T19:14:34.118378+00:00,133.6,20,bid,BrilliantBurritos,WavyWalnuts,7385097
2026-07-04T19:14:36.995591,2026-07-04T19:14:37.005949+00:00,133.5,200,ask,YieldingYams,WavyWalnuts,7385139
2026-07-04T19:14:44.740677,2026-07-04T19:14:44.750969+00:00,133.4,20,ask,WavyWalnuts,BrilliantBurritos,7385274
2026-07-04T19:14:49.680998,2026-07-04T19:14:49.690822+00:00,133.2,500,ask,YieldingYams,AverageAlmonds,7385352
2026-07-04T19:14:50.165749,2026-07-04T19:14:50.177298+00:00,133.2,200,ask,WavyWalnuts,YieldingYams,7385357
2026-07-04T19:14:50.324928,2026-07-04T19:14:50.328567+00:00,133.1,11,bid,Xuanyu Liu,WavyWalnuts,7385361
2026-07-04T19:14:51.479411,2026-07-04T19:14:51.490222+00:00,133.1,189,bid,YieldingYams,WavyWalnuts,7385373
2026-07-04T19:14:55.221405,2026-07-04T19:14:55.233243+00:00,133.2,20,ask,YieldingYams,BrilliantBurritos,7385434
2026-07-04T19:14:56.718349,2026-07-04T19:14:56.727660+00:00,133.3,200,bid,YieldingYams,WavyWalnuts,7385457
2026-07-04T19:14:56.926955,2026-07-04T19:14:56.933946+00:00,133.3,425,ask,YieldingYams,AverageAlmonds,7385459
2026-07-04T19:14:57.285282,2026-07-04T19:14:57.296996+00:00,133.0,20,ask,WavyWalnuts,BrilliantBurritos,7385466
2026-07-04T19:15:01.630321,2026-07-04T19:15:01.638860+00:00,133.1,20,bid,BrilliantBurritos,WavyWalnuts,7385528
2026-07-04T19:15:03.278440,2026-07-04T19:15:03.285360+00:00,133.0,200,bid,YieldingYams,WavyWalnuts,7385544
2026-07-04T19:15:03.574571,2026-07-04T19:15:03.586390+00:00,133.1,425,ask,YieldingYams,AverageAlmonds,7385545
2026-07-04T19:15:06.052973,2026-07-04T19:15:06.050174+00:00,133.0,200,bid,WavyWalnuts,YieldingYams,7385575
2026-07-04T19:15:06.663738,2026-07-04T19:15:06.673946+00:00,133.0,20,bid,BrilliantBurritos,YieldingYams,7385585
2026-07-04T19:15:08.558543,2026-07-04T19:15:08.578284+00:00,132.9,200,ask,WavyWalnuts,YieldingYams,7385616
2026-07-04T19:15:08.574827,2026-07-04T19:15:08.578284+00:00,132.9,3,bid,Xuanyu Liu,YieldingYams,7385618
2026-07-04T19:15:09.520599,2026-07-04T19:15:09.532403+00:00,132.7,20,ask,YieldingYams,BrilliantBurritos,7385630
2026-07-04T19:15:09.687245,2026-07-04T19:15:09.697992+00:00,132.9,200,bid,WavyWalnuts,YieldingYams,7385633
2026-07-04T19:15:10.901765,2026-07-04T19:15:10.912137+00:00,132.9,200,ask,YieldingYams,WavyWalnuts,7385650
2026-07-04T19:15:19.964582,2026-07-04T19:15:19.968363+00:00,132.8,14,bid,Xuanyu Liu,YieldingYams,7385768
2026-07-04T19:15:20.331414,2026-07-04T19:15:20.341791+00:00,132.7,200,ask,WavyWalnuts,YieldingYams,7385775
2026-07-04T19:15:20.347420,2026-07-04T19:15:20.351046+00:00,132.6,23,bid,Xuanyu Liu,YieldingYams,7385777
2026-07-04T19:15:20.498836,2026-07-04T19:15:20.505804+00:00,132.6,8,bid,Zihao Wu,YieldingYams,7385780
2026-07-04T19:15:20.563727,2026-07-04T19:15:20.573593+00:00,132.6,200,bid,WavyWalnuts,YieldingYams,7385783
2026-07-04T19:15:21.770466,2026-07-04T19:15:21.779554+00:00,132.7,200,bid,WavyWalnuts,YieldingYams,7385803
2026-07-04T19:15:22.975515,2026-07-04T19:15:22.979240+00:00,132.7,11,ask,YieldingYams,Xuanyu Liu,7385827
2026-07-04T19:15:22.981827,2026-07-04T19:15:22.994971+00:00,132.7,200,ask,YieldingYams,WavyWalnuts,7385828
2026-07-04T19:15:28.693108,2026-07-04T19:15:28.700940+00:00,132.8,25,bid,Yinxuan Li,YieldingYams,7385934
2026-07-04T19:15:32.096583,2026-07-04T19:15:32.104400+00:00,132.8,20,bid,BrilliantBurritos,WavyWalnuts,7385988
2026-07-04T19:15:32.476731,2026-07-04T19:15:32.488363+00:00,132.7,20,ask,AverageAlmonds,BrilliantBurritos,7385992
2026-07-04T19:15:32.626653,2026-07-04T19:15:32.637051+00:00,132.8,180,bid,AverageAlmonds,WavyWalnuts,7385993
2026-07-04T19:15:33.707268,2026-07-04T19:15:33.714537+00:00,132.9,25,bid,Yinxuan Li,WavyWalnuts,7386011
2026-07-04T19:15:33.829306,2026-07-04T19:15:33.837058+00:00,132.9,175,bid,AverageAlmonds,WavyWalnuts,7386014
2026-07-04T19:15:33.829306,2026-07-04T19:15:33.842305+00:00,132.9,325,bid,AverageAlmonds,YieldingYams,7386015
2026-07-04T19:15:34.426507,2026-07-04T19:15:34.435634+00:00,132.9,300,bid,AverageAlmonds,YieldingYams,7386023
2026-07-04T19:15:34.733866,2026-07-04T19:15:34.743463+00:00,133.0,200,bid,YieldingYams,WavyWalnuts,7386034
2026-07-04T19:15:35.087514,2026-07-04T19:15:35.097121+00:00,133.0,200,ask,YieldingYams,WavyWalnuts,7386038
2026-07-04T19:15:36.064390,2026-07-04T19:15:36.068023+00:00,133.0,11,bid,Xuanyu Liu,YieldingYams,7386058
2026-07-04T19:15:37.475104,2026-07-04T19:15:37.485450+00:00,133.0,200,bid,AverageAlmonds,WavyWalnuts,7386069
2026-07-04T19:15:37.475104,2026-07-04T19:15:37.485450+00:00,133.0,300,bid,AverageAlmonds,YieldingYams,7386070
2026-07-04T19:15:38.067203,2026-07-04T19:15:38.076107+00:00,133.0,325,bid,AverageAlmonds,YieldingYams,7386078
2026-07-04T19:15:38.731580,2026-07-04T19:15:38.740121+00:00,133.2,25,bid,Yinxuan Li,WavyWalnuts,7386088
2026-07-04T19:15:38.953998,2026-07-04T19:15:38.957766+00:00,133.0,11,ask,YieldingYams,Xuanyu Liu,7386091
2026-07-04T19:15:39.294470,2026-07-04T19:15:39.313450+00:00,133.1,12,ask,AverageAlmonds,Xuanyu Liu,7386103
2026-07-04T19:15:40.525808,2026-07-04T19:15:40.537343+00:00,133.0,8,ask,YieldingYams,Zihao Wu,7386117
2026-07-04T19:15:41.517040,2026-07-04T19:15:41.528977+00:00,133.1,20,bid,BrilliantBurritos,WavyWalnuts,7386130
2026-07-04T19:15:41.690919,2026-07-04T19:15:41.701626+00:00,133.1,180,bid,AverageAlmonds,WavyWalnuts,7386133
2026-07-04T19:15:42.063912,2026-07-04T19:15:42.067746+00:00,133.2,12,bid,Xuanyu Liu,YieldingYams,7386140
2026-07-04T19:15:43.570770,2026-07-04T19:15:43.579570+00:00,133.1,200,ask,YieldingYams,WavyWalnuts,7386161
2026-07-04T19:15:43.749603,2026-07-04T19:15:43.758608+00:00,133.3,25,bid,Yinxuan Li,YieldingYams,7386163
2026-07-04T19:15:45.317250,2026-07-04T19:15:45.329248+00:00,133.2,20,bid,BrilliantBurritos,YieldingYams,7386190
2026-07-04T19:15:48.403202,2026-07-04T19:15:48.416994+00:00,133.1,200,ask,YieldingYams,WavyWalnuts,7386237
2026-07-04T19:15:49.132640,2026-07-04T19:15:49.143904+00:00,133.1,500,ask,AverageAlmonds,YieldingYams,7386255
2026-07-04T19:15:49.569923,2026-07-04T19:15:49.581409+00:00,133.1,125,bid,AverageAlmonds,YieldingYams,7386260
2026-07-04T19:15:49.624655,2026-07-04T19:15:49.627945+00:00,133.3,23,ask,WavyWalnuts,Xuanyu Liu,7386265
2026-07-04T19:15:53.058506,2026-07-04T19:15:53.065786+00:00,133.3,200,bid,YieldingYams,WavyWalnuts,7386318
2026-07-04T19:15:57.864110,2026-07-04T19:15:57.867625+00:00,133.5,11,bid,Xuanyu Liu,WavyWalnuts,7386398
2026-07-04T19:15:58.772070,2026-07-04T19:15:58.781033+00:00,133.6,25,bid,Yinxuan Li,YieldingYams,7386407
2026-07-04T19:16:00.524466,2026-07-04T19:16:00.534712+00:00,133.6,200,bid,WavyWalnuts,YieldingYams,7386433
2026-07-04T19:16:02.239630,2026-07-04T19:16:02.247860+00:00,133.6,200,ask,WavyWalnuts,YieldingYams,7386454
2026-07-04T19:16:04.859881,2026-07-04T19:16:04.869752+00:00,133.5,200,ask,WavyWalnuts,YieldingYams,7386496
2026-07-04T19:16:05.164521,2026-07-04T19:16:05.176575+00:00,133.3,20,ask,YieldingYams,BrilliantBurritos,7386500
2026-07-04T19:16:06.700282,2026-07-04T19:16:06.712199+00:00,133.4,20,ask,YieldingYams,BrilliantBurritos,7386522
2026-07-04T19:16:10.204819,2026-07-04T19:16:10.211705+00:00,133.5,200,bid,WavyWalnuts,YieldingYams,7386567
2026-07-04T19:16:11.436458,2026-07-04T19:16:11.441038+00:00,133.5,14,ask,WavyWalnuts,Xuanyu Liu,7386586
2026-07-04T19:16:12.268009,2026-07-04T19:16:12.280091+00:00,133.5,20,ask,WavyWalnuts,BrilliantBurritos,7386603
2026-07-04T19:16:12.632173,2026-07-04T19:16:12.638854+00:00,133.6,200,bid,WavyWalnuts,YieldingYams,7386609
2026-07-04T19:16:21.882974,2026-07-04T19:16:21.890253+00:00,133.4,200,ask,WavyWalnuts,YieldingYams,7386746
2026-07-04T19:16:21.882974,2026-07-04T19:16:21.895695+00:00,133.2,425,ask,AverageAlmonds,YieldingYams,7386747
2026-07-04T19:16:23.192660,2026-07-04T19:16:23.202187+00:00,133.4,200,ask,WavyWalnuts,YieldingYams,7386765
2026-07-04T19:16:23.533833,2026-07-04T19:16:23.543975+00:00,133.4,200,bid,WavyWalnuts,YieldingYams,7386767
2026-07-04T19:16:23.801943,2026-07-04T19:16:23.813405+00:00,133.3,25,ask,AverageAlmonds,Yinxuan Li,7386770
2026-07-04T19:16:24.058486,2026-07-04T19:16:24.069933+00:00,133.4,225,bid,AverageAlmonds,YieldingYams,7386775
2026-07-04T19:16:24.163656,2026-07-04T19:16:24.175356+00:00,133.6,20,bid,BrilliantBurritos,WavyWalnuts,7386778
2026-07-04T19:16:24.514525,2026-07-04T19:16:24.518109+00:00,133.5,3,ask,YieldingYams,Xuanyu Liu,7386791
2026-07-04T19:16:24.741858,2026-07-04T19:16:24.751803+00:00,133.5,200,ask,YieldingYams,WavyWalnuts,7386800
2026-07-04T19:16:25.893865,2026-07-04T19:16:25.905417+00:00,133.5,500,bid,AverageAlmonds,YieldingYams,7386820
2026-07-04T19:16:25.947425,2026-07-04T19:16:25.955295+00:00,133.5,125,bid,WavyWalnuts,YieldingYams,7386823
2026-07-04T19:16:29.238657,2026-07-04T19:16:29.251551+00:00,133.5,20,ask,WavyWalnuts,BrilliantBurritos,7386872
2026-07-04T19:16:29.910489,2026-07-04T19:16:29.921197+00:00,133.7,20,ask,YieldingYams,BrilliantBurritos,7386887
2026-07-04T19:16:30.781648,2026-07-04T19:16:30.791332+00:00,133.7,200,ask,YieldingYams,WavyWalnuts,7386906
2026-07-04T19:16:32.323804,2026-07-04T19:16:32.335647+00:00,133.6,20,ask,YieldingYams,BrilliantBurritos,7386927
2026-07-04T19:16:33.822946,2026-07-04T19:16:33.834540+00:00,133.7,25,ask,YieldingYams,Yinxuan Li,7386951
2026-07-04T19:16:35.881474,2026-07-04T19:16:35.885687+00:00,133.8,23,ask,WavyWalnuts,Xuanyu Liu,7386978
2026-07-04T19:16:36.837093,2026-07-04T19:16:36.840758+00:00,133.9,11,ask,WavyWalnuts,Xuanyu Liu,7386992
2026-07-04T19:16:37.612469,2026-07-04T19:16:37.623642+00:00,133.9,189,ask,WavyWalnuts,YieldingYams,7387008
2026-07-04T19:16:38.080836,2026-07-04T19:16:38.090638+00:00,133.8,20,ask,AverageAlmonds,BrilliantBurritos,7387013
2026-07-04T19:16:38.609557,2026-07-04T19:16:38.619227+00:00,133.9,436,bid,AverageAlmonds,YieldingYams,7387026
2026-07-04T19:16:38.837492,2026-07-04T19:16:38.849167+00:00,133.9,25,ask,AverageAlmonds,Yinxuan Li,7387031
2026-07-04T19:16:38.923086,2026-07-04T19:16:38.934242+00:00,134.0,200,bid,YieldingYams,WavyWalnuts,7387033
2026-07-04T19:16:39.255788,2026-07-04T19:16:39.263595+00:00,134.0,200,ask,YieldingYams,WavyWalnuts,7387036
2026-07-04T19:16:40.465953,2026-07-04T19:16:40.475327+00:00,134.0,200,bid,WavyWalnuts,YieldingYams,7387061
2026-07-04T19:16:43.852504,2026-07-04T19:16:43.858567+00:00,133.9,25,ask,YieldingYams,Yinxuan Li,7387115
2026-07-04T19:16:44.102001,2026-07-04T19:16:44.112822+00:00,133.9,200,ask,YieldingYams,WavyWalnuts,7387121
2026-07-04T19:16:47.728744,2026-07-04T19:16:47.737346+00:00,133.8,200,bid,WavyWalnuts,YieldingYams,7387175
2026-07-04T19:16:48.475682,2026-07-04T19:16:48.479361+00:00,133.9,11,bid,Xuanyu Liu,YieldingYams,7387183
2026-07-04T19:16:49.407449,2026-07-04T19:16:49.410620+00:00,133.8,12,bid,Xuanyu Liu,YieldingYams,7387192
2026-07-04T19:16:53.867985,2026-07-04T19:16:53.879823+00:00,133.8,25,ask,YieldingYams,Yinxuan Li,7387263
2026-07-04T19:16:57.412695,2026-07-04T19:16:57.420700+00:00,134.0,200,bid,WavyWalnuts,AverageAlmonds,7387329
2026-07-04T19:16:58.619876,2026-07-04T19:16:58.626625+00:00,134.1,200,bid,WavyWalnuts,YieldingYams,7387344
2026-07-04T19:16:58.622915,2026-07-04T19:16:58.626625+00:00,133.9,12,ask,YieldingYams,Xuanyu Liu,7387345
2026-07-04T19:16:59.832980,2026-07-04T19:16:59.842259+00:00,133.9,20,ask,YieldingYams,BrilliantBurritos,7387362
2026-07-04T19:16:59.925549,2026-07-04T19:16:59.929933+00:00,134.0,11,ask,YieldingYams,Xuanyu Liu,7387364
2026-07-04T19:17:01.280095,2026-07-04T19:17:01.291619+00:00,134.0,20,ask,YieldingYams,BrilliantBurritos,7387381
2026-07-04T19:17:01.602724,2026-07-04T19:17:01.612710+00:00,134.0,500,ask,YieldingYams,AverageAlmonds,7387388
2026-07-04T19:17:02.036329,2026-07-04T19:17:02.040201+00:00,134.0,12,ask,YieldingYams,Xuanyu Liu,7387396
2026-07-04T19:17:02.222084,2026-07-04T19:17:02.229877+00:00,134.0,93,ask,YieldingYams,AverageAlmonds,7387398
2026-07-04T19:17:02.222084,2026-07-04T19:17:02.235131+00:00,133.9,200,ask,WavyWalnuts,AverageAlmonds,7387399
2026-07-04T19:17:02.252254,2026-07-04T19:17:02.255857+00:00,133.9,200,bid,WavyWalnuts,AverageAlmonds,7387402
2026-07-04T19:17:03.473490,2026-07-04T19:17:03.477471+00:00,133.8,12,bid,Xuanyu Liu,AverageAlmonds,7387419
2026-07-04T19:17:04.039233,2026-07-04T19:17:04.048669+00:00,133.7,200,ask,WavyWalnuts,AverageAlmonds,7387426
2026-07-04T19:17:04.039233,2026-07-04T19:17:04.048669+00:00,133.7,300,ask,YieldingYams,AverageAlmonds,7387427
2026-07-04T19:17:05.895891,2026-07-04T19:17:05.904028+00:00,133.7,200,bid,WavyWalnuts,YieldingYams,7387453
2026-07-04T19:17:07.493352,2026-07-04T19:17:07.496789+00:00,133.6,12,ask,YieldingYams,Xuanyu Liu,7387476
2026-07-04T19:17:09.520625,2026-07-04T19:17:09.531423+00:00,133.6,200,bid,WavyWalnuts,YieldingYams,7387509
2026-07-04T19:17:11.668194,2026-07-04T19:17:11.677301+00:00,133.6,20,bid,BrilliantBurritos,WavyWalnuts,7387536
2026-07-04T19:17:12.998802,2026-07-04T19:17:13.000136+00:00,133.5,200,bid,YieldingYams,WavyWalnuts,7387548
2026-07-04T19:17:13.150157,2026-07-04T19:17:13.158541+00:00,133.5,200,ask,YieldingYams,WavyWalnuts,7387554
2026-07-04T19:17:14.374912,2026-07-04T19:17:14.378531+00:00,133.5,12,bid,Xuanyu Liu,WavyWalnuts,7387572
2026-07-04T19:17:15.680603,2026-07-04T19:17:15.684417+00:00,133.4,11,bid,Xuanyu Liu,YieldingYams,7387600
2026-07-04T19:17:16.777706,2026-07-04T19:17:16.789119+00:00,133.4,200,bid,WavyWalnuts,YieldingYams,7387620
2026-07-04T19:17:17.004528,2026-07-04T19:17:17.007928+00:00,133.4,23,ask,YieldingYams,Xuanyu Liu,7387622
2026-07-04T19:17:17.988624,2026-07-04T19:17:17.997321+00:00,133.4,200,ask,YieldingYams,WavyWalnuts,7387643
2026-07-04T19:17:24.045640,2026-07-04T19:17:24.064092+00:00,133.5,200,ask,YieldingYams,WavyWalnuts,7387716
2026-07-04T19:17:26.596047,2026-07-04T19:17:26.607885+00:00,133.4,20,ask,YieldingYams,BrilliantBurritos,7387731
2026-07-04T19:17:27.688962,2026-07-04T19:17:27.700412+00:00,133.4,200,ask,YieldingYams,WavyWalnuts,7387742
2026-07-04T19:17:28.774716,2026-07-04T19:17:28.777911+00:00,133.3,35,bid,Xuanyu Liu,YieldingYams,7387761
2026-07-04T19:17:28.899123,2026-07-04T19:17:28.908975+00:00,133.3,200,bid,WavyWalnuts,YieldingYams,7387763
2026-07-04T19:17:30.127232,2026-07-04T19:17:30.131371+00:00,133.4,12,ask,WavyWalnuts,Xuanyu Liu,7387777
2026-07-04T19:17:32.777766,2026-07-04T19:17:32.781656+00:00,133.6,23,bid,Xuanyu Liu,WavyWalnuts,7387810
2026-07-04T19:17:33.753282,2026-07-04T19:17:33.756823+00:00,133.5,3,bid,Xuanyu Liu,WavyWalnuts,7387826
2026-07-04T19:17:45.858144,2026-07-04T19:17:45.869936+00:00,133.5,200,ask,YieldingYams,WavyWalnuts,7387970
2026-07-04T19:17:46.407445,2026-07-04T19:17:46.416337+00:00,133.5,425,ask,YieldingYams,AverageAlmonds,7387974
2026-07-04T19:17:47.064734,2026-07-04T19:17:47.072147+00:00,133.5,200,bid,WavyWalnuts,AverageAlmonds,7387990
2026-07-04T19:17:48.217877,2026-07-04T19:17:48.229610+00:00,133.4,500,ask,YieldingYams,AverageAlmonds,7388000
2026-07-04T19:17:48.445488,2026-07-04T19:17:48.448487+00:00,133.4,200,ask,WavyWalnuts,YieldingYams,7388005
2026-07-04T19:17:50.693144,2026-07-04T19:17:50.700173+00:00,133.3,200,bid,WavyWalnuts,YieldingYams,7388039
2026-07-04T19:17:52.374619,2026-07-04T19:17:52.385292+00:00,133.4,200,ask,WavyWalnuts,YieldingYams,7388060
2026-07-04T19:17:53.109508,2026-07-04T19:17:53.118847+00:00,133.3,200,bid,WavyWalnuts,YieldingYams,7388077
2026-07-04T19:17:54.318013,2026-07-04T19:17:54.327088+00:00,133.3,200,bid,WavyWalnuts,YieldingYams,7388088
2026-07-04T19:17:55.528713,2026-07-04T19:17:55.536974+00:00,133.3,200,ask,YieldingYams,WavyWalnuts,7388105
2026-07-04T19:17:56.742904,2026-07-04T19:17:56.758580+00:00,133.3,200,ask,YieldingYams,WavyWalnuts,7388115
2026-07-04T19:18:01.565076,2026-07-04T19:18:01.574772+00:00,133.1,200,ask,WavyWalnuts,YieldingYams,7388172
2026-07-04T19:18:02.828032,2026-07-04T19:18:02.836968+00:00,133.1,200,bid,WavyWalnuts,YieldingYams,7388191
2026-07-04T19:18:06.461279,2026-07-04T19:18:06.468762+00:00,133.1,200,bid,WavyWalnuts,YieldingYams,7388235
2026-07-04T19:18:08.823501,2026-07-04T19:18:08.833368+00:00,133.1,500,bid,AverageAlmonds,YieldingYams,7388276
2026-07-04T19:18:09.416640,2026-07-04T19:18:09.426013+00:00,133.1,125,bid,AverageAlmonds,YieldingYams,7388282
2026-07-04T19:18:10.762714,2026-07-04T19:18:10.773171+00:00,133.2,500,ask,AverageAlmonds,YieldingYams,7388298
2026-07-04T19:18:11.234963,2026-07-04T19:18:11.241959+00:00,133.2,125,bid,AverageAlmonds,YieldingYams,7388304
2026-07-04T19:18:12.069499,2026-07-04T19:18:12.087130+00:00,133.3,200,bid,YieldingYams,WavyWalnuts,7388322
2026-07-04T19:18:12.083600,2026-07-04T19:18:12.087130+00:00,133.4,3,ask,YieldingYams,Xuanyu Liu,7388324
2026-07-04T19:18:12.514447,2026-07-04T19:18:12.522497+00:00,133.4,200,ask,YieldingYams,WavyWalnuts,7388329
2026-07-04T19:18:16.004016,2026-07-04T19:18:16.015074+00:00,133.1,200,ask,WavyWalnuts,YieldingYams,7388379
2026-07-04T19:18:16.689899,2026-07-04T19:18:16.699659+00:00,133.1,425,bid,AverageAlmonds,YieldingYams,7388386
2026-07-04T19:18:17.290323,2026-07-04T19:18:17.301667+00:00,133.2,200,bid,AverageAlmonds,WavyWalnuts,7388399
2026-07-04T19:18:17.344168,2026-07-04T19:18:17.358555+00:00,133.2,200,ask,AverageAlmonds,WavyWalnuts,7388401
2026-07-04T19:18:18.553393,2026-07-04T19:18:18.553896+00:00,133.2,200,ask,AverageAlmonds,WavyWalnuts,7388419
2026-07-04T19:18:19.763249,2026-07-04T19:18:19.774286+00:00,133.2,200,ask,YieldingYams,WavyWalnuts,7388432
2026-07-04T19:18:23.427286,2026-07-04T19:18:23.438900+00:00,133.3,20,bid,BrilliantBurritos,YieldingYams,7388488
2026-07-04T19:18:25.169011,2026-07-04T19:18:25.179415+00:00,133.3,200,ask,WavyWalnuts,YieldingYams,7388524
2026-07-04T19:18:28.251742,2026-07-04T19:18:28.258549+00:00,133.4,200,bid,WavyWalnuts,YieldingYams,7388569
2026-07-04T19:18:29.708965,2026-07-04T19:18:29.720440+00:00,133.4,20,bid,BrilliantBurritos,YieldingYams,7388585
2026-07-04T19:18:30.406538,2026-07-04T19:18:30.410042+00:00,133.3,11,ask,YieldingYams,Xuanyu Liu,7388601
2026-07-04T19:18:30.686944,2026-07-04T19:18:30.695769+00:00,133.4,20,bid,BrilliantBurritos,WavyWalnuts,7388605
2026-07-04T19:18:31.380231,2026-07-04T19:18:31.389079+00:00,133.3,20,ask,YieldingYams,BrilliantBurritos,7388622
2026-07-04T19:18:33.035031,2026-07-04T19:18:33.042786+00:00,133.4,200,bid,AverageAlmonds,WavyWalnuts,7388641
2026-07-04T19:18:33.102786,2026-07-04T19:18:33.110527+00:00,133.4,200,ask,AverageAlmonds,WavyWalnuts,7388644
2026-07-04T19:18:35.532433,2026-07-04T19:18:35.541624+00:00,133.4,200,ask,YieldingYams,WavyWalnuts,7388672
2026-07-04T19:18:36.666217,2026-07-04T19:18:36.669510+00:00,133.4,12,ask,AverageAlmonds,Xuanyu Liu,7388687
2026-07-04T19:18:36.744039,2026-07-04T19:18:36.755533+00:00,133.4,200,ask,AverageAlmonds,WavyWalnuts,7388691
2026-07-04T19:18:41.582349,2026-07-04T19:18:41.591745+00:00,133.7,200,bid,WavyWalnuts,YieldingYams,7388765
2026-07-04T19:18:42.401913,2026-07-04T19:18:42.405609+00:00,133.7,23,bid,Xuanyu Liu,YieldingYams,7388790
2026-07-04T19:18:42.792924,2026-07-04T19:18:42.799491+00:00,133.7,200,bid,WavyWalnuts,YieldingYams,7388794
2026-07-04T19:18:46.106138,2026-07-04T19:18:46.114032+00:00,133.8,200,bid,YieldingYams,WavyWalnuts,7388851
2026-07-04T19:18:46.506587,2026-07-04T19:18:46.518019+00:00,133.9,8,bid,Zihao Wu,WavyWalnuts,7388855
2026-07-04T19:18:48.664392,2026-07-04T19:18:48.668004+00:00,133.8,3,bid,Xuanyu Liu,YieldingYams,7388889
2026-07-04T19:18:52.650726,2026-07-04T19:18:52.658559+00:00,133.9,200,bid,YieldingYams,WavyWalnuts,7388940
2026-07-04T19:18:55.238421,2026-07-04T19:18:55.248498+00:00,133.7,20,ask,YieldingYams,BrilliantBurritos,7388978
2026-07-04T19:19:02.476816,2026-07-04T19:19:02.484019+00:00,133.6,20,bid,BrilliantBurritos,WavyWalnuts,7389105
2026-07-04T19:19:03.130715,2026-07-04T19:19:03.138914+00:00,133.6,180,bid,YieldingYams,WavyWalnuts,7389119
2026-07-04T19:19:06.581404,2026-07-04T19:19:06.593247+00:00,133.8,8,ask,WavyWalnuts,Zihao Wu,7389170
2026-07-04T19:19:07.158715,2026-07-04T19:19:07.170369+00:00,133.9,20,bid,BrilliantBurritos,WavyWalnuts,7389181
2026-07-04T19:19:07.833168,2026-07-04T19:19:07.845324+00:00,133.7,20,ask,WavyWalnuts,BrilliantBurritos,7389190
2026-07-04T19:19:08.368312,2026-07-04T19:19:08.376804+00:00,133.8,200,ask,WavyWalnuts,YieldingYams,7389195
2026-07-04T19:19:09.463014,2026-07-04T19:19:09.470092+00:00,133.8,200,bid,WavyWalnuts,YieldingYams,7389206
2026-07-04T19:19:10.678411,2026-07-04T19:19:10.689462+00:00,133.9,200,ask,YieldingYams,WavyWalnuts,7389226
2026-07-04T19:19:13.570804,2026-07-04T19:19:13.582162+00:00,133.9,500,bid,AverageAlmonds,YieldingYams,7389273
2026-07-04T19:19:14.165763,2026-07-04T19:19:14.174740+00:00,133.9,500,bid,AverageAlmonds,YieldingYams,7389285
2026-07-04T19:19:14.766884,2026-07-04T19:19:14.776749+00:00,133.9,125,bid,AverageAlmonds,YieldingYams,7389297
2026-07-04T19:19:14.766884,2026-07-04T19:19:14.776749+00:00,133.9,200,bid,AverageAlmonds,WavyWalnuts,7389298
2026-07-04T19:19:14.934746,2026-07-04T19:19:14.938372+00:00,134.2,3,ask,YieldingYams,Xuanyu Liu,7389300
2026-07-04T19:19:15.513178,2026-07-04T19:19:15.522380+00:00,134.2,200,ask,YieldingYams,WavyWalnuts,7389309
2026-07-04T19:19:16.720226,2026-07-04T19:19:16.730369+00:00,134.2,200,ask,YieldingYams,WavyWalnuts,7389336
2026-07-04T19:19:17.927455,2026-07-04T19:19:17.939129+00:00,134.1,200,ask,YieldingYams,WavyWalnuts,7389357
2026-07-04T19:19:18.868933,2026-07-04T19:19:18.872404+00:00,134.3,3,bid,Xuanyu Liu,YieldingYams,7389374
2026-07-04T19:19:26.764718,2026-07-04T19:19:26.768302+00:00,134.3,3,bid,Xuanyu Liu,YieldingYams,7389501
2026-07-04T19:19:33.028154,2026-07-04T19:19:33.031832+00:00,134.2,11,bid,Xuanyu Liu,YieldingYams,7389592
2026-07-04T19:19:33.664430,2026-07-04T19:19:33.674455+00:00,134.2,200,bid,WavyWalnuts,YieldingYams,7389598
2026-07-04T19:19:34.043286,2026-07-04T19:19:34.058611+00:00,134.2,25,bid,Yinxuan Li,YieldingYams,7389603
2026-07-04T19:19:39.829239,2026-07-04T19:19:39.841317+00:00,134.4,20,bid,BrilliantBurritos,YieldingYams,7389694
2026-07-04T19:19:42.916132,2026-07-04T19:19:42.924080+00:00,134.3,20,ask,WavyWalnuts,BrilliantBurritos,7389750
2026-07-04T19:19:43.363600,2026-07-04T19:19:43.367164+00:00,134.4,11,ask,WavyWalnuts,Xuanyu Liu,7389756
2026-07-04T19:19:43.768498,2026-07-04T19:19:43.778298+00:00,134.4,189,ask,WavyWalnuts,YieldingYams,7389759
2026-07-04T19:19:50.416325,2026-07-04T19:19:50.428089+00:00,134.4,20,bid,BrilliantBurritos,WavyWalnuts,7389852
2026-07-04T19:19:51.619650,2026-07-04T19:19:51.631111+00:00,134.2,200,bid,YieldingYams,WavyWalnuts,7389874
2026-07-04T19:19:51.833330,2026-07-04T19:19:51.844327+00:00,134.2,200,ask,YieldingYams,WavyWalnuts,7389877
2026-07-04T19:19:55.165954,2026-07-04T19:19:55.170001+00:00,134.0,3,ask,WavyWalnuts,Xuanyu Liu,7389919
2026-07-04T19:19:59.102243,2026-07-04T19:19:59.109864+00:00,134.0,200,ask,YieldingYams,WavyWalnuts,7389985
2026-07-04T19:20:00.201092,2026-07-04T19:20:00.207960+00:00,134.1,500,bid,AverageAlmonds,YieldingYams,7389995
2026-07-04T19:20:00.820755,2026-07-04T19:20:00.842214+00:00,134.2,200,bid,YieldingYams,WavyWalnuts,7390009
2026-07-04T19:20:00.838523,2026-07-04T19:20:00.842214+00:00,134.2,14,ask,YieldingYams,Xuanyu Liu,7390011
2026-07-04T19:20:01.520202,2026-07-04T19:20:01.528026+00:00,134.2,200,ask,YieldingYams,WavyWalnuts,7390016
2026-07-04T19:20:02.135120,2026-07-04T19:20:02.144035+00:00,134.0,200,ask,WavyWalnuts,YieldingYams,7390035
2026-07-04T19:20:02.609179,2026-07-04T19:20:02.618224+00:00,134.0,425,bid,AverageAlmonds,YieldingYams,7390040
2026-07-04T19:20:03.937634,2026-07-04T19:20:03.945500+00:00,134.1,200,ask,YieldingYams,WavyWalnuts,7390063
2026-07-04T19:20:04.077818,2026-07-04T19:20:04.084833+00:00,134.1,25,ask,YieldingYams,Yinxuan Li,7390066
2026-07-04T19:20:04.664093,2026-07-04T19:20:04.667654+00:00,134.2,46,ask,AverageAlmonds,Xuanyu Liu,7390076
2026-07-04T19:20:04.758019,2026-07-04T19:20:04.768919+00:00,134.2,454,ask,AverageAlmonds,YieldingYams,7390081
2026-07-04T19:20:05.037949,2026-07-04T19:20:05.047057+00:00,134.2,171,bid,AverageAlmonds,YieldingYams,7390083
2026-07-04T19:20:05.649415,2026-07-04T19:20:05.660515+00:00,134.3,200,bid,AverageAlmonds,WavyWalnuts,7390103
2026-07-04T19:20:05.682958,2026-07-04T19:20:05.686941+00:00,134.3,4,ask,AverageAlmonds,Xuanyu Liu,7390105
2026-07-04T19:20:06.854172,2026-07-04T19:20:06.858586+00:00,134.3,200,bid,AverageAlmonds,WavyWalnuts,7390131
2026-07-04T19:20:12.074753,2026-07-04T19:20:12.086497+00:00,134.3,20,bid,BrilliantBurritos,WavyWalnuts,7390200
2026-07-04T19:20:15.225200,2026-07-04T19:20:15.234889+00:00,134.2,200,ask,WavyWalnuts,YieldingYams,7390251
2026-07-04T19:20:19.149601,2026-07-04T19:20:19.156659+00:00,134.2,200,bid,YieldingYams,WavyWalnuts,7390293
2026-07-04T19:20:19.163968,2026-07-04T19:20:19.167360+00:00,134.2,7,ask,YieldingYams,Xuanyu Liu,7390296
2026-07-04T19:20:20.701084,2026-07-04T19:20:20.712838+00:00,134.3,20,bid,BrilliantBurritos,YieldingYams,7390315
2026-07-04T19:20:23.811528,2026-07-04T19:20:23.822393+00:00,134.3,500,bid,AverageAlmonds,YieldingYams,7390356
2026-07-04T19:20:25.705109,2026-07-04T19:20:25.713406+00:00,134.4,200,ask,AverageAlmonds,WavyWalnuts,7390381
2026-07-04T19:20:26.914800,2026-07-04T19:20:26.925735+00:00,134.4,200,ask,AverageAlmonds,WavyWalnuts,7390391
2026-07-04T19:20:28.437429,2026-07-04T19:20:28.458608+00:00,134.5,20,bid,BrilliantBurritos,WavyWalnuts,7390421
2026-07-04T19:20:29.912387,2026-07-04T19:20:29.915986+00:00,134.5,11,bid,Xuanyu Liu,WavyWalnuts,7390440
2026-07-04T19:20:30.940135,2026-07-04T19:20:30.948399+00:00,134.5,200,bid,YieldingYams,WavyWalnuts,7390456
2026-07-04T19:20:32.363044,2026-07-04T19:20:32.374876+00:00,134.5,20,ask,WavyWalnuts,BrilliantBurritos,7390470
2026-07-04T19:20:33.944334,2026-07-04T19:20:33.948216+00:00,134.6,11,bid,Xuanyu Liu,WavyWalnuts,7390491
2026-07-04T19:20:38.794714,2026-07-04T19:20:38.801363+00:00,134.8,200,ask,WavyWalnuts,YieldingYams,7390576
2026-07-04T19:20:38.811751,2026-07-04T19:20:38.815365+00:00,134.6,12,bid,Xuanyu Liu,YieldingYams,7390578
2026-07-04T19:20:39.020200,2026-07-04T19:20:39.027678+00:00,134.6,200,bid,WavyWalnuts,YieldingYams,7390583
2026-07-04T19:20:41.445348,2026-07-04T19:20:41.463775+00:00,134.7,200,ask,YieldingYams,WavyWalnuts,7390620
2026-07-04T19:20:42.612289,2026-07-04T19:20:42.616598+00:00,135.0,34,bid,Xuanyu Liu,YieldingYams,7390651
2026-07-04T19:20:42.656079,2026-07-04T19:20:42.666510+00:00,134.7,200,ask,YieldingYams,WavyWalnuts,7390652
2026-07-04T19:20:42.739632,2026-07-04T19:20:42.743673+00:00,134.8,3,bid,Xuanyu Liu,YieldingYams,7390655
2026-07-04T19:20:46.214217,2026-07-04T19:20:46.223942+00:00,134.6,500,bid,AverageAlmonds,YieldingYams,7390718
2026-07-04T19:20:46.647710,2026-07-04T19:20:46.655654+00:00,134.5,200,bid,YieldingYams,WavyWalnuts,7390726
2026-07-04T19:20:46.832370,2026-07-04T19:20:46.836194+00:00,134.6,3,ask,AverageAlmonds,Xuanyu Liu,7390729
2026-07-04T19:20:47.498109,2026-07-04T19:20:47.507219+00:00,134.6,200,ask,AverageAlmonds,WavyWalnuts,7390736
2026-07-04T19:20:47.961743,2026-07-04T19:20:47.972131+00:00,134.6,300,ask,AverageAlmonds,YieldingYams,7390739
2026-07-04T19:20:48.013922,2026-07-04T19:20:48.028746+00:00,134.6,325,bid,AverageAlmonds,YieldingYams,7390740
2026-07-04T19:20:48.720792,2026-07-04T19:20:48.724353+00:00,134.7,11,ask,WavyWalnuts,Xuanyu Liu,7390749
2026-07-04T19:20:49.766777,2026-07-04T19:20:49.770583+00:00,134.9,11,bid,Xuanyu Liu,WavyWalnuts,7390762
2026-07-04T19:20:51.331532,2026-07-04T19:20:51.343322+00:00,134.9,20,bid,BrilliantBurritos,WavyWalnuts,7390787
2026-07-04T19:20:51.883102,2026-07-04T19:20:51.891096+00:00,134.9,180,bid,YieldingYams,WavyWalnuts,7390800
2026-07-04T19:20:52.327619,2026-07-04T19:20:52.335341+00:00,134.9,200,ask,YieldingYams,WavyWalnuts,7390806
