timestamp,recv_time,price,volume,aggressor_side,buyer,seller,trade_id
2026-06-30T22:00:03.198976,2026-06-30T22:00:03.203771+00:00,69.7,200,bid,WavyWalnuts,YieldingYams,1200060
2026-06-30T22:00:10.081015,2026-06-30T22:00:10.092574+00:00,70.0,200,bid,YieldingYams,WavyWalnuts,1200174
2026-06-30T22:00:10.081015,2026-06-30T22:00:10.092574+00:00,70.0,425,bid,YieldingYams,AverageAlmonds,1200175
2026-06-30T22:00:11.404695,2026-06-30T22:00:11.410596+00:00,70.0,200,ask,WavyWalnuts,YieldingYams,1200194
2026-06-30T22:00:11.671218,2026-06-30T22:00:11.679256+00:00,69.8,200,ask,YieldingYams,WavyWalnuts,1200203
2026-06-30T22:00:13.122240,2026-06-30T22:00:13.127024+00:00,69.9,40,bid,Andy Garg,WavyWalnuts,1200229
2026-06-30T22:00:13.234066,2026-06-30T22:00:13.239912+00:00,69.9,60,bid,Andy Garg,WavyWalnuts,1200231
2026-06-30T22:00:14.100036,2026-06-30T22:00:14.111108+00:00,69.9,200,bid,WavyWalnuts,YieldingYams,1200247
2026-06-30T22:00:15.754611,2026-06-30T22:00:15.764780+00:00,69.8,11,ask,WavyWalnuts,Xuanyu Liu,1200276
2026-06-30T22:00:15.992945,2026-06-30T22:00:16.001245+00:00,69.8,20,ask,WavyWalnuts,BrilliantBurritos,1200282
2026-06-30T22:00:16.480462,2026-06-30T22:00:16.484983+00:00,69.8,25,ask,WavyWalnuts,Andy Garg,1200292
2026-06-30T22:00:16.539009,2026-06-30T22:00:16.547392+00:00,69.9,200,bid,WavyWalnuts,YieldingYams,1200296
2026-06-30T22:00:16.700550,2026-06-30T22:00:16.702506+00:00,69.7,30,ask,YieldingYams,Andy Garg,1200300
2026-06-30T22:00:16.807086,2026-06-30T22:00:16.816140+00:00,69.7,10,ask,YieldingYams,Andy Garg,1200302
2026-06-30T22:00:17.754706,2026-06-30T22:00:17.763710+00:00,69.9,200,bid,WavyWalnuts,YieldingYams,1200316
2026-06-30T22:00:17.976854,2026-06-30T22:00:17.979553+00:00,69.8,65,bid,Andy Garg,YieldingYams,1200320
2026-06-30T22:00:18.960577,2026-06-30T22:00:18.966018+00:00,69.8,200,bid,WavyWalnuts,YieldingYams,1200332
2026-06-30T22:00:19.349488,2026-06-30T22:00:19.362095+00:00,69.8,20,ask,YieldingYams,BrilliantBurritos,1200341
2026-06-30T22:00:20.166907,2026-06-30T22:00:20.173863+00:00,69.9,200,bid,WavyWalnuts,AverageAlmonds,1200355
2026-06-30T22:00:21.373511,2026-06-30T22:00:21.376458+00:00,69.9,200,bid,WavyWalnuts,AverageAlmonds,1200370
2026-06-30T22:00:22.579217,2026-06-30T22:00:22.581056+00:00,69.9,200,bid,WavyWalnuts,AverageAlmonds,1200387
2026-06-30T22:00:23.199234,2026-06-30T22:00:23.209003+00:00,69.9,500,bid,YieldingYams,AverageAlmonds,1200393
2026-06-30T22:00:23.435462,2026-06-30T22:00:23.446196+00:00,70.0,15,ask,YieldingYams,Andy Garg,1200395
2026-06-30T22:00:23.598123,2026-06-30T22:00:23.600987+00:00,70.0,30,ask,YieldingYams,Andy Garg,1200397
2026-06-30T22:00:23.732254,2026-06-30T22:00:23.735489+00:00,70.0,80,ask,YieldingYams,AverageAlmonds,1200400
2026-06-30T22:00:24.511102,2026-06-30T22:00:24.513121+00:00,69.8,200,ask,WavyWalnuts,YieldingYams,1200409
2026-06-30T22:00:24.524786,2026-06-30T22:00:24.533580+00:00,69.7,23,bid,Xuanyu Liu,YieldingYams,1200410
2026-06-30T22:00:27.036314,2026-06-30T22:00:27.046736+00:00,69.7,30,bid,Andy Garg,YieldingYams,1200442
2026-06-30T22:00:28.827365,2026-06-30T22:00:28.830533+00:00,69.8,20,bid,BrilliantBurritos,YieldingYams,1200467
2026-06-30T22:00:30.437931,2026-06-30T22:00:30.443756+00:00,69.7,20,ask,YieldingYams,Andy Garg,1200477
2026-06-30T22:00:30.599578,2026-06-30T22:00:30.608376+00:00,69.7,40,ask,YieldingYams,Andy Garg,1200481
2026-06-30T22:00:30.762208,2026-06-30T22:00:30.773871+00:00,69.7,25,ask,YieldingYams,Andy Garg,1200486
2026-06-30T22:00:31.297626,2026-06-30T22:00:31.301756+00:00,69.9,5,bid,Andy Garg,WavyWalnuts,1200504
2026-06-30T22:00:32.161805,2026-06-30T22:00:32.167897+00:00,69.8,20,ask,YieldingYams,BrilliantBurritos,1200513
2026-06-30T22:00:32.282609,2026-06-30T22:00:32.292258+00:00,69.8,200,ask,YieldingYams,WavyWalnuts,1200515
2026-06-30T22:00:32.380725,2026-06-30T22:00:32.385426+00:00,69.7,50,bid,Andy Garg,YieldingYams,1200518
2026-06-30T22:00:32.440199,2026-06-30T22:00:32.447896+00:00,69.7,45,bid,Andy Garg,YieldingYams,1200520
2026-06-30T22:00:33.489532,2026-06-30T22:00:33.499051+00:00,69.7,200,bid,WavyWalnuts,YieldingYams,1200536
2026-06-30T22:00:37.399669,2026-06-30T22:00:37.409182+00:00,69.7,15,ask,YieldingYams,Andy Garg,1200572
2026-06-30T22:00:37.564261,2026-06-30T22:00:37.573665+00:00,69.7,30,ask,YieldingYams,Andy Garg,1200574
2026-06-30T22:00:37.725065,2026-06-30T22:00:37.728779+00:00,69.7,20,ask,WavyWalnuts,Andy Garg,1200578
2026-06-30T22:00:38.441008,2026-06-30T22:00:38.451105+00:00,69.8,30,bid,Andy Garg,YieldingYams,1200593
2026-06-30T22:00:38.603537,2026-06-30T22:00:38.615344+00:00,69.8,20,bid,Andy Garg,YieldingYams,1200598
2026-06-30T22:00:38.914279,2026-06-30T22:00:38.924986+00:00,69.8,200,bid,YieldingYams,WavyWalnuts,1200604
2026-06-30T22:00:39.961421,2026-06-30T22:00:39.966393+00:00,69.8,20,ask,YieldingYams,BrilliantBurritos,1200620
2026-06-30T22:00:40.223331,2026-06-30T22:00:40.234974+00:00,69.8,200,ask,WavyWalnuts,YieldingYams,1200626
2026-06-30T22:00:40.740113,2026-06-30T22:00:40.749932+00:00,69.8,200,bid,WavyWalnuts,YieldingYams,1200632
2026-06-30T22:00:40.841024,2026-06-30T22:00:40.842662+00:00,69.8,15,bid,Andy Garg,YieldingYams,1200633
2026-06-30T22:00:41.534497,2026-06-30T22:00:41.545037+00:00,70.0,200,bid,YieldingYams,WavyWalnuts,1200638
2026-06-30T22:00:41.534497,2026-06-30T22:00:41.545037+00:00,70.1,425,bid,YieldingYams,AverageAlmonds,1200639
2026-06-30T22:00:41.961051,2026-06-30T22:00:41.970067+00:00,69.9,23,ask,WavyWalnuts,Xuanyu Liu,1200647
2026-06-30T22:00:42.715714,2026-06-30T22:00:42.719219+00:00,69.9,20,ask,WavyWalnuts,BrilliantBurritos,1200653
2026-06-30T22:00:44.154169,2026-06-30T22:00:44.164579+00:00,70.0,200,bid,YieldingYams,WavyWalnuts,1200674
2026-06-30T22:00:44.154169,2026-06-30T22:00:44.164579+00:00,70.1,425,bid,YieldingYams,AverageAlmonds,1200675
2026-06-30T22:00:44.389658,2026-06-30T22:00:44.392274+00:00,70.1,200,bid,WavyWalnuts,AverageAlmonds,1200678
2026-06-30T22:00:45.600185,2026-06-30T22:00:45.606655+00:00,70.0,200,bid,WavyWalnuts,YieldingYams,1200690
2026-06-30T22:00:46.776899,2026-06-30T22:00:46.786553+00:00,70.0,500,bid,YieldingYams,AverageAlmonds,1200701
2026-06-30T22:00:46.812060,2026-06-30T22:00:46.817437+00:00,70.0,125,ask,YieldingYams,WavyWalnuts,1200703
2026-06-30T22:00:49.240085,2026-06-30T22:00:49.247026+00:00,69.8,200,bid,WavyWalnuts,YieldingYams,1200737
2026-06-30T22:00:51.331964,2026-06-30T22:00:51.343587+00:00,69.7,5,ask,WavyWalnuts,Andy Garg,1200764
2026-06-30T22:00:51.496450,2026-06-30T22:00:51.498769+00:00,69.7,10,ask,WavyWalnuts,Andy Garg,1200766
2026-06-30T22:00:51.666458,2026-06-30T22:00:51.685342+00:00,69.8,10,ask,WavyWalnuts,Andy Garg,1200772
2026-06-30T22:00:51.675827,2026-06-30T22:00:51.685342+00:00,69.8,3,ask,WavyWalnuts,Xuanyu Liu,1200774
2026-06-30T22:00:51.726939,2026-06-30T22:00:51.736943+00:00,69.8,35,ask,WavyWalnuts,Andy Garg,1200777
2026-06-30T22:00:52.252562,2026-06-30T22:00:52.255444+00:00,69.9,15,bid,Andy Garg,YieldingYams,1200793
2026-06-30T22:00:52.414110,2026-06-30T22:00:52.421202+00:00,69.9,20,bid,Andy Garg,YieldingYams,1200796
2026-06-30T22:00:52.576720,2026-06-30T22:00:52.587615+00:00,69.9,25,bid,Andy Garg,YieldingYams,1200799
2026-06-30T22:00:52.875725,2026-06-30T22:00:52.877509+00:00,69.9,200,bid,WavyWalnuts,YieldingYams,1200805
2026-06-30T22:00:53.563799,2026-06-30T22:00:53.567440+00:00,70.0,20,bid,BrilliantBurritos,WavyWalnuts,1200810
2026-06-30T22:00:54.105507,2026-06-30T22:00:54.113848+00:00,69.9,200,ask,YieldingYams,WavyWalnuts,1200818
2026-06-30T22:00:56.520822,2026-06-30T22:00:56.523940+00:00,69.9,200,bid,WavyWalnuts,YieldingYams,1200844
2026-06-30T22:00:56.577897,2026-06-30T22:00:56.586060+00:00,69.7,10,ask,YieldingYams,Zijun Feng,1200847
2026-06-30T22:00:57.730113,2026-06-30T22:00:57.735688+00:00,69.8,200,ask,YieldingYams,WavyWalnuts,1200862
2026-06-30T22:00:58.330781,2026-06-30T22:00:58.334034+00:00,69.8,5,ask,YieldingYams,Andy Garg,1200871
2026-06-30T22:00:58.493308,2026-06-30T22:00:58.499550+00:00,69.8,10,ask,YieldingYams,Andy Garg,1200877
2026-06-30T22:00:58.563077,2026-06-30T22:00:58.571414+00:00,69.8,3,bid,Xuanyu Liu,YieldingYams,1200879
2026-06-30T22:00:58.937059,2026-06-30T22:00:58.944431+00:00,69.8,200,bid,WavyWalnuts,YieldingYams,1200887
2026-06-30T22:00:59.920118,2026-06-30T22:00:59.928541+00:00,69.8,15,ask,YieldingYams,Andy Garg,1200898
2026-06-30T22:01:00.622765,2026-06-30T22:01:00.627977+00:00,69.8,10,ask,YieldingYams,Zijun Feng,1200911
2026-06-30T22:01:00.674070,2026-06-30T22:01:00.679517+00:00,69.9,20,bid,BrilliantBurritos,YieldingYams,1200913
2026-06-30T22:01:02.484682,2026-06-30T22:01:02.494520+00:00,69.8,200,ask,WavyWalnuts,YieldingYams,1200940
2026-06-30T22:01:02.500359,2026-06-30T22:01:02.504949+00:00,69.7,30,bid,Andy Garg,YieldingYams,1200941
2026-06-30T22:01:02.566709,2026-06-30T22:01:02.577923+00:00,69.7,200,bid,WavyWalnuts,YieldingYams,1200947
2026-06-30T22:01:02.657306,2026-06-30T22:01:02.660453+00:00,69.6,10,ask,YieldingYams,Zijun Feng,1200949
2026-06-30T22:01:03.732857,2026-06-30T22:01:03.740335+00:00,69.7,195,bid,AverageAlmonds,YieldingYams,1200964
2026-06-30T22:01:03.774526,2026-06-30T22:01:03.782197+00:00,69.7,200,ask,AverageAlmonds,WavyWalnuts,1200967
2026-06-30T22:01:03.793916,2026-06-30T22:01:03.802226+00:00,69.8,3,ask,YieldingYams,Xuanyu Liu,1200970
2026-06-30T22:01:04.981910,2026-06-30T22:01:04.991411+00:00,69.8,200,ask,YieldingYams,WavyWalnuts,1200983
2026-06-30T22:01:05.293524,2026-06-30T22:01:05.300207+00:00,69.8,35,ask,YieldingYams,Andy Garg,1200985
2026-06-30T22:01:05.456335,2026-06-30T22:01:05.464616+00:00,69.8,40,ask,YieldingYams,Andy Garg,1200989
2026-06-30T22:01:05.619297,2026-06-30T22:01:05.629309+00:00,69.8,25,ask,YieldingYams,Andy Garg,1200994
2026-06-30T22:01:06.197870,2026-06-30T22:01:06.205546+00:00,69.8,200,ask,YieldingYams,WavyWalnuts,1201001
2026-06-30T22:01:06.234869,2026-06-30T22:01:06.236487+00:00,70.0,25,bid,Andy Garg,YieldingYams,1201006
2026-06-30T22:01:06.396027,2026-06-30T22:01:06.400913+00:00,70.0,40,bid,Andy Garg,YieldingYams,1201010
2026-06-30T22:01:06.557854,2026-06-30T22:01:06.565804+00:00,69.9,35,bid,Andy Garg,YieldingYams,1201015
2026-06-30T22:01:07.465133,2026-06-30T22:01:07.472012+00:00,69.8,20,bid,BrilliantBurritos,WavyWalnuts,1201026
2026-06-30T22:01:09.028394,2026-06-30T22:01:09.052365+00:00,69.7,200,ask,WavyWalnuts,YieldingYams,1201045
2026-06-30T22:01:09.040728,2026-06-30T22:01:09.052365+00:00,69.7,3,bid,Xuanyu Liu,YieldingYams,1201047
2026-06-30T22:01:11.045378,2026-06-30T22:01:11.054276+00:00,69.6,200,ask,YieldingYams,WavyWalnuts,1201074
2026-06-30T22:01:11.479550,2026-06-30T22:01:11.487660+00:00,69.8,20,bid,BrilliantBurritos,YieldingYams,1201080
2026-06-30T22:01:12.256114,2026-06-30T22:01:12.260065+00:00,69.6,200,ask,YieldingYams,WavyWalnuts,1201089
2026-06-30T22:01:12.420794,2026-06-30T22:01:12.425002+00:00,69.6,20,ask,YieldingYams,BrilliantBurritos,1201092
2026-06-30T22:01:13.463164,2026-06-30T22:01:13.466590+00:00,69.6,200,ask,AverageAlmonds,WavyWalnuts,1201102
2026-06-30T22:01:14.672830,2026-06-30T22:01:14.679238+00:00,69.7,200,ask,AverageAlmonds,WavyWalnuts,1201117
2026-06-30T22:01:17.103025,2026-06-30T22:01:17.110334+00:00,69.7,200,ask,YieldingYams,WavyWalnuts,1201149
2026-06-30T22:01:18.313350,2026-06-30T22:01:18.315616+00:00,69.7,200,ask,AverageAlmonds,WavyWalnuts,1201161
2026-06-30T22:01:20.761479,2026-06-30T22:01:20.769373+00:00,69.6,200,ask,AverageAlmonds,WavyWalnuts,1201193
2026-06-30T22:01:20.859138,2026-06-30T22:01:20.862956+00:00,69.6,300,ask,AverageAlmonds,YieldingYams,1201195
2026-06-30T22:01:21.312447,2026-06-30T22:01:21.321467+00:00,69.6,325,bid,AverageAlmonds,YieldingYams,1201202
2026-06-30T22:01:21.499862,2026-06-30T22:01:21.506350+00:00,69.6,20,ask,AverageAlmonds,BrilliantBurritos,1201203
2026-06-30T22:01:21.977902,2026-06-30T22:01:21.979647+00:00,69.7,200,ask,AverageAlmonds,WavyWalnuts,1201211
2026-06-30T22:01:22.781712,2026-06-30T22:01:22.783724+00:00,70.0,10,bid,Andy Garg,YieldingYams,1201221
2026-06-30T22:01:23.073879,2026-06-30T22:01:23.081642+00:00,70.0,11,bid,Xuanyu Liu,YieldingYams,1201229
2026-06-30T22:01:23.094031,2026-06-30T22:01:23.102338+00:00,70.0,20,bid,Andy Garg,YieldingYams,1201231
2026-06-30T22:01:23.193922,2026-06-30T22:01:23.205065+00:00,69.9,200,ask,YieldingYams,WavyWalnuts,1201234
2026-06-30T22:01:24.401449,2026-06-30T22:01:24.409496+00:00,69.9,200,ask,YieldingYams,WavyWalnuts,1201249
2026-06-30T22:01:24.791193,2026-06-30T22:01:24.801947+00:00,69.9,12,bid,Xuanyu Liu,YieldingYams,1201258
2026-06-30T22:01:25.607848,2026-06-30T22:01:25.615630+00:00,69.8,200,ask,YieldingYams,WavyWalnuts,1201269
2026-06-30T22:01:26.279684,2026-06-30T22:01:26.285155+00:00,69.9,10,ask,YieldingYams,Andy Garg,1201281
2026-06-30T22:01:26.594121,2026-06-30T22:01:26.605171+00:00,69.9,20,ask,YieldingYams,Andy Garg,1201288
2026-06-30T22:01:26.814273,2026-06-30T22:01:26.822670+00:00,69.9,200,ask,YieldingYams,WavyWalnuts,1201296
2026-06-30T22:01:27.399706,2026-06-30T22:01:27.409435+00:00,69.7,500,ask,AverageAlmonds,YieldingYams,1201303
2026-06-30T22:01:27.595508,2026-06-30T22:01:27.604738+00:00,69.7,20,bid,BrilliantBurritos,YieldingYams,1201307
2026-06-30T22:01:27.970923,2026-06-30T22:01:27.973140+00:00,69.7,105,bid,AverageAlmonds,YieldingYams,1201311
2026-06-30T22:01:28.423003,2026-06-30T22:01:28.425027+00:00,69.8,10,bid,Zijun Feng,WavyWalnuts,1201318
2026-06-30T22:01:28.578143,2026-06-30T22:01:28.580169+00:00,69.8,190,bid,AverageAlmonds,WavyWalnuts,1201319
2026-06-30T22:01:29.225703,2026-06-30T22:01:29.233537+00:00,69.8,200,ask,YieldingYams,WavyWalnuts,1201333
2026-06-30T22:01:31.333823,2026-06-30T22:01:31.342891+00:00,69.9,12,ask,YieldingYams,Xuanyu Liu,1201354
2026-06-30T22:01:31.653074,2026-06-30T22:01:31.663018+00:00,69.9,200,ask,YieldingYams,WavyWalnuts,1201359
2026-06-30T22:01:32.637828,2026-06-30T22:01:32.646570+00:00,69.9,12,bid,Xuanyu Liu,YieldingYams,1201369
2026-06-30T22:01:32.828554,2026-06-30T22:01:32.831619+00:00,69.9,500,bid,AverageAlmonds,YieldingYams,1201372
2026-06-30T22:01:33.938218,2026-06-30T22:01:33.942428+00:00,69.9,200,bid,YieldingYams,WavyWalnuts,1201392
2026-06-30T22:01:35.998159,2026-06-30T22:01:36.005450+00:00,70.0,10,bid,Zijun Feng,YieldingYams,1201422
2026-06-30T22:01:36.493763,2026-06-30T22:01:36.497766+00:00,70.0,200,bid,WavyWalnuts,YieldingYams,1201432
2026-06-30T22:01:36.732670,2026-06-30T22:01:36.734445+00:00,70.1,10,bid,Andy Garg,WavyWalnuts,1201437
2026-06-30T22:01:36.944816,2026-06-30T22:01:36.950245+00:00,70.1,5,bid,Andy Garg,WavyWalnuts,1201443
2026-06-30T22:01:37.107350,2026-06-30T22:01:37.115167+00:00,70.1,20,bid,Andy Garg,WavyWalnuts,1201447
2026-06-30T22:01:37.724969,2026-06-30T22:01:37.734177+00:00,70.0,30,bid,Andy Garg,WavyWalnuts,1201451
2026-06-30T22:01:37.866520,2026-06-30T22:01:37.868621+00:00,70.0,170,bid,YieldingYams,WavyWalnuts,1201456
2026-06-30T22:01:38.910480,2026-06-30T22:01:38.928470+00:00,70.2,11,bid,Xuanyu Liu,YieldingYams,1201471
2026-06-30T22:01:38.919537,2026-06-30T22:01:38.928470+00:00,70.1,200,ask,YieldingYams,WavyWalnuts,1201473
2026-06-30T22:01:39.188622,2026-06-30T22:01:39.197860+00:00,70.0,23,bid,Xuanyu Liu,YieldingYams,1201478
2026-06-30T22:01:39.371170,2026-06-30T22:01:39.382200+00:00,70.0,20,bid,BrilliantBurritos,YieldingYams,1201483
2026-06-30T22:01:40.265846,2026-06-30T22:01:40.277811+00:00,69.9,20,ask,YieldingYams,Andy Garg,1201491
2026-06-30T22:01:40.429157,2026-06-30T22:01:40.432441+00:00,69.9,15,ask,YieldingYams,Andy Garg,1201498
2026-06-30T22:01:40.591108,2026-06-30T22:01:40.598292+00:00,69.9,30,ask,AverageAlmonds,Andy Garg,1201504
2026-06-30T22:01:41.335527,2026-06-30T22:01:41.339261+00:00,70.0,200,bid,WavyWalnuts,YieldingYams,1201517
2026-06-30T22:01:42.550136,2026-06-30T22:01:42.559971+00:00,70.0,200,ask,YieldingYams,WavyWalnuts,1201531
2026-06-30T22:01:42.597927,2026-06-30T22:01:42.601623+00:00,70.2,10,bid,Zijun Feng,YieldingYams,1201535
2026-06-30T22:01:43.782187,2026-06-30T22:01:43.794433+00:00,69.9,10,bid,Andy Garg,WavyWalnuts,1201554
2026-06-30T22:01:43.845879,2026-06-30T22:01:43.856268+00:00,69.9,10,bid,Andy Garg,WavyWalnuts,1201557
2026-06-30T22:01:43.907332,2026-06-30T22:01:43.918218+00:00,69.9,15,bid,Andy Garg,WavyWalnuts,1201562
2026-06-30T22:01:44.118615,2026-06-30T22:01:44.123121+00:00,69.9,30,bid,Andy Garg,WavyWalnuts,1201568
2026-06-30T22:01:44.136330,2026-06-30T22:01:44.143796+00:00,69.9,10,bid,Zijun Feng,WavyWalnuts,1201570
2026-06-30T22:01:44.415939,2026-06-30T22:01:44.424380+00:00,69.9,125,bid,YieldingYams,WavyWalnuts,1201575
2026-06-30T22:01:47.457739,2026-06-30T22:01:47.459828+00:00,69.9,15,ask,YieldingYams,Andy Garg,1201620
2026-06-30T22:01:47.532977,2026-06-30T22:01:47.541368+00:00,70.1,11,bid,Xuanyu Liu,YieldingYams,1201625
2026-06-30T22:01:50.693149,2026-06-30T22:01:50.699030+00:00,70.0,10,bid,Andy Garg,YieldingYams,1201655
2026-06-30T22:01:50.730429,2026-06-30T22:01:50.740421+00:00,70.0,10,bid,Zijun Feng,YieldingYams,1201657
2026-06-30T22:01:50.954818,2026-06-30T22:01:50.966297+00:00,70.0,35,bid,Andy Garg,YieldingYams,1201663
2026-06-30T22:01:51.116844,2026-06-30T22:01:51.121446+00:00,70.0,5,bid,Andy Garg,WavyWalnuts,1201672
2026-06-30T22:01:52.263432,2026-06-30T22:01:52.276096+00:00,70.0,11,ask,WavyWalnuts,Xuanyu Liu,1201686
2026-06-30T22:01:53.587526,2026-06-30T22:01:53.601211+00:00,70.1,200,bid,YieldingYams,WavyWalnuts,1201695
2026-06-30T22:01:53.592938,2026-06-30T22:01:53.601211+00:00,70.1,11,ask,YieldingYams,Xuanyu Liu,1201696
2026-06-30T22:01:55.833906,2026-06-30T22:01:55.839099+00:00,70.2,10,bid,Zijun Feng,WavyWalnuts,1201719
2026-06-30T22:01:55.903908,2026-06-30T22:01:55.911822+00:00,70.2,200,bid,WavyWalnuts,AverageAlmonds,1201721
2026-06-30T22:01:57.512707,2026-06-30T22:01:57.524512+00:00,70.1,200,bid,YieldingYams,WavyWalnuts,1201747
2026-06-30T22:01:58.820419,2026-06-30T22:01:58.829523+00:00,70.2,200,bid,YieldingYams,WavyWalnuts,1201760
2026-06-30T22:01:58.869372,2026-06-30T22:01:58.870964+00:00,70.2,425,ask,YieldingYams,AverageAlmonds,1201763
2026-06-30T22:02:00.129969,2026-06-30T22:02:00.137768+00:00,70.1,200,ask,WavyWalnuts,YieldingYams,1201781
2026-06-30T22:02:00.518245,2026-06-30T22:02:00.528247+00:00,70.1,20,bid,BrilliantBurritos,YieldingYams,1201787
2026-06-30T22:02:00.746851,2026-06-30T22:02:00.754566+00:00,70.1,200,bid,WavyWalnuts,YieldingYams,1201792
2026-06-30T22:02:01.443827,2026-06-30T22:02:01.453523+00:00,70.2,23,ask,YieldingYams,Xuanyu Liu,1201799
2026-06-30T22:02:01.958560,2026-06-30T22:02:01.968618+00:00,70.2,200,ask,YieldingYams,WavyWalnuts,1201814
2026-06-30T22:02:02.747268,2026-06-30T22:02:02.768414+00:00,70.0,200,ask,WavyWalnuts,YieldingYams,1201820
2026-06-30T22:02:02.759735,2026-06-30T22:02:02.768414+00:00,70.0,11,bid,Xuanyu Liu,YieldingYams,1201821
2026-06-30T22:02:03.057811,2026-06-30T22:02:03.066247+00:00,70.0,20,bid,BrilliantBurritos,YieldingYams,1201827
2026-06-30T22:02:03.449205,2026-06-30T22:02:03.457678+00:00,69.9,10,ask,AverageAlmonds,Zijun Feng,1201834
2026-06-30T22:02:04.335151,2026-06-30T22:02:04.341935+00:00,70.0,20,bid,BrilliantBurritos,YieldingYams,1201846
2026-06-30T22:02:05.363224,2026-06-30T22:02:05.370588+00:00,69.9,200,ask,WavyWalnuts,YieldingYams,1201856
2026-06-30T22:02:05.363224,2026-06-30T22:02:05.370588+00:00,69.9,425,ask,AverageAlmonds,YieldingYams,1201857
2026-06-30T22:02:06.813102,2026-06-30T22:02:06.817770+00:00,70.0,200,ask,YieldingYams,WavyWalnuts,1201879
2026-06-30T22:02:10.973430,2026-06-30T22:02:10.976459+00:00,70.0,200,bid,AverageAlmonds,WavyWalnuts,1201924
2026-06-30T22:02:10.973430,2026-06-30T22:02:10.986850+00:00,70.0,300,bid,AverageAlmonds,YieldingYams,1201925
2026-06-30T22:02:11.562425,2026-06-30T22:02:11.570926+00:00,70.0,325,bid,AverageAlmonds,YieldingYams,1201928
2026-06-30T22:02:11.902091,2026-06-30T22:02:11.910325+00:00,70.2,200,bid,YieldingYams,WavyWalnuts,1201941
2026-06-30T22:02:12.858763,2026-06-30T22:02:12.884743+00:00,70.3,200,bid,WavyWalnuts,YieldingYams,1201954
2026-06-30T22:02:12.876073,2026-06-30T22:02:12.884743+00:00,70.2,11,ask,YieldingYams,Xuanyu Liu,1201956
2026-06-30T22:02:13.224061,2026-06-30T22:02:13.231925+00:00,70.3,12,ask,YieldingYams,Xuanyu Liu,1201965
2026-06-30T22:02:13.916062,2026-06-30T22:02:13.919769+00:00,70.4,20,bid,BrilliantBurritos,AverageAlmonds,1201978
2026-06-30T22:02:14.057905,2026-06-30T22:02:14.063525+00:00,70.3,10,ask,YieldingYams,Zijun Feng,1201983
2026-06-30T22:02:14.069860,2026-06-30T22:02:14.073812+00:00,70.3,200,ask,YieldingYams,WavyWalnuts,1201984
2026-06-30T22:02:15.972550,2026-06-30T22:02:15.980435+00:00,70.3,12,bid,Xuanyu Liu,WavyWalnuts,1202009
2026-06-30T22:02:17.152996,2026-06-30T22:02:17.162949+00:00,70.3,200,bid,YieldingYams,WavyWalnuts,1202025
2026-06-30T22:02:17.691768,2026-06-30T22:02:17.699663+00:00,70.3,200,ask,YieldingYams,WavyWalnuts,1202031
2026-06-30T22:02:18.463822,2026-06-30T22:02:18.471131+00:00,70.2,200,ask,WavyWalnuts,YieldingYams,1202045
2026-06-30T22:02:18.609792,2026-06-30T22:02:18.614386+00:00,70.0,10,ask,AverageAlmonds,Zijun Feng,1202047
2026-06-30T22:02:18.895403,2026-06-30T22:02:18.902992+00:00,70.2,200,bid,WavyWalnuts,YieldingYams,1202054
2026-06-30T22:02:19.478592,2026-06-30T22:02:19.486959+00:00,70.1,12,ask,AverageAlmonds,Xuanyu Liu,1202060
2026-06-30T22:02:19.596562,2026-06-30T22:02:19.600087+00:00,70.1,60,ask,AverageAlmonds,Andy Garg,1202063
2026-06-30T22:02:19.763926,2026-06-30T22:02:19.774431+00:00,70.1,40,ask,AverageAlmonds,Andy Garg,1202070
2026-06-30T22:02:21.079842,2026-06-30T22:02:21.096361+00:00,70.3,200,bid,YieldingYams,WavyWalnuts,1202088
2026-06-30T22:02:21.087966,2026-06-30T22:02:21.096361+00:00,70.3,14,ask,YieldingYams,Xuanyu Liu,1202089
2026-06-30T22:02:22.142892,2026-06-30T22:02:22.152141+00:00,70.4,50,bid,Andy Garg,YieldingYams,1202104
2026-06-30T22:02:22.305456,2026-06-30T22:02:22.316267+00:00,70.4,50,bid,Andy Garg,YieldingYams,1202108
2026-06-30T22:02:22.394202,2026-06-30T22:02:22.409477+00:00,70.3,200,ask,WavyWalnuts,YieldingYams,1202111
2026-06-30T22:02:22.399282,2026-06-30T22:02:22.409477+00:00,70.3,3,bid,Xuanyu Liu,YieldingYams,1202112
2026-06-30T22:02:24.934819,2026-06-30T22:02:24.942472+00:00,70.4,200,bid,WavyWalnuts,YieldingYams,1202153
2026-06-30T22:02:27.334552,2026-06-30T22:02:27.344946+00:00,70.4,200,ask,WavyWalnuts,YieldingYams,1202199
2026-06-30T22:02:27.334552,2026-06-30T22:02:27.344946+00:00,70.4,300,ask,YieldingYams,AverageAlmonds,1202200
2026-06-30T22:02:27.630148,2026-06-30T22:02:27.644223+00:00,70.4,200,ask,WavyWalnuts,AverageAlmonds,1202203
2026-06-30T22:02:27.634091,2026-06-30T22:02:27.644223+00:00,70.3,23,bid,Xuanyu Liu,YieldingYams,1202204
2026-06-30T22:02:31.553231,2026-06-30T22:02:31.555888+00:00,70.3,200,bid,YieldingYams,WavyWalnuts,1202260
2026-06-30T22:02:31.585715,2026-06-30T22:02:31.597284+00:00,70.3,35,ask,YieldingYams,Andy Garg,1202262
2026-06-30T22:02:32.865122,2026-06-30T22:02:32.878804+00:00,70.3,200,ask,WavyWalnuts,YieldingYams,1202280
2026-06-30T22:02:32.869864,2026-06-30T22:02:32.878804+00:00,70.3,11,bid,Xuanyu Liu,YieldingYams,1202281
2026-06-30T22:02:35.816190,2026-06-30T22:02:35.825342+00:00,70.3,200,ask,YieldingYams,WavyWalnuts,1202323
2026-06-30T22:02:36.841758,2026-06-30T22:02:36.850696+00:00,70.3,20,bid,BrilliantBurritos,YieldingYams,1202341
2026-06-30T22:02:39.482628,2026-06-30T22:02:39.493690+00:00,70.3,200,ask,YieldingYams,WavyWalnuts,1202373
2026-06-30T22:02:39.561716,2026-06-30T22:02:39.565447+00:00,70.4,20,bid,Andy Garg,YieldingYams,1202376
2026-06-30T22:02:40.053799,2026-06-30T22:02:40.057230+00:00,70.3,425,ask,YieldingYams,AverageAlmonds,1202383
2026-06-30T22:02:40.078086,2026-06-30T22:02:40.088305+00:00,70.3,10,bid,Andy Garg,AverageAlmonds,1202384
2026-06-30T22:02:40.722740,2026-06-30T22:02:40.734444+00:00,70.2,200,ask,WavyWalnuts,YieldingYams,1202396
2026-06-30T22:02:40.743088,2026-06-30T22:02:40.744705+00:00,70.1,5,bid,Andy Garg,YieldingYams,1202397
2026-06-30T22:02:41.413507,2026-06-30T22:02:41.421324+00:00,70.1,10,bid,Zijun Feng,YieldingYams,1202407
2026-06-30T22:02:43.076624,2026-06-30T22:02:43.082398+00:00,70.0,15,ask,WavyWalnuts,Andy Garg,1202425
2026-06-30T22:02:43.114124,2026-06-30T22:02:43.124089+00:00,70.2,200,bid,WavyWalnuts,YieldingYams,1202429
2026-06-30T22:02:43.288361,2026-06-30T22:02:43.299295+00:00,70.0,65,ask,YieldingYams,Andy Garg,1202435
2026-06-30T22:02:43.301449,2026-06-30T22:02:43.309679+00:00,70.2,20,bid,BrilliantBurritos,YieldingYams,1202437
2026-06-30T22:02:43.451425,2026-06-30T22:02:43.453810+00:00,70.1,20,ask,YieldingYams,Andy Garg,1202440
2026-06-30T22:02:43.935969,2026-06-30T22:02:43.947196+00:00,70.1,10,ask,YieldingYams,Zijun Feng,1202448
2026-06-30T22:02:44.645447,2026-06-30T22:02:44.655944+00:00,70.2,200,bid,YieldingYams,WavyWalnuts,1202458
2026-06-30T22:02:45.534643,2026-06-30T22:02:45.546388+00:00,70.2,200,ask,YieldingYams,WavyWalnuts,1202468
2026-06-30T22:02:45.955062,2026-06-30T22:02:45.956650+00:00,70.1,200,ask,WavyWalnuts,YieldingYams,1202478
2026-06-30T22:02:45.955062,2026-06-30T22:02:45.967021+00:00,70.0,425,ask,AverageAlmonds,YieldingYams,1202479
2026-06-30T22:02:46.535506,2026-06-30T22:02:46.542417+00:00,70.4,30,bid,Andy Garg,AverageAlmonds,1202486
2026-06-30T22:02:46.695811,2026-06-30T22:02:46.706530+00:00,70.4,25,bid,Andy Garg,AverageAlmonds,1202489
2026-06-30T22:02:46.783387,2026-06-30T22:02:46.789421+00:00,70.2,40,bid,Andy Garg,WavyWalnuts,1202493
2026-06-30T22:02:46.898497,2026-06-30T22:02:46.902262+00:00,70.2,5,bid,Andy Garg,WavyWalnuts,1202496
2026-06-30T22:02:48.606951,2026-06-30T22:02:48.615331+00:00,70.0,11,ask,WavyWalnuts,Xuanyu Liu,1202527
2026-06-30T22:02:49.171349,2026-06-30T22:02:49.178870+00:00,70.0,200,ask,AverageAlmonds,WavyWalnuts,1202534
2026-06-30T22:02:49.877795,2026-06-30T22:02:49.887717+00:00,70.0,500,ask,AverageAlmonds,YieldingYams,1202540
2026-06-30T22:02:50.354999,2026-06-30T22:02:50.359045+00:00,70.0,125,bid,AverageAlmonds,YieldingYams,1202554
2026-06-30T22:02:50.379017,2026-06-30T22:02:50.390022+00:00,70.0,50,ask,AverageAlmonds,Andy Garg,1202555
2026-06-30T22:02:50.407459,2026-06-30T22:02:50.427668+00:00,70.1,12,ask,WavyWalnuts,Xuanyu Liu,1202559
2026-06-30T22:02:50.474303,2026-06-30T22:02:50.479560+00:00,70.1,50,ask,WavyWalnuts,Andy Garg,1202563
2026-06-30T22:02:51.184059,2026-06-30T22:02:51.198078+00:00,70.3,200,bid,YieldingYams,WavyWalnuts,1202570
2026-06-30T22:02:51.190814,2026-06-30T22:02:51.198078+00:00,70.3,14,ask,YieldingYams,Xuanyu Liu,1202571
2026-06-30T22:02:51.626247,2026-06-30T22:02:51.628985+00:00,70.3,200,ask,YieldingYams,WavyWalnuts,1202575
2026-06-30T22:02:52.504320,2026-06-30T22:02:52.511906+00:00,70.2,3,bid,Xuanyu Liu,YieldingYams,1202583
2026-06-30T22:02:52.525709,2026-06-30T22:02:52.532573+00:00,70.1,10,ask,WavyWalnuts,Zijun Feng,1202588
2026-06-30T22:02:53.557283,2026-06-30T22:02:53.567632+00:00,70.2,10,bid,Andy Garg,YieldingYams,1202601
2026-06-30T22:02:53.720244,2026-06-30T22:02:53.731608+00:00,70.2,5,bid,Andy Garg,YieldingYams,1202606
2026-06-30T22:02:55.140475,2026-06-30T22:02:55.150332+00:00,70.2,15,ask,WavyWalnuts,Andy Garg,1202624
2026-06-30T22:02:56.462764,2026-06-30T22:02:56.464691+00:00,70.4,200,bid,WavyWalnuts,YieldingYams,1202652
2026-06-30T22:02:57.670634,2026-06-30T22:02:57.672112+00:00,70.4,200,bid,WavyWalnuts,YieldingYams,1202673
2026-06-30T22:02:57.739864,2026-06-30T22:02:57.744059+00:00,70.4,500,bid,YieldingYams,AverageAlmonds,1202675
2026-06-30T22:02:57.739864,2026-06-30T22:02:57.744059+00:00,70.5,125,bid,YieldingYams,WavyWalnuts,1202676
2026-06-30T22:03:01.250819,2026-06-30T22:03:01.254640+00:00,70.5,20,bid,BrilliantBurritos,AverageAlmonds,1202725
2026-06-30T22:03:01.411296,2026-06-30T22:03:01.418085+00:00,70.5,15,bid,Andy Garg,AverageAlmonds,1202728
2026-06-30T22:03:01.489432,2026-06-30T22:03:01.499921+00:00,70.5,20,bid,Andy Garg,WavyWalnuts,1202732
2026-06-30T22:03:01.574432,2026-06-30T22:03:01.582029+00:00,70.5,10,bid,Andy Garg,AverageAlmonds,1202733
2026-06-30T22:03:01.664493,2026-06-30T22:03:01.674186+00:00,70.5,455,bid,YieldingYams,AverageAlmonds,1202735
2026-06-30T22:03:01.664493,2026-06-30T22:03:01.674186+00:00,70.5,170,bid,YieldingYams,WavyWalnuts,1202736
2026-06-30T22:03:02.512586,2026-06-30T22:03:02.521932+00:00,70.5,200,bid,WavyWalnuts,AverageAlmonds,1202750
2026-06-30T22:03:03.722037,2026-06-30T22:03:03.729022+00:00,70.5,200,bid,WavyWalnuts,YieldingYams,1202769
2026-06-30T22:03:04.051650,2026-06-30T22:03:04.056297+00:00,70.4,20,ask,YieldingYams,Andy Garg,1202773
2026-06-30T22:03:04.212844,2026-06-30T22:03:04.220303+00:00,70.4,15,ask,YieldingYams,Andy Garg,1202779
2026-06-30T22:03:04.372544,2026-06-30T22:03:04.374942+00:00,70.3,10,ask,YieldingYams,Andy Garg,1202784
2026-06-30T22:03:05.597162,2026-06-30T22:03:05.604643+00:00,70.5,200,bid,YieldingYams,WavyWalnuts,1202802
2026-06-30T22:03:06.696011,2026-06-30T22:03:06.707662+00:00,70.5,425,ask,YieldingYams,AverageAlmonds,1202815
2026-06-30T22:03:06.906442,2026-06-30T22:03:06.912432+00:00,70.4,200,ask,WavyWalnuts,YieldingYams,1202821
2026-06-30T22:03:07.344368,2026-06-30T22:03:07.351777+00:00,70.4,200,bid,WavyWalnuts,YieldingYams,1202826
2026-06-30T22:03:07.527229,2026-06-30T22:03:07.534414+00:00,70.4,23,bid,Xuanyu Liu,YieldingYams,1202832
2026-06-30T22:03:08.216999,2026-06-30T22:03:08.220307+00:00,70.5,200,bid,YieldingYams,WavyWalnuts,1202839
2026-06-30T22:03:08.216999,2026-06-30T22:03:08.230629+00:00,70.5,425,bid,YieldingYams,AverageAlmonds,1202840
2026-06-30T22:03:10.344067,2026-06-30T22:03:10.348890+00:00,70.4,200,ask,WavyWalnuts,AverageAlmonds,1202865
2026-06-30T22:03:10.985469,2026-06-30T22:03:10.995078+00:00,70.4,200,bid,WavyWalnuts,AverageAlmonds,1202873
2026-06-30T22:03:11.227642,2026-06-30T22:03:11.230781+00:00,70.4,10,bid,Zijun Feng,AverageAlmonds,1202879
2026-06-30T22:03:12.156416,2026-06-30T22:03:12.163463+00:00,70.4,500,bid,YieldingYams,AverageAlmonds,1202894
2026-06-30T22:03:12.747356,2026-06-30T22:03:12.755864+00:00,70.4,125,ask,YieldingYams,AverageAlmonds,1202900
2026-06-30T22:03:12.747356,2026-06-30T22:03:12.755864+00:00,70.3,200,ask,WavyWalnuts,AverageAlmonds,1202901
2026-06-30T22:03:13.059572,2026-06-30T22:03:13.062772+00:00,69.9,20,ask,AverageAlmonds,BrilliantBurritos,1202907
2026-06-30T22:03:13.465662,2026-06-30T22:03:13.482214+00:00,70.2,200,ask,WavyWalnuts,YieldingYams,1202914
2026-06-30T22:03:13.474314,2026-06-30T22:03:13.482214+00:00,70.2,11,bid,Xuanyu Liu,YieldingYams,1202915
2026-06-30T22:03:16.087208,2026-06-30T22:03:16.095875+00:00,70.3,12,bid,Xuanyu Liu,WavyWalnuts,1202960
2026-06-30T22:03:16.325063,2026-06-30T22:03:16.331476+00:00,70.3,10,bid,Zijun Feng,WavyWalnuts,1202969
2026-06-30T22:03:17.341207,2026-06-30T22:03:17.345406+00:00,70.2,20,ask,YieldingYams,BrilliantBurritos,1202979
2026-06-30T22:03:17.407978,2026-06-30T22:03:17.417915+00:00,70.2,11,bid,Xuanyu Liu,YieldingYams,1202980
2026-06-30T22:03:18.703900,2026-06-30T22:03:18.709632+00:00,70.2,200,bid,YieldingYams,WavyWalnuts,1202995
2026-06-30T22:03:21.264953,2026-06-30T22:03:21.272628+00:00,70.2,500,ask,YieldingYams,AverageAlmonds,1203033
2026-06-30T22:03:21.323296,2026-06-30T22:03:21.334155+00:00,70.2,200,ask,WavyWalnuts,YieldingYams,1203035
2026-06-30T22:03:21.472501,2026-06-30T22:03:21.487690+00:00,70.1,20,bid,Andy Garg,YieldingYams,1203040
2026-06-30T22:03:21.707992,2026-06-30T22:03:21.713401+00:00,70.1,35,bid,Andy Garg,YieldingYams,1203044
2026-06-30T22:03:21.768575,2026-06-30T22:03:21.775108+00:00,70.1,20,bid,BrilliantBurritos,YieldingYams,1203048
2026-06-30T22:03:21.899407,2026-06-30T22:03:21.908896+00:00,70.1,200,bid,WavyWalnuts,YieldingYams,1203052
2026-06-30T22:03:21.920034,2026-06-30T22:03:21.929526+00:00,70.1,10,bid,Zijun Feng,YieldingYams,1203054
2026-06-30T22:03:22.637194,2026-06-30T22:03:22.647804+00:00,70.2,500,bid,YieldingYams,AverageAlmonds,1203064
2026-06-30T22:03:22.637194,2026-06-30T22:03:22.647804+00:00,70.3,125,bid,YieldingYams,WavyWalnuts,1203065
2026-06-30T22:03:23.107957,2026-06-30T22:03:23.118935+00:00,70.2,200,bid,WavyWalnuts,AverageAlmonds,1203073
2026-06-30T22:03:24.314519,2026-06-30T22:03:24.323621+00:00,70.1,200,bid,WavyWalnuts,YieldingYams,1203082
2026-06-30T22:03:25.151723,2026-06-30T22:03:25.161232+00:00,69.9,35,ask,YieldingYams,Andy Garg,1203092
2026-06-30T22:03:25.264652,2026-06-30T22:03:25.273486+00:00,70.0,11,ask,YieldingYams,Xuanyu Liu,1203101
2026-06-30T22:03:25.313684,2026-06-30T22:03:25.324761+00:00,70.0,20,ask,YieldingYams,Andy Garg,1203103
2026-06-30T22:03:25.537173,2026-06-30T22:03:25.544467+00:00,70.1,12,ask,WavyWalnuts,Xuanyu Liu,1203111
2026-06-30T22:03:25.698182,2026-06-30T22:03:25.708401+00:00,70.2,20,bid,BrilliantBurritos,YieldingYams,1203115
2026-06-30T22:03:26.738575,2026-06-30T22:03:26.740599+00:00,70.2,200,bid,WavyWalnuts,AverageAlmonds,1203127
2026-06-30T22:03:26.983949,2026-06-30T22:03:26.985926+00:00,70.2,10,bid,Zijun Feng,AverageAlmonds,1203129
2026-06-30T22:03:27.946931,2026-06-30T22:03:27.957157+00:00,70.2,200,bid,WavyWalnuts,YieldingYams,1203143
2026-06-30T22:03:29.155731,2026-06-30T22:03:29.164237+00:00,70.2,200,bid,WavyWalnuts,YieldingYams,1203161
2026-06-30T22:03:30.487947,2026-06-30T22:03:30.493591+00:00,70.3,200,bid,YieldingYams,WavyWalnuts,1203185
2026-06-30T22:03:31.571885,2026-06-30T22:03:31.576066+00:00,70.4,200,bid,WavyWalnuts,AverageAlmonds,1203192
2026-06-30T22:03:31.970003,2026-06-30T22:03:31.975365+00:00,70.3,15,ask,YieldingYams,Andy Garg,1203203
2026-06-30T22:03:32.130592,2026-06-30T22:03:32.138997+00:00,70.3,10,ask,YieldingYams,Andy Garg,1203210
2026-06-30T22:03:32.172559,2026-06-30T22:03:32.180144+00:00,70.3,500,ask,YieldingYams,AverageAlmonds,1203212
2026-06-30T22:03:32.290494,2026-06-30T22:03:32.292665+00:00,70.3,15,ask,YieldingYams,Andy Garg,1203218
2026-06-30T22:03:32.792264,2026-06-30T22:03:32.793903+00:00,70.4,200,bid,WavyWalnuts,AverageAlmonds,1203224
2026-06-30T22:03:33.112158,2026-06-30T22:03:33.119250+00:00,70.0,34,bid,Xuanyu Liu,YieldingYams,1203232
2026-06-30T22:03:33.156399,2026-06-30T22:03:33.160113+00:00,70.0,15,bid,Andy Garg,YieldingYams,1203234
2026-06-30T22:03:33.218176,2026-06-30T22:03:33.221524+00:00,70.0,15,bid,Andy Garg,YieldingYams,1203238
2026-06-30T22:03:34.006464,2026-06-30T22:03:34.008346+00:00,70.0,200,bid,WavyWalnuts,YieldingYams,1203246
2026-06-30T22:03:35.053109,2026-06-30T22:03:35.063942+00:00,70.3,10,bid,Zijun Feng,YieldingYams,1203267
2026-06-30T22:03:35.126539,2026-06-30T22:03:35.135609+00:00,70.2,22,ask,YieldingYams,Xuanyu Liu,1203269
2026-06-30T22:03:35.216164,2026-06-30T22:03:35.217767+00:00,70.3,200,bid,WavyWalnuts,YieldingYams,1203272
2026-06-30T22:03:35.595088,2026-06-30T22:03:35.605862+00:00,70.3,10,bid,Andy Garg,YieldingYams,1203276
2026-06-30T22:03:35.721954,2026-06-30T22:03:35.737581+00:00,70.3,500,bid,YieldingYams,AverageAlmonds,1203280
2026-06-30T22:03:35.729685,2026-06-30T22:03:35.737581+00:00,70.3,12,ask,YieldingYams,Xuanyu Liu,1203281
2026-06-30T22:03:35.783515,2026-06-30T22:03:35.788779+00:00,70.3,113,ask,YieldingYams,AverageAlmonds,1203283
2026-06-30T22:03:37.003142,2026-06-30T22:03:37.007580+00:00,70.2,200,ask,WavyWalnuts,AverageAlmonds,1203315
2026-06-30T22:03:37.628687,2026-06-30T22:03:37.630548+00:00,70.0,200,bid,WavyWalnuts,YieldingYams,1203323
2026-06-30T22:03:38.330331,2026-06-30T22:03:38.335765+00:00,70.0,20,bid,BrilliantBurritos,YieldingYams,1203335
2026-06-30T22:03:38.867826,2026-06-30T22:03:38.877249+00:00,70.0,200,ask,YieldingYams,WavyWalnuts,1203340
2026-06-30T22:03:38.979229,2026-06-30T22:03:38.989888+00:00,70.0,5,ask,YieldingYams,Andy Garg,1203344
2026-06-30T22:03:39.292887,2026-06-30T22:03:39.296656+00:00,70.0,5,ask,YieldingYams,Andy Garg,1203347
2026-06-30T22:03:40.660103,2026-06-30T22:03:40.670043+00:00,69.9,10,ask,YieldingYams,Zijun Feng,1203369
2026-06-30T22:03:42.377182,2026-06-30T22:03:42.387937+00:00,70.1,5,bid,Andy Garg,AverageAlmonds,1203397
2026-06-30T22:03:42.539339,2026-06-30T22:03:42.542744+00:00,70.1,5,bid,Andy Garg,WavyWalnuts,1203402
2026-06-30T22:03:42.699987,2026-06-30T22:03:42.706915+00:00,70.1,5,bid,Andy Garg,AverageAlmonds,1203405
2026-06-30T22:03:43.567056,2026-06-30T22:03:43.577258+00:00,70.1,200,bid,YieldingYams,WavyWalnuts,1203420
2026-06-30T22:03:43.567056,2026-06-30T22:03:43.577258+00:00,70.1,425,bid,YieldingYams,AverageAlmonds,1203421
2026-06-30T22:03:44.289585,2026-06-30T22:03:44.293339+00:00,70.0,200,ask,WavyWalnuts,AverageAlmonds,1203438
2026-06-30T22:03:44.728104,2026-06-30T22:03:44.735704+00:00,69.6,10,ask,AverageAlmonds,Zijun Feng,1203448
2026-06-30T22:03:44.911905,2026-06-30T22:03:44.925544+00:00,69.9,200,ask,YieldingYams,WavyWalnuts,1203452
2026-06-30T22:03:44.917938,2026-06-30T22:03:44.925544+00:00,69.9,34,ask,YieldingYams,Xuanyu Liu,1203454
2026-06-30T22:03:46.107218,2026-06-30T22:03:46.116273+00:00,69.9,5,ask,YieldingYams,Andy Garg,1203466
2026-06-30T22:03:46.129735,2026-06-30T22:03:46.139398+00:00,70.0,3,ask,WavyWalnuts,Xuanyu Liu,1203469
2026-06-30T22:03:46.171390,2026-06-30T22:03:46.181152+00:00,70.0,5,ask,WavyWalnuts,Andy Garg,1203477
2026-06-30T22:03:46.231743,2026-06-30T22:03:46.243054+00:00,70.0,5,ask,WavyWalnuts,Andy Garg,1203479
2026-06-30T22:03:46.705552,2026-06-30T22:03:46.715234+00:00,70.0,187,ask,WavyWalnuts,AverageAlmonds,1203483
2026-06-30T22:03:46.705552,2026-06-30T22:03:46.715234+00:00,70.0,313,ask,YieldingYams,AverageAlmonds,1203484
2026-06-30T22:03:47.792045,2026-06-30T22:03:47.799630+00:00,70.1,26,bid,Xuanyu Liu,AverageAlmonds,1203498
2026-06-30T22:03:47.905373,2026-06-30T22:03:47.923891+00:00,70.0,200,ask,WavyWalnuts,AverageAlmonds,1203500
2026-06-30T22:03:47.914437,2026-06-30T22:03:47.923891+00:00,70.0,11,bid,Xuanyu Liu,AverageAlmonds,1203501
2026-06-30T22:03:49.372774,2026-06-30T22:03:49.377686+00:00,70.0,5,bid,Andy Garg,WavyWalnuts,1203533
2026-06-30T22:03:49.685700,2026-06-30T22:03:49.695459+00:00,70.0,5,bid,Andy Garg,WavyWalnuts,1203537
2026-06-30T22:03:50.452017,2026-06-30T22:03:50.456278+00:00,69.8,15,ask,WavyWalnuts,Andy Garg,1203554
2026-06-30T22:03:50.986762,2026-06-30T22:03:50.998791+00:00,69.8,11,ask,YieldingYams,Xuanyu Liu,1203565
2026-06-30T22:03:51.442996,2026-06-30T22:03:51.460323+00:00,69.9,200,bid,YieldingYams,WavyWalnuts,1203571
2026-06-30T22:03:51.451530,2026-06-30T22:03:51.460323+00:00,69.9,12,ask,YieldingYams,Xuanyu Liu,1203572
2026-06-30T22:03:52.187863,2026-06-30T22:03:52.197342+00:00,70.0,200,bid,WavyWalnuts,YieldingYams,1203581
2026-06-30T22:03:53.373775,2026-06-30T22:03:53.380238+00:00,69.8,10,ask,YieldingYams,Zijun Feng,1203596
2026-06-30T22:03:53.397322,2026-06-30T22:03:53.401035+00:00,70.0,200,bid,WavyWalnuts,YieldingYams,1203597
2026-06-30T22:03:54.098186,2026-06-30T22:03:54.102920+00:00,69.9,5,ask,YieldingYams,Andy Garg,1203607
2026-06-30T22:03:54.610325,2026-06-30T22:03:54.618077+00:00,70.1,200,bid,WavyWalnuts,YieldingYams,1203612
2026-06-30T22:03:55.393168,2026-06-30T22:03:55.401571+00:00,70.1,11,ask,YieldingYams,Xuanyu Liu,1203627
2026-06-30T22:03:55.409334,2026-06-30T22:03:55.411971+00:00,70.1,10,ask,YieldingYams,Zijun Feng,1203630
2026-06-30T22:03:55.417842,2026-06-30T22:03:55.422288+00:00,70.1,50,ask,YieldingYams,Andy Garg,1203631
2026-06-30T22:03:56.692178,2026-06-30T22:03:56.693710+00:00,70.2,200,bid,YieldingYams,WavyWalnuts,1203639
2026-06-30T22:03:56.692178,2026-06-30T22:03:56.704028+00:00,70.2,425,bid,YieldingYams,AverageAlmonds,1203640
2026-06-30T22:03:57.951297,2026-06-30T22:03:57.957845+00:00,70.0,10,ask,WavyWalnuts,Zijun Feng,1203664
2026-06-30T22:03:58.003322,2026-06-30T22:03:58.009346+00:00,70.0,190,ask,WavyWalnuts,YieldingYams,1203665
2026-06-30T22:04:03.248721,2026-06-30T22:04:03.255541+00:00,69.9,200,ask,WavyWalnuts,YieldingYams,1203742
2026-06-30T22:04:04.555094,2026-06-30T22:04:04.565427+00:00,69.9,200,bid,YieldingYams,WavyWalnuts,1203758
2026-06-30T22:04:04.892044,2026-06-30T22:04:04.896050+00:00,70.0,20,bid,BrilliantBurritos,YieldingYams,1203768
2026-06-30T22:04:05.895971,2026-06-30T22:04:05.904037+00:00,69.9,20,ask,WavyWalnuts,BrilliantBurritos,1203780
2026-06-30T22:04:08.486497,2026-06-30T22:04:08.495478+00:00,69.9,200,bid,YieldingYams,WavyWalnuts,1203815
2026-06-30T22:04:08.900927,2026-06-30T22:04:08.906344+00:00,69.9,20,ask,YieldingYams,BrilliantBurritos,1203819
2026-06-30T22:04:10.326869,2026-06-30T22:04:10.330666+00:00,70.1,25,bid,Andy Garg,WavyWalnuts,1203840
2026-06-30T22:04:10.368572,2026-06-30T22:04:10.372422+00:00,70.1,200,bid,WavyWalnuts,YieldingYams,1203844
2026-06-30T22:04:10.488766,2026-06-30T22:04:10.496390+00:00,70.1,20,bid,Andy Garg,YieldingYams,1203848
2026-06-30T22:04:10.654604,2026-06-30T22:04:10.661045+00:00,70.1,25,bid,Andy Garg,YieldingYams,1203850
2026-06-30T22:04:11.527426,2026-06-30T22:04:11.537933+00:00,70.0,500,ask,YieldingYams,AverageAlmonds,1203861
2026-06-30T22:04:12.122952,2026-06-30T22:04:12.142856+00:00,70.1,200,ask,WavyWalnuts,AverageAlmonds,1203869
2026-06-30T22:04:12.122952,2026-06-30T22:04:12.142856+00:00,70.0,125,ask,YieldingYams,AverageAlmonds,1203870
2026-06-30T22:04:12.134737,2026-06-30T22:04:12.142856+00:00,70.0,11,bid,Xuanyu Liu,AverageAlmonds,1203871
2026-06-30T22:04:12.421325,2026-06-30T22:04:12.430669+00:00,69.9,12,bid,Xuanyu Liu,YieldingYams,1203877
2026-06-30T22:04:12.429494,2026-06-30T22:04:12.441112+00:00,69.9,20,bid,Andy Garg,YieldingYams,1203879
2026-06-30T22:04:12.784387,2026-06-30T22:04:12.790500+00:00,69.9,200,bid,WavyWalnuts,YieldingYams,1203891
2026-06-30T22:04:14.208448,2026-06-30T22:04:14.210620+00:00,69.9,10,ask,WavyWalnuts,Andy Garg,1203910
2026-06-30T22:04:14.268673,2026-06-30T22:04:14.272478+00:00,69.9,15,ask,WavyWalnuts,Andy Garg,1203912
2026-06-30T22:04:14.531057,2026-06-30T22:04:14.541169+00:00,69.9,10,ask,WavyWalnuts,Andy Garg,1203916
2026-06-30T22:04:15.032776,2026-06-30T22:04:15.035101+00:00,69.9,165,ask,WavyWalnuts,YieldingYams,1203922
2026-06-30T22:04:16.419203,2026-06-30T22:04:16.425156+00:00,69.9,200,bid,WavyWalnuts,YieldingYams,1203944
2026-06-30T22:04:17.616533,2026-06-30T22:04:17.618163+00:00,69.9,15,bid,Andy Garg,YieldingYams,1203957
2026-06-30T22:04:17.672918,2026-06-30T22:04:17.681207+00:00,69.9,12,ask,YieldingYams,Xuanyu Liu,1203961
2026-06-30T22:04:20.063083,2026-06-30T22:04:20.065103+00:00,69.9,200,ask,YieldingYams,WavyWalnuts,1203999
2026-06-30T22:04:20.700397,2026-06-30T22:04:20.704347+00:00,69.7,10,ask,YieldingYams,Zijun Feng,1204015
2026-06-30T22:04:20.716617,2026-06-30T22:04:20.725098+00:00,69.8,20,bid,BrilliantBurritos,YieldingYams,1204016
2026-06-30T22:04:20.856045,2026-06-30T22:04:20.858741+00:00,69.7,5,ask,YieldingYams,Andy Garg,1204018
2026-06-30T22:04:21.269638,2026-06-30T22:04:21.281056+00:00,69.8,200,bid,WavyWalnuts,YieldingYams,1204028
2026-06-30T22:04:22.476418,2026-06-30T22:04:22.487964+00:00,69.8,200,bid,WavyWalnuts,YieldingYams,1204041
2026-06-30T22:04:22.917132,2026-06-30T22:04:22.920351+00:00,69.6,500,ask,AverageAlmonds,YieldingYams,1204049
2026-06-30T22:04:23.025066,2026-06-30T22:04:23.033160+00:00,69.6,125,bid,AverageAlmonds,YieldingYams,1204051
2026-06-30T22:04:24.345800,2026-06-30T22:04:24.348865+00:00,69.8,5,bid,Andy Garg,YieldingYams,1204073
2026-06-30T22:04:24.456876,2026-06-30T22:04:24.462669+00:00,69.8,5,bid,Andy Garg,YieldingYams,1204076
2026-06-30T22:04:24.670526,2026-06-30T22:04:24.679761+00:00,69.8,10,bid,Andy Garg,YieldingYams,1204086
2026-06-30T22:04:24.992243,2026-06-30T22:04:25.000735+00:00,69.7,20,ask,YieldingYams,BrilliantBurritos,1204096
2026-06-30T22:04:25.547468,2026-06-30T22:04:25.557112+00:00,69.8,11,ask,YieldingYams,Xuanyu Liu,1204108
2026-06-30T22:04:25.588219,2026-06-30T22:04:25.598610+00:00,69.8,10,ask,YieldingYams,Andy Garg,1204110
2026-06-30T22:04:26.102018,2026-06-30T22:04:26.113068+00:00,69.8,200,ask,YieldingYams,WavyWalnuts,1204120
2026-06-30T22:04:27.969262,2026-06-30T22:04:27.975451+00:00,69.7,5,ask,YieldingYams,Andy Garg,1204145
2026-06-30T22:04:28.180851,2026-06-30T22:04:28.192928+00:00,69.8,20,ask,YieldingYams,Andy Garg,1204156
2026-06-30T22:04:28.520177,2026-06-30T22:04:28.523580+00:00,69.8,200,ask,YieldingYams,WavyWalnuts,1204164
2026-06-30T22:04:28.705441,2026-06-30T22:04:28.709083+00:00,70.0,10,bid,Andy Garg,YieldingYams,1204168
2026-06-30T22:04:28.869294,2026-06-30T22:04:28.873480+00:00,70.0,5,bid,Andy Garg,YieldingYams,1204171
2026-06-30T22:04:29.729303,2026-06-30T22:04:29.738485+00:00,69.9,200,bid,WavyWalnuts,YieldingYams,1204181
2026-06-30T22:04:31.250680,2026-06-30T22:04:31.262201+00:00,70.0,5,bid,Andy Garg,AverageAlmonds,1204206
2026-06-30T22:04:32.755734,2026-06-30T22:04:32.762799+00:00,69.9,500,ask,YieldingYams,AverageAlmonds,1204231
2026-06-30T22:04:33.390346,2026-06-30T22:04:33.409469+00:00,69.9,125,ask,YieldingYams,WavyWalnuts,1204238
2026-06-30T22:04:33.400404,2026-06-30T22:04:33.409469+00:00,69.9,11,bid,Xuanyu Liu,WavyWalnuts,1204240
2026-06-30T22:04:33.452186,2026-06-30T22:04:33.461279+00:00,69.8,12,bid,Xuanyu Liu,YieldingYams,1204243
2026-06-30T22:04:34.600412,2026-06-30T22:04:34.602821+00:00,69.8,200,bid,WavyWalnuts,YieldingYams,1204256
2026-06-30T22:04:35.295252,2026-06-30T22:04:35.303435+00:00,69.8,12,ask,YieldingYams,Xuanyu Liu,1204276
2026-06-30T22:04:36.066278,2026-06-30T22:04:36.084521+00:00,69.9,200,bid,YieldingYams,WavyWalnuts,1204288
2026-06-30T22:04:36.076088,2026-06-30T22:04:36.084521+00:00,69.9,11,ask,YieldingYams,Xuanyu Liu,1204289
2026-06-30T22:04:36.100176,2026-06-30T22:04:36.105363+00:00,69.9,20,ask,YieldingYams,Andy Garg,1204291
2026-06-30T22:04:37.381322,2026-06-30T22:04:37.392522+00:00,69.8,200,ask,WavyWalnuts,YieldingYams,1204305
2026-06-30T22:04:38.234994,2026-06-30T22:04:38.245815+00:00,69.8,5,bid,Andy Garg,YieldingYams,1204318
2026-06-30T22:04:38.267229,2026-06-30T22:04:38.276994+00:00,69.8,200,bid,WavyWalnuts,YieldingYams,1204320
2026-06-30T22:04:38.345484,2026-06-30T22:04:38.349269+00:00,69.8,10,bid,Andy Garg,YieldingYams,1204321
2026-06-30T22:04:38.506527,2026-06-30T22:04:38.513648+00:00,69.8,5,bid,Andy Garg,YieldingYams,1204324
2026-06-30T22:04:39.476905,2026-06-30T22:04:39.478803+00:00,69.9,200,ask,YieldingYams,WavyWalnuts,1204341
2026-06-30T22:04:40.682982,2026-06-30T22:04:40.690858+00:00,69.9,200,bid,WavyWalnuts,YieldingYams,1204355
2026-06-30T22:04:41.337379,2026-06-30T22:04:41.346126+00:00,70.0,500,bid,YieldingYams,AverageAlmonds,1204360
2026-06-30T22:04:41.337379,2026-06-30T22:04:41.346126+00:00,70.1,125,bid,YieldingYams,WavyWalnuts,1204361
2026-06-30T22:04:42.652550,2026-06-30T22:04:42.662676+00:00,69.8,200,ask,WavyWalnuts,YieldingYams,1204379
2026-06-30T22:04:42.902822,2026-06-30T22:04:42.909095+00:00,69.8,20,bid,BrilliantBurritos,YieldingYams,1204384
2026-06-30T22:04:43.963510,2026-06-30T22:04:43.974570+00:00,69.7,200,bid,YieldingYams,WavyWalnuts,1204398
2026-06-30T22:04:44.774552,2026-06-30T22:04:44.783458+00:00,69.8,3,ask,YieldingYams,Xuanyu Liu,1204407
2026-06-30T22:04:45.279465,2026-06-30T22:04:45.287111+00:00,69.8,200,ask,WavyWalnuts,YieldingYams,1204417
2026-06-30T22:04:45.321489,2026-06-30T22:04:45.328773+00:00,69.7,50,bid,Andy Garg,YieldingYams,1204418
2026-06-30T22:04:45.450069,2026-06-30T22:04:45.452479+00:00,69.7,375,bid,AverageAlmonds,YieldingYams,1204421
2026-06-30T22:04:45.483293,2026-06-30T22:04:45.494172+00:00,69.9,35,bid,Andy Garg,WavyWalnuts,1204424
2026-06-30T22:04:45.528161,2026-06-30T22:04:45.535809+00:00,69.7,125,ask,AverageAlmonds,WavyWalnuts,1204426
2026-06-30T22:04:45.542371,2026-06-30T22:04:45.546184+00:00,69.7,15,bid,Andy Garg,WavyWalnuts,1204427
2026-06-30T22:04:45.973104,2026-06-30T22:04:45.978051+00:00,69.5,10,ask,YieldingYams,Zijun Feng,1204437
2026-06-30T22:04:46.049428,2026-06-30T22:04:46.060688+00:00,69.7,60,bid,AverageAlmonds,WavyWalnuts,1204439
2026-06-30T22:04:46.066512,2026-06-30T22:04:46.081575+00:00,69.7,45,ask,AverageAlmonds,Andy Garg,1204442
2026-06-30T22:04:46.230172,2026-06-30T22:04:46.236068+00:00,69.7,55,ask,AverageAlmonds,Andy Garg,1204445
2026-06-30T22:04:46.737798,2026-06-30T22:04:46.742577+00:00,69.8,200,ask,YieldingYams,WavyWalnuts,1204455
2026-06-30T22:04:47.944120,2026-06-30T22:04:47.955028+00:00,69.8,200,ask,YieldingYams,WavyWalnuts,1204467
2026-06-30T22:04:48.239229,2026-06-30T22:04:48.242654+00:00,69.8,20,ask,YieldingYams,BrilliantBurritos,1204472
2026-06-30T22:04:48.516701,2026-06-30T22:04:48.520118+00:00,69.8,10,ask,YieldingYams,Zijun Feng,1204474
2026-06-30T22:04:49.150029,2026-06-30T22:04:49.157519+00:00,69.8,200,ask,YieldingYams,WavyWalnuts,1204485
2026-06-30T22:04:49.204065,2026-06-30T22:04:49.208987+00:00,69.7,500,ask,AverageAlmonds,YieldingYams,1204486
2026-06-30T22:04:49.204065,2026-06-30T22:04:49.208987+00:00,69.6,125,ask,WavyWalnuts,YieldingYams,1204487
2026-06-30T22:04:49.287843,2026-06-30T22:04:49.291036+00:00,70.1,20,bid,BrilliantBurritos,AverageAlmonds,1204488
2026-06-30T22:04:51.637292,2026-06-30T22:04:51.642688+00:00,69.9,20,bid,BrilliantBurritos,YieldingYams,1204519
2026-06-30T22:04:52.391186,2026-06-30T22:04:52.400778+00:00,70.0,5,bid,Andy Garg,WavyWalnuts,1204529
2026-06-30T22:04:52.804562,2026-06-30T22:04:52.810301+00:00,69.9,30,bid,Andy Garg,WavyWalnuts,1204533
2026-06-30T22:04:53.025838,2026-06-30T22:04:53.036927+00:00,69.8,10,ask,YieldingYams,Zijun Feng,1204542
2026-06-30T22:04:53.080071,2026-06-30T22:04:53.088457+00:00,69.8,10,ask,YieldingYams,Andy Garg,1204544
2026-06-30T22:04:53.996609,2026-06-30T22:04:54.001915+00:00,69.9,10,ask,WavyWalnuts,Andy Garg,1204563
2026-06-30T22:04:54.433113,2026-06-30T22:04:54.442224+00:00,69.9,190,ask,WavyWalnuts,YieldingYams,1204568
2026-06-30T22:04:54.433113,2026-06-30T22:04:54.442224+00:00,69.8,435,ask,AverageAlmonds,YieldingYams,1204569
2026-06-30T22:04:55.739024,2026-06-30T22:04:55.743646+00:00,69.9,200,bid,YieldingYams,WavyWalnuts,1204590
2026-06-30T22:04:55.919975,2026-06-30T22:04:55.928691+00:00,70.0,15,ask,YieldingYams,Andy Garg,1204593
2026-06-30T22:04:57.051539,2026-06-30T22:04:57.060494+00:00,70.0,200,ask,WavyWalnuts,YieldingYams,1204612
2026-06-30T22:04:57.605188,2026-06-30T22:04:57.615840+00:00,70.0,200,bid,WavyWalnuts,YieldingYams,1204619
2026-06-30T22:04:58.659523,2026-06-30T22:04:58.666407+00:00,69.9,10,ask,YieldingYams,Zijun Feng,1204639
2026-06-30T22:04:58.753478,2026-06-30T22:04:58.758841+00:00,69.9,20,ask,YieldingYams,BrilliantBurritos,1204641
2026-06-30T22:04:59.204629,2026-06-30T22:04:59.211525+00:00,70.0,40,bid,Andy Garg,YieldingYams,1204643
2026-06-30T22:04:59.387701,2026-06-30T22:04:59.397400+00:00,70.0,55,bid,Andy Garg,YieldingYams,1204648
2026-06-30T22:04:59.549270,2026-06-30T22:04:59.551322+00:00,70.0,5,bid,Andy Garg,YieldingYams,1204653
2026-06-30T22:05:00.163510,2026-06-30T22:05:00.168760+00:00,69.9,30,ask,YieldingYams,Andy Garg,1204662
2026-06-30T22:05:00.331629,2026-06-30T22:05:00.334032+00:00,69.9,30,ask,YieldingYams,Andy Garg,1204670
2026-06-30T22:05:01.237725,2026-06-30T22:05:01.249113+00:00,69.9,200,ask,YieldingYams,WavyWalnuts,1204683
2026-06-30T22:05:02.454123,2026-06-30T22:05:02.460054+00:00,69.8,200,ask,YieldingYams,WavyWalnuts,1204699
2026-06-30T22:05:02.761476,2026-06-30T22:05:02.767181+00:00,69.8,40,ask,YieldingYams,Andy Garg,1204702
2026-06-30T22:05:03.603319,2026-06-30T22:05:03.607599+00:00,69.8,500,ask,AverageAlmonds,YieldingYams,1204710
2026-06-30T22:05:03.625316,2026-06-30T22:05:03.628369+00:00,69.8,125,bid,AverageAlmonds,YieldingYams,1204711
2026-06-30T22:05:03.737176,2026-06-30T22:05:03.742838+00:00,70.1,15,bid,Andy Garg,WavyWalnuts,1204716
2026-06-30T22:05:04.894943,2026-06-30T22:05:04.903606+00:00,70.0,3,ask,WavyWalnuts,Xuanyu Liu,1204729
2026-06-30T22:05:04.910534,2026-06-30T22:05:04.914006+00:00,70.0,197,ask,WavyWalnuts,YieldingYams,1204731
2026-06-30T22:05:06.212952,2026-06-30T22:05:06.215617+00:00,70.0,10,bid,Andy Garg,YieldingYams,1204742
2026-06-30T22:05:08.849585,2026-06-30T22:05:08.853039+00:00,69.8,500,ask,AverageAlmonds,YieldingYams,1204772
2026-06-30T22:05:08.849585,2026-06-30T22:05:08.853039+00:00,69.8,125,ask,WavyWalnuts,YieldingYams,1204773
2026-06-30T22:05:10.566295,2026-06-30T22:05:10.577209+00:00,69.9,15,ask,YieldingYams,Andy Garg,1204796
2026-06-30T22:05:10.679400,2026-06-30T22:05:10.690057+00:00,70.0,15,bid,Andy Garg,WavyWalnuts,1204800
2026-06-30T22:05:12.158634,2026-06-30T22:05:12.167956+00:00,70.0,200,bid,WavyWalnuts,YieldingYams,1204821
2026-06-30T22:05:13.209272,2026-06-30T22:05:13.213370+00:00,70.1,40,bid,Andy Garg,YieldingYams,1204839
2026-06-30T22:05:13.370800,2026-06-30T22:05:13.378395+00:00,70.1,30,bid,Andy Garg,YieldingYams,1204845
2026-06-30T22:05:13.538337,2026-06-30T22:05:13.542782+00:00,70.1,5,bid,Andy Garg,YieldingYams,1204850
2026-06-30T22:05:14.254954,2026-06-30T22:05:14.262045+00:00,69.9,20,ask,WavyWalnuts,BrilliantBurritos,1204862
2026-06-30T22:05:14.582879,2026-06-30T22:05:14.591220+00:00,70.0,200,bid,WavyWalnuts,YieldingYams,1204870
2026-06-30T22:05:15.398299,2026-06-30T22:05:15.409990+00:00,70.1,200,bid,YieldingYams,WavyWalnuts,1204878
2026-06-30T22:05:15.789196,2026-06-30T22:05:15.791216+00:00,70.1,200,ask,YieldingYams,WavyWalnuts,1204886
2026-06-30T22:05:15.954718,2026-06-30T22:05:15.965377+00:00,70.2,20,bid,BrilliantBurritos,YieldingYams,1204887
2026-06-30T22:05:18.023528,2026-06-30T22:05:18.026600+00:00,70.0,200,ask,WavyWalnuts,YieldingYams,1204913
2026-06-30T22:05:18.023528,2026-06-30T22:05:18.026600+00:00,69.8,425,ask,AverageAlmonds,YieldingYams,1204914
2026-06-30T22:05:19.331343,2026-06-30T22:05:19.339315+00:00,69.9,200,bid,YieldingYams,WavyWalnuts,1204931
2026-06-30T22:05:20.624891,2026-06-30T22:05:20.631142+00:00,70.0,200,ask,YieldingYams,WavyWalnuts,1204949
2026-06-30T22:05:22.692736,2026-06-30T22:05:22.701216+00:00,70.1,3,bid,Xuanyu Liu,WavyWalnuts,1204973
2026-06-30T22:05:23.050369,2026-06-30T22:05:23.059395+00:00,70.1,200,bid,WavyWalnuts,AverageAlmonds,1204978
2026-06-30T22:05:23.266484,2026-06-30T22:05:23.274278+00:00,70.1,300,bid,YieldingYams,AverageAlmonds,1204983
2026-06-30T22:05:23.620023,2026-06-30T22:05:23.623219+00:00,70.1,325,ask,YieldingYams,AverageAlmonds,1204989
2026-06-30T22:05:24.259787,2026-06-30T22:05:24.269862+00:00,70.0,200,bid,WavyWalnuts,AverageAlmonds,1205004
2026-06-30T22:05:24.590161,2026-06-30T22:05:24.599342+00:00,69.8,3,bid,Xuanyu Liu,YieldingYams,1205009
2026-06-30T22:05:25.470711,2026-06-30T22:05:25.482143+00:00,69.8,200,bid,WavyWalnuts,YieldingYams,1205024
2026-06-30T22:05:26.692522,2026-06-30T22:05:26.700479+00:00,69.7,3,ask,WavyWalnuts,Xuanyu Liu,1205045
2026-06-30T22:05:27.199363,2026-06-30T22:05:27.202168+00:00,69.7,197,ask,WavyWalnuts,YieldingYams,1205047
2026-06-30T22:05:27.199363,2026-06-30T22:05:27.202168+00:00,69.6,428,ask,AverageAlmonds,YieldingYams,1205048
2026-06-30T22:05:28.508273,2026-06-30T22:05:28.518923+00:00,69.7,200,bid,YieldingYams,WavyWalnuts,1205070
2026-06-30T22:05:29.594936,2026-06-30T22:05:29.603645+00:00,69.8,20,ask,WavyWalnuts,BrilliantBurritos,1205078
2026-06-30T22:05:30.852399,2026-06-30T22:05:30.855425+00:00,69.8,55,ask,WavyWalnuts,Andy Garg,1205101
2026-06-30T22:05:31.012564,2026-06-30T22:05:31.020096+00:00,69.8,45,ask,WavyWalnuts,Andy Garg,1205112
2026-06-30T22:05:31.131914,2026-06-30T22:05:31.143493+00:00,70.0,200,bid,YieldingYams,WavyWalnuts,1205116
2026-06-30T22:05:31.131914,2026-06-30T22:05:31.143493+00:00,70.0,425,bid,YieldingYams,AverageAlmonds,1205117
2026-06-30T22:05:31.575825,2026-06-30T22:05:31.585831+00:00,70.0,15,bid,Andy Garg,AverageAlmonds,1205126
2026-06-30T22:05:32.197391,2026-06-30T22:05:32.200799+00:00,69.8,20,ask,WavyWalnuts,BrilliantBurritos,1205132
2026-06-30T22:05:32.442579,2026-06-30T22:05:32.446560+00:00,69.8,180,ask,WavyWalnuts,YieldingYams,1205136
2026-06-30T22:05:32.751084,2026-06-30T22:05:32.754142+00:00,69.7,200,bid,WavyWalnuts,YieldingYams,1205140
2026-06-30T22:05:33.974762,2026-06-30T22:05:33.984473+00:00,69.7,200,ask,YieldingYams,WavyWalnuts,1205154
2026-06-30T22:05:35.068785,2026-06-30T22:05:35.072961+00:00,69.7,25,bid,Andy Garg,YieldingYams,1205177
2026-06-30T22:05:36.443038,2026-06-30T22:05:36.445615+00:00,69.6,20,bid,Andy Garg,WavyWalnuts,1205201
2026-06-30T22:05:37.640011,2026-06-30T22:05:37.645332+00:00,69.5,200,ask,YieldingYams,WavyWalnuts,1205219
2026-06-30T22:05:37.706656,2026-06-30T22:05:37.717173+00:00,69.4,500,ask,AverageAlmonds,YieldingYams,1205222
2026-06-30T22:05:37.706656,2026-06-30T22:05:37.717173+00:00,69.4,125,ask,WavyWalnuts,YieldingYams,1205223
2026-06-30T22:05:40.061747,2026-06-30T22:05:40.069093+00:00,69.5,200,ask,YieldingYams,WavyWalnuts,1205258
2026-06-30T22:05:42.478276,2026-06-30T22:05:42.482837+00:00,69.4,200,ask,YieldingYams,WavyWalnuts,1205282
2026-06-30T22:05:43.061721,2026-06-30T22:05:43.068298+00:00,69.5,40,ask,AverageAlmonds,Andy Garg,1205286
2026-06-30T22:05:43.608986,2026-06-30T22:05:43.613826+00:00,69.6,500,bid,AverageAlmonds,YieldingYams,1205297
2026-06-30T22:05:43.685591,2026-06-30T22:05:43.696347+00:00,69.4,200,ask,YieldingYams,WavyWalnuts,1205300
2026-06-30T22:05:44.205339,2026-06-30T22:05:44.209396+00:00,69.6,125,bid,AverageAlmonds,YieldingYams,1205303
2026-06-30T22:05:44.236525,2026-06-30T22:05:44.240365+00:00,69.6,20,ask,AverageAlmonds,Andy Garg,1205305
2026-06-30T22:05:45.568237,2026-06-30T22:05:45.576973+00:00,69.6,200,bid,YieldingYams,WavyWalnuts,1205328
2026-06-30T22:05:46.880094,2026-06-30T22:05:46.885521+00:00,69.7,200,bid,YieldingYams,WavyWalnuts,1205345
2026-06-30T22:05:49.505633,2026-06-30T22:05:49.516963+00:00,69.7,200,ask,WavyWalnuts,YieldingYams,1205373
2026-06-30T22:05:54.570652,2026-06-30T22:05:54.581284+00:00,69.7,200,bid,WavyWalnuts,YieldingYams,1205440
2026-06-30T22:05:54.777447,2026-06-30T22:05:54.786776+00:00,69.7,20,ask,YieldingYams,Andy Garg,1205443
2026-06-30T22:05:55.785192,2026-06-30T22:05:55.795556+00:00,69.7,200,ask,YieldingYams,WavyWalnuts,1205457
2026-06-30T22:05:57.368024,2026-06-30T22:05:57.374762+00:00,69.7,200,ask,WavyWalnuts,YieldingYams,1205472
2026-06-30T22:05:57.561290,2026-06-30T22:05:57.569971+00:00,69.7,425,bid,AverageAlmonds,YieldingYams,1205475
2026-06-30T22:05:58.201876,2026-06-30T22:05:58.209636+00:00,69.7,200,ask,AverageAlmonds,WavyWalnuts,1205486
2026-06-30T22:05:58.684774,2026-06-30T22:05:58.692326+00:00,70.0,3,ask,YieldingYams,Xuanyu Liu,1205492
2026-06-30T22:05:58.723168,2026-06-30T22:05:58.733742+00:00,70.0,15,ask,YieldingYams,Andy Garg,1205494
2026-06-30T22:05:59.410959,2026-06-30T22:05:59.422093+00:00,70.0,200,ask,YieldingYams,WavyWalnuts,1205506
2026-06-30T22:05:59.539154,2026-06-30T22:05:59.547071+00:00,70.1,10,bid,Andy Garg,YieldingYams,1205508
2026-06-30T22:05:59.701939,2026-06-30T22:05:59.711438+00:00,70.1,25,bid,Andy Garg,YieldingYams,1205514
2026-06-30T22:06:00.588588,2026-06-30T22:06:00.602417+00:00,69.9,20,ask,YieldingYams,BrilliantBurritos,1205526
2026-06-30T22:06:00.617555,2026-06-30T22:06:00.622993+00:00,69.9,200,ask,YieldingYams,WavyWalnuts,1205528
2026-06-30T22:06:01.825392,2026-06-30T22:06:01.832601+00:00,70.0,200,ask,YieldingYams,WavyWalnuts,1205551
2026-06-30T22:06:02.722538,2026-06-30T22:06:02.725575+00:00,70.0,20,ask,YieldingYams,BrilliantBurritos,1205557
2026-06-30T22:06:05.472208,2026-06-30T22:06:05.483356+00:00,70.1,200,bid,WavyWalnuts,YieldingYams,1205600
2026-06-30T22:06:05.600917,2026-06-30T22:06:05.606761+00:00,69.9,20,ask,YieldingYams,BrilliantBurritos,1205602
2026-06-30T22:06:06.569021,2026-06-30T22:06:06.571483+00:00,70.0,5,ask,YieldingYams,Andy Garg,1205609
2026-06-30T22:06:06.727190,2026-06-30T22:06:06.736290+00:00,70.1,20,ask,WavyWalnuts,Andy Garg,1205616
2026-06-30T22:06:07.859847,2026-06-30T22:06:07.863097+00:00,70.1,180,ask,WavyWalnuts,YieldingYams,1205630
2026-06-30T22:06:07.859847,2026-06-30T22:06:07.863097+00:00,69.9,445,ask,AverageAlmonds,YieldingYams,1205631
2026-06-30T22:06:09.110613,2026-06-30T22:06:09.123581+00:00,70.0,10,bid,Andy Garg,WavyWalnuts,1205644
2026-06-30T22:06:09.114223,2026-06-30T22:06:09.123581+00:00,70.0,3,bid,Xuanyu Liu,WavyWalnuts,1205645
2026-06-30T22:06:09.168636,2026-06-30T22:06:09.175077+00:00,70.0,187,bid,YieldingYams,WavyWalnuts,1205649
2026-06-30T22:06:10.322682,2026-06-30T22:06:10.324510+00:00,70.1,200,ask,YieldingYams,WavyWalnuts,1205664
2026-06-30T22:06:10.484599,2026-06-30T22:06:10.488231+00:00,70.0,500,ask,AverageAlmonds,YieldingYams,1205666
2026-06-30T22:06:10.496259,2026-06-30T22:06:10.498481+00:00,69.9,10,ask,WavyWalnuts,Zijun Feng,1205667
2026-06-30T22:06:10.612928,2026-06-30T22:06:10.621018+00:00,69.9,20,ask,WavyWalnuts,BrilliantBurritos,1205668
2026-06-30T22:06:10.877718,2026-06-30T22:06:10.887432+00:00,70.0,125,bid,AverageAlmonds,YieldingYams,1205672
2026-06-30T22:06:11.791741,2026-06-30T22:06:11.797107+00:00,70.2,200,bid,YieldingYams,WavyWalnuts,1205681
2026-06-30T22:06:11.791741,2026-06-30T22:06:11.797107+00:00,70.4,425,bid,YieldingYams,AverageAlmonds,1205682
2026-06-30T22:06:12.521358,2026-06-30T22:06:12.528833+00:00,70.1,10,ask,WavyWalnuts,Zijun Feng,1205705
2026-06-30T22:06:13.295484,2026-06-30T22:06:13.299315+00:00,70.1,200,bid,AverageAlmonds,WavyWalnuts,1205715
2026-06-30T22:06:13.424189,2026-06-30T22:06:13.433040+00:00,70.1,3,ask,AverageAlmonds,Xuanyu Liu,1205718
2026-06-30T22:06:13.964969,2026-06-30T22:06:13.975454+00:00,70.0,200,ask,YieldingYams,WavyWalnuts,1205722
2026-06-30T22:06:14.501012,2026-06-30T22:06:14.507267+00:00,70.1,500,bid,AverageAlmonds,YieldingYams,1205735
2026-06-30T22:06:14.560922,2026-06-30T22:06:14.569609+00:00,69.9,10,ask,WavyWalnuts,Zijun Feng,1205741
2026-06-30T22:06:14.764206,2026-06-30T22:06:14.774344+00:00,70.1,15,bid,Andy Garg,YieldingYams,1205747
2026-06-30T22:06:15.072062,2026-06-30T22:06:15.082181+00:00,69.9,10,ask,WavyWalnuts,Zijun Feng,1205753
2026-06-30T22:06:15.106121,2026-06-30T22:06:15.112958+00:00,70.1,110,bid,AverageAlmonds,YieldingYams,1205755
2026-06-30T22:06:15.126056,2026-06-30T22:06:15.136377+00:00,70.1,11,ask,AverageAlmonds,Xuanyu Liu,1205756
2026-06-30T22:06:15.175166,2026-06-30T22:06:15.177779+00:00,70.1,200,ask,AverageAlmonds,WavyWalnuts,1205761
2026-06-30T22:06:15.755583,2026-06-30T22:06:15.764743+00:00,70.3,23,ask,YieldingYams,Xuanyu Liu,1205765
2026-06-30T22:06:16.386031,2026-06-30T22:06:16.392145+00:00,70.3,200,ask,YieldingYams,WavyWalnuts,1205776
2026-06-30T22:06:16.597494,2026-06-30T22:06:16.607943+00:00,70.3,10,ask,YieldingYams,Zijun Feng,1205781
2026-06-30T22:06:21.160717,2026-06-30T22:06:21.163793+00:00,70.2,200,bid,WavyWalnuts,YieldingYams,1205838
2026-06-30T22:06:21.160717,2026-06-30T22:06:21.163793+00:00,70.2,300,bid,AverageAlmonds,YieldingYams,1205839
2026-06-30T22:06:21.218135,2026-06-30T22:06:21.225634+00:00,70.2,200,bid,AverageAlmonds,WavyWalnuts,1205841
2026-06-30T22:06:22.408825,2026-06-30T22:06:22.419964+00:00,70.2,12,ask,AverageAlmonds,Xuanyu Liu,1205857
2026-06-30T22:06:22.436992,2026-06-30T22:06:22.440854+00:00,70.3,200,bid,WavyWalnuts,YieldingYams,1205862
2026-06-30T22:06:22.874192,2026-06-30T22:06:22.883048+00:00,70.3,12,bid,Xuanyu Liu,YieldingYams,1205867
2026-06-30T22:06:26.248709,2026-06-30T22:06:26.251955+00:00,70.2,500,ask,AverageAlmonds,YieldingYams,1205907
2026-06-30T22:06:26.248709,2026-06-30T22:06:26.251955+00:00,70.2,125,ask,WavyWalnuts,YieldingYams,1205908
2026-06-30T22:06:27.286693,2026-06-30T22:06:27.296078+00:00,70.2,200,ask,AverageAlmonds,WavyWalnuts,1205922
2026-06-30T22:06:28.494741,2026-06-30T22:06:28.503855+00:00,70.4,200,ask,YieldingYams,WavyWalnuts,1205932
2026-06-30T22:06:29.251806,2026-06-30T22:06:29.261612+00:00,70.5,34,bid,Xuanyu Liu,YieldingYams,1205945
2026-06-30T22:06:29.703060,2026-06-30T22:06:29.711807+00:00,70.3,200,ask,YieldingYams,WavyWalnuts,1205951
2026-06-30T22:06:30.910890,2026-06-30T22:06:30.912784+00:00,70.3,200,ask,YieldingYams,WavyWalnuts,1205972
2026-06-30T22:06:31.328089,2026-06-30T22:06:31.331782+00:00,70.5,10,bid,Zijun Feng,YieldingYams,1205977
2026-06-30T22:06:31.484824,2026-06-30T22:06:31.495375+00:00,70.2,200,ask,WavyWalnuts,YieldingYams,1205981
2026-06-30T22:06:31.484824,2026-06-30T22:06:31.495375+00:00,70.2,425,ask,AverageAlmonds,YieldingYams,1205982
2026-06-30T22:06:32.122329,2026-06-30T22:06:32.130587+00:00,70.3,3,bid,Xuanyu Liu,WavyWalnuts,1205988
2026-06-30T22:06:32.793459,2026-06-30T22:06:32.808335+00:00,70.3,197,bid,YieldingYams,WavyWalnuts,1205997
2026-06-30T22:06:32.799956,2026-06-30T22:06:32.808335+00:00,70.4,14,ask,YieldingYams,Xuanyu Liu,1205998
2026-06-30T22:06:33.321398,2026-06-30T22:06:33.332015+00:00,70.4,200,ask,YieldingYams,WavyWalnuts,1206004
2026-06-30T22:06:34.106158,2026-06-30T22:06:34.123299+00:00,70.2,500,ask,AverageAlmonds,YieldingYams,1206017
2026-06-30T22:06:34.115199,2026-06-30T22:06:34.123299+00:00,70.2,14,bid,Xuanyu Liu,YieldingYams,1206018
2026-06-30T22:06:34.138434,2026-06-30T22:06:34.143962+00:00,70.2,15,bid,Andy Garg,YieldingYams,1206020
2026-06-30T22:06:34.493444,2026-06-30T22:06:34.501991+00:00,70.2,96,bid,AverageAlmonds,YieldingYams,1206023
2026-06-30T22:06:34.528817,2026-06-30T22:06:34.532824+00:00,70.2,200,ask,AverageAlmonds,WavyWalnuts,1206026
2026-06-30T22:06:38.167119,2026-06-30T22:06:38.173417+00:00,70.4,200,bid,WavyWalnuts,YieldingYams,1206067
2026-06-30T22:06:39.380159,2026-06-30T22:06:39.384042+00:00,70.3,200,bid,WavyWalnuts,YieldingYams,1206082
2026-06-30T22:06:39.988179,2026-06-30T22:06:39.990899+00:00,70.3,10,bid,Zijun Feng,YieldingYams,1206089
2026-06-30T22:06:40.602426,2026-06-30T22:06:40.606949+00:00,70.3,200,bid,WavyWalnuts,YieldingYams,1206107
2026-06-30T22:06:40.613741,2026-06-30T22:06:40.617361+00:00,70.2,5,ask,YieldingYams,Andy Garg,1206109
2026-06-30T22:06:40.674475,2026-06-30T22:06:40.679259+00:00,70.3,10,ask,YieldingYams,Andy Garg,1206111
2026-06-30T22:06:40.785358,2026-06-30T22:06:40.792235+00:00,70.3,15,ask,YieldingYams,Andy Garg,1206117
2026-06-30T22:06:41.198671,2026-06-30T22:06:41.202940+00:00,70.3,10,ask,YieldingYams,Andy Garg,1206121
2026-06-30T22:06:41.980496,2026-06-30T22:06:41.982190+00:00,70.3,200,ask,WavyWalnuts,YieldingYams,1206130
2026-06-30T22:06:43.034488,2026-06-30T22:06:43.036082+00:00,70.3,200,bid,WavyWalnuts,YieldingYams,1206145
2026-06-30T22:06:44.064271,2026-06-30T22:06:44.069954+00:00,70.5,10,bid,Zijun Feng,WavyWalnuts,1206158
2026-06-30T22:06:44.250753,2026-06-30T22:06:44.254750+00:00,70.3,200,ask,YieldingYams,WavyWalnuts,1206162
2026-06-30T22:06:44.283140,2026-06-30T22:06:44.285627+00:00,70.5,15,bid,Andy Garg,YieldingYams,1206163
2026-06-30T22:06:44.648241,2026-06-30T22:06:44.654762+00:00,70.4,10,bid,Andy Garg,YieldingYams,1206170
2026-06-30T22:06:44.911906,2026-06-30T22:06:44.921108+00:00,70.4,10,bid,Andy Garg,YieldingYams,1206180
2026-06-30T22:06:45.475172,2026-06-30T22:06:45.485695+00:00,70.3,10,bid,Andy Garg,WavyWalnuts,1206189
2026-06-30T22:06:45.913677,2026-06-30T22:06:45.924903+00:00,70.3,190,bid,YieldingYams,WavyWalnuts,1206196
2026-06-30T22:06:47.450431,2026-06-30T22:06:47.452528+00:00,70.3,10,ask,YieldingYams,Andy Garg,1206215
2026-06-30T22:06:47.762779,2026-06-30T22:06:47.771203+00:00,70.3,10,ask,YieldingYams,Andy Garg,1206221
2026-06-30T22:06:47.850409,2026-06-30T22:06:47.853067+00:00,70.3,5,ask,YieldingYams,Andy Garg,1206223
2026-06-30T22:06:47.879461,2026-06-30T22:06:47.883894+00:00,70.3,200,ask,YieldingYams,WavyWalnuts,1206226
2026-06-30T22:06:48.171400,2026-06-30T22:06:48.179196+00:00,70.4,3,bid,Xuanyu Liu,YieldingYams,1206230
2026-06-30T22:06:51.159264,2026-06-30T22:06:51.170132+00:00,70.4,200,bid,YieldingYams,WavyWalnuts,1206268
2026-06-30T22:06:51.235160,2026-06-30T22:06:51.242295+00:00,70.4,20,ask,YieldingYams,BrilliantBurritos,1206269
2026-06-30T22:06:52.344843,2026-06-30T22:06:52.352827+00:00,70.5,20,bid,BrilliantBurritos,WavyWalnuts,1206280
2026-06-30T22:06:52.729681,2026-06-30T22:06:52.734070+00:00,70.5,10,bid,Zijun Feng,YieldingYams,1206286
2026-06-30T22:06:53.789328,2026-06-30T22:06:53.800127+00:00,70.3,200,ask,WavyWalnuts,YieldingYams,1206295
2026-06-30T22:06:53.789328,2026-06-30T22:06:53.800127+00:00,70.3,425,ask,AverageAlmonds,YieldingYams,1206296
2026-06-30T22:06:53.947945,2026-06-30T22:06:53.956680+00:00,70.4,11,bid,Xuanyu Liu,WavyWalnuts,1206301
2026-06-30T22:06:55.132559,2026-06-30T22:06:55.136332+00:00,70.4,189,bid,YieldingYams,WavyWalnuts,1206311
2026-06-30T22:06:56.843357,2026-06-30T22:06:56.847084+00:00,70.6,10,bid,Zijun Feng,WavyWalnuts,1206341
2026-06-30T22:06:57.794055,2026-06-30T22:06:57.801713+00:00,70.5,5,bid,Andy Garg,YieldingYams,1206350
2026-06-30T22:06:58.813548,2026-06-30T22:06:58.821462+00:00,70.5,200,bid,WavyWalnuts,YieldingYams,1206365
2026-06-30T22:07:00.023936,2026-06-30T22:07:00.035169+00:00,70.5,200,ask,YieldingYams,WavyWalnuts,1206382
2026-06-30T22:07:00.904804,2026-06-30T22:07:00.909887+00:00,70.6,10,bid,Zijun Feng,YieldingYams,1206394
2026-06-30T22:07:00.915073,2026-06-30T22:07:00.920230+00:00,70.4,20,ask,YieldingYams,BrilliantBurritos,1206395
2026-06-30T22:07:02.444404,2026-06-30T22:07:02.452791+00:00,70.5,200,ask,YieldingYams,WavyWalnuts,1206420
2026-06-30T22:07:02.946225,2026-06-30T22:07:02.954779+00:00,70.6,10,bid,Zijun Feng,YieldingYams,1206424
2026-06-30T22:07:04.307835,2026-06-30T22:07:04.318777+00:00,70.5,200,bid,YieldingYams,WavyWalnuts,1206438
2026-06-30T22:07:04.858763,2026-06-30T22:07:04.864867+00:00,70.5,200,ask,YieldingYams,WavyWalnuts,1206450
2026-06-30T22:07:05.486685,2026-06-30T22:07:05.491630+00:00,70.7,10,bid,Zijun Feng,YieldingYams,1206459
2026-06-30T22:07:05.620964,2026-06-30T22:07:05.634736+00:00,70.5,500,ask,AverageAlmonds,YieldingYams,1206461
2026-06-30T22:07:05.626351,2026-06-30T22:07:05.634736+00:00,70.4,23,bid,Xuanyu Liu,YieldingYams,1206462
2026-06-30T22:07:06.003805,2026-06-30T22:07:06.014054+00:00,70.4,102,bid,AverageAlmonds,YieldingYams,1206468
2026-06-30T22:07:06.065647,2026-06-30T22:07:06.075762+00:00,70.5,200,ask,AverageAlmonds,WavyWalnuts,1206470
2026-06-30T22:07:06.229399,2026-06-30T22:07:06.239492+00:00,70.9,20,bid,BrilliantBurritos,AverageAlmonds,1206474
2026-06-30T22:07:07.236870,2026-06-30T22:07:07.245814+00:00,70.7,23,bid,Xuanyu Liu,YieldingYams,1206487
2026-06-30T22:07:07.273510,2026-06-30T22:07:07.276836+00:00,70.5,200,ask,YieldingYams,WavyWalnuts,1206491
2026-06-30T22:07:07.548232,2026-06-30T22:07:07.554372+00:00,70.7,10,bid,Zijun Feng,YieldingYams,1206496
2026-06-30T22:07:08.239470,2026-06-30T22:07:08.241127+00:00,70.5,500,ask,AverageAlmonds,YieldingYams,1206509
2026-06-30T22:07:08.252683,2026-06-30T22:07:08.260560+00:00,70.5,23,bid,Xuanyu Liu,YieldingYams,1206510
2026-06-30T22:07:08.389345,2026-06-30T22:07:08.394406+00:00,70.5,30,bid,Andy Garg,YieldingYams,1206513
2026-06-30T22:07:08.412168,2026-06-30T22:07:08.415038+00:00,70.5,72,bid,AverageAlmonds,YieldingYams,1206515
2026-06-30T22:07:08.480194,2026-06-30T22:07:08.487450+00:00,70.6,200,ask,AverageAlmonds,WavyWalnuts,1206519
2026-06-30T22:07:09.555719,2026-06-30T22:07:09.563433+00:00,70.7,5,bid,Andy Garg,YieldingYams,1206532
2026-06-30T22:07:09.684853,2026-06-30T22:07:09.687620+00:00,70.7,200,bid,WavyWalnuts,YieldingYams,1206537
2026-06-30T22:07:10.396358,2026-06-30T22:07:10.406899+00:00,70.6,23,ask,AverageAlmonds,Xuanyu Liu,1206544
2026-06-30T22:07:10.851305,2026-06-30T22:07:10.871769+00:00,70.7,420,bid,AverageAlmonds,YieldingYams,1206554
2026-06-30T22:07:10.862363,2026-06-30T22:07:10.871769+00:00,70.7,11,ask,AverageAlmonds,Xuanyu Liu,1206555
2026-06-30T22:07:10.871843,2026-06-30T22:07:10.903207+00:00,70.9,200,bid,YieldingYams,WavyWalnuts,1206557
2026-06-30T22:07:10.887584,2026-06-30T22:07:10.903207+00:00,70.9,23,ask,YieldingYams,Xuanyu Liu,1206559
2026-06-30T22:07:10.896465,2026-06-30T22:07:10.903207+00:00,70.9,200,ask,YieldingYams,WavyWalnuts,1206562
2026-06-30T22:07:11.984828,2026-06-30T22:07:11.988457+00:00,71.0,10,bid,Andy Garg,YieldingYams,1206578
2026-06-30T22:07:12.104928,2026-06-30T22:07:12.111678+00:00,70.9,200,ask,YieldingYams,WavyWalnuts,1206586
2026-06-30T22:07:12.184676,2026-06-30T22:07:12.193867+00:00,70.8,200,ask,WavyWalnuts,YieldingYams,1206588
2026-06-30T22:07:12.184676,2026-06-30T22:07:12.193867+00:00,70.6,425,ask,AverageAlmonds,YieldingYams,1206589
2026-06-30T22:07:13.491496,2026-06-30T22:07:13.494859+00:00,71.0,200,bid,YieldingYams,WavyWalnuts,1206610
2026-06-30T22:07:15.373845,2026-06-30T22:07:15.381222+00:00,71.0,30,ask,WavyWalnuts,Andy Garg,1206634
2026-06-30T22:07:15.536406,2026-06-30T22:07:15.545580+00:00,71.0,15,ask,WavyWalnuts,Andy Garg,1206637
2026-06-30T22:07:16.487370,2026-06-30T22:07:16.489467+00:00,71.0,20,bid,BrilliantBurritos,WavyWalnuts,1206653
2026-06-30T22:07:16.959250,2026-06-30T22:07:16.961018+00:00,70.9,200,ask,YieldingYams,WavyWalnuts,1206667
2026-06-30T22:07:17.431026,2026-06-30T22:07:17.441487+00:00,70.8,200,ask,WavyWalnuts,YieldingYams,1206676
2026-06-30T22:07:17.520587,2026-06-30T22:07:17.523670+00:00,70.8,425,bid,AverageAlmonds,YieldingYams,1206679
2026-06-30T22:07:17.673526,2026-06-30T22:07:17.677758+00:00,70.8,20,ask,AverageAlmonds,BrilliantBurritos,1206680
2026-06-30T22:07:18.697799,2026-06-30T22:07:18.700967+00:00,70.9,10,bid,Zijun Feng,WavyWalnuts,1206696
2026-06-30T22:07:18.737757,2026-06-30T22:07:18.742198+00:00,70.9,190,bid,YieldingYams,WavyWalnuts,1206697
2026-06-30T22:07:19.376439,2026-06-30T22:07:19.378028+00:00,71.0,200,ask,YieldingYams,WavyWalnuts,1206703
2026-06-30T22:07:21.138542,2026-06-30T22:07:21.141902+00:00,70.9,500,bid,AverageAlmonds,YieldingYams,1206730
2026-06-30T22:07:21.364826,2026-06-30T22:07:21.367721+00:00,70.9,200,bid,YieldingYams,WavyWalnuts,1206732
2026-06-30T22:07:22.699953,2026-06-30T22:07:22.701424+00:00,71.0,5,ask,WavyWalnuts,Andy Garg,1206747
2026-06-30T22:07:23.040608,2026-06-30T22:07:23.049320+00:00,71.0,12,ask,YieldingYams,Xuanyu Liu,1206752
2026-06-30T22:07:23.160863,2026-06-30T22:07:23.162681+00:00,71.0,20,ask,YieldingYams,BrilliantBurritos,1206756
2026-06-30T22:07:24.211942,2026-06-30T22:07:24.217895+00:00,71.1,200,bid,WavyWalnuts,YieldingYams,1206774
2026-06-30T22:07:24.371403,2026-06-30T22:07:24.381634+00:00,71.1,5,bid,Andy Garg,YieldingYams,1206778
2026-06-30T22:07:25.393321,2026-06-30T22:07:25.395683+00:00,71.1,500,ask,YieldingYams,AverageAlmonds,1206789
2026-06-30T22:07:25.791262,2026-06-30T22:07:25.795254+00:00,71.2,5,bid,Andy Garg,WavyWalnuts,1206799
2026-06-30T22:07:25.953857,2026-06-30T22:07:25.958932+00:00,71.2,5,bid,Andy Garg,WavyWalnuts,1206801
2026-06-30T22:07:25.983793,2026-06-30T22:07:25.989781+00:00,71.1,125,ask,YieldingYams,AverageAlmonds,1206803
2026-06-30T22:07:26.015318,2026-06-30T22:07:26.020661+00:00,71.1,20,bid,Andy Garg,AverageAlmonds,1206805
2026-06-30T22:07:26.082366,2026-06-30T22:07:26.092399+00:00,71.1,10,bid,Andy Garg,AverageAlmonds,1206808
2026-06-30T22:07:26.651169,2026-06-30T22:07:26.656112+00:00,71.0,200,ask,WavyWalnuts,YieldingYams,1206816
2026-06-30T22:07:26.698806,2026-06-30T22:07:26.707446+00:00,70.9,60,bid,Andy Garg,YieldingYams,1206819
2026-06-30T22:07:29.341654,2026-06-30T22:07:29.348720+00:00,70.9,35,ask,YieldingYams,Andy Garg,1206861
2026-06-30T22:07:29.504061,2026-06-30T22:07:29.512710+00:00,70.9,35,ask,YieldingYams,Andy Garg,1206870
2026-06-30T22:07:29.665468,2026-06-30T22:07:29.667574+00:00,70.9,30,ask,YieldingYams,Andy Garg,1206874
2026-06-30T22:07:29.725348,2026-06-30T22:07:29.729161+00:00,70.9,5,ask,YieldingYams,Andy Garg,1206877
2026-06-30T22:07:30.274635,2026-06-30T22:07:30.282597+00:00,70.9,200,ask,YieldingYams,WavyWalnuts,1206884
2026-06-30T22:07:30.460980,2026-06-30T22:07:30.468131+00:00,71.1,5,bid,Andy Garg,YieldingYams,1206887
2026-06-30T22:07:31.911832,2026-06-30T22:07:31.921949+00:00,71.0,200,ask,WavyWalnuts,YieldingYams,1206915
2026-06-30T22:07:33.906142,2026-06-30T22:07:33.912621+00:00,70.9,200,ask,YieldingYams,WavyWalnuts,1206944
2026-06-30T22:07:35.114832,2026-06-30T22:07:35.122929+00:00,71.0,200,bid,WavyWalnuts,YieldingYams,1206958
2026-06-30T22:07:37.144889,2026-06-30T22:07:37.177851+00:00,70.8,200,ask,WavyWalnuts,YieldingYams,1206980
2026-06-30T22:07:37.159267,2026-06-30T22:07:37.177851+00:00,70.8,12,bid,Xuanyu Liu,YieldingYams,1206984
2026-06-30T22:07:37.668269,2026-06-30T22:07:37.670608+00:00,70.8,20,bid,BrilliantBurritos,YieldingYams,1206993
2026-06-30T22:07:38.452277,2026-06-30T22:07:38.457225+00:00,70.9,200,bid,YieldingYams,WavyWalnuts,1207001
2026-06-30T22:07:38.706227,2026-06-30T22:07:38.713058+00:00,70.9,425,ask,YieldingYams,AverageAlmonds,1207003
2026-06-30T22:07:38.739546,2026-06-30T22:07:38.744069+00:00,70.9,75,bid,WavyWalnuts,AverageAlmonds,1207006
2026-06-30T22:07:39.302322,2026-06-30T22:07:39.307773+00:00,70.9,125,ask,WavyWalnuts,AverageAlmonds,1207012
2026-06-30T22:07:40.095680,2026-06-30T22:07:40.098711+00:00,70.8,20,bid,BrilliantBurritos,YieldingYams,1207026
2026-06-30T22:07:41.166932,2026-06-30T22:07:41.174579+00:00,70.7,200,ask,YieldingYams,WavyWalnuts,1207038
2026-06-30T22:07:42.477219,2026-06-30T22:07:42.483701+00:00,70.8,20,bid,BrilliantBurritos,YieldingYams,1207053
2026-06-30T22:07:43.580129,2026-06-30T22:07:43.588104+00:00,70.8,200,bid,WavyWalnuts,YieldingYams,1207079
2026-06-30T22:07:45.010897,2026-06-30T22:07:45.019932+00:00,70.8,12,ask,YieldingYams,Xuanyu Liu,1207103
2026-06-30T22:07:46.009968,2026-06-30T22:07:46.015378+00:00,70.8,200,ask,YieldingYams,WavyWalnuts,1207121
2026-06-30T22:07:48.449419,2026-06-30T22:07:48.452126+00:00,70.8,200,bid,WavyWalnuts,YieldingYams,1207153
2026-06-30T22:07:50.254043,2026-06-30T22:07:50.267997+00:00,70.9,200,bid,YieldingYams,WavyWalnuts,1207185
2026-06-30T22:07:50.258105,2026-06-30T22:07:50.267997+00:00,70.9,11,ask,YieldingYams,Xuanyu Liu,1207186
2026-06-30T22:07:51.634062,2026-06-30T22:07:51.644214+00:00,71.1,20,bid,BrilliantBurritos,WavyWalnuts,1207208
2026-06-30T22:07:53.299589,2026-06-30T22:07:53.306735+00:00,71.2,200,bid,WavyWalnuts,YieldingYams,1207230
2026-06-30T22:07:53.747430,2026-06-30T22:07:53.757588+00:00,71.2,45,bid,Andy Garg,YieldingYams,1207236
2026-06-30T22:07:53.908494,2026-06-30T22:07:53.911905+00:00,71.2,45,bid,Andy Garg,YieldingYams,1207240
2026-06-30T22:07:54.070897,2026-06-30T22:07:54.076424+00:00,71.2,10,bid,Andy Garg,YieldingYams,1207243
2026-06-30T22:07:54.191094,2026-06-30T22:07:54.199800+00:00,71.1,3,ask,YieldingYams,Xuanyu Liu,1207245
2026-06-30T22:07:55.678221,2026-06-30T22:07:55.688312+00:00,71.1,200,ask,WavyWalnuts,AverageAlmonds,1207268
2026-06-30T22:07:55.710589,2026-06-30T22:07:55.719477+00:00,71.0,10,ask,YieldingYams,Zijun Feng,1207270
2026-06-30T22:07:56.805694,2026-06-30T22:07:56.815594+00:00,71.1,500,bid,YieldingYams,AverageAlmonds,1207279
2026-06-30T22:07:56.805694,2026-06-30T22:07:56.815594+00:00,71.2,125,bid,YieldingYams,WavyWalnuts,1207280
2026-06-30T22:07:58.129125,2026-06-30T22:07:58.131183+00:00,71.1,200,ask,WavyWalnuts,YieldingYams,1207297
2026-06-30T22:07:58.148644,2026-06-30T22:07:58.151974+00:00,71.0,200,bid,WavyWalnuts,YieldingYams,1207299
2026-06-30T22:08:00.578265,2026-06-30T22:08:00.588691+00:00,71.0,200,ask,YieldingYams,WavyWalnuts,1207332
2026-06-30T22:08:01.783983,2026-06-30T22:08:01.787587+00:00,71.0,200,bid,WavyWalnuts,YieldingYams,1207356
2026-06-30T22:08:02.096765,2026-06-30T22:08:02.105623+00:00,70.9,3,ask,YieldingYams,Xuanyu Liu,1207361
2026-06-30T22:08:02.991843,2026-06-30T22:08:02.995172+00:00,71.0,200,bid,WavyWalnuts,YieldingYams,1207372
2026-06-30T22:08:03.409254,2026-06-30T22:08:03.420585+00:00,71.0,11,ask,YieldingYams,Xuanyu Liu,1207377
2026-06-30T22:08:04.535313,2026-06-30T22:08:04.538529+00:00,71.0,45,ask,YieldingYams,Andy Garg,1207395
2026-06-30T22:08:05.050035,2026-06-30T22:08:05.052504+00:00,71.0,5,bid,Andy Garg,YieldingYams,1207398
2026-06-30T22:08:05.110900,2026-06-30T22:08:05.114116+00:00,70.9,55,ask,WavyWalnuts,Andy Garg,1207400
2026-06-30T22:08:05.222184,2026-06-30T22:08:05.226879+00:00,71.0,15,bid,Andy Garg,YieldingYams,1207404
2026-06-30T22:08:06.330852,2026-06-30T22:08:06.342026+00:00,70.9,10,ask,YieldingYams,Zijun Feng,1207428
2026-06-30T22:08:07.354038,2026-06-30T22:08:07.364795+00:00,71.1,500,bid,YieldingYams,AverageAlmonds,1207442
2026-06-30T22:08:07.367191,2026-06-30T22:08:07.375065+00:00,71.1,10,ask,YieldingYams,Zijun Feng,1207443
2026-06-30T22:08:07.787010,2026-06-30T22:08:07.794024+00:00,71.1,115,ask,YieldingYams,AverageAlmonds,1207448
2026-06-30T22:08:07.810703,2026-06-30T22:08:07.814593+00:00,71.1,10,bid,Andy Garg,AverageAlmonds,1207449
2026-06-30T22:08:07.829144,2026-06-30T22:08:07.835174+00:00,71.1,200,bid,WavyWalnuts,AverageAlmonds,1207452
2026-06-30T22:08:07.975056,2026-06-30T22:08:07.978910+00:00,71.1,20,bid,Andy Garg,AverageAlmonds,1207456
2026-06-30T22:08:08.536014,2026-06-30T22:08:08.542823+00:00,70.7,15,ask,AverageAlmonds,Andy Garg,1207464
2026-06-30T22:08:08.703379,2026-06-30T22:08:08.706709+00:00,70.8,30,bid,Andy Garg,YieldingYams,1207469
2026-06-30T22:08:08.864290,2026-06-30T22:08:08.870862+00:00,70.7,50,ask,AverageAlmonds,Andy Garg,1207475
2026-06-30T22:08:09.039102,2026-06-30T22:08:09.045225+00:00,70.8,200,bid,WavyWalnuts,YieldingYams,1207479
2026-06-30T22:08:10.269468,2026-06-30T22:08:10.276605+00:00,70.7,200,bid,WavyWalnuts,YieldingYams,1207498
2026-06-30T22:08:11.305180,2026-06-30T22:08:11.313574+00:00,70.9,12,ask,YieldingYams,Xuanyu Liu,1207511
2026-06-30T22:08:12.196702,2026-06-30T22:08:12.205132+00:00,70.9,15,ask,YieldingYams,Andy Garg,1207524
2026-06-30T22:08:13.916273,2026-06-30T22:08:13.923327+00:00,71.0,500,bid,YieldingYams,AverageAlmonds,1207546
2026-06-30T22:08:14.449361,2026-06-30T22:08:14.454787+00:00,71.0,125,ask,YieldingYams,AverageAlmonds,1207550
2026-06-30T22:08:14.873959,2026-06-30T22:08:14.876552+00:00,71.0,5,bid,Andy Garg,AverageAlmonds,1207562
2026-06-30T22:08:15.036204,2026-06-30T22:08:15.040728+00:00,71.0,10,bid,Andy Garg,AverageAlmonds,1207567
2026-06-30T22:08:15.125770,2026-06-30T22:08:15.138716+00:00,70.9,12,bid,Xuanyu Liu,WavyWalnuts,1207569
2026-06-30T22:08:15.131330,2026-06-30T22:08:15.138716+00:00,70.9,25,bid,Andy Garg,WavyWalnuts,1207570
2026-06-30T22:08:15.232710,2026-06-30T22:08:15.241052+00:00,70.8,11,bid,Xuanyu Liu,YieldingYams,1207575
2026-06-30T22:08:15.251779,2026-06-30T22:08:15.261703+00:00,70.8,35,bid,Andy Garg,YieldingYams,1207577
2026-06-30T22:08:16.339630,2026-06-30T22:08:16.349663+00:00,70.7,3,bid,Xuanyu Liu,WavyWalnuts,1207595
2026-06-30T22:08:18.192241,2026-06-30T22:08:18.194676+00:00,70.6,20,ask,WavyWalnuts,Andy Garg,1207621
2026-06-30T22:08:18.356471,2026-06-30T22:08:18.358958+00:00,70.6,25,ask,WavyWalnuts,Andy Garg,1207625
2026-06-30T22:08:18.519633,2026-06-30T22:08:18.523681+00:00,70.6,30,ask,WavyWalnuts,Andy Garg,1207630
2026-06-30T22:08:19.953580,2026-06-30T22:08:19.961206+00:00,70.7,200,bid,WavyWalnuts,YieldingYams,1207644
2026-06-30T22:08:20.505788,2026-06-30T22:08:20.514332+00:00,70.6,500,bid,AverageAlmonds,YieldingYams,1207651
2026-06-30T22:08:21.126541,2026-06-30T22:08:21.131104+00:00,70.5,10,ask,YieldingYams,Zijun Feng,1207664
2026-06-30T22:08:21.162274,2026-06-30T22:08:21.172722+00:00,70.6,125,bid,WavyWalnuts,YieldingYams,1207666
2026-06-30T22:08:21.765116,2026-06-30T22:08:21.781368+00:00,70.8,200,bid,YieldingYams,WavyWalnuts,1207677
2026-06-30T22:08:21.771216,2026-06-30T22:08:21.781368+00:00,70.8,3,ask,YieldingYams,Xuanyu Liu,1207678
2026-06-30T22:08:21.775025,2026-06-30T22:08:21.781368+00:00,70.8,5,ask,YieldingYams,Andy Garg,1207679
2026-06-30T22:08:22.036096,2026-06-30T22:08:22.038797+00:00,71.0,5,bid,Andy Garg,AverageAlmonds,1207685
2026-06-30T22:08:22.373027,2026-06-30T22:08:22.379036+00:00,70.8,200,ask,YieldingYams,WavyWalnuts,1207691
2026-06-30T22:08:22.650683,2026-06-30T22:08:22.655892+00:00,70.8,20,ask,YieldingYams,BrilliantBurritos,1207700
2026-06-30T22:08:23.163100,2026-06-30T22:08:23.168667+00:00,70.7,10,ask,YieldingYams,Zijun Feng,1207709
2026-06-30T22:08:24.398702,2026-06-30T22:08:24.400278+00:00,70.8,200,ask,WavyWalnuts,YieldingYams,1207726
2026-06-30T22:08:24.412944,2026-06-30T22:08:24.420884+00:00,70.7,15,bid,Andy Garg,YieldingYams,1207727
2026-06-30T22:08:24.684232,2026-06-30T22:08:24.689542+00:00,70.6,10,ask,AverageAlmonds,Zijun Feng,1207733
2026-06-30T22:08:25.336965,2026-06-30T22:08:25.348087+00:00,70.6,5,ask,YieldingYams,Andy Garg,1207750
2026-06-30T22:08:25.498710,2026-06-30T22:08:25.502522+00:00,70.6,10,ask,YieldingYams,Andy Garg,1207753
2026-06-30T22:08:25.707329,2026-06-30T22:08:25.708866+00:00,70.8,200,bid,YieldingYams,WavyWalnuts,1207758
2026-06-30T22:08:26.262335,2026-06-30T22:08:26.265283+00:00,70.8,5,ask,YieldingYams,Andy Garg,1207764
2026-06-30T22:08:27.225959,2026-06-30T22:08:27.229103+00:00,70.8,200,bid,WavyWalnuts,YieldingYams,1207788
2026-06-30T22:08:28.442197,2026-06-30T22:08:28.447957+00:00,70.8,200,ask,YieldingYams,WavyWalnuts,1207799
2026-06-30T22:08:28.990498,2026-06-30T22:08:29.001446+00:00,70.9,5,bid,Andy Garg,YieldingYams,1207809
2026-06-30T22:08:29.464332,2026-06-30T22:08:29.473256+00:00,70.9,3,bid,Xuanyu Liu,YieldingYams,1207816
2026-06-30T22:08:29.643749,2026-06-30T22:08:29.647457+00:00,70.9,500,bid,YieldingYams,AverageAlmonds,1207819
2026-06-30T22:08:29.655400,2026-06-30T22:08:29.657808+00:00,70.9,125,ask,YieldingYams,WavyWalnuts,1207821
2026-06-30T22:08:29.713149,2026-06-30T22:08:29.720016+00:00,70.8,20,bid,Andy Garg,WavyWalnuts,1207824
2026-06-30T22:08:30.965838,2026-06-30T22:08:30.973351+00:00,70.7,200,ask,WavyWalnuts,YieldingYams,1207844
2026-06-30T22:08:30.991500,2026-06-30T22:08:30.994027+00:00,70.7,15,bid,Andy Garg,YieldingYams,1207847
2026-06-30T22:08:31.095644,2026-06-30T22:08:31.107427+00:00,70.7,20,bid,BrilliantBurritos,YieldingYams,1207852
2026-06-30T22:08:33.020447,2026-06-30T22:08:33.027132+00:00,70.7,10,bid,Andy Garg,WavyWalnuts,1207880
2026-06-30T22:08:33.580420,2026-06-30T22:08:33.582813+00:00,70.7,200,bid,YieldingYams,WavyWalnuts,1207889
2026-06-30T22:08:36.935939,2026-06-30T22:08:36.945403+00:00,70.7,200,bid,WavyWalnuts,YieldingYams,1207933
2026-06-30T22:08:37.514601,2026-06-30T22:08:37.519630+00:00,70.7,45,ask,YieldingYams,Andy Garg,1207940
2026-06-30T22:08:38.508427,2026-06-30T22:08:38.517927+00:00,70.7,20,ask,YieldingYams,BrilliantBurritos,1207954
2026-06-30T22:08:38.818981,2026-06-30T22:08:38.824980+00:00,70.8,200,bid,YieldingYams,WavyWalnuts,1207959
2026-06-30T22:08:41.440677,2026-06-30T22:08:41.451403+00:00,70.7,200,ask,WavyWalnuts,YieldingYams,1208003
2026-06-30T22:08:41.770929,2026-06-30T22:08:41.781601+00:00,70.6,200,ask,YieldingYams,WavyWalnuts,1208011
2026-06-30T22:08:42.576677,2026-06-30T22:08:42.584941+00:00,70.7,30,bid,Andy Garg,YieldingYams,1208022
2026-06-30T22:08:42.739599,2026-06-30T22:08:42.749659+00:00,70.7,35,bid,Andy Garg,YieldingYams,1208026
2026-06-30T22:08:42.856557,2026-06-30T22:08:42.863328+00:00,70.6,10,ask,YieldingYams,Zijun Feng,1208032
2026-06-30T22:08:42.900833,2026-06-30T22:08:42.904670+00:00,70.8,20,bid,Andy Garg,AverageAlmonds,1208034
2026-06-30T22:08:43.565413,2026-06-30T22:08:43.575263+00:00,70.6,35,ask,YieldingYams,Andy Garg,1208043
2026-06-30T22:08:43.728598,2026-06-30T22:08:43.740356+00:00,70.6,20,ask,YieldingYams,Andy Garg,1208047
2026-06-30T22:08:44.058956,2026-06-30T22:08:44.068594+00:00,70.6,200,ask,WavyWalnuts,YieldingYams,1208053
2026-06-30T22:08:44.091021,2026-06-30T22:08:44.099590+00:00,70.6,10,bid,Andy Garg,YieldingYams,1208054
2026-06-30T22:08:44.383599,2026-06-30T22:08:44.387119+00:00,70.5,10,ask,YieldingYams,Zijun Feng,1208061
2026-06-30T22:08:45.368085,2026-06-30T22:08:45.371524+00:00,70.5,200,ask,WavyWalnuts,YieldingYams,1208070
2026-06-30T22:08:45.413305,2026-06-30T22:08:45.423618+00:00,70.5,10,bid,Andy Garg,YieldingYams,1208075
2026-06-30T22:08:46.616438,2026-06-30T22:08:46.623785+00:00,70.4,200,ask,YieldingYams,WavyWalnuts,1208096
2026-06-30T22:08:46.678483,2026-06-30T22:08:46.685566+00:00,70.4,500,ask,AverageAlmonds,YieldingYams,1208098
2026-06-30T22:08:46.739007,2026-06-30T22:08:46.747283+00:00,70.3,50,ask,WavyWalnuts,Andy Garg,1208100
2026-06-30T22:08:47.774543,2026-06-30T22:08:47.782357+00:00,70.4,125,bid,AverageAlmonds,YieldingYams,1208109
2026-06-30T22:08:49.295092,2026-06-30T22:08:49.299628+00:00,70.5,200,bid,YieldingYams,WavyWalnuts,1208138
2026-06-30T22:08:50.240089,2026-06-30T22:08:50.245570+00:00,70.5,200,ask,YieldingYams,WavyWalnuts,1208149
2026-06-30T22:08:50.624084,2026-06-30T22:08:50.635265+00:00,70.5,5,bid,Andy Garg,YieldingYams,1208156
2026-06-30T22:08:51.484123,2026-06-30T22:08:51.488319+00:00,70.5,10,bid,Zijun Feng,YieldingYams,1208170
2026-06-30T22:08:51.916037,2026-06-30T22:08:51.918422+00:00,70.4,500,ask,AverageAlmonds,YieldingYams,1208171
2026-06-30T22:08:51.916037,2026-06-30T22:08:51.928772+00:00,70.4,125,ask,WavyWalnuts,YieldingYams,1208172
2026-06-30T22:08:53.245364,2026-06-30T22:08:53.251239+00:00,70.5,200,bid,YieldingYams,WavyWalnuts,1208192
2026-06-30T22:08:53.870334,2026-06-30T22:08:53.877142+00:00,70.6,200,ask,YieldingYams,WavyWalnuts,1208200
2026-06-30T22:08:54.559237,2026-06-30T22:08:54.564955+00:00,70.4,200,ask,WavyWalnuts,YieldingYams,1208213
2026-06-30T22:08:54.559237,2026-06-30T22:08:54.564955+00:00,70.4,425,ask,AverageAlmonds,YieldingYams,1208214
2026-06-30T22:08:55.081038,2026-06-30T22:08:55.090664+00:00,70.6,3,bid,Xuanyu Liu,WavyWalnuts,1208227
2026-06-30T22:08:56.087764,2026-06-30T22:08:56.094993+00:00,70.4,20,ask,WavyWalnuts,BrilliantBurritos,1208239
2026-06-30T22:08:56.302244,2026-06-30T22:08:56.313373+00:00,70.5,11,bid,Xuanyu Liu,WavyWalnuts,1208243
2026-06-30T22:08:56.528863,2026-06-30T22:08:56.539256+00:00,70.5,60,bid,Andy Garg,WavyWalnuts,1208246
2026-06-30T22:08:56.693062,2026-06-30T22:08:56.703681+00:00,70.5,35,bid,Andy Garg,WavyWalnuts,1208250
2026-06-30T22:08:57.497607,2026-06-30T22:08:57.508717+00:00,70.4,200,ask,AverageAlmonds,WavyWalnuts,1208267
2026-06-30T22:08:58.050914,2026-06-30T22:08:58.052749+00:00,70.5,500,bid,AverageAlmonds,YieldingYams,1208278
2026-06-30T22:08:58.497077,2026-06-30T22:08:58.506006+00:00,70.6,10,ask,YieldingYams,Xuanyu Liu,1208282
2026-06-30T22:08:58.604619,2026-06-30T22:08:58.608876+00:00,70.7,10,bid,Zijun Feng,YieldingYams,1208287
2026-06-30T22:08:59.933679,2026-06-30T22:08:59.945208+00:00,70.7,200,bid,WavyWalnuts,YieldingYams,1208304
2026-06-30T22:09:00.863727,2026-06-30T22:09:00.873251+00:00,70.5,20,ask,YieldingYams,BrilliantBurritos,1208311
2026-06-30T22:09:01.171502,2026-06-30T22:09:01.192566+00:00,70.7,200,ask,YieldingYams,WavyWalnuts,1208316
2026-06-30T22:09:01.182559,2026-06-30T22:09:01.192566+00:00,70.7,1,ask,YieldingYams,Xuanyu Liu,1208319
2026-06-30T22:09:01.188475,2026-06-30T22:09:01.192566+00:00,70.7,35,ask,YieldingYams,Andy Garg,1208320
2026-06-30T22:09:02.379463,2026-06-30T22:09:02.382995+00:00,70.7,200,ask,YieldingYams,WavyWalnuts,1208325
2026-06-30T22:09:03.518507,2026-06-30T22:09:03.522978+00:00,70.7,35,bid,Andy Garg,YieldingYams,1208334
2026-06-30T22:09:05.692482,2026-06-30T22:09:05.699390+00:00,70.7,10,bid,Zijun Feng,WavyWalnuts,1208364
2026-06-30T22:09:06.374428,2026-06-30T22:09:06.376292+00:00,70.7,20,bid,BrilliantBurritos,YieldingYams,1208371
2026-06-30T22:09:06.386835,2026-06-30T22:09:06.396858+00:00,70.7,200,bid,YieldingYams,WavyWalnuts,1208372
2026-06-30T22:09:07.727346,2026-06-30T22:09:07.729290+00:00,70.7,200,ask,WavyWalnuts,YieldingYams,1208396
2026-06-30T22:09:09.664355,2026-06-30T22:09:09.665990+00:00,70.7,200,bid,WavyWalnuts,YieldingYams,1208423
2026-06-30T22:09:10.608213,2026-06-30T22:09:10.619690+00:00,70.6,3,ask,YieldingYams,Xuanyu Liu,1208428
2026-06-30T22:09:11.657648,2026-06-30T22:09:11.663394+00:00,70.7,200,bid,YieldingYams,WavyWalnuts,1208453
2026-06-30T22:09:13.168140,2026-06-30T22:09:13.176953+00:00,70.6,20,ask,WavyWalnuts,BrilliantBurritos,1208476
2026-06-30T22:09:13.295090,2026-06-30T22:09:13.300651+00:00,70.7,200,bid,WavyWalnuts,YieldingYams,1208480
2026-06-30T22:09:13.776280,2026-06-30T22:09:13.783412+00:00,70.5,20,ask,YieldingYams,BrilliantBurritos,1208493
2026-06-30T22:09:15.582006,2026-06-30T22:09:15.592576+00:00,70.8,200,bid,YieldingYams,WavyWalnuts,1208533
2026-06-30T22:09:15.714768,2026-06-30T22:09:15.716259+00:00,70.9,200,bid,WavyWalnuts,AverageAlmonds,1208534
2026-06-30T22:09:16.924013,2026-06-30T22:09:16.925785+00:00,70.8,200,ask,YieldingYams,WavyWalnuts,1208550
2026-06-30T22:09:18.134821,2026-06-30T22:09:18.138302+00:00,70.8,200,ask,YieldingYams,WavyWalnuts,1208565
2026-06-30T22:09:19.341481,2026-06-30T22:09:19.348955+00:00,70.7,200,bid,WavyWalnuts,YieldingYams,1208586
2026-06-30T22:09:19.546805,2026-06-30T22:09:19.553704+00:00,70.7,25,ask,YieldingYams,Andy Garg,1208590
2026-06-30T22:09:21.225585,2026-06-30T22:09:21.234075+00:00,70.6,65,ask,WavyWalnuts,Andy Garg,1208619
2026-06-30T22:09:21.392349,2026-06-30T22:09:21.398039+00:00,70.6,10,ask,WavyWalnuts,Andy Garg,1208622
2026-06-30T22:09:22.132809,2026-06-30T22:09:22.149727+00:00,70.7,200,bid,YieldingYams,WavyWalnuts,1208641
2026-06-30T22:09:22.140522,2026-06-30T22:09:22.149727+00:00,70.8,3,ask,YieldingYams,Xuanyu Liu,1208642
2026-06-30T22:09:22.171861,2026-06-30T22:09:22.180773+00:00,70.8,30,ask,YieldingYams,Andy Garg,1208644
2026-06-30T22:09:22.974140,2026-06-30T22:09:22.981525+00:00,70.8,200,ask,YieldingYams,WavyWalnuts,1208659
2026-06-30T22:09:23.448308,2026-06-30T22:09:23.464310+00:00,70.6,5,bid,Andy Garg,YieldingYams,1208662
2026-06-30T22:09:23.455914,2026-06-30T22:09:23.464310+00:00,70.6,3,bid,Xuanyu Liu,YieldingYams,1208664
2026-06-30T22:09:24.415309,2026-06-30T22:09:24.417630+00:00,70.6,15,bid,Andy Garg,YieldingYams,1208683
2026-06-30T22:09:24.732252,2026-06-30T22:09:24.734870+00:00,70.6,15,bid,Andy Garg,YieldingYams,1208687
2026-06-30T22:09:26.608885,2026-06-30T22:09:26.617994+00:00,70.5,200,ask,YieldingYams,WavyWalnuts,1208711
2026-06-30T22:09:27.363636,2026-06-30T22:09:27.375081+00:00,70.4,500,ask,AverageAlmonds,YieldingYams,1208719
2026-06-30T22:09:27.723349,2026-06-30T22:09:27.733096+00:00,70.4,125,bid,AverageAlmonds,YieldingYams,1208723
2026-06-30T22:09:31.438135,2026-06-30T22:09:31.449005+00:00,70.6,200,bid,WavyWalnuts,YieldingYams,1208774
2026-06-30T22:09:31.591418,2026-06-30T22:09:31.602606+00:00,70.4,5,ask,YieldingYams,Andy Garg,1208775
2026-06-30T22:09:32.711257,2026-06-30T22:09:32.718675+00:00,70.6,5,ask,WavyWalnuts,Andy Garg,1208790
2026-06-30T22:09:35.215175,2026-06-30T22:09:35.216696+00:00,70.7,500,bid,YieldingYams,AverageAlmonds,1208810
2026-06-30T22:09:35.215175,2026-06-30T22:09:35.226951+00:00,70.7,125,bid,YieldingYams,WavyWalnuts,1208811
2026-06-30T22:09:35.706759,2026-06-30T22:09:35.718440+00:00,70.5,20,ask,WavyWalnuts,BrilliantBurritos,1208814
2026-06-30T22:09:36.524420,2026-06-30T22:09:36.527319+00:00,70.6,200,ask,WavyWalnuts,YieldingYams,1208825
2026-06-30T22:09:37.048629,2026-06-30T22:09:37.059402+00:00,70.4,10,bid,Zijun Feng,YieldingYams,1208834
2026-06-30T22:09:37.495645,2026-06-30T22:09:37.499109+00:00,70.4,200,bid,WavyWalnuts,YieldingYams,1208838
2026-06-30T22:09:41.452382,2026-06-30T22:09:41.462979+00:00,70.4,20,ask,YieldingYams,BrilliantBurritos,1208887
2026-06-30T22:09:42.334921,2026-06-30T22:09:42.342359+00:00,70.5,200,bid,WavyWalnuts,YieldingYams,1208898
2026-06-30T22:09:43.145072,2026-06-30T22:09:43.150848+00:00,70.6,5,ask,YieldingYams,Andy Garg,1208900
2026-06-30T22:09:43.547389,2026-06-30T22:09:43.550132+00:00,70.6,200,ask,YieldingYams,WavyWalnuts,1208909
2026-06-30T22:09:44.756758,2026-06-30T22:09:44.767658+00:00,70.6,200,bid,WavyWalnuts,YieldingYams,1208932
2026-06-30T22:09:45.723034,2026-06-30T22:09:45.732194+00:00,70.6,30,ask,YieldingYams,Andy Garg,1208943
2026-06-30T22:09:45.790575,2026-06-30T22:09:45.793766+00:00,70.6,10,ask,YieldingYams,Andy Garg,1208946
2026-06-30T22:09:46.973745,2026-06-30T22:09:46.983358+00:00,70.6,20,ask,YieldingYams,BrilliantBurritos,1208967
2026-06-30T22:09:47.109050,2026-06-30T22:09:47.116486+00:00,70.6,500,ask,YieldingYams,AverageAlmonds,1208968
2026-06-30T22:09:47.738668,2026-06-30T22:09:47.740315+00:00,70.7,200,ask,WavyWalnuts,AverageAlmonds,1208976
2026-06-30T22:09:47.738668,2026-06-30T22:09:47.750636+00:00,70.6,125,ask,YieldingYams,AverageAlmonds,1208977
2026-06-30T22:09:47.782297,2026-06-30T22:09:47.791690+00:00,70.6,15,bid,Andy Garg,AverageAlmonds,1208978
2026-06-30T22:09:47.984455,2026-06-30T22:09:47.996300+00:00,70.6,20,bid,BrilliantBurritos,AverageAlmonds,1208981
2026-06-30T22:09:48.415759,2026-06-30T22:09:48.426193+00:00,70.6,10,bid,Andy Garg,YieldingYams,1208989
2026-06-30T22:09:48.981743,2026-06-30T22:09:48.989095+00:00,70.6,25,bid,Andy Garg,YieldingYams,1208999
2026-06-30T22:09:50.236727,2026-06-30T22:09:50.239714+00:00,70.5,20,ask,WavyWalnuts,BrilliantBurritos,1209014
2026-06-30T22:09:51.702531,2026-06-30T22:09:51.704036+00:00,70.5,10,ask,WavyWalnuts,Zijun Feng,1209039
2026-06-30T22:09:52.035303,2026-06-30T22:09:52.041818+00:00,70.6,200,bid,WavyWalnuts,YieldingYams,1209046
2026-06-30T22:09:54.448431,2026-06-30T22:09:54.452813+00:00,70.6,200,bid,WavyWalnuts,YieldingYams,1209082
2026-06-30T22:09:55.893385,2026-06-30T22:09:55.895603+00:00,70.6,30,bid,Andy Garg,YieldingYams,1209104
2026-06-30T22:09:56.103420,2026-06-30T22:09:56.110322+00:00,70.6,55,bid,Andy Garg,YieldingYams,1209108
2026-06-30T22:09:56.218551,2026-06-30T22:09:56.233474+00:00,70.6,15,bid,Andy Garg,WavyWalnuts,1209111
2026-06-30T22:09:57.481828,2026-06-30T22:09:57.484376+00:00,70.6,500,bid,YieldingYams,AverageAlmonds,1209134
2026-06-30T22:09:57.481828,2026-06-30T22:09:57.494696+00:00,70.7,125,bid,YieldingYams,WavyWalnuts,1209135
2026-06-30T22:09:58.069642,2026-06-30T22:09:58.079138+00:00,70.6,200,bid,WavyWalnuts,AverageAlmonds,1209144
2026-06-30T22:09:59.275601,2026-06-30T22:09:59.286906+00:00,70.5,200,bid,WavyWalnuts,YieldingYams,1209157
2026-06-30T22:10:00.170689,2026-06-30T22:10:00.177561+00:00,70.5,5,ask,YieldingYams,Andy Garg,1209175
2026-06-30T22:10:00.481440,2026-06-30T22:10:00.485460+00:00,70.6,200,bid,WavyWalnuts,YieldingYams,1209180
2026-06-30T22:10:01.410140,2026-06-30T22:10:01.430087+00:00,70.6,500,bid,YieldingYams,AverageAlmonds,1209189
2026-06-30T22:10:01.419119,2026-06-30T22:10:01.430087+00:00,70.6,3,ask,YieldingYams,Xuanyu Liu,1209190
2026-06-30T22:10:01.441240,2026-06-30T22:10:01.450768+00:00,70.6,55,ask,YieldingYams,Andy Garg,1209192
2026-06-30T22:10:01.656669,2026-06-30T22:10:01.667694+00:00,70.6,67,ask,YieldingYams,AverageAlmonds,1209201
2026-06-30T22:10:02.425119,2026-06-30T22:10:02.436163+00:00,70.5,10,ask,WavyWalnuts,Zijun Feng,1209213
2026-06-30T22:10:02.687284,2026-06-30T22:10:02.691904+00:00,70.6,20,bid,BrilliantBurritos,WavyWalnuts,1209218
2026-06-30T22:10:02.722036,2026-06-30T22:10:02.732872+00:00,70.5,190,ask,WavyWalnuts,YieldingYams,1209219
2026-06-30T22:10:02.722036,2026-06-30T22:10:02.732872+00:00,70.2,435,ask,AverageAlmonds,YieldingYams,1209220
2026-06-30T22:10:03.690239,2026-06-30T22:10:03.697331+00:00,70.4,20,ask,WavyWalnuts,BrilliantBurritos,1209225
2026-06-30T22:10:04.173922,2026-06-30T22:10:04.179444+00:00,70.5,40,ask,YieldingYams,Andy Garg,1209236
2026-06-30T22:10:05.316386,2026-06-30T22:10:05.325531+00:00,70.6,200,bid,WavyWalnuts,YieldingYams,1209253
2026-06-30T22:10:05.345159,2026-06-30T22:10:05.356413+00:00,70.6,500,bid,YieldingYams,AverageAlmonds,1209255
2026-06-30T22:10:05.345159,2026-06-30T22:10:05.356413+00:00,70.8,125,bid,YieldingYams,WavyWalnuts,1209256
2026-06-30T22:10:05.544890,2026-06-30T22:10:05.550679+00:00,70.8,20,bid,BrilliantBurritos,WavyWalnuts,1209260
2026-06-30T22:10:06.550624,2026-06-30T22:10:06.553340+00:00,70.6,45,ask,WavyWalnuts,Andy Garg,1209269
2026-06-30T22:10:06.719016,2026-06-30T22:10:06.727711+00:00,70.6,25,ask,WavyWalnuts,Andy Garg,1209273
2026-06-30T22:10:07.235415,2026-06-30T22:10:07.239613+00:00,70.7,25,bid,Andy Garg,WavyWalnuts,1209286
2026-06-30T22:10:07.446768,2026-06-30T22:10:07.454565+00:00,70.7,20,bid,Andy Garg,WavyWalnuts,1209293
2026-06-30T22:10:07.609783,2026-06-30T22:10:07.618450+00:00,70.7,25,bid,Andy Garg,WavyWalnuts,1209298
2026-06-30T22:10:07.755805,2026-06-30T22:10:07.762129+00:00,70.7,200,bid,WavyWalnuts,YieldingYams,1209302
2026-06-30T22:10:08.505828,2026-06-30T22:10:08.508382+00:00,70.6,10,ask,YieldingYams,Zijun Feng,1209314
2026-06-30T22:10:08.967178,2026-06-30T22:10:08.968972+00:00,70.7,200,bid,WavyWalnuts,YieldingYams,1209320
2026-06-30T22:10:09.989232,2026-06-30T22:10:09.992675+00:00,70.7,5,bid,Andy Garg,AverageAlmonds,1209333
2026-06-30T22:10:10.176373,2026-06-30T22:10:10.187764+00:00,70.7,200,bid,WavyWalnuts,AverageAlmonds,1209340
2026-06-30T22:10:10.585976,2026-06-30T22:10:10.606397+00:00,70.7,300,bid,YieldingYams,AverageAlmonds,1209345
2026-06-30T22:10:10.597724,2026-06-30T22:10:10.606397+00:00,70.8,23,ask,YieldingYams,Xuanyu Liu,1209346
2026-06-30T22:10:10.727549,2026-06-30T22:10:10.729618+00:00,70.8,302,ask,YieldingYams,AverageAlmonds,1209351
2026-06-30T22:10:11.071507,2026-06-30T22:10:11.078197+00:00,70.3,10,ask,AverageAlmonds,Zijun Feng,1209360
2026-06-30T22:10:11.385309,2026-06-30T22:10:11.396300+00:00,70.8,200,bid,WavyWalnuts,AverageAlmonds,1209364
2026-06-30T22:10:11.912440,2026-06-30T22:10:11.919119+00:00,70.6,20,bid,Andy Garg,YieldingYams,1209372
2026-06-30T22:10:11.988961,2026-06-30T22:10:11.991200+00:00,70.6,20,bid,BrilliantBurritos,YieldingYams,1209375
2026-06-30T22:10:12.598868,2026-06-30T22:10:12.607124+00:00,70.6,200,bid,WavyWalnuts,YieldingYams,1209381
