timestamp,recv_time,price,volume,aggressor_side,buyer,seller,trade_id
2026-07-07T05:00:02.640019,2026-07-07T05:00:02.647907+00:00,158.9,500,ask,,,10375689
2026-07-07T05:00:04.267472,2026-07-07T05:00:04.274269+00:00,158.8,200,bid,,,10375710
2026-07-07T05:00:04.267472,2026-07-07T05:00:04.279263+00:00,159.0,425,bid,,,10375711
2026-07-07T05:00:04.349664,2026-07-07T05:00:04.363651+00:00,158.6,20,ask,,,10375712
2026-07-07T05:00:05.578974,2026-07-07T05:00:05.586769+00:00,158.9,500,bid,,,10375731
2026-07-07T05:00:06.895509,2026-07-07T05:00:06.902150+00:00,158.7,200,ask,,,10375751
2026-07-07T05:00:10.825357,2026-07-07T05:00:10.835598+00:00,158.8,200,bid,,,10375805
2026-07-07T05:00:11.767867,2026-07-07T05:00:11.776055+00:00,158.8,200,ask,,,10375819
2026-07-07T05:00:14.821590,2026-07-07T05:00:14.833080+00:00,158.8,20,bid,,,10375864
2026-07-07T05:00:17.501966,2026-07-07T05:00:17.513891+00:00,158.6,20,ask,,,10375903
2026-07-07T05:00:20.195794,2026-07-07T05:00:20.203735+00:00,158.6,200,bid,,,10375932
2026-07-07T05:00:20.195794,2026-07-07T05:00:20.203735+00:00,158.6,300,bid,,,10375933
2026-07-07T05:00:20.235881,2026-07-07T05:00:20.243898+00:00,158.6,200,bid,,,10375936
2026-07-07T05:00:20.787493,2026-07-07T05:00:20.796854+00:00,158.6,125,bid,,,10375943
2026-07-07T05:00:21.395461,2026-07-07T05:00:21.404262+00:00,158.8,200,bid,,,10375954
2026-07-07T05:00:22.968507,2026-07-07T05:00:22.976812+00:00,159.0,20,bid,,,10375980
2026-07-07T05:00:25.259458,2026-07-07T05:00:25.269584+00:00,158.9,200,ask,,,10376007
2026-07-07T05:00:26.276200,2026-07-07T05:00:26.287464+00:00,158.8,200,bid,,,10376021
2026-07-07T05:00:34.755716,2026-07-07T05:00:34.764576+00:00,159.0,200,ask,,,10376145
2026-07-07T05:00:36.912945,2026-07-07T05:00:36.917029+00:00,159.1,17,bid,,,10376167
2026-07-07T05:00:38.390962,2026-07-07T05:00:38.405808+00:00,159.0,200,bid,,,10376190
2026-07-07T05:00:38.401386,2026-07-07T05:00:38.405808+00:00,159.0,12,bid,,,10376192
2026-07-07T05:00:39.598186,2026-07-07T05:00:39.608692+00:00,159.0,200,bid,,,10376213
2026-07-07T05:00:39.705925,2026-07-07T05:00:39.709576+00:00,159.2,8,ask,,,10376216
2026-07-07T05:00:39.795624,2026-07-07T05:00:39.804870+00:00,159.3,6,bid,,,10376218
2026-07-07T05:00:40.503200,2026-07-07T05:00:40.514893+00:00,159.2,20,ask,,,10376225
2026-07-07T05:00:40.558836,2026-07-07T05:00:40.566889+00:00,159.2,8,ask,,,10376226
2026-07-07T05:00:40.818354,2026-07-07T05:00:40.827478+00:00,159.2,200,ask,,,10376235
2026-07-07T05:00:43.211575,2026-07-07T05:00:43.223480+00:00,159.2,20,bid,,,10376260
2026-07-07T05:00:50.365293,2026-07-07T05:00:50.369410+00:00,159.1,4,ask,,,10376366
2026-07-07T05:00:51.481523,2026-07-07T05:00:51.486165+00:00,159.2,11,ask,,,10376392
2026-07-07T05:00:51.739377,2026-07-07T05:00:51.743954+00:00,159.3,6,ask,,,10376397
2026-07-07T05:00:52.272053,2026-07-07T05:00:52.280330+00:00,159.3,194,ask,,,10376402
2026-07-07T05:00:55.376966,2026-07-07T05:00:55.386176+00:00,159.2,20,ask,,,10376451
2026-07-07T05:00:55.428252,2026-07-07T05:00:55.439249+00:00,159.2,180,ask,,,10376452
2026-07-07T05:00:56.566941,2026-07-07T05:00:56.575561+00:00,159.1,200,bid,,,10376469
2026-07-07T05:00:57.777836,2026-07-07T05:00:57.785540+00:00,159.3,200,bid,,,10376484
2026-07-07T05:01:00.341578,2026-07-07T05:01:00.353129+00:00,159.5,20,bid,,,10376531
2026-07-07T05:01:02.979350,2026-07-07T05:01:02.991150+00:00,159.4,20,ask,,,10376574
2026-07-07T05:01:03.170579,2026-07-07T05:01:03.179771+00:00,159.4,180,ask,,,10376576
2026-07-07T05:01:11.408915,2026-07-07T05:01:11.420795+00:00,159.1,20,ask,,,10376694
2026-07-07T05:01:15.969627,2026-07-07T05:01:15.973235+00:00,159.1,6,bid,,,10376771
2026-07-07T05:01:18.374295,2026-07-07T05:01:18.385709+00:00,159.1,200,ask,,,10376806
2026-07-07T05:01:20.354046,2026-07-07T05:01:20.364126+00:00,159.0,200,ask,,,10376835
2026-07-07T05:01:20.377155,2026-07-07T05:01:20.388783+00:00,158.9,20,ask,,,10376836
2026-07-07T05:01:20.714272,2026-07-07T05:01:20.722042+00:00,159.0,425,bid,,,10376845
2026-07-07T05:01:20.791574,2026-07-07T05:01:20.798319+00:00,159.0,75,ask,,,10376848
2026-07-07T05:01:21.661105,2026-07-07T05:01:21.678591+00:00,159.0,125,bid,,,10376864
2026-07-07T05:01:21.674911,2026-07-07T05:01:21.678591+00:00,159.0,6,ask,,,10376866
2026-07-07T05:01:23.163552,2026-07-07T05:01:23.174622+00:00,159.2,20,bid,,,10376890
2026-07-07T05:01:23.206813,2026-07-07T05:01:23.213166+00:00,159.1,200,ask,,,10376891
2026-07-07T05:01:24.404543,2026-07-07T05:01:24.408539+00:00,159.2,40,bid,,,10376909
2026-07-07T05:01:24.612197,2026-07-07T05:01:24.622076+00:00,159.2,8,bid,,,10376910
2026-07-07T05:01:25.164351,2026-07-07T05:01:25.168122+00:00,159.1,34,ask,,,10376923
2026-07-07T05:01:25.381315,2026-07-07T05:01:25.390620+00:00,159.1,8,ask,,,10376928
2026-07-07T05:01:25.592657,2026-07-07T05:01:25.603873+00:00,159.1,158,ask,,,10376931
2026-07-07T05:01:29.527086,2026-07-07T05:01:29.534686+00:00,158.9,200,bid,,,10376990
2026-07-07T05:01:30.379373,2026-07-07T05:01:30.391251+00:00,159.1,20,bid,,,10377000
2026-07-07T05:01:30.881725,2026-07-07T05:01:30.893391+00:00,159.1,20,bid,,,10377008
2026-07-07T05:01:31.660698,2026-07-07T05:01:31.670325+00:00,158.9,200,ask,,,10377031
2026-07-07T05:01:32.867826,2026-07-07T05:01:32.879360+00:00,158.8,200,bid,,,10377051
2026-07-07T05:01:38.922151,2026-07-07T05:01:38.929541+00:00,158.9,200,bid,,,10377141
2026-07-07T05:01:39.360470,2026-07-07T05:01:39.372174+00:00,158.9,20,bid,,,10377147
2026-07-07T05:01:42.558520,2026-07-07T05:01:42.566494+00:00,159.0,200,ask,,,10377204
2026-07-07T05:01:43.035401,2026-07-07T05:01:43.046971+00:00,159.0,25,ask,,,10377205
2026-07-07T05:01:45.682676,2026-07-07T05:01:45.694559+00:00,159.0,20,bid,,,10377250
2026-07-07T05:01:46.667940,2026-07-07T05:01:46.674394+00:00,158.9,8,bid,,,10377267
2026-07-07T05:01:46.923334,2026-07-07T05:01:46.963712+00:00,158.7,8,ask,,,10377273
2026-07-07T05:01:47.889078,2026-07-07T05:01:47.900156+00:00,158.8,200,bid,,,10377281
2026-07-07T05:01:48.013690,2026-07-07T05:01:48.017871+00:00,158.9,6,ask,,,10377285
2026-07-07T05:01:48.340536,2026-07-07T05:01:48.348489+00:00,158.9,10,ask,,,10377290
2026-07-07T05:01:48.609359,2026-07-07T05:01:48.658629+00:00,158.9,200,ask,,,10377303
2026-07-07T05:01:49.746547,2026-07-07T05:01:49.787662+00:00,159.1,25,bid,,,10377331
2026-07-07T05:01:49.784125,2026-07-07T05:01:49.787662+00:00,159.1,17,bid,,,10377334
2026-07-07T05:01:49.926624,2026-07-07T05:01:49.938676+00:00,159.1,10,bid,,,10377336
2026-07-07T05:01:49.957612,2026-07-07T05:01:49.969327+00:00,159.1,8,bid,,,10377337
2026-07-07T05:01:50.523854,2026-07-07T05:01:50.535212+00:00,158.9,200,ask,,,10377343
2026-07-07T05:01:50.991430,2026-07-07T05:01:51.006490+00:00,158.9,8,bid,,,10377352
2026-07-07T05:01:56.279945,2026-07-07T05:01:56.288994+00:00,159.0,8,bid,,,10377428
2026-07-07T05:01:57.552496,2026-07-07T05:01:57.563670+00:00,159.0,8,bid,,,10377453
2026-07-07T05:01:59.226126,2026-07-07T05:01:59.230560+00:00,159.0,23,bid,,,10377477
2026-07-07T05:01:59.584698,2026-07-07T05:01:59.596486+00:00,159.0,8,bid,,,10377485
2026-07-07T05:01:59.699692,2026-07-07T05:01:59.703790+00:00,158.9,11,bid,,,10377487
2026-07-07T05:02:00.207941,2026-07-07T05:02:00.215494+00:00,158.9,20,bid,,,10377494
2026-07-07T05:02:01.955260,2026-07-07T05:02:01.967161+00:00,158.8,20,ask,,,10377518
2026-07-07T05:02:04.392766,2026-07-07T05:02:04.404542+00:00,159.0,8,bid,,,10377552
2026-07-07T05:02:04.396800,2026-07-07T05:02:04.409547+00:00,159.0,20,bid,,,10377553
2026-07-07T05:02:07.938668,2026-07-07T05:02:07.945438+00:00,158.9,8,bid,,,10377597
2026-07-07T05:02:10.460646,2026-07-07T05:02:10.468683+00:00,159.0,8,bid,,,10377636
2026-07-07T05:02:10.955014,2026-07-07T05:02:10.958610+00:00,158.9,500,ask,,,10377640
2026-07-07T05:02:11.649454,2026-07-07T05:02:11.655811+00:00,158.9,20,bid,,,10377652
2026-07-07T05:02:14.027866,2026-07-07T05:02:14.037791+00:00,158.9,200,bid,,,10377697
2026-07-07T05:02:14.760092,2026-07-07T05:02:14.771993+00:00,158.7,8,ask,,,10377709
2026-07-07T05:02:16.734469,2026-07-07T05:02:16.754391+00:00,158.9,200,bid,,,10377732
2026-07-07T05:02:16.751094,2026-07-07T05:02:16.754391+00:00,158.9,22,ask,,,10377734
2026-07-07T05:02:16.783761,2026-07-07T05:02:16.794064+00:00,159.1,20,bid,,,10377736
2026-07-07T05:02:17.649154,2026-07-07T05:02:17.654741+00:00,158.9,200,ask,,,10377748
2026-07-07T05:02:18.576075,2026-07-07T05:02:18.585606+00:00,159.0,8,bid,,,10377760
2026-07-07T05:02:19.933759,2026-07-07T05:02:19.945794+00:00,158.8,20,ask,,,10377787
2026-07-07T05:02:20.470003,2026-07-07T05:02:20.478528+00:00,158.8,20,ask,,,10377794
2026-07-07T05:02:20.669136,2026-07-07T05:02:20.679345+00:00,158.8,200,ask,,,10377800
2026-07-07T05:02:20.685808,2026-07-07T05:02:20.689907+00:00,158.8,22,bid,,,10377802
2026-07-07T05:02:23.276659,2026-07-07T05:02:23.283493+00:00,158.7,20,ask,,,10377840
2026-07-07T05:02:24.870968,2026-07-07T05:02:24.887625+00:00,158.8,8,bid,,,10377864
2026-07-07T05:02:26.889068,2026-07-07T05:02:26.898658+00:00,158.9,8,bid,,,10377909
2026-07-07T05:02:28.248304,2026-07-07T05:02:28.260310+00:00,158.7,20,ask,,,10377930
2026-07-07T05:02:28.534238,2026-07-07T05:02:28.543838+00:00,158.7,180,ask,,,10377934
2026-07-07T05:02:29.192056,2026-07-07T05:02:29.203692+00:00,158.7,8,bid,,,10377949
2026-07-07T05:02:29.460308,2026-07-07T05:02:29.469458+00:00,158.5,8,ask,,,10377956
2026-07-07T05:02:31.153143,2026-07-07T05:02:31.163635+00:00,158.8,200,ask,,,10377985
2026-07-07T05:02:31.241130,2026-07-07T05:02:31.248606+00:00,158.8,8,bid,,,10377986
2026-07-07T05:02:32.179105,2026-07-07T05:02:32.189143+00:00,158.8,200,bid,,,10377998
2026-07-07T05:02:34.097569,2026-07-07T05:02:34.101180+00:00,159.0,23,bid,,,10378027
2026-07-07T05:02:34.313720,2026-07-07T05:02:34.320226+00:00,159.0,11,bid,,,10378032
2026-07-07T05:02:34.573537,2026-07-07T05:02:34.580764+00:00,159.0,3,bid,,,10378036
2026-07-07T05:02:34.598871,2026-07-07T05:02:34.606704+00:00,158.8,200,ask,,,10378037
2026-07-07T05:02:34.845259,2026-07-07T05:02:34.855322+00:00,159.1,3,bid,,,10378040
2026-07-07T05:02:35.108098,2026-07-07T05:02:35.114842+00:00,159.1,3,bid,,,10378051
2026-07-07T05:02:35.365142,2026-07-07T05:02:35.376417+00:00,159.1,8,bid,,,10378062
2026-07-07T05:02:35.823308,2026-07-07T05:02:35.826801+00:00,158.9,12,bid,,,10378065
2026-07-07T05:02:36.405580,2026-07-07T05:02:36.414201+00:00,158.9,188,bid,,,10378072
2026-07-07T05:02:40.012960,2026-07-07T05:02:40.020223+00:00,158.9,500,ask,,,10378122
2026-07-07T05:02:40.652190,2026-07-07T05:02:40.658554+00:00,158.8,4,bid,,,10378134
2026-07-07T05:02:43.069664,2026-07-07T05:02:43.079152+00:00,158.8,200,bid,,,10378171
2026-07-07T05:02:43.651558,2026-07-07T05:02:43.669144+00:00,158.6,500,ask,,,10378177
2026-07-07T05:02:44.104576,2026-07-07T05:02:44.116133+00:00,158.6,20,ask,,,10378191
2026-07-07T05:02:44.244283,2026-07-07T05:02:44.253698+00:00,158.6,105,ask,,,10378193
2026-07-07T05:02:44.280235,2026-07-07T05:02:44.290282+00:00,158.6,200,bid,,,10378197
2026-07-07T05:02:44.648123,2026-07-07T05:02:44.658595+00:00,158.3,20,ask,,,10378203
2026-07-07T05:02:45.489724,2026-07-07T05:02:45.496634+00:00,158.5,200,bid,,,10378221
2026-07-07T05:02:46.701161,2026-07-07T05:02:46.717829+00:00,158.5,200,bid,,,10378239
2026-07-07T05:02:47.885823,2026-07-07T05:02:47.893185+00:00,158.3,500,ask,,,10378251
2026-07-07T05:02:47.912316,2026-07-07T05:02:47.921318+00:00,158.6,200,bid,,,10378253
2026-07-07T05:02:49.123338,2026-07-07T05:02:49.131334+00:00,158.3,200,bid,,,10378278
2026-07-07T05:02:50.331731,2026-07-07T05:02:50.341394+00:00,158.3,200,bid,,,10378304
2026-07-07T05:02:51.540950,2026-07-07T05:02:51.550063+00:00,158.2,200,bid,,,10378333
2026-07-07T05:02:52.341678,2026-07-07T05:02:52.352292+00:00,158.0,16,ask,,,10378351
2026-07-07T05:02:52.754422,2026-07-07T05:02:52.758598+00:00,158.1,200,bid,,,10378355
2026-07-07T05:02:53.425866,2026-07-07T05:02:53.432669+00:00,158.1,500,bid,,,10378365
2026-07-07T05:02:53.443355,2026-07-07T05:02:53.447294+00:00,158.1,12,ask,,,10378368
2026-07-07T05:02:53.936557,2026-07-07T05:02:53.947175+00:00,158.1,113,ask,,,10378369
2026-07-07T05:02:53.962921,2026-07-07T05:02:53.974159+00:00,158.1,200,bid,,,10378372
2026-07-07T05:02:54.639933,2026-07-07T05:02:54.650415+00:00,158.1,8,bid,,,10378389
2026-07-07T05:02:56.051503,2026-07-07T05:02:56.058552+00:00,158.0,200,ask,,,10378408
2026-07-07T05:02:56.386139,2026-07-07T05:02:56.395541+00:00,158.0,200,bid,,,10378417
2026-07-07T05:02:56.436951,2026-07-07T05:02:56.445893+00:00,157.7,8,ask,,,10378419
2026-07-07T05:02:57.360055,2026-07-07T05:02:57.367350+00:00,158.0,500,bid,,,10378433
2026-07-07T05:02:57.378062,2026-07-07T05:02:57.381766+00:00,158.1,8,ask,,,10378435
2026-07-07T05:02:57.454641,2026-07-07T05:02:57.458610+00:00,158.4,8,bid,,,10378436
2026-07-07T05:02:57.551916,2026-07-07T05:02:57.558569+00:00,158.1,117,ask,,,10378437
2026-07-07T05:02:57.595597,2026-07-07T05:02:57.604687+00:00,158.0,200,bid,,,10378438
2026-07-07T05:02:58.782154,2026-07-07T05:02:58.789917+00:00,157.7,8,ask,,,10378465
2026-07-07T05:02:59.410352,2026-07-07T05:02:59.414609+00:00,157.8,26,ask,,,10378471
2026-07-07T05:03:00.808785,2026-07-07T05:03:00.820266+00:00,157.7,8,ask,,,10378499
2026-07-07T05:03:01.014673,2026-07-07T05:03:01.026281+00:00,157.7,20,ask,,,10378503
2026-07-07T05:03:02.830637,2026-07-07T05:03:02.838933+00:00,157.6,8,ask,,,10378527
2026-07-07T05:03:04.872464,2026-07-07T05:03:04.879395+00:00,157.6,200,ask,,,10378556
2026-07-07T05:03:05.104955,2026-07-07T05:03:05.116754+00:00,157.6,8,ask,,,10378561
2026-07-07T05:03:05.580790,2026-07-07T05:03:05.592417+00:00,157.8,20,bid,,,10378568
2026-07-07T05:03:07.291301,2026-07-07T05:03:07.297828+00:00,157.5,200,ask,,,10378594
2026-07-07T05:03:07.913935,2026-07-07T05:03:07.922138+00:00,157.5,8,ask,,,10378613
2026-07-07T05:03:08.174796,2026-07-07T05:03:08.186468+00:00,157.5,20,ask,,,10378617
2026-07-07T05:03:10.450878,2026-07-07T05:03:10.451696+00:00,157.5,200,bid,,,10378650
2026-07-07T05:03:10.914690,2026-07-07T05:03:10.922520+00:00,157.5,200,ask,,,10378656
2026-07-07T05:03:13.071562,2026-07-07T05:03:13.077950+00:00,157.3,200,ask,,,10378698
2026-07-07T05:03:13.088392,2026-07-07T05:03:13.091654+00:00,157.3,8,bid,,,10378700
2026-07-07T05:03:13.204329,2026-07-07T05:03:13.215988+00:00,157.1,8,ask,,,10378703
2026-07-07T05:03:15.124119,2026-07-07T05:03:15.132054+00:00,157.3,500,bid,,,10378725
2026-07-07T05:03:15.225468,2026-07-07T05:03:15.237373+00:00,157.1,20,ask,,,10378729
2026-07-07T05:03:15.694927,2026-07-07T05:03:15.702042+00:00,157.3,200,bid,,,10378734
2026-07-07T05:03:16.925277,2026-07-07T05:03:16.933785+00:00,157.4,200,bid,,,10378751
2026-07-07T05:03:16.964170,2026-07-07T05:03:16.970479+00:00,157.4,200,ask,,,10378753
2026-07-07T05:03:17.505807,2026-07-07T05:03:17.517504+00:00,157.4,8,ask,,,10378767
2026-07-07T05:03:18.393781,2026-07-07T05:03:18.397881+00:00,157.5,26,bid,,,10378788
2026-07-07T05:03:18.519306,2026-07-07T05:03:18.529649+00:00,157.5,8,bid,,,10378792
2026-07-07T05:03:19.538071,2026-07-07T05:03:19.549800+00:00,157.4,8,ask,,,10378811
2026-07-07T05:03:19.628051,2026-07-07T05:03:19.635095+00:00,157.4,492,ask,,,10378813
2026-07-07T05:03:19.970277,2026-07-07T05:03:19.977920+00:00,157.4,133,bid,,,10378815
2026-07-07T05:03:20.615625,2026-07-07T05:03:20.623916+00:00,157.3,200,ask,,,10378828
2026-07-07T05:03:20.949617,2026-07-07T05:03:20.953577+00:00,157.7,7,ask,,,10378835
2026-07-07T05:03:20.959135,2026-07-07T05:03:20.963151+00:00,157.7,4,ask,,,10378837
2026-07-07T05:03:21.057270,2026-07-07T05:03:21.065396+00:00,157.9,4,bid,,,10378838
2026-07-07T05:03:21.828427,2026-07-07T05:03:21.837121+00:00,157.7,200,ask,,,10378855
2026-07-07T05:03:21.846755,2026-07-07T05:03:21.858590+00:00,157.9,8,bid,,,10378858
2026-07-07T05:03:22.731042,2026-07-07T05:03:22.738710+00:00,157.7,20,ask,,,10378869
2026-07-07T05:03:23.035639,2026-07-07T05:03:23.043667+00:00,157.7,200,ask,,,10378874
2026-07-07T05:03:24.245982,2026-07-07T05:03:24.258775+00:00,157.5,200,ask,,,10378891
2026-07-07T05:03:24.395600,2026-07-07T05:03:24.407510+00:00,157.7,20,bid,,,10378893
2026-07-07T05:03:24.891850,2026-07-07T05:03:24.895723+00:00,157.6,11,bid,,,10378904
2026-07-07T05:03:25.423424,2026-07-07T05:03:25.431020+00:00,157.6,500,bid,,,10378911
2026-07-07T05:03:25.463754,2026-07-07T05:03:25.467231+00:00,157.5,12,bid,,,10378914
2026-07-07T05:03:26.020897,2026-07-07T05:03:26.030088+00:00,157.5,188,bid,,,10378924
2026-07-07T05:03:26.020897,2026-07-07T05:03:26.030088+00:00,157.6,114,bid,,,10378925
2026-07-07T05:03:26.120268,2026-07-07T05:03:26.131166+00:00,158.5,8,bid,,,10378934
2026-07-07T05:03:26.661784,2026-07-07T05:03:26.670018+00:00,157.7,200,ask,,,10378941
2026-07-07T05:03:27.150141,2026-07-07T05:03:27.158586+00:00,157.7,8,ask,,,10378948
2026-07-07T05:03:27.836119,2026-07-07T05:03:27.844969+00:00,157.7,500,bid,,,10378955
2026-07-07T05:03:28.813433,2026-07-07T05:03:28.817230+00:00,157.7,12,ask,,,10378981
2026-07-07T05:03:31.200475,2026-07-07T05:03:31.208268+00:00,157.8,8,bid,,,10379017
2026-07-07T05:03:31.414318,2026-07-07T05:03:31.426143+00:00,157.7,200,ask,,,10379018
2026-07-07T05:03:31.512741,2026-07-07T05:03:31.519145+00:00,157.7,200,bid,,,10379020
2026-07-07T05:03:31.723600,2026-07-07T05:03:31.733371+00:00,157.7,8,bid,,,10379025
2026-07-07T05:03:33.935106,2026-07-07T05:03:33.944797+00:00,157.7,200,ask,,,10379060
2026-07-07T05:03:34.523432,2026-07-07T05:03:34.531627+00:00,158.0,8,bid,,,10379066
2026-07-07T05:03:35.029281,2026-07-07T05:03:35.041106+00:00,158.0,8,bid,,,10379078
2026-07-07T05:03:35.146091,2026-07-07T05:03:35.158607+00:00,157.8,200,ask,,,10379079
2026-07-07T05:03:36.365443,2026-07-07T05:03:36.372512+00:00,157.8,200,ask,,,10379098
2026-07-07T05:03:37.541957,2026-07-07T05:03:37.550242+00:00,157.9,500,bid,,,10379118
2026-07-07T05:03:37.554926,2026-07-07T05:03:37.565942+00:00,157.9,8,bid,,,10379119
2026-07-07T05:03:38.824226,2026-07-07T05:03:38.832073+00:00,158.2,8,bid,,,10379142
2026-07-07T05:03:41.110011,2026-07-07T05:03:41.113319+00:00,158.1,12,bid,,,10379174
2026-07-07T05:03:41.350715,2026-07-07T05:03:41.358598+00:00,158.1,4,bid,,,10379180
2026-07-07T05:03:42.421238,2026-07-07T05:03:42.432810+00:00,158.0,200,ask,,,10379193
2026-07-07T05:03:44.527543,2026-07-07T05:03:44.531674+00:00,158.0,11,bid,,,10379216
2026-07-07T05:03:44.803998,2026-07-07T05:03:44.811748+00:00,158.0,500,bid,,,10379221
2026-07-07T05:03:45.401143,2026-07-07T05:03:45.409700+00:00,158.0,114,bid,,,10379238
2026-07-07T05:03:45.401143,2026-07-07T05:03:45.409700+00:00,158.0,200,bid,,,10379239
2026-07-07T05:03:46.056570,2026-07-07T05:03:46.058614+00:00,158.1,200,ask,,,10379258
2026-07-07T05:03:48.473701,2026-07-07T05:03:48.484090+00:00,158.1,200,bid,,,10379297
2026-07-07T05:03:48.480668,2026-07-07T05:03:48.484090+00:00,158.1,3,bid,,,10379299
2026-07-07T05:03:49.239292,2026-07-07T05:03:49.247995+00:00,158.1,20,bid,,,10379310
2026-07-07T05:03:49.773523,2026-07-07T05:03:49.780708+00:00,158.1,200,bid,,,10379326
2026-07-07T05:03:53.314972,2026-07-07T05:03:53.322978+00:00,158.0,200,ask,,,10379383
2026-07-07T05:03:54.530220,2026-07-07T05:03:54.542001+00:00,158.1,200,ask,,,10379407
2026-07-07T05:03:55.008999,2026-07-07T05:03:55.020594+00:00,158.1,300,ask,,,10379415
2026-07-07T05:03:55.092463,2026-07-07T05:03:55.099884+00:00,158.1,325,bid,,,10379416
2026-07-07T05:03:55.738964,2026-07-07T05:03:55.748406+00:00,158.1,200,ask,,,10379435
2026-07-07T05:03:56.342332,2026-07-07T05:03:56.345970+00:00,158.5,14,bid,,,10379443
2026-07-07T05:03:56.951033,2026-07-07T05:03:56.958534+00:00,158.2,200,ask,,,10379454
2026-07-07T05:03:58.165294,2026-07-07T05:03:58.175126+00:00,158.1,200,ask,,,10379474
2026-07-07T05:03:59.383235,2026-07-07T05:03:59.394056+00:00,158.2,200,ask,,,10379490
2026-07-07T05:04:01.556772,2026-07-07T05:04:01.558608+00:00,158.2,200,bid,,,10379526
2026-07-07T05:04:06.645097,2026-07-07T05:04:06.652905+00:00,158.3,200,ask,,,10379621
2026-07-07T05:04:09.025549,2026-07-07T05:04:09.029379+00:00,158.3,14,ask,,,10379664
2026-07-07T05:04:09.067994,2026-07-07T05:04:09.084842+00:00,158.4,200,bid,,,10379665
2026-07-07T05:04:09.431182,2026-07-07T05:04:09.434533+00:00,158.4,3,ask,,,10379667
2026-07-07T05:04:12.627995,2026-07-07T05:04:12.635672+00:00,158.5,20,bid,,,10379725
2026-07-07T05:04:12.706929,2026-07-07T05:04:12.715405+00:00,158.4,200,ask,,,10379728
2026-07-07T05:04:17.545667,2026-07-07T05:04:17.558625+00:00,158.5,200,bid,,,10379800
2026-07-07T05:04:18.598468,2026-07-07T05:04:18.602222+00:00,158.5,23,ask,,,10379815
2026-07-07T05:04:18.898187,2026-07-07T05:04:18.906520+00:00,158.5,8,ask,,,10379823
2026-07-07T05:04:19.965687,2026-07-07T05:04:19.973098+00:00,158.5,200,ask,,,10379847
2026-07-07T05:04:25.183405,2026-07-07T05:04:25.191855+00:00,158.3,8,ask,,,10379933
2026-07-07T05:04:26.942632,2026-07-07T05:04:26.958612+00:00,158.5,8,bid,,,10379949
2026-07-07T05:04:29.466055,2026-07-07T05:04:29.478030+00:00,158.6,8,bid,,,10379990
2026-07-07T05:04:30.856181,2026-07-07T05:04:30.857592+00:00,158.5,200,ask,,,10380011
2026-07-07T05:04:34.292899,2026-07-07T05:04:34.306497+00:00,158.5,500,ask,,,10380062
2026-07-07T05:04:35.704414,2026-07-07T05:04:35.707904+00:00,158.6,23,ask,,,10380075
2026-07-07T05:04:36.909950,2026-07-07T05:04:36.918698+00:00,158.7,200,bid,,,10380087
2026-07-07T05:04:39.944951,2026-07-07T05:04:39.958570+00:00,158.8,20,bid,,,10380137
2026-07-07T05:04:40.791920,2026-07-07T05:04:40.798883+00:00,158.5,8,ask,,,10380158
2026-07-07T05:04:42.185810,2026-07-07T05:04:42.193908+00:00,158.5,500,ask,,,10380182
2026-07-07T05:04:42.291885,2026-07-07T05:04:42.300691+00:00,158.5,125,bid,,,10380183
2026-07-07T05:04:42.291885,2026-07-07T05:04:42.300691+00:00,158.6,200,bid,,,10380184
2026-07-07T05:04:42.952439,2026-07-07T05:04:42.955798+00:00,158.7,11,ask,,,10380199
2026-07-07T05:04:42.967772,2026-07-07T05:04:42.976761+00:00,158.7,200,ask,,,10380201
2026-07-07T05:04:43.092075,2026-07-07T05:04:43.101979+00:00,158.7,8,ask,,,10380207
2026-07-07T05:04:43.611100,2026-07-07T05:04:43.619535+00:00,158.7,8,ask,,,10380213
2026-07-07T05:04:44.482068,2026-07-07T05:04:44.489864+00:00,158.8,20,ask,,,10380232
2026-07-07T05:04:44.739402,2026-07-07T05:04:44.764409+00:00,158.9,500,bid,,,10380235
2026-07-07T05:04:45.335478,2026-07-07T05:04:45.344184+00:00,158.9,200,bid,,,10380243
2026-07-07T05:04:45.944917,2026-07-07T05:04:45.952307+00:00,159.0,200,bid,,,10380257
2026-07-07T05:04:45.964778,2026-07-07T05:04:45.968335+00:00,159.0,11,ask,,,10380259
2026-07-07T05:04:46.115369,2026-07-07T05:04:46.127165+00:00,159.0,289,ask,,,10380265
2026-07-07T05:04:46.543190,2026-07-07T05:04:46.550493+00:00,159.0,336,bid,,,10380269
2026-07-07T05:04:47.063303,2026-07-07T05:04:47.074682+00:00,159.0,20,ask,,,10380275
2026-07-07T05:04:47.421847,2026-07-07T05:04:47.430080+00:00,159.1,200,bid,,,10380288
2026-07-07T05:04:48.416158,2026-07-07T05:04:48.423135+00:00,159.2,8,ask,,,10380303
2026-07-07T05:04:48.736065,2026-07-07T05:04:48.745332+00:00,159.2,200,ask,,,10380317
2026-07-07T05:04:49.019830,2026-07-07T05:04:49.028259+00:00,159.2,200,bid,,,10380322
2026-07-07T05:04:53.993379,2026-07-07T05:04:54.000599+00:00,159.5,8,bid,,,10380392
2026-07-07T05:04:55.280819,2026-07-07T05:04:55.302832+00:00,159.4,200,ask,,,10380407
2026-07-07T05:04:55.299099,2026-07-07T05:04:55.302832+00:00,159.2,11,bid,,,10380409
2026-07-07T05:04:56.287254,2026-07-07T05:04:56.296866+00:00,159.2,200,bid,,,10380425
2026-07-07T05:04:56.470174,2026-07-07T05:04:56.473957+00:00,159.0,11,ask,,,10380430
2026-07-07T05:04:56.523200,2026-07-07T05:04:56.530041+00:00,159.0,8,ask,,,10380431
2026-07-07T05:04:56.602769,2026-07-07T05:04:56.606807+00:00,159.3,29,ask,,,10380433
2026-07-07T05:04:56.787998,2026-07-07T05:04:56.795370+00:00,159.3,8,ask,,,10380440
2026-07-07T05:04:57.309860,2026-07-07T05:04:57.321260+00:00,159.3,8,ask,,,10380450
2026-07-07T05:04:58.328264,2026-07-07T05:04:58.338973+00:00,159.3,8,ask,,,10380468
2026-07-07T05:04:59.270925,2026-07-07T05:04:59.282855+00:00,159.5,20,bid,,,10380485
2026-07-07T05:04:59.921772,2026-07-07T05:04:59.928962+00:00,159.5,200,bid,,,10380494
2026-07-07T05:05:01.826930,2026-07-07T05:05:01.846701+00:00,159.4,200,ask,,,10380526
2026-07-07T05:05:01.843020,2026-07-07T05:05:01.846701+00:00,159.4,6,bid,,,10380528
2026-07-07T05:05:02.342230,2026-07-07T05:05:02.353174+00:00,159.4,200,bid,,,10380534
2026-07-07T05:05:03.570523,2026-07-07T05:05:03.577492+00:00,159.5,8,bid,,,10380545
2026-07-07T05:05:05.893584,2026-07-07T05:05:05.897226+00:00,159.5,11,bid,,,10380577
2026-07-07T05:05:07.351046,2026-07-07T05:05:07.358542+00:00,159.6,8,bid,,,10380603
2026-07-07T05:05:09.361702,2026-07-07T05:05:09.373144+00:00,159.6,8,ask,,,10380643
2026-07-07T05:05:10.817163,2026-07-07T05:05:10.828753+00:00,159.7,200,bid,,,10380660
2026-07-07T05:05:12.568677,2026-07-07T05:05:12.576047+00:00,159.7,200,bid,,,10380687
2026-07-07T05:05:13.235100,2026-07-07T05:05:13.243448+00:00,159.7,200,ask,,,10380699
2026-07-07T05:05:13.650960,2026-07-07T05:05:13.654675+00:00,159.9,8,bid,,,10380710
2026-07-07T05:05:14.442818,2026-07-07T05:05:14.453032+00:00,159.7,200,ask,,,10380723
2026-07-07T05:05:15.430322,2026-07-07T05:05:15.438537+00:00,160.0,8,bid,,,10380738
2026-07-07T05:05:15.652084,2026-07-07T05:05:15.653130+00:00,159.8,200,ask,,,10380744
2026-07-07T05:05:15.685464,2026-07-07T05:05:15.697034+00:00,160.0,8,bid,,,10380747
2026-07-07T05:05:16.036550,2026-07-07T05:05:16.040916+00:00,160.0,12,bid,,,10380758
2026-07-07T05:05:16.256369,2026-07-07T05:05:16.259930+00:00,159.9,11,bid,,,10380761
2026-07-07T05:05:16.872630,2026-07-07T05:05:16.876375+00:00,159.7,23,bid,,,10380770
2026-07-07T05:05:17.000564,2026-07-07T05:05:17.010854+00:00,159.7,8,bid,,,10380776
2026-07-07T05:05:17.419019,2026-07-07T05:05:17.430786+00:00,159.7,169,bid,,,10380784
2026-07-07T05:05:17.545931,2026-07-07T05:05:17.558591+00:00,159.7,331,ask,,,10380791
2026-07-07T05:05:18.013595,2026-07-07T05:05:18.023096+00:00,159.7,294,bid,,,10380802
2026-07-07T05:05:20.056431,2026-07-07T05:05:20.051923+00:00,159.9,8,bid,,,10380828
2026-07-07T05:05:21.829291,2026-07-07T05:05:21.839594+00:00,159.9,5,bid,,,10380855
2026-07-07T05:05:22.084215,2026-07-07T05:05:22.098697+00:00,159.9,3,bid,,,10380862
2026-07-07T05:05:22.777864,2026-07-07T05:05:22.784476+00:00,159.9,192,bid,,,10380875
2026-07-07T05:05:24.118192,2026-07-07T05:05:24.124965+00:00,160.0,200,bid,,,10380895
2026-07-07T05:05:24.870217,2026-07-07T05:05:24.874131+00:00,160.0,11,bid,,,10380907
2026-07-07T05:05:25.326605,2026-07-07T05:05:25.332930+00:00,160.0,200,bid,,,10380913
2026-07-07T05:05:27.289760,2026-07-07T05:05:27.299501+00:00,160.1,20,bid,,,10380935
2026-07-07T05:05:27.723554,2026-07-07T05:05:27.734019+00:00,160.0,200,ask,,,10380941
2026-07-07T05:05:28.327278,2026-07-07T05:05:28.337103+00:00,159.9,200,ask,,,10380949
2026-07-07T05:05:28.327278,2026-07-07T05:05:28.337103+00:00,159.9,5,ask,,,10380950
2026-07-07T05:05:28.327278,2026-07-07T05:05:28.337103+00:00,159.9,295,ask,,,10380951
2026-07-07T05:05:28.921826,2026-07-07T05:05:28.929484+00:00,159.9,330,ask,,,10380968
2026-07-07T05:05:28.950066,2026-07-07T05:05:28.959019+00:00,159.8,170,bid,,,10380973
2026-07-07T05:05:29.339689,2026-07-07T05:05:29.343345+00:00,159.9,12,bid,,,10380977
2026-07-07T05:05:29.375977,2026-07-07T05:05:29.383606+00:00,159.8,20,ask,,,10380980
2026-07-07T05:05:29.524790,2026-07-07T05:05:29.532171+00:00,159.8,10,ask,,,10380981
2026-07-07T05:05:29.524790,2026-07-07T05:05:29.543888+00:00,159.8,5,ask,,,10380982
2026-07-07T05:05:29.540215,2026-07-07T05:05:29.543888+00:00,159.8,11,bid,,,10380983
2026-07-07T05:05:30.133780,2026-07-07T05:05:30.144725+00:00,159.7,5,ask,,,10380994
2026-07-07T05:05:30.152940,2026-07-07T05:05:30.156687+00:00,159.7,3,bid,,,10380996
2026-07-07T05:05:31.981651,2026-07-07T05:05:31.990406+00:00,159.6,5,ask,,,10381016
2026-07-07T05:05:31.981651,2026-07-07T05:05:31.990406+00:00,159.6,200,ask,,,10381017
2026-07-07T05:05:33.800222,2026-07-07T05:05:33.811143+00:00,159.7,5,bid,,,10381045
2026-07-07T05:05:33.800222,2026-07-07T05:05:33.811143+00:00,159.7,195,bid,,,10381046
2026-07-07T05:05:37.578923,2026-07-07T05:05:37.582491+00:00,159.7,3,bid,,,10381120
2026-07-07T05:05:37.825351,2026-07-07T05:05:37.836557+00:00,159.5,20,ask,,,10381125
2026-07-07T05:05:38.275538,2026-07-07T05:05:38.284622+00:00,159.7,5,bid,,,10381136
2026-07-07T05:05:41.149406,2026-07-07T05:05:41.158595+00:00,159.6,5,ask,,,10381196
2026-07-07T05:05:41.149406,2026-07-07T05:05:41.158595+00:00,159.6,200,ask,,,10381197
2026-07-07T05:05:43.495757,2026-07-07T05:05:43.506368+00:00,159.6,200,bid,,,10381237
2026-07-07T05:05:43.623101,2026-07-07T05:05:43.635029+00:00,159.6,20,bid,,,10381240
2026-07-07T05:05:44.717121,2026-07-07T05:05:44.724714+00:00,159.5,200,ask,,,10381252
2026-07-07T05:05:47.698706,2026-07-07T05:05:47.707461+00:00,159.6,200,bid,,,10381305
2026-07-07T05:05:48.339868,2026-07-07T05:05:48.358682+00:00,159.6,200,ask,,,10381317
2026-07-07T05:05:48.562012,2026-07-07T05:05:48.571079+00:00,159.6,5,ask,,,10381320
2026-07-07T05:05:49.545612,2026-07-07T05:05:49.558616+00:00,159.6,200,bid,,,10381339
2026-07-07T05:05:51.959718,2026-07-07T05:05:51.969350+00:00,159.6,200,bid,,,10381379
2026-07-07T05:05:54.228328,2026-07-07T05:05:54.232832+00:00,159.8,20,bid,,,10381411
2026-07-07T05:05:57.920088,2026-07-07T05:05:57.931886+00:00,159.6,5,ask,,,10381463
2026-07-07T05:05:59.237289,2026-07-07T05:05:59.241174+00:00,159.6,5,bid,,,10381479
2026-07-07T05:06:00.794353,2026-07-07T05:06:00.804356+00:00,159.6,200,bid,,,10381511
2026-07-07T05:06:01.656212,2026-07-07T05:06:01.658551+00:00,159.6,200,ask,,,10381523
2026-07-07T05:06:02.121977,2026-07-07T05:06:02.125975+00:00,159.6,5,bid,,,10381537
2026-07-07T05:06:06.047183,2026-07-07T05:06:06.058594+00:00,159.5,200,ask,,,10381597
2026-07-07T05:06:06.494729,2026-07-07T05:06:06.507361+00:00,159.4,200,bid,,,10381613
2026-07-07T05:06:07.357335,2026-07-07T05:06:07.369242+00:00,159.4,5,bid,,,10381629
2026-07-07T05:06:07.375089,2026-07-07T05:06:07.378756+00:00,159.5,13,ask,,,10381631
2026-07-07T05:06:07.420054,2026-07-07T05:06:07.431906+00:00,159.5,20,ask,,,10381634
2026-07-07T05:06:08.114365,2026-07-07T05:06:08.122579+00:00,159.5,5,ask,,,10381642
2026-07-07T05:06:10.190718,2026-07-07T05:06:10.199358+00:00,159.4,5,ask,,,10381676
2026-07-07T05:06:11.215149,2026-07-07T05:06:11.224876+00:00,159.4,5,ask,,,10381698
2026-07-07T05:06:11.284878,2026-07-07T05:06:11.292415+00:00,159.5,200,bid,,,10381701
2026-07-07T05:06:12.240470,2026-07-07T05:06:12.248406+00:00,159.5,5,ask,,,10381716
2026-07-07T05:06:13.769835,2026-07-07T05:06:13.779341+00:00,159.6,200,ask,,,10381742
2026-07-07T05:06:15.223665,2026-07-07T05:06:15.234882+00:00,159.5,5,ask,,,10381758
2026-07-07T05:06:15.223665,2026-07-07T05:06:15.234882+00:00,159.5,500,ask,,,10381759
2026-07-07T05:06:15.223665,2026-07-07T05:06:15.234882+00:00,159.5,120,ask,,,10381760
2026-07-07T05:06:16.191290,2026-07-07T05:06:16.200925+00:00,159.6,200,ask,,,10381780
2026-07-07T05:06:17.396569,2026-07-07T05:06:17.405685+00:00,159.6,5,ask,,,10381798
2026-07-07T05:06:17.493420,2026-07-07T05:06:17.502775+00:00,159.7,20,bid,,,10381801
2026-07-07T05:06:18.840619,2026-07-07T05:06:18.850153+00:00,159.6,20,ask,,,10381817
2026-07-07T05:06:19.155217,2026-07-07T05:06:19.168666+00:00,159.6,480,ask,,,10381824
2026-07-07T05:06:19.155217,2026-07-07T05:06:19.168666+00:00,159.5,145,ask,,,10381825
2026-07-07T05:06:20.793500,2026-07-07T05:06:20.805320+00:00,159.7,20,bid,,,10381851
2026-07-07T05:06:21.908554,2026-07-07T05:06:21.912007+00:00,159.5,3,ask,,,10381867
2026-07-07T05:06:23.464564,2026-07-07T05:06:23.472360+00:00,159.5,200,ask,,,10381883
2026-07-07T05:06:24.056136,2026-07-07T05:06:24.060225+00:00,159.6,11,ask,,,10381892
2026-07-07T05:06:24.676172,2026-07-07T05:06:24.683980+00:00,159.6,200,ask,,,10381897
2026-07-07T05:06:25.158928,2026-07-07T05:06:25.170038+00:00,159.8,20,bid,,,10381908
2026-07-07T05:06:25.260780,2026-07-07T05:06:25.265252+00:00,159.7,12,ask,,,10381914
2026-07-07T05:06:25.701350,2026-07-07T05:06:25.711670+00:00,159.7,488,ask,,,10381920
2026-07-07T05:06:25.852689,2026-07-07T05:06:25.860283+00:00,159.7,137,bid,,,10381924
2026-07-07T05:06:25.887666,2026-07-07T05:06:25.897061+00:00,159.7,200,ask,,,10381927
2026-07-07T05:06:26.500905,2026-07-07T05:06:26.511039+00:00,160.5,20,bid,,,10381935
2026-07-07T05:06:27.024163,2026-07-07T05:06:27.027912+00:00,160.0,34,ask,,,10381946
2026-07-07T05:06:27.097734,2026-07-07T05:06:27.107518+00:00,160.0,200,ask,,,10381950
2026-07-07T05:06:28.306425,2026-07-07T05:06:28.313907+00:00,160.0,200,ask,,,10381972
2026-07-07T05:06:28.329637,2026-07-07T05:06:28.333311+00:00,159.8,57,bid,,,10381974
2026-07-07T05:06:30.703199,2026-07-07T05:06:30.706848+00:00,159.8,7,ask,,,10382017
2026-07-07T05:06:30.935522,2026-07-07T05:06:30.946047+00:00,159.8,493,ask,,,10382022
2026-07-07T05:06:30.935522,2026-07-07T05:06:30.946047+00:00,159.7,132,ask,,,10382023
2026-07-07T05:06:31.388578,2026-07-07T05:06:31.392519+00:00,159.8,50,ask,,,10382034
2026-07-07T05:06:31.475105,2026-07-07T05:06:31.485658+00:00,159.8,20,ask,,,10382036
2026-07-07T05:06:32.002207,2026-07-07T05:06:32.006476+00:00,159.8,23,bid,,,10382058
2026-07-07T05:06:32.244060,2026-07-07T05:06:32.252776+00:00,159.8,177,bid,,,10382064
2026-07-07T05:06:36.733936,2026-07-07T05:06:36.744682+00:00,160.0,500,bid,,,10382138
2026-07-07T05:06:37.326334,2026-07-07T05:06:37.336801+00:00,160.0,125,bid,,,10382147
2026-07-07T05:06:37.957258,2026-07-07T05:06:37.963608+00:00,160.1,200,bid,,,10382155
2026-07-07T05:06:39.196014,2026-07-07T05:06:39.203981+00:00,160.1,200,bid,,,10382182
2026-07-07T05:06:41.419345,2026-07-07T05:06:41.430096+00:00,160.2,200,ask,,,10382209
2026-07-07T05:06:44.034755,2026-07-07T05:06:44.041369+00:00,160.3,200,bid,,,10382252
2026-07-07T05:06:44.100358,2026-07-07T05:06:44.104675+00:00,160.4,12,ask,,,10382254
2026-07-07T05:06:46.441410,2026-07-07T05:06:46.448957+00:00,160.3,10,ask,,,10382296
2026-07-07T05:06:46.583431,2026-07-07T05:06:46.595076+00:00,160.4,10,bid,,,10382301
2026-07-07T05:06:47.213113,2026-07-07T05:06:47.217003+00:00,160.4,12,bid,,,10382314
2026-07-07T05:06:47.674859,2026-07-07T05:06:47.678151+00:00,160.3,11,bid,,,10382320
2026-07-07T05:06:47.816871,2026-07-07T05:06:47.828184+00:00,160.3,25,bid,,,10382326
2026-07-07T05:06:48.036612,2026-07-07T05:06:48.044633+00:00,160.3,25,bid,,,10382330
2026-07-07T05:06:48.040931,2026-07-07T05:06:48.050128+00:00,160.1,23,ask,,,10382331
2026-07-07T05:06:50.558659,2026-07-07T05:06:50.562497+00:00,160.2,10,ask,,,10382365
2026-07-07T05:06:50.835149,2026-07-07T05:06:50.839366+00:00,160.2,1,ask,,,10382373
2026-07-07T05:06:51.569844,2026-07-07T05:06:51.581782+00:00,160.2,20,ask,,,10382382
2026-07-07T05:06:53.227933,2026-07-07T05:06:53.232221+00:00,160.4,12,ask,,,10382408
2026-07-07T05:06:53.265831,2026-07-07T05:06:53.275489+00:00,160.4,25,ask,,,10382410
2026-07-07T05:06:53.536947,2026-07-07T05:06:53.540452+00:00,160.6,12,bid,,,10382420
2026-07-07T05:06:53.552187,2026-07-07T05:06:53.563986+00:00,160.6,25,bid,,,10382421
2026-07-07T05:06:54.968336,2026-07-07T05:06:54.972450+00:00,160.7,10,bid,,,10382440
2026-07-07T05:06:55.069922,2026-07-07T05:06:55.080123+00:00,160.6,10,ask,,,10382443
2026-07-07T05:06:55.072561,2026-07-07T05:06:55.080123+00:00,160.7,20,bid,,,10382444
2026-07-07T05:06:55.188734,2026-07-07T05:06:55.200439+00:00,160.7,10,bid,,,10382448
2026-07-07T05:06:55.817649,2026-07-07T05:06:55.821581+00:00,160.7,1,bid,,,10382468
2026-07-07T05:06:55.918396,2026-07-07T05:06:55.926275+00:00,160.6,1,ask,,,10382470
2026-07-07T05:06:56.036577,2026-07-07T05:06:56.043796+00:00,160.7,1,bid,,,10382473
2026-07-07T05:06:58.613078,2026-07-07T05:06:58.624774+00:00,160.7,20,bid,,,10382510
2026-07-07T05:07:00.624078,2026-07-07T05:07:00.634522+00:00,160.6,20,ask,,,10382544
2026-07-07T05:07:05.542253,2026-07-07T05:07:05.548503+00:00,160.5,20,bid,,,10382614
2026-07-07T05:07:06.018650,2026-07-07T05:07:06.029581+00:00,160.5,20,bid,,,10382619
2026-07-07T05:07:06.197706,2026-07-07T05:07:06.201565+00:00,160.5,23,bid,,,10382625
2026-07-07T05:07:07.345208,2026-07-07T05:07:07.358595+00:00,160.7,20,bid,,,10382646
2026-07-07T05:07:10.695885,2026-07-07T05:07:10.704836+00:00,160.5,200,ask,,,10382691
2026-07-07T05:07:12.901410,2026-07-07T05:07:12.912842+00:00,160.6,200,bid,,,10382712
2026-07-07T05:07:12.919458,2026-07-07T05:07:12.923633+00:00,160.6,11,ask,,,10382714
2026-07-07T05:07:14.111111,2026-07-07T05:07:14.118688+00:00,160.6,20,ask,,,10382739
2026-07-07T05:07:16.731857,2026-07-07T05:07:16.738717+00:00,160.6,200,ask,,,10382775
2026-07-07T05:07:17.942430,2026-07-07T05:07:17.953145+00:00,160.6,200,ask,,,10382792
2026-07-07T05:07:18.372979,2026-07-07T05:07:18.380597+00:00,160.5,20,ask,,,10382802
2026-07-07T05:07:18.928593,2026-07-07T05:07:18.937834+00:00,160.4,20,ask,,,10382811
2026-07-07T05:07:19.748100,2026-07-07T05:07:19.751950+00:00,160.5,12,ask,,,10382825
2026-07-07T05:07:20.492395,2026-07-07T05:07:20.500871+00:00,160.5,20,ask,,,10382841
2026-07-07T05:07:21.989278,2026-07-07T05:07:21.997809+00:00,160.5,20,ask,,,10382861
2026-07-07T05:07:24.690449,2026-07-07T05:07:24.697511+00:00,160.6,200,ask,,,10382906
2026-07-07T05:07:25.245526,2026-07-07T05:07:25.250075+00:00,160.4,11,ask,,,10382925
2026-07-07T05:07:25.322385,2026-07-07T05:07:25.331605+00:00,160.4,8,ask,,,10382926
2026-07-07T05:07:25.418987,2026-07-07T05:07:25.427198+00:00,160.4,20,ask,,,10382927
2026-07-07T05:07:26.211726,2026-07-07T05:07:26.223372+00:00,160.6,20,bid,,,10382940
2026-07-07T05:07:26.416222,2026-07-07T05:07:26.422928+00:00,160.4,200,ask,,,10382942
2026-07-07T05:07:27.307474,2026-07-07T05:07:27.314333+00:00,160.4,500,ask,,,10382954
2026-07-07T05:07:28.191948,2026-07-07T05:07:28.203048+00:00,160.4,125,bid,,,10382966
2026-07-07T05:07:28.211700,2026-07-07T05:07:28.215499+00:00,160.4,8,ask,,,10382968
2026-07-07T05:07:28.377099,2026-07-07T05:07:28.386039+00:00,160.6,8,bid,,,10382972
2026-07-07T05:07:28.859638,2026-07-07T05:07:28.867801+00:00,160.5,20,ask,,,10382980
2026-07-07T05:07:28.949802,2026-07-07T05:07:28.954172+00:00,160.5,4,ask,,,10382982
2026-07-07T05:07:29.076436,2026-07-07T05:07:29.083210+00:00,160.5,25,ask,,,10382983
2026-07-07T05:07:29.301843,2026-07-07T05:07:29.311620+00:00,160.5,22,ask,,,10382987
2026-07-07T05:07:30.049091,2026-07-07T05:07:30.064273+00:00,160.5,200,bid,,,10383001
2026-07-07T05:07:32.490595,2026-07-07T05:07:32.494241+00:00,160.4,11,ask,,,10383034
2026-07-07T05:07:35.154820,2026-07-07T05:07:35.164039+00:00,160.5,200,bid,,,10383069
2026-07-07T05:07:35.178873,2026-07-07T05:07:35.190701+00:00,160.5,8,ask,,,10383070
2026-07-07T05:07:35.270423,2026-07-07T05:07:35.273915+00:00,160.5,11,ask,,,10383072
2026-07-07T05:07:37.204524,2026-07-07T05:07:37.215711+00:00,160.4,8,ask,,,10383101
2026-07-07T05:07:41.579690,2026-07-07T05:07:41.590009+00:00,160.4,8,ask,,,10383160
2026-07-07T05:07:42.085648,2026-07-07T05:07:42.095277+00:00,160.3,8,ask,,,10383163
2026-07-07T05:07:42.183324,2026-07-07T05:07:42.193400+00:00,160.5,20,bid,,,10383164
2026-07-07T05:07:43.398377,2026-07-07T05:07:43.408336+00:00,160.3,200,bid,,,10383185
2026-07-07T05:07:44.219142,2026-07-07T05:07:44.223003+00:00,160.1,29,ask,,,10383215
2026-07-07T05:07:44.364563,2026-07-07T05:07:44.375650+00:00,160.1,8,ask,,,10383216
2026-07-07T05:07:44.499189,2026-07-07T05:07:44.506451+00:00,160.4,20,bid,,,10383218
2026-07-07T05:07:44.889606,2026-07-07T05:07:44.897659+00:00,160.2,8,ask,,,10383221
2026-07-07T05:07:47.027676,2026-07-07T05:07:47.037633+00:00,160.2,200,ask,,,10383254
2026-07-07T05:07:49.413599,2026-07-07T05:07:49.421116+00:00,160.2,8,ask,,,10383284
2026-07-07T05:07:51.871004,2026-07-07T05:07:51.880234+00:00,160.3,200,ask,,,10383323
2026-07-07T05:07:53.082458,2026-07-07T05:07:53.091218+00:00,160.3,200,ask,,,10383348
2026-07-07T05:07:53.649677,2026-07-07T05:07:53.653443+00:00,160.4,6,bid,,,10383363
2026-07-07T05:07:53.743494,2026-07-07T05:07:53.750352+00:00,160.1,8,ask,,,10383366
2026-07-07T05:07:53.997966,2026-07-07T05:07:54.006700+00:00,160.4,20,bid,,,10383371
2026-07-07T05:07:54.000806,2026-07-07T05:07:54.011866+00:00,160.4,8,bid,,,10383372
2026-07-07T05:07:54.304302,2026-07-07T05:07:54.307947+00:00,160.3,11,bid,,,10383379
2026-07-07T05:07:55.493848,2026-07-07T05:07:55.501680+00:00,160.3,20,bid,,,10383404
2026-07-07T05:07:55.518305,2026-07-07T05:07:55.521851+00:00,160.2,12,bid,,,10383407
2026-07-07T05:07:55.527072,2026-07-07T05:07:55.537467+00:00,160.2,8,bid,,,10383408
2026-07-07T05:07:55.924195,2026-07-07T05:07:55.935586+00:00,160.1,14,ask,,,10383416
2026-07-07T05:07:56.053849,2026-07-07T05:07:56.058616+00:00,160.1,8,ask,,,10383419
2026-07-07T05:07:56.139211,2026-07-07T05:07:56.146148+00:00,160.2,20,bid,,,10383425
2026-07-07T05:07:56.309311,2026-07-07T05:07:56.321079+00:00,160.2,8,bid,,,10383427
2026-07-07T05:07:56.709254,2026-07-07T05:07:56.720828+00:00,160.1,200,ask,,,10383432
2026-07-07T05:07:57.915209,2026-07-07T05:07:57.926867+00:00,160.2,200,bid,,,10383450
2026-07-07T05:07:59.062797,2026-07-07T05:07:59.070638+00:00,160.1,500,bid,,,10383473
2026-07-07T05:07:59.660624,2026-07-07T05:07:59.669150+00:00,160.1,125,bid,,,10383478
2026-07-07T05:07:59.992381,2026-07-07T05:08:00.004255+00:00,160.1,20,ask,,,10383482
2026-07-07T05:08:00.128532,2026-07-07T05:08:00.140116+00:00,160.3,8,bid,,,10383486
2026-07-07T05:08:00.889331,2026-07-07T05:08:00.900325+00:00,160.1,20,ask,,,10383497
2026-07-07T05:08:00.894555,2026-07-07T05:08:00.905816+00:00,160.1,8,ask,,,10383498
2026-07-07T05:08:02.713071,2026-07-07T05:08:02.722588+00:00,160.2,500,bid,,,10383530
2026-07-07T05:08:02.756889,2026-07-07T05:08:02.758617+00:00,160.2,125,bid,,,10383532
2026-07-07T05:08:03.445361,2026-07-07T05:08:03.451917+00:00,160.3,25,ask,,,10383543
2026-07-07T05:08:03.970254,2026-07-07T05:08:03.980021+00:00,160.4,200,ask,,,10383550
2026-07-07T05:08:04.680514,2026-07-07T05:08:04.687652+00:00,160.4,8,ask,,,10383566
2026-07-07T05:08:04.766543,2026-07-07T05:08:04.774314+00:00,160.4,1,ask,,,10383567
2026-07-07T05:08:05.215103,2026-07-07T05:08:05.226300+00:00,160.4,200,ask,,,10383576
2026-07-07T05:08:07.650913,2026-07-07T05:08:07.654957+00:00,160.4,12,ask,,,10383617
2026-07-07T05:08:07.929582,2026-07-07T05:08:07.937815+00:00,160.4,188,ask,,,10383622
2026-07-07T05:08:08.845496,2026-07-07T05:08:08.858570+00:00,160.4,200,bid,,,10383634
2026-07-07T05:08:10.880644,2026-07-07T05:08:10.890460+00:00,160.6,20,bid,,,10383677
2026-07-07T05:08:11.010698,2026-07-07T05:08:11.018540+00:00,160.6,8,bid,,,10383680
2026-07-07T05:08:13.020316,2026-07-07T05:08:13.031803+00:00,160.6,8,bid,,,10383713
2026-07-07T05:08:14.037175,2026-07-07T05:08:14.047957+00:00,160.6,20,bid,,,10383728
2026-07-07T05:08:15.125140,2026-07-07T05:08:15.135981+00:00,160.5,20,bid,,,10383745
2026-07-07T05:08:15.292853,2026-07-07T05:08:15.304666+00:00,160.5,8,bid,,,10383749
2026-07-07T05:08:15.799293,2026-07-07T05:08:15.802977+00:00,160.4,12,bid,,,10383756
2026-07-07T05:08:15.979764,2026-07-07T05:08:15.987755+00:00,160.4,20,bid,,,10383759
2026-07-07T05:08:16.622336,2026-07-07T05:08:16.630561+00:00,160.4,500,bid,,,10383768
2026-07-07T05:08:17.826028,2026-07-07T05:08:17.835896+00:00,160.5,500,bid,,,10383785
2026-07-07T05:08:18.563471,2026-07-07T05:08:18.574964+00:00,160.5,25,ask,,,10383803
2026-07-07T05:08:18.791053,2026-07-07T05:08:18.798659+00:00,160.5,25,ask,,,10383807
2026-07-07T05:08:19.012264,2026-07-07T05:08:19.023527+00:00,160.5,10,ask,,,10383809
2026-07-07T05:08:22.183310,2026-07-07T05:08:22.191313+00:00,160.5,200,ask,,,10383855
2026-07-07T05:08:23.619370,2026-07-07T05:08:23.628485+00:00,160.6,20,bid,,,10383878
2026-07-07T05:08:23.650707,2026-07-07T05:08:23.658565+00:00,160.7,8,bid,,,10383879
2026-07-07T05:08:24.963722,2026-07-07T05:08:24.967864+00:00,160.5,11,bid,,,10383899
2026-07-07T05:08:25.768677,2026-07-07T05:08:25.779371+00:00,160.5,20,bid,,,10383919
2026-07-07T05:08:26.411252,2026-07-07T05:08:26.422125+00:00,160.4,8,ask,,,10383936
2026-07-07T05:08:27.522555,2026-07-07T05:08:27.531624+00:00,160.5,200,bid,,,10383952
2026-07-07T05:08:28.237817,2026-07-07T05:08:28.247780+00:00,160.6,200,ask,,,10383971
2026-07-07T05:08:28.679019,2026-07-07T05:08:28.688102+00:00,160.9,8,bid,,,10383976
2026-07-07T05:08:29.212906,2026-07-07T05:08:29.220668+00:00,160.7,8,bid,,,10383987
2026-07-07T05:08:29.447861,2026-07-07T05:08:29.458573+00:00,160.5,200,ask,,,10383988
2026-07-07T05:08:31.084310,2026-07-07T05:08:31.092885+00:00,160.7,20,bid,,,10384022
2026-07-07T05:08:31.485807,2026-07-07T05:08:31.497404+00:00,160.7,180,bid,,,10384029
2026-07-07T05:08:31.868929,2026-07-07T05:08:31.875964+00:00,160.8,200,ask,,,10384031
2026-07-07T05:08:32.012434,2026-07-07T05:08:32.024157+00:00,161.0,8,bid,,,10384037
2026-07-07T05:08:33.090995,2026-07-07T05:08:33.095424+00:00,160.8,11,bid,,,10384058
2026-07-07T05:08:39.026766,2026-07-07T05:08:39.038014+00:00,160.8,200,ask,,,10384148
2026-07-07T05:08:39.026766,2026-07-07T05:08:39.038014+00:00,160.8,300,ask,,,10384149
2026-07-07T05:08:39.135375,2026-07-07T05:08:39.146034+00:00,160.8,200,ask,,,10384156
2026-07-07T05:08:39.393373,2026-07-07T05:08:39.413290+00:00,160.6,200,ask,,,10384159
2026-07-07T05:08:39.409641,2026-07-07T05:08:39.413290+00:00,160.6,23,bid,,,10384161
2026-07-07T05:08:39.543809,2026-07-07T05:08:39.569486+00:00,160.6,25,bid,,,10384168
2026-07-07T05:08:39.562788,2026-07-07T05:08:39.569486+00:00,160.6,8,bid,,,10384171
2026-07-07T05:08:39.764895,2026-07-07T05:08:39.774934+00:00,160.6,25,bid,,,10384181
2026-07-07T05:08:39.769664,2026-07-07T05:08:39.780104+00:00,160.4,24,ask,,,10384182
2026-07-07T05:08:39.990470,2026-07-07T05:08:39.998369+00:00,160.6,25,bid,,,10384184
2026-07-07T05:08:40.209155,2026-07-07T05:08:40.217054+00:00,160.6,25,bid,,,10384186
2026-07-07T05:08:40.459987,2026-07-07T05:08:40.471387+00:00,160.6,25,bid,,,10384195
2026-07-07T05:08:40.687854,2026-07-07T05:08:40.694777+00:00,160.6,25,bid,,,10384201
2026-07-07T05:08:41.198323,2026-07-07T05:08:41.202188+00:00,160.5,34,ask,,,10384211
2026-07-07T05:08:41.326969,2026-07-07T05:08:41.337919+00:00,160.5,20,ask,,,10384214
2026-07-07T05:08:41.553399,2026-07-07T05:08:41.558628+00:00,160.5,200,ask,,,10384218
2026-07-07T05:08:41.579390,2026-07-07T05:08:41.590028+00:00,160.5,8,ask,,,10384221
2026-07-07T05:08:42.047810,2026-07-07T05:08:42.057754+00:00,160.6,20,bid,,,10384227
2026-07-07T05:08:43.979318,2026-07-07T05:08:43.987556+00:00,160.3,200,ask,,,10384250
2026-07-07T05:08:44.354327,2026-07-07T05:08:44.358551+00:00,160.6,8,bid,,,10384259
2026-07-07T05:08:46.749316,2026-07-07T05:08:46.758592+00:00,160.4,20,ask,,,10384294
2026-07-07T05:08:48.833666,2026-07-07T05:08:48.844413+00:00,160.4,200,ask,,,10384327
2026-07-07T05:08:49.072901,2026-07-07T05:08:49.079427+00:00,160.5,20,bid,,,10384338
2026-07-07T05:08:49.911562,2026-07-07T05:08:49.915267+00:00,160.4,11,bid,,,10384351
2026-07-07T05:08:51.221395,2026-07-07T05:08:51.228650+00:00,160.4,20,bid,,,10384376
2026-07-07T05:08:51.234236,2026-07-07T05:08:51.244003+00:00,160.4,14,bid,,,10384377
2026-07-07T05:08:52.469943,2026-07-07T05:08:52.479702+00:00,160.4,200,bid,,,10384390
2026-07-07T05:08:53.786060,2026-07-07T05:08:53.800011+00:00,160.5,500,bid,,,10384413
2026-07-07T05:08:53.786060,2026-07-07T05:08:53.800011+00:00,160.5,125,bid,,,10384414
2026-07-07T05:08:53.796124,2026-07-07T05:08:53.800011+00:00,160.5,12,bid,,,10384416
2026-07-07T05:08:55.364466,2026-07-07T05:08:55.368356+00:00,160.4,11,bid,,,10384444
2026-07-07T05:08:56.407891,2026-07-07T05:08:56.419206+00:00,160.4,500,bid,,,10384459
2026-07-07T05:08:57.308648,2026-07-07T05:08:57.318168+00:00,160.4,125,ask,,,10384476
2026-07-07T05:08:59.748614,2026-07-07T05:08:59.752210+00:00,160.2,12,bid,,,10384518
2026-07-07T05:09:08.231687,2026-07-07T05:09:08.239527+00:00,159.9,200,ask,,,10384644
2026-07-07T05:09:09.392574,2026-07-07T05:09:09.399262+00:00,159.9,200,bid,,,10384668
2026-07-07T05:09:10.241536,2026-07-07T05:09:10.248902+00:00,159.8,20,ask,,,10384683
2026-07-07T05:09:12.181559,2026-07-07T05:09:12.185095+00:00,160.0,12,ask,,,10384714
2026-07-07T05:09:13.020318,2026-07-07T05:09:13.031607+00:00,160.0,200,ask,,,10384733
2026-07-07T05:09:16.665555,2026-07-07T05:09:16.669424+00:00,160.0,11,ask,,,10384792
2026-07-07T05:09:20.171574,2026-07-07T05:09:20.179834+00:00,160.1,200,bid,,,10384841
2026-07-07T05:09:21.502404,2026-07-07T05:09:21.513577+00:00,160.1,200,ask,,,10384856
2026-07-07T05:09:22.714970,2026-07-07T05:09:22.718703+00:00,160.2,23,bid,,,10384873
2026-07-07T05:09:22.905932,2026-07-07T05:09:22.915775+00:00,160.2,20,bid,,,10384878
2026-07-07T05:09:23.213162,2026-07-07T05:09:23.225013+00:00,160.2,500,bid,,,10384883
2026-07-07T05:09:23.808696,2026-07-07T05:09:23.817613+00:00,160.2,82,bid,,,10384891
2026-07-07T05:09:24.220119,2026-07-07T05:09:24.231790+00:00,160.3,20,ask,,,10384896
2026-07-07T05:09:25.478314,2026-07-07T05:09:25.481635+00:00,160.3,12,ask,,,10384916
2026-07-07T05:09:28.809353,2026-07-07T05:09:28.813057+00:00,160.3,12,bid,,,10384965
2026-07-07T05:09:30.554564,2026-07-07T05:09:30.585035+00:00,160.2,200,ask,,,10384999
2026-07-07T05:09:30.581180,2026-07-07T05:09:30.585035+00:00,160.2,11,bid,,,10385004
2026-07-07T05:09:31.069058,2026-07-07T05:09:31.075952+00:00,160.2,414,bid,,,10385013
2026-07-07T05:09:31.808258,2026-07-07T05:09:31.812080+00:00,160.2,23,ask,,,10385024
2026-07-07T05:09:32.186267,2026-07-07T05:09:32.193847+00:00,160.2,20,ask,,,10385029
2026-07-07T05:09:32.897575,2026-07-07T05:09:32.901170+00:00,160.3,11,ask,,,10385040
2026-07-07T05:09:33.631291,2026-07-07T05:09:33.642679+00:00,160.2,200,ask,,,10385064
2026-07-07T05:09:34.841488,2026-07-07T05:09:34.851182+00:00,160.3,200,ask,,,10385083
2026-07-07T05:09:35.334672,2026-07-07T05:09:35.346523+00:00,160.2,20,ask,,,10385088
2026-07-07T05:09:37.731001,2026-07-07T05:09:37.742083+00:00,160.4,200,bid,,,10385115
2026-07-07T05:09:38.474542,2026-07-07T05:09:38.485732+00:00,160.5,200,ask,,,10385125
2026-07-07T05:09:40.906359,2026-07-07T05:09:40.916085+00:00,160.5,200,ask,,,10385173
2026-07-07T05:09:41.791323,2026-07-07T05:09:41.802967+00:00,160.6,8,ask,,,10385189
2026-07-07T05:09:41.895007,2026-07-07T05:09:41.905650+00:00,160.6,20,ask,,,10385191
2026-07-07T05:09:43.886390,2026-07-07T05:09:43.894160+00:00,160.5,20,ask,,,10385216
2026-07-07T05:09:44.099466,2026-07-07T05:09:44.107975+00:00,160.5,20,ask,,,10385218
2026-07-07T05:09:44.485850,2026-07-07T05:09:44.490140+00:00,160.5,17,ask,,,10385231
2026-07-07T05:09:44.533777,2026-07-07T05:09:44.540607+00:00,160.5,20,ask,,,10385235
2026-07-07T05:09:44.618905,2026-07-07T05:09:44.627096+00:00,160.5,20,ask,,,10385240
2026-07-07T05:09:46.093467,2026-07-07T05:09:46.102642+00:00,160.5,8,ask,,,10385274
2026-07-07T05:09:46.097140,2026-07-07T05:09:46.107871+00:00,160.5,20,ask,,,10385275
2026-07-07T05:09:46.334459,2026-07-07T05:09:46.346037+00:00,160.5,20,ask,,,10385279
2026-07-07T05:09:48.146996,2026-07-07T05:09:48.158606+00:00,160.5,20,ask,,,10385306
2026-07-07T05:09:48.926141,2026-07-07T05:09:48.934326+00:00,160.6,25,ask,,,10385314
2026-07-07T05:09:49.103240,2026-07-07T05:09:49.113459+00:00,160.7,25,bid,,,10385320
2026-07-07T05:09:49.118446,2026-07-07T05:09:49.129061+00:00,160.7,8,bid,,,10385322
2026-07-07T05:09:50.222182,2026-07-07T05:09:50.230497+00:00,160.8,5,bid,,,10385344
2026-07-07T05:09:50.222182,2026-07-07T05:09:50.230497+00:00,160.8,200,bid,,,10385345
2026-07-07T05:09:50.242268,2026-07-07T05:09:50.246059+00:00,160.8,6,ask,,,10385348
2026-07-07T05:09:50.285891,2026-07-07T05:09:50.295846+00:00,160.8,25,ask,,,10385349
2026-07-07T05:09:50.390151,2026-07-07T05:09:50.396911+00:00,160.8,25,ask,,,10385355
2026-07-07T05:09:50.600559,2026-07-07T05:09:50.609312+00:00,160.8,200,ask,,,10385359
2026-07-07T05:09:50.616294,2026-07-07T05:09:50.623451+00:00,160.8,25,ask,,,10385360
2026-07-07T05:09:50.837095,2026-07-07T05:09:50.848423+00:00,160.8,25,ask,,,10385369
2026-07-07T05:09:51.061476,2026-07-07T05:09:51.069563+00:00,160.8,25,ask,,,10385375
2026-07-07T05:09:51.553188,2026-07-07T05:09:51.558625+00:00,160.8,25,bid,,,10385384
2026-07-07T05:09:51.614189,2026-07-07T05:09:51.625967+00:00,160.6,5,ask,,,10385386
2026-07-07T05:09:51.614189,2026-07-07T05:09:51.625967+00:00,160.6,12,ask,,,10385387
2026-07-07T05:09:51.662933,2026-07-07T05:09:51.704094+00:00,160.6,8,ask,,,10385389
2026-07-07T05:09:51.735793,2026-07-07T05:09:51.745990+00:00,160.8,17,bid,,,10385392
2026-07-07T05:09:51.811547,2026-07-07T05:09:51.822544+00:00,160.6,4,ask,,,10385396
2026-07-07T05:09:51.918288,2026-07-07T05:09:51.930083+00:00,160.6,8,ask,,,10385402
2026-07-07T05:09:51.930194,2026-07-07T05:09:51.941804+00:00,160.8,4,bid,,,10385403
2026-07-07T05:09:52.368779,2026-07-07T05:09:52.379741+00:00,160.6,10,ask,,,10385415
2026-07-07T05:09:52.434602,2026-07-07T05:09:52.445038+00:00,160.6,8,ask,,,10385417
2026-07-07T05:09:52.487528,2026-07-07T05:09:52.496869+00:00,160.6,15,ask,,,10385418
2026-07-07T05:09:52.854923,2026-07-07T05:09:52.866410+00:00,160.7,5,bid,,,10385424
2026-07-07T05:09:53.027837,2026-07-07T05:09:53.037625+00:00,160.7,200,ask,,,10385427
2026-07-07T05:09:55.212250,2026-07-07T05:09:55.222296+00:00,160.8,8,bid,,,10385456
2026-07-07T05:09:55.440017,2026-07-07T05:09:55.451312+00:00,160.8,200,bid,,,10385459
2026-07-07T05:09:56.782705,2026-07-07T05:09:56.790793+00:00,160.8,200,bid,,,10385473
2026-07-07T05:09:57.234361,2026-07-07T05:09:57.243288+00:00,160.8,8,ask,,,10385484
2026-07-07T05:10:01.277173,2026-07-07T05:10:01.289068+00:00,161.0,20,bid,,,10385554
2026-07-07T05:10:02.001324,2026-07-07T05:10:02.013365+00:00,161.0,8,bid,,,10385565
2026-07-07T05:10:02.027493,2026-07-07T05:10:02.034309+00:00,160.9,200,ask,,,10385567
2026-07-07T05:10:04.017548,2026-07-07T05:10:04.029068+00:00,161.0,8,bid,,,10385594
2026-07-07T05:10:06.277897,2026-07-07T05:10:06.289919+00:00,160.7,8,ask,,,10385632
2026-07-07T05:10:07.268837,2026-07-07T05:10:07.275528+00:00,160.8,200,ask,,,10385648
2026-07-07T05:10:07.550301,2026-07-07T05:10:07.557689+00:00,160.8,200,bid,,,10385653
2026-07-07T05:10:08.339972,2026-07-07T05:10:08.349249+00:00,160.6,5,ask,,,10385665
2026-07-07T05:10:08.622083,2026-07-07T05:10:08.625798+00:00,160.9,11,ask,,,10385670
2026-07-07T05:10:08.814532,2026-07-07T05:10:08.826232+00:00,161.0,5,bid,,,10385676
2026-07-07T05:10:08.814532,2026-07-07T05:10:08.826232+00:00,161.0,1,bid,,,10385677
2026-07-07T05:10:09.335961,2026-07-07T05:10:09.347844+00:00,160.9,8,ask,,,10385689
2026-07-07T05:10:10.596843,2026-07-07T05:10:10.606588+00:00,161.0,8,bid,,,10385702
2026-07-07T05:10:12.397118,2026-07-07T05:10:12.405547+00:00,161.0,200,ask,,,10385732
2026-07-07T05:10:12.705612,2026-07-07T05:10:12.717185+00:00,161.2,5,bid,,,10385737
2026-07-07T05:10:12.705612,2026-07-07T05:10:12.717185+00:00,161.2,15,bid,,,10385738
2026-07-07T05:10:13.817474,2026-07-07T05:10:13.826595+00:00,161.1,200,bid,,,10385750
2026-07-07T05:10:15.642199,2026-07-07T05:10:15.653844+00:00,161.1,8,ask,,,10385778
2026-07-07T05:10:17.230645,2026-07-07T05:10:17.238691+00:00,161.1,200,ask,,,10385793
2026-07-07T05:10:17.723629,2026-07-07T05:10:17.731007+00:00,161.1,8,ask,,,10385802
2026-07-07T05:10:18.440256,2026-07-07T05:10:18.449695+00:00,161.1,200,ask,,,10385810
2026-07-07T05:10:19.646615,2026-07-07T05:10:19.658612+00:00,161.0,200,ask,,,10385823
2026-07-07T05:10:20.031607,2026-07-07T05:10:20.039378+00:00,161.0,8,ask,,,10385829
2026-07-07T05:10:21.705675,2026-07-07T05:10:21.715674+00:00,161.2,200,bid,,,10385837
2026-07-07T05:10:21.721056,2026-07-07T05:10:21.724507+00:00,161.2,12,ask,,,10385839
2026-07-07T05:10:22.554812,2026-07-07T05:10:22.579860+00:00,161.2,413,ask,,,10385859
2026-07-07T05:10:22.576021,2026-07-07T05:10:22.579860+00:00,161.2,12,bid,,,10385861
2026-07-07T05:10:23.831347,2026-07-07T05:10:23.841533+00:00,161.1,5,ask,,,10385882
2026-07-07T05:10:24.080664,2026-07-07T05:10:24.094225+00:00,161.2,20,bid,,,10385893
2026-07-07T05:10:24.096207,2026-07-07T05:10:24.104701+00:00,161.2,8,bid,,,10385894
2026-07-07T05:10:25.795898,2026-07-07T05:10:25.805891+00:00,161.1,5,ask,,,10385918
2026-07-07T05:10:25.795898,2026-07-07T05:10:25.805891+00:00,161.1,15,ask,,,10385919
2026-07-07T05:10:26.145594,2026-07-07T05:10:26.164162+00:00,161.3,8,bid,,,10385929
2026-07-07T05:10:26.221743,2026-07-07T05:10:26.233684+00:00,161.3,20,bid,,,10385931
2026-07-07T05:10:28.118393,2026-07-07T05:10:28.126035+00:00,161.2,200,bid,,,10385956
2026-07-07T05:10:28.345216,2026-07-07T05:10:28.358587+00:00,161.1,5,ask,,,10385962
2026-07-07T05:10:28.345216,2026-07-07T05:10:28.358587+00:00,161.1,15,ask,,,10385963
2026-07-07T05:10:29.329161,2026-07-07T05:10:29.341696+00:00,161.2,5,bid,,,10385983
2026-07-07T05:10:29.329161,2026-07-07T05:10:29.341696+00:00,161.2,195,bid,,,10385984
2026-07-07T05:10:31.018012,2026-07-07T05:10:31.027906+00:00,161.2,200,ask,,,10386000
2026-07-07T05:10:31.746879,2026-07-07T05:10:31.758453+00:00,161.3,200,bid,,,10386012
2026-07-07T05:10:32.725845,2026-07-07T05:10:32.737921+00:00,161.1,8,ask,,,10386024
2026-07-07T05:10:32.958865,2026-07-07T05:10:32.968915+00:00,161.3,5,bid,,,10386032
2026-07-07T05:10:32.958865,2026-07-07T05:10:32.968915+00:00,161.3,195,bid,,,10386033
2026-07-07T05:10:33.995185,2026-07-07T05:10:34.006329+00:00,161.2,8,bid,,,10386056
2026-07-07T05:10:34.168556,2026-07-07T05:10:34.179715+00:00,161.3,200,bid,,,10386057
2026-07-07T05:10:35.863865,2026-07-07T05:10:35.871610+00:00,161.3,200,ask,,,10386079
2026-07-07T05:10:36.121212,2026-07-07T05:10:36.127995+00:00,161.3,300,bid,,,10386084
2026-07-07T05:10:36.785332,2026-07-07T05:10:36.805263+00:00,161.4,8,bid,,,10386094
2026-07-07T05:10:36.956001,2026-07-07T05:10:36.967795+00:00,161.3,20,ask,,,10386095
2026-07-07T05:10:37.080044,2026-07-07T05:10:37.089961+00:00,161.3,305,ask,,,10386100
2026-07-07T05:10:37.080044,2026-07-07T05:10:37.089961+00:00,161.3,195,ask,,,10386101
2026-07-07T05:10:37.431472,2026-07-07T05:10:37.439261+00:00,161.3,5,ask,,,10386104
2026-07-07T05:10:37.431472,2026-07-07T05:10:37.439261+00:00,161.2,5,ask,,,10386105
2026-07-07T05:10:37.450603,2026-07-07T05:10:37.454279+00:00,160.9,5,bid,,,10386107
2026-07-07T05:10:37.460233,2026-07-07T05:10:37.463632+00:00,160.9,17,bid,,,10386109
2026-07-07T05:10:37.782215,2026-07-07T05:10:37.790158+00:00,160.9,5,bid,,,10386117
2026-07-07T05:10:37.791705,2026-07-07T05:10:37.800607+00:00,160.9,200,bid,,,10386118
2026-07-07T05:10:38.066947,2026-07-07T05:10:38.074407+00:00,160.9,8,bid,,,10386124
2026-07-07T05:10:38.822370,2026-07-07T05:10:38.826474+00:00,160.8,34,ask,,,10386138
2026-07-07T05:10:38.834023,2026-07-07T05:10:38.847205+00:00,160.8,8,ask,,,10386140
2026-07-07T05:10:39.012383,2026-07-07T05:10:39.020390+00:00,160.9,5,bid,,,10386149
2026-07-07T05:10:39.012383,2026-07-07T05:10:39.025639+00:00,161.0,195,bid,,,10386150
2026-07-07T05:10:40.221326,2026-07-07T05:10:40.232079+00:00,160.9,5,bid,,,10386171
2026-07-07T05:10:40.221326,2026-07-07T05:10:40.232079+00:00,161.0,195,bid,,,10386172
2026-07-07T05:10:41.094564,2026-07-07T05:10:41.106331+00:00,161.0,8,bid,,,10386195
2026-07-07T05:10:41.352549,2026-07-07T05:10:41.364277+00:00,161.0,20,bid,,,10386200
2026-07-07T05:10:41.401967,2026-07-07T05:10:41.406722+00:00,161.1,5,bid,,,10386202
2026-07-07T05:10:41.401967,2026-07-07T05:10:41.406722+00:00,161.1,18,bid,,,10386203
2026-07-07T05:10:41.448559,2026-07-07T05:10:41.452253+00:00,161.0,11,bid,,,10386206
2026-07-07T05:10:41.613225,2026-07-07T05:10:41.622917+00:00,161.0,8,bid,,,10386210
2026-07-07T05:10:41.933489,2026-07-07T05:10:41.941446+00:00,161.0,5,bid,,,10386216
2026-07-07T05:10:42.620213,2026-07-07T05:10:42.628817+00:00,161.0,2,bid,,,10386238
2026-07-07T05:10:43.137746,2026-07-07T05:10:43.149172+00:00,160.9,7,bid,,,10386256
2026-07-07T05:10:43.259969,2026-07-07T05:10:43.267594+00:00,160.9,20,bid,,,10386260
2026-07-07T05:10:43.850706,2026-07-07T05:10:43.864096+00:00,160.8,200,ask,,,10386266
2026-07-07T05:10:45.057755,2026-07-07T05:10:45.069219+00:00,160.9,5,ask,,,10386278
2026-07-07T05:10:46.039773,2026-07-07T05:10:46.049676+00:00,160.9,5,bid,,,10386289
2026-07-07T05:10:46.592052,2026-07-07T05:10:46.602950+00:00,160.9,200,bid,,,10386296
2026-07-07T05:10:47.674847,2026-07-07T05:10:47.678659+00:00,161.0,12,bid,,,10386313
2026-07-07T05:10:47.751880,2026-07-07T05:10:47.760751+00:00,161.0,25,bid,,,10386316
2026-07-07T05:10:47.756529,2026-07-07T05:10:47.765771+00:00,161.0,20,bid,,,10386317
2026-07-07T05:10:47.984629,2026-07-07T05:10:47.995724+00:00,161.0,25,bid,,,10386322
2026-07-07T05:10:48.098359,2026-07-07T05:10:48.108401+00:00,161.0,5,bid,,,10386325
2026-07-07T05:10:48.204895,2026-07-07T05:10:48.215838+00:00,161.0,25,bid,,,10386330
2026-07-07T05:10:48.428220,2026-07-07T05:10:48.438214+00:00,161.0,25,bid,,,10386332
2026-07-07T05:10:50.520746,2026-07-07T05:10:50.531931+00:00,160.8,5,ask,,,10386370
2026-07-07T05:10:51.831798,2026-07-07T05:10:51.842049+00:00,160.7,200,ask,,,10386388
2026-07-07T05:10:52.312934,2026-07-07T05:10:52.323767+00:00,160.7,200,bid,,,10386394
2026-07-07T05:10:54.730518,2026-07-07T05:10:54.740005+00:00,160.7,200,bid,,,10386430
2026-07-07T05:10:55.858127,2026-07-07T05:10:55.862598+00:00,160.7,12,ask,,,10386448
2026-07-07T05:10:56.157422,2026-07-07T05:10:56.165195+00:00,160.7,20,ask,,,10386453
2026-07-07T05:10:56.276587,2026-07-07T05:10:56.288363+00:00,160.7,8,ask,,,10386456
2026-07-07T05:10:58.076919,2026-07-07T05:10:58.084607+00:00,160.7,20,ask,,,10386497
2026-07-07T05:10:58.375210,2026-07-07T05:10:58.382523+00:00,160.8,5,bid,,,10386502
2026-07-07T05:10:58.375210,2026-07-07T05:10:58.387567+00:00,160.8,200,bid,,,10386503
2026-07-07T05:10:58.394096,2026-07-07T05:10:58.398130+00:00,160.8,11,ask,,,10386505
2026-07-07T05:11:00.006918,2026-07-07T05:11:00.017372+00:00,160.8,20,ask,,,10386524
2026-07-07T05:11:00.046827,2026-07-07T05:11:00.058593+00:00,160.8,8,ask,,,10386525
2026-07-07T05:11:00.224083,2026-07-07T05:11:00.233428+00:00,160.7,20,ask,,,10386533
2026-07-07T05:11:00.563884,2026-07-07T05:11:00.575901+00:00,160.7,8,ask,,,10386539
2026-07-07T05:11:04.373214,2026-07-07T05:11:04.380266+00:00,160.6,8,ask,,,10386595
2026-07-07T05:11:04.426907,2026-07-07T05:11:04.437511+00:00,160.6,200,ask,,,10386597
2026-07-07T05:11:04.504999,2026-07-07T05:11:04.515113+00:00,160.6,20,ask,,,10386599
2026-07-07T05:11:06.265390,2026-07-07T05:11:06.275920+00:00,160.6,500,ask,,,10386618
2026-07-07T05:11:06.659134,2026-07-07T05:11:06.670891+00:00,160.5,8,ask,,,10386626
2026-07-07T05:11:06.673186,2026-07-07T05:11:06.681285+00:00,160.5,20,ask,,,10386628
2026-07-07T05:11:06.713643,2026-07-07T05:11:06.718270+00:00,160.5,23,ask,,,10386630
2026-07-07T05:11:06.724585,2026-07-07T05:11:06.733878+00:00,160.6,125,bid,,,10386631
2026-07-07T05:11:06.724585,2026-07-07T05:11:06.733878+00:00,160.6,5,bid,,,10386632
2026-07-07T05:11:06.752710,2026-07-07T05:11:06.756276+00:00,160.6,11,ask,,,10386634
2026-07-07T05:11:06.847271,2026-07-07T05:11:06.854944+00:00,160.6,200,ask,,,10386639
2026-07-07T05:11:06.891133,2026-07-07T05:11:06.900219+00:00,160.6,22,ask,,,10386640
2026-07-07T05:11:06.927194,2026-07-07T05:11:06.936754+00:00,160.6,8,ask,,,10386643
2026-07-07T05:11:07.442668,2026-07-07T05:11:07.453947+00:00,160.6,5,ask,,,10386656
2026-07-07T05:11:07.588349,2026-07-07T05:11:07.592170+00:00,160.7,3,bid,,,10386659
2026-07-07T05:11:07.597405,2026-07-07T05:11:07.601069+00:00,160.7,8,bid,,,10386661
2026-07-07T05:11:07.709125,2026-07-07T05:11:07.718014+00:00,160.6,3,ask,,,10386662
2026-07-07T05:11:10.470176,2026-07-07T05:11:10.479926+00:00,160.7,200,ask,,,10386710
2026-07-07T05:11:11.087241,2026-07-07T05:11:11.094435+00:00,160.8,20,bid,,,10386735
2026-07-07T05:11:11.250761,2026-07-07T05:11:11.258587+00:00,160.8,8,bid,,,10386737
2026-07-07T05:11:11.680003,2026-07-07T05:11:11.688240+00:00,160.8,200,ask,,,10386747
2026-07-07T05:11:11.764568,2026-07-07T05:11:11.775192+00:00,160.8,8,ask,,,10386749
2026-07-07T05:11:12.771563,2026-07-07T05:11:12.783169+00:00,160.9,8,bid,,,10386765
2026-07-07T05:11:12.809158,2026-07-07T05:11:12.820072+00:00,160.9,20,bid,,,10386766
2026-07-07T05:11:17.056789,2026-07-07T05:11:17.068923+00:00,161.0,8,bid,,,10386822
2026-07-07T05:11:17.363708,2026-07-07T05:11:17.375378+00:00,161.0,20,bid,,,10386825
2026-07-07T05:11:20.072406,2026-07-07T05:11:20.079404+00:00,160.8,8,ask,,,10386868
2026-07-07T05:11:20.337314,2026-07-07T05:11:20.348457+00:00,160.9,20,bid,,,10386873
2026-07-07T05:11:21.330820,2026-07-07T05:11:21.342482+00:00,160.9,8,bid,,,10386887
2026-07-07T05:11:23.775913,2026-07-07T05:11:23.784273+00:00,160.8,200,ask,,,10386924
2026-07-07T05:11:24.905266,2026-07-07T05:11:24.915564+00:00,160.8,500,ask,,,10386944
2026-07-07T05:11:24.983537,2026-07-07T05:11:24.991059+00:00,160.8,125,ask,,,10386945
2026-07-07T05:11:25.447618,2026-07-07T05:11:25.458631+00:00,160.8,20,bid,,,10386951
2026-07-07T05:11:25.602640,2026-07-07T05:11:25.614612+00:00,160.8,8,bid,,,10386956
2026-07-07T05:11:25.636499,2026-07-07T05:11:25.640612+00:00,160.8,23,bid,,,10386958
2026-07-07T05:11:25.933972,2026-07-07T05:11:25.958176+00:00,160.6,200,ask,,,10386961
2026-07-07T05:11:25.933972,2026-07-07T05:11:25.958176+00:00,160.6,5,ask,,,10386962
2026-07-07T05:11:25.954769,2026-07-07T05:11:25.958176+00:00,160.6,23,bid,,,10386968
2026-07-07T05:11:26.119484,2026-07-07T05:11:26.130696+00:00,160.6,25,bid,,,10386977
2026-07-07T05:11:26.189157,2026-07-07T05:11:26.199264+00:00,160.6,200,bid,,,10386981
2026-07-07T05:11:26.258636,2026-07-07T05:11:26.270258+00:00,160.6,5,bid,,,10386982
2026-07-07T05:11:27.397836,2026-07-07T05:11:27.404919+00:00,160.7,5,bid,,,10387003
2026-07-07T05:11:27.409452,2026-07-07T05:11:27.431545+00:00,160.8,13,bid,,,10387004
2026-07-07T05:11:27.426604,2026-07-07T05:11:27.431545+00:00,160.7,8,ask,,,10387006
2026-07-07T05:11:27.626494,2026-07-07T05:11:27.633146+00:00,160.8,20,bid,,,10387011
2026-07-07T05:11:27.679121,2026-07-07T05:11:27.690780+00:00,160.8,16,bid,,,10387012
2026-07-07T05:11:28.570270,2026-07-07T05:11:28.580408+00:00,160.7,187,ask,,,10387027
2026-07-07T05:11:28.846536,2026-07-07T05:11:28.850435+00:00,160.6,4,ask,,,10387032
2026-07-07T05:11:29.712261,2026-07-07T05:11:29.723662+00:00,160.7,8,bid,,,10387054
2026-07-07T05:11:29.763362,2026-07-07T05:11:29.774148+00:00,160.7,20,bid,,,10387056
2026-07-07T05:11:29.967765,2026-07-07T05:11:29.979432+00:00,160.6,8,ask,,,10387063
2026-07-07T05:11:29.979450,2026-07-07T05:11:29.989812+00:00,160.6,20,ask,,,10387064
2026-07-07T05:11:30.734533,2026-07-07T05:11:30.746179+00:00,160.8,8,bid,,,10387070
2026-07-07T05:11:31.678541,2026-07-07T05:11:31.689934+00:00,160.5,20,ask,,,10387084
2026-07-07T05:11:31.749036,2026-07-07T05:11:31.758643+00:00,160.5,8,ask,,,10387085
2026-07-07T05:11:31.892702,2026-07-07T05:11:31.899513+00:00,160.5,20,ask,,,10387091
2026-07-07T05:11:32.003952,2026-07-07T05:11:32.015662+00:00,160.5,8,ask,,,10387093
2026-07-07T05:11:33.199127,2026-07-07T05:11:33.210911+00:00,160.5,5,ask,,,10387104
2026-07-07T05:11:35.864021,2026-07-07T05:11:35.872434+00:00,160.6,200,ask,,,10387141
2026-07-07T05:11:36.781544,2026-07-07T05:11:36.788873+00:00,160.7,8,bid,,,10387161
2026-07-07T05:11:38.353569,2026-07-07T05:11:38.357313+00:00,160.6,22,ask,,,10387184
2026-07-07T05:11:38.510321,2026-07-07T05:11:38.516925+00:00,160.6,25,ask,,,10387186
2026-07-07T05:11:38.668380,2026-07-07T05:11:38.679531+00:00,160.6,5,ask,,,10387190
2026-07-07T05:11:38.731588,2026-07-07T05:11:38.740331+00:00,160.6,25,ask,,,10387194
2026-07-07T05:11:38.953293,2026-07-07T05:11:38.960011+00:00,160.6,25,ask,,,10387199
2026-07-07T05:11:39.080487,2026-07-07T05:11:39.085083+00:00,160.8,23,ask,,,10387206
2026-07-07T05:11:39.173295,2026-07-07T05:11:39.181656+00:00,160.8,3,ask,,,10387207
2026-07-07T05:11:39.315071,2026-07-07T05:11:39.325458+00:00,160.8,8,ask,,,10387211
2026-07-07T05:11:39.485228,2026-07-07T05:11:39.495983+00:00,160.8,200,ask,,,10387213
2026-07-07T05:11:39.697019,2026-07-07T05:11:39.705513+00:00,160.8,5,ask,,,10387215
2026-07-07T05:11:40.692154,2026-07-07T05:11:40.700551+00:00,160.6,200,ask,,,10387233
2026-07-07T05:11:41.463954,2026-07-07T05:11:41.467408+00:00,160.7,5,bid,,,10387240
2026-07-07T05:11:41.707770,2026-07-07T05:11:41.711447+00:00,160.8,6,bid,,,10387246
2026-07-07T05:11:41.898570,2026-07-07T05:11:41.908188+00:00,160.6,200,ask,,,10387249
2026-07-07T05:11:43.116953,2026-07-07T05:11:43.120693+00:00,160.7,12,bid,,,10387271
2026-07-07T05:11:44.209397,2026-07-07T05:11:44.219558+00:00,160.7,20,bid,,,10387279
2026-07-07T05:11:46.857220,2026-07-07T05:11:46.866768+00:00,160.5,8,ask,,,10387315
2026-07-07T05:11:46.939334,2026-07-07T05:11:46.949221+00:00,160.6,200,bid,,,10387318
2026-07-07T05:11:48.903333,2026-07-07T05:11:48.914755+00:00,160.6,8,ask,,,10387349
2026-07-07T05:11:49.149443,2026-07-07T05:11:49.163768+00:00,160.6,200,ask,,,10387354
2026-07-07T05:11:49.921863,2026-07-07T05:11:49.933526+00:00,160.6,8,ask,,,10387368
2026-07-07T05:11:50.360422,2026-07-07T05:11:50.370144+00:00,160.6,200,ask,,,10387375
2026-07-07T05:11:51.365469,2026-07-07T05:11:51.374854+00:00,160.5,20,ask,,,10387387
2026-07-07T05:11:51.580688,2026-07-07T05:11:51.584409+00:00,160.6,12,ask,,,10387391
2026-07-07T05:11:52.704586,2026-07-07T05:11:52.716517+00:00,160.6,8,ask,,,10387408
2026-07-07T05:11:53.220348,2026-07-07T05:11:53.230592+00:00,160.5,8,ask,,,10387417
2026-07-07T05:11:53.499228,2026-07-07T05:11:53.510443+00:00,160.5,20,ask,,,10387421
2026-07-07T05:11:55.138378,2026-07-07T05:11:55.158670+00:00,160.5,5,ask,,,10387449
2026-07-07T05:11:56.414820,2026-07-07T05:11:56.424518+00:00,160.5,200,bid,,,10387468
2026-07-07T05:11:56.976655,2026-07-07T05:11:56.987178+00:00,160.5,425,bid,,,10387473
2026-07-07T05:11:57.444592,2026-07-07T05:11:57.454055+00:00,160.6,5,bid,,,10387485
2026-07-07T05:11:58.259987,2026-07-07T05:11:58.271672+00:00,160.6,8,ask,,,10387498
2026-07-07T05:12:00.051572,2026-07-07T05:12:00.058555+00:00,160.7,200,bid,,,10387527
2026-07-07T05:12:02.698175,2026-07-07T05:12:02.706666+00:00,160.8,200,bid,,,10387563
2026-07-07T05:12:03.082980,2026-07-07T05:12:03.091781+00:00,160.8,8,ask,,,10387572
2026-07-07T05:12:03.606761,2026-07-07T05:12:03.610069+00:00,161.0,5,bid,,,10387587
2026-07-07T05:12:03.683527,2026-07-07T05:12:03.693430+00:00,160.8,200,ask,,,10387589
2026-07-07T05:12:04.031188,2026-07-07T05:12:04.035234+00:00,160.8,29,bid,,,10387596
2026-07-07T05:12:04.386333,2026-07-07T05:12:04.398068+00:00,160.8,20,bid,,,10387603
2026-07-07T05:12:04.407353,2026-07-07T05:12:04.419043+00:00,160.8,5,bid,,,10387606
2026-07-07T05:12:05.617968,2026-07-07T05:12:05.629404+00:00,160.9,8,bid,,,10387634
2026-07-07T05:12:06.831387,2026-07-07T05:12:06.835182+00:00,160.8,22,ask,,,10387656
2026-07-07T05:12:06.867298,2026-07-07T05:12:06.878955+00:00,160.8,20,ask,,,10387657
2026-07-07T05:12:07.406316,2026-07-07T05:12:07.418243+00:00,160.8,20,ask,,,10387668
2026-07-07T05:12:07.724249,2026-07-07T05:12:07.732637+00:00,161.0,20,bid,,,10387680
2026-07-07T05:12:07.878768,2026-07-07T05:12:07.890359+00:00,161.0,8,bid,,,10387682
2026-07-07T05:12:08.496567,2026-07-07T05:12:08.504260+00:00,160.9,500,bid,,,10387693
2026-07-07T05:12:08.818447,2026-07-07T05:12:08.826382+00:00,160.9,20,bid,,,10387701
2026-07-07T05:12:09.094559,2026-07-07T05:12:09.103498+00:00,160.9,105,bid,,,10387706
2026-07-07T05:12:09.266521,2026-07-07T05:12:09.273720+00:00,161.0,200,bid,,,10387709
2026-07-07T05:12:09.611392,2026-07-07T05:12:09.623170+00:00,161.0,20,ask,,,10387720
2026-07-07T05:12:09.768029,2026-07-07T05:12:09.776496+00:00,161.0,200,ask,,,10387725
2026-07-07T05:12:09.876900,2026-07-07T05:12:09.884780+00:00,161.0,20,ask,,,10387730
2026-07-07T05:12:10.605302,2026-07-07T05:12:10.618863+00:00,161.0,5,bid,,,10387745
2026-07-07T05:12:10.614679,2026-07-07T05:12:10.618863+00:00,161.0,22,bid,,,10387747
2026-07-07T05:12:10.975861,2026-07-07T05:12:10.984662+00:00,160.9,200,ask,,,10387756
2026-07-07T05:12:11.539369,2026-07-07T05:12:11.558625+00:00,161.0,500,bid,,,10387762
2026-07-07T05:12:11.643620,2026-07-07T05:12:11.654105+00:00,161.0,5,bid,,,10387766
2026-07-07T05:12:12.023572,2026-07-07T05:12:12.033544+00:00,161.4,5,bid,,,10387775
2026-07-07T05:12:12.023572,2026-07-07T05:12:12.033544+00:00,161.4,15,bid,,,10387776
2026-07-07T05:12:12.183014,2026-07-07T05:12:12.190679+00:00,161.1,200,ask,,,10387777
2026-07-07T05:12:13.390323,2026-07-07T05:12:13.399219+00:00,161.1,5,ask,,,10387802
2026-07-07T05:12:13.390323,2026-07-07T05:12:13.399219+00:00,161.1,195,ask,,,10387803
2026-07-07T05:12:14.169394,2026-07-07T05:12:14.180903+00:00,161.3,8,bid,,,10387823
2026-07-07T05:12:15.153925,2026-07-07T05:12:15.158586+00:00,161.2,500,bid,,,10387829
2026-07-07T05:12:15.211716,2026-07-07T05:12:15.220973+00:00,161.2,8,bid,,,10387830
2026-07-07T05:12:15.750575,2026-07-07T05:12:15.759976+00:00,161.2,117,bid,,,10387839
2026-07-07T05:12:15.750575,2026-07-07T05:12:15.759976+00:00,161.2,200,bid,,,10387840
2026-07-07T05:12:15.780493,2026-07-07T05:12:15.784203+00:00,161.2,8,ask,,,10387842
2026-07-07T05:12:15.992176,2026-07-07T05:12:16.001998+00:00,161.4,5,bid,,,10387847
2026-07-07T05:12:15.992176,2026-07-07T05:12:16.001998+00:00,161.4,3,bid,,,10387848
2026-07-07T05:12:16.248344,2026-07-07T05:12:16.260050+00:00,161.4,8,bid,,,10387853
2026-07-07T05:12:16.542081,2026-07-07T05:12:16.558542+00:00,161.4,20,bid,,,10387855
2026-07-07T05:12:17.769298,2026-07-07T05:12:17.781228+00:00,161.4,8,bid,,,10387876
2026-07-07T05:12:18.229268,2026-07-07T05:12:18.238238+00:00,161.4,200,bid,,,10387887
2026-07-07T05:12:21.377770,2026-07-07T05:12:21.389291+00:00,161.4,25,bid,,,10387934
2026-07-07T05:12:21.655238,2026-07-07T05:12:21.658615+00:00,161.4,5,bid,,,10387940
2026-07-07T05:12:21.862479,2026-07-07T05:12:21.872359+00:00,161.4,200,bid,,,10387944
2026-07-07T05:12:22.511077,2026-07-07T05:12:22.517764+00:00,161.5,20,bid,,,10387959
2026-07-07T05:12:22.644890,2026-07-07T05:12:22.648574+00:00,161.3,5,ask,,,10387965
2026-07-07T05:12:22.736320,2026-07-07T05:12:22.744402+00:00,161.2,25,ask,,,10387968
2026-07-07T05:12:22.797623,2026-07-07T05:12:22.804224+00:00,161.2,10,ask,,,10387970
2026-07-07T05:12:23.027598,2026-07-07T05:12:23.039340+00:00,161.4,5,bid,,,10387973
2026-07-07T05:12:23.149165,2026-07-07T05:12:23.142435+00:00,161.5,3,bid,,,10387978
2026-07-07T05:12:23.250501,2026-07-07T05:12:23.262273+00:00,161.5,25,bid,,,10387979
2026-07-07T05:12:23.288503,2026-07-07T05:12:23.303252+00:00,161.2,8,ask,,,10387981
2026-07-07T05:12:23.317732,2026-07-07T05:12:23.326224+00:00,161.2,5,ask,,,10387982
2026-07-07T05:12:23.363378,2026-07-07T05:12:23.371920+00:00,161.2,20,ask,,,10387983
2026-07-07T05:12:23.436597,2026-07-07T05:12:23.448654+00:00,161.5,10,bid,,,10387984
2026-07-07T05:12:23.579803,2026-07-07T05:12:23.591219+00:00,161.2,10,ask,,,10387986
2026-07-07T05:12:23.809133,2026-07-07T05:12:23.813061+00:00,161.4,9,ask,,,10387992
2026-07-07T05:12:23.812146,2026-07-07T05:12:23.828758+00:00,161.4,25,ask,,,10387993
2026-07-07T05:12:23.820435,2026-07-07T05:12:23.828758+00:00,161.5,24,bid,,,10387995
2026-07-07T05:12:23.842106,2026-07-07T05:12:23.853871+00:00,161.4,25,ask,,,10387996
2026-07-07T05:12:24.285529,2026-07-07T05:12:24.295204+00:00,161.4,200,ask,,,10388004
2026-07-07T05:12:26.350884,2026-07-07T05:12:26.358591+00:00,161.4,25,bid,,,10388032
2026-07-07T05:12:26.816609,2026-07-07T05:12:26.825213+00:00,161.6,5,bid,,,10388043
2026-07-07T05:12:26.816609,2026-07-07T05:12:26.825213+00:00,161.6,15,bid,,,10388044
2026-07-07T05:12:27.914692,2026-07-07T05:12:27.925141+00:00,161.5,200,bid,,,10388065
2026-07-07T05:12:29.008597,2026-07-07T05:12:29.016485+00:00,161.5,500,bid,,,10388080
2026-07-07T05:12:29.077141,2026-07-07T05:12:29.085133+00:00,161.5,25,ask,,,10388087
2026-07-07T05:12:29.125347,2026-07-07T05:12:29.133298+00:00,161.6,200,bid,,,10388089
2026-07-07T05:12:29.707412,2026-07-07T05:12:29.718020+00:00,161.5,100,ask,,,10388094
2026-07-07T05:12:29.724356,2026-07-07T05:12:29.728061+00:00,161.5,11,bid,,,10388096
2026-07-07T05:12:30.212868,2026-07-07T05:12:30.223976+00:00,161.5,5,bid,,,10388109
2026-07-07T05:12:30.332500,2026-07-07T05:12:30.342013+00:00,161.5,11,bid,,,10388113
2026-07-07T05:12:30.339021,2026-07-07T05:12:30.347209+00:00,161.5,200,bid,,,10388114
2026-07-07T05:12:30.601758,2026-07-07T05:12:30.610001+00:00,161.5,8,bid,,,10388122
2026-07-07T05:12:33.280332,2026-07-07T05:12:33.290652+00:00,161.6,20,bid,,,10388171
2026-07-07T05:12:33.391846,2026-07-07T05:12:33.400310+00:00,161.6,8,bid,,,10388173
2026-07-07T05:12:35.563005,2026-07-07T05:12:35.581029+00:00,161.5,5,ask,,,10388206
2026-07-07T05:12:35.563005,2026-07-07T05:12:35.581029+00:00,161.4,200,ask,,,10388207
2026-07-07T05:12:35.577417,2026-07-07T05:12:35.581029+00:00,161.4,5,bid,,,10388209
2026-07-07T05:12:37.021873,2026-07-07T05:12:37.032200+00:00,161.5,20,bid,,,10388237
2026-07-07T05:12:37.617699,2026-07-07T05:12:37.621569+00:00,161.4,5,ask,,,10388242
2026-07-07T05:12:38.430094,2026-07-07T05:12:38.441437+00:00,161.4,20,ask,,,10388260
2026-07-07T05:12:40.021833,2026-07-07T05:12:40.032109+00:00,161.5,200,bid,,,10388283
2026-07-07T05:12:41.577662,2026-07-07T05:12:41.589148+00:00,161.5,3,ask,,,10388315
2026-07-07T05:12:43.089801,2026-07-07T05:12:43.101367+00:00,161.7,20,bid,,,10388341
2026-07-07T05:12:43.351177,2026-07-07T05:12:43.358556+00:00,161.7,8,bid,,,10388345
2026-07-07T05:12:44.827705,2026-07-07T05:12:44.835947+00:00,161.6,500,ask,,,10388368
2026-07-07T05:12:45.424756,2026-07-07T05:12:45.435160+00:00,161.6,125,ask,,,10388370
2026-07-07T05:12:46.033612,2026-07-07T05:12:46.057638+00:00,161.5,200,ask,,,10388390
2026-07-07T05:12:46.033612,2026-07-07T05:12:46.057638+00:00,161.5,5,ask,,,10388391
2026-07-07T05:12:46.053817,2026-07-07T05:12:46.057638+00:00,161.5,11,bid,,,10388394
2026-07-07T05:12:47.636909,2026-07-07T05:12:47.646454+00:00,161.5,20,bid,,,10388419
2026-07-07T05:12:47.899698,2026-07-07T05:12:47.906387+00:00,161.5,20,bid,,,10388424
2026-07-07T05:12:48.387734,2026-07-07T05:12:48.395406+00:00,161.5,20,bid,,,10388434
2026-07-07T05:12:48.677200,2026-07-07T05:12:48.685149+00:00,161.4,5,ask,,,10388441
2026-07-07T05:12:50.658324,2026-07-07T05:12:50.669973+00:00,161.1,8,ask,,,10388472
2026-07-07T05:12:51.164272,2026-07-07T05:12:51.175980+00:00,161.4,8,bid,,,10388479
2026-07-07T05:12:51.294998,2026-07-07T05:12:51.306390+00:00,161.3,200,ask,,,10388481
2026-07-07T05:12:51.806523,2026-07-07T05:12:51.815655+00:00,161.3,20,bid,,,10388499
2026-07-07T05:12:52.178105,2026-07-07T05:12:52.184628+00:00,161.2,8,ask,,,10388514
2026-07-07T05:12:52.210079,2026-07-07T05:12:52.219287+00:00,161.2,20,ask,,,10388516
2026-07-07T05:12:53.640994,2026-07-07T05:12:53.658571+00:00,161.4,5,bid,,,10388530
2026-07-07T05:12:53.640994,2026-07-07T05:12:53.658571+00:00,161.4,15,bid,,,10388531
2026-07-07T05:12:54.301313,2026-07-07T05:12:54.305299+00:00,161.3,11,ask,,,10388554
2026-07-07T05:12:54.388530,2026-07-07T05:12:54.395996+00:00,161.3,20,ask,,,10388555
2026-07-07T05:12:54.449159,2026-07-07T05:12:54.458583+00:00,161.3,8,ask,,,10388556
2026-07-07T05:12:54.574436,2026-07-07T05:12:54.578180+00:00,161.4,11,ask,,,10388560
2026-07-07T05:12:54.604645,2026-07-07T05:12:54.613395+00:00,161.4,25,ask,,,10388561
2026-07-07T05:12:54.825740,2026-07-07T05:12:54.832234+00:00,161.4,25,ask,,,10388566
2026-07-07T05:12:54.834345,2026-07-07T05:12:54.842875+00:00,161.5,22,bid,,,10388568
2026-07-07T05:12:55.040735,2026-07-07T05:12:55.054752+00:00,161.4,5,ask,,,10388571
2026-07-07T05:12:55.214276,2026-07-07T05:12:55.221605+00:00,161.5,8,bid,,,10388580
2026-07-07T05:12:55.275708,2026-07-07T05:12:55.285826+00:00,161.6,20,bid,,,10388585
2026-07-07T05:12:55.768447,2026-07-07T05:12:55.779599+00:00,161.6,200,bid,,,10388593
2026-07-07T05:12:55.914939,2026-07-07T05:12:55.924694+00:00,161.4,20,ask,,,10388594
2026-07-07T05:12:55.970707,2026-07-07T05:12:55.980303+00:00,161.4,8,ask,,,10388595
2026-07-07T05:12:56.356065,2026-07-07T05:12:56.358597+00:00,161.4,20,ask,,,10388607
2026-07-07T05:12:56.487749,2026-07-07T05:12:56.499711+00:00,161.4,8,ask,,,10388615
2026-07-07T05:12:56.580376,2026-07-07T05:12:56.589322+00:00,161.6,500,bid,,,10388616
2026-07-07T05:12:56.936677,2026-07-07T05:12:56.947286+00:00,161.6,125,ask,,,10388625
2026-07-07T05:12:56.977993,2026-07-07T05:12:56.989449+00:00,161.5,200,bid,,,10388628
2026-07-07T05:12:57.272634,2026-07-07T05:12:57.284218+00:00,161.5,8,bid,,,10388634
2026-07-07T05:12:59.834020,2026-07-07T05:12:59.842104+00:00,161.5,20,bid,,,10388671
2026-07-07T05:13:02.814735,2026-07-07T05:13:02.822368+00:00,161.2,8,ask,,,10388719
2026-07-07T05:13:07.103326,2026-07-07T05:13:07.111875+00:00,161.4,8,ask,,,10388789
2026-07-07T05:13:07.117559,2026-07-07T05:13:07.129285+00:00,161.4,25,ask,,,10388790
2026-07-07T05:13:07.353027,2026-07-07T05:13:07.356092+00:00,161.4,4,ask,,,10388800
2026-07-07T05:13:07.891288,2026-07-07T05:13:07.902815+00:00,161.4,200,ask,,,10388808
2026-07-07T05:13:09.099260,2026-07-07T05:13:09.105831+00:00,161.3,200,ask,,,10388822
2026-07-07T05:13:11.122913,2026-07-07T05:13:11.134020+00:00,161.3,8,bid,,,10388856
2026-07-07T05:13:11.138120,2026-07-07T05:13:11.145565+00:00,161.3,20,bid,,,10388857
2026-07-07T05:13:12.166346,2026-07-07T05:13:12.174803+00:00,161.3,8,bid,,,10388873
2026-07-07T05:13:12.201462,2026-07-07T05:13:12.209073+00:00,161.3,20,bid,,,10388874
2026-07-07T05:13:13.335540,2026-07-07T05:13:13.340140+00:00,161.1,12,ask,,,10388892
2026-07-07T05:13:13.463225,2026-07-07T05:13:13.474930+00:00,161.1,25,ask,,,10388899
2026-07-07T05:13:13.600045,2026-07-07T05:13:13.608921+00:00,161.1,5,ask,,,10388905
2026-07-07T05:13:13.691990,2026-07-07T05:13:13.703671+00:00,161.0,15,ask,,,10388906
2026-07-07T05:13:16.415763,2026-07-07T05:13:16.419589+00:00,161.1,12,bid,,,10388943
2026-07-07T05:13:17.431803,2026-07-07T05:13:17.443209+00:00,161.1,20,bid,,,10388954
2026-07-07T05:13:19.775661,2026-07-07T05:13:19.787304+00:00,161.1,8,ask,,,10388982
2026-07-07T05:13:20.007113,2026-07-07T05:13:20.017695+00:00,161.1,200,ask,,,10388986
2026-07-07T05:13:21.521473,2026-07-07T05:13:21.528045+00:00,160.9,5,ask,,,10389007
2026-07-07T05:13:23.403337,2026-07-07T05:13:23.407125+00:00,160.8,12,ask,,,10389037
2026-07-07T05:13:23.561651,2026-07-07T05:13:23.573099+00:00,160.8,8,ask,,,10389042
2026-07-07T05:13:25.319508,2026-07-07T05:13:25.327031+00:00,160.7,20,ask,,,10389063
2026-07-07T05:13:25.459197,2026-07-07T05:13:25.469338+00:00,160.6,200,ask,,,10389066
2026-07-07T05:13:25.459197,2026-07-07T05:13:25.469338+00:00,160.6,425,ask,,,10389067
2026-07-07T05:13:29.390707,2026-07-07T05:13:29.398735+00:00,160.8,200,bid,,,10389122
2026-07-07T05:13:30.740867,2026-07-07T05:13:30.752638+00:00,160.8,20,ask,,,10389149
2026-07-07T05:13:33.374887,2026-07-07T05:13:33.385073+00:00,161.0,8,bid,,,10389185
2026-07-07T05:13:33.681958,2026-07-07T05:13:33.693902+00:00,161.0,20,bid,,,10389193
2026-07-07T05:13:34.645464,2026-07-07T05:13:34.658626+00:00,160.9,200,bid,,,10389209
2026-07-07T05:13:36.894963,2026-07-07T05:13:36.905132+00:00,161.1,20,bid,,,10389244
2026-07-07T05:13:40.712226,2026-07-07T05:13:40.719228+00:00,161.1,8,ask,,,10389306
2026-07-07T05:13:46.311471,2026-07-07T05:13:46.322228+00:00,160.8,8,ask,,,10389382
2026-07-07T05:13:47.180101,2026-07-07T05:13:47.191267+00:00,160.9,500,bid,,,10389393
2026-07-07T05:13:48.936483,2026-07-07T05:13:48.948397+00:00,160.9,20,ask,,,10389413
2026-07-07T05:13:49.010588,2026-07-07T05:13:49.018889+00:00,161.0,200,bid,,,10389414
2026-07-07T05:13:49.130330,2026-07-07T05:13:49.139831+00:00,161.0,8,ask,,,10389420
2026-07-07T05:13:50.218915,2026-07-07T05:13:50.229868+00:00,161.1,5,bid,,,10389433
2026-07-07T05:13:50.566518,2026-07-07T05:13:50.578074+00:00,161.2,20,bid,,,10389435
2026-07-07T05:13:51.423714,2026-07-07T05:13:51.434717+00:00,161.2,180,bid,,,10389459
2026-07-07T05:13:51.423714,2026-07-07T05:13:51.434717+00:00,161.2,320,bid,,,10389460
2026-07-07T05:13:53.418943,2026-07-07T05:13:53.430956+00:00,161.2,8,ask,,,10389488
2026-07-07T05:13:54.322089,2026-07-07T05:13:54.329837+00:00,161.4,5,bid,,,10389500
2026-07-07T05:13:55.115490,2026-07-07T05:13:55.125644+00:00,161.4,200,ask,,,10389505
2026-07-07T05:13:57.728154,2026-07-07T05:13:57.739896+00:00,161.5,8,bid,,,10389544
2026-07-07T05:13:59.759772,2026-07-07T05:13:59.771483+00:00,161.5,20,bid,,,10389570
2026-07-07T05:14:00.873390,2026-07-07T05:14:00.883300+00:00,161.5,200,bid,,,10389584
2026-07-07T05:14:01.769190,2026-07-07T05:14:01.781085+00:00,161.6,8,bid,,,10389599
2026-07-07T05:14:04.165054,2026-07-07T05:14:04.169456+00:00,161.5,12,bid,,,10389632
2026-07-07T05:14:04.226887,2026-07-07T05:14:04.237513+00:00,161.5,5,bid,,,10389634
2026-07-07T05:14:04.559241,2026-07-07T05:14:04.568736+00:00,161.5,8,bid,,,10389641
2026-07-07T05:14:04.807806,2026-07-07T05:14:04.814792+00:00,161.5,500,bid,,,10389642
2026-07-07T05:14:08.345302,2026-07-07T05:14:08.363974+00:00,161.4,8,ask,,,10389688
2026-07-07T05:14:09.269935,2026-07-07T05:14:09.282095+00:00,161.4,20,ask,,,10389699
2026-07-07T05:14:11.617666,2026-07-07T05:14:11.624948+00:00,161.3,8,bid,,,10389729
2026-07-07T05:14:13.627321,2026-07-07T05:14:13.639129+00:00,161.2,8,ask,,,10389767
2026-07-07T05:14:15.731191,2026-07-07T05:14:15.741415+00:00,161.2,200,ask,,,10389804
2026-07-07T05:14:16.714926,2026-07-07T05:14:16.726601+00:00,161.1,20,ask,,,10389827
2026-07-07T05:14:19.232782,2026-07-07T05:14:19.240295+00:00,161.3,200,bid,,,10389865
2026-07-07T05:14:19.232782,2026-07-07T05:14:19.245315+00:00,161.4,5,bid,,,10389866
2026-07-07T05:14:19.232782,2026-07-07T05:14:19.245315+00:00,161.4,420,bid,,,10389867
2026-07-07T05:14:19.424998,2026-07-07T05:14:19.436842+00:00,161.0,5,ask,,,10389870
2026-07-07T05:14:19.424998,2026-07-07T05:14:19.436842+00:00,161.0,15,ask,,,10389871
2026-07-07T05:14:19.910762,2026-07-07T05:14:19.918620+00:00,161.0,8,ask,,,10389878
2026-07-07T05:14:20.567787,2026-07-07T05:14:20.571402+00:00,161.1,12,ask,,,10389891
2026-07-07T05:14:20.730682,2026-07-07T05:14:20.741671+00:00,161.1,20,ask,,,10389897
2026-07-07T05:14:21.180239,2026-07-07T05:14:21.190356+00:00,161.1,8,ask,,,10389908
2026-07-07T05:14:21.774625,2026-07-07T05:14:21.784758+00:00,161.1,200,ask,,,10389915
2026-07-07T05:14:23.018461,2026-07-07T05:14:23.029940+00:00,161.0,20,ask,,,10389926
2026-07-07T05:14:24.479466,2026-07-07T05:14:24.488746+00:00,161.3,5,bid,,,10389940
2026-07-07T05:14:24.479466,2026-07-07T05:14:24.488746+00:00,161.3,200,bid,,,10389941
2026-07-07T05:14:24.499584,2026-07-07T05:14:24.503192+00:00,161.3,11,ask,,,10389943
2026-07-07T05:14:24.968960,2026-07-07T05:14:24.980100+00:00,161.3,8,ask,,,10389952
2026-07-07T05:14:25.398740,2026-07-07T05:14:25.410136+00:00,161.3,200,ask,,,10389957
2026-07-07T05:14:26.610058,2026-07-07T05:14:26.616509+00:00,161.1,200,ask,,,10389976
2026-07-07T05:14:27.241181,2026-07-07T05:14:27.251145+00:00,161.1,8,bid,,,10389988
2026-07-07T05:14:27.820159,2026-07-07T05:14:27.839927+00:00,161.0,5,ask,,,10389995
2026-07-07T05:14:27.836214,2026-07-07T05:14:27.839927+00:00,161.0,11,bid,,,10389997
2026-07-07T05:14:28.410326,2026-07-07T05:14:28.417412+00:00,161.0,184,bid,,,10390000
2026-07-07T05:14:30.522585,2026-07-07T05:14:30.530071+00:00,160.9,8,ask,,,10390034
2026-07-07T05:14:30.762710,2026-07-07T05:14:30.769227+00:00,161.0,500,bid,,,10390037
2026-07-07T05:14:35.802021,2026-07-07T05:14:35.813623+00:00,161.1,8,bid,,,10390107
2026-07-07T05:14:36.323612,2026-07-07T05:14:36.332040+00:00,161.0,200,ask,,,10390112
2026-07-07T05:14:37.835502,2026-07-07T05:14:37.846957+00:00,161.1,8,bid,,,10390135
2026-07-07T05:14:37.898904,2026-07-07T05:14:37.910743+00:00,161.1,20,bid,,,10390136
2026-07-07T05:14:38.110521,2026-07-07T05:14:38.118844+00:00,161.1,20,bid,,,10390142
2026-07-07T05:14:39.055437,2026-07-07T05:14:39.066172+00:00,160.9,20,ask,,,10390155
2026-07-07T05:14:40.252699,2026-07-07T05:14:40.263875+00:00,161.0,200,bid,,,10390169
2026-07-07T05:14:41.613008,2026-07-07T05:14:41.622080+00:00,160.9,8,ask,,,10390187
2026-07-07T05:14:46.401260,2026-07-07T05:14:46.412801+00:00,161.1,8,bid,,,10390263
2026-07-07T05:14:47.186158,2026-07-07T05:14:47.196533+00:00,161.0,200,ask,,,10390277
2026-07-07T05:14:48.626051,2026-07-07T05:14:48.633490+00:00,161.2,20,bid,,,10390294
2026-07-07T05:14:49.605827,2026-07-07T05:14:49.614808+00:00,161.2,200,bid,,,10390308
2026-07-07T05:14:52.530662,2026-07-07T05:14:52.540121+00:00,161.3,8,bid,,,10390365
2026-07-07T05:14:53.394697,2026-07-07T05:14:53.403409+00:00,161.1,500,ask,,,10390371
2026-07-07T05:14:53.394697,2026-07-07T05:14:53.403409+00:00,161.1,125,ask,,,10390372
2026-07-07T05:14:54.539525,2026-07-07T05:14:54.543709+00:00,161.3,12,bid,,,10390398
2026-07-07T05:14:56.824254,2026-07-07T05:14:56.832498+00:00,161.3,8,bid,,,10390437
2026-07-07T05:14:56.841931,2026-07-07T05:14:56.849926+00:00,161.3,20,bid,,,10390438
2026-07-07T05:14:57.329466,2026-07-07T05:14:57.336373+00:00,161.2,200,ask,,,10390444
2026-07-07T05:14:57.348301,2026-07-07T05:14:57.352063+00:00,161.2,11,bid,,,10390446
2026-07-07T05:14:58.329202,2026-07-07T05:14:58.337090+00:00,161.1,20,ask,,,10390465
2026-07-07T05:14:58.360052,2026-07-07T05:14:58.367851+00:00,161.1,8,ask,,,10390466
2026-07-07T05:14:58.678935,2026-07-07T05:14:58.682437+00:00,161.2,11,ask,,,10390477
2026-07-07T05:14:58.872227,2026-07-07T05:14:58.882722+00:00,161.3,8,bid,,,10390483
2026-07-07T05:14:59.953694,2026-07-07T05:14:59.958625+00:00,161.3,200,bid,,,10390493
2026-07-07T05:15:00.891676,2026-07-07T05:15:00.898708+00:00,161.4,20,bid,,,10390505
2026-07-07T05:15:00.929563,2026-07-07T05:15:00.934331+00:00,161.4,11,bid,,,10390508
2026-07-07T05:15:01.272660,2026-07-07T05:15:01.282548+00:00,161.4,169,bid,,,10390521
2026-07-07T05:15:03.081625,2026-07-07T05:15:03.091285+00:00,161.6,20,bid,,,10390560
2026-07-07T05:15:03.195178,2026-07-07T05:15:03.205339+00:00,161.6,8,bid,,,10390564
2026-07-07T05:15:03.908224,2026-07-07T05:15:03.917123+00:00,161.5,200,ask,,,10390568
2026-07-07T05:15:04.147743,2026-07-07T05:15:04.158612+00:00,161.4,200,bid,,,10390576
2026-07-07T05:15:05.213583,2026-07-07T05:15:05.220154+00:00,161.2,8,ask,,,10390600
2026-07-07T05:15:05.243292,2026-07-07T05:15:05.247068+00:00,161.4,11,ask,,,10390602
2026-07-07T05:15:06.737786,2026-07-07T05:15:06.745586+00:00,161.4,8,ask,,,10390616
2026-07-07T05:15:07.783914,2026-07-07T05:15:07.792388+00:00,161.4,200,ask,,,10390628
2026-07-07T05:15:07.954339,2026-07-07T05:15:07.965871+00:00,161.2,20,ask,,,10390631
2026-07-07T05:15:11.203625,2026-07-07T05:15:11.210482+00:00,161.4,20,bid,,,10390680
2026-07-07T05:15:11.241447,2026-07-07T05:15:11.253077+00:00,161.4,20,bid,,,10390681
2026-07-07T05:15:11.274866,2026-07-07T05:15:11.282090+00:00,161.4,8,bid,,,10390682
2026-07-07T05:15:15.050486,2026-07-07T05:15:15.060349+00:00,161.2,8,bid,,,10390735
2026-07-07T05:15:15.685813,2026-07-07T05:15:15.697581+00:00,161.0,20,ask,,,10390746
2026-07-07T05:15:17.831790,2026-07-07T05:15:17.843571+00:00,160.9,8,ask,,,10390772
2026-07-07T05:15:19.590733,2026-07-07T05:15:19.602248+00:00,161.2,8,bid,,,10390805
2026-07-07T05:15:21.059101,2026-07-07T05:15:21.067051+00:00,160.9,20,ask,,,10390827
2026-07-07T05:15:23.112139,2026-07-07T05:15:23.123986+00:00,161.1,8,bid,,,10390849
2026-07-07T05:15:23.185628,2026-07-07T05:15:23.193585+00:00,161.1,20,bid,,,10390850
2026-07-07T05:15:24.371385,2026-07-07T05:15:24.383441+00:00,161.0,8,ask,,,10390876
2026-07-07T05:15:27.676399,2026-07-07T05:15:27.685094+00:00,160.9,20,ask,,,10390925
2026-07-07T05:15:28.814460,2026-07-07T05:15:28.824942+00:00,160.9,500,ask,,,10390940
2026-07-07T05:15:28.814460,2026-07-07T05:15:28.824942+00:00,160.8,125,ask,,,10390941
2026-07-07T05:15:29.435351,2026-07-07T05:15:29.439016+00:00,160.9,12,ask,,,10390953
2026-07-07T05:15:29.635641,2026-07-07T05:15:29.646596+00:00,160.9,25,ask,,,10390958
2026-07-07T05:15:29.858235,2026-07-07T05:15:29.869451+00:00,160.9,25,ask,,,10390960
2026-07-07T05:15:29.866850,2026-07-07T05:15:29.874925+00:00,161.1,12,bid,,,10390962
2026-07-07T05:15:30.516811,2026-07-07T05:15:30.526392+00:00,160.9,20,ask,,,10390974
2026-07-07T05:15:30.662519,2026-07-07T05:15:30.674348+00:00,160.9,8,ask,,,10390975
2026-07-07T05:15:30.792355,2026-07-07T05:15:30.801945+00:00,160.9,200,ask,,,10390978
2026-07-07T05:15:34.691197,2026-07-07T05:15:34.699494+00:00,160.9,7,ask,,,10391025
2026-07-07T05:15:35.859917,2026-07-07T05:15:35.866741+00:00,160.8,25,ask,,,10391046
2026-07-07T05:15:36.086344,2026-07-07T05:15:36.096764+00:00,160.8,17,ask,,,10391052
2026-07-07T05:15:36.727470,2026-07-07T05:15:36.737429+00:00,160.8,8,ask,,,10391064
2026-07-07T05:15:36.855094,2026-07-07T05:15:36.858701+00:00,160.9,200,bid,,,10391067
2026-07-07T05:15:39.451245,2026-07-07T05:15:39.455053+00:00,161.1,20,bid,,,10391118
2026-07-07T05:15:40.729582,2026-07-07T05:15:40.740749+00:00,161.0,20,ask,,,10391137
2026-07-07T05:15:41.253911,2026-07-07T05:15:41.258575+00:00,161.0,8,ask,,,10391145
2026-07-07T05:15:43.242868,2026-07-07T05:15:43.258611+00:00,161.1,200,bid,,,10391179
2026-07-07T05:15:43.242868,2026-07-07T05:15:43.258611+00:00,161.3,425,bid,,,10391180
2026-07-07T05:15:43.289269,2026-07-07T05:15:43.301028+00:00,160.8,8,ask,,,10391181
2026-07-07T05:15:45.344748,2026-07-07T05:15:45.358617+00:00,161.1,8,ask,,,10391219
2026-07-07T05:15:45.797808,2026-07-07T05:15:45.802124+00:00,161.1,11,ask,,,10391226
2026-07-07T05:15:47.206755,2026-07-07T05:15:47.210271+00:00,161.2,6,ask,,,10391253
2026-07-07T05:15:47.650073,2026-07-07T05:15:47.653180+00:00,161.2,8,ask,,,10391259
2026-07-07T05:15:50.163595,2026-07-07T05:15:50.174468+00:00,161.3,200,bid,,,10391291
2026-07-07T05:15:51.373199,2026-07-07T05:15:51.380800+00:00,161.4,200,bid,,,10391309
2026-07-07T05:15:51.534958,2026-07-07T05:15:51.542950+00:00,161.2,20,ask,,,10391312
2026-07-07T05:15:52.443911,2026-07-07T05:15:52.448030+00:00,161.2,6,bid,,,10391331
2026-07-07T05:15:52.585186,2026-07-07T05:15:52.592030+00:00,161.2,200,bid,,,10391332
2026-07-07T05:15:55.993582,2026-07-07T05:15:56.003211+00:00,161.2,20,bid,,,10391377
2026-07-07T05:15:57.079762,2026-07-07T05:15:57.088811+00:00,161.2,8,bid,,,10391393
2026-07-07T05:15:57.947845,2026-07-07T05:15:57.964234+00:00,161.2,500,ask,,,10391407
2026-07-07T05:15:58.391601,2026-07-07T05:15:58.395439+00:00,161.3,11,bid,,,10391414
2026-07-07T05:15:59.023043,2026-07-07T05:15:59.026910+00:00,161.1,23,bid,,,10391427
2026-07-07T05:15:59.224471,2026-07-07T05:15:59.236126+00:00,161.1,25,bid,,,10391432
2026-07-07T05:16:00.080153,2026-07-07T05:16:00.087739+00:00,161.1,20,bid,,,10391445
2026-07-07T05:16:01.626189,2026-07-07T05:16:01.634593+00:00,161.0,200,ask,,,10391469
2026-07-07T05:16:02.395973,2026-07-07T05:16:02.405704+00:00,160.8,6,ask,,,10391478
2026-07-07T05:16:04.799362,2026-07-07T05:16:04.803898+00:00,161.0,23,ask,,,10391522
2026-07-07T05:16:08.703585,2026-07-07T05:16:08.713407+00:00,160.9,8,ask,,,10391588
2026-07-07T05:16:09.495099,2026-07-07T05:16:09.506570+00:00,161.0,500,bid,,,10391596
2026-07-07T05:16:10.052040,2026-07-07T05:16:10.058649+00:00,161.0,125,ask,,,10391599
2026-07-07T05:16:10.662482,2026-07-07T05:16:10.669838+00:00,160.9,200,ask,,,10391618
2026-07-07T05:16:10.737024,2026-07-07T05:16:10.745905+00:00,160.0,8,ask,,,10391622
2026-07-07T05:16:10.834222,2026-07-07T05:16:10.845215+00:00,160.8,20,ask,,,10391626
2026-07-07T05:16:11.293991,2026-07-07T05:16:11.305858+00:00,160.9,20,bid,,,10391634
2026-07-07T05:16:12.003044,2026-07-07T05:16:12.014032+00:00,160.8,200,ask,,,10391643
2026-07-07T05:16:14.733478,2026-07-07T05:16:14.743778+00:00,160.8,200,bid,,,10391684
2026-07-07T05:16:15.024271,2026-07-07T05:16:15.036013+00:00,161.0,8,bid,,,10391694
2026-07-07T05:16:15.565469,2026-07-07T05:16:15.577225+00:00,160.8,20,ask,,,10391697
2026-07-07T05:16:15.970605,2026-07-07T05:16:15.978346+00:00,160.8,20,ask,,,10391702
2026-07-07T05:16:16.039768,2026-07-07T05:16:16.046150+00:00,160.8,8,ask,,,10391704
2026-07-07T05:16:17.058072,2026-07-07T05:16:17.069773+00:00,160.8,8,bid,,,10391718
2026-07-07T05:16:19.185627,2026-07-07T05:16:19.194059+00:00,160.7,20,bid,,,10391752
2026-07-07T05:16:19.979817,2026-07-07T05:16:19.987275+00:00,160.6,200,ask,,,10391761
2026-07-07T05:16:21.333534,2026-07-07T05:16:21.344949+00:00,160.6,8,bid,,,10391782
2026-07-07T05:16:21.336674,2026-07-07T05:16:21.344949+00:00,160.6,20,bid,,,10391783
2026-07-07T05:16:22.639304,2026-07-07T05:16:22.648540+00:00,160.7,20,bid,,,10391800
2026-07-07T05:16:23.593715,2026-07-07T05:16:23.605336+00:00,160.5,8,ask,,,10391816
2026-07-07T05:16:25.219972,2026-07-07T05:16:25.227730+00:00,160.5,200,ask,,,10391853
2026-07-07T05:16:25.241524,2026-07-07T05:16:25.245347+00:00,160.5,12,bid,,,10391856
2026-07-07T05:16:28.263764,2026-07-07T05:16:28.271864+00:00,160.5,20,ask,,,10391890
2026-07-07T05:16:28.377436,2026-07-07T05:16:28.389007+00:00,160.5,7,ask,,,10391892
2026-07-07T05:16:29.533777,2026-07-07T05:16:29.544253+00:00,160.7,20,bid,,,10391910
2026-07-07T05:16:29.564361,2026-07-07T05:16:29.568267+00:00,160.7,11,bid,,,10391912
2026-07-07T05:16:29.642684,2026-07-07T05:16:29.652957+00:00,160.7,7,bid,,,10391915
2026-07-07T05:16:31.790845,2026-07-07T05:16:31.801385+00:00,160.6,200,ask,,,10391941
2026-07-07T05:16:32.590699,2026-07-07T05:16:32.598078+00:00,160.5,200,bid,,,10391950
2026-07-07T05:16:33.126661,2026-07-07T05:16:33.130022+00:00,160.5,11,ask,,,10391957
2026-07-07T05:16:36.225701,2026-07-07T05:16:36.235235+00:00,160.5,7,ask,,,10391997
2026-07-07T05:16:41.499549,2026-07-07T05:16:41.510655+00:00,160.4,20,ask,,,10392066
2026-07-07T05:16:42.509525,2026-07-07T05:16:42.518435+00:00,160.4,8,ask,,,10392083
2026-07-07T05:16:42.723457,2026-07-07T05:16:42.734149+00:00,160.5,500,bid,,,10392087
2026-07-07T05:16:43.346235,2026-07-07T05:16:43.353990+00:00,160.5,125,bid,,,10392097
2026-07-07T05:16:43.371939,2026-07-07T05:16:43.375641+00:00,160.5,12,ask,,,10392099
2026-07-07T05:16:43.609418,2026-07-07T05:16:43.613933+00:00,160.6,11,ask,,,10392105
2026-07-07T05:16:43.643539,2026-07-07T05:16:43.650372+00:00,160.6,25,ask,,,10392106
2026-07-07T05:16:43.710248,2026-07-07T05:16:43.721801+00:00,160.7,20,bid,,,10392108
2026-07-07T05:16:43.863396,2026-07-07T05:16:43.874273+00:00,160.6,25,ask,,,10392110
2026-07-07T05:16:44.087354,2026-07-07T05:16:44.093855+00:00,160.6,15,ask,,,10392115
2026-07-07T05:16:45.332212,2026-07-07T05:16:45.336155+00:00,160.7,11,bid,,,10392133
2026-07-07T05:16:45.764789,2026-07-07T05:16:45.774414+00:00,160.7,189,bid,,,10392139
2026-07-07T05:16:45.764789,2026-07-07T05:16:45.774414+00:00,160.8,311,bid,,,10392140
2026-07-07T05:16:46.357911,2026-07-07T05:16:46.367338+00:00,160.7,200,bid,,,10392155
2026-07-07T05:16:46.357911,2026-07-07T05:16:46.367338+00:00,160.8,300,bid,,,10392156
2026-07-07T05:16:46.961700,2026-07-07T05:16:46.970288+00:00,160.8,325,bid,,,10392168
2026-07-07T05:16:46.994029,2026-07-07T05:16:46.997632+00:00,160.9,11,ask,,,10392172
2026-07-07T05:16:47.056692,2026-07-07T05:16:47.066885+00:00,161.8,11,bid,,,10392174
2026-07-07T05:16:47.272083,2026-07-07T05:16:47.283638+00:00,160.9,11,ask,,,10392178
2026-07-07T05:16:47.324644,2026-07-07T05:16:47.336456+00:00,160.9,8,ask,,,10392179
2026-07-07T05:16:47.514804,2026-07-07T05:16:47.522383+00:00,160.9,145,ask,,,10392181
2026-07-07T05:16:47.567061,2026-07-07T05:16:47.574779+00:00,160.9,480,bid,,,10392183
2026-07-07T05:16:48.311512,2026-07-07T05:16:48.321786+00:00,160.9,200,ask,,,10392201
2026-07-07T05:16:48.517455,2026-07-07T05:16:48.530581+00:00,161.8,20,bid,,,10392203
2026-07-07T05:16:48.625128,2026-07-07T05:16:48.632452+00:00,161.8,8,bid,,,10392206
2026-07-07T05:16:49.033644,2026-07-07T05:16:49.038056+00:00,161.2,11,bid,,,10392215
2026-07-07T05:16:49.147659,2026-07-07T05:16:49.163634+00:00,161.2,20,bid,,,10392217
2026-07-07T05:16:49.365364,2026-07-07T05:16:49.376190+00:00,161.2,20,bid,,,10392224
2026-07-07T05:16:49.381297,2026-07-07T05:16:49.391898+00:00,161.2,8,bid,,,10392225
2026-07-07T05:16:49.519500,2026-07-07T05:16:49.527199+00:00,161.0,200,ask,,,10392229
2026-07-07T05:16:50.144499,2026-07-07T05:16:50.147996+00:00,161.1,12,bid,,,10392242
