timestamp,recv_time,price,volume,aggressor_side,buyer,seller,trade_id
2026-07-04T11:00:01.658728,2026-07-04T11:00:01.658618+00:00,145.4,200,ask,WavyWalnuts,YieldingYams,6908935
2026-07-04T11:00:02.457415,2026-07-04T11:00:02.469066+00:00,145.3,200,ask,WavyWalnuts,AverageAlmonds,6908942
2026-07-04T11:00:03.121645,2026-07-04T11:00:03.128901+00:00,145.3,200,bid,WavyWalnuts,AverageAlmonds,6908950
2026-07-04T11:00:04.264236,2026-07-04T11:00:04.274742+00:00,145.2,500,ask,YieldingYams,AverageAlmonds,6908969
2026-07-04T11:00:06.714237,2026-07-04T11:00:06.722767+00:00,145.1,200,ask,WavyWalnuts,AverageAlmonds,6908999
2026-07-04T11:00:06.714237,2026-07-04T11:00:06.722767+00:00,145.1,300,ask,YieldingYams,AverageAlmonds,6909000
2026-07-04T11:00:06.745672,2026-07-04T11:00:06.748275+00:00,145.1,200,ask,YieldingYams,WavyWalnuts,6909001
2026-07-04T11:00:07.326205,2026-07-04T11:00:07.330007+00:00,145.1,11,bid,Xuanyu Liu,AverageAlmonds,6909007
2026-07-04T11:00:08.212765,2026-07-04T11:00:08.224496+00:00,145.1,500,bid,YieldingYams,AverageAlmonds,6909022
2026-07-04T11:00:08.518912,2026-07-04T11:00:08.529613+00:00,145.1,125,ask,YieldingYams,AverageAlmonds,6909026
2026-07-04T11:00:09.143200,2026-07-04T11:00:09.147399+00:00,145.0,11,bid,Xuanyu Liu,AverageAlmonds,6909031
2026-07-04T11:00:09.162450,2026-07-04T11:00:09.173258+00:00,145.0,200,bid,WavyWalnuts,AverageAlmonds,6909033
2026-07-04T11:00:11.011101,2026-07-04T11:00:11.021966+00:00,144.9,20,bid,BrilliantBurritos,AverageAlmonds,6909065
2026-07-04T11:00:13.363712,2026-07-04T11:00:13.384099+00:00,144.8,200,ask,WavyWalnuts,AverageAlmonds,6909099
2026-07-04T11:00:13.380880,2026-07-04T11:00:13.384099+00:00,144.8,12,bid,Xuanyu Liu,AverageAlmonds,6909102
2026-07-04T11:00:15.210984,2026-07-04T11:00:15.219531+00:00,144.8,200,bid,WavyWalnuts,YieldingYams,6909141
2026-07-04T11:00:16.419880,2026-07-04T11:00:16.428434+00:00,144.8,200,bid,WavyWalnuts,YieldingYams,6909156
2026-07-04T11:00:17.404126,2026-07-04T11:00:17.415202+00:00,144.9,500,bid,YieldingYams,AverageAlmonds,6909180
2026-07-04T11:00:17.611195,2026-07-04T11:00:17.617890+00:00,144.9,125,ask,YieldingYams,AverageAlmonds,6909183
2026-07-04T11:00:17.634488,2026-07-04T11:00:17.643790+00:00,144.8,200,bid,WavyWalnuts,AverageAlmonds,6909184
2026-07-04T11:00:19.675040,2026-07-04T11:00:19.678788+00:00,144.9,23,bid,Xuanyu Liu,YieldingYams,6909221
2026-07-04T11:00:20.086680,2026-07-04T11:00:20.090775+00:00,144.8,11,bid,Xuanyu Liu,WavyWalnuts,6909229
2026-07-04T11:00:21.281577,2026-07-04T11:00:21.290090+00:00,144.7,200,ask,YieldingYams,WavyWalnuts,6909242
2026-07-04T11:00:22.515591,2026-07-04T11:00:22.519685+00:00,144.7,3,bid,Xuanyu Liu,WavyWalnuts,6909266
2026-07-04T11:00:22.835404,2026-07-04T11:00:22.839440+00:00,144.6,3,ask,YieldingYams,Xuanyu Liu,6909270
2026-07-04T11:00:27.556224,2026-07-04T11:00:27.567930+00:00,144.6,20,bid,BrilliantBurritos,YieldingYams,6909329
2026-07-04T11:00:27.918842,2026-07-04T11:00:27.927593+00:00,144.5,200,ask,WavyWalnuts,YieldingYams,6909334
2026-07-04T11:00:28.555467,2026-07-04T11:00:28.558644+00:00,144.5,200,bid,WavyWalnuts,YieldingYams,6909345
2026-07-04T11:00:29.316540,2026-07-04T11:00:29.319862+00:00,144.6,23,ask,YieldingYams,Xuanyu Liu,6909358
2026-07-04T11:00:31.608293,2026-07-04T11:00:31.619872+00:00,144.7,20,bid,BrilliantBurritos,YieldingYams,6909387
2026-07-04T11:00:32.323359,2026-07-04T11:00:32.327740+00:00,144.7,12,bid,Xuanyu Liu,YieldingYams,6909396
2026-07-04T11:00:33.157295,2026-07-04T11:00:33.180264+00:00,144.6,200,ask,WavyWalnuts,YieldingYams,6909408
2026-07-04T11:00:33.176614,2026-07-04T11:00:33.180264+00:00,144.6,11,bid,Xuanyu Liu,YieldingYams,6909410
2026-07-04T11:00:33.393141,2026-07-04T11:00:33.401826+00:00,144.6,200,bid,WavyWalnuts,YieldingYams,6909416
2026-07-04T11:00:35.095181,2026-07-04T11:00:35.105504+00:00,144.5,20,ask,YieldingYams,BrilliantBurritos,6909443
2026-07-04T11:00:41.807481,2026-07-04T11:00:41.810819+00:00,144.5,23,ask,YieldingYams,Xuanyu Liu,6909533
2026-07-04T11:00:41.857739,2026-07-04T11:00:41.868448+00:00,144.5,200,ask,YieldingYams,WavyWalnuts,6909535
2026-07-04T11:00:44.240398,2026-07-04T11:00:44.249208+00:00,144.6,200,bid,AverageAlmonds,WavyWalnuts,6909561
2026-07-04T11:00:44.265503,2026-07-04T11:00:44.269229+00:00,144.6,11,ask,AverageAlmonds,Xuanyu Liu,6909563
2026-07-04T11:00:46.280958,2026-07-04T11:00:46.289968+00:00,144.5,200,ask,WavyWalnuts,YieldingYams,6909583
2026-07-04T11:00:46.694059,2026-07-04T11:00:46.703428+00:00,144.5,200,bid,WavyWalnuts,YieldingYams,6909584
2026-07-04T11:00:51.312223,2026-07-04T11:00:51.315895+00:00,144.5,12,ask,WavyWalnuts,Xuanyu Liu,6909635
2026-07-04T11:00:52.698454,2026-07-04T11:00:52.705841+00:00,144.6,500,bid,AverageAlmonds,YieldingYams,6909652
2026-07-04T11:00:52.752454,2026-07-04T11:00:52.761551+00:00,144.6,125,bid,WavyWalnuts,YieldingYams,6909655
2026-07-04T11:00:52.768536,2026-07-04T11:00:52.772172+00:00,144.7,22,ask,WavyWalnuts,Xuanyu Liu,6909657
2026-07-04T11:00:58.391633,2026-07-04T11:00:58.400860+00:00,144.7,20,bid,BrilliantBurritos,YieldingYams,6909722
2026-07-04T11:00:58.816489,2026-07-04T11:00:58.826960+00:00,144.7,200,bid,WavyWalnuts,YieldingYams,6909726
2026-07-04T11:00:59.379971,2026-07-04T11:00:59.383712+00:00,144.7,12,ask,YieldingYams,Xuanyu Liu,6909737
2026-07-04T11:00:59.650834,2026-07-04T11:00:59.653136+00:00,144.7,20,ask,YieldingYams,BrilliantBurritos,6909742
2026-07-04T11:01:03.958633,2026-07-04T11:01:03.962456+00:00,144.7,17,ask,YieldingYams,Xuanyu Liu,6909807
2026-07-04T11:01:06.095239,2026-07-04T11:01:06.106297+00:00,144.8,200,ask,YieldingYams,WavyWalnuts,6909841
2026-07-04T11:01:06.853648,2026-07-04T11:01:06.865543+00:00,145.0,20,bid,BrilliantBurritos,YieldingYams,6909850
2026-07-04T11:01:09.872762,2026-07-04T11:01:09.881832+00:00,144.7,200,ask,WavyWalnuts,YieldingYams,6909885
2026-07-04T11:01:09.888226,2026-07-04T11:01:09.892365+00:00,144.6,6,bid,Xuanyu Liu,YieldingYams,6909887
2026-07-04T11:01:10.435161,2026-07-04T11:01:10.438818+00:00,144.4,6,ask,YieldingYams,Xuanyu Liu,6909892
2026-07-04T11:01:14.891146,2026-07-04T11:01:14.902813+00:00,144.5,20,ask,YieldingYams,BrilliantBurritos,6909943
2026-07-04T11:01:16.951884,2026-07-04T11:01:16.958637+00:00,144.5,20,ask,WavyWalnuts,BrilliantBurritos,6909982
2026-07-04T11:01:16.998723,2026-07-04T11:01:17.006370+00:00,144.6,200,bid,WavyWalnuts,YieldingYams,6909983
2026-07-04T11:01:23.050719,2026-07-04T11:01:23.054983+00:00,144.3,200,ask,AverageAlmonds,WavyWalnuts,6910085
2026-07-04T11:01:24.258345,2026-07-04T11:01:24.269019+00:00,144.3,200,ask,YieldingYams,WavyWalnuts,6910110
2026-07-04T11:01:25.089646,2026-07-04T11:01:25.101340+00:00,144.5,20,bid,BrilliantBurritos,YieldingYams,6910118
2026-07-04T11:01:25.396202,2026-07-04T11:01:25.404143+00:00,144.5,500,bid,AverageAlmonds,YieldingYams,6910123
2026-07-04T11:01:26.123473,2026-07-04T11:01:26.135351+00:00,144.6,20,bid,BrilliantBurritos,WavyWalnuts,6910134
2026-07-04T11:01:26.911808,2026-07-04T11:01:26.919614+00:00,144.6,200,bid,YieldingYams,WavyWalnuts,6910142
2026-07-04T11:01:30.401258,2026-07-04T11:01:30.413751+00:00,144.6,20,ask,AverageAlmonds,BrilliantBurritos,6910180
2026-07-04T11:01:30.846107,2026-07-04T11:01:30.853031+00:00,144.7,500,bid,AverageAlmonds,YieldingYams,6910185
2026-07-04T11:01:30.862591,2026-07-04T11:01:30.869259+00:00,144.7,200,bid,YieldingYams,WavyWalnuts,6910186
2026-07-04T11:01:31.529827,2026-07-04T11:01:31.540404+00:00,144.8,200,ask,YieldingYams,WavyWalnuts,6910197
2026-07-04T11:01:31.842206,2026-07-04T11:01:31.854020+00:00,145.0,20,bid,BrilliantBurritos,YieldingYams,6910207
2026-07-04T11:01:32.645287,2026-07-04T11:01:32.658603+00:00,144.6,125,bid,AverageAlmonds,YieldingYams,6910216
2026-07-04T11:01:32.740007,2026-07-04T11:01:32.751460+00:00,144.8,200,ask,AverageAlmonds,WavyWalnuts,6910218
2026-07-04T11:01:35.698463,2026-07-04T11:01:35.702198+00:00,144.9,6,bid,Xuanyu Liu,YieldingYams,6910259
2026-07-04T11:01:37.418199,2026-07-04T11:01:37.427838+00:00,144.8,500,ask,AverageAlmonds,YieldingYams,6910286
2026-07-04T11:01:37.436118,2026-07-04T11:01:37.439822+00:00,144.8,11,bid,Xuanyu Liu,YieldingYams,6910289
2026-07-04T11:01:37.828537,2026-07-04T11:01:37.840343+00:00,144.8,20,bid,BrilliantBurritos,YieldingYams,6910292
2026-07-04T11:01:38.108996,2026-07-04T11:01:38.116423+00:00,144.8,94,bid,AverageAlmonds,YieldingYams,6910295
2026-07-04T11:01:40.001187,2026-07-04T11:01:40.009878+00:00,144.8,200,ask,YieldingYams,WavyWalnuts,6910324
2026-07-04T11:01:40.900171,2026-07-04T11:01:40.912131+00:00,144.7,20,ask,YieldingYams,BrilliantBurritos,6910327
2026-07-04T11:01:42.025924,2026-07-04T11:01:42.029646+00:00,144.9,23,bid,Xuanyu Liu,YieldingYams,6910344
2026-07-04T11:01:43.637211,2026-07-04T11:01:43.646577+00:00,144.9,200,bid,WavyWalnuts,YieldingYams,6910365
2026-07-04T11:01:43.986884,2026-07-04T11:01:43.990416+00:00,144.8,11,bid,Xuanyu Liu,YieldingYams,6910370
2026-07-04T11:01:44.846376,2026-07-04T11:01:44.858547+00:00,144.8,200,bid,WavyWalnuts,YieldingYams,6910380
2026-07-04T11:01:46.053761,2026-07-04T11:01:46.062228+00:00,144.8,200,bid,WavyWalnuts,YieldingYams,6910407
2026-07-04T11:01:47.901537,2026-07-04T11:01:47.912501+00:00,144.9,200,ask,WavyWalnuts,YieldingYams,6910433
2026-07-04T11:01:49.683110,2026-07-04T11:01:49.694542+00:00,144.9,200,ask,YieldingYams,WavyWalnuts,6910455
2026-07-04T11:01:50.905670,2026-07-04T11:01:50.909630+00:00,145.0,11,ask,WavyWalnuts,Xuanyu Liu,6910475
2026-07-04T11:01:56.694728,2026-07-04T11:01:56.706348+00:00,145.3,20,bid,BrilliantBurritos,YieldingYams,6910556
2026-07-04T11:01:56.930364,2026-07-04T11:01:56.939296+00:00,145.3,200,bid,WavyWalnuts,YieldingYams,6910557
2026-07-04T11:01:57.494903,2026-07-04T11:01:57.505622+00:00,145.2,500,ask,YieldingYams,AverageAlmonds,6910566
2026-07-04T11:01:57.664066,2026-07-04T11:01:57.667466+00:00,145.5,23,bid,Xuanyu Liu,WavyWalnuts,6910570
2026-07-04T11:01:58.094479,2026-07-04T11:01:58.115088+00:00,145.2,125,ask,YieldingYams,AverageAlmonds,6910573
2026-07-04T11:01:58.111620,2026-07-04T11:01:58.115088+00:00,145.1,37,bid,Xuanyu Liu,AverageAlmonds,6910575
2026-07-04T11:01:58.138623,2026-07-04T11:01:58.146393+00:00,145.1,200,bid,WavyWalnuts,AverageAlmonds,6910578
2026-07-04T11:01:58.146223,2026-07-04T11:01:58.156604+00:00,145.1,20,bid,BrilliantBurritos,AverageAlmonds,6910579
2026-07-04T11:01:59.348013,2026-07-04T11:01:59.353730+00:00,145.1,200,bid,WavyWalnuts,YieldingYams,6910589
2026-07-04T11:01:59.682595,2026-07-04T11:01:59.690266+00:00,145.1,500,bid,YieldingYams,AverageAlmonds,6910596
2026-07-04T11:01:59.899800,2026-07-04T11:01:59.907614+00:00,145.1,125,ask,YieldingYams,AverageAlmonds,6910598
2026-07-04T11:02:00.881487,2026-07-04T11:02:00.885143+00:00,145.0,3,ask,WavyWalnuts,Xuanyu Liu,6910619
2026-07-04T11:02:00.991907,2026-07-04T11:02:01.009500+00:00,145.0,197,ask,WavyWalnuts,YieldingYams,6910621
2026-07-04T11:02:01.005932,2026-07-04T11:02:01.009500+00:00,144.7,3,bid,Xuanyu Liu,YieldingYams,6910623
2026-07-04T11:02:01.770498,2026-07-04T11:02:01.779587+00:00,144.7,200,bid,WavyWalnuts,YieldingYams,6910633
2026-07-04T11:02:02.979365,2026-07-04T11:02:02.988111+00:00,144.8,200,bid,WavyWalnuts,YieldingYams,6910656
2026-07-04T11:02:03.596511,2026-07-04T11:02:03.608163+00:00,144.8,20,bid,BrilliantBurritos,YieldingYams,6910666
2026-07-04T11:02:04.044372,2026-07-04T11:02:04.047887+00:00,144.8,3,ask,YieldingYams,Xuanyu Liu,6910673
2026-07-04T11:02:05.403916,2026-07-04T11:02:05.415276+00:00,144.8,200,ask,YieldingYams,WavyWalnuts,6910695
2026-07-04T11:02:11.471550,2026-07-04T11:02:11.479598+00:00,144.7,200,ask,WavyWalnuts,YieldingYams,6910774
2026-07-04T11:02:15.098129,2026-07-04T11:02:15.109763+00:00,144.5,200,ask,YieldingYams,WavyWalnuts,6910820
2026-07-04T11:02:16.711348,2026-07-04T11:02:16.720062+00:00,144.5,200,bid,YieldingYams,WavyWalnuts,6910845
2026-07-04T11:02:17.947979,2026-07-04T11:02:17.958610+00:00,144.7,20,bid,BrilliantBurritos,WavyWalnuts,6910861
2026-07-04T11:02:19.827118,2026-07-04T11:02:19.831255+00:00,144.6,3,bid,Xuanyu Liu,WavyWalnuts,6910883
2026-07-04T11:02:21.149992,2026-07-04T11:02:21.158569+00:00,144.6,200,bid,WavyWalnuts,YieldingYams,6910909
2026-07-04T11:02:21.700269,2026-07-04T11:02:21.707958+00:00,144.6,425,bid,AverageAlmonds,YieldingYams,6910918
2026-07-04T11:02:22.358948,2026-07-04T11:02:22.369006+00:00,144.7,200,ask,YieldingYams,WavyWalnuts,6910932
2026-07-04T11:02:23.509789,2026-07-04T11:02:23.521598+00:00,144.8,500,bid,AverageAlmonds,YieldingYams,6910947
2026-07-04T11:02:23.566233,2026-07-04T11:02:23.575265+00:00,144.6,200,ask,YieldingYams,WavyWalnuts,6910951
2026-07-04T11:02:24.105833,2026-07-04T11:02:24.113470+00:00,144.8,125,bid,AverageAlmonds,YieldingYams,6910952
2026-07-04T11:02:24.774190,2026-07-04T11:02:24.784613+00:00,144.9,200,ask,YieldingYams,WavyWalnuts,6910968
2026-07-04T11:02:25.980743,2026-07-04T11:02:25.990587+00:00,144.9,200,ask,AverageAlmonds,WavyWalnuts,6910985
2026-07-04T11:02:27.182339,2026-07-04T11:02:27.190336+00:00,144.9,500,ask,AverageAlmonds,YieldingYams,6911001
2026-07-04T11:02:27.747148,2026-07-04T11:02:27.755629+00:00,144.8,125,bid,AverageAlmonds,YieldingYams,6911006
2026-07-04T11:02:27.747148,2026-07-04T11:02:27.755629+00:00,144.9,200,bid,AverageAlmonds,WavyWalnuts,6911007
2026-07-04T11:02:29.564454,2026-07-04T11:02:29.574755+00:00,145.1,500,bid,AverageAlmonds,YieldingYams,6911037
2026-07-04T11:02:29.785723,2026-07-04T11:02:29.797313+00:00,145.1,20,bid,BrilliantBurritos,YieldingYams,6911042
2026-07-04T11:02:33.247250,2026-07-04T11:02:33.264198+00:00,145.3,200,bid,WavyWalnuts,YieldingYams,6911083
2026-07-04T11:02:36.490227,2026-07-04T11:02:36.502187+00:00,145.2,20,ask,WavyWalnuts,BrilliantBurritos,6911126
2026-07-04T11:02:39.039208,2026-07-04T11:02:39.050711+00:00,145.1,20,ask,WavyWalnuts,BrilliantBurritos,6911152
2026-07-04T11:02:39.298095,2026-07-04T11:02:39.306116+00:00,145.1,200,ask,YieldingYams,WavyWalnuts,6911159
2026-07-04T11:02:44.263616,2026-07-04T11:02:44.267013+00:00,145.1,3,ask,YieldingYams,Xuanyu Liu,6911219
2026-07-04T11:02:45.666769,2026-07-04T11:02:45.678641+00:00,145.0,20,ask,WavyWalnuts,BrilliantBurritos,6911232
2026-07-04T11:02:46.574886,2026-07-04T11:02:46.584456+00:00,145.0,200,ask,YieldingYams,WavyWalnuts,6911244
2026-07-04T11:02:47.129000,2026-07-04T11:02:47.138019+00:00,145.1,20,ask,YieldingYams,BrilliantBurritos,6911248
2026-07-04T11:02:47.782241,2026-07-04T11:02:47.791794+00:00,145.1,200,ask,YieldingYams,WavyWalnuts,6911254
2026-07-04T11:02:52.836955,2026-07-04T11:02:52.848486+00:00,145.1,20,bid,BrilliantBurritos,YieldingYams,6911314
2026-07-04T11:02:53.409693,2026-07-04T11:02:53.420806+00:00,144.9,200,ask,WavyWalnuts,YieldingYams,6911323
2026-07-04T11:02:53.817013,2026-07-04T11:02:53.824518+00:00,144.8,200,bid,WavyWalnuts,YieldingYams,6911330
2026-07-04T11:02:54.670269,2026-07-04T11:02:54.674478+00:00,144.7,23,ask,AverageAlmonds,Xuanyu Liu,6911340
2026-07-04T11:02:54.734703,2026-07-04T11:02:54.738586+00:00,144.8,11,ask,YieldingYams,Xuanyu Liu,6911342
2026-07-04T11:02:56.028318,2026-07-04T11:02:56.035214+00:00,144.9,200,bid,YieldingYams,WavyWalnuts,6911364
2026-07-04T11:02:56.046115,2026-07-04T11:02:56.049707+00:00,144.9,12,ask,YieldingYams,Xuanyu Liu,6911366
2026-07-04T11:03:01.281940,2026-07-04T11:03:01.285453+00:00,144.9,12,bid,Xuanyu Liu,YieldingYams,6911440
2026-07-04T11:03:02.301044,2026-07-04T11:03:02.308670+00:00,144.9,200,bid,WavyWalnuts,YieldingYams,6911453
2026-07-04T11:03:03.880708,2026-07-04T11:03:03.892573+00:00,144.9,200,ask,WavyWalnuts,YieldingYams,6911473
2026-07-04T11:03:04.717215,2026-07-04T11:03:04.727044+00:00,144.9,200,bid,WavyWalnuts,YieldingYams,6911481
2026-07-04T11:03:09.840498,2026-07-04T11:03:09.852415+00:00,145.1,20,bid,BrilliantBurritos,WavyWalnuts,6911550
2026-07-04T11:03:10.624596,2026-07-04T11:03:10.628444+00:00,145.1,11,bid,Xuanyu Liu,WavyWalnuts,6911563
2026-07-04T11:03:12.024249,2026-07-04T11:03:12.063869+00:00,145.0,200,ask,YieldingYams,WavyWalnuts,6911578
2026-07-04T11:03:13.233701,2026-07-04T11:03:13.245502+00:00,145.1,200,ask,YieldingYams,WavyWalnuts,6911589
2026-07-04T11:03:14.459820,2026-07-04T11:03:14.463663+00:00,145.2,12,bid,Xuanyu Liu,WavyWalnuts,6911607
2026-07-04T11:03:15.650089,2026-07-04T11:03:15.658596+00:00,145.1,200,ask,YieldingYams,WavyWalnuts,6911614
2026-07-04T11:03:16.260021,2026-07-04T11:03:16.271686+00:00,145.1,20,ask,YieldingYams,BrilliantBurritos,6911624
2026-07-04T11:03:17.000579,2026-07-04T11:03:17.007851+00:00,145.2,200,bid,YieldingYams,WavyWalnuts,6911635
2026-07-04T11:03:18.062319,2026-07-04T11:03:18.070658+00:00,145.2,200,ask,YieldingYams,WavyWalnuts,6911651
2026-07-04T11:03:19.622469,2026-07-04T11:03:19.628969+00:00,145.3,200,bid,YieldingYams,WavyWalnuts,6911667
2026-07-04T11:03:21.711681,2026-07-04T11:03:21.719993+00:00,145.3,200,ask,YieldingYams,WavyWalnuts,6911690
2026-07-04T11:03:23.564129,2026-07-04T11:03:23.567377+00:00,145.1,12,ask,YieldingYams,Xuanyu Liu,6911718
2026-07-04T11:03:24.867117,2026-07-04T11:03:24.878188+00:00,145.2,200,bid,YieldingYams,WavyWalnuts,6911734
2026-07-04T11:03:24.883718,2026-07-04T11:03:24.887326+00:00,145.3,23,ask,YieldingYams,Xuanyu Liu,6911736
2026-07-04T11:03:25.339193,2026-07-04T11:03:25.348990+00:00,145.3,200,ask,YieldingYams,WavyWalnuts,6911745
2026-07-04T11:03:25.883182,2026-07-04T11:03:25.895772+00:00,145.3,20,ask,YieldingYams,BrilliantBurritos,6911752
2026-07-04T11:03:26.544724,2026-07-04T11:03:26.563737+00:00,145.2,200,bid,WavyWalnuts,YieldingYams,6911758
2026-07-04T11:03:32.741424,2026-07-04T11:03:32.745348+00:00,145.0,23,bid,Xuanyu Liu,YieldingYams,6911834
2026-07-04T11:03:33.816792,2026-07-04T11:03:33.825663+00:00,145.0,200,bid,WavyWalnuts,YieldingYams,6911854
2026-07-04T11:03:35.364550,2026-07-04T11:03:35.368459+00:00,144.9,12,bid,Xuanyu Liu,YieldingYams,6911879
2026-07-04T11:03:39.871216,2026-07-04T11:03:39.881837+00:00,145.0,200,bid,WavyWalnuts,YieldingYams,6911920
2026-07-04T11:03:41.082387,2026-07-04T11:03:41.093120+00:00,144.9,200,bid,WavyWalnuts,YieldingYams,6911936
2026-07-04T11:03:43.220973,2026-07-04T11:03:43.227725+00:00,144.9,200,bid,YieldingYams,WavyWalnuts,6911959
2026-07-04T11:03:43.506310,2026-07-04T11:03:43.516970+00:00,144.9,200,ask,YieldingYams,WavyWalnuts,6911966
2026-07-04T11:03:44.026294,2026-07-04T11:03:44.037621+00:00,144.9,225,ask,YieldingYams,AverageAlmonds,6911968
2026-07-04T11:03:51.986179,2026-07-04T11:03:51.995515+00:00,144.7,200,bid,WavyWalnuts,YieldingYams,6912073
2026-07-04T11:03:54.406542,2026-07-04T11:03:54.413658+00:00,144.8,200,bid,WavyWalnuts,AverageAlmonds,6912103
2026-07-04T11:03:58.617105,2026-07-04T11:03:58.628732+00:00,144.9,20,bid,BrilliantBurritos,WavyWalnuts,6912159
2026-07-04T11:04:04.095318,2026-07-04T11:04:04.102922+00:00,144.6,200,bid,WavyWalnuts,YieldingYams,6912233
2026-07-04T11:04:04.297292,2026-07-04T11:04:04.301202+00:00,144.5,23,ask,YieldingYams,Xuanyu Liu,6912236
2026-07-04T11:04:05.558083,2026-07-04T11:04:05.569902+00:00,144.8,20,bid,BrilliantBurritos,WavyWalnuts,6912262
2026-07-04T11:04:07.464256,2026-07-04T11:04:07.468021+00:00,144.8,11,bid,Xuanyu Liu,WavyWalnuts,6912283
2026-07-04T11:04:07.652219,2026-07-04T11:04:07.656092+00:00,144.7,12,bid,Xuanyu Liu,AverageAlmonds,6912287
2026-07-04T11:04:07.725093,2026-07-04T11:04:07.732039+00:00,144.7,200,bid,WavyWalnuts,AverageAlmonds,6912288
2026-07-04T11:04:08.867013,2026-07-04T11:04:08.870893+00:00,144.6,11,bid,Xuanyu Liu,AverageAlmonds,6912298
2026-07-04T11:04:08.935966,2026-07-04T11:04:08.947210+00:00,144.6,200,bid,WavyWalnuts,AverageAlmonds,6912302
2026-07-04T11:04:09.448976,2026-07-04T11:04:09.464150+00:00,144.5,500,ask,YieldingYams,AverageAlmonds,6912309
2026-07-04T11:04:09.480295,2026-07-04T11:04:09.484524+00:00,144.5,3,bid,Xuanyu Liu,YieldingYams,6912311
2026-07-04T11:04:09.997462,2026-07-04T11:04:10.009073+00:00,144.3,20,ask,YieldingYams,BrilliantBurritos,6912321
2026-07-04T11:04:10.145697,2026-07-04T11:04:10.155306+00:00,144.5,200,bid,WavyWalnuts,YieldingYams,6912325
2026-07-04T11:04:11.354139,2026-07-04T11:04:11.358613+00:00,144.5,200,bid,WavyWalnuts,AverageAlmonds,6912345
2026-07-04T11:04:12.079685,2026-07-04T11:04:12.081650+00:00,144.5,500,bid,YieldingYams,AverageAlmonds,6912358
2026-07-04T11:04:12.093261,2026-07-04T11:04:12.096830+00:00,144.5,3,ask,YieldingYams,Xuanyu Liu,6912360
2026-07-04T11:04:12.453047,2026-07-04T11:04:12.454462+00:00,144.5,122,ask,YieldingYams,AverageAlmonds,6912362
2026-07-04T11:04:12.563076,2026-07-04T11:04:12.570194+00:00,144.5,200,bid,WavyWalnuts,AverageAlmonds,6912366
2026-07-04T11:04:13.771279,2026-07-04T11:04:13.781817+00:00,144.3,200,bid,WavyWalnuts,AverageAlmonds,6912387
2026-07-04T11:04:15.497657,2026-07-04T11:04:15.506363+00:00,144.2,500,ask,YieldingYams,AverageAlmonds,6912414
2026-07-04T11:04:16.006110,2026-07-04T11:04:16.017046+00:00,144.2,200,ask,WavyWalnuts,YieldingYams,6912425
2026-07-04T11:04:16.022637,2026-07-04T11:04:16.026153+00:00,144.1,3,bid,Xuanyu Liu,YieldingYams,6912427
2026-07-04T11:04:19.944372,2026-07-04T11:04:19.951450+00:00,144.1,200,bid,YieldingYams,WavyWalnuts,6912483
2026-07-04T11:04:22.357483,2026-07-04T11:04:22.369164+00:00,144.0,20,ask,YieldingYams,BrilliantBurritos,6912515
2026-07-04T11:04:22.567091,2026-07-04T11:04:22.576317+00:00,144.1,200,bid,YieldingYams,WavyWalnuts,6912518
2026-07-04T11:04:25.184524,2026-07-04T11:04:25.195088+00:00,144.3,200,bid,YieldingYams,WavyWalnuts,6912553
2026-07-04T11:04:25.184524,2026-07-04T11:04:25.195088+00:00,144.4,425,bid,YieldingYams,AverageAlmonds,6912554
2026-07-04T11:04:27.093680,2026-07-04T11:04:27.100462+00:00,144.2,200,ask,YieldingYams,WavyWalnuts,6912575
2026-07-04T11:04:29.117490,2026-07-04T11:04:29.136312+00:00,144.0,200,ask,WavyWalnuts,YieldingYams,6912604
2026-07-04T11:04:29.132556,2026-07-04T11:04:29.136312+00:00,144.0,3,bid,Xuanyu Liu,YieldingYams,6912606
2026-07-04T11:04:29.867827,2026-07-04T11:04:29.879619+00:00,143.9,20,ask,WavyWalnuts,BrilliantBurritos,6912619
2026-07-04T11:04:30.728117,2026-07-04T11:04:30.731723+00:00,144.1,3,ask,WavyWalnuts,Xuanyu Liu,6912637
2026-07-04T11:04:34.402860,2026-07-04T11:04:34.413351+00:00,144.0,200,ask,WavyWalnuts,YieldingYams,6912676
2026-07-04T11:04:35.544324,2026-07-04T11:04:35.554057+00:00,144.0,200,bid,WavyWalnuts,YieldingYams,6912687
2026-07-04T11:04:35.876965,2026-07-04T11:04:35.888680+00:00,144.0,20,ask,YieldingYams,BrilliantBurritos,6912693
2026-07-04T11:04:38.330197,2026-07-04T11:04:38.338210+00:00,144.0,200,bid,YieldingYams,WavyWalnuts,6912729
2026-07-04T11:04:39.177921,2026-07-04T11:04:39.187882+00:00,144.0,200,ask,YieldingYams,WavyWalnuts,6912745
2026-07-04T11:04:44.892417,2026-07-04T11:04:44.904373+00:00,143.9,200,bid,YieldingYams,WavyWalnuts,6912815
2026-07-04T11:04:44.892417,2026-07-04T11:04:44.904373+00:00,144.0,425,bid,YieldingYams,AverageAlmonds,6912816
2026-07-04T11:04:50.128552,2026-07-04T11:04:50.139415+00:00,144.0,500,bid,YieldingYams,AverageAlmonds,6912881
2026-07-04T11:04:50.128552,2026-07-04T11:04:50.139415+00:00,144.0,125,bid,YieldingYams,WavyWalnuts,6912882
2026-07-04T11:04:50.536253,2026-07-04T11:04:50.548101+00:00,144.0,20,bid,BrilliantBurritos,WavyWalnuts,6912887
2026-07-04T11:04:58.003000,2026-07-04T11:04:58.013602+00:00,143.5,200,ask,WavyWalnuts,YieldingYams,6913003
2026-07-04T11:04:59.761575,2026-07-04T11:04:59.769904+00:00,143.5,200,bid,WavyWalnuts,YieldingYams,6913026
2026-07-04T11:05:02.025379,2026-07-04T11:05:02.032062+00:00,143.6,20,ask,YieldingYams,BrilliantBurritos,6913050
2026-07-04T11:05:04.564307,2026-07-04T11:05:04.573508+00:00,143.7,200,ask,WavyWalnuts,YieldingYams,6913083
2026-07-04T11:05:05.829194,2026-07-04T11:05:05.837225+00:00,143.7,200,bid,WavyWalnuts,YieldingYams,6913097
2026-07-04T11:05:06.903768,2026-07-04T11:05:06.915585+00:00,144.0,20,bid,BrilliantBurritos,WavyWalnuts,6913111
2026-07-04T11:05:09.463342,2026-07-04T11:05:09.474235+00:00,143.9,200,bid,WavyWalnuts,YieldingYams,6913144
2026-07-04T11:05:10.065046,2026-07-04T11:05:10.076849+00:00,143.9,20,bid,BrilliantBurritos,YieldingYams,6913153
2026-07-04T11:05:13.298168,2026-07-04T11:05:13.310197+00:00,143.8,20,ask,YieldingYams,BrilliantBurritos,6913192
2026-07-04T11:05:14.311963,2026-07-04T11:05:14.319544+00:00,143.8,200,ask,YieldingYams,WavyWalnuts,6913203
2026-07-04T11:05:15.437676,2026-07-04T11:05:15.458637+00:00,143.6,20,ask,YieldingYams,BrilliantBurritos,6913215
2026-07-04T11:05:15.523237,2026-07-04T11:05:15.533144+00:00,143.6,200,ask,YieldingYams,WavyWalnuts,6913218
2026-07-04T11:05:16.734474,2026-07-04T11:05:16.741941+00:00,143.6,200,ask,AverageAlmonds,WavyWalnuts,6913237
2026-07-04T11:05:17.947008,2026-07-04T11:05:17.958582+00:00,143.6,200,ask,YieldingYams,WavyWalnuts,6913251
2026-07-04T11:05:18.968590,2026-07-04T11:05:18.979686+00:00,143.7,500,ask,AverageAlmonds,YieldingYams,6913264
2026-07-04T11:05:19.032230,2026-07-04T11:05:19.040722+00:00,143.7,125,bid,AverageAlmonds,YieldingYams,6913266
2026-07-04T11:05:20.277748,2026-07-04T11:05:20.286326+00:00,143.8,200,bid,AverageAlmonds,WavyWalnuts,6913296
2026-07-04T11:05:23.824797,2026-07-04T11:05:23.836479+00:00,144.2,20,bid,BrilliantBurritos,WavyWalnuts,6913350
2026-07-04T11:05:26.511964,2026-07-04T11:05:26.515957+00:00,144.2,14,bid,Xuanyu Liu,YieldingYams,6913384
2026-07-04T11:05:26.515272,2026-07-04T11:05:26.536576+00:00,144.2,150,bid,Chester Au,YieldingYams,6913385
2026-07-04T11:05:29.480437,2026-07-04T11:05:29.488583+00:00,144.2,200,ask,WavyWalnuts,YieldingYams,6913421
2026-07-04T11:05:30.790570,2026-07-04T11:05:30.800964+00:00,143.9,200,ask,WavyWalnuts,YieldingYams,6913437
2026-07-04T11:05:31.285007,2026-07-04T11:05:31.294396+00:00,143.9,200,bid,WavyWalnuts,YieldingYams,6913443
2026-07-04T11:05:32.107100,2026-07-04T11:05:32.111134+00:00,144.0,11,ask,YieldingYams,Xuanyu Liu,6913450
2026-07-04T11:05:36.046846,2026-07-04T11:05:36.057148+00:00,144.1,200,ask,WavyWalnuts,YieldingYams,6913515
2026-07-04T11:05:36.123179,2026-07-04T11:05:36.134722+00:00,144.1,200,bid,WavyWalnuts,YieldingYams,6913518
2026-07-04T11:05:37.221804,2026-07-04T11:05:37.245802+00:00,143.9,3,ask,AverageAlmonds,Xuanyu Liu,6913534
2026-07-04T11:05:38.547627,2026-07-04T11:05:38.558547+00:00,144.1,200,bid,WavyWalnuts,YieldingYams,6913552
2026-07-04T11:05:41.284974,2026-07-04T11:05:41.295979+00:00,144.0,500,ask,AverageAlmonds,YieldingYams,6913577
2026-07-04T11:05:41.284974,2026-07-04T11:05:41.295979+00:00,144.0,125,ask,WavyWalnuts,YieldingYams,6913578
2026-07-04T11:05:41.474276,2026-07-04T11:05:41.484880+00:00,144.2,150,ask,AverageAlmonds,Chester Au,6913581
2026-07-04T11:05:42.176052,2026-07-04T11:05:42.185695+00:00,144.2,200,ask,AverageAlmonds,WavyWalnuts,6913589
2026-07-04T11:05:42.658890,2026-07-04T11:05:42.668702+00:00,144.3,500,bid,AverageAlmonds,YieldingYams,6913598
2026-07-04T11:05:43.254009,2026-07-04T11:05:43.258576+00:00,144.3,125,bid,AverageAlmonds,YieldingYams,6913607
2026-07-04T11:05:43.327772,2026-07-04T11:05:43.339471+00:00,144.3,20,ask,AverageAlmonds,BrilliantBurritos,6913608
2026-07-04T11:05:43.382726,2026-07-04T11:05:43.390659+00:00,144.3,200,ask,AverageAlmonds,WavyWalnuts,6913609
2026-07-04T11:05:44.590393,2026-07-04T11:05:44.601874+00:00,144.4,200,ask,YieldingYams,WavyWalnuts,6913627
2026-07-04T11:05:45.799814,2026-07-04T11:05:45.810595+00:00,144.5,200,bid,WavyWalnuts,YieldingYams,6913650
2026-07-04T11:05:48.219537,2026-07-04T11:05:48.230758+00:00,144.5,200,bid,WavyWalnuts,YieldingYams,6913685
2026-07-04T11:05:49.821050,2026-07-04T11:05:49.832982+00:00,144.3,20,ask,YieldingYams,BrilliantBurritos,6913708
2026-07-04T11:05:50.458275,2026-07-04T11:05:50.478755+00:00,144.5,200,bid,YieldingYams,WavyWalnuts,6913722
2026-07-04T11:05:50.475279,2026-07-04T11:05:50.478755+00:00,144.5,14,ask,YieldingYams,Xuanyu Liu,6913724
2026-07-04T11:05:53.060590,2026-07-04T11:05:53.069034+00:00,144.5,200,bid,WavyWalnuts,YieldingYams,6913763
2026-07-04T11:05:55.065322,2026-07-04T11:05:55.069164+00:00,144.3,12,ask,WavyWalnuts,Xuanyu Liu,6913787
2026-07-04T11:06:02.782423,2026-07-04T11:06:02.793945+00:00,144.3,20,ask,YieldingYams,BrilliantBurritos,6913894
2026-07-04T11:06:08.675619,2026-07-04T11:06:08.687519+00:00,144.6,20,bid,BrilliantBurritos,WavyWalnuts,6913965
2026-07-04T11:06:10.891768,2026-07-04T11:06:10.895710+00:00,144.5,11,ask,WavyWalnuts,Xuanyu Liu,6913990
2026-07-04T11:06:11.233303,2026-07-04T11:06:11.240934+00:00,144.6,200,bid,WavyWalnuts,YieldingYams,6914003
2026-07-04T11:06:12.764536,2026-07-04T11:06:12.768242+00:00,144.6,12,ask,YieldingYams,Xuanyu Liu,6914031
2026-07-04T11:06:14.055757,2026-07-04T11:06:14.059668+00:00,144.7,12,bid,Xuanyu Liu,WavyWalnuts,6914047
2026-07-04T11:06:14.060848,2026-07-04T11:06:14.074940+00:00,144.7,188,bid,YieldingYams,WavyWalnuts,6914048
2026-07-04T11:06:20.643873,2026-07-04T11:06:20.651551+00:00,144.6,500,bid,YieldingYams,AverageAlmonds,6914136
2026-07-04T11:06:20.824795,2026-07-04T11:06:20.832090+00:00,144.6,125,ask,YieldingYams,AverageAlmonds,6914139
2026-07-04T11:06:21.955391,2026-07-04T11:06:21.958568+00:00,144.5,200,ask,WavyWalnuts,YieldingYams,6914151
2026-07-04T11:06:24.549732,2026-07-04T11:06:24.553613+00:00,144.5,11,bid,Xuanyu Liu,WavyWalnuts,6914180
2026-07-04T11:06:25.749682,2026-07-04T11:06:25.758605+00:00,144.4,200,ask,YieldingYams,WavyWalnuts,6914195
2026-07-04T11:06:25.894865,2026-07-04T11:06:25.898308+00:00,144.4,12,bid,Xuanyu Liu,YieldingYams,6914201
2026-07-04T11:06:27.195157,2026-07-04T11:06:27.205498+00:00,144.3,200,ask,WavyWalnuts,YieldingYams,6914223
2026-07-04T11:06:29.374441,2026-07-04T11:06:29.385714+00:00,144.3,200,bid,WavyWalnuts,YieldingYams,6914248
2026-07-04T11:06:31.796431,2026-07-04T11:06:31.806332+00:00,144.2,200,ask,YieldingYams,WavyWalnuts,6914285
2026-07-04T11:06:34.235755,2026-07-04T11:06:34.239411+00:00,144.4,12,ask,WavyWalnuts,Xuanyu Liu,6914315
2026-07-04T11:06:35.428592,2026-07-04T11:06:35.435826+00:00,144.5,200,bid,WavyWalnuts,YieldingYams,6914332
2026-07-04T11:06:36.944310,2026-07-04T11:06:36.958605+00:00,144.3,20,ask,YieldingYams,BrilliantBurritos,6914346
2026-07-04T11:06:41.631148,2026-07-04T11:06:41.640768+00:00,144.5,200,bid,YieldingYams,WavyWalnuts,6914410
2026-07-04T11:06:42.523480,2026-07-04T11:06:42.527223+00:00,144.5,23,ask,YieldingYams,Xuanyu Liu,6914418
2026-07-04T11:06:42.699306,2026-07-04T11:06:42.708247+00:00,144.5,200,ask,YieldingYams,WavyWalnuts,6914422
2026-07-04T11:06:43.907644,2026-07-04T11:06:43.914396+00:00,144.4,200,bid,WavyWalnuts,YieldingYams,6914444
2026-07-04T11:06:54.731227,2026-07-04T11:06:54.738800+00:00,144.4,200,bid,YieldingYams,WavyWalnuts,6914583
2026-07-04T11:06:54.731227,2026-07-04T11:06:54.743788+00:00,144.4,425,bid,YieldingYams,AverageAlmonds,6914584
2026-07-04T11:06:57.149206,2026-07-04T11:06:57.158583+00:00,144.3,200,ask,WavyWalnuts,AverageAlmonds,6914604
2026-07-04T11:06:57.360351,2026-07-04T11:06:57.368081+00:00,144.3,300,bid,YieldingYams,AverageAlmonds,6914611
2026-07-04T11:06:57.744874,2026-07-04T11:06:57.752432+00:00,144.3,325,ask,YieldingYams,AverageAlmonds,6914616
2026-07-04T11:06:59.677937,2026-07-04T11:06:59.686592+00:00,144.2,200,bid,WavyWalnuts,YieldingYams,6914648
2026-07-04T11:07:00.765613,2026-07-04T11:07:00.774139+00:00,144.2,500,ask,YieldingYams,AverageAlmonds,6914661
2026-07-04T11:07:01.288678,2026-07-04T11:07:01.298403+00:00,144.4,200,ask,WavyWalnuts,YieldingYams,6914667
2026-07-04T11:07:02.098795,2026-07-04T11:07:02.106469+00:00,144.1,200,bid,WavyWalnuts,AverageAlmonds,6914676
2026-07-04T11:07:03.309124,2026-07-04T11:07:03.318117+00:00,144.1,200,bid,WavyWalnuts,AverageAlmonds,6914695
2026-07-04T11:07:04.517780,2026-07-04T11:07:04.526809+00:00,144.2,200,bid,WavyWalnuts,YieldingYams,6914710
2026-07-04T11:07:05.743059,2026-07-04T11:07:05.746830+00:00,144.2,11,ask,WavyWalnuts,Xuanyu Liu,6914729
2026-07-04T11:07:06.426089,2026-07-04T11:07:06.437796+00:00,144.3,20,bid,BrilliantBurritos,AverageAlmonds,6914745
2026-07-04T11:07:08.023863,2026-07-04T11:07:08.033059+00:00,144.1,200,ask,WavyWalnuts,AverageAlmonds,6914758
2026-07-04T11:07:08.023863,2026-07-04T11:07:08.033059+00:00,144.0,300,ask,YieldingYams,AverageAlmonds,6914759
2026-07-04T11:07:08.618927,2026-07-04T11:07:08.626438+00:00,144.0,325,ask,YieldingYams,AverageAlmonds,6914765
2026-07-04T11:07:08.618927,2026-07-04T11:07:08.631456+00:00,144.0,175,ask,WavyWalnuts,AverageAlmonds,6914766
2026-07-04T11:07:09.072697,2026-07-04T11:07:09.084396+00:00,144.2,20,bid,BrilliantBurritos,WavyWalnuts,6914780
2026-07-04T11:07:09.138423,2026-07-04T11:07:09.148306+00:00,144.0,25,ask,WavyWalnuts,YieldingYams,6914784
2026-07-04T11:07:09.154762,2026-07-04T11:07:09.159250+00:00,143.9,23,bid,Xuanyu Liu,YieldingYams,6914786
2026-07-04T11:07:10.473317,2026-07-04T11:07:10.484882+00:00,143.8,200,ask,WavyWalnuts,YieldingYams,6914805
2026-07-04T11:07:18.340106,2026-07-04T11:07:18.348590+00:00,143.5,200,ask,WavyWalnuts,YieldingYams,6914922
2026-07-04T11:07:19.048486,2026-07-04T11:07:19.055807+00:00,143.4,200,bid,WavyWalnuts,YieldingYams,6914930
2026-07-04T11:07:19.994099,2026-07-04T11:07:20.005832+00:00,143.6,20,bid,BrilliantBurritos,YieldingYams,6914941
2026-07-04T11:07:20.259074,2026-07-04T11:07:20.267145+00:00,143.6,200,bid,WavyWalnuts,YieldingYams,6914944
2026-07-04T11:07:22.264973,2026-07-04T11:07:22.271602+00:00,143.7,200,bid,YieldingYams,WavyWalnuts,6914972
2026-07-04T11:07:28.721577,2026-07-04T11:07:28.730322+00:00,143.8,200,bid,WavyWalnuts,YieldingYams,6915055
2026-07-04T11:07:28.848136,2026-07-04T11:07:28.858573+00:00,143.8,500,bid,YieldingYams,AverageAlmonds,6915057
2026-07-04T11:07:29.226070,2026-07-04T11:07:29.233880+00:00,143.8,125,ask,YieldingYams,AverageAlmonds,6915062
2026-07-04T11:07:29.931787,2026-07-04T11:07:29.941441+00:00,143.7,200,bid,WavyWalnuts,AverageAlmonds,6915077
2026-07-04T11:07:32.352156,2026-07-04T11:07:32.358488+00:00,143.6,200,bid,WavyWalnuts,YieldingYams,6915120
2026-07-04T11:07:35.982947,2026-07-04T11:07:35.994073+00:00,143.7,200,bid,WavyWalnuts,AverageAlmonds,6915170
2026-07-04T11:07:36.267120,2026-07-04T11:07:36.271155+00:00,143.7,23,bid,Xuanyu Liu,AverageAlmonds,6915177
2026-07-04T11:07:37.113679,2026-07-04T11:07:37.117229+00:00,143.6,11,bid,Xuanyu Liu,AverageAlmonds,6915196
2026-07-04T11:07:37.191529,2026-07-04T11:07:37.200786+00:00,143.6,200,bid,WavyWalnuts,YieldingYams,6915198
2026-07-04T11:07:38.026590,2026-07-04T11:07:38.037544+00:00,143.6,500,bid,YieldingYams,AverageAlmonds,6915210
2026-07-04T11:07:38.298956,2026-07-04T11:07:38.308687+00:00,143.6,125,ask,YieldingYams,AverageAlmonds,6915215
2026-07-04T11:07:39.533664,2026-07-04T11:07:39.544761+00:00,143.5,200,ask,WavyWalnuts,AverageAlmonds,6915222
2026-07-04T11:07:42.030873,2026-07-04T11:07:42.040718+00:00,143.3,200,ask,YieldingYams,WavyWalnuts,6915263
2026-07-04T11:07:43.240792,2026-07-04T11:07:43.247582+00:00,143.3,200,ask,YieldingYams,WavyWalnuts,6915280
2026-07-04T11:07:44.447620,2026-07-04T11:07:44.451488+00:00,143.3,200,bid,WavyWalnuts,YieldingYams,6915301
2026-07-04T11:07:48.952210,2026-07-04T11:07:48.955789+00:00,143.0,11,ask,WavyWalnuts,Xuanyu Liu,6915356
2026-07-04T11:07:49.317951,2026-07-04T11:07:49.321868+00:00,143.1,12,ask,WavyWalnuts,Xuanyu Liu,6915364
2026-07-04T11:07:51.729121,2026-07-04T11:07:51.740327+00:00,143.1,200,ask,YieldingYams,WavyWalnuts,6915401
2026-07-04T11:07:52.464909,2026-07-04T11:07:52.468667+00:00,143.1,26,bid,Xuanyu Liu,YieldingYams,6915416
2026-07-04T11:07:55.271680,2026-07-04T11:07:55.274978+00:00,143.0,14,ask,YieldingYams,Xuanyu Liu,6915459
2026-07-04T11:07:56.564047,2026-07-04T11:07:56.571011+00:00,143.0,200,ask,YieldingYams,WavyWalnuts,6915482
2026-07-04T11:08:00.325653,2026-07-04T11:08:00.335670+00:00,143.0,200,ask,WavyWalnuts,YieldingYams,6915540
2026-07-04T11:08:03.828380,2026-07-04T11:08:03.835563+00:00,143.0,200,ask,YieldingYams,WavyWalnuts,6915578
2026-07-04T11:08:05.041739,2026-07-04T11:08:05.052747+00:00,143.0,200,ask,YieldingYams,WavyWalnuts,6915598
2026-07-04T11:08:06.870384,2026-07-04T11:08:06.892542+00:00,142.9,200,ask,WavyWalnuts,YieldingYams,6915621
2026-07-04T11:08:06.888870,2026-07-04T11:08:06.892542+00:00,142.9,11,bid,Xuanyu Liu,YieldingYams,6915624
2026-07-04T11:08:07.926954,2026-07-04T11:08:07.930561+00:00,142.7,11,ask,YieldingYams,Xuanyu Liu,6915636
2026-07-04T11:08:08.196997,2026-07-04T11:08:08.201026+00:00,142.9,23,ask,YieldingYams,Xuanyu Liu,6915642
2026-07-04T11:08:09.511925,2026-07-04T11:08:09.515905+00:00,143.0,12,ask,YieldingYams,Xuanyu Liu,6915665
2026-07-04T11:08:11.090160,2026-07-04T11:08:11.093525+00:00,143.1,35,bid,Xuanyu Liu,WavyWalnuts,6915686
2026-07-04T11:08:12.327518,2026-07-04T11:08:12.331037+00:00,143.1,11,bid,Xuanyu Liu,WavyWalnuts,6915699
2026-07-04T11:08:12.509108,2026-07-04T11:08:12.520833+00:00,143.1,20,bid,BrilliantBurritos,WavyWalnuts,6915701
2026-07-04T11:08:14.250119,2026-07-04T11:08:14.253853+00:00,143.0,11,ask,YieldingYams,Xuanyu Liu,6915730
2026-07-04T11:08:16.064253,2026-07-04T11:08:16.068116+00:00,143.1,12,ask,YieldingYams,Xuanyu Liu,6915758
2026-07-04T11:08:17.155466,2026-07-04T11:08:17.158574+00:00,143.1,200,ask,YieldingYams,WavyWalnuts,6915769
2026-07-04T11:08:17.319197,2026-07-04T11:08:17.330853+00:00,143.3,20,bid,BrilliantBurritos,YieldingYams,6915774
2026-07-04T11:08:17.722200,2026-07-04T11:08:17.729836+00:00,143.2,20,ask,YieldingYams,BrilliantBurritos,6915780
2026-07-04T11:08:18.368406,2026-07-04T11:08:18.378092+00:00,143.2,200,ask,YieldingYams,WavyWalnuts,6915794
2026-07-04T11:08:19.579875,2026-07-04T11:08:19.586675+00:00,143.0,200,ask,YieldingYams,WavyWalnuts,6915811
2026-07-04T11:08:19.995977,2026-07-04T11:08:20.000132+00:00,143.1,23,bid,Xuanyu Liu,YieldingYams,6915818
2026-07-04T11:08:20.851331,2026-07-04T11:08:20.855993+00:00,143.0,11,ask,AverageAlmonds,Xuanyu Liu,6915828
2026-07-04T11:08:24.420469,2026-07-04T11:08:24.430688+00:00,143.1,200,bid,WavyWalnuts,YieldingYams,6915884
2026-07-04T11:08:29.252456,2026-07-04T11:08:29.258606+00:00,143.0,200,ask,AverageAlmonds,WavyWalnuts,6915956
2026-07-04T11:08:30.460493,2026-07-04T11:08:30.469232+00:00,143.1,200,ask,AverageAlmonds,WavyWalnuts,6915970
2026-07-04T11:08:30.960467,2026-07-04T11:08:30.969151+00:00,143.3,500,bid,AverageAlmonds,YieldingYams,6915973
2026-07-04T11:08:31.493604,2026-07-04T11:08:31.503718+00:00,143.1,20,ask,YieldingYams,BrilliantBurritos,6915980
2026-07-04T11:08:31.798863,2026-07-04T11:08:31.816814+00:00,143.3,200,bid,YieldingYams,WavyWalnuts,6915986
2026-07-04T11:08:32.875866,2026-07-04T11:08:32.883968+00:00,143.4,200,ask,AverageAlmonds,WavyWalnuts,6916009
2026-07-04T11:08:33.109141,2026-07-04T11:08:33.116995+00:00,143.4,300,ask,AverageAlmonds,YieldingYams,6916012
2026-07-04T11:08:33.219832,2026-07-04T11:08:33.223490+00:00,143.4,17,bid,Xuanyu Liu,YieldingYams,6916017
2026-07-04T11:08:34.177309,2026-07-04T11:08:34.189141+00:00,143.3,20,ask,AverageAlmonds,BrilliantBurritos,6916027
2026-07-04T11:08:35.303747,2026-07-04T11:08:35.315361+00:00,143.5,20,bid,BrilliantBurritos,YieldingYams,6916038
2026-07-04T11:08:36.505638,2026-07-04T11:08:36.514763+00:00,143.5,200,bid,WavyWalnuts,YieldingYams,6916048
2026-07-04T11:08:37.635206,2026-07-04T11:08:37.638713+00:00,143.5,3,ask,AverageAlmonds,Xuanyu Liu,6916065
2026-07-04T11:08:37.719501,2026-07-04T11:08:37.728249+00:00,143.5,200,ask,AverageAlmonds,WavyWalnuts,6916067
2026-07-04T11:08:39.650155,2026-07-04T11:08:39.654438+00:00,143.6,200,bid,YieldingYams,WavyWalnuts,6916089
2026-07-04T11:08:42.272547,2026-07-04T11:08:42.294184+00:00,143.6,200,ask,WavyWalnuts,YieldingYams,6916113
2026-07-04T11:08:42.290297,2026-07-04T11:08:42.294184+00:00,143.6,3,bid,Xuanyu Liu,YieldingYams,6916117
2026-07-04T11:08:43.072258,2026-07-04T11:08:43.081325+00:00,143.6,422,bid,AverageAlmonds,YieldingYams,6916131
2026-07-04T11:08:44.346325,2026-07-04T11:08:44.358563+00:00,143.8,20,bid,BrilliantBurritos,WavyWalnuts,6916150
2026-07-04T11:08:44.977420,2026-07-04T11:08:44.985653+00:00,143.7,200,ask,YieldingYams,WavyWalnuts,6916159
2026-07-04T11:08:46.200886,2026-07-04T11:08:46.204395+00:00,143.9,11,bid,Xuanyu Liu,WavyWalnuts,6916181
2026-07-04T11:08:46.205151,2026-07-04T11:08:46.219633+00:00,143.9,100,bid,Chester Au,WavyWalnuts,6916182
2026-07-04T11:08:46.209367,2026-07-04T11:08:46.219633+00:00,143.9,89,bid,YieldingYams,WavyWalnuts,6916183
2026-07-04T11:08:47.393752,2026-07-04T11:08:47.404244+00:00,143.9,200,ask,YieldingYams,WavyWalnuts,6916196
2026-07-04T11:08:49.050326,2026-07-04T11:08:49.054214+00:00,143.8,14,ask,WavyWalnuts,Xuanyu Liu,6916218
2026-07-04T11:08:54.652646,2026-07-04T11:08:54.658572+00:00,143.7,200,ask,AverageAlmonds,WavyWalnuts,6916294
2026-07-04T11:08:55.862889,2026-07-04T11:08:55.869692+00:00,143.8,200,ask,YieldingYams,WavyWalnuts,6916310
2026-07-04T11:08:56.323147,2026-07-04T11:08:56.330949+00:00,144.1,20,bid,BrilliantBurritos,YieldingYams,6916318
2026-07-04T11:08:58.239081,2026-07-04T11:08:58.248443+00:00,143.9,6,ask,AverageAlmonds,Chester Au,6916350
2026-07-04T11:09:04.361532,2026-07-04T11:09:04.370351+00:00,144.2,20,bid,BrilliantBurritos,YieldingYams,6916423
2026-07-04T11:09:04.579862,2026-07-04T11:09:04.590515+00:00,144.1,200,ask,WavyWalnuts,YieldingYams,6916426
2026-07-04T11:09:05.543798,2026-07-04T11:09:05.553736+00:00,144.1,200,bid,WavyWalnuts,YieldingYams,6916446
2026-07-04T11:09:11.182051,2026-07-04T11:09:11.186806+00:00,143.9,14,ask,WavyWalnuts,Xuanyu Liu,6916515
2026-07-04T11:09:11.185899,2026-07-04T11:09:11.202317+00:00,143.9,50,ask,WavyWalnuts,Chester Au,6916516
2026-07-04T11:09:11.467934,2026-07-04T11:09:11.474782+00:00,143.9,44,ask,WavyWalnuts,Chester Au,6916518
2026-07-04T11:09:11.797056,2026-07-04T11:09:11.808572+00:00,144.0,20,bid,BrilliantBurritos,YieldingYams,6916520
2026-07-04T11:09:12.125850,2026-07-04T11:09:12.136678+00:00,144.0,500,bid,AverageAlmonds,YieldingYams,6916525
2026-07-04T11:09:12.745302,2026-07-04T11:09:12.758625+00:00,144.1,20,bid,BrilliantBurritos,WavyWalnuts,6916536
2026-07-04T11:09:13.327558,2026-07-04T11:09:13.337367+00:00,144.1,500,bid,AverageAlmonds,YieldingYams,6916549
2026-07-04T11:09:13.742769,2026-07-04T11:09:13.749747+00:00,144.2,200,bid,YieldingYams,WavyWalnuts,6916553
2026-07-04T11:09:13.767076,2026-07-04T11:09:13.770979+00:00,144.2,7,ask,YieldingYams,Xuanyu Liu,6916555
2026-07-04T11:09:22.504769,2026-07-04T11:09:22.508488+00:00,144.5,5,ask,WavyWalnuts,Xuanyu Liu,6916673
2026-07-04T11:09:24.682325,2026-07-04T11:09:24.694119+00:00,144.7,20,bid,BrilliantBurritos,WavyWalnuts,6916715
2026-07-04T11:09:30.809567,2026-07-04T11:09:30.818613+00:00,144.3,200,ask,WavyWalnuts,YieldingYams,6916787
2026-07-04T11:09:30.964445,2026-07-04T11:09:30.973608+00:00,144.3,200,bid,WavyWalnuts,YieldingYams,6916790
2026-07-04T11:09:35.811555,2026-07-04T11:09:35.821580+00:00,144.4,200,bid,WavyWalnuts,YieldingYams,6916858
2026-07-04T11:09:38.676809,2026-07-04T11:09:38.687575+00:00,144.2,200,ask,WavyWalnuts,YieldingYams,6916903
2026-07-04T11:09:42.844148,2026-07-04T11:09:42.848202+00:00,144.0,23,ask,WavyWalnuts,Xuanyu Liu,6916957
2026-07-04T11:09:47.865886,2026-07-04T11:09:47.964345+00:00,144.1,200,ask,WavyWalnuts,YieldingYams,6917012
2026-07-04T11:09:47.971030,2026-07-04T11:09:47.974987+00:00,144.1,12,bid,Xuanyu Liu,YieldingYams,6917016
2026-07-04T11:09:49.129959,2026-07-04T11:09:49.139937+00:00,144.1,200,bid,WavyWalnuts,YieldingYams,6917034
2026-07-04T11:09:49.194756,2026-07-04T11:09:49.198602+00:00,144.1,23,ask,YieldingYams,Xuanyu Liu,6917038
2026-07-04T11:09:51.800656,2026-07-04T11:09:51.810019+00:00,144.2,200,bid,YieldingYams,WavyWalnuts,6917046
2026-07-04T11:09:51.817045,2026-07-04T11:09:51.820486+00:00,144.2,11,ask,YieldingYams,Xuanyu Liu,6917048
2026-07-04T11:09:53.126024,2026-07-04T11:09:53.129637+00:00,144.2,11,bid,Xuanyu Liu,YieldingYams,6917062
2026-07-04T11:09:53.978583,2026-07-04T11:09:53.988315+00:00,144.0,200,ask,YieldingYams,WavyWalnuts,6917073
2026-07-04T11:09:54.430887,2026-07-04T11:09:54.434665+00:00,143.9,34,bid,Xuanyu Liu,YieldingYams,6917080
2026-07-04T11:09:55.516886,2026-07-04T11:09:55.520903+00:00,143.8,45,ask,WavyWalnuts,Xuanyu Liu,6917092
2026-07-04T11:09:58.364458,2026-07-04T11:09:58.368248+00:00,143.9,5,ask,YieldingYams,Xuanyu Liu,6917126
2026-07-04T11:09:58.683486,2026-07-04T11:09:58.687776+00:00,144.0,5,bid,Xuanyu Liu,WavyWalnuts,6917130
2026-07-04T11:10:00.030692,2026-07-04T11:10:00.040123+00:00,143.9,200,ask,YieldingYams,WavyWalnuts,6917149
2026-07-04T11:10:01.238116,2026-07-04T11:10:01.247720+00:00,143.9,200,ask,YieldingYams,WavyWalnuts,6917173
2026-07-04T11:10:02.447050,2026-07-04T11:10:02.450842+00:00,144.0,200,bid,WavyWalnuts,YieldingYams,6917184
2026-07-04T11:10:03.659079,2026-07-04T11:10:03.667549+00:00,144.1,200,bid,WavyWalnuts,AverageAlmonds,6917207
2026-07-04T11:10:04.878476,2026-07-04T11:10:04.888896+00:00,144.1,200,bid,WavyWalnuts,AverageAlmonds,6917220
2026-07-04T11:10:06.091296,2026-07-04T11:10:06.102638+00:00,144.1,200,bid,WavyWalnuts,YieldingYams,6917235
2026-07-04T11:10:08.122096,2026-07-04T11:10:08.125745+00:00,144.2,22,bid,Xuanyu Liu,WavyWalnuts,6917264
2026-07-04T11:10:11.484314,2026-07-04T11:10:11.495061+00:00,144.2,500,bid,YieldingYams,AverageAlmonds,6917308
2026-07-04T11:10:11.484314,2026-07-04T11:10:11.495061+00:00,144.3,125,bid,YieldingYams,WavyWalnuts,6917309
2026-07-04T11:10:13.264401,2026-07-04T11:10:13.286463+00:00,144.1,200,ask,WavyWalnuts,AverageAlmonds,6917323
2026-07-04T11:10:13.282904,2026-07-04T11:10:13.286463+00:00,144.1,12,bid,Xuanyu Liu,AverageAlmonds,6917326
2026-07-04T11:10:14.450633,2026-07-04T11:10:14.454934+00:00,144.2,23,bid,Xuanyu Liu,AverageAlmonds,6917334
2026-07-04T11:10:14.633659,2026-07-04T11:10:14.645558+00:00,144.2,20,bid,BrilliantBurritos,AverageAlmonds,6917339
2026-07-04T11:10:15.070478,2026-07-04T11:10:15.079516+00:00,144.1,500,ask,YieldingYams,AverageAlmonds,6917344
2026-07-04T11:10:15.417860,2026-07-04T11:10:15.427296+00:00,144.1,200,ask,WavyWalnuts,YieldingYams,6917359
2026-07-04T11:10:15.433455,2026-07-04T11:10:15.437602+00:00,143.9,14,bid,Xuanyu Liu,YieldingYams,6917361
2026-07-04T11:10:15.787166,2026-07-04T11:10:15.798041+00:00,143.9,200,bid,WavyWalnuts,YieldingYams,6917365
2026-07-04T11:10:18.115008,2026-07-04T11:10:18.124322+00:00,144.1,500,ask,YieldingYams,AverageAlmonds,6917392
2026-07-04T11:10:18.216959,2026-07-04T11:10:18.227089+00:00,144.1,125,ask,YieldingYams,WavyWalnuts,6917394
2026-07-04T11:10:19.015861,2026-07-04T11:10:19.027798+00:00,143.9,20,ask,WavyWalnuts,BrilliantBurritos,6917402
2026-07-04T11:10:20.390119,2026-07-04T11:10:20.402031+00:00,144.0,20,ask,WavyWalnuts,BrilliantBurritos,6917419
2026-07-04T11:10:20.638554,2026-07-04T11:10:20.648488+00:00,144.1,200,bid,WavyWalnuts,YieldingYams,6917425
2026-07-04T11:10:21.846584,2026-07-04T11:10:21.857502+00:00,144.0,200,bid,WavyWalnuts,YieldingYams,6917441
2026-07-04T11:10:24.260255,2026-07-04T11:10:24.271103+00:00,144.0,200,bid,WavyWalnuts,YieldingYams,6917477
2026-07-04T11:10:25.468695,2026-07-04T11:10:25.479191+00:00,144.1,200,ask,YieldingYams,WavyWalnuts,6917490
2026-07-04T11:10:27.205241,2026-07-04T11:10:27.213016+00:00,144.2,200,bid,YieldingYams,WavyWalnuts,6917515
2026-07-04T11:10:27.880803,2026-07-04T11:10:27.888874+00:00,144.2,200,ask,YieldingYams,WavyWalnuts,6917523
2026-07-04T11:10:29.833755,2026-07-04T11:10:29.850854+00:00,144.1,200,ask,WavyWalnuts,YieldingYams,6917545
2026-07-04T11:10:29.847630,2026-07-04T11:10:29.850854+00:00,144.0,14,bid,Xuanyu Liu,YieldingYams,6917547
2026-07-04T11:10:29.853355,2026-07-04T11:10:29.866315+00:00,144.0,100,bid,Chester Au,YieldingYams,6917548
2026-07-04T11:10:30.293755,2026-07-04T11:10:30.300684+00:00,144.0,200,bid,WavyWalnuts,YieldingYams,6917550
2026-07-04T11:10:35.098486,2026-07-04T11:10:35.105568+00:00,144.2,200,ask,WavyWalnuts,YieldingYams,6917609
2026-07-04T11:10:36.908121,2026-07-04T11:10:36.912346+00:00,144.1,14,ask,WavyWalnuts,Xuanyu Liu,6917636
2026-07-04T11:10:40.336143,2026-07-04T11:10:40.343079+00:00,144.1,200,bid,YieldingYams,WavyWalnuts,6917677
2026-07-04T11:10:40.349927,2026-07-04T11:10:40.358414+00:00,144.1,100,ask,YieldingYams,Chester Au,6917679
2026-07-04T11:10:41.647890,2026-07-04T11:10:41.658853+00:00,144.1,200,ask,WavyWalnuts,YieldingYams,6917702
2026-07-04T11:10:42.957106,2026-07-04T11:10:42.958543+00:00,144.1,200,bid,YieldingYams,WavyWalnuts,6917720
2026-07-04T11:10:44.268283,2026-07-04T11:10:44.279236+00:00,144.2,200,ask,WavyWalnuts,YieldingYams,6917731
2026-07-04T11:10:44.822508,2026-07-04T11:10:44.831836+00:00,144.0,200,bid,WavyWalnuts,YieldingYams,6917743
2026-07-04T11:10:46.034018,2026-07-04T11:10:46.040865+00:00,144.1,200,ask,YieldingYams,WavyWalnuts,6917758
2026-07-04T11:10:48.200731,2026-07-04T11:10:48.220457+00:00,144.0,200,ask,WavyWalnuts,YieldingYams,6917791
2026-07-04T11:10:48.216840,2026-07-04T11:10:48.220457+00:00,143.9,14,bid,Xuanyu Liu,YieldingYams,6917794
2026-07-04T11:10:48.223069,2026-07-04T11:10:48.230629+00:00,143.9,86,bid,Chester Au,YieldingYams,6917795
2026-07-04T11:10:48.451485,2026-07-04T11:10:48.464005+00:00,143.9,200,bid,WavyWalnuts,YieldingYams,6917803
2026-07-04T11:10:49.344434,2026-07-04T11:10:49.348470+00:00,143.7,14,ask,YieldingYams,Xuanyu Liu,6917816
2026-07-04T11:10:49.522206,2026-07-04T11:10:49.525704+00:00,144.1,26,ask,YieldingYams,Xuanyu Liu,6917822
2026-07-04T11:10:49.525496,2026-07-04T11:10:49.541277+00:00,144.1,79,ask,YieldingYams,Chester Au,6917823
2026-07-04T11:10:49.551681,2026-07-04T11:10:49.555381+00:00,144.1,11,ask,YieldingYams,Xuanyu Liu,6917826
2026-07-04T11:10:49.554487,2026-07-04T11:10:49.575995+00:00,144.1,7,ask,YieldingYams,Chester Au,6917827
2026-07-04T11:10:49.662737,2026-07-04T11:10:49.670325+00:00,144.1,200,ask,YieldingYams,WavyWalnuts,6917830
2026-07-04T11:10:51.994624,2026-07-04T11:10:52.005524+00:00,144.1,200,ask,WavyWalnuts,AverageAlmonds,6917859
2026-07-04T11:10:53.310150,2026-07-04T11:10:53.314261+00:00,144.1,11,bid,Xuanyu Liu,WavyWalnuts,6917879
2026-07-04T11:10:53.447546,2026-07-04T11:10:53.464053+00:00,144.1,189,bid,YieldingYams,WavyWalnuts,6917883
2026-07-04T11:11:00.566564,2026-07-04T11:11:00.574584+00:00,144.0,200,ask,YieldingYams,WavyWalnuts,6917983
2026-07-04T11:11:03.948236,2026-07-04T11:11:03.956570+00:00,144.0,200,bid,YieldingYams,WavyWalnuts,6918027
2026-07-04T11:11:03.948236,2026-07-04T11:11:03.956570+00:00,144.0,425,bid,YieldingYams,AverageAlmonds,6918028
2026-07-04T11:11:04.040319,2026-07-04T11:11:04.058618+00:00,144.0,20,bid,BrilliantBurritos,AverageAlmonds,6918029
2026-07-04T11:11:04.120624,2026-07-04T11:11:04.124787+00:00,143.9,12,bid,Xuanyu Liu,AverageAlmonds,6918034
2026-07-04T11:11:04.193998,2026-07-04T11:11:04.200880+00:00,143.9,200,bid,WavyWalnuts,AverageAlmonds,6918036
2026-07-04T11:11:05.276361,2026-07-04T11:11:05.280113+00:00,143.7,14,bid,Xuanyu Liu,YieldingYams,6918048
2026-07-04T11:11:05.403882,2026-07-04T11:11:05.412789+00:00,143.7,200,bid,WavyWalnuts,YieldingYams,6918051
2026-07-04T11:11:05.840932,2026-07-04T11:11:05.848283+00:00,143.5,20,ask,YieldingYams,BrilliantBurritos,6918060
2026-07-04T11:11:06.612535,2026-07-04T11:11:06.621604+00:00,143.8,200,bid,WavyWalnuts,YieldingYams,6918079
2026-07-04T11:11:07.824013,2026-07-04T11:11:07.831095+00:00,143.8,200,bid,WavyWalnuts,YieldingYams,6918095
2026-07-04T11:11:09.034565,2026-07-04T11:11:09.043461+00:00,143.8,200,bid,WavyWalnuts,YieldingYams,6918108
2026-07-04T11:11:10.243423,2026-07-04T11:11:10.253069+00:00,143.9,200,bid,WavyWalnuts,YieldingYams,6918119
2026-07-04T11:11:11.451020,2026-07-04T11:11:11.458637+00:00,143.7,200,bid,WavyWalnuts,YieldingYams,6918137
2026-07-04T11:11:12.659238,2026-07-04T11:11:12.669108+00:00,143.7,200,bid,WavyWalnuts,YieldingYams,6918154
2026-07-04T11:11:13.868090,2026-07-04T11:11:13.876705+00:00,143.8,200,bid,WavyWalnuts,YieldingYams,6918164
2026-07-04T11:11:16.293771,2026-07-04T11:11:16.304721+00:00,143.8,200,ask,YieldingYams,WavyWalnuts,6918197
2026-07-04T11:11:17.502327,2026-07-04T11:11:17.511421+00:00,143.7,200,ask,YieldingYams,WavyWalnuts,6918214
2026-07-04T11:11:18.097883,2026-07-04T11:11:18.109628+00:00,143.9,20,bid,BrilliantBurritos,YieldingYams,6918219
2026-07-04T11:11:19.917190,2026-07-04T11:11:19.927530+00:00,143.9,200,bid,WavyWalnuts,YieldingYams,6918241
2026-07-04T11:11:23.553482,2026-07-04T11:11:23.558564+00:00,143.8,200,ask,YieldingYams,WavyWalnuts,6918291
2026-07-04T11:11:24.133355,2026-07-04T11:11:24.145048+00:00,144.1,20,bid,BrilliantBurritos,YieldingYams,6918298
2026-07-04T11:11:27.188451,2026-07-04T11:11:27.198703+00:00,143.9,200,bid,WavyWalnuts,YieldingYams,6918342
2026-07-04T11:11:27.519192,2026-07-04T11:11:27.523252+00:00,143.8,3,ask,YieldingYams,Xuanyu Liu,6918348
2026-07-04T11:11:28.415250,2026-07-04T11:11:28.419526+00:00,143.9,11,ask,WavyWalnuts,Xuanyu Liu,6918358
2026-07-04T11:11:28.814528,2026-07-04T11:11:28.825748+00:00,143.9,189,ask,WavyWalnuts,YieldingYams,6918364
2026-07-04T11:11:31.647131,2026-07-04T11:11:31.663940+00:00,143.6,20,ask,WavyWalnuts,BrilliantBurritos,6918396
2026-07-04T11:11:32.030742,2026-07-04T11:11:32.040770+00:00,143.7,200,bid,WavyWalnuts,YieldingYams,6918399
2026-07-04T11:11:32.653059,2026-07-04T11:11:32.664890+00:00,143.4,20,ask,YieldingYams,BrilliantBurritos,6918415
2026-07-04T11:11:35.660997,2026-07-04T11:11:35.671786+00:00,143.5,200,ask,YieldingYams,WavyWalnuts,6918445
2026-07-04T11:11:39.291576,2026-07-04T11:11:39.298544+00:00,143.6,200,bid,WavyWalnuts,YieldingYams,6918500
2026-07-04T11:11:40.505913,2026-07-04T11:11:40.516425+00:00,143.6,200,ask,YieldingYams,WavyWalnuts,6918513
2026-07-04T11:11:42.799784,2026-07-04T11:11:42.811645+00:00,143.7,20,bid,BrilliantBurritos,WavyWalnuts,6918547
2026-07-04T11:11:42.921747,2026-07-04T11:11:42.928089+00:00,143.6,200,ask,YieldingYams,WavyWalnuts,6918549
2026-07-04T11:11:43.185926,2026-07-04T11:11:43.189739+00:00,143.6,23,ask,YieldingYams,Xuanyu Liu,6918555
2026-07-04T11:11:44.127867,2026-07-04T11:11:44.139579+00:00,143.6,200,bid,WavyWalnuts,YieldingYams,6918564
2026-07-04T11:11:45.777847,2026-07-04T11:11:45.789715+00:00,143.6,20,ask,WavyWalnuts,BrilliantBurritos,6918581
2026-07-04T11:11:45.847832,2026-07-04T11:11:45.852710+00:00,143.6,180,ask,WavyWalnuts,YieldingYams,6918582
2026-07-04T11:11:46.551478,2026-07-04T11:11:46.560511+00:00,143.6,200,bid,WavyWalnuts,YieldingYams,6918593
2026-07-04T11:11:51.328733,2026-07-04T11:11:51.337601+00:00,143.6,200,bid,AverageAlmonds,WavyWalnuts,6918653
2026-07-04T11:11:52.391743,2026-07-04T11:11:52.402483+00:00,143.6,500,ask,AverageAlmonds,YieldingYams,6918678
2026-07-04T11:11:52.590482,2026-07-04T11:11:52.597713+00:00,143.6,125,bid,WavyWalnuts,YieldingYams,6918681
2026-07-04T11:11:56.173772,2026-07-04T11:11:56.184450+00:00,143.7,500,bid,AverageAlmonds,YieldingYams,6918732
2026-07-04T11:11:56.220251,2026-07-04T11:11:56.232213+00:00,143.7,125,bid,WavyWalnuts,YieldingYams,6918734
2026-07-04T11:11:56.335989,2026-07-04T11:11:56.339759+00:00,143.8,12,ask,YieldingYams,Xuanyu Liu,6918738
2026-07-04T11:11:57.629714,2026-07-04T11:11:57.637859+00:00,143.9,200,bid,YieldingYams,WavyWalnuts,6918765
2026-07-04T11:11:57.643231,2026-07-04T11:11:57.646495+00:00,144.0,22,ask,YieldingYams,Xuanyu Liu,6918767
2026-07-04T11:11:58.998512,2026-07-04T11:11:59.003156+00:00,144.1,11,bid,Xuanyu Liu,WavyWalnuts,6918786
2026-07-04T11:11:59.643818,2026-07-04T11:11:59.658594+00:00,144.1,20,bid,BrilliantBurritos,WavyWalnuts,6918794
2026-07-04T11:12:02.870361,2026-07-04T11:12:02.880068+00:00,144.2,200,bid,YieldingYams,WavyWalnuts,6918835
2026-07-04T11:12:03.482649,2026-07-04T11:12:03.489588+00:00,144.2,200,ask,YieldingYams,WavyWalnuts,6918838
2026-07-04T11:12:05.488919,2026-07-04T11:12:05.499974+00:00,144.1,200,ask,WavyWalnuts,YieldingYams,6918865
2026-07-04T11:12:05.506116,2026-07-04T11:12:05.509695+00:00,144.1,11,bid,Xuanyu Liu,YieldingYams,6918867
2026-07-04T11:12:12.035007,2026-07-04T11:12:12.041457+00:00,144.1,200,ask,WavyWalnuts,YieldingYams,6918953
2026-07-04T11:12:14.654762,2026-07-04T11:12:14.655089+00:00,144.0,200,ask,WavyWalnuts,YieldingYams,6918984
2026-07-04T11:12:14.668998,2026-07-04T11:12:14.672637+00:00,144.0,12,bid,Xuanyu Liu,YieldingYams,6918986
2026-07-04T11:12:21.260031,2026-07-04T11:12:21.267643+00:00,144.2,200,bid,YieldingYams,WavyWalnuts,6919086
2026-07-04T11:12:21.278665,2026-07-04T11:12:21.282273+00:00,144.3,12,ask,YieldingYams,Xuanyu Liu,6919088
2026-07-04T11:12:22.574335,2026-07-04T11:12:22.581990+00:00,144.3,200,ask,WavyWalnuts,YieldingYams,6919108
2026-07-04T11:12:24.141347,2026-07-04T11:12:24.152583+00:00,144.2,200,ask,YieldingYams,WavyWalnuts,6919122
2026-07-04T11:12:24.379210,2026-07-04T11:12:24.383877+00:00,144.4,23,bid,Xuanyu Liu,YieldingYams,6919124
2026-07-04T11:12:25.205952,2026-07-04T11:12:25.209831+00:00,144.3,12,bid,Xuanyu Liu,YieldingYams,6919142
2026-07-04T11:12:25.503279,2026-07-04T11:12:25.515013+00:00,144.2,20,bid,BrilliantBurritos,WavyWalnuts,6919144
2026-07-04T11:12:26.497656,2026-07-04T11:12:26.505035+00:00,144.2,180,bid,YieldingYams,WavyWalnuts,6919162
2026-07-04T11:12:28.265171,2026-07-04T11:12:28.274906+00:00,144.2,200,ask,WavyWalnuts,AverageAlmonds,6919187
2026-07-04T11:12:28.975431,2026-07-04T11:12:28.982385+00:00,144.2,200,bid,WavyWalnuts,AverageAlmonds,6919192
2026-07-04T11:12:30.184852,2026-07-04T11:12:30.194256+00:00,144.3,200,bid,WavyWalnuts,YieldingYams,6919209
2026-07-04T11:12:33.039942,2026-07-04T11:12:33.061914+00:00,144.4,200,bid,YieldingYams,WavyWalnuts,6919251
2026-07-04T11:12:33.057852,2026-07-04T11:12:33.061914+00:00,144.4,23,ask,YieldingYams,Xuanyu Liu,6919253
2026-07-04T11:12:33.816573,2026-07-04T11:12:33.827605+00:00,144.4,200,ask,YieldingYams,WavyWalnuts,6919264
2026-07-04T11:12:39.170924,2026-07-04T11:12:39.180701+00:00,144.4,200,ask,WavyWalnuts,AverageAlmonds,6919331
2026-07-04T11:12:40.225923,2026-07-04T11:12:40.229603+00:00,144.3,23,ask,WavyWalnuts,Xuanyu Liu,6919348
2026-07-04T11:12:44.022803,2026-07-04T11:12:44.034216+00:00,144.3,200,ask,WavyWalnuts,AverageAlmonds,6919386
2026-07-04T11:12:44.682797,2026-07-04T11:12:44.692209+00:00,144.4,200,bid,WavyWalnuts,YieldingYams,6919391
2026-07-04T11:12:46.150876,2026-07-04T11:12:46.158623+00:00,144.3,200,ask,WavyWalnuts,YieldingYams,6919414
2026-07-04T11:12:46.507369,2026-07-04T11:12:46.511047+00:00,144.3,23,bid,Xuanyu Liu,YieldingYams,6919422
2026-07-04T11:12:47.102400,2026-07-04T11:12:47.109590+00:00,144.3,200,bid,WavyWalnuts,YieldingYams,6919433
2026-07-04T11:12:48.310799,2026-07-04T11:12:48.320181+00:00,144.3,200,bid,WavyWalnuts,AverageAlmonds,6919453
2026-07-04T11:12:48.766893,2026-07-04T11:12:48.773916+00:00,144.3,300,bid,YieldingYams,AverageAlmonds,6919463
2026-07-04T11:12:48.859204,2026-07-04T11:12:48.869013+00:00,144.3,325,ask,YieldingYams,AverageAlmonds,6919464
2026-07-04T11:12:49.518546,2026-07-04T11:12:49.528193+00:00,144.2,200,bid,WavyWalnuts,AverageAlmonds,6919467
2026-07-04T11:12:50.101533,2026-07-04T11:12:50.105457+00:00,144.1,12,ask,YieldingYams,Xuanyu Liu,6919477
2026-07-04T11:12:50.670151,2026-07-04T11:12:50.679924+00:00,144.1,500,ask,YieldingYams,AverageAlmonds,6919485
2026-07-04T11:12:51.266943,2026-07-04T11:12:51.275150+00:00,144.1,113,ask,YieldingYams,AverageAlmonds,6919488
2026-07-04T11:12:51.394375,2026-07-04T11:12:51.405653+00:00,144.0,200,ask,WavyWalnuts,YieldingYams,6919491
2026-07-04T11:12:52.085158,2026-07-04T11:12:52.093313+00:00,143.9,20,ask,WavyWalnuts,BrilliantBurritos,6919500
2026-07-04T11:12:55.319917,2026-07-04T11:12:55.331069+00:00,143.9,500,bid,YieldingYams,AverageAlmonds,6919542
2026-07-04T11:12:55.513250,2026-07-04T11:12:55.524347+00:00,143.9,125,ask,YieldingYams,AverageAlmonds,6919545
2026-07-04T11:12:56.211039,2026-07-04T11:12:56.222564+00:00,143.9,20,bid,BrilliantBurritos,AverageAlmonds,6919547
2026-07-04T11:12:56.725535,2026-07-04T11:12:56.735510+00:00,143.8,200,ask,WavyWalnuts,AverageAlmonds,6919553
2026-07-04T11:12:57.969329,2026-07-04T11:12:57.977555+00:00,143.8,200,bid,WavyWalnuts,YieldingYams,6919580
2026-07-04T11:13:00.968902,2026-07-04T11:13:00.979662+00:00,143.7,200,ask,WavyWalnuts,AverageAlmonds,6919624
2026-07-04T11:13:03.176391,2026-07-04T11:13:03.187458+00:00,143.7,200,ask,WavyWalnuts,YieldingYams,6919647
2026-07-04T11:13:03.874767,2026-07-04T11:13:03.885637+00:00,143.7,20,bid,BrilliantBurritos,YieldingYams,6919654
2026-07-04T11:13:04.485736,2026-07-04T11:13:04.495190+00:00,143.6,200,ask,WavyWalnuts,YieldingYams,6919663
2026-07-04T11:13:08.291835,2026-07-04T11:13:08.303900+00:00,143.3,20,ask,YieldingYams,BrilliantBurritos,6919707
2026-07-04T11:13:11.087742,2026-07-04T11:13:11.094185+00:00,143.5,500,bid,YieldingYams,AverageAlmonds,6919745
2026-07-04T11:13:11.237319,2026-07-04T11:13:11.247250+00:00,143.5,125,ask,YieldingYams,AverageAlmonds,6919746
2026-07-04T11:13:14.735145,2026-07-04T11:13:14.744420+00:00,143.3,20,bid,BrilliantBurritos,WavyWalnuts,6919782
2026-07-04T11:13:14.924373,2026-07-04T11:13:14.935448+00:00,143.2,200,ask,YieldingYams,WavyWalnuts,6919788
2026-07-04T11:13:16.359288,2026-07-04T11:13:16.363199+00:00,143.2,12,bid,Xuanyu Liu,YieldingYams,6919821
2026-07-04T11:13:17.304371,2026-07-04T11:13:17.311306+00:00,143.1,20,ask,WavyWalnuts,BrilliantBurritos,6919831
2026-07-04T11:13:17.342440,2026-07-04T11:13:17.353844+00:00,143.2,200,bid,WavyWalnuts,YieldingYams,6919834
2026-07-04T11:13:18.528396,2026-07-04T11:13:18.537417+00:00,143.3,500,ask,YieldingYams,AverageAlmonds,6919856
2026-07-04T11:13:19.051427,2026-07-04T11:13:19.058578+00:00,143.1,20,ask,WavyWalnuts,BrilliantBurritos,6919861
2026-07-04T11:13:20.976569,2026-07-04T11:13:20.986710+00:00,143.2,200,ask,YieldingYams,WavyWalnuts,6919889
2026-07-04T11:13:21.559977,2026-07-04T11:13:21.563610+00:00,143.3,11,bid,Xuanyu Liu,AverageAlmonds,6919898
2026-07-04T11:13:22.200791,2026-07-04T11:13:22.204673+00:00,143.2,12,bid,Xuanyu Liu,WavyWalnuts,6919909
2026-07-04T11:13:24.620214,2026-07-04T11:13:24.624106+00:00,143.1,23,ask,WavyWalnuts,Xuanyu Liu,6919942
2026-07-04T11:13:25.814289,2026-07-04T11:13:25.824457+00:00,143.2,200,bid,WavyWalnuts,YieldingYams,6919955
2026-07-04T11:13:26.313061,2026-07-04T11:13:26.324904+00:00,142.9,20,ask,YieldingYams,BrilliantBurritos,6919958
2026-07-04T11:13:27.718619,2026-07-04T11:13:27.722143+00:00,143.2,11,bid,Xuanyu Liu,WavyWalnuts,6919980
2026-07-04T11:13:28.205129,2026-07-04T11:13:28.208807+00:00,143.1,12,bid,Xuanyu Liu,YieldingYams,6919991
2026-07-04T11:13:29.447485,2026-07-04T11:13:29.458597+00:00,143.1,200,bid,WavyWalnuts,YieldingYams,6920007
2026-07-04T11:13:31.835825,2026-07-04T11:13:31.842943+00:00,143.1,200,ask,WavyWalnuts,AverageAlmonds,6920037
2026-07-04T11:13:31.866385,2026-07-04T11:13:31.870390+00:00,143.1,11,bid,Xuanyu Liu,AverageAlmonds,6920041
2026-07-04T11:13:32.082380,2026-07-04T11:13:32.094399+00:00,143.1,289,bid,YieldingYams,AverageAlmonds,6920049
2026-07-04T11:13:32.082380,2026-07-04T11:13:32.094399+00:00,143.1,200,bid,YieldingYams,WavyWalnuts,6920050
2026-07-04T11:13:32.429400,2026-07-04T11:13:32.440795+00:00,143.2,136,ask,YieldingYams,AverageAlmonds,6920053
2026-07-04T11:13:34.039937,2026-07-04T11:13:34.043839+00:00,143.1,3,bid,Xuanyu Liu,YieldingYams,6920077
2026-07-04T11:13:34.621890,2026-07-04T11:13:34.633502+00:00,143.1,20,bid,BrilliantBurritos,YieldingYams,6920084
2026-07-04T11:13:35.518500,2026-07-04T11:13:35.530095+00:00,143.0,200,bid,WavyWalnuts,YieldingYams,6920093
2026-07-04T11:13:38.633985,2026-07-04T11:13:38.643980+00:00,143.0,500,bid,YieldingYams,AverageAlmonds,6920131
2026-07-04T11:13:39.085864,2026-07-04T11:13:39.093241+00:00,143.0,125,ask,YieldingYams,AverageAlmonds,6920137
2026-07-04T11:13:39.689475,2026-07-04T11:13:39.696430+00:00,142.9,200,ask,WavyWalnuts,AverageAlmonds,6920145
2026-07-04T11:13:40.380246,2026-07-04T11:13:40.383699+00:00,142.8,14,ask,WavyWalnuts,Xuanyu Liu,6920157
2026-07-04T11:13:40.388809,2026-07-04T11:13:40.392383+00:00,142.8,12,ask,WavyWalnuts,Xuanyu Liu,6920159
2026-07-04T11:13:42.737471,2026-07-04T11:13:42.748777+00:00,142.9,200,ask,WavyWalnuts,AverageAlmonds,6920188
2026-07-04T11:13:43.752051,2026-07-04T11:13:43.758788+00:00,142.8,20,ask,YieldingYams,BrilliantBurritos,6920202
2026-07-04T11:13:45.147410,2026-07-04T11:13:45.158541+00:00,142.8,500,ask,YieldingYams,AverageAlmonds,6920219
2026-07-04T11:13:45.197516,2026-07-04T11:13:45.204618+00:00,142.7,200,ask,WavyWalnuts,YieldingYams,6920222
2026-07-04T11:13:45.207630,2026-07-04T11:13:45.225211+00:00,142.5,200,bid,WavyWalnuts,YieldingYams,6920223
2026-07-04T11:13:45.220968,2026-07-04T11:13:45.225211+00:00,142.5,26,bid,Xuanyu Liu,YieldingYams,6920226
2026-07-04T11:13:46.113534,2026-07-04T11:13:46.125132+00:00,142.5,20,bid,BrilliantBurritos,YieldingYams,6920235
2026-07-04T11:13:46.504411,2026-07-04T11:13:46.511469+00:00,142.4,200,bid,YieldingYams,WavyWalnuts,6920239
2026-07-04T11:13:46.708259,2026-07-04T11:13:46.712569+00:00,142.6,3,ask,YieldingYams,Xuanyu Liu,6920244
2026-07-04T11:13:47.635450,2026-07-04T11:13:47.645182+00:00,142.6,200,ask,YieldingYams,WavyWalnuts,6920255
2026-07-04T11:13:48.847156,2026-07-04T11:13:48.858605+00:00,142.4,200,ask,YieldingYams,WavyWalnuts,6920269
2026-07-04T11:13:52.481621,2026-07-04T11:13:52.492208+00:00,142.4,200,bid,WavyWalnuts,YieldingYams,6920306
2026-07-04T11:13:56.923799,2026-07-04T11:13:56.935572+00:00,142.4,20,ask,WavyWalnuts,BrilliantBurritos,6920370
2026-07-04T11:13:57.340507,2026-07-04T11:13:57.348996+00:00,142.5,200,bid,WavyWalnuts,YieldingYams,6920374
2026-07-04T11:14:00.929643,2026-07-04T11:14:00.938426+00:00,142.5,200,bid,YieldingYams,WavyWalnuts,6920415
2026-07-04T11:14:01.640191,2026-07-04T11:14:01.651900+00:00,142.6,20,bid,BrilliantBurritos,WavyWalnuts,6920423
2026-07-04T11:14:04.541873,2026-07-04T11:14:04.553696+00:00,142.5,20,bid,BrilliantBurritos,YieldingYams,6920449
2026-07-04T11:14:05.685537,2026-07-04T11:14:05.688991+00:00,142.3,11,ask,WavyWalnuts,Xuanyu Liu,6920471
2026-07-04T11:14:05.831910,2026-07-04T11:14:05.835763+00:00,142.4,12,ask,WavyWalnuts,Xuanyu Liu,6920477
2026-07-04T11:14:08.257898,2026-07-04T11:14:08.262008+00:00,142.5,11,ask,WavyWalnuts,Xuanyu Liu,6920510
2026-07-04T11:14:09.967497,2026-07-04T11:14:09.974852+00:00,142.6,500,ask,YieldingYams,AverageAlmonds,6920536
2026-07-04T11:14:10.152841,2026-07-04T11:14:10.156453+00:00,142.6,11,bid,Xuanyu Liu,YieldingYams,6920545
2026-07-04T11:14:10.390595,2026-07-04T11:14:10.402151+00:00,142.6,20,bid,BrilliantBurritos,YieldingYams,6920547
2026-07-04T11:14:14.821169,2026-07-04T11:14:14.831176+00:00,142.4,500,ask,YieldingYams,AverageAlmonds,6920598
2026-07-04T11:14:19.344197,2026-07-04T11:14:19.358619+00:00,142.3,200,ask,WavyWalnuts,YieldingYams,6920669
2026-07-04T11:14:20.651732,2026-07-04T11:14:20.658632+00:00,142.3,200,bid,YieldingYams,WavyWalnuts,6920690
2026-07-04T11:14:21.975085,2026-07-04T11:14:21.978757+00:00,142.4,12,bid,Xuanyu Liu,YieldingYams,6920707
2026-07-04T11:14:22.789946,2026-07-04T11:14:22.793619+00:00,142.3,11,bid,Xuanyu Liu,WavyWalnuts,6920723
2026-07-04T11:14:28.699662,2026-07-04T11:14:28.711215+00:00,142.3,20,bid,BrilliantBurritos,WavyWalnuts,6920812
2026-07-04T11:14:29.841726,2026-07-04T11:14:29.848712+00:00,142.3,200,bid,YieldingYams,WavyWalnuts,6920829
2026-07-04T11:14:31.162810,2026-07-04T11:14:31.218708+00:00,142.3,200,ask,WavyWalnuts,YieldingYams,6920847
2026-07-04T11:14:31.214795,2026-07-04T11:14:31.218708+00:00,142.3,3,bid,Xuanyu Liu,YieldingYams,6920850
2026-07-04T11:14:34.554396,2026-07-04T11:14:34.566031+00:00,142.3,20,ask,WavyWalnuts,BrilliantBurritos,6920897
2026-07-04T11:14:36.096080,2026-07-04T11:14:36.103710+00:00,142.4,200,bid,WavyWalnuts,YieldingYams,6920923
2026-07-04T11:14:36.412648,2026-07-04T11:14:36.419347+00:00,142.1,20,ask,YieldingYams,BrilliantBurritos,6920926
2026-07-04T11:14:40.942909,2026-07-04T11:14:40.951386+00:00,142.2,200,bid,WavyWalnuts,YieldingYams,6920980
2026-07-04T11:14:42.174617,2026-07-04T11:14:42.178497+00:00,142.3,3,ask,WavyWalnuts,Xuanyu Liu,6921001
2026-07-04T11:14:42.999291,2026-07-04T11:14:43.008880+00:00,142.3,197,ask,WavyWalnuts,YieldingYams,6921013
2026-07-04T11:14:45.618026,2026-07-04T11:14:45.627924+00:00,142.3,200,bid,YieldingYams,WavyWalnuts,6921046
2026-07-04T11:14:48.108612,2026-07-04T11:14:48.117141+00:00,142.3,500,ask,YieldingYams,AverageAlmonds,6921089
2026-07-04T11:14:49.973118,2026-07-04T11:14:49.976928+00:00,142.1,11,ask,WavyWalnuts,Xuanyu Liu,6921111
2026-07-04T11:14:53.152915,2026-07-04T11:14:53.164391+00:00,142.2,20,bid,BrilliantBurritos,YieldingYams,6921165
2026-07-04T11:14:53.188743,2026-07-04T11:14:53.192937+00:00,142.0,12,ask,WavyWalnuts,Xuanyu Liu,6921167
2026-07-04T11:14:53.495877,2026-07-04T11:14:53.499378+00:00,142.1,11,ask,YieldingYams,Xuanyu Liu,6921175
2026-07-04T11:14:54.270453,2026-07-04T11:14:54.281436+00:00,142.1,200,ask,YieldingYams,WavyWalnuts,6921184
2026-07-04T11:14:56.122170,2026-07-04T11:14:56.131966+00:00,142.0,200,ask,WavyWalnuts,YieldingYams,6921216
2026-07-04T11:14:57.899904,2026-07-04T11:14:57.908650+00:00,142.0,200,ask,YieldingYams,WavyWalnuts,6921245
2026-07-04T11:14:59.110590,2026-07-04T11:14:59.120639+00:00,141.9,200,ask,YieldingYams,WavyWalnuts,6921261
2026-07-04T11:15:00.064319,2026-07-04T11:15:00.068577+00:00,142.0,11,bid,Xuanyu Liu,YieldingYams,6921277
2026-07-04T11:15:00.339330,2026-07-04T11:15:00.343837+00:00,141.9,12,bid,Xuanyu Liu,WavyWalnuts,6921284
2026-07-04T11:15:01.452749,2026-07-04T11:15:01.468683+00:00,141.9,20,bid,BrilliantBurritos,WavyWalnuts,6921305
2026-07-04T11:15:03.984146,2026-07-04T11:15:03.992073+00:00,141.8,200,bid,YieldingYams,WavyWalnuts,6921333
2026-07-04T11:15:06.081150,2026-07-04T11:15:06.093173+00:00,141.8,20,ask,YieldingYams,BrilliantBurritos,6921364
2026-07-04T11:15:06.366365,2026-07-04T11:15:06.375791+00:00,141.8,200,ask,YieldingYams,WavyWalnuts,6921369
2026-07-04T11:15:09.230278,2026-07-04T11:15:09.240194+00:00,141.6,200,ask,WavyWalnuts,YieldingYams,6921414
2026-07-04T11:15:09.988906,2026-07-04T11:15:09.998236+00:00,141.6,200,bid,WavyWalnuts,YieldingYams,6921423
2026-07-04T11:15:12.107777,2026-07-04T11:15:12.111677+00:00,141.8,35,ask,YieldingYams,Xuanyu Liu,6921470
2026-07-04T11:15:16.179871,2026-07-04T11:15:16.187494+00:00,141.6,20,ask,YieldingYams,BrilliantBurritos,6921514
2026-07-04T11:15:18.481891,2026-07-04T11:15:18.486026+00:00,141.7,23,bid,Xuanyu Liu,YieldingYams,6921553
2026-07-04T11:15:18.722402,2026-07-04T11:15:18.734473+00:00,141.6,20,ask,WavyWalnuts,BrilliantBurritos,6921561
2026-07-04T11:15:23.632889,2026-07-04T11:15:23.644650+00:00,141.6,200,ask,WavyWalnuts,YieldingYams,6921638
2026-07-04T11:15:24.798554,2026-07-04T11:15:24.802602+00:00,141.6,12,bid,Xuanyu Liu,YieldingYams,6921656
2026-07-04T11:15:28.911355,2026-07-04T11:15:28.915290+00:00,141.7,12,ask,YieldingYams,Xuanyu Liu,6921717
2026-07-04T11:15:29.364318,2026-07-04T11:15:29.368064+00:00,141.8,11,ask,WavyWalnuts,Xuanyu Liu,6921720
2026-07-04T11:15:30.564616,2026-07-04T11:15:30.568904+00:00,141.9,12,ask,WavyWalnuts,Xuanyu Liu,6921741
2026-07-04T11:15:31.517087,2026-07-04T11:15:31.537121+00:00,141.9,188,ask,WavyWalnuts,YieldingYams,6921756
2026-07-04T11:15:31.533334,2026-07-04T11:15:31.537121+00:00,141.8,12,bid,Xuanyu Liu,YieldingYams,6921758
2026-07-04T11:15:31.756953,2026-07-04T11:15:31.759020+00:00,141.8,200,bid,WavyWalnuts,YieldingYams,6921762
2026-07-04T11:15:33.771202,2026-07-04T11:15:33.783113+00:00,141.9,20,bid,BrilliantBurritos,YieldingYams,6921792
2026-07-04T11:15:35.390730,2026-07-04T11:15:35.398422+00:00,141.6,200,ask,YieldingYams,WavyWalnuts,6921823
2026-07-04T11:15:37.761816,2026-07-04T11:15:37.769469+00:00,141.7,500,bid,AverageAlmonds,YieldingYams,6921848
2026-07-04T11:15:37.806170,2026-07-04T11:15:37.814152+00:00,141.7,125,bid,WavyWalnuts,YieldingYams,6921849
2026-07-04T11:15:38.919209,2026-07-04T11:15:38.930956+00:00,141.7,20,ask,WavyWalnuts,BrilliantBurritos,6921863
2026-07-04T11:15:39.017781,2026-07-04T11:15:39.028562+00:00,141.7,200,ask,AverageAlmonds,WavyWalnuts,6921865
2026-07-04T11:15:40.226101,2026-07-04T11:15:40.233088+00:00,141.8,200,ask,AverageAlmonds,WavyWalnuts,6921878
2026-07-04T11:15:40.698487,2026-07-04T11:15:40.709175+00:00,141.8,300,ask,AverageAlmonds,YieldingYams,6921883
2026-07-04T11:15:40.715272,2026-07-04T11:15:40.719152+00:00,141.7,23,bid,Xuanyu Liu,YieldingYams,6921885
2026-07-04T11:15:40.770722,2026-07-04T11:15:40.781294+00:00,141.7,302,bid,AverageAlmonds,YieldingYams,6921886
2026-07-04T11:15:42.004558,2026-07-04T11:15:42.011871+00:00,141.9,200,bid,YieldingYams,WavyWalnuts,6921908
2026-07-04T11:15:42.022423,2026-07-04T11:15:42.026095+00:00,142.0,12,ask,YieldingYams,Xuanyu Liu,6921910
2026-07-04T11:15:42.640244,2026-07-04T11:15:42.647861+00:00,142.0,200,ask,YieldingYams,WavyWalnuts,6921921
2026-07-04T11:15:45.057271,2026-07-04T11:15:45.064553+00:00,142.0,200,bid,WavyWalnuts,YieldingYams,6921961
2026-07-04T11:15:49.905702,2026-07-04T11:15:49.915664+00:00,141.9,200,ask,YieldingYams,WavyWalnuts,6922031
2026-07-04T11:15:51.128020,2026-07-04T11:15:51.131619+00:00,142.0,12,bid,Xuanyu Liu,WavyWalnuts,6922045
2026-07-04T11:15:53.978687,2026-07-04T11:15:53.988134+00:00,142.0,20,bid,BrilliantBurritos,YieldingYams,6922081
2026-07-04T11:15:54.764363,2026-07-04T11:15:54.776116+00:00,142.0,200,bid,WavyWalnuts,YieldingYams,6922090
2026-07-04T11:15:56.469654,2026-07-04T11:15:56.473846+00:00,142.1,11,bid,Xuanyu Liu,YieldingYams,6922117
2026-07-04T11:15:57.187069,2026-07-04T11:15:57.196507+00:00,142.1,200,bid,WavyWalnuts,YieldingYams,6922121
2026-07-04T11:15:57.441651,2026-07-04T11:15:57.458589+00:00,141.9,20,ask,YieldingYams,BrilliantBurritos,6922124
2026-07-04T11:15:59.654264,2026-07-04T11:15:59.665919+00:00,142.2,20,bid,BrilliantBurritos,YieldingYams,6922153
2026-07-04T11:16:00.816880,2026-07-04T11:16:00.823703+00:00,142.1,200,bid,WavyWalnuts,YieldingYams,6922177
2026-07-04T11:16:02.084350,2026-07-04T11:16:02.093859+00:00,142.2,20,bid,BrilliantBurritos,AverageAlmonds,6922192
2026-07-04T11:16:02.975499,2026-07-04T11:16:02.978814+00:00,142.1,3,bid,Xuanyu Liu,YieldingYams,6922211
2026-07-04T11:16:06.889342,2026-07-04T11:16:06.896006+00:00,142.0,200,ask,WavyWalnuts,YieldingYams,6922256
2026-07-04T11:16:06.904312,2026-07-04T11:16:06.908981+00:00,141.9,14,bid,Xuanyu Liu,YieldingYams,6922258
2026-07-04T11:16:06.909339,2026-07-04T11:16:06.924500+00:00,141.9,150,bid,Chester Au,YieldingYams,6922259
2026-07-04T11:16:08.073767,2026-07-04T11:16:08.084856+00:00,141.9,200,bid,WavyWalnuts,YieldingYams,6922273
2026-07-04T11:16:09.126843,2026-07-04T11:16:09.131628+00:00,141.9,11,ask,YieldingYams,Xuanyu Liu,6922286
2026-07-04T11:16:09.505935,2026-07-04T11:16:09.513397+00:00,142.0,200,bid,YieldingYams,WavyWalnuts,6922293
2026-07-04T11:16:09.514630,2026-07-04T11:16:09.517870+00:00,142.1,3,ask,YieldingYams,Xuanyu Liu,6922294
2026-07-04T11:16:09.655598,2026-07-04T11:16:09.665766+00:00,142.1,20,ask,YieldingYams,BrilliantBurritos,6922296
2026-07-04T11:16:17.742208,2026-07-04T11:16:17.748741+00:00,142.0,200,ask,YieldingYams,WavyWalnuts,6922422
2026-07-04T11:16:18.316278,2026-07-04T11:16:18.326724+00:00,142.0,425,ask,YieldingYams,AverageAlmonds,6922429
2026-07-04T11:16:20.176581,2026-07-04T11:16:20.185055+00:00,141.9,200,ask,YieldingYams,WavyWalnuts,6922461
2026-07-04T11:16:22.593580,2026-07-04T11:16:22.601729+00:00,141.9,200,ask,YieldingYams,WavyWalnuts,6922492
2026-07-04T11:16:24.111377,2026-07-04T11:16:24.121115+00:00,141.7,20,ask,WavyWalnuts,BrilliantBurritos,6922522
2026-07-04T11:16:24.989643,2026-07-04T11:16:24.993249+00:00,141.7,3,ask,WavyWalnuts,Xuanyu Liu,6922532
2026-07-04T11:16:24.992222,2026-07-04T11:16:25.008531+00:00,141.7,50,ask,WavyWalnuts,Chester Au,6922533
2026-07-04T11:16:25.075115,2026-07-04T11:16:25.086613+00:00,141.8,20,bid,BrilliantBurritos,WavyWalnuts,6922535
2026-07-04T11:16:27.435400,2026-07-04T11:16:27.443908+00:00,141.8,200,ask,YieldingYams,WavyWalnuts,6922577
2026-07-04T11:16:28.660016,2026-07-04T11:16:28.669772+00:00,141.7,50,ask,WavyWalnuts,Chester Au,6922599
2026-07-04T11:16:28.729990,2026-07-04T11:16:28.738907+00:00,141.7,20,ask,WavyWalnuts,BrilliantBurritos,6922600
2026-07-04T11:16:29.568880,2026-07-04T11:16:29.580434+00:00,141.8,20,bid,BrilliantBurritos,YieldingYams,6922618
2026-07-04T11:16:29.847913,2026-07-04T11:16:29.854737+00:00,141.8,200,bid,WavyWalnuts,YieldingYams,6922619
2026-07-04T11:16:34.471735,2026-07-04T11:16:34.475465+00:00,141.8,34,ask,YieldingYams,Xuanyu Liu,6922687
2026-07-04T11:16:35.896808,2026-07-04T11:16:35.905822+00:00,142.0,200,bid,WavyWalnuts,YieldingYams,6922701
2026-07-04T11:16:39.552898,2026-07-04T11:16:39.563763+00:00,141.8,200,bid,WavyWalnuts,YieldingYams,6922758
2026-07-04T11:16:39.678769,2026-07-04T11:16:39.688065+00:00,141.7,20,ask,YieldingYams,BrilliantBurritos,6922760
2026-07-04T11:16:46.176631,2026-07-04T11:16:46.185033+00:00,141.8,200,ask,WavyWalnuts,AverageAlmonds,6922837
2026-07-04T11:16:47.378010,2026-07-04T11:16:47.387490+00:00,141.7,500,ask,YieldingYams,AverageAlmonds,6922854
2026-07-04T11:16:47.546138,2026-07-04T11:16:47.558553+00:00,141.7,200,ask,WavyWalnuts,YieldingYams,6922861
2026-07-04T11:16:48.020616,2026-07-04T11:16:48.035075+00:00,141.7,200,bid,WavyWalnuts,YieldingYams,6922871
2026-07-04T11:16:49.231178,2026-07-04T11:16:49.238413+00:00,141.6,200,bid,WavyWalnuts,AverageAlmonds,6922888
2026-07-04T11:16:51.655663,2026-07-04T11:16:51.656832+00:00,141.6,200,ask,YieldingYams,WavyWalnuts,6922919
2026-07-04T11:16:52.824511,2026-07-04T11:16:52.831778+00:00,141.6,500,ask,YieldingYams,AverageAlmonds,6922935
2026-07-04T11:16:52.865204,2026-07-04T11:16:52.872351+00:00,141.6,125,ask,YieldingYams,WavyWalnuts,6922936
2026-07-04T11:16:56.434694,2026-07-04T11:16:56.446563+00:00,141.4,20,ask,WavyWalnuts,BrilliantBurritos,6922988
2026-07-04T11:16:57.711521,2026-07-04T11:16:57.721856+00:00,141.4,200,bid,WavyWalnuts,YieldingYams,6923000
2026-07-04T11:16:58.923221,2026-07-04T11:16:58.930632+00:00,141.4,200,bid,WavyWalnuts,YieldingYams,6923015
2026-07-04T11:17:00.144586,2026-07-04T11:17:00.152700+00:00,141.4,200,bid,WavyWalnuts,YieldingYams,6923025
2026-07-04T11:17:01.355591,2026-07-04T11:17:01.357385+00:00,141.5,200,bid,WavyWalnuts,YieldingYams,6923043
2026-07-04T11:17:02.566596,2026-07-04T11:17:02.576427+00:00,141.4,200,bid,WavyWalnuts,YieldingYams,6923062
2026-07-04T11:17:03.775347,2026-07-04T11:17:03.784615+00:00,141.3,200,bid,WavyWalnuts,YieldingYams,6923078
2026-07-04T11:17:15.584838,2026-07-04T11:17:15.588692+00:00,141.0,12,ask,YieldingYams,Xuanyu Liu,6923221
2026-07-04T11:17:15.824661,2026-07-04T11:17:15.832402+00:00,141.1,200,bid,AverageAlmonds,WavyWalnuts,6923226
2026-07-04T11:17:15.848958,2026-07-04T11:17:15.852992+00:00,141.1,11,ask,AverageAlmonds,Xuanyu Liu,6923228
2026-07-04T11:17:15.905573,2026-07-04T11:17:15.912062+00:00,141.1,200,ask,AverageAlmonds,WavyWalnuts,6923232
2026-07-04T11:17:16.393649,2026-07-04T11:17:16.401254+00:00,141.1,89,ask,AverageAlmonds,YieldingYams,6923244
2026-07-04T11:17:16.416682,2026-07-04T11:17:16.426633+00:00,141.1,500,bid,AverageAlmonds,YieldingYams,6923245
2026-07-04T11:17:17.634044,2026-07-04T11:17:17.643048+00:00,141.1,36,bid,AverageAlmonds,YieldingYams,6923260
2026-07-04T11:17:18.747333,2026-07-04T11:17:18.751573+00:00,141.1,23,ask,AverageAlmonds,Xuanyu Liu,6923274
2026-07-04T11:17:19.455118,2026-07-04T11:17:19.469365+00:00,141.1,20,ask,AverageAlmonds,BrilliantBurritos,6923289
2026-07-04T11:17:22.945234,2026-07-04T11:17:22.951920+00:00,141.1,200,ask,WavyWalnuts,YieldingYams,6923327
2026-07-04T11:17:22.945234,2026-07-04T11:17:22.958764+00:00,141.1,425,ask,AverageAlmonds,YieldingYams,6923328
2026-07-04T11:17:23.679181,2026-07-04T11:17:23.688893+00:00,141.3,200,bid,AverageAlmonds,WavyWalnuts,6923336
2026-07-04T11:17:24.377010,2026-07-04T11:17:24.385844+00:00,141.3,200,ask,AverageAlmonds,WavyWalnuts,6923354
2026-07-04T11:17:30.430477,2026-07-04T11:17:30.439774+00:00,141.4,200,bid,WavyWalnuts,YieldingYams,6923431
2026-07-04T11:17:31.640471,2026-07-04T11:17:31.650134+00:00,141.4,200,bid,WavyWalnuts,YieldingYams,6923446
2026-07-04T11:17:32.858873,2026-07-04T11:17:32.869468+00:00,141.5,200,ask,YieldingYams,WavyWalnuts,6923461
2026-07-04T11:17:34.111111,2026-07-04T11:17:34.118642+00:00,141.5,20,bid,BrilliantBurritos,YieldingYams,6923479
2026-07-04T11:17:38.673909,2026-07-04T11:17:38.685005+00:00,141.5,200,bid,YieldingYams,WavyWalnuts,6923548
2026-07-04T11:17:38.839636,2026-07-04T11:17:38.849247+00:00,141.5,425,ask,YieldingYams,AverageAlmonds,6923552
2026-07-04T11:17:38.900777,2026-07-04T11:17:38.909521+00:00,141.5,75,bid,WavyWalnuts,AverageAlmonds,6923553
2026-07-04T11:17:39.435857,2026-07-04T11:17:39.442564+00:00,141.6,125,ask,WavyWalnuts,AverageAlmonds,6923556
2026-07-04T11:17:40.108617,2026-07-04T11:17:40.118499+00:00,141.4,200,bid,WavyWalnuts,YieldingYams,6923569
2026-07-04T11:17:41.294375,2026-07-04T11:17:41.301746+00:00,141.4,500,bid,YieldingYams,AverageAlmonds,6923584
2026-07-04T11:17:41.317065,2026-07-04T11:17:41.320609+00:00,141.5,11,ask,YieldingYams,Xuanyu Liu,6923586
2026-07-04T11:17:41.321492,2026-07-04T11:17:41.336213+00:00,141.5,114,ask,YieldingYams,WavyWalnuts,6923587
2026-07-04T11:17:43.738013,2026-07-04T11:17:43.748624+00:00,141.3,200,bid,WavyWalnuts,YieldingYams,6923615
2026-07-04T11:17:46.834402,2026-07-04T11:17:46.842438+00:00,141.2,20,bid,BrilliantBurritos,WavyWalnuts,6923656
2026-07-04T11:17:48.578453,2026-07-04T11:17:48.587370+00:00,141.2,200,bid,WavyWalnuts,YieldingYams,6923681
2026-07-04T11:17:49.788194,2026-07-04T11:17:49.797019+00:00,141.2,200,bid,WavyWalnuts,YieldingYams,6923695
2026-07-04T11:17:51.795106,2026-07-04T11:17:51.804708+00:00,141.3,20,bid,BrilliantBurritos,YieldingYams,6923724
2026-07-04T11:17:53.626423,2026-07-04T11:17:53.630497+00:00,141.3,11,bid,Xuanyu Liu,YieldingYams,6923746
2026-07-04T11:17:58.331840,2026-07-04T11:17:58.335947+00:00,141.4,11,ask,WavyWalnuts,Xuanyu Liu,6923828
2026-07-04T11:17:58.343905,2026-07-04T11:17:58.351590+00:00,141.4,189,ask,WavyWalnuts,YieldingYams,6923829
2026-07-04T11:17:59.512921,2026-07-04T11:17:59.524167+00:00,141.4,200,bid,WavyWalnuts,YieldingYams,6923842
2026-07-04T11:18:01.829099,2026-07-04T11:18:01.840637+00:00,141.3,20,ask,WavyWalnuts,BrilliantBurritos,6923884
2026-07-04T11:18:03.148231,2026-07-04T11:18:03.157824+00:00,141.5,200,bid,WavyWalnuts,AverageAlmonds,6923897
2026-07-04T11:18:04.262749,2026-07-04T11:18:04.274259+00:00,141.4,500,ask,YieldingYams,AverageAlmonds,6923916
2026-07-04T11:18:04.857219,2026-07-04T11:18:04.863573+00:00,141.4,125,ask,YieldingYams,AverageAlmonds,6923924
2026-07-04T11:18:04.904176,2026-07-04T11:18:04.911505+00:00,141.3,200,ask,WavyWalnuts,YieldingYams,6923927
2026-07-04T11:18:05.566104,2026-07-04T11:18:05.574317+00:00,141.1,200,bid,WavyWalnuts,YieldingYams,6923934
2026-07-04T11:18:06.774485,2026-07-04T11:18:06.786083+00:00,141.2,200,bid,WavyWalnuts,YieldingYams,6923949
2026-07-04T11:18:07.995064,2026-07-04T11:18:07.998751+00:00,141.1,6,ask,WavyWalnuts,Xuanyu Liu,6923964
2026-07-04T11:18:09.816301,2026-07-04T11:18:09.828169+00:00,141.1,20,ask,WavyWalnuts,BrilliantBurritos,6923998
2026-07-04T11:18:10.145817,2026-07-04T11:18:10.158542+00:00,141.1,180,ask,WavyWalnuts,YieldingYams,6924001
2026-07-04T11:18:10.398239,2026-07-04T11:18:10.408449+00:00,141.1,200,bid,WavyWalnuts,YieldingYams,6924003
2026-07-04T11:18:11.033285,2026-07-04T11:18:11.044974+00:00,140.8,20,ask,YieldingYams,BrilliantBurritos,6924009
2026-07-04T11:18:12.630866,2026-07-04T11:18:12.634164+00:00,141.2,17,bid,Xuanyu Liu,YieldingYams,6924030
2026-07-04T11:18:12.826054,2026-07-04T11:18:12.834174+00:00,141.2,200,bid,WavyWalnuts,AverageAlmonds,6924039
2026-07-04T11:18:14.040667,2026-07-04T11:18:14.052504+00:00,141.2,200,bid,WavyWalnuts,YieldingYams,6924056
2026-07-04T11:18:15.254889,2026-07-04T11:18:15.258612+00:00,141.2,200,bid,WavyWalnuts,YieldingYams,6924075
2026-07-04T11:18:16.707877,2026-07-04T11:18:16.716283+00:00,141.3,500,bid,YieldingYams,AverageAlmonds,6924101
2026-07-04T11:18:16.707877,2026-07-04T11:18:16.716283+00:00,141.3,125,bid,YieldingYams,WavyWalnuts,6924102
2026-07-04T11:18:22.517496,2026-07-04T11:18:22.525751+00:00,141.2,200,bid,WavyWalnuts,AverageAlmonds,6924174
2026-07-04T11:18:23.728360,2026-07-04T11:18:23.738818+00:00,141.1,200,bid,WavyWalnuts,AverageAlmonds,6924186
2026-07-04T11:18:26.150646,2026-07-04T11:18:26.160061+00:00,141.1,200,bid,WavyWalnuts,AverageAlmonds,6924225
2026-07-04T11:18:26.644718,2026-07-04T11:18:26.652818+00:00,141.0,500,ask,YieldingYams,AverageAlmonds,6924229
2026-07-04T11:18:27.360505,2026-07-04T11:18:27.368847+00:00,141.0,200,bid,WavyWalnuts,YieldingYams,6924241
2026-07-04T11:18:28.532373,2026-07-04T11:18:28.554133+00:00,141.0,500,bid,YieldingYams,AverageAlmonds,6924253
2026-07-04T11:18:28.550340,2026-07-04T11:18:28.554133+00:00,141.0,17,ask,YieldingYams,Xuanyu Liu,6924256
2026-07-04T11:18:29.776076,2026-07-04T11:18:29.783477+00:00,141.1,200,bid,WavyWalnuts,AverageAlmonds,6924277
2026-07-04T11:18:29.885501,2026-07-04T11:18:29.897038+00:00,141.0,20,bid,BrilliantBurritos,YieldingYams,6924281
2026-07-04T11:18:31.160757,2026-07-04T11:18:31.169031+00:00,140.9,200,ask,WavyWalnuts,YieldingYams,6924291
2026-07-04T11:18:34.612314,2026-07-04T11:18:34.623693+00:00,140.8,200,ask,YieldingYams,WavyWalnuts,6924339
2026-07-04T11:18:35.107619,2026-07-04T11:18:35.111396+00:00,140.8,17,bid,Xuanyu Liu,YieldingYams,6924346
2026-07-04T11:18:36.408992,2026-07-04T11:18:36.419194+00:00,140.7,200,ask,WavyWalnuts,YieldingYams,6924371
2026-07-04T11:18:36.425786,2026-07-04T11:18:36.429647+00:00,140.7,12,bid,Xuanyu Liu,YieldingYams,6924373
2026-07-04T11:18:37.027841,2026-07-04T11:18:37.038463+00:00,140.7,200,bid,WavyWalnuts,YieldingYams,6924385
2026-07-04T11:18:40.337612,2026-07-04T11:18:40.347442+00:00,141.0,200,bid,YieldingYams,WavyWalnuts,6924434
2026-07-04T11:18:40.724135,2026-07-04T11:18:40.735887+00:00,141.1,20,bid,BrilliantBurritos,AverageAlmonds,6924442
2026-07-04T11:18:43.102206,2026-07-04T11:18:43.113073+00:00,140.8,200,ask,YieldingYams,WavyWalnuts,6924473
2026-07-04T11:18:44.799523,2026-07-04T11:18:44.806264+00:00,140.9,500,ask,YieldingYams,AverageAlmonds,6924489
2026-07-04T11:18:46.290207,2026-07-04T11:18:46.301752+00:00,140.9,20,bid,BrilliantBurritos,YieldingYams,6924510
2026-07-04T11:18:47.837615,2026-07-04T11:18:47.854680+00:00,140.8,200,ask,WavyWalnuts,AverageAlmonds,6924530
2026-07-04T11:18:47.851055,2026-07-04T11:18:47.854680+00:00,140.8,11,bid,Xuanyu Liu,AverageAlmonds,6924532
2026-07-04T11:18:47.943349,2026-07-04T11:18:47.950777+00:00,140.8,200,bid,WavyWalnuts,AverageAlmonds,6924533
2026-07-04T11:18:48.196749,2026-07-04T11:18:48.205016+00:00,140.8,89,bid,YieldingYams,AverageAlmonds,6924538
2026-07-04T11:18:48.440236,2026-07-04T11:18:48.448370+00:00,140.8,500,ask,YieldingYams,AverageAlmonds,6924544
2026-07-04T11:18:49.039350,2026-07-04T11:18:49.076499+00:00,140.8,36,ask,YieldingYams,AverageAlmonds,6924551
2026-07-04T11:18:49.072835,2026-07-04T11:18:49.076499+00:00,140.7,11,bid,Xuanyu Liu,AverageAlmonds,6924556
2026-07-04T11:18:49.151585,2026-07-04T11:18:49.160622+00:00,140.7,200,bid,WavyWalnuts,AverageAlmonds,6924559
2026-07-04T11:18:50.362344,2026-07-04T11:18:50.369567+00:00,140.7,200,bid,WavyWalnuts,YieldingYams,6924580
2026-07-04T11:18:51.573519,2026-07-04T11:18:51.580542+00:00,140.7,200,bid,WavyWalnuts,AverageAlmonds,6924601
2026-07-04T11:18:52.786596,2026-07-04T11:18:52.797060+00:00,140.8,200,bid,WavyWalnuts,YieldingYams,6924617
2026-07-04T11:18:53.995555,2026-07-04T11:18:54.002867+00:00,140.7,200,bid,WavyWalnuts,AverageAlmonds,6924634
2026-07-04T11:18:54.746768,2026-07-04T11:18:54.758586+00:00,140.7,20,bid,BrilliantBurritos,AverageAlmonds,6924648
2026-07-04T11:18:54.749682,2026-07-04T11:18:54.768982+00:00,140.7,480,bid,YieldingYams,AverageAlmonds,6924649
2026-07-04T11:18:55.087253,2026-07-04T11:18:55.096632+00:00,140.8,145,ask,YieldingYams,AverageAlmonds,6924655
2026-07-04T11:18:55.205833,2026-07-04T11:18:55.217495+00:00,140.7,200,bid,WavyWalnuts,AverageAlmonds,6924660
2026-07-04T11:18:57.540860,2026-07-04T11:18:57.558581+00:00,140.6,200,ask,WavyWalnuts,AverageAlmonds,6924676
2026-07-04T11:18:57.540860,2026-07-04T11:18:57.558581+00:00,140.6,300,ask,YieldingYams,AverageAlmonds,6924677
2026-07-04T11:18:58.130421,2026-07-04T11:18:58.137980+00:00,140.6,325,ask,YieldingYams,AverageAlmonds,6924681
2026-07-04T11:18:58.130421,2026-07-04T11:18:58.142984+00:00,140.6,175,ask,WavyWalnuts,AverageAlmonds,6924682
2026-07-04T11:18:58.677185,2026-07-04T11:18:58.683799+00:00,140.6,25,ask,WavyWalnuts,YieldingYams,6924690
2026-07-04T11:18:58.694271,2026-07-04T11:18:58.697843+00:00,140.6,12,bid,Xuanyu Liu,YieldingYams,6924692
2026-07-04T11:18:59.949823,2026-07-04T11:18:59.970325+00:00,140.5,200,ask,WavyWalnuts,AverageAlmonds,6924705
2026-07-04T11:18:59.966515,2026-07-04T11:18:59.970325+00:00,140.5,11,bid,Xuanyu Liu,AverageAlmonds,6924708
2026-07-04T11:19:01.307094,2026-07-04T11:19:01.317497+00:00,140.5,20,ask,YieldingYams,BrilliantBurritos,6924723
2026-07-04T11:19:02.612355,2026-07-04T11:19:02.623482+00:00,140.6,500,bid,YieldingYams,AverageAlmonds,6924740
2026-07-04T11:19:02.612355,2026-07-04T11:19:02.623482+00:00,140.6,125,bid,YieldingYams,WavyWalnuts,6924741
2026-07-04T11:19:05.235924,2026-07-04T11:19:05.245750+00:00,140.5,200,bid,YieldingYams,WavyWalnuts,6924768
2026-07-04T11:19:05.235924,2026-07-04T11:19:05.245750+00:00,140.6,425,bid,YieldingYams,AverageAlmonds,6924769
2026-07-04T11:19:07.204311,2026-07-04T11:19:07.211520+00:00,140.4,200,ask,WavyWalnuts,AverageAlmonds,6924799
2026-07-04T11:19:07.204311,2026-07-04T11:19:07.216798+00:00,140.4,300,ask,YieldingYams,AverageAlmonds,6924800
2026-07-04T11:19:10.878270,2026-07-04T11:19:10.890132+00:00,140.3,20,ask,YieldingYams,BrilliantBurritos,6924837
2026-07-04T11:19:12.659800,2026-07-04T11:19:12.669428+00:00,140.3,200,ask,WavyWalnuts,AverageAlmonds,6924858
2026-07-04T11:19:17.507519,2026-07-04T11:19:17.516743+00:00,140.3,200,ask,WavyWalnuts,AverageAlmonds,6924908
2026-07-04T11:19:17.507519,2026-07-04T11:19:17.516743+00:00,140.3,300,ask,YieldingYams,AverageAlmonds,6924909
2026-07-04T11:19:18.107854,2026-07-04T11:19:18.119140+00:00,140.3,325,ask,YieldingYams,AverageAlmonds,6924917
2026-07-04T11:19:18.176015,2026-07-04T11:19:18.186249+00:00,140.3,175,bid,WavyWalnuts,AverageAlmonds,6924918
2026-07-04T11:19:18.363385,2026-07-04T11:19:18.374476+00:00,140.4,25,ask,WavyWalnuts,YieldingYams,6924920
2026-07-04T11:19:18.380002,2026-07-04T11:19:18.383547+00:00,140.1,12,bid,Xuanyu Liu,YieldingYams,6924922
2026-07-04T11:19:19.388201,2026-07-04T11:19:19.399241+00:00,140.1,200,bid,WavyWalnuts,YieldingYams,6924938
2026-07-04T11:19:20.991874,2026-07-04T11:19:20.999000+00:00,140.2,200,ask,WavyWalnuts,YieldingYams,6924962
2026-07-04T11:19:21.803519,2026-07-04T11:19:21.811573+00:00,140.2,200,bid,WavyWalnuts,YieldingYams,6924972
2026-07-04T11:19:22.497647,2026-07-04T11:19:22.505138+00:00,140.3,20,bid,BrilliantBurritos,YieldingYams,6924990
2026-07-04T11:19:23.625654,2026-07-04T11:19:23.629816+00:00,140.3,12,ask,YieldingYams,Xuanyu Liu,6924999
2026-07-04T11:19:24.227752,2026-07-04T11:19:24.234839+00:00,140.3,200,ask,YieldingYams,WavyWalnuts,6925001
2026-07-04T11:19:25.433528,2026-07-04T11:19:25.448874+00:00,140.3,200,bid,WavyWalnuts,AverageAlmonds,6925018
2026-07-04T11:19:25.445605,2026-07-04T11:19:25.448874+00:00,140.3,26,bid,Xuanyu Liu,AverageAlmonds,6925020
2026-07-04T11:19:28.601143,2026-07-04T11:19:28.605059+00:00,140.3,3,ask,WavyWalnuts,Xuanyu Liu,6925057
2026-07-04T11:19:30.718535,2026-07-04T11:19:30.725858+00:00,140.3,20,ask,YieldingYams,BrilliantBurritos,6925091
2026-07-04T11:19:33.266508,2026-07-04T11:19:33.274310+00:00,140.4,20,bid,BrilliantBurritos,YieldingYams,6925126
2026-07-04T11:19:36.319913,2026-07-04T11:19:36.328715+00:00,140.3,200,bid,WavyWalnuts,YieldingYams,6925164
2026-07-04T11:19:37.528519,2026-07-04T11:19:37.536894+00:00,140.4,200,bid,WavyWalnuts,YieldingYams,6925182
2026-07-04T11:19:39.976197,2026-07-04T11:19:39.983427+00:00,140.2,20,ask,YieldingYams,BrilliantBurritos,6925226
2026-07-04T11:19:43.571138,2026-07-04T11:19:43.581967+00:00,140.2,200,ask,YieldingYams,WavyWalnuts,6925281
2026-07-04T11:19:44.781008,2026-07-04T11:19:44.792555+00:00,140.1,200,ask,YieldingYams,WavyWalnuts,6925297
2026-07-04T11:19:47.175072,2026-07-04T11:19:47.184780+00:00,140.3,500,bid,AverageAlmonds,YieldingYams,6925338
2026-07-04T11:19:47.303875,2026-07-04T11:19:47.311763+00:00,140.2,200,bid,YieldingYams,WavyWalnuts,6925349
2026-07-04T11:19:47.319280,2026-07-04T11:19:47.323255+00:00,140.4,11,ask,YieldingYams,Xuanyu Liu,6925352
2026-07-04T11:19:48.432270,2026-07-04T11:19:48.442134+00:00,140.4,200,ask,YieldingYams,WavyWalnuts,6925370
2026-07-04T11:19:48.636276,2026-07-04T11:19:48.639829+00:00,140.3,2,bid,Xuanyu Liu,YieldingYams,6925374
2026-07-04T11:19:50.852146,2026-07-04T11:19:50.858636+00:00,140.2,200,ask,YieldingYams,WavyWalnuts,6925411
2026-07-04T11:19:52.059042,2026-07-04T11:19:52.068565+00:00,140.3,200,bid,WavyWalnuts,YieldingYams,6925427
2026-07-04T11:19:57.801062,2026-07-04T11:19:57.819191+00:00,140.4,200,bid,YieldingYams,WavyWalnuts,6925511
2026-07-04T11:19:57.816036,2026-07-04T11:19:57.819191+00:00,140.4,14,ask,YieldingYams,Xuanyu Liu,6925513
2026-07-04T11:19:58.099550,2026-07-04T11:19:58.109978+00:00,140.4,200,ask,YieldingYams,WavyWalnuts,6925518
2026-07-04T11:20:03.395078,2026-07-04T11:20:03.398834+00:00,140.3,23,ask,YieldingYams,Xuanyu Liu,6925589
2026-07-04T11:20:06.978203,2026-07-04T11:20:06.987931+00:00,140.4,200,bid,YieldingYams,WavyWalnuts,6925642
2026-07-04T11:20:07.590366,2026-07-04T11:20:07.599315+00:00,140.4,20,ask,YieldingYams,BrilliantBurritos,6925656
2026-07-04T11:20:09.733720,2026-07-04T11:20:09.737500+00:00,140.4,11,ask,WavyWalnuts,Xuanyu Liu,6925686
2026-07-04T11:20:22.336058,2026-07-04T11:20:22.339977+00:00,140.3,23,bid,Xuanyu Liu,WavyWalnuts,6925884
2026-07-04T11:20:24.732654,2026-07-04T11:20:24.744410+00:00,140.1,200,ask,YieldingYams,WavyWalnuts,6925908
2026-07-04T11:20:25.939907,2026-07-04T11:20:25.951523+00:00,140.0,200,bid,WavyWalnuts,YieldingYams,6925927
2026-07-04T11:20:28.368818,2026-07-04T11:20:28.379570+00:00,140.0,200,ask,YieldingYams,WavyWalnuts,6925957
2026-07-04T11:20:29.576561,2026-07-04T11:20:29.584304+00:00,140.1,200,ask,YieldingYams,WavyWalnuts,6925964
2026-07-04T11:20:30.802721,2026-07-04T11:20:30.806441+00:00,140.1,11,bid,Xuanyu Liu,WavyWalnuts,6925984
2026-07-04T11:20:31.480827,2026-07-04T11:20:31.487681+00:00,139.9,20,ask,YieldingYams,BrilliantBurritos,6925991
2026-07-04T11:20:33.201092,2026-07-04T11:20:33.208839+00:00,140.0,200,bid,WavyWalnuts,YieldingYams,6926008
2026-07-04T11:20:34.538717,2026-07-04T11:20:34.549148+00:00,140.0,500,bid,YieldingYams,AverageAlmonds,6926035
2026-07-04T11:20:34.538717,2026-07-04T11:20:34.549148+00:00,140.1,125,bid,YieldingYams,WavyWalnuts,6926036
2026-07-04T11:20:35.004593,2026-07-04T11:20:35.007904+00:00,139.9,12,bid,Xuanyu Liu,AverageAlmonds,6926047
2026-07-04T11:20:35.014056,2026-07-04T11:20:35.017331+00:00,139.9,14,bid,Xuanyu Liu,AverageAlmonds,6926049
2026-07-04T11:20:35.603446,2026-07-04T11:20:35.610590+00:00,139.8,200,ask,WavyWalnuts,AverageAlmonds,6926062
2026-07-04T11:20:35.633989,2026-07-04T11:20:35.643286+00:00,139.8,200,bid,WavyWalnuts,AverageAlmonds,6926065
2026-07-04T11:20:36.842760,2026-07-04T11:20:36.858647+00:00,139.8,200,bid,WavyWalnuts,AverageAlmonds,6926079
2026-07-04T11:20:37.163663,2026-07-04T11:20:37.174022+00:00,139.8,300,bid,YieldingYams,AverageAlmonds,6926086
2026-07-04T11:20:41.091211,2026-07-04T11:20:41.100575+00:00,139.8,500,bid,YieldingYams,AverageAlmonds,6926140
2026-07-04T11:20:41.650404,2026-07-04T11:20:41.656081+00:00,139.9,125,ask,YieldingYams,AverageAlmonds,6926153
2026-07-04T11:20:41.684987,2026-07-04T11:20:41.689382+00:00,139.8,36,bid,Chester Au,AverageAlmonds,6926158
2026-07-04T11:20:41.685217,2026-07-04T11:20:41.705043+00:00,139.8,14,bid,Xuanyu Liu,AverageAlmonds,6926159
2026-07-04T11:20:41.696765,2026-07-04T11:20:41.705043+00:00,139.8,200,bid,WavyWalnuts,AverageAlmonds,6926161
2026-07-04T11:20:42.905003,2026-07-04T11:20:42.914687+00:00,139.7,200,bid,WavyWalnuts,YieldingYams,6926175
2026-07-04T11:20:44.113004,2026-07-04T11:20:44.121742+00:00,139.7,200,bid,WavyWalnuts,YieldingYams,6926191
2026-07-04T11:20:44.512723,2026-07-04T11:20:44.516544+00:00,139.4,11,ask,YieldingYams,Xuanyu Liu,6926199
2026-07-04T11:20:45.321800,2026-07-04T11:20:45.328584+00:00,139.6,200,bid,WavyWalnuts,AverageAlmonds,6926212
2026-07-04T11:20:45.631683,2026-07-04T11:20:45.643307+00:00,139.4,20,ask,YieldingYams,BrilliantBurritos,6926219
2026-07-04T11:20:46.530363,2026-07-04T11:20:46.539684+00:00,139.5,200,bid,WavyWalnuts,YieldingYams,6926230
2026-07-04T11:20:47.664109,2026-07-04T11:20:47.668021+00:00,139.4,3,ask,YieldingYams,Xuanyu Liu,6926249
2026-07-04T11:20:48.947341,2026-07-04T11:20:48.955492+00:00,139.4,200,ask,YieldingYams,WavyWalnuts,6926263
2026-07-04T11:20:48.968421,2026-07-04T11:20:48.979624+00:00,139.2,200,ask,WavyWalnuts,YieldingYams,6926265
2026-07-04T11:20:50.150896,2026-07-04T11:20:50.158569+00:00,139.2,200,bid,WavyWalnuts,YieldingYams,6926273
2026-07-04T11:20:51.360104,2026-07-04T11:20:51.367842+00:00,139.3,200,ask,YieldingYams,WavyWalnuts,6926285
2026-07-04T11:20:55.517005,2026-07-04T11:20:55.526984+00:00,139.2,200,bid,YieldingYams,WavyWalnuts,6926341
2026-07-04T11:20:56.215567,2026-07-04T11:20:56.222353+00:00,139.3,16,ask,WavyWalnuts,Chester Au,6926348
2026-07-04T11:20:56.829757,2026-07-04T11:20:56.838144+00:00,139.3,184,ask,WavyWalnuts,YieldingYams,6926360
2026-07-04T11:20:57.422639,2026-07-04T11:20:57.426231+00:00,139.2,3,ask,WavyWalnuts,Xuanyu Liu,6926374
2026-07-04T11:20:57.425498,2026-07-04T11:20:57.446583+00:00,139.2,20,ask,WavyWalnuts,Chester Au,6926375
2026-07-04T11:20:58.642949,2026-07-04T11:20:58.646452+00:00,139.3,11,ask,WavyWalnuts,Xuanyu Liu,6926394
2026-07-04T11:20:59.184421,2026-07-04T11:20:59.196256+00:00,139.4,20,bid,BrilliantBurritos,YieldingYams,6926398
2026-07-04T11:21:02.071985,2026-07-04T11:21:02.093001+00:00,139.1,200,ask,WavyWalnuts,YieldingYams,6926439
2026-07-04T11:21:02.089390,2026-07-04T11:21:02.093001+00:00,139.1,14,bid,Xuanyu Liu,YieldingYams,6926441
2026-07-04T11:21:04.276835,2026-07-04T11:21:04.285934+00:00,139.1,20,ask,YieldingYams,BrilliantBurritos,6926474
2026-07-04T11:21:04.695429,2026-07-04T11:21:04.706592+00:00,139.2,200,bid,YieldingYams,WavyWalnuts,6926481
2026-07-04T11:21:04.695429,2026-07-04T11:21:04.706592+00:00,139.4,425,bid,YieldingYams,AverageAlmonds,6926482
2026-07-04T11:21:06.009136,2026-07-04T11:21:06.017682+00:00,139.1,200,ask,WavyWalnuts,YieldingYams,6926499
2026-07-04T11:21:07.289821,2026-07-04T11:21:07.304726+00:00,138.8,20,ask,YieldingYams,BrilliantBurritos,6926516
2026-07-04T11:21:07.317957,2026-07-04T11:21:07.325326+00:00,138.9,200,bid,YieldingYams,WavyWalnuts,6926521
2026-07-04T11:21:07.336184,2026-07-04T11:21:07.339790+00:00,139.1,26,ask,YieldingYams,Xuanyu Liu,6926523
2026-07-04T11:21:08.325038,2026-07-04T11:21:08.333288+00:00,139.1,200,ask,YieldingYams,WavyWalnuts,6926532
2026-07-04T11:21:09.697947,2026-07-04T11:21:09.709764+00:00,138.9,20,ask,YieldingYams,BrilliantBurritos,6926548
2026-07-04T11:21:11.955058,2026-07-04T11:21:11.964806+00:00,139.0,200,bid,WavyWalnuts,YieldingYams,6926573
2026-07-04T11:21:13.164718,2026-07-04T11:21:13.174380+00:00,139.0,200,ask,YieldingYams,WavyWalnuts,6926589
2026-07-04T11:21:14.372422,2026-07-04T11:21:14.380436+00:00,138.9,200,ask,YieldingYams,WavyWalnuts,6926608
2026-07-04T11:21:18.014192,2026-07-04T11:21:18.022912+00:00,138.9,200,ask,YieldingYams,WavyWalnuts,6926671
2026-07-04T11:21:20.452547,2026-07-04T11:21:20.481181+00:00,139.0,200,bid,YieldingYams,WavyWalnuts,6926711
2026-07-04T11:21:20.477675,2026-07-04T11:21:20.481181+00:00,139.0,23,ask,YieldingYams,Xuanyu Liu,6926717
2026-07-04T11:21:21.645115,2026-07-04T11:21:21.658546+00:00,139.0,200,ask,YieldingYams,WavyWalnuts,6926731
2026-07-04T11:21:22.859318,2026-07-04T11:21:22.868942+00:00,139.1,200,bid,WavyWalnuts,YieldingYams,6926758
2026-07-04T11:21:24.069230,2026-07-04T11:21:24.079373+00:00,139.1,200,bid,WavyWalnuts,YieldingYams,6926776
2026-07-04T11:21:24.624650,2026-07-04T11:21:24.636154+00:00,139.1,20,bid,BrilliantBurritos,AverageAlmonds,6926780
2026-07-04T11:21:25.276706,2026-07-04T11:21:25.286238+00:00,139.1,200,bid,WavyWalnuts,YieldingYams,6926791
2026-07-04T11:21:25.660804,2026-07-04T11:21:25.664573+00:00,138.9,34,ask,YieldingYams,Xuanyu Liu,6926799
2026-07-04T11:21:25.716986,2026-07-04T11:21:25.720734+00:00,139.0,11,ask,YieldingYams,Xuanyu Liu,6926803
2026-07-04T11:21:30.127819,2026-07-04T11:21:30.138133+00:00,139.1,200,bid,WavyWalnuts,YieldingYams,6926866
2026-07-04T11:21:31.924058,2026-07-04T11:21:31.931139+00:00,139.1,200,ask,WavyWalnuts,AverageAlmonds,6926892
2026-07-04T11:21:31.955611,2026-07-04T11:21:31.959162+00:00,139.1,11,bid,Xuanyu Liu,AverageAlmonds,6926896
2026-07-04T11:21:33.601710,2026-07-04T11:21:33.608879+00:00,139.1,500,bid,YieldingYams,AverageAlmonds,6926918
