timestamp,recv_time,price,volume,aggressor_side,buyer,seller,trade_id
2026-07-06T05:00:00.462413,2026-07-06T05:00:00.489802+00:00,150.3,200,ask,AverageAlmonds,WavyWalnuts,9142741
2026-07-06T05:00:00.751621,2026-07-06T05:00:00.739232+00:00,150.4,20,bid,BrilliantBurritos,YieldingYams,9142747
2026-07-06T05:00:01.671713,2026-07-06T05:00:01.679362+00:00,150.3,200,ask,AverageAlmonds,WavyWalnuts,9142763
2026-07-06T05:00:02.211163,2026-07-06T05:00:02.222007+00:00,150.4,500,bid,AverageAlmonds,YieldingYams,9142778
2026-07-06T05:00:02.796210,2026-07-06T05:00:02.807851+00:00,150.2,8,ask,YieldingYams,Zhangyue Shen,9142781
2026-07-06T05:00:02.807402,2026-07-06T05:00:02.820614+00:00,150.4,125,bid,AverageAlmonds,YieldingYams,9142782
2026-07-06T05:00:02.905724,2026-07-06T05:00:02.917569+00:00,150.4,20,ask,AverageAlmonds,BrilliantBurritos,9142786
2026-07-06T05:00:03.194278,2026-07-06T05:00:03.204031+00:00,150.5,200,bid,YieldingYams,WavyWalnuts,9142787
2026-07-06T05:00:03.311882,2026-07-06T05:00:03.321301+00:00,150.5,8,ask,YieldingYams,Zhangyue Shen,9142791
2026-07-06T05:00:03.835474,2026-07-06T05:00:03.844918+00:00,150.5,3,ask,YieldingYams,Zhangyue Shen,9142795
2026-07-06T05:00:04.088120,2026-07-06T05:00:04.099673+00:00,150.5,200,ask,YieldingYams,WavyWalnuts,9142798
2026-07-06T05:00:04.102643,2026-07-06T05:00:04.099673+00:00,150.5,3,ask,YieldingYams,Zhangyue Shen,9142800
2026-07-06T05:00:04.511541,2026-07-06T05:00:04.521564+00:00,150.5,500,ask,AverageAlmonds,YieldingYams,9142802
2026-07-06T05:00:04.613115,2026-07-06T05:00:04.622690+00:00,150.5,125,bid,AverageAlmonds,YieldingYams,9142805
2026-07-06T05:00:04.667172,2026-07-06T05:00:04.686805+00:00,150.5,6,ask,AverageAlmonds,Zhangyue Shen,9142814
2026-07-06T05:00:06.504022,2026-07-06T05:00:06.514135+00:00,150.6,200,ask,YieldingYams,WavyWalnuts,9142847
2026-07-06T05:00:07.136215,2026-07-06T05:00:07.146841+00:00,150.6,500,ask,AverageAlmonds,YieldingYams,9142854
2026-07-06T05:00:08.672675,2026-07-06T05:00:08.684578+00:00,150.5,20,ask,WavyWalnuts,BrilliantBurritos,9142888
2026-07-06T05:00:10.970675,2026-07-06T05:00:10.979953+00:00,150.7,8,bid,Zhangyue Shen,YieldingYams,9142926
2026-07-06T05:00:11.075927,2026-07-06T05:00:11.086981+00:00,150.6,200,ask,WavyWalnuts,YieldingYams,9142928
2026-07-06T05:00:13.989166,2026-07-06T05:00:14.000916+00:00,150.7,8,ask,YieldingYams,Zhangyue Shen,9142970
2026-07-06T05:00:15.223924,2026-07-06T05:00:15.228418+00:00,151.0,11,bid,Xuanyu Liu,WavyWalnuts,9142988
2026-07-06T05:00:15.254233,2026-07-06T05:00:15.263599+00:00,151.0,8,bid,Zhangyue Shen,WavyWalnuts,9142989
2026-07-06T05:00:16.376426,2026-07-06T05:00:16.380146+00:00,150.9,12,bid,Xuanyu Liu,YieldingYams,9143014
2026-07-06T05:00:17.664127,2026-07-06T05:00:17.668312+00:00,150.8,11,bid,Xuanyu Liu,YieldingYams,9143025
2026-07-06T05:00:19.512275,2026-07-06T05:00:19.524104+00:00,150.7,4,ask,WavyWalnuts,Kaleb Liu,9143052
2026-07-06T05:00:19.553255,2026-07-06T05:00:19.560274+00:00,150.8,8,bid,Zhangyue Shen,YieldingYams,9143055
2026-07-06T05:00:22.267637,2026-07-06T05:00:22.275472+00:00,150.8,20,bid,BrilliantBurritos,WavyWalnuts,9143095
2026-07-06T05:00:22.913599,2026-07-06T05:00:22.924144+00:00,150.8,180,bid,YieldingYams,WavyWalnuts,9143105
2026-07-06T05:00:23.468749,2026-07-06T05:00:23.475184+00:00,150.8,200,ask,YieldingYams,WavyWalnuts,9143113
2026-07-06T05:00:23.831152,2026-07-06T05:00:23.842871+00:00,151.0,8,bid,Zhangyue Shen,YieldingYams,9143118
2026-07-06T05:00:24.960836,2026-07-06T05:00:24.967485+00:00,150.8,20,bid,BrilliantBurritos,YieldingYams,9143136
2026-07-06T05:00:25.547147,2026-07-06T05:00:25.558605+00:00,150.7,200,ask,WavyWalnuts,YieldingYams,9143148
2026-07-06T05:00:25.547147,2026-07-06T05:00:25.558605+00:00,150.7,425,ask,AverageAlmonds,YieldingYams,9143149
2026-07-06T05:00:30.662683,2026-07-06T05:00:30.671928+00:00,150.9,500,bid,AverageAlmonds,YieldingYams,9143223
2026-07-06T05:00:32.164912,2026-07-06T05:00:32.176678+00:00,150.9,20,ask,WavyWalnuts,BrilliantBurritos,9143246
2026-07-06T05:00:33.405679,2026-07-06T05:00:33.416616+00:00,150.9,200,ask,WavyWalnuts,YieldingYams,9143261
2026-07-06T05:00:34.400227,2026-07-06T05:00:34.411999+00:00,150.9,8,bid,Zhangyue Shen,YieldingYams,9143272
2026-07-06T05:00:35.604431,2026-07-06T05:00:35.612501+00:00,151.0,20,bid,BrilliantBurritos,YieldingYams,9143280
2026-07-06T05:00:36.432340,2026-07-06T05:00:36.440135+00:00,151.1,8,bid,Zhangyue Shen,WavyWalnuts,9143295
2026-07-06T05:00:37.104962,2026-07-06T05:00:37.116843+00:00,150.9,20,ask,YieldingYams,BrilliantBurritos,9143305
2026-07-06T05:00:37.317630,2026-07-06T05:00:37.325240+00:00,151.1,500,bid,AverageAlmonds,YieldingYams,9143309
2026-07-06T05:00:37.448096,2026-07-06T05:00:37.455413+00:00,151.2,8,bid,Zhangyue Shen,WavyWalnuts,9143316
2026-07-06T05:00:39.969154,2026-07-06T05:00:39.979893+00:00,151.3,8,bid,Zhangyue Shen,YieldingYams,9143349
2026-07-06T05:00:39.986716,2026-07-06T05:00:39.995657+00:00,151.2,200,ask,WavyWalnuts,YieldingYams,9143352
2026-07-06T05:00:40.415893,2026-07-06T05:00:40.424265+00:00,151.2,200,bid,WavyWalnuts,YieldingYams,9143364
2026-07-06T05:00:41.628278,2026-07-06T05:00:41.638645+00:00,151.3,200,ask,YieldingYams,WavyWalnuts,9143386
2026-07-06T05:00:42.749932,2026-07-06T05:00:42.758632+00:00,151.1,8,ask,YieldingYams,Zhangyue Shen,9143396
2026-07-06T05:00:44.177632,2026-07-06T05:00:44.189115+00:00,151.4,20,bid,BrilliantBurritos,YieldingYams,9143409
2026-07-06T05:00:46.540253,2026-07-06T05:00:46.551466+00:00,151.4,200,bid,YieldingYams,WavyWalnuts,9143431
2026-07-06T05:00:49.158293,2026-07-06T05:00:49.166404+00:00,151.7,200,bid,YieldingYams,WavyWalnuts,9143465
2026-07-06T05:00:50.066872,2026-07-06T05:00:50.074637+00:00,151.9,8,bid,Zhangyue Shen,YieldingYams,9143480
2026-07-06T05:00:50.472620,2026-07-06T05:00:50.480902+00:00,151.8,200,ask,WavyWalnuts,YieldingYams,9143486
2026-07-06T05:00:51.298083,2026-07-06T05:00:51.306629+00:00,151.8,200,bid,WavyWalnuts,YieldingYams,9143503
2026-07-06T05:00:52.115098,2026-07-06T05:00:52.119092+00:00,151.9,12,bid,Xuanyu Liu,YieldingYams,9143513
2026-07-06T05:00:52.500757,2026-07-06T05:00:52.511101+00:00,151.7,20,ask,YieldingYams,BrilliantBurritos,9143516
2026-07-06T05:00:52.527345,2026-07-06T05:00:52.531347+00:00,151.8,11,bid,Xuanyu Liu,WavyWalnuts,9143518
2026-07-06T05:00:53.733656,2026-07-06T05:00:53.738382+00:00,151.7,3,bid,Xuanyu Liu,WavyWalnuts,9143543
2026-07-06T05:00:54.514137,2026-07-06T05:00:54.525689+00:00,151.7,20,bid,BrilliantBurritos,WavyWalnuts,9143560
2026-07-06T05:00:54.762623,2026-07-06T05:00:54.774104+00:00,151.7,8,bid,Zhangyue Shen,WavyWalnuts,9143565
2026-07-06T05:00:55.280457,2026-07-06T05:00:55.291922+00:00,151.8,8,bid,Zhangyue Shen,WavyWalnuts,9143576
2026-07-06T05:00:57.548406,2026-07-06T05:00:57.557117+00:00,151.7,8,bid,Zhangyue Shen,WavyWalnuts,9143608
2026-07-06T05:00:59.598629,2026-07-06T05:00:59.610337+00:00,151.8,11,bid,Zhangyue Shen,YieldingYams,9143634
2026-07-06T05:00:59.861446,2026-07-06T05:00:59.870502+00:00,151.8,3,bid,Zhangyue Shen,YieldingYams,9143647
2026-07-06T05:01:00.122346,2026-07-06T05:01:00.132880+00:00,151.8,3,bid,Zhangyue Shen,YieldingYams,9143657
2026-07-06T05:01:00.383020,2026-07-06T05:01:00.389621+00:00,151.8,3,bid,Zhangyue Shen,YieldingYams,9143660
2026-07-06T05:01:00.993572,2026-07-06T05:01:01.000443+00:00,151.8,200,bid,WavyWalnuts,AverageAlmonds,9143668
2026-07-06T05:01:01.671769,2026-07-06T05:01:01.681034+00:00,151.8,11,bid,Zhangyue Shen,AverageAlmonds,9143686
2026-07-06T05:01:01.931177,2026-07-06T05:01:01.938366+00:00,151.8,3,bid,Zhangyue Shen,AverageAlmonds,9143689
2026-07-06T05:01:02.189678,2026-07-06T05:01:02.196188+00:00,151.7,3,bid,Zhangyue Shen,AverageAlmonds,9143697
2026-07-06T05:01:02.207798,2026-07-06T05:01:02.217957+00:00,151.7,200,bid,WavyWalnuts,AverageAlmonds,9143699
2026-07-06T05:01:03.138855,2026-07-06T05:01:03.150511+00:00,151.5,20,ask,YieldingYams,BrilliantBurritos,9143712
2026-07-06T05:01:03.221227,2026-07-06T05:01:03.233021+00:00,151.7,3,bid,Zhangyue Shen,AverageAlmonds,9143715
2026-07-06T05:01:03.416260,2026-07-06T05:01:03.424934+00:00,151.6,200,bid,WavyWalnuts,AverageAlmonds,9143722
2026-07-06T05:01:04.938724,2026-07-06T05:01:04.948630+00:00,151.7,500,bid,YieldingYams,AverageAlmonds,9143750
2026-07-06T05:01:05.159657,2026-07-06T05:01:05.169822+00:00,151.7,125,ask,YieldingYams,AverageAlmonds,9143755
2026-07-06T05:01:05.833338,2026-07-06T05:01:05.843478+00:00,151.7,200,bid,WavyWalnuts,AverageAlmonds,9143760
2026-07-06T05:01:06.290416,2026-07-06T05:01:06.294301+00:00,151.5,3,bid,Xuanyu Liu,YieldingYams,9143770
2026-07-06T05:01:07.041633,2026-07-06T05:01:07.058644+00:00,151.5,200,bid,WavyWalnuts,YieldingYams,9143785
2026-07-06T05:01:07.654565,2026-07-06T05:01:07.666072+00:00,151.5,51,bid,Kaleb Liu,YieldingYams,9143795
2026-07-06T05:01:11.293288,2026-07-06T05:01:11.358666+00:00,151.6,20,bid,BrilliantBurritos,YieldingYams,9143846
2026-07-06T05:01:11.509010,2026-07-06T05:01:11.559401+00:00,151.6,200,bid,YieldingYams,WavyWalnuts,9143848
2026-07-06T05:01:12.825206,2026-07-06T05:01:12.836683+00:00,151.7,200,ask,WavyWalnuts,YieldingYams,9143869
2026-07-06T05:01:14.314436,2026-07-06T05:01:14.318588+00:00,151.6,23,bid,Xuanyu Liu,WavyWalnuts,9143879
2026-07-06T05:01:15.381378,2026-07-06T05:01:15.384836+00:00,151.5,12,ask,YieldingYams,Xuanyu Liu,9143890
2026-07-06T05:01:15.474885,2026-07-06T05:01:15.506517+00:00,151.6,177,bid,YieldingYams,WavyWalnuts,9143894
2026-07-06T05:01:15.503024,2026-07-06T05:01:15.506517+00:00,151.6,11,ask,YieldingYams,Xuanyu Liu,9143899
2026-07-06T05:01:15.508146,2026-07-06T05:01:15.522121+00:00,151.6,200,ask,YieldingYams,WavyWalnuts,9143900
2026-07-06T05:01:17.921543,2026-07-06T05:01:17.931428+00:00,151.8,200,bid,WavyWalnuts,YieldingYams,9143932
2026-07-06T05:01:18.104300,2026-07-06T05:01:18.115491+00:00,151.8,500,bid,YieldingYams,AverageAlmonds,9143937
2026-07-06T05:01:18.121278,2026-07-06T05:01:18.124784+00:00,151.8,3,ask,YieldingYams,Xuanyu Liu,9143940
2026-07-06T05:01:18.491811,2026-07-06T05:01:18.500901+00:00,151.8,122,ask,YieldingYams,AverageAlmonds,9143947
2026-07-06T05:01:18.546755,2026-07-06T05:01:18.550565+00:00,151.7,37,bid,Xuanyu Liu,AverageAlmonds,9143950
2026-07-06T05:01:19.129610,2026-07-06T05:01:19.136906+00:00,151.6,200,bid,WavyWalnuts,AverageAlmonds,9143961
2026-07-06T05:01:19.432169,2026-07-06T05:01:19.443694+00:00,151.6,300,bid,YieldingYams,AverageAlmonds,9143970
2026-07-06T05:01:19.698602,2026-07-06T05:01:19.706334+00:00,151.6,325,ask,YieldingYams,AverageAlmonds,9143974
2026-07-06T05:01:20.332509,2026-07-06T05:01:20.341065+00:00,151.6,20,bid,BrilliantBurritos,AverageAlmonds,9143978
2026-07-06T05:01:20.339204,2026-07-06T05:01:20.346075+00:00,151.6,200,bid,WavyWalnuts,AverageAlmonds,9143979
2026-07-06T05:01:21.547852,2026-07-06T05:01:21.558563+00:00,151.5,200,bid,WavyWalnuts,YieldingYams,9143997
2026-07-06T05:01:22.069808,2026-07-06T05:01:22.074075+00:00,151.3,11,ask,YieldingYams,Xuanyu Liu,9144012
2026-07-06T05:01:22.205958,2026-07-06T05:01:22.217712+00:00,151.3,20,ask,YieldingYams,BrilliantBurritos,9144018
2026-07-06T05:01:22.731046,2026-07-06T05:01:22.738220+00:00,151.6,2,bid,Kaleb Liu,YieldingYams,9144024
2026-07-06T05:01:22.756102,2026-07-06T05:01:22.763821+00:00,151.6,200,bid,WavyWalnuts,YieldingYams,9144026
2026-07-06T05:01:23.363779,2026-07-06T05:01:23.367126+00:00,151.5,23,ask,YieldingYams,Xuanyu Liu,9144037
2026-07-06T05:01:24.814533,2026-07-06T05:01:24.818720+00:00,151.6,23,bid,Xuanyu Liu,YieldingYams,9144056
2026-07-06T05:01:25.974211,2026-07-06T05:01:25.980861+00:00,151.5,200,ask,WavyWalnuts,YieldingYams,9144075
2026-07-06T05:01:26.005163,2026-07-06T05:01:26.008920+00:00,151.5,11,bid,Xuanyu Liu,YieldingYams,9144079
2026-07-06T05:01:26.396545,2026-07-06T05:01:26.407294+00:00,151.5,200,bid,WavyWalnuts,YieldingYams,9144087
2026-07-06T05:01:28.788562,2026-07-06T05:01:28.795415+00:00,151.4,2,ask,WavyWalnuts,Kaleb Liu,9144114
2026-07-06T05:01:30.035090,2026-07-06T05:01:30.042648+00:00,151.5,200,bid,WavyWalnuts,YieldingYams,9144135
2026-07-06T05:01:34.844821,2026-07-06T05:01:34.861344+00:00,151.4,6,bid,Kaleb Liu,WavyWalnuts,9144200
2026-07-06T05:01:37.879937,2026-07-06T05:01:37.895376+00:00,151.3,6,bid,Kaleb Liu,AverageAlmonds,9144237
2026-07-06T05:01:37.891428,2026-07-06T05:01:37.895376+00:00,151.3,12,bid,Xuanyu Liu,AverageAlmonds,9144240
2026-07-06T05:01:38.587659,2026-07-06T05:01:38.599219+00:00,151.2,20,ask,YieldingYams,BrilliantBurritos,9144245
2026-07-06T05:01:39.758862,2026-07-06T05:01:39.762973+00:00,151.2,11,bid,Xuanyu Liu,WavyWalnuts,9144263
2026-07-06T05:01:42.462776,2026-07-06T05:01:42.474392+00:00,151.1,20,bid,BrilliantBurritos,WavyWalnuts,9144297
2026-07-06T05:01:43.040162,2026-07-06T05:01:43.050023+00:00,151.1,180,bid,YieldingYams,WavyWalnuts,9144304
2026-07-06T05:01:43.386439,2026-07-06T05:01:43.390499+00:00,151.2,11,ask,WavyWalnuts,Xuanyu Liu,9144309
2026-07-06T05:01:43.931354,2026-07-06T05:01:43.939806+00:00,151.2,12,ask,WavyWalnuts,Kaleb Liu,9144319
2026-07-06T05:01:44.102546,2026-07-06T05:01:44.114420+00:00,151.2,20,ask,WavyWalnuts,BrilliantBurritos,9144322
2026-07-06T05:01:45.793181,2026-07-06T05:01:45.802122+00:00,151.3,200,ask,YieldingYams,WavyWalnuts,9144349
2026-07-06T05:01:49.604127,2026-07-06T05:01:49.623878+00:00,151.4,200,bid,YieldingYams,WavyWalnuts,9144392
2026-07-06T05:01:49.620204,2026-07-06T05:01:49.623878+00:00,151.5,23,ask,YieldingYams,Xuanyu Liu,9144394
2026-07-06T05:01:50.645475,2026-07-06T05:01:50.653051+00:00,151.5,200,ask,YieldingYams,WavyWalnuts,9144408
2026-07-06T05:01:53.345572,2026-07-06T05:01:53.349908+00:00,151.4,12,ask,YieldingYams,Xuanyu Liu,9144444
2026-07-06T05:01:53.541296,2026-07-06T05:01:53.548131+00:00,151.5,200,bid,YieldingYams,WavyWalnuts,9144447
2026-07-06T05:01:53.564538,2026-07-06T05:01:53.568362+00:00,151.5,11,ask,YieldingYams,Xuanyu Liu,9144449
2026-07-06T05:01:54.815671,2026-07-06T05:01:54.823040+00:00,151.5,414,ask,YieldingYams,AverageAlmonds,9144463
2026-07-06T05:01:56.024480,2026-07-06T05:01:56.034038+00:00,151.4,200,ask,WavyWalnuts,AverageAlmonds,9144482
2026-07-06T05:01:56.622824,2026-07-06T05:01:56.633630+00:00,151.4,325,ask,YieldingYams,AverageAlmonds,9144494
2026-07-06T05:01:56.718898,2026-07-06T05:01:56.727439+00:00,151.4,175,bid,WavyWalnuts,AverageAlmonds,9144499
2026-07-06T05:01:57.222354,2026-07-06T05:01:57.229537+00:00,151.4,25,ask,WavyWalnuts,AverageAlmonds,9144507
2026-07-06T05:01:57.241633,2026-07-06T05:01:57.245241+00:00,151.3,11,bid,Xuanyu Liu,AverageAlmonds,9144509
2026-07-06T05:01:57.474304,2026-07-06T05:01:57.483380+00:00,151.3,464,bid,YieldingYams,AverageAlmonds,9144512
2026-07-06T05:01:59.673687,2026-07-06T05:01:59.677591+00:00,151.1,11,ask,WavyWalnuts,Xuanyu Liu,9144541
2026-07-06T05:02:00.919020,2026-07-06T05:02:00.930719+00:00,151.1,8,ask,YieldingYams,Zhangyue Shen,9144557
2026-07-06T05:02:01.410198,2026-07-06T05:02:01.429321+00:00,151.2,200,bid,YieldingYams,WavyWalnuts,9144564
2026-07-06T05:02:01.425675,2026-07-06T05:02:01.429321+00:00,151.3,3,ask,YieldingYams,Xuanyu Liu,9144566
2026-07-06T05:02:01.557569,2026-07-06T05:02:01.569620+00:00,151.3,200,ask,YieldingYams,WavyWalnuts,9144568
2026-07-06T05:02:01.826123,2026-07-06T05:02:01.838786+00:00,151.3,20,ask,YieldingYams,BrilliantBurritos,9144571
2026-07-06T05:02:02.076247,2026-07-06T05:02:02.085474+00:00,151.3,202,ask,YieldingYams,AverageAlmonds,9144572
2026-07-06T05:02:05.181648,2026-07-06T05:02:05.192110+00:00,151.0,200,ask,YieldingYams,WavyWalnuts,9144608
2026-07-06T05:02:07.245560,2026-07-06T05:02:07.263647+00:00,151.0,8,bid,Zhangyue Shen,YieldingYams,9144624
2026-07-06T05:02:07.965165,2026-07-06T05:02:07.973697+00:00,150.9,200,ask,WavyWalnuts,YieldingYams,9144628
2026-07-06T05:02:08.809712,2026-07-06T05:02:08.820324+00:00,150.8,200,bid,WavyWalnuts,YieldingYams,9144636
2026-07-06T05:02:10.021768,2026-07-06T05:02:10.033044+00:00,151.1,200,bid,WavyWalnuts,YieldingYams,9144652
2026-07-06T05:02:11.033077,2026-07-06T05:02:11.044885+00:00,151.0,20,ask,YieldingYams,BrilliantBurritos,9144670
2026-07-06T05:02:13.655515,2026-07-06T05:02:13.666884+00:00,151.2,200,ask,YieldingYams,WavyWalnuts,9144723
2026-07-06T05:02:15.833421,2026-07-06T05:02:15.843949+00:00,151.3,200,bid,YieldingYams,WavyWalnuts,9144752
2026-07-06T05:02:17.288673,2026-07-06T05:02:17.300190+00:00,151.3,200,bid,WavyWalnuts,YieldingYams,9144771
2026-07-06T05:02:21.884828,2026-07-06T05:02:21.893317+00:00,151.0,8,ask,WavyWalnuts,Zhangyue Shen,9144830
2026-07-06T05:02:23.715476,2026-07-06T05:02:23.726694+00:00,151.0,200,ask,WavyWalnuts,YieldingYams,9144851
2026-07-06T05:02:23.986004,2026-07-06T05:02:23.997750+00:00,150.9,20,ask,AverageAlmonds,BrilliantBurritos,9144858
2026-07-06T05:02:26.283473,2026-07-06T05:02:26.290413+00:00,151.0,200,bid,AverageAlmonds,WavyWalnuts,9144893
2026-07-06T05:02:27.385128,2026-07-06T05:02:27.394554+00:00,151.0,20,ask,AverageAlmonds,BrilliantBurritos,9144911
2026-07-06T05:02:28.090349,2026-07-06T05:02:28.097946+00:00,151.1,200,bid,AverageAlmonds,WavyWalnuts,9144921
2026-07-06T05:02:28.707321,2026-07-06T05:02:28.715915+00:00,151.0,8,ask,AverageAlmonds,Zhangyue Shen,9144932
2026-07-06T05:02:29.213498,2026-07-06T05:02:29.225414+00:00,151.1,8,bid,Zhangyue Shen,YieldingYams,9144941
2026-07-06T05:02:29.382581,2026-07-06T05:02:29.389510+00:00,151.1,200,bid,WavyWalnuts,YieldingYams,9144942
2026-07-06T05:02:31.802650,2026-07-06T05:02:31.810579+00:00,151.1,200,bid,WavyWalnuts,YieldingYams,9144969
2026-07-06T05:02:35.446635,2026-07-06T05:02:35.458544+00:00,151.2,200,ask,AverageAlmonds,WavyWalnuts,9145021
2026-07-06T05:02:36.569860,2026-07-06T05:02:36.573235+00:00,151.4,3,ask,AverageAlmonds,Xuanyu Liu,9145035
2026-07-06T05:02:36.652821,2026-07-06T05:02:36.660918+00:00,151.4,200,ask,AverageAlmonds,WavyWalnuts,9145037
2026-07-06T05:02:37.570874,2026-07-06T05:02:37.575081+00:00,151.6,3,bid,Xuanyu Liu,YieldingYams,9145051
2026-07-06T05:02:37.864666,2026-07-06T05:02:37.874234+00:00,151.4,200,ask,YieldingYams,WavyWalnuts,9145057
2026-07-06T05:02:38.156387,2026-07-06T05:02:38.158589+00:00,151.4,500,ask,AverageAlmonds,YieldingYams,9145062
2026-07-06T05:02:38.174672,2026-07-06T05:02:38.178146+00:00,151.4,3,bid,Xuanyu Liu,YieldingYams,9145064
2026-07-06T05:02:38.377377,2026-07-06T05:02:38.386354+00:00,151.4,122,bid,AverageAlmonds,YieldingYams,9145065
2026-07-06T05:02:38.835071,2026-07-06T05:02:38.845187+00:00,152.2,8,bid,Zhangyue Shen,AverageAlmonds,9145071
2026-07-06T05:02:39.072405,2026-07-06T05:02:39.080508+00:00,151.4,200,ask,AverageAlmonds,WavyWalnuts,9145079
2026-07-06T05:02:40.280753,2026-07-06T05:02:40.288980+00:00,151.5,200,ask,YieldingYams,WavyWalnuts,9145091
2026-07-06T05:02:41.489608,2026-07-06T05:02:41.497056+00:00,151.5,200,ask,AverageAlmonds,WavyWalnuts,9145101
2026-07-06T05:02:42.000451,2026-07-06T05:02:42.007721+00:00,151.6,500,bid,AverageAlmonds,YieldingYams,9145105
2026-07-06T05:02:42.699187,2026-07-06T05:02:42.707010+00:00,151.7,200,ask,YieldingYams,WavyWalnuts,9145114
2026-07-06T05:02:43.905756,2026-07-06T05:02:43.915317+00:00,151.6,200,ask,YieldingYams,WavyWalnuts,9145126
2026-07-06T05:02:44.101189,2026-07-06T05:02:44.113121+00:00,151.9,2,bid,Kaleb Liu,YieldingYams,9145128
2026-07-06T05:02:49.944857,2026-07-06T05:02:49.958609+00:00,151.5,200,ask,YieldingYams,WavyWalnuts,9145221
2026-07-06T05:02:50.120644,2026-07-06T05:02:50.132586+00:00,151.3,2,ask,AverageAlmonds,Kaleb Liu,9145222
2026-07-06T05:02:51.153093,2026-07-06T05:02:51.158606+00:00,151.4,200,ask,AverageAlmonds,WavyWalnuts,9145236
2026-07-06T05:02:52.364876,2026-07-06T05:02:52.375951+00:00,151.5,200,ask,AverageAlmonds,WavyWalnuts,9145246
2026-07-06T05:02:52.445462,2026-07-06T05:02:52.449034+00:00,151.5,3,ask,AverageAlmonds,Xuanyu Liu,9145249
2026-07-06T05:02:53.051178,2026-07-06T05:02:53.058621+00:00,151.4,20,ask,YieldingYams,BrilliantBurritos,9145258
2026-07-06T05:02:56.649085,2026-07-06T05:02:56.658598+00:00,151.6,20,bid,BrilliantBurritos,WavyWalnuts,9145316
2026-07-06T05:02:57.212512,2026-07-06T05:02:57.216715+00:00,151.5,3,ask,WavyWalnuts,Xuanyu Liu,9145325
2026-07-06T05:02:57.694072,2026-07-06T05:02:57.705364+00:00,151.5,10,ask,WavyWalnuts,Zhangyue Shen,9145335
2026-07-06T05:02:58.421996,2026-07-06T05:02:58.425725+00:00,151.6,11,ask,WavyWalnuts,Xuanyu Liu,9145349
2026-07-06T05:02:58.460909,2026-07-06T05:02:58.472578+00:00,151.6,8,ask,WavyWalnuts,Zhangyue Shen,9145350
2026-07-06T05:02:59.146062,2026-07-06T05:02:59.158561+00:00,151.6,6,ask,WavyWalnuts,Kaleb Liu,9145359
2026-07-06T05:02:59.195050,2026-07-06T05:02:59.202491+00:00,151.6,175,ask,WavyWalnuts,YieldingYams,9145362
2026-07-06T05:03:00.507341,2026-07-06T05:03:00.528772+00:00,151.5,500,ask,AverageAlmonds,YieldingYams,9145388
2026-07-06T05:03:00.524721,2026-07-06T05:03:00.528772+00:00,151.5,11,bid,Xuanyu Liu,YieldingYams,9145391
2026-07-06T05:03:02.036750,2026-07-06T05:03:02.047556+00:00,151.6,200,ask,YieldingYams,WavyWalnuts,9145416
2026-07-06T05:03:02.160942,2026-07-06T05:03:02.172628+00:00,151.9,6,bid,Kaleb Liu,YieldingYams,9145417
2026-07-06T05:03:04.234953,2026-07-06T05:03:04.245542+00:00,151.6,8,bid,Zhangyue Shen,WavyWalnuts,9145450
2026-07-06T05:03:04.456235,2026-07-06T05:03:04.464845+00:00,151.5,200,ask,YieldingYams,WavyWalnuts,9145455
2026-07-06T05:03:04.468633,2026-07-06T05:03:04.475537+00:00,151.5,500,ask,AverageAlmonds,YieldingYams,9145456
2026-07-06T05:03:04.487572,2026-07-06T05:03:04.491499+00:00,151.5,3,bid,Xuanyu Liu,YieldingYams,9145458
2026-07-06T05:03:04.490454,2026-07-06T05:03:04.506954+00:00,151.3,3,ask,WavyWalnuts,Zhangyue Shen,9145459
2026-07-06T05:03:05.000180,2026-07-06T05:03:05.008744+00:00,151.5,122,bid,AverageAlmonds,YieldingYams,9145461
2026-07-06T05:03:05.535023,2026-07-06T05:03:05.542922+00:00,151.5,8,ask,AverageAlmonds,Zhangyue Shen,9145468
2026-07-06T05:03:05.663102,2026-07-06T05:03:05.671182+00:00,151.5,200,ask,AverageAlmonds,WavyWalnuts,9145474
2026-07-06T05:03:06.299323,2026-07-06T05:03:06.310928+00:00,151.5,8,ask,YieldingYams,Zhangyue Shen,9145483
2026-07-06T05:03:07.085700,2026-07-06T05:03:07.096425+00:00,151.6,200,bid,YieldingYams,WavyWalnuts,9145489
2026-07-06T05:03:07.828140,2026-07-06T05:03:07.839726+00:00,151.7,8,ask,YieldingYams,Zhangyue Shen,9145502
2026-07-06T05:03:08.089509,2026-07-06T05:03:08.100771+00:00,151.7,200,ask,YieldingYams,WavyWalnuts,9145509
2026-07-06T05:03:09.367763,2026-07-06T05:03:09.378986+00:00,151.6,8,ask,WavyWalnuts,Zhangyue Shen,9145526
2026-07-06T05:03:11.186177,2026-07-06T05:03:11.264043+00:00,151.8,6,bid,Kaleb Liu,WavyWalnuts,9145549
2026-07-06T05:03:11.388375,2026-07-06T05:03:11.388477+00:00,151.6,6,ask,YieldingYams,Zhangyue Shen,9145551
2026-07-06T05:03:12.671870,2026-07-06T05:03:12.683584+00:00,151.8,8,bid,Zhangyue Shen,WavyWalnuts,9145574
2026-07-06T05:03:14.156732,2026-07-06T05:03:14.163596+00:00,151.8,10,bid,Zijin Tang,AverageAlmonds,9145588
2026-07-06T05:03:14.690696,2026-07-06T05:03:14.697837+00:00,151.8,10,bid,Zijin Tang,AverageAlmonds,9145597
2026-07-06T05:03:14.732346,2026-07-06T05:03:14.744611+00:00,151.9,20,bid,BrilliantBurritos,WavyWalnuts,9145598
2026-07-06T05:03:16.448518,2026-07-06T05:03:16.458604+00:00,151.7,20,ask,WavyWalnuts,BrilliantBurritos,9145618
2026-07-06T05:03:18.883629,2026-07-06T05:03:18.890747+00:00,151.7,200,ask,WavyWalnuts,YieldingYams,9145654
2026-07-06T05:03:18.990258,2026-07-06T05:03:18.998422+00:00,151.7,200,bid,WavyWalnuts,YieldingYams,9145657
2026-07-06T05:03:20.993100,2026-07-06T05:03:21.001244+00:00,151.8,8,ask,YieldingYams,Zhangyue Shen,9145686
2026-07-06T05:03:23.219128,2026-07-06T05:03:23.230811+00:00,151.7,6,ask,WavyWalnuts,Kaleb Liu,9145710
2026-07-06T05:03:23.260971,2026-07-06T05:03:23.269460+00:00,151.8,6,bid,Zhangyue Shen,YieldingYams,9145712
2026-07-06T05:03:25.290973,2026-07-06T05:03:25.298436+00:00,151.6,8,ask,WavyWalnuts,Zhangyue Shen,9145743
2026-07-06T05:03:26.169565,2026-07-06T05:03:26.173197+00:00,151.7,20,bid,BrilliantBurritos,YieldingYams,9145754
2026-07-06T05:03:26.274446,2026-07-06T05:03:26.283678+00:00,151.7,200,bid,WavyWalnuts,YieldingYams,9145760
2026-07-06T05:03:27.202481,2026-07-06T05:03:27.211834+00:00,151.5,20,ask,YieldingYams,BrilliantBurritos,9145767
2026-07-06T05:03:28.694100,2026-07-06T05:03:28.703994+00:00,151.8,200,bid,WavyWalnuts,YieldingYams,9145795
2026-07-06T05:03:32.328857,2026-07-06T05:03:32.340025+00:00,151.9,200,bid,WavyWalnuts,YieldingYams,9145844
2026-07-06T05:03:35.189290,2026-07-06T05:03:35.198212+00:00,151.7,20,ask,WavyWalnuts,BrilliantBurritos,9145871
2026-07-06T05:03:37.175515,2026-07-06T05:03:37.183540+00:00,151.8,200,bid,WavyWalnuts,YieldingYams,9145899
2026-07-06T05:03:38.389059,2026-07-06T05:03:38.397477+00:00,151.8,200,ask,YieldingYams,WavyWalnuts,9145910
2026-07-06T05:03:40.185442,2026-07-06T05:03:40.196896+00:00,151.8,8,ask,YieldingYams,Zhangyue Shen,9145935
2026-07-06T05:03:40.812069,2026-07-06T05:03:40.821534+00:00,151.8,200,ask,YieldingYams,WavyWalnuts,9145947
2026-07-06T05:03:41.244971,2026-07-06T05:03:41.258606+00:00,151.7,20,ask,YieldingYams,BrilliantBurritos,9145953
2026-07-06T05:03:43.066677,2026-07-06T05:03:43.078336+00:00,151.8,20,bid,BrilliantBurritos,WavyWalnuts,9145982
2026-07-06T05:03:43.705564,2026-07-06T05:03:43.717226+00:00,151.8,8,ask,WavyWalnuts,Zhangyue Shen,9145993
2026-07-06T05:03:45.042289,2026-07-06T05:03:45.063648+00:00,151.9,20,ask,WavyWalnuts,BrilliantBurritos,9146017
2026-07-06T05:03:45.235137,2026-07-06T05:03:45.245326+00:00,151.9,3,ask,WavyWalnuts,Zhangyue Shen,9146021
2026-07-06T05:03:46.440949,2026-07-06T05:03:46.450799+00:00,151.9,200,ask,WavyWalnuts,YieldingYams,9146043
2026-07-06T05:03:46.858159,2026-07-06T05:03:46.869457+00:00,151.8,200,bid,WavyWalnuts,YieldingYams,9146048
2026-07-06T05:03:49.010706,2026-07-06T05:03:49.018979+00:00,151.9,8,bid,Zhangyue Shen,YieldingYams,9146074
2026-07-06T05:03:50.528366,2026-07-06T05:03:50.539850+00:00,152.0,8,bid,Zhangyue Shen,YieldingYams,9146094
2026-07-06T05:03:51.709670,2026-07-06T05:03:51.721118+00:00,152.0,200,bid,WavyWalnuts,YieldingYams,9146102
2026-07-06T05:03:52.240783,2026-07-06T05:03:52.250548+00:00,152.0,500,bid,AverageAlmonds,YieldingYams,9146114
2026-07-06T05:03:52.802930,2026-07-06T05:03:52.809601+00:00,152.0,8,bid,Zhangyue Shen,YieldingYams,9146126
2026-07-06T05:03:52.837491,2026-07-06T05:03:52.845744+00:00,152.0,117,bid,AverageAlmonds,YieldingYams,9146127
2026-07-06T05:03:52.927540,2026-07-06T05:03:52.936948+00:00,152.0,200,ask,AverageAlmonds,WavyWalnuts,9146131
2026-07-06T05:03:53.316796,2026-07-06T05:03:53.323047+00:00,152.0,8,ask,AverageAlmonds,Zhangyue Shen,9146137
2026-07-06T05:03:54.154975,2026-07-06T05:03:54.158654+00:00,152.1,3,bid,Xuanyu Liu,WavyWalnuts,9146151
2026-07-06T05:03:54.361097,2026-07-06T05:03:54.369141+00:00,152.1,197,bid,YieldingYams,WavyWalnuts,9146154
2026-07-06T05:03:54.833621,2026-07-06T05:03:54.845310+00:00,152.3,8,bid,Zhangyue Shen,YieldingYams,9146160
2026-07-06T05:03:55.656640,2026-07-06T05:03:55.668077+00:00,152.3,20,bid,BrilliantBurritos,YieldingYams,9146171
2026-07-06T05:03:56.849092,2026-07-06T05:03:56.858626+00:00,152.2,8,ask,WavyWalnuts,Zhangyue Shen,9146186
2026-07-06T05:03:56.986237,2026-07-06T05:03:56.994885+00:00,152.2,192,ask,WavyWalnuts,YieldingYams,9146187
2026-07-06T05:03:57.760386,2026-07-06T05:03:57.770214+00:00,152.1,200,bid,WavyWalnuts,YieldingYams,9146197
2026-07-06T05:03:58.633431,2026-07-06T05:03:58.645027+00:00,152.1,8,ask,YieldingYams,Zhangyue Shen,9146211
2026-07-06T05:04:00.432047,2026-07-06T05:04:00.443753+00:00,152.3,8,ask,YieldingYams,Zhangyue Shen,9146241
2026-07-06T05:04:00.939947,2026-07-06T05:04:00.944127+00:00,152.4,200,bid,YieldingYams,WavyWalnuts,9146247
2026-07-06T05:04:02.254443,2026-07-06T05:04:02.269044+00:00,152.5,200,bid,YieldingYams,WavyWalnuts,9146264
2026-07-06T05:04:03.253251,2026-07-06T05:04:03.267866+00:00,152.5,8,ask,YieldingYams,Zhangyue Shen,9146280
2026-07-06T05:04:04.523275,2026-07-06T05:04:04.534821+00:00,152.3,8,ask,YieldingYams,Zhangyue Shen,9146297
2026-07-06T05:04:05.029967,2026-07-06T05:04:05.041454+00:00,152.5,200,bid,WavyWalnuts,YieldingYams,9146307
2026-07-06T05:04:05.378204,2026-07-06T05:04:05.389674+00:00,152.5,2,bid,Kaleb Liu,YieldingYams,9146315
2026-07-06T05:04:06.296864,2026-07-06T05:04:06.301660+00:00,152.3,3,ask,YieldingYams,Xuanyu Liu,9146330
2026-07-06T05:04:08.396073,2026-07-06T05:04:08.405853+00:00,152.4,2,ask,WavyWalnuts,Kaleb Liu,9146362
2026-07-06T05:04:09.868969,2026-07-06T05:04:09.875381+00:00,152.5,200,bid,WavyWalnuts,AverageAlmonds,9146388
2026-07-06T05:04:10.126472,2026-07-06T05:04:10.135572+00:00,152.5,300,bid,YieldingYams,AverageAlmonds,9146393
2026-07-06T05:04:11.007940,2026-07-06T05:04:11.016861+00:00,152.5,325,ask,YieldingYams,AverageAlmonds,9146404
2026-07-06T05:04:11.079584,2026-07-06T05:04:11.086587+00:00,152.5,175,bid,WavyWalnuts,AverageAlmonds,9146407
2026-07-06T05:04:11.441382,2026-07-06T05:04:11.473934+00:00,152.5,25,ask,WavyWalnuts,YieldingYams,9146410
2026-07-06T05:04:11.470071,2026-07-06T05:04:11.473934+00:00,152.4,3,bid,Xuanyu Liu,YieldingYams,9146412
2026-07-06T05:04:11.651974,2026-07-06T05:04:11.659951+00:00,152.1,8,ask,YieldingYams,Zhangyue Shen,9146416
2026-07-06T05:04:12.288165,2026-07-06T05:04:12.296929+00:00,152.4,200,bid,WavyWalnuts,YieldingYams,9146421
2026-07-06T05:04:12.622620,2026-07-06T05:04:12.627135+00:00,152.1,3,ask,YieldingYams,Xuanyu Liu,9146433
2026-07-06T05:04:12.672696,2026-07-06T05:04:12.680345+00:00,152.1,11,ask,YieldingYams,Zhangyue Shen,9146435
2026-07-06T05:04:12.769808,2026-07-06T05:04:12.773479+00:00,152.3,3,ask,YieldingYams,Zhangyue Shen,9146437
2026-07-06T05:04:12.933957,2026-07-06T05:04:12.944488+00:00,152.3,3,ask,YieldingYams,Xuanyu Liu,9146439
2026-07-06T05:04:13.205103,2026-07-06T05:04:13.216026+00:00,152.3,3,ask,YieldingYams,Zhangyue Shen,9146443
2026-07-06T05:04:13.476075,2026-07-06T05:04:13.485469+00:00,152.3,3,ask,YieldingYams,Zhangyue Shen,9146450
2026-07-06T05:04:13.987594,2026-07-06T05:04:13.997963+00:00,152.3,7,ask,YieldingYams,Zhangyue Shen,9146458
2026-07-06T05:04:14.416209,2026-07-06T05:04:14.428390+00:00,152.3,2,ask,WavyWalnuts,Kaleb Liu,9146462
2026-07-06T05:04:15.374327,2026-07-06T05:04:15.401693+00:00,152.4,200,bid,YieldingYams,WavyWalnuts,9146480
2026-07-06T05:04:15.397555,2026-07-06T05:04:15.401693+00:00,152.4,11,ask,YieldingYams,Xuanyu Liu,9146483
2026-07-06T05:04:15.986615,2026-07-06T05:04:15.996453+00:00,152.4,20,ask,YieldingYams,BrilliantBurritos,9146488
2026-07-06T05:04:17.433088,2026-07-06T05:04:17.444986+00:00,152.5,2,bid,Kaleb Liu,YieldingYams,9146503
2026-07-06T05:04:18.900722,2026-07-06T05:04:18.904444+00:00,152.6,11,bid,Xuanyu Liu,YieldingYams,9146518
2026-07-06T05:04:19.324607,2026-07-06T05:04:19.328349+00:00,152.4,3,bid,Xuanyu Liu,YieldingYams,9146526
2026-07-06T05:04:20.213366,2026-07-06T05:04:20.224826+00:00,152.1,20,ask,YieldingYams,BrilliantBurritos,9146546
2026-07-06T05:04:25.636277,2026-07-06T05:04:25.657386+00:00,152.3,20,bid,BrilliantBurritos,WavyWalnuts,9146611
2026-07-06T05:04:26.817409,2026-07-06T05:04:26.824700+00:00,152.2,200,ask,YieldingYams,WavyWalnuts,9146628
2026-07-06T05:04:29.239982,2026-07-06T05:04:29.247221+00:00,152.2,200,ask,YieldingYams,WavyWalnuts,9146650
2026-07-06T05:04:30.635753,2026-07-06T05:04:30.646806+00:00,152.3,20,bid,BrilliantBurritos,YieldingYams,9146674
2026-07-06T05:04:32.472475,2026-07-06T05:04:32.484174+00:00,152.4,2,bid,Kaleb Liu,WavyWalnuts,9146706
2026-07-06T05:04:35.485989,2026-07-06T05:04:35.497856+00:00,152.3,2,ask,YieldingYams,Kaleb Liu,9146739
2026-07-06T05:04:36.514663,2026-07-06T05:04:36.518526+00:00,152.4,3,ask,WavyWalnuts,Xuanyu Liu,9146762
2026-07-06T05:04:45.564446,2026-07-06T05:04:45.571895+00:00,152.4,200,ask,WavyWalnuts,YieldingYams,9146863
2026-07-06T05:04:46.626005,2026-07-06T05:04:46.635929+00:00,152.4,20,bid,BrilliantBurritos,YieldingYams,9146870
2026-07-06T05:04:49.004451,2026-07-06T05:04:49.016000+00:00,152.6,20,bid,BrilliantBurritos,YieldingYams,9146899
2026-07-06T05:04:52.171852,2026-07-06T05:04:52.179329+00:00,152.6,20,ask,YieldingYams,BrilliantBurritos,9146931
2026-07-06T05:04:52.656594,2026-07-06T05:04:52.660551+00:00,152.7,3,bid,Xuanyu Liu,AverageAlmonds,9146936
2026-07-06T05:04:53.372768,2026-07-06T05:04:53.380506+00:00,152.6,500,ask,YieldingYams,AverageAlmonds,9146952
2026-07-06T05:04:53.444584,2026-07-06T05:04:53.458459+00:00,152.5,200,bid,WavyWalnuts,YieldingYams,9146957
2026-07-06T05:04:53.454683,2026-07-06T05:04:53.458459+00:00,152.5,14,bid,Xuanyu Liu,YieldingYams,9146959
2026-07-06T05:04:54.652362,2026-07-06T05:04:54.656337+00:00,152.5,200,bid,WavyWalnuts,YieldingYams,9146979
2026-07-06T05:04:55.859733,2026-07-06T05:04:55.869185+00:00,152.4,200,bid,WavyWalnuts,YieldingYams,9146995
2026-07-06T05:04:56.894866,2026-07-06T05:04:56.898480+00:00,152.3,14,ask,YieldingYams,Xuanyu Liu,9147013
2026-07-06T05:04:58.275615,2026-07-06T05:04:58.283784+00:00,152.4,200,bid,WavyWalnuts,YieldingYams,9147027
2026-07-06T05:04:58.561850,2026-07-06T05:04:58.569569+00:00,152.2,20,ask,YieldingYams,BrilliantBurritos,9147032
2026-07-06T05:04:59.997325,2026-07-06T05:05:00.007292+00:00,152.3,200,ask,WavyWalnuts,YieldingYams,9147050
2026-07-06T05:05:01.504990,2026-07-06T05:05:01.516689+00:00,152.3,20,bid,BrilliantBurritos,YieldingYams,9147077
2026-07-06T05:05:02.626511,2026-07-06T05:05:02.634425+00:00,152.2,200,ask,WavyWalnuts,YieldingYams,9147090
2026-07-06T05:05:04.313173,2026-07-06T05:05:04.322261+00:00,152.2,200,bid,WavyWalnuts,YieldingYams,9147117
2026-07-06T05:05:05.520520,2026-07-06T05:05:05.527545+00:00,152.3,200,bid,WavyWalnuts,YieldingYams,9147129
2026-07-06T05:05:07.101707,2026-07-06T05:05:07.113444+00:00,152.3,20,bid,BrilliantBurritos,YieldingYams,9147145
2026-07-06T05:05:14.359545,2026-07-06T05:05:14.371114+00:00,152.2,20,ask,WavyWalnuts,BrilliantBurritos,9147226
2026-07-06T05:05:20.104943,2026-07-06T05:05:20.116612+00:00,152.5,20,bid,BrilliantBurritos,YieldingYams,9147319
2026-07-06T05:05:21.259054,2026-07-06T05:05:21.263187+00:00,152.2,3,ask,WavyWalnuts,Xuanyu Liu,9147332
2026-07-06T05:05:21.285027,2026-07-06T05:05:21.289137+00:00,152.4,23,ask,WavyWalnuts,Xuanyu Liu,9147334
2026-07-06T05:05:21.827828,2026-07-06T05:05:21.835259+00:00,152.4,177,ask,WavyWalnuts,AverageAlmonds,9147340
2026-07-06T05:05:22.477074,2026-07-06T05:05:22.486024+00:00,152.4,200,bid,WavyWalnuts,AverageAlmonds,9147349
2026-07-06T05:05:23.624209,2026-07-06T05:05:23.633528+00:00,152.4,500,bid,YieldingYams,AverageAlmonds,9147364
2026-07-06T05:05:23.651740,2026-07-06T05:05:23.658606+00:00,152.4,125,ask,YieldingYams,AverageAlmonds,9147365
2026-07-06T05:05:23.688925,2026-07-06T05:05:23.695703+00:00,152.3,6,ask,WavyWalnuts,Kaleb Liu,9147369
2026-07-06T05:05:27.537976,2026-07-06T05:05:27.542241+00:00,152.3,23,ask,WavyWalnuts,Xuanyu Liu,9147419
2026-07-06T05:05:27.563670,2026-07-06T05:05:27.573386+00:00,152.3,177,ask,WavyWalnuts,YieldingYams,9147420
2026-07-06T05:05:29.715556,2026-07-06T05:05:29.726977+00:00,152.1,6,ask,WavyWalnuts,Kaleb Liu,9147458
2026-07-06T05:05:35.453139,2026-07-06T05:05:35.458593+00:00,152.2,200,ask,WavyWalnuts,YieldingYams,9147517
2026-07-06T05:05:38.076447,2026-07-06T05:05:38.086085+00:00,152.2,200,bid,YieldingYams,WavyWalnuts,9147549
2026-07-06T05:05:38.791290,2026-07-06T05:05:38.798988+00:00,152.2,9,ask,YieldingYams,Kaleb Liu,9147557
2026-07-06T05:05:39.427530,2026-07-06T05:05:39.436075+00:00,152.1,200,ask,AverageAlmonds,WavyWalnuts,9147567
2026-07-06T05:05:40.095479,2026-07-06T05:05:40.107303+00:00,152.4,20,bid,BrilliantBurritos,YieldingYams,9147572
2026-07-06T05:05:43.112845,2026-07-06T05:05:43.119353+00:00,152.3,20,bid,BrilliantBurritos,YieldingYams,9147618
2026-07-06T05:05:44.302394,2026-07-06T05:05:44.306017+00:00,152.2,23,bid,Xuanyu Liu,WavyWalnuts,9147636
2026-07-06T05:05:45.497369,2026-07-06T05:05:45.508285+00:00,152.1,200,ask,YieldingYams,WavyWalnuts,9147652
2026-07-06T05:05:45.975401,2026-07-06T05:05:45.979353+00:00,152.1,12,bid,Xuanyu Liu,YieldingYams,9147657
2026-07-06T05:05:46.683838,2026-07-06T05:05:46.693117+00:00,152.1,8,bid,Zhangyue Shen,YieldingYams,9147665
2026-07-06T05:05:47.268817,2026-07-06T05:05:47.279892+00:00,152.0,500,ask,AverageAlmonds,YieldingYams,9147669
2026-07-06T05:05:47.416664,2026-07-06T05:05:47.428561+00:00,152.0,20,bid,BrilliantBurritos,YieldingYams,9147670
2026-07-06T05:05:47.520425,2026-07-06T05:05:47.524167+00:00,151.9,35,ask,WavyWalnuts,Xuanyu Liu,9147675
2026-07-06T05:05:47.715248,2026-07-06T05:05:47.726404+00:00,151.9,5,ask,WavyWalnuts,Zhangyue Shen,9147678
2026-07-06T05:05:47.836135,2026-07-06T05:05:47.845145+00:00,152.0,105,bid,AverageAlmonds,YieldingYams,9147680
2026-07-06T05:05:47.861097,2026-07-06T05:05:47.864663+00:00,152.0,11,ask,AverageAlmonds,Xuanyu Liu,9147683
2026-07-06T05:05:47.863563,2026-07-06T05:05:47.880410+00:00,152.0,30,ask,AverageAlmonds,Kaleb Liu,9147684
2026-07-06T05:05:49.068443,2026-07-06T05:05:49.072293+00:00,152.1,11,ask,AverageAlmonds,Xuanyu Liu,9147697
2026-07-06T05:05:49.616374,2026-07-06T05:05:49.620263+00:00,152.2,22,bid,Xuanyu Liu,YieldingYams,9147709
2026-07-06T05:05:49.907898,2026-07-06T05:05:49.911694+00:00,152.1,12,bid,Xuanyu Liu,YieldingYams,9147720
2026-07-06T05:05:51.488540,2026-07-06T05:05:51.499559+00:00,152.1,500,bid,AverageAlmonds,YieldingYams,9147738
2026-07-06T05:05:52.077788,2026-07-06T05:05:52.087346+00:00,152.1,125,bid,AverageAlmonds,YieldingYams,9147748
2026-07-06T05:05:54.152637,2026-07-06T05:05:54.164515+00:00,152.1,20,ask,YieldingYams,BrilliantBurritos,9147772
2026-07-06T05:05:55.210772,2026-07-06T05:05:55.214324+00:00,152.3,12,ask,WavyWalnuts,Xuanyu Liu,9147788
2026-07-06T05:05:56.964318,2026-07-06T05:05:56.968046+00:00,152.3,12,bid,Xuanyu Liu,YieldingYams,9147804
2026-07-06T05:05:57.619512,2026-07-06T05:05:57.629215+00:00,152.3,200,bid,WavyWalnuts,YieldingYams,9147817
2026-07-06T05:05:58.934428,2026-07-06T05:05:58.946486+00:00,152.3,20,ask,WavyWalnuts,BrilliantBurritos,9147836
2026-07-06T05:06:01.706675,2026-07-06T05:06:01.713524+00:00,152.2,200,ask,WavyWalnuts,YieldingYams,9147883
2026-07-06T05:06:01.724612,2026-07-06T05:06:01.728394+00:00,152.1,11,bid,Xuanyu Liu,YieldingYams,9147885
2026-07-06T05:06:02.456201,2026-07-06T05:06:02.454346+00:00,152.1,200,bid,WavyWalnuts,YieldingYams,9147891
2026-07-06T05:06:02.855709,2026-07-06T05:06:02.867418+00:00,152.1,20,bid,BrilliantBurritos,YieldingYams,9147896
2026-07-06T05:06:05.646967,2026-07-06T05:06:05.658615+00:00,152.3,200,bid,YieldingYams,WavyWalnuts,9147933
2026-07-06T05:06:06.093521,2026-07-06T05:06:06.100608+00:00,152.3,200,ask,YieldingYams,WavyWalnuts,9147938
2026-07-06T05:06:12.145693,2026-07-06T05:06:12.158642+00:00,152.5,200,bid,WavyWalnuts,YieldingYams,9148021
2026-07-06T05:06:12.211976,2026-07-06T05:06:12.230736+00:00,152.6,500,bid,YieldingYams,AverageAlmonds,9148023
2026-07-06T05:06:12.227046,2026-07-06T05:06:12.230736+00:00,152.6,11,ask,YieldingYams,Xuanyu Liu,9148025
2026-07-06T05:06:12.661578,2026-07-06T05:06:12.668668+00:00,152.6,114,ask,YieldingYams,AverageAlmonds,9148026
2026-07-06T05:06:13.524967,2026-07-06T05:06:13.533390+00:00,152.5,200,ask,WavyWalnuts,YieldingYams,9148039
2026-07-06T05:06:15.716263,2026-07-06T05:06:15.723873+00:00,152.4,200,ask,WavyWalnuts,AverageAlmonds,9148062
2026-07-06T05:06:15.769037,2026-07-06T05:06:15.779306+00:00,152.4,200,bid,WavyWalnuts,AverageAlmonds,9148068
2026-07-06T05:06:16.146746,2026-07-06T05:06:16.158605+00:00,152.4,100,bid,YieldingYams,AverageAlmonds,9148071
2026-07-06T05:06:16.310084,2026-07-06T05:06:16.316528+00:00,152.4,500,ask,YieldingYams,AverageAlmonds,9148074
2026-07-06T05:06:16.911862,2026-07-06T05:06:16.920283+00:00,152.4,25,ask,YieldingYams,AverageAlmonds,9148078
2026-07-06T05:06:16.978936,2026-07-06T05:06:16.986261+00:00,152.4,200,bid,WavyWalnuts,AverageAlmonds,9148081
2026-07-06T05:06:17.476584,2026-07-06T05:06:17.480444+00:00,152.3,11,bid,Xuanyu Liu,YieldingYams,9148090
2026-07-06T05:06:20.004446,2026-07-06T05:06:20.012897+00:00,152.2,20,ask,WavyWalnuts,BrilliantBurritos,9148130
2026-07-06T05:06:20.100115,2026-07-06T05:06:20.104120+00:00,152.3,11,ask,YieldingYams,Xuanyu Liu,9148133
2026-07-06T05:06:21.820989,2026-07-06T05:06:21.829121+00:00,152.4,200,bid,WavyWalnuts,YieldingYams,9148158
2026-07-06T05:06:22.484608,2026-07-06T05:06:22.493519+00:00,152.4,20,bid,BrilliantBurritos,YieldingYams,9148165
2026-07-06T05:06:25.445287,2026-07-06T05:06:25.451695+00:00,152.4,200,bid,WavyWalnuts,YieldingYams,9148204
2026-07-06T05:06:26.819971,2026-07-06T05:06:26.829446+00:00,152.5,8,bid,Zhangyue Shen,YieldingYams,9148222
2026-07-06T05:06:30.290094,2026-07-06T05:06:30.296908+00:00,152.3,200,ask,AverageAlmonds,WavyWalnuts,9148261
2026-07-06T05:06:31.490562,2026-07-06T05:06:31.501277+00:00,152.5,20,bid,BrilliantBurritos,YieldingYams,9148274
2026-07-06T05:06:33.112736,2026-07-06T05:06:33.129608+00:00,152.5,8,bid,Zhangyue Shen,YieldingYams,9148296
2026-07-06T05:06:34.468780,2026-07-06T05:06:34.480298+00:00,152.5,500,bid,AverageAlmonds,YieldingYams,9148316
2026-07-06T05:06:35.159678,2026-07-06T05:06:35.171440+00:00,152.7,8,bid,Zhangyue Shen,YieldingYams,9148328
2026-07-06T05:06:37.064258,2026-07-06T05:06:37.068053+00:00,152.8,11,bid,Xuanyu Liu,YieldingYams,9148355
2026-07-06T05:06:38.121326,2026-07-06T05:06:38.125209+00:00,152.8,12,bid,Xuanyu Liu,WavyWalnuts,9148369
2026-07-06T05:06:38.188749,2026-07-06T05:06:38.196499+00:00,152.8,8,bid,Zhangyue Shen,WavyWalnuts,9148370
2026-07-06T05:06:39.446217,2026-07-06T05:06:39.455253+00:00,152.9,8,bid,Zhangyue Shen,WavyWalnuts,9148392
2026-07-06T05:06:41.188079,2026-07-06T05:06:41.198741+00:00,152.8,200,ask,YieldingYams,WavyWalnuts,9148409
2026-07-06T05:06:42.413880,2026-07-06T05:06:42.417675+00:00,152.8,11,bid,Xuanyu Liu,WavyWalnuts,9148423
2026-07-06T05:06:43.608166,2026-07-06T05:06:43.618671+00:00,152.7,200,ask,YieldingYams,WavyWalnuts,9148444
2026-07-06T05:06:44.502579,2026-07-06T05:06:44.507007+00:00,153.1,3,bid,Xuanyu Liu,YieldingYams,9148451
2026-07-06T05:06:44.756151,2026-07-06T05:06:44.764082+00:00,153.1,8,bid,Zhangyue Shen,YieldingYams,9148452
2026-07-06T05:06:44.831374,2026-07-06T05:06:44.835146+00:00,152.9,3,bid,Xuanyu Liu,WavyWalnuts,9148456
2026-07-06T05:06:45.059545,2026-07-06T05:06:45.069307+00:00,152.9,51,bid,Kaleb Liu,WavyWalnuts,9148458
2026-07-06T05:06:46.777519,2026-07-06T05:06:46.785914+00:00,152.9,8,bid,Zhangyue Shen,WavyWalnuts,9148481
2026-07-06T05:06:47.239691,2026-07-06T05:06:47.247060+00:00,152.8,200,ask,YieldingYams,WavyWalnuts,9148490
2026-07-06T05:06:47.665523,2026-07-06T05:06:47.669748+00:00,152.8,3,ask,YieldingYams,Xuanyu Liu,9148496
2026-07-06T05:06:48.449719,2026-07-06T05:06:48.456627+00:00,152.8,200,ask,YieldingYams,WavyWalnuts,9148509
2026-07-06T05:06:50.867128,2026-07-06T05:06:50.876124+00:00,152.8,200,bid,WavyWalnuts,YieldingYams,9148550
2026-07-06T05:06:52.091174,2026-07-06T05:06:52.094931+00:00,152.8,3,ask,WavyWalnuts,Xuanyu Liu,9148564
2026-07-06T05:06:52.097784,2026-07-06T05:06:52.110489+00:00,152.9,3,bid,Zhangyue Shen,YieldingYams,9148565
2026-07-06T05:06:52.879426,2026-07-06T05:06:52.886148+00:00,152.8,197,ask,WavyWalnuts,YieldingYams,9148576
2026-07-06T05:06:54.606624,2026-07-06T05:06:54.618368+00:00,152.9,5,bid,Zhangyue Shen,YieldingYams,9148602
2026-07-06T05:06:56.368871,2026-07-06T05:06:56.376880+00:00,152.7,8,ask,WavyWalnuts,Zhangyue Shen,9148624
2026-07-06T05:06:57.095811,2026-07-06T05:06:57.107460+00:00,152.7,2,ask,YieldingYams,Kaleb Liu,9148634
2026-07-06T05:06:58.484052,2026-07-06T05:06:58.495526+00:00,152.7,20,ask,WavyWalnuts,BrilliantBurritos,9148654
2026-07-06T05:07:00.315218,2026-07-06T05:07:00.319126+00:00,152.7,34,ask,WavyWalnuts,Xuanyu Liu,9148684
2026-07-06T05:07:00.558366,2026-07-06T05:07:00.568924+00:00,152.8,200,bid,WavyWalnuts,AverageAlmonds,9148688
2026-07-06T05:07:00.774999,2026-07-06T05:07:00.783348+00:00,152.8,300,bid,YieldingYams,AverageAlmonds,9148691
2026-07-06T05:07:00.788881,2026-07-06T05:07:00.792265+00:00,152.8,12,ask,YieldingYams,Xuanyu Liu,9148693
2026-07-06T05:07:01.090762,2026-07-06T05:07:01.101560+00:00,152.8,313,ask,YieldingYams,AverageAlmonds,9148695
2026-07-06T05:07:01.404132,2026-07-06T05:07:01.415790+00:00,152.8,8,bid,Zhangyue Shen,AverageAlmonds,9148703
2026-07-06T05:07:01.769599,2026-07-06T05:07:01.776047+00:00,152.7,200,bid,WavyWalnuts,AverageAlmonds,9148709
2026-07-06T05:07:02.168060,2026-07-06T05:07:02.177522+00:00,152.5,8,ask,YieldingYams,Zhangyue Shen,9148717
2026-07-06T05:07:02.683015,2026-07-06T05:07:02.690828+00:00,152.5,8,ask,YieldingYams,Zhangyue Shen,9148725
2026-07-06T05:07:03.115964,2026-07-06T05:07:03.127479+00:00,152.7,10,ask,WavyWalnuts,Kaleb Liu,9148733
2026-07-06T05:07:03.546618,2026-07-06T05:07:03.555582+00:00,152.7,190,ask,WavyWalnuts,AverageAlmonds,9148737
2026-07-06T05:07:03.570785,2026-07-06T05:07:03.575373+00:00,152.7,12,bid,Xuanyu Liu,AverageAlmonds,9148740
2026-07-06T05:07:04.187257,2026-07-06T05:07:04.194177+00:00,152.7,200,bid,WavyWalnuts,AverageAlmonds,9148751
2026-07-06T05:07:04.710490,2026-07-06T05:07:04.719493+00:00,152.7,300,bid,YieldingYams,AverageAlmonds,9148753
2026-07-06T05:07:04.742992,2026-07-06T05:07:04.749903+00:00,152.7,325,ask,YieldingYams,AverageAlmonds,9148754
2026-07-06T05:07:05.966108,2026-07-06T05:07:05.969651+00:00,152.6,11,bid,Xuanyu Liu,AverageAlmonds,9148765
2026-07-06T05:07:06.970018,2026-07-06T05:07:06.981941+00:00,152.5,8,ask,WavyWalnuts,Zhangyue Shen,9148783
2026-07-06T05:07:13.139424,2026-07-06T05:07:13.150919+00:00,152.3,20,bid,BrilliantBurritos,YieldingYams,9148865
2026-07-06T05:07:13.866352,2026-07-06T05:07:13.875340+00:00,152.3,200,bid,WavyWalnuts,YieldingYams,9148872
2026-07-06T05:07:15.277156,2026-07-06T05:07:15.283634+00:00,152.2,8,ask,WavyWalnuts,Zhangyue Shen,9148892
2026-07-06T05:07:15.610739,2026-07-06T05:07:15.622298+00:00,152.4,20,bid,BrilliantBurritos,WavyWalnuts,9148896
2026-07-06T05:07:16.518595,2026-07-06T05:07:16.528153+00:00,152.3,200,bid,YieldingYams,WavyWalnuts,9148910
2026-07-06T05:07:16.534189,2026-07-06T05:07:16.537892+00:00,152.3,11,ask,YieldingYams,Xuanyu Liu,9148912
2026-07-06T05:07:17.833228,2026-07-06T05:07:17.839456+00:00,152.4,200,bid,YieldingYams,WavyWalnuts,9148930
2026-07-06T05:07:18.155778,2026-07-06T05:07:18.166716+00:00,152.4,9,ask,YieldingYams,Kaleb Liu,9148936
2026-07-06T05:07:18.709557,2026-07-06T05:07:18.716791+00:00,152.4,200,ask,YieldingYams,WavyWalnuts,9148952
2026-07-06T05:07:19.228937,2026-07-06T05:07:19.232950+00:00,152.4,11,bid,Xuanyu Liu,YieldingYams,9148957
2026-07-06T05:07:21.564065,2026-07-06T05:07:21.571506+00:00,152.3,8,ask,YieldingYams,Zhangyue Shen,9148991
2026-07-06T05:07:21.819479,2026-07-06T05:07:21.828365+00:00,152.2,8,ask,AverageAlmonds,Zhangyue Shen,9148999
2026-07-06T05:07:24.769393,2026-07-06T05:07:24.779603+00:00,152.2,200,ask,YieldingYams,WavyWalnuts,9149023
2026-07-06T05:07:25.347389,2026-07-06T05:07:25.351414+00:00,152.3,5,ask,AverageAlmonds,Xuanyu Liu,9149032
2026-07-06T05:07:25.726310,2026-07-06T05:07:25.730541+00:00,152.4,5,bid,Xuanyu Liu,YieldingYams,9149039
2026-07-06T05:07:28.336792,2026-07-06T05:07:28.347553+00:00,152.3,500,ask,AverageAlmonds,YieldingYams,9149061
2026-07-06T05:07:28.572883,2026-07-06T05:07:28.584666+00:00,152.3,20,bid,BrilliantBurritos,YieldingYams,9149064
2026-07-06T05:07:28.891759,2026-07-06T05:07:28.899057+00:00,152.2,10,ask,AverageAlmonds,Zijin Tang,9149073
2026-07-06T05:07:28.920404,2026-07-06T05:07:28.924207+00:00,152.2,5,ask,Zijin Tang,Zhangyue Shen,9149077
2026-07-06T05:07:28.984249,2026-07-06T05:07:28.995634+00:00,152.2,5,ask,AverageAlmonds,Xuanyu Liu,9149078
2026-07-06T05:07:28.984249,2026-07-06T05:07:28.995634+00:00,152.2,3,ask,AverageAlmonds,Zhangyue Shen,9149079
2026-07-06T05:07:29.416829,2026-07-06T05:07:29.427584+00:00,152.2,10,ask,AverageAlmonds,Zijin Tang,9149083
2026-07-06T05:07:29.443979,2026-07-06T05:07:29.447746+00:00,152.2,5,ask,AverageAlmonds,Xuanyu Liu,9149086
2026-07-06T05:07:29.490532,2026-07-06T05:07:29.502337+00:00,152.2,8,ask,AverageAlmonds,Zhangyue Shen,9149090
2026-07-06T05:07:29.939545,2026-07-06T05:07:29.950630+00:00,152.2,10,ask,AverageAlmonds,Zijin Tang,9149096
2026-07-06T05:07:30.694154,2026-07-06T05:07:30.705879+00:00,152.4,20,bid,BrilliantBurritos,WavyWalnuts,9149102
2026-07-06T05:07:30.841853,2026-07-06T05:07:30.845840+00:00,152.3,1,ask,WavyWalnuts,Xuanyu Liu,9149106
2026-07-06T05:07:31.966477,2026-07-06T05:07:31.970963+00:00,152.3,12,ask,WavyWalnuts,Xuanyu Liu,9149119
2026-07-06T05:07:36.207493,2026-07-06T05:07:36.217480+00:00,152.4,200,bid,YieldingYams,WavyWalnuts,9149175
2026-07-06T05:07:36.245415,2026-07-06T05:07:36.254396+00:00,152.4,13,ask,YieldingYams,Kaleb Liu,9149178
2026-07-06T05:07:36.894049,2026-07-06T05:07:36.902574+00:00,152.4,200,ask,YieldingYams,WavyWalnuts,9149189
2026-07-06T05:07:37.202967,2026-07-06T05:07:37.214771+00:00,152.4,20,ask,YieldingYams,BrilliantBurritos,9149192
2026-07-06T05:07:38.287342,2026-07-06T05:07:38.290691+00:00,152.4,22,ask,YieldingYams,Xuanyu Liu,9149205
2026-07-06T05:07:39.259929,2026-07-06T05:07:39.271484+00:00,152.4,38,ask,YieldingYams,Kaleb Liu,9149217
2026-07-06T05:07:47.792296,2026-07-06T05:07:47.800072+00:00,152.4,200,ask,YieldingYams,WavyWalnuts,9149319
2026-07-06T05:07:47.795998,2026-07-06T05:07:47.800072+00:00,152.6,42,bid,Xuanyu Liu,YieldingYams,9149320
2026-07-06T05:07:47.821107,2026-07-06T05:07:47.828873+00:00,152.6,8,bid,Zhangyue Shen,YieldingYams,9149322
2026-07-06T05:07:48.359137,2026-07-06T05:07:48.368707+00:00,152.4,28,ask,YieldingYams,Kaleb Liu,9149327
2026-07-06T05:07:48.379754,2026-07-06T05:07:48.383430+00:00,152.6,20,bid,Xuanyu Liu,YieldingYams,9149330
2026-07-06T05:07:48.577173,2026-07-06T05:07:48.588867+00:00,152.6,8,bid,Zhangyue Shen,YieldingYams,9149335
2026-07-06T05:07:49.083432,2026-07-06T05:07:49.095249+00:00,152.4,8,ask,YieldingYams,Zhangyue Shen,9149349
2026-07-06T05:07:51.375528,2026-07-06T05:07:51.387134+00:00,152.6,7,bid,Kaleb Liu,AverageAlmonds,9149370
2026-07-06T05:07:51.613295,2026-07-06T05:07:51.624944+00:00,152.5,7,ask,WavyWalnuts,Zhangyue Shen,9149374
2026-07-06T05:07:52.070285,2026-07-06T05:07:52.081961+00:00,152.6,20,bid,BrilliantBurritos,YieldingYams,9149378
2026-07-06T05:07:52.622997,2026-07-06T05:07:52.633748+00:00,152.6,200,bid,WavyWalnuts,YieldingYams,9149384
2026-07-06T05:07:54.415052,2026-07-06T05:07:54.426541+00:00,152.6,4,bid,Kaleb Liu,YieldingYams,9149410
2026-07-06T05:07:55.375128,2026-07-06T05:07:55.386779+00:00,152.5,7,bid,Zhangyue Shen,WavyWalnuts,9149428
2026-07-06T05:07:55.908211,2026-07-06T05:07:55.918245+00:00,152.5,193,bid,YieldingYams,WavyWalnuts,9149435
2026-07-06T05:07:55.908211,2026-07-06T05:07:55.918245+00:00,152.5,432,bid,YieldingYams,AverageAlmonds,9149436
2026-07-06T05:07:56.247035,2026-07-06T05:07:56.256984+00:00,152.5,200,bid,WavyWalnuts,AverageAlmonds,9149443
2026-07-06T05:07:57.440483,2026-07-06T05:07:57.468831+00:00,152.4,9,bid,Kaleb Liu,YieldingYams,9149455
2026-07-06T05:07:57.456844,2026-07-06T05:07:57.468831+00:00,152.4,200,bid,WavyWalnuts,YieldingYams,9149457
2026-07-06T05:07:58.674645,2026-07-06T05:07:58.685391+00:00,152.3,200,bid,WavyWalnuts,YieldingYams,9149473
2026-07-06T05:07:59.897411,2026-07-06T05:07:59.901167+00:00,152.4,5,ask,WavyWalnuts,Xuanyu Liu,9149491
2026-07-06T05:08:00.485775,2026-07-06T05:08:00.493470+00:00,152.5,13,bid,Kaleb Liu,YieldingYams,9149503
2026-07-06T05:08:00.489039,2026-07-06T05:08:00.493470+00:00,152.5,11,bid,Xuanyu Liu,YieldingYams,9149504
2026-07-06T05:08:00.713356,2026-07-06T05:08:00.721596+00:00,152.5,8,bid,Zhangyue Shen,YieldingYams,9149508
2026-07-06T05:08:01.739740,2026-07-06T05:08:01.748500+00:00,152.6,8,bid,Zhangyue Shen,WavyWalnuts,9149517
2026-07-06T05:08:02.142015,2026-07-06T05:08:02.158600+00:00,152.6,20,bid,BrilliantBurritos,WavyWalnuts,9149526
2026-07-06T05:08:02.285846,2026-07-06T05:08:02.293013+00:00,152.4,8,ask,WavyWalnuts,Zhangyue Shen,9149527
2026-07-06T05:08:02.438627,2026-07-06T05:08:02.450342+00:00,152.3,20,ask,YieldingYams,BrilliantBurritos,9149531
2026-07-06T05:08:03.804822,2026-07-06T05:08:03.811708+00:00,152.6,8,bid,Zhangyue Shen,WavyWalnuts,9149552
2026-07-06T05:08:06.764377,2026-07-06T05:08:06.768246+00:00,152.5,3,bid,Xuanyu Liu,WavyWalnuts,9149590
2026-07-06T05:08:10.167995,2026-07-06T05:08:10.179658+00:00,152.5,200,ask,WavyWalnuts,AverageAlmonds,9149632
2026-07-06T05:08:10.333950,2026-07-06T05:08:10.340343+00:00,152.5,8,bid,Zhangyue Shen,AverageAlmonds,9149635
2026-07-06T05:08:10.595499,2026-07-06T05:08:10.606357+00:00,152.5,3,bid,Zhangyue Shen,YieldingYams,9149637
2026-07-06T05:08:10.800617,2026-07-06T05:08:10.810892+00:00,152.5,200,bid,WavyWalnuts,YieldingYams,9149640
2026-07-06T05:08:10.858166,2026-07-06T05:08:10.866070+00:00,152.5,3,bid,Zhangyue Shen,AverageAlmonds,9149644
2026-07-06T05:08:11.119290,2026-07-06T05:08:11.164230+00:00,152.5,3,bid,Zhangyue Shen,YieldingYams,9149649
2026-07-06T05:08:11.631523,2026-07-06T05:08:11.636362+00:00,152.5,3,bid,Zhangyue Shen,YieldingYams,9149656
2026-07-06T05:08:12.558798,2026-07-06T05:08:12.570505+00:00,152.5,20,bid,Kaleb Liu,AverageAlmonds,9149673
2026-07-06T05:08:13.226164,2026-07-06T05:08:13.233407+00:00,152.5,200,ask,YieldingYams,WavyWalnuts,9149677
2026-07-06T05:08:14.004673,2026-07-06T05:08:14.014574+00:00,152.5,20,ask,YieldingYams,BrilliantBurritos,9149689
2026-07-06T05:08:14.431881,2026-07-06T05:08:14.440945+00:00,152.6,200,bid,WavyWalnuts,YieldingYams,9149691
2026-07-06T05:08:15.177167,2026-07-06T05:08:15.187097+00:00,152.6,8,bid,Zhangyue Shen,YieldingYams,9149702
2026-07-06T05:08:15.625653,2026-07-06T05:08:15.635503+00:00,152.6,4,ask,YieldingYams,Kaleb Liu,9149705
2026-07-06T05:08:16.454015,2026-07-06T05:08:16.465462+00:00,152.7,8,bid,Zhangyue Shen,AverageAlmonds,9149717
2026-07-06T05:08:16.714116,2026-07-06T05:08:16.720913+00:00,152.7,3,bid,Zhangyue Shen,AverageAlmonds,9149724
2026-07-06T05:08:16.831632,2026-07-06T05:08:16.839966+00:00,152.6,500,ask,YieldingYams,AverageAlmonds,9149725
2026-07-06T05:08:16.973338,2026-07-06T05:08:16.980641+00:00,152.6,11,bid,Zhangyue Shen,YieldingYams,9149730
2026-07-06T05:08:17.242290,2026-07-06T05:08:17.248469+00:00,152.6,3,bid,Zhangyue Shen,YieldingYams,9149733
2026-07-06T05:08:17.443356,2026-07-06T05:08:17.446800+00:00,152.5,3,bid,Xuanyu Liu,AverageAlmonds,9149735
2026-07-06T05:08:17.500805,2026-07-06T05:08:17.507151+00:00,152.5,3,bid,Zhangyue Shen,AverageAlmonds,9149738
2026-07-06T05:08:17.760864,2026-07-06T05:08:17.769440+00:00,152.5,3,bid,Zhangyue Shen,AverageAlmonds,9149745
2026-07-06T05:08:18.024342,2026-07-06T05:08:18.041985+00:00,152.5,3,bid,Zhangyue Shen,AverageAlmonds,9149748
2026-07-06T05:08:18.045916,2026-07-06T05:08:18.052823+00:00,152.4,200,ask,WavyWalnuts,AverageAlmonds,9149749
2026-07-06T05:08:18.086047,2026-07-06T05:08:18.089956+00:00,152.4,11,bid,Xuanyu Liu,AverageAlmonds,9149753
2026-07-06T05:08:18.251372,2026-07-06T05:08:18.258617+00:00,152.4,289,bid,YieldingYams,AverageAlmonds,9149760
2026-07-06T05:08:18.283848,2026-07-06T05:08:18.290866+00:00,152.5,3,bid,Zhangyue Shen,WavyWalnuts,9149763
2026-07-06T05:08:18.553043,2026-07-06T05:08:18.558653+00:00,152.5,8,bid,Zhangyue Shen,WavyWalnuts,9149766
2026-07-06T05:08:18.637192,2026-07-06T05:08:18.648256+00:00,152.4,336,ask,YieldingYams,AverageAlmonds,9149768
2026-07-06T05:08:18.659525,2026-07-06T05:08:18.669026+00:00,152.4,51,bid,Kaleb Liu,AverageAlmonds,9149771
2026-07-06T05:08:18.814823,2026-07-06T05:08:18.825044+00:00,152.4,3,bid,Zhangyue Shen,AverageAlmonds,9149775
2026-07-06T05:08:19.076078,2026-07-06T05:08:19.086946+00:00,152.4,3,bid,Zhangyue Shen,AverageAlmonds,9149778
2026-07-06T05:08:19.301990,2026-07-06T05:08:19.305642+00:00,152.2,1,bid,Xuanyu Liu,WavyWalnuts,9149783
2026-07-06T05:08:19.343557,2026-07-06T05:08:19.351569+00:00,152.2,3,bid,Zhangyue Shen,WavyWalnuts,9149786
2026-07-06T05:08:19.473516,2026-07-06T05:08:19.477522+00:00,152.0,15,ask,WavyWalnuts,Xuanyu Liu,9149791
2026-07-06T05:08:20.874632,2026-07-06T05:08:20.885254+00:00,152.4,8,bid,Zhangyue Shen,WavyWalnuts,9149818
2026-07-06T05:08:22.439560,2026-07-06T05:08:22.458784+00:00,152.4,6,bid,Zhangyue Shen,WavyWalnuts,9149838
2026-07-06T05:08:22.976044,2026-07-06T05:08:22.982929+00:00,152.4,20,bid,BrilliantBurritos,YieldingYams,9149842
2026-07-06T05:08:24.173875,2026-07-06T05:08:24.185466+00:00,152.3,20,bid,BrilliantBurritos,AverageAlmonds,9149851
2026-07-06T05:08:24.840636,2026-07-06T05:08:24.848880+00:00,152.3,200,bid,YieldingYams,WavyWalnuts,9149863
2026-07-06T05:08:24.840636,2026-07-06T05:08:24.848880+00:00,152.3,425,bid,YieldingYams,AverageAlmonds,9149864
2026-07-06T05:08:26.152497,2026-07-06T05:08:26.169146+00:00,152.1,200,ask,WavyWalnuts,YieldingYams,9149874
2026-07-06T05:08:26.164984,2026-07-06T05:08:26.169146+00:00,152.1,3,bid,Xuanyu Liu,YieldingYams,9149876
2026-07-06T05:08:26.562387,2026-07-06T05:08:26.569922+00:00,152.1,200,bid,WavyWalnuts,YieldingYams,9149882
2026-07-06T05:08:27.461303,2026-07-06T05:08:27.469106+00:00,152.2,500,bid,YieldingYams,AverageAlmonds,9149895
2026-07-06T05:08:29.790560,2026-07-06T05:08:29.802215+00:00,152.0,20,ask,YieldingYams,BrilliantBurritos,9149920
2026-07-06T05:08:31.663687,2026-07-06T05:08:31.675346+00:00,152.2,20,bid,BrilliantBurritos,WavyWalnuts,9149952
2026-07-06T05:08:32.638462,2026-07-06T05:08:32.646449+00:00,152.1,200,ask,YieldingYams,WavyWalnuts,9149965
2026-07-06T05:08:33.952458,2026-07-06T05:08:33.958551+00:00,152.0,20,ask,YieldingYams,BrilliantBurritos,9149981
2026-07-06T05:08:37.701884,2026-07-06T05:08:37.713508+00:00,151.9,8,ask,YieldingYams,Zhangyue Shen,9150036
2026-07-06T05:08:38.470108,2026-07-06T05:08:38.473930+00:00,152.0,3,ask,YieldingYams,Xuanyu Liu,9150044
2026-07-06T05:08:39.162811,2026-07-06T05:08:39.174528+00:00,152.1,20,bid,BrilliantBurritos,AverageAlmonds,9150054
2026-07-06T05:08:40.737854,2026-07-06T05:08:40.748486+00:00,151.9,8,ask,YieldingYams,Zhangyue Shen,9150073
2026-07-06T05:08:42.315310,2026-07-06T05:08:42.323885+00:00,151.9,200,ask,YieldingYams,WavyWalnuts,9150096
2026-07-06T05:08:43.137984,2026-07-06T05:08:43.149531+00:00,152.2,20,bid,BrilliantBurritos,YieldingYams,9150108
2026-07-06T05:08:46.526497,2026-07-06T05:08:46.532795+00:00,151.9,20,ask,WavyWalnuts,BrilliantBurritos,9150153
2026-07-06T05:08:47.527682,2026-07-06T05:08:47.534287+00:00,152.0,8,bid,Zhangyue Shen,YieldingYams,9150175
2026-07-06T05:08:49.169306,2026-07-06T05:08:49.176631+00:00,151.9,20,ask,WavyWalnuts,BrilliantBurritos,9150190
2026-07-06T05:08:50.300891,2026-07-06T05:08:50.312713+00:00,151.8,8,ask,WavyWalnuts,Zhangyue Shen,9150203
2026-07-06T05:08:52.208252,2026-07-06T05:08:52.220038+00:00,151.9,20,bid,BrilliantBurritos,YieldingYams,9150228
2026-07-06T05:08:53.235073,2026-07-06T05:08:53.246346+00:00,151.7,200,ask,YieldingYams,WavyWalnuts,9150245
2026-07-06T05:08:54.334183,2026-07-06T05:08:54.337499+00:00,151.6,8,ask,AverageAlmonds,Zhangyue Shen,9150265
2026-07-06T05:08:54.394721,2026-07-06T05:08:54.398487+00:00,151.7,3,ask,AverageAlmonds,Xuanyu Liu,9150268
2026-07-06T05:08:54.572989,2026-07-06T05:08:54.581347+00:00,151.8,20,bid,BrilliantBurritos,YieldingYams,9150274
2026-07-06T05:08:54.589269,2026-07-06T05:08:54.600705+00:00,151.7,8,ask,AverageAlmonds,Zhangyue Shen,9150275
2026-07-06T05:08:54.745952,2026-07-06T05:08:54.757644+00:00,151.7,2,ask,AverageAlmonds,Kaleb Liu,9150277
2026-07-06T05:08:54.953638,2026-07-06T05:08:54.958596+00:00,151.7,487,ask,AverageAlmonds,YieldingYams,9150282
2026-07-06T05:08:54.953638,2026-07-06T05:08:54.968880+00:00,151.6,138,ask,WavyWalnuts,YieldingYams,9150283
2026-07-06T05:08:55.663415,2026-07-06T05:08:55.674154+00:00,151.6,200,ask,AverageAlmonds,WavyWalnuts,9150292
2026-07-06T05:08:56.620184,2026-07-06T05:08:56.632131+00:00,151.7,8,ask,YieldingYams,Zhangyue Shen,9150309
2026-07-06T05:08:58.288904,2026-07-06T05:08:58.299241+00:00,151.9,20,bid,BrilliantBurritos,YieldingYams,9150327
2026-07-06T05:09:00.193943,2026-07-06T05:09:00.215373+00:00,151.8,200,ask,WavyWalnuts,YieldingYams,9150348
2026-07-06T05:09:00.211580,2026-07-06T05:09:00.215373+00:00,151.8,3,bid,Xuanyu Liu,YieldingYams,9150351
2026-07-06T05:09:00.503801,2026-07-06T05:09:00.512298+00:00,151.8,200,bid,WavyWalnuts,YieldingYams,9150354
2026-07-06T05:09:00.893837,2026-07-06T05:09:00.905511+00:00,151.6,8,ask,YieldingYams,Zhangyue Shen,9150360
2026-07-06T05:09:01.516497,2026-07-06T05:09:01.520684+00:00,151.8,3,ask,YieldingYams,Xuanyu Liu,9150365
2026-07-06T05:09:04.425604,2026-07-06T05:09:04.437345+00:00,151.7,8,ask,YieldingYams,Zhangyue Shen,9150390
2026-07-06T05:09:06.743007,2026-07-06T05:09:06.749678+00:00,151.8,200,bid,YieldingYams,WavyWalnuts,9150415
2026-07-06T05:09:08.318959,2026-07-06T05:09:08.333846+00:00,151.7,20,ask,WavyWalnuts,BrilliantBurritos,9150436
2026-07-06T05:09:09.054691,2026-07-06T05:09:09.066554+00:00,151.6,20,ask,WavyWalnuts,BrilliantBurritos,9150448
2026-07-06T05:09:09.452165,2026-07-06T05:09:09.458587+00:00,151.7,8,ask,YieldingYams,Zhangyue Shen,9150451
2026-07-06T05:09:10.147736,2026-07-06T05:09:10.152136+00:00,151.7,23,ask,YieldingYams,Xuanyu Liu,9150467
2026-07-06T05:09:10.471868,2026-07-06T05:09:10.480443+00:00,151.7,3,ask,YieldingYams,Zhangyue Shen,9150470
2026-07-06T05:09:10.766272,2026-07-06T05:09:10.774023+00:00,151.7,3,ask,WavyWalnuts,Zhangyue Shen,9150477
2026-07-06T05:09:11.026260,2026-07-06T05:09:11.032666+00:00,151.7,3,ask,WavyWalnuts,Zhangyue Shen,9150482
2026-07-06T05:09:11.287452,2026-07-06T05:09:11.365365+00:00,151.7,3,ask,WavyWalnuts,Zhangyue Shen,9150485
2026-07-06T05:09:11.404311,2026-07-06T05:09:11.469104+00:00,151.7,200,ask,YieldingYams,WavyWalnuts,9150492
2026-07-06T05:09:12.807244,2026-07-06T05:09:12.818897+00:00,151.5,8,ask,YieldingYams,Zhangyue Shen,9150520
2026-07-06T05:09:13.824669,2026-07-06T05:09:13.832680+00:00,151.5,200,ask,AverageAlmonds,WavyWalnuts,9150535
2026-07-06T05:09:15.909470,2026-07-06T05:09:15.916458+00:00,151.7,200,bid,YieldingYams,WavyWalnuts,9150564
2026-07-06T05:09:16.241305,2026-07-06T05:09:16.248400+00:00,151.7,200,ask,YieldingYams,WavyWalnuts,9150568
2026-07-06T05:09:19.842095,2026-07-06T05:09:19.852029+00:00,151.5,11,ask,AverageAlmonds,Zhangyue Shen,9150612
2026-07-06T05:09:19.846269,2026-07-06T05:09:19.857047+00:00,151.5,489,ask,AverageAlmonds,YieldingYams,9150613
2026-07-06T05:09:20.404353,2026-07-06T05:09:20.413431+00:00,151.5,136,bid,AverageAlmonds,YieldingYams,9150620
2026-07-06T05:09:20.606568,2026-07-06T05:09:20.617053+00:00,151.5,3,ask,AverageAlmonds,Zhangyue Shen,9150627
2026-07-06T05:09:20.865726,2026-07-06T05:09:20.872784+00:00,151.5,3,ask,AverageAlmonds,Zhangyue Shen,9150633
2026-07-06T05:09:21.094169,2026-07-06T05:09:21.102006+00:00,151.5,200,ask,AverageAlmonds,WavyWalnuts,9150636
2026-07-06T05:09:21.126146,2026-07-06T05:09:21.137267+00:00,151.5,3,ask,AverageAlmonds,Zhangyue Shen,9150638
2026-07-06T05:09:21.815258,2026-07-06T05:09:21.826952+00:00,151.4,4,ask,YieldingYams,Kaleb Liu,9150646
2026-07-06T05:09:21.900261,2026-07-06T05:09:21.908461+00:00,151.4,3,ask,YieldingYams,Zhangyue Shen,9150649
2026-07-06T05:09:22.155121,2026-07-06T05:09:22.166900+00:00,151.4,8,ask,YieldingYams,Zhangyue Shen,9150652
2026-07-06T05:09:23.354519,2026-07-06T05:09:23.366515+00:00,151.5,20,ask,AverageAlmonds,BrilliantBurritos,9150659
2026-07-06T05:09:24.362450,2026-07-06T05:09:24.374133+00:00,151.4,20,ask,YieldingYams,BrilliantBurritos,9150675
2026-07-06T05:09:24.830604,2026-07-06T05:09:24.842118+00:00,151.5,6,ask,WavyWalnuts,Kaleb Liu,9150679
2026-07-06T05:09:24.927465,2026-07-06T05:09:24.933949+00:00,151.5,5,ask,WavyWalnuts,Zhangyue Shen,9150683
2026-07-06T05:09:26.428906,2026-07-06T05:09:26.440465+00:00,151.6,20,bid,BrilliantBurritos,YieldingYams,9150704
2026-07-06T05:09:27.137661,2026-07-06T05:09:27.145754+00:00,151.6,200,bid,WavyWalnuts,YieldingYams,9150710
2026-07-06T05:09:28.538607,2026-07-06T05:09:28.550566+00:00,151.9,20,bid,BrilliantBurritos,YieldingYams,9150721
2026-07-06T05:09:32.277682,2026-07-06T05:09:32.281839+00:00,151.6,23,ask,YieldingYams,Xuanyu Liu,9150756
2026-07-06T05:09:33.817286,2026-07-06T05:09:33.828961+00:00,151.8,20,bid,BrilliantBurritos,YieldingYams,9150780
2026-07-06T05:09:33.860766,2026-07-06T05:09:33.872330+00:00,151.6,22,ask,WavyWalnuts,Kaleb Liu,9150782
2026-07-06T05:09:35.584567,2026-07-06T05:09:35.596235+00:00,151.6,200,ask,WavyWalnuts,YieldingYams,9150806
2026-07-06T05:09:35.584567,2026-07-06T05:09:35.596235+00:00,151.5,425,ask,AverageAlmonds,YieldingYams,9150807
2026-07-06T05:09:35.638354,2026-07-06T05:09:35.642151+00:00,151.6,12,bid,Xuanyu Liu,WavyWalnuts,9150811
2026-07-06T05:09:36.897016,2026-07-06T05:09:36.907480+00:00,151.6,200,bid,YieldingYams,WavyWalnuts,9150830
2026-07-06T05:09:38.041266,2026-07-06T05:09:38.048778+00:00,151.8,200,ask,YieldingYams,WavyWalnuts,9150849
2026-07-06T05:09:38.899083,2026-07-06T05:09:38.910837+00:00,152.1,8,bid,Zhangyue Shen,YieldingYams,9150860
2026-07-06T05:09:39.254418,2026-07-06T05:09:39.268922+00:00,151.8,200,ask,YieldingYams,WavyWalnuts,9150866
2026-07-06T05:09:40.477117,2026-07-06T05:09:40.481461+00:00,151.8,11,bid,Xuanyu Liu,WavyWalnuts,9150882
2026-07-06T05:09:40.673733,2026-07-06T05:09:40.685395+00:00,151.7,20,ask,YieldingYams,BrilliantBurritos,9150884
2026-07-06T05:09:40.963902,2026-07-06T05:09:40.971824+00:00,151.8,8,bid,Zhangyue Shen,WavyWalnuts,9150887
2026-07-06T05:09:45.258699,2026-07-06T05:09:45.270263+00:00,152.0,8,bid,Zhangyue Shen,WavyWalnuts,9150937
2026-07-06T05:09:46.265879,2026-07-06T05:09:46.277260+00:00,151.8,20,ask,WavyWalnuts,BrilliantBurritos,9150946
2026-07-06T05:09:48.033794,2026-07-06T05:09:48.037632+00:00,151.9,12,bid,Xuanyu Liu,YieldingYams,9150966
2026-07-06T05:09:48.203759,2026-07-06T05:09:48.215188+00:00,151.9,20,bid,BrilliantBurritos,YieldingYams,9150970
2026-07-06T05:09:48.783538,2026-07-06T05:09:48.791673+00:00,151.9,8,bid,Zhangyue Shen,YieldingYams,9150978
2026-07-06T05:09:49.779908,2026-07-06T05:09:49.791456+00:00,151.8,20,ask,WavyWalnuts,BrilliantBurritos,9150993
2026-07-06T05:09:50.813754,2026-07-06T05:09:50.820458+00:00,151.7,20,ask,WavyWalnuts,BrilliantBurritos,9151006
2026-07-06T05:09:52.054106,2026-07-06T05:09:52.065705+00:00,152.0,8,bid,Zhangyue Shen,YieldingYams,9151023
2026-07-06T05:09:53.953229,2026-07-06T05:09:53.976913+00:00,151.9,200,ask,WavyWalnuts,YieldingYams,9151048
2026-07-06T05:09:53.970432,2026-07-06T05:09:53.976913+00:00,151.6,20,ask,YieldingYams,BrilliantBurritos,9151050
2026-07-06T05:09:53.973214,2026-07-06T05:09:53.976913+00:00,151.8,11,bid,Xuanyu Liu,YieldingYams,9151051
2026-07-06T05:09:54.621751,2026-07-06T05:09:54.629721+00:00,151.8,8,bid,Zhangyue Shen,YieldingYams,9151056
2026-07-06T05:09:57.890845,2026-07-06T05:09:57.899876+00:00,151.5,8,ask,WavyWalnuts,Zhangyue Shen,9151095
2026-07-06T05:09:59.393822,2026-07-06T05:09:59.400446+00:00,151.7,20,bid,BrilliantBurritos,WavyWalnuts,9151119
2026-07-06T05:09:59.918666,2026-07-06T05:09:59.925937+00:00,151.6,8,ask,YieldingYams,Zhangyue Shen,9151124
2026-07-06T05:10:00.526168,2026-07-06T05:10:00.530080+00:00,151.7,11,ask,YieldingYams,Xuanyu Liu,9151130
2026-07-06T05:10:08.480843,2026-07-06T05:10:08.492466+00:00,151.7,8,bid,Zhangyue Shen,WavyWalnuts,9151217
2026-07-06T05:10:10.240913,2026-07-06T05:10:10.252590+00:00,151.5,8,ask,YieldingYams,Zhangyue Shen,9151236
2026-07-06T05:10:12.333559,2026-07-06T05:10:12.340924+00:00,151.5,200,ask,WavyWalnuts,YieldingYams,9151263
2026-07-06T05:10:12.516775,2026-07-06T05:10:12.527797+00:00,151.5,8,bid,Zhangyue Shen,YieldingYams,9151267
2026-07-06T05:10:16.298408,2026-07-06T05:10:16.308107+00:00,151.6,8,bid,Zhangyue Shen,WavyWalnuts,9151309
2026-07-06T05:10:16.517785,2026-07-06T05:10:16.522065+00:00,151.6,11,bid,Xuanyu Liu,WavyWalnuts,9151317
2026-07-06T05:10:16.797528,2026-07-06T05:10:16.808457+00:00,151.6,200,bid,WavyWalnuts,YieldingYams,9151323
2026-07-06T05:10:16.812275,2026-07-06T05:10:16.818964+00:00,151.6,8,bid,Zhangyue Shen,YieldingYams,9151324
2026-07-06T05:10:19.219863,2026-07-06T05:10:19.230665+00:00,151.7,200,bid,WavyWalnuts,YieldingYams,9151349
2026-07-06T05:10:20.215573,2026-07-06T05:10:20.219336+00:00,151.8,23,ask,YieldingYams,Xuanyu Liu,9151365
2026-07-06T05:10:20.434839,2026-07-06T05:10:20.443655+00:00,151.8,200,ask,YieldingYams,WavyWalnuts,9151367
2026-07-06T05:10:21.409966,2026-07-06T05:10:21.417179+00:00,151.8,10,ask,YieldingYams,Zijin Tang,9151375
2026-07-06T05:10:21.644392,2026-07-06T05:10:21.652867+00:00,151.8,200,ask,YieldingYams,WavyWalnuts,9151380
2026-07-06T05:10:22.016799,2026-07-06T05:10:22.023946+00:00,151.9,20,bid,BrilliantBurritos,AverageAlmonds,9151389
2026-07-06T05:10:22.521316,2026-07-06T05:10:22.533138+00:00,151.8,10,ask,YieldingYams,Zijin Tang,9151398
2026-07-06T05:10:22.772241,2026-07-06T05:10:22.780612+00:00,151.8,415,ask,YieldingYams,AverageAlmonds,9151400
2026-07-06T05:10:22.827177,2026-07-06T05:10:22.852792+00:00,151.5,200,ask,WavyWalnuts,YieldingYams,9151402
2026-07-06T05:10:22.848642,2026-07-06T05:10:22.852792+00:00,151.5,23,bid,Xuanyu Liu,YieldingYams,9151407
2026-07-06T05:10:22.851940,2026-07-06T05:10:22.868351+00:00,151.5,200,bid,WavyWalnuts,YieldingYams,9151408
2026-07-06T05:10:22.915066,2026-07-06T05:10:22.918973+00:00,151.5,17,bid,Xuanyu Liu,YieldingYams,9151410
2026-07-06T05:10:23.632710,2026-07-06T05:10:23.644337+00:00,151.5,10,bid,Zijin Tang,YieldingYams,9151421
2026-07-06T05:10:24.007878,2026-07-06T05:10:24.017969+00:00,151.5,20,bid,BrilliantBurritos,YieldingYams,9151425
2026-07-06T05:10:24.059639,2026-07-06T05:10:24.069159+00:00,151.5,155,bid,WavyWalnuts,YieldingYams,9151427
2026-07-06T05:10:24.744073,2026-07-06T05:10:24.758559+00:00,151.7,10,bid,Zijin Tang,WavyWalnuts,9151436
2026-07-06T05:10:24.965432,2026-07-06T05:10:24.969558+00:00,151.5,14,ask,WavyWalnuts,Xuanyu Liu,9151440
2026-07-06T05:10:25.855657,2026-07-06T05:10:25.867329+00:00,151.5,10,ask,WavyWalnuts,Zijin Tang,9151451
2026-07-06T05:10:25.971479,2026-07-06T05:10:25.983106+00:00,151.8,8,bid,Zhangyue Shen,WavyWalnuts,9151453
2026-07-06T05:10:26.495380,2026-07-06T05:10:26.498899+00:00,151.7,14,ask,WavyWalnuts,Xuanyu Liu,9151462
2026-07-06T05:10:26.761458,2026-07-06T05:10:26.769012+00:00,151.7,186,ask,WavyWalnuts,YieldingYams,9151467
2026-07-06T05:10:26.965885,2026-07-06T05:10:26.977071+00:00,151.5,10,ask,YieldingYams,Zijin Tang,9151470
2026-07-06T05:10:27.479531,2026-07-06T05:10:27.491002+00:00,151.5,8,ask,YieldingYams,Zhangyue Shen,9151480
2026-07-06T05:10:27.689152,2026-07-06T05:10:27.696035+00:00,151.7,200,bid,WavyWalnuts,YieldingYams,9151484
2026-07-06T05:10:28.076476,2026-07-06T05:10:28.086937+00:00,151.7,10,ask,YieldingYams,Zijin Tang,9151488
2026-07-06T05:10:28.220608,2026-07-06T05:10:28.230926+00:00,151.7,500,ask,YieldingYams,AverageAlmonds,9151490
2026-07-06T05:10:28.816973,2026-07-06T05:10:28.828355+00:00,151.7,115,ask,YieldingYams,AverageAlmonds,9151501
2026-07-06T05:10:28.897773,2026-07-06T05:10:28.908241+00:00,151.7,200,bid,WavyWalnuts,AverageAlmonds,9151507
2026-07-06T05:10:29.184988,2026-07-06T05:10:29.196628+00:00,150.9,7,ask,AverageAlmonds,Zijin Tang,9151511
2026-07-06T05:10:29.394025,2026-07-06T05:10:29.398147+00:00,151.6,35,ask,YieldingYams,Xuanyu Liu,9151514
2026-07-06T05:10:30.128767,2026-07-06T05:10:30.133111+00:00,151.7,11,ask,WavyWalnuts,Xuanyu Liu,9151530
2026-07-06T05:10:30.294109,2026-07-06T05:10:30.305988+00:00,151.7,10,ask,WavyWalnuts,Zijin Tang,9151533
2026-07-06T05:10:30.528552,2026-07-06T05:10:30.539299+00:00,151.7,8,ask,WavyWalnuts,Zhangyue Shen,9151536
2026-07-06T05:10:31.045707,2026-07-06T05:10:31.057165+00:00,151.7,17,ask,WavyWalnuts,Kaleb Liu,9151542
2026-07-06T05:10:31.322227,2026-07-06T05:10:31.331154+00:00,151.8,200,bid,WavyWalnuts,YieldingYams,9151549
2026-07-06T05:10:31.406392,2026-07-06T05:10:31.417779+00:00,151.6,10,ask,YieldingYams,Zijin Tang,9151551
2026-07-06T05:10:32.340360,2026-07-06T05:10:32.344100+00:00,151.8,23,bid,Xuanyu Liu,AverageAlmonds,9151559
2026-07-06T05:10:32.520583,2026-07-06T05:10:32.528574+00:00,151.6,10,ask,YieldingYams,Zijin Tang,9151564
2026-07-06T05:10:33.638371,2026-07-06T05:10:33.645759+00:00,151.8,10,ask,YieldingYams,Zijin Tang,9151581
2026-07-06T05:10:33.669450,2026-07-06T05:10:33.679534+00:00,151.8,500,ask,YieldingYams,AverageAlmonds,9151583
2026-07-06T05:10:34.269394,2026-07-06T05:10:34.295179+00:00,151.8,115,ask,YieldingYams,AverageAlmonds,9151593
2026-07-06T05:10:34.269394,2026-07-06T05:10:34.295179+00:00,151.7,200,ask,WavyWalnuts,AverageAlmonds,9151594
2026-07-06T05:10:34.291044,2026-07-06T05:10:34.295179+00:00,151.7,11,bid,Xuanyu Liu,AverageAlmonds,9151596
2026-07-06T05:10:34.617622,2026-07-06T05:10:34.625133+00:00,150.9,8,ask,AverageAlmonds,Zhangyue Shen,9151603
2026-07-06T05:10:34.636128,2026-07-06T05:10:34.639840+00:00,151.4,23,ask,YieldingYams,Xuanyu Liu,9151605
2026-07-06T05:10:34.964672,2026-07-06T05:10:34.968442+00:00,151.6,3,ask,WavyWalnuts,Xuanyu Liu,9151612
2026-07-06T05:10:36.722372,2026-07-06T05:10:36.730765+00:00,151.6,200,ask,WavyWalnuts,AverageAlmonds,9151639
2026-07-06T05:10:37.247499,2026-07-06T05:10:37.252070+00:00,151.6,300,bid,YieldingYams,AverageAlmonds,9151642
2026-07-06T05:10:37.309452,2026-07-06T05:10:37.317155+00:00,151.6,325,ask,YieldingYams,AverageAlmonds,9151643
2026-07-06T05:10:37.366015,2026-07-06T05:10:37.374157+00:00,151.5,175,bid,WavyWalnuts,AverageAlmonds,9151647
2026-07-06T05:10:37.914567,2026-07-06T05:10:37.921584+00:00,151.5,25,ask,WavyWalnuts,AverageAlmonds,9151656
2026-07-06T05:10:37.935135,2026-07-06T05:10:37.938791+00:00,151.5,15,bid,Xuanyu Liu,AverageAlmonds,9151660
2026-07-06T05:10:38.051494,2026-07-06T05:10:38.058559+00:00,151.5,10,bid,Zijin Tang,AverageAlmonds,9151662
2026-07-06T05:10:38.575179,2026-07-06T05:10:38.586345+00:00,151.6,200,bid,WavyWalnuts,AverageAlmonds,9151674
2026-07-06T05:10:39.127849,2026-07-06T05:10:39.137293+00:00,151.4,500,ask,YieldingYams,AverageAlmonds,9151683
2026-07-06T05:10:39.162655,2026-07-06T05:10:39.174384+00:00,151.4,10,ask,YieldingYams,Zijin Tang,9151684
2026-07-06T05:10:39.722640,2026-07-06T05:10:39.732115+00:00,151.4,115,ask,YieldingYams,AverageAlmonds,9151697
2026-07-06T05:10:39.752425,2026-07-06T05:10:39.771538+00:00,151.4,11,bid,Xuanyu Liu,AverageAlmonds,9151701
2026-07-06T05:10:39.871353,2026-07-06T05:10:39.879303+00:00,151.3,200,ask,WavyWalnuts,YieldingYams,9151702
2026-07-06T05:10:39.885214,2026-07-06T05:10:39.889056+00:00,151.1,26,bid,Xuanyu Liu,YieldingYams,9151705
2026-07-06T05:10:40.272912,2026-07-06T05:10:40.284523+00:00,151.1,10,bid,Zijin Tang,YieldingYams,9151709
2026-07-06T05:10:40.989133,2026-07-06T05:10:40.999622+00:00,151.1,200,bid,WavyWalnuts,YieldingYams,9151725
2026-07-06T05:10:41.383980,2026-07-06T05:10:41.398722+00:00,151.4,10,bid,Zijin Tang,AverageAlmonds,9151735
2026-07-06T05:10:42.201145,2026-07-06T05:10:42.211888+00:00,151.2,200,ask,YieldingYams,WavyWalnuts,9151744
2026-07-06T05:10:42.770927,2026-07-06T05:10:42.779240+00:00,151.3,8,bid,Zhangyue Shen,YieldingYams,9151748
2026-07-06T05:10:43.594267,2026-07-06T05:10:43.606190+00:00,151.1,10,ask,WavyWalnuts,Zijin Tang,9151758
2026-07-06T05:10:43.809330,2026-07-06T05:10:43.818859+00:00,151.3,8,bid,Zhangyue Shen,WavyWalnuts,9151761
2026-07-06T05:10:44.705426,2026-07-06T05:10:44.717170+00:00,151.2,10,ask,YieldingYams,Zijin Tang,9151784
2026-07-06T05:10:45.077553,2026-07-06T05:10:45.086662+00:00,151.4,8,bid,Zhangyue Shen,YieldingYams,9151788
2026-07-06T05:10:45.816248,2026-07-06T05:10:45.826025+00:00,151.3,10,bid,Zijin Tang,AverageAlmonds,9151803
2026-07-06T05:10:46.931763,2026-07-06T05:10:46.943341+00:00,151.3,10,bid,Zijin Tang,AverageAlmonds,9151819
2026-07-06T05:10:48.043893,2026-07-06T05:10:48.050963+00:00,151.3,10,bid,Zijin Tang,YieldingYams,9151843
2026-07-06T05:10:48.652048,2026-07-06T05:10:48.664039+00:00,151.3,8,bid,Zhangyue Shen,YieldingYams,9151859
2026-07-06T05:10:49.154027,2026-07-06T05:10:49.165569+00:00,151.2,10,bid,Zijin Tang,YieldingYams,9151863
2026-07-06T05:10:50.264841,2026-07-06T05:10:50.276389+00:00,151.2,10,bid,Zijin Tang,YieldingYams,9151879
2026-07-06T05:10:50.674753,2026-07-06T05:10:50.683092+00:00,151.2,8,bid,Zhangyue Shen,YieldingYams,9151891
2026-07-06T05:10:51.240314,2026-07-06T05:10:51.249917+00:00,151.1,200,ask,WavyWalnuts,AverageAlmonds,9151900
2026-07-06T05:10:51.376304,2026-07-06T05:10:51.387656+00:00,151.1,8,bid,Zijin Tang,AverageAlmonds,9151903
2026-07-06T05:10:51.679621,2026-07-06T05:10:51.687022+00:00,151.1,292,bid,YieldingYams,AverageAlmonds,9151911
2026-07-06T05:10:51.832649,2026-07-06T05:10:51.840994+00:00,151.1,333,ask,YieldingYams,AverageAlmonds,9151915
2026-07-06T05:10:52.485953,2026-07-06T05:10:52.497335+00:00,150.9,10,ask,WavyWalnuts,Zijin Tang,9151921
2026-07-06T05:10:52.708076,2026-07-06T05:10:52.719798+00:00,151.0,8,bid,Zhangyue Shen,AverageAlmonds,9151926
2026-07-06T05:10:53.091111,2026-07-06T05:10:53.099944+00:00,151.0,200,bid,WavyWalnuts,AverageAlmonds,9151933
2026-07-06T05:10:53.595139,2026-07-06T05:10:53.604612+00:00,151.0,10,bid,Zijin Tang,AverageAlmonds,9151939
2026-07-06T05:10:54.299392,2026-07-06T05:10:54.306236+00:00,151.0,200,bid,WavyWalnuts,AverageAlmonds,9151949
2026-07-06T05:10:54.459243,2026-07-06T05:10:54.471163+00:00,151.0,20,bid,BrilliantBurritos,AverageAlmonds,9151952
2026-07-06T05:10:54.704314,2026-07-06T05:10:54.715877+00:00,150.9,2,ask,YieldingYams,Zijin Tang,9151954
2026-07-06T05:10:54.994107,2026-07-06T05:10:55.001550+00:00,151.0,8,bid,Zhangyue Shen,AverageAlmonds,9151966
2026-07-06T05:10:55.514837,2026-07-06T05:10:55.524636+00:00,151.0,200,bid,WavyWalnuts,AverageAlmonds,9151971
2026-07-06T05:10:55.621562,2026-07-06T05:10:55.631711+00:00,151.0,300,bid,YieldingYams,AverageAlmonds,9151974
2026-07-06T05:10:55.812684,2026-07-06T05:10:55.824459+00:00,151.1,10,ask,YieldingYams,Zijin Tang,9151978
2026-07-06T05:10:56.074862,2026-07-06T05:10:56.081574+00:00,151.1,315,ask,YieldingYams,AverageAlmonds,9151982
2026-07-06T05:10:56.809433,2026-07-06T05:10:56.816029+00:00,151.1,20,bid,BrilliantBurritos,AverageAlmonds,9151993
2026-07-06T05:10:56.922788,2026-07-06T05:10:56.934362+00:00,150.9,10,ask,WavyWalnuts,Zijin Tang,9151996
2026-07-06T05:10:57.024485,2026-07-06T05:10:57.034865+00:00,151.0,8,bid,Zhangyue Shen,YieldingYams,9152001
2026-07-06T05:10:57.928329,2026-07-06T05:10:57.937615+00:00,151.0,200,bid,WavyWalnuts,YieldingYams,9152007
2026-07-06T05:10:59.051278,2026-07-06T05:10:59.058611+00:00,151.0,8,bid,Zhangyue Shen,YieldingYams,9152034
2026-07-06T05:10:59.139237,2026-07-06T05:10:59.149319+00:00,151.0,200,bid,WavyWalnuts,YieldingYams,9152037
2026-07-06T05:10:59.142397,2026-07-06T05:10:59.149319+00:00,151.0,10,bid,Zijin Tang,YieldingYams,9152038
2026-07-06T05:10:59.813760,2026-07-06T05:10:59.823829+00:00,151.3,8,bid,Zhangyue Shen,YieldingYams,9152050
2026-07-06T05:11:00.252687,2026-07-06T05:11:00.264368+00:00,151.0,10,ask,YieldingYams,Zijin Tang,9152054
2026-07-06T05:11:01.105981,2026-07-06T05:11:01.117492+00:00,151.2,4,bid,Kaleb Liu,WavyWalnuts,9152068
2026-07-06T05:11:01.362867,2026-07-06T05:11:01.374758+00:00,151.2,10,bid,Zijin Tang,WavyWalnuts,9152076
2026-07-06T05:11:01.641698,2026-07-06T05:11:01.653442+00:00,151.2,20,bid,BrilliantBurritos,YieldingYams,9152083
2026-07-06T05:11:01.995669,2026-07-06T05:11:02.003579+00:00,151.1,20,ask,WavyWalnuts,BrilliantBurritos,9152087
2026-07-06T05:11:02.143158,2026-07-06T05:11:02.151830+00:00,151.1,180,ask,WavyWalnuts,AverageAlmonds,9152092
2026-07-06T05:11:02.477090,2026-07-06T05:11:02.485143+00:00,151.1,10,bid,Zijin Tang,AverageAlmonds,9152099
2026-07-06T05:11:03.376576,2026-07-06T05:11:03.380240+00:00,151.0,3,bid,Xuanyu Liu,AverageAlmonds,9152128
2026-07-06T05:11:03.497024,2026-07-06T05:11:03.505722+00:00,151.0,497,bid,YieldingYams,AverageAlmonds,9152131
2026-07-06T05:11:03.586764,2026-07-06T05:11:03.598145+00:00,151.1,10,bid,Zijin Tang,WavyWalnuts,9152134
2026-07-06T05:11:04.699270,2026-07-06T05:11:04.711052+00:00,151.1,10,bid,Zijin Tang,AverageAlmonds,9152156
2026-07-06T05:11:04.815824,2026-07-06T05:11:04.825054+00:00,151.0,200,ask,WavyWalnuts,YieldingYams,9152161
2026-07-06T05:11:05.214408,2026-07-06T05:11:05.221992+00:00,150.9,200,bid,WavyWalnuts,YieldingYams,9152165
2026-07-06T05:11:05.811570,2026-07-06T05:11:05.823245+00:00,150.9,10,bid,Zijin Tang,YieldingYams,9152176
2026-07-06T05:11:06.426650,2026-07-06T05:11:06.434551+00:00,150.9,200,ask,YieldingYams,WavyWalnuts,9152184
2026-07-06T05:11:06.922248,2026-07-06T05:11:06.934138+00:00,150.9,4,ask,YieldingYams,Zijin Tang,9152188
2026-07-06T05:11:10.068565,2026-07-06T05:11:10.079450+00:00,150.9,200,ask,WavyWalnuts,YieldingYams,9152228
2026-07-06T05:11:10.137906,2026-07-06T05:11:10.149424+00:00,150.9,47,bid,Kaleb Liu,YieldingYams,9152229
2026-07-06T05:11:10.234148,2026-07-06T05:11:10.242039+00:00,150.9,10,bid,Zijin Tang,YieldingYams,9152231
2026-07-06T05:11:11.344075,2026-07-06T05:11:11.363662+00:00,150.8,9,ask,WavyWalnuts,Zijin Tang,9152246
2026-07-06T05:11:12.465069,2026-07-06T05:11:12.474656+00:00,150.8,10,ask,WavyWalnuts,Zijin Tang,9152256
2026-07-06T05:11:12.479566,2026-07-06T05:11:12.490396+00:00,150.9,200,bid,WavyWalnuts,YieldingYams,9152258
2026-07-06T05:11:13.578073,2026-07-06T05:11:13.590029+00:00,150.8,9,bid,Zijin Tang,YieldingYams,9152273
2026-07-06T05:11:13.686231,2026-07-06T05:11:13.693878+00:00,150.8,200,bid,WavyWalnuts,YieldingYams,9152276
2026-07-06T05:11:14.004836,2026-07-06T05:11:14.008604+00:00,150.8,3,ask,YieldingYams,Xuanyu Liu,9152280
2026-07-06T05:11:14.689499,2026-07-06T05:11:14.701164+00:00,150.8,10,ask,YieldingYams,Zijin Tang,9152286
2026-07-06T05:11:15.303720,2026-07-06T05:11:15.312973+00:00,150.9,200,bid,YieldingYams,WavyWalnuts,9152295
2026-07-06T05:11:15.797872,2026-07-06T05:11:15.805455+00:00,150.9,10,ask,YieldingYams,Zijin Tang,9152299
2026-07-06T05:11:16.703255,2026-07-06T05:11:16.706968+00:00,151.0,14,bid,Xuanyu Liu,YieldingYams,9152310
2026-07-06T05:11:16.906933,2026-07-06T05:11:16.918937+00:00,151.0,10,bid,Zijin Tang,YieldingYams,9152312
2026-07-06T05:11:18.018230,2026-07-06T05:11:18.029202+00:00,151.0,10,bid,Zijin Tang,YieldingYams,9152329
2026-07-06T05:11:18.747526,2026-07-06T05:11:18.751290+00:00,150.9,14,ask,WavyWalnuts,Xuanyu Liu,9152341
2026-07-06T05:11:19.127962,2026-07-06T05:11:19.137656+00:00,150.9,10,ask,WavyWalnuts,Zijin Tang,9152344
2026-07-06T05:11:20.238279,2026-07-06T05:11:20.250123+00:00,150.9,10,ask,WavyWalnuts,Zijin Tang,9152362
2026-07-06T05:11:20.544409,2026-07-06T05:11:20.558544+00:00,150.9,190,ask,WavyWalnuts,YieldingYams,9152364
2026-07-06T05:11:20.912298,2026-07-06T05:11:20.923378+00:00,150.9,20,bid,BrilliantBurritos,YieldingYams,9152367
2026-07-06T05:11:23.477757,2026-07-06T05:11:23.489313+00:00,150.8,20,ask,YieldingYams,BrilliantBurritos,9152405
2026-07-06T05:11:24.044887,2026-07-06T05:11:24.058620+00:00,150.8,20,ask,YieldingYams,BrilliantBurritos,9152410
2026-07-06T05:11:24.598088,2026-07-06T05:11:24.607945+00:00,150.9,200,bid,WavyWalnuts,AverageAlmonds,9152419
2026-07-06T05:11:25.810123,2026-07-06T05:11:25.819167+00:00,150.9,200,bid,WavyWalnuts,AverageAlmonds,9152433
2026-07-06T05:11:26.356291,2026-07-06T05:11:26.358623+00:00,150.8,500,ask,YieldingYams,AverageAlmonds,9152439
2026-07-06T05:11:26.953313,2026-07-06T05:11:26.963809+00:00,150.8,125,ask,YieldingYams,AverageAlmonds,9152446
2026-07-06T05:11:27.024029,2026-07-06T05:11:27.035280+00:00,150.8,200,bid,WavyWalnuts,AverageAlmonds,9152450
2026-07-06T05:11:28.192517,2026-07-06T05:11:28.204262+00:00,150.7,2,bid,Kaleb Liu,YieldingYams,9152467
2026-07-06T05:11:28.235129,2026-07-06T05:11:28.243473+00:00,150.7,200,bid,WavyWalnuts,YieldingYams,9152469
2026-07-06T05:11:29.467464,2026-07-06T05:11:29.471238+00:00,150.7,3,ask,WavyWalnuts,Xuanyu Liu,9152490
2026-07-06T05:11:29.738148,2026-07-06T05:11:29.749734+00:00,150.7,197,ask,WavyWalnuts,YieldingYams,9152493
2026-07-06T05:11:30.865860,2026-07-06T05:11:30.877545+00:00,150.5,8,ask,WavyWalnuts,Zhangyue Shen,9152510
2026-07-06T05:11:31.217759,2026-07-06T05:11:31.225485+00:00,150.6,2,ask,YieldingYams,Kaleb Liu,9152516
2026-07-06T05:11:32.882665,2026-07-06T05:11:32.891301+00:00,150.7,8,ask,WavyWalnuts,Zhangyue Shen,9152538
2026-07-06T05:11:33.080060,2026-07-06T05:11:33.089680+00:00,150.8,200,bid,WavyWalnuts,YieldingYams,9152541
2026-07-06T05:11:33.356252,2026-07-06T05:11:33.354984+00:00,150.8,20,bid,BrilliantBurritos,YieldingYams,9152543
2026-07-06T05:11:33.659914,2026-07-06T05:11:33.669833+00:00,150.8,500,bid,YieldingYams,AverageAlmonds,9152548
2026-07-06T05:11:34.204685,2026-07-06T05:11:34.211952+00:00,150.8,125,ask,YieldingYams,AverageAlmonds,9152553
2026-07-06T05:11:34.235219,2026-07-06T05:11:34.246691+00:00,150.8,12,bid,Kaleb Liu,AverageAlmonds,9152555
2026-07-06T05:11:34.307688,2026-07-06T05:11:34.311601+00:00,150.7,4,ask,WavyWalnuts,Xuanyu Liu,9152564
2026-07-06T05:11:34.400486,2026-07-06T05:11:34.412216+00:00,150.7,8,ask,WavyWalnuts,Zhangyue Shen,9152565
2026-07-06T05:11:34.814257,2026-07-06T05:11:34.825646+00:00,150.7,188,ask,WavyWalnuts,AverageAlmonds,9152572
2026-07-06T05:11:35.218792,2026-07-06T05:11:35.230491+00:00,150.6,20,bid,BrilliantBurritos,YieldingYams,9152577
2026-07-06T05:11:35.500726,2026-07-06T05:11:35.507839+00:00,150.6,200,bid,WavyWalnuts,YieldingYams,9152581
2026-07-06T05:11:36.710791,2026-07-06T05:11:36.718694+00:00,150.6,200,bid,WavyWalnuts,AverageAlmonds,9152601
2026-07-06T05:11:37.264951,2026-07-06T05:11:37.275667+00:00,150.5,12,ask,YieldingYams,Kaleb Liu,9152607
2026-07-06T05:11:38.899695,2026-07-06T05:11:38.907645+00:00,150.7,500,bid,YieldingYams,AverageAlmonds,9152625
2026-07-06T05:11:39.051581,2026-07-06T05:11:39.058729+00:00,150.7,125,ask,YieldingYams,AverageAlmonds,9152627
2026-07-06T05:11:39.051581,2026-07-06T05:11:39.063733+00:00,150.6,200,ask,WavyWalnuts,AverageAlmonds,9152628
2026-07-06T05:11:39.126345,2026-07-06T05:11:39.137713+00:00,150.6,175,bid,WavyWalnuts,AverageAlmonds,9152633
2026-07-06T05:11:39.652986,2026-07-06T05:11:39.654864+00:00,150.6,25,ask,WavyWalnuts,AverageAlmonds,9152639
2026-07-06T05:11:39.716554,2026-07-06T05:11:39.726378+00:00,150.5,3,bid,Zhangyue Shen,AverageAlmonds,9152642
2026-07-06T05:11:39.987128,2026-07-06T05:11:39.998613+00:00,150.5,3,bid,Zhangyue Shen,AverageAlmonds,9152645
2026-07-06T05:11:42.018984,2026-07-06T05:11:42.022987+00:00,150.4,7,ask,YieldingYams,Xuanyu Liu,9152675
2026-07-06T05:11:42.775532,2026-07-06T05:11:42.779875+00:00,150.5,12,ask,WavyWalnuts,Xuanyu Liu,9152684
2026-07-06T05:11:43.299380,2026-07-06T05:11:43.309325+00:00,150.5,188,ask,WavyWalnuts,AverageAlmonds,9152689
2026-07-06T05:11:43.299380,2026-07-06T05:11:43.309325+00:00,150.5,312,ask,YieldingYams,AverageAlmonds,9152690
2026-07-06T05:11:43.317047,2026-07-06T05:11:43.324962+00:00,150.5,12,ask,YieldingYams,Kaleb Liu,9152691
2026-07-06T05:11:43.894839,2026-07-06T05:11:43.904549+00:00,150.5,301,ask,YieldingYams,AverageAlmonds,9152709
2026-07-06T05:11:44.073403,2026-07-06T05:11:44.077538+00:00,150.4,11,ask,WavyWalnuts,Xuanyu Liu,9152715
2026-07-06T05:11:44.153113,2026-07-06T05:11:44.160954+00:00,150.4,189,ask,WavyWalnuts,YieldingYams,9152716
2026-07-06T05:11:45.182825,2026-07-06T05:11:45.193341+00:00,150.2,200,bid,WavyWalnuts,YieldingYams,9152737
2026-07-06T05:11:48.096156,2026-07-06T05:11:48.103068+00:00,150.1,20,ask,YieldingYams,BrilliantBurritos,9152776
2026-07-06T05:11:48.166679,2026-07-06T05:11:48.174159+00:00,150.1,16,ask,YieldingYams,Zhangyue Shen,9152780
2026-07-06T05:11:48.806507,2026-07-06T05:11:48.813326+00:00,150.1,200,ask,YieldingYams,WavyWalnuts,9152788
2026-07-06T05:11:50.013361,2026-07-06T05:11:50.023919+00:00,150.2,200,ask,YieldingYams,WavyWalnuts,9152803
2026-07-06T05:11:50.577364,2026-07-06T05:11:50.585554+00:00,150.4,20,bid,BrilliantBurritos,YieldingYams,9152807
2026-07-06T05:11:52.034684,2026-07-06T05:11:52.042483+00:00,150.1,200,ask,WavyWalnuts,YieldingYams,9152826
2026-07-06T05:11:52.053953,2026-07-06T05:11:52.058208+00:00,150.0,8,bid,Xuanyu Liu,YieldingYams,9152828
2026-07-06T05:11:52.206995,2026-07-06T05:11:52.216297+00:00,149.8,8,ask,AverageAlmonds,Zhangyue Shen,9152833
2026-07-06T05:11:52.212198,2026-07-06T05:11:52.216297+00:00,150.0,3,bid,Xuanyu Liu,YieldingYams,9152834
2026-07-06T05:11:52.427748,2026-07-06T05:11:52.435170+00:00,150.0,200,bid,WavyWalnuts,YieldingYams,9152839
2026-07-06T05:11:52.462536,2026-07-06T05:11:52.474280+00:00,149.8,3,ask,AverageAlmonds,Zhangyue Shen,9152840
2026-07-06T05:11:53.470931,2026-07-06T05:11:53.480051+00:00,150.0,5,ask,YieldingYams,Zhangyue Shen,9152851
2026-07-06T05:11:54.656702,2026-07-06T05:11:54.679914+00:00,150.2,200,ask,WavyWalnuts,YieldingYams,9152872
2026-07-06T05:11:54.675312,2026-07-06T05:11:54.679914+00:00,150.1,12,bid,Xuanyu Liu,YieldingYams,9152874
2026-07-06T05:11:54.863318,2026-07-06T05:11:54.874285+00:00,150.1,200,bid,WavyWalnuts,YieldingYams,9152876
2026-07-06T05:11:55.967485,2026-07-06T05:11:55.969687+00:00,150.2,500,bid,YieldingYams,AverageAlmonds,9152891
2026-07-06T05:11:56.002190,2026-07-06T05:11:56.009459+00:00,150.2,125,ask,YieldingYams,AverageAlmonds,9152894
2026-07-06T05:11:56.080126,2026-07-06T05:11:56.090074+00:00,150.2,200,bid,WavyWalnuts,AverageAlmonds,9152898
2026-07-06T05:11:56.622162,2026-07-06T05:11:56.633503+00:00,149.3,20,ask,AverageAlmonds,BrilliantBurritos,9152903
2026-07-06T05:11:57.818584,2026-07-06T05:11:57.828742+00:00,150.1,500,ask,YieldingYams,AverageAlmonds,9152925
2026-07-06T05:11:57.825342,2026-07-06T05:11:57.833742+00:00,150.1,8,ask,YieldingYams,Zhangyue Shen,9152926
2026-07-06T05:11:57.849361,2026-07-06T05:11:57.852966+00:00,150.1,23,ask,YieldingYams,Xuanyu Liu,9152929
2026-07-06T05:11:58.096759,2026-07-06T05:11:58.107653+00:00,150.1,3,ask,YieldingYams,Zhangyue Shen,9152935
2026-07-06T05:11:58.369151,2026-07-06T05:11:58.379232+00:00,150.1,3,ask,YieldingYams,Zhangyue Shen,9152938
2026-07-06T05:11:58.386026,2026-07-06T05:11:58.397664+00:00,150.1,9,ask,YieldingYams,Kaleb Liu,9152939
2026-07-06T05:11:58.603428,2026-07-06T05:11:58.611925+00:00,150.1,200,ask,WavyWalnuts,YieldingYams,9152943
2026-07-06T05:11:59.398127,2026-07-06T05:11:59.407670+00:00,149.8,8,ask,YieldingYams,Zhangyue Shen,9152955
2026-07-06T05:11:59.728741,2026-07-06T05:11:59.735765+00:00,150.1,200,bid,WavyWalnuts,YieldingYams,9152960
2026-07-06T05:11:59.867732,2026-07-06T05:11:59.872186+00:00,150.1,23,bid,Xuanyu Liu,YieldingYams,9152964
2026-07-06T05:12:01.233769,2026-07-06T05:12:01.243231+00:00,150.1,200,ask,WavyWalnuts,YieldingYams,9152981
2026-07-06T05:12:02.936918,2026-07-06T05:12:02.946943+00:00,150.2,8,bid,Zhangyue Shen,WavyWalnuts,9153005
2026-07-06T05:12:03.692573,2026-07-06T05:12:03.704184+00:00,150.0,8,ask,WavyWalnuts,Zhangyue Shen,9153018
2026-07-06T05:12:06.304387,2026-07-06T05:12:06.314829+00:00,149.9,500,ask,YieldingYams,AverageAlmonds,9153057
2026-07-06T05:12:06.536285,2026-07-06T05:12:06.540144+00:00,149.8,14,bid,Xuanyu Liu,YieldingYams,9153061
2026-07-06T05:12:09.144700,2026-07-06T05:12:09.153148+00:00,149.8,200,bid,YieldingYams,WavyWalnuts,9153090
2026-07-06T05:12:09.144700,2026-07-06T05:12:09.153148+00:00,149.8,425,bid,YieldingYams,AverageAlmonds,9153091
2026-07-06T05:12:10.528111,2026-07-06T05:12:10.534884+00:00,149.7,200,ask,WavyWalnuts,AverageAlmonds,9153102
2026-07-06T05:12:11.837486,2026-07-06T05:12:11.848721+00:00,149.7,200,ask,YieldingYams,WavyWalnuts,9153117
2026-07-06T05:12:15.256093,2026-07-06T05:12:15.264059+00:00,149.6,8,ask,WavyWalnuts,Zhangyue Shen,9153155
2026-07-06T05:12:15.907240,2026-07-06T05:12:15.918796+00:00,149.6,20,ask,WavyWalnuts,BrilliantBurritos,9153165
2026-07-06T05:12:17.021607,2026-07-06T05:12:17.032900+00:00,149.5,200,ask,WavyWalnuts,YieldingYams,9153181
2026-07-06T05:12:17.347578,2026-07-06T05:12:17.359519+00:00,149.2,20,ask,YieldingYams,BrilliantBurritos,9153189
2026-07-06T05:12:19.088321,2026-07-06T05:12:19.097373+00:00,149.6,200,bid,WavyWalnuts,YieldingYams,9153203
2026-07-06T05:12:20.095793,2026-07-06T05:12:20.102761+00:00,149.3,8,ask,YieldingYams,Zhangyue Shen,9153216
2026-07-06T05:12:20.297179,2026-07-06T05:12:20.304064+00:00,149.5,200,bid,WavyWalnuts,YieldingYams,9153222
2026-07-06T05:12:20.351270,2026-07-06T05:12:20.358567+00:00,149.3,8,ask,YieldingYams,Zhangyue Shen,9153225
2026-07-06T05:12:20.972552,2026-07-06T05:12:20.976522+00:00,149.4,3,ask,YieldingYams,Xuanyu Liu,9153240
2026-07-06T05:12:22.048757,2026-07-06T05:12:22.052466+00:00,149.4,11,ask,YieldingYams,Xuanyu Liu,9153262
2026-07-06T05:12:22.732868,2026-07-06T05:12:22.744252+00:00,149.4,200,ask,YieldingYams,WavyWalnuts,9153277
2026-07-06T05:12:23.146537,2026-07-06T05:12:23.149912+00:00,149.4,8,ask,YieldingYams,Zhangyue Shen,9153285
2026-07-06T05:12:24.470291,2026-07-06T05:12:24.479609+00:00,149.1,20,ask,YieldingYams,BrilliantBurritos,9153298
2026-07-06T05:12:25.012854,2026-07-06T05:12:25.019447+00:00,149.4,20,bid,BrilliantBurritos,WavyWalnuts,9153308
2026-07-06T05:12:26.365985,2026-07-06T05:12:26.376565+00:00,149.3,200,bid,WavyWalnuts,YieldingYams,9153329
2026-07-06T05:12:26.427071,2026-07-06T05:12:26.434165+00:00,149.0,8,ask,YieldingYams,Zhangyue Shen,9153330
2026-07-06T05:12:27.696262,2026-07-06T05:12:27.707210+00:00,149.2,8,ask,YieldingYams,Zhangyue Shen,9153342
2026-07-06T05:12:33.985870,2026-07-06T05:12:33.999332+00:00,149.2,8,bid,Zhangyue Shen,YieldingYams,9153419
2026-07-06T05:12:38.271781,2026-07-06T05:12:38.283510+00:00,148.9,20,ask,WavyWalnuts,BrilliantBurritos,9153485
2026-07-06T05:12:40.508904,2026-07-06T05:12:40.520780+00:00,148.8,8,ask,WavyWalnuts,Zhangyue Shen,9153526
2026-07-06T05:12:40.757726,2026-07-06T05:12:40.769456+00:00,148.8,20,ask,WavyWalnuts,BrilliantBurritos,9153528
2026-07-06T05:12:40.883343,2026-07-06T05:12:40.892187+00:00,148.9,200,bid,WavyWalnuts,YieldingYams,9153531
2026-07-06T05:12:41.377801,2026-07-06T05:12:41.384366+00:00,148.9,425,bid,AverageAlmonds,YieldingYams,9153534
2026-07-06T05:12:42.091514,2026-07-06T05:12:42.100357+00:00,149.0,200,ask,YieldingYams,WavyWalnuts,9153544
2026-07-06T05:12:44.508904,2026-07-06T05:12:44.515538+00:00,149.0,200,ask,YieldingYams,WavyWalnuts,9153572
2026-07-06T05:12:45.720282,2026-07-06T05:12:45.728330+00:00,149.1,200,ask,YieldingYams,WavyWalnuts,9153586
2026-07-06T05:12:48.486756,2026-07-06T05:12:48.493713+00:00,149.0,200,bid,YieldingYams,WavyWalnuts,9153618
2026-07-06T05:12:49.811855,2026-07-06T05:12:49.820263+00:00,149.1,20,bid,BrilliantBurritos,YieldingYams,9153631
2026-07-06T05:12:50.560486,2026-07-06T05:12:50.570041+00:00,149.1,200,bid,WavyWalnuts,YieldingYams,9153643
2026-07-06T05:12:51.420917,2026-07-06T05:12:51.432779+00:00,149.0,20,ask,AverageAlmonds,BrilliantBurritos,9153652
2026-07-06T05:12:51.608673,2026-07-06T05:12:51.612454+00:00,149.0,12,ask,AverageAlmonds,Xuanyu Liu,9153661
2026-07-06T05:12:54.066564,2026-07-06T05:12:54.078366+00:00,149.1,20,bid,BrilliantBurritos,YieldingYams,9153692
2026-07-06T05:12:54.195386,2026-07-06T05:12:54.205937+00:00,149.1,200,bid,WavyWalnuts,YieldingYams,9153695
2026-07-06T05:12:57.696858,2026-07-06T05:12:57.704642+00:00,149.1,200,bid,YieldingYams,WavyWalnuts,9153749
2026-07-06T05:12:57.958061,2026-07-06T05:12:57.962879+00:00,149.1,23,ask,YieldingYams,Xuanyu Liu,9153754
2026-07-06T05:12:58.543001,2026-07-06T05:12:58.558631+00:00,149.1,13,ask,YieldingYams,Kaleb Liu,9153766
2026-07-06T05:12:59.019404,2026-07-06T05:12:59.030074+00:00,149.1,200,ask,WavyWalnuts,YieldingYams,9153771
2026-07-06T05:13:00.613236,2026-07-06T05:13:00.624619+00:00,149.0,20,ask,YieldingYams,BrilliantBurritos,9153795
2026-07-06T05:13:02.672260,2026-07-06T05:13:02.680387+00:00,149.2,200,bid,WavyWalnuts,YieldingYams,9153819
2026-07-06T05:13:06.322340,2026-07-06T05:13:06.325992+00:00,149.2,12,bid,Xuanyu Liu,WavyWalnuts,9153868
2026-07-06T05:13:07.513964,2026-07-06T05:13:07.521142+00:00,149.1,200,ask,YieldingYams,WavyWalnuts,9153883
2026-07-06T05:13:12.346984,2026-07-06T05:13:12.355584+00:00,149.2,200,bid,WavyWalnuts,YieldingYams,9153940
2026-07-06T05:13:16.593215,2026-07-06T05:13:16.601833+00:00,149.4,34,bid,Kaleb Liu,AverageAlmonds,9153999
2026-07-06T05:13:18.363358,2026-07-06T05:13:18.368587+00:00,149.3,8,bid,Zhangyue Shen,AverageAlmonds,9154021
2026-07-06T05:13:21.385668,2026-07-06T05:13:21.392649+00:00,149.2,200,ask,WavyWalnuts,YieldingYams,9154062
2026-07-06T05:13:22.019171,2026-07-06T05:13:22.026444+00:00,149.2,200,bid,WavyWalnuts,YieldingYams,9154070
2026-07-06T05:13:22.614469,2026-07-06T05:13:22.625859+00:00,149.0,12,ask,YieldingYams,Kaleb Liu,9154074
2026-07-06T05:13:22.699054,2026-07-06T05:13:22.706873+00:00,149.3,500,bid,YieldingYams,AverageAlmonds,9154076
2026-07-06T05:13:22.718680,2026-07-06T05:13:22.723677+00:00,149.3,23,ask,YieldingYams,Xuanyu Liu,9154078
2026-07-06T05:13:22.883391,2026-07-06T05:13:22.894392+00:00,149.3,3,ask,YieldingYams,Zhangyue Shen,9154082
2026-07-06T05:13:23.231543,2026-07-06T05:13:23.239460+00:00,149.3,99,ask,YieldingYams,WavyWalnuts,9154087
2026-07-06T05:13:23.271238,2026-07-06T05:13:23.275273+00:00,149.1,23,bid,Xuanyu Liu,WavyWalnuts,9154089
2026-07-06T05:13:24.648633,2026-07-06T05:13:24.655058+00:00,149.2,8,bid,Zhangyue Shen,YieldingYams,9154112
2026-07-06T05:13:26.203994,2026-07-06T05:13:26.213300+00:00,149.2,8,ask,YieldingYams,Zhangyue Shen,9154129
2026-07-06T05:13:26.431023,2026-07-06T05:13:26.435006+00:00,149.2,12,ask,YieldingYams,Xuanyu Liu,9154133
2026-07-06T05:13:26.880860,2026-07-06T05:13:26.887110+00:00,149.1,200,ask,YieldingYams,WavyWalnuts,9154140
2026-07-06T05:13:27.226191,2026-07-06T05:13:27.234509+00:00,149.1,5,ask,YieldingYams,Zhangyue Shen,9154142
2026-07-06T05:13:28.679032,2026-07-06T05:13:28.685974+00:00,149.1,9,ask,YieldingYams,Kaleb Liu,9154163
2026-07-06T05:13:29.126424,2026-07-06T05:13:29.138207+00:00,149.1,20,ask,YieldingYams,BrilliantBurritos,9154169
2026-07-06T05:13:29.269118,2026-07-06T05:13:29.279890+00:00,149.2,200,bid,YieldingYams,WavyWalnuts,9154170
2026-07-06T05:13:30.583891,2026-07-06T05:13:30.600182+00:00,149.4,200,bid,YieldingYams,WavyWalnuts,9154190
2026-07-06T05:13:30.605556,2026-07-06T05:13:30.609276+00:00,149.4,11,ask,YieldingYams,Xuanyu Liu,9154195
2026-07-06T05:13:32.694676,2026-07-06T05:13:32.698383+00:00,149.5,23,bid,Xuanyu Liu,WavyWalnuts,9154224
2026-07-06T05:13:32.931202,2026-07-06T05:13:32.942404+00:00,149.4,200,ask,YieldingYams,WavyWalnuts,9154227
2026-07-06T05:13:34.062643,2026-07-06T05:13:34.066289+00:00,149.4,11,bid,Xuanyu Liu,AverageAlmonds,9154239
2026-07-06T05:13:35.288697,2026-07-06T05:13:35.300333+00:00,149.5,8,bid,Zhangyue Shen,WavyWalnuts,9154259
2026-07-06T05:13:39.820036,2026-07-06T05:13:39.830518+00:00,149.5,8,bid,Zhangyue Shen,WavyWalnuts,9154318
2026-07-06T05:13:40.189563,2026-07-06T05:13:40.200048+00:00,149.4,200,ask,YieldingYams,WavyWalnuts,9154321
2026-07-06T05:13:41.097214,2026-07-06T05:13:41.100903+00:00,149.4,12,bid,Xuanyu Liu,YieldingYams,9154330
2026-07-06T05:13:42.342627,2026-07-06T05:13:42.351594+00:00,149.4,20,bid,BrilliantBurritos,YieldingYams,9154336
2026-07-06T05:13:42.392328,2026-07-06T05:13:42.403504+00:00,149.3,200,ask,WavyWalnuts,YieldingYams,9154337
2026-07-06T05:13:42.409412,2026-07-06T05:13:42.413049+00:00,149.2,14,bid,Xuanyu Liu,YieldingYams,9154339
2026-07-06T05:13:42.606335,2026-07-06T05:13:42.615609+00:00,149.2,200,bid,WavyWalnuts,YieldingYams,9154343
2026-07-06T05:13:46.257385,2026-07-06T05:13:46.269042+00:00,149.1,200,ask,YieldingYams,WavyWalnuts,9154383
2026-07-06T05:13:47.661477,2026-07-06T05:13:47.683098+00:00,149.2,200,bid,YieldingYams,WavyWalnuts,9154399
2026-07-06T05:13:47.679227,2026-07-06T05:13:47.683098+00:00,149.2,3,ask,YieldingYams,Xuanyu Liu,9154401
2026-07-06T05:13:47.975723,2026-07-06T05:13:47.984700+00:00,149.2,8,ask,YieldingYams,Zhangyue Shen,9154409
2026-07-06T05:13:48.574498,2026-07-06T05:13:48.578301+00:00,149.2,11,ask,YieldingYams,Xuanyu Liu,9154422
2026-07-06T05:13:48.686008,2026-07-06T05:13:48.695295+00:00,149.2,200,ask,YieldingYams,WavyWalnuts,9154427
2026-07-06T05:13:49.895224,2026-07-06T05:13:49.905559+00:00,149.1,200,bid,WavyWalnuts,YieldingYams,9154442
2026-07-06T05:13:51.104842,2026-07-06T05:13:51.116278+00:00,149.2,200,bid,WavyWalnuts,YieldingYams,9154454
2026-07-06T05:13:52.270416,2026-07-06T05:13:52.280467+00:00,149.0,8,ask,YieldingYams,Zhangyue Shen,9154464
2026-07-06T05:13:52.946473,2026-07-06T05:13:52.950202+00:00,149.1,12,ask,YieldingYams,Xuanyu Liu,9154476
2026-07-06T05:13:54.733732,2026-07-06T05:13:54.745049+00:00,149.2,200,bid,WavyWalnuts,YieldingYams,9154496
2026-07-06T05:13:54.939840,2026-07-06T05:13:54.949470+00:00,149.2,20,bid,BrilliantBurritos,YieldingYams,9154497
2026-07-06T05:13:58.130618,2026-07-06T05:13:58.142381+00:00,149.0,20,ask,YieldingYams,BrilliantBurritos,9154539
2026-07-06T05:14:02.765602,2026-07-06T05:14:02.777310+00:00,149.1,8,bid,Zhangyue Shen,WavyWalnuts,9154599
2026-07-06T05:14:08.015083,2026-07-06T05:14:08.024935+00:00,149.1,20,ask,WavyWalnuts,BrilliantBurritos,9154653
2026-07-06T05:14:09.974600,2026-07-06T05:14:09.984138+00:00,149.0,200,ask,WavyWalnuts,YieldingYams,9154681
