timestamp,recv_time,price,volume,aggressor_side,buyer,seller,trade_id
2026-07-03T08:00:00.552563,2026-07-03T08:00:00.555764+00:00,112.0,3,bid,Xuanyu Liu,YieldingYams,5491683
2026-07-03T08:00:05.304047,2026-07-03T08:00:05.312460+00:00,111.9,200,ask,YieldingYams,WavyWalnuts,5491761
2026-07-03T08:00:05.354269,2026-07-03T08:00:05.365945+00:00,111.9,20,ask,YieldingYams,BrilliantBurritos,5491762
2026-07-03T08:00:06.282484,2026-07-03T08:00:06.294072+00:00,111.9,20,ask,YieldingYams,BrilliantBurritos,5491782
2026-07-03T08:00:06.394014,2026-07-03T08:00:06.397879+00:00,111.8,14,bid,Xuanyu Liu,YieldingYams,5491787
2026-07-03T08:00:06.904731,2026-07-03T08:00:06.907986+00:00,111.7,14,ask,AverageAlmonds,Xuanyu Liu,5491796
2026-07-03T08:00:07.723305,2026-07-03T08:00:07.732748+00:00,111.8,200,bid,WavyWalnuts,YieldingYams,5491820
2026-07-03T08:00:10.155249,2026-07-03T08:00:10.166850+00:00,111.8,200,bid,WavyWalnuts,YieldingYams,5491861
2026-07-03T08:00:11.628967,2026-07-03T08:00:11.635857+00:00,111.9,200,bid,YieldingYams,WavyWalnuts,5491893
2026-07-03T08:00:16.203518,2026-07-03T08:00:16.211155+00:00,111.8,200,ask,YieldingYams,WavyWalnuts,5491954
2026-07-03T08:00:18.237976,2026-07-03T08:00:18.249801+00:00,111.8,20,bid,BrilliantBurritos,YieldingYams,5491994
2026-07-03T08:00:19.583681,2026-07-03T08:00:19.587605+00:00,111.6,3,ask,YieldingYams,Xuanyu Liu,5492016
2026-07-03T08:00:19.784460,2026-07-03T08:00:19.787557+00:00,111.6,11,ask,YieldingYams,Xuanyu Liu,5492020
2026-07-03T08:00:22.244658,2026-07-03T08:00:22.258582+00:00,111.7,200,ask,YieldingYams,WavyWalnuts,5492066
2026-07-03T08:00:23.457953,2026-07-03T08:00:23.469289+00:00,111.7,200,ask,YieldingYams,WavyWalnuts,5492088
2026-07-03T08:00:23.783869,2026-07-03T08:00:23.795231+00:00,111.7,20,bid,BrilliantBurritos,YieldingYams,5492099
2026-07-03T08:00:24.668697,2026-07-03T08:00:24.680038+00:00,111.5,200,ask,YieldingYams,WavyWalnuts,5492115
2026-07-03T08:00:24.671198,2026-07-03T08:00:24.680038+00:00,111.7,20,bid,BrilliantBurritos,YieldingYams,5492116
2026-07-03T08:00:24.780834,2026-07-03T08:00:24.787787+00:00,111.5,500,ask,AverageAlmonds,YieldingYams,5492117
2026-07-03T08:00:24.797785,2026-07-03T08:00:24.800874+00:00,111.5,11,bid,Xuanyu Liu,YieldingYams,5492119
2026-07-03T08:00:25.823611,2026-07-03T08:00:25.834642+00:00,111.5,114,bid,AverageAlmonds,YieldingYams,5492127
2026-07-03T08:00:26.087375,2026-07-03T08:00:26.096322+00:00,111.6,200,bid,YieldingYams,WavyWalnuts,5492135
2026-07-03T08:00:27.085443,2026-07-03T08:00:27.094103+00:00,111.6,200,ask,YieldingYams,WavyWalnuts,5492158
2026-07-03T08:00:27.440780,2026-07-03T08:00:27.448577+00:00,111.6,20,bid,BrilliantBurritos,YieldingYams,5492169
2026-07-03T08:00:28.722238,2026-07-03T08:00:28.728871+00:00,111.5,500,ask,AverageAlmonds,YieldingYams,5492192
2026-07-03T08:00:28.853021,2026-07-03T08:00:28.858630+00:00,111.5,125,bid,AverageAlmonds,YieldingYams,5492194
2026-07-03T08:00:32.181093,2026-07-03T08:00:32.184736+00:00,111.6,3,bid,Xuanyu Liu,WavyWalnuts,5492259
2026-07-03T08:00:34.350550,2026-07-03T08:00:34.353906+00:00,111.5,200,ask,AverageAlmonds,WavyWalnuts,5492309
2026-07-03T08:00:36.597967,2026-07-03T08:00:36.606694+00:00,111.6,200,bid,YieldingYams,WavyWalnuts,5492353
2026-07-03T08:00:36.765988,2026-07-03T08:00:36.774528+00:00,111.6,200,ask,YieldingYams,WavyWalnuts,5492357
2026-07-03T08:00:37.420785,2026-07-03T08:00:37.429307+00:00,111.6,20,ask,YieldingYams,BrilliantBurritos,5492362
2026-07-03T08:00:37.972187,2026-07-03T08:00:37.981493+00:00,111.7,200,bid,WavyWalnuts,YieldingYams,5492375
2026-07-03T08:00:39.187069,2026-07-03T08:00:39.196119+00:00,111.7,200,bid,WavyWalnuts,YieldingYams,5492389
2026-07-03T08:00:39.227692,2026-07-03T08:00:39.231297+00:00,111.5,3,ask,YieldingYams,Xuanyu Liu,5492393
2026-07-03T08:00:40.395746,2026-07-03T08:00:40.405876+00:00,111.7,200,bid,WavyWalnuts,YieldingYams,5492407
2026-07-03T08:00:40.902672,2026-07-03T08:00:40.914283+00:00,111.8,20,bid,BrilliantBurritos,AverageAlmonds,5492414
2026-07-03T08:00:41.626672,2026-07-03T08:00:41.630282+00:00,111.6,11,ask,WavyWalnuts,Xuanyu Liu,5492423
2026-07-03T08:00:44.639160,2026-07-03T08:00:44.648468+00:00,111.6,20,bid,BrilliantBurritos,WavyWalnuts,5492478
2026-07-03T08:00:44.843039,2026-07-03T08:00:44.846858+00:00,111.6,14,bid,Xuanyu Liu,WavyWalnuts,5492487
2026-07-03T08:00:45.760650,2026-07-03T08:00:45.769348+00:00,111.6,200,bid,YieldingYams,WavyWalnuts,5492496
2026-07-03T08:00:48.254895,2026-07-03T08:00:48.266506+00:00,111.8,20,bid,BrilliantBurritos,YieldingYams,5492543
2026-07-03T08:00:51.298197,2026-07-03T08:00:51.306535+00:00,111.8,200,bid,WavyWalnuts,YieldingYams,5492590
2026-07-03T08:00:54.944875,2026-07-03T08:00:54.952325+00:00,111.7,200,ask,WavyWalnuts,YieldingYams,5492672
2026-07-03T08:00:57.366750,2026-07-03T08:00:57.374681+00:00,111.6,200,ask,YieldingYams,WavyWalnuts,5492714
2026-07-03T08:00:57.472774,2026-07-03T08:00:57.489640+00:00,111.6,20,ask,YieldingYams,BrilliantBurritos,5492716
2026-07-03T08:00:58.573339,2026-07-03T08:00:58.582611+00:00,111.6,200,ask,YieldingYams,WavyWalnuts,5492732
2026-07-03T08:00:59.779773,2026-07-03T08:00:59.790798+00:00,111.5,200,ask,YieldingYams,WavyWalnuts,5492748
2026-07-03T08:01:00.987644,2026-07-03T08:01:00.994660+00:00,111.5,200,bid,WavyWalnuts,YieldingYams,5492762
2026-07-03T08:01:02.807398,2026-07-03T08:01:02.814912+00:00,111.6,200,bid,YieldingYams,WavyWalnuts,5492806
2026-07-03T08:01:04.535079,2026-07-03T08:01:04.546576+00:00,111.6,20,bid,BrilliantBurritos,YieldingYams,5492836
2026-07-03T08:01:05.183695,2026-07-03T08:01:05.191446+00:00,111.6,500,bid,AverageAlmonds,YieldingYams,5492848
2026-07-03T08:01:05.429255,2026-07-03T08:01:05.438307+00:00,111.7,200,bid,YieldingYams,WavyWalnuts,5492855
2026-07-03T08:01:05.827502,2026-07-03T08:01:05.837933+00:00,111.7,200,ask,YieldingYams,WavyWalnuts,5492860
2026-07-03T08:01:07.037973,2026-07-03T08:01:07.048076+00:00,111.9,200,bid,WavyWalnuts,YieldingYams,5492878
2026-07-03T08:01:08.354787,2026-07-03T08:01:08.366319+00:00,111.8,20,ask,YieldingYams,BrilliantBurritos,5492895
2026-07-03T08:01:10.666026,2026-07-03T08:01:10.697687+00:00,112.0,200,bid,YieldingYams,WavyWalnuts,5492940
2026-07-03T08:01:10.687052,2026-07-03T08:01:10.697687+00:00,112.1,200,ask,YieldingYams,WavyWalnuts,5492944
2026-07-03T08:01:10.694108,2026-07-03T08:01:10.697687+00:00,112.1,14,ask,YieldingYams,Xuanyu Liu,5492946
2026-07-03T08:01:11.249963,2026-07-03T08:01:11.257353+00:00,112.1,211,ask,YieldingYams,AverageAlmonds,5492950
2026-07-03T08:01:11.975071,2026-07-03T08:01:11.984553+00:00,112.0,200,ask,WavyWalnuts,YieldingYams,5492961
2026-07-03T08:01:13.064021,2026-07-03T08:01:13.074431+00:00,111.7,20,ask,YieldingYams,BrilliantBurritos,5492980
2026-07-03T08:01:16.467518,2026-07-03T08:01:16.471742+00:00,111.9,11,bid,Xuanyu Liu,YieldingYams,5493033
2026-07-03T08:01:16.751888,2026-07-03T08:01:16.763736+00:00,111.9,200,bid,WavyWalnuts,YieldingYams,5493034
2026-07-03T08:01:18.544451,2026-07-03T08:01:18.547988+00:00,111.8,3,bid,Xuanyu Liu,YieldingYams,5493064
2026-07-03T08:01:20.314577,2026-07-03T08:01:20.321856+00:00,111.8,200,bid,AverageAlmonds,WavyWalnuts,5493097
2026-07-03T08:01:22.150303,2026-07-03T08:01:22.157286+00:00,111.8,200,bid,AverageAlmonds,WavyWalnuts,5493115
2026-07-03T08:01:25.161861,2026-07-03T08:01:25.170666+00:00,111.9,500,bid,AverageAlmonds,YieldingYams,5493172
2026-07-03T08:01:25.230342,2026-07-03T08:01:25.248645+00:00,111.9,125,bid,WavyWalnuts,YieldingYams,5493174
2026-07-03T08:01:25.245488,2026-07-03T08:01:25.248645+00:00,112.0,3,ask,WavyWalnuts,Xuanyu Liu,5493176
2026-07-03T08:01:27.707293,2026-07-03T08:01:27.717409+00:00,112.1,200,bid,YieldingYams,WavyWalnuts,5493204
2026-07-03T08:01:28.395148,2026-07-03T08:01:28.406638+00:00,112.3,20,bid,BrilliantBurritos,YieldingYams,5493211
2026-07-03T08:01:29.020784,2026-07-03T08:01:29.029981+00:00,112.2,200,ask,WavyWalnuts,YieldingYams,5493232
2026-07-03T08:01:31.240062,2026-07-03T08:01:31.251217+00:00,112.2,20,bid,BrilliantBurritos,WavyWalnuts,5493266
2026-07-03T08:01:31.290869,2026-07-03T08:01:31.301295+00:00,112.2,200,bid,WavyWalnuts,YieldingYams,5493269
2026-07-03T08:01:32.716429,2026-07-03T08:01:32.723152+00:00,112.2,20,ask,WavyWalnuts,BrilliantBurritos,5493281
2026-07-03T08:01:36.903532,2026-07-03T08:01:36.911758+00:00,112.2,200,bid,YieldingYams,WavyWalnuts,5493352
2026-07-03T08:01:36.903532,2026-07-03T08:01:36.911758+00:00,112.3,425,bid,YieldingYams,AverageAlmonds,5493353
2026-07-03T08:01:37.338872,2026-07-03T08:01:37.346737+00:00,112.2,200,bid,WavyWalnuts,AverageAlmonds,5493357
2026-07-03T08:01:38.233955,2026-07-03T08:01:38.237514+00:00,112.1,3,bid,Xuanyu Liu,YieldingYams,5493366
2026-07-03T08:01:39.625800,2026-07-03T08:01:39.637270+00:00,112.1,20,bid,BrilliantBurritos,YieldingYams,5493391
2026-07-03T08:01:40.832017,2026-07-03T08:01:40.841298+00:00,111.9,200,ask,WavyWalnuts,YieldingYams,5493412
2026-07-03T08:01:41.763669,2026-07-03T08:01:41.767137+00:00,111.9,14,bid,Xuanyu Liu,YieldingYams,5493424
2026-07-03T08:01:43.852695,2026-07-03T08:01:43.864417+00:00,111.9,20,ask,YieldingYams,BrilliantBurritos,5493457
2026-07-03T08:01:48.140349,2026-07-03T08:01:48.144295+00:00,112.1,23,bid,Xuanyu Liu,WavyWalnuts,5493519
2026-07-03T08:01:48.227269,2026-07-03T08:01:48.238874+00:00,112.0,200,ask,YieldingYams,WavyWalnuts,5493522
2026-07-03T08:01:48.737058,2026-07-03T08:01:48.740731+00:00,111.9,23,bid,Xuanyu Liu,YieldingYams,5493530
2026-07-03T08:01:48.741324,2026-07-03T08:01:48.756354+00:00,111.8,20,ask,AverageAlmonds,BrilliantBurritos,5493531
2026-07-03T08:01:48.905598,2026-07-03T08:01:48.916783+00:00,111.9,45,bid,Zihao Wu,YieldingYams,5493532
2026-07-03T08:01:49.432611,2026-07-03T08:01:49.442168+00:00,111.9,200,bid,WavyWalnuts,YieldingYams,5493538
2026-07-03T08:01:51.345446,2026-07-03T08:01:51.355295+00:00,111.9,200,ask,WavyWalnuts,YieldingYams,5493574
2026-07-03T08:01:53.057019,2026-07-03T08:01:53.058538+00:00,111.8,200,ask,YieldingYams,WavyWalnuts,5493599
2026-07-03T08:01:53.977058,2026-07-03T08:01:53.980446+00:00,111.9,23,ask,YieldingYams,Xuanyu Liu,5493617
2026-07-03T08:01:55.473129,2026-07-03T08:01:55.479964+00:00,111.9,200,ask,YieldingYams,WavyWalnuts,5493637
2026-07-03T08:01:57.663726,2026-07-03T08:01:57.667550+00:00,111.7,37,ask,YieldingYams,Xuanyu Liu,5493675
2026-07-03T08:01:59.110799,2026-07-03T08:01:59.118948+00:00,112.0,200,bid,WavyWalnuts,YieldingYams,5493704
2026-07-03T08:02:00.328263,2026-07-03T08:02:00.339864+00:00,112.0,200,bid,WavyWalnuts,YieldingYams,5493718
2026-07-03T08:02:03.149509,2026-07-03T08:02:03.154427+00:00,111.9,500,ask,AverageAlmonds,YieldingYams,5493752
2026-07-03T08:02:03.149509,2026-07-03T08:02:03.154427+00:00,111.9,125,ask,WavyWalnuts,YieldingYams,5493753
2026-07-03T08:02:03.972895,2026-07-03T08:02:03.981119+00:00,111.9,200,ask,AverageAlmonds,WavyWalnuts,5493771
2026-07-03T08:02:05.180653,2026-07-03T08:02:05.192013+00:00,112.1,200,ask,YieldingYams,WavyWalnuts,5493803
2026-07-03T08:02:08.394946,2026-07-03T08:02:08.402538+00:00,112.3,200,bid,YieldingYams,WavyWalnuts,5493857
2026-07-03T08:02:11.014469,2026-07-03T08:02:11.021229+00:00,112.4,200,ask,WavyWalnuts,YieldingYams,5493900
2026-07-03T08:02:11.198708,2026-07-03T08:02:11.209750+00:00,112.2,20,ask,YieldingYams,BrilliantBurritos,5493902
2026-07-03T08:02:16.066515,2026-07-03T08:02:16.075046+00:00,112.5,200,bid,WavyWalnuts,YieldingYams,5493991
2026-07-03T08:02:16.280279,2026-07-03T08:02:16.283973+00:00,112.5,14,ask,YieldingYams,Xuanyu Liu,5493995
2026-07-03T08:02:16.669568,2026-07-03T08:02:16.672901+00:00,112.7,11,bid,Xuanyu Liu,WavyWalnuts,5494003
2026-07-03T08:02:17.281753,2026-07-03T08:02:17.289592+00:00,112.5,200,ask,YieldingYams,WavyWalnuts,5494008
2026-07-03T08:02:21.466927,2026-07-03T08:02:21.475713+00:00,112.5,20,ask,YieldingYams,BrilliantBurritos,5494087
2026-07-03T08:02:22.126358,2026-07-03T08:02:22.137574+00:00,112.5,200,ask,YieldingYams,WavyWalnuts,5494101
2026-07-03T08:02:24.116472,2026-07-03T08:02:24.124919+00:00,112.4,200,ask,WavyWalnuts,YieldingYams,5494134
2026-07-03T08:02:24.538961,2026-07-03T08:02:24.548305+00:00,112.3,200,bid,WavyWalnuts,YieldingYams,5494140
2026-07-03T08:02:25.749337,2026-07-03T08:02:25.751634+00:00,112.4,200,bid,WavyWalnuts,YieldingYams,5494162
2026-07-03T08:02:26.154584,2026-07-03T08:02:26.158222+00:00,112.2,11,ask,YieldingYams,Xuanyu Liu,5494167
2026-07-03T08:02:26.741494,2026-07-03T08:02:26.744625+00:00,112.3,12,ask,YieldingYams,Xuanyu Liu,5494174
2026-07-03T08:02:28.167020,2026-07-03T08:02:28.174198+00:00,112.4,200,bid,WavyWalnuts,YieldingYams,5494206
2026-07-03T08:02:28.966107,2026-07-03T08:02:28.977518+00:00,112.2,45,ask,YieldingYams,Zihao Wu,5494218
2026-07-03T08:02:30.590789,2026-07-03T08:02:30.599314+00:00,112.4,200,bid,WavyWalnuts,YieldingYams,5494251
2026-07-03T08:02:34.231704,2026-07-03T08:02:34.241821+00:00,112.4,200,ask,YieldingYams,WavyWalnuts,5494302
2026-07-03T08:02:34.639489,2026-07-03T08:02:34.643148+00:00,112.4,12,bid,Xuanyu Liu,YieldingYams,5494311
2026-07-03T08:02:35.935139,2026-07-03T08:02:35.946155+00:00,112.3,200,ask,WavyWalnuts,YieldingYams,5494325
2026-07-03T08:02:40.849312,2026-07-03T08:02:40.858580+00:00,112.3,200,bid,AverageAlmonds,WavyWalnuts,5494400
2026-07-03T08:02:41.479913,2026-07-03T08:02:41.487120+00:00,112.3,200,ask,YieldingYams,WavyWalnuts,5494409
2026-07-03T08:02:42.500366,2026-07-03T08:02:42.509731+00:00,112.3,500,ask,AverageAlmonds,YieldingYams,5494422
2026-07-03T08:02:42.650527,2026-07-03T08:02:42.658592+00:00,112.3,125,bid,AverageAlmonds,YieldingYams,5494426
2026-07-03T08:02:42.686835,2026-07-03T08:02:42.695290+00:00,112.3,200,ask,AverageAlmonds,WavyWalnuts,5494430
2026-07-03T08:02:43.818951,2026-07-03T08:02:43.822134+00:00,112.4,12,ask,YieldingYams,Xuanyu Liu,5494451
2026-07-03T08:02:45.351114,2026-07-03T08:02:45.358917+00:00,112.3,11,ask,AverageAlmonds,Xuanyu Liu,5494473
2026-07-03T08:02:47.519024,2026-07-03T08:02:47.526359+00:00,112.3,20,ask,AverageAlmonds,BrilliantBurritos,5494500
2026-07-03T08:02:47.747405,2026-07-03T08:02:47.757814+00:00,112.3,480,ask,AverageAlmonds,YieldingYams,5494507
2026-07-03T08:02:47.747405,2026-07-03T08:02:47.757814+00:00,112.3,145,ask,WavyWalnuts,YieldingYams,5494508
2026-07-03T08:02:48.320132,2026-07-03T08:02:48.323518+00:00,112.3,12,ask,WavyWalnuts,Xuanyu Liu,5494522
2026-07-03T08:02:48.758358,2026-07-03T08:02:48.761823+00:00,112.4,11,ask,WavyWalnuts,Xuanyu Liu,5494529
2026-07-03T08:02:48.776633,2026-07-03T08:02:48.798242+00:00,112.4,20,ask,WavyWalnuts,BrilliantBurritos,5494531
2026-07-03T08:02:50.368857,2026-07-03T08:02:50.378618+00:00,112.6,200,bid,YieldingYams,WavyWalnuts,5494563
2026-07-03T08:02:50.384650,2026-07-03T08:02:50.388619+00:00,112.6,23,ask,YieldingYams,Xuanyu Liu,5494565
2026-07-03T08:02:54.185182,2026-07-03T08:02:54.196648+00:00,112.7,20,ask,AverageAlmonds,BrilliantBurritos,5494634
2026-07-03T08:02:54.306034,2026-07-03T08:02:54.315087+00:00,112.7,480,ask,AverageAlmonds,YieldingYams,5494638
2026-07-03T08:02:54.306034,2026-07-03T08:02:54.315087+00:00,112.6,145,ask,WavyWalnuts,YieldingYams,5494639
2026-07-03T08:02:57.802965,2026-07-03T08:02:57.806427+00:00,112.8,17,ask,AverageAlmonds,Xuanyu Liu,5494675
2026-07-03T08:02:58.436438,2026-07-03T08:02:58.444659+00:00,112.8,200,ask,AverageAlmonds,WavyWalnuts,5494684
2026-07-03T08:02:59.645129,2026-07-03T08:02:59.658589+00:00,112.8,200,ask,AverageAlmonds,WavyWalnuts,5494706
2026-07-03T08:03:03.275589,2026-07-03T08:03:03.285416+00:00,113.0,200,bid,WavyWalnuts,YieldingYams,5494759
2026-07-03T08:03:06.087093,2026-07-03T08:03:06.096315+00:00,112.9,200,ask,WavyWalnuts,YieldingYams,5494813
2026-07-03T08:03:07.467732,2026-07-03T08:03:07.479524+00:00,112.9,200,bid,AverageAlmonds,WavyWalnuts,5494839
2026-07-03T08:03:07.467732,2026-07-03T08:03:07.479524+00:00,112.9,300,bid,AverageAlmonds,YieldingYams,5494840
2026-07-03T08:03:08.062699,2026-07-03T08:03:08.074152+00:00,112.9,325,bid,AverageAlmonds,YieldingYams,5494855
2026-07-03T08:03:08.562415,2026-07-03T08:03:08.569905+00:00,112.9,20,ask,AverageAlmonds,BrilliantBurritos,5494864
2026-07-03T08:03:10.449616,2026-07-03T08:03:10.453117+00:00,113.1,29,bid,Xuanyu Liu,WavyWalnuts,5494891
2026-07-03T08:03:11.319320,2026-07-03T08:03:11.330635+00:00,113.1,200,bid,YieldingYams,WavyWalnuts,5494916
2026-07-03T08:03:11.445001,2026-07-03T08:03:11.451931+00:00,113.1,20,ask,YieldingYams,BrilliantBurritos,5494918
2026-07-03T08:03:12.631753,2026-07-03T08:03:12.641978+00:00,113.2,200,ask,WavyWalnuts,YieldingYams,5494938
2026-07-03T08:03:13.942357,2026-07-03T08:03:13.963139+00:00,113.2,200,bid,YieldingYams,WavyWalnuts,5494956
2026-07-03T08:03:13.959532,2026-07-03T08:03:13.963139+00:00,113.2,12,ask,YieldingYams,Xuanyu Liu,5494958
2026-07-03T08:03:15.274796,2026-07-03T08:03:15.278668+00:00,113.3,11,ask,YieldingYams,Xuanyu Liu,5494977
2026-07-03T08:03:15.367416,2026-07-03T08:03:15.378755+00:00,113.3,200,ask,YieldingYams,WavyWalnuts,5494980
2026-07-03T08:03:16.592968,2026-07-03T08:03:16.600535+00:00,113.1,200,ask,YieldingYams,WavyWalnuts,5495003
2026-07-03T08:03:17.805436,2026-07-03T08:03:17.813489+00:00,113.1,200,ask,YieldingYams,WavyWalnuts,5495020
2026-07-03T08:03:17.904212,2026-07-03T08:03:17.913069+00:00,112.9,500,ask,AverageAlmonds,YieldingYams,5495025
2026-07-03T08:03:17.904212,2026-07-03T08:03:17.913069+00:00,112.9,125,ask,WavyWalnuts,YieldingYams,5495026
2026-07-03T08:03:19.064191,2026-07-03T08:03:19.068113+00:00,113.1,11,bid,Xuanyu Liu,WavyWalnuts,5495047
2026-07-03T08:03:19.211339,2026-07-03T08:03:19.222232+00:00,113.1,189,bid,YieldingYams,WavyWalnuts,5495049
2026-07-03T08:03:20.220169,2026-07-03T08:03:20.228048+00:00,113.2,200,ask,YieldingYams,WavyWalnuts,5495064
2026-07-03T08:03:21.096879,2026-07-03T08:03:21.108569+00:00,113.1,20,bid,BrilliantBurritos,YieldingYams,5495083
2026-07-03T08:03:25.791223,2026-07-03T08:03:25.798163+00:00,113.0,200,ask,WavyWalnuts,YieldingYams,5495144
2026-07-03T08:03:26.265213,2026-07-03T08:03:26.268843+00:00,112.8,11,ask,YieldingYams,Xuanyu Liu,5495152
2026-07-03T08:03:27.104740,2026-07-03T08:03:27.113010+00:00,113.0,200,bid,YieldingYams,WavyWalnuts,5495163
2026-07-03T08:03:27.485676,2026-07-03T08:03:27.492264+00:00,113.0,200,ask,YieldingYams,WavyWalnuts,5495171
2026-07-03T08:03:29.423239,2026-07-03T08:03:29.434837+00:00,113.0,20,bid,BrilliantBurritos,YieldingYams,5495198
2026-07-03T08:03:31.116237,2026-07-03T08:03:31.127824+00:00,112.9,200,bid,WavyWalnuts,YieldingYams,5495224
2026-07-03T08:03:32.364741,2026-07-03T08:03:32.368641+00:00,112.8,11,bid,Xuanyu Liu,YieldingYams,5495246
2026-07-03T08:03:33.533646,2026-07-03T08:03:33.542831+00:00,112.8,200,bid,WavyWalnuts,YieldingYams,5495263
2026-07-03T08:03:34.746587,2026-07-03T08:03:34.755557+00:00,112.7,200,ask,YieldingYams,WavyWalnuts,5495285
2026-07-03T08:03:36.279849,2026-07-03T08:03:36.287869+00:00,112.7,200,bid,YieldingYams,WavyWalnuts,5495308
2026-07-03T08:03:38.383233,2026-07-03T08:03:38.393436+00:00,112.7,200,ask,YieldingYams,WavyWalnuts,5495333
2026-07-03T08:03:39.592987,2026-07-03T08:03:39.600742+00:00,112.7,200,ask,YieldingYams,WavyWalnuts,5495357
2026-07-03T08:03:40.221539,2026-07-03T08:03:40.225478+00:00,112.6,34,bid,Xuanyu Liu,YieldingYams,5495367
2026-07-03T08:03:41.514393,2026-07-03T08:03:41.523403+00:00,112.5,500,ask,AverageAlmonds,YieldingYams,5495383
2026-07-03T08:03:41.528979,2026-07-03T08:03:41.532366+00:00,112.5,12,bid,Xuanyu Liu,YieldingYams,5495385
2026-07-03T08:03:41.967091,2026-07-03T08:03:41.976481+00:00,112.5,113,bid,AverageAlmonds,YieldingYams,5495394
2026-07-03T08:03:42.822213,2026-07-03T08:03:42.832230+00:00,112.6,200,bid,YieldingYams,WavyWalnuts,5495412
2026-07-03T08:03:43.215595,2026-07-03T08:03:43.226278+00:00,112.6,200,ask,YieldingYams,WavyWalnuts,5495422
2026-07-03T08:03:49.274672,2026-07-03T08:03:49.284407+00:00,112.6,200,bid,WavyWalnuts,YieldingYams,5495499
2026-07-03T08:03:50.788434,2026-07-03T08:03:50.800161+00:00,112.6,20,ask,WavyWalnuts,BrilliantBurritos,5495518
2026-07-03T08:03:52.915243,2026-07-03T08:03:52.923748+00:00,112.6,200,ask,YieldingYams,WavyWalnuts,5495555
2026-07-03T08:03:54.692978,2026-07-03T08:03:54.703500+00:00,112.6,11,bid,Xuanyu Liu,YieldingYams,5495584
2026-07-03T08:03:57.557655,2026-07-03T08:03:57.569316+00:00,112.5,20,ask,WavyWalnuts,BrilliantBurritos,5495627
2026-07-03T08:03:58.574800,2026-07-03T08:03:58.585688+00:00,112.5,200,ask,WavyWalnuts,YieldingYams,5495640
2026-07-03T08:04:01.088455,2026-07-03T08:04:01.092716+00:00,112.5,11,ask,YieldingYams,Xuanyu Liu,5495680
2026-07-03T08:04:01.201214,2026-07-03T08:04:01.209373+00:00,112.6,200,bid,YieldingYams,WavyWalnuts,5495685
2026-07-03T08:04:01.215364,2026-07-03T08:04:01.219402+00:00,112.6,12,ask,YieldingYams,Xuanyu Liu,5495687
2026-07-03T08:04:03.811719,2026-07-03T08:04:03.819746+00:00,112.7,200,bid,WavyWalnuts,YieldingYams,5495720
2026-07-03T08:04:05.021372,2026-07-03T08:04:05.032203+00:00,112.7,200,bid,WavyWalnuts,YieldingYams,5495735
2026-07-03T08:04:06.241343,2026-07-03T08:04:06.248694+00:00,112.6,200,bid,WavyWalnuts,YieldingYams,5495752
2026-07-03T08:04:07.456254,2026-07-03T08:04:07.466682+00:00,112.5,200,ask,YieldingYams,WavyWalnuts,5495771
2026-07-03T08:04:08.662786,2026-07-03T08:04:08.670985+00:00,112.5,200,ask,YieldingYams,WavyWalnuts,5495787
2026-07-03T08:04:09.872601,2026-07-03T08:04:09.883876+00:00,112.5,200,ask,YieldingYams,WavyWalnuts,5495810
2026-07-03T08:04:12.290229,2026-07-03T08:04:12.300532+00:00,112.4,200,ask,YieldingYams,WavyWalnuts,5495848
2026-07-03T08:04:13.691616,2026-07-03T08:04:13.695356+00:00,112.4,12,bid,Xuanyu Liu,WavyWalnuts,5495869
2026-07-03T08:04:13.900738,2026-07-03T08:04:13.912183+00:00,112.4,20,bid,BrilliantBurritos,WavyWalnuts,5495877
2026-07-03T08:04:15.686347,2026-07-03T08:04:15.696716+00:00,112.2,200,ask,WavyWalnuts,YieldingYams,5495914
2026-07-03T08:04:15.702296,2026-07-03T08:04:15.705845+00:00,112.2,23,bid,Xuanyu Liu,YieldingYams,5495916
2026-07-03T08:04:16.462723,2026-07-03T08:04:16.471242+00:00,112.2,402,bid,AverageAlmonds,YieldingYams,5495927
2026-07-03T08:04:16.998366,2026-07-03T08:04:17.017089+00:00,112.3,200,bid,YieldingYams,WavyWalnuts,5495931
2026-07-03T08:04:17.013204,2026-07-03T08:04:17.017089+00:00,112.4,12,ask,YieldingYams,Xuanyu Liu,5495933
2026-07-03T08:04:17.125300,2026-07-03T08:04:17.133305+00:00,112.4,200,ask,YieldingYams,WavyWalnuts,5495935
2026-07-03T08:04:20.070060,2026-07-03T08:04:20.073852+00:00,112.4,23,bid,Xuanyu Liu,WavyWalnuts,5495980
2026-07-03T08:04:20.746456,2026-07-03T08:04:20.764537+00:00,112.4,200,bid,WavyWalnuts,YieldingYams,5495994
2026-07-03T08:04:22.992244,2026-07-03T08:04:23.003715+00:00,112.3,20,ask,WavyWalnuts,BrilliantBurritos,5496014
2026-07-03T08:04:24.874153,2026-07-03T08:04:24.885102+00:00,112.3,200,bid,YieldingYams,WavyWalnuts,5496039
2026-07-03T08:04:25.625096,2026-07-03T08:04:25.635531+00:00,112.3,200,ask,YieldingYams,WavyWalnuts,5496047
2026-07-03T08:04:26.359507,2026-07-03T08:04:26.363622+00:00,112.2,3,bid,Xuanyu Liu,YieldingYams,5496061
2026-07-03T08:04:27.380672,2026-07-03T08:04:27.387956+00:00,112.2,500,bid,AverageAlmonds,YieldingYams,5496076
2026-07-03T08:04:28.042260,2026-07-03T08:04:28.058660+00:00,112.3,200,ask,YieldingYams,WavyWalnuts,5496096
2026-07-03T08:04:32.341654,2026-07-03T08:04:32.358613+00:00,112.3,20,ask,YieldingYams,BrilliantBurritos,5496162
2026-07-03T08:04:34.055197,2026-07-03T08:04:34.058599+00:00,112.4,200,bid,YieldingYams,WavyWalnuts,5496189
2026-07-03T08:04:37.707532,2026-07-03T08:04:37.714585+00:00,112.5,200,ask,YieldingYams,WavyWalnuts,5496239
2026-07-03T08:04:38.161743,2026-07-03T08:04:38.173387+00:00,112.6,20,ask,YieldingYams,BrilliantBurritos,5496246
2026-07-03T08:04:38.914451,2026-07-03T08:04:38.921466+00:00,112.6,200,ask,YieldingYams,WavyWalnuts,5496263
2026-07-03T08:04:40.125207,2026-07-03T08:04:40.134859+00:00,112.5,200,ask,YieldingYams,WavyWalnuts,5496290
2026-07-03T08:04:42.450802,2026-07-03T08:04:42.454477+00:00,112.4,3,ask,WavyWalnuts,Xuanyu Liu,5496321
2026-07-03T08:04:42.578956,2026-07-03T08:04:42.582789+00:00,112.5,11,ask,WavyWalnuts,Xuanyu Liu,5496324
2026-07-03T08:04:48.633541,2026-07-03T08:04:48.644678+00:00,112.6,200,bid,WavyWalnuts,YieldingYams,5496418
2026-07-03T08:04:53.682731,2026-07-03T08:04:53.689690+00:00,112.8,200,ask,WavyWalnuts,YieldingYams,5496487
2026-07-03T08:04:54.690656,2026-07-03T08:04:54.701772+00:00,112.8,200,bid,WavyWalnuts,YieldingYams,5496499
2026-07-03T08:04:54.989565,2026-07-03T08:04:55.006240+00:00,112.8,500,bid,YieldingYams,AverageAlmonds,5496500
2026-07-03T08:04:55.003110,2026-07-03T08:04:55.006240+00:00,112.8,12,ask,YieldingYams,Xuanyu Liu,5496502
2026-07-03T08:04:56.308737,2026-07-03T08:04:56.319476+00:00,112.8,200,ask,WavyWalnuts,YieldingYams,5496529
2026-07-03T08:04:57.114427,2026-07-03T08:04:57.124865+00:00,112.6,200,bid,WavyWalnuts,YieldingYams,5496534
2026-07-03T08:04:58.930799,2026-07-03T08:04:58.939248+00:00,112.8,200,bid,YieldingYams,WavyWalnuts,5496585
2026-07-03T08:05:00.746017,2026-07-03T08:05:00.752940+00:00,112.9,200,bid,WavyWalnuts,YieldingYams,5496618
2026-07-03T08:05:02.859849,2026-07-03T08:05:02.869575+00:00,112.8,200,bid,YieldingYams,WavyWalnuts,5496647
2026-07-03T08:05:02.859849,2026-07-03T08:05:02.869575+00:00,112.9,425,bid,YieldingYams,AverageAlmonds,5496648
2026-07-03T08:05:04.172877,2026-07-03T08:05:04.184445+00:00,112.8,200,bid,YieldingYams,WavyWalnuts,5496673
2026-07-03T08:05:04.378679,2026-07-03T08:05:04.385901+00:00,112.8,200,ask,YieldingYams,WavyWalnuts,5496676
2026-07-03T08:05:05.780612,2026-07-03T08:05:05.787019+00:00,112.8,20,ask,WavyWalnuts,BrilliantBurritos,5496702
2026-07-03T08:05:06.573511,2026-07-03T08:05:06.585109+00:00,112.9,20,bid,BrilliantBurritos,YieldingYams,5496716
2026-07-03T08:05:06.795867,2026-07-03T08:05:06.806412+00:00,112.9,200,ask,YieldingYams,WavyWalnuts,5496719
2026-07-03T08:05:09.212042,2026-07-03T08:05:09.218939+00:00,113.0,200,ask,YieldingYams,WavyWalnuts,5496758
2026-07-03T08:05:12.853822,2026-07-03T08:05:12.864195+00:00,112.8,200,ask,YieldingYams,WavyWalnuts,5496824
2026-07-03T08:05:14.641979,2026-07-03T08:05:14.658827+00:00,112.8,200,bid,YieldingYams,WavyWalnuts,5496860
2026-07-03T08:05:15.270573,2026-07-03T08:05:15.278246+00:00,112.8,200,ask,YieldingYams,WavyWalnuts,5496877
2026-07-03T08:05:15.965727,2026-07-03T08:05:15.974339+00:00,112.6,200,ask,WavyWalnuts,YieldingYams,5496882
2026-07-03T08:05:15.965727,2026-07-03T08:05:15.974339+00:00,112.6,425,ask,AverageAlmonds,YieldingYams,5496883
2026-07-03T08:05:17.070392,2026-07-03T08:05:17.073972+00:00,112.6,11,ask,AverageAlmonds,Xuanyu Liu,5496904
2026-07-03T08:05:18.586964,2026-07-03T08:05:18.606369+00:00,112.7,200,bid,YieldingYams,WavyWalnuts,5496919
2026-07-03T08:05:18.602993,2026-07-03T08:05:18.606369+00:00,112.8,23,ask,YieldingYams,Xuanyu Liu,5496921
2026-07-03T08:05:18.889187,2026-07-03T08:05:18.895893+00:00,112.8,200,ask,YieldingYams,WavyWalnuts,5496926
2026-07-03T08:05:20.096272,2026-07-03T08:05:20.105512+00:00,112.8,200,bid,WavyWalnuts,YieldingYams,5496948
2026-07-03T08:05:20.669579,2026-07-03T08:05:20.677548+00:00,112.8,425,bid,AverageAlmonds,YieldingYams,5496951
2026-07-03T08:05:21.205423,2026-07-03T08:05:21.216755+00:00,113.0,200,bid,YieldingYams,WavyWalnuts,5496962
2026-07-03T08:05:21.226324,2026-07-03T08:05:21.230307+00:00,113.0,11,ask,YieldingYams,Xuanyu Liu,5496965
2026-07-03T08:05:21.309224,2026-07-03T08:05:21.318250+00:00,113.0,200,ask,YieldingYams,WavyWalnuts,5496970
2026-07-03T08:05:22.518450,2026-07-03T08:05:22.526793+00:00,112.9,200,ask,AverageAlmonds,WavyWalnuts,5496986
2026-07-03T08:05:23.731735,2026-07-03T08:05:23.738342+00:00,112.9,200,ask,YieldingYams,WavyWalnuts,5497016
2026-07-03T08:05:23.823219,2026-07-03T08:05:23.832280+00:00,112.9,500,ask,AverageAlmonds,YieldingYams,5497020
2026-07-03T08:05:24.304563,2026-07-03T08:05:24.313184+00:00,112.8,125,bid,AverageAlmonds,YieldingYams,5497024
2026-07-03T08:05:24.938721,2026-07-03T08:05:24.946647+00:00,112.8,200,ask,AverageAlmonds,WavyWalnuts,5497033
2026-07-03T08:05:26.145275,2026-07-03T08:05:26.158583+00:00,112.9,200,ask,YieldingYams,WavyWalnuts,5497048
2026-07-03T08:05:26.980395,2026-07-03T08:05:26.991758+00:00,113.0,20,ask,AverageAlmonds,BrilliantBurritos,5497063
2026-07-03T08:05:27.319864,2026-07-03T08:05:27.328410+00:00,113.1,500,bid,AverageAlmonds,YieldingYams,5497066
2026-07-03T08:05:27.353894,2026-07-03T08:05:27.358580+00:00,112.9,200,ask,YieldingYams,WavyWalnuts,5497069
2026-07-03T08:05:27.763466,2026-07-03T08:05:27.766660+00:00,113.2,23,ask,YieldingYams,Xuanyu Liu,5497076
2026-07-03T08:05:28.561030,2026-07-03T08:05:28.568257+00:00,113.2,200,ask,YieldingYams,WavyWalnuts,5497086
2026-07-03T08:05:29.786892,2026-07-03T08:05:29.797099+00:00,113.1,200,ask,YieldingYams,WavyWalnuts,5497097
2026-07-03T08:05:30.993992,2026-07-03T08:05:31.002215+00:00,113.1,200,ask,YieldingYams,WavyWalnuts,5497122
2026-07-03T08:05:32.221418,2026-07-03T08:05:32.224931+00:00,113.0,11,bid,Xuanyu Liu,WavyWalnuts,5497144
2026-07-03T08:05:33.007821,2026-07-03T08:05:33.014254+00:00,113.0,189,bid,YieldingYams,WavyWalnuts,5497151
2026-07-03T08:05:34.324021,2026-07-03T08:05:34.334936+00:00,113.0,200,ask,WavyWalnuts,YieldingYams,5497173
2026-07-03T08:05:37.052448,2026-07-03T08:05:37.064289+00:00,112.8,200,ask,YieldingYams,WavyWalnuts,5497222
2026-07-03T08:05:39.173238,2026-07-03T08:05:39.177194+00:00,113.0,12,bid,Xuanyu Liu,WavyWalnuts,5497260
2026-07-03T08:05:41.505628,2026-07-03T08:05:41.517002+00:00,112.9,20,ask,YieldingYams,BrilliantBurritos,5497291
2026-07-03T08:05:43.647761,2026-07-03T08:05:43.658619+00:00,113.0,20,ask,YieldingYams,BrilliantBurritos,5497328
2026-07-03T08:05:46.766011,2026-07-03T08:05:46.769620+00:00,113.1,11,bid,Xuanyu Liu,WavyWalnuts,5497396
2026-07-03T08:05:47.445210,2026-07-03T08:05:47.455894+00:00,113.1,189,bid,YieldingYams,WavyWalnuts,5497415
2026-07-03T08:05:48.676855,2026-07-03T08:05:48.680570+00:00,113.3,23,bid,Xuanyu Liu,YieldingYams,5497427
2026-07-03T08:05:49.185434,2026-07-03T08:05:49.189172+00:00,113.2,11,bid,Xuanyu Liu,WavyWalnuts,5497438
2026-07-03T08:05:49.773607,2026-07-03T08:05:49.781296+00:00,113.2,20,bid,BrilliantBurritos,WavyWalnuts,5497443
2026-07-03T08:05:54.020826,2026-07-03T08:05:54.032198+00:00,113.1,200,bid,WavyWalnuts,YieldingYams,5497504
2026-07-03T08:05:58.001616,2026-07-03T08:05:58.013182+00:00,113.1,20,bid,BrilliantBurritos,YieldingYams,5497569
2026-07-03T08:06:01.294729,2026-07-03T08:06:01.301720+00:00,113.1,200,bid,WavyWalnuts,YieldingYams,5497646
2026-07-03T08:06:01.898750,2026-07-03T08:06:01.902183+00:00,113.0,11,ask,YieldingYams,Xuanyu Liu,5497655
2026-07-03T08:06:02.501961,2026-07-03T08:06:02.511687+00:00,113.2,200,bid,WavyWalnuts,YieldingYams,5497662
2026-07-03T08:06:02.518098,2026-07-03T08:06:02.529407+00:00,113.0,20,ask,YieldingYams,BrilliantBurritos,5497663
2026-07-03T08:06:03.724779,2026-07-03T08:06:03.728375+00:00,113.1,1,ask,WavyWalnuts,Xuanyu Liu,5497691
2026-07-03T08:06:04.500124,2026-07-03T08:06:04.503845+00:00,113.2,1,bid,Xuanyu Liu,YieldingYams,5497699
2026-07-03T08:06:05.625593,2026-07-03T08:06:05.633789+00:00,113.2,20,bid,BrilliantBurritos,YieldingYams,5497724
2026-07-03T08:06:05.834104,2026-07-03T08:06:05.851737+00:00,113.1,200,ask,WavyWalnuts,YieldingYams,5497730
2026-07-03T08:06:05.848187,2026-07-03T08:06:05.851737+00:00,113.1,11,bid,Xuanyu Liu,YieldingYams,5497732
2026-07-03T08:06:06.124614,2026-07-03T08:06:06.132992+00:00,113.1,200,bid,WavyWalnuts,YieldingYams,5497739
2026-07-03T08:06:08.540929,2026-07-03T08:06:08.549094+00:00,113.0,200,ask,YieldingYams,WavyWalnuts,5497776
2026-07-03T08:06:12.169817,2026-07-03T08:06:12.180980+00:00,113.0,200,ask,AverageAlmonds,WavyWalnuts,5497840
2026-07-03T08:06:13.974144,2026-07-03T08:06:13.977467+00:00,113.1,12,bid,Xuanyu Liu,WavyWalnuts,5497866
2026-07-03T08:06:18.386549,2026-07-03T08:06:18.393918+00:00,113.3,20,bid,BrilliantBurritos,YieldingYams,5497933
2026-07-03T08:06:19.439026,2026-07-03T08:06:19.447809+00:00,113.2,200,ask,YieldingYams,WavyWalnuts,5497961
2026-07-03T08:06:21.851293,2026-07-03T08:06:21.858603+00:00,113.2,200,ask,YieldingYams,WavyWalnuts,5497997
2026-07-03T08:06:23.464298,2026-07-03T08:06:23.467992+00:00,113.3,14,bid,Xuanyu Liu,YieldingYams,5498021
2026-07-03T08:06:29.377810,2026-07-03T08:06:29.389359+00:00,113.4,20,bid,BrilliantBurritos,YieldingYams,5498115
2026-07-03T08:06:29.428554,2026-07-03T08:06:29.438256+00:00,113.2,200,ask,WavyWalnuts,YieldingYams,5498119
2026-07-03T08:06:30.738594,2026-07-03T08:06:30.748119+00:00,113.3,200,bid,YieldingYams,WavyWalnuts,5498146
2026-07-03T08:06:32.046788,2026-07-03T08:06:32.055795+00:00,113.4,200,bid,YieldingYams,WavyWalnuts,5498170
2026-07-03T08:06:34.356955,2026-07-03T08:06:34.352486+00:00,113.5,20,bid,BrilliantBurritos,WavyWalnuts,5498214
2026-07-03T08:06:35.166830,2026-07-03T08:06:35.174276+00:00,113.3,200,ask,YieldingYams,WavyWalnuts,5498227
2026-07-03T08:06:35.997620,2026-07-03T08:06:36.001365+00:00,113.4,3,bid,Xuanyu Liu,YieldingYams,5498248
2026-07-03T08:06:38.264826,2026-07-03T08:06:38.276339+00:00,113.2,20,bid,BrilliantBurritos,WavyWalnuts,5498299
2026-07-03T08:06:38.605958,2026-07-03T08:06:38.615668+00:00,113.2,180,bid,YieldingYams,WavyWalnuts,5498304
2026-07-03T08:06:39.277646,2026-07-03T08:06:39.281542+00:00,113.3,11,bid,Xuanyu Liu,WavyWalnuts,5498323
2026-07-03T08:06:39.938450,2026-07-03T08:06:39.942138+00:00,113.2,12,bid,Xuanyu Liu,YieldingYams,5498337
2026-07-03T08:06:41.219385,2026-07-03T08:06:41.222635+00:00,113.1,11,bid,Xuanyu Liu,WavyWalnuts,5498367
2026-07-03T08:06:42.510628,2026-07-03T08:06:42.514254+00:00,113.0,23,ask,WavyWalnuts,Xuanyu Liu,5498384
2026-07-03T08:06:42.542560,2026-07-03T08:06:42.550520+00:00,113.0,177,ask,WavyWalnuts,YieldingYams,5498387
2026-07-03T08:06:43.675624,2026-07-03T08:06:43.687216+00:00,112.9,20,bid,BrilliantBurritos,YieldingYams,5498416
2026-07-03T08:06:43.850520,2026-07-03T08:06:43.858631+00:00,112.8,500,ask,AverageAlmonds,YieldingYams,5498421
2026-07-03T08:06:44.205817,2026-07-03T08:06:44.216983+00:00,112.8,125,bid,AverageAlmonds,YieldingYams,5498431
2026-07-03T08:06:45.156888,2026-07-03T08:06:45.158579+00:00,112.9,200,bid,YieldingYams,WavyWalnuts,5498455
2026-07-03T08:06:46.062438,2026-07-03T08:06:46.070069+00:00,113.0,200,ask,YieldingYams,WavyWalnuts,5498468
2026-07-03T08:06:46.488855,2026-07-03T08:06:46.492728+00:00,112.9,12,bid,Xuanyu Liu,YieldingYams,5498475
2026-07-03T08:06:47.269974,2026-07-03T08:06:47.281236+00:00,112.9,200,bid,WavyWalnuts,YieldingYams,5498489
2026-07-03T08:06:48.832084,2026-07-03T08:06:48.836456+00:00,112.8,12,ask,WavyWalnuts,Xuanyu Liu,5498511
2026-07-03T08:06:48.930081,2026-07-03T08:06:48.940207+00:00,113.0,20,bid,BrilliantBurritos,YieldingYams,5498512
2026-07-03T08:06:49.111405,2026-07-03T08:06:49.114814+00:00,112.9,11,ask,YieldingYams,Xuanyu Liu,5498519
2026-07-03T08:06:49.706533,2026-07-03T08:06:49.718738+00:00,113.0,20,bid,BrilliantBurritos,WavyWalnuts,5498527
2026-07-03T08:06:50.405720,2026-07-03T08:06:50.414994+00:00,113.0,180,bid,YieldingYams,WavyWalnuts,5498540
2026-07-03T08:06:50.421319,2026-07-03T08:06:50.424774+00:00,113.0,3,ask,YieldingYams,Xuanyu Liu,5498542
2026-07-03T08:06:50.906785,2026-07-03T08:06:50.917311+00:00,113.0,200,ask,YieldingYams,WavyWalnuts,5498546
2026-07-03T08:06:54.544368,2026-07-03T08:06:54.555742+00:00,113.1,200,bid,WavyWalnuts,YieldingYams,5498603
2026-07-03T08:06:58.174464,2026-07-03T08:06:58.182224+00:00,113.0,200,bid,WavyWalnuts,YieldingYams,5498657
2026-07-03T08:06:59.331839,2026-07-03T08:06:59.341282+00:00,113.0,500,ask,YieldingYams,AverageAlmonds,5498681
2026-07-03T08:06:59.382212,2026-07-03T08:06:59.392149+00:00,113.2,200,bid,WavyWalnuts,YieldingYams,5498684
2026-07-03T08:07:00.127688,2026-07-03T08:07:00.137636+00:00,113.0,20,bid,BrilliantBurritos,YieldingYams,5498700
2026-07-03T08:07:00.516875,2026-07-03T08:07:00.525347+00:00,113.0,20,bid,BrilliantBurritos,YieldingYams,5498709
2026-07-03T08:07:00.602850,2026-07-03T08:07:00.610858+00:00,112.9,200,bid,WavyWalnuts,AverageAlmonds,5498714
2026-07-03T08:07:01.812975,2026-07-03T08:07:01.824020+00:00,112.8,200,bid,WavyWalnuts,YieldingYams,5498744
2026-07-03T08:07:03.021861,2026-07-03T08:07:03.032154+00:00,112.8,200,bid,WavyWalnuts,YieldingYams,5498764
2026-07-03T08:07:04.231842,2026-07-03T08:07:04.239859+00:00,112.7,200,bid,WavyWalnuts,YieldingYams,5498783
2026-07-03T08:07:04.242537,2026-07-03T08:07:04.250344+00:00,112.5,20,ask,YieldingYams,BrilliantBurritos,5498785
2026-07-03T08:07:05.992441,2026-07-03T08:07:06.000630+00:00,112.8,200,ask,WavyWalnuts,AverageAlmonds,5498807
2026-07-03T08:07:06.122100,2026-07-03T08:07:06.133072+00:00,112.8,300,bid,YieldingYams,AverageAlmonds,5498814
2026-07-03T08:07:06.617894,2026-07-03T08:07:06.626332+00:00,112.8,325,ask,YieldingYams,AverageAlmonds,5498819
2026-07-03T08:07:07.081374,2026-07-03T08:07:07.089901+00:00,112.7,20,bid,BrilliantBurritos,AverageAlmonds,5498828
2026-07-03T08:07:07.764774,2026-07-03T08:07:07.768985+00:00,112.7,3,bid,Xuanyu Liu,AverageAlmonds,5498837
2026-07-03T08:07:07.861620,2026-07-03T08:07:07.870713+00:00,112.7,200,bid,WavyWalnuts,AverageAlmonds,5498842
2026-07-03T08:07:08.431816,2026-07-03T08:07:08.441473+00:00,112.6,500,ask,YieldingYams,AverageAlmonds,5498853
2026-07-03T08:07:09.044022,2026-07-03T08:07:09.047856+00:00,112.6,11,bid,Xuanyu Liu,AverageAlmonds,5498871
2026-07-03T08:07:09.070450,2026-07-03T08:07:09.076962+00:00,112.6,200,bid,WavyWalnuts,AverageAlmonds,5498874
2026-07-03T08:07:09.295107,2026-07-03T08:07:09.306887+00:00,112.6,20,bid,BrilliantBurritos,AverageAlmonds,5498877
2026-07-03T08:07:11.357391,2026-07-03T08:07:11.368913+00:00,112.6,200,ask,WavyWalnuts,YieldingYams,5498895
2026-07-03T08:07:11.484909,2026-07-03T08:07:11.492304+00:00,112.5,200,bid,WavyWalnuts,YieldingYams,5498897
2026-07-03T08:07:17.129935,2026-07-03T08:07:17.136863+00:00,112.3,20,ask,WavyWalnuts,BrilliantBurritos,5498974
2026-07-03T08:07:19.253050,2026-07-03T08:07:19.250987+00:00,112.5,200,bid,YieldingYams,WavyWalnuts,5498995
2026-07-03T08:07:19.275424,2026-07-03T08:07:19.279816+00:00,112.6,3,ask,YieldingYams,Xuanyu Liu,5498997
2026-07-03T08:07:22.390637,2026-07-03T08:07:22.401533+00:00,112.6,200,ask,YieldingYams,WavyWalnuts,5499047
2026-07-03T08:07:23.599644,2026-07-03T08:07:23.606418+00:00,112.6,200,ask,YieldingYams,WavyWalnuts,5499060
2026-07-03T08:07:24.808366,2026-07-03T08:07:24.815259+00:00,112.6,200,ask,YieldingYams,WavyWalnuts,5499080
2026-07-03T08:07:25.820529,2026-07-03T08:07:25.824143+00:00,112.5,15,bid,Xuanyu Liu,YieldingYams,5499090
2026-07-03T08:07:29.665174,2026-07-03T08:07:29.668804+00:00,112.5,12,ask,WavyWalnuts,Xuanyu Liu,5499152
2026-07-03T08:07:33.258357,2026-07-03T08:07:33.261953+00:00,112.5,11,ask,WavyWalnuts,Xuanyu Liu,5499211
2026-07-03T08:07:34.479604,2026-07-03T08:07:34.488070+00:00,112.4,20,ask,WavyWalnuts,BrilliantBurritos,5499237
2026-07-03T08:07:39.295764,2026-07-03T08:07:39.306166+00:00,112.3,20,ask,WavyWalnuts,BrilliantBurritos,5499320
2026-07-03T08:07:39.381055,2026-07-03T08:07:39.384304+00:00,112.4,11,bid,Xuanyu Liu,WavyWalnuts,5499326
2026-07-03T08:07:41.534515,2026-07-03T08:07:41.541328+00:00,112.3,200,ask,WavyWalnuts,YieldingYams,5499372
2026-07-03T08:07:41.742906,2026-07-03T08:07:41.758588+00:00,112.3,200,bid,WavyWalnuts,YieldingYams,5499376
2026-07-03T08:07:42.854411,2026-07-03T08:07:42.857902+00:00,112.4,14,ask,YieldingYams,Xuanyu Liu,5499386
2026-07-03T08:07:44.155783,2026-07-03T08:07:44.158624+00:00,112.5,200,bid,YieldingYams,WavyWalnuts,5499402
2026-07-03T08:07:44.193042,2026-07-03T08:07:44.196759+00:00,112.6,3,ask,WavyWalnuts,Xuanyu Liu,5499405
2026-07-03T08:07:45.471368,2026-07-03T08:07:45.479614+00:00,112.6,200,ask,WavyWalnuts,YieldingYams,5499430
2026-07-03T08:07:45.853141,2026-07-03T08:07:45.856794+00:00,112.5,3,bid,Xuanyu Liu,YieldingYams,5499432
2026-07-03T08:07:46.595246,2026-07-03T08:07:46.603107+00:00,112.5,200,bid,WavyWalnuts,YieldingYams,5499445
2026-07-03T08:07:49.577456,2026-07-03T08:07:49.585541+00:00,112.6,500,ask,YieldingYams,AverageAlmonds,5499484
2026-07-03T08:07:50.231105,2026-07-03T08:07:50.239267+00:00,112.6,125,ask,YieldingYams,WavyWalnuts,5499495
2026-07-03T08:07:52.032065,2026-07-03T08:07:52.039126+00:00,112.6,200,bid,YieldingYams,WavyWalnuts,5499519
2026-07-03T08:07:55.082940,2026-07-03T08:07:55.094587+00:00,112.6,200,ask,YieldingYams,WavyWalnuts,5499573
2026-07-03T08:07:57.284154,2026-07-03T08:07:57.293644+00:00,112.5,200,ask,WavyWalnuts,YieldingYams,5499612
2026-07-03T08:07:58.703062,2026-07-03T08:07:58.710606+00:00,112.7,200,bid,WavyWalnuts,YieldingYams,5499627
2026-07-03T08:08:01.121650,2026-07-03T08:08:01.131559+00:00,112.6,200,ask,YieldingYams,WavyWalnuts,5499678
2026-07-03T08:08:03.534230,2026-07-03T08:08:03.545587+00:00,112.7,200,bid,WavyWalnuts,YieldingYams,5499706
2026-07-03T08:08:03.850723,2026-07-03T08:08:03.854690+00:00,112.8,14,ask,YieldingYams,Xuanyu Liu,5499712
2026-07-03T08:08:04.742534,2026-07-03T08:08:04.758615+00:00,112.8,200,ask,YieldingYams,WavyWalnuts,5499722
2026-07-03T08:08:05.170948,2026-07-03T08:08:05.174543+00:00,112.8,11,bid,Xuanyu Liu,YieldingYams,5499731
2026-07-03T08:08:05.465050,2026-07-03T08:08:05.476612+00:00,112.8,20,bid,BrilliantBurritos,YieldingYams,5499741
2026-07-03T08:08:05.951434,2026-07-03T08:08:05.958743+00:00,112.6,200,ask,YieldingYams,WavyWalnuts,5499748
2026-07-03T08:08:07.911696,2026-07-03T08:08:07.915793+00:00,112.6,11,ask,WavyWalnuts,Xuanyu Liu,5499786
2026-07-03T08:08:09.085887,2026-07-03T08:08:09.094327+00:00,112.7,200,ask,WavyWalnuts,YieldingYams,5499808
2026-07-03T08:08:11.273921,2026-07-03T08:08:11.285667+00:00,112.6,20,ask,YieldingYams,BrilliantBurritos,5499835
2026-07-03T08:08:12.022759,2026-07-03T08:08:12.026246+00:00,112.6,11,bid,Xuanyu Liu,WavyWalnuts,5499848
2026-07-03T08:08:12.561237,2026-07-03T08:08:12.569394+00:00,112.6,189,bid,AverageAlmonds,WavyWalnuts,5499853
2026-07-03T08:08:15.638001,2026-07-03T08:08:15.646890+00:00,112.8,200,bid,YieldingYams,WavyWalnuts,5499918
2026-07-03T08:08:15.689127,2026-07-03T08:08:15.693419+00:00,112.9,23,ask,YieldingYams,Xuanyu Liu,5499926
2026-07-03T08:08:19.304043,2026-07-03T08:08:19.314695+00:00,113.0,200,ask,YieldingYams,WavyWalnuts,5499996
2026-07-03T08:08:20.511111,2026-07-03T08:08:20.521500+00:00,113.0,200,bid,YieldingYams,WavyWalnuts,5500019
2026-07-03T08:08:24.422422,2026-07-03T08:08:24.432874+00:00,113.1,20,bid,BrilliantBurritos,YieldingYams,5500077
2026-07-03T08:08:24.838223,2026-07-03T08:08:24.860779+00:00,112.9,200,ask,WavyWalnuts,YieldingYams,5500095
2026-07-03T08:08:24.857179,2026-07-03T08:08:24.860779+00:00,112.9,12,bid,Xuanyu Liu,YieldingYams,5500098
2026-07-03T08:08:25.363241,2026-07-03T08:08:25.374311+00:00,112.9,200,bid,WavyWalnuts,YieldingYams,5500115
2026-07-03T08:08:26.146373,2026-07-03T08:08:26.157042+00:00,113.1,200,bid,YieldingYams,WavyWalnuts,5500124
2026-07-03T08:08:26.146373,2026-07-03T08:08:26.157042+00:00,113.1,425,bid,YieldingYams,AverageAlmonds,5500125
2026-07-03T08:08:27.457723,2026-07-03T08:08:27.469264+00:00,112.9,200,ask,WavyWalnuts,YieldingYams,5500142
2026-07-03T08:08:28.661306,2026-07-03T08:08:28.672695+00:00,112.8,20,ask,WavyWalnuts,BrilliantBurritos,5500165
2026-07-03T08:08:31.432346,2026-07-03T08:08:31.439579+00:00,112.9,200,ask,YieldingYams,WavyWalnuts,5500204
2026-07-03T08:08:32.453495,2026-07-03T08:08:32.465108+00:00,112.9,20,ask,YieldingYams,BrilliantBurritos,5500222
2026-07-03T08:08:33.854421,2026-07-03T08:08:33.869828+00:00,113.1,200,bid,WavyWalnuts,YieldingYams,5500240
2026-07-03T08:08:36.272957,2026-07-03T08:08:36.284580+00:00,113.0,200,bid,WavyWalnuts,YieldingYams,5500268
2026-07-03T08:08:36.327163,2026-07-03T08:08:36.331010+00:00,113.0,11,bid,Xuanyu Liu,YieldingYams,5500273
2026-07-03T08:08:37.347348,2026-07-03T08:08:37.359001+00:00,112.9,20,ask,YieldingYams,BrilliantBurritos,5500292
2026-07-03T08:08:38.693567,2026-07-03T08:08:38.703726+00:00,113.0,200,bid,WavyWalnuts,YieldingYams,5500317
2026-07-03T08:08:39.280165,2026-07-03T08:08:39.284519+00:00,112.9,3,bid,Xuanyu Liu,YieldingYams,5500339
2026-07-03T08:08:39.901259,2026-07-03T08:08:39.908031+00:00,112.9,200,bid,WavyWalnuts,YieldingYams,5500346
2026-07-03T08:08:41.109242,2026-07-03T08:08:41.120388+00:00,113.0,200,bid,WavyWalnuts,YieldingYams,5500370
2026-07-03T08:08:44.506861,2026-07-03T08:08:44.516514+00:00,113.0,200,bid,YieldingYams,WavyWalnuts,5500433
2026-07-03T08:08:47.710980,2026-07-03T08:08:47.722406+00:00,113.0,20,ask,YieldingYams,BrilliantBurritos,5500482
2026-07-03T08:08:49.590691,2026-07-03T08:08:49.601379+00:00,112.9,200,ask,YieldingYams,WavyWalnuts,5500516
2026-07-03T08:08:50.343411,2026-07-03T08:08:50.355114+00:00,112.9,20,ask,YieldingYams,BrilliantBurritos,5500529
2026-07-03T08:08:51.337617,2026-07-03T08:08:51.344360+00:00,112.9,500,ask,YieldingYams,AverageAlmonds,5500545
2026-07-03T08:08:51.934744,2026-07-03T08:08:51.941123+00:00,112.9,125,ask,YieldingYams,AverageAlmonds,5500549
2026-07-03T08:08:52.550168,2026-07-03T08:08:52.561172+00:00,112.8,200,ask,WavyWalnuts,AverageAlmonds,5500569
2026-07-03T08:08:53.215687,2026-07-03T08:08:53.225828+00:00,112.9,200,bid,WavyWalnuts,YieldingYams,5500585
2026-07-03T08:08:54.956264,2026-07-03T08:08:54.958644+00:00,112.8,500,ask,YieldingYams,AverageAlmonds,5500618
2026-07-03T08:08:54.995044,2026-07-03T08:08:55.002070+00:00,112.8,200,ask,WavyWalnuts,YieldingYams,5500621
2026-07-03T08:08:55.634771,2026-07-03T08:08:55.642785+00:00,112.7,200,bid,WavyWalnuts,YieldingYams,5500638
2026-07-03T08:08:58.058564,2026-07-03T08:08:58.070227+00:00,112.7,200,ask,YieldingYams,WavyWalnuts,5500688
2026-07-03T08:08:58.600245,2026-07-03T08:08:58.608288+00:00,112.7,425,ask,YieldingYams,AverageAlmonds,5500696
2026-07-03T08:09:01.689481,2026-07-03T08:09:01.695942+00:00,112.6,200,ask,YieldingYams,WavyWalnuts,5500746
2026-07-03T08:09:02.895371,2026-07-03T08:09:02.905007+00:00,112.7,200,bid,WavyWalnuts,AverageAlmonds,5500773
2026-07-03T08:09:03.146206,2026-07-03T08:09:03.155910+00:00,112.7,20,bid,BrilliantBurritos,AverageAlmonds,5500779
2026-07-03T08:09:04.185966,2026-07-03T08:09:04.194700+00:00,112.5,200,ask,WavyWalnuts,YieldingYams,5500799
2026-07-03T08:09:04.200344,2026-07-03T08:09:04.204025+00:00,112.4,3,bid,Xuanyu Liu,YieldingYams,5500801
2026-07-03T08:09:05.307539,2026-07-03T08:09:05.312311+00:00,112.4,200,bid,WavyWalnuts,YieldingYams,5500823
2026-07-03T08:09:05.506380,2026-07-03T08:09:05.509977+00:00,112.4,3,ask,YieldingYams,Xuanyu Liu,5500828
2026-07-03T08:09:07.492237,2026-07-03T08:09:07.504027+00:00,112.5,20,bid,BrilliantBurritos,WavyWalnuts,5500859
2026-07-03T08:09:07.797255,2026-07-03T08:09:07.804555+00:00,112.3,20,ask,YieldingYams,BrilliantBurritos,5500865
2026-07-03T08:09:08.116235,2026-07-03T08:09:08.124160+00:00,112.4,200,bid,YieldingYams,WavyWalnuts,5500870
2026-07-03T08:09:09.431926,2026-07-03T08:09:09.438802+00:00,112.4,200,ask,WavyWalnuts,YieldingYams,5500896
2026-07-03T08:09:10.136277,2026-07-03T08:09:10.142892+00:00,112.4,200,bid,WavyWalnuts,YieldingYams,5500904
2026-07-03T08:09:11.349059,2026-07-03T08:09:11.358847+00:00,112.4,200,ask,YieldingYams,WavyWalnuts,5500929
2026-07-03T08:09:15.518302,2026-07-03T08:09:15.522069+00:00,112.2,20,ask,YieldingYams,BrilliantBurritos,5500997
2026-07-03T08:09:16.208895,2026-07-03T08:09:16.212766+00:00,112.2,3,bid,Xuanyu Liu,WavyWalnuts,5501019
2026-07-03T08:09:19.833880,2026-07-03T08:09:19.840414+00:00,112.1,200,bid,WavyWalnuts,YieldingYams,5501055
2026-07-03T08:09:20.827223,2026-07-03T08:09:20.830893+00:00,111.9,3,ask,YieldingYams,Xuanyu Liu,5501076
2026-07-03T08:09:21.041343,2026-07-03T08:09:21.063881+00:00,112.1,200,bid,WavyWalnuts,YieldingYams,5501081
2026-07-03T08:09:22.574175,2026-07-03T08:09:22.577732+00:00,112.1,3,ask,YieldingYams,Xuanyu Liu,5501110
2026-07-03T08:09:23.460579,2026-07-03T08:09:23.469128+00:00,112.3,200,bid,WavyWalnuts,YieldingYams,5501124
2026-07-03T08:09:25.176393,2026-07-03T08:09:25.187715+00:00,112.4,200,bid,YieldingYams,WavyWalnuts,5501150
2026-07-03T08:09:28.863447,2026-07-03T08:09:28.874994+00:00,112.3,200,ask,WavyWalnuts,AverageAlmonds,5501215
2026-07-03T08:09:29.103912,2026-07-03T08:09:29.114954+00:00,112.3,300,bid,YieldingYams,AverageAlmonds,5501223
2026-07-03T08:09:29.499380,2026-07-03T08:09:29.510459+00:00,112.3,200,ask,YieldingYams,WavyWalnuts,5501226
2026-07-03T08:09:30.151335,2026-07-03T08:09:30.155115+00:00,112.3,11,ask,YieldingYams,Xuanyu Liu,5501242
2026-07-03T08:09:31.923095,2026-07-03T08:09:31.934074+00:00,112.3,200,bid,WavyWalnuts,YieldingYams,5501277
2026-07-03T08:09:36.974546,2026-07-03T08:09:36.981922+00:00,112.3,500,bid,YieldingYams,AverageAlmonds,5501387
2026-07-03T08:09:37.322225,2026-07-03T08:09:37.333437+00:00,112.3,125,ask,YieldingYams,AverageAlmonds,5501390
2026-07-03T08:09:37.986928,2026-07-03T08:09:37.995222+00:00,112.3,200,bid,WavyWalnuts,AverageAlmonds,5501407
2026-07-03T08:09:38.466435,2026-07-03T08:09:38.477998+00:00,112.1,20,ask,YieldingYams,BrilliantBurritos,5501414
2026-07-03T08:09:39.600767,2026-07-03T08:09:39.604680+00:00,112.3,14,bid,Xuanyu Liu,WavyWalnuts,5501445
2026-07-03T08:09:40.413701,2026-07-03T08:09:40.421609+00:00,112.2,200,ask,YieldingYams,WavyWalnuts,5501453
2026-07-03T08:09:41.622783,2026-07-03T08:09:41.630392+00:00,112.2,200,ask,YieldingYams,WavyWalnuts,5501477
2026-07-03T08:09:42.831211,2026-07-03T08:09:42.841340+00:00,112.2,200,ask,YieldingYams,WavyWalnuts,5501503
2026-07-03T08:09:43.564619,2026-07-03T08:09:43.574237+00:00,112.3,20,bid,BrilliantBurritos,YieldingYams,5501517
2026-07-03T08:09:52.717511,2026-07-03T08:09:52.724739+00:00,112.1,200,ask,WavyWalnuts,YieldingYams,5501664
2026-07-03T08:09:54.023782,2026-07-03T08:09:54.031533+00:00,112.1,200,bid,YieldingYams,WavyWalnuts,5501681
2026-07-03T08:09:55.336615,2026-07-03T08:09:55.343097+00:00,112.2,200,ask,WavyWalnuts,YieldingYams,5501701
2026-07-03T08:09:56.647379,2026-07-03T08:09:56.658597+00:00,112.2,200,bid,YieldingYams,WavyWalnuts,5501722
2026-07-03T08:09:57.356925,2026-07-03T08:09:57.355962+00:00,112.2,200,ask,YieldingYams,WavyWalnuts,5501733
2026-07-03T08:09:59.132214,2026-07-03T08:09:59.140317+00:00,112.2,500,bid,AverageAlmonds,YieldingYams,5501756
2026-07-03T08:09:59.273152,2026-07-03T08:09:59.290009+00:00,112.3,200,bid,YieldingYams,WavyWalnuts,5501759
2026-07-03T08:09:59.286582,2026-07-03T08:09:59.290009+00:00,112.3,3,ask,YieldingYams,Xuanyu Liu,5501761
2026-07-03T08:10:02.651675,2026-07-03T08:10:02.658570+00:00,112.2,20,ask,YieldingYams,BrilliantBurritos,5501809
2026-07-03T08:10:04.591493,2026-07-03T08:10:04.601254+00:00,112.3,500,bid,AverageAlmonds,YieldingYams,5501847
2026-07-03T08:10:04.632662,2026-07-03T08:10:04.642679+00:00,112.3,125,bid,WavyWalnuts,YieldingYams,5501848
2026-07-03T08:10:05.854802,2026-07-03T08:10:05.858655+00:00,112.4,200,ask,YieldingYams,WavyWalnuts,5501877
2026-07-03T08:10:07.065013,2026-07-03T08:10:07.074615+00:00,112.4,200,ask,YieldingYams,WavyWalnuts,5501898
2026-07-03T08:10:09.780719,2026-07-03T08:10:09.800772+00:00,112.3,200,ask,WavyWalnuts,YieldingYams,5501947
2026-07-03T08:10:09.796846,2026-07-03T08:10:09.800772+00:00,112.3,3,bid,Xuanyu Liu,YieldingYams,5501949
2026-07-03T08:10:10.694171,2026-07-03T08:10:10.703285+00:00,112.3,200,bid,WavyWalnuts,YieldingYams,5501964
2026-07-03T08:10:15.542900,2026-07-03T08:10:15.553093+00:00,112.5,200,bid,WavyWalnuts,YieldingYams,5502047
2026-07-03T08:10:17.543061,2026-07-03T08:10:17.547555+00:00,112.5,3,bid,Xuanyu Liu,YieldingYams,5502085
2026-07-03T08:10:17.653103,2026-07-03T08:10:17.660682+00:00,112.4,200,ask,WavyWalnuts,YieldingYams,5502088
2026-07-03T08:10:17.666420,2026-07-03T08:10:17.670187+00:00,112.4,11,bid,Xuanyu Liu,YieldingYams,5502090
2026-07-03T08:10:17.959004,2026-07-03T08:10:17.969185+00:00,112.4,200,bid,WavyWalnuts,YieldingYams,5502097
2026-07-03T08:10:18.841855,2026-07-03T08:10:18.858543+00:00,112.2,20,ask,YieldingYams,BrilliantBurritos,5502120
2026-07-03T08:10:21.595260,2026-07-03T08:10:21.602271+00:00,112.5,200,ask,WavyWalnuts,YieldingYams,5502169
2026-07-03T08:10:21.610716,2026-07-03T08:10:21.630474+00:00,112.4,200,bid,WavyWalnuts,YieldingYams,5502170
2026-07-03T08:10:21.626678,2026-07-03T08:10:21.630474+00:00,112.4,23,bid,Xuanyu Liu,YieldingYams,5502174
2026-07-03T08:10:21.772213,2026-07-03T08:10:21.783624+00:00,112.4,22,bid,Zihao Wu,YieldingYams,5502177
2026-07-03T08:10:22.819616,2026-07-03T08:10:22.830908+00:00,112.4,180,bid,WavyWalnuts,YieldingYams,5502193
2026-07-03T08:10:24.007232,2026-07-03T08:10:24.011425+00:00,112.4,11,ask,WavyWalnuts,Xuanyu Liu,5502217
2026-07-03T08:10:24.031971,2026-07-03T08:10:24.042688+00:00,112.4,200,ask,YieldingYams,WavyWalnuts,5502218
2026-07-03T08:10:24.230530,2026-07-03T08:10:24.234138+00:00,112.5,12,ask,YieldingYams,Xuanyu Liu,5502226
2026-07-03T08:10:25.239689,2026-07-03T08:10:25.247681+00:00,112.5,200,ask,YieldingYams,WavyWalnuts,5502244
2026-07-03T08:10:26.834455,2026-07-03T08:10:26.842691+00:00,112.5,500,bid,YieldingYams,AverageAlmonds,5502278
2026-07-03T08:10:26.834455,2026-07-03T08:10:26.842691+00:00,112.5,125,bid,YieldingYams,WavyWalnuts,5502279
2026-07-03T08:10:27.100512,2026-07-03T08:10:27.104252+00:00,112.5,12,bid,Xuanyu Liu,WavyWalnuts,5502283
2026-07-03T08:10:28.145620,2026-07-03T08:10:28.164045+00:00,112.5,200,ask,WavyWalnuts,YieldingYams,5502305
2026-07-03T08:10:32.105863,2026-07-03T08:10:32.108906+00:00,112.5,11,bid,Xuanyu Liu,YieldingYams,5502363
2026-07-03T08:10:32.504411,2026-07-03T08:10:32.511965+00:00,112.5,200,bid,WavyWalnuts,YieldingYams,5502368
2026-07-03T08:10:33.714265,2026-07-03T08:10:33.722788+00:00,112.4,200,bid,WavyWalnuts,YieldingYams,5502387
2026-07-03T08:10:34.727331,2026-07-03T08:10:34.731683+00:00,112.4,23,ask,YieldingYams,Xuanyu Liu,5502413
2026-07-03T08:10:36.023899,2026-07-03T08:10:36.031111+00:00,112.4,200,ask,WavyWalnuts,YieldingYams,5502434
2026-07-03T08:10:36.132614,2026-07-03T08:10:36.141114+00:00,112.4,200,bid,WavyWalnuts,YieldingYams,5502436
2026-07-03T08:10:37.346226,2026-07-03T08:10:37.353062+00:00,112.4,200,ask,YieldingYams,WavyWalnuts,5502459
2026-07-03T08:10:37.539521,2026-07-03T08:10:37.546181+00:00,112.4,20,ask,YieldingYams,BrilliantBurritos,5502465
2026-07-03T08:10:38.555338,2026-07-03T08:10:38.558602+00:00,112.4,200,ask,YieldingYams,WavyWalnuts,5502486
2026-07-03T08:10:38.644663,2026-07-03T08:10:38.662350+00:00,112.3,500,ask,AverageAlmonds,YieldingYams,5502490
2026-07-03T08:10:38.658849,2026-07-03T08:10:38.662350+00:00,112.3,12,bid,Xuanyu Liu,YieldingYams,5502492
2026-07-03T08:10:39.119271,2026-07-03T08:10:39.128282+00:00,112.3,113,bid,AverageAlmonds,YieldingYams,5502496
2026-07-03T08:10:39.781247,2026-07-03T08:10:39.784875+00:00,112.6,11,bid,Xuanyu Liu,WavyWalnuts,5502511
2026-07-03T08:10:40.984669,2026-07-03T08:10:40.988174+00:00,112.5,12,bid,Xuanyu Liu,WavyWalnuts,5502523
2026-07-03T08:10:42.434662,2026-07-03T08:10:42.446271+00:00,112.4,20,ask,WavyWalnuts,BrilliantBurritos,5502551
2026-07-03T08:10:42.579438,2026-07-03T08:10:42.595461+00:00,112.4,180,ask,WavyWalnuts,YieldingYams,5502556
2026-07-03T08:10:42.601170,2026-07-03T08:10:42.604748+00:00,112.4,11,bid,Xuanyu Liu,YieldingYams,5502558
2026-07-03T08:10:45.803435,2026-07-03T08:10:45.813107+00:00,112.4,200,bid,WavyWalnuts,YieldingYams,5502610
2026-07-03T08:10:50.450664,2026-07-03T08:10:50.458581+00:00,112.6,200,bid,YieldingYams,WavyWalnuts,5502678
2026-07-03T08:10:51.762326,2026-07-03T08:10:51.768726+00:00,112.7,200,ask,WavyWalnuts,YieldingYams,5502704
2026-07-03T08:10:51.875816,2026-07-03T08:10:51.885873+00:00,112.6,200,bid,WavyWalnuts,YieldingYams,5502706
2026-07-03T08:10:53.086355,2026-07-03T08:10:53.095006+00:00,112.7,200,bid,WavyWalnuts,AverageAlmonds,5502728
2026-07-03T08:10:54.294830,2026-07-03T08:10:54.302513+00:00,112.7,200,bid,WavyWalnuts,YieldingYams,5502752
2026-07-03T08:10:57.928708,2026-07-03T08:10:57.938723+00:00,112.7,200,bid,WavyWalnuts,AverageAlmonds,5502795
2026-07-03T08:10:59.138436,2026-07-03T08:10:59.145465+00:00,112.6,200,bid,WavyWalnuts,AverageAlmonds,5502822
2026-07-03T08:10:59.616304,2026-07-03T08:10:59.624898+00:00,112.6,300,bid,YieldingYams,AverageAlmonds,5502835
2026-07-03T08:11:00.178491,2026-07-03T08:11:00.190101+00:00,112.7,20,bid,BrilliantBurritos,AverageAlmonds,5502845
2026-07-03T08:11:02.766085,2026-07-03T08:11:02.773267+00:00,112.6,200,bid,WavyWalnuts,YieldingYams,5502886
2026-07-03T08:11:03.974539,2026-07-03T08:11:03.985372+00:00,112.7,200,bid,WavyWalnuts,YieldingYams,5502905
2026-07-03T08:11:05.074821,2026-07-03T08:11:05.078441+00:00,112.5,11,ask,YieldingYams,Xuanyu Liu,5502916
2026-07-03T08:11:05.099807,2026-07-03T08:11:05.109466+00:00,112.5,22,ask,YieldingYams,Zihao Wu,5502917
2026-07-03T08:11:06.406021,2026-07-03T08:11:06.409759+00:00,112.6,12,ask,WavyWalnuts,Xuanyu Liu,5502945
2026-07-03T08:11:11.255701,2026-07-03T08:11:11.258541+00:00,112.7,200,bid,WavyWalnuts,YieldingYams,5503015
2026-07-03T08:11:14.066078,2026-07-03T08:11:14.075210+00:00,112.7,200,bid,YieldingYams,WavyWalnuts,5503057
2026-07-03T08:11:14.081705,2026-07-03T08:11:14.085250+00:00,112.8,23,ask,YieldingYams,Xuanyu Liu,5503060
2026-07-03T08:11:14.882735,2026-07-03T08:11:14.891909+00:00,112.8,200,ask,YieldingYams,WavyWalnuts,5503071
2026-07-03T08:11:15.391575,2026-07-03T08:11:15.395023+00:00,112.7,12,bid,Xuanyu Liu,YieldingYams,5503081
2026-07-03T08:11:18.511209,2026-07-03T08:11:18.517845+00:00,112.6,200,bid,WavyWalnuts,YieldingYams,5503137
2026-07-03T08:11:18.721148,2026-07-03T08:11:18.728230+00:00,112.4,20,ask,YieldingYams,BrilliantBurritos,5503141
2026-07-03T08:11:26.992534,2026-07-03T08:11:27.002918+00:00,112.8,200,bid,WavyWalnuts,YieldingYams,5503271
2026-07-03T08:11:30.627679,2026-07-03T08:11:30.635961+00:00,112.8,200,bid,WavyWalnuts,YieldingYams,5503330
2026-07-03T08:11:32.741738,2026-07-03T08:11:32.753427+00:00,112.9,20,bid,BrilliantBurritos,AverageAlmonds,5503367
2026-07-03T08:11:33.049032,2026-07-03T08:11:33.050310+00:00,112.9,200,bid,WavyWalnuts,YieldingYams,5503374
2026-07-03T08:11:33.486108,2026-07-03T08:11:33.489504+00:00,112.9,23,bid,Xuanyu Liu,YieldingYams,5503379
2026-07-03T08:11:33.728936,2026-07-03T08:11:33.740261+00:00,112.9,500,bid,YieldingYams,AverageAlmonds,5503388
2026-07-03T08:11:34.216067,2026-07-03T08:11:34.224129+00:00,112.9,125,ask,YieldingYams,AverageAlmonds,5503396
2026-07-03T08:11:34.823179,2026-07-03T08:11:34.832598+00:00,112.8,200,ask,WavyWalnuts,AverageAlmonds,5503404
2026-07-03T08:11:34.837841,2026-07-03T08:11:34.840994+00:00,112.8,11,bid,Xuanyu Liu,AverageAlmonds,5503406
2026-07-03T08:11:35.063560,2026-07-03T08:11:35.067037+00:00,112.7,11,bid,Xuanyu Liu,YieldingYams,5503410
2026-07-03T08:11:35.464004,2026-07-03T08:11:35.474207+00:00,112.7,200,bid,WavyWalnuts,YieldingYams,5503417
2026-07-03T08:11:36.673301,2026-07-03T08:11:36.683103+00:00,112.8,200,bid,WavyWalnuts,YieldingYams,5503438
2026-07-03T08:11:36.711796,2026-07-03T08:11:36.715668+00:00,112.6,11,ask,YieldingYams,Xuanyu Liu,5503441
2026-07-03T08:11:37.663912,2026-07-03T08:11:37.667436+00:00,112.7,11,ask,YieldingYams,Xuanyu Liu,5503458
2026-07-03T08:11:37.896180,2026-07-03T08:11:37.899247+00:00,112.8,12,ask,WavyWalnuts,Xuanyu Liu,5503464
2026-07-03T08:11:37.982964,2026-07-03T08:11:37.992014+00:00,112.8,20,ask,WavyWalnuts,BrilliantBurritos,5503468
2026-07-03T08:11:39.075078,2026-07-03T08:11:39.082294+00:00,112.8,168,ask,WavyWalnuts,AverageAlmonds,5503486
2026-07-03T08:11:39.877254,2026-07-03T08:11:39.880678+00:00,112.8,12,bid,Xuanyu Liu,AverageAlmonds,5503494
2026-07-03T08:11:40.150519,2026-07-03T08:11:40.152190+00:00,112.8,20,bid,BrilliantBurritos,AverageAlmonds,5503503
2026-07-03T08:11:41.620569,2026-07-03T08:11:41.628496+00:00,112.8,500,bid,YieldingYams,AverageAlmonds,5503526
2026-07-03T08:11:41.620569,2026-07-03T08:11:41.628496+00:00,112.9,125,bid,YieldingYams,WavyWalnuts,5503527
2026-07-03T08:11:42.692777,2026-07-03T08:11:42.707478+00:00,112.7,200,ask,WavyWalnuts,AverageAlmonds,5503552
2026-07-03T08:11:42.728631,2026-07-03T08:11:42.739199+00:00,112.7,200,bid,WavyWalnuts,AverageAlmonds,5503556
2026-07-03T08:11:42.930285,2026-07-03T08:11:42.940101+00:00,112.7,100,bid,YieldingYams,AverageAlmonds,5503563
2026-07-03T08:11:43.036535,2026-07-03T08:11:43.039981+00:00,112.7,35,ask,YieldingYams,Xuanyu Liu,5503566
2026-07-03T08:11:43.941372,2026-07-03T08:11:43.952211+00:00,112.8,200,bid,WavyWalnuts,AverageAlmonds,5503576
2026-07-03T08:11:44.389372,2026-07-03T08:11:44.400672+00:00,112.8,20,bid,BrilliantBurritos,AverageAlmonds,5503586
2026-07-03T08:11:44.500753,2026-07-03T08:11:44.508798+00:00,112.7,500,ask,YieldingYams,AverageAlmonds,5503587
2026-07-03T08:11:45.128071,2026-07-03T08:11:45.134619+00:00,112.7,125,ask,YieldingYams,AverageAlmonds,5503604
2026-07-03T08:11:45.149431,2026-07-03T08:11:45.158595+00:00,112.7,200,bid,WavyWalnuts,AverageAlmonds,5503605
2026-07-03T08:11:46.146813,2026-07-03T08:11:46.150303+00:00,112.5,23,bid,Xuanyu Liu,YieldingYams,5503621
2026-07-03T08:11:46.362840,2026-07-03T08:11:46.374221+00:00,112.5,200,bid,WavyWalnuts,YieldingYams,5503625
2026-07-03T08:11:49.257354,2026-07-03T08:11:49.268740+00:00,112.6,20,bid,BrilliantBurritos,YieldingYams,5503664
2026-07-03T08:11:51.209481,2026-07-03T08:11:51.217129+00:00,112.4,200,ask,YieldingYams,WavyWalnuts,5503692
2026-07-03T08:11:52.397920,2026-07-03T08:11:52.404489+00:00,112.4,500,ask,YieldingYams,AverageAlmonds,5503706
2026-07-03T08:11:52.990557,2026-07-03T08:11:52.997758+00:00,112.4,125,ask,YieldingYams,AverageAlmonds,5503716
2026-07-03T08:11:52.990557,2026-07-03T08:11:53.002770+00:00,112.4,200,ask,WavyWalnuts,AverageAlmonds,5503717
2026-07-03T08:11:53.629316,2026-07-03T08:11:53.640492+00:00,112.3,200,bid,WavyWalnuts,YieldingYams,5503728
2026-07-03T08:11:57.352660,2026-07-03T08:11:57.364246+00:00,112.5,200,bid,YieldingYams,WavyWalnuts,5503777
2026-07-03T08:11:57.352660,2026-07-03T08:11:57.364246+00:00,112.6,425,bid,YieldingYams,AverageAlmonds,5503778
2026-07-03T08:11:58.671783,2026-07-03T08:11:58.682631+00:00,112.4,200,ask,WavyWalnuts,YieldingYams,5503799
2026-07-03T08:11:59.678304,2026-07-03T08:11:59.685742+00:00,112.4,200,bid,WavyWalnuts,YieldingYams,5503813
2026-07-03T08:11:59.978740,2026-07-03T08:11:59.987918+00:00,112.5,500,bid,YieldingYams,AverageAlmonds,5503814
2026-07-03T08:11:59.978740,2026-07-03T08:11:59.987918+00:00,112.6,125,bid,YieldingYams,WavyWalnuts,5503815
2026-07-03T08:12:00.906630,2026-07-03T08:12:00.910203+00:00,112.4,11,ask,WavyWalnuts,Xuanyu Liu,5503827
2026-07-03T08:12:01.464865,2026-07-03T08:12:01.474109+00:00,112.4,189,ask,WavyWalnuts,AverageAlmonds,5503835
2026-07-03T08:12:01.464865,2026-07-03T08:12:01.474109+00:00,112.4,311,ask,YieldingYams,AverageAlmonds,5503836
2026-07-03T08:12:03.337703,2026-07-03T08:12:03.358626+00:00,112.4,200,ask,YieldingYams,WavyWalnuts,5503858
2026-07-03T08:12:03.904634,2026-07-03T08:12:03.914017+00:00,112.4,425,ask,YieldingYams,AverageAlmonds,5503867
2026-07-03T08:12:09.388565,2026-07-03T08:12:09.396611+00:00,112.3,200,bid,WavyWalnuts,YieldingYams,5503947
2026-07-03T08:12:16.674883,2026-07-03T08:12:16.678231+00:00,112.4,23,ask,WavyWalnuts,Xuanyu Liu,5504053
2026-07-03T08:12:17.049726,2026-07-03T08:12:17.058605+00:00,112.4,177,ask,WavyWalnuts,YieldingYams,5504063
2026-07-03T08:12:17.843832,2026-07-03T08:12:17.847211+00:00,112.4,11,bid,Xuanyu Liu,YieldingYams,5504077
2026-07-03T08:12:19.666178,2026-07-03T08:12:19.672939+00:00,112.4,200,ask,WavyWalnuts,YieldingYams,5504106
2026-07-03T08:12:20.269900,2026-07-03T08:12:20.358588+00:00,112.2,20,ask,YieldingYams,BrilliantBurritos,5504111
2026-07-03T08:12:20.972438,2026-07-03T08:12:20.979559+00:00,112.4,200,bid,YieldingYams,WavyWalnuts,5504120
2026-07-03T08:12:22.438170,2026-07-03T08:12:22.449585+00:00,112.3,20,ask,WavyWalnuts,BrilliantBurritos,5504141
2026-07-03T08:12:24.165672,2026-07-03T08:12:24.169356+00:00,112.5,35,bid,Xuanyu Liu,YieldingYams,5504168
2026-07-03T08:12:24.909098,2026-07-03T08:12:24.912366+00:00,112.4,11,bid,Xuanyu Liu,YieldingYams,5504181
2026-07-03T08:12:25.150321,2026-07-03T08:12:25.158618+00:00,112.4,200,bid,WavyWalnuts,YieldingYams,5504186
2026-07-03T08:12:30.265210,2026-07-03T08:12:30.276564+00:00,112.4,20,bid,BrilliantBurritos,WavyWalnuts,5504248
2026-07-03T08:12:31.206697,2026-07-03T08:12:31.210210+00:00,112.4,11,ask,WavyWalnuts,Xuanyu Liu,5504266
2026-07-03T08:12:32.404505,2026-07-03T08:12:32.413609+00:00,112.5,200,bid,WavyWalnuts,YieldingYams,5504278
2026-07-03T08:12:33.630335,2026-07-03T08:12:33.633955+00:00,112.5,12,ask,WavyWalnuts,Xuanyu Liu,5504303
2026-07-03T08:12:34.773274,2026-07-03T08:12:34.779922+00:00,112.5,188,ask,WavyWalnuts,AverageAlmonds,5504314
2026-07-03T08:12:34.773274,2026-07-03T08:12:34.784921+00:00,112.5,312,ask,YieldingYams,AverageAlmonds,5504315
2026-07-03T08:12:36.716928,2026-07-03T08:12:36.728299+00:00,112.6,200,bid,YieldingYams,WavyWalnuts,5504343
2026-07-03T08:12:37.184982,2026-07-03T08:12:37.195045+00:00,112.6,425,ask,YieldingYams,AverageAlmonds,5504351
2026-07-03T08:12:37.231585,2026-07-03T08:12:37.243058+00:00,112.6,75,bid,WavyWalnuts,AverageAlmonds,5504353
2026-07-03T08:12:38.026536,2026-07-03T08:12:38.032851+00:00,112.6,125,ask,WavyWalnuts,YieldingYams,5504369
2026-07-03T08:12:38.438811,2026-07-03T08:12:38.448560+00:00,112.6,200,bid,WavyWalnuts,YieldingYams,5504371
2026-07-03T08:12:39.410017,2026-07-03T08:12:39.421578+00:00,112.7,20,bid,BrilliantBurritos,YieldingYams,5504390
2026-07-03T08:12:39.648169,2026-07-03T08:12:39.655968+00:00,112.5,200,ask,YieldingYams,WavyWalnuts,5504393
2026-07-03T08:12:40.855812,2026-07-03T08:12:40.858342+00:00,112.5,200,ask,YieldingYams,WavyWalnuts,5504405
2026-07-03T08:12:41.829608,2026-07-03T08:12:41.840666+00:00,112.7,20,bid,BrilliantBurritos,YieldingYams,5504413
2026-07-03T08:12:42.062925,2026-07-03T08:12:42.074337+00:00,112.5,200,ask,YieldingYams,WavyWalnuts,5504417
2026-07-03T08:12:43.272922,2026-07-03T08:12:43.284591+00:00,112.5,200,ask,YieldingYams,WavyWalnuts,5504438
2026-07-03T08:12:45.913648,2026-07-03T08:12:45.923531+00:00,112.6,200,bid,YieldingYams,WavyWalnuts,5504485
2026-07-03T08:12:46.917655,2026-07-03T08:12:46.921111+00:00,112.7,12,bid,Xuanyu Liu,WavyWalnuts,5504499
2026-07-03T08:12:47.243936,2026-07-03T08:12:47.247620+00:00,112.6,11,bid,Xuanyu Liu,YieldingYams,5504505
2026-07-03T08:12:49.321883,2026-07-03T08:12:49.328826+00:00,112.4,200,ask,YieldingYams,WavyWalnuts,5504540
2026-07-03T08:12:50.527532,2026-07-03T08:12:50.534873+00:00,112.5,200,bid,WavyWalnuts,YieldingYams,5504570
2026-07-03T08:12:52.466478,2026-07-03T08:12:52.473262+00:00,112.5,200,bid,YieldingYams,WavyWalnuts,5504606
2026-07-03T08:12:53.776444,2026-07-03T08:12:53.784833+00:00,112.5,200,ask,WavyWalnuts,YieldingYams,5504634
2026-07-03T08:12:54.691721,2026-07-03T08:12:54.700592+00:00,112.3,20,ask,YieldingYams,BrilliantBurritos,5504651
2026-07-03T08:12:56.562773,2026-07-03T08:12:56.574269+00:00,112.3,20,ask,WavyWalnuts,BrilliantBurritos,5504673
2026-07-03T08:12:57.787467,2026-07-03T08:12:57.798254+00:00,112.4,200,bid,WavyWalnuts,YieldingYams,5504697
2026-07-03T08:12:59.031690,2026-07-03T08:12:59.039934+00:00,112.4,200,bid,YieldingYams,WavyWalnuts,5504725
2026-07-03T08:13:00.216191,2026-07-03T08:13:00.223993+00:00,112.5,200,ask,YieldingYams,WavyWalnuts,5504735
2026-07-03T08:13:06.013359,2026-07-03T08:13:06.021087+00:00,112.4,20,ask,WavyWalnuts,BrilliantBurritos,5504838
2026-07-03T08:13:08.524348,2026-07-03T08:13:08.533450+00:00,112.4,20,ask,WavyWalnuts,BrilliantBurritos,5504884
2026-07-03T08:13:08.692420,2026-07-03T08:13:08.702058+00:00,112.5,200,bid,WavyWalnuts,YieldingYams,5504894
2026-07-03T08:13:11.714510,2026-07-03T08:13:11.717679+00:00,112.4,34,ask,WavyWalnuts,Xuanyu Liu,5504943
2026-07-03T08:13:12.134825,2026-07-03T08:13:12.145447+00:00,112.4,166,ask,WavyWalnuts,YieldingYams,5504951
2026-07-03T08:13:18.409684,2026-07-03T08:13:18.419451+00:00,112.4,200,ask,YieldingYams,WavyWalnuts,5505058
2026-07-03T08:13:18.705716,2026-07-03T08:13:18.708951+00:00,112.3,11,bid,Xuanyu Liu,YieldingYams,5505063
2026-07-03T08:13:19.391255,2026-07-03T08:13:19.403136+00:00,112.3,20,bid,BrilliantBurritos,YieldingYams,5505076
2026-07-03T08:13:19.619678,2026-07-03T08:13:19.664437+00:00,112.3,200,bid,WavyWalnuts,YieldingYams,5505081
2026-07-03T08:13:21.304144,2026-07-03T08:13:21.310983+00:00,112.3,200,ask,WavyWalnuts,YieldingYams,5505108
2026-07-03T08:13:24.355911,2026-07-03T08:13:24.365357+00:00,112.0,20,ask,WavyWalnuts,BrilliantBurritos,5505141
2026-07-03T08:13:24.437641,2026-07-03T08:13:24.441210+00:00,112.0,11,ask,WavyWalnuts,Xuanyu Liu,5505146
2026-07-03T08:13:25.240372,2026-07-03T08:13:25.251565+00:00,112.0,200,ask,WavyWalnuts,YieldingYams,5505153
2026-07-03T08:13:25.961441,2026-07-03T08:13:25.972937+00:00,111.9,20,ask,WavyWalnuts,BrilliantBurritos,5505166
2026-07-03T08:13:27.557976,2026-07-03T08:13:27.561627+00:00,111.9,12,ask,WavyWalnuts,Xuanyu Liu,5505191
2026-07-03T08:13:27.861209,2026-07-03T08:13:27.869382+00:00,111.9,188,ask,WavyWalnuts,YieldingYams,5505197
2026-07-03T08:13:27.861209,2026-07-03T08:13:27.869382+00:00,111.8,437,ask,AverageAlmonds,YieldingYams,5505198
2026-07-03T08:13:28.109334,2026-07-03T08:13:28.112838+00:00,112.0,11,ask,WavyWalnuts,Xuanyu Liu,5505204
2026-07-03T08:13:34.436244,2026-07-03T08:13:34.440137+00:00,111.7,3,ask,YieldingYams,Xuanyu Liu,5505294
2026-07-03T08:13:36.080240,2026-07-03T08:13:36.088718+00:00,111.7,20,ask,WavyWalnuts,BrilliantBurritos,5505309
2026-07-03T08:13:36.566565,2026-07-03T08:13:36.574478+00:00,111.7,200,ask,YieldingYams,WavyWalnuts,5505321
2026-07-03T08:13:38.106195,2026-07-03T08:13:38.115499+00:00,111.8,20,ask,YieldingYams,BrilliantBurritos,5505343
2026-07-03T08:13:40.085961,2026-07-03T08:13:40.097592+00:00,111.6,20,ask,WavyWalnuts,BrilliantBurritos,5505373
2026-07-03T08:13:43.816779,2026-07-03T08:13:43.826624+00:00,111.6,200,ask,YieldingYams,WavyWalnuts,5505443
2026-07-03T08:13:46.246725,2026-07-03T08:13:46.253163+00:00,111.6,200,ask,AverageAlmonds,WavyWalnuts,5505494
2026-07-03T08:13:48.664057,2026-07-03T08:13:48.674866+00:00,111.5,200,ask,YieldingYams,WavyWalnuts,5505530
2026-07-03T08:13:49.149644,2026-07-03T08:13:49.155935+00:00,111.6,20,bid,BrilliantBurritos,YieldingYams,5505541
2026-07-03T08:13:49.685395,2026-07-03T08:13:49.689153+00:00,111.6,3,bid,Xuanyu Liu,YieldingYams,5505548
2026-07-03T08:13:51.103690,2026-07-03T08:13:51.107390+00:00,111.5,11,bid,Xuanyu Liu,WavyWalnuts,5505584
2026-07-03T08:13:52.260056,2026-07-03T08:13:52.269083+00:00,111.5,189,bid,AverageAlmonds,WavyWalnuts,5505601
2026-07-03T08:13:52.260056,2026-07-03T08:13:52.269083+00:00,111.5,311,bid,AverageAlmonds,YieldingYams,5505602
2026-07-03T08:13:52.298204,2026-07-03T08:13:52.305486+00:00,111.5,200,bid,WavyWalnuts,YieldingYams,5505604
2026-07-03T08:13:53.514127,2026-07-03T08:13:53.521392+00:00,111.6,200,ask,AverageAlmonds,WavyWalnuts,5505628
2026-07-03T08:13:53.518377,2026-07-03T08:13:53.526382+00:00,111.6,20,ask,AverageAlmonds,BrilliantBurritos,5505629
2026-07-03T08:13:54.124488,2026-07-03T08:13:54.128040+00:00,111.7,11,ask,YieldingYams,Xuanyu Liu,5505645
2026-07-03T08:13:54.723503,2026-07-03T08:13:54.732396+00:00,111.7,200,ask,YieldingYams,WavyWalnuts,5505654
2026-07-03T08:13:56.015699,2026-07-03T08:13:56.019892+00:00,111.7,11,bid,Xuanyu Liu,YieldingYams,5505681
2026-07-03T08:13:56.746090,2026-07-03T08:13:56.750033+00:00,111.6,12,bid,Xuanyu Liu,YieldingYams,5505693
2026-07-03T08:13:57.138553,2026-07-03T08:13:57.149991+00:00,111.6,200,bid,WavyWalnuts,YieldingYams,5505701
2026-07-03T08:13:57.687824,2026-07-03T08:13:57.698578+00:00,111.6,413,bid,AverageAlmonds,YieldingYams,5505716
2026-07-03T08:13:59.562997,2026-07-03T08:13:59.574135+00:00,111.7,200,ask,YieldingYams,WavyWalnuts,5505744
2026-07-03T08:14:00.734796,2026-07-03T08:14:00.746186+00:00,111.7,500,bid,AverageAlmonds,YieldingYams,5505763
2026-07-03T08:14:04.417858,2026-07-03T08:14:04.421553+00:00,111.8,12,ask,WavyWalnuts,Xuanyu Liu,5505834
2026-07-03T08:14:05.628061,2026-07-03T08:14:05.638086+00:00,111.9,200,bid,WavyWalnuts,YieldingYams,5505854
2026-07-03T08:14:06.840528,2026-07-03T08:14:06.849591+00:00,111.8,200,bid,WavyWalnuts,YieldingYams,5505878
2026-07-03T08:14:08.523818,2026-07-03T08:14:08.530986+00:00,111.7,200,ask,WavyWalnuts,YieldingYams,5505900
2026-07-03T08:14:10.463825,2026-07-03T08:14:10.474731+00:00,111.7,200,bid,WavyWalnuts,YieldingYams,5505935
2026-07-03T08:14:11.671589,2026-07-03T08:14:11.679417+00:00,111.6,200,bid,WavyWalnuts,YieldingYams,5505947
2026-07-03T08:14:15.007667,2026-07-03T08:14:15.010869+00:00,111.9,12,bid,Xuanyu Liu,YieldingYams,5505990
2026-07-03T08:14:15.067740,2026-07-03T08:14:15.079455+00:00,111.9,20,bid,BrilliantBurritos,WavyWalnuts,5505991
2026-07-03T08:14:15.311871,2026-07-03T08:14:15.315003+00:00,111.8,11,bid,Xuanyu Liu,WavyWalnuts,5505998
2026-07-03T08:14:16.534627,2026-07-03T08:14:16.543011+00:00,111.7,200,ask,YieldingYams,WavyWalnuts,5506021
2026-07-03T08:14:18.175270,2026-07-03T08:14:18.179045+00:00,111.8,12,bid,Xuanyu Liu,YieldingYams,5506054
2026-07-03T08:14:21.806828,2026-07-03T08:14:21.813594+00:00,111.6,20,ask,AverageAlmonds,BrilliantBurritos,5506105
2026-07-03T08:14:21.925492,2026-07-03T08:14:21.937063+00:00,111.7,200,bid,AverageAlmonds,WavyWalnuts,5506106
2026-07-03T08:14:24.239429,2026-07-03T08:14:24.250720+00:00,111.6,500,ask,AverageAlmonds,YieldingYams,5506143
2026-07-03T08:14:24.239429,2026-07-03T08:14:24.250720+00:00,111.6,125,ask,WavyWalnuts,YieldingYams,5506144
2026-07-03T08:14:24.512717,2026-07-03T08:14:24.516479+00:00,111.8,11,bid,Xuanyu Liu,WavyWalnuts,5506150
2026-07-03T08:14:25.038814,2026-07-03T08:14:25.042556+00:00,111.7,11,bid,Xuanyu Liu,WavyWalnuts,5506159
2026-07-03T08:14:25.547088,2026-07-03T08:14:25.558618+00:00,111.7,189,bid,YieldingYams,WavyWalnuts,5506174
2026-07-03T08:14:28.651469,2026-07-03T08:14:28.655217+00:00,111.9,200,bid,WavyWalnuts,YieldingYams,5506218
2026-07-03T08:14:30.794598,2026-07-03T08:14:30.804343+00:00,112.0,200,bid,YieldingYams,WavyWalnuts,5506250
2026-07-03T08:14:30.794598,2026-07-03T08:14:30.804343+00:00,112.0,425,bid,YieldingYams,AverageAlmonds,5506251
2026-07-03T08:14:32.106572,2026-07-03T08:14:32.116335+00:00,112.0,200,ask,WavyWalnuts,YieldingYams,5506286
2026-07-03T08:14:32.275370,2026-07-03T08:14:32.286348+00:00,111.9,200,bid,WavyWalnuts,YieldingYams,5506293
2026-07-03T08:14:34.722995,2026-07-03T08:14:34.733712+00:00,112.1,200,bid,YieldingYams,WavyWalnuts,5506344
2026-07-03T08:14:35.277435,2026-07-03T08:14:35.284163+00:00,112.1,425,ask,YieldingYams,AverageAlmonds,5506350
2026-07-03T08:14:36.034472,2026-07-03T08:14:36.044217+00:00,112.1,200,ask,WavyWalnuts,YieldingYams,5506374
2026-07-03T08:14:37.111104,2026-07-03T08:14:37.127994+00:00,112.0,200,bid,WavyWalnuts,YieldingYams,5506395
2026-07-03T08:14:37.345236,2026-07-03T08:14:37.355860+00:00,112.1,500,bid,YieldingYams,AverageAlmonds,5506402
2026-07-03T08:14:37.363842,2026-07-03T08:14:37.367303+00:00,112.1,11,ask,YieldingYams,Xuanyu Liu,5506404
2026-07-03T08:14:38.293466,2026-07-03T08:14:38.303604+00:00,112.1,114,ask,YieldingYams,AverageAlmonds,5506415
2026-07-03T08:14:38.655710,2026-07-03T08:14:38.656604+00:00,112.0,200,ask,WavyWalnuts,YieldingYams,5506420
2026-07-03T08:14:39.965273,2026-07-03T08:14:39.976965+00:00,112.1,200,bid,YieldingYams,WavyWalnuts,5506447
2026-07-03T08:14:39.965273,2026-07-03T08:14:39.976965+00:00,112.2,425,bid,YieldingYams,AverageAlmonds,5506448
2026-07-03T08:14:45.581954,2026-07-03T08:14:45.592571+00:00,111.9,200,ask,YieldingYams,WavyWalnuts,5506548
2026-07-03T08:14:46.433680,2026-07-03T08:14:46.445080+00:00,111.9,20,ask,YieldingYams,BrilliantBurritos,5506562
2026-07-03T08:14:47.829030,2026-07-03T08:14:47.846967+00:00,112.0,200,bid,YieldingYams,WavyWalnuts,5506581
2026-07-03T08:14:47.843557,2026-07-03T08:14:47.846967+00:00,112.0,11,ask,YieldingYams,Xuanyu Liu,5506583
2026-07-03T08:14:51.630781,2026-07-03T08:14:51.641883+00:00,112.0,200,bid,WavyWalnuts,YieldingYams,5506641
2026-07-03T08:14:52.853865,2026-07-03T08:14:52.858575+00:00,112.2,200,bid,WavyWalnuts,YieldingYams,5506656
2026-07-03T08:14:52.988652,2026-07-03T08:14:52.992502+00:00,112.0,23,ask,YieldingYams,Xuanyu Liu,5506661
2026-07-03T08:14:53.081126,2026-07-03T08:14:53.084813+00:00,112.1,12,ask,YieldingYams,Xuanyu Liu,5506663
2026-07-03T08:14:54.075504,2026-07-03T08:14:54.084851+00:00,112.2,200,bid,WavyWalnuts,AverageAlmonds,5506676
2026-07-03T08:14:55.679821,2026-07-03T08:14:55.689733+00:00,112.2,500,bid,YieldingYams,AverageAlmonds,5506707
2026-07-03T08:14:55.679821,2026-07-03T08:14:55.689733+00:00,112.3,125,bid,YieldingYams,WavyWalnuts,5506708
2026-07-03T08:14:56.496871,2026-07-03T08:14:56.506370+00:00,112.3,200,bid,WavyWalnuts,AverageAlmonds,5506720
2026-07-03T08:14:58.320517,2026-07-03T08:14:58.336268+00:00,112.1,200,ask,WavyWalnuts,YieldingYams,5506750
2026-07-03T08:14:58.407200,2026-07-03T08:14:58.418503+00:00,111.8,20,ask,YieldingYams,BrilliantBurritos,5506752
2026-07-03T08:14:58.917475,2026-07-03T08:14:58.927600+00:00,112.0,200,bid,WavyWalnuts,YieldingYams,5506761
2026-07-03T08:15:01.349459,2026-07-03T08:15:01.358590+00:00,112.0,200,bid,WavyWalnuts,YieldingYams,5506807
2026-07-03T08:15:02.561180,2026-07-03T08:15:02.569167+00:00,111.9,200,bid,WavyWalnuts,YieldingYams,5506828
2026-07-03T08:15:03.574262,2026-07-03T08:15:03.577663+00:00,111.8,11,ask,YieldingYams,Xuanyu Liu,5506837
2026-07-03T08:15:03.788061,2026-07-03T08:15:03.791419+00:00,111.9,3,ask,WavyWalnuts,Xuanyu Liu,5506840
2026-07-03T08:15:06.048703,2026-07-03T08:15:06.064009+00:00,111.9,20,ask,YieldingYams,BrilliantBurritos,5506872
2026-07-03T08:15:06.192448,2026-07-03T08:15:06.201764+00:00,112.0,200,bid,WavyWalnuts,AverageAlmonds,5506874
2026-07-03T08:15:07.403013,2026-07-03T08:15:07.411669+00:00,112.0,200,bid,WavyWalnuts,AverageAlmonds,5506894
2026-07-03T08:15:07.968396,2026-07-03T08:15:07.974740+00:00,111.9,500,ask,YieldingYams,AverageAlmonds,5506896
2026-07-03T08:15:08.560628,2026-07-03T08:15:08.568305+00:00,111.9,125,ask,YieldingYams,AverageAlmonds,5506902
2026-07-03T08:15:08.610524,2026-07-03T08:15:08.617606+00:00,111.9,200,bid,WavyWalnuts,AverageAlmonds,5506905
2026-07-03T08:15:09.818823,2026-07-03T08:15:09.828293+00:00,111.7,200,bid,WavyWalnuts,YieldingYams,5506933
2026-07-03T08:15:11.028116,2026-07-03T08:15:11.035329+00:00,111.9,200,bid,WavyWalnuts,YieldingYams,5506952
2026-07-03T08:15:11.987190,2026-07-03T08:15:11.991382+00:00,111.8,14,ask,YieldingYams,Xuanyu Liu,5506971
2026-07-03T08:15:13.519139,2026-07-03T08:15:13.529965+00:00,111.7,20,ask,YieldingYams,BrilliantBurritos,5506994
2026-07-03T08:15:15.361495,2026-07-03T08:15:15.372132+00:00,111.9,200,bid,YieldingYams,WavyWalnuts,5507032
2026-07-03T08:15:15.361495,2026-07-03T08:15:15.372132+00:00,111.9,425,bid,YieldingYams,AverageAlmonds,5507033
2026-07-03T08:15:19.312700,2026-07-03T08:15:19.315874+00:00,111.7,14,bid,Xuanyu Liu,YieldingYams,5507105
2026-07-03T08:15:19.500173,2026-07-03T08:15:19.564611+00:00,111.7,200,bid,WavyWalnuts,YieldingYams,5507107
2026-07-03T08:15:23.230902,2026-07-03T08:15:23.237546+00:00,111.7,200,bid,YieldingYams,WavyWalnuts,5507164
2026-07-03T08:15:24.340086,2026-07-03T08:15:24.350223+00:00,111.7,200,ask,YieldingYams,WavyWalnuts,5507174
2026-07-03T08:15:26.763630,2026-07-03T08:15:26.775168+00:00,111.6,200,bid,WavyWalnuts,YieldingYams,5507214
2026-07-03T08:15:31.088876,2026-07-03T08:15:31.098489+00:00,111.5,200,bid,YieldingYams,WavyWalnuts,5507274
2026-07-03T08:15:31.597874,2026-07-03T08:15:31.607181+00:00,111.5,200,ask,YieldingYams,WavyWalnuts,5507282
2026-07-03T08:15:33.713017,2026-07-03T08:15:33.732955+00:00,111.4,200,ask,WavyWalnuts,YieldingYams,5507318
2026-07-03T08:15:33.729252,2026-07-03T08:15:33.732955+00:00,111.3,3,bid,Xuanyu Liu,YieldingYams,5507320
2026-07-03T08:15:34.013514,2026-07-03T08:15:34.020333+00:00,111.3,200,bid,WavyWalnuts,YieldingYams,5507323
2026-07-03T08:15:36.325707,2026-07-03T08:15:36.345247+00:00,111.3,200,bid,YieldingYams,WavyWalnuts,5507358
2026-07-03T08:15:36.342054,2026-07-03T08:15:36.345247+00:00,111.4,3,ask,YieldingYams,Xuanyu Liu,5507360
2026-07-03T08:15:36.444231,2026-07-03T08:15:36.453605+00:00,111.4,200,ask,YieldingYams,WavyWalnuts,5507362
2026-07-03T08:15:37.665867,2026-07-03T08:15:37.669437+00:00,111.4,3,bid,Xuanyu Liu,YieldingYams,5507379
2026-07-03T08:15:37.934780,2026-07-03T08:15:37.946234+00:00,111.4,20,bid,BrilliantBurritos,YieldingYams,5507382
2026-07-03T08:15:40.262801,2026-07-03T08:15:40.269301+00:00,111.5,200,bid,YieldingYams,WavyWalnuts,5507415
2026-07-03T08:15:42.494355,2026-07-03T08:15:42.501813+00:00,111.5,200,bid,WavyWalnuts,YieldingYams,5507447
2026-07-03T08:15:43.631180,2026-07-03T08:15:43.634737+00:00,111.3,3,ask,YieldingYams,Xuanyu Liu,5507465
2026-07-03T08:15:44.204725,2026-07-03T08:15:44.212932+00:00,111.4,200,ask,WavyWalnuts,YieldingYams,5507471
2026-07-03T08:15:46.126846,2026-07-03T08:15:46.138307+00:00,111.3,200,ask,YieldingYams,WavyWalnuts,5507496
2026-07-03T08:15:46.453261,2026-07-03T08:15:46.464670+00:00,111.3,20,ask,YieldingYams,BrilliantBurritos,5507500
2026-07-03T08:15:46.840104,2026-07-03T08:15:46.843741+00:00,111.3,3,bid,Xuanyu Liu,YieldingYams,5507503
2026-07-03T08:15:49.756834,2026-07-03T08:15:49.769301+00:00,111.2,200,ask,YieldingYams,WavyWalnuts,5507543
2026-07-03T08:15:49.948795,2026-07-03T08:15:49.952750+00:00,111.2,3,ask,YieldingYams,Xuanyu Liu,5507549
2026-07-03T08:15:53.429298,2026-07-03T08:15:53.436932+00:00,111.2,200,ask,YieldingYams,WavyWalnuts,5507595
2026-07-03T08:15:54.156739,2026-07-03T08:15:54.169902+00:00,111.2,20,ask,YieldingYams,BrilliantBurritos,5507603
2026-07-03T08:15:54.641124,2026-07-03T08:15:54.648048+00:00,111.2,200,ask,YieldingYams,WavyWalnuts,5507610
2026-07-03T08:15:54.735894,2026-07-03T08:15:54.743018+00:00,111.1,500,ask,AverageAlmonds,YieldingYams,5507613
2026-07-03T08:15:55.176991,2026-07-03T08:15:55.186522+00:00,111.0,125,bid,AverageAlmonds,YieldingYams,5507614
2026-07-03T08:15:55.854129,2026-07-03T08:15:55.858634+00:00,111.2,200,ask,AverageAlmonds,WavyWalnuts,5507631
2026-07-03T08:15:56.042424,2026-07-03T08:15:56.048492+00:00,111.2,300,ask,AverageAlmonds,YieldingYams,5507634
2026-07-03T08:15:56.992139,2026-07-03T08:15:56.999111+00:00,111.2,325,bid,AverageAlmonds,YieldingYams,5507647
2026-07-03T08:15:58.277074,2026-07-03T08:15:58.288454+00:00,111.4,200,bid,WavyWalnuts,YieldingYams,5507664
2026-07-03T08:16:00.014486,2026-07-03T08:16:00.025989+00:00,111.3,20,ask,AverageAlmonds,BrilliantBurritos,5507701
2026-07-03T08:16:01.908257,2026-07-03T08:16:01.919939+00:00,111.4,200,bid,WavyWalnuts,YieldingYams,5507727
2026-07-03T08:16:02.538038,2026-07-03T08:16:02.541693+00:00,111.4,3,bid,Xuanyu Liu,YieldingYams,5507740
2026-07-03T08:16:03.903779,2026-07-03T08:16:03.911056+00:00,111.4,200,ask,WavyWalnuts,YieldingYams,5507764
2026-07-03T08:16:03.903779,2026-07-03T08:16:03.916335+00:00,111.3,425,ask,AverageAlmonds,YieldingYams,5507765
2026-07-03T08:16:04.856929,2026-07-03T08:16:04.865260+00:00,111.4,200,bid,AverageAlmonds,WavyWalnuts,5507778
2026-07-03T08:16:05.227407,2026-07-03T08:16:05.231128+00:00,111.7,3,ask,YieldingYams,Xuanyu Liu,5507788
2026-07-03T08:16:05.536146,2026-07-03T08:16:05.545811+00:00,111.7,200,ask,YieldingYams,WavyWalnuts,5507791
2026-07-03T08:16:06.743553,2026-07-03T08:16:06.750365+00:00,111.8,200,ask,YieldingYams,WavyWalnuts,5507813
2026-07-03T08:16:07.952591,2026-07-03T08:16:07.959756+00:00,111.8,200,ask,YieldingYams,WavyWalnuts,5507838
2026-07-03T08:16:09.015495,2026-07-03T08:16:09.026915+00:00,112.0,20,bid,BrilliantBurritos,YieldingYams,5507853
2026-07-03T08:16:11.589687,2026-07-03T08:16:11.598262+00:00,111.7,200,ask,YieldingYams,WavyWalnuts,5507886
2026-07-03T08:16:11.974473,2026-07-03T08:16:11.985791+00:00,111.9,20,bid,BrilliantBurritos,YieldingYams,5507895
2026-07-03T08:16:12.798743,2026-07-03T08:16:12.864327+00:00,111.7,200,ask,YieldingYams,WavyWalnuts,5507908
2026-07-03T08:16:15.220420,2026-07-03T08:16:15.228144+00:00,111.5,200,ask,YieldingYams,WavyWalnuts,5507952
2026-07-03T08:16:15.713418,2026-07-03T08:16:15.716898+00:00,111.5,3,bid,Xuanyu Liu,YieldingYams,5507966
2026-07-03T08:16:16.426693,2026-07-03T08:16:16.436310+00:00,111.5,200,bid,WavyWalnuts,YieldingYams,5507978
2026-07-03T08:16:18.320863,2026-07-03T08:16:18.358774+00:00,111.6,200,bid,YieldingYams,WavyWalnuts,5508016
2026-07-03T08:16:22.468891,2026-07-03T08:16:22.477783+00:00,111.5,200,bid,WavyWalnuts,YieldingYams,5508073
2026-07-03T08:16:23.162355,2026-07-03T08:16:23.173915+00:00,111.3,22,ask,YieldingYams,Zihao Wu,5508080
2026-07-03T08:16:26.192091,2026-07-03T08:16:26.203280+00:00,111.5,500,bid,YieldingYams,AverageAlmonds,5508121
2026-07-03T08:16:26.192091,2026-07-03T08:16:26.203280+00:00,111.5,125,bid,YieldingYams,WavyWalnuts,5508122
2026-07-03T08:16:27.507548,2026-07-03T08:16:27.514022+00:00,111.4,200,ask,WavyWalnuts,YieldingYams,5508144
2026-07-03T08:16:27.906782,2026-07-03T08:16:27.910718+00:00,111.1,3,ask,YieldingYams,Xuanyu Liu,5508148
2026-07-03T08:16:28.518789,2026-07-03T08:16:28.529133+00:00,111.3,200,bid,WavyWalnuts,YieldingYams,5508161
2026-07-03T08:16:28.829467,2026-07-03T08:16:28.832972+00:00,111.4,6,ask,YieldingYams,Xuanyu Liu,5508166
2026-07-03T08:16:29.431237,2026-07-03T08:16:29.442566+00:00,111.4,20,ask,YieldingYams,BrilliantBurritos,5508173
2026-07-03T08:16:30.126217,2026-07-03T08:16:30.134174+00:00,111.5,500,bid,YieldingYams,AverageAlmonds,5508179
2026-07-03T08:16:30.126217,2026-07-03T08:16:30.134174+00:00,111.5,125,bid,YieldingYams,WavyWalnuts,5508180
2026-07-03T08:16:31.005941,2026-07-03T08:16:31.009662+00:00,111.5,6,bid,Xuanyu Liu,AverageAlmonds,5508196
2026-07-03T08:16:33.369631,2026-07-03T08:16:33.380252+00:00,111.4,200,ask,YieldingYams,WavyWalnuts,5508233
2026-07-03T08:16:36.682473,2026-07-03T08:16:36.688790+00:00,111.4,500,bid,YieldingYams,AverageAlmonds,5508284
2026-07-03T08:16:36.699232,2026-07-03T08:16:36.702796+00:00,111.4,3,ask,YieldingYams,Xuanyu Liu,5508286
2026-07-03T08:16:36.967052,2026-07-03T08:16:36.975428+00:00,111.4,122,ask,YieldingYams,AverageAlmonds,5508291
2026-07-03T08:16:38.173422,2026-07-03T08:16:38.180917+00:00,111.3,200,ask,WavyWalnuts,AverageAlmonds,5508311
2026-07-03T08:16:39.308201,2026-07-03T08:16:39.315604+00:00,111.2,200,ask,WavyWalnuts,YieldingYams,5508335
2026-07-03T08:16:40.546465,2026-07-03T08:16:40.550522+00:00,111.1,34,ask,WavyWalnuts,Xuanyu Liu,5508361
2026-07-03T08:16:40.619160,2026-07-03T08:16:40.625546+00:00,111.1,200,ask,WavyWalnuts,YieldingYams,5508365
2026-07-03T08:16:41.841457,2026-07-03T08:16:41.858829+00:00,111.1,200,bid,WavyWalnuts,YieldingYams,5508386
2026-07-03T08:16:41.925984,2026-07-03T08:16:41.934422+00:00,111.1,500,bid,YieldingYams,AverageAlmonds,5508390
2026-07-03T08:16:42.418606,2026-07-03T08:16:42.429577+00:00,111.2,125,ask,YieldingYams,AverageAlmonds,5508394
2026-07-03T08:16:43.056244,2026-07-03T08:16:43.058556+00:00,111.1,200,bid,WavyWalnuts,AverageAlmonds,5508408
2026-07-03T08:16:46.695044,2026-07-03T08:16:46.704598+00:00,111.0,200,ask,YieldingYams,WavyWalnuts,5508474
2026-07-03T08:16:46.865043,2026-07-03T08:16:46.868465+00:00,111.1,23,bid,Xuanyu Liu,AverageAlmonds,5508477
2026-07-03T08:16:46.990297,2026-07-03T08:16:47.001612+00:00,111.1,22,bid,Zihao Wu,AverageAlmonds,5508480
2026-07-03T08:16:48.532513,2026-07-03T08:16:48.536139+00:00,111.0,5,bid,Xuanyu Liu,YieldingYams,5508518
2026-07-03T08:16:48.693424,2026-07-03T08:16:48.705115+00:00,110.9,20,ask,WavyWalnuts,BrilliantBurritos,5508520
2026-07-03T08:16:50.338370,2026-07-03T08:16:50.347467+00:00,111.0,200,bid,WavyWalnuts,YieldingYams,5508538
2026-07-03T08:16:51.564301,2026-07-03T08:16:51.568451+00:00,111.1,5,ask,WavyWalnuts,Xuanyu Liu,5508563
2026-07-03T08:16:52.438501,2026-07-03T08:16:52.446169+00:00,111.2,500,bid,YieldingYams,AverageAlmonds,5508572
2026-07-03T08:16:52.451469,2026-07-03T08:16:52.455035+00:00,111.2,12,ask,YieldingYams,Xuanyu Liu,5508575
2026-07-03T08:16:52.698750,2026-07-03T08:16:52.706532+00:00,111.2,113,ask,YieldingYams,AverageAlmonds,5508580
2026-07-03T08:16:53.263836,2026-07-03T08:16:53.267377+00:00,111.2,12,bid,Xuanyu Liu,AverageAlmonds,5508590
2026-07-03T08:16:53.747726,2026-07-03T08:16:53.755116+00:00,111.1,200,ask,WavyWalnuts,YieldingYams,5508606
2026-07-03T08:16:53.765752,2026-07-03T08:16:53.769692+00:00,110.9,14,bid,Xuanyu Liu,YieldingYams,5508608
2026-07-03T08:16:53.971178,2026-07-03T08:16:53.981881+00:00,110.9,200,bid,WavyWalnuts,YieldingYams,5508611
2026-07-03T08:16:55.185837,2026-07-03T08:16:55.194256+00:00,111.0,200,ask,YieldingYams,WavyWalnuts,5508630
2026-07-03T08:16:57.603075,2026-07-03T08:16:57.610303+00:00,110.9,200,ask,YieldingYams,WavyWalnuts,5508677
2026-07-03T08:17:02.496338,2026-07-03T08:17:02.505964+00:00,110.7,200,ask,YieldingYams,WavyWalnuts,5508757
2026-07-03T08:17:05.563324,2026-07-03T08:17:05.574298+00:00,110.7,200,ask,WavyWalnuts,YieldingYams,5508809
2026-07-03T08:17:08.179198,2026-07-03T08:17:08.186552+00:00,110.8,200,bid,YieldingYams,WavyWalnuts,5508854
2026-07-03T08:17:08.179198,2026-07-03T08:17:08.191581+00:00,110.9,425,bid,YieldingYams,AverageAlmonds,5508855
2026-07-03T08:17:09.661889,2026-07-03T08:17:09.669436+00:00,110.7,500,ask,YieldingYams,AverageAlmonds,5508875
2026-07-03T08:17:10.254968,2026-07-03T08:17:10.264838+00:00,110.7,125,ask,YieldingYams,AverageAlmonds,5508886
2026-07-03T08:17:10.254968,2026-07-03T08:17:10.264838+00:00,110.6,200,ask,WavyWalnuts,AverageAlmonds,5508887
2026-07-03T08:17:13.900166,2026-07-03T08:17:13.909185+00:00,110.5,500,ask,YieldingYams,AverageAlmonds,5508954
2026-07-03T08:17:14.513415,2026-07-03T08:17:14.526811+00:00,110.5,125,ask,YieldingYams,AverageAlmonds,5508969
2026-07-03T08:17:14.744415,2026-07-03T08:17:14.765126+00:00,110.4,200,ask,WavyWalnuts,YieldingYams,5508977
2026-07-03T08:17:14.770442,2026-07-03T08:17:14.774072+00:00,110.2,7,bid,Xuanyu Liu,YieldingYams,5508981
2026-07-03T08:17:15.471585,2026-07-03T08:17:15.475052+00:00,110.0,4,ask,YieldingYams,Xuanyu Liu,5508993
2026-07-03T08:17:15.792978,2026-07-03T08:17:15.802611+00:00,110.2,200,bid,WavyWalnuts,YieldingYams,5509001
2026-07-03T08:17:16.069971,2026-07-03T08:17:16.073737+00:00,110.3,3,ask,YieldingYams,Xuanyu Liu,5509009
2026-07-03T08:17:17.361895,2026-07-03T08:17:17.369073+00:00,110.4,200,bid,YieldingYams,WavyWalnuts,5509034
2026-07-03T08:17:17.379794,2026-07-03T08:17:17.383557+00:00,110.4,3,ask,YieldingYams,Xuanyu Liu,5509036
2026-07-03T08:17:19.432890,2026-07-03T08:17:19.436227+00:00,110.3,3,bid,Xuanyu Liu,WavyWalnuts,5509060
2026-07-03T08:17:23.937412,2026-07-03T08:17:23.949338+00:00,110.2,125,ask,WavyWalnuts,YieldingYams,5509143
2026-07-03T08:17:24.265208,2026-07-03T08:17:24.275982+00:00,110.3,200,ask,AverageAlmonds,WavyWalnuts,5509148
2026-07-03T08:17:27.871542,2026-07-03T08:17:27.878117+00:00,110.5,200,bid,YieldingYams,WavyWalnuts,5509211
2026-07-03T08:17:27.890306,2026-07-03T08:17:27.898917+00:00,110.6,200,ask,YieldingYams,WavyWalnuts,5509212
2026-07-03T08:17:29.098483,2026-07-03T08:17:29.109244+00:00,110.6,200,ask,YieldingYams,WavyWalnuts,5509229
2026-07-03T08:17:30.325094,2026-07-03T08:17:30.335705+00:00,110.4,200,bid,WavyWalnuts,YieldingYams,5509237
2026-07-03T08:17:31.165107,2026-07-03T08:17:31.168953+00:00,110.4,26,ask,YieldingYams,Xuanyu Liu,5509254
2026-07-03T08:17:31.779186,2026-07-03T08:17:31.790945+00:00,110.4,20,ask,YieldingYams,BrilliantBurritos,5509260
2026-07-03T08:17:31.803412,2026-07-03T08:17:31.811606+00:00,110.5,200,bid,YieldingYams,WavyWalnuts,5509266
2026-07-03T08:17:31.817261,2026-07-03T08:17:31.820813+00:00,110.6,23,ask,YieldingYams,Xuanyu Liu,5509268
2026-07-03T08:17:31.872573,2026-07-03T08:17:31.880149+00:00,110.6,22,ask,YieldingYams,Zihao Wu,5509269
2026-07-03T08:17:32.746039,2026-07-03T08:17:32.754686+00:00,110.6,200,ask,YieldingYams,WavyWalnuts,5509279
2026-07-03T08:17:33.951805,2026-07-03T08:17:33.961255+00:00,110.5,200,bid,WavyWalnuts,YieldingYams,5509299
2026-07-03T08:17:34.274499,2026-07-03T08:17:34.277786+00:00,110.5,12,bid,Xuanyu Liu,YieldingYams,5509308
2026-07-03T08:17:35.752762,2026-07-03T08:17:35.764075+00:00,110.5,200,ask,WavyWalnuts,YieldingYams,5509336
2026-07-03T08:17:36.366844,2026-07-03T08:17:36.376543+00:00,110.4,200,bid,WavyWalnuts,YieldingYams,5509343
2026-07-03T08:17:36.865682,2026-07-03T08:17:36.872252+00:00,110.4,20,bid,BrilliantBurritos,YieldingYams,5509347
2026-07-03T08:17:37.574067,2026-07-03T08:17:37.581679+00:00,110.5,200,bid,WavyWalnuts,YieldingYams,5509358
2026-07-03T08:17:39.990584,2026-07-03T08:17:40.001424+00:00,110.5,200,bid,WavyWalnuts,YieldingYams,5509392
2026-07-03T08:17:41.216731,2026-07-03T08:17:41.220345+00:00,110.4,12,ask,WavyWalnuts,Xuanyu Liu,5509413
2026-07-03T08:17:41.329584,2026-07-03T08:17:41.341222+00:00,110.5,20,bid,BrilliantBurritos,YieldingYams,5509414
2026-07-03T08:17:42.293197,2026-07-03T08:17:42.303741+00:00,110.4,188,ask,WavyWalnuts,YieldingYams,5509427
2026-07-03T08:17:43.619849,2026-07-03T08:17:43.626101+00:00,110.4,200,bid,WavyWalnuts,YieldingYams,5509449
2026-07-03T08:17:44.926568,2026-07-03T08:17:44.930532+00:00,110.3,11,ask,YieldingYams,Xuanyu Liu,5509465
2026-07-03T08:17:46.045458,2026-07-03T08:17:46.064173+00:00,110.3,200,ask,YieldingYams,WavyWalnuts,5509476
2026-07-03T08:17:47.258749,2026-07-03T08:17:47.266766+00:00,110.3,200,ask,YieldingYams,WavyWalnuts,5509489
2026-07-03T08:17:50.197823,2026-07-03T08:17:50.201428+00:00,110.4,11,bid,Xuanyu Liu,YieldingYams,5509527
2026-07-03T08:17:51.459672,2026-07-03T08:17:51.469737+00:00,110.3,200,ask,WavyWalnuts,YieldingYams,5509544
2026-07-03T08:17:51.475528,2026-07-03T08:17:51.478654+00:00,110.2,23,bid,Xuanyu Liu,YieldingYams,5509546
2026-07-03T08:17:51.894637,2026-07-03T08:17:51.906227+00:00,110.2,22,bid,Zihao Wu,YieldingYams,5509555
2026-07-03T08:17:52.032454,2026-07-03T08:17:52.042332+00:00,110.2,380,bid,AverageAlmonds,YieldingYams,5509557
2026-07-03T08:17:52.780537,2026-07-03T08:17:52.784253+00:00,110.4,11,ask,YieldingYams,Xuanyu Liu,5509577
2026-07-03T08:17:53.307382,2026-07-03T08:17:53.318987+00:00,110.4,200,ask,YieldingYams,WavyWalnuts,5509580
2026-07-03T08:17:55.719663,2026-07-03T08:17:55.727520+00:00,110.4,200,bid,WavyWalnuts,YieldingYams,5509611
2026-07-03T08:17:56.282982,2026-07-03T08:17:56.294094+00:00,110.4,20,bid,BrilliantBurritos,YieldingYams,5509618
2026-07-03T08:17:58.003116,2026-07-03T08:17:58.009849+00:00,110.3,200,ask,WavyWalnuts,YieldingYams,5509644
2026-07-03T08:18:01.820221,2026-07-03T08:18:01.823887+00:00,110.1,11,bid,Xuanyu Liu,WavyWalnuts,5509702
2026-07-03T08:18:02.741937,2026-07-03T08:18:02.746061+00:00,110.1,23,bid,Xuanyu Liu,WavyWalnuts,5509720
2026-07-03T08:18:04.239164,2026-07-03T08:18:04.246866+00:00,110.0,200,ask,YieldingYams,WavyWalnuts,5509750
2026-07-03T08:18:04.555933,2026-07-03T08:18:04.557899+00:00,110.0,500,ask,AverageAlmonds,YieldingYams,5509755
2026-07-03T08:18:04.564155,2026-07-03T08:18:04.567712+00:00,109.9,3,bid,Xuanyu Liu,YieldingYams,5509757
2026-07-03T08:18:04.727264,2026-07-03T08:18:04.735380+00:00,109.9,122,bid,AverageAlmonds,YieldingYams,5509759
2026-07-03T08:18:04.867672,2026-07-03T08:18:04.878577+00:00,110.0,20,ask,AverageAlmonds,BrilliantBurritos,5509763
2026-07-03T08:18:05.861629,2026-07-03T08:18:05.870233+00:00,110.0,200,bid,YieldingYams,WavyWalnuts,5509776
2026-07-03T08:18:06.516866,2026-07-03T08:18:06.528354+00:00,110.3,20,bid,BrilliantBurritos,YieldingYams,5509791
2026-07-03T08:18:08.264615,2026-07-03T08:18:08.276064+00:00,110.3,20,bid,BrilliantBurritos,YieldingYams,5509812
2026-07-03T08:18:09.130455,2026-07-03T08:18:09.134249+00:00,110.2,14,bid,Xuanyu Liu,WavyWalnuts,5509826
2026-07-03T08:18:11.489700,2026-07-03T08:18:11.498759+00:00,110.0,200,ask,AverageAlmonds,WavyWalnuts,5509861
2026-07-03T08:18:12.701673,2026-07-03T08:18:12.712485+00:00,110.0,200,ask,AverageAlmonds,WavyWalnuts,5509890
2026-07-03T08:18:15.066104,2026-07-03T08:18:15.074570+00:00,110.0,200,ask,WavyWalnuts,YieldingYams,5509925
2026-07-03T08:18:15.066104,2026-07-03T08:18:15.074570+00:00,110.0,425,ask,AverageAlmonds,YieldingYams,5509926
2026-07-03T08:18:16.392320,2026-07-03T08:18:16.395749+00:00,110.2,12,bid,Xuanyu Liu,YieldingYams,5509942
2026-07-03T08:18:17.530366,2026-07-03T08:18:17.558547+00:00,110.2,200,bid,WavyWalnuts,YieldingYams,5509964
2026-07-03T08:18:18.740152,2026-07-03T08:18:18.748000+00:00,110.3,200,bid,WavyWalnuts,YieldingYams,5509981
2026-07-03T08:18:19.029456,2026-07-03T08:18:19.033106+00:00,110.2,12,ask,YieldingYams,Xuanyu Liu,5509989
2026-07-03T08:18:24.894481,2026-07-03T08:18:24.902298+00:00,110.4,20,bid,BrilliantBurritos,YieldingYams,5510070
2026-07-03T08:18:25.584955,2026-07-03T08:18:25.588388+00:00,110.3,12,bid,Xuanyu Liu,YieldingYams,5510087
2026-07-03T08:18:27.160698,2026-07-03T08:18:27.168947+00:00,110.3,500,bid,AverageAlmonds,YieldingYams,5510107
2026-07-03T08:18:27.750297,2026-07-03T08:18:27.758593+00:00,110.3,125,bid,AverageAlmonds,YieldingYams,5510116
2026-07-03T08:18:27.750297,2026-07-03T08:18:27.763579+00:00,110.3,200,bid,AverageAlmonds,WavyWalnuts,5510117
2026-07-03T08:18:28.110708,2026-07-03T08:18:28.114055+00:00,110.9,11,bid,Xuanyu Liu,AverageAlmonds,5510125
2026-07-03T08:18:28.208335,2026-07-03T08:18:28.211896+00:00,110.6,34,bid,Xuanyu Liu,YieldingYams,5510133
2026-07-03T08:18:28.299964,2026-07-03T08:18:28.311507+00:00,110.4,20,ask,YieldingYams,BrilliantBurritos,5510134
2026-07-03T08:18:28.431372,2026-07-03T08:18:28.438116+00:00,110.4,200,ask,YieldingYams,WavyWalnuts,5510143
2026-07-03T08:18:29.509958,2026-07-03T08:18:29.513031+00:00,110.5,12,bid,Xuanyu Liu,YieldingYams,5510158
2026-07-03T08:18:29.643504,2026-07-03T08:18:29.652104+00:00,110.5,200,bid,WavyWalnuts,YieldingYams,5510163
2026-07-03T08:18:31.271556,2026-07-03T08:18:31.275292+00:00,110.5,12,ask,WavyWalnuts,Xuanyu Liu,5510200
2026-07-03T08:18:33.276323,2026-07-03T08:18:33.283940+00:00,110.6,200,bid,WavyWalnuts,YieldingYams,5510242
2026-07-03T08:18:33.463390,2026-07-03T08:18:33.466855+00:00,110.7,22,ask,YieldingYams,Xuanyu Liu,5510249
2026-07-03T08:18:34.486186,2026-07-03T08:18:34.494984+00:00,110.7,200,ask,YieldingYams,WavyWalnuts,5510263
2026-07-03T08:18:36.232489,2026-07-03T08:18:36.243057+00:00,110.7,500,ask,YieldingYams,AverageAlmonds,5510288
2026-07-03T08:18:36.871688,2026-07-03T08:18:36.878295+00:00,110.7,125,ask,YieldingYams,AverageAlmonds,5510306
2026-07-03T08:18:37.387300,2026-07-03T08:18:37.402956+00:00,110.6,200,ask,WavyWalnuts,YieldingYams,5510312
2026-07-03T08:18:38.086108,2026-07-03T08:18:38.095154+00:00,110.6,20,bid,BrilliantBurritos,YieldingYams,5510324
2026-07-03T08:18:38.113187,2026-07-03T08:18:38.121259+00:00,110.6,200,bid,WavyWalnuts,YieldingYams,5510325
2026-07-03T08:18:38.739862,2026-07-03T08:18:38.743627+00:00,110.6,12,ask,YieldingYams,Xuanyu Liu,5510341
2026-07-03T08:18:39.321563,2026-07-03T08:18:39.328088+00:00,110.6,200,ask,YieldingYams,WavyWalnuts,5510354
2026-07-03T08:18:40.528767,2026-07-03T08:18:40.538749+00:00,110.5,200,ask,YieldingYams,WavyWalnuts,5510376
2026-07-03T08:18:43.946405,2026-07-03T08:18:43.950671+00:00,110.5,11,ask,WavyWalnuts,Xuanyu Liu,5510427
2026-07-03T08:18:43.952410,2026-07-03T08:18:43.966303+00:00,110.6,20,bid,BrilliantBurritos,YieldingYams,5510428
2026-07-03T08:18:47.831069,2026-07-03T08:18:47.835683+00:00,110.7,11,bid,Xuanyu Liu,WavyWalnuts,5510499
2026-07-03T08:18:49.028182,2026-07-03T08:18:49.031795+00:00,110.6,12,bid,Xuanyu Liu,WavyWalnuts,5510518
2026-07-03T08:18:50.278446,2026-07-03T08:18:50.282081+00:00,110.6,23,ask,WavyWalnuts,Xuanyu Liu,5510547
2026-07-03T08:18:50.542590,2026-07-03T08:18:50.551030+00:00,110.8,200,bid,YieldingYams,WavyWalnuts,5510552
2026-07-03T08:18:50.563588,2026-07-03T08:18:50.566910+00:00,110.8,23,ask,YieldingYams,Xuanyu Liu,5510554
2026-07-03T08:18:51.438253,2026-07-03T08:18:51.458791+00:00,110.8,200,ask,YieldingYams,WavyWalnuts,5510559
2026-07-03T08:18:53.390417,2026-07-03T08:18:53.394216+00:00,110.8,11,bid,Xuanyu Liu,YieldingYams,5510597
2026-07-03T08:18:53.417632,2026-07-03T08:18:53.428957+00:00,110.8,20,bid,BrilliantBurritos,YieldingYams,5510598
2026-07-03T08:18:53.851261,2026-07-03T08:18:53.858604+00:00,110.8,200,bid,WavyWalnuts,YieldingYams,5510601
2026-07-03T08:18:55.072049,2026-07-03T08:18:55.079743+00:00,110.8,200,ask,YieldingYams,WavyWalnuts,5510628
2026-07-03T08:18:56.286686,2026-07-03T08:18:56.294960+00:00,110.8,200,ask,YieldingYams,WavyWalnuts,5510641
2026-07-03T08:18:58.730591,2026-07-03T08:18:58.737114+00:00,110.9,20,bid,BrilliantBurritos,YieldingYams,5510681
2026-07-03T08:18:59.725315,2026-07-03T08:18:59.733865+00:00,110.8,200,ask,WavyWalnuts,YieldingYams,5510702
2026-07-03T08:18:59.922455,2026-07-03T08:18:59.930444+00:00,110.7,200,bid,WavyWalnuts,YieldingYams,5510706
2026-07-03T08:19:01.053300,2026-07-03T08:19:01.058994+00:00,110.9,14,ask,YieldingYams,Xuanyu Liu,5510732
2026-07-03T08:19:01.134584,2026-07-03T08:19:01.141847+00:00,110.9,200,ask,YieldingYams,WavyWalnuts,5510736
2026-07-03T08:19:02.354663,2026-07-03T08:19:02.356230+00:00,110.8,200,ask,WavyWalnuts,YieldingYams,5510764
