timestamp,recv_time,price,volume,aggressor_side,buyer,seller,trade_id
2026-07-01T21:59:59.046582,2026-07-01T12:00:00.455160+00:00,82.5,200,bid,,,2268598
2026-07-01T21:59:59.143826,2026-07-01T12:00:00.553040+00:00,82.6,20,bid,,,2268604
2026-07-01T21:59:59.226408,2026-07-01T12:00:00.640566+00:00,82.6,10,bid,,,2268607
2026-07-01T22:00:00.058089,2026-07-01T12:00:01.472316+00:00,82.6,20,bid,,,2268622
2026-07-01T22:00:00.359776,2026-07-01T12:00:01.767096+00:00,82.6,200,ask,,,2268630
2026-07-01T22:00:02.692898,2026-07-01T12:00:04.105687+00:00,82.5,200,bid,,,2268672
2026-07-01T22:00:04.289037,2026-07-01T12:00:05.698774+00:00,82.5,200,ask,,,2268720
2026-07-01T22:00:08.666360,2026-07-01T12:00:10.077236+00:00,82.5,500,bid,,,2268793
2026-07-01T22:00:09.260112,2026-07-01T12:00:10.666801+00:00,82.5,125,bid,,,2268807
2026-07-01T22:00:09.260112,2026-07-01T12:00:10.677801+00:00,82.5,200,bid,,,2268808
2026-07-01T22:00:09.969608,2026-07-01T12:00:11.375417+00:00,82.7,200,ask,,,2268817
2026-07-01T22:00:12.842905,2026-07-01T12:00:14.249935+00:00,82.6,10,bid,,,2268869
2026-07-01T22:00:13.548191,2026-07-01T12:00:14.961055+00:00,82.5,500,ask,,,2268883
2026-07-01T22:00:14.110909,2026-07-01T12:00:15.525124+00:00,82.5,125,bid,,,2268892
2026-07-01T22:00:14.727185,2026-07-01T12:00:16.137252+00:00,82.6,200,bid,,,2268913
2026-07-01T22:00:14.861254,2026-07-01T12:00:16.267701+00:00,82.6,300,ask,,,2268919
2026-07-01T22:00:15.316015,2026-07-01T12:00:16.727342+00:00,82.6,325,bid,,,2268928
2026-07-01T22:00:15.950565,2026-07-01T12:00:17.361617+00:00,82.7,20,bid,,,2268939
2026-07-01T22:00:16.019340,2026-07-01T12:00:17.427199+00:00,82.6,200,ask,,,2268941
2026-07-01T22:00:18.439244,2026-07-01T12:00:19.850080+00:00,82.6,200,ask,,,2268986
2026-07-01T22:00:18.811688,2026-07-01T12:00:20.230993+00:00,82.6,300,ask,,,2268991
2026-07-01T22:00:18.835889,2026-07-01T12:00:20.241992+00:00,82.5,100,bid,,,2268993
2026-07-01T22:00:18.867198,2026-07-01T12:00:20.274524+00:00,82.5,35,bid,,,2268994
2026-07-01T22:00:18.961178,2026-07-01T12:00:20.372838+00:00,82.5,190,bid,,,2268996
2026-07-01T22:00:19.073422,2026-07-01T12:00:20.482242+00:00,82.8,3,bid,,,2269002
2026-07-01T22:00:19.158073,2026-07-01T12:00:20.569299+00:00,83.1,31,bid,,,2269005
2026-07-01T22:00:19.649930,2026-07-01T12:00:21.061029+00:00,82.6,20,ask,,,2269020
2026-07-01T22:00:20.122855,2026-07-01T12:00:21.539091+00:00,82.7,200,bid,,,2269038
2026-07-01T22:00:20.592733,2026-07-01T12:00:22.008550+00:00,82.7,20,ask,,,2269054
2026-07-01T22:00:21.440478,2026-07-01T12:00:22.852430+00:00,82.7,200,ask,,,2269071
2026-07-01T22:00:21.528736,2026-07-01T12:00:22.939190+00:00,82.6,20,bid,,,2269073
2026-07-01T22:00:21.817008,2026-07-01T12:00:23.233829+00:00,82.5,35,ask,,,2269078
2026-07-01T22:00:21.906258,2026-07-01T12:00:23.320900+00:00,82.5,34,ask,,,2269083
2026-07-01T22:00:22.066009,2026-07-01T12:00:23.482690+00:00,82.6,200,bid,,,2269084
2026-07-01T22:00:22.768134,2026-07-01T12:00:24.180886+00:00,82.6,77,ask,,,2269109
2026-07-01T22:00:26.683848,2026-07-01T12:00:28.099120+00:00,82.6,200,ask,,,2269200
2026-07-01T22:00:26.683848,2026-07-01T12:00:28.099120+00:00,82.6,425,ask,,,2269201
2026-07-01T22:00:26.910049,2026-07-01T12:00:28.316953+00:00,82.6,200,ask,,,2269203
2026-07-01T22:00:28.087139,2026-07-01T12:00:29.500265+00:00,82.8,1,bid,,,2269224
2026-07-01T22:00:28.122936,2026-07-01T12:00:29.533266+00:00,82.7,200,ask,,,2269231
2026-07-01T22:00:28.199332,2026-07-01T12:00:29.621505+00:00,82.9,8,bid,,,2269234
2026-07-01T22:00:28.286372,2026-07-01T12:00:29.720260+00:00,82.8,1,bid,,,2269235
2026-07-01T22:00:28.377542,2026-07-01T12:00:29.840265+00:00,82.8,1,bid,,,2269238
2026-07-01T22:00:28.469757,2026-07-01T12:00:29.959993+00:00,82.8,2,bid,,,2269244
2026-07-01T22:00:28.721762,2026-07-01T12:00:30.439056+00:00,82.8,3,bid,,,2269252
2026-07-01T22:00:29.132024,2026-07-01T12:00:30.548038+00:00,82.8,6,bid,,,2269255
2026-07-01T22:00:29.332083,2026-07-01T12:00:30.744441+00:00,82.8,200,ask,,,2269262
2026-07-01T22:00:30.615086,2026-07-01T12:00:32.025684+00:00,82.8,200,ask,,,2269284
2026-07-01T22:00:30.671424,2026-07-01T12:00:32.079579+00:00,82.8,35,bid,,,2269285
2026-07-01T22:00:30.763986,2026-07-01T12:00:32.177677+00:00,82.8,35,bid,,,2269291
2026-07-01T22:00:30.859490,2026-07-01T12:00:32.275268+00:00,82.8,4,bid,,,2269295
2026-07-01T22:00:31.531733,2026-07-01T12:00:32.941350+00:00,82.8,10,bid,,,2269312
2026-07-01T22:00:31.924651,2026-07-01T12:00:33.333885+00:00,82.8,200,bid,,,2269326
2026-07-01T22:00:32.958413,2026-07-01T12:00:34.369336+00:00,82.8,200,ask,,,2269346
2026-07-01T22:00:34.396651,2026-07-01T12:00:35.804416+00:00,82.9,35,bid,,,2269359
2026-07-01T22:00:34.488667,2026-07-01T12:00:35.903710+00:00,82.9,35,bid,,,2269361
2026-07-01T22:00:34.579730,2026-07-01T12:00:35.989731+00:00,82.9,19,bid,,,2269363
2026-07-01T22:00:35.374905,2026-07-01T12:00:36.787129+00:00,82.9,200,bid,,,2269373
2026-07-01T22:00:35.860764,2026-07-01T12:00:37.267273+00:00,82.9,500,bid,,,2269383
2026-07-01T22:00:35.910078,2026-07-01T12:00:37.332599+00:00,82.9,125,ask,,,2269389
2026-07-01T22:00:36.080073,2026-07-01T12:00:37.486512+00:00,82.9,10,bid,,,2269392
2026-07-01T22:00:37.195044,2026-07-01T12:00:38.610056+00:00,82.8,61,bid,,,2269416
2026-07-01T22:00:38.023920,2026-07-01T12:00:39.436876+00:00,82.7,6,bid,,,2269426
2026-07-01T22:00:41.432613,2026-07-01T12:00:42.843843+00:00,82.6,7,ask,,,2269489
2026-07-01T22:00:41.432613,2026-07-01T12:00:42.843843+00:00,82.6,193,ask,,,2269490
2026-07-01T22:00:42.705294,2026-07-01T12:00:44.118712+00:00,82.6,11,ask,,,2269507
2026-07-01T22:00:42.705294,2026-07-01T12:00:44.118712+00:00,82.6,9,ask,,,2269508
2026-07-01T22:00:42.952575,2026-07-01T12:00:44.359487+00:00,82.7,25,bid,,,2269515
2026-07-01T22:00:46.279223,2026-07-01T12:00:47.696382+00:00,82.6,11,ask,,,2269588
2026-07-01T22:00:46.279223,2026-07-01T12:00:47.696382+00:00,82.6,9,ask,,,2269589
2026-07-01T22:00:47.081479,2026-07-01T12:00:48.491087+00:00,82.7,110,bid,,,2269599
2026-07-01T22:00:47.487311,2026-07-01T12:00:48.896173+00:00,82.7,200,bid,,,2269612
2026-07-01T22:00:47.972752,2026-07-01T12:00:49.387429+00:00,82.8,25,bid,,,2269620
2026-07-01T22:00:48.986903,2026-07-01T12:00:50.412968+00:00,82.8,1,bid,,,2269633
2026-07-01T22:00:48.986903,2026-07-01T12:00:50.423968+00:00,82.8,500,bid,,,2269634
2026-07-01T22:00:48.986903,2026-07-01T12:00:50.423968+00:00,82.8,124,bid,,,2269635
2026-07-01T22:00:49.306658,2026-07-01T12:00:50.753915+00:00,82.8,20,bid,,,2269637
2026-07-01T22:00:50.303768,2026-07-01T12:00:51.726249+00:00,82.7,200,ask,,,2269656
2026-07-01T22:00:52.993186,2026-07-01T12:00:54.407911+00:00,82.6,25,bid,,,2269707
2026-07-01T22:00:53.532883,2026-07-01T12:00:54.940635+00:00,82.6,200,bid,,,2269715
2026-07-01T22:00:54.744359,2026-07-01T12:00:56.159590+00:00,82.7,200,bid,,,2269744
2026-07-01T22:00:55.827145,2026-07-01T12:00:57.233304+00:00,82.6,20,ask,,,2269767
2026-07-01T22:00:57.750838,2026-07-01T12:00:59.169956+00:00,82.7,200,ask,,,2269817
2026-07-01T22:00:58.370789,2026-07-01T12:00:59.781053+00:00,82.7,200,bid,,,2269829
2026-07-01T22:01:02.023164,2026-07-01T12:01:03.433378+00:00,82.5,2,ask,,,2269913
2026-07-01T22:01:02.123682,2026-07-01T12:01:03.531014+00:00,82.5,198,bid,,,2269916
2026-07-01T22:01:02.123682,2026-07-01T12:01:03.531014+00:00,82.7,427,bid,,,2269917
2026-07-01T22:01:03.020202,2026-07-01T12:01:04.430075+00:00,82.3,2,ask,,,2269929
2026-07-01T22:01:04.762378,2026-07-01T12:01:06.177603+00:00,82.6,200,bid,,,2269970
2026-07-01T22:01:04.821913,2026-07-01T12:01:06.232456+00:00,82.6,35,ask,,,2269972
2026-07-01T22:01:04.912963,2026-07-01T12:01:06.320361+00:00,82.6,35,ask,,,2269974
2026-07-01T22:01:05.014040,2026-07-01T12:01:06.430375+00:00,82.6,35,ask,,,2269976
2026-07-01T22:01:05.411098,2026-07-01T12:01:06.824418+00:00,82.6,20,ask,,,2269987
2026-07-01T22:01:05.659058,2026-07-01T12:01:07.066447+00:00,82.6,200,ask,,,2269995
2026-07-01T22:01:05.987104,2026-07-01T12:01:07.395362+00:00,82.6,35,ask,,,2270003
2026-07-01T22:01:06.077558,2026-07-01T12:01:07.493024+00:00,82.5,5,ask,,,2270005
2026-07-01T22:01:06.077558,2026-07-01T12:01:07.493024+00:00,82.5,200,ask,,,2270006
2026-07-01T22:01:06.152449,2026-07-01T12:01:07.569186+00:00,82.5,35,bid,,,2270007
2026-07-01T22:01:06.246104,2026-07-01T12:01:07.656520+00:00,82.5,35,bid,,,2270009
2026-07-01T22:01:06.335424,2026-07-01T12:01:07.744658+00:00,82.5,18,bid,,,2270011
2026-07-01T22:01:07.391277,2026-07-01T12:01:08.804889+00:00,82.5,200,bid,,,2270034
2026-07-01T22:01:07.507121,2026-07-01T12:01:08.913831+00:00,82.6,20,ask,,,2270036
2026-07-01T22:01:08.056351,2026-07-01T12:01:09.471919+00:00,82.6,2,ask,,,2270048
2026-07-01T22:01:08.075702,2026-07-01T12:01:09.493785+00:00,82.6,200,ask,,,2270049
2026-07-01T22:01:08.708344,2026-07-01T12:01:10.124386+00:00,82.4,6,ask,,,2270062
2026-07-01T22:01:08.708344,2026-07-01T12:01:10.124386+00:00,82.4,200,ask,,,2270063
2026-07-01T22:01:08.708344,2026-07-01T12:01:10.124386+00:00,82.4,419,ask,,,2270064
2026-07-01T22:01:09.215808,2026-07-01T12:01:10.629395+00:00,82.8,1,bid,,,2270079
2026-07-01T22:01:09.322649,2026-07-01T12:01:10.738942+00:00,82.6,35,ask,,,2270087
2026-07-01T22:01:09.414252,2026-07-01T12:01:10.826942+00:00,82.6,35,ask,,,2270089
2026-07-01T22:01:09.503777,2026-07-01T12:01:10.913719+00:00,82.6,35,ask,,,2270094
2026-07-01T22:01:09.593391,2026-07-01T12:01:11.000042+00:00,82.6,28,ask,,,2270099
2026-07-01T22:01:10.009771,2026-07-01T12:01:11.416354+00:00,82.6,10,ask,,,2270114
2026-07-01T22:01:10.532994,2026-07-01T12:01:11.996575+00:00,82.6,10,ask,,,2270126
2026-07-01T22:01:11.072680,2026-07-01T12:01:12.488595+00:00,82.6,10,ask,,,2270138
2026-07-01T22:01:12.346517,2026-07-01T12:01:13.757151+00:00,82.7,20,bid,,,2270166
2026-07-01T22:01:13.066805,2026-07-01T12:01:14.480401+00:00,82.6,2,ask,,,2270175
2026-07-01T22:01:13.954340,2026-07-01T12:01:15.365272+00:00,82.6,200,ask,,,2270193
2026-07-01T22:01:15.267367,2026-07-01T12:01:16.683156+00:00,82.5,200,ask,,,2270222
2026-07-01T22:01:15.310983,2026-07-01T12:01:16.727169+00:00,82.5,35,bid,,,2270223
2026-07-01T22:01:15.407347,2026-07-01T12:01:16.814077+00:00,82.5,35,bid,,,2270228
2026-07-01T22:01:15.664069,2026-07-01T12:01:17.076708+00:00,82.4,2,ask,,,2270235
2026-07-01T22:01:15.664069,2026-07-01T12:01:17.076708+00:00,82.4,33,ask,,,2270236
2026-07-01T22:01:15.757493,2026-07-01T12:01:17.174726+00:00,82.4,35,ask,,,2270238
2026-07-01T22:01:16.329586,2026-07-01T12:01:17.740387+00:00,82.4,20,ask,,,2270247
2026-07-01T22:01:16.544605,2026-07-01T12:01:17.960962+00:00,82.4,200,ask,,,2270252
2026-07-01T22:01:16.580222,2026-07-01T12:01:17.993490+00:00,82.4,2,ask,,,2270253
2026-07-01T22:01:18.078308,2026-07-01T12:01:19.492008+00:00,82.3,2,ask,,,2270276
2026-07-01T22:01:21.826237,2026-07-01T12:01:23.236543+00:00,82.4,200,bid,,,2270351
2026-07-01T22:01:22.591619,2026-07-01T12:01:24.001473+00:00,82.4,200,ask,,,2270369
2026-07-01T22:01:23.089964,2026-07-01T12:01:24.505833+00:00,82.4,25,ask,,,2270383
2026-07-01T22:01:23.100209,2026-07-01T12:01:24.516979+00:00,82.4,2,ask,,,2270385
2026-07-01T22:01:23.139146,2026-07-01T12:01:24.549988+00:00,82.3,500,ask,,,2270386
2026-07-01T22:01:23.139146,2026-07-01T12:01:24.549988+00:00,82.3,125,ask,,,2270387
2026-07-01T22:01:23.388303,2026-07-01T12:01:24.801142+00:00,82.3,10,ask,,,2270394
2026-07-01T22:01:24.446946,2026-07-01T12:01:25.862521+00:00,82.4,200,bid,,,2270412
2026-07-01T22:01:25.007144,2026-07-01T12:01:26.418764+00:00,82.4,200,ask,,,2270422
2026-07-01T22:01:26.972997,2026-07-01T12:01:28.383765+00:00,82.5,20,bid,,,2270457
2026-07-01T22:01:29.863950,2026-07-01T12:01:31.274852+00:00,82.4,200,ask,,,2270524
2026-07-01T22:01:31.072958,2026-07-01T12:01:32.485021+00:00,82.4,200,ask,,,2270553
2026-07-01T22:01:31.562398,2026-07-01T12:01:32.977816+00:00,82.6,9,bid,,,2270557
2026-07-01T22:01:31.562398,2026-07-01T12:01:32.977816+00:00,82.6,1,bid,,,2270558
2026-07-01T22:01:31.601572,2026-07-01T12:01:33.010817+00:00,82.6,20,bid,,,2270559
2026-07-01T22:01:32.283480,2026-07-01T12:01:33.777302+00:00,82.4,200,ask,,,2270572
2026-07-01T22:01:33.120652,2026-07-01T12:01:34.529351+00:00,82.4,2,ask,,,2270592
2026-07-01T22:01:33.490760,2026-07-01T12:01:34.900675+00:00,82.6,11,bid,,,2270595
2026-07-01T22:01:33.490760,2026-07-01T12:01:34.900675+00:00,82.6,189,bid,,,2270596
2026-07-01T22:01:34.720080,2026-07-01T12:01:36.136063+00:00,82.6,10,bid,,,2270618
2026-07-01T22:01:34.736775,2026-07-01T12:01:36.147064+00:00,82.6,20,ask,,,2270619
2026-07-01T22:01:34.978473,2026-07-01T12:01:36.384929+00:00,82.6,170,ask,,,2270625
2026-07-01T22:01:35.936162,2026-07-01T12:01:37.354894+00:00,82.5,200,ask,,,2270647
2026-07-01T22:01:37.147097,2026-07-01T12:01:38.554199+00:00,82.5,200,ask,,,2270675
2026-07-01T22:01:38.131682,2026-07-01T12:01:39.539076+00:00,82.5,2,ask,,,2270698
2026-07-01T22:01:38.353455,2026-07-01T12:01:39.768521+00:00,82.6,200,bid,,,2270699
2026-07-01T22:01:38.922966,2026-07-01T12:01:40.337200+00:00,82.6,425,bid,,,2270717
2026-07-01T22:01:38.949427,2026-07-01T12:01:40.358734+00:00,82.7,5,bid,,,2270718
2026-07-01T22:01:38.949427,2026-07-01T12:01:40.358734+00:00,82.8,200,bid,,,2270719
2026-07-01T22:01:38.975234,2026-07-01T12:01:40.391735+00:00,82.8,64,ask,,,2270723
2026-07-01T22:01:40.274998,2026-07-01T12:01:41.693593+00:00,82.7,200,ask,,,2270750
2026-07-01T22:01:40.772465,2026-07-01T12:01:42.186322+00:00,82.7,200,bid,,,2270766
2026-07-01T22:01:40.931265,2026-07-01T12:01:42.340057+00:00,82.6,50,ask,,,2270771
2026-07-01T22:01:41.586121,2026-07-01T12:01:42.997295+00:00,82.7,5,bid,,,2270785
2026-07-01T22:01:41.605397,2026-07-01T12:01:43.019295+00:00,82.8,3,ask,,,2270789
2026-07-01T22:01:41.900862,2026-07-01T12:01:43.314822+00:00,82.8,4,ask,,,2270796
2026-07-01T22:01:41.983346,2026-07-01T12:01:43.402364+00:00,82.8,200,ask,,,2270805
2026-07-01T22:01:43.162592,2026-07-01T12:01:44.578142+00:00,82.6,2,ask,,,2270825
2026-07-01T22:01:44.488946,2026-07-01T12:01:45.904298+00:00,82.7,20,ask,,,2270856
2026-07-01T22:01:46.792098,2026-07-01T12:01:48.206253+00:00,82.7,200,bid,,,2270906
2026-07-01T22:01:46.825345,2026-07-01T12:01:48.239254+00:00,82.8,200,bid,,,2270908
2026-07-01T22:01:48.171288,2026-07-01T12:01:49.582482+00:00,82.8,2,ask,,,2270932
2026-07-01T22:01:50.469551,2026-07-01T12:01:51.884714+00:00,82.8,200,ask,,,2270985
2026-07-01T22:01:51.677005,2026-07-01T12:01:53.091891+00:00,82.8,200,ask,,,2271011
2026-07-01T22:01:52.096507,2026-07-01T12:01:53.505022+00:00,82.8,300,ask,,,2271021
2026-07-01T22:01:52.240164,2026-07-01T12:01:53.646368+00:00,82.8,325,bid,,,2271023
2026-07-01T22:01:52.885231,2026-07-01T12:01:54.300923+00:00,82.8,200,ask,,,2271052
2026-07-01T22:01:53.181676,2026-07-01T12:01:54.593560+00:00,82.8,2,ask,,,2271069
2026-07-01T22:01:53.405945,2026-07-01T12:01:54.812562+00:00,82.9,1,bid,,,2271078
2026-07-01T22:01:53.526746,2026-07-01T12:01:54.932839+00:00,83.2,35,bid,,,2271082
2026-07-01T22:01:53.616250,2026-07-01T12:01:55.031579+00:00,83.2,5,bid,,,2271084
2026-07-01T22:01:53.803042,2026-07-01T12:01:55.217556+00:00,83.2,10,bid,,,2271086
2026-07-01T22:01:54.094773,2026-07-01T12:01:55.501700+00:00,83.0,200,ask,,,2271090
2026-07-01T22:01:56.030340,2026-07-01T12:01:57.443777+00:00,83.2,200,bid,,,2271125
2026-07-01T22:01:56.030340,2026-07-01T12:01:57.443777+00:00,83.2,425,bid,,,2271126
2026-07-01T22:01:56.541442,2026-07-01T12:01:57.954881+00:00,83.2,100,bid,,,2271135
2026-07-01T22:01:57.729530,2026-07-01T12:01:59.145869+00:00,82.9,200,ask,,,2271158
2026-07-01T22:01:58.339504,2026-07-01T12:01:59.747152+00:00,83.1,10,bid,,,2271170
2026-07-01T22:01:58.654719,2026-07-01T12:02:00.109117+00:00,82.8,200,ask,,,2271177
2026-07-01T22:01:58.654719,2026-07-01T12:02:00.109117+00:00,82.8,12,ask,,,2271178
2026-07-01T22:01:58.669876,2026-07-01T12:02:00.120118+00:00,82.8,21,bid,,,2271182
2026-07-01T22:01:58.686275,2026-07-01T12:02:00.131118+00:00,82.8,127,bid,,,2271183
2026-07-01T22:01:59.506947,2026-07-01T12:02:00.918831+00:00,82.8,265,bid,,,2271195
2026-07-01T22:01:59.506947,2026-07-01T12:02:00.918831+00:00,82.8,200,bid,,,2271196
2026-07-01T22:01:59.982573,2026-07-01T12:02:01.389064+00:00,83.2,35,ask,,,2271207
2026-07-01T22:02:00.137522,2026-07-01T12:02:01.553357+00:00,83.2,35,ask,,,2271213
2026-07-01T22:02:00.148987,2026-07-01T12:02:01.563877+00:00,83.2,200,ask,,,2271214
2026-07-01T22:02:00.233055,2026-07-01T12:02:01.640489+00:00,83.2,34,ask,,,2271216
2026-07-01T22:02:02.885270,2026-07-01T12:02:04.299579+00:00,83.1,1,bid,,,2271269
2026-07-01T22:02:02.885270,2026-07-01T12:02:04.299579+00:00,83.1,99,bid,,,2271270
2026-07-01T22:02:03.060691,2026-07-01T12:02:04.475201+00:00,83.1,22,bid,,,2271275
2026-07-01T22:02:03.211004,2026-07-01T12:02:04.618781+00:00,83.1,25,bid,,,2271285
2026-07-01T22:02:04.904008,2026-07-01T12:02:06.316426+00:00,83.0,10,bid,,,2271318
2026-07-01T22:02:04.963150,2026-07-01T12:02:06.382863+00:00,83.0,190,bid,,,2271322
2026-07-01T22:02:08.663341,2026-07-01T12:02:10.079142+00:00,83.1,3,bid,,,2271377
2026-07-01T22:02:08.663341,2026-07-01T12:02:10.079142+00:00,83.1,197,bid,,,2271378
2026-07-01T22:02:09.157789,2026-07-01T12:02:10.571406+00:00,83.0,500,ask,,,2271391
2026-07-01T22:02:09.200249,2026-07-01T12:02:10.615406+00:00,83.0,125,bid,,,2271392
2026-07-01T22:02:10.465539,2026-07-01T12:02:11.873401+00:00,83.2,200,bid,,,2271432
2026-07-01T22:02:10.537123,2026-07-01T12:02:11.949704+00:00,83.3,35,ask,,,2271437
2026-07-01T22:02:10.626803,2026-07-01T12:02:12.037560+00:00,83.3,35,ask,,,2271441
2026-07-01T22:02:10.715984,2026-07-01T12:02:12.124930+00:00,83.3,34,ask,,,2271445
2026-07-01T22:02:11.082570,2026-07-01T12:02:12.488829+00:00,83.3,200,ask,,,2271456
2026-07-01T22:02:11.784247,2026-07-01T12:02:13.199287+00:00,83.0,200,ask,,,2271471
2026-07-01T22:02:11.784247,2026-07-01T12:02:13.199287+00:00,83.0,425,ask,,,2271472
2026-07-01T22:02:12.404827,2026-07-01T12:02:13.820868+00:00,83.1,35,bid,,,2271484
2026-07-01T22:02:12.494245,2026-07-01T12:02:13.908459+00:00,83.1,35,bid,,,2271486
2026-07-01T22:02:12.585697,2026-07-01T12:02:13.996560+00:00,83.1,34,bid,,,2271489
2026-07-01T22:02:13.096491,2026-07-01T12:02:14.510548+00:00,83.1,96,bid,,,2271508
2026-07-01T22:02:13.477326,2026-07-01T12:02:14.892321+00:00,83.3,10,bid,,,2271519
2026-07-01T22:02:13.502169,2026-07-01T12:02:14.914322+00:00,83.1,200,ask,,,2271520
2026-07-01T22:02:14.711285,2026-07-01T12:02:16.123729+00:00,83.2,200,ask,,,2271535
2026-07-01T22:02:17.021218,2026-07-01T12:02:18.427412+00:00,83.2,200,bid,,,2271572
2026-07-01T22:02:20.762821,2026-07-01T12:02:22.174398+00:00,83.3,1,bid,,,2271643
2026-07-01T22:02:20.762821,2026-07-01T12:02:22.174398+00:00,83.3,199,bid,,,2271644
2026-07-01T22:02:20.949903,2026-07-01T12:02:22.361901+00:00,83.3,1,bid,,,2271647
2026-07-01T22:02:20.949903,2026-07-01T12:02:22.361901+00:00,83.5,200,bid,,,2271648
2026-07-01T22:02:21.970625,2026-07-01T12:02:23.389357+00:00,83.6,2,bid,,,2271666
2026-07-01T22:02:21.970625,2026-07-01T12:02:23.389357+00:00,83.6,198,bid,,,2271667
2026-07-01T22:02:22.951624,2026-07-01T12:02:24.363922+00:00,83.4,20,ask,,,2271689
2026-07-01T22:02:23.258193,2026-07-01T12:02:24.668689+00:00,83.5,25,bid,,,2271694
2026-07-01T22:02:26.069261,2026-07-01T12:02:27.476163+00:00,83.3,7,ask,,,2271759
2026-07-01T22:02:26.211790,2026-07-01T12:02:27.618310+00:00,83.4,200,bid,,,2271772
2026-07-01T22:02:26.808374,2026-07-01T12:02:28.228874+00:00,83.5,200,ask,,,2271781
2026-07-01T22:02:26.930990,2026-07-01T12:02:28.338679+00:00,83.5,20,ask,,,2271783
2026-07-01T22:02:28.014235,2026-07-01T12:02:29.420836+00:00,83.4,200,bid,,,2271810
2026-07-01T22:02:29.222410,2026-07-01T12:02:30.636095+00:00,83.5,200,bid,,,2271845
2026-07-01T22:02:29.804083,2026-07-01T12:02:31.218818+00:00,83.5,20,bid,,,2271853
2026-07-01T22:02:30.154034,2026-07-01T12:02:31.569011+00:00,83.6,1,bid,,,2271858
2026-07-01T22:02:30.154034,2026-07-01T12:02:31.569011+00:00,83.6,500,bid,,,2271859
2026-07-01T22:02:30.396913,2026-07-01T12:02:31.810176+00:00,83.6,124,ask,,,2271863
2026-07-01T22:02:31.471737,2026-07-01T12:02:32.884287+00:00,83.4,200,ask,,,2271896
2026-07-01T22:02:31.640338,2026-07-01T12:02:33.048687+00:00,83.4,200,bid,,,2271898
2026-07-01T22:02:32.783412,2026-07-01T12:02:34.195210+00:00,83.5,2,bid,,,2271930
2026-07-01T22:02:32.857330,2026-07-01T12:02:34.272387+00:00,83.5,200,ask,,,2271933
2026-07-01T22:02:32.936774,2026-07-01T12:02:34.348926+00:00,83.5,20,ask,,,2271941
2026-07-01T22:02:33.439282,2026-07-01T12:02:34.852802+00:00,83.5,403,ask,,,2271952
2026-07-01T22:02:34.783009,2026-07-01T12:02:36.197956+00:00,83.3,10,bid,,,2271986
2026-07-01T22:02:35.272570,2026-07-01T12:02:36.689506+00:00,83.3,200,bid,,,2271996
2026-07-01T22:02:36.481474,2026-07-01T12:02:37.895671+00:00,83.3,200,bid,,,2272025
2026-07-01T22:02:38.652044,2026-07-01T12:02:40.059582+00:00,83.5,5,bid,,,2272067
2026-07-01T22:02:38.652044,2026-07-01T12:02:40.070146+00:00,83.5,15,bid,,,2272068
2026-07-01T22:02:38.887639,2026-07-01T12:02:40.300045+00:00,83.4,500,ask,,,2272074
2026-07-01T22:02:39.342464,2026-07-01T12:02:40.759759+00:00,83.4,200,ask,,,2272080
2026-07-01T22:02:40.113644,2026-07-01T12:02:41.526943+00:00,83.4,200,bid,,,2272092
2026-07-01T22:02:40.652570,2026-07-01T12:02:42.060840+00:00,83.5,8,bid,,,2272106
2026-07-01T22:02:40.652570,2026-07-01T12:02:42.060840+00:00,83.5,200,bid,,,2272107
2026-07-01T22:02:41.298602,2026-07-01T12:02:42.713185+00:00,83.5,417,ask,,,2272117
2026-07-01T22:02:41.970014,2026-07-01T12:02:43.381390+00:00,83.4,200,ask,,,2272133
2026-07-01T22:02:42.525989,2026-07-01T12:02:43.937944+00:00,83.3,200,bid,,,2272143
2026-07-01T22:02:43.294902,2026-07-01T12:02:44.711332+00:00,83.3,25,bid,,,2272159
2026-07-01T22:02:43.299912,2026-07-01T12:02:44.711332+00:00,83.2,2,ask,,,2272160
2026-07-01T22:02:43.740573,2026-07-01T12:02:45.147589+00:00,83.3,200,bid,,,2272172
2026-07-01T22:02:44.959917,2026-07-01T12:02:46.404018+00:00,83.5,200,bid,,,2272197
2026-07-01T22:02:44.969009,2026-07-01T12:02:46.415018+00:00,83.3,10,ask,,,2272198
2026-07-01T22:02:45.929942,2026-07-01T12:02:47.342412+00:00,83.5,98,ask,,,2272222
2026-07-01T22:02:46.181038,2026-07-01T12:02:47.593490+00:00,83.5,200,ask,,,2272228
2026-07-01T22:02:47.003110,2026-07-01T12:02:48.419090+00:00,83.5,10,ask,,,2272241
2026-07-01T22:02:47.390819,2026-07-01T12:02:48.800676+00:00,83.3,38,ask,,,2272253
2026-07-01T22:02:47.394010,2026-07-01T12:02:48.800676+00:00,83.5,200,bid,,,2272254
2026-07-01T22:02:47.519851,2026-07-01T12:02:48.931820+00:00,83.3,10,ask,,,2272259
2026-07-01T22:02:48.309973,2026-07-01T12:02:49.726399+00:00,83.3,2,ask,,,2272276
2026-07-01T22:02:49.815747,2026-07-01T12:02:51.227185+00:00,83.6,3,bid,,,2272313
2026-07-01T22:02:49.815747,2026-07-01T12:02:51.227185+00:00,83.6,197,bid,,,2272314
2026-07-01T22:02:51.000635,2026-07-01T12:02:52.416818+00:00,83.5,500,ask,,,2272335
2026-07-01T22:02:51.168981,2026-07-01T12:02:52.581513+00:00,83.4,200,ask,,,2272339
2026-07-01T22:02:53.321342,2026-07-01T12:02:54.731307+00:00,83.4,2,ask,,,2272374
2026-07-01T22:02:53.601371,2026-07-01T12:02:55.013726+00:00,83.4,35,ask,,,2272382
2026-07-01T22:02:53.693176,2026-07-01T12:02:55.112742+00:00,83.4,35,ask,,,2272389
2026-07-01T22:02:53.788616,2026-07-01T12:02:55.200744+00:00,83.4,18,ask,,,2272393
2026-07-01T22:02:54.454648,2026-07-01T12:02:55.871100+00:00,83.4,20,ask,,,2272418
2026-07-01T22:02:55.112774,2026-07-01T12:02:56.524519+00:00,83.6,3,bid,,,2272420
2026-07-01T22:02:55.112774,2026-07-01T12:02:56.524519+00:00,83.6,500,bid,,,2272421
2026-07-01T22:02:55.112774,2026-07-01T12:02:56.524519+00:00,83.6,122,bid,,,2272422
2026-07-01T22:02:55.601392,2026-07-01T12:02:57.016085+00:00,83.4,10,ask,,,2272432
2026-07-01T22:02:56.464654,2026-07-01T12:02:57.878102+00:00,83.4,200,ask,,,2272450
2026-07-01T22:02:56.618898,2026-07-01T12:02:58.031161+00:00,83.2,2,ask,,,2272454
2026-07-01T22:02:56.618898,2026-07-01T12:02:58.031161+00:00,83.2,8,ask,,,2272455
2026-07-01T22:02:56.925921,2026-07-01T12:02:58.336036+00:00,83.3,4,ask,,,2272460
2026-07-01T22:02:57.096668,2026-07-01T12:02:58.510718+00:00,83.3,35,ask,,,2272465
2026-07-01T22:02:57.188975,2026-07-01T12:02:58.598732+00:00,83.3,35,ask,,,2272467
2026-07-01T22:02:57.280100,2026-07-01T12:02:58.696419+00:00,83.3,16,ask,,,2272473
2026-07-01T22:02:58.265476,2026-07-01T12:02:59.679638+00:00,83.3,20,ask,,,2272482
2026-07-01T22:02:58.332044,2026-07-01T12:02:59.744027+00:00,83.3,25,ask,,,2272486
2026-07-01T22:02:58.343207,2026-07-01T12:02:59.755027+00:00,83.3,2,ask,,,2272488
2026-07-01T22:03:00.707721,2026-07-01T12:03:02.115235+00:00,83.3,2,ask,,,2272532
2026-07-01T22:03:00.707721,2026-07-01T12:03:02.115235+00:00,83.3,198,ask,,,2272533
2026-07-01T22:03:02.472816,2026-07-01T12:03:03.885631+00:00,83.2,20,ask,,,2272561
2026-07-01T22:03:03.036160,2026-07-01T12:03:04.450526+00:00,83.2,1,ask,,,2272569
2026-07-01T22:03:03.095488,2026-07-01T12:03:04.504087+00:00,83.2,500,bid,,,2272570
2026-07-01T22:03:03.351205,2026-07-01T12:03:04.763457+00:00,83.1,25,ask,,,2272579
2026-07-01T22:03:03.361399,2026-07-01T12:03:04.774446+00:00,83.1,2,ask,,,2272581
2026-07-01T22:03:03.691139,2026-07-01T12:03:05.110580+00:00,83.2,124,bid,,,2272589
2026-07-01T22:03:03.723247,2026-07-01T12:03:05.132581+00:00,83.2,25,ask,,,2272595
2026-07-01T22:03:04.762405,2026-07-01T12:03:06.177400+00:00,83.3,20,ask,,,2272616
2026-07-01T22:03:05.562201,2026-07-01T12:03:06.975344+00:00,83.5,200,bid,,,2272632
2026-07-01T22:03:08.282813,2026-07-01T12:03:09.699873+00:00,83.6,5,bid,,,2272693
2026-07-01T22:03:08.282813,2026-07-01T12:03:09.699873+00:00,83.6,500,bid,,,2272694
2026-07-01T22:03:08.371248,2026-07-01T12:03:09.787401+00:00,83.6,2,ask,,,2272696
2026-07-01T22:03:08.420660,2026-07-01T12:03:09.831401+00:00,83.7,20,bid,,,2272697
2026-07-01T22:03:08.549283,2026-07-01T12:03:09.963325+00:00,83.6,118,ask,,,2272700
2026-07-01T22:03:09.194595,2026-07-01T12:03:10.605862+00:00,83.6,200,bid,,,2272712
2026-07-01T22:03:09.595692,2026-07-01T12:03:11.010906+00:00,83.3,2,ask,,,2272720
2026-07-01T22:03:10.401844,2026-07-01T12:03:11.816975+00:00,83.3,200,bid,,,2272739
2026-07-01T22:03:11.611851,2026-07-01T12:03:13.019840+00:00,83.3,200,bid,,,2272774
2026-07-01T22:03:13.196128,2026-07-01T12:03:14.607186+00:00,83.4,20,ask,,,2272805
2026-07-01T22:03:13.391214,2026-07-01T12:03:14.803952+00:00,83.4,2,ask,,,2272815
2026-07-01T22:03:18.403470,2026-07-01T12:03:19.823004+00:00,83.3,2,ask,,,2272926
2026-07-01T22:03:20.089781,2026-07-01T12:03:21.500215+00:00,83.4,200,bid,,,2272956
2026-07-01T22:03:21.288260,2026-07-01T12:03:22.706372+00:00,83.5,200,ask,,,2272985
2026-07-01T22:03:23.416758,2026-07-01T12:03:24.825668+00:00,83.3,2,ask,,,2273029
2026-07-01T22:03:23.715719,2026-07-01T12:03:25.122426+00:00,83.3,3,ask,,,2273042
2026-07-01T22:03:23.715719,2026-07-01T12:03:25.133425+00:00,83.3,197,ask,,,2273043
2026-07-01T22:03:24.923334,2026-07-01T12:03:26.331237+00:00,83.3,200,bid,,,2273078
2026-07-01T22:03:29.290767,2026-07-01T12:03:30.710890+00:00,83.2,1,ask,,,2273160
2026-07-01T22:03:29.354878,2026-07-01T12:03:30.765890+00:00,83.2,35,bid,,,2273161
2026-07-01T22:03:29.446437,2026-07-01T12:03:30.853137+00:00,83.2,35,bid,,,2273164
2026-07-01T22:03:29.537348,2026-07-01T12:03:30.950901+00:00,83.2,30,bid,,,2273169
2026-07-01T22:03:29.757822,2026-07-01T12:03:31.167617+00:00,83.2,200,bid,,,2273171
2026-07-01T22:03:30.109381,2026-07-01T12:03:31.517441+00:00,83.2,1,bid,,,2273181
2026-07-01T22:03:30.203932,2026-07-01T12:03:31.615993+00:00,83.2,1,bid,,,2273184
2026-07-01T22:03:31.659256,2026-07-01T12:03:33.066135+00:00,83.2,50,bid,,,2273219
2026-07-01T22:03:31.914114,2026-07-01T12:03:33.371235+00:00,83.2,150,bid,,,2273224
2026-07-01T22:03:31.914114,2026-07-01T12:03:33.371235+00:00,83.2,475,bid,,,2273225
2026-07-01T22:03:32.178090,2026-07-01T12:03:33.644123+00:00,83.1,1,ask,,,2273236
2026-07-01T22:03:32.620059,2026-07-01T12:03:34.026788+00:00,83.1,1,bid,,,2273243
2026-07-01T22:03:32.626418,2026-07-01T12:03:34.037506+00:00,83.1,1,bid,,,2273244
2026-07-01T22:03:32.686053,2026-07-01T12:03:34.102052+00:00,83.1,1,bid,,,2273248
2026-07-01T22:03:32.772365,2026-07-01T12:03:34.189540+00:00,83.1,1,bid,,,2273250
2026-07-01T22:03:33.230239,2026-07-01T12:03:34.639215+00:00,83.0,200,ask,,,2273253
2026-07-01T22:03:33.230239,2026-07-01T12:03:34.639215+00:00,83.0,2,ask,,,2273254
2026-07-01T22:03:34.546626,2026-07-01T12:03:35.956458+00:00,83.1,200,bid,,,2273289
2026-07-01T22:03:34.717981,2026-07-01T12:03:36.130594+00:00,83.2,35,bid,,,2273295
2026-07-01T22:03:34.823600,2026-07-01T12:03:36.239654+00:00,83.2,35,bid,,,2273303
2026-07-01T22:03:34.914049,2026-07-01T12:03:36.326899+00:00,83.2,6,bid,,,2273307
2026-07-01T22:03:35.864972,2026-07-01T12:03:37.277102+00:00,83.2,200,ask,,,2273322
2026-07-01T22:03:37.027247,2026-07-01T12:03:38.434683+00:00,83.1,200,bid,,,2273345
2026-07-01T22:03:38.236391,2026-07-01T12:03:39.645322+00:00,83.3,200,bid,,,2273371
2026-07-01T22:03:39.446056,2026-07-01T12:03:40.857710+00:00,83.3,200,bid,,,2273388
2026-07-01T22:03:39.821735,2026-07-01T12:03:41.228001+00:00,83.3,35,ask,,,2273402
2026-07-01T22:03:39.914872,2026-07-01T12:03:41.325478+00:00,83.3,35,ask,,,2273407
2026-07-01T22:03:40.011199,2026-07-01T12:03:41.423833+00:00,83.3,35,ask,,,2273414
2026-07-01T22:03:40.102204,2026-07-01T12:03:41.522866+00:00,83.3,35,ask,,,2273418
2026-07-01T22:03:40.194759,2026-07-01T12:03:41.610177+00:00,83.3,10,ask,,,2273420
2026-07-01T22:03:40.633091,2026-07-01T12:03:42.047269+00:00,83.3,475,ask,,,2273435
2026-07-01T22:03:40.903374,2026-07-01T12:03:42.319177+00:00,83.1,20,ask,,,2273439
2026-07-01T22:03:41.117460,2026-07-01T12:03:42.526100+00:00,83.1,180,ask,,,2273443
2026-07-01T22:03:41.158437,2026-07-01T12:03:42.570002+00:00,83.1,50,bid,,,2273448
2026-07-01T22:03:42.468833,2026-07-01T12:03:43.877840+00:00,83.1,200,bid,,,2273482
2026-07-01T22:03:42.588334,2026-07-01T12:03:43.998624+00:00,83.3,20,bid,,,2273488
2026-07-01T22:03:44.291941,2026-07-01T12:03:45.701758+00:00,83.1,1,ask,,,2273521
2026-07-01T22:03:46.258554,2026-07-01T12:03:47.673483+00:00,83.1,10,bid,,,2273562
2026-07-01T22:03:46.413514,2026-07-01T12:03:47.827317+00:00,83.1,200,bid,,,2273567
2026-07-01T22:03:46.715140,2026-07-01T12:03:48.121595+00:00,83.2,200,bid,,,2273570
2026-07-01T22:03:47.925502,2026-07-01T12:03:49.332501+00:00,83.2,200,ask,,,2273591
2026-07-01T22:03:49.106942,2026-07-01T12:03:50.521012+00:00,83.2,3,bid,,,2273623
2026-07-01T22:03:50.640122,2026-07-01T12:03:52.054456+00:00,83.3,1,bid,,,2273659
2026-07-01T22:03:50.640122,2026-07-01T12:03:52.054456+00:00,83.3,34,bid,,,2273660
2026-07-01T22:03:50.732006,2026-07-01T12:03:52.141413+00:00,83.3,35,bid,,,2273664
2026-07-01T22:03:50.828987,2026-07-01T12:03:52.239460+00:00,83.3,35,bid,,,2273671
2026-07-01T22:03:50.936507,2026-07-01T12:03:52.359465+00:00,83.3,35,bid,,,2273673
2026-07-01T22:03:51.029040,2026-07-01T12:03:52.447068+00:00,83.3,7,bid,,,2273676
2026-07-01T22:03:53.403785,2026-07-01T12:03:54.816219+00:00,83.2,10,bid,,,2273721
2026-07-01T22:03:53.457798,2026-07-01T12:03:54.870990+00:00,83.2,25,bid,,,2273725
2026-07-01T22:03:53.462641,2026-07-01T12:03:54.870990+00:00,83.0,2,ask,,,2273726
2026-07-01T22:03:54.306139,2026-07-01T12:03:55.713566+00:00,83.0,1,ask,,,2273739
2026-07-01T22:03:54.306139,2026-07-01T12:03:55.724567+00:00,82.9,200,ask,,,2273740
2026-07-01T22:03:56.447155,2026-07-01T12:03:57.862192+00:00,82.8,2,ask,,,2273804
2026-07-01T22:03:56.447155,2026-07-01T12:03:57.862192+00:00,82.8,18,ask,,,2273805
2026-07-01T22:03:58.471317,2026-07-01T12:03:59.884386+00:00,82.8,2,ask,,,2273848
2026-07-01T22:03:58.830100,2026-07-01T12:04:00.245685+00:00,83.0,200,bid,,,2273860
2026-07-01T22:04:00.874220,2026-07-01T12:04:02.290353+00:00,82.9,2,ask,,,2273898
2026-07-01T22:04:01.250909,2026-07-01T12:04:02.662247+00:00,82.9,200,bid,,,2273906
2026-07-01T22:04:02.460788,2026-07-01T12:04:03.871840+00:00,82.9,200,ask,,,2273945
2026-07-01T22:04:03.354404,2026-07-01T12:04:04.767984+00:00,82.9,50,ask,,,2273959
2026-07-01T22:04:03.481276,2026-07-01T12:04:04.888985+00:00,82.9,2,ask,,,2273960
2026-07-01T22:04:03.673691,2026-07-01T12:04:05.087836+00:00,82.9,200,bid,,,2273966
2026-07-01T22:04:03.698177,2026-07-01T12:04:05.109351+00:00,82.8,1,ask,,,2273968
2026-07-01T22:04:06.356963,2026-07-01T12:04:07.764877+00:00,82.8,3,ask,,,2274014
2026-07-01T22:04:06.356963,2026-07-01T12:04:07.764877+00:00,82.8,32,ask,,,2274015
2026-07-01T22:04:06.449376,2026-07-01T12:04:07.862157+00:00,82.8,35,ask,,,2274017
2026-07-01T22:04:06.547482,2026-07-01T12:04:07.960536+00:00,82.8,35,ask,,,2274023
2026-07-01T22:04:06.675730,2026-07-01T12:04:08.090577+00:00,82.8,35,ask,,,2274025
2026-07-01T22:04:06.764655,2026-07-01T12:04:08.178390+00:00,82.8,35,ask,,,2274031
2026-07-01T22:04:06.853239,2026-07-01T12:04:08.264467+00:00,82.8,4,ask,,,2274034
2026-07-01T22:04:07.436917,2026-07-01T12:04:08.852838+00:00,82.8,3,ask,,,2274050
2026-07-01T22:04:07.436917,2026-07-01T12:04:08.852838+00:00,82.8,200,ask,,,2274051
2026-07-01T22:04:07.592479,2026-07-01T12:04:09.005385+00:00,82.7,10,ask,,,2274053
2026-07-01T22:04:08.491217,2026-07-01T12:04:09.907986+00:00,82.7,2,ask,,,2274075
2026-07-01T22:04:08.514017,2026-07-01T12:04:09.929987+00:00,82.8,200,bid,,,2274078
2026-07-01T22:04:08.776107,2026-07-01T12:04:10.192234+00:00,82.9,68,ask,,,2274086
2026-07-01T22:04:11.217930,2026-07-01T12:04:12.635120+00:00,83.0,20,bid,,,2274144
2026-07-01T22:04:11.388800,2026-07-01T12:04:12.799338+00:00,82.9,200,ask,,,2274151
2026-07-01T22:04:12.734475,2026-07-01T12:04:14.143685+00:00,82.9,200,bid,,,2274181
2026-07-01T22:04:12.850721,2026-07-01T12:04:14.262941+00:00,83.0,24,ask,,,2274190
2026-07-01T22:04:13.375633,2026-07-01T12:04:14.787259+00:00,83.0,200,ask,,,2274200
2026-07-01T22:04:13.503361,2026-07-01T12:04:14.918294+00:00,83.0,25,ask,,,2274202
2026-07-01T22:04:13.523353,2026-07-01T12:04:14.940293+00:00,83.0,2,ask,,,2274205
2026-07-01T22:04:18.212728,2026-07-01T12:04:19.629998+00:00,83.0,200,ask,,,2274315
2026-07-01T22:04:18.531318,2026-07-01T12:04:19.948355+00:00,83.0,2,ask,,,2274318
2026-07-01T22:04:19.293041,2026-07-01T12:04:20.747281+00:00,82.9,200,ask,,,2274337
2026-07-01T22:04:20.203793,2026-07-01T12:04:21.615425+00:00,82.8,1,ask,,,2274374
2026-07-01T22:04:20.203793,2026-07-01T12:04:21.615425+00:00,82.8,19,ask,,,2274375
2026-07-01T22:04:21.558114,2026-07-01T12:04:22.972667+00:00,82.8,20,ask,,,2274398
2026-07-01T22:04:23.542969,2026-07-01T12:04:24.957522+00:00,82.8,1,ask,,,2274439
2026-07-01T22:04:23.542969,2026-07-01T12:04:24.957522+00:00,82.8,1,ask,,,2274440
2026-07-01T22:04:24.261087,2026-07-01T12:04:25.677834+00:00,82.8,200,ask,,,2274465
2026-07-01T22:04:25.469701,2026-07-01T12:04:26.876374+00:00,82.8,8,ask,,,2274490
2026-07-01T22:04:26.679710,2026-07-01T12:04:28.090559+00:00,82.7,7,ask,,,2274513
2026-07-01T22:04:26.679710,2026-07-01T12:04:28.090559+00:00,82.7,193,ask,,,2274514
2026-07-01T22:04:28.485772,2026-07-01T12:04:29.905907+00:00,82.7,200,ask,,,2274558
2026-07-01T22:04:28.485772,2026-07-01T12:04:29.905907+00:00,82.7,425,ask,,,2274559
2026-07-01T22:04:28.552064,2026-07-01T12:04:29.972008+00:00,82.7,14,ask,,,2274561
2026-07-01T22:04:28.572208,2026-07-01T12:04:29.993525+00:00,82.7,2,ask,,,2274564
2026-07-01T22:04:28.827045,2026-07-01T12:04:30.234347+00:00,82.7,10,ask,,,2274573
2026-07-01T22:04:29.794017,2026-07-01T12:04:31.209642+00:00,82.8,200,bid,,,2274582
2026-07-01T22:04:31.556635,2026-07-01T12:04:32.968155+00:00,82.8,200,bid,,,2274603
2026-07-01T22:04:33.581303,2026-07-01T12:04:34.997207+00:00,82.9,2,ask,,,2274626
2026-07-01T22:04:35.200197,2026-07-01T12:04:36.610305+00:00,82.9,200,ask,,,2274663
2026-07-01T22:04:38.591301,2026-07-01T12:04:40.007948+00:00,82.8,2,ask,,,2274716
2026-07-01T22:04:41.249669,2026-07-01T12:04:42.665456+00:00,82.8,1,ask,,,2274776
2026-07-01T22:04:41.249669,2026-07-01T12:04:42.665456+00:00,82.8,199,ask,,,2274777
2026-07-01T22:04:41.350913,2026-07-01T12:04:42.763890+00:00,82.9,35,bid,,,2274784
2026-07-01T22:04:41.440889,2026-07-01T12:04:42.851926+00:00,82.9,15,bid,,,2274787
2026-07-01T22:04:42.935907,2026-07-01T12:04:44.349550+00:00,82.9,200,bid,,,2274803
2026-07-01T22:04:43.601994,2026-07-01T12:04:45.015069+00:00,83.0,2,ask,,,2274819
2026-07-01T22:04:43.668396,2026-07-01T12:04:45.081486+00:00,83.0,200,ask,,,2274822
2026-07-01T22:04:44.256516,2026-07-01T12:04:45.716372+00:00,82.8,4,ask,,,2274836
2026-07-01T22:04:44.256516,2026-07-01T12:04:45.726730+00:00,82.8,200,ask,,,2274837
2026-07-01T22:04:44.256516,2026-07-01T12:04:45.726730+00:00,82.8,421,ask,,,2274838
2026-07-01T22:04:45.571727,2026-07-01T12:04:46.982786+00:00,82.9,200,bid,,,2274870
2026-07-01T22:04:46.094143,2026-07-01T12:04:47.507948+00:00,83.0,200,ask,,,2274885
2026-07-01T22:04:46.210560,2026-07-01T12:04:47.628159+00:00,83.0,2,ask,,,2274888
2026-07-01T22:04:46.897724,2026-07-01T12:04:48.315497+00:00,82.9,500,ask,,,2274906
2026-07-01T22:04:46.897724,2026-07-01T12:04:48.315497+00:00,82.8,8,ask,,,2274907
2026-07-01T22:04:46.897724,2026-07-01T12:04:48.315497+00:00,82.8,117,ask,,,2274908
2026-07-01T22:04:48.478619,2026-07-01T12:04:49.894637+00:00,83.0,20,ask,,,2274941
2026-07-01T22:04:48.611257,2026-07-01T12:04:50.025781+00:00,83.0,1,ask,,,2274944
2026-07-01T22:04:49.518933,2026-07-01T12:04:50.933267+00:00,83.1,1,bid,,,2274966
2026-07-01T22:04:49.518933,2026-07-01T12:04:50.933267+00:00,83.1,200,bid,,,2274967
2026-07-01T22:04:49.588413,2026-07-01T12:04:50.999387+00:00,83.2,35,ask,,,2274969
2026-07-01T22:04:49.678450,2026-07-01T12:04:51.086140+00:00,83.2,13,ask,,,2274974
2026-07-01T22:04:49.719359,2026-07-01T12:04:51.129580+00:00,83.2,200,ask,,,2274977
2026-07-01T22:04:50.886321,2026-07-01T12:04:52.298558+00:00,83.1,35,bid,,,2275006
2026-07-01T22:04:50.927695,2026-07-01T12:04:52.342007+00:00,83.1,200,bid,,,2275011
2026-07-01T22:04:50.977773,2026-07-01T12:04:52.386019+00:00,83.1,35,bid,,,2275012
2026-07-01T22:04:51.067422,2026-07-01T12:04:52.485044+00:00,83.1,35,bid,,,2275014
2026-07-01T22:04:51.174286,2026-07-01T12:04:52.583793+00:00,83.1,35,bid,,,2275019
2026-07-01T22:04:51.267126,2026-07-01T12:04:52.682885+00:00,83.1,10,bid,,,2275022
2026-07-01T22:04:52.135549,2026-07-01T12:04:53.545527+00:00,83.1,200,bid,,,2275043
2026-07-01T22:04:54.096287,2026-07-01T12:04:55.507527+00:00,83.1,35,ask,,,2275080
2026-07-01T22:04:54.186684,2026-07-01T12:04:55.594897+00:00,83.1,35,ask,,,2275082
2026-07-01T22:04:54.280398,2026-07-01T12:04:55.693138+00:00,83.1,35,ask,,,2275087
2026-07-01T22:04:54.376684,2026-07-01T12:04:55.791825+00:00,83.1,35,ask,,,2275094
2026-07-01T22:04:54.472795,2026-07-01T12:04:55.879786+00:00,83.1,10,ask,,,2275096
2026-07-01T22:04:54.562708,2026-07-01T12:04:55.989507+00:00,83.1,200,ask,,,2275097
2026-07-01T22:04:56.087260,2026-07-01T12:04:57.494269+00:00,83.1,500,ask,,,2275127
2026-07-01T22:04:56.087260,2026-07-01T12:04:57.505269+00:00,83.1,125,ask,,,2275128
2026-07-01T22:04:56.977634,2026-07-01T12:04:58.390169+00:00,83.2,1,bid,,,2275141
2026-07-01T22:04:57.397954,2026-07-01T12:04:58.804911+00:00,83.3,4,bid,,,2275155
2026-07-01T22:04:58.190455,2026-07-01T12:04:59.603654+00:00,83.3,200,ask,,,2275174
2026-07-01T22:04:59.399818,2026-07-01T12:05:00.816383+00:00,83.3,200,bid,,,2275202
2026-07-01T22:05:00.284147,2026-07-01T12:05:01.691864+00:00,83.3,10,bid,,,2275220
2026-07-01T22:05:05.284950,2026-07-01T12:05:06.696816+00:00,83.2,200,ask,,,2275345
2026-07-01T22:05:05.462843,2026-07-01T12:05:06.871365+00:00,83.2,200,bid,,,2275355
2026-07-01T22:05:06.009874,2026-07-01T12:05:07.427980+00:00,83.0,8,ask,,,2275358
2026-07-01T22:05:06.009874,2026-07-01T12:05:07.427980+00:00,83.0,12,ask,,,2275359
2026-07-01T22:05:09.244846,2026-07-01T12:05:10.658093+00:00,83.3,1,bid,,,2275435
2026-07-01T22:05:10.313040,2026-07-01T12:05:11.731379+00:00,83.3,200,ask,,,2275467
2026-07-01T22:05:11.522973,2026-07-01T12:05:12.933115+00:00,83.4,200,ask,,,2275489
2026-07-01T22:05:11.879344,2026-07-01T12:05:13.295678+00:00,83.2,200,ask,,,2275505
2026-07-01T22:05:12.728315,2026-07-01T12:05:14.140118+00:00,83.2,200,bid,,,2275536
2026-07-01T22:05:14.498112,2026-07-01T12:05:15.909049+00:00,83.3,200,ask,,,2275571
2026-07-01T22:05:22.108498,2026-07-01T12:05:23.522330+00:00,83.3,4,ask,,,2275725
2026-07-01T22:05:24.234662,2026-07-01T12:05:25.646827+00:00,83.4,6,bid,,,2275774
2026-07-01T22:05:24.234662,2026-07-01T12:05:25.646827+00:00,83.4,14,bid,,,2275775
2026-07-01T22:05:25.006689,2026-07-01T12:05:26.419315+00:00,83.4,200,bid,,,2275788
2026-07-01T22:05:25.044729,2026-07-01T12:05:26.452190+00:00,83.4,6,ask,,,2275790
2026-07-01T22:05:26.038360,2026-07-01T12:05:27.450880+00:00,83.4,200,ask,,,2275822
2026-07-01T22:05:27.244758,2026-07-01T12:05:28.659893+00:00,83.3,200,bid,,,2275834
2026-07-01T22:05:27.594151,2026-07-01T12:05:29.007224+00:00,83.2,10,ask,,,2275845
2026-07-01T22:05:27.631236,2026-07-01T12:05:29.039740+00:00,83.4,200,bid,,,2275848
2026-07-01T22:05:29.663043,2026-07-01T12:05:31.083162+00:00,83.3,200,ask,,,2275891
2026-07-01T22:05:29.772237,2026-07-01T12:05:31.181840+00:00,83.3,6,ask,,,2275892
2026-07-01T22:05:31.561787,2026-07-01T12:05:33.039624+00:00,83.2,8,ask,,,2275926
2026-07-01T22:05:32.078701,2026-07-01T12:05:33.485746+00:00,83.1,7,ask,,,2275934
2026-07-01T22:05:32.078701,2026-07-01T12:05:33.501932+00:00,83.1,193,ask,,,2275935
2026-07-01T22:05:32.808608,2026-07-01T12:05:34.220262+00:00,83.2,20,bid,,,2275957
2026-07-01T22:05:32.872279,2026-07-01T12:05:34.286032+00:00,83.1,6,ask,,,2275958
2026-07-01T22:05:32.872279,2026-07-01T12:05:34.286032+00:00,83.1,500,ask,,,2275959
2026-07-01T22:05:33.214694,2026-07-01T12:05:34.623899+00:00,83.1,119,bid,,,2275967
2026-07-01T22:05:33.288024,2026-07-01T12:05:34.700899+00:00,83.2,200,ask,,,2275971
2026-07-01T22:05:35.352354,2026-07-01T12:05:36.765421+00:00,83.2,10,ask,,,2276019
2026-07-01T22:05:35.868774,2026-07-01T12:05:37.282523+00:00,83.2,10,ask,,,2276033
2026-07-01T22:05:36.802643,2026-07-01T12:05:38.220070+00:00,83.2,200,ask,,,2276052
2026-07-01T22:05:36.802643,2026-07-01T12:05:38.220070+00:00,83.2,425,ask,,,2276053
2026-07-01T22:05:37.470172,2026-07-01T12:05:38.880549+00:00,83.2,200,bid,,,2276064
2026-07-01T22:05:38.128334,2026-07-01T12:05:39.545433+00:00,83.4,200,ask,,,2276082
2026-07-01T22:05:39.346921,2026-07-01T12:05:40.761224+00:00,83.4,200,ask,,,2276111
2026-07-01T22:05:39.423668,2026-07-01T12:05:40.837909+00:00,83.2,500,ask,,,2276114
2026-07-01T22:05:39.423668,2026-07-01T12:05:40.837909+00:00,83.2,125,ask,,,2276115
2026-07-01T22:05:40.445973,2026-07-01T12:05:41.862446+00:00,83.2,10,ask,,,2276139
2026-07-01T22:05:40.733250,2026-07-01T12:05:42.145463+00:00,83.4,200,bid,,,2276145
2026-07-01T22:05:43.931032,2026-07-01T12:05:45.341838+00:00,83.4,20,ask,,,2276211
2026-07-01T22:05:45.034048,2026-07-01T12:05:46.449355+00:00,83.4,10,ask,,,2276236
2026-07-01T22:05:45.391680,2026-07-01T12:05:46.806993+00:00,83.5,2,bid,,,2276239
2026-07-01T22:05:45.391680,2026-07-01T12:05:46.806993+00:00,83.5,198,bid,,,2276240
2026-07-01T22:05:45.977561,2026-07-01T12:05:47.386486+00:00,83.5,20,bid,,,2276248
2026-07-01T22:05:46.602809,2026-07-01T12:05:48.019968+00:00,83.5,200,bid,,,2276270
2026-07-01T22:05:47.814930,2026-07-01T12:05:49.230576+00:00,83.4,200,ask,,,2276297
2026-07-01T22:05:48.663350,2026-07-01T12:05:50.070747+00:00,83.4,10,bid,,,2276319
2026-07-01T22:05:49.311047,2026-07-01T12:05:50.727983+00:00,83.4,7,bid,,,2276328
2026-07-01T22:05:49.430037,2026-07-01T12:05:50.837414+00:00,83.4,20,bid,,,2276333
2026-07-01T22:05:50.236435,2026-07-01T12:05:51.644209+00:00,83.2,3,ask,,,2276349
2026-07-01T22:05:50.236435,2026-07-01T12:05:51.655116+00:00,83.2,197,ask,,,2276350
2026-07-01T22:05:50.796879,2026-07-01T12:05:52.213203+00:00,83.3,20,ask,,,2276363
2026-07-01T22:05:50.864531,2026-07-01T12:05:52.278250+00:00,83.3,7,ask,,,2276367
2026-07-01T22:05:51.235014,2026-07-01T12:05:52.650212+00:00,83.4,5,bid,,,2276382
2026-07-01T22:05:52.673844,2026-07-01T12:05:54.085363+00:00,83.2,6,ask,,,2276413
2026-07-01T22:05:52.673844,2026-07-01T12:05:54.085363+00:00,83.2,194,ask,,,2276414
2026-07-01T22:05:53.885498,2026-07-01T12:05:55.297792+00:00,83.2,8,ask,,,2276429
2026-07-01T22:05:53.885498,2026-07-01T12:05:55.297792+00:00,83.2,192,ask,,,2276430
2026-07-01T22:05:55.173818,2026-07-01T12:05:56.588760+00:00,83.3,200,bid,,,2276473
2026-07-01T22:05:57.171566,2026-07-01T12:05:58.584167+00:00,83.4,20,ask,,,2276516
2026-07-01T22:05:57.378427,2026-07-01T12:05:58.791452+00:00,83.4,10,ask,,,2276517
2026-07-01T22:05:57.510283,2026-07-01T12:05:58.922857+00:00,83.5,2,bid,,,2276524
2026-07-01T22:05:59.423683,2026-07-01T12:06:00.837635+00:00,83.7,20,ask,,,2276567
2026-07-01T22:06:00.957305,2026-07-01T12:06:02.368850+00:00,83.8,5,bid,,,2276615
2026-07-01T22:06:02.354122,2026-07-01T12:06:03.766821+00:00,83.9,200,bid,,,2276645
2026-07-01T22:06:03.509177,2026-07-01T12:06:04.926132+00:00,83.8,500,ask,,,2276679
2026-07-01T22:06:03.564852,2026-07-01T12:06:04.980649+00:00,83.9,8,bid,,,2276680
2026-07-01T22:06:04.129514,2026-07-01T12:06:05.539166+00:00,83.9,192,ask,,,2276688
2026-07-01T22:06:04.418095,2026-07-01T12:06:05.832407+00:00,83.8,35,bid,,,2276694
2026-07-01T22:06:04.508157,2026-07-01T12:06:05.921060+00:00,83.8,35,bid,,,2276698
2026-07-01T22:06:04.599139,2026-07-01T12:06:06.008306+00:00,83.8,35,bid,,,2276701
2026-07-01T22:06:04.691979,2026-07-01T12:06:06.106653+00:00,83.8,35,bid,,,2276704
2026-07-01T22:06:04.773832,2026-07-01T12:06:06.182815+00:00,83.8,200,bid,,,2276709
2026-07-01T22:06:04.782929,2026-07-01T12:06:06.193812+00:00,83.8,10,bid,,,2276710
2026-07-01T22:06:05.688865,2026-07-01T12:06:07.102976+00:00,83.7,4,bid,,,2276733
2026-07-01T22:06:05.980966,2026-07-01T12:06:07.397065+00:00,83.8,200,bid,,,2276735
2026-07-01T22:06:06.882939,2026-07-01T12:06:08.293474+00:00,83.7,35,ask,,,2276761
2026-07-01T22:06:06.984552,2026-07-01T12:06:08.402659+00:00,83.7,35,ask,,,2276767
2026-07-01T22:06:07.191237,2026-07-01T12:06:08.600450+00:00,83.7,200,bid,,,2276775
2026-07-01T22:06:09.123520,2026-07-01T12:06:10.535914+00:00,83.7,10,bid,,,2276811
2026-07-01T22:06:09.881410,2026-07-01T12:06:11.300399+00:00,83.7,80,ask,,,2276831
2026-07-01T22:06:10.819658,2026-07-01T12:06:12.226042+00:00,83.8,3,bid,,,2276852
2026-07-01T22:06:10.819658,2026-07-01T12:06:12.237041+00:00,83.8,197,bid,,,2276853
2026-07-01T22:06:11.663486,2026-07-01T12:06:13.074417+00:00,83.9,10,bid,,,2276877
2026-07-01T22:06:13.560435,2026-07-01T12:06:14.974309+00:00,83.9,500,bid,,,2276927
2026-07-01T22:06:13.768988,2026-07-01T12:06:15.183504+00:00,83.9,20,ask,,,2276929
2026-07-01T22:06:13.800090,2026-07-01T12:06:15.216421+00:00,83.9,105,ask,,,2276930
2026-07-01T22:06:15.661649,2026-07-01T12:06:17.072508+00:00,83.9,1,bid,,,2276970
2026-07-01T22:06:15.661649,2026-07-01T12:06:17.072508+00:00,83.9,199,bid,,,2276971
2026-07-01T22:06:16.177750,2026-07-01T12:06:17.584695+00:00,83.8,1,bid,,,2276973
2026-07-01T22:06:16.872171,2026-07-01T12:06:18.284790+00:00,83.9,1,bid,,,2276991
2026-07-01T22:06:16.872171,2026-07-01T12:06:18.295789+00:00,83.9,199,bid,,,2276992
2026-07-01T22:06:17.491836,2026-07-01T12:06:18.901755+00:00,83.9,500,bid,,,2276999
2026-07-01T22:06:17.491836,2026-07-01T12:06:18.901755+00:00,84.0,125,bid,,,2277000
2026-07-01T22:06:18.083875,2026-07-01T12:06:19.490636+00:00,83.8,4,bid,,,2277009
2026-07-01T22:06:18.083875,2026-07-01T12:06:19.501637+00:00,83.9,196,bid,,,2277010
2026-07-01T22:06:21.722324,2026-07-01T12:06:23.130882+00:00,83.9,3,bid,,,2277093
2026-07-01T22:06:24.140392,2026-07-01T12:06:25.557360+00:00,84.0,1,bid,,,2277140
2026-07-01T22:06:24.140392,2026-07-01T12:06:25.557360+00:00,84.0,199,bid,,,2277141
2026-07-01T22:06:25.431415,2026-07-01T12:06:26.841816+00:00,83.9,20,ask,,,2277159
2026-07-01T22:06:26.512764,2026-07-01T12:06:27.924153+00:00,83.9,180,ask,,,2277189
2026-07-01T22:06:26.512764,2026-07-01T12:06:27.924153+00:00,83.9,320,ask,,,2277190
2026-07-01T22:06:26.674531,2026-07-01T12:06:28.088159+00:00,83.9,200,ask,,,2277198
2026-07-01T22:06:34.388531,2026-07-01T12:06:35.797844+00:00,83.7,500,bid,,,2277362
2026-07-01T22:06:34.547674,2026-07-01T12:06:35.961185+00:00,83.7,200,bid,,,2277366
2026-07-01T22:06:35.049426,2026-07-01T12:06:36.464000+00:00,83.8,200,ask,,,2277383
2026-07-01T22:06:35.862059,2026-07-01T12:06:37.270798+00:00,83.7,500,ask,,,2277398
2026-07-01T22:06:36.188223,2026-07-01T12:06:37.596150+00:00,83.7,125,bid,,,2277414
2026-07-01T22:06:37.467828,2026-07-01T12:06:38.876793+00:00,83.8,200,ask,,,2277451
2026-07-01T22:06:39.889349,2026-07-01T12:06:41.300445+00:00,83.9,200,ask,,,2277494
2026-07-01T22:06:41.098867,2026-07-01T12:06:42.508503+00:00,83.9,200,ask,,,2277529
2026-07-01T22:06:41.139079,2026-07-01T12:06:42.552588+00:00,83.8,500,ask,,,2277530
2026-07-01T22:06:41.139079,2026-07-01T12:06:42.552588+00:00,83.7,125,ask,,,2277531
2026-07-01T22:06:41.711535,2026-07-01T12:06:43.128761+00:00,83.8,20,ask,,,2277541
2026-07-01T22:06:42.784050,2026-07-01T12:06:44.196629+00:00,83.9,20,bid,,,2277566
2026-07-01T22:06:43.756729,2026-07-01T12:06:45.169727+00:00,83.9,200,bid,,,2277603
2026-07-01T22:06:45.075922,2026-07-01T12:06:46.490336+00:00,83.9,200,ask,,,2277628
2026-07-01T22:06:45.933845,2026-07-01T12:06:47.351272+00:00,83.9,200,bid,,,2277640
2026-07-01T22:06:47.143961,2026-07-01T12:06:48.562200+00:00,83.9,200,ask,,,2277672
2026-07-01T22:06:48.142693,2026-07-01T12:06:49.558230+00:00,83.9,10,ask,,,2277693
2026-07-01T22:06:49.507338,2026-07-01T12:06:50.932238+00:00,84.0,1,bid,,,2277716
2026-07-01T22:06:49.507338,2026-07-01T12:06:50.932238+00:00,84.0,200,bid,,,2277717
2026-07-01T22:06:49.507338,2026-07-01T12:06:50.932238+00:00,84.0,299,bid,,,2277718
2026-07-01T22:06:49.809285,2026-07-01T12:06:51.226754+00:00,84.0,20,bid,,,2277728
2026-07-01T22:06:50.103198,2026-07-01T12:06:51.521273+00:00,84.0,306,bid,,,2277739
2026-07-01T22:06:50.174351,2026-07-01T12:06:51.586685+00:00,84.0,10,ask,,,2277741
2026-07-01T22:06:50.349281,2026-07-01T12:06:51.760171+00:00,84.1,200,bid,,,2277746
2026-07-01T22:06:50.766521,2026-07-01T12:06:52.173913+00:00,84.1,200,ask,,,2277757
2026-07-01T22:06:53.183626,2026-07-01T12:06:54.591800+00:00,84.2,8,bid,,,2277802
2026-07-01T22:06:54.747772,2026-07-01T12:06:56.164745+00:00,84.2,10,ask,,,2277843
2026-07-01T22:06:55.612138,2026-07-01T12:06:57.035465+00:00,84.3,2,bid,,,2277854
2026-07-01T22:06:58.032193,2026-07-01T12:06:59.447034+00:00,84.4,1,bid,,,2277916
2026-07-01T22:06:59.771760,2026-07-01T12:07:01.188067+00:00,84.5,20,bid,,,2277959
2026-07-01T22:07:00.359413,2026-07-01T12:07:01.777806+00:00,84.5,10,bid,,,2277967
2026-07-01T22:07:00.474148,2026-07-01T12:07:01.887755+00:00,84.5,200,bid,,,2277970
2026-07-01T22:07:00.865674,2026-07-01T12:07:02.281348+00:00,84.5,500,bid,,,2277985
2026-07-01T22:07:01.011416,2026-07-01T12:07:02.423394+00:00,84.5,125,ask,,,2277991
2026-07-01T22:07:02.373682,2026-07-01T12:07:03.788803+00:00,84.2,20,ask,,,2278022
2026-07-01T22:07:03.489113,2026-07-01T12:07:04.907559+00:00,84.2,200,ask,,,2278034
2026-07-01T22:07:04.975410,2026-07-01T12:07:06.393102+00:00,84.1,10,ask,,,2278072
2026-07-01T22:07:05.335227,2026-07-01T12:07:06.753597+00:00,84.1,200,ask,,,2278076
2026-07-01T22:07:06.542910,2026-07-01T12:07:07.953073+00:00,84.0,200,bid,,,2278102
2026-07-01T22:07:07.001570,2026-07-01T12:07:08.421021+00:00,84.0,10,bid,,,2278114
2026-07-01T22:07:08.964131,2026-07-01T12:07:10.373312+00:00,84.0,8,ask,,,2278157
2026-07-01T22:07:08.964131,2026-07-01T12:07:10.373312+00:00,84.0,192,ask,,,2278158
2026-07-01T22:07:10.101133,2026-07-01T12:07:11.510734+00:00,84.0,7,ask,,,2278174
2026-07-01T22:07:10.101133,2026-07-01T12:07:11.510734+00:00,84.0,500,ask,,,2278175
2026-07-01T22:07:10.172967,2026-07-01T12:07:11.587696+00:00,84.0,118,bid,,,2278178
2026-07-01T22:07:11.110243,2026-07-01T12:07:12.520076+00:00,84.1,10,ask,,,2278205
2026-07-01T22:07:11.409098,2026-07-01T12:07:12.826552+00:00,84.1,200,bid,,,2278213
2026-07-01T22:07:12.129294,2026-07-01T12:07:13.537822+00:00,84.2,10,ask,,,2278229
2026-07-01T22:07:12.609445,2026-07-01T12:07:14.025796+00:00,84.2,200,ask,,,2278246
2026-07-01T22:07:13.649161,2026-07-01T12:07:15.061184+00:00,84.1,10,bid,,,2278264
2026-07-01T22:07:14.038674,2026-07-01T12:07:15.453590+00:00,84.0,6,ask,,,2278277
2026-07-01T22:07:14.038674,2026-07-01T12:07:15.453590+00:00,84.0,500,ask,,,2278278
2026-07-01T22:07:14.938331,2026-07-01T12:07:16.345299+00:00,84.0,119,bid,,,2278292
2026-07-01T22:07:16.663507,2026-07-01T12:07:18.070723+00:00,84.1,200,bid,,,2278333
2026-07-01T22:07:17.457473,2026-07-01T12:07:18.868337+00:00,84.1,200,ask,,,2278347
2026-07-01T22:07:18.665522,2026-07-01T12:07:20.083989+00:00,84.0,200,ask,,,2278381
2026-07-01T22:07:19.113040,2026-07-01T12:07:20.522032+00:00,84.2,20,bid,,,2278396
2026-07-01T22:07:19.257698,2026-07-01T12:07:20.676056+00:00,84.2,10,bid,,,2278398
2026-07-01T22:07:19.875501,2026-07-01T12:07:21.298057+00:00,83.9,7,ask,,,2278413
2026-07-01T22:07:19.875501,2026-07-01T12:07:21.298057+00:00,83.9,193,ask,,,2278414
2026-07-01T22:07:20.636574,2026-07-01T12:07:22.053706+00:00,83.9,8,ask,,,2278423
2026-07-01T22:07:21.944872,2026-07-01T12:07:23.352391+00:00,83.9,200,bid,,,2278463
2026-07-01T22:07:23.507238,2026-07-01T12:07:24.916381+00:00,84.1,200,bid,,,2278496
2026-07-01T22:07:25.004377,2026-07-01T12:07:26.412373+00:00,84.1,20,bid,,,2278547
2026-07-01T22:07:25.926134,2026-07-01T12:07:27.344294+00:00,84.0,200,ask,,,2278580
2026-07-01T22:07:25.942588,2026-07-01T12:07:27.366222+00:00,84.2,6,bid,,,2278582
2026-07-01T22:07:25.942588,2026-07-01T12:07:27.366222+00:00,84.2,4,bid,,,2278583
2026-07-01T22:07:27.135610,2026-07-01T12:07:28.544542+00:00,84.0,200,ask,,,2278617
2026-07-01T22:07:28.077843,2026-07-01T12:07:29.495582+00:00,84.0,20,ask,,,2278638
2026-07-01T22:07:28.500089,2026-07-01T12:07:29.912032+00:00,84.1,500,bid,,,2278646
2026-07-01T22:07:28.876644,2026-07-01T12:07:30.284882+00:00,84.1,125,ask,,,2278660
2026-07-01T22:07:29.549446,2026-07-01T12:07:30.962416+00:00,84.1,200,bid,,,2278674
2026-07-01T22:07:30.757632,2026-07-01T12:07:32.167114+00:00,84.1,200,bid,,,2278699
2026-07-01T22:07:30.774897,2026-07-01T12:07:32.189112+00:00,83.9,20,ask,,,2278700
2026-07-01T22:07:31.966931,2026-07-01T12:07:33.374362+00:00,84.0,200,bid,,,2278719
2026-07-01T22:07:32.046185,2026-07-01T12:07:33.460607+00:00,84.0,10,bid,,,2278720
2026-07-01T22:07:32.304497,2026-07-01T12:07:33.711723+00:00,84.0,50,bid,,,2278729
2026-07-01T22:07:33.737535,2026-07-01T12:07:35.146597+00:00,84.0,200,bid,,,2278758
2026-07-01T22:07:34.855999,2026-07-01T12:07:36.271510+00:00,84.1,20,bid,,,2278781
2026-07-01T22:07:35.605338,2026-07-01T12:07:37.015156+00:00,83.9,200,ask,,,2278798
2026-07-01T22:07:35.975667,2026-07-01T12:07:37.385902+00:00,83.9,20,ask,,,2278809
2026-07-01T22:07:36.597783,2026-07-01T12:07:38.007741+00:00,83.9,10,bid,,,2278837
2026-07-01T22:07:36.847220,2026-07-01T12:07:38.259881+00:00,83.9,200,bid,,,2278848
2026-07-01T22:07:37.105593,2026-07-01T12:07:38.522860+00:00,83.9,10,bid,,,2278854
2026-07-01T22:07:38.318146,2026-07-01T12:07:39.730951+00:00,83.8,2,ask,,,2278891
2026-07-01T22:07:40.289091,2026-07-01T12:07:41.698709+00:00,83.9,200,bid,,,2278951
2026-07-01T22:07:41.626741,2026-07-01T12:07:43.043487+00:00,83.9,200,ask,,,2278982
2026-07-01T22:07:41.646437,2026-07-01T12:07:43.054488+00:00,83.9,65,bid,,,2278984
2026-07-01T22:07:41.708545,2026-07-01T12:07:43.119555+00:00,83.9,34,bid,,,2278985
2026-07-01T22:07:42.887182,2026-07-01T12:07:44.301753+00:00,83.9,200,bid,,,2279021
2026-07-01T22:07:45.003005,2026-07-01T12:07:46.414043+00:00,84.1,47,bid,,,2279068
2026-07-01T22:07:46.431623,2026-07-01T12:07:47.847172+00:00,84.0,500,ask,,,2279099
2026-07-01T22:07:46.515917,2026-07-01T12:07:47.933972+00:00,84.0,125,ask,,,2279107
2026-07-01T22:07:46.886015,2026-07-01T12:07:48.294006+00:00,83.9,200,ask,,,2279115
2026-07-01T22:07:46.886015,2026-07-01T12:07:48.305006+00:00,83.8,4,ask,,,2279116
2026-07-01T22:07:46.939468,2026-07-01T12:07:48.348878+00:00,83.8,35,bid,,,2279117
2026-07-01T22:07:47.029614,2026-07-01T12:07:48.447333+00:00,83.8,15,bid,,,2279121
2026-07-01T22:07:47.203833,2026-07-01T12:07:48.622062+00:00,83.8,4,bid,,,2279125
2026-07-01T22:07:47.725919,2026-07-01T12:07:49.133850+00:00,83.8,200,bid,,,2279137
2026-07-01T22:07:50.560250,2026-07-01T12:07:51.976529+00:00,83.8,20,ask,,,2279187
2026-07-01T22:07:50.820394,2026-07-01T12:07:52.238372+00:00,83.8,200,ask,,,2279191
2026-07-01T22:07:50.841528,2026-07-01T12:07:52.248904+00:00,83.8,3,bid,,,2279193
2026-07-01T22:07:52.572738,2026-07-01T12:07:53.981790+00:00,83.8,200,bid,,,2279236
2026-07-01T22:07:53.471087,2026-07-01T12:07:54.888785+00:00,83.9,35,ask,,,2279262
2026-07-01T22:07:53.562499,2026-07-01T12:07:54.976342+00:00,83.9,12,ask,,,2279265
2026-07-01T22:07:56.178079,2026-07-01T12:07:57.596113+00:00,84.0,4,bid,,,2279337
2026-07-01T22:07:56.178079,2026-07-01T12:07:57.596113+00:00,84.0,16,bid,,,2279338
2026-07-01T22:07:56.290063,2026-07-01T12:07:57.706314+00:00,83.9,10,ask,,,2279344
2026-07-01T22:07:58.692546,2026-07-01T12:08:00.106992+00:00,84.0,8,bid,,,2279398
2026-07-01T22:07:58.705420,2026-07-01T12:08:00.117993+00:00,84.0,35,ask,,,2279400
2026-07-01T22:07:58.797225,2026-07-01T12:08:00.216136+00:00,84.0,35,ask,,,2279403
2026-07-01T22:07:58.887825,2026-07-01T12:08:00.303109+00:00,84.0,35,ask,,,2279406
2026-07-01T22:07:58.918064,2026-07-01T12:08:00.336109+00:00,84.0,20,ask,,,2279407
2026-07-01T22:07:58.977724,2026-07-01T12:08:00.390544+00:00,84.0,33,ask,,,2279409
2026-07-01T22:07:59.826763,2026-07-01T12:08:01.288108+00:00,84.0,10,ask,,,2279428
2026-07-01T22:08:00.907288,2026-07-01T12:08:02.326709+00:00,84.1,4,bid,,,2279453
2026-07-01T22:08:00.907288,2026-07-01T12:08:02.326709+00:00,84.1,6,bid,,,2279454
2026-07-01T22:08:01.049676,2026-07-01T12:08:02.458641+00:00,84.1,200,bid,,,2279456
2026-07-01T22:08:01.362242,2026-07-01T12:08:02.773890+00:00,83.9,10,ask,,,2279462
2026-07-01T22:08:02.637524,2026-07-01T12:08:04.050444+00:00,84.0,200,ask,,,2279491
2026-07-01T22:08:03.082066,2026-07-01T12:08:04.497703+00:00,83.8,20,ask,,,2279498
2026-07-01T22:08:03.999256,2026-07-01T12:08:05.434159+00:00,84.0,500,ask,,,2279522
2026-07-01T22:08:04.051584,2026-07-01T12:08:05.489441+00:00,84.0,10,ask,,,2279527
2026-07-01T22:08:04.593201,2026-07-01T12:08:06.047083+00:00,84.0,115,ask,,,2279546
2026-07-01T22:08:05.263766,2026-07-01T12:08:06.710803+00:00,83.9,200,ask,,,2279561
2026-07-01T22:08:05.887725,2026-07-01T12:08:07.594452+00:00,83.8,200,bid,,,2279573
2026-07-01T22:08:07.098267,2026-07-01T12:08:08.606027+00:00,83.8,200,ask,,,2279589
2026-07-01T22:08:07.713447,2026-07-01T12:08:09.149773+00:00,83.9,20,bid,,,2279604
2026-07-01T22:08:08.305476,2026-07-01T12:08:09.728177+00:00,83.8,200,bid,,,2279622
2026-07-01T22:08:10.372644,2026-07-01T12:08:11.816392+00:00,83.7,2,ask,,,2279673
2026-07-01T22:08:10.410236,2026-07-01T12:08:11.849784+00:00,83.6,66,ask,,,2279676
2026-07-01T22:08:10.694543,2026-07-01T12:08:12.134815+00:00,83.8,20,bid,,,2279684
2026-07-01T22:08:10.725404,2026-07-01T12:08:12.167815+00:00,83.8,200,bid,,,2279685
2026-07-01T22:08:13.128158,2026-07-01T12:08:14.554956+00:00,83.9,200,bid,,,2279767
2026-07-01T22:08:14.439643,2026-07-01T12:08:15.885678+00:00,83.9,200,ask,,,2279796
2026-07-01T22:08:21.630983,2026-07-01T12:08:23.112171+00:00,83.7,200,ask,,,2279965
2026-07-01T22:08:22.768750,2026-07-01T12:08:24.219640+00:00,83.8,500,ask,,,2279996
2026-07-01T22:08:22.844558,2026-07-01T12:08:24.285590+00:00,83.8,125,ask,,,2279998
2026-07-01T22:08:24.931888,2026-07-01T12:08:26.368901+00:00,83.7,200,bid,,,2280055
2026-07-01T22:08:27.312750,2026-07-01T12:08:28.786117+00:00,83.7,20,bid,,,2280097
2026-07-01T22:08:27.626265,2026-07-01T12:08:29.047218+00:00,83.6,4,ask,,,2280104
2026-07-01T22:08:27.626265,2026-07-01T12:08:29.047218+00:00,83.6,200,ask,,,2280105
2026-07-01T22:08:29.290425,2026-07-01T12:08:30.705466+00:00,83.6,10,bid,,,2280143
2026-07-01T22:08:30.130301,2026-07-01T12:08:31.568545+00:00,83.5,3,ask,,,2280157
2026-07-01T22:08:30.130301,2026-07-01T12:08:31.568545+00:00,83.5,197,ask,,,2280158
2026-07-01T22:08:30.237265,2026-07-01T12:08:31.689150+00:00,83.4,5,bid,,,2280159
2026-07-01T22:08:31.365911,2026-07-01T12:08:32.803781+00:00,83.3,3,ask,,,2280180
2026-07-01T22:08:31.365911,2026-07-01T12:08:32.814803+00:00,83.2,197,ask,,,2280181
2026-07-01T22:08:32.578012,2026-07-01T12:08:34.009597+00:00,83.3,3,ask,,,2280201
2026-07-01T22:08:34.872634,2026-07-01T12:08:36.303000+00:00,83.3,200,bid,,,2280258
2026-07-01T22:08:34.872634,2026-07-01T12:08:36.314000+00:00,83.3,300,bid,,,2280259
2026-07-01T22:08:34.993914,2026-07-01T12:08:36.434419+00:00,83.3,200,bid,,,2280261
2026-07-01T22:08:35.413149,2026-07-01T12:08:36.839971+00:00,83.5,200,bid,,,2280270
2026-07-01T22:08:36.203032,2026-07-01T12:08:37.695702+00:00,83.6,200,ask,,,2280291
2026-07-01T22:08:37.413560,2026-07-01T12:08:38.865806+00:00,83.4,2,ask,,,2280324
2026-07-01T22:08:37.413560,2026-07-01T12:08:38.865806+00:00,83.4,198,ask,,,2280325
2026-07-01T22:08:39.831801,2026-07-01T12:08:41.270238+00:00,83.4,200,ask,,,2280374
2026-07-01T22:08:40.153233,2026-07-01T12:08:41.585541+00:00,83.5,20,bid,,,2280382
2026-07-01T22:08:40.678444,2026-07-01T12:08:42.110202+00:00,83.4,500,ask,,,2280390
2026-07-01T22:08:41.039633,2026-07-01T12:08:42.471249+00:00,83.4,125,bid,,,2280396
2026-07-01T22:08:42.012627,2026-07-01T12:08:43.453517+00:00,83.5,35,bid,,,2280412
2026-07-01T22:08:42.105171,2026-07-01T12:08:43.550984+00:00,83.5,35,bid,,,2280417
2026-07-01T22:08:42.198448,2026-07-01T12:08:43.616584+00:00,83.5,35,bid,,,2280419
2026-07-01T22:08:42.292318,2026-07-01T12:08:43.704594+00:00,83.5,35,bid,,,2280423
2026-07-01T22:08:42.384199,2026-07-01T12:08:43.792204+00:00,83.5,5,bid,,,2280425
2026-07-01T22:08:43.010553,2026-07-01T12:08:44.427151+00:00,83.5,20,bid,,,2280427
2026-07-01T22:08:44.679823,2026-07-01T12:08:46.094842+00:00,83.4,200,ask,,,2280471
2026-07-01T22:08:45.891962,2026-07-01T12:08:47.307228+00:00,83.4,200,ask,,,2280512
2026-07-01T22:08:45.915804,2026-07-01T12:08:47.328744+00:00,83.3,1,ask,,,2280513
2026-07-01T22:08:45.915804,2026-07-01T12:08:47.328744+00:00,83.3,500,ask,,,2280514
2026-07-01T22:08:46.369060,2026-07-01T12:08:47.787434+00:00,83.3,124,bid,,,2280526
2026-07-01T22:08:47.225234,2026-07-01T12:08:48.641545+00:00,83.3,200,bid,,,2280538
2026-07-01T22:08:47.340664,2026-07-01T12:08:48.750853+00:00,83.3,20,ask,,,2280542
2026-07-01T22:08:47.707380,2026-07-01T12:08:49.121529+00:00,83.3,20,ask,,,2280553
2026-07-01T22:08:48.414363,2026-07-01T12:08:49.822516+00:00,83.3,35,ask,,,2280568
2026-07-01T22:08:48.503485,2026-07-01T12:08:49.920944+00:00,83.3,35,ask,,,2280574
2026-07-01T22:08:49.847493,2026-07-01T12:08:51.257279+00:00,83.2,500,ask,,,2280611
2026-07-01T22:08:49.847493,2026-07-01T12:08:51.257279+00:00,83.2,125,ask,,,2280612
2026-07-01T22:08:50.731339,2026-07-01T12:08:52.154458+00:00,83.2,200,ask,,,2280633
2026-07-01T22:08:51.295574,2026-07-01T12:08:52.709223+00:00,83.3,35,ask,,,2280645
2026-07-01T22:08:51.388601,2026-07-01T12:08:52.797459+00:00,83.3,35,ask,,,2280649
2026-07-01T22:08:51.940420,2026-07-01T12:08:53.355422+00:00,83.3,200,ask,,,2280660
2026-07-01T22:08:52.569148,2026-07-01T12:08:53.986403+00:00,83.5,10,bid,,,2280672
2026-07-01T22:08:53.147882,2026-07-01T12:08:54.564910+00:00,83.3,200,ask,,,2280683
2026-07-01T22:08:54.361223,2026-07-01T12:08:55.769366+00:00,83.3,200,ask,,,2280700
2026-07-01T22:08:55.476305,2026-07-01T12:08:56.887577+00:00,83.4,500,bid,,,2280720
2026-07-01T22:08:56.396912,2026-07-01T12:08:57.814639+00:00,83.4,200,bid,,,2280738
2026-07-01T22:08:56.426247,2026-07-01T12:08:57.836056+00:00,83.5,73,ask,,,2280739
2026-07-01T22:08:56.448665,2026-07-01T12:08:57.857128+00:00,83.5,5,ask,,,2280741
2026-07-01T22:08:56.778597,2026-07-01T12:08:58.195548+00:00,83.5,200,ask,,,2280747
2026-07-01T22:08:57.122000,2026-07-01T12:08:58.531920+00:00,83.5,10,ask,,,2280751
2026-07-01T22:08:57.984993,2026-07-01T12:08:59.402436+00:00,83.5,200,bid,,,2280769
2026-07-01T22:08:59.194840,2026-07-01T12:09:00.605695+00:00,83.5,200,ask,,,2280799
2026-07-01T22:09:00.851542,2026-07-01T12:09:02.264834+00:00,83.3,3,ask,,,2280844
2026-07-01T22:09:00.851542,2026-07-01T12:09:02.264834+00:00,83.3,17,ask,,,2280845
2026-07-01T22:09:01.179203,2026-07-01T12:09:02.592759+00:00,83.5,10,bid,,,2280847
2026-07-01T22:09:02.748414,2026-07-01T12:09:04.160404+00:00,83.5,200,bid,,,2280870
2026-07-01T22:09:02.834189,2026-07-01T12:09:04.248418+00:00,83.6,2,bid,,,2280874
2026-07-01T22:09:02.834189,2026-07-01T12:09:04.248418+00:00,83.6,198,bid,,,2280875
2026-07-01T22:09:05.599159,2026-07-01T12:09:07.013741+00:00,83.7,2,bid,,,2280943
2026-07-01T22:09:06.909957,2026-07-01T12:09:08.318920+00:00,83.9,500,bid,,,2280978
2026-07-01T22:09:06.909957,2026-07-01T12:09:08.329401+00:00,83.9,125,bid,,,2280979
2026-07-01T22:09:07.310696,2026-07-01T12:09:08.723976+00:00,83.8,20,ask,,,2280992
2026-07-01T22:09:07.678024,2026-07-01T12:09:09.085527+00:00,83.9,200,bid,,,2280995
2026-07-01T22:09:08.225716,2026-07-01T12:09:09.642606+00:00,83.7,1,bid,,,2281001
2026-07-01T22:09:09.498098,2026-07-01T12:09:10.907332+00:00,83.8,20,bid,,,2281028
2026-07-01T22:09:09.539269,2026-07-01T12:09:10.950986+00:00,83.8,200,bid,,,2281029
2026-07-01T22:09:10.100180,2026-07-01T12:09:11.508529+00:00,83.8,200,ask,,,2281031
2026-07-01T22:09:11.309184,2026-07-01T12:09:12.722827+00:00,83.7,200,bid,,,2281070
2026-07-01T22:09:12.050181,2026-07-01T12:09:13.465741+00:00,83.5,12,ask,,,2281087
2026-07-01T22:09:12.050181,2026-07-01T12:09:13.465741+00:00,83.5,8,ask,,,2281088
2026-07-01T22:09:12.732476,2026-07-01T12:09:14.141359+00:00,83.7,8,bid,,,2281108
2026-07-01T22:09:14.941701,2026-07-01T12:09:16.356081+00:00,83.9,200,bid,,,2281158
2026-07-01T22:09:18.944345,2026-07-01T12:09:20.353718+00:00,83.9,3,bid,,,2281246
2026-07-01T22:09:19.346197,2026-07-01T12:09:20.756676+00:00,83.8,1,ask,,,2281253
2026-07-01T22:09:19.757628,2026-07-01T12:09:21.173906+00:00,83.8,7,ask,,,2281265
2026-07-01T22:09:21.011370,2026-07-01T12:09:22.429343+00:00,83.9,3,bid,,,2281307
2026-07-01T22:09:22.224118,2026-07-01T12:09:23.640101+00:00,84.0,3,bid,,,2281343
2026-07-01T22:09:22.224118,2026-07-01T12:09:23.640101+00:00,84.1,197,bid,,,2281344
2026-07-01T22:09:22.403176,2026-07-01T12:09:23.813515+00:00,83.9,10,ask,,,2281349
2026-07-01T22:09:23.436456,2026-07-01T12:09:24.852024+00:00,84.0,200,bid,,,2281373
2026-07-01T22:09:24.445912,2026-07-01T12:09:25.863551+00:00,83.8,10,ask,,,2281392
2026-07-01T22:09:24.648940,2026-07-01T12:09:26.060068+00:00,83.9,200,bid,,,2281395
2026-07-01T22:09:25.286606,2026-07-01T12:09:26.703683+00:00,84.0,3,bid,,,2281410
2026-07-01T22:09:25.648374,2026-07-01T12:09:27.064308+00:00,84.0,20,ask,,,2281428
2026-07-01T22:09:30.700145,2026-07-01T12:09:32.117773+00:00,83.9,200,ask,,,2281529
2026-07-01T22:09:32.137161,2026-07-01T12:09:33.551632+00:00,84.0,8,bid,,,2281551
2026-07-01T22:09:32.246354,2026-07-01T12:09:33.660929+00:00,83.9,7,ask,,,2281557
2026-07-01T22:09:32.255365,2026-07-01T12:09:33.671942+00:00,84.0,8,bid,,,2281559
2026-07-01T22:09:32.370326,2026-07-01T12:09:33.781308+00:00,84.0,8,bid,,,2281571
2026-07-01T22:09:32.478647,2026-07-01T12:09:33.890393+00:00,84.0,6,bid,,,2281577
2026-07-01T22:09:33.056562,2026-07-01T12:09:34.470241+00:00,84.0,20,bid,,,2281588
2026-07-01T22:09:33.107201,2026-07-01T12:09:34.524779+00:00,83.9,10,ask,,,2281591
2026-07-01T22:09:33.119398,2026-07-01T12:09:34.535779+00:00,83.9,200,ask,,,2281592
2026-07-01T22:09:33.638576,2026-07-01T12:09:35.047396+00:00,84.0,500,bid,,,2281604
2026-07-01T22:09:34.234949,2026-07-01T12:09:35.644597+00:00,84.0,125,bid,,,2281612
2026-07-01T22:09:34.327924,2026-07-01T12:09:35.742734+00:00,84.0,200,ask,,,2281613
2026-07-01T22:09:35.536261,2026-07-01T12:09:36.948718+00:00,84.1,200,ask,,,2281640
2026-07-01T22:09:37.124682,2026-07-01T12:09:38.542423+00:00,84.2,200,bid,,,2281661
2026-07-01T22:09:38.440507,2026-07-01T12:09:39.854800+00:00,84.1,12,ask,,,2281678
2026-07-01T22:09:38.440507,2026-07-01T12:09:39.854800+00:00,84.1,200,ask,,,2281679
2026-07-01T22:09:39.166159,2026-07-01T12:09:40.575266+00:00,84.1,200,bid,,,2281696
2026-07-01T22:09:39.222231,2026-07-01T12:09:40.630279+00:00,84.1,10,bid,,,2281698
2026-07-01T22:09:39.751668,2026-07-01T12:09:41.163711+00:00,84.2,200,bid,,,2281718
2026-07-01T22:09:40.376933,2026-07-01T12:09:41.792057+00:00,84.3,200,ask,,,2281726
2026-07-01T22:09:40.907935,2026-07-01T12:09:42.324627+00:00,84.3,225,ask,,,2281731
2026-07-01T22:09:41.594235,2026-07-01T12:09:43.010930+00:00,84.2,200,bid,,,2281742
2026-07-01T22:09:44.019280,2026-07-01T12:09:45.435712+00:00,84.3,200,bid,,,2281815
2026-07-01T22:09:47.424188,2026-07-01T12:09:48.838194+00:00,84.2,10,bid,,,2281901
2026-07-01T22:09:47.642600,2026-07-01T12:09:49.058130+00:00,84.2,190,bid,,,2281903
2026-07-01T22:09:48.958113,2026-07-01T12:09:50.366825+00:00,84.4,1,bid,,,2281933
2026-07-01T22:09:48.958113,2026-07-01T12:09:50.377824+00:00,84.4,500,bid,,,2281934
2026-07-01T22:09:49.396264,2026-07-01T12:09:50.805608+00:00,84.4,124,ask,,,2281946
2026-07-01T22:09:50.090940,2026-07-01T12:09:51.503903+00:00,84.4,200,bid,,,2281960
2026-07-01T22:09:51.300128,2026-07-01T12:09:52.716075+00:00,84.1,200,bid,,,2282000
2026-07-01T22:09:52.511845,2026-07-01T12:09:53.923166+00:00,84.2,200,bid,,,2282031
2026-07-01T22:09:54.229053,2026-07-01T12:09:55.641379+00:00,84.2,200,bid,,,2282073
2026-07-01T22:09:54.890421,2026-07-01T12:09:56.304424+00:00,84.3,35,bid,,,2282078
2026-07-01T22:09:54.984469,2026-07-01T12:09:56.391994+00:00,84.3,35,bid,,,2282083
2026-07-01T22:09:55.073176,2026-07-01T12:09:56.489478+00:00,84.3,35,bid,,,2282085
2026-07-01T22:09:55.161978,2026-07-01T12:09:56.577494+00:00,84.3,35,bid,,,2282088
2026-07-01T22:09:55.251176,2026-07-01T12:09:56.664782+00:00,84.3,10,bid,,,2282090
2026-07-01T22:09:55.558213,2026-07-01T12:09:56.970574+00:00,84.3,20,bid,,,2282102
2026-07-01T22:09:56.069689,2026-07-01T12:09:57.485639+00:00,84.3,10,bid,,,2282124
2026-07-01T22:09:57.123643,2026-07-01T12:09:58.532576+00:00,84.1,20,ask,,,2282147
2026-07-01T22:10:03.965277,2026-07-01T12:10:05.376806+00:00,84.2,20,bid,,,2282300
2026-07-01T22:10:04.624381,2026-07-01T12:10:06.033568+00:00,84.2,200,bid,,,2282317
2026-07-01T22:10:05.835016,2026-07-01T12:10:07.247826+00:00,84.2,200,ask,,,2282331
2026-07-01T22:10:06.082849,2026-07-01T12:10:07.498972+00:00,84.1,500,ask,,,2282334
2026-07-01T22:10:06.106421,2026-07-01T12:10:07.520971+00:00,84.1,27,bid,,,2282335
2026-07-01T22:10:06.348962,2026-07-01T12:10:07.761358+00:00,84.1,98,bid,,,2282348
2026-07-01T22:10:07.391790,2026-07-01T12:10:08.810012+00:00,84.2,200,bid,,,2282365
2026-07-01T22:10:07.391790,2026-07-01T12:10:08.810012+00:00,84.4,1,bid,,,2282366
2026-07-01T22:10:08.259819,2026-07-01T12:10:09.683379+00:00,84.4,200,ask,,,2282379
2026-07-01T22:10:08.824230,2026-07-01T12:10:10.237359+00:00,84.4,20,ask,,,2282391
2026-07-01T22:10:09.174531,2026-07-01T12:10:10.586745+00:00,84.4,4,ask,,,2282400
2026-07-01T22:10:09.468433,2026-07-01T12:10:10.880852+00:00,84.4,200,ask,,,2282405
2026-07-01T22:10:10.686571,2026-07-01T12:10:12.096745+00:00,84.3,200,ask,,,2282427
2026-07-01T22:10:11.424526,2026-07-01T12:10:12.840903+00:00,84.4,4,bid,,,2282440
2026-07-01T22:10:13.630896,2026-07-01T12:10:15.044923+00:00,84.3,20,ask,,,2282493
2026-07-01T22:10:15.312205,2026-07-01T12:10:16.725947+00:00,84.3,200,ask,,,2282532
2026-07-01T22:10:17.230792,2026-07-01T12:10:18.641757+00:00,84.3,500,bid,,,2282571
2026-07-01T22:10:17.305859,2026-07-01T12:10:18.718796+00:00,84.3,10,bid,,,2282573
2026-07-01T22:10:17.827632,2026-07-01T12:10:19.243313+00:00,84.3,115,bid,,,2282588
2026-07-01T22:10:17.827632,2026-07-01T12:10:19.243313+00:00,84.3,200,bid,,,2282589
2026-07-01T22:10:17.942744,2026-07-01T12:10:19.364342+00:00,84.3,185,ask,,,2282591
2026-07-01T22:10:17.964089,2026-07-01T12:10:19.375341+00:00,84.3,15,bid,,,2282592
2026-07-01T22:10:19.284328,2026-07-01T12:10:20.696182+00:00,84.3,500,ask,,,2282619
2026-07-01T22:10:19.664381,2026-07-01T12:10:21.078554+00:00,84.3,125,bid,,,2282623
2026-07-01T22:10:19.921100,2026-07-01T12:10:21.339581+00:00,84.4,100,bid,,,2282628
2026-07-01T22:10:20.592238,2026-07-01T12:10:22.005651+00:00,84.4,200,bid,,,2282648
2026-07-01T22:10:22.786278,2026-07-01T12:10:24.204196+00:00,84.4,200,bid,,,2282695
2026-07-01T22:10:23.215411,2026-07-01T12:10:24.629022+00:00,84.5,3,bid,,,2282708
2026-07-01T22:10:23.215411,2026-07-01T12:10:24.629022+00:00,84.6,200,bid,,,2282709
2026-07-01T22:10:24.547009,2026-07-01T12:10:25.964111+00:00,84.5,200,ask,,,2282743
2026-07-01T22:10:25.203636,2026-07-01T12:10:26.617856+00:00,84.5,200,bid,,,2282756
2026-07-01T22:10:25.365004,2026-07-01T12:10:26.780218+00:00,84.5,10,bid,,,2282764
2026-07-01T22:10:25.856594,2026-07-01T12:10:27.269351+00:00,84.5,3,bid,,,2282783
2026-07-01T22:10:29.446432,2026-07-01T12:10:30.863770+00:00,84.7,100,bid,,,2282877
2026-07-01T22:10:30.941778,2026-07-01T12:10:32.353947+00:00,84.8,20,bid,,,2282908
2026-07-01T22:10:31.119370,2026-07-01T12:10:32.528330+00:00,84.8,200,bid,,,2282913
2026-07-01T22:10:31.193107,2026-07-01T12:10:32.605218+00:00,84.8,425,ask,,,2282914
2026-07-01T22:10:31.249967,2026-07-01T12:10:32.659460+00:00,84.8,75,bid,,,2282918
2026-07-01T22:10:32.400945,2026-07-01T12:10:33.812130+00:00,84.8,125,ask,,,2282936
2026-07-01T22:10:37.324918,2026-07-01T12:10:38.742746+00:00,84.8,3,bid,,,2283045
2026-07-01T22:10:37.324918,2026-07-01T12:10:38.742746+00:00,84.8,197,bid,,,2283046
2026-07-01T22:10:38.978376,2026-07-01T12:10:40.391955+00:00,84.8,6,bid,,,2283099
2026-07-01T22:10:38.978376,2026-07-01T12:10:40.391955+00:00,84.8,200,bid,,,2283100
2026-07-01T22:10:44.246258,2026-07-01T12:10:45.659684+00:00,84.8,200,ask,,,2283233
2026-07-01T22:10:44.374443,2026-07-01T12:10:45.790222+00:00,84.6,20,ask,,,2283240
2026-07-01T22:10:45.033963,2026-07-01T12:10:46.445432+00:00,84.8,10,bid,,,2283264
2026-07-01T22:10:45.513105,2026-07-01T12:10:46.924488+00:00,84.7,35,ask,,,2283276
2026-07-01T22:10:45.562766,2026-07-01T12:10:46.979489+00:00,84.7,165,ask,,,2283279
2026-07-01T22:10:46.060069,2026-07-01T12:10:47.473764+00:00,84.6,10,ask,,,2283295
2026-07-01T22:10:47.004442,2026-07-01T12:10:48.420960+00:00,84.8,200,bid,,,2283316
2026-07-01T22:10:51.220586,2026-07-01T12:10:52.634476+00:00,85.0,3,bid,,,2283411
2026-07-01T22:10:51.220586,2026-07-01T12:10:52.634476+00:00,85.0,17,bid,,,2283412
2026-07-01T22:10:54.771838,2026-07-01T12:10:56.192923+00:00,84.9,200,ask,,,2283468
2026-07-01T22:10:54.978787,2026-07-01T12:10:56.394688+00:00,84.9,35,bid,,,2283477
2026-07-01T22:10:57.391217,2026-07-01T12:10:58.809239+00:00,84.9,200,bid,,,2283520
2026-07-01T22:10:57.625888,2026-07-01T12:10:59.037070+00:00,85.0,1,bid,,,2283526
2026-07-01T22:10:57.625888,2026-07-01T12:10:59.037070+00:00,85.0,19,bid,,,2283527
2026-07-01T22:10:57.830273,2026-07-01T12:10:59.246162+00:00,84.9,425,ask,,,2283531
2026-07-01T22:11:00.021713,2026-07-01T12:11:01.437573+00:00,84.8,200,ask,,,2283575
2026-07-01T22:11:02.750968,2026-07-01T12:11:04.160788+00:00,84.8,200,bid,,,2283650
2026-07-01T22:11:03.960011,2026-07-01T12:11:05.370219+00:00,84.8,200,bid,,,2283671
2026-07-01T22:11:06.554590,2026-07-01T12:11:07.964735+00:00,85.0,1,bid,,,2283742
2026-07-01T22:11:06.554590,2026-07-01T12:11:07.964735+00:00,85.0,19,bid,,,2283743
2026-07-01T22:11:07.601430,2026-07-01T12:11:09.016325+00:00,85.0,8,bid,,,2283762
2026-07-01T22:11:07.601430,2026-07-01T12:11:09.016325+00:00,85.0,192,bid,,,2283763
2026-07-01T22:11:07.933844,2026-07-01T12:11:09.343628+00:00,85.0,308,bid,,,2283771
2026-07-01T22:11:07.933844,2026-07-01T12:11:09.343628+00:00,85.0,6,bid,,,2283772
2026-07-01T22:11:08.119282,2026-07-01T12:11:09.540270+00:00,85.0,311,ask,,,2283780
2026-07-01T22:11:08.782820,2026-07-01T12:11:10.192999+00:00,85.0,20,bid,,,2283789
2026-07-01T22:11:08.816764,2026-07-01T12:11:10.225211+00:00,85.0,200,bid,,,2283791
2026-07-01T22:11:09.767071,2026-07-01T12:11:11.184328+00:00,84.9,10,bid,,,2283821
2026-07-01T22:11:10.026074,2026-07-01T12:11:11.434644+00:00,84.9,200,bid,,,2283823
2026-07-01T22:11:10.782051,2026-07-01T12:11:12.198111+00:00,84.9,10,bid,,,2283839
2026-07-01T22:11:11.234648,2026-07-01T12:11:12.645612+00:00,84.9,200,bid,,,2283851
2026-07-01T22:11:14.786219,2026-07-01T12:11:16.201681+00:00,84.9,500,ask,,,2283924
2026-07-01T22:11:15.379029,2026-07-01T12:11:16.791286+00:00,84.9,125,ask,,,2283931
2026-07-01T22:11:15.814198,2026-07-01T12:11:17.227442+00:00,84.8,200,ask,,,2283939
2026-07-01T22:11:16.014515,2026-07-01T12:11:17.425199+00:00,84.6,2,ask,,,2283944
2026-07-01T22:11:16.014515,2026-07-01T12:11:17.425199+00:00,84.6,18,ask,,,2283945
2026-07-01T22:11:16.846740,2026-07-01T12:11:18.264058+00:00,84.8,10,bid,,,2283969
2026-07-01T22:11:17.126075,2026-07-01T12:11:18.536516+00:00,84.8,200,bid,,,2283977
2026-07-01T22:11:18.457338,2026-07-01T12:11:19.873176+00:00,84.8,20,bid,,,2284010
2026-07-01T22:11:19.772399,2026-07-01T12:11:21.186997+00:00,84.7,8,ask,,,2284050
2026-07-01T22:11:19.772399,2026-07-01T12:11:21.186997+00:00,84.7,200,ask,,,2284051
2026-07-01T22:11:21.891089,2026-07-01T12:11:23.308482+00:00,84.7,6,ask,,,2284071
2026-07-01T22:11:24.536366,2026-07-01T12:11:25.948759+00:00,84.8,200,bid,,,2284116
2026-07-01T22:11:28.967026,2026-07-01T12:11:30.376359+00:00,84.8,10,ask,,,2284228
2026-07-01T22:11:28.971930,2026-07-01T12:11:30.386994+00:00,84.8,190,ask,,,2284229
2026-07-01T22:11:29.543572,2026-07-01T12:11:30.965914+00:00,84.7,4,ask,,,2284242
2026-07-01T22:11:30.279762,2026-07-01T12:11:31.696029+00:00,84.8,200,bid,,,2284257
2026-07-01T22:11:30.824337,2026-07-01T12:11:32.243034+00:00,84.8,20,ask,,,2284270
2026-07-01T22:11:30.997125,2026-07-01T12:11:32.406680+00:00,84.8,10,ask,,,2284275
2026-07-01T22:11:31.592609,2026-07-01T12:11:33.008480+00:00,84.7,10,ask,,,2284284
2026-07-01T22:11:31.592609,2026-07-01T12:11:33.008480+00:00,84.7,200,ask,,,2284285
2026-07-01T22:11:31.788432,2026-07-01T12:11:33.205974+00:00,84.7,200,bid,,,2284289
2026-07-01T22:11:32.998831,2026-07-01T12:11:34.409371+00:00,84.8,200,bid,,,2284319
2026-07-01T22:11:34.223099,2026-07-01T12:11:35.640847+00:00,84.9,200,bid,,,2284359
2026-07-01T22:11:34.240710,2026-07-01T12:11:35.651847+00:00,84.9,100,ask,,,2284361
2026-07-01T22:11:35.535234,2026-07-01T12:11:36.954703+00:00,84.9,200,ask,,,2284393
2026-07-01T22:11:35.543833,2026-07-01T12:11:36.954703+00:00,84.7,10,ask,,,2284394
2026-07-01T22:11:36.679556,2026-07-01T12:11:38.096647+00:00,84.7,20,ask,,,2284419
2026-07-01T22:11:40.658642,2026-07-01T12:11:42.074351+00:00,84.8,20,bid,,,2284513
2026-07-01T22:11:40.785997,2026-07-01T12:11:42.195000+00:00,84.8,180,bid,,,2284517
2026-07-01T22:11:41.640943,2026-07-01T12:11:43.056764+00:00,84.8,10,ask,,,2284530
2026-07-01T22:11:42.376366,2026-07-01T12:11:43.788488+00:00,84.8,35,ask,,,2284542
2026-07-01T22:11:42.465048,2026-07-01T12:11:43.877521+00:00,84.8,35,ask,,,2284549
2026-07-01T22:11:42.555343,2026-07-01T12:11:43.964966+00:00,84.8,35,ask,,,2284553
2026-07-01T22:11:42.647250,2026-07-01T12:11:44.061508+00:00,84.8,3,ask,,,2284557
2026-07-01T22:11:43.896642,2026-07-01T12:11:45.305085+00:00,84.9,200,bid,,,2284576
2026-07-01T22:11:46.316215,2026-07-01T12:11:47.730332+00:00,84.8,200,ask,,,2284629
2026-07-01T22:11:47.354470,2026-07-01T12:11:48.770478+00:00,84.7,9,ask,,,2284645
2026-07-01T22:11:47.354470,2026-07-01T12:11:48.770478+00:00,84.7,200,ask,,,2284646
2026-07-01T22:11:47.354470,2026-07-01T12:11:48.770478+00:00,84.7,416,ask,,,2284647
2026-07-01T22:11:47.523833,2026-07-01T12:11:48.931859+00:00,84.8,200,ask,,,2284653
2026-07-01T22:11:48.221792,2026-07-01T12:11:49.630579+00:00,84.8,10,ask,,,2284665
2026-07-01T22:11:48.738134,2026-07-01T12:11:50.154638+00:00,84.9,200,ask,,,2284683
2026-07-01T22:11:48.753638,2026-07-01T12:11:50.165638+00:00,84.9,35,ask,,,2284687
2026-07-01T22:11:48.842589,2026-07-01T12:11:50.253651+00:00,84.9,34,ask,,,2284689
2026-07-01T22:11:49.963767,2026-07-01T12:11:51.381798+00:00,84.9,200,ask,,,2284704
2026-07-01T22:11:49.967608,2026-07-01T12:11:51.381798+00:00,84.9,4,ask,,,2284705
2026-07-01T22:11:50.267129,2026-07-01T12:11:51.676431+00:00,84.9,10,ask,,,2284715
2026-07-01T22:11:50.589375,2026-07-01T12:11:52.003337+00:00,84.9,5,ask,,,2284720
2026-07-01T22:11:50.790971,2026-07-01T12:11:52.200735+00:00,84.9,5,ask,,,2284722
2026-07-01T22:11:51.223939,2026-07-01T12:11:52.637158+00:00,84.9,5,ask,,,2284731
2026-07-01T22:11:51.526548,2026-07-01T12:11:52.942528+00:00,84.9,4,ask,,,2284744
2026-07-01T22:11:51.556746,2026-07-01T12:11:52.975529+00:00,84.9,4,ask,,,2284746
2026-07-01T22:11:51.606081,2026-07-01T12:11:53.019011+00:00,84.9,4,ask,,,2284749
2026-07-01T22:11:51.664932,2026-07-01T12:11:53.074476+00:00,84.9,4,ask,,,2284751
2026-07-01T22:11:51.721917,2026-07-01T12:11:53.139235+00:00,85.0,2,bid,,,2284753
2026-07-01T22:11:51.721917,2026-07-01T12:11:53.139235+00:00,85.0,200,bid,,,2284754
2026-07-01T22:11:51.721917,2026-07-01T12:11:53.139235+00:00,85.0,298,bid,,,2284755
2026-07-01T22:11:51.741907,2026-07-01T12:11:53.161021+00:00,84.8,4,ask,,,2284758
2026-07-01T22:11:52.042969,2026-07-01T12:11:53.457573+00:00,84.8,61,ask,,,2284766
2026-07-01T22:11:52.318303,2026-07-01T12:11:53.731089+00:00,85.0,327,bid,,,2284775
2026-07-01T22:11:52.318303,2026-07-01T12:11:53.731089+00:00,85.0,6,bid,,,2284776
2026-07-01T22:11:52.381075,2026-07-01T12:11:53.797089+00:00,85.0,167,ask,,,2284779
2026-07-01T22:11:52.614429,2026-07-01T12:11:54.026843+00:00,85.0,33,bid,,,2284783
2026-07-01T22:11:53.173351,2026-07-01T12:11:54.582205+00:00,85.4,20,bid,,,2284798
2026-07-01T22:11:53.319451,2026-07-01T12:11:54.735262+00:00,85.2,10,ask,,,2284802
2026-07-01T22:11:53.589203,2026-07-01T12:11:54.998214+00:00,85.2,200,ask,,,2284806
2026-07-01T22:11:56.608219,2026-07-01T12:11:58.026524+00:00,85.3,200,bid,,,2284875
2026-07-01T22:11:57.229297,2026-07-01T12:11:58.637708+00:00,85.4,200,ask,,,2284895
2026-07-01T22:11:57.787068,2026-07-01T12:11:59.204867+00:00,85.4,225,ask,,,2284902
2026-07-01T22:11:58.481147,2026-07-01T12:11:59.893907+00:00,85.3,10,bid,,,2284923
2026-07-01T22:11:58.894087,2026-07-01T12:12:00.309358+00:00,85.3,20,bid,,,2284930
2026-07-01T22:11:59.649043,2026-07-01T12:12:01.064114+00:00,85.2,200,ask,,,2284946
2026-07-01T22:12:01.870732,2026-07-01T12:12:03.281959+00:00,85.1,200,ask,,,2284992
2026-07-01T22:12:01.870732,2026-07-01T12:12:03.292957+00:00,85.0,425,ask,,,2284993
2026-07-01T22:12:06.904269,2026-07-01T12:12:08.317929+00:00,85.0,200,ask,,,2285097
2026-07-01T22:12:07.101262,2026-07-01T12:12:08.515269+00:00,85.1,10,bid,,,2285098
2026-07-01T22:12:08.419495,2026-07-01T12:12:09.835096+00:00,85.1,500,ask,,,2285123
2026-07-01T22:12:08.419495,2026-07-01T12:12:09.835096+00:00,85.0,125,ask,,,2285124
2026-07-01T22:12:11.053548,2026-07-01T12:12:12.470006+00:00,85.3,1,bid,,,2285198
2026-07-01T22:12:11.053548,2026-07-01T12:12:12.470006+00:00,85.3,200,bid,,,2285199
2026-07-01T22:12:12.000782,2026-07-01T12:12:13.420068+00:00,85.3,20,ask,,,2285217
2026-07-01T22:12:15.694411,2026-07-01T12:12:17.105160+00:00,85.3,10,ask,,,2285321
2026-07-01T22:12:16.299043,2026-07-01T12:12:17.711812+00:00,85.5,200,bid,,,2285335
2026-07-01T22:12:16.299043,2026-07-01T12:12:17.711812+00:00,85.6,425,bid,,,2285336
2026-07-01T22:12:16.386345,2026-07-01T12:12:17.797738+00:00,85.3,20,ask,,,2285345
2026-07-01T22:12:17.610823,2026-07-01T12:12:19.020645+00:00,85.5,200,ask,,,2285376
2026-07-01T22:12:18.921100,2026-07-01T12:12:20.340323+00:00,85.5,200,bid,,,2285407
2026-07-01T22:12:19.607304,2026-07-01T12:12:21.018866+00:00,85.5,425,ask,,,2285421
2026-07-01T22:12:19.607304,2026-07-01T12:12:21.018866+00:00,85.5,75,ask,,,2285422
2026-07-01T22:12:20.232766,2026-07-01T12:12:21.642165+00:00,85.3,200,ask,,,2285439
2026-07-01T22:12:21.434656,2026-07-01T12:12:22.843817+00:00,85.3,200,bid,,,2285467
2026-07-01T22:12:23.862877,2026-07-01T12:12:25.271712+00:00,85.3,200,ask,,,2285525
2026-07-01T22:12:25.490616,2026-07-01T12:12:26.905235+00:00,85.3,200,bid,,,2285555
2026-07-01T22:12:26.802199,2026-07-01T12:12:28.215994+00:00,85.3,200,ask,,,2285578
2026-07-01T22:12:27.492275,2026-07-01T12:12:28.903193+00:00,85.3,200,bid,,,2285588
2026-07-01T22:12:28.706084,2026-07-01T12:12:30.123140+00:00,85.4,200,ask,,,2285608
2026-07-01T22:12:31.068524,2026-07-01T12:12:32.483562+00:00,85.3,200,bid,,,2285663
2026-07-01T22:12:31.121799,2026-07-01T12:12:32.537621+00:00,85.3,200,ask,,,2285664
2026-07-01T22:12:32.082367,2026-07-01T12:12:33.496653+00:00,85.3,500,ask,,,2285692
2026-07-01T22:12:32.292628,2026-07-01T12:12:33.705096+00:00,85.3,125,bid,,,2285696
2026-07-01T22:12:32.331244,2026-07-01T12:12:33.748129+00:00,85.3,200,ask,,,2285698
2026-07-01T22:12:33.548947,2026-07-01T12:12:34.957737+00:00,85.4,200,ask,,,2285732
2026-07-01T22:12:35.921277,2026-07-01T12:12:37.333521+00:00,85.5,500,bid,,,2285781
2026-07-01T22:12:36.046387,2026-07-01T12:12:37.465013+00:00,85.5,1,bid,,,2285783
2026-07-01T22:12:36.046387,2026-07-01T12:12:37.465013+00:00,85.6,200,bid,,,2285784
2026-07-01T22:12:37.366084,2026-07-01T12:12:38.783801+00:00,85.6,200,ask,,,2285813
2026-07-01T22:12:38.688746,2026-07-01T12:12:40.107875+00:00,85.6,1,bid,,,2285835
2026-07-01T22:12:38.688746,2026-07-01T12:12:40.107875+00:00,85.7,200,bid,,,2285836
2026-07-01T22:12:40.009475,2026-07-01T12:12:41.418551+00:00,85.7,200,ask,,,2285862
2026-07-01T22:12:42.906917,2026-07-01T12:12:44.323997+00:00,85.8,5,bid,,,2285936
2026-07-01T22:12:42.906917,2026-07-01T12:12:44.323997+00:00,85.8,15,bid,,,2285937
2026-07-01T22:12:43.964044,2026-07-01T12:12:45.374198+00:00,85.7,200,ask,,,2285965
2026-07-01T22:12:45.018541,2026-07-01T12:12:46.435564+00:00,85.6,200,bid,,,2285987
2026-07-01T22:12:45.273685,2026-07-01T12:12:46.687690+00:00,85.8,2,bid,,,2285990
2026-07-01T22:12:45.646324,2026-07-01T12:12:47.059731+00:00,85.8,200,ask,,,2285999
2026-07-01T22:12:47.817908,2026-07-01T12:12:49.230166+00:00,85.7,20,ask,,,2286046
2026-07-01T22:12:50.524134,2026-07-01T12:12:51.942475+00:00,85.8,200,bid,,,2286102
2026-07-01T22:12:50.538584,2026-07-01T12:12:51.953475+00:00,85.9,1,bid,,,2286103
2026-07-01T22:12:51.077543,2026-07-01T12:12:52.492419+00:00,85.9,500,ask,,,2286119
2026-07-01T22:12:51.673185,2026-07-01T12:12:53.081577+00:00,85.9,124,ask,,,2286131
2026-07-01T22:12:53.177069,2026-07-01T12:12:54.589668+00:00,85.7,200,ask,,,2286165
2026-07-01T22:12:56.892007,2026-07-01T12:12:58.300970+00:00,85.6,20,ask,,,2286246
2026-07-01T22:12:57.147660,2026-07-01T12:12:58.561198+00:00,85.8,200,bid,,,2286250
2026-07-01T22:12:58.467344,2026-07-01T12:12:59.879341+00:00,85.8,200,ask,,,2286274
2026-07-01T22:12:59.553005,2026-07-01T12:13:00.971848+00:00,85.8,20,bid,,,2286287
2026-07-01T22:12:59.805286,2026-07-01T12:13:01.222045+00:00,85.9,10,bid,,,2286297
2026-07-01T22:13:01.082223,2026-07-01T12:13:02.500024+00:00,85.8,20,ask,,,2286305
2026-07-01T22:13:05.057748,2026-07-01T12:13:06.476616+00:00,85.8,200,ask,,,2286371
2026-07-01T22:13:05.095260,2026-07-01T12:13:06.509616+00:00,85.7,35,bid,,,2286378
2026-07-01T22:13:05.121459,2026-07-01T12:13:06.531614+00:00,85.7,150,bid,,,2286380
2026-07-01T22:13:05.192217,2026-07-01T12:13:06.608625+00:00,85.6,35,ask,,,2286382
2026-07-01T22:13:06.365600,2026-07-01T12:13:07.777721+00:00,85.7,200,bid,,,2286407
2026-07-01T22:13:06.391416,2026-07-01T12:13:07.810048+00:00,85.9,1,bid,,,2286411
2026-07-01T22:13:06.903315,2026-07-01T12:13:08.313347+00:00,86.0,9,bid,,,2286421
2026-07-01T22:13:07.514723,2026-07-01T12:13:08.925600+00:00,85.8,200,ask,,,2286431
2026-07-01T22:13:08.612227,2026-07-01T12:13:10.029093+00:00,85.7,8,ask,,,2286451
2026-07-01T22:13:08.612227,2026-07-01T12:13:10.029093+00:00,85.7,12,ask,,,2286452
2026-07-01T22:13:09.514756,2026-07-01T12:13:10.927125+00:00,86.0,3,bid,,,2286480
2026-07-01T22:13:09.514756,2026-07-01T12:13:10.927125+00:00,86.0,17,bid,,,2286481
2026-07-01T22:13:11.611264,2026-07-01T12:13:13.025963+00:00,85.8,35,bid,,,2286531
2026-07-01T22:13:11.700302,2026-07-01T12:13:13.113260+00:00,85.8,35,bid,,,2286540
2026-07-01T22:13:11.790460,2026-07-01T12:13:13.201123+00:00,85.8,35,bid,,,2286545
2026-07-01T22:13:11.882897,2026-07-01T12:13:13.300003+00:00,85.8,35,bid,,,2286551
2026-07-01T22:13:11.982934,2026-07-01T12:13:13.409449+00:00,85.8,10,bid,,,2286555
2026-07-01T22:13:12.363572,2026-07-01T12:13:13.779068+00:00,85.7,200,ask,,,2286568
2026-07-01T22:13:12.515438,2026-07-01T12:13:13.933081+00:00,85.8,10,bid,,,2286578
2026-07-01T22:13:14.224173,2026-07-01T12:13:15.642732+00:00,85.9,200,bid,,,2286621
2026-07-01T22:13:14.258372,2026-07-01T12:13:15.675732+00:00,85.9,8,ask,,,2286624
2026-07-01T22:13:14.708474,2026-07-01T12:13:16.122360+00:00,85.9,8,ask,,,2286640
2026-07-01T22:13:14.819772,2026-07-01T12:13:16.231884+00:00,85.9,8,ask,,,2286647
2026-07-01T22:13:14.927145,2026-07-01T12:13:16.342378+00:00,85.9,8,ask,,,2286653
2026-07-01T22:13:15.279570,2026-07-01T12:13:16.692557+00:00,85.9,8,ask,,,2286662
2026-07-01T22:13:15.534590,2026-07-01T12:13:16.944975+00:00,86.0,2,bid,,,2286677
2026-07-01T22:13:15.534590,2026-07-01T12:13:16.944975+00:00,86.0,200,bid,,,2286678
2026-07-01T22:13:15.534590,2026-07-01T12:13:16.955975+00:00,86.0,423,bid,,,2286679
2026-07-01T22:13:15.742922,2026-07-01T12:13:17.152256+00:00,85.8,6,ask,,,2286690
2026-07-01T22:13:16.853394,2026-07-01T12:13:18.268725+00:00,85.8,200,ask,,,2286716
2026-07-01T22:13:16.853394,2026-07-01T12:13:18.268725+00:00,85.6,1,ask,,,2286717
2026-07-01T22:13:16.853394,2026-07-01T12:13:18.268725+00:00,85.6,424,ask,,,2286718
2026-07-01T22:13:18.400964,2026-07-01T12:13:19.813842+00:00,85.8,200,bid,,,2286737
2026-07-01T22:13:20.786623,2026-07-01T12:13:22.203678+00:00,85.8,200,ask,,,2286786
2026-07-01T22:13:20.824740,2026-07-01T12:13:22.236119+00:00,85.8,200,bid,,,2286787
2026-07-01T22:13:22.772862,2026-07-01T12:13:24.188050+00:00,85.9,20,bid,,,2286818
2026-07-01T22:13:25.665769,2026-07-01T12:13:27.075848+00:00,85.8,200,ask,,,2286884
2026-07-01T22:13:26.561368,2026-07-01T12:13:27.973399+00:00,85.9,20,bid,,,2286913
2026-07-01T22:13:27.080564,2026-07-01T12:13:28.497086+00:00,85.7,7,ask,,,2286925
2026-07-01T22:13:27.080564,2026-07-01T12:13:28.497086+00:00,85.7,28,ask,,,2286926
2026-07-01T22:13:27.174409,2026-07-01T12:13:28.593614+00:00,85.7,35,ask,,,2286931
2026-07-01T22:13:27.266173,2026-07-01T12:13:28.680782+00:00,85.7,35,ask,,,2286933
2026-07-01T22:13:27.370288,2026-07-01T12:13:28.779513+00:00,85.8,22,ask,,,2286936
2026-07-01T22:13:27.430818,2026-07-01T12:13:28.844354+00:00,85.8,23,ask,,,2286942
2026-07-01T22:13:29.300868,2026-07-01T12:13:30.711040+00:00,85.9,200,bid,,,2286979
2026-07-01T22:13:29.991785,2026-07-01T12:13:31.409952+00:00,85.9,500,bid,,,2286994
2026-07-01T22:13:30.414068,2026-07-01T12:13:31.827066+00:00,85.9,125,ask,,,2287006
2026-07-01T22:13:32.609123,2026-07-01T12:13:34.021394+00:00,85.8,200,bid,,,2287052
2026-07-01T22:13:32.928127,2026-07-01T12:13:34.338759+00:00,85.8,200,ask,,,2287064
2026-07-01T22:13:33.459701,2026-07-01T12:13:34.873224+00:00,85.8,225,ask,,,2287073
2026-07-01T22:13:34.136541,2026-07-01T12:13:35.553948+00:00,85.8,200,bid,,,2287092
2026-07-01T22:13:35.229516,2026-07-01T12:13:36.645026+00:00,85.7,2,ask,,,2287111
2026-07-01T22:13:35.349357,2026-07-01T12:13:36.765626+00:00,85.6,200,bid,,,2287114
2026-07-01T22:13:38.997414,2026-07-01T12:13:40.411310+00:00,85.7,11,ask,,,2287175
2026-07-01T22:13:42.616711,2026-07-01T12:13:44.028443+00:00,85.6,200,ask,,,2287257
2026-07-01T22:13:42.891315,2026-07-01T12:13:44.301527+00:00,85.6,116,ask,,,2287265
2026-07-01T22:13:45.045269,2026-07-01T12:13:46.462758+00:00,85.7,200,bid,,,2287311
2026-07-01T22:13:46.255619,2026-07-01T12:13:47.673123+00:00,85.6,200,bid,,,2287339
2026-07-01T22:13:47.118590,2026-07-01T12:13:48.534724+00:00,85.5,3,ask,,,2287365
2026-07-01T22:13:47.464188,2026-07-01T12:13:48.882740+00:00,85.5,200,bid,,,2287377
2026-07-01T22:13:48.385993,2026-07-01T12:13:49.798637+00:00,85.5,20,bid,,,2287394
2026-07-01T22:13:48.676725,2026-07-01T12:13:50.093240+00:00,85.6,200,ask,,,2287401
2026-07-01T22:13:49.888889,2026-07-01T12:13:51.307862+00:00,85.6,200,bid,,,2287431
2026-07-01T22:13:51.102990,2026-07-01T12:13:52.517199+00:00,85.5,1,ask,,,2287465
2026-07-01T22:13:51.102990,2026-07-01T12:13:52.517199+00:00,85.5,199,ask,,,2287466
2026-07-01T22:13:53.692527,2026-07-01T12:13:55.108754+00:00,85.5,200,ask,,,2287532
2026-07-01T22:13:53.692527,2026-07-01T12:13:55.108754+00:00,85.4,6,ask,,,2287533
2026-07-01T22:13:54.044008,2026-07-01T12:13:55.467826+00:00,85.3,20,ask,,,2287543
2026-07-01T22:13:54.733324,2026-07-01T12:13:56.142241+00:00,85.4,200,bid,,,2287554
2026-07-01T22:13:55.657342,2026-07-01T12:13:57.077455+00:00,85.6,20,bid,,,2287567
2026-07-01T22:13:58.369964,2026-07-01T12:13:59.784500+00:00,85.3,4,ask,,,2287641
2026-07-01T22:13:58.369964,2026-07-01T12:13:59.784500+00:00,85.3,196,ask,,,2287642
2026-07-01T22:14:00.791243,2026-07-01T12:14:02.207096+00:00,85.5,200,bid,,,2287685
2026-07-01T22:14:01.833195,2026-07-01T12:14:03.250998+00:00,85.5,35,bid,,,2287704
2026-07-01T22:14:01.931288,2026-07-01T12:14:03.349368+00:00,85.5,3,bid,,,2287709
2026-07-01T22:14:04.426267,2026-07-01T12:14:05.838548+00:00,85.5,200,ask,,,2287760
2026-07-01T22:14:04.710575,2026-07-01T12:14:06.122500+00:00,85.5,20,ask,,,2287764
2026-07-01T22:14:05.601326,2026-07-01T12:14:07.019323+00:00,85.4,10,ask,,,2287794
2026-07-01T22:14:06.832297,2026-07-01T12:14:08.249875+00:00,85.4,200,ask,,,2287825
2026-07-01T22:14:09.262642,2026-07-01T12:14:10.677791+00:00,85.4,200,bid,,,2287857
2026-07-01T22:14:10.477875,2026-07-01T12:14:11.895152+00:00,85.4,200,bid,,,2287874
2026-07-01T22:14:11.686792,2026-07-01T12:14:13.096360+00:00,85.4,200,bid,,,2287891
2026-07-01T22:14:12.094007,2026-07-01T12:14:13.512027+00:00,85.3,4,ask,,,2287899
2026-07-01T22:14:12.911509,2026-07-01T12:14:14.323787+00:00,85.3,200,bid,,,2287926
2026-07-01T22:14:15.331348,2026-07-01T12:14:16.756408+00:00,85.3,200,bid,,,2287976
2026-07-01T22:14:17.380035,2026-07-01T12:14:18.790090+00:00,85.4,200,bid,,,2288010
2026-07-01T22:14:17.726050,2026-07-01T12:14:19.140687+00:00,85.6,2,bid,,,2288022
2026-07-01T22:14:17.726050,2026-07-01T12:14:19.140687+00:00,85.6,8,bid,,,2288023
2026-07-01T22:14:18.196499,2026-07-01T12:14:19.608926+00:00,85.5,10,ask,,,2288033
2026-07-01T22:14:18.705785,2026-07-01T12:14:20.121415+00:00,85.5,190,ask,,,2288045
2026-07-01T22:14:18.780252,2026-07-01T12:14:20.197493+00:00,85.5,35,bid,,,2288048
2026-07-01T22:14:18.881262,2026-07-01T12:14:20.306999+00:00,85.5,15,bid,,,2288059
2026-07-01T22:14:19.213751,2026-07-01T12:14:20.634388+00:00,85.4,20,ask,,,2288069
2026-07-01T22:14:21.382003,2026-07-01T12:14:22.800659+00:00,85.5,200,bid,,,2288099
2026-07-01T22:14:21.390128,2026-07-01T12:14:22.800659+00:00,85.5,35,bid,,,2288100
2026-07-01T22:14:21.479332,2026-07-01T12:14:22.898679+00:00,85.5,35,bid,,,2288102
2026-07-01T22:14:21.570914,2026-07-01T12:14:22.985612+00:00,85.5,12,bid,,,2288104
2026-07-01T22:14:24.182181,2026-07-01T12:14:25.593944+00:00,85.5,25,bid,,,2288169
2026-07-01T22:14:25.022865,2026-07-01T12:14:26.436480+00:00,85.5,200,bid,,,2288184
2026-07-01T22:14:29.862233,2026-07-01T12:14:31.272719+00:00,85.4,200,ask,,,2288296
2026-07-01T22:14:30.586951,2026-07-01T12:14:32.005393+00:00,85.4,500,ask,,,2288304
2026-07-01T22:14:30.972680,2026-07-01T12:14:32.388203+00:00,85.4,125,bid,,,2288317
2026-07-01T22:14:31.070701,2026-07-01T12:14:32.487040+00:00,85.5,200,ask,,,2288320
2026-07-01T22:14:32.278575,2026-07-01T12:14:33.688434+00:00,85.5,200,ask,,,2288344
2026-07-01T22:14:33.487921,2026-07-01T12:14:34.900048+00:00,85.5,200,ask,,,2288378
2026-07-01T22:14:34.527956,2026-07-01T12:14:35.951987+00:00,85.5,500,ask,,,2288408
2026-07-01T22:14:34.613624,2026-07-01T12:14:36.028308+00:00,85.5,125,bid,,,2288409
2026-07-01T22:14:34.698341,2026-07-01T12:14:36.114716+00:00,85.5,200,ask,,,2288411
2026-07-01T22:14:35.867743,2026-07-01T12:14:37.285571+00:00,85.7,4,bid,,,2288440
2026-07-01T22:14:35.907464,2026-07-01T12:14:37.318088+00:00,85.7,200,ask,,,2288447
2026-07-01T22:14:35.947182,2026-07-01T12:14:37.362636+00:00,85.7,150,ask,,,2288450
2026-07-01T22:14:37.121516,2026-07-01T12:14:38.533211+00:00,85.7,200,ask,,,2288471
2026-07-01T22:14:38.330513,2026-07-01T12:14:39.742394+00:00,85.4,200,ask,,,2288511
2026-07-01T22:14:40.076192,2026-07-01T12:14:41.489141+00:00,85.5,500,bid,,,2288547
2026-07-01T22:14:41.151873,2026-07-01T12:14:42.562673+00:00,85.6,200,bid,,,2288580
2026-07-01T22:14:41.151873,2026-07-01T12:14:42.573673+00:00,85.7,3,bid,,,2288581
2026-07-01T22:14:41.203558,2026-07-01T12:14:42.617715+00:00,85.7,10,ask,,,2288583
2026-07-01T22:14:41.301890,2026-07-01T12:14:42.715632+00:00,85.7,20,ask,,,2288585
2026-07-01T22:14:43.792214,2026-07-01T12:14:45.204522+00:00,85.6,35,bid,,,2288637
2026-07-01T22:14:43.881648,2026-07-01T12:14:45.291809+00:00,85.6,35,bid,,,2288639
2026-07-01T22:14:43.972913,2026-07-01T12:14:45.387923+00:00,85.6,29,bid,,,2288641
2026-07-01T22:14:45.995393,2026-07-01T12:14:47.410672+00:00,85.5,35,ask,,,2288680
2026-07-01T22:14:46.085102,2026-07-01T12:14:47.498671+00:00,85.5,35,ask,,,2288683
2026-07-01T22:14:46.176121,2026-07-01T12:14:47.586188+00:00,85.5,29,ask,,,2288687
2026-07-01T22:14:48.543992,2026-07-01T12:14:49.956525+00:00,85.5,500,bid,,,2288732
2026-07-01T22:14:49.030566,2026-07-01T12:14:50.446646+00:00,85.5,200,bid,,,2288744
2026-07-01T22:14:51.921695,2026-07-01T12:14:53.338607+00:00,85.6,20,bid,,,2288818
2026-07-01T22:14:52.864350,2026-07-01T12:14:54.282593+00:00,85.5,200,ask,,,2288846
2026-07-01T22:14:53.131549,2026-07-01T12:14:54.543619+00:00,85.8,1,bid,,,2288854
2026-07-01T22:14:53.131549,2026-07-01T12:14:54.543619+00:00,85.8,9,bid,,,2288855
2026-07-01T22:14:54.073697,2026-07-01T12:14:55.488735+00:00,85.6,200,ask,,,2288872
2026-07-01T22:14:55.606004,2026-07-01T12:14:57.026928+00:00,85.7,3,bid,,,2288908
2026-07-01T22:14:55.606004,2026-07-01T12:14:57.026928+00:00,85.7,200,bid,,,2288909
2026-07-01T22:14:56.932273,2026-07-01T12:14:58.351626+00:00,85.8,200,ask,,,2288947
2026-07-01T22:14:59.221317,2026-07-01T12:15:00.631789+00:00,85.8,25,ask,,,2288994
2026-07-01T22:14:59.592842,2026-07-01T12:15:01.004677+00:00,85.7,200,ask,,,2289004
2026-07-01T22:15:04.853404,2026-07-01T12:15:06.270730+00:00,85.7,200,ask,,,2289088
2026-07-01T22:15:04.956454,2026-07-01T12:15:06.368679+00:00,85.7,200,bid,,,2289093
2026-07-01T22:15:06.167477,2026-07-01T12:15:07.581077+00:00,85.7,200,bid,,,2289120
2026-07-01T22:15:07.381074,2026-07-01T12:15:08.790031+00:00,85.6,14,ask,,,2289139
2026-07-01T22:15:07.429681,2026-07-01T12:15:08.844288+00:00,85.6,35,bid,,,2289140
2026-07-01T22:15:07.471216,2026-07-01T12:15:08.887814+00:00,85.6,151,bid,,,2289142
2026-07-01T22:15:11.012902,2026-07-01T12:15:12.425373+00:00,85.8,200,bid,,,2289212
2026-07-01T22:15:12.223152,2026-07-01T12:15:13.636404+00:00,85.8,200,bid,,,2289239
2026-07-01T22:15:12.582477,2026-07-01T12:15:13.998617+00:00,85.8,20,bid,,,2289243
2026-07-01T22:15:13.438438,2026-07-01T12:15:14.851147+00:00,85.8,200,ask,,,2289267
2026-07-01T22:15:13.778292,2026-07-01T12:15:15.199520+00:00,85.9,2,bid,,,2289270
2026-07-01T22:15:13.883867,2026-07-01T12:15:15.296840+00:00,86.0,3,bid,,,2289279
2026-07-01T22:15:15.337420,2026-07-01T12:15:16.747604+00:00,85.9,8,bid,,,2289315
2026-07-01T22:15:15.368372,2026-07-01T12:15:16.780541+00:00,85.8,200,ask,,,2289320
2026-07-01T22:15:15.451033,2026-07-01T12:15:16.867706+00:00,85.8,7,bid,,,2289322
2026-07-01T22:15:17.998189,2026-07-01T12:15:19.417675+00:00,85.7,200,ask,,,2289384
2026-07-01T22:15:18.273903,2026-07-01T12:15:19.690855+00:00,85.7,200,bid,,,2289389
2026-07-01T22:15:19.484114,2026-07-01T12:15:20.896825+00:00,85.7,200,ask,,,2289411
2026-07-01T22:15:21.921464,2026-07-01T12:15:23.335741+00:00,85.7,200,bid,,,2289455
2026-07-01T22:15:27.226286,2026-07-01T12:15:28.643082+00:00,85.7,200,bid,,,2289571
2026-07-01T22:15:27.777229,2026-07-01T12:15:29.190934+00:00,85.7,20,ask,,,2289580
2026-07-01T22:15:30.414572,2026-07-01T12:15:31.824692+00:00,85.8,200,bid,,,2289639
2026-07-01T22:15:31.504094,2026-07-01T12:15:32.915531+00:00,85.9,1,bid,,,2289667
2026-07-01T22:15:31.504094,2026-07-01T12:15:32.915531+00:00,85.9,9,bid,,,2289668
2026-07-01T22:15:33.648734,2026-07-01T12:15:35.066823+00:00,85.9,150,bid,,,2289710
2026-07-01T22:15:35.127383,2026-07-01T12:15:36.541321+00:00,85.9,500,bid,,,2289752
2026-07-01T22:15:35.127383,2026-07-01T12:15:36.541321+00:00,85.9,2,bid,,,2289753
2026-07-01T22:15:35.180892,2026-07-01T12:15:36.596333+00:00,85.9,123,ask,,,2289754
2026-07-01T22:15:36.518814,2026-07-01T12:15:37.930447+00:00,85.7,10,bid,,,2289794
2026-07-01T22:15:38.926413,2026-07-01T12:15:40.336526+00:00,85.7,200,ask,,,2289836
2026-07-01T22:15:39.793242,2026-07-01T12:15:41.208818+00:00,85.7,20,bid,,,2289858
2026-07-01T22:15:41.344629,2026-07-01T12:15:42.759782+00:00,85.7,200,bid,,,2289876
2026-07-01T22:15:42.557826,2026-07-01T12:15:43.968048+00:00,85.8,200,ask,,,2289902
2026-07-01T22:15:44.377559,2026-07-01T12:15:45.801458+00:00,85.6,200,ask,,,2289937
2026-07-01T22:15:44.412925,2026-07-01T12:15:45.823458+00:00,85.6,35,bid,,,2289938
2026-07-01T22:15:44.502969,2026-07-01T12:15:45.922473+00:00,85.6,35,bid,,,2289940
2026-07-01T22:15:44.593900,2026-07-01T12:15:46.010028+00:00,85.6,30,bid,,,2289944
