timestamp,recv_time,price,volume,aggressor_side,buyer,seller,trade_id
2026-07-07T23:00:02.336119,2026-07-07T23:00:02.345637+00:00,137.1,200,bid,,,11409284
2026-07-07T23:00:03.569718,2026-07-07T23:00:03.573733+00:00,137.2,11,ask,,,11409303
2026-07-07T23:00:03.910260,2026-07-07T23:00:03.922179+00:00,137.2,20,ask,,,11409306
2026-07-07T23:00:06.550914,2026-07-07T23:00:06.562449+00:00,137.3,20,bid,,,11409347
2026-07-07T23:00:10.834809,2026-07-07T23:00:10.843187+00:00,137.0,200,ask,,,11409400
2026-07-07T23:00:14.466205,2026-07-07T23:00:14.477101+00:00,137.0,200,bid,,,11409445
2026-07-07T23:00:18.397310,2026-07-07T23:00:18.407498+00:00,137.0,200,ask,,,11409494
2026-07-07T23:00:21.716035,2026-07-07T23:00:21.726203+00:00,136.8,200,ask,,,11409541
2026-07-07T23:00:22.127895,2026-07-07T23:00:22.131911+00:00,136.8,12,ask,,,11409550
2026-07-07T23:00:22.736326,2026-07-07T23:00:22.748494+00:00,137.0,20,bid,,,11409555
2026-07-07T23:00:23.402517,2026-07-07T23:00:23.409403+00:00,136.9,200,bid,,,11409566
2026-07-07T23:00:24.608482,2026-07-07T23:00:24.619257+00:00,137.0,200,bid,,,11409583
2026-07-07T23:00:24.981303,2026-07-07T23:00:24.988320+00:00,137.0,300,ask,,,11409584
2026-07-07T23:00:25.338824,2026-07-07T23:00:25.349299+00:00,137.0,200,bid,,,11409592
2026-07-07T23:00:27.605380,2026-07-07T23:00:27.612038+00:00,137.1,200,bid,,,11409615
2026-07-07T23:00:27.755575,2026-07-07T23:00:27.758367+00:00,137.1,200,ask,,,11409619
2026-07-07T23:00:28.928352,2026-07-07T23:00:28.936286+00:00,137.1,500,ask,,,11409637
2026-07-07T23:00:28.959031,2026-07-07T23:00:28.963028+00:00,137.1,23,bid,,,11409641
2026-07-07T23:00:28.984520,2026-07-07T23:00:28.988945+00:00,137.0,3,bid,,,11409643
2026-07-07T23:00:29.447660,2026-07-07T23:00:29.458595+00:00,137.0,197,bid,,,11409649
2026-07-07T23:00:29.447660,2026-07-07T23:00:29.458595+00:00,137.1,102,bid,,,11409650
2026-07-07T23:00:30.170597,2026-07-07T23:00:30.179528+00:00,137.1,200,ask,,,11409657
2026-07-07T23:00:31.378755,2026-07-07T23:00:31.389198+00:00,137.3,200,ask,,,11409677
2026-07-07T23:00:33.491444,2026-07-07T23:00:33.500899+00:00,137.3,20,ask,,,11409705
2026-07-07T23:00:33.806086,2026-07-07T23:00:33.813089+00:00,137.4,200,bid,,,11409719
2026-07-07T23:00:34.783811,2026-07-07T23:00:34.788266+00:00,137.3,3,ask,,,11409727
2026-07-07T23:00:36.244771,2026-07-07T23:00:36.248864+00:00,137.4,11,ask,,,11409747
2026-07-07T23:00:36.720694,2026-07-07T23:00:36.730919+00:00,137.4,189,ask,,,11409753
2026-07-07T23:00:37.431455,2026-07-07T23:00:37.440857+00:00,137.4,200,bid,,,11409765
2026-07-07T23:00:38.638897,2026-07-07T23:00:38.647921+00:00,137.3,200,bid,,,11409785
2026-07-07T23:00:39.847691,2026-07-07T23:00:39.854204+00:00,137.4,200,bid,,,11409803
2026-07-07T23:00:40.745801,2026-07-07T23:00:40.758560+00:00,137.4,500,bid,,,11409815
2026-07-07T23:00:40.957506,2026-07-07T23:00:40.979404+00:00,137.5,125,ask,,,11409818
2026-07-07T23:00:40.975893,2026-07-07T23:00:40.979404+00:00,137.4,11,bid,,,11409820
2026-07-07T23:00:41.054544,2026-07-07T23:00:41.064363+00:00,137.4,200,bid,,,11409823
2026-07-07T23:00:42.076190,2026-07-07T23:00:42.080184+00:00,137.1,46,ask,,,11409839
2026-07-07T23:00:42.261627,2026-07-07T23:00:42.269324+00:00,137.3,200,bid,,,11409845
2026-07-07T23:00:43.371364,2026-07-07T23:00:43.393221+00:00,137.2,500,bid,,,11409858
2026-07-07T23:00:43.388598,2026-07-07T23:00:43.393221+00:00,137.3,15,ask,,,11409862
2026-07-07T23:00:43.406183,2026-07-07T23:00:43.414095+00:00,137.3,110,ask,,,11409863
2026-07-07T23:00:43.468266,2026-07-07T23:00:43.479095+00:00,137.3,200,bid,,,11409866
2026-07-07T23:00:44.675933,2026-07-07T23:00:44.686940+00:00,137.3,200,bid,,,11409876
2026-07-07T23:00:45.827909,2026-07-07T23:00:45.837897+00:00,137.1,20,bid,,,11409889
2026-07-07T23:00:45.888032,2026-07-07T23:00:45.896445+00:00,137.1,200,bid,,,11409891
2026-07-07T23:00:47.097184,2026-07-07T23:00:47.106961+00:00,137.2,200,bid,,,11409908
2026-07-07T23:00:47.307873,2026-07-07T23:00:47.317292+00:00,137.2,500,bid,,,11409910
2026-07-07T23:00:47.621516,2026-07-07T23:00:47.628498+00:00,137.2,125,ask,,,11409915
2026-07-07T23:00:48.620069,2026-07-07T23:00:48.626684+00:00,137.1,200,ask,,,11409924
2026-07-07T23:00:48.638284,2026-07-07T23:00:48.642290+00:00,137.0,15,bid,,,11409926
2026-07-07T23:00:49.520450,2026-07-07T23:00:49.528743+00:00,137.0,200,bid,,,11409939
2026-07-07T23:00:50.731013,2026-07-07T23:00:50.739774+00:00,137.0,200,bid,,,11409956
2026-07-07T23:00:52.590388,2026-07-07T23:00:52.600326+00:00,137.2,20,bid,,,11409987
2026-07-07T23:00:53.714953,2026-07-07T23:00:53.718903+00:00,137.2,12,bid,,,11410001
2026-07-07T23:00:55.176399,2026-07-07T23:00:55.194230+00:00,137.2,200,ask,,,11410024
2026-07-07T23:00:55.190370,2026-07-07T23:00:55.194230+00:00,137.1,11,bid,,,11410026
2026-07-07T23:00:55.577971,2026-07-07T23:00:55.588144+00:00,137.1,200,bid,,,11410035
2026-07-07T23:00:58.007970,2026-07-07T23:00:58.017367+00:00,137.1,200,ask,,,11410069
2026-07-07T23:00:58.964611,2026-07-07T23:00:58.975949+00:00,137.3,20,bid,,,11410090
2026-07-07T23:01:00.462517,2026-07-07T23:01:00.469339+00:00,136.9,200,ask,,,11410116
2026-07-07T23:01:00.483364,2026-07-07T23:01:00.487822+00:00,136.9,12,bid,,,11410118
2026-07-07T23:01:01.771037,2026-07-07T23:01:01.778500+00:00,137.0,200,bid,,,11410138
2026-07-07T23:01:04.395548,2026-07-07T23:01:04.404619+00:00,137.0,200,ask,,,11410173
2026-07-07T23:01:05.259105,2026-07-07T23:01:05.268153+00:00,137.0,200,bid,,,11410189
2026-07-07T23:01:08.348810,2026-07-07T23:01:08.353802+00:00,137.0,200,ask,,,11410220
2026-07-07T23:01:09.659115,2026-07-07T23:01:09.680694+00:00,137.0,200,bid,,,11410240
2026-07-07T23:01:09.676837,2026-07-07T23:01:09.680694+00:00,137.1,35,ask,,,11410242
2026-07-07T23:01:11.304458,2026-07-07T23:01:11.312390+00:00,137.0,200,bid,,,11410267
2026-07-07T23:01:12.731283,2026-07-07T23:01:12.735826+00:00,137.0,23,bid,,,11410283
2026-07-07T23:01:13.661697,2026-07-07T23:01:13.670041+00:00,137.0,177,bid,,,11410298
2026-07-07T23:01:13.661697,2026-07-07T23:01:13.670041+00:00,137.0,323,bid,,,11410299
2026-07-07T23:01:13.723929,2026-07-07T23:01:13.734619+00:00,137.0,200,bid,,,11410301
2026-07-07T23:01:14.257812,2026-07-07T23:01:14.259405+00:00,137.0,102,bid,,,11410306
2026-07-07T23:01:14.921260,2026-07-07T23:01:14.929959+00:00,137.2,200,bid,,,11410315
2026-07-07T23:01:16.085799,2026-07-07T23:01:16.096495+00:00,137.3,200,bid,,,11410336
2026-07-07T23:01:16.482396,2026-07-07T23:01:16.494260+00:00,137.5,20,bid,,,11410340
2026-07-07T23:01:18.482745,2026-07-07T23:01:18.489820+00:00,137.4,500,bid,,,11410375
2026-07-07T23:01:18.849946,2026-07-07T23:01:18.858600+00:00,137.3,200,bid,,,11410382
2026-07-07T23:01:18.932620,2026-07-07T23:01:18.936159+00:00,137.5,34,ask,,,11410385
2026-07-07T23:01:19.768982,2026-07-07T23:01:19.776433+00:00,137.5,200,ask,,,11410402
2026-07-07T23:01:20.978118,2026-07-07T23:01:20.994399+00:00,137.4,200,ask,,,11410421
2026-07-07T23:01:26.741533,2026-07-07T23:01:26.750214+00:00,137.4,200,ask,,,11410492
2026-07-07T23:01:26.741533,2026-07-07T23:01:26.750214+00:00,137.4,425,ask,,,11410493
2026-07-07T23:01:27.041262,2026-07-07T23:01:27.049772+00:00,137.4,200,ask,,,11410496
2026-07-07T23:01:27.719551,2026-07-07T23:01:27.731249+00:00,137.4,20,ask,,,11410509
2026-07-07T23:01:28.048065,2026-07-07T23:01:28.058690+00:00,137.4,20,ask,,,11410512
2026-07-07T23:01:29.370637,2026-07-07T23:01:29.380624+00:00,137.5,200,bid,,,11410531
2026-07-07T23:01:29.425199,2026-07-07T23:01:29.429299+00:00,137.7,34,ask,,,11410537
2026-07-07T23:01:30.509960,2026-07-07T23:01:30.521639+00:00,137.8,20,bid,,,11410553
2026-07-07T23:01:30.693656,2026-07-07T23:01:30.701240+00:00,137.7,200,ask,,,11410559
2026-07-07T23:01:30.833839,2026-07-07T23:01:30.845500+00:00,137.7,20,bid,,,11410562
2026-07-07T23:01:37.275353,2026-07-07T23:01:37.286654+00:00,137.9,200,bid,,,11410646
2026-07-07T23:01:37.949621,2026-07-07T23:01:37.963794+00:00,137.9,200,ask,,,11410653
2026-07-07T23:01:39.157345,2026-07-07T23:01:39.169014+00:00,137.8,200,bid,,,11410665
2026-07-07T23:01:41.583461,2026-07-07T23:01:41.591776+00:00,137.8,200,bid,,,11410688
2026-07-07T23:01:43.457376,2026-07-07T23:01:43.465576+00:00,137.7,20,ask,,,11410715
2026-07-07T23:01:44.020846,2026-07-07T23:01:44.024675+00:00,137.9,6,ask,,,11410722
2026-07-07T23:01:44.779453,2026-07-07T23:01:44.791303+00:00,137.9,20,ask,,,11410732
2026-07-07T23:01:45.178088,2026-07-07T23:01:45.185002+00:00,137.9,174,ask,,,11410738
2026-07-07T23:01:46.493504,2026-07-07T23:01:46.501189+00:00,137.8,200,bid,,,11410765
2026-07-07T23:01:50.441654,2026-07-07T23:01:50.445614+00:00,137.8,6,bid,,,11410824
2026-07-07T23:01:51.436737,2026-07-07T23:01:51.446540+00:00,137.6,20,ask,,,11410846
2026-07-07T23:01:53.703871,2026-07-07T23:01:53.714011+00:00,137.6,200,ask,,,11410878
2026-07-07T23:01:55.683794,2026-07-07T23:01:55.690353+00:00,137.5,200,ask,,,11410895
2026-07-07T23:01:55.701791,2026-07-07T23:01:55.705733+00:00,137.5,23,bid,,,11410897
2026-07-07T23:01:56.527773,2026-07-07T23:01:56.539104+00:00,137.4,20,ask,,,11410908
2026-07-07T23:01:57.008103,2026-07-07T23:01:57.011934+00:00,137.6,12,ask,,,11410910
2026-07-07T23:01:59.615186,2026-07-07T23:01:59.622807+00:00,137.5,200,ask,,,11410949
2026-07-07T23:01:59.754566,2026-07-07T23:01:59.761061+00:00,137.4,200,bid,,,11410958
2026-07-07T23:02:02.172039,2026-07-07T23:02:02.180304+00:00,137.4,200,ask,,,11410975
2026-07-07T23:02:03.056975,2026-07-07T23:02:03.058557+00:00,137.3,20,ask,,,11410986
2026-07-07T23:02:03.289220,2026-07-07T23:02:03.293964+00:00,137.5,23,bid,,,11410988
2026-07-07T23:02:03.402997,2026-07-07T23:02:03.407240+00:00,137.4,11,bid,,,11410991
2026-07-07T23:02:05.470161,2026-07-07T23:02:05.481654+00:00,137.2,20,ask,,,11411023
2026-07-07T23:02:05.818383,2026-07-07T23:02:05.822285+00:00,137.3,12,bid,,,11411028
2026-07-07T23:02:08.222140,2026-07-07T23:02:08.230625+00:00,137.2,200,ask,,,11411053
2026-07-07T23:02:13.932913,2026-07-07T23:02:13.944711+00:00,136.9,20,ask,,,11411108
2026-07-07T23:02:17.924312,2026-07-07T23:02:17.933275+00:00,137.3,200,bid,,,11411146
2026-07-07T23:02:19.563740,2026-07-07T23:02:19.573719+00:00,137.3,20,ask,,,11411170
2026-07-07T23:02:23.479184,2026-07-07T23:02:23.490853+00:00,137.5,20,bid,,,11411225
2026-07-07T23:02:23.915472,2026-07-07T23:02:23.922867+00:00,137.4,200,ask,,,11411232
2026-07-07T23:02:25.881300,2026-07-07T23:02:25.888751+00:00,137.4,500,bid,,,11411257
2026-07-07T23:02:25.899933,2026-07-07T23:02:25.904171+00:00,137.4,12,ask,,,11411259
2026-07-07T23:02:26.415774,2026-07-07T23:02:26.424202+00:00,137.4,113,ask,,,11411263
2026-07-07T23:02:28.550345,2026-07-07T23:02:28.558628+00:00,137.4,20,bid,,,11411284
2026-07-07T23:02:31.778395,2026-07-07T23:02:31.786652+00:00,137.4,200,ask,,,11411327
2026-07-07T23:02:31.805315,2026-07-07T23:02:31.810215+00:00,137.4,12,bid,,,11411330
2026-07-07T23:02:32.414310,2026-07-07T23:02:32.421636+00:00,137.3,500,ask,,,11411338
2026-07-07T23:02:32.457083,2026-07-07T23:02:32.463906+00:00,137.2,200,bid,,,11411341
2026-07-07T23:02:33.663873,2026-07-07T23:02:33.673515+00:00,137.2,200,bid,,,11411352
2026-07-07T23:02:34.873235,2026-07-07T23:02:34.884356+00:00,137.2,200,ask,,,11411369
2026-07-07T23:02:35.095396,2026-07-07T23:02:35.099187+00:00,137.2,11,bid,,,11411372
2026-07-07T23:02:37.700397,2026-07-07T23:02:37.708987+00:00,137.4,500,bid,,,11411407
2026-07-07T23:02:37.700397,2026-07-07T23:02:37.708987+00:00,137.4,125,bid,,,11411408
2026-07-07T23:02:38.675624,2026-07-07T23:02:38.687420+00:00,137.3,20,ask,,,11411422
2026-07-07T23:02:39.017346,2026-07-07T23:02:39.024880+00:00,137.3,180,ask,,,11411423
2026-07-07T23:02:40.927625,2026-07-07T23:02:40.936612+00:00,137.1,200,ask,,,11411456
2026-07-07T23:02:42.135375,2026-07-07T23:02:42.158589+00:00,137.2,200,bid,,,11411469
2026-07-07T23:02:43.288626,2026-07-07T23:02:43.297917+00:00,137.1,500,ask,,,11411478
2026-07-07T23:02:43.885765,2026-07-07T23:02:43.895519+00:00,137.1,125,ask,,,11411490
2026-07-07T23:02:44.269085,2026-07-07T23:02:44.278325+00:00,137.0,200,ask,,,11411497
2026-07-07T23:02:44.550763,2026-07-07T23:02:44.563788+00:00,137.0,200,bid,,,11411500
2026-07-07T23:02:45.581433,2026-07-07T23:02:45.590450+00:00,137.1,500,bid,,,11411512
2026-07-07T23:02:45.721277,2026-07-07T23:02:45.729855+00:00,137.1,125,ask,,,11411515
2026-07-07T23:02:46.895969,2026-07-07T23:02:46.905218+00:00,137.0,200,ask,,,11411532
2026-07-07T23:02:46.972888,2026-07-07T23:02:46.980671+00:00,137.0,200,bid,,,11411535
2026-07-07T23:02:48.110868,2026-07-07T23:02:48.122721+00:00,136.8,20,ask,,,11411547
2026-07-07T23:02:48.208042,2026-07-07T23:02:48.215130+00:00,137.1,200,bid,,,11411553
2026-07-07T23:02:48.208042,2026-07-07T23:02:48.220617+00:00,137.2,425,bid,,,11411554
2026-07-07T23:02:50.835885,2026-07-07T23:02:50.839973+00:00,136.9,11,ask,,,11411594
2026-07-07T23:02:53.998324,2026-07-07T23:02:54.002363+00:00,136.9,12,ask,,,11411644
2026-07-07T23:02:57.887977,2026-07-07T23:02:57.899019+00:00,136.7,200,ask,,,11411694
2026-07-07T23:02:58.764308,2026-07-07T23:02:58.768136+00:00,136.8,11,ask,,,11411706
2026-07-07T23:03:07.584001,2026-07-07T23:03:07.592625+00:00,136.7,200,ask,,,11411826
2026-07-07T23:03:08.793587,2026-07-07T23:03:08.810229+00:00,136.8,200,bid,,,11411850
2026-07-07T23:03:10.017731,2026-07-07T23:03:10.022175+00:00,136.8,11,bid,,,11411870
2026-07-07T23:03:11.162756,2026-07-07T23:03:11.169219+00:00,136.8,20,bid,,,11411886
2026-07-07T23:03:16.047576,2026-07-07T23:03:16.064013+00:00,136.9,20,bid,,,11411949
2026-07-07T23:03:16.054613,2026-07-07T23:03:16.064013+00:00,136.9,200,bid,,,11411951
2026-07-07T23:03:19.265528,2026-07-07T23:03:19.269972+00:00,137.2,23,bid,,,11411997
2026-07-07T23:03:19.708028,2026-07-07T23:03:19.712390+00:00,137.1,12,bid,,,11412003
2026-07-07T23:03:19.814565,2026-07-07T23:03:19.825608+00:00,137.1,188,bid,,,11412005
2026-07-07T23:03:20.237232,2026-07-07T23:03:20.245429+00:00,137.2,437,ask,,,11412009
2026-07-07T23:03:20.912531,2026-07-07T23:03:20.916789+00:00,137.0,11,bid,,,11412022
2026-07-07T23:03:24.531016,2026-07-07T23:03:24.543784+00:00,137.0,200,ask,,,11412061
2026-07-07T23:03:27.719162,2026-07-07T23:03:27.728117+00:00,137.0,200,ask,,,11412095
2026-07-07T23:03:27.907837,2026-07-07T23:03:27.919728+00:00,137.0,20,bid,,,11412099
2026-07-07T23:03:28.170220,2026-07-07T23:03:28.180237+00:00,136.9,200,ask,,,11412108
2026-07-07T23:03:29.380268,2026-07-07T23:03:29.388295+00:00,137.1,200,bid,,,11412123
2026-07-07T23:03:31.135429,2026-07-07T23:03:31.158610+00:00,137.1,500,bid,,,11412141
2026-07-07T23:03:31.646604,2026-07-07T23:03:31.658614+00:00,137.1,200,bid,,,11412148
2026-07-07T23:03:31.918277,2026-07-07T23:03:31.922148+00:00,137.3,3,bid,,,11412154
2026-07-07T23:03:35.432407,2026-07-07T23:03:35.440253+00:00,137.2,200,bid,,,11412194
2026-07-07T23:03:36.738489,2026-07-07T23:03:36.750307+00:00,137.2,20,ask,,,11412208
2026-07-07T23:03:39.149482,2026-07-07T23:03:39.155984+00:00,137.4,20,bid,,,11412237
2026-07-07T23:03:40.854549,2026-07-07T23:03:40.864050+00:00,137.1,200,ask,,,11412266
2026-07-07T23:03:41.497107,2026-07-07T23:03:41.506741+00:00,137.1,200,bid,,,11412274
2026-07-07T23:03:44.586785,2026-07-07T23:03:44.591224+00:00,137.3,26,bid,,,11412324
2026-07-07T23:03:47.011736,2026-07-07T23:03:47.023565+00:00,137.4,20,bid,,,11412355
2026-07-07T23:03:47.554018,2026-07-07T23:03:47.558603+00:00,137.4,200,bid,,,11412358
2026-07-07T23:03:48.765348,2026-07-07T23:03:48.772143+00:00,137.5,200,ask,,,11412373
2026-07-07T23:03:49.974478,2026-07-07T23:03:49.982770+00:00,137.5,200,ask,,,11412382
2026-07-07T23:03:51.181797,2026-07-07T23:03:51.193308+00:00,137.3,200,ask,,,11412397
2026-07-07T23:03:53.972273,2026-07-07T23:03:53.981172+00:00,137.3,200,ask,,,11412431
2026-07-07T23:03:54.014527,2026-07-07T23:03:54.022664+00:00,137.0,20,ask,,,11412432
2026-07-07T23:03:54.381412,2026-07-07T23:03:54.392831+00:00,137.3,20,bid,,,11412436
2026-07-07T23:03:57.248943,2026-07-07T23:03:57.253353+00:00,137.0,26,ask,,,11412477
2026-07-07T23:04:06.952248,2026-07-07T23:04:06.955704+00:00,137.1,3,bid,,,11412596
2026-07-07T23:04:08.169655,2026-07-07T23:04:08.174641+00:00,137.0,11,bid,,,11412614
2026-07-07T23:04:08.255392,2026-07-07T23:04:08.267543+00:00,136.9,20,ask,,,11412615
2026-07-07T23:04:08.426968,2026-07-07T23:04:08.436758+00:00,137.0,189,bid,,,11412616
2026-07-07T23:04:09.356634,2026-07-07T23:04:09.368736+00:00,137.0,200,ask,,,11412635
2026-07-07T23:04:09.755874,2026-07-07T23:04:09.760208+00:00,136.8,23,bid,,,11412640
2026-07-07T23:04:12.994615,2026-07-07T23:04:13.005616+00:00,136.9,200,bid,,,11412688
2026-07-07T23:04:14.142508,2026-07-07T23:04:14.158885+00:00,136.8,500,ask,,,11412697
2026-07-07T23:04:14.322067,2026-07-07T23:04:14.331132+00:00,136.9,20,bid,,,11412702
2026-07-07T23:04:16.625870,2026-07-07T23:04:16.633624+00:00,136.7,200,bid,,,11412724
2026-07-07T23:04:17.601997,2026-07-07T23:04:17.609030+00:00,136.6,500,bid,,,11412741
2026-07-07T23:04:17.786459,2026-07-07T23:04:17.793096+00:00,136.6,125,ask,,,11412743
2026-07-07T23:04:17.834349,2026-07-07T23:04:17.844897+00:00,136.5,200,bid,,,11412745
2026-07-07T23:04:19.021705,2026-07-07T23:04:19.026092+00:00,136.4,12,bid,,,11412764
2026-07-07T23:04:19.042315,2026-07-07T23:04:19.052347+00:00,136.4,200,bid,,,11412765
2026-07-07T23:04:19.489924,2026-07-07T23:04:19.494008+00:00,136.3,23,ask,,,11412777
2026-07-07T23:04:19.602090,2026-07-07T23:04:19.610128+00:00,136.3,500,ask,,,11412778
2026-07-07T23:04:19.626354,2026-07-07T23:04:19.636326+00:00,136.6,20,bid,,,11412781
2026-07-07T23:04:20.196468,2026-07-07T23:04:20.207758+00:00,136.3,102,ask,,,11412785
2026-07-07T23:04:20.220899,2026-07-07T23:04:20.229165+00:00,136.2,398,bid,,,11412786
2026-07-07T23:04:20.251790,2026-07-07T23:04:20.268138+00:00,136.4,200,bid,,,11412788
2026-07-07T23:04:20.801103,2026-07-07T23:04:20.812807+00:00,136.2,227,ask,,,11412795
2026-07-07T23:04:21.469893,2026-07-07T23:04:21.480884+00:00,136.2,200,bid,,,11412807
2026-07-07T23:04:22.680365,2026-07-07T23:04:22.687741+00:00,136.2,200,bid,,,11412822
2026-07-07T23:04:22.842898,2026-07-07T23:04:22.851056+00:00,136.2,500,bid,,,11412824
2026-07-07T23:04:23.236058,2026-07-07T23:04:23.247458+00:00,136.2,125,ask,,,11412827
2026-07-07T23:04:23.887369,2026-07-07T23:04:23.895129+00:00,136.2,200,bid,,,11412840
2026-07-07T23:04:25.094118,2026-07-07T23:04:25.102822+00:00,136.0,200,bid,,,11412862
2026-07-07T23:04:25.773145,2026-07-07T23:04:25.777259+00:00,136.0,11,bid,,,11412870
2026-07-07T23:04:26.301100,2026-07-07T23:04:26.310853+00:00,136.0,200,bid,,,11412881
2026-07-07T23:04:27.527944,2026-07-07T23:04:27.536110+00:00,136.1,200,bid,,,11412897
2026-07-07T23:04:28.279888,2026-07-07T23:04:28.291473+00:00,136.1,20,bid,,,11412906
2026-07-07T23:04:29.449889,2026-07-07T23:04:29.453578+00:00,136.0,12,bid,,,11412923
2026-07-07T23:04:29.957859,2026-07-07T23:04:29.969478+00:00,136.0,200,bid,,,11412932
2026-07-07T23:04:32.063101,2026-07-07T23:04:32.070162+00:00,135.9,200,ask,,,11412970
2026-07-07T23:04:32.163569,2026-07-07T23:04:32.168263+00:00,135.8,34,bid,,,11412973
2026-07-07T23:04:32.378118,2026-07-07T23:04:32.387135+00:00,135.8,200,bid,,,11412981
2026-07-07T23:04:33.547879,2026-07-07T23:04:33.553012+00:00,135.8,500,ask,,,11412996
2026-07-07T23:04:34.689082,2026-07-07T23:04:34.699818+00:00,135.7,200,ask,,,11413010
2026-07-07T23:04:34.705623,2026-07-07T23:04:34.709633+00:00,135.7,11,bid,,,11413012
2026-07-07T23:04:37.323318,2026-07-07T23:04:37.334384+00:00,135.8,20,bid,,,11413054
2026-07-07T23:04:37.326966,2026-07-07T23:04:37.334384+00:00,135.6,200,ask,,,11413055
2026-07-07T23:04:39.641262,2026-07-07T23:04:39.651196+00:00,135.4,200,ask,,,11413085
2026-07-07T23:04:39.712253,2026-07-07T23:04:39.724240+00:00,135.6,20,bid,,,11413086
2026-07-07T23:04:41.664960,2026-07-07T23:04:41.669334+00:00,135.4,23,ask,,,11413111
2026-07-07T23:04:42.355763,2026-07-07T23:04:42.367564+00:00,135.4,20,ask,,,11413118
2026-07-07T23:04:44.471654,2026-07-07T23:04:44.480129+00:00,135.4,200,ask,,,11413147
2026-07-07T23:04:46.526461,2026-07-07T23:04:46.532787+00:00,135.4,200,ask,,,11413176
2026-07-07T23:04:46.923486,2026-07-07T23:04:46.931722+00:00,135.4,20,bid,,,11413185
2026-07-07T23:04:47.206998,2026-07-07T23:04:47.218636+00:00,135.3,20,ask,,,11413187
2026-07-07T23:04:47.457092,2026-07-07T23:04:47.458561+00:00,135.4,405,bid,,,11413189
2026-07-07T23:04:47.457092,2026-07-07T23:04:47.470156+00:00,135.4,95,bid,,,11413190
2026-07-07T23:04:47.982583,2026-07-07T23:04:47.986757+00:00,135.2,11,ask,,,11413198
2026-07-07T23:04:48.052711,2026-07-07T23:04:48.060421+00:00,135.4,105,bid,,,11413200
2026-07-07T23:04:48.083625,2026-07-07T23:04:48.087346+00:00,135.4,23,ask,,,11413203
2026-07-07T23:04:50.469641,2026-07-07T23:04:50.477708+00:00,135.4,500,ask,,,11413240
2026-07-07T23:04:50.487947,2026-07-07T23:04:50.498887+00:00,135.4,125,bid,,,11413241
2026-07-07T23:04:51.747702,2026-07-07T23:04:51.758568+00:00,135.4,200,ask,,,11413257
2026-07-07T23:04:52.714953,2026-07-07T23:04:52.722341+00:00,135.6,20,bid,,,11413272
2026-07-07T23:04:54.175361,2026-07-07T23:04:54.185563+00:00,135.5,200,bid,,,11413291
2026-07-07T23:04:54.329353,2026-07-07T23:04:54.333516+00:00,135.4,11,ask,,,11413294
2026-07-07T23:04:55.395534,2026-07-07T23:04:55.399343+00:00,135.5,12,ask,,,11413308
2026-07-07T23:04:55.757648,2026-07-07T23:04:55.769417+00:00,135.7,20,bid,,,11413309
2026-07-07T23:04:59.666142,2026-07-07T23:04:59.675011+00:00,135.5,200,ask,,,11413358
2026-07-07T23:04:59.666142,2026-07-07T23:04:59.675011+00:00,135.5,425,ask,,,11413359
2026-07-07T23:04:59.940515,2026-07-07T23:04:59.949253+00:00,135.5,20,ask,,,11413363
2026-07-07T23:05:00.234583,2026-07-07T23:05:00.243710+00:00,135.6,200,ask,,,11413369
2026-07-07T23:05:01.443719,2026-07-07T23:05:01.458623+00:00,135.8,200,ask,,,11413386
2026-07-07T23:05:02.652435,2026-07-07T23:05:02.652931+00:00,135.9,200,ask,,,11413398
2026-07-07T23:05:03.614576,2026-07-07T23:05:03.618524+00:00,135.8,23,bid,,,11413413
2026-07-07T23:05:06.802872,2026-07-07T23:05:06.806727+00:00,135.6,34,ask,,,11413452
2026-07-07T23:05:08.711817,2026-07-07T23:05:08.718302+00:00,135.5,200,ask,,,11413476
2026-07-07T23:05:09.773955,2026-07-07T23:05:09.785534+00:00,135.5,20,bid,,,11413490
2026-07-07T23:05:09.927901,2026-07-07T23:05:09.938589+00:00,135.4,200,ask,,,11413493
2026-07-07T23:05:10.147794,2026-07-07T23:05:10.151690+00:00,135.4,3,ask,,,11413499
2026-07-07T23:05:10.165280,2026-07-07T23:05:10.174760+00:00,135.4,297,ask,,,11413500
2026-07-07T23:05:10.484904,2026-07-07T23:05:10.492937+00:00,135.3,328,bid,,,11413505
2026-07-07T23:05:10.525518,2026-07-07T23:05:10.529509+00:00,135.5,3,ask,,,11413508
2026-07-07T23:05:12.788438,2026-07-07T23:05:12.798668+00:00,135.4,500,ask,,,11413543
2026-07-07T23:05:12.896900,2026-07-07T23:05:12.904861+00:00,135.4,125,bid,,,11413544
2026-07-07T23:05:12.896900,2026-07-07T23:05:12.910042+00:00,135.5,200,bid,,,11413545
2026-07-07T23:05:13.574955,2026-07-07T23:05:13.578891+00:00,135.6,3,bid,,,11413559
2026-07-07T23:05:15.857961,2026-07-07T23:05:15.869478+00:00,135.6,20,bid,,,11413582
2026-07-07T23:05:16.466162,2026-07-07T23:05:16.470496+00:00,135.5,3,ask,,,11413590
2026-07-07T23:05:17.768385,2026-07-07T23:05:17.785413+00:00,135.5,20,ask,,,11413611
2026-07-07T23:05:19.068044,2026-07-07T23:05:19.079737+00:00,135.6,20,bid,,,11413628
2026-07-07T23:05:19.361274,2026-07-07T23:05:19.371022+00:00,135.5,200,ask,,,11413634
2026-07-07T23:05:19.361274,2026-07-07T23:05:19.371022+00:00,135.5,425,ask,,,11413635
2026-07-07T23:05:21.992433,2026-07-07T23:05:21.996788+00:00,135.6,11,ask,,,11413669
2026-07-07T23:05:22.811390,2026-07-07T23:05:22.815453+00:00,135.6,12,ask,,,11413678
2026-07-07T23:05:24.458872,2026-07-07T23:05:24.468930+00:00,135.6,200,ask,,,11413702
2026-07-07T23:05:24.783773,2026-07-07T23:05:24.795674+00:00,135.6,20,bid,,,11413704
2026-07-07T23:05:25.806052,2026-07-07T23:05:25.810011+00:00,135.4,11,ask,,,11413718
2026-07-07T23:05:26.228466,2026-07-07T23:05:26.239753+00:00,135.5,200,bid,,,11413719
2026-07-07T23:05:26.228466,2026-07-07T23:05:26.239753+00:00,135.5,300,bid,,,11413720
2026-07-07T23:05:26.825215,2026-07-07T23:05:26.836338+00:00,135.5,325,bid,,,11413731
2026-07-07T23:05:26.856036,2026-07-07T23:05:26.860271+00:00,135.5,12,ask,,,11413734
2026-07-07T23:05:26.944753,2026-07-07T23:05:26.956533+00:00,135.7,20,bid,,,11413736
2026-07-07T23:05:27.224850,2026-07-07T23:05:27.231425+00:00,135.7,180,bid,,,11413742
2026-07-07T23:05:27.242151,2026-07-07T23:05:27.245864+00:00,135.7,22,ask,,,11413745
2026-07-07T23:05:29.315036,2026-07-07T23:05:29.322275+00:00,135.7,200,ask,,,11413769
2026-07-07T23:05:33.724808,2026-07-07T23:05:33.732221+00:00,135.8,20,bid,,,11413837
2026-07-07T23:05:34.821486,2026-07-07T23:05:34.833098+00:00,135.9,20,bid,,,11413850
2026-07-07T23:05:35.432835,2026-07-07T23:05:35.437139+00:00,135.9,11,bid,,,11413858
2026-07-07T23:05:35.543657,2026-07-07T23:05:35.555180+00:00,135.9,20,bid,,,11413859
2026-07-07T23:05:40.068246,2026-07-07T23:05:40.079649+00:00,135.9,20,ask,,,11413907
2026-07-07T23:05:40.895231,2026-07-07T23:05:40.907144+00:00,136.0,20,bid,,,11413926
2026-07-07T23:05:41.697977,2026-07-07T23:05:41.708702+00:00,136.0,200,bid,,,11413937
2026-07-07T23:05:42.631500,2026-07-07T23:05:42.643796+00:00,136.1,200,ask,,,11413957
2026-07-07T23:05:45.626088,2026-07-07T23:05:45.636737+00:00,136.1,200,bid,,,11413989
2026-07-07T23:05:51.085952,2026-07-07T23:05:51.089872+00:00,136.2,11,bid,,,11414060
2026-07-07T23:05:54.415376,2026-07-07T23:05:54.419415+00:00,136.2,23,bid,,,11414112
2026-07-07T23:05:54.784837,2026-07-07T23:05:54.791391+00:00,136.2,200,bid,,,11414120
2026-07-07T23:05:59.587072,2026-07-07T23:05:59.596525+00:00,136.3,200,bid,,,11414182
2026-07-07T23:06:00.767997,2026-07-07T23:06:00.771836+00:00,136.4,12,bid,,,11414195
2026-07-07T23:06:04.341999,2026-07-07T23:06:04.353503+00:00,136.4,20,bid,,,11414240
2026-07-07T23:06:06.464813,2026-07-07T23:06:06.476551+00:00,136.4,20,bid,,,11414271
2026-07-07T23:06:06.633477,2026-07-07T23:06:06.637376+00:00,136.3,11,bid,,,11414274
2026-07-07T23:06:06.868973,2026-07-07T23:06:06.879372+00:00,136.3,200,bid,,,11414278
2026-07-07T23:06:07.066139,2026-07-07T23:06:07.070486+00:00,136.3,3,bid,,,11414287
2026-07-07T23:06:09.303167,2026-07-07T23:06:09.310600+00:00,136.3,200,ask,,,11414318
2026-07-07T23:06:10.519786,2026-07-07T23:06:10.530213+00:00,136.3,200,ask,,,11414336
2026-07-07T23:06:10.577688,2026-07-07T23:06:10.581888+00:00,136.4,3,bid,,,11414343
2026-07-07T23:06:11.744352,2026-07-07T23:06:11.748120+00:00,136.2,23,bid,,,11414361
2026-07-07T23:06:11.872319,2026-07-07T23:06:11.879686+00:00,136.2,177,bid,,,11414363
2026-07-07T23:06:12.941121,2026-07-07T23:06:12.949001+00:00,136.3,200,ask,,,11414379
2026-07-07T23:06:16.591851,2026-07-07T23:06:16.595942+00:00,136.3,12,ask,,,11414412
2026-07-07T23:06:18.457964,2026-07-07T23:06:18.461652+00:00,136.4,11,ask,,,11414447
2026-07-07T23:06:19.154754,2026-07-07T23:06:19.166560+00:00,136.5,20,bid,,,11414456
2026-07-07T23:06:21.069521,2026-07-07T23:06:21.079319+00:00,136.5,200,bid,,,11414483
2026-07-07T23:06:21.422634,2026-07-07T23:06:21.429637+00:00,136.5,200,ask,,,11414492
2026-07-07T23:06:21.940399,2026-07-07T23:06:21.950888+00:00,136.5,20,ask,,,11414498
2026-07-07T23:06:26.263208,2026-07-07T23:06:26.274426+00:00,136.4,200,ask,,,11414559
2026-07-07T23:06:27.268575,2026-07-07T23:06:27.276325+00:00,136.4,20,bid,,,11414569
2026-07-07T23:06:27.625937,2026-07-07T23:06:27.636089+00:00,136.3,200,ask,,,11414578
2026-07-07T23:06:28.680556,2026-07-07T23:06:28.691832+00:00,136.2,200,bid,,,11414588
2026-07-07T23:06:29.256075,2026-07-07T23:06:29.259851+00:00,136.3,3,ask,,,11414601
2026-07-07T23:06:29.891848,2026-07-07T23:06:29.902685+00:00,136.3,200,ask,,,11414610
2026-07-07T23:06:31.706484,2026-07-07T23:06:31.718081+00:00,136.1,20,ask,,,11414631
2026-07-07T23:06:32.149587,2026-07-07T23:06:32.152702+00:00,136.3,20,bid,,,11414640
2026-07-07T23:06:34.195642,2026-07-07T23:06:34.199603+00:00,136.4,3,ask,,,11414670
2026-07-07T23:06:34.740134,2026-07-07T23:06:34.751011+00:00,136.4,200,ask,,,11414677
2026-07-07T23:06:38.855733,2026-07-07T23:06:38.867668+00:00,136.2,20,ask,,,11414728
2026-07-07T23:06:39.583977,2026-07-07T23:06:39.595228+00:00,136.2,200,ask,,,11414735
2026-07-07T23:06:43.321726,2026-07-07T23:06:43.333457+00:00,136.4,20,bid,,,11414773
2026-07-07T23:06:49.202811,2026-07-07T23:06:49.224909+00:00,136.3,200,ask,,,11414850
2026-07-07T23:06:49.220657,2026-07-07T23:06:49.224909+00:00,136.3,3,bid,,,11414852
2026-07-07T23:06:49.269963,2026-07-07T23:06:49.280573+00:00,136.3,200,bid,,,11414853
2026-07-07T23:06:49.278453,2026-07-07T23:06:49.291264+00:00,136.2,20,ask,,,11414854
2026-07-07T23:06:55.193192,2026-07-07T23:06:55.201436+00:00,136.4,200,ask,,,11414925
2026-07-07T23:06:55.332081,2026-07-07T23:06:55.341893+00:00,136.4,200,bid,,,11414927
2026-07-07T23:06:58.219017,2026-07-07T23:06:58.230371+00:00,136.3,20,ask,,,11414958
2026-07-07T23:06:59.133163,2026-07-07T23:06:59.143864+00:00,136.4,200,ask,,,11414970
2026-07-07T23:07:01.755264,2026-07-07T23:07:01.764445+00:00,136.4,200,bid,,,11414998
2026-07-07T23:07:01.773559,2026-07-07T23:07:01.777899+00:00,136.5,3,ask,,,11415000
2026-07-07T23:07:02.101630,2026-07-07T23:07:02.112075+00:00,136.7,20,bid,,,11415009
2026-07-07T23:07:02.605925,2026-07-07T23:07:02.613950+00:00,136.5,200,ask,,,11415021
2026-07-07T23:07:03.456581,2026-07-07T23:07:03.458173+00:00,136.3,20,bid,,,11415032
2026-07-07T23:07:04.062069,2026-07-07T23:07:04.065865+00:00,136.3,3,bid,,,11415036
2026-07-07T23:07:05.024564,2026-07-07T23:07:05.033510+00:00,136.3,200,bid,,,11415049
2026-07-07T23:07:06.812412,2026-07-07T23:07:06.823977+00:00,136.2,20,ask,,,11415069
2026-07-07T23:07:07.442487,2026-07-07T23:07:07.453105+00:00,136.4,200,bid,,,11415081
2026-07-07T23:07:07.466814,2026-07-07T23:07:07.478582+00:00,136.2,20,ask,,,11415082
2026-07-07T23:07:10.302765,2026-07-07T23:07:10.314725+00:00,136.3,20,ask,,,11415113
2026-07-07T23:07:10.954996,2026-07-07T23:07:10.964533+00:00,136.3,180,ask,,,11415121
2026-07-07T23:07:13.435123,2026-07-07T23:07:13.446490+00:00,136.1,200,bid,,,11415157
2026-07-07T23:07:13.490438,2026-07-07T23:07:13.500799+00:00,136.1,200,ask,,,11415161
2026-07-07T23:07:14.889222,2026-07-07T23:07:14.896238+00:00,136.2,500,ask,,,11415177
2026-07-07T23:07:15.209075,2026-07-07T23:07:15.217231+00:00,136.2,125,bid,,,11415182
2026-07-07T23:07:15.915404,2026-07-07T23:07:15.922694+00:00,136.2,200,ask,,,11415194
2026-07-07T23:07:17.509705,2026-07-07T23:07:17.517831+00:00,136.4,200,bid,,,11415211
2026-07-07T23:07:20.133542,2026-07-07T23:07:20.143406+00:00,136.4,200,ask,,,11415236
2026-07-07T23:07:20.133542,2026-07-07T23:07:20.143406+00:00,136.4,425,ask,,,11415237
2026-07-07T23:07:27.800660,2026-07-07T23:07:27.812362+00:00,136.9,20,bid,,,11415333
2026-07-07T23:07:28.023824,2026-07-07T23:07:28.033410+00:00,136.7,200,ask,,,11415340
2026-07-07T23:07:31.235939,2026-07-07T23:07:31.246551+00:00,136.6,20,ask,,,11415383
2026-07-07T23:07:35.419007,2026-07-07T23:07:35.430539+00:00,136.4,20,ask,,,11415442
2026-07-07T23:07:37.074491,2026-07-07T23:07:37.086237+00:00,136.5,20,bid,,,11415465
2026-07-07T23:07:37.691633,2026-07-07T23:07:37.703449+00:00,136.4,200,ask,,,11415477
2026-07-07T23:07:40.054401,2026-07-07T23:07:40.053236+00:00,136.5,20,bid,,,11415505
2026-07-07T23:07:40.121709,2026-07-07T23:07:40.125601+00:00,136.5,3,ask,,,11415510
2026-07-07T23:07:41.317362,2026-07-07T23:07:41.324117+00:00,136.6,200,bid,,,11415537
2026-07-07T23:07:42.138574,2026-07-07T23:07:42.143640+00:00,136.4,11,ask,,,11415550
2026-07-07T23:07:42.484892,2026-07-07T23:07:42.488347+00:00,136.6,23,ask,,,11415555
2026-07-07T23:07:45.248675,2026-07-07T23:07:45.252719+00:00,136.8,11,bid,,,11415598
2026-07-07T23:07:54.300552,2026-07-07T23:07:54.310338+00:00,136.7,200,bid,,,11415733
2026-07-07T23:07:54.652740,2026-07-07T23:07:54.654726+00:00,136.7,200,ask,,,11415740
2026-07-07T23:07:54.739547,2026-07-07T23:07:54.744883+00:00,136.9,23,bid,,,11415744
2026-07-07T23:07:55.638698,2026-07-07T23:07:55.642551+00:00,136.7,3,bid,,,11415761
2026-07-07T23:07:59.498870,2026-07-07T23:07:59.510166+00:00,136.8,200,bid,,,11415806
2026-07-07T23:08:00.138811,2026-07-07T23:08:00.150316+00:00,136.9,20,bid,,,11415817
2026-07-07T23:08:00.709506,2026-07-07T23:08:00.721296+00:00,136.8,200,bid,,,11415827
2026-07-07T23:08:00.870347,2026-07-07T23:08:00.890074+00:00,136.8,300,bid,,,11415830
2026-07-07T23:08:00.886351,2026-07-07T23:08:00.890074+00:00,136.8,3,ask,,,11415832
2026-07-07T23:08:01.121492,2026-07-07T23:08:01.125890+00:00,137.0,3,bid,,,11415839
2026-07-07T23:08:01.245517,2026-07-07T23:08:01.277459+00:00,136.8,322,ask,,,11415841
2026-07-07T23:08:01.273768,2026-07-07T23:08:01.277459+00:00,136.7,3,bid,,,11415844
2026-07-07T23:08:01.920804,2026-07-07T23:08:01.931303+00:00,136.8,200,bid,,,11415851
2026-07-07T23:08:03.133107,2026-07-07T23:08:03.142726+00:00,136.7,200,bid,,,11415873
2026-07-07T23:08:03.140747,2026-07-07T23:08:03.158604+00:00,136.5,20,ask,,,11415874
2026-07-07T23:08:03.594560,2026-07-07T23:08:03.606325+00:00,136.7,20,ask,,,11415878
2026-07-07T23:08:04.280488,2026-07-07T23:08:04.283918+00:00,136.7,3,ask,,,11415887
2026-07-07T23:08:05.557699,2026-07-07T23:08:05.569275+00:00,136.8,200,bid,,,11415910
2026-07-07T23:08:06.101253,2026-07-07T23:08:06.111022+00:00,136.7,500,ask,,,11415912
2026-07-07T23:08:06.769970,2026-07-07T23:08:06.780354+00:00,136.6,200,bid,,,11415927
2026-07-07T23:08:07.437063,2026-07-07T23:08:07.443959+00:00,136.6,500,bid,,,11415936
2026-07-07T23:08:07.902589,2026-07-07T23:08:07.913975+00:00,136.6,125,ask,,,11415942
2026-07-07T23:08:07.981172,2026-07-07T23:08:07.991907+00:00,136.6,200,bid,,,11415944
2026-07-07T23:08:09.191211,2026-07-07T23:08:09.208195+00:00,136.5,200,bid,,,11415962
2026-07-07T23:08:10.400569,2026-07-07T23:08:10.409150+00:00,136.4,200,bid,,,11415983
2026-07-07T23:08:12.687997,2026-07-07T23:08:12.695280+00:00,136.4,200,ask,,,11416018
2026-07-07T23:08:14.022557,2026-07-07T23:08:14.027692+00:00,136.3,3,bid,,,11416034
2026-07-07T23:08:14.036178,2026-07-07T23:08:14.048496+00:00,136.3,200,bid,,,11416035
2026-07-07T23:08:15.249167,2026-07-07T23:08:15.258610+00:00,136.3,200,bid,,,11416048
2026-07-07T23:08:16.901641,2026-07-07T23:08:16.905598+00:00,136.5,11,bid,,,11416075
2026-07-07T23:08:17.673960,2026-07-07T23:08:17.684574+00:00,136.4,200,ask,,,11416081
2026-07-07T23:08:18.883585,2026-07-07T23:08:18.891936+00:00,136.4,200,ask,,,11416099
2026-07-07T23:08:24.587590,2026-07-07T23:08:24.596731+00:00,136.3,20,bid,,,11416160
2026-07-07T23:08:29.637870,2026-07-07T23:08:29.642350+00:00,136.3,14,ask,,,11416209
2026-07-07T23:08:29.798595,2026-07-07T23:08:29.809146+00:00,136.4,200,bid,,,11416213
2026-07-07T23:08:31.007064,2026-07-07T23:08:31.014906+00:00,136.4,200,bid,,,11416227
2026-07-07T23:08:32.226912,2026-07-07T23:08:32.235467+00:00,136.4,200,ask,,,11416241
2026-07-07T23:08:35.003597,2026-07-07T23:08:35.011289+00:00,136.4,200,ask,,,11416276
2026-07-07T23:08:38.333292,2026-07-07T23:08:38.344924+00:00,136.4,20,bid,,,11416329
2026-07-07T23:08:38.944503,2026-07-07T23:08:38.971217+00:00,136.3,200,ask,,,11416332
2026-07-07T23:08:38.967380,2026-07-07T23:08:38.971217+00:00,136.2,3,bid,,,11416335
2026-07-07T23:08:39.476593,2026-07-07T23:08:39.483079+00:00,136.2,200,bid,,,11416343
2026-07-07T23:08:42.294621,2026-07-07T23:08:42.298254+00:00,136.5,11,bid,,,11416388
2026-07-07T23:08:42.886831,2026-07-07T23:08:42.898294+00:00,136.5,189,bid,,,11416396
2026-07-07T23:08:44.310344,2026-07-07T23:08:44.358775+00:00,136.6,200,bid,,,11416417
2026-07-07T23:08:45.060113,2026-07-07T23:08:45.068887+00:00,136.6,20,bid,,,11416425
2026-07-07T23:08:47.959466,2026-07-07T23:08:47.963790+00:00,136.8,11,ask,,,11416465
2026-07-07T23:08:49.153178,2026-07-07T23:08:49.153526+00:00,136.9,200,bid,,,11416484
2026-07-07T23:08:51.576350,2026-07-07T23:08:51.587063+00:00,136.9,200,bid,,,11416525
2026-07-07T23:08:53.417791,2026-07-07T23:08:53.425827+00:00,136.9,200,ask,,,11416557
2026-07-07T23:08:53.997223,2026-07-07T23:08:54.007030+00:00,136.7,200,bid,,,11416572
2026-07-07T23:08:57.357372,2026-07-07T23:08:57.368702+00:00,136.8,200,bid,,,11416622
2026-07-07T23:08:57.375352,2026-07-07T23:08:57.379533+00:00,136.8,3,ask,,,11416624
2026-07-07T23:08:57.632147,2026-07-07T23:08:57.641704+00:00,136.8,200,ask,,,11416633
2026-07-07T23:08:58.689394,2026-07-07T23:08:58.693386+00:00,136.6,3,bid,,,11416653
2026-07-07T23:08:58.840917,2026-07-07T23:08:58.848097+00:00,136.6,200,bid,,,11416657
2026-07-07T23:09:02.476974,2026-07-07T23:09:02.484113+00:00,136.7,200,bid,,,11416692
2026-07-07T23:09:02.626388,2026-07-07T23:09:02.629864+00:00,136.7,3,ask,,,11416698
2026-07-07T23:09:04.911849,2026-07-07T23:09:04.923398+00:00,136.6,200,ask,,,11416727
2026-07-07T23:09:08.059585,2026-07-07T23:09:08.068585+00:00,136.5,20,ask,,,11416774
2026-07-07T23:09:08.540282,2026-07-07T23:09:08.548049+00:00,136.6,200,bid,,,11416783
2026-07-07T23:09:10.234853,2026-07-07T23:09:10.242934+00:00,136.7,500,bid,,,11416808
2026-07-07T23:09:10.486642,2026-07-07T23:09:10.496564+00:00,136.7,200,bid,,,11416813
2026-07-07T23:09:10.958828,2026-07-07T23:09:10.968947+00:00,136.8,200,ask,,,11416820
2026-07-07T23:09:12.170305,2026-07-07T23:09:12.181394+00:00,136.7,200,ask,,,11416831
2026-07-07T23:09:12.666321,2026-07-07T23:09:12.674081+00:00,136.8,500,bid,,,11416838
2026-07-07T23:09:13.636023,2026-07-07T23:09:13.647673+00:00,137.0,20,bid,,,11416849
2026-07-07T23:09:17.019896,2026-07-07T23:09:17.029810+00:00,136.8,200,ask,,,11416899
2026-07-07T23:09:19.542093,2026-07-07T23:09:19.558608+00:00,136.7,20,ask,,,11416934
2026-07-07T23:09:20.656052,2026-07-07T23:09:20.665340+00:00,136.9,200,ask,,,11416946
2026-07-07T23:09:21.873821,2026-07-07T23:09:21.880503+00:00,137.0,200,ask,,,11416960
2026-07-07T23:09:26.732027,2026-07-07T23:09:26.741308+00:00,136.7,200,ask,,,11417029
2026-07-07T23:09:27.564790,2026-07-07T23:09:27.568947+00:00,136.8,3,ask,,,11417040
2026-07-07T23:09:27.939738,2026-07-07T23:09:27.948939+00:00,136.8,200,ask,,,11417048
2026-07-07T23:09:30.170917,2026-07-07T23:09:30.177731+00:00,136.7,200,ask,,,11417072
2026-07-07T23:09:30.822684,2026-07-07T23:09:30.827707+00:00,136.7,425,bid,,,11417079
2026-07-07T23:09:31.479375,2026-07-07T23:09:31.489550+00:00,136.8,200,bid,,,11417087
2026-07-07T23:09:31.561020,2026-07-07T23:09:31.568869+00:00,136.9,200,ask,,,11417091
2026-07-07T23:09:33.173253,2026-07-07T23:09:33.184685+00:00,136.8,20,ask,,,11417122
2026-07-07T23:09:35.190286,2026-07-07T23:09:35.197964+00:00,136.8,200,ask,,,11417149
2026-07-07T23:09:36.398702,2026-07-07T23:09:36.409389+00:00,136.7,200,ask,,,11417164
2026-07-07T23:09:37.625186,2026-07-07T23:09:37.629088+00:00,136.8,3,bid,,,11417177
2026-07-07T23:09:38.077884,2026-07-07T23:09:38.086519+00:00,136.8,197,bid,,,11417186
2026-07-07T23:09:39.255917,2026-07-07T23:09:39.260171+00:00,136.8,3,ask,,,11417200
2026-07-07T23:09:40.031249,2026-07-07T23:09:40.041239+00:00,136.8,200,ask,,,11417214
2026-07-07T23:09:42.599210,2026-07-07T23:09:42.610786+00:00,136.7,20,ask,,,11417242
2026-07-07T23:09:44.583998,2026-07-07T23:09:44.590993+00:00,137.0,200,bid,,,11417262
2026-07-07T23:09:44.602918,2026-07-07T23:09:44.606526+00:00,137.0,23,ask,,,11417264
2026-07-07T23:09:44.876158,2026-07-07T23:09:44.882891+00:00,137.0,200,ask,,,11417270
2026-07-07T23:09:46.101047,2026-07-07T23:09:46.104932+00:00,136.9,12,bid,,,11417285
2026-07-07T23:09:47.217866,2026-07-07T23:09:47.227885+00:00,136.9,188,bid,,,11417300
2026-07-07T23:09:48.416930,2026-07-07T23:09:48.421088+00:00,136.9,12,ask,,,11417320
2026-07-07T23:09:48.518805,2026-07-07T23:09:48.522556+00:00,137.0,11,ask,,,11417325
2026-07-07T23:09:48.534925,2026-07-07T23:09:48.543477+00:00,137.0,189,ask,,,11417326
2026-07-07T23:09:49.343127,2026-07-07T23:09:49.358668+00:00,136.9,20,bid,,,11417338
2026-07-07T23:09:49.610177,2026-07-07T23:09:49.614533+00:00,136.8,12,ask,,,11417345
2026-07-07T23:09:49.708962,2026-07-07T23:09:49.716597+00:00,136.9,200,bid,,,11417346
2026-07-07T23:09:49.864763,2026-07-07T23:09:49.868680+00:00,136.9,11,ask,,,11417350
2026-07-07T23:09:52.462833,2026-07-07T23:09:52.469141+00:00,136.9,200,ask,,,11417378
2026-07-07T23:09:52.462833,2026-07-07T23:09:52.474612+00:00,136.8,425,ask,,,11417379
2026-07-07T23:09:53.338611,2026-07-07T23:09:53.347591+00:00,136.9,200,ask,,,11417398
2026-07-07T23:09:55.027432,2026-07-07T23:09:55.034493+00:00,137.1,200,bid,,,11417414
2026-07-07T23:09:56.976517,2026-07-07T23:09:56.986347+00:00,137.0,200,ask,,,11417444
2026-07-07T23:09:57.713633,2026-07-07T23:09:57.724790+00:00,137.0,500,ask,,,11417453
2026-07-07T23:09:58.036891,2026-07-07T23:09:58.045092+00:00,137.0,125,bid,,,11417458
2026-07-07T23:09:58.184255,2026-07-07T23:09:58.195008+00:00,137.1,200,ask,,,11417461
2026-07-07T23:09:59.036794,2026-07-07T23:09:59.040508+00:00,137.3,11,bid,,,11417474
2026-07-07T23:09:59.396379,2026-07-07T23:09:59.407472+00:00,137.0,200,ask,,,11417478
2026-07-07T23:10:00.336421,2026-07-07T23:10:00.356827+00:00,137.0,500,ask,,,11417483
2026-07-07T23:10:00.353056,2026-07-07T23:10:00.356827+00:00,137.0,35,bid,,,11417485
2026-07-07T23:10:00.472204,2026-07-07T23:10:00.479587+00:00,137.0,90,bid,,,11417489
2026-07-07T23:10:01.403497,2026-07-07T23:10:01.407919+00:00,137.0,50,ask,,,11417503
2026-07-07T23:10:01.644763,2026-07-07T23:10:01.658544+00:00,137.1,200,bid,,,11417505
2026-07-07T23:10:02.286754,2026-07-07T23:10:02.294361+00:00,137.3,200,bid,,,11417515
2026-07-07T23:10:02.966293,2026-07-07T23:10:02.974423+00:00,137.3,500,ask,,,11417522
2026-07-07T23:10:03.487266,2026-07-07T23:10:03.495047+00:00,137.3,125,bid,,,11417533
2026-07-07T23:10:03.487266,2026-07-07T23:10:03.500259+00:00,137.3,200,bid,,,11417534
2026-07-07T23:10:05.030223,2026-07-07T23:10:05.041868+00:00,137.3,20,ask,,,11417551
2026-07-07T23:10:07.234219,2026-07-07T23:10:07.238143+00:00,137.4,4,bid,,,11417571
2026-07-07T23:10:07.677152,2026-07-07T23:10:07.681789+00:00,137.4,23,bid,,,11417578
2026-07-07T23:10:13.571517,2026-07-07T23:10:13.576098+00:00,137.7,11,bid,,,11417647
2026-07-07T23:10:13.927531,2026-07-07T23:10:13.936131+00:00,137.6,200,ask,,,11417650
2026-07-07T23:10:15.135923,2026-07-07T23:10:15.144715+00:00,137.5,200,ask,,,11417670
2026-07-07T23:10:16.116210,2026-07-07T23:10:16.120498+00:00,137.6,12,bid,,,11417683
2026-07-07T23:10:23.520488,2026-07-07T23:10:23.524586+00:00,137.6,14,bid,,,11417772
2026-07-07T23:10:24.098853,2026-07-07T23:10:24.107356+00:00,137.5,200,ask,,,11417783
2026-07-07T23:10:25.864636,2026-07-07T23:10:25.876431+00:00,137.4,20,ask,,,11417800
2026-07-07T23:10:31.636253,2026-07-07T23:10:31.647915+00:00,137.3,20,ask,,,11417872
2026-07-07T23:10:34.397812,2026-07-07T23:10:34.406709+00:00,137.4,500,ask,,,11417903
2026-07-07T23:10:34.584846,2026-07-07T23:10:34.596204+00:00,137.3,20,ask,,,11417909
2026-07-07T23:10:37.074268,2026-07-07T23:10:37.085663+00:00,137.4,20,ask,,,11417936
2026-07-07T23:10:38.141426,2026-07-07T23:10:38.151433+00:00,137.5,200,bid,,,11417952
2026-07-07T23:10:41.074210,2026-07-07T23:10:41.085943+00:00,137.6,200,bid,,,11417985
2026-07-07T23:10:41.781292,2026-07-07T23:10:41.787795+00:00,137.7,200,ask,,,11417999
2026-07-07T23:10:47.488372,2026-07-07T23:10:47.500234+00:00,137.4,20,ask,,,11418074
2026-07-07T23:10:49.041162,2026-07-07T23:10:49.048670+00:00,137.5,200,ask,,,11418095
2026-07-07T23:10:51.944544,2026-07-07T23:10:51.958540+00:00,137.5,500,bid,,,11418117
2026-07-07T23:10:52.672050,2026-07-07T23:10:52.683061+00:00,137.5,125,bid,,,11418134
2026-07-07T23:10:54.207257,2026-07-07T23:10:54.213633+00:00,137.6,200,bid,,,11418152
2026-07-07T23:10:54.226576,2026-07-07T23:10:54.230602+00:00,137.6,3,ask,,,11418157
2026-07-07T23:10:55.164681,2026-07-07T23:10:55.169111+00:00,137.8,3,bid,,,11418177
2026-07-07T23:10:55.521503,2026-07-07T23:10:55.542207+00:00,137.6,200,ask,,,11418178
2026-07-07T23:10:55.538419,2026-07-07T23:10:55.542207+00:00,137.6,3,bid,,,11418181
2026-07-07T23:10:56.297905,2026-07-07T23:10:56.305435+00:00,137.6,200,bid,,,11418195
2026-07-07T23:10:58.365926,2026-07-07T23:10:58.370877+00:00,137.4,3,ask,,,11418223
2026-07-07T23:10:58.716841,2026-07-07T23:10:58.726527+00:00,137.4,200,ask,,,11418226
2026-07-07T23:10:59.887379,2026-07-07T23:10:59.894706+00:00,137.4,20,ask,,,11418243
2026-07-07T23:11:02.077409,2026-07-07T23:11:02.088787+00:00,137.4,200,ask,,,11418264
2026-07-07T23:11:04.238622,2026-07-07T23:11:04.242760+00:00,137.5,3,bid,,,11418294
2026-07-07T23:11:04.766284,2026-07-07T23:11:04.772773+00:00,137.4,200,ask,,,11418301
2026-07-07T23:11:05.097333,2026-07-07T23:11:05.109022+00:00,137.4,20,ask,,,11418303
2026-07-07T23:11:06.028344,2026-07-07T23:11:06.039698+00:00,137.6,200,ask,,,11418314
2026-07-07T23:11:07.183069,2026-07-07T23:11:07.191346+00:00,137.5,200,bid,,,11418332
2026-07-07T23:11:08.397909,2026-07-07T23:11:08.405089+00:00,137.5,200,ask,,,11418352
2026-07-07T23:11:09.619215,2026-07-07T23:11:09.622980+00:00,137.5,13,bid,,,11418369
2026-07-07T23:11:09.958619,2026-07-07T23:11:09.970162+00:00,137.5,187,bid,,,11418374
2026-07-07T23:11:11.014815,2026-07-07T23:11:11.018887+00:00,137.6,13,ask,,,11418389
2026-07-07T23:11:13.884902,2026-07-07T23:11:13.892968+00:00,137.5,200,ask,,,11418426
2026-07-07T23:11:16.518379,2026-07-07T23:11:16.525876+00:00,137.5,200,bid,,,11418455
2026-07-07T23:11:17.833981,2026-07-07T23:11:17.843495+00:00,137.4,500,ask,,,11418479
2026-07-07T23:11:17.849424,2026-07-07T23:11:17.853235+00:00,137.4,23,bid,,,11418481
2026-07-07T23:11:17.967499,2026-07-07T23:11:17.978884+00:00,137.4,102,bid,,,11418482
2026-07-07T23:11:18.890932,2026-07-07T23:11:18.902572+00:00,137.4,20,ask,,,11418489
2026-07-07T23:11:20.453237,2026-07-07T23:11:20.468877+00:00,137.6,200,bid,,,11418506
2026-07-07T23:11:21.552235,2026-07-07T23:11:21.564016+00:00,137.6,20,ask,,,11418518
2026-07-07T23:11:23.443762,2026-07-07T23:11:23.450828+00:00,137.8,20,bid,,,11418541
2026-07-07T23:11:23.973696,2026-07-07T23:11:23.985552+00:00,137.7,20,ask,,,11418543
2026-07-07T23:11:26.465644,2026-07-07T23:11:26.474188+00:00,137.8,500,bid,,,11418575
2026-07-07T23:11:28.275725,2026-07-07T23:11:28.285601+00:00,137.9,500,bid,,,11418596
2026-07-07T23:11:28.328755,2026-07-07T23:11:28.335653+00:00,137.9,200,bid,,,11418598
2026-07-07T23:11:28.352295,2026-07-07T23:11:28.356617+00:00,138.0,23,ask,,,11418600
2026-07-07T23:11:33.830512,2026-07-07T23:11:33.841730+00:00,138.0,200,ask,,,11418667
2026-07-07T23:11:34.826139,2026-07-07T23:11:34.837923+00:00,138.2,20,bid,,,11418679
2026-07-07T23:11:35.037636,2026-07-07T23:11:35.048629+00:00,138.0,200,bid,,,11418683
2026-07-07T23:11:37.592877,2026-07-07T23:11:37.604504+00:00,138.2,20,bid,,,11418716
2026-07-07T23:11:39.056154,2026-07-07T23:11:39.060803+00:00,138.1,11,bid,,,11418740
2026-07-07T23:11:39.796505,2026-07-07T23:11:39.803507+00:00,138.1,20,bid,,,11418747
2026-07-07T23:11:42.300490,2026-07-07T23:11:42.310712+00:00,138.1,200,bid,,,11418768
2026-07-07T23:11:44.126983,2026-07-07T23:11:44.138793+00:00,137.9,200,ask,,,11418797
2026-07-07T23:11:44.147462,2026-07-07T23:11:44.151429+00:00,137.9,12,bid,,,11418800
2026-07-07T23:11:44.717302,2026-07-07T23:11:44.733832+00:00,137.9,200,bid,,,11418805
2026-07-07T23:11:45.065710,2026-07-07T23:11:45.077471+00:00,137.9,20,bid,,,11418811
2026-07-07T23:11:45.811380,2026-07-07T23:11:45.816385+00:00,137.9,12,ask,,,11418828
2026-07-07T23:12:03.823120,2026-07-07T23:12:03.830186+00:00,138.1,200,bid,,,11419077
2026-07-07T23:12:03.842451,2026-07-07T23:12:03.846151+00:00,138.1,11,ask,,,11419080
2026-07-07T23:12:04.104532,2026-07-07T23:12:04.115377+00:00,138.1,200,ask,,,11419085
2026-07-07T23:12:06.443476,2026-07-07T23:12:06.469324+00:00,138.1,200,ask,,,11419120
2026-07-07T23:12:06.465020,2026-07-07T23:12:06.469324+00:00,138.0,23,bid,,,11419123
2026-07-07T23:12:07.751596,2026-07-07T23:12:07.754070+00:00,137.8,200,bid,,,11419139
2026-07-07T23:12:08.015957,2026-07-07T23:12:08.019861+00:00,137.8,12,ask,,,11419142
2026-07-07T23:12:09.468546,2026-07-07T23:12:09.472344+00:00,137.9,11,ask,,,11419155
2026-07-07T23:12:10.371902,2026-07-07T23:12:10.379753+00:00,137.9,500,ask,,,11419168
2026-07-07T23:12:10.653759,2026-07-07T23:12:10.658608+00:00,137.9,125,bid,,,11419170
2026-07-07T23:12:12.587147,2026-07-07T23:12:12.596824+00:00,138.1,200,bid,,,11419191
2026-07-07T23:12:13.794799,2026-07-07T23:12:13.801886+00:00,138.1,200,bid,,,11419208
2026-07-07T23:12:14.358056,2026-07-07T23:12:14.362585+00:00,138.1,3,ask,,,11419213
2026-07-07T23:12:16.910308,2026-07-07T23:12:16.928483+00:00,138.2,20,ask,,,11419248
2026-07-07T23:12:18.541019,2026-07-07T23:12:18.544813+00:00,138.3,14,bid,,,11419279
2026-07-07T23:12:19.578400,2026-07-07T23:12:19.589839+00:00,138.3,200,bid,,,11419291
2026-07-07T23:12:19.578400,2026-07-07T23:12:19.589839+00:00,138.3,425,bid,,,11419292
2026-07-07T23:12:19.774553,2026-07-07T23:12:19.778524+00:00,138.2,12,bid,,,11419295
2026-07-07T23:12:20.666317,2026-07-07T23:12:20.670772+00:00,138.1,12,ask,,,11419314
2026-07-07T23:12:21.037994,2026-07-07T23:12:21.047879+00:00,138.2,200,bid,,,11419327
2026-07-07T23:12:21.933642,2026-07-07T23:12:21.945390+00:00,138.0,20,ask,,,11419333
2026-07-07T23:12:22.223828,2026-07-07T23:12:22.228228+00:00,138.2,11,ask,,,11419341
2026-07-07T23:12:22.247830,2026-07-07T23:12:22.254313+00:00,138.2,200,ask,,,11419342
2026-07-07T23:12:23.364583,2026-07-07T23:12:23.374760+00:00,138.2,414,ask,,,11419362
2026-07-07T23:12:23.522281,2026-07-07T23:12:23.532531+00:00,138.0,200,ask,,,11419364
2026-07-07T23:12:25.870615,2026-07-07T23:12:25.877288+00:00,137.9,200,ask,,,11419397
2026-07-07T23:12:27.094698,2026-07-07T23:12:27.099015+00:00,137.9,3,ask,,,11419415
2026-07-07T23:12:28.765138,2026-07-07T23:12:28.774570+00:00,138.0,200,ask,,,11419430
2026-07-07T23:12:30.714898,2026-07-07T23:12:30.721374+00:00,138.1,200,bid,,,11419448
2026-07-07T23:12:31.395419,2026-07-07T23:12:31.405602+00:00,138.0,500,bid,,,11419461
2026-07-07T23:12:31.929396,2026-07-07T23:12:31.938190+00:00,138.0,125,ask,,,11419466
2026-07-07T23:12:35.327111,2026-07-07T23:12:35.335706+00:00,137.8,200,ask,,,11419521
2026-07-07T23:12:35.634144,2026-07-07T23:12:35.643454+00:00,137.8,20,bid,,,11419527
2026-07-07T23:12:36.082761,2026-07-07T23:12:36.101794+00:00,137.8,3,bid,,,11419531
2026-07-07T23:12:40.574421,2026-07-07T23:12:40.584568+00:00,137.9,200,bid,,,11419583
2026-07-07T23:12:45.229990,2026-07-07T23:12:45.240003+00:00,137.7,200,ask,,,11419638
2026-07-07T23:12:48.853510,2026-07-07T23:12:48.852750+00:00,137.8,200,bid,,,11419683
2026-07-07T23:12:49.795687,2026-07-07T23:12:49.810512+00:00,137.8,3,ask,,,11419697
2026-07-07T23:12:54.906464,2026-07-07T23:12:54.914709+00:00,137.8,200,bid,,,11419768
2026-07-07T23:12:56.343948,2026-07-07T23:12:56.369074+00:00,137.9,200,bid,,,11419795
2026-07-07T23:12:57.327066,2026-07-07T23:12:57.336520+00:00,137.9,200,ask,,,11419807
2026-07-07T23:12:58.532597,2026-07-07T23:12:58.542041+00:00,137.8,200,bid,,,11419818
2026-07-07T23:12:59.151087,2026-07-07T23:12:59.158549+00:00,137.6,20,ask,,,11419826
2026-07-07T23:12:59.740437,2026-07-07T23:12:59.749251+00:00,137.8,200,bid,,,11419832
2026-07-07T23:13:01.737225,2026-07-07T23:13:01.741372+00:00,137.8,14,bid,,,11419864
2026-07-07T23:13:04.255970,2026-07-07T23:13:04.255275+00:00,137.7,200,ask,,,11419899
2026-07-07T23:13:04.274473,2026-07-07T23:13:04.278404+00:00,137.7,12,bid,,,11419901
2026-07-07T23:13:09.519243,2026-07-07T23:13:09.527521+00:00,137.6,200,bid,,,11419971
2026-07-07T23:13:10.652889,2026-07-07T23:13:10.658552+00:00,137.7,200,ask,,,11419977
2026-07-07T23:13:11.884562,2026-07-07T23:13:11.891905+00:00,137.6,20,ask,,,11420001
2026-07-07T23:13:12.149201,2026-07-07T23:13:12.163823+00:00,137.6,180,ask,,,11420007
2026-07-07T23:13:14.771547,2026-07-07T23:13:14.779631+00:00,137.7,200,bid,,,11420034
2026-07-07T23:13:15.489426,2026-07-07T23:13:15.500819+00:00,137.8,200,ask,,,11420041
2026-07-07T23:13:17.908110,2026-07-07T23:13:17.919587+00:00,137.8,200,bid,,,11420076
2026-07-07T23:13:19.124271,2026-07-07T23:13:19.134235+00:00,137.8,200,bid,,,11420087
2026-07-07T23:13:20.406908,2026-07-07T23:13:20.411376+00:00,137.7,12,ask,,,11420107
2026-07-07T23:13:21.538382,2026-07-07T23:13:21.548112+00:00,137.9,200,bid,,,11420121
2026-07-07T23:13:22.709643,2026-07-07T23:13:22.722329+00:00,137.8,11,ask,,,11420132
2026-07-07T23:13:27.922384,2026-07-07T23:13:27.929414+00:00,137.9,200,ask,,,11420190
2026-07-07T23:13:29.952271,2026-07-07T23:13:29.951445+00:00,137.8,200,ask,,,11420217
2026-07-07T23:13:29.952271,2026-07-07T23:13:29.951445+00:00,137.8,300,ask,,,11420218
2026-07-07T23:13:30.552315,2026-07-07T23:13:30.564133+00:00,137.8,325,ask,,,11420232
2026-07-07T23:13:30.587779,2026-07-07T23:13:30.595456+00:00,137.6,200,ask,,,11420235
2026-07-07T23:13:31.224966,2026-07-07T23:13:31.234940+00:00,137.6,200,bid,,,11420242
2026-07-07T23:13:31.896480,2026-07-07T23:13:31.907076+00:00,137.6,500,bid,,,11420252
2026-07-07T23:13:32.386519,2026-07-07T23:13:32.394450+00:00,137.6,125,ask,,,11420257
2026-07-07T23:13:33.414988,2026-07-07T23:13:33.419026+00:00,137.4,3,ask,,,11420271
2026-07-07T23:13:35.843275,2026-07-07T23:13:35.857794+00:00,137.4,200,ask,,,11420308
2026-07-07T23:13:37.303040,2026-07-07T23:13:37.310835+00:00,137.3,200,ask,,,11420334
2026-07-07T23:13:40.913157,2026-07-07T23:13:40.924675+00:00,137.3,20,bid,,,11420382
2026-07-07T23:13:42.405012,2026-07-07T23:13:42.426794+00:00,137.1,200,ask,,,11420412
2026-07-07T23:13:42.422648,2026-07-07T23:13:42.426794+00:00,137.1,14,bid,,,11420415
2026-07-07T23:13:43.716895,2026-07-07T23:13:43.728241+00:00,137.0,200,ask,,,11420433
2026-07-07T23:13:43.980218,2026-07-07T23:13:43.991926+00:00,137.0,20,bid,,,11420434
2026-07-07T23:13:44.552007,2026-07-07T23:13:44.558545+00:00,137.0,200,bid,,,11420444
2026-07-07T23:13:51.805636,2026-07-07T23:13:51.812351+00:00,137.0,200,ask,,,11420552
2026-07-07T23:13:52.349520,2026-07-07T23:13:52.353309+00:00,137.2,12,bid,,,11420557
2026-07-07T23:13:54.234470,2026-07-07T23:13:54.249810+00:00,137.1,200,bid,,,11420588
2026-07-07T23:13:54.245615,2026-07-07T23:13:54.249810+00:00,137.1,11,bid,,,11420590
2026-07-07T23:13:54.354955,2026-07-07T23:13:54.366356+00:00,137.1,20,bid,,,11420591
2026-07-07T23:13:54.833413,2026-07-07T23:13:54.845424+00:00,136.9,20,ask,,,11420595
2026-07-07T23:13:56.676477,2026-07-07T23:13:56.680264+00:00,137.1,11,ask,,,11420617
2026-07-07T23:13:57.735059,2026-07-07T23:13:57.747022+00:00,137.2,20,bid,,,11420630
2026-07-07T23:13:58.160401,2026-07-07T23:13:58.169019+00:00,137.1,500,ask,,,11420638
2026-07-07T23:13:58.406973,2026-07-07T23:13:58.415254+00:00,137.1,125,bid,,,11420643
2026-07-07T23:14:06.025487,2026-07-07T23:14:06.032805+00:00,137.2,200,bid,,,11420734
2026-07-07T23:14:08.656577,2026-07-07T23:14:08.665761+00:00,137.1,200,ask,,,11420758
2026-07-07T23:14:09.967984,2026-07-07T23:14:09.978825+00:00,137.1,200,bid,,,11420773
2026-07-07T23:14:13.563712,2026-07-07T23:14:13.570304+00:00,137.1,20,ask,,,11420809
2026-07-07T23:14:17.864497,2026-07-07T23:14:17.868580+00:00,137.1,12,ask,,,11420868
2026-07-07T23:14:20.887030,2026-07-07T23:14:20.895840+00:00,137.0,200,ask,,,11420902
2026-07-07T23:14:23.037335,2026-07-07T23:14:23.049248+00:00,137.0,20,ask,,,11420923
2026-07-07T23:14:23.239164,2026-07-07T23:14:23.248950+00:00,137.0,180,ask,,,11420924
2026-07-07T23:14:24.085148,2026-07-07T23:14:24.096940+00:00,137.0,20,bid,,,11420938
2026-07-07T23:14:25.068162,2026-07-07T23:14:25.079642+00:00,137.0,20,bid,,,11420951
2026-07-07T23:14:26.256290,2026-07-07T23:14:26.258559+00:00,136.9,200,ask,,,11420979
2026-07-07T23:14:26.256290,2026-07-07T23:14:26.269147+00:00,136.9,300,ask,,,11420980
2026-07-07T23:14:27.056755,2026-07-07T23:14:27.056546+00:00,136.9,200,ask,,,11420992
2026-07-07T23:14:27.186670,2026-07-07T23:14:27.190989+00:00,136.9,12,bid,,,11420994
2026-07-07T23:14:28.324195,2026-07-07T23:14:28.334896+00:00,136.9,20,bid,,,11421008
2026-07-07T23:14:28.369514,2026-07-07T23:14:28.379999+00:00,136.9,500,bid,,,11421010
2026-07-07T23:14:28.369514,2026-07-07T23:14:28.379999+00:00,136.9,125,bid,,,11421011
2026-07-07T23:14:31.903949,2026-07-07T23:14:31.914875+00:00,136.6,20,bid,,,11421050
2026-07-07T23:14:32.993201,2026-07-07T23:14:33.004757+00:00,136.5,200,ask,,,11421061
2026-07-07T23:14:34.955872,2026-07-07T23:14:34.954045+00:00,136.4,200,ask,,,11421084
2026-07-07T23:14:34.976202,2026-07-07T23:14:34.980937+00:00,136.3,23,bid,,,11421087
2026-07-07T23:14:36.723524,2026-07-07T23:14:36.727773+00:00,136.2,46,ask,,,11421114
2026-07-07T23:14:38.898343,2026-07-07T23:14:38.906596+00:00,136.2,200,ask,,,11421137
2026-07-07T23:14:39.048989,2026-07-07T23:14:39.054285+00:00,136.2,200,bid,,,11421138
2026-07-07T23:14:40.275768,2026-07-07T23:14:40.279497+00:00,136.4,3,ask,,,11421162
2026-07-07T23:14:41.471323,2026-07-07T23:14:41.480696+00:00,136.5,200,bid,,,11421173
2026-07-07T23:14:43.895428,2026-07-07T23:14:43.904013+00:00,136.5,200,bid,,,11421194
2026-07-07T23:14:45.104583,2026-07-07T23:14:45.111454+00:00,136.5,200,bid,,,11421210
2026-07-07T23:14:46.314917,2026-07-07T23:14:46.322233+00:00,136.6,200,bid,,,11421227
2026-07-07T23:14:48.110092,2026-07-07T23:14:48.119093+00:00,136.6,200,ask,,,11421255
2026-07-07T23:14:48.734700,2026-07-07T23:14:48.742750+00:00,136.6,200,bid,,,11421270
2026-07-07T23:14:54.556830,2026-07-07T23:14:54.569520+00:00,136.4,20,ask,,,11421354
2026-07-07T23:14:56.013654,2026-07-07T23:14:56.024949+00:00,136.7,200,bid,,,11421367
2026-07-07T23:15:00.509371,2026-07-07T23:15:00.515924+00:00,136.7,20,ask,,,11421429
2026-07-07T23:15:02.072006,2026-07-07T23:15:02.079906+00:00,136.8,200,ask,,,11421454
2026-07-07T23:15:04.424286,2026-07-07T23:15:04.434293+00:00,136.7,200,ask,,,11421482
2026-07-07T23:15:04.424286,2026-07-07T23:15:04.434293+00:00,136.7,300,ask,,,11421483
2026-07-07T23:15:05.693374,2026-07-07T23:15:05.701880+00:00,136.7,200,bid,,,11421506
2026-07-07T23:15:08.057512,2026-07-07T23:15:08.062512+00:00,136.6,3,ask,,,11421541
2026-07-07T23:15:08.129300,2026-07-07T23:15:08.133135+00:00,136.7,11,ask,,,11421546
2026-07-07T23:15:08.639012,2026-07-07T23:15:08.647462+00:00,136.7,189,ask,,,11421550
2026-07-07T23:15:09.866704,2026-07-07T23:15:09.874989+00:00,136.7,200,ask,,,11421569
2026-07-07T23:15:10.531490,2026-07-07T23:15:10.542937+00:00,136.7,200,bid,,,11421580
2026-07-07T23:15:11.742583,2026-07-07T23:15:11.753513+00:00,136.6,200,bid,,,11421588
2026-07-07T23:15:13.098696,2026-07-07T23:15:13.110751+00:00,136.5,20,ask,,,11421605
2026-07-07T23:15:15.078109,2026-07-07T23:15:15.087042+00:00,136.4,20,ask,,,11421626
2026-07-07T23:15:17.814399,2026-07-07T23:15:17.823097+00:00,136.5,200,ask,,,11421656
2026-07-07T23:15:19.605050,2026-07-07T23:15:19.615284+00:00,136.4,20,ask,,,11421675
2026-07-07T23:15:21.374992,2026-07-07T23:15:21.385345+00:00,136.5,500,ask,,,11421688
2026-07-07T23:15:21.971711,2026-07-07T23:15:21.978460+00:00,136.5,125,ask,,,11421698
2026-07-07T23:15:21.971711,2026-07-07T23:15:21.983477+00:00,136.5,200,ask,,,11421699
2026-07-07T23:15:25.065828,2026-07-07T23:15:25.074464+00:00,136.4,200,ask,,,11421745
2026-07-07T23:15:32.339574,2026-07-07T23:15:32.346928+00:00,136.3,200,bid,,,11421824
2026-07-07T23:15:32.381967,2026-07-07T23:15:32.393392+00:00,136.1,20,ask,,,11421826
2026-07-07T23:15:35.968368,2026-07-07T23:15:35.975115+00:00,136.5,200,bid,,,11421865
2026-07-07T23:15:39.281423,2026-07-07T23:15:39.288064+00:00,136.5,200,ask,,,11421914
2026-07-07T23:15:39.302010,2026-07-07T23:15:39.306138+00:00,136.4,3,bid,,,11421917
2026-07-07T23:15:39.591518,2026-07-07T23:15:39.601024+00:00,136.4,200,bid,,,11421922
2026-07-07T23:15:39.714921,2026-07-07T23:15:39.726723+00:00,136.4,20,bid,,,11421923
2026-07-07T23:15:40.036857,2026-07-07T23:15:40.041133+00:00,136.2,3,ask,,,11421925
2026-07-07T23:15:40.608138,2026-07-07T23:15:40.612138+00:00,136.3,12,ask,,,11421934
2026-07-07T23:15:43.225088,2026-07-07T23:15:43.233615+00:00,136.4,200,bid,,,11421968
2026-07-07T23:15:46.355159,2026-07-07T23:15:46.359146+00:00,136.4,34,ask,,,11422018
2026-07-07T23:15:47.144397,2026-07-07T23:15:47.169256+00:00,136.6,200,bid,,,11422027
2026-07-07T23:15:47.165483,2026-07-07T23:15:47.169256+00:00,136.6,16,ask,,,11422030
2026-07-07T23:15:47.407276,2026-07-07T23:15:47.416612+00:00,136.6,409,ask,,,11422031
2026-07-07T23:15:47.791032,2026-07-07T23:15:47.802775+00:00,136.3,20,ask,,,11422038
2026-07-07T23:15:48.455889,2026-07-07T23:15:48.465917+00:00,136.4,200,ask,,,11422044
2026-07-07T23:15:49.264884,2026-07-07T23:15:49.275690+00:00,136.2,200,bid,,,11422051
2026-07-07T23:15:52.286252,2026-07-07T23:15:52.290116+00:00,136.3,16,bid,,,11422091
2026-07-07T23:15:52.416737,2026-07-07T23:15:52.421531+00:00,136.2,11,bid,,,11422096
2026-07-07T23:15:55.031572,2026-07-07T23:15:55.038310+00:00,136.2,200,ask,,,11422127
2026-07-07T23:15:55.258939,2026-07-07T23:15:55.268995+00:00,136.2,425,bid,,,11422131
2026-07-07T23:15:55.310547,2026-07-07T23:15:55.318209+00:00,136.2,75,ask,,,11422134
2026-07-07T23:15:55.329247,2026-07-07T23:15:55.332967+00:00,136.1,12,bid,,,11422136
2026-07-07T23:15:55.855083,2026-07-07T23:15:55.863847+00:00,136.1,113,bid,,,11422139
2026-07-07T23:15:56.519267,2026-07-07T23:15:56.530234+00:00,136.2,200,ask,,,11422152
2026-07-07T23:15:57.657242,2026-07-07T23:15:57.663895+00:00,136.5,20,bid,,,11422168
2026-07-07T23:15:58.561747,2026-07-07T23:15:58.573589+00:00,136.3,20,bid,,,11422176
2026-07-07T23:16:00.164507,2026-07-07T23:16:00.174035+00:00,136.3,200,ask,,,11422200
2026-07-07T23:16:00.803262,2026-07-07T23:16:00.815057+00:00,136.2,20,ask,,,11422208
2026-07-07T23:16:01.586953,2026-07-07T23:16:01.598648+00:00,136.3,200,bid,,,11422219
2026-07-07T23:16:02.595894,2026-07-07T23:16:02.600520+00:00,136.4,11,bid,,,11422235
2026-07-07T23:16:05.366763,2026-07-07T23:16:05.371089+00:00,136.2,11,ask,,,11422275
2026-07-07T23:16:05.530452,2026-07-07T23:16:05.534464+00:00,136.3,12,ask,,,11422280
2026-07-07T23:16:05.649575,2026-07-07T23:16:05.662305+00:00,136.3,20,ask,,,11422282
2026-07-07T23:16:06.220161,2026-07-07T23:16:06.226831+00:00,136.3,200,ask,,,11422295
2026-07-07T23:16:08.546280,2026-07-07T23:16:08.551990+00:00,136.1,20,ask,,,11422323
2026-07-07T23:16:09.860590,2026-07-07T23:16:09.868737+00:00,136.2,200,bid,,,11422341
2026-07-07T23:16:11.068217,2026-07-07T23:16:11.076850+00:00,136.3,200,bid,,,11422360
2026-07-07T23:16:11.637473,2026-07-07T23:16:11.648842+00:00,136.3,20,bid,,,11422361
2026-07-07T23:16:13.366239,2026-07-07T23:16:13.377426+00:00,136.3,200,bid,,,11422386
2026-07-07T23:16:14.058786,2026-07-07T23:16:14.070244+00:00,136.3,20,ask,,,11422394
2026-07-07T23:16:21.256580,2026-07-07T23:16:21.260522+00:00,136.4,11,ask,,,11422471
2026-07-07T23:16:21.978621,2026-07-07T23:16:21.985656+00:00,136.4,200,ask,,,11422481
2026-07-07T23:16:22.213486,2026-07-07T23:16:22.222038+00:00,136.4,20,ask,,,11422484
2026-07-07T23:16:23.191720,2026-07-07T23:16:23.202022+00:00,136.4,200,ask,,,11422497
2026-07-07T23:16:23.876800,2026-07-07T23:16:23.888349+00:00,136.4,500,ask,,,11422510
2026-07-07T23:16:24.010129,2026-07-07T23:16:24.014286+00:00,136.3,23,bid,,,11422514
2026-07-07T23:16:24.339497,2026-07-07T23:16:24.349972+00:00,136.3,102,bid,,,11422520
2026-07-07T23:16:25.551323,2026-07-07T23:16:25.558655+00:00,136.5,200,bid,,,11422540
2026-07-07T23:16:27.164501,2026-07-07T23:16:27.168482+00:00,136.5,34,ask,,,11422556
2026-07-07T23:16:27.543427,2026-07-07T23:16:27.548775+00:00,136.6,45,bid,,,11422563
2026-07-07T23:16:27.987819,2026-07-07T23:16:27.995700+00:00,136.6,155,bid,,,11422572
2026-07-07T23:16:27.987819,2026-07-07T23:16:27.995700+00:00,136.6,345,bid,,,11422573
2026-07-07T23:16:28.032581,2026-07-07T23:16:28.042038+00:00,136.6,200,bid,,,11422576
2026-07-07T23:16:28.582937,2026-07-07T23:16:28.592680+00:00,136.6,80,bid,,,11422583
2026-07-07T23:16:29.246746,2026-07-07T23:16:29.256042+00:00,136.8,200,ask,,,11422591
2026-07-07T23:16:30.440442,2026-07-07T23:16:30.444296+00:00,136.9,11,ask,,,11422607
2026-07-07T23:16:30.719013,2026-07-07T23:16:30.723616+00:00,137.0,23,bid,,,11422611
2026-07-07T23:16:32.880595,2026-07-07T23:16:32.890468+00:00,137.0,200,ask,,,11422652
2026-07-07T23:16:35.299092,2026-07-07T23:16:35.306025+00:00,137.0,200,bid,,,11422687
2026-07-07T23:16:39.484088,2026-07-07T23:16:39.496099+00:00,137.1,20,bid,,,11422748
2026-07-07T23:16:40.702724,2026-07-07T23:16:40.710033+00:00,137.0,200,bid,,,11422760
2026-07-07T23:16:40.943248,2026-07-07T23:16:40.950805+00:00,137.0,300,ask,,,11422765
2026-07-07T23:16:41.342518,2026-07-07T23:16:41.350316+00:00,137.0,200,bid,,,11422772
2026-07-07T23:16:41.908769,2026-07-07T23:16:41.916251+00:00,137.0,125,bid,,,11422779
2026-07-07T23:16:42.554831,2026-07-07T23:16:42.565660+00:00,137.0,200,ask,,,11422790
2026-07-07T23:16:43.564318,2026-07-07T23:16:43.584021+00:00,136.9,500,ask,,,11422802
2026-07-07T23:16:43.580156,2026-07-07T23:16:43.584021+00:00,136.9,14,bid,,,11422804
2026-07-07T23:16:43.710993,2026-07-07T23:16:43.719012+00:00,136.9,111,bid,,,11422807
2026-07-07T23:16:44.968485,2026-07-07T23:16:44.979282+00:00,137.0,200,ask,,,11422825
2026-07-07T23:16:46.187631,2026-07-07T23:16:46.194897+00:00,137.2,20,bid,,,11422840
2026-07-07T23:16:47.420423,2026-07-07T23:16:47.430336+00:00,137.1,200,ask,,,11422850
2026-07-07T23:16:48.422316,2026-07-07T23:16:48.430485+00:00,137.2,20,ask,,,11422866
2026-07-07T23:16:51.497403,2026-07-07T23:16:51.505168+00:00,137.4,20,bid,,,11422909
2026-07-07T23:16:52.262925,2026-07-07T23:16:52.270131+00:00,137.3,200,ask,,,11422911
2026-07-07T23:16:52.839817,2026-07-07T23:16:52.843936+00:00,137.3,14,bid,,,11422923
2026-07-07T23:16:53.469766,2026-07-07T23:16:53.479560+00:00,137.3,200,bid,,,11422928
2026-07-07T23:16:54.678545,2026-07-07T23:16:54.688032+00:00,137.3,200,bid,,,11422939
2026-07-07T23:16:55.886578,2026-07-07T23:16:55.897486+00:00,137.4,200,bid,,,11422952
2026-07-07T23:16:57.095742,2026-07-07T23:16:57.106185+00:00,137.4,200,bid,,,11422969
2026-07-07T23:16:58.303955,2026-07-07T23:16:58.310674+00:00,137.6,200,bid,,,11422993
2026-07-07T23:16:59.512788,2026-07-07T23:16:59.520104+00:00,137.7,200,bid,,,11423002
2026-07-07T23:17:01.990952,2026-07-07T23:17:01.994710+00:00,137.7,12,bid,,,11423044
2026-07-07T23:17:03.142990,2026-07-07T23:17:03.158570+00:00,137.7,200,bid,,,11423059
2026-07-07T23:17:03.287004,2026-07-07T23:17:03.297207+00:00,137.7,500,bid,,,11423065
2026-07-07T23:17:03.689035,2026-07-07T23:17:03.695958+00:00,137.7,125,ask,,,11423070
2026-07-07T23:17:04.355093,2026-07-07T23:17:04.366047+00:00,137.6,200,bid,,,11423078
2026-07-07T23:17:09.871709,2026-07-07T23:17:09.878454+00:00,137.5,200,ask,,,11423149
2026-07-07T23:17:09.889023,2026-07-07T23:17:09.892780+00:00,137.4,11,bid,,,11423151
2026-07-07T23:17:10.403115,2026-07-07T23:17:10.412762+00:00,137.4,200,bid,,,11423159
2026-07-07T23:17:11.625902,2026-07-07T23:17:11.633484+00:00,137.4,200,bid,,,11423178
2026-07-07T23:17:12.850412,2026-07-07T23:17:12.854282+00:00,137.5,11,ask,,,11423194
2026-07-07T23:17:14.049520,2026-07-07T23:17:14.063741+00:00,137.5,200,ask,,,11423215
2026-07-07T23:17:15.258111,2026-07-07T23:17:15.265233+00:00,137.5,200,bid,,,11423232
2026-07-07T23:17:16.469730,2026-07-07T23:17:16.478390+00:00,137.4,200,bid,,,11423258
2026-07-07T23:17:17.864893,2026-07-07T23:17:17.869001+00:00,137.3,12,ask,,,11423281
2026-07-07T23:17:21.336567,2026-07-07T23:17:21.341246+00:00,137.3,11,ask,,,11423325
2026-07-07T23:17:21.723343,2026-07-07T23:17:21.730786+00:00,137.3,200,bid,,,11423334
2026-07-07T23:17:22.602374,2026-07-07T23:17:22.614389+00:00,137.3,20,ask,,,11423346
2026-07-07T23:17:23.774712,2026-07-07T23:17:23.784316+00:00,137.3,200,ask,,,11423364
2026-07-07T23:17:24.983394,2026-07-07T23:17:24.994721+00:00,137.2,200,ask,,,11423386
2026-07-07T23:17:27.303509,2026-07-07T23:17:27.314171+00:00,137.4,200,bid,,,11423415
2026-07-07T23:17:27.303509,2026-07-07T23:17:27.314171+00:00,137.4,300,bid,,,11423416
2026-07-07T23:17:27.397737,2026-07-07T23:17:27.406497+00:00,137.4,200,bid,,,11423417
2026-07-07T23:17:27.722650,2026-07-07T23:17:27.734390+00:00,137.2,20,ask,,,11423420
2026-07-07T23:17:27.899723,2026-07-07T23:17:27.906817+00:00,137.4,125,bid,,,11423422
2026-07-07T23:17:28.319099,2026-07-07T23:17:28.323302+00:00,137.6,3,ask,,,11423434
2026-07-07T23:17:29.831162,2026-07-07T23:17:29.841589+00:00,137.6,200,ask,,,11423454
2026-07-07T23:17:30.247606,2026-07-07T23:17:30.254260+00:00,137.6,20,ask,,,11423459
2026-07-07T23:17:33.571991,2026-07-07T23:17:33.579982+00:00,137.7,500,ask,,,11423503
2026-07-07T23:17:33.949515,2026-07-07T23:17:33.958738+00:00,137.7,125,bid,,,11423508
2026-07-07T23:17:34.879077,2026-07-07T23:17:34.890257+00:00,137.7,200,bid,,,11423521
2026-07-07T23:17:40.312909,2026-07-07T23:17:40.316739+00:00,137.7,3,ask,,,11423571
2026-07-07T23:17:40.642266,2026-07-07T23:17:40.649643+00:00,137.8,500,bid,,,11423574
2026-07-07T23:17:41.239614,2026-07-07T23:17:41.247471+00:00,137.8,125,bid,,,11423579
2026-07-07T23:17:41.239614,2026-07-07T23:17:41.273564+00:00,137.8,200,bid,,,11423580
2026-07-07T23:17:41.269889,2026-07-07T23:17:41.273564+00:00,137.9,23,ask,,,11423582
2026-07-07T23:17:43.476791,2026-07-07T23:17:43.480582+00:00,138.0,12,bid,,,11423614
2026-07-07T23:17:45.590529,2026-07-07T23:17:45.597947+00:00,138.0,200,bid,,,11423649
2026-07-07T23:17:46.799113,2026-07-07T23:17:46.808266+00:00,138.0,200,bid,,,11423673
2026-07-07T23:17:49.225500,2026-07-07T23:17:49.234107+00:00,138.0,200,ask,,,11423705
2026-07-07T23:17:50.675474,2026-07-07T23:17:50.681996+00:00,138.1,200,bid,,,11423715
2026-07-07T23:17:50.923105,2026-07-07T23:17:50.930942+00:00,138.1,425,ask,,,11423719
2026-07-07T23:17:50.946181,2026-07-07T23:17:50.949844+00:00,138.0,11,bid,,,11423722
2026-07-07T23:17:51.527364,2026-07-07T23:17:51.535080+00:00,137.9,200,ask,,,11423729
2026-07-07T23:17:51.549689,2026-07-07T23:17:51.553572+00:00,137.9,3,bid,,,11423732
2026-07-07T23:17:51.635449,2026-07-07T23:17:51.646549+00:00,137.9,200,bid,,,11423734
2026-07-07T23:17:51.985860,2026-07-07T23:17:51.993601+00:00,137.9,97,bid,,,11423739
2026-07-07T23:17:52.119698,2026-07-07T23:17:52.130776+00:00,137.9,500,ask,,,11423740
2026-07-07T23:17:52.749901,2026-07-07T23:17:52.758530+00:00,137.9,28,ask,,,11423748
2026-07-07T23:17:52.846736,2026-07-07T23:17:52.854759+00:00,137.9,200,bid,,,11423750
2026-07-07T23:17:53.014305,2026-07-07T23:17:53.026112+00:00,137.1,20,ask,,,11423754
2026-07-07T23:17:53.310434,2026-07-07T23:17:53.314525+00:00,137.6,3,ask,,,11423756
2026-07-07T23:17:54.057133,2026-07-07T23:17:54.064235+00:00,137.8,200,bid,,,11423763
2026-07-07T23:17:55.264277,2026-07-07T23:17:55.274776+00:00,137.7,200,bid,,,11423776
2026-07-07T23:17:59.291148,2026-07-07T23:17:59.295686+00:00,137.5,11,ask,,,11423832
2026-07-07T23:17:59.885088,2026-07-07T23:17:59.888909+00:00,137.6,12,ask,,,11423838
2026-07-07T23:18:00.770407,2026-07-07T23:18:00.782363+00:00,137.6,20,ask,,,11423853
2026-07-07T23:18:01.316744,2026-07-07T23:18:01.327999+00:00,137.6,200,ask,,,11423864
2026-07-07T23:18:03.743835,2026-07-07T23:18:03.758557+00:00,137.7,200,bid,,,11423900
2026-07-07T23:18:04.246424,2026-07-07T23:18:04.258554+00:00,137.6,500,ask,,,11423908
2026-07-07T23:18:04.878062,2026-07-07T23:18:04.915602+00:00,137.6,125,ask,,,11423917
2026-07-07T23:18:04.911210,2026-07-07T23:18:04.915602+00:00,137.5,12,bid,,,11423920
2026-07-07T23:18:05.127992,2026-07-07T23:18:05.135725+00:00,137.4,200,ask,,,11423925
2026-07-07T23:18:05.147617,2026-07-07T23:18:05.151628+00:00,137.4,11,bid,,,11423927
2026-07-07T23:18:05.625984,2026-07-07T23:18:05.629864+00:00,137.2,46,ask,,,11423938
2026-07-07T23:18:05.816709,2026-07-07T23:18:05.825329+00:00,137.2,20,ask,,,11423939
2026-07-07T23:18:06.455093,2026-07-07T23:18:06.459467+00:00,137.3,11,ask,,,11423948
2026-07-07T23:18:07.754718,2026-07-07T23:18:07.774061+00:00,137.4,200,bid,,,11423970
2026-07-07T23:18:07.770455,2026-07-07T23:18:07.774061+00:00,137.4,11,ask,,,11423972
2026-07-07T23:18:08.737874,2026-07-07T23:18:08.742038+00:00,137.6,11,bid,,,11423981
2026-07-07T23:18:09.127346,2026-07-07T23:18:09.131227+00:00,137.5,11,bid,,,11423991
2026-07-07T23:18:12.240624,2026-07-07T23:18:12.244879+00:00,137.4,12,bid,,,11424031
2026-07-07T23:18:14.318704,2026-07-07T23:18:14.326229+00:00,137.3,200,ask,,,11424060
2026-07-07T23:18:14.336634,2026-07-07T23:18:14.340040+00:00,137.3,11,bid,,,11424063
2026-07-07T23:18:15.869933,2026-07-07T23:18:15.881558+00:00,137.2,200,ask,,,11424076
2026-07-07T23:18:17.098528,2026-07-07T23:18:17.102183+00:00,137.2,12,bid,,,11424091
2026-07-07T23:18:20.954257,2026-07-07T23:18:20.958153+00:00,137.0,11,bid,,,11424135
2026-07-07T23:18:21.952735,2026-07-07T23:18:21.958607+00:00,137.0,200,bid,,,11424148
2026-07-07T23:18:23.874597,2026-07-07T23:18:23.886469+00:00,137.1,20,bid,,,11424169
2026-07-07T23:18:28.831832,2026-07-07T23:18:28.838924+00:00,137.0,20,ask,,,11424225
2026-07-07T23:18:30.430280,2026-07-07T23:18:30.438475+00:00,137.2,200,bid,,,11424238
2026-07-07T23:18:31.795228,2026-07-07T23:18:31.807101+00:00,137.1,20,ask,,,11424254
2026-07-07T23:18:36.364021,2026-07-07T23:18:36.374279+00:00,137.1,200,ask,,,11424298
2026-07-07T23:18:36.364021,2026-07-07T23:18:36.374279+00:00,137.1,300,ask,,,11424299
2026-07-07T23:18:36.703715,2026-07-07T23:18:36.710525+00:00,137.1,200,ask,,,11424303
2026-07-07T23:18:37.725357,2026-07-07T23:18:37.729307+00:00,137.0,11,ask,,,11424325
2026-07-07T23:18:40.136699,2026-07-07T23:18:40.140747+00:00,137.1,12,ask,,,11424354
2026-07-07T23:18:40.162070,2026-07-07T23:18:40.165956+00:00,137.1,11,ask,,,11424356
2026-07-07T23:18:40.646574,2026-07-07T23:18:40.658568+00:00,137.1,177,ask,,,11424367
2026-07-07T23:18:43.026022,2026-07-07T23:18:43.035965+00:00,137.0,500,ask,,,11424397
2026-07-07T23:18:43.274086,2026-07-07T23:18:43.284695+00:00,136.9,200,ask,,,11424403
2026-07-07T23:18:43.749455,2026-07-07T23:18:43.760196+00:00,136.9,200,bid,,,11424408
2026-07-07T23:18:44.600596,2026-07-07T23:18:44.604888+00:00,136.8,12,ask,,,11424424
2026-07-07T23:18:44.981570,2026-07-07T23:18:44.985393+00:00,136.9,11,ask,,,11424432
2026-07-07T23:18:48.523794,2026-07-07T23:18:48.534163+00:00,137.1,200,bid,,,11424473
2026-07-07T23:18:48.523794,2026-07-07T23:18:48.534163+00:00,137.1,425,bid,,,11424474
2026-07-07T23:18:51.009371,2026-07-07T23:18:51.016472+00:00,137.1,200,bid,,,11424494
2026-07-07T23:18:53.428428,2026-07-07T23:18:53.436948+00:00,137.0,200,ask,,,11424529
2026-07-07T23:18:53.699183,2026-07-07T23:18:53.710919+00:00,137.2,20,bid,,,11424535
2026-07-07T23:18:56.410997,2026-07-07T23:18:56.420212+00:00,136.8,200,bid,,,11424571
2026-07-07T23:18:56.428003,2026-07-07T23:18:56.432037+00:00,136.8,11,ask,,,11424575
2026-07-07T23:18:57.050259,2026-07-07T23:18:57.058669+00:00,136.8,200,ask,,,11424581
2026-07-07T23:18:59.465976,2026-07-07T23:18:59.474900+00:00,136.8,200,ask,,,11424605
2026-07-07T23:19:00.232634,2026-07-07T23:19:00.241241+00:00,136.8,20,ask,,,11424611
2026-07-07T23:19:01.664371,2026-07-07T23:19:01.673763+00:00,136.9,200,bid,,,11424635
2026-07-07T23:19:01.879261,2026-07-07T23:19:01.887971+00:00,136.9,200,ask,,,11424639
2026-07-07T23:19:02.623359,2026-07-07T23:19:02.628767+00:00,137.2,11,bid,,,11424651
2026-07-07T23:19:03.030538,2026-07-07T23:19:03.034670+00:00,137.0,23,bid,,,11424657
2026-07-07T23:19:05.545188,2026-07-07T23:19:05.552044+00:00,136.8,20,ask,,,11424696
2026-07-07T23:19:05.638446,2026-07-07T23:19:05.661833+00:00,136.8,180,ask,,,11424700
2026-07-07T23:19:05.657444,2026-07-07T23:19:05.661833+00:00,136.8,23,bid,,,11424703
2026-07-07T23:19:05.836955,2026-07-07T23:19:05.840782+00:00,136.6,35,ask,,,11424707
2026-07-07T23:19:08.946068,2026-07-07T23:19:08.958606+00:00,136.6,20,ask,,,11424746
2026-07-07T23:19:14.008249,2026-07-07T23:19:14.011764+00:00,136.7,11,ask,,,11424824
2026-07-07T23:19:15.333444,2026-07-07T23:19:15.337829+00:00,137.0,11,bid,,,11424845
2026-07-07T23:19:16.420194,2026-07-07T23:19:16.429654+00:00,136.8,200,ask,,,11424860
2026-07-07T23:19:17.628998,2026-07-07T23:19:17.635949+00:00,136.8,200,ask,,,11424879
2026-07-07T23:19:18.859504,2026-07-07T23:19:18.864280+00:00,136.8,12,bid,,,11424898
2026-07-07T23:19:21.264585,2026-07-07T23:19:21.275870+00:00,136.8,200,ask,,,11424919
2026-07-07T23:19:22.732760,2026-07-07T23:19:22.736674+00:00,136.8,11,bid,,,11424937
2026-07-07T23:19:23.822389,2026-07-07T23:19:23.829225+00:00,136.7,20,ask,,,11424957
2026-07-07T23:19:27.982021,2026-07-07T23:19:27.986168+00:00,136.6,12,bid,,,11425022
2026-07-07T23:19:29.783344,2026-07-07T23:19:29.794789+00:00,136.5,20,ask,,,11425040
2026-07-07T23:19:30.940903,2026-07-07T23:19:30.947400+00:00,136.6,200,bid,,,11425056
2026-07-07T23:19:31.469541,2026-07-07T23:19:31.479641+00:00,136.3,20,ask,,,11425061
2026-07-07T23:19:32.152572,2026-07-07T23:19:32.158574+00:00,136.7,200,bid,,,11425071
2026-07-07T23:19:34.526557,2026-07-07T23:19:34.533224+00:00,136.5,200,ask,,,11425102
2026-07-07T23:19:34.544291,2026-07-07T23:19:34.548077+00:00,136.5,14,bid,,,11425104
2026-07-07T23:19:34.572258,2026-07-07T23:19:34.582602+00:00,136.5,200,bid,,,11425105
2026-07-07T23:19:38.459571,2026-07-07T23:19:38.469820+00:00,136.6,200,bid,,,11425150
2026-07-07T23:19:45.452675,2026-07-07T23:19:45.463911+00:00,136.6,200,bid,,,11425254
2026-07-07T23:19:45.654085,2026-07-07T23:19:45.665951+00:00,136.6,20,bid,,,11425257
2026-07-07T23:19:49.080708,2026-07-07T23:19:49.090948+00:00,136.6,200,bid,,,11425303
2026-07-07T23:19:50.293529,2026-07-07T23:19:50.301066+00:00,136.6,200,bid,,,11425320
2026-07-07T23:19:51.504517,2026-07-07T23:19:51.512062+00:00,136.6,200,bid,,,11425339
2026-07-07T23:19:53.276123,2026-07-07T23:19:53.280189+00:00,136.7,3,bid,,,11425368
2026-07-07T23:19:55.149003,2026-07-07T23:19:55.163751+00:00,136.6,200,ask,,,11425404
2026-07-07T23:19:56.848666,2026-07-07T23:19:56.863822+00:00,136.6,200,ask,,,11425427
2026-07-07T23:19:57.577125,2026-07-07T23:19:57.580870+00:00,136.5,11,bid,,,11425437
2026-07-07T23:19:59.977994,2026-07-07T23:19:59.987892+00:00,136.5,200,ask,,,11425459
2026-07-07T23:20:02.094963,2026-07-07T23:20:02.103979+00:00,136.4,200,ask,,,11425483
2026-07-07T23:20:03.744505,2026-07-07T23:20:03.758541+00:00,136.5,20,bid,,,11425511
2026-07-07T23:20:06.040746,2026-07-07T23:20:06.049623+00:00,136.5,200,bid,,,11425543
2026-07-07T23:20:07.237294,2026-07-07T23:20:07.247111+00:00,136.5,200,ask,,,11425562
2026-07-07T23:20:09.654677,2026-07-07T23:20:09.658621+00:00,136.6,200,bid,,,11425596
2026-07-07T23:20:09.984412,2026-07-07T23:20:09.992669+00:00,136.6,500,bid,,,11425599
2026-07-07T23:20:10.201467,2026-07-07T23:20:10.208499+00:00,136.6,125,ask,,,11425602
2026-07-07T23:20:12.070858,2026-07-07T23:20:12.080718+00:00,136.5,200,bid,,,11425635
2026-07-07T23:20:13.277493,2026-07-07T23:20:13.285383+00:00,136.4,200,bid,,,11425646
2026-07-07T23:20:14.740957,2026-07-07T23:20:14.758607+00:00,136.5,20,bid,,,11425664
2026-07-07T23:20:18.414811,2026-07-07T23:20:18.423943+00:00,136.4,20,bid,,,11425715
2026-07-07T23:20:19.350845,2026-07-07T23:20:19.355601+00:00,136.3,11,ask,,,11425724
2026-07-07T23:20:20.857860,2026-07-07T23:20:20.869421+00:00,136.4,20,bid,,,11425735
2026-07-07T23:20:22.867636,2026-07-07T23:20:22.876424+00:00,136.3,20,ask,,,11425754
2026-07-07T23:20:23.164319,2026-07-07T23:20:23.168429+00:00,136.4,3,ask,,,11425760
2026-07-07T23:20:25.772539,2026-07-07T23:20:25.784112+00:00,136.4,200,ask,,,11425789
2026-07-07T23:20:27.815377,2026-07-07T23:20:27.825277+00:00,136.5,200,bid,,,11425816
2026-07-07T23:20:28.419199,2026-07-07T23:20:28.423041+00:00,136.5,3,ask,,,11425821
2026-07-07T23:20:28.889917,2026-07-07T23:20:28.901404+00:00,136.7,20,bid,,,11425827
2026-07-07T23:20:30.235511,2026-07-07T23:20:30.244174+00:00,136.5,200,ask,,,11425842
2026-07-07T23:20:31.336692,2026-07-07T23:20:31.340555+00:00,136.4,23,ask,,,11425856
2026-07-07T23:20:32.350392,2026-07-07T23:20:32.355247+00:00,136.5,11,ask,,,11425869
2026-07-07T23:20:32.661499,2026-07-07T23:20:32.669735+00:00,136.5,200,ask,,,11425872
2026-07-07T23:20:36.281720,2026-07-07T23:20:36.290551+00:00,136.5,200,bid,,,11425911
2026-07-07T23:20:36.630284,2026-07-07T23:20:36.639681+00:00,136.5,20,ask,,,11425915
2026-07-07T23:20:38.739175,2026-07-07T23:20:38.749576+00:00,136.5,200,bid,,,11425939
2026-07-07T23:20:38.911298,2026-07-07T23:20:38.921120+00:00,136.5,500,bid,,,11425942
2026-07-07T23:20:40.231039,2026-07-07T23:20:40.241257+00:00,136.5,200,ask,,,11425954
2026-07-07T23:20:41.543429,2026-07-07T23:20:41.551453+00:00,136.6,200,bid,,,11425974
2026-07-07T23:20:41.564757,2026-07-07T23:20:41.568780+00:00,136.6,12,ask,,,11425976
2026-07-07T23:20:42.373289,2026-07-07T23:20:42.381848+00:00,136.7,200,bid,,,11425979
2026-07-07T23:20:44.152441,2026-07-07T23:20:44.164160+00:00,136.5,20,ask,,,11426001
2026-07-07T23:20:45.481768,2026-07-07T23:20:45.492567+00:00,136.7,200,bid,,,11426015
2026-07-07T23:20:45.481768,2026-07-07T23:20:45.492567+00:00,136.7,425,bid,,,11426016
2026-07-07T23:20:46.892838,2026-07-07T23:20:46.904576+00:00,136.6,20,ask,,,11426030
2026-07-07T23:20:48.110427,2026-07-07T23:20:48.118918+00:00,136.7,500,bid,,,11426044
2026-07-07T23:20:48.975489,2026-07-07T23:20:48.984752+00:00,136.7,125,ask,,,11426053
2026-07-07T23:20:48.975489,2026-07-07T23:20:48.984752+00:00,136.7,200,ask,,,11426054
2026-07-07T23:20:49.012333,2026-07-07T23:20:49.026828+00:00,135.9,20,ask,,,11426057
2026-07-07T23:20:49.640933,2026-07-07T23:20:49.658636+00:00,136.6,200,bid,,,11426066
2026-07-07T23:20:50.330200,2026-07-07T23:20:50.334090+00:00,136.4,34,ask,,,11426080
2026-07-07T23:20:50.864215,2026-07-07T23:20:50.868386+00:00,136.6,16,ask,,,11426084
2026-07-07T23:20:51.893634,2026-07-07T23:20:51.905445+00:00,136.7,20,bid,,,11426099
2026-07-07T23:20:52.051609,2026-07-07T23:20:52.053126+00:00,136.6,184,ask,,,11426101
2026-07-07T23:20:52.061745,2026-07-07T23:20:52.068964+00:00,136.6,200,bid,,,11426102
2026-07-07T23:20:53.094944,2026-07-07T23:20:53.098706+00:00,136.6,5,bid,,,11426112
2026-07-07T23:20:53.276103,2026-07-07T23:20:53.283235+00:00,136.6,200,bid,,,11426115
2026-07-07T23:20:55.993048,2026-07-07T23:20:56.000890+00:00,136.6,200,ask,,,11426150
2026-07-07T23:20:56.011772,2026-07-07T23:20:56.015744+00:00,136.5,9,bid,,,11426152
2026-07-07T23:20:56.021189,2026-07-07T23:20:56.025142+00:00,136.5,2,bid,,,11426154
2026-07-07T23:20:56.917264,2026-07-07T23:20:56.919335+00:00,136.5,200,bid,,,11426168
2026-07-07T23:20:57.317114,2026-07-07T23:20:57.321419+00:00,136.4,10,ask,,,11426175
2026-07-07T23:21:01.686900,2026-07-07T23:21:01.699599+00:00,136.6,20,bid,,,11426229
2026-07-07T23:21:02.988898,2026-07-07T23:21:02.992467+00:00,136.6,22,bid,,,11426242
2026-07-07T23:21:03.860089,2026-07-07T23:21:03.869890+00:00,136.6,200,bid,,,11426254
2026-07-07T23:21:03.860089,2026-07-07T23:21:03.869890+00:00,136.6,425,bid,,,11426255
2026-07-07T23:21:04.106903,2026-07-07T23:21:04.111217+00:00,136.5,11,bid,,,11426260
2026-07-07T23:21:04.192380,2026-07-07T23:21:04.200895+00:00,136.5,200,bid,,,11426261
2026-07-07T23:21:04.332043,2026-07-07T23:21:04.343939+00:00,135.8,20,ask,,,11426263
2026-07-07T23:21:05.898338,2026-07-07T23:21:05.908014+00:00,136.4,500,ask,,,11426283
2026-07-07T23:21:06.488755,2026-07-07T23:21:06.500298+00:00,136.4,200,ask,,,11426294
2026-07-07T23:21:08.170775,2026-07-07T23:21:08.182965+00:00,136.4,20,bid,,,11426317
2026-07-07T23:21:08.910770,2026-07-07T23:21:08.915534+00:00,136.3,23,ask,,,11426336
2026-07-07T23:21:15.100135,2026-07-07T23:21:15.108245+00:00,136.3,200,bid,,,11426417
2026-07-07T23:21:15.695737,2026-07-07T23:21:15.700091+00:00,136.3,17,ask,,,11426427
2026-07-07T23:21:16.194445,2026-07-07T23:21:16.204539+00:00,136.3,500,ask,,,11426431
2026-07-07T23:21:18.008872,2026-07-07T23:21:18.017050+00:00,136.3,200,ask,,,11426465
2026-07-07T23:21:18.008872,2026-07-07T23:21:18.022324+00:00,136.2,300,ask,,,11426466
2026-07-07T23:21:18.744375,2026-07-07T23:21:18.748616+00:00,136.3,6,bid,,,11426476
2026-07-07T23:21:19.639084,2026-07-07T23:21:19.643870+00:00,136.2,11,bid,,,11426494
2026-07-07T23:21:19.942530,2026-07-07T23:21:19.952495+00:00,136.2,200,bid,,,11426501
2026-07-07T23:21:22.381300,2026-07-07T23:21:22.385964+00:00,136.1,12,bid,,,11426542
2026-07-07T23:21:23.582397,2026-07-07T23:21:23.593266+00:00,136.1,200,bid,,,11426559
2026-07-07T23:21:24.782662,2026-07-07T23:21:24.790004+00:00,136.1,200,ask,,,11426568
2026-07-07T23:21:25.990800,2026-07-07T23:21:26.001989+00:00,136.0,200,ask,,,11426579
2026-07-07T23:21:27.408471,2026-07-07T23:21:27.415503+00:00,136.1,20,bid,,,11426595
2026-07-07T23:21:30.016991,2026-07-07T23:21:30.025009+00:00,136.1,20,bid,,,11426629
2026-07-07T23:21:33.244887,2026-07-07T23:21:33.258574+00:00,135.9,200,bid,,,11426663
2026-07-07T23:21:38.020431,2026-07-07T23:21:38.030936+00:00,136.1,200,bid,,,11426717
2026-07-07T23:21:40.229339,2026-07-07T23:21:40.241483+00:00,136.1,20,bid,,,11426738
2026-07-07T23:21:40.500309,2026-07-07T23:21:40.506850+00:00,136.1,200,bid,,,11426744
2026-07-07T23:21:41.709270,2026-07-07T23:21:41.715627+00:00,136.2,200,bid,,,11426754
2026-07-07T23:21:42.848209,2026-07-07T23:21:42.848023+00:00,136.0,500,ask,,,11426766
2026-07-07T23:21:43.285044,2026-07-07T23:21:43.295615+00:00,136.0,200,ask,,,11426771
2026-07-07T23:21:44.141461,2026-07-07T23:21:44.145440+00:00,135.8,12,ask,,,11426782
2026-07-07T23:21:44.152353,2026-07-07T23:21:44.156009+00:00,135.8,11,ask,,,11426785
2026-07-07T23:21:45.724739,2026-07-07T23:21:45.732150+00:00,136.0,20,bid,,,11426813
2026-07-07T23:21:46.470113,2026-07-07T23:21:46.479728+00:00,135.8,200,ask,,,11426822
2026-07-07T23:21:46.878234,2026-07-07T23:21:46.882143+00:00,135.8,11,bid,,,11426829
2026-07-07T23:21:49.585280,2026-07-07T23:21:49.597038+00:00,135.6,20,ask,,,11426858
2026-07-07T23:21:49.853706,2026-07-07T23:21:49.855716+00:00,135.7,200,bid,,,11426864
2026-07-07T23:21:49.853706,2026-07-07T23:21:49.855716+00:00,135.8,425,bid,,,11426865
2026-07-07T23:21:51.830549,2026-07-07T23:21:51.842200+00:00,135.7,20,bid,,,11426891
2026-07-07T23:21:53.788859,2026-07-07T23:21:53.798416+00:00,135.7,200,bid,,,11426918
2026-07-07T23:21:55.037239,2026-07-07T23:21:55.047970+00:00,135.7,200,ask,,,11426931
2026-07-07T23:21:56.423918,2026-07-07T23:21:56.434310+00:00,135.5,500,ask,,,11426956
2026-07-07T23:21:56.751617,2026-07-07T23:21:56.754852+00:00,135.5,125,bid,,,11426958
2026-07-07T23:21:56.751617,2026-07-07T23:21:56.754852+00:00,135.6,200,bid,,,11426959
2026-07-07T23:22:01.091133,2026-07-07T23:22:01.099815+00:00,135.7,200,bid,,,11427010
2026-07-07T23:22:02.634863,2026-07-07T23:22:02.638803+00:00,135.7,12,bid,,,11427043
2026-07-07T23:22:04.353321,2026-07-07T23:22:04.364834+00:00,135.9,20,bid,,,11427069
2026-07-07T23:22:05.593598,2026-07-07T23:22:05.599856+00:00,135.8,200,ask,,,11427083
2026-07-07T23:22:06.230692,2026-07-07T23:22:06.234800+00:00,135.8,22,bid,,,11427093
2026-07-07T23:22:10.789016,2026-07-07T23:22:10.796806+00:00,136.0,200,bid,,,11427158
2026-07-07T23:22:12.138705,2026-07-07T23:22:12.146218+00:00,135.9,200,bid,,,11427181
2026-07-07T23:22:14.493069,2026-07-07T23:22:14.504900+00:00,135.9,20,ask,,,11427206
2026-07-07T23:22:15.622052,2026-07-07T23:22:15.633424+00:00,136.0,200,bid,,,11427216
2026-07-07T23:22:16.082159,2026-07-07T23:22:16.086206+00:00,135.9,11,ask,,,11427232
2026-07-07T23:22:22.628342,2026-07-07T23:22:22.638628+00:00,136.2,200,bid,,,11427300
2026-07-07T23:22:24.100567,2026-07-07T23:22:24.109123+00:00,136.1,200,ask,,,11427326
2026-07-07T23:22:26.117717,2026-07-07T23:22:26.129345+00:00,136.1,20,ask,,,11427351
2026-07-07T23:22:26.518834,2026-07-07T23:22:26.526662+00:00,136.2,200,bid,,,11427358
2026-07-07T23:22:27.993785,2026-07-07T23:22:27.997750+00:00,136.2,23,bid,,,11427384
2026-07-07T23:22:28.807581,2026-07-07T23:22:28.817451+00:00,136.2,20,bid,,,11427393
2026-07-07T23:22:28.850668,2026-07-07T23:22:28.858620+00:00,136.2,500,bid,,,11427395
2026-07-07T23:22:29.177234,2026-07-07T23:22:29.183868+00:00,136.2,200,bid,,,11427401
2026-07-07T23:22:30.159975,2026-07-07T23:22:30.169219+00:00,136.2,200,ask,,,11427411
2026-07-07T23:22:30.653581,2026-07-07T23:22:30.658595+00:00,136.3,500,bid,,,11427425
2026-07-07T23:22:31.287147,2026-07-07T23:22:31.293529+00:00,136.3,125,bid,,,11427438
2026-07-07T23:22:31.371677,2026-07-07T23:22:31.380772+00:00,136.3,200,ask,,,11427442
2026-07-07T23:22:31.817768,2026-07-07T23:22:31.821474+00:00,136.6,37,bid,,,11427450
2026-07-07T23:22:33.703733,2026-07-07T23:22:33.715190+00:00,136.4,500,bid,,,11427470
2026-07-07T23:22:33.785334,2026-07-07T23:22:33.793126+00:00,136.4,125,bid,,,11427472
2026-07-07T23:22:34.997030,2026-07-07T23:22:35.003856+00:00,136.5,200,ask,,,11427494
2026-07-07T23:22:38.085453,2026-07-07T23:22:38.092937+00:00,136.6,20,bid,,,11427534
2026-07-07T23:22:38.362156,2026-07-07T23:22:38.371961+00:00,136.5,200,ask,,,11427535
2026-07-07T23:22:38.629020,2026-07-07T23:22:38.640106+00:00,136.5,200,bid,,,11427539
2026-07-07T23:22:42.314232,2026-07-07T23:22:42.321807+00:00,136.6,200,bid,,,11427578
2026-07-07T23:22:43.476871,2026-07-07T23:22:43.484414+00:00,136.6,200,ask,,,11427591
2026-07-07T23:22:47.127028,2026-07-07T23:22:47.130804+00:00,136.6,3,ask,,,11427638
2026-07-07T23:22:47.551397,2026-07-07T23:22:47.558546+00:00,136.6,197,ask,,,11427642
2026-07-07T23:22:47.693455,2026-07-07T23:22:47.705220+00:00,136.5,20,bid,,,11427647
2026-07-07T23:22:50.644418,2026-07-07T23:22:50.648434+00:00,136.4,23,ask,,,11427690
2026-07-07T23:22:52.483505,2026-07-07T23:22:52.490333+00:00,136.5,200,bid,,,11427721
2026-07-07T23:22:52.506458,2026-07-07T23:22:52.510396+00:00,136.5,11,ask,,,11427723
2026-07-07T23:22:52.799214,2026-07-07T23:22:52.803357+00:00,136.6,12,ask,,,11427731
2026-07-07T23:22:54.410545,2026-07-07T23:22:54.414963+00:00,136.5,23,bid,,,11427762
2026-07-07T23:22:55.520072,2026-07-07T23:22:55.529882+00:00,136.5,177,bid,,,11427769
2026-07-07T23:22:55.520072,2026-07-07T23:22:55.529882+00:00,136.5,323,bid,,,11427770
2026-07-07T23:22:56.117939,2026-07-07T23:22:56.126341+00:00,136.5,302,bid,,,11427781
2026-07-07T23:22:56.117939,2026-07-07T23:22:56.126341+00:00,136.5,198,bid,,,11427782
2026-07-07T23:22:56.711567,2026-07-07T23:22:56.757125+00:00,136.5,2,bid,,,11427789
2026-07-07T23:22:56.753554,2026-07-07T23:22:56.757125+00:00,136.6,11,ask,,,11427792
2026-07-07T23:22:56.763768,2026-07-07T23:22:56.767671+00:00,136.6,12,ask,,,11427794
2026-07-07T23:22:56.812626,2026-07-07T23:22:56.824032+00:00,136.6,200,ask,,,11427796
2026-07-07T23:22:57.358138,2026-07-07T23:22:57.362292+00:00,136.7,11,ask,,,11427800
2026-07-07T23:22:57.935172,2026-07-07T23:22:57.941957+00:00,136.8,500,bid,,,11427808
2026-07-07T23:22:58.055626,2026-07-07T23:22:58.057001+00:00,136.7,200,bid,,,11427812
2026-07-07T23:22:58.075165,2026-07-07T23:22:58.079586+00:00,136.9,23,ask,,,11427814
2026-07-07T23:22:58.664517,2026-07-07T23:22:58.671171+00:00,136.9,20,ask,,,11427823
2026-07-07T23:22:59.156438,2026-07-07T23:22:59.162775+00:00,137.0,2,ask,,,11427834
2026-07-07T23:22:59.231910,2026-07-07T23:22:59.241356+00:00,137.0,200,ask,,,11427835
2026-07-07T23:22:59.370747,2026-07-07T23:22:59.378925+00:00,137.0,298,ask,,,11427836
2026-07-07T23:22:59.734849,2026-07-07T23:22:59.745599+00:00,137.0,327,bid,,,11427842
2026-07-07T23:23:00.448055,2026-07-07T23:23:00.458599+00:00,137.0,200,ask,,,11427860
2026-07-07T23:23:00.693499,2026-07-07T23:23:00.697340+00:00,137.3,25,bid,,,11427864
2026-07-07T23:23:01.657387,2026-07-07T23:23:01.663888+00:00,137.0,200,ask,,,11427880
2026-07-07T23:23:02.006945,2026-07-07T23:23:02.010846+00:00,137.0,34,bid,,,11427886
2026-07-07T23:23:02.180585,2026-07-07T23:23:02.188485+00:00,137.0,500,bid,,,11427887
2026-07-07T23:23:02.414894,2026-07-07T23:23:02.421796+00:00,136.7,20,ask,,,11427892
2026-07-07T23:23:02.781853,2026-07-07T23:23:02.793252+00:00,137.0,91,bid,,,11427898
2026-07-07T23:23:02.946051,2026-07-07T23:23:02.950438+00:00,137.0,11,ask,,,11427902
2026-07-07T23:23:03.319329,2026-07-07T23:23:03.322912+00:00,137.0,46,ask,,,11427909
2026-07-07T23:23:03.387854,2026-07-07T23:23:03.417934+00:00,137.1,200,bid,,,11427911
2026-07-07T23:23:03.414171,2026-07-07T23:23:03.417934+00:00,137.1,11,ask,,,11427914
2026-07-07T23:23:04.595029,2026-07-07T23:23:04.605197+00:00,137.2,500,bid,,,11427927
2026-07-07T23:23:04.895617,2026-07-07T23:23:04.907081+00:00,137.1,20,bid,,,11427932
2026-07-07T23:23:05.192634,2026-07-07T23:23:05.204033+00:00,137.1,500,bid,,,11427937
2026-07-07T23:23:05.291539,2026-07-07T23:23:05.300451+00:00,137.1,105,bid,,,11427939
2026-07-07T23:23:05.793051,2026-07-07T23:23:05.801426+00:00,137.3,200,bid,,,11427950
2026-07-07T23:23:05.820324,2026-07-07T23:23:05.824103+00:00,137.3,2,ask,,,11427952
2026-07-07T23:23:06.430365,2026-07-07T23:23:06.434157+00:00,137.7,2,bid,,,11427959
2026-07-07T23:23:06.522764,2026-07-07T23:23:06.526794+00:00,137.5,23,bid,,,11427961
2026-07-07T23:23:07.238064,2026-07-07T23:23:07.244676+00:00,137.5,177,bid,,,11427978
2026-07-07T23:23:07.318510,2026-07-07T23:23:07.330131+00:00,137.7,20,bid,,,11427979
2026-07-07T23:23:09.865863,2026-07-07T23:23:09.875997+00:00,137.5,200,ask,,,11428021
2026-07-07T23:23:10.142992,2026-07-07T23:23:10.152351+00:00,137.5,200,bid,,,11428027
2026-07-07T23:23:13.806376,2026-07-07T23:23:13.816823+00:00,137.5,200,ask,,,11428075
2026-07-07T23:23:17.748687,2026-07-07T23:23:17.758584+00:00,137.5,200,bid,,,11428126
2026-07-07T23:23:25.423356,2026-07-07T23:23:25.427394+00:00,137.5,11,bid,,,11428220
2026-07-07T23:23:27.085520,2026-07-07T23:23:27.092036+00:00,137.5,200,bid,,,11428233
2026-07-07T23:23:28.976843,2026-07-07T23:23:28.988665+00:00,137.5,20,bid,,,11428254
2026-07-07T23:23:32.189227,2026-07-07T23:23:32.201076+00:00,137.6,20,bid,,,11428293
2026-07-07T23:23:33.485748,2026-07-07T23:23:33.492962+00:00,137.5,200,ask,,,11428310
2026-07-07T23:23:33.505531,2026-07-07T23:23:33.509703+00:00,137.5,11,bid,,,11428312
2026-07-07T23:23:34.340046,2026-07-07T23:23:34.351107+00:00,137.5,200,bid,,,11428318
2026-07-07T23:23:34.972236,2026-07-07T23:23:34.976005+00:00,137.6,22,ask,,,11428330
2026-07-07T23:23:35.549630,2026-07-07T23:23:35.563938+00:00,137.6,200,ask,,,11428334
2026-07-07T23:23:36.128087,2026-07-07T23:23:36.132139+00:00,137.7,12,ask,,,11428346
2026-07-07T23:23:36.757688,2026-07-07T23:23:36.769394+00:00,137.7,200,ask,,,11428351
2026-07-07T23:23:37.980366,2026-07-07T23:23:37.983964+00:00,137.8,12,bid,,,11428367
2026-07-07T23:23:41.621574,2026-07-07T23:23:41.629644+00:00,137.8,200,ask,,,11428400
2026-07-07T23:23:44.052146,2026-07-07T23:23:44.055948+00:00,137.9,22,bid,,,11428433
2026-07-07T23:23:46.106679,2026-07-07T23:23:46.118389+00:00,137.8,20,ask,,,11428462
2026-07-07T23:23:46.458435,2026-07-07T23:23:46.475093+00:00,137.9,200,bid,,,11428466
2026-07-07T23:23:47.567778,2026-07-07T23:23:47.572040+00:00,138.0,12,bid,,,11428478
2026-07-07T23:23:47.916620,2026-07-07T23:23:47.935040+00:00,137.8,200,ask,,,11428482
2026-07-07T23:23:47.931337,2026-07-07T23:23:47.935040+00:00,137.8,23,bid,,,11428484
2026-07-07T23:23:50.089983,2026-07-07T23:23:50.101113+00:00,137.8,200,ask,,,11428510
2026-07-07T23:23:53.037341,2026-07-07T23:23:53.045431+00:00,137.8,500,ask,,,11428550
2026-07-07T23:23:54.278023,2026-07-07T23:23:54.286447+00:00,137.7,20,bid,,,11428567
2026-07-07T23:23:56.092088,2026-07-07T23:23:56.100001+00:00,137.6,200,ask,,,11428585
2026-07-07T23:23:56.142412,2026-07-07T23:23:56.158564+00:00,137.6,200,bid,,,11428587
2026-07-07T23:23:57.111774,2026-07-07T23:23:57.115670+00:00,137.4,23,ask,,,11428601
2026-07-07T23:23:57.365041,2026-07-07T23:23:57.369695+00:00,137.5,12,ask,,,11428604
2026-07-07T23:23:58.582588,2026-07-07T23:23:58.586531+00:00,137.6,11,ask,,,11428626
2026-07-07T23:24:04.775032,2026-07-07T23:24:04.782887+00:00,137.8,20,bid,,,11428703
2026-07-07T23:24:04.952136,2026-07-07T23:24:04.952431+00:00,137.6,200,ask,,,11428704
2026-07-07T23:24:05.834667,2026-07-07T23:24:05.845919+00:00,137.6,200,bid,,,11428718
2026-07-07T23:24:07.063904,2026-07-07T23:24:07.067629+00:00,137.6,11,bid,,,11428733
2026-07-07T23:24:07.583794,2026-07-07T23:24:07.595043+00:00,137.6,189,bid,,,11428743
2026-07-07T23:24:09.465710,2026-07-07T23:24:09.475077+00:00,137.8,200,bid,,,11428770
2026-07-07T23:24:11.891641,2026-07-07T23:24:11.900037+00:00,137.7,200,ask,,,11428799
2026-07-07T23:24:15.423142,2026-07-07T23:24:15.434140+00:00,137.9,20,bid,,,11428847
2026-07-07T23:24:15.467962,2026-07-07T23:24:15.476171+00:00,137.9,180,bid,,,11428849
2026-07-07T23:24:15.467962,2026-07-07T23:24:15.476171+00:00,137.9,445,bid,,,11428850
2026-07-07T23:24:16.780970,2026-07-07T23:24:16.791587+00:00,137.8,200,bid,,,11428868
2026-07-07T23:24:18.173882,2026-07-07T23:24:18.185396+00:00,137.7,20,ask,,,11428887
2026-07-07T23:24:21.565620,2026-07-07T23:24:21.573796+00:00,137.6,200,ask,,,11428923
2026-07-07T23:24:23.350971,2026-07-07T23:24:23.358630+00:00,137.5,200,ask,,,11428945
2026-07-07T23:24:24.542480,2026-07-07T23:24:24.556004+00:00,137.5,20,bid,,,11428963
2026-07-07T23:24:27.276566,2026-07-07T23:24:27.284393+00:00,137.5,200,bid,,,11428993
2026-07-07T23:24:28.819114,2026-07-07T23:24:28.826021+00:00,137.6,200,bid,,,11429012
2026-07-07T23:24:31.240366,2026-07-07T23:24:31.247965+00:00,137.6,200,ask,,,11429040
2026-07-07T23:24:34.870707,2026-07-07T23:24:34.880954+00:00,137.8,200,bid,,,11429073
2026-07-07T23:24:35.146129,2026-07-07T23:24:35.150616+00:00,137.7,22,ask,,,11429077
2026-07-07T23:24:36.097430,2026-07-07T23:24:36.101553+00:00,137.8,12,ask,,,11429090
2026-07-07T23:24:37.221937,2026-07-07T23:24:37.228921+00:00,137.8,188,ask,,,11429098
2026-07-07T23:24:37.221937,2026-07-07T23:24:37.234397+00:00,137.8,312,ask,,,11429099
2026-07-07T23:24:37.815960,2026-07-07T23:24:37.827166+00:00,137.8,500,ask,,,11429106
2026-07-07T23:24:38.235751,2026-07-07T23:24:38.239606+00:00,137.9,23,bid,,,11429114
2026-07-07T23:24:39.059511,2026-07-07T23:24:39.069334+00:00,137.8,125,ask,,,11429129
2026-07-07T23:24:39.059511,2026-07-07T23:24:39.069334+00:00,137.8,200,ask,,,11429130
2026-07-07T23:24:39.079302,2026-07-07T23:24:39.083003+00:00,137.8,11,bid,,,11429132
2026-07-07T23:24:39.104202,2026-07-07T23:24:39.108071+00:00,137.7,12,bid,,,11429134
2026-07-07T23:24:41.181598,2026-07-07T23:24:41.192931+00:00,137.7,20,bid,,,11429161
2026-07-07T23:24:43.010876,2026-07-07T23:24:43.017572+00:00,137.7,200,bid,,,11429183
2026-07-07T23:24:43.028682,2026-07-07T23:24:43.032619+00:00,137.7,12,ask,,,11429185
2026-07-07T23:24:43.280734,2026-07-07T23:24:43.290740+00:00,137.7,413,ask,,,11429188
2026-07-07T23:24:45.774864,2026-07-07T23:24:45.781937+00:00,137.5,200,bid,,,11429219
2026-07-07T23:24:46.984921,2026-07-07T23:24:46.992646+00:00,137.5,200,ask,,,11429234
2026-07-07T23:24:49.561637,2026-07-07T23:24:49.569352+00:00,137.6,200,bid,,,11429274
2026-07-07T23:24:50.609987,2026-07-07T23:24:50.616486+00:00,137.6,200,ask,,,11429288
2026-07-07T23:24:52.202575,2026-07-07T23:24:52.213115+00:00,137.6,200,ask,,,11429300
2026-07-07T23:24:52.905352,2026-07-07T23:24:52.917146+00:00,137.3,20,ask,,,11429309
2026-07-07T23:24:53.956500,2026-07-07T23:24:53.968477+00:00,137.7,20,bid,,,11429319
2026-07-07T23:24:56.662379,2026-07-07T23:24:56.670033+00:00,137.6,200,bid,,,11429359
2026-07-07T23:24:57.929796,2026-07-07T23:24:57.941612+00:00,137.5,20,ask,,,11429373
2026-07-07T23:25:00.059341,2026-07-07T23:25:00.065921+00:00,137.6,200,bid,,,11429397
2026-07-07T23:25:00.293074,2026-07-07T23:25:00.301242+00:00,137.7,200,ask,,,11429399
2026-07-07T23:25:04.671408,2026-07-07T23:25:04.677717+00:00,137.8,20,bid,,,11429464
2026-07-07T23:25:05.136776,2026-07-07T23:25:05.144451+00:00,137.7,200,ask,,,11429474
2026-07-07T23:25:05.334534,2026-07-07T23:25:05.338283+00:00,137.6,23,bid,,,11429479
2026-07-07T23:25:06.655340,2026-07-07T23:25:06.665208+00:00,137.5,200,ask,,,11429497
2026-07-07T23:25:07.761662,2026-07-07T23:25:07.773286+00:00,137.5,20,bid,,,11429508
2026-07-07T23:25:09.531722,2026-07-07T23:25:09.535626+00:00,137.5,12,bid,,,11429526
