timestamp,recv_time,price,volume,aggressor_side,buyer,seller,trade_id
2026-07-04T09:00:05.099618,2026-07-04T09:00:05.103251+00:00,151.5,11,bid,Xuanyu Liu,WavyWalnuts,6802896
2026-07-04T09:00:05.210365,2026-07-04T09:00:05.218231+00:00,151.5,20,bid,Yashwanth Madan,WavyWalnuts,6802898
2026-07-04T09:00:12.405211,2026-07-04T09:00:12.413328+00:00,151.3,200,bid,YieldingYams,WavyWalnuts,6802998
2026-07-04T09:00:15.028811,2026-07-04T09:00:15.052715+00:00,151.2,200,ask,WavyWalnuts,YieldingYams,6803026
2026-07-04T09:00:15.048631,2026-07-04T09:00:15.052715+00:00,151.2,12,bid,Xuanyu Liu,YieldingYams,6803030
2026-07-04T09:00:19.758008,2026-07-04T09:00:19.769915+00:00,151.3,20,ask,YieldingYams,BrilliantBurritos,6803096
2026-07-04T09:00:20.925527,2026-07-04T09:00:20.929293+00:00,151.4,11,bid,Xuanyu Liu,YieldingYams,6803117
2026-07-04T09:00:24.173641,2026-07-04T09:00:24.180848+00:00,151.6,200,bid,WavyWalnuts,YieldingYams,6803159
2026-07-04T09:00:26.597535,2026-07-04T09:00:26.605143+00:00,151.6,200,ask,YieldingYams,WavyWalnuts,6803187
2026-07-04T09:00:27.247204,2026-07-04T09:00:27.250779+00:00,151.7,3,bid,Xuanyu Liu,YieldingYams,6803198
2026-07-04T09:00:28.134419,2026-07-04T09:00:28.144584+00:00,151.6,200,ask,WavyWalnuts,YieldingYams,6803208
2026-07-04T09:00:30.230656,2026-07-04T09:00:30.237974+00:00,151.6,200,bid,WavyWalnuts,AverageAlmonds,6803241
2026-07-04T09:00:31.155956,2026-07-04T09:00:31.154408+00:00,151.7,20,bid,BrilliantBurritos,AverageAlmonds,6803254
2026-07-04T09:00:31.939497,2026-07-04T09:00:31.950938+00:00,151.6,500,ask,YieldingYams,AverageAlmonds,6803269
2026-07-04T09:00:32.069787,2026-07-04T09:00:32.076999+00:00,151.6,200,ask,WavyWalnuts,YieldingYams,6803270
2026-07-04T09:00:32.649513,2026-07-04T09:00:32.658056+00:00,151.4,200,bid,WavyWalnuts,YieldingYams,6803274
2026-07-04T09:00:33.861184,2026-07-04T09:00:33.870963+00:00,151.4,200,bid,WavyWalnuts,YieldingYams,6803297
2026-07-04T09:00:35.070737,2026-07-04T09:00:35.080672+00:00,151.4,200,bid,WavyWalnuts,YieldingYams,6803311
2026-07-04T09:00:36.280548,2026-07-04T09:00:36.289516+00:00,151.4,200,bid,WavyWalnuts,AverageAlmonds,6803327
2026-07-04T09:00:38.631821,2026-07-04T09:00:38.641035+00:00,151.2,200,ask,WavyWalnuts,YieldingYams,6803370
2026-07-04T09:00:39.954589,2026-07-04T09:00:39.958557+00:00,151.2,3,ask,YieldingYams,Xuanyu Liu,6803396
2026-07-04T09:00:41.253400,2026-07-04T09:00:41.254511+00:00,151.3,200,bid,YieldingYams,WavyWalnuts,6803421
2026-07-04T09:00:41.264755,2026-07-04T09:00:41.268798+00:00,151.3,11,ask,YieldingYams,Xuanyu Liu,6803423
2026-07-04T09:00:42.603787,2026-07-04T09:00:42.615244+00:00,151.2,20,ask,WavyWalnuts,BrilliantBurritos,6803439
2026-07-04T09:00:44.752524,2026-07-04T09:00:44.758553+00:00,151.3,200,ask,YieldingYams,WavyWalnuts,6803462
2026-07-04T09:00:45.263100,2026-07-04T09:00:45.274300+00:00,151.4,500,ask,YieldingYams,AverageAlmonds,6803470
2026-07-04T09:00:45.857108,2026-07-04T09:00:45.868683+00:00,151.4,125,ask,YieldingYams,AverageAlmonds,6803480
2026-07-04T09:00:46.216357,2026-07-04T09:00:46.220503+00:00,151.3,11,bid,Xuanyu Liu,AverageAlmonds,6803486
2026-07-04T09:00:46.489622,2026-07-04T09:00:46.516196+00:00,151.2,200,ask,WavyWalnuts,YieldingYams,6803491
2026-07-04T09:00:46.512361,2026-07-04T09:00:46.516196+00:00,151.2,3,bid,Xuanyu Liu,YieldingYams,6803494
2026-07-04T09:00:47.168371,2026-07-04T09:00:47.175683+00:00,151.2,200,bid,WavyWalnuts,YieldingYams,6803498
2026-07-04T09:00:48.027513,2026-07-04T09:00:48.039830+00:00,151.3,20,bid,BrilliantBurritos,YieldingYams,6803514
2026-07-04T09:00:49.430049,2026-07-04T09:00:49.433607+00:00,151.2,3,ask,WavyWalnuts,Xuanyu Liu,6803534
2026-07-04T09:00:50.793574,2026-07-04T09:00:50.805411+00:00,151.3,200,bid,WavyWalnuts,YieldingYams,6803550
2026-07-04T09:00:52.891818,2026-07-04T09:00:52.903766+00:00,151.2,20,ask,WavyWalnuts,BrilliantBurritos,6803593
2026-07-04T09:00:54.369863,2026-07-04T09:00:54.377218+00:00,151.4,200,ask,WavyWalnuts,YieldingYams,6803615
2026-07-04T09:00:55.640898,2026-07-04T09:00:55.644888+00:00,151.3,3,bid,Xuanyu Liu,WavyWalnuts,6803625
2026-07-04T09:00:55.682013,2026-07-04T09:00:55.693748+00:00,151.3,197,bid,YieldingYams,WavyWalnuts,6803627
2026-07-04T09:00:55.752795,2026-07-04T09:00:55.756770+00:00,151.4,3,ask,YieldingYams,Xuanyu Liu,6803629
2026-07-04T09:00:56.835474,2026-07-04T09:00:56.847187+00:00,151.4,200,ask,YieldingYams,WavyWalnuts,6803646
2026-07-04T09:01:03.564760,2026-07-04T09:01:03.568718+00:00,151.3,11,ask,YieldingYams,Xuanyu Liu,6803740
2026-07-04T09:01:03.703682,2026-07-04T09:01:03.715292+00:00,151.4,20,bid,BrilliantBurritos,WavyWalnuts,6803745
2026-07-04T09:01:04.875710,2026-07-04T09:01:04.879527+00:00,151.4,12,ask,YieldingYams,Xuanyu Liu,6803769
2026-07-04T09:01:08.447323,2026-07-04T09:01:08.458609+00:00,151.5,20,ask,YieldingYams,BrilliantBurritos,6803815
2026-07-04T09:01:08.930157,2026-07-04T09:01:08.940567+00:00,151.6,200,bid,WavyWalnuts,YieldingYams,6803825
2026-07-04T09:01:11.350201,2026-07-04T09:01:11.357494+00:00,151.7,200,bid,WavyWalnuts,YieldingYams,6803860
2026-07-04T09:01:12.335732,2026-07-04T09:01:12.343585+00:00,151.8,20,bid,BrilliantBurritos,YieldingYams,6803872
2026-07-04T09:01:15.010865,2026-07-04T09:01:15.014538+00:00,151.6,12,bid,Xuanyu Liu,WavyWalnuts,6803904
2026-07-04T09:01:17.838107,2026-07-04T09:01:17.841850+00:00,151.7,11,bid,Xuanyu Liu,YieldingYams,6803957
2026-07-04T09:01:17.999401,2026-07-04T09:01:18.003087+00:00,151.6,3,bid,Xuanyu Liu,YieldingYams,6803961
2026-07-04T09:01:24.213838,2026-07-04T09:01:24.217536+00:00,151.6,14,ask,YieldingYams,Xuanyu Liu,6804050
2026-07-04T09:01:24.550875,2026-07-04T09:01:24.558613+00:00,151.8,200,bid,YieldingYams,WavyWalnuts,6804056
2026-07-04T09:01:24.550875,2026-07-04T09:01:24.558613+00:00,151.8,425,bid,YieldingYams,AverageAlmonds,6804057
2026-07-04T09:01:24.650290,2026-07-04T09:01:24.654705+00:00,151.7,12,ask,WavyWalnuts,Xuanyu Liu,6804062
2026-07-04T09:01:24.749418,2026-07-04T09:01:24.758572+00:00,151.7,20,ask,WavyWalnuts,Yashwanth Madan,6804065
2026-07-04T09:01:24.996097,2026-07-04T09:01:25.005398+00:00,151.7,20,ask,WavyWalnuts,Yashwanth Madan,6804068
2026-07-04T09:01:27.061862,2026-07-04T09:01:27.072471+00:00,151.7,200,bid,WavyWalnuts,YieldingYams,6804099
2026-07-04T09:01:30.491437,2026-07-04T09:01:30.495628+00:00,151.8,26,bid,Xuanyu Liu,YieldingYams,6804138
2026-07-04T09:01:30.531328,2026-07-04T09:01:30.538057+00:00,151.8,20,bid,Yashwanth Madan,YieldingYams,6804140
2026-07-04T09:01:30.778666,2026-07-04T09:01:30.787382+00:00,151.8,4,bid,Yashwanth Madan,YieldingYams,6804144
2026-07-04T09:01:32.407917,2026-07-04T09:01:32.416209+00:00,151.8,200,bid,YieldingYams,WavyWalnuts,6804170
2026-07-04T09:01:33.722342,2026-07-04T09:01:33.741282+00:00,151.9,200,bid,YieldingYams,WavyWalnuts,6804192
2026-07-04T09:01:33.737793,2026-07-04T09:01:33.741282+00:00,151.9,3,ask,YieldingYams,Xuanyu Liu,6804195
2026-07-04T09:01:34.339762,2026-07-04T09:01:34.349304+00:00,151.9,200,ask,YieldingYams,WavyWalnuts,6804202
2026-07-04T09:01:36.318404,2026-07-04T09:01:36.327406+00:00,151.6,20,ask,YieldingYams,BrilliantBurritos,6804228
2026-07-04T09:01:36.599375,2026-07-04T09:01:36.607317+00:00,151.8,10,bid,Yashwanth Madan,WavyWalnuts,6804236
2026-07-04T09:01:36.626516,2026-07-04T09:01:36.638296+00:00,151.8,40,bid,Alan Niu,WavyWalnuts,6804237
2026-07-04T09:01:36.819773,2026-07-04T09:01:36.823268+00:00,151.8,3,bid,Xuanyu Liu,YieldingYams,6804242
2026-07-04T09:01:36.850291,2026-07-04T09:01:36.859931+00:00,151.8,16,bid,Yashwanth Madan,YieldingYams,6804245
2026-07-04T09:01:37.975477,2026-07-04T09:01:37.985699+00:00,151.7,200,bid,WavyWalnuts,YieldingYams,6804262
2026-07-04T09:01:40.874846,2026-07-04T09:01:40.883642+00:00,151.6,40,ask,WavyWalnuts,Alan Niu,6804297
2026-07-04T09:01:41.756221,2026-07-04T09:01:41.753162+00:00,151.7,10,ask,YieldingYams,Yashwanth Madan,6804322
2026-07-04T09:01:47.649402,2026-07-04T09:01:47.658654+00:00,151.7,200,ask,YieldingYams,WavyWalnuts,6804397
2026-07-04T09:01:52.087806,2026-07-04T09:01:52.106222+00:00,151.7,200,bid,YieldingYams,WavyWalnuts,6804456
2026-07-04T09:01:52.102374,2026-07-04T09:01:52.106222+00:00,151.7,3,ask,YieldingYams,Xuanyu Liu,6804458
2026-07-04T09:01:56.129708,2026-07-04T09:01:56.141026+00:00,151.9,200,ask,YieldingYams,WavyWalnuts,6804502
2026-07-04T09:02:02.168683,2026-07-04T09:02:02.172280+00:00,151.9,3,bid,Xuanyu Liu,YieldingYams,6804591
2026-07-04T09:02:08.538486,2026-07-04T09:02:08.549311+00:00,151.8,50,bid,Alan Niu,YieldingYams,6804675
2026-07-04T09:02:08.751638,2026-07-04T09:02:08.756998+00:00,151.8,40,bid,Alan Niu,YieldingYams,6804680
2026-07-04T09:02:13.074626,2026-07-04T09:02:13.084473+00:00,151.8,200,bid,WavyWalnuts,YieldingYams,6804739
2026-07-04T09:02:13.274593,2026-07-04T09:02:13.286479+00:00,151.5,20,ask,YieldingYams,BrilliantBurritos,6804740
2026-07-04T09:02:16.803831,2026-07-04T09:02:16.812344+00:00,151.7,90,ask,YieldingYams,Alan Niu,6804809
2026-07-04T09:02:19.612393,2026-07-04T09:02:19.633709+00:00,151.9,200,bid,YieldingYams,WavyWalnuts,6804853
2026-07-04T09:02:19.630033,2026-07-04T09:02:19.633709+00:00,152.0,3,ask,YieldingYams,Xuanyu Liu,6804855
2026-07-04T09:02:20.914166,2026-07-04T09:02:20.924358+00:00,152.0,422,ask,YieldingYams,AverageAlmonds,6804877
2026-07-04T09:02:21.148802,2026-07-04T09:02:21.152689+00:00,152.0,3,bid,Xuanyu Liu,AverageAlmonds,6804881
2026-07-04T09:02:22.259608,2026-07-04T09:02:22.269375+00:00,151.8,200,ask,WavyWalnuts,YieldingYams,6804894
2026-07-04T09:02:24.675344,2026-07-04T09:02:24.684890+00:00,152.0,20,bid,BrilliantBurritos,YieldingYams,6804922
2026-07-04T09:02:25.173398,2026-07-04T09:02:25.183568+00:00,151.9,200,bid,WavyWalnuts,YieldingYams,6804928
2026-07-04T09:02:26.193909,2026-07-04T09:02:26.205062+00:00,151.9,500,bid,YieldingYams,AverageAlmonds,6804958
2026-07-04T09:02:26.362815,2026-07-04T09:02:26.374503+00:00,151.9,125,ask,YieldingYams,AverageAlmonds,6804960
2026-07-04T09:02:27.597785,2026-07-04T09:02:27.605421+00:00,151.8,200,bid,WavyWalnuts,YieldingYams,6804973
2026-07-04T09:02:30.589251,2026-07-04T09:02:30.601150+00:00,151.7,500,ask,YieldingYams,AverageAlmonds,6805007
2026-07-04T09:02:31.181719,2026-07-04T09:02:31.189732+00:00,151.7,125,ask,YieldingYams,AverageAlmonds,6805015
2026-07-04T09:02:31.791149,2026-07-04T09:02:31.802829+00:00,151.6,200,ask,WavyWalnuts,AverageAlmonds,6805024
2026-07-04T09:02:32.446757,2026-07-04T09:02:32.458543+00:00,151.5,200,ask,YieldingYams,WavyWalnuts,6805039
2026-07-04T09:02:32.753332,2026-07-04T09:02:32.764450+00:00,151.6,500,bid,YieldingYams,AverageAlmonds,6805045
2026-07-04T09:02:33.029422,2026-07-04T09:02:33.036669+00:00,151.6,125,ask,YieldingYams,AverageAlmonds,6805053
2026-07-04T09:02:33.543388,2026-07-04T09:02:33.558582+00:00,151.6,10,bid,Yashwanth Madan,AverageAlmonds,6805063
2026-07-04T09:02:33.695122,2026-07-04T09:02:33.703510+00:00,151.6,40,bid,Alan Niu,AverageAlmonds,6805066
2026-07-04T09:02:34.240534,2026-07-04T09:02:34.258632+00:00,151.5,200,ask,WavyWalnuts,AverageAlmonds,6805073
2026-07-04T09:02:35.389891,2026-07-04T09:02:35.398680+00:00,151.4,35,bid,Alan Niu,AverageAlmonds,6805108
2026-07-04T09:02:35.522970,2026-07-04T09:02:35.534738+00:00,151.4,10,bid,Yashwanth Madan,AverageAlmonds,6805112
2026-07-04T09:02:40.346747,2026-07-04T09:02:40.363848+00:00,151.1,50,ask,YieldingYams,Alan Niu,6805192
2026-07-04T09:02:40.354406,2026-07-04T09:02:40.363848+00:00,151.1,20,ask,YieldingYams,Yashwanth Madan,6805193
2026-07-04T09:02:40.358762,2026-07-04T09:02:40.369203+00:00,151.3,20,bid,Yashwanth Madan,YieldingYams,6805194
2026-07-04T09:02:40.569056,2026-07-04T09:02:40.577604+00:00,151.1,20,ask,YieldingYams,Yashwanth Madan,6805199
2026-07-04T09:02:40.773359,2026-07-04T09:02:40.781426+00:00,151.2,25,ask,YieldingYams,Alan Niu,6805201
2026-07-04T09:02:44.586468,2026-07-04T09:02:44.597630+00:00,151.2,200,ask,YieldingYams,WavyWalnuts,6805259
2026-07-04T09:02:47.003203,2026-07-04T09:02:47.010066+00:00,151.3,200,bid,WavyWalnuts,YieldingYams,6805295
2026-07-04T09:02:48.491959,2026-07-04T09:02:48.500093+00:00,151.2,10,ask,WavyWalnuts,Yashwanth Madan,6805310
2026-07-04T09:02:48.509463,2026-07-04T09:02:48.520778+00:00,151.2,190,ask,WavyWalnuts,YieldingYams,6805311
2026-07-04T09:02:48.954077,2026-07-04T09:02:48.955810+00:00,151.2,20,bid,BrilliantBurritos,YieldingYams,6805314
2026-07-04T09:02:49.781397,2026-07-04T09:02:49.789686+00:00,151.2,10,bid,Yashwanth Madan,YieldingYams,6805331
2026-07-04T09:02:53.755210,2026-07-04T09:02:53.771318+00:00,151.2,200,bid,YieldingYams,WavyWalnuts,6805401
2026-07-04T09:02:53.767427,2026-07-04T09:02:53.771318+00:00,151.3,3,ask,YieldingYams,Xuanyu Liu,6805403
2026-07-04T09:02:54.268048,2026-07-04T09:02:54.275517+00:00,151.3,200,ask,YieldingYams,WavyWalnuts,6805408
2026-07-04T09:02:56.382361,2026-07-04T09:02:56.398566+00:00,151.1,200,ask,WavyWalnuts,YieldingYams,6805435
2026-07-04T09:02:56.395324,2026-07-04T09:02:56.398566+00:00,151.1,3,bid,Xuanyu Liu,YieldingYams,6805437
2026-07-04T09:02:57.904984,2026-07-04T09:02:57.916494+00:00,151.1,200,ask,YieldingYams,WavyWalnuts,6805450
2026-07-04T09:02:59.107078,2026-07-04T09:02:59.118915+00:00,150.8,20,ask,WavyWalnuts,BrilliantBurritos,6805467
2026-07-04T09:02:59.113822,2026-07-04T09:02:59.124131+00:00,151.1,200,bid,WavyWalnuts,YieldingYams,6805468
2026-07-04T09:03:01.259927,2026-07-04T09:03:01.271785+00:00,151.2,20,bid,BrilliantBurritos,YieldingYams,6805492
2026-07-04T09:03:06.884651,2026-07-04T09:03:06.896063+00:00,151.0,200,ask,WavyWalnuts,YieldingYams,6805568
2026-07-04T09:03:07.601449,2026-07-04T09:03:07.609521+00:00,151.0,200,bid,WavyWalnuts,YieldingYams,6805576
2026-07-04T09:03:12.132861,2026-07-04T09:03:12.158574+00:00,151.0,200,bid,YieldingYams,WavyWalnuts,6805637
2026-07-04T09:03:12.774785,2026-07-04T09:03:12.786620+00:00,151.1,20,bid,BrilliantBurritos,WavyWalnuts,6805650
2026-07-04T09:03:14.558109,2026-07-04T09:03:14.565449+00:00,151.0,10,ask,WavyWalnuts,Yashwanth Madan,6805690
2026-07-04T09:03:15.037659,2026-07-04T09:03:15.045030+00:00,151.1,10,bid,Yashwanth Madan,YieldingYams,6805699
2026-07-04T09:03:18.418806,2026-07-04T09:03:18.425602+00:00,150.9,200,ask,WavyWalnuts,AverageAlmonds,6805762
2026-07-04T09:03:18.504249,2026-07-04T09:03:18.514261+00:00,150.9,200,bid,WavyWalnuts,AverageAlmonds,6805766
2026-07-04T09:03:18.512450,2026-07-04T09:03:18.519268+00:00,150.9,20,bid,BrilliantBurritos,AverageAlmonds,6805767
2026-07-04T09:03:20.863282,2026-07-04T09:03:20.870051+00:00,150.8,200,ask,WavyWalnuts,AverageAlmonds,6805797
2026-07-04T09:03:20.863282,2026-07-04T09:03:20.875060+00:00,150.8,300,ask,YieldingYams,AverageAlmonds,6805798
2026-07-04T09:03:22.655079,2026-07-04T09:03:22.653766+00:00,150.7,200,ask,WavyWalnuts,YieldingYams,6805818
2026-07-04T09:03:23.328592,2026-07-04T09:03:23.337586+00:00,150.7,200,bid,WavyWalnuts,YieldingYams,6805830
2026-07-04T09:03:24.535084,2026-07-04T09:03:24.542826+00:00,150.7,200,bid,WavyWalnuts,YieldingYams,6805847
2026-07-04T09:03:26.954966,2026-07-04T09:03:26.953713+00:00,150.7,200,ask,YieldingYams,WavyWalnuts,6805874
2026-07-04T09:03:29.209410,2026-07-04T09:03:29.231125+00:00,150.5,200,ask,WavyWalnuts,YieldingYams,6805909
2026-07-04T09:03:29.226651,2026-07-04T09:03:29.231125+00:00,150.5,3,bid,Xuanyu Liu,YieldingYams,6805911
2026-07-04T09:03:29.239533,2026-07-04T09:03:29.246400+00:00,150.5,47,bid,Alan Niu,YieldingYams,6805913
2026-07-04T09:03:29.367892,2026-07-04T09:03:29.379091+00:00,150.5,200,bid,WavyWalnuts,YieldingYams,6805917
2026-07-04T09:03:30.577974,2026-07-04T09:03:30.585306+00:00,150.6,200,ask,YieldingYams,WavyWalnuts,6805939
2026-07-04T09:03:30.975976,2026-07-04T09:03:30.985208+00:00,150.6,20,ask,YieldingYams,BrilliantBurritos,6805941
2026-07-04T09:03:32.994971,2026-07-04T09:03:33.001981+00:00,150.6,200,bid,WavyWalnuts,YieldingYams,6805959
2026-07-04T09:03:33.926693,2026-07-04T09:03:33.930431+00:00,150.4,3,ask,YieldingYams,Xuanyu Liu,6805969
2026-07-04T09:03:34.204639,2026-07-04T09:03:34.211110+00:00,150.7,200,bid,WavyWalnuts,YieldingYams,6805976
2026-07-04T09:03:34.520638,2026-07-04T09:03:34.528880+00:00,150.6,47,ask,YieldingYams,Alan Niu,6805982
2026-07-04T09:03:34.822612,2026-07-04T09:03:34.832466+00:00,150.6,10,ask,YieldingYams,Yashwanth Madan,6805988
2026-07-04T09:03:35.031192,2026-07-04T09:03:35.039339+00:00,150.6,10,ask,YieldingYams,Yashwanth Madan,6805993
2026-07-04T09:03:35.320023,2026-07-04T09:03:35.331913+00:00,150.8,20,bid,BrilliantBurritos,AverageAlmonds,6805998
2026-07-04T09:03:35.414382,2026-07-04T09:03:35.425695+00:00,150.7,200,bid,WavyWalnuts,AverageAlmonds,6806001
2026-07-04T09:03:35.786713,2026-07-04T09:03:35.806771+00:00,150.7,300,bid,YieldingYams,AverageAlmonds,6806002
2026-07-04T09:03:35.802601,2026-07-04T09:03:35.806771+00:00,150.7,3,ask,YieldingYams,Xuanyu Liu,6806004
2026-07-04T09:03:36.582992,2026-07-04T09:03:36.591217+00:00,150.7,322,ask,YieldingYams,AverageAlmonds,6806009
2026-07-04T09:03:36.624771,2026-07-04T09:03:36.635839+00:00,150.7,178,bid,WavyWalnuts,AverageAlmonds,6806011
2026-07-04T09:03:36.700517,2026-07-04T09:03:36.708674+00:00,150.7,20,ask,WavyWalnuts,BrilliantBurritos,6806012
2026-07-04T09:03:36.900391,2026-07-04T09:03:36.912256+00:00,150.7,2,ask,WavyWalnuts,Yashwanth Madan,6806019
2026-07-04T09:03:37.146839,2026-07-04T09:03:37.154429+00:00,150.3,5,ask,YieldingYams,Yashwanth Madan,6806021
2026-07-04T09:03:37.356802,2026-07-04T09:03:37.364090+00:00,150.3,3,ask,YieldingYams,Yashwanth Madan,6806036
2026-07-04T09:03:38.571751,2026-07-04T09:03:38.582847+00:00,150.4,20,bid,Yashwanth Madan,YieldingYams,6806054
2026-07-04T09:03:39.045578,2026-07-04T09:03:39.057258+00:00,150.4,200,bid,WavyWalnuts,YieldingYams,6806061
2026-07-04T09:03:43.026109,2026-07-04T09:03:43.037703+00:00,150.3,20,ask,YieldingYams,BrilliantBurritos,6806117
2026-07-04T09:03:44.440860,2026-07-04T09:03:44.448573+00:00,150.4,200,ask,WavyWalnuts,AverageAlmonds,6806138
2026-07-04T09:03:45.410379,2026-07-04T09:03:45.417108+00:00,150.4,20,bid,BrilliantBurritos,AverageAlmonds,6806150
2026-07-04T09:03:45.675301,2026-07-04T09:03:45.684794+00:00,150.3,500,ask,YieldingYams,AverageAlmonds,6806152
2026-07-04T09:03:46.271938,2026-07-04T09:03:46.283444+00:00,150.3,125,ask,YieldingYams,AverageAlmonds,6806159
2026-07-04T09:03:46.271938,2026-07-04T09:03:46.283444+00:00,150.3,200,ask,WavyWalnuts,AverageAlmonds,6806160
2026-07-04T09:03:47.529842,2026-07-04T09:03:47.536718+00:00,150.2,200,bid,WavyWalnuts,YieldingYams,6806186
2026-07-04T09:03:48.738444,2026-07-04T09:03:48.746138+00:00,150.2,200,bid,WavyWalnuts,AverageAlmonds,6806204
2026-07-04T09:03:51.557029,2026-07-04T09:03:51.558636+00:00,150.1,200,ask,WavyWalnuts,YieldingYams,6806238
2026-07-04T09:03:52.368826,2026-07-04T09:03:52.377305+00:00,150.0,200,bid,WavyWalnuts,YieldingYams,6806251
2026-07-04T09:03:53.475889,2026-07-04T09:03:53.484729+00:00,149.8,10,ask,YieldingYams,Yashwanth Madan,6806273
2026-07-04T09:03:53.492470,2026-07-04T09:03:53.504315+00:00,149.8,20,ask,YieldingYams,BrilliantBurritos,6806274
2026-07-04T09:03:53.577023,2026-07-04T09:03:53.587754+00:00,150.0,200,bid,WavyWalnuts,YieldingYams,6806277
2026-07-04T09:03:55.835033,2026-07-04T09:03:55.846902+00:00,150.0,10,ask,WavyWalnuts,Yashwanth Madan,6806301
2026-07-04T09:03:57.231262,2026-07-04T09:03:57.242290+00:00,149.9,200,ask,YieldingYams,WavyWalnuts,6806315
2026-07-04T09:03:58.088946,2026-07-04T09:03:58.099731+00:00,149.9,10,ask,YieldingYams,Yashwanth Madan,6806331
2026-07-04T09:04:00.876893,2026-07-04T09:04:00.884594+00:00,149.6,10,ask,WavyWalnuts,Yashwanth Madan,6806379
2026-07-04T09:04:02.068047,2026-07-04T09:04:02.074679+00:00,149.7,200,bid,WavyWalnuts,YieldingYams,6806398
2026-07-04T09:04:03.276395,2026-07-04T09:04:03.283629+00:00,149.7,200,bid,WavyWalnuts,YieldingYams,6806418
2026-07-04T09:04:08.601510,2026-07-04T09:04:08.608892+00:00,149.5,500,ask,AverageAlmonds,YieldingYams,6806496
2026-07-04T09:04:08.601510,2026-07-04T09:04:08.614380+00:00,149.5,125,ask,WavyWalnuts,YieldingYams,6806497
2026-07-04T09:04:08.790640,2026-07-04T09:04:08.802527+00:00,149.7,20,bid,BrilliantBurritos,WavyWalnuts,6806501
2026-07-04T09:04:09.335420,2026-07-04T09:04:09.344748+00:00,149.5,200,ask,AverageAlmonds,WavyWalnuts,6806510
2026-07-04T09:04:10.542322,2026-07-04T09:04:10.558653+00:00,149.6,200,ask,YieldingYams,WavyWalnuts,6806532
2026-07-04T09:04:12.360245,2026-07-04T09:04:12.369420+00:00,149.6,20,ask,YieldingYams,BrilliantBurritos,6806554
2026-07-04T09:04:15.026187,2026-07-04T09:04:15.029795+00:00,149.9,3,bid,Xuanyu Liu,YieldingYams,6806584
2026-07-04T09:04:15.099286,2026-07-04T09:04:15.108485+00:00,149.9,20,bid,Yashwanth Madan,YieldingYams,6806586
2026-07-04T09:04:15.598626,2026-07-04T09:04:15.607159+00:00,149.9,20,bid,Yashwanth Madan,YieldingYams,6806589
2026-07-04T09:04:16.811853,2026-07-04T09:04:16.818644+00:00,149.8,2,bid,Yashwanth Madan,WavyWalnuts,6806611
2026-07-04T09:04:17.329429,2026-07-04T09:04:17.341302+00:00,149.6,20,ask,YieldingYams,BrilliantBurritos,6806617
2026-07-04T09:04:20.804913,2026-07-04T09:04:20.814058+00:00,149.7,20,bid,BrilliantBurritos,WavyWalnuts,6806662
2026-07-04T09:04:24.563616,2026-07-04T09:04:24.566864+00:00,149.3,3,ask,YieldingYams,Xuanyu Liu,6806716
2026-07-04T09:04:25.091504,2026-07-04T09:04:25.100110+00:00,149.3,10,ask,YieldingYams,Yashwanth Madan,6806721
2026-07-04T09:04:25.145734,2026-07-04T09:04:25.149251+00:00,149.4,11,ask,WavyWalnuts,Xuanyu Liu,6806724
2026-07-04T09:04:25.691089,2026-07-04T09:04:25.702095+00:00,149.4,189,ask,WavyWalnuts,YieldingYams,6806732
2026-07-04T09:04:25.703562,2026-07-04T09:04:25.712779+00:00,149.4,10,bid,Yashwanth Madan,YieldingYams,6806734
2026-07-04T09:04:29.968733,2026-07-04T09:04:29.979093+00:00,149.3,200,ask,YieldingYams,WavyWalnuts,6806792
2026-07-04T09:04:31.175247,2026-07-04T09:04:31.186257+00:00,149.3,200,bid,WavyWalnuts,YieldingYams,6806816
2026-07-04T09:04:31.704315,2026-07-04T09:04:31.711033+00:00,149.2,10,ask,AverageAlmonds,Yashwanth Madan,6806824
2026-07-04T09:04:37.214307,2026-07-04T09:04:37.217624+00:00,149.2,12,ask,YieldingYams,Xuanyu Liu,6806899
2026-07-04T09:04:37.525034,2026-07-04T09:04:37.528874+00:00,149.4,23,ask,YieldingYams,Xuanyu Liu,6806904
2026-07-04T09:04:42.084169,2026-07-04T09:04:42.092672+00:00,149.3,200,ask,YieldingYams,WavyWalnuts,6806967
2026-07-04T09:04:44.460852,2026-07-04T09:04:44.469084+00:00,149.3,10,ask,YieldingYams,Yashwanth Madan,6807006
2026-07-04T09:04:45.717061,2026-07-04T09:04:45.727590+00:00,149.3,200,bid,WavyWalnuts,YieldingYams,6807018
2026-07-04T09:04:46.236185,2026-07-04T09:04:46.245204+00:00,149.3,425,bid,AverageAlmonds,YieldingYams,6807032
2026-07-04T09:04:46.525921,2026-07-04T09:04:46.537865+00:00,149.3,10,ask,AverageAlmonds,Yashwanth Madan,6807043
2026-07-04T09:04:46.687884,2026-07-04T09:04:46.707885+00:00,149.5,200,bid,YieldingYams,WavyWalnuts,6807045
2026-07-04T09:04:46.704490,2026-07-04T09:04:46.707885+00:00,149.6,22,ask,YieldingYams,Xuanyu Liu,6807048
2026-07-04T09:04:48.604009,2026-07-04T09:04:48.612240+00:00,149.5,10,ask,YieldingYams,Yashwanth Madan,6807083
2026-07-04T09:04:49.052681,2026-07-04T09:04:49.058657+00:00,149.5,10,ask,YieldingYams,Yashwanth Madan,6807096
2026-07-04T09:04:55.005904,2026-07-04T09:04:55.013990+00:00,149.6,10,ask,YieldingYams,Yashwanth Madan,6807180
2026-07-04T09:04:55.869380,2026-07-04T09:04:55.879155+00:00,149.7,200,bid,YieldingYams,WavyWalnuts,6807189
2026-07-04T09:04:57.741008,2026-07-04T09:04:57.748117+00:00,149.7,200,ask,WavyWalnuts,AverageAlmonds,6807209
2026-07-04T09:04:59.053821,2026-07-04T09:04:59.054447+00:00,149.6,20,bid,Yashwanth Madan,AverageAlmonds,6807226
2026-07-04T09:04:59.313870,2026-07-04T09:04:59.325417+00:00,149.6,20,bid,BrilliantBurritos,AverageAlmonds,6807237
2026-07-04T09:04:59.364078,2026-07-04T09:04:59.367593+00:00,149.4,29,ask,YieldingYams,Xuanyu Liu,6807240
2026-07-04T09:04:59.468836,2026-07-04T09:04:59.472611+00:00,149.4,20,ask,YieldingYams,Yashwanth Madan,6807242
2026-07-04T09:04:59.744446,2026-07-04T09:04:59.758581+00:00,149.4,10,ask,YieldingYams,Yashwanth Madan,6807247
2026-07-04T09:05:02.051783,2026-07-04T09:05:02.058542+00:00,149.3,20,ask,YieldingYams,BrilliantBurritos,6807276
2026-07-04T09:05:02.435929,2026-07-04T09:05:02.443003+00:00,149.3,200,ask,WavyWalnuts,YieldingYams,6807278
2026-07-04T09:05:02.454120,2026-07-04T09:05:02.457842+00:00,149.3,6,bid,Xuanyu Liu,YieldingYams,6807280
2026-07-04T09:05:02.501805,2026-07-04T09:05:02.513456+00:00,149.1,6,ask,YieldingYams,Yashwanth Madan,6807281
2026-07-04T09:05:02.517630,2026-07-04T09:05:02.529301+00:00,149.3,20,bid,Yashwanth Madan,YieldingYams,6807283
2026-07-04T09:05:02.728744,2026-07-04T09:05:02.748431+00:00,149.3,20,bid,Yashwanth Madan,YieldingYams,6807289
2026-07-04T09:05:02.744959,2026-07-04T09:05:02.748431+00:00,149.3,10,bid,Xuanyu Liu,YieldingYams,6807291
2026-07-04T09:05:02.936568,2026-07-04T09:05:02.948145+00:00,149.2,10,ask,WavyWalnuts,Yashwanth Madan,6807292
2026-07-04T09:05:09.762256,2026-07-04T09:05:09.769508+00:00,149.2,10,ask,WavyWalnuts,Yashwanth Madan,6807399
2026-07-04T09:05:10.053242,2026-07-04T09:05:10.065025+00:00,149.3,20,bid,BrilliantBurritos,YieldingYams,6807402
2026-07-04T09:05:11.970535,2026-07-04T09:05:11.974722+00:00,149.3,24,bid,Xuanyu Liu,YieldingYams,6807430
2026-07-04T09:05:12.096351,2026-07-04T09:05:12.102884+00:00,149.3,20,bid,Yashwanth Madan,YieldingYams,6807432
2026-07-04T09:05:12.307027,2026-07-04T09:05:12.318812+00:00,149.3,6,bid,Yashwanth Madan,YieldingYams,6807438
2026-07-04T09:05:12.380214,2026-07-04T09:05:12.390318+00:00,149.3,200,bid,WavyWalnuts,YieldingYams,6807440
2026-07-04T09:05:12.518527,2026-07-04T09:05:12.529594+00:00,149.3,20,bid,Yashwanth Madan,YieldingYams,6807444
2026-07-04T09:05:13.631042,2026-07-04T09:05:13.638306+00:00,149.4,20,bid,BrilliantBurritos,YieldingYams,6807459
2026-07-04T09:05:15.565970,2026-07-04T09:05:15.574958+00:00,149.3,200,ask,WavyWalnuts,YieldingYams,6807484
2026-07-04T09:05:18.105086,2026-07-04T09:05:18.116959+00:00,149.3,10,ask,WavyWalnuts,Yashwanth Madan,6807514
2026-07-04T09:05:18.208817,2026-07-04T09:05:18.228229+00:00,149.4,11,ask,YieldingYams,Xuanyu Liu,6807522
2026-07-04T09:05:18.792465,2026-07-04T09:05:18.795990+00:00,149.4,12,ask,YieldingYams,Xuanyu Liu,6807527
2026-07-04T09:05:21.519079,2026-07-04T09:05:21.530673+00:00,149.2,10,ask,YieldingYams,Yashwanth Madan,6807580
2026-07-04T09:05:22.428607,2026-07-04T09:05:22.440404+00:00,149.2,10,ask,YieldingYams,Yashwanth Madan,6807600
2026-07-04T09:05:24.772411,2026-07-04T09:05:24.783223+00:00,149.3,200,bid,YieldingYams,WavyWalnuts,6807626
2026-07-04T09:05:24.789115,2026-07-04T09:05:24.792836+00:00,149.3,11,ask,YieldingYams,Xuanyu Liu,6807628
2026-07-04T09:05:27.397508,2026-07-04T09:05:27.405859+00:00,149.3,200,bid,YieldingYams,WavyWalnuts,6807665
2026-07-04T09:05:34.094163,2026-07-04T09:05:34.105647+00:00,149.3,200,ask,WavyWalnuts,AverageAlmonds,6807761
2026-07-04T09:05:36.607030,2026-07-04T09:05:36.615822+00:00,149.3,200,bid,WavyWalnuts,AverageAlmonds,6807786
2026-07-04T09:05:37.818436,2026-07-04T09:05:37.824801+00:00,149.3,200,bid,WavyWalnuts,YieldingYams,6807799
2026-07-04T09:05:37.959317,2026-07-04T09:05:37.971095+00:00,149.0,20,ask,YieldingYams,BrilliantBurritos,6807801
2026-07-04T09:05:39.219303,2026-07-04T09:05:39.226597+00:00,149.3,500,bid,YieldingYams,AverageAlmonds,6807819
2026-07-04T09:05:39.482310,2026-07-04T09:05:39.488730+00:00,149.3,125,ask,YieldingYams,AverageAlmonds,6807820
2026-07-04T09:05:43.006539,2026-07-04T09:05:43.018377+00:00,149.1,20,ask,YieldingYams,BrilliantBurritos,6807869
2026-07-04T09:05:44.150916,2026-07-04T09:05:44.157326+00:00,149.1,20,ask,WavyWalnuts,BrilliantBurritos,6807890
2026-07-04T09:05:45.111479,2026-07-04T09:05:45.119602+00:00,149.2,200,ask,YieldingYams,WavyWalnuts,6807905
2026-07-04T09:05:46.320752,2026-07-04T09:05:46.327761+00:00,149.1,200,ask,YieldingYams,WavyWalnuts,6807920
2026-07-04T09:05:48.736112,2026-07-04T09:05:48.745910+00:00,149.3,200,bid,WavyWalnuts,YieldingYams,6807959
2026-07-04T09:05:49.944081,2026-07-04T09:05:49.963429+00:00,149.3,200,bid,WavyWalnuts,YieldingYams,6807978
2026-07-04T09:05:49.959639,2026-07-04T09:05:49.963429+00:00,149.3,11,bid,Xuanyu Liu,YieldingYams,6807982
2026-07-04T09:05:51.031069,2026-07-04T09:05:51.040775+00:00,149.3,500,bid,YieldingYams,AverageAlmonds,6808001
2026-07-04T09:05:52.224649,2026-07-04T09:05:52.235686+00:00,149.3,125,ask,YieldingYams,AverageAlmonds,6808015
2026-07-04T09:05:52.363735,2026-07-04T09:05:52.370720+00:00,149.3,200,bid,WavyWalnuts,AverageAlmonds,6808017
2026-07-04T09:05:53.571316,2026-07-04T09:05:53.580634+00:00,149.3,200,bid,WavyWalnuts,YieldingYams,6808032
2026-07-04T09:05:54.967861,2026-07-04T09:05:54.984939+00:00,149.1,200,ask,WavyWalnuts,YieldingYams,6808050
2026-07-04T09:05:54.981298,2026-07-04T09:05:54.984939+00:00,149.0,23,bid,Xuanyu Liu,YieldingYams,6808052
2026-07-04T09:05:55.174724,2026-07-04T09:05:55.185877+00:00,149.0,20,bid,Yashwanth Madan,YieldingYams,6808059
2026-07-04T09:05:55.468962,2026-07-04T09:05:55.475555+00:00,149.0,20,bid,Yashwanth Madan,YieldingYams,6808063
2026-07-04T09:05:55.985233,2026-07-04T09:05:55.995425+00:00,149.0,200,bid,WavyWalnuts,YieldingYams,6808066
2026-07-04T09:05:58.931294,2026-07-04T09:05:58.935123+00:00,148.8,23,bid,Xuanyu Liu,YieldingYams,6808112
2026-07-04T09:05:59.615872,2026-07-04T09:05:59.627102+00:00,148.8,200,bid,WavyWalnuts,YieldingYams,6808116
2026-07-04T09:06:00.827930,2026-07-04T09:06:00.836043+00:00,148.9,200,ask,YieldingYams,WavyWalnuts,6808130
2026-07-04T09:06:02.627718,2026-07-04T09:06:02.631300+00:00,148.9,11,bid,Xuanyu Liu,WavyWalnuts,6808156
2026-07-04T09:06:04.178718,2026-07-04T09:06:04.182361+00:00,148.8,12,bid,Xuanyu Liu,YieldingYams,6808173
2026-07-04T09:06:06.793351,2026-07-04T09:06:06.800049+00:00,148.8,200,bid,YieldingYams,WavyWalnuts,6808211
2026-07-04T09:06:10.741168,2026-07-04T09:06:10.750958+00:00,149.0,200,ask,WavyWalnuts,YieldingYams,6808272
2026-07-04T09:06:11.712899,2026-07-04T09:06:11.721611+00:00,148.9,200,bid,WavyWalnuts,YieldingYams,6808288
2026-07-04T09:06:15.300835,2026-07-04T09:06:15.304759+00:00,149.0,14,bid,Xuanyu Liu,YieldingYams,6808337
2026-07-04T09:06:16.014081,2026-07-04T09:06:16.018174+00:00,148.9,3,bid,Xuanyu Liu,YieldingYams,6808352
2026-07-04T09:06:16.102006,2026-07-04T09:06:16.110351+00:00,148.9,33,bid,Alan Niu,YieldingYams,6808357
2026-07-04T09:06:16.524156,2026-07-04T09:06:16.531718+00:00,148.9,35,bid,Alan Niu,YieldingYams,6808364
2026-07-04T09:06:16.635480,2026-07-04T09:06:16.647028+00:00,148.9,10,bid,Yashwanth Madan,YieldingYams,6808365
2026-07-04T09:06:17.158707,2026-07-04T09:06:17.165475+00:00,148.8,50,ask,WavyWalnuts,Alan Niu,6808371
2026-07-04T09:06:18.518535,2026-07-04T09:06:18.522284+00:00,148.8,3,ask,AverageAlmonds,Xuanyu Liu,6808390
2026-07-04T09:06:18.622777,2026-07-04T09:06:18.634350+00:00,148.8,497,ask,AverageAlmonds,YieldingYams,6808391
2026-07-04T09:06:18.973420,2026-07-04T09:06:18.982981+00:00,148.8,128,bid,WavyWalnuts,YieldingYams,6808396
2026-07-04T09:06:19.132448,2026-07-04T09:06:19.143304+00:00,148.8,10,ask,WavyWalnuts,Yashwanth Madan,6808400
2026-07-04T09:06:19.306458,2026-07-04T09:06:19.313625+00:00,148.8,18,ask,WavyWalnuts,Alan Niu,6808408
2026-07-04T09:06:20.495379,2026-07-04T09:06:20.506312+00:00,149.1,20,bid,BrilliantBurritos,YieldingYams,6808422
2026-07-04T09:06:22.557787,2026-07-04T09:06:22.569493+00:00,149.1,200,bid,YieldingYams,WavyWalnuts,6808445
2026-07-04T09:06:24.256649,2026-07-04T09:06:24.258623+00:00,149.2,20,bid,BrilliantBurritos,YieldingYams,6808462
2026-07-04T09:06:24.851630,2026-07-04T09:06:24.855264+00:00,149.1,3,ask,WavyWalnuts,Xuanyu Liu,6808472
2026-07-04T09:06:25.192135,2026-07-04T09:06:25.201257+00:00,149.1,200,ask,WavyWalnuts,YieldingYams,6808477
2026-07-04T09:06:27.816520,2026-07-04T09:06:27.828229+00:00,149.0,500,ask,AverageAlmonds,YieldingYams,6808518
2026-07-04T09:06:28.558299,2026-07-04T09:06:28.570069+00:00,149.0,125,bid,AverageAlmonds,YieldingYams,6808525
2026-07-04T09:06:29.553210,2026-07-04T09:06:29.558610+00:00,149.2,20,bid,BrilliantBurritos,WavyWalnuts,6808541
2026-07-04T09:06:30.335385,2026-07-04T09:06:30.347137+00:00,149.1,20,ask,AverageAlmonds,BrilliantBurritos,6808546
2026-07-04T09:06:30.361622,2026-07-04T09:06:30.368967+00:00,149.2,500,bid,AverageAlmonds,YieldingYams,6808547
2026-07-04T09:06:30.450669,2026-07-04T09:06:30.453900+00:00,149.2,11,ask,YieldingYams,Xuanyu Liu,6808553
2026-07-04T09:06:30.956255,2026-07-04T09:06:30.958621+00:00,149.3,200,bid,AverageAlmonds,WavyWalnuts,6808565
2026-07-04T09:06:30.986131,2026-07-04T09:06:30.990113+00:00,149.3,12,ask,AverageAlmonds,Xuanyu Liu,6808569
2026-07-04T09:06:31.129410,2026-07-04T09:06:31.133568+00:00,149.4,12,bid,Xuanyu Liu,YieldingYams,6808576
2026-07-04T09:06:38.055820,2026-07-04T09:06:38.058567+00:00,149.5,20,bid,BrilliantBurritos,YieldingYams,6808671
2026-07-04T09:06:38.329741,2026-07-04T09:06:38.338315+00:00,149.4,200,ask,AverageAlmonds,WavyWalnuts,6808676
2026-07-04T09:06:38.839170,2026-07-04T09:06:38.850421+00:00,149.5,20,ask,AverageAlmonds,BrilliantBurritos,6808687
2026-07-04T09:06:41.026459,2026-07-04T09:06:41.030663+00:00,149.6,11,bid,Xuanyu Liu,WavyWalnuts,6808727
2026-07-04T09:06:41.745534,2026-07-04T09:06:41.755147+00:00,149.5,20,ask,YieldingYams,BrilliantBurritos,6808735
2026-07-04T09:06:41.955537,2026-07-04T09:06:41.963836+00:00,149.5,200,ask,YieldingYams,WavyWalnuts,6808738
2026-07-04T09:06:43.178340,2026-07-04T09:06:43.181846+00:00,149.5,3,bid,Xuanyu Liu,WavyWalnuts,6808755
2026-07-04T09:06:43.676419,2026-07-04T09:06:43.683048+00:00,149.5,197,bid,AverageAlmonds,WavyWalnuts,6808759
2026-07-04T09:06:44.281664,2026-07-04T09:06:44.292514+00:00,149.6,500,bid,AverageAlmonds,YieldingYams,6808765
2026-07-04T09:06:47.493330,2026-07-04T09:06:47.504290+00:00,149.8,200,ask,WavyWalnuts,YieldingYams,6808808
2026-07-04T09:06:47.930279,2026-07-04T09:06:47.937197+00:00,149.8,425,bid,AverageAlmonds,YieldingYams,6808819
2026-07-04T09:06:50.426938,2026-07-04T09:06:50.437133+00:00,149.8,200,ask,YieldingYams,WavyWalnuts,6808853
2026-07-04T09:06:51.639784,2026-07-04T09:06:51.649356+00:00,149.8,200,ask,YieldingYams,WavyWalnuts,6808868
2026-07-04T09:06:53.242610,2026-07-04T09:06:53.258739+00:00,149.8,20,ask,WavyWalnuts,BrilliantBurritos,6808894
2026-07-04T09:06:53.317114,2026-07-04T09:06:53.328747+00:00,149.9,10,bid,Yashwanth Madan,YieldingYams,6808898
2026-07-04T09:06:53.344606,2026-07-04T09:06:53.352537+00:00,149.9,140,bid,Alan Niu,YieldingYams,6808899
2026-07-04T09:06:54.772372,2026-07-04T09:06:54.783814+00:00,149.8,10,bid,Yashwanth Madan,WavyWalnuts,6808926
2026-07-04T09:06:54.859614,2026-07-04T09:06:54.866370+00:00,149.8,39,bid,Alan Niu,WavyWalnuts,6808927
2026-07-04T09:06:55.711107,2026-07-04T09:06:55.719887+00:00,149.9,20,bid,BrilliantBurritos,WavyWalnuts,6808939
2026-07-04T09:06:56.674142,2026-07-04T09:06:56.682582+00:00,149.9,200,bid,YieldingYams,WavyWalnuts,6808954
2026-07-04T09:06:57.016341,2026-07-04T09:06:57.025092+00:00,149.9,20,ask,YieldingYams,Yashwanth Madan,6808957
2026-07-04T09:06:57.381767,2026-07-04T09:06:57.392903+00:00,149.9,50,ask,YieldingYams,Alan Niu,6808965
2026-07-04T09:06:59.523176,2026-07-04T09:06:59.533008+00:00,149.8,50,ask,WavyWalnuts,Alan Niu,6809001
2026-07-04T09:07:06.145934,2026-07-04T09:07:06.152702+00:00,149.9,79,ask,YieldingYams,Alan Niu,6809081
2026-07-04T09:07:06.192963,2026-07-04T09:07:06.202743+00:00,150.1,200,bid,WavyWalnuts,YieldingYams,6809083
2026-07-04T09:07:08.003394,2026-07-04T09:07:08.015155+00:00,150.1,20,bid,BrilliantBurritos,YieldingYams,6809112
2026-07-04T09:07:09.790877,2026-07-04T09:07:09.801822+00:00,150.2,200,bid,YieldingYams,WavyWalnuts,6809135
2026-07-04T09:07:09.819018,2026-07-04T09:07:09.826171+00:00,150.2,200,ask,YieldingYams,WavyWalnuts,6809136
2026-07-04T09:07:11.102799,2026-07-04T09:07:11.113808+00:00,150.1,200,ask,WavyWalnuts,YieldingYams,6809157
2026-07-04T09:07:12.231054,2026-07-04T09:07:12.239433+00:00,150.1,200,bid,WavyWalnuts,YieldingYams,6809173
2026-07-04T09:07:12.427968,2026-07-04T09:07:12.431748+00:00,150.0,3,ask,YieldingYams,Xuanyu Liu,6809179
2026-07-04T09:07:13.453629,2026-07-04T09:07:13.456883+00:00,150.1,11,ask,WavyWalnuts,Xuanyu Liu,6809203
2026-07-04T09:07:14.217090,2026-07-04T09:07:14.224448+00:00,150.1,10,ask,WavyWalnuts,Yashwanth Madan,6809213
2026-07-04T09:07:15.869201,2026-07-04T09:07:15.876490+00:00,150.0,200,ask,YieldingYams,WavyWalnuts,6809242
2026-07-04T09:07:18.502474,2026-07-04T09:07:18.513998+00:00,149.9,10,ask,WavyWalnuts,Yashwanth Madan,6809285
2026-07-04T09:07:24.746444,2026-07-04T09:07:24.752807+00:00,149.8,10,ask,YieldingYams,Yashwanth Madan,6809368
2026-07-04T09:07:24.956475,2026-07-04T09:07:24.958593+00:00,149.8,10,ask,YieldingYams,Yashwanth Madan,6809375
2026-07-04T09:07:25.010083,2026-07-04T09:07:25.013738+00:00,149.8,12,ask,YieldingYams,Xuanyu Liu,6809377
2026-07-04T09:07:25.555699,2026-07-04T09:07:25.559104+00:00,149.9,11,ask,WavyWalnuts,Xuanyu Liu,6809381
2026-07-04T09:07:26.799601,2026-07-04T09:07:26.811079+00:00,149.9,10,ask,WavyWalnuts,Yashwanth Madan,6809394
2026-07-04T09:07:26.810352,2026-07-04T09:07:26.821511+00:00,149.9,20,ask,WavyWalnuts,Yashwanth Madan,6809396
2026-07-04T09:07:29.463766,2026-07-04T09:07:29.474107+00:00,150.1,200,bid,YieldingYams,WavyWalnuts,6809427
2026-07-04T09:07:29.641625,2026-07-04T09:07:29.658609+00:00,150.1,12,ask,YieldingYams,Yashwanth Madan,6809433
2026-07-04T09:07:30.368480,2026-07-04T09:07:30.383019+00:00,150.1,200,ask,YieldingYams,WavyWalnuts,6809447
2026-07-04T09:07:37.343496,2026-07-04T09:07:37.354062+00:00,149.9,200,bid,YieldingYams,WavyWalnuts,6809544
2026-07-04T09:07:37.364367,2026-07-04T09:07:37.368576+00:00,150.0,12,ask,YieldingYams,Xuanyu Liu,6809547
2026-07-04T09:07:38.460953,2026-07-04T09:07:38.472574+00:00,150.1,20,bid,BrilliantBurritos,WavyWalnuts,6809556
2026-07-04T09:07:42.640807,2026-07-04T09:07:42.658590+00:00,149.9,20,ask,WavyWalnuts,BrilliantBurritos,6809620
2026-07-04T09:07:43.983474,2026-07-04T09:07:43.986799+00:00,149.9,11,ask,WavyWalnuts,Xuanyu Liu,6809636
2026-07-04T09:07:44.357506,2026-07-04T09:07:44.369867+00:00,150.1,20,bid,BrilliantBurritos,WavyWalnuts,6809642
2026-07-04T09:07:47.890075,2026-07-04T09:07:47.900357+00:00,150.1,20,bid,BrilliantBurritos,YieldingYams,6809675
2026-07-04T09:07:51.783711,2026-07-04T09:07:51.795552+00:00,150.1,200,bid,YieldingYams,WavyWalnuts,6809712
2026-07-04T09:07:51.783711,2026-07-04T09:07:51.795552+00:00,150.1,425,bid,YieldingYams,AverageAlmonds,6809713
2026-07-04T09:07:52.133650,2026-07-04T09:07:52.145217+00:00,150.1,200,bid,WavyWalnuts,AverageAlmonds,6809722
2026-07-04T09:07:53.352673,2026-07-04T09:07:53.358660+00:00,149.9,200,bid,WavyWalnuts,YieldingYams,6809754
2026-07-04T09:07:54.566890,2026-07-04T09:07:54.574061+00:00,149.8,200,bid,WavyWalnuts,YieldingYams,6809768
2026-07-04T09:08:00.653644,2026-07-04T09:08:00.657785+00:00,149.8,11,ask,WavyWalnuts,Xuanyu Liu,6809855
2026-07-04T09:08:02.279027,2026-07-04T09:08:02.289611+00:00,149.8,200,ask,WavyWalnuts,YieldingYams,6809879
2026-07-04T09:08:03.068276,2026-07-04T09:08:03.079676+00:00,149.8,200,bid,WavyWalnuts,YieldingYams,6809893
2026-07-04T09:08:03.643756,2026-07-04T09:08:03.647339+00:00,149.7,12,ask,YieldingYams,Xuanyu Liu,6809907
2026-07-04T09:08:04.288177,2026-07-04T09:08:04.292053+00:00,149.8,11,ask,WavyWalnuts,Xuanyu Liu,6809914
2026-07-04T09:08:04.952002,2026-07-04T09:08:04.958625+00:00,149.8,189,ask,WavyWalnuts,YieldingYams,6809921
2026-07-04T09:08:13.229793,2026-07-04T09:08:13.241621+00:00,150.2,20,bid,BrilliantBurritos,WavyWalnuts,6810006
2026-07-04T09:08:14.131978,2026-07-04T09:08:14.139118+00:00,150.2,200,bid,YieldingYams,WavyWalnuts,6810021
2026-07-04T09:08:14.131978,2026-07-04T09:08:14.144307+00:00,150.3,425,bid,YieldingYams,AverageAlmonds,6810022
2026-07-04T09:08:15.599993,2026-07-04T09:08:15.603457+00:00,150.2,6,ask,YieldingYams,Xuanyu Liu,6810041
2026-07-04T09:08:22.007714,2026-07-04T09:08:22.018843+00:00,150.4,200,ask,WavyWalnuts,YieldingYams,6810120
2026-07-04T09:08:22.396240,2026-07-04T09:08:22.400066+00:00,150.4,6,bid,Xuanyu Liu,YieldingYams,6810139
2026-07-04T09:08:25.942348,2026-07-04T09:08:25.952770+00:00,150.4,200,bid,YieldingYams,WavyWalnuts,6810186
2026-07-04T09:08:26.053396,2026-07-04T09:08:26.058585+00:00,150.5,200,ask,YieldingYams,WavyWalnuts,6810187
2026-07-04T09:08:27.564776,2026-07-04T09:08:27.576430+00:00,150.4,20,ask,WavyWalnuts,BrilliantBurritos,6810206
2026-07-04T09:08:28.198727,2026-07-04T09:08:28.202383+00:00,150.6,11,bid,Xuanyu Liu,YieldingYams,6810224
2026-07-04T09:08:29.898275,2026-07-04T09:08:29.901879+00:00,150.5,12,bid,Xuanyu Liu,YieldingYams,6810252
2026-07-04T09:08:32.124536,2026-07-04T09:08:32.134883+00:00,150.2,200,ask,YieldingYams,WavyWalnuts,6810291
2026-07-04T09:08:32.859577,2026-07-04T09:08:32.871424+00:00,150.1,20,ask,YieldingYams,BrilliantBurritos,6810303
2026-07-04T09:08:35.133835,2026-07-04T09:08:35.152313+00:00,150.1,200,ask,WavyWalnuts,YieldingYams,6810337
2026-07-04T09:08:35.148643,2026-07-04T09:08:35.152313+00:00,150.1,11,bid,Xuanyu Liu,YieldingYams,6810339
2026-07-04T09:08:36.956460,2026-07-04T09:08:36.968675+00:00,150.0,200,ask,YieldingYams,WavyWalnuts,6810373
2026-07-04T09:08:38.167463,2026-07-04T09:08:38.176169+00:00,149.9,200,ask,AverageAlmonds,WavyWalnuts,6810385
2026-07-04T09:08:39.375251,2026-07-04T09:08:39.381920+00:00,149.9,200,ask,YieldingYams,WavyWalnuts,6810402
2026-07-04T09:08:41.793040,2026-07-04T09:08:41.802151+00:00,149.8,200,ask,AverageAlmonds,WavyWalnuts,6810433
2026-07-04T09:08:44.214498,2026-07-04T09:08:44.222492+00:00,149.8,200,bid,WavyWalnuts,YieldingYams,6810472
2026-07-04T09:08:45.423092,2026-07-04T09:08:45.432690+00:00,149.8,200,ask,AverageAlmonds,WavyWalnuts,6810490
2026-07-04T09:08:46.406619,2026-07-04T09:08:46.418262+00:00,149.9,20,bid,BrilliantBurritos,YieldingYams,6810503
2026-07-04T09:08:47.847856,2026-07-04T09:08:47.854254+00:00,149.7,200,ask,YieldingYams,WavyWalnuts,6810526
2026-07-04T09:08:49.617139,2026-07-04T09:08:49.620817+00:00,149.7,11,bid,Xuanyu Liu,YieldingYams,6810545
2026-07-04T09:08:49.729814,2026-07-04T09:08:49.736517+00:00,149.7,20,bid,Yashwanth Madan,YieldingYams,6810550
2026-07-04T09:08:49.941166,2026-07-04T09:08:49.952560+00:00,149.7,20,bid,Yashwanth Madan,YieldingYams,6810557
2026-07-04T09:08:51.814339,2026-07-04T09:08:51.821627+00:00,149.6,20,ask,AverageAlmonds,BrilliantBurritos,6810588
2026-07-04T09:08:55.114665,2026-07-04T09:08:55.125711+00:00,149.8,200,ask,YieldingYams,WavyWalnuts,6810633
2026-07-04T09:08:56.137457,2026-07-04T09:08:56.148944+00:00,149.9,500,ask,AverageAlmonds,YieldingYams,6810656
2026-07-04T09:08:56.256860,2026-07-04T09:08:56.268696+00:00,149.9,125,bid,AverageAlmonds,YieldingYams,6810657
2026-07-04T09:08:57.063939,2026-07-04T09:08:57.075649+00:00,150.0,20,bid,BrilliantBurritos,WavyWalnuts,6810675
2026-07-04T09:08:59.489340,2026-07-04T09:08:59.497444+00:00,150.2,20,bid,BrilliantBurritos,WavyWalnuts,6810708
2026-07-04T09:08:59.928750,2026-07-04T09:08:59.932282+00:00,150.0,22,ask,WavyWalnuts,Xuanyu Liu,6810717
2026-07-04T09:09:01.175193,2026-07-04T09:09:01.178975+00:00,150.1,12,ask,WavyWalnuts,Xuanyu Liu,6810735
2026-07-04T09:09:01.381939,2026-07-04T09:09:01.388925+00:00,150.1,188,ask,WavyWalnuts,YieldingYams,6810736
2026-07-04T09:09:03.603894,2026-07-04T09:09:03.607651+00:00,150.1,23,bid,Xuanyu Liu,WavyWalnuts,6810762
2026-07-04T09:09:03.999182,2026-07-04T09:09:04.008335+00:00,150.1,177,bid,YieldingYams,WavyWalnuts,6810764
2026-07-04T09:09:11.525851,2026-07-04T09:09:11.535507+00:00,150.3,20,bid,BrilliantBurritos,YieldingYams,6810853
2026-07-04T09:09:14.495724,2026-07-04T09:09:14.506856+00:00,150.1,200,bid,WavyWalnuts,YieldingYams,6810906
2026-07-04T09:09:14.995427,2026-07-04T09:09:15.008887+00:00,149.9,20,ask,YieldingYams,BrilliantBurritos,6810911
2026-07-04T09:09:15.702975,2026-07-04T09:09:15.713857+00:00,150.1,200,bid,WavyWalnuts,YieldingYams,6810921
2026-07-04T09:09:15.800864,2026-07-04T09:09:15.804345+00:00,150.1,23,ask,YieldingYams,Xuanyu Liu,6810923
2026-07-04T09:09:17.106307,2026-07-04T09:09:17.110035+00:00,150.2,11,ask,YieldingYams,Xuanyu Liu,6810945
2026-07-04T09:09:18.819235,2026-07-04T09:09:18.822773+00:00,150.4,23,bid,Xuanyu Liu,WavyWalnuts,6810970
2026-07-04T09:09:18.994379,2026-07-04T09:09:19.003098+00:00,150.4,20,bid,BrilliantBurritos,WavyWalnuts,6810972
2026-07-04T09:09:19.714047,2026-07-04T09:09:19.721382+00:00,150.4,200,bid,YieldingYams,WavyWalnuts,6810982
2026-07-04T09:09:20.537908,2026-07-04T09:09:20.544813+00:00,150.4,200,ask,YieldingYams,WavyWalnuts,6810990
2026-07-04T09:09:20.579794,2026-07-04T09:09:20.589542+00:00,150.6,20,bid,BrilliantBurritos,YieldingYams,6810991
2026-07-04T09:09:22.956081,2026-07-04T09:09:22.964482+00:00,150.4,200,ask,YieldingYams,WavyWalnuts,6811017
2026-07-04T09:09:26.603868,2026-07-04T09:09:26.608982+00:00,150.4,200,bid,WavyWalnuts,YieldingYams,6811067
2026-07-04T09:09:32.864921,2026-07-04T09:09:32.871478+00:00,150.4,20,ask,YieldingYams,BrilliantBurritos,6811158
2026-07-04T09:09:34.155352,2026-07-04T09:09:34.159265+00:00,150.5,12,ask,YieldingYams,Xuanyu Liu,6811175
2026-07-04T09:09:37.435915,2026-07-04T09:09:37.443360+00:00,150.7,20,bid,BrilliantBurritos,WavyWalnuts,6811210
2026-07-04T09:09:38.712672,2026-07-04T09:09:38.723830+00:00,150.5,200,ask,YieldingYams,WavyWalnuts,6811231
2026-07-04T09:09:40.696320,2026-07-04T09:09:40.705599+00:00,150.6,200,ask,WavyWalnuts,YieldingYams,6811262
2026-07-04T09:09:40.954077,2026-07-04T09:09:40.957665+00:00,150.6,23,bid,Xuanyu Liu,YieldingYams,6811265
2026-07-04T09:09:41.125065,2026-07-04T09:09:41.131905+00:00,150.6,200,bid,WavyWalnuts,YieldingYams,6811267
2026-07-04T09:09:43.277427,2026-07-04T09:09:43.288971+00:00,150.6,20,ask,YieldingYams,BrilliantBurritos,6811305
2026-07-04T09:09:43.318439,2026-07-04T09:09:43.325090+00:00,150.7,200,bid,YieldingYams,WavyWalnuts,6811307
2026-07-04T09:09:43.544550,2026-07-04T09:09:43.554038+00:00,150.7,200,ask,YieldingYams,WavyWalnuts,6811311
2026-07-04T09:09:44.082700,2026-07-04T09:09:44.090304+00:00,150.7,225,ask,YieldingYams,AverageAlmonds,6811318
2026-07-04T09:09:44.155903,2026-07-04T09:09:44.168941+00:00,150.4,10,ask,WavyWalnuts,Yashwanth Madan,6811321
2026-07-04T09:09:44.756453,2026-07-04T09:09:44.769059+00:00,150.6,200,bid,WavyWalnuts,YieldingYams,6811338
2026-07-04T09:09:45.937794,2026-07-04T09:09:45.958898+00:00,150.7,500,bid,YieldingYams,AverageAlmonds,6811362
2026-07-04T09:09:45.954360,2026-07-04T09:09:45.958898+00:00,150.7,11,ask,YieldingYams,Xuanyu Liu,6811364
2026-07-04T09:09:45.969830,2026-07-04T09:09:45.984307+00:00,150.7,114,ask,YieldingYams,WavyWalnuts,6811365
2026-07-04T09:09:46.270962,2026-07-04T09:09:46.282793+00:00,150.7,20,bid,BrilliantBurritos,WavyWalnuts,6811369
2026-07-04T09:09:47.177518,2026-07-04T09:09:47.185208+00:00,150.7,200,bid,WavyWalnuts,AverageAlmonds,6811389
2026-07-04T09:09:47.333337,2026-07-04T09:09:47.336895+00:00,150.5,29,ask,YieldingYams,Xuanyu Liu,6811393
2026-07-04T09:09:47.423152,2026-07-04T09:09:47.429799+00:00,150.5,20,ask,YieldingYams,Yashwanth Madan,6811395
2026-07-04T09:09:47.675198,2026-07-04T09:09:47.685549+00:00,150.5,1,ask,YieldingYams,Yashwanth Madan,6811399
2026-07-04T09:09:48.194368,2026-07-04T09:09:48.204851+00:00,150.8,9,bid,Yashwanth Madan,YieldingYams,6811403
2026-07-04T09:09:48.198647,2026-07-04T09:09:48.210043+00:00,150.5,9,ask,YieldingYams,Yashwanth Madan,6811404
2026-07-04T09:09:48.386007,2026-07-04T09:09:48.395595+00:00,150.8,200,bid,WavyWalnuts,YieldingYams,6811408
2026-07-04T09:09:49.343744,2026-07-04T09:09:49.352096+00:00,150.8,9,bid,Yashwanth Madan,YieldingYams,6811427
2026-07-04T09:09:49.348655,2026-07-04T09:09:49.358565+00:00,150.5,9,ask,YieldingYams,Yashwanth Madan,6811428
2026-07-04T09:09:49.559509,2026-07-04T09:09:49.571156+00:00,150.7,20,bid,BrilliantBurritos,AverageAlmonds,6811433
2026-07-04T09:09:49.642232,2026-07-04T09:09:49.654321+00:00,150.7,20,bid,Yashwanth Madan,AverageAlmonds,6811435
2026-07-04T09:09:49.807524,2026-07-04T09:09:49.815111+00:00,150.7,20,bid,Yashwanth Madan,AverageAlmonds,6811438
2026-07-04T09:09:50.051286,2026-07-04T09:09:50.058588+00:00,150.7,10,bid,Yashwanth Madan,AverageAlmonds,6811442
2026-07-04T09:09:50.056034,2026-07-04T09:09:50.058588+00:00,150.6,10,ask,WavyWalnuts,Yashwanth Madan,6811443
2026-07-04T09:09:50.373580,2026-07-04T09:09:50.384872+00:00,150.7,10,bid,Yashwanth Madan,AverageAlmonds,6811453
2026-07-04T09:09:50.378051,2026-07-04T09:09:50.384872+00:00,150.6,10,ask,WavyWalnuts,Yashwanth Madan,6811454
2026-07-04T09:09:50.621630,2026-07-04T09:09:50.632965+00:00,150.7,10,bid,Yashwanth Madan,AverageAlmonds,6811455
2026-07-04T09:09:50.626597,2026-07-04T09:09:50.632965+00:00,150.6,10,ask,WavyWalnuts,Yashwanth Madan,6811456
2026-07-04T09:09:50.735274,2026-07-04T09:09:50.746441+00:00,150.6,170,ask,WavyWalnuts,AverageAlmonds,6811457
2026-07-04T09:09:50.735274,2026-07-04T09:09:50.746441+00:00,150.6,330,ask,YieldingYams,AverageAlmonds,6811458
2026-07-04T09:09:50.871678,2026-07-04T09:09:50.878542+00:00,150.8,10,bid,Yashwanth Madan,WavyWalnuts,6811462
2026-07-04T09:09:50.876401,2026-07-04T09:09:50.883907+00:00,150.6,10,ask,YieldingYams,Yashwanth Madan,6811463
2026-07-04T09:09:51.119856,2026-07-04T09:09:51.131181+00:00,150.8,10,bid,Yashwanth Madan,WavyWalnuts,6811464
2026-07-04T09:09:51.124646,2026-07-04T09:09:51.131181+00:00,150.6,10,ask,YieldingYams,Yashwanth Madan,6811465
2026-07-04T09:09:51.573838,2026-07-04T09:09:51.591053+00:00,150.6,20,bid,Yashwanth Madan,AverageAlmonds,6811476
2026-07-04T09:09:51.820735,2026-07-04T09:09:51.828242+00:00,150.6,13,bid,Yashwanth Madan,AverageAlmonds,6811481
2026-07-04T09:09:52.017932,2026-07-04T09:09:52.027438+00:00,150.6,200,bid,WavyWalnuts,AverageAlmonds,6811485
2026-07-04T09:09:52.502435,2026-07-04T09:09:52.513108+00:00,150.6,300,bid,YieldingYams,AverageAlmonds,6811492
2026-07-04T09:09:52.537580,2026-07-04T09:09:52.548683+00:00,150.6,325,ask,YieldingYams,AverageAlmonds,6811493
2026-07-04T09:09:53.227152,2026-07-04T09:09:53.236321+00:00,150.5,200,bid,WavyWalnuts,AverageAlmonds,6811506
2026-07-04T09:09:53.943374,2026-07-04T09:09:53.953549+00:00,150.3,1,ask,YieldingYams,Yashwanth Madan,6811525
2026-07-04T09:09:54.443900,2026-07-04T09:09:54.458622+00:00,150.3,20,ask,YieldingYams,Yashwanth Madan,6811532
2026-07-04T09:09:54.692873,2026-07-04T09:09:54.700949+00:00,150.3,20,ask,YieldingYams,Yashwanth Madan,6811536
2026-07-04T09:09:55.176941,2026-07-04T09:09:55.185895+00:00,150.3,10,ask,YieldingYams,Yashwanth Madan,6811550
2026-07-04T09:09:55.591035,2026-07-04T09:09:55.599003+00:00,150.4,20,bid,BrilliantBurritos,AverageAlmonds,6811557
2026-07-04T09:09:55.647233,2026-07-04T09:09:55.654435+00:00,150.4,200,bid,WavyWalnuts,AverageAlmonds,6811559
2026-07-04T09:09:55.664056,2026-07-04T09:09:55.674466+00:00,150.4,10,bid,Yashwanth Madan,AverageAlmonds,6811561
2026-07-04T09:09:55.668565,2026-07-04T09:09:55.679694+00:00,150.3,10,ask,YieldingYams,Yashwanth Madan,6811562
2026-07-04T09:09:55.922580,2026-07-04T09:09:55.931674+00:00,150.3,10,ask,WavyWalnuts,Yashwanth Madan,6811565
2026-07-04T09:09:56.183556,2026-07-04T09:09:56.194762+00:00,150.3,500,ask,YieldingYams,AverageAlmonds,6811572
2026-07-04T09:09:56.552568,2026-07-04T09:09:56.558567+00:00,150.3,10,bid,Yashwanth Madan,YieldingYams,6811575
2026-07-04T09:09:56.764422,2026-07-04T09:09:56.775581+00:00,150.3,20,bid,Yashwanth Madan,YieldingYams,6811578
2026-07-04T09:09:56.800807,2026-07-04T09:09:56.812265+00:00,150.0,5,ask,YieldingYams,Yashwanth Madan,6811580
2026-07-04T09:09:56.856706,2026-07-04T09:09:56.865968+00:00,150.2,200,bid,WavyWalnuts,AverageAlmonds,6811581
2026-07-04T09:09:57.039166,2026-07-04T09:09:57.047244+00:00,150.0,5,ask,YieldingYams,Yashwanth Madan,6811583
2026-07-04T09:09:57.995071,2026-07-04T09:09:58.004278+00:00,150.1,500,ask,YieldingYams,AverageAlmonds,6811598
2026-07-04T09:09:58.591935,2026-07-04T09:09:58.600853+00:00,150.1,125,ask,YieldingYams,AverageAlmonds,6811607
2026-07-04T09:09:58.591935,2026-07-04T09:09:58.600853+00:00,150.0,200,ask,WavyWalnuts,AverageAlmonds,6811608
2026-07-04T09:09:58.616013,2026-07-04T09:09:58.619609+00:00,150.0,6,bid,Xuanyu Liu,AverageAlmonds,6811612
2026-07-04T09:09:58.722601,2026-07-04T09:09:58.733832+00:00,150.0,20,bid,Yashwanth Madan,AverageAlmonds,6811619
2026-07-04T09:09:58.935241,2026-07-04T09:09:58.944546+00:00,150.0,11,bid,Yashwanth Madan,AverageAlmonds,6811622
2026-07-04T09:09:59.075990,2026-07-04T09:09:59.079775+00:00,149.9,11,bid,Xuanyu Liu,YieldingYams,6811625
2026-07-04T09:09:59.270292,2026-07-04T09:09:59.281221+00:00,149.9,200,bid,WavyWalnuts,YieldingYams,6811630
2026-07-04T09:09:59.980622,2026-07-04T09:09:59.984214+00:00,149.7,11,ask,YieldingYams,Xuanyu Liu,6811639
2026-07-04T09:10:00.476991,2026-07-04T09:10:00.486974+00:00,149.8,200,bid,WavyWalnuts,AverageAlmonds,6811642
2026-07-04T09:10:01.036019,2026-07-04T09:10:01.045476+00:00,149.7,500,ask,YieldingYams,AverageAlmonds,6811650
2026-07-04T09:10:01.689450,2026-07-04T09:10:01.701047+00:00,149.6,200,bid,WavyWalnuts,YieldingYams,6811658
2026-07-04T09:10:02.902799,2026-07-04T09:10:02.910074+00:00,149.6,200,bid,WavyWalnuts,YieldingYams,6811683
2026-07-04T09:10:04.117140,2026-07-04T09:10:04.124397+00:00,149.6,200,bid,WavyWalnuts,AverageAlmonds,6811702
2026-07-04T09:10:04.310363,2026-07-04T09:10:04.320412+00:00,149.6,300,bid,YieldingYams,AverageAlmonds,6811708
2026-07-04T09:10:04.647140,2026-07-04T09:10:04.657440+00:00,149.6,325,ask,YieldingYams,AverageAlmonds,6811713
2026-07-04T09:10:05.326093,2026-07-04T09:10:05.337467+00:00,149.5,200,bid,WavyWalnuts,AverageAlmonds,6811723
2026-07-04T09:10:06.492530,2026-07-04T09:10:06.502081+00:00,149.4,500,ask,YieldingYams,AverageAlmonds,6811739
2026-07-04T09:10:06.728813,2026-07-04T09:10:06.737278+00:00,149.7,20,bid,BrilliantBurritos,YieldingYams,6811743
2026-07-04T09:10:06.928860,2026-07-04T09:10:06.939090+00:00,149.6,200,ask,WavyWalnuts,YieldingYams,6811746
2026-07-04T09:10:07.117240,2026-07-04T09:10:07.121470+00:00,149.3,11,bid,Xuanyu Liu,AverageAlmonds,6811750
2026-07-04T09:10:07.740772,2026-07-04T09:10:07.751454+00:00,149.3,200,bid,WavyWalnuts,AverageAlmonds,6811768
2026-07-04T09:10:08.237747,2026-07-04T09:10:08.244668+00:00,149.3,300,bid,YieldingYams,AverageAlmonds,6811772
2026-07-04T09:10:08.293644,2026-07-04T09:10:08.301416+00:00,149.3,325,ask,YieldingYams,AverageAlmonds,6811773
2026-07-04T09:10:08.948917,2026-07-04T09:10:08.958788+00:00,149.3,200,bid,WavyWalnuts,AverageAlmonds,6811782
2026-07-04T09:10:10.156123,2026-07-04T09:10:10.158576+00:00,149.2,200,bid,WavyWalnuts,YieldingYams,6811805
2026-07-04T09:10:12.163621,2026-07-04T09:10:12.171090+00:00,149.2,200,bid,YieldingYams,WavyWalnuts,6811828
2026-07-04T09:10:12.581039,2026-07-04T09:10:12.585919+00:00,149.4,23,bid,Xuanyu Liu,YieldingYams,6811834
2026-07-04T09:10:13.172045,2026-07-04T09:10:13.191283+00:00,149.3,11,bid,Xuanyu Liu,AverageAlmonds,6811841
2026-07-04T09:10:13.748059,2026-07-04T09:10:13.755028+00:00,149.2,500,ask,YieldingYams,AverageAlmonds,6811849
2026-07-04T09:10:14.344626,2026-07-04T09:10:14.369551+00:00,149.2,125,ask,YieldingYams,AverageAlmonds,6811855
2026-07-04T09:10:14.344626,2026-07-04T09:10:14.369551+00:00,149.2,200,ask,WavyWalnuts,AverageAlmonds,6811856
2026-07-04T09:10:14.366061,2026-07-04T09:10:14.369551+00:00,149.2,12,bid,Xuanyu Liu,AverageAlmonds,6811860
2026-07-04T09:10:14.801996,2026-07-04T09:10:14.805749+00:00,149.1,4,bid,Xuanyu Liu,YieldingYams,6811867
2026-07-04T09:10:14.990178,2026-07-04T09:10:15.001045+00:00,149.1,200,bid,WavyWalnuts,YieldingYams,6811872
2026-07-04T09:10:16.110801,2026-07-04T09:10:16.114745+00:00,148.9,4,ask,YieldingYams,Xuanyu Liu,6811890
2026-07-04T09:10:16.507483,2026-07-04T09:10:16.516824+00:00,148.9,20,ask,YieldingYams,BrilliantBurritos,6811899
2026-07-04T09:10:17.419632,2026-07-04T09:10:17.440454+00:00,149.1,200,ask,YieldingYams,WavyWalnuts,6811909
2026-07-04T09:10:17.436060,2026-07-04T09:10:17.440454+00:00,149.1,23,ask,YieldingYams,Xuanyu Liu,6811911
2026-07-04T09:10:19.805343,2026-07-04T09:10:19.814448+00:00,149.0,500,ask,YieldingYams,AverageAlmonds,6811947
2026-07-04T09:10:20.033560,2026-07-04T09:10:20.052072+00:00,148.8,200,ask,WavyWalnuts,YieldingYams,6811952
2026-07-04T09:10:20.048710,2026-07-04T09:10:20.052072+00:00,148.6,57,bid,Xuanyu Liu,YieldingYams,6811955
2026-07-04T09:10:21.042505,2026-07-04T09:10:21.052110+00:00,148.6,200,bid,WavyWalnuts,YieldingYams,6811967
2026-07-04T09:10:22.114798,2026-07-04T09:10:22.118687+00:00,148.6,34,ask,YieldingYams,Xuanyu Liu,6811982
2026-07-04T09:10:25.293782,2026-07-04T09:10:25.300651+00:00,148.6,200,ask,WavyWalnuts,YieldingYams,6812042
2026-07-04T09:10:25.916607,2026-07-04T09:10:25.920469+00:00,148.5,11,bid,Xuanyu Liu,WavyWalnuts,6812052
2026-07-04T09:10:27.914094,2026-07-04T09:10:27.923688+00:00,148.5,200,bid,YieldingYams,WavyWalnuts,6812086
2026-07-04T09:10:28.464954,2026-07-04T09:10:28.469120+00:00,148.5,23,ask,YieldingYams,Xuanyu Liu,6812093
2026-07-04T09:10:31.850520,2026-07-04T09:10:31.851610+00:00,148.4,200,ask,WavyWalnuts,YieldingYams,6812137
2026-07-04T09:10:34.781610,2026-07-04T09:10:34.785460+00:00,148.3,22,ask,WavyWalnuts,Xuanyu Liu,6812192
2026-07-04T09:10:36.947385,2026-07-04T09:10:36.959384+00:00,148.3,20,bid,BrilliantBurritos,WavyWalnuts,6812226
2026-07-04T09:10:38.410011,2026-07-04T09:10:38.419669+00:00,148.3,200,bid,YieldingYams,WavyWalnuts,6812247
2026-07-04T09:10:39.717616,2026-07-04T09:10:39.728132+00:00,148.5,200,bid,YieldingYams,WavyWalnuts,6812258
2026-07-04T09:10:40.388757,2026-07-04T09:10:40.396241+00:00,148.5,425,ask,YieldingYams,AverageAlmonds,6812270
2026-07-04T09:10:41.604384,2026-07-04T09:10:41.608022+00:00,148.5,11,bid,Xuanyu Liu,YieldingYams,6812285
2026-07-04T09:10:42.863699,2026-07-04T09:10:42.871979+00:00,148.5,200,bid,WavyWalnuts,AverageAlmonds,6812309
2026-07-04T09:10:44.024429,2026-07-04T09:10:44.035945+00:00,148.4,500,ask,YieldingYams,AverageAlmonds,6812320
2026-07-04T09:10:44.620244,2026-07-04T09:10:44.627589+00:00,148.4,125,ask,YieldingYams,AverageAlmonds,6812326
2026-07-04T09:10:44.620244,2026-07-04T09:10:44.644188+00:00,148.4,200,ask,WavyWalnuts,AverageAlmonds,6812327
2026-07-04T09:10:44.640685,2026-07-04T09:10:44.644188+00:00,148.4,23,bid,Xuanyu Liu,AverageAlmonds,6812331
2026-07-04T09:10:44.976661,2026-07-04T09:10:44.980371+00:00,148.2,23,bid,Xuanyu Liu,YieldingYams,6812341
2026-07-04T09:10:47.448085,2026-07-04T09:10:47.452072+00:00,148.1,23,ask,YieldingYams,Xuanyu Liu,6812389
2026-07-04T09:10:49.637398,2026-07-04T09:10:49.649154+00:00,148.1,20,bid,BrilliantBurritos,YieldingYams,6812420
2026-07-04T09:10:50.120273,2026-07-04T09:10:50.131550+00:00,148.1,200,bid,WavyWalnuts,YieldingYams,6812426
2026-07-04T09:10:50.939479,2026-07-04T09:10:50.948506+00:00,148.0,20,ask,YieldingYams,BrilliantBurritos,6812436
2026-07-04T09:10:52.830692,2026-07-04T09:10:52.842271+00:00,148.2,200,ask,WavyWalnuts,YieldingYams,6812472
2026-07-04T09:10:58.607428,2026-07-04T09:10:58.611308+00:00,148.2,12,ask,WavyWalnuts,Xuanyu Liu,6812540
2026-07-04T09:11:02.007682,2026-07-04T09:11:02.018159+00:00,148.3,200,bid,YieldingYams,WavyWalnuts,6812582
2026-07-04T09:11:02.258338,2026-07-04T09:11:02.264762+00:00,148.3,10,ask,YieldingYams,Yashwanth Madan,6812592
2026-07-04T09:11:03.266926,2026-07-04T09:11:03.270861+00:00,148.3,11,ask,YieldingYams,Xuanyu Liu,6812607
2026-07-04T09:11:07.252299,2026-07-04T09:11:07.271777+00:00,148.5,200,bid,YieldingYams,WavyWalnuts,6812655
2026-07-04T09:11:07.267800,2026-07-04T09:11:07.271777+00:00,148.5,23,ask,YieldingYams,Xuanyu Liu,6812657
2026-07-04T09:11:07.301380,2026-07-04T09:11:07.312575+00:00,148.5,20,ask,YieldingYams,Yashwanth Madan,6812659
2026-07-04T09:11:08.000127,2026-07-04T09:11:08.006976+00:00,148.7,20,bid,BrilliantBurritos,AverageAlmonds,6812670
2026-07-04T09:11:08.292141,2026-07-04T09:11:08.303094+00:00,148.5,200,ask,YieldingYams,WavyWalnuts,6812678
2026-07-04T09:11:10.065260,2026-07-04T09:11:10.068814+00:00,148.6,12,bid,Xuanyu Liu,WavyWalnuts,6812712
2026-07-04T09:11:11.922981,2026-07-04T09:11:11.963994+00:00,148.5,200,ask,YieldingYams,WavyWalnuts,6812746
2026-07-04T09:11:13.148416,2026-07-04T09:11:13.151767+00:00,148.6,11,bid,Xuanyu Liu,WavyWalnuts,6812770
2026-07-04T09:11:13.295581,2026-07-04T09:11:13.307263+00:00,148.6,20,bid,Yashwanth Madan,WavyWalnuts,6812774
2026-07-04T09:11:13.506130,2026-07-04T09:11:13.513031+00:00,148.6,10,bid,Yashwanth Madan,WavyWalnuts,6812776
2026-07-04T09:11:13.807821,2026-07-04T09:11:13.815681+00:00,148.6,159,bid,YieldingYams,WavyWalnuts,6812781
2026-07-04T09:11:13.807821,2026-07-04T09:11:13.820960+00:00,148.7,466,bid,YieldingYams,AverageAlmonds,6812782
2026-07-04T09:11:16.094936,2026-07-04T09:11:16.104755+00:00,148.5,500,ask,YieldingYams,AverageAlmonds,6812819
2026-07-04T09:11:17.929080,2026-07-04T09:11:17.940960+00:00,148.4,20,ask,YieldingYams,BrilliantBurritos,6812857
2026-07-04T09:11:17.960365,2026-07-04T09:11:17.967897+00:00,148.5,200,bid,WavyWalnuts,AverageAlmonds,6812858
2026-07-04T09:11:21.679718,2026-07-04T09:11:21.690394+00:00,148.5,500,bid,YieldingYams,AverageAlmonds,6812910
2026-07-04T09:11:21.679718,2026-07-04T09:11:21.690394+00:00,148.5,125,bid,YieldingYams,WavyWalnuts,6812911
2026-07-04T09:11:23.009706,2026-07-04T09:11:23.014147+00:00,148.3,11,bid,Xuanyu Liu,YieldingYams,6812931
2026-07-04T09:11:24.301464,2026-07-04T09:11:24.309179+00:00,148.2,200,ask,WavyWalnuts,YieldingYams,6812952
2026-07-04T09:11:24.320365,2026-07-04T09:11:24.324063+00:00,148.2,12,bid,Xuanyu Liu,YieldingYams,6812954
2026-07-04T09:11:25.459527,2026-07-04T09:11:25.464550+00:00,148.0,12,ask,YieldingYams,Xuanyu Liu,6812974
2026-07-04T09:11:30.852453,2026-07-04T09:11:30.858600+00:00,148.1,200,bid,YieldingYams,WavyWalnuts,6813044
2026-07-04T09:11:32.489294,2026-07-04T09:11:32.496128+00:00,148.1,200,bid,WavyWalnuts,YieldingYams,6813065
2026-07-04T09:11:41.335330,2026-07-04T09:11:41.343899+00:00,148.1,200,ask,WavyWalnuts,YieldingYams,6813183
2026-07-04T09:11:41.507750,2026-07-04T09:11:41.517275+00:00,148.1,425,bid,AverageAlmonds,YieldingYams,6813185
2026-07-04T09:11:42.642352,2026-07-04T09:11:42.650841+00:00,148.2,200,bid,YieldingYams,WavyWalnuts,6813199
2026-07-04T09:11:43.382639,2026-07-04T09:11:43.390734+00:00,148.3,200,ask,YieldingYams,WavyWalnuts,6813214
2026-07-04T09:11:45.155899,2026-07-04T09:11:45.158546+00:00,148.2,500,bid,AverageAlmonds,YieldingYams,6813237
2026-07-04T09:11:45.752033,2026-07-04T09:11:45.752455+00:00,148.2,200,bid,AverageAlmonds,WavyWalnuts,6813242
2026-07-04T09:11:45.794414,2026-07-04T09:11:45.802179+00:00,148.2,200,ask,AverageAlmonds,WavyWalnuts,6813245
2026-07-04T09:11:47.571284,2026-07-04T09:11:47.579604+00:00,148.2,200,bid,AverageAlmonds,WavyWalnuts,6813267
2026-07-04T09:11:48.772548,2026-07-04T09:11:48.781030+00:00,148.4,200,bid,AverageAlmonds,WavyWalnuts,6813291
2026-07-04T09:11:49.434527,2026-07-04T09:11:49.442056+00:00,148.4,200,ask,AverageAlmonds,WavyWalnuts,6813299
2026-07-04T09:11:50.715412,2026-07-04T09:11:50.719092+00:00,148.6,23,bid,Xuanyu Liu,YieldingYams,6813315
2026-07-04T09:11:58.589187,2026-07-04T09:11:58.598837+00:00,148.7,20,bid,BrilliantBurritos,YieldingYams,6813453
2026-07-04T09:12:01.044874,2026-07-04T09:12:01.070094+00:00,148.7,200,ask,WavyWalnuts,YieldingYams,6813478
2026-07-04T09:12:01.065881,2026-07-04T09:12:01.070094+00:00,148.7,12,bid,Xuanyu Liu,YieldingYams,6813480
2026-07-04T09:12:01.563588,2026-07-04T09:12:01.573954+00:00,148.7,200,bid,WavyWalnuts,YieldingYams,6813488
2026-07-04T09:12:02.777949,2026-07-04T09:12:02.784789+00:00,148.8,200,ask,YieldingYams,WavyWalnuts,6813507
2026-07-04T09:12:03.375180,2026-07-04T09:12:03.378417+00:00,149.1,14,bid,Xuanyu Liu,YieldingYams,6813523
2026-07-04T09:12:03.674852,2026-07-04T09:12:03.678918+00:00,148.8,3,bid,Xuanyu Liu,YieldingYams,6813525
2026-07-04T09:12:03.824663,2026-07-04T09:12:03.832953+00:00,148.8,66,bid,Alan Niu,YieldingYams,6813531
2026-07-04T09:12:05.397045,2026-07-04T09:12:05.406451+00:00,148.7,10,bid,Yashwanth Madan,YieldingYams,6813556
2026-07-04T09:12:05.509395,2026-07-04T09:12:05.520780+00:00,148.7,40,bid,Alan Niu,YieldingYams,6813559
2026-07-04T09:12:06.574729,2026-07-04T09:12:06.578463+00:00,148.5,3,ask,WavyWalnuts,Xuanyu Liu,6813582
2026-07-04T09:12:06.804006,2026-07-04T09:12:06.811594+00:00,148.5,10,ask,WavyWalnuts,Yashwanth Madan,6813587
2026-07-04T09:12:07.796447,2026-07-04T09:12:07.808206+00:00,148.7,20,bid,BrilliantBurritos,AverageAlmonds,6813603
2026-07-04T09:12:08.903482,2026-07-04T09:12:08.911410+00:00,148.6,36,ask,WavyWalnuts,Alan Niu,6813619
2026-07-04T09:12:12.578374,2026-07-04T09:12:12.588695+00:00,148.8,20,bid,BrilliantBurritos,YieldingYams,6813665
2026-07-04T09:12:12.855034,2026-07-04T09:12:12.868673+00:00,148.6,200,ask,WavyWalnuts,YieldingYams,6813669
2026-07-04T09:12:13.862152,2026-07-04T09:12:13.873729+00:00,148.4,20,ask,WavyWalnuts,BrilliantBurritos,6813681
2026-07-04T09:12:13.973826,2026-07-04T09:12:13.985344+00:00,148.5,10,bid,Yashwanth Madan,YieldingYams,6813684
2026-07-04T09:12:15.941505,2026-07-04T09:12:15.948534+00:00,148.6,31,bid,Alan Niu,WavyWalnuts,6813725
2026-07-04T09:12:16.493653,2026-07-04T09:12:16.497710+00:00,148.5,3,bid,Xuanyu Liu,WavyWalnuts,6813733
2026-07-04T09:12:16.582478,2026-07-04T09:12:16.591079+00:00,148.5,97,bid,Alan Niu,WavyWalnuts,6813735
2026-07-04T09:12:23.349739,2026-07-04T09:12:23.360063+00:00,148.6,200,ask,AverageAlmonds,WavyWalnuts,6813840
2026-07-04T09:12:23.366885,2026-07-04T09:12:23.375986+00:00,148.6,300,ask,AverageAlmonds,YieldingYams,6813841
2026-07-04T09:12:24.425276,2026-07-04T09:12:24.432492+00:00,148.5,93,ask,AverageAlmonds,Alan Niu,6813856
2026-07-04T09:12:24.510157,2026-07-04T09:12:24.521757+00:00,148.6,325,bid,AverageAlmonds,YieldingYams,6813857
2026-07-04T09:12:24.556796,2026-07-04T09:12:24.569002+00:00,148.7,175,ask,AverageAlmonds,WavyWalnuts,6813859
2026-07-04T09:12:24.674256,2026-07-04T09:12:24.684690+00:00,148.7,25,bid,YieldingYams,WavyWalnuts,6813860
2026-07-04T09:12:25.556826,2026-07-04T09:12:25.560138+00:00,148.7,3,ask,YieldingYams,Xuanyu Liu,6813875
2026-07-04T09:12:25.694003,2026-07-04T09:12:25.702042+00:00,148.7,105,ask,YieldingYams,Alan Niu,6813879
2026-07-04T09:12:25.757538,2026-07-04T09:12:25.766150+00:00,148.7,10,ask,YieldingYams,Yashwanth Madan,6813882
2026-07-04T09:12:25.993383,2026-07-04T09:12:26.000761+00:00,148.7,500,ask,AverageAlmonds,YieldingYams,6813893
2026-07-04T09:12:26.332211,2026-07-04T09:12:26.342601+00:00,148.7,125,bid,AverageAlmonds,YieldingYams,6813897
2026-07-04T09:12:26.332211,2026-07-04T09:12:26.342601+00:00,148.8,200,bid,AverageAlmonds,WavyWalnuts,6813898
2026-07-04T09:12:28.612226,2026-07-04T09:12:28.622550+00:00,148.8,200,bid,YieldingYams,WavyWalnuts,6813938
2026-07-04T09:12:28.838447,2026-07-04T09:12:28.849920+00:00,149.1,10,bid,Yashwanth Madan,YieldingYams,6813946
2026-07-04T09:12:31.648075,2026-07-04T09:12:31.663654+00:00,148.9,20,bid,BrilliantBurritos,YieldingYams,6813973
2026-07-04T09:12:32.901888,2026-07-04T09:12:32.913435+00:00,148.7,10,ask,WavyWalnuts,Yashwanth Madan,6813997
2026-07-04T09:12:33.063854,2026-07-04T09:12:33.074156+00:00,148.8,200,ask,AverageAlmonds,WavyWalnuts,6814000
2026-07-04T09:12:34.111472,2026-07-04T09:12:34.123314+00:00,148.8,20,ask,AverageAlmonds,BrilliantBurritos,6814018
2026-07-04T09:12:34.959273,2026-07-04T09:12:34.970956+00:00,148.8,10,ask,YieldingYams,Yashwanth Madan,6814034
2026-07-04T09:12:36.640438,2026-07-04T09:12:36.647852+00:00,149.0,1,bid,Yashwanth Madan,YieldingYams,6814056
2026-07-04T09:12:39.548187,2026-07-04T09:12:39.558562+00:00,148.7,20,ask,AverageAlmonds,BrilliantBurritos,6814104
2026-07-04T09:12:40.865988,2026-07-04T09:12:40.874095+00:00,148.9,200,bid,AverageAlmonds,WavyWalnuts,6814120
2026-07-04T09:12:40.884494,2026-07-04T09:12:40.888204+00:00,148.9,3,ask,AverageAlmonds,Xuanyu Liu,6814122
2026-07-04T09:12:41.343582,2026-07-04T09:12:41.358615+00:00,149.0,19,bid,Yashwanth Madan,YieldingYams,6814134
2026-07-04T09:12:41.469722,2026-07-04T09:12:41.476696+00:00,149.0,500,bid,AverageAlmonds,YieldingYams,6814135
2026-07-04T09:12:41.709440,2026-07-04T09:12:41.716431+00:00,149.1,200,bid,YieldingYams,WavyWalnuts,6814136
2026-07-04T09:12:44.337127,2026-07-04T09:12:44.347337+00:00,149.0,500,ask,AverageAlmonds,YieldingYams,6814158
2026-07-04T09:12:44.337127,2026-07-04T09:12:44.347337+00:00,148.9,125,ask,WavyWalnuts,YieldingYams,6814159
2026-07-04T09:12:45.711978,2026-07-04T09:12:45.723134+00:00,149.0,200,bid,AverageAlmonds,WavyWalnuts,6814177
2026-07-04T09:12:45.711978,2026-07-04T09:12:45.723134+00:00,149.0,300,bid,AverageAlmonds,YieldingYams,6814178
2026-07-04T09:12:46.317742,2026-07-04T09:12:46.326664+00:00,149.0,325,bid,AverageAlmonds,YieldingYams,6814187
2026-07-04T09:12:46.954511,2026-07-04T09:12:46.965343+00:00,149.1,200,bid,YieldingYams,WavyWalnuts,6814197
2026-07-04T09:12:46.977857,2026-07-04T09:12:46.986490+00:00,149.1,10,ask,YieldingYams,Yashwanth Madan,6814200
2026-07-04T09:12:47.647434,2026-07-04T09:12:47.663992+00:00,149.1,10,ask,YieldingYams,Yashwanth Madan,6814210
2026-07-04T09:12:48.267673,2026-07-04T09:12:48.277862+00:00,149.2,200,bid,YieldingYams,WavyWalnuts,6814218
2026-07-04T09:12:50.015170,2026-07-04T09:12:50.024571+00:00,149.3,200,bid,WavyWalnuts,YieldingYams,6814237
2026-07-04T09:12:51.998741,2026-07-04T09:12:52.010534+00:00,149.2,10,ask,YieldingYams,Yashwanth Madan,6814266
2026-07-04T09:12:52.268090,2026-07-04T09:12:52.279739+00:00,149.2,20,ask,YieldingYams,BrilliantBurritos,6814269
2026-07-04T09:12:53.646270,2026-07-04T09:12:53.657152+00:00,149.2,200,ask,YieldingYams,WavyWalnuts,6814280
2026-07-04T09:12:57.464213,2026-07-04T09:12:57.474816+00:00,149.2,200,ask,WavyWalnuts,YieldingYams,6814321
2026-07-04T09:12:58.480080,2026-07-04T09:12:58.489909+00:00,149.2,200,bid,WavyWalnuts,YieldingYams,6814334
2026-07-04T09:12:58.814332,2026-07-04T09:12:58.821050+00:00,149.3,20,bid,BrilliantBurritos,YieldingYams,6814339
2026-07-04T09:13:00.165624,2026-07-04T09:13:00.177057+00:00,149.1,20,ask,WavyWalnuts,BrilliantBurritos,6814354
2026-07-04T09:13:00.907056,2026-07-04T09:13:00.917675+00:00,149.2,200,bid,WavyWalnuts,YieldingYams,6814367
2026-07-04T09:13:01.403967,2026-07-04T09:13:01.407613+00:00,149.2,11,ask,YieldingYams,Xuanyu Liu,6814373
2026-07-04T09:13:02.465448,2026-07-04T09:13:02.476942+00:00,149.2,10,ask,YieldingYams,Yashwanth Madan,6814382
2026-07-04T09:13:02.475651,2026-07-04T09:13:02.482150+00:00,149.2,20,ask,YieldingYams,Yashwanth Madan,6814384
2026-07-04T09:13:03.875537,2026-07-04T09:13:03.885085+00:00,149.2,500,ask,YieldingYams,AverageAlmonds,6814408
2026-07-04T09:13:04.539453,2026-07-04T09:13:04.548444+00:00,149.1,200,ask,YieldingYams,WavyWalnuts,6814417
2026-07-04T09:13:05.690281,2026-07-04T09:13:05.697029+00:00,149.0,500,ask,YieldingYams,AverageAlmonds,6814429
2026-07-04T09:13:06.301599,2026-07-04T09:13:06.305230+00:00,149.1,11,bid,Xuanyu Liu,AverageAlmonds,6814435
2026-07-04T09:13:06.486186,2026-07-04T09:13:06.497194+00:00,149.1,20,bid,Yashwanth Madan,AverageAlmonds,6814440
2026-07-04T09:13:06.644899,2026-07-04T09:13:06.652442+00:00,149.0,200,ask,WavyWalnuts,YieldingYams,6814441
2026-07-04T09:13:07.901615,2026-07-04T09:13:07.909491+00:00,148.9,20,ask,WavyWalnuts,BrilliantBurritos,6814466
2026-07-04T09:13:08.168417,2026-07-04T09:13:08.179613+00:00,149.0,200,bid,WavyWalnuts,YieldingYams,6814470
2026-07-04T09:13:08.226965,2026-07-04T09:13:08.238741+00:00,148.8,10,ask,YieldingYams,Yashwanth Madan,6814472
2026-07-04T09:13:09.267734,2026-07-04T09:13:09.274872+00:00,148.9,20,ask,YieldingYams,BrilliantBurritos,6814480
2026-07-04T09:13:10.592025,2026-07-04T09:13:10.600830+00:00,149.2,200,bid,WavyWalnuts,YieldingYams,6814496
2026-07-04T09:13:11.889314,2026-07-04T09:13:11.898073+00:00,149.2,500,bid,YieldingYams,AverageAlmonds,6814522
2026-07-04T09:13:12.335058,2026-07-04T09:13:12.342332+00:00,149.2,125,ask,YieldingYams,AverageAlmonds,6814527
2026-07-04T09:13:13.015126,2026-07-04T09:13:13.023854+00:00,149.2,200,bid,WavyWalnuts,AverageAlmonds,6814539
2026-07-04T09:13:13.596850,2026-07-04T09:13:13.605489+00:00,149.1,20,bid,Yashwanth Madan,AverageAlmonds,6814550
2026-07-04T09:13:14.224700,2026-07-04T09:13:14.234174+00:00,149.2,200,bid,WavyWalnuts,YieldingYams,6814559
2026-07-04T09:13:14.522848,2026-07-04T09:13:14.526474+00:00,149.0,3,bid,Xuanyu Liu,YieldingYams,6814565
2026-07-04T09:13:14.609457,2026-07-04T09:13:14.616362+00:00,149.0,20,bid,Yashwanth Madan,YieldingYams,6814568
2026-07-04T09:13:15.433392,2026-07-04T09:13:15.445132+00:00,149.0,200,bid,WavyWalnuts,YieldingYams,6814577
2026-07-04T09:13:16.642281,2026-07-04T09:13:16.658541+00:00,149.1,200,bid,WavyWalnuts,YieldingYams,6814597
2026-07-04T09:13:17.140558,2026-07-04T09:13:17.144183+00:00,148.9,3,ask,YieldingYams,Xuanyu Liu,6814601
2026-07-04T09:13:19.058135,2026-07-04T09:13:19.066227+00:00,149.0,200,bid,WavyWalnuts,AverageAlmonds,6814633
2026-07-04T09:13:19.755700,2026-07-04T09:13:19.773469+00:00,148.9,500,bid,YieldingYams,AverageAlmonds,6814640
2026-07-04T09:13:19.770055,2026-07-04T09:13:19.773469+00:00,148.9,11,ask,YieldingYams,Xuanyu Liu,6814642
2026-07-04T09:13:20.226411,2026-07-04T09:13:20.236863+00:00,148.9,114,ask,YieldingYams,AverageAlmonds,6814645
2026-07-04T09:13:20.268692,2026-07-04T09:13:20.280124+00:00,148.8,200,bid,WavyWalnuts,AverageAlmonds,6814648
2026-07-04T09:13:21.101681,2026-07-04T09:13:21.113064+00:00,148.7,20,ask,YieldingYams,BrilliantBurritos,6814661
2026-07-04T09:13:21.476135,2026-07-04T09:13:21.485542+00:00,148.8,200,bid,WavyWalnuts,AverageAlmonds,6814665
2026-07-04T09:13:22.684806,2026-07-04T09:13:22.694569+00:00,148.8,200,bid,WavyWalnuts,AverageAlmonds,6814677
2026-07-04T09:13:23.248476,2026-07-04T09:13:23.258536+00:00,148.7,500,ask,YieldingYams,AverageAlmonds,6814691
2026-07-04T09:13:23.894722,2026-07-04T09:13:23.902344+00:00,148.7,200,bid,WavyWalnuts,YieldingYams,6814699
2026-07-04T09:13:25.103169,2026-07-04T09:13:25.112903+00:00,148.7,200,bid,WavyWalnuts,AverageAlmonds,6814724
2026-07-04T09:13:25.629465,2026-07-04T09:13:25.633210+00:00,148.7,11,bid,Xuanyu Liu,AverageAlmonds,6814736
2026-07-04T09:13:26.325156,2026-07-04T09:13:26.335550+00:00,148.8,200,bid,WavyWalnuts,AverageAlmonds,6814751
2026-07-04T09:13:26.892843,2026-07-04T09:13:26.902082+00:00,148.7,500,ask,YieldingYams,AverageAlmonds,6814759
2026-07-04T09:13:27.538237,2026-07-04T09:13:27.545913+00:00,148.8,200,bid,WavyWalnuts,AverageAlmonds,6814769
2026-07-04T09:13:27.725282,2026-07-04T09:13:27.736915+00:00,148.4,10,ask,YieldingYams,Yashwanth Madan,6814776
2026-07-04T09:13:28.840145,2026-07-04T09:13:28.844497+00:00,148.6,11,ask,WavyWalnuts,Xuanyu Liu,6814791
2026-07-04T09:13:29.095935,2026-07-04T09:13:29.107685+00:00,148.6,20,ask,WavyWalnuts,BrilliantBurritos,6814792
2026-07-04T09:13:29.957920,2026-07-04T09:13:29.969010+00:00,148.7,200,bid,WavyWalnuts,YieldingYams,6814802
2026-07-04T09:13:32.890633,2026-07-04T09:13:32.894014+00:00,148.7,12,ask,YieldingYams,Xuanyu Liu,6814853
2026-07-04T09:13:33.547764,2026-07-04T09:13:33.563865+00:00,148.7,500,ask,YieldingYams,AverageAlmonds,6814859
2026-07-04T09:13:34.037086,2026-07-04T09:13:34.048912+00:00,148.7,10,ask,YieldingYams,Yashwanth Madan,6814869
2026-07-04T09:13:34.147896,2026-07-04T09:13:34.158619+00:00,148.7,103,ask,YieldingYams,AverageAlmonds,6814870
2026-07-04T09:13:36.278786,2026-07-04T09:13:36.290350+00:00,148.5,20,bid,BrilliantBurritos,WavyWalnuts,6814895
2026-07-04T09:13:37.220178,2026-07-04T09:13:37.227641+00:00,148.4,200,ask,YieldingYams,WavyWalnuts,6814912
2026-07-04T09:13:40.379269,2026-07-04T09:13:40.388627+00:00,148.3,20,ask,WavyWalnuts,BrilliantBurritos,6814949
2026-07-04T09:13:40.748982,2026-07-04T09:13:40.759669+00:00,148.3,180,ask,WavyWalnuts,YieldingYams,6814953
2026-07-04T09:13:40.840369,2026-07-04T09:13:40.858624+00:00,148.3,200,bid,WavyWalnuts,YieldingYams,6814955
2026-07-04T09:13:41.492152,2026-07-04T09:13:41.495796+00:00,148.1,11,ask,YieldingYams,Xuanyu Liu,6814971
2026-07-04T09:13:42.048794,2026-07-04T09:13:42.058579+00:00,148.3,200,bid,WavyWalnuts,YieldingYams,6814980
2026-07-04T09:13:42.067533,2026-07-04T09:13:42.103638+00:00,148.5,200,ask,YieldingYams,WavyWalnuts,6814982
2026-07-04T09:13:42.099509,2026-07-04T09:13:42.103638+00:00,148.5,23,ask,YieldingYams,Xuanyu Liu,6814985
2026-07-04T09:13:43.655334,2026-07-04T09:13:43.667027+00:00,148.4,10,ask,YieldingYams,Yashwanth Madan,6815007
2026-07-04T09:13:44.589970,2026-07-04T09:13:44.604883+00:00,148.4,10,ask,YieldingYams,Yashwanth Madan,6815021
2026-07-04T09:13:44.601277,2026-07-04T09:13:44.604883+00:00,148.6,11,bid,Xuanyu Liu,AverageAlmonds,6815023
2026-07-04T09:13:46.001744,2026-07-04T09:13:46.009305+00:00,148.3,200,ask,WavyWalnuts,YieldingYams,6815045
2026-07-04T09:13:46.020456,2026-07-04T09:13:46.024472+00:00,148.3,35,bid,Xuanyu Liu,YieldingYams,6815047
2026-07-04T09:13:46.041287,2026-07-04T09:13:46.050362+00:00,148.3,20,bid,Yashwanth Madan,YieldingYams,6815049
2026-07-04T09:13:46.282161,2026-07-04T09:13:46.289938+00:00,148.3,5,bid,Yashwanth Madan,YieldingYams,6815061
2026-07-04T09:13:47.820323,2026-07-04T09:13:47.824885+00:00,148.1,12,ask,WavyWalnuts,Xuanyu Liu,6815088
2026-07-04T09:13:48.627579,2026-07-04T09:13:48.635602+00:00,148.2,200,bid,YieldingYams,WavyWalnuts,6815100
2026-07-04T09:13:48.646668,2026-07-04T09:13:48.650825+00:00,148.3,23,ask,YieldingYams,Xuanyu Liu,6815102
2026-07-04T09:13:49.329875,2026-07-04T09:13:49.337213+00:00,148.3,200,ask,YieldingYams,WavyWalnuts,6815115
2026-07-04T09:13:49.480001,2026-07-04T09:13:49.487984+00:00,148.3,20,ask,YieldingYams,Yashwanth Madan,6815117
2026-07-04T09:13:49.731908,2026-07-04T09:13:49.742041+00:00,148.3,1,ask,YieldingYams,Yashwanth Madan,6815124
2026-07-04T09:13:50.852757,2026-07-04T09:13:50.864133+00:00,148.2,10,ask,WavyWalnuts,Yashwanth Madan,6815143
2026-07-04T09:13:50.930622,2026-07-04T09:13:50.935511+00:00,148.3,12,bid,Xuanyu Liu,YieldingYams,6815146
2026-07-04T09:13:51.063270,2026-07-04T09:13:51.070424+00:00,148.3,20,bid,Yashwanth Madan,YieldingYams,6815149
2026-07-04T09:13:56.605669,2026-07-04T09:13:56.609287+00:00,148.4,12,ask,WavyWalnuts,Xuanyu Liu,6815223
2026-07-04T09:13:57.269374,2026-07-04T09:13:57.277103+00:00,148.4,10,ask,WavyWalnuts,Yashwanth Madan,6815231
2026-07-04T09:13:57.786625,2026-07-04T09:13:57.795197+00:00,148.4,20,ask,WavyWalnuts,Yashwanth Madan,6815238
2026-07-04T09:13:58.142385,2026-07-04T09:13:58.158621+00:00,148.4,20,ask,YieldingYams,BrilliantBurritos,6815246
2026-07-04T09:13:58.607335,2026-07-04T09:13:58.615438+00:00,148.5,20,bid,BrilliantBurritos,WavyWalnuts,6815253
2026-07-04T09:14:01.991146,2026-07-04T09:14:01.999780+00:00,148.4,200,ask,WavyWalnuts,AverageAlmonds,6815287
2026-07-04T09:14:01.991146,2026-07-04T09:14:01.999780+00:00,148.4,300,ask,YieldingYams,AverageAlmonds,6815288
2026-07-04T09:14:03.280733,2026-07-04T09:14:03.291095+00:00,148.3,10,ask,WavyWalnuts,Yashwanth Madan,6815308
2026-07-04T09:14:07.485790,2026-07-04T09:14:07.495222+00:00,148.2,20,ask,WavyWalnuts,BrilliantBurritos,6815374
2026-07-04T09:14:11.138465,2026-07-04T09:14:11.145158+00:00,148.3,200,bid,WavyWalnuts,YieldingYams,6815421
2026-07-04T09:14:14.200531,2026-07-04T09:14:14.210949+00:00,148.3,10,ask,YieldingYams,Yashwanth Madan,6815470
2026-07-04T09:14:14.886408,2026-07-04T09:14:14.896943+00:00,148.4,200,bid,YieldingYams,WavyWalnuts,6815481
2026-07-04T09:14:14.902684,2026-07-04T09:14:14.906603+00:00,148.4,11,ask,YieldingYams,Xuanyu Liu,6815483
2026-07-04T09:14:15.874414,2026-07-04T09:14:15.884476+00:00,148.6,20,bid,BrilliantBurritos,YieldingYams,6815496
2026-07-04T09:14:16.263043,2026-07-04T09:14:16.274842+00:00,148.3,6,ask,WavyWalnuts,Yashwanth Madan,6815502
2026-07-04T09:14:16.295766,2026-07-04T09:14:16.299329+00:00,148.3,23,ask,WavyWalnuts,Xuanyu Liu,6815504
2026-07-04T09:14:17.195561,2026-07-04T09:14:17.205629+00:00,148.3,200,ask,YieldingYams,WavyWalnuts,6815530
2026-07-04T09:14:17.523511,2026-07-04T09:14:17.527088+00:00,148.4,11,ask,YieldingYams,Xuanyu Liu,6815537
2026-07-04T09:14:19.613840,2026-07-04T09:14:19.625076+00:00,148.4,200,ask,YieldingYams,WavyWalnuts,6815559
2026-07-04T09:14:26.848405,2026-07-04T09:14:26.858653+00:00,148.3,20,ask,YieldingYams,BrilliantBurritos,6815675
2026-07-04T09:14:29.287271,2026-07-04T09:14:29.295809+00:00,148.4,200,ask,YieldingYams,WavyWalnuts,6815706
2026-07-04T09:14:29.336895,2026-07-04T09:14:29.340308+00:00,148.3,23,bid,Xuanyu Liu,YieldingYams,6815710
2026-07-04T09:14:29.353276,2026-07-04T09:14:29.361187+00:00,148.3,20,bid,Yashwanth Madan,YieldingYams,6815712
2026-07-04T09:14:29.566236,2026-07-04T09:14:29.575513+00:00,148.3,20,bid,Yashwanth Madan,YieldingYams,6815716
2026-07-04T09:14:30.794684,2026-07-04T09:14:30.806131+00:00,148.2,20,ask,WavyWalnuts,BrilliantBurritos,6815742
2026-07-04T09:14:32.202077,2026-07-04T09:14:32.209206+00:00,148.2,20,ask,AverageAlmonds,BrilliantBurritos,6815761
2026-07-04T09:14:32.895303,2026-07-04T09:14:32.905773+00:00,148.3,200,bid,AverageAlmonds,WavyWalnuts,6815768
2026-07-04T09:14:32.895303,2026-07-04T09:14:32.905773+00:00,148.3,300,bid,AverageAlmonds,YieldingYams,6815769
2026-07-04T09:14:36.563015,2026-07-04T09:14:36.570851+00:00,148.4,200,bid,WavyWalnuts,YieldingYams,6815825
2026-07-04T09:14:41.954916,2026-07-04T09:14:41.968670+00:00,148.5,500,bid,AverageAlmonds,YieldingYams,6815891
2026-07-04T09:14:42.445875,2026-07-04T09:14:42.464212+00:00,148.5,200,bid,YieldingYams,WavyWalnuts,6815904
2026-07-04T09:14:42.613680,2026-07-04T09:14:42.620523+00:00,148.6,200,ask,YieldingYams,WavyWalnuts,6815907
2026-07-04T09:14:43.792938,2026-07-04T09:14:43.804175+00:00,148.6,500,ask,AverageAlmonds,YieldingYams,6815922
2026-07-04T09:14:45.029430,2026-07-04T09:14:45.040011+00:00,148.6,125,bid,WavyWalnuts,YieldingYams,6815943
2026-07-04T09:14:45.099855,2026-07-04T09:14:45.110224+00:00,148.8,200,bid,YieldingYams,WavyWalnuts,6815944
2026-07-04T09:14:45.894236,2026-07-04T09:14:45.903586+00:00,148.8,20,ask,YieldingYams,BrilliantBurritos,6815957
2026-07-04T09:14:46.238982,2026-07-04T09:14:46.249426+00:00,148.8,200,ask,YieldingYams,WavyWalnuts,6815963
2026-07-04T09:14:47.887054,2026-07-04T09:14:47.890935+00:00,148.8,22,bid,Xuanyu Liu,WavyWalnuts,6815984
2026-07-04T09:14:47.921400,2026-07-04T09:14:47.932316+00:00,148.8,20,bid,Yashwanth Madan,WavyWalnuts,6815987
2026-07-04T09:14:48.171906,2026-07-04T09:14:48.183376+00:00,148.8,20,bid,Yashwanth Madan,WavyWalnuts,6815994
2026-07-04T09:14:48.473044,2026-07-04T09:14:48.480291+00:00,148.8,2,bid,Yashwanth Madan,WavyWalnuts,6816000
2026-07-04T09:14:49.822765,2026-07-04T09:14:49.829233+00:00,148.8,500,bid,AverageAlmonds,YieldingYams,6816028
2026-07-04T09:14:49.860428,2026-07-04T09:14:49.869950+00:00,148.8,125,bid,WavyWalnuts,YieldingYams,6816031
2026-07-04T09:14:50.893909,2026-07-04T09:14:50.905498+00:00,149.0,20,bid,BrilliantBurritos,YieldingYams,6816045
2026-07-04T09:14:51.064158,2026-07-04T09:14:51.073995+00:00,149.0,500,bid,AverageAlmonds,YieldingYams,6816047
2026-07-04T09:14:51.655693,2026-07-04T09:14:51.658552+00:00,149.0,105,bid,AverageAlmonds,YieldingYams,6816055
2026-07-04T09:14:51.655693,2026-07-04T09:14:51.669214+00:00,149.0,200,bid,AverageAlmonds,WavyWalnuts,6816056
2026-07-04T09:14:53.525499,2026-07-04T09:14:53.532604+00:00,149.0,200,ask,YieldingYams,WavyWalnuts,6816082
2026-07-04T09:14:54.230304,2026-07-04T09:14:54.234988+00:00,149.2,12,bid,Xuanyu Liu,YieldingYams,6816098
2026-07-04T09:14:57.932848,2026-07-04T09:14:57.944350+00:00,149.1,20,ask,WavyWalnuts,BrilliantBurritos,6816147
2026-07-04T09:14:58.687863,2026-07-04T09:14:58.694419+00:00,149.1,20,ask,WavyWalnuts,BrilliantBurritos,6816160
2026-07-04T09:14:59.568898,2026-07-04T09:14:59.580395+00:00,149.1,180,ask,WavyWalnuts,YieldingYams,6816166
2026-07-04T09:15:00.564037,2026-07-04T09:15:00.567791+00:00,149.1,23,bid,Xuanyu Liu,YieldingYams,6816183
2026-07-04T09:15:03.381823,2026-07-04T09:15:03.393481+00:00,149.1,20,ask,YieldingYams,BrilliantBurritos,6816228
2026-07-04T09:15:03.947377,2026-07-04T09:15:03.958585+00:00,149.3,20,bid,BrilliantBurritos,WavyWalnuts,6816234
2026-07-04T09:15:08.766160,2026-07-04T09:15:08.775415+00:00,149.2,200,ask,WavyWalnuts,YieldingYams,6816310
2026-07-04T09:15:09.271525,2026-07-04T09:15:09.280350+00:00,149.2,200,bid,WavyWalnuts,YieldingYams,6816324
2026-07-04T09:15:10.458488,2026-07-04T09:15:10.468961+00:00,149.5,20,bid,BrilliantBurritos,WavyWalnuts,6816340
2026-07-04T09:15:12.901932,2026-07-04T09:15:12.912556+00:00,149.3,200,ask,YieldingYams,WavyWalnuts,6816380
2026-07-04T09:15:15.352764,2026-07-04T09:15:15.356560+00:00,149.3,11,bid,Xuanyu Liu,YieldingYams,6816420
2026-07-04T09:15:17.687190,2026-07-04T09:15:17.697081+00:00,149.2,200,bid,AverageAlmonds,WavyWalnuts,6816456
2026-07-04T09:15:17.687190,2026-07-04T09:15:17.697081+00:00,149.2,300,bid,AverageAlmonds,YieldingYams,6816457
2026-07-04T09:15:18.958539,2026-07-04T09:15:18.970203+00:00,149.1,200,ask,AverageAlmonds,WavyWalnuts,6816476
2026-07-04T09:15:19.579592,2026-07-04T09:15:19.583763+00:00,149.2,3,bid,Xuanyu Liu,YieldingYams,6816487
2026-07-04T09:15:20.173144,2026-07-04T09:15:20.184928+00:00,149.1,200,ask,AverageAlmonds,WavyWalnuts,6816494
2026-07-04T09:15:21.384737,2026-07-04T09:15:21.396254+00:00,149.2,200,ask,AverageAlmonds,WavyWalnuts,6816509
2026-07-04T09:15:22.593516,2026-07-04T09:15:22.601101+00:00,149.2,200,ask,AverageAlmonds,WavyWalnuts,6816527
2026-07-04T09:15:23.800344,2026-07-04T09:15:23.808571+00:00,149.3,200,ask,AverageAlmonds,WavyWalnuts,6816552
2026-07-04T09:15:25.658648,2026-07-04T09:15:25.670244+00:00,149.3,20,ask,WavyWalnuts,BrilliantBurritos,6816577
2026-07-04T09:15:26.216971,2026-07-04T09:15:26.226126+00:00,149.5,20,bid,BrilliantBurritos,YieldingYams,6816583
2026-07-04T09:15:27.421789,2026-07-04T09:15:27.430430+00:00,149.4,200,bid,WavyWalnuts,YieldingYams,6816600
2026-07-04T09:15:27.993113,2026-07-04T09:15:28.004260+00:00,149.4,425,bid,AverageAlmonds,YieldingYams,6816603
2026-07-04T09:15:28.631775,2026-07-04T09:15:28.639709+00:00,149.5,200,ask,YieldingYams,WavyWalnuts,6816615
2026-07-04T09:15:29.838243,2026-07-04T09:15:29.846430+00:00,149.5,200,ask,YieldingYams,WavyWalnuts,6816631
2026-07-04T09:15:30.775885,2026-07-04T09:15:30.787432+00:00,149.7,10,bid,Yashwanth Madan,YieldingYams,6816642
2026-07-04T09:15:30.954678,2026-07-04T09:15:30.964261+00:00,149.7,39,bid,Alan Niu,YieldingYams,6816645
2026-07-04T09:15:31.045004,2026-07-04T09:15:31.053294+00:00,149.6,200,ask,AverageAlmonds,WavyWalnuts,6816647
2026-07-04T09:15:31.072147,2026-07-04T09:15:31.083140+00:00,149.6,300,ask,AverageAlmonds,YieldingYams,6816648
2026-07-04T09:15:31.603501,2026-07-04T09:15:31.610244+00:00,149.5,325,bid,AverageAlmonds,YieldingYams,6816654
2026-07-04T09:15:32.252046,2026-07-04T09:15:32.258644+00:00,149.7,200,ask,AverageAlmonds,WavyWalnuts,6816659
2026-07-04T09:15:33.459470,2026-07-04T09:15:33.468905+00:00,149.7,200,ask,AverageAlmonds,WavyWalnuts,6816681
2026-07-04T09:15:34.342491,2026-07-04T09:15:34.358624+00:00,149.8,10,bid,Yashwanth Madan,YieldingYams,6816701
2026-07-04T09:15:34.352464,2026-07-04T09:15:34.358624+00:00,149.8,40,bid,Alan Niu,YieldingYams,6816702
2026-07-04T09:15:34.674706,2026-07-04T09:15:34.682609+00:00,149.7,200,ask,AverageAlmonds,WavyWalnuts,6816705
2026-07-04T09:15:35.884499,2026-07-04T09:15:35.892184+00:00,149.7,200,ask,YieldingYams,WavyWalnuts,6816717
2026-07-04T09:15:38.756252,2026-07-04T09:15:38.757488+00:00,149.6,20,ask,WavyWalnuts,Yashwanth Madan,6816764
2026-07-04T09:15:38.943115,2026-07-04T09:15:38.951512+00:00,149.6,180,ask,WavyWalnuts,YieldingYams,6816767
2026-07-04T09:15:38.943115,2026-07-04T09:15:38.951512+00:00,149.6,445,ask,AverageAlmonds,YieldingYams,6816768
2026-07-04T09:15:40.699188,2026-07-04T09:15:40.710803+00:00,149.6,50,ask,YieldingYams,Alan Niu,6816799
2026-07-04T09:15:40.740630,2026-07-04T09:15:40.747629+00:00,149.6,200,ask,YieldingYams,WavyWalnuts,6816802
2026-07-04T09:15:41.949946,2026-07-04T09:15:41.958534+00:00,149.7,200,ask,YieldingYams,WavyWalnuts,6816821
2026-07-04T09:15:42.482032,2026-07-04T09:15:42.493806+00:00,149.7,20,ask,YieldingYams,BrilliantBurritos,6816825
2026-07-04T09:15:42.744320,2026-07-04T09:15:42.758641+00:00,149.8,20,ask,AverageAlmonds,BrilliantBurritos,6816834
2026-07-04T09:15:43.157686,2026-07-04T09:15:43.169141+00:00,149.8,200,ask,AverageAlmonds,WavyWalnuts,6816839
2026-07-04T09:15:44.369480,2026-07-04T09:15:44.377011+00:00,149.8,200,ask,AverageAlmonds,WavyWalnuts,6816850
2026-07-04T09:15:44.927706,2026-07-04T09:15:44.938898+00:00,149.9,500,bid,AverageAlmonds,YieldingYams,6816859
2026-07-04T09:15:44.983501,2026-07-04T09:15:44.990427+00:00,149.7,29,ask,YieldingYams,Alan Niu,6816862
2026-07-04T09:15:45.531423,2026-07-04T09:15:45.536090+00:00,149.9,3,ask,YieldingYams,Xuanyu Liu,6816871
2026-07-04T09:15:45.582422,2026-07-04T09:15:45.593706+00:00,149.9,200,ask,YieldingYams,WavyWalnuts,6816873
2026-07-04T09:15:46.118982,2026-07-04T09:15:46.130470+00:00,149.9,20,ask,YieldingYams,BrilliantBurritos,6816879
2026-07-04T09:15:46.190278,2026-07-04T09:15:46.194175+00:00,150.0,11,ask,AverageAlmonds,Xuanyu Liu,6816883
2026-07-04T09:15:46.792798,2026-07-04T09:15:46.802512+00:00,150.0,200,ask,AverageAlmonds,WavyWalnuts,6816890
2026-07-04T09:15:46.888240,2026-07-04T09:15:46.900100+00:00,150.0,10,ask,AverageAlmonds,Yashwanth Madan,6816896
2026-07-04T09:15:47.386523,2026-07-04T09:15:47.390536+00:00,150.1,12,ask,AverageAlmonds,Xuanyu Liu,6816905
2026-07-04T09:15:48.004085,2026-07-04T09:15:48.014581+00:00,150.1,200,ask,AverageAlmonds,WavyWalnuts,6816919
2026-07-04T09:15:48.137886,2026-07-04T09:15:48.147813+00:00,150.1,300,ask,AverageAlmonds,YieldingYams,6816922
2026-07-04T09:15:48.159922,2026-07-04T09:15:48.164044+00:00,150.0,12,bid,Xuanyu Liu,YieldingYams,6816924
2026-07-04T09:15:48.315447,2026-07-04T09:15:48.326987+00:00,150.0,10,bid,Yashwanth Madan,YieldingYams,6816932
2026-07-04T09:15:48.565281,2026-07-04T09:15:48.575374+00:00,150.0,303,bid,AverageAlmonds,YieldingYams,6816936
2026-07-04T09:15:49.212885,2026-07-04T09:15:49.220609+00:00,150.1,200,ask,AverageAlmonds,WavyWalnuts,6816948
2026-07-04T09:15:50.423761,2026-07-04T09:15:50.430195+00:00,150.1,200,ask,AverageAlmonds,WavyWalnuts,6816969
2026-07-04T09:15:50.757876,2026-07-04T09:15:50.769693+00:00,150.1,300,ask,AverageAlmonds,YieldingYams,6816972
2026-07-04T09:15:52.068624,2026-07-04T09:15:52.075539+00:00,150.0,200,bid,YieldingYams,WavyWalnuts,6816998
2026-07-04T09:15:53.366598,2026-07-04T09:15:53.374956+00:00,150.0,10,ask,YieldingYams,Yashwanth Madan,6817015
2026-07-04T09:15:54.697645,2026-07-04T09:15:54.705630+00:00,150.2,200,bid,YieldingYams,WavyWalnuts,6817032
2026-07-04T09:15:55.463661,2026-07-04T09:15:55.475373+00:00,150.2,10,ask,YieldingYams,Yashwanth Madan,6817047
2026-07-04T09:15:56.481941,2026-07-04T09:15:56.488870+00:00,150.3,200,bid,WavyWalnuts,YieldingYams,6817059
2026-07-04T09:15:57.696888,2026-07-04T09:15:57.705828+00:00,150.3,200,bid,WavyWalnuts,YieldingYams,6817075
2026-07-04T09:16:02.554096,2026-07-04T09:16:02.564828+00:00,150.1,200,ask,YieldingYams,WavyWalnuts,6817145
2026-07-04T09:16:02.624543,2026-07-04T09:16:02.632515+00:00,150.1,20,bid,Yashwanth Madan,YieldingYams,6817148
2026-07-04T09:16:03.893528,2026-07-04T09:16:03.897541+00:00,150.1,11,bid,Xuanyu Liu,WavyWalnuts,6817167
2026-07-04T09:16:03.919590,2026-07-04T09:16:03.923853+00:00,150.0,3,bid,Xuanyu Liu,YieldingYams,6817169
2026-07-04T09:16:04.960254,2026-07-04T09:16:04.968978+00:00,150.0,10,bid,Yashwanth Madan,YieldingYams,6817179
2026-07-04T09:16:05.089846,2026-07-04T09:16:05.098349+00:00,150.0,36,bid,Alan Niu,YieldingYams,6817181
2026-07-04T09:16:05.771177,2026-07-04T09:16:05.780743+00:00,149.9,13,ask,YieldingYams,Alan Niu,6817194
2026-07-04T09:16:05.861712,2026-07-04T09:16:05.878386+00:00,150.0,10,bid,Yashwanth Madan,WavyWalnuts,6817197
2026-07-04T09:16:05.984026,2026-07-04T09:16:05.993076+00:00,150.0,40,bid,Alan Niu,WavyWalnuts,6817198
2026-07-04T09:16:07.107666,2026-07-04T09:16:07.111634+00:00,149.9,3,ask,YieldingYams,Xuanyu Liu,6817208
2026-07-04T09:16:07.247369,2026-07-04T09:16:07.258590+00:00,149.9,63,ask,YieldingYams,Alan Niu,6817209
2026-07-04T09:16:07.270710,2026-07-04T09:16:07.278192+00:00,149.9,20,ask,YieldingYams,Yashwanth Madan,6817211
2026-07-04T09:16:17.909206,2026-07-04T09:16:17.919692+00:00,150.1,10,ask,YieldingYams,Yashwanth Madan,6817377
2026-07-04T09:16:18.263645,2026-07-04T09:16:18.270438+00:00,150.3,20,bid,BrilliantBurritos,YieldingYams,6817379
2026-07-04T09:16:20.939164,2026-07-04T09:16:20.950307+00:00,150.2,200,bid,YieldingYams,WavyWalnuts,6817411
2026-07-04T09:16:22.250337,2026-07-04T09:16:22.256112+00:00,150.2,200,ask,WavyWalnuts,YieldingYams,6817430
2026-07-04T09:16:22.469310,2026-07-04T09:16:22.476882+00:00,150.1,10,bid,Yashwanth Madan,YieldingYams,6817435
2026-07-04T09:16:23.135012,2026-07-04T09:16:23.145834+00:00,150.1,200,bid,WavyWalnuts,YieldingYams,6817448
2026-07-04T09:16:23.574490,2026-07-04T09:16:23.578147+00:00,150.2,23,ask,YieldingYams,Xuanyu Liu,6817458
2026-07-04T09:16:24.886108,2026-07-04T09:16:24.897600+00:00,150.1,10,ask,YieldingYams,Yashwanth Madan,6817483
2026-07-04T09:16:25.332458,2026-07-04T09:16:25.344357+00:00,150.1,10,ask,YieldingYams,Yashwanth Madan,6817493
2026-07-04T09:16:26.018162,2026-07-04T09:16:26.029636+00:00,150.1,10,ask,YieldingYams,Yashwanth Madan,6817498
2026-07-04T09:16:26.171915,2026-07-04T09:16:26.179926+00:00,150.2,200,bid,YieldingYams,WavyWalnuts,6817501
2026-07-04T09:16:26.266114,2026-07-04T09:16:26.273925+00:00,150.2,20,ask,YieldingYams,Yashwanth Madan,6817503
2026-07-04T09:16:26.766867,2026-07-04T09:16:26.774504+00:00,150.2,200,ask,YieldingYams,WavyWalnuts,6817512
2026-07-04T09:16:26.966645,2026-07-04T09:16:26.973979+00:00,150.2,10,ask,YieldingYams,Yashwanth Madan,6817517
2026-07-04T09:16:27.675710,2026-07-04T09:16:27.686282+00:00,150.1,20,bid,Yashwanth Madan,YieldingYams,6817533
2026-07-04T09:16:27.972132,2026-07-04T09:16:27.979804+00:00,150.1,200,bid,WavyWalnuts,YieldingYams,6817534
2026-07-04T09:16:30.390775,2026-07-04T09:16:30.400797+00:00,149.9,200,ask,YieldingYams,WavyWalnuts,6817560
2026-07-04T09:16:34.969480,2026-07-04T09:16:34.979701+00:00,149.5,20,ask,YieldingYams,BrilliantBurritos,6817623
2026-07-04T09:16:38.830033,2026-07-04T09:16:38.841379+00:00,149.4,500,bid,AverageAlmonds,YieldingYams,6817683
2026-07-04T09:16:40.112740,2026-07-04T09:16:40.122878+00:00,149.4,200,ask,YieldingYams,WavyWalnuts,6817694
2026-07-04T09:16:44.811867,2026-07-04T09:16:44.823453+00:00,149.4,20,ask,YieldingYams,BrilliantBurritos,6817756
2026-07-04T09:16:47.177318,2026-07-04T09:16:47.181015+00:00,149.6,11,ask,YieldingYams,Xuanyu Liu,6817785
2026-07-04T09:16:48.176252,2026-07-04T09:16:48.180423+00:00,149.7,23,bid,Xuanyu Liu,WavyWalnuts,6817805
2026-07-04T09:16:50.343362,2026-07-04T09:16:50.366839+00:00,149.6,500,ask,YieldingYams,AverageAlmonds,6817842
2026-07-04T09:16:50.572708,2026-07-04T09:16:50.581947+00:00,149.8,20,bid,BrilliantBurritos,WavyWalnuts,6817850
2026-07-04T09:16:51.106553,2026-07-04T09:16:51.124428+00:00,149.5,200,ask,WavyWalnuts,YieldingYams,6817857
2026-07-04T09:16:51.120806,2026-07-04T09:16:51.124428+00:00,149.4,11,bid,Xuanyu Liu,YieldingYams,6817859
2026-07-04T09:16:51.129172,2026-07-04T09:16:51.145166+00:00,149.4,20,bid,Yashwanth Madan,YieldingYams,6817861
2026-07-04T09:16:51.377094,2026-07-04T09:16:51.393165+00:00,149.4,20,bid,Yashwanth Madan,YieldingYams,6817867
2026-07-04T09:16:51.389358,2026-07-04T09:16:51.393165+00:00,149.2,11,ask,YieldingYams,Xuanyu Liu,6817869
2026-07-04T09:16:52.215184,2026-07-04T09:16:52.225228+00:00,149.4,200,bid,WavyWalnuts,YieldingYams,6817891
2026-07-04T09:16:52.432869,2026-07-04T09:16:52.436713+00:00,149.5,35,ask,YieldingYams,Xuanyu Liu,6817899
2026-07-04T09:16:52.471312,2026-07-04T09:16:52.478257+00:00,149.5,20,ask,YieldingYams,Yashwanth Madan,6817901
2026-07-04T09:16:53.722855,2026-07-04T09:16:53.731843+00:00,149.6,200,bid,YieldingYams,WavyWalnuts,6817910
2026-07-04T09:16:53.761446,2026-07-04T09:16:53.765312+00:00,149.6,11,ask,YieldingYams,Xuanyu Liu,6817913
2026-07-04T09:16:54.501560,2026-07-04T09:16:54.505545+00:00,149.8,23,bid,Xuanyu Liu,AverageAlmonds,6817921
2026-07-04T09:16:54.887996,2026-07-04T09:16:54.891435+00:00,149.8,11,bid,Xuanyu Liu,AverageAlmonds,6817931
2026-07-04T09:16:55.006174,2026-07-04T09:16:55.017378+00:00,149.8,20,bid,Yashwanth Madan,AverageAlmonds,6817934
2026-07-04T09:16:55.208430,2026-07-04T09:16:55.211993+00:00,149.7,12,bid,Xuanyu Liu,AverageAlmonds,6817939
2026-07-04T09:16:58.964201,2026-07-04T09:16:58.974997+00:00,149.7,200,ask,WavyWalnuts,YieldingYams,6818001
2026-07-04T09:16:59.476725,2026-07-04T09:16:59.483552+00:00,149.5,200,bid,WavyWalnuts,YieldingYams,6818011
2026-07-04T09:17:04.832663,2026-07-04T09:17:04.839636+00:00,149.6,20,bid,BrilliantBurritos,YieldingYams,6818090
2026-07-04T09:17:06.079780,2026-07-04T09:17:06.089869+00:00,149.6,200,bid,AverageAlmonds,WavyWalnuts,6818112
2026-07-04T09:17:07.292748,2026-07-04T09:17:07.299471+00:00,149.7,200,bid,AverageAlmonds,WavyWalnuts,6818126
2026-07-04T09:17:07.931404,2026-07-04T09:17:07.942870+00:00,149.7,200,ask,AverageAlmonds,WavyWalnuts,6818137
2026-07-04T09:17:08.169116,2026-07-04T09:17:08.179407+00:00,149.7,300,ask,AverageAlmonds,YieldingYams,6818142
2026-07-04T09:17:09.142807,2026-07-04T09:17:09.149607+00:00,149.7,200,bid,WavyWalnuts,YieldingYams,6818164
2026-07-04T09:17:10.355111,2026-07-04T09:17:10.359108+00:00,149.8,200,bid,WavyWalnuts,YieldingYams,6818183
2026-07-04T09:17:17.351108,2026-07-04T09:17:17.358588+00:00,149.9,200,bid,YieldingYams,WavyWalnuts,6818291
2026-07-04T09:17:17.369367,2026-07-04T09:17:17.373412+00:00,149.9,12,ask,YieldingYams,Xuanyu Liu,6818294
2026-07-04T09:17:17.641525,2026-07-04T09:17:17.650724+00:00,149.9,10,ask,YieldingYams,Yashwanth Madan,6818301
2026-07-04T09:17:18.138727,2026-07-04T09:17:18.150182+00:00,149.9,20,ask,YieldingYams,BrilliantBurritos,6818307
2026-07-04T09:17:19.356723,2026-07-04T09:17:19.368506+00:00,150.0,20,bid,BrilliantBurritos,YieldingYams,6818326
2026-07-04T09:17:20.004038,2026-07-04T09:17:20.011439+00:00,150.1,500,ask,AverageAlmonds,YieldingYams,6818339
2026-07-04T09:17:20.580870,2026-07-04T09:17:20.587514+00:00,150.0,125,bid,AverageAlmonds,YieldingYams,6818348
2026-07-04T09:17:20.580870,2026-07-04T09:17:20.593019+00:00,150.0,200,bid,AverageAlmonds,WavyWalnuts,6818349
2026-07-04T09:17:21.258213,2026-07-04T09:17:21.269687+00:00,150.0,200,ask,AverageAlmonds,WavyWalnuts,6818360
2026-07-04T09:17:22.470083,2026-07-04T09:17:22.479769+00:00,150.1,200,ask,YieldingYams,WavyWalnuts,6818374
2026-07-04T09:17:22.637453,2026-07-04T09:17:22.641118+00:00,150.2,11,ask,YieldingYams,Xuanyu Liu,6818378
2026-07-04T09:17:22.647734,2026-07-04T09:17:22.656713+00:00,150.2,20,ask,YieldingYams,BrilliantBurritos,6818379
2026-07-04T09:17:23.681479,2026-07-04T09:17:23.689405+00:00,150.2,200,ask,YieldingYams,WavyWalnuts,6818400
2026-07-04T09:17:23.947446,2026-07-04T09:17:23.951632+00:00,150.3,11,bid,Xuanyu Liu,YieldingYams,6818403
2026-07-04T09:17:23.984257,2026-07-04T09:17:23.991946+00:00,150.3,10,bid,Yashwanth Madan,YieldingYams,6818405
2026-07-04T09:17:25.256146,2026-07-04T09:17:25.260036+00:00,150.2,12,bid,Xuanyu Liu,YieldingYams,6818428
2026-07-04T09:17:26.165845,2026-07-04T09:17:26.169657+00:00,150.2,11,bid,Xuanyu Liu,YieldingYams,6818439
2026-07-04T09:17:26.554413,2026-07-04T09:17:26.561643+00:00,150.1,200,ask,WavyWalnuts,YieldingYams,6818445
2026-07-04T09:17:26.572266,2026-07-04T09:17:26.575726+00:00,150.1,3,bid,Xuanyu Liu,YieldingYams,6818447
2026-07-04T09:17:28.185890,2026-07-04T09:17:28.197644+00:00,150.1,10,bid,Yashwanth Madan,YieldingYams,6818475
2026-07-04T09:17:28.299098,2026-07-04T09:17:28.307491+00:00,150.1,37,bid,Alan Niu,YieldingYams,6818476
2026-07-04T09:17:29.379381,2026-07-04T09:17:29.383177+00:00,149.9,3,ask,WavyWalnuts,Xuanyu Liu,6818505
2026-07-04T09:17:29.568857,2026-07-04T09:17:29.577008+00:00,149.9,37,ask,WavyWalnuts,Alan Niu,6818506
2026-07-04T09:17:29.588324,2026-07-04T09:17:29.598064+00:00,149.9,10,ask,WavyWalnuts,Yashwanth Madan,6818508
2026-07-04T09:17:29.756618,2026-07-04T09:17:29.761019+00:00,150.0,11,ask,WavyWalnuts,Xuanyu Liu,6818514
2026-07-04T09:17:34.411102,2026-07-04T09:17:34.417882+00:00,150.0,200,bid,YieldingYams,WavyWalnuts,6818594
2026-07-04T09:17:35.100331,2026-07-04T09:17:35.109967+00:00,150.2,20,bid,BrilliantBurritos,WavyWalnuts,6818605
2026-07-04T09:17:37.013128,2026-07-04T09:17:37.021187+00:00,150.1,200,ask,YieldingYams,WavyWalnuts,6818632
2026-07-04T09:17:40.067877,2026-07-04T09:17:40.079773+00:00,150.3,20,bid,BrilliantBurritos,WavyWalnuts,6818684
2026-07-04T09:17:43.627354,2026-07-04T09:17:43.635574+00:00,150.2,500,bid,YieldingYams,AverageAlmonds,6818735
2026-07-04T09:17:44.210091,2026-07-04T09:17:44.217972+00:00,150.2,125,ask,YieldingYams,AverageAlmonds,6818743
