timestamp,recv_time,price,volume,aggressor_side,buyer,seller,trade_id
2026-06-29T08:00:02.174115,2026-06-28T22:00:02.583741+00:00,100.3,200,ask,,,11625318
2026-06-29T08:00:02.174115,2026-06-28T22:00:02.583741+00:00,100.3,425,ask,,,11625319
2026-06-29T08:00:04.753838,2026-06-28T22:00:05.167864+00:00,100.3,200,ask,,,11625376
2026-06-29T08:00:07.021991,2026-06-28T22:00:07.431485+00:00,100.3,20,ask,,,11625414
2026-06-29T08:00:07.429734,2026-06-28T22:00:07.837714+00:00,100.4,200,bid,,,11625420
2026-06-29T08:00:07.497834,2026-06-28T22:00:07.903714+00:00,100.4,25,ask,,,11625421
2026-06-29T08:00:07.707205,2026-06-28T22:00:08.112714+00:00,100.4,25,ask,,,11625425
2026-06-29T08:00:07.921380,2026-06-28T22:00:08.332714+00:00,100.4,25,ask,,,11625430
2026-06-29T08:00:08.134363,2026-06-28T22:00:08.541224+00:00,100.4,25,ask,,,11625445
2026-06-29T08:00:08.345633,2026-06-28T22:00:08.761233+00:00,100.4,25,ask,,,11625453
2026-06-29T08:00:08.554215,2026-06-28T22:00:08.970233+00:00,100.4,25,ask,,,11625461
2026-06-29T08:00:08.746876,2026-06-28T22:00:09.157224+00:00,100.3,500,ask,,,11625463
2026-06-29T08:00:08.746876,2026-06-28T22:00:09.157224+00:00,100.3,125,ask,,,11625464
2026-06-29T08:00:10.056653,2026-06-28T22:00:10.466233+00:00,100.3,200,bid,,,11625487
2026-06-29T08:00:10.056653,2026-06-28T22:00:10.466233+00:00,100.5,9,bid,,,11625488
2026-06-29T08:00:10.117375,2026-06-28T22:00:10.532233+00:00,100.8,20,bid,,,11625490
2026-06-29T08:00:10.183779,2026-06-28T22:00:10.598224+00:00,100.6,25,ask,,,11625493
2026-06-29T08:00:10.396542,2026-06-28T22:00:10.807343+00:00,100.6,25,ask,,,11625509
2026-06-29T08:00:10.813766,2026-06-28T22:00:11.224233+00:00,100.6,200,ask,,,11625524
2026-06-29T08:00:12.680617,2026-06-28T22:00:13.092399+00:00,100.5,200,bid,,,11625563
2026-06-29T08:00:13.233534,2026-06-28T22:00:13.642383+00:00,100.5,200,ask,,,11625584
2026-06-29T08:00:17.931009,2026-06-28T22:00:18.337509+00:00,100.2,1,ask,,,11625667
2026-06-29T08:00:17.931009,2026-06-28T22:00:18.348509+00:00,100.2,200,ask,,,11625668
2026-06-29T08:00:18.080300,2026-06-28T22:00:18.491509+00:00,100.1,200,bid,,,11625670
2026-06-29T08:00:20.505451,2026-06-28T22:00:20.920018+00:00,100.1,200,ask,,,11625723
2026-06-29T08:00:20.554824,2026-06-28T22:00:20.964018+00:00,100.0,500,ask,,,11625724
2026-06-29T08:00:21.066902,2026-06-28T22:00:21.480018+00:00,100.0,125,bid,,,11625732
2026-06-29T08:00:21.715332,2026-06-28T22:00:22.128137+00:00,100.2,3,ask,,,11625742
2026-06-29T08:00:21.715332,2026-06-28T22:00:22.128137+00:00,100.0,197,ask,,,11625743
2026-06-29T08:00:22.927709,2026-06-28T22:00:23.337122+00:00,100.2,4,ask,,,11625769
2026-06-29T08:00:24.138095,2026-06-28T22:00:24.547178+00:00,100.1,200,ask,,,11625790
2026-06-29T08:00:24.710478,2026-06-28T22:00:25.119179+00:00,100.3,20,bid,,,11625799
2026-06-29T08:00:25.347172,2026-06-28T22:00:25.757188+00:00,100.1,6,ask,,,11625813
2026-06-29T08:00:25.347172,2026-06-28T22:00:25.757188+00:00,100.1,194,ask,,,11625814
2026-06-29T08:00:25.672397,2026-06-28T22:00:26.097727+00:00,100.1,150,ask,,,11625819
2026-06-29T08:00:25.693445,2026-06-28T22:00:26.108727+00:00,100.3,20,bid,,,11625820
2026-06-29T08:00:26.079005,2026-06-28T22:00:26.493727+00:00,100.2,20,bid,,,11625824
2026-06-29T08:00:27.131077,2026-06-28T22:00:27.538727+00:00,100.2,200,bid,,,11625845
2026-06-29T08:00:27.763483,2026-06-28T22:00:28.176272+00:00,100.2,200,ask,,,11625859
2026-06-29T08:00:28.449769,2026-06-28T22:00:28.858285+00:00,100.1,3,ask,,,11625875
2026-06-29T08:00:32.378941,2026-06-28T22:00:32.785294+00:00,100.0,4,ask,,,11625964
2026-06-29T08:00:32.378941,2026-06-28T22:00:32.796294+00:00,100.0,500,ask,,,11625965
2026-06-29T08:00:32.621266,2026-06-28T22:00:33.037407+00:00,100.0,121,bid,,,11625969
2026-06-29T08:00:33.830794,2026-06-28T22:00:34.247406+00:00,100.2,200,ask,,,11625994
2026-06-29T08:00:36.259194,2026-06-28T22:00:36.666970+00:00,100.2,200,ask,,,11626051
2026-06-29T08:00:38.933452,2026-06-28T22:00:39.348074+00:00,100.3,1,bid,,,11626110
2026-06-29T08:00:38.933452,2026-06-28T22:00:39.348074+00:00,100.3,200,bid,,,11626111
2026-06-29T08:00:42.288751,2026-06-28T22:00:42.702964+00:00,100.2,200,ask,,,11626174
2026-06-29T08:00:42.321625,2026-06-28T22:00:42.735964+00:00,100.2,200,bid,,,11626179
2026-06-29T08:00:42.869323,2026-06-28T22:00:43.285512+00:00,100.2,100,bid,,,11626191
2026-06-29T08:00:42.903373,2026-06-28T22:00:43.318512+00:00,100.3,500,ask,,,11626193
2026-06-29T08:00:43.367771,2026-06-28T22:00:43.780521+00:00,100.4,1,bid,,,11626211
2026-06-29T08:00:43.367771,2026-06-28T22:00:43.780521+00:00,100.4,19,bid,,,11626212
2026-06-29T08:00:43.483324,2026-06-28T22:00:43.890521+00:00,100.3,25,ask,,,11626213
2026-06-29T08:00:43.529353,2026-06-28T22:00:43.945521+00:00,100.3,200,bid,,,11626215
2026-06-29T08:00:44.737810,2026-06-28T22:00:45.144532+00:00,100.2,200,bid,,,11626245
2026-06-29T08:00:45.945511,2026-06-28T22:00:46.352769+00:00,100.2,200,bid,,,11626264
2026-06-29T08:00:47.742759,2026-06-28T22:00:48.155412+00:00,100.2,20,ask,,,11626299
2026-06-29T08:00:50.788307,2026-06-28T22:00:51.201261+00:00,100.2,200,bid,,,11626364
2026-06-29T08:00:52.000062,2026-06-28T22:00:52.411380+00:00,100.2,200,bid,,,11626389
2026-06-29T08:00:54.129086,2026-06-28T22:00:54.544039+00:00,100.1,20,ask,,,11626419
2026-06-29T08:00:54.441433,2026-06-28T22:00:54.852039+00:00,100.2,200,bid,,,11626425
2026-06-29T08:00:57.297869,2026-06-28T22:00:57.711595+00:00,100.3,2,bid,,,11626486
2026-06-29T08:00:57.297869,2026-06-28T22:00:57.711595+00:00,100.3,200,bid,,,11626487
2026-06-29T08:01:01.235673,2026-06-28T22:01:01.647328+00:00,100.4,3,bid,,,11626550
2026-06-29T08:01:01.235673,2026-06-28T22:01:01.647328+00:00,100.4,200,bid,,,11626551
2026-06-29T08:01:01.711782,2026-06-28T22:01:02.120337+00:00,100.5,3,bid,,,11626562
2026-06-29T08:01:01.711782,2026-06-28T22:01:02.120337+00:00,100.5,197,bid,,,11626563
2026-06-29T08:01:01.777619,2026-06-28T22:01:02.186337+00:00,100.5,20,bid,,,11626566
2026-06-29T08:01:02.247932,2026-06-28T22:01:02.659460+00:00,100.4,422,ask,,,11626582
2026-06-29T08:01:02.922446,2026-06-28T22:01:03.329143+00:00,100.3,200,bid,,,11626597
2026-06-29T08:01:04.134619,2026-06-28T22:01:04.550147+00:00,100.3,200,ask,,,11626623
2026-06-29T08:01:11.756283,2026-06-28T22:01:12.170806+00:00,100.0,2,ask,,,11626779
2026-06-29T08:01:11.922193,2026-06-28T22:01:12.346806+00:00,100.0,25,bid,,,11626782
2026-06-29T08:01:12.132020,2026-06-28T22:01:12.544810+00:00,100.0,25,bid,,,11626784
2026-06-29T08:01:12.341944,2026-06-28T22:01:12.753810+00:00,100.0,25,bid,,,11626790
2026-06-29T08:01:12.558294,2026-06-28T22:01:12.972920+00:00,100.0,25,bid,,,11626794
2026-06-29T08:01:12.767751,2026-06-28T22:01:13.181919+00:00,100.0,1,bid,,,11626806
2026-06-29T08:01:13.777870,2026-06-28T22:01:14.192929+00:00,100.1,3,bid,,,11626824
2026-06-29T08:01:13.929369,2026-06-28T22:01:14.335929+00:00,100.1,200,bid,,,11626831
2026-06-29T08:01:13.986346,2026-06-28T22:01:14.401928+00:00,100.1,3,bid,,,11626834
2026-06-29T08:01:14.190033,2026-06-28T22:01:14.599438+00:00,100.1,20,bid,,,11626842
2026-06-29T08:01:14.378530,2026-06-28T22:01:14.786439+00:00,100.1,200,bid,,,11626844
2026-06-29T08:01:16.999846,2026-06-28T22:01:17.414162+00:00,100.0,200,ask,,,11626890
2026-06-29T08:01:17.397637,2026-06-28T22:01:17.810043+00:00,100.0,425,bid,,,11626893
2026-06-29T08:01:17.452344,2026-06-28T22:01:17.864111+00:00,100.0,75,ask,,,11626896
2026-06-29T08:01:17.452344,2026-06-28T22:01:17.864111+00:00,99.9,6,ask,,,11626897
2026-06-29T08:01:17.615117,2026-06-28T22:01:18.028120+00:00,99.9,25,bid,,,11626900
2026-06-29T08:01:17.825042,2026-06-28T22:01:18.237229+00:00,99.9,25,bid,,,11626905
2026-06-29T08:01:17.994625,2026-06-28T22:01:18.413229+00:00,99.9,69,bid,,,11626912
2026-06-29T08:01:18.659263,2026-06-28T22:01:19.073120+00:00,100.0,10,ask,,,11626926
2026-06-29T08:01:18.659263,2026-06-28T22:01:19.073120+00:00,100.0,190,ask,,,11626927
2026-06-29T08:01:19.209458,2026-06-28T22:01:19.623114+00:00,100.1,500,bid,,,11626938
2026-06-29T08:01:19.874206,2026-06-28T22:01:20.283133+00:00,100.1,200,ask,,,11626956
2026-06-29T08:01:21.082561,2026-06-28T22:01:21.493133+00:00,100.2,200,ask,,,11626976
2026-06-29T08:01:22.256278,2026-06-28T22:01:22.670133+00:00,100.2,500,ask,,,11626999
2026-06-29T08:01:23.502538,2026-06-28T22:01:23.910348+00:00,100.1,200,ask,,,11627024
2026-06-29T08:01:23.568105,2026-06-28T22:01:23.987253+00:00,100.3,1,bid,,,11627027
2026-06-29T08:01:24.708624,2026-06-28T22:01:25.131239+00:00,100.3,200,ask,,,11627045
2026-06-29T08:01:25.778220,2026-06-28T22:01:26.186815+00:00,100.1,20,ask,,,11627062
2026-06-29T08:01:25.916232,2026-06-28T22:01:26.329815+00:00,100.1,200,ask,,,11627067
2026-06-29T08:01:26.969560,2026-06-28T22:01:27.385815+00:00,100.1,25,ask,,,11627094
2026-06-29T08:01:27.002139,2026-06-28T22:01:27.407814+00:00,100.1,25,ask,,,11627097
2026-06-29T08:01:27.033718,2026-06-28T22:01:27.440806+00:00,100.1,25,ask,,,11627104
2026-06-29T08:01:27.074618,2026-06-28T22:01:27.495815+00:00,100.2,500,bid,,,11627105
2026-06-29T08:01:27.129029,2026-06-28T22:01:27.539815+00:00,100.0,6,ask,,,11627111
2026-06-29T08:01:27.129029,2026-06-28T22:01:27.539815+00:00,100.0,194,ask,,,11627112
2026-06-29T08:01:27.506890,2026-06-28T22:01:27.923885+00:00,100.2,50,ask,,,11627117
2026-06-29T08:01:27.648945,2026-06-28T22:01:28.055885+00:00,100.2,10,ask,,,11627121
2026-06-29T08:01:27.987547,2026-06-28T22:01:28.397003+00:00,100.2,20,ask,,,11627132
2026-06-29T08:01:28.337405,2026-06-28T22:01:28.749003+00:00,100.2,200,ask,,,11627143
2026-06-29T08:01:28.812906,2026-06-28T22:01:29.220884+00:00,100.2,500,ask,,,11627147
2026-06-29T08:01:28.912739,2026-06-28T22:01:29.330893+00:00,100.1,125,bid,,,11627148
2026-06-29T08:01:29.552925,2026-06-28T22:01:29.968884+00:00,100.2,200,ask,,,11627162
2026-06-29T08:01:29.868861,2026-06-28T22:01:30.276884+00:00,100.2,25,ask,,,11627171
2026-06-29T08:01:30.082283,2026-06-28T22:01:30.496893+00:00,100.2,25,ask,,,11627179
2026-06-29T08:01:30.123244,2026-06-28T22:01:30.529893+00:00,100.3,2,bid,,,11627182
2026-06-29T08:01:30.153725,2026-06-28T22:01:30.562893+00:00,100.3,75,ask,,,11627187
2026-06-29T08:01:30.291200,2026-06-28T22:01:30.705893+00:00,100.3,25,ask,,,11627191
2026-06-29T08:01:30.763827,2026-06-28T22:01:31.178003+00:00,100.3,200,ask,,,11627197
2026-06-29T08:01:31.974447,2026-06-28T22:01:32.387893+00:00,100.2,200,ask,,,11627225
2026-06-29T08:01:32.769356,2026-06-28T22:01:33.178946+00:00,100.2,500,ask,,,11627244
2026-06-29T08:01:33.181206,2026-06-28T22:01:33.596946+00:00,100.2,125,bid,,,11627252
2026-06-29T08:01:33.377783,2026-06-28T22:01:33.783946+00:00,100.4,3,bid,,,11627256
2026-06-29T08:01:33.377783,2026-06-28T22:01:33.794946+00:00,100.4,17,bid,,,11627257
2026-06-29T08:01:36.126357,2026-06-28T22:01:36.532679+00:00,100.3,200,bid,,,11627294
2026-06-29T08:01:36.515733,2026-06-28T22:01:36.928079+00:00,100.3,25,bid,,,11627305
2026-06-29T08:01:36.726359,2026-06-28T22:01:37.137079+00:00,100.3,25,bid,,,11627313
2026-06-29T08:01:36.821723,2026-06-28T22:01:37.236079+00:00,100.3,200,bid,,,11627317
2026-06-29T08:01:36.936428,2026-06-28T22:01:37.346079+00:00,100.3,2,bid,,,11627323
2026-06-29T08:01:37.924573,2026-06-28T22:01:38.334338+00:00,100.3,20,bid,,,11627335
2026-06-29T08:01:44.566538,2026-06-28T22:01:44.976768+00:00,100.2,200,ask,,,11627453
2026-06-29T08:01:44.648013,2026-06-28T22:01:45.064779+00:00,100.2,425,bid,,,11627454
2026-06-29T08:01:45.302386,2026-06-28T22:01:45.713788+00:00,100.2,200,ask,,,11627472
2026-06-29T08:01:46.516586,2026-06-28T22:01:46.923829+00:00,100.3,200,ask,,,11627486
2026-06-29T08:01:48.765873,2026-06-28T22:01:49.177892+00:00,100.3,25,bid,,,11627537
2026-06-29T08:01:48.974196,2026-06-28T22:01:49.386890+00:00,100.3,25,bid,,,11627544
2026-06-29T08:01:49.183064,2026-06-28T22:01:49.595900+00:00,100.3,25,bid,,,11627546
2026-06-29T08:01:50.162345,2026-06-28T22:01:50.574900+00:00,100.2,10,bid,,,11627567
2026-06-29T08:01:51.360793,2026-06-28T22:01:51.773891+00:00,100.1,4,ask,,,11627599
2026-06-29T08:01:51.360793,2026-06-28T22:01:51.773891+00:00,100.1,196,ask,,,11627600
2026-06-29T08:01:51.668065,2026-06-28T22:01:52.081891+00:00,100.1,20,ask,,,11627608
2026-06-29T08:01:52.451165,2026-06-28T22:01:52.862008+00:00,100.2,45,ask,,,11627619
2026-06-29T08:01:52.480116,2026-06-28T22:01:52.895008+00:00,100.2,10,ask,,,11627621
2026-06-29T08:01:55.139427,2026-06-28T22:01:55.545541+00:00,100.2,20,bid,,,11627678
2026-06-29T08:01:56.230111,2026-06-28T22:01:56.645091+00:00,100.2,90,ask,,,11627696
2026-06-29T08:01:56.387603,2026-06-28T22:01:56.799091+00:00,100.2,110,ask,,,11627698
2026-06-29T08:01:56.387603,2026-06-28T22:01:56.810091+00:00,100.1,4,ask,,,11627699
2026-06-29T08:01:58.404275,2026-06-28T22:01:58.810851+00:00,100.0,2,ask,,,11627755
2026-06-29T08:01:58.404275,2026-06-28T22:01:58.821851+00:00,100.0,23,ask,,,11627756
2026-06-29T08:01:58.615577,2026-06-28T22:01:59.030851+00:00,100.0,25,ask,,,11627760
2026-06-29T08:01:58.825562,2026-06-28T22:01:59.239851+00:00,100.0,4,ask,,,11627764
2026-06-29T08:01:58.825562,2026-06-28T22:01:59.239851+00:00,100.0,21,ask,,,11627765
2026-06-29T08:01:59.019831,2026-06-28T22:01:59.426843+00:00,100.0,179,ask,,,11627771
2026-06-29T08:01:59.019831,2026-06-28T22:01:59.437842+00:00,99.9,446,ask,,,11627772
2026-06-29T08:02:00.038945,2026-06-28T22:02:00.449865+00:00,100.0,25,ask,,,11627790
2026-06-29T08:02:00.248993,2026-06-28T22:02:00.658864+00:00,100.0,25,ask,,,11627795
2026-06-29T08:02:00.342859,2026-06-28T22:02:00.757864+00:00,100.1,23,ask,,,11627798
2026-06-29T08:02:01.059072,2026-06-28T22:02:01.472855+00:00,100.1,200,ask,,,11627802
2026-06-29T08:02:05.274077,2026-06-28T22:02:05.694684+00:00,100.1,25,ask,,,11627885
2026-06-29T08:02:05.499451,2026-06-28T22:02:05.914684+00:00,100.1,25,ask,,,11627889
2026-06-29T08:02:05.552990,2026-06-28T22:02:05.969684+00:00,100.1,450,ask,,,11627891
2026-06-29T08:02:05.911920,2026-06-28T22:02:06.320838+00:00,100.1,175,bid,,,11627899
2026-06-29T08:02:06.859385,2026-06-28T22:02:07.266838+00:00,100.3,9,bid,,,11627917
2026-06-29T08:02:06.859385,2026-06-28T22:02:07.266838+00:00,100.3,200,bid,,,11627918
2026-06-29T08:02:06.869189,2026-06-28T22:02:07.288838+00:00,100.3,32,ask,,,11627920
2026-06-29T08:02:07.123650,2026-06-28T22:02:07.530829+00:00,100.3,200,ask,,,11627925
2026-06-29T08:02:08.329760,2026-06-28T22:02:08.740401+00:00,100.3,200,bid,,,11627947
2026-06-29T08:02:11.296090,2026-06-28T22:02:11.709920+00:00,100.3,20,ask,,,11628011
2026-06-29T08:02:11.968700,2026-06-28T22:02:12.380929+00:00,100.3,200,ask,,,11628025
2026-06-29T08:02:13.174412,2026-06-28T22:02:13.590094+00:00,100.3,200,bid,,,11628038
2026-06-29T08:02:13.524772,2026-06-28T22:02:13.931103+00:00,100.3,4,ask,,,11628041
2026-06-29T08:02:13.739428,2026-06-28T22:02:14.151103+00:00,100.3,4,ask,,,11628050
2026-06-29T08:02:15.588915,2026-06-28T22:02:16.001613+00:00,100.4,6,bid,,,11628083
2026-06-29T08:02:15.588915,2026-06-28T22:02:16.001613+00:00,100.4,194,bid,,,11628084
2026-06-29T08:02:16.059083,2026-06-28T22:02:16.474168+00:00,100.4,5,bid,,,11628089
2026-06-29T08:02:16.957756,2026-06-28T22:02:17.376168+00:00,100.4,9,ask,,,11628113
2026-06-29T08:02:17.173681,2026-06-28T22:02:17.585159+00:00,100.4,2,ask,,,11628124
2026-06-29T08:02:18.012757,2026-06-28T22:02:18.429922+00:00,100.4,200,bid,,,11628133
2026-06-29T08:02:18.628792,2026-06-28T22:02:19.045934+00:00,100.2,20,ask,,,11628154
2026-06-29T08:02:19.096572,2026-06-28T22:02:19.506934+00:00,100.3,20,ask,,,11628160
2026-06-29T08:02:20.407947,2026-06-28T22:02:20.826816+00:00,100.3,20,ask,,,11628184
2026-06-29T08:02:21.341851,2026-06-28T22:02:21.750836+00:00,100.4,200,bid,,,11628198
2026-06-29T08:02:21.341851,2026-06-28T22:02:21.750836+00:00,100.5,2,bid,,,11628199
2026-06-29T08:02:21.791017,2026-06-28T22:02:22.200836+00:00,100.5,1,ask,,,11628206
2026-06-29T08:02:22.654752,2026-06-28T22:02:23.068518+00:00,100.5,200,ask,,,11628222
2026-06-29T08:02:22.848867,2026-06-28T22:02:23.255518+00:00,100.4,200,bid,,,11628225
2026-06-29T08:02:30.149560,2026-06-28T22:02:30.555711+00:00,100.4,200,ask,,,11628388
2026-06-29T08:02:31.834560,2026-06-28T22:02:32.249711+00:00,100.4,200,ask,,,11628413
2026-06-29T08:02:33.145768,2026-06-28T22:02:33.558805+00:00,100.2,6,ask,,,11628434
2026-06-29T08:02:33.145768,2026-06-28T22:02:33.558805+00:00,100.1,200,ask,,,11628435
2026-06-29T08:02:35.763811,2026-06-28T22:02:36.175913+00:00,100.1,200,bid,,,11628481
2026-06-29T08:02:36.200145,2026-06-28T22:02:36.615914+00:00,100.1,200,ask,,,11628492
2026-06-29T08:02:38.619483,2026-06-28T22:02:39.035171+00:00,100.1,200,bid,,,11628530
2026-06-29T08:02:42.604562,2026-06-28T22:02:43.016371+00:00,100.0,5,ask,,,11628603
2026-06-29T08:02:42.604562,2026-06-28T22:02:43.016371+00:00,100.0,15,ask,,,11628604
2026-06-29T08:02:45.517463,2026-06-28T22:02:45.931379+00:00,100.0,5,ask,,,11628645
2026-06-29T08:02:45.517463,2026-06-28T22:02:45.931379+00:00,100.0,15,ask,,,11628646
2026-06-29T08:02:48.882690,2026-06-28T22:02:49.292993+00:00,100.0,4,ask,,,11628718
2026-06-29T08:02:48.882690,2026-06-28T22:02:49.303993+00:00,100.0,200,ask,,,11628719
2026-06-29T08:02:49.452287,2026-06-28T22:02:49.865002+00:00,100.0,421,bid,,,11628723
2026-06-29T08:02:50.191473,2026-06-28T22:02:50.602002+00:00,100.1,200,bid,,,11628743
2026-06-29T08:02:52.818727,2026-06-28T22:02:53.230560+00:00,100.2,200,ask,,,11628795
2026-06-29T08:02:58.063639,2026-06-28T22:02:58.475567+00:00,100.2,200,bid,,,11628880
2026-06-29T08:02:58.063639,2026-06-28T22:02:58.475567+00:00,100.3,6,bid,,,11628881
2026-06-29T08:03:00.690074,2026-06-28T22:03:01.104566+00:00,100.4,8,bid,,,11628920
2026-06-29T08:03:00.690074,2026-06-28T22:03:01.104566+00:00,100.4,200,bid,,,11628921
2026-06-29T08:03:01.069912,2026-06-28T22:03:01.478576+00:00,100.4,3,ask,,,11628923
2026-06-29T08:03:02.005198,2026-06-28T22:03:02.424587+00:00,100.3,200,ask,,,11628936
2026-06-29T08:03:02.072068,2026-06-28T22:03:02.479587+00:00,100.3,20,bid,,,11628937
2026-06-29T08:03:05.127060,2026-06-28T22:03:05.534663+00:00,100.2,20,ask,,,11628981
2026-06-29T08:03:05.189375,2026-06-28T22:03:05.600672+00:00,100.3,200,bid,,,11628982
2026-06-29T08:03:05.189375,2026-06-28T22:03:05.611663+00:00,100.3,300,bid,,,11628983
2026-06-29T08:03:07.248451,2026-06-28T22:03:07.656479+00:00,100.4,200,bid,,,11629018
2026-06-29T08:03:07.248451,2026-06-28T22:03:07.656479+00:00,100.5,4,bid,,,11629019
2026-06-29T08:03:07.655062,2026-06-28T22:03:08.063135+00:00,100.6,200,ask,,,11629029
2026-06-29T08:03:08.583986,2026-06-28T22:03:08.998144+00:00,100.5,148,bid,,,11629051
2026-06-29T08:03:09.869281,2026-06-28T22:03:10.285157+00:00,100.4,2,bid,,,11629071
2026-06-29T08:03:10.070564,2026-06-28T22:03:10.483149+00:00,100.4,200,ask,,,11629073
2026-06-29T08:03:11.177443,2026-06-28T22:03:11.594149+00:00,100.3,500,ask,,,11629094
2026-06-29T08:03:11.196508,2026-06-28T22:03:11.605148+00:00,100.3,20,bid,,,11629096
2026-06-29T08:03:11.238630,2026-06-28T22:03:11.649148+00:00,100.3,105,bid,,,11629097
2026-06-29T08:03:13.729150,2026-06-28T22:03:14.143732+00:00,100.5,200,bid,,,11629136
2026-06-29T08:03:14.891797,2026-06-28T22:03:15.298623+00:00,100.4,500,bid,,,11629155
2026-06-29T08:03:14.939094,2026-06-28T22:03:15.353623+00:00,100.4,125,bid,,,11629157
2026-06-29T08:03:15.124250,2026-06-28T22:03:15.540614+00:00,100.6,200,bid,,,11629161
2026-06-29T08:03:15.140867,2026-06-28T22:03:15.551614+00:00,100.7,148,ask,,,11629164
2026-06-29T08:03:16.150964,2026-06-28T22:03:16.574195+00:00,100.7,200,ask,,,11629180
2026-06-29T08:03:17.519265,2026-06-28T22:03:17.935973+00:00,100.6,25,bid,,,11629209
2026-06-29T08:03:17.729316,2026-06-28T22:03:18.144973+00:00,100.6,25,bid,,,11629213
2026-06-29T08:03:17.747195,2026-06-28T22:03:18.155974+00:00,100.6,5,bid,,,11629214
2026-06-29T08:03:17.859796,2026-06-28T22:03:18.276973+00:00,100.7,20,bid,,,11629215
2026-06-29T08:03:18.617762,2026-06-28T22:03:19.024974+00:00,100.7,4,bid,,,11629236
2026-06-29T08:03:18.617762,2026-06-28T22:03:19.035974+00:00,100.7,16,bid,,,11629237
2026-06-29T08:03:19.059203,2026-06-28T22:03:19.475974+00:00,100.7,184,bid,,,11629244
2026-06-29T08:03:21.747056,2026-06-28T22:03:22.159973+00:00,100.7,25,bid,,,11629300
2026-06-29T08:03:21.955903,2026-06-28T22:03:22.368964+00:00,100.7,25,bid,,,11629313
2026-06-29T08:03:22.177310,2026-06-28T22:03:22.588127+00:00,100.7,9,bid,,,11629317
2026-06-29T08:03:24.653791,2026-06-28T22:03:25.083826+00:00,100.6,200,ask,,,11629343
2026-06-29T08:03:25.860375,2026-06-28T22:03:26.271376+00:00,100.6,200,ask,,,11629370
2026-06-29T08:03:28.273857,2026-06-28T22:03:28.691094+00:00,100.6,200,bid,,,11629410
2026-06-29T08:03:29.536184,2026-06-28T22:03:29.944612+00:00,100.5,200,bid,,,11629433
2026-06-29T08:03:31.837533,2026-06-28T22:03:32.254620+00:00,100.6,20,bid,,,11629474
2026-06-29T08:03:37.084782,2026-06-28T22:03:37.500796+00:00,100.3,2,ask,,,11629560
2026-06-29T08:03:37.084782,2026-06-28T22:03:37.500796+00:00,100.3,18,ask,,,11629561
2026-06-29T08:03:38.286740,2026-06-28T22:03:38.699472+00:00,100.5,20,bid,,,11629572
2026-06-29T08:03:39.126386,2026-06-28T22:03:39.535472+00:00,100.5,180,bid,,,11629589
2026-06-29T08:03:39.617008,2026-06-28T22:03:40.030472+00:00,100.6,25,bid,,,11629599
2026-06-29T08:03:39.824644,2026-06-28T22:03:40.239472+00:00,100.6,25,bid,,,11629608
2026-06-29T08:03:40.034749,2026-06-28T22:03:40.448472+00:00,100.6,25,bid,,,11629613
2026-06-29T08:03:41.358557,2026-06-28T22:03:41.779493+00:00,100.6,500,ask,,,11629635
2026-06-29T08:03:43.976676,2026-06-28T22:03:44.386041+00:00,100.7,1,bid,,,11629681
2026-06-29T08:03:43.976676,2026-06-28T22:03:44.386041+00:00,100.7,200,bid,,,11629682
2026-06-29T08:03:44.046967,2026-06-28T22:03:44.463040+00:00,100.7,3,ask,,,11629686
2026-06-29T08:03:46.603938,2026-06-28T22:03:47.014154+00:00,100.6,500,ask,,,11629738
2026-06-29T08:03:46.603938,2026-06-28T22:03:47.014154+00:00,100.6,125,ask,,,11629739
2026-06-29T08:03:47.912418,2026-06-28T22:03:48.321846+00:00,100.8,200,bid,,,11629753
2026-06-29T08:03:47.912418,2026-06-28T22:03:48.321846+00:00,100.8,3,bid,,,11629754
2026-06-29T08:03:48.845714,2026-06-28T22:03:49.267845+00:00,100.8,200,ask,,,11629769
2026-06-29T08:03:53.678531,2026-06-28T22:03:54.085477+00:00,100.8,5,bid,,,11629851
2026-06-29T08:03:53.678531,2026-06-28T22:03:54.096476+00:00,100.8,195,bid,,,11629852
2026-06-29T08:03:55.478407,2026-06-28T22:03:55.889477+00:00,100.7,25,ask,,,11629879
2026-06-29T08:03:55.687039,2026-06-28T22:03:56.098025+00:00,100.7,25,ask,,,11629882
2026-06-29T08:03:55.802217,2026-06-28T22:03:56.219026+00:00,100.8,200,bid,,,11629884
2026-06-29T08:03:55.802217,2026-06-28T22:03:56.219026+00:00,100.8,4,bid,,,11629885
2026-06-29T08:03:55.898113,2026-06-28T22:03:56.318025+00:00,100.8,25,ask,,,11629890
2026-06-29T08:03:56.111136,2026-06-28T22:03:56.527025+00:00,100.8,25,ask,,,11629903
2026-06-29T08:03:58.524252,2026-06-28T22:03:58.946151+00:00,100.7,200,ask,,,11629947
2026-06-29T08:03:59.055450,2026-06-28T22:03:59.463151+00:00,100.7,20,ask,,,11629955
2026-06-29T08:04:00.083701,2026-06-28T22:04:00.497171+00:00,100.6,10,ask,,,11629973
2026-06-29T08:04:00.083701,2026-06-28T22:04:00.497171+00:00,100.6,10,ask,,,11629974
2026-06-29T08:04:02.154733,2026-06-28T22:04:02.564704+00:00,100.7,200,ask,,,11630024
2026-06-29T08:04:04.576126,2026-06-28T22:04:04.995262+00:00,100.7,200,ask,,,11630066
2026-06-29T08:04:06.342903,2026-06-28T22:04:06.754822+00:00,100.7,25,bid,,,11630085
2026-06-29T08:04:06.552623,2026-06-28T22:04:06.985822+00:00,100.7,25,bid,,,11630091
2026-06-29T08:04:06.763124,2026-06-28T22:04:07.172821+00:00,100.7,25,bid,,,11630093
2026-06-29T08:04:07.005669,2026-06-28T22:04:07.425821+00:00,100.7,25,bid,,,11630098
2026-06-29T08:04:07.512054,2026-06-28T22:04:07.919508+00:00,100.7,20,bid,,,11630104
2026-06-29T08:04:08.217510,2026-06-28T22:04:08.634507+00:00,100.6,200,ask,,,11630112
2026-06-29T08:04:09.427222,2026-06-28T22:04:09.840498+00:00,100.7,200,bid,,,11630127
2026-06-29T08:04:10.635443,2026-06-28T22:04:11.050508+00:00,100.8,200,bid,,,11630145
2026-06-29T08:04:11.036889,2026-06-28T22:04:11.446507+00:00,100.6,20,ask,,,11630157
2026-06-29T08:04:11.844880,2026-06-28T22:04:12.260507+00:00,100.7,200,bid,,,11630166
2026-06-29T08:04:16.682682,2026-06-28T22:04:17.089242+00:00,100.6,200,bid,,,11630244
2026-06-29T08:04:18.984461,2026-06-28T22:04:19.397040+00:00,100.6,20,bid,,,11630284
2026-06-29T08:04:19.102242,2026-06-28T22:04:19.518040+00:00,100.5,200,ask,,,11630290
2026-06-29T08:04:20.325123,2026-06-28T22:04:20.739060+00:00,100.6,200,ask,,,11630306
2026-06-29T08:04:23.975103,2026-06-28T22:04:24.389879+00:00,100.6,200,ask,,,11630391
2026-06-29T08:04:24.936007,2026-06-28T22:04:25.346880+00:00,100.5,1,ask,,,11630410
2026-06-29T08:04:24.936007,2026-06-28T22:04:25.346880+00:00,100.5,19,ask,,,11630411
2026-06-29T08:04:25.182197,2026-06-28T22:04:25.632879+00:00,100.5,200,ask,,,11630416
2026-06-29T08:04:26.336454,2026-06-28T22:04:26.754429+00:00,100.6,500,bid,,,11630445
2026-06-29T08:04:26.391898,2026-06-28T22:04:26.809429+00:00,100.5,2,ask,,,11630447
2026-06-29T08:04:26.928425,2026-06-28T22:04:27.337420+00:00,100.5,198,bid,,,11630456
2026-06-29T08:04:26.928425,2026-06-28T22:04:27.337420+00:00,100.6,125,bid,,,11630457
2026-06-29T08:04:27.283432,2026-06-28T22:04:27.700429+00:00,100.8,4,bid,,,11630464
2026-06-29T08:04:27.599760,2026-06-28T22:04:28.007102+00:00,100.8,200,ask,,,11630476
2026-06-29T08:04:30.077120,2026-06-28T22:04:30.494102+00:00,100.8,200,bid,,,11630535
2026-06-29T08:04:31.236074,2026-06-28T22:04:31.648636+00:00,100.9,2,bid,,,11630555
2026-06-29T08:04:32.444170,2026-06-28T22:04:32.858768+00:00,101.0,200,bid,,,11630576
2026-06-29T08:04:33.829221,2026-06-28T22:04:34.245203+00:00,101.0,8,bid,,,11630602
2026-06-29T08:04:33.829221,2026-06-28T22:04:34.245203+00:00,101.1,200,bid,,,11630603
2026-06-29T08:04:33.841533,2026-06-28T22:04:34.256203+00:00,101.2,150,ask,,,11630605
2026-06-29T08:04:33.857743,2026-06-28T22:04:34.267203+00:00,101.2,4,ask,,,11630606
2026-06-29T08:04:33.870430,2026-06-28T22:04:34.289203+00:00,101.2,4,ask,,,11630610
2026-06-29T08:04:34.070493,2026-06-28T22:04:34.487203+00:00,101.2,25,ask,,,11630612
2026-06-29T08:04:34.233750,2026-06-28T22:04:34.641203+00:00,101.2,4,ask,,,11630622
2026-06-29T08:04:34.287957,2026-06-28T22:04:34.696203+00:00,101.2,25,ask,,,11630623
2026-06-29T08:04:34.498065,2026-06-28T22:04:34.905203+00:00,101.2,25,ask,,,11630637
2026-06-29T08:04:34.708049,2026-06-28T22:04:35.125203+00:00,101.2,21,ask,,,11630642
2026-06-29T08:04:35.150129,2026-06-28T22:04:35.565203+00:00,101.1,200,ask,,,11630655
2026-06-29T08:04:36.349924,2026-06-28T22:04:36.797243+00:00,101.1,150,bid,,,11630673
2026-06-29T08:04:37.350794,2026-06-28T22:04:37.765243+00:00,101.1,25,bid,,,11630691
2026-06-29T08:04:37.560757,2026-06-28T22:04:37.974349+00:00,101.1,25,bid,,,11630694
2026-06-29T08:04:37.783838,2026-06-28T22:04:38.194350+00:00,101.1,25,bid,,,11630701
2026-06-29T08:04:37.993470,2026-06-28T22:04:38.403349+00:00,101.1,25,bid,,,11630705
2026-06-29T08:04:39.318550,2026-06-28T22:04:39.734349+00:00,101.1,20,bid,,,11630729
2026-06-29T08:04:41.702031,2026-06-28T22:04:42.110350+00:00,100.8,200,ask,,,11630761
2026-06-29T08:04:41.724408,2026-06-28T22:04:42.132350+00:00,100.8,5,bid,,,11630763
2026-06-29T08:04:44.544869,2026-06-28T22:04:44.958662+00:00,100.8,200,ask,,,11630816
2026-06-29T08:04:46.964774,2026-06-28T22:04:47.378789+00:00,100.8,200,ask,,,11630865
2026-06-29T08:04:49.419269,2026-06-28T22:04:49.830730+00:00,100.8,25,ask,,,11630920
2026-06-29T08:04:49.633203,2026-06-28T22:04:50.050739+00:00,100.8,25,ask,,,11630930
2026-06-29T08:04:55.453797,2026-06-28T22:04:55.869368+00:00,100.8,200,ask,,,11631039
2026-06-29T08:04:57.404772,2026-06-28T22:04:57.816418+00:00,100.8,200,ask,,,11631076
2026-06-29T08:04:57.869211,2026-06-28T22:04:58.276923+00:00,100.8,200,bid,,,11631084
2026-06-29T08:04:58.716508,2026-06-28T22:04:59.123924+00:00,101.0,500,bid,,,11631104
2026-06-29T08:04:58.723355,2026-06-28T22:04:59.134924+00:00,101.0,125,ask,,,11631105
2026-06-29T08:04:59.893672,2026-06-28T22:05:00.300924+00:00,101.0,20,bid,,,11631119
2026-06-29T08:05:00.243321,2026-06-28T22:05:00.652923+00:00,100.9,200,ask,,,11631125
2026-06-29T08:05:01.700973,2026-06-28T22:05:02.115944+00:00,100.9,12,bid,,,11631155
2026-06-29T08:05:01.730349,2026-06-28T22:05:02.137944+00:00,100.9,12,bid,,,11631157
2026-06-29T08:05:01.760359,2026-06-28T22:05:02.170944+00:00,100.9,12,bid,,,11631159
2026-06-29T08:05:01.789940,2026-06-28T22:05:02.203944+00:00,100.9,4,bid,,,11631161
2026-06-29T08:05:02.090255,2026-06-28T22:05:02.500944+00:00,100.8,20,ask,,,11631168
2026-06-29T08:05:02.684400,2026-06-28T22:05:03.094068+00:00,100.8,180,ask,,,11631185
2026-06-29T08:05:02.684400,2026-06-28T22:05:03.094068+00:00,100.8,320,ask,,,11631186
2026-06-29T08:05:03.278227,2026-06-28T22:05:03.699079+00:00,100.8,305,ask,,,11631200
2026-06-29T08:05:03.278227,2026-06-28T22:05:03.699079+00:00,100.8,195,ask,,,11631201
2026-06-29T08:05:03.880397,2026-06-28T22:05:04.293079+00:00,100.8,5,ask,,,11631214
2026-06-29T08:05:03.936588,2026-06-28T22:05:04.348079+00:00,100.8,200,bid,,,11631216
2026-06-29T08:05:03.953156,2026-06-28T22:05:04.370080+00:00,100.7,2,ask,,,11631217
2026-06-29T08:05:03.966473,2026-06-28T22:05:04.381078+00:00,100.5,4,bid,,,11631219
2026-06-29T08:05:04.843093,2026-06-28T22:05:05.250088+00:00,100.4,4,ask,,,11631238
2026-06-29T08:05:06.580291,2026-06-28T22:05:06.989649+00:00,100.5,20,bid,,,11631281
2026-06-29T08:05:06.902093,2026-06-28T22:05:07.330183+00:00,100.4,4,ask,,,11631283
2026-06-29T08:05:06.902093,2026-06-28T22:05:07.330183+00:00,100.4,16,ask,,,11631284
2026-06-29T08:05:09.191959,2026-06-28T22:05:09.605890+00:00,100.4,3,ask,,,11631329
2026-06-29T08:05:09.191959,2026-06-28T22:05:09.605890+00:00,100.4,200,ask,,,11631330
2026-06-29T08:05:09.191959,2026-06-28T22:05:09.605890+00:00,100.3,422,ask,,,11631331
2026-06-29T08:05:09.458704,2026-06-28T22:05:09.869891+00:00,100.3,20,ask,,,11631339
2026-06-29T08:05:09.730778,2026-06-28T22:05:10.144891+00:00,100.5,3,ask,,,11631346
2026-06-29T08:05:09.992548,2026-06-28T22:05:10.408891+00:00,100.6,21,ask,,,11631351
2026-06-29T08:05:10.021250,2026-06-28T22:05:10.430891+00:00,100.6,50,ask,,,11631353
2026-06-29T08:05:10.078185,2026-06-28T22:05:10.485891+00:00,100.6,25,ask,,,11631354
2026-06-29T08:05:10.287332,2026-06-28T22:05:10.694891+00:00,100.6,25,ask,,,11631358
2026-06-29T08:05:10.496935,2026-06-28T22:05:10.903891+00:00,100.6,25,ask,,,11631364
2026-06-29T08:05:10.706309,2026-06-28T22:05:11.123891+00:00,100.6,25,ask,,,11631375
2026-06-29T08:05:10.844234,2026-06-28T22:05:11.255891+00:00,100.8,20,bid,,,11631377
2026-06-29T08:05:10.914851,2026-06-28T22:05:11.321891+00:00,100.6,8,ask,,,11631379
2026-06-29T08:05:11.200890,2026-06-28T22:05:11.607891+00:00,100.6,200,ask,,,11631387
2026-06-29T08:05:13.119968,2026-06-28T22:05:13.531676+00:00,100.6,200,ask,,,11631437
2026-06-29T08:05:14.833010,2026-06-28T22:05:15.247666+00:00,100.5,2,ask,,,11631471
2026-06-29T08:05:14.833010,2026-06-28T22:05:15.247666+00:00,100.5,198,ask,,,11631472
2026-06-29T08:05:16.041861,2026-06-28T22:05:16.457233+00:00,100.6,200,ask,,,11631501
2026-06-29T08:05:17.247506,2026-06-28T22:05:17.656263+00:00,100.6,200,bid,,,11631530
2026-06-29T08:05:17.261160,2026-06-28T22:05:17.678262+00:00,100.5,6,ask,,,11631532
2026-06-29T08:05:17.261160,2026-06-28T22:05:17.678262+00:00,100.5,14,ask,,,11631533
2026-06-29T08:05:20.908034,2026-06-28T22:05:21.318400+00:00,100.6,200,ask,,,11631624
2026-06-29T08:05:21.007467,2026-06-28T22:05:21.417406+00:00,100.6,300,ask,,,11631626
2026-06-29T08:05:21.428648,2026-06-28T22:05:21.846406+00:00,100.6,325,bid,,,11631633
2026-06-29T08:05:22.067618,2026-06-28T22:05:22.484406+00:00,100.7,38,ask,,,11631650
2026-06-29T08:05:22.121763,2026-06-28T22:05:22.550406+00:00,100.7,200,ask,,,11631655
2026-06-29T08:05:23.327908,2026-06-28T22:05:23.737963+00:00,100.8,200,ask,,,11631685
2026-06-29T08:05:23.748881,2026-06-28T22:05:24.155955+00:00,100.8,3,ask,,,11631693
2026-06-29T08:05:24.538299,2026-06-28T22:05:24.947963+00:00,100.8,200,ask,,,11631718
2026-06-29T08:05:24.933125,2026-06-28T22:05:25.343963+00:00,100.9,3,bid,,,11631723
2026-06-29T08:05:25.747712,2026-06-28T22:05:26.168308+00:00,100.9,200,ask,,,11631737
2026-06-29T08:05:26.954898,2026-06-28T22:05:27.367308+00:00,100.7,200,ask,,,11631748
2026-06-29T08:05:27.791398,2026-06-28T22:05:28.202596+00:00,100.7,20,ask,,,11631771
2026-06-29T08:05:28.162783,2026-06-28T22:05:28.576605+00:00,100.7,200,ask,,,11631777
2026-06-29T08:05:29.372476,2026-06-28T22:05:29.786605+00:00,100.7,200,ask,,,11631806
2026-06-29T08:05:30.189022,2026-06-28T22:05:30.600617+00:00,100.7,500,ask,,,11631819
2026-06-29T08:05:30.494868,2026-06-28T22:05:30.908626+00:00,100.7,125,bid,,,11631829
2026-06-29T08:05:30.582522,2026-06-28T22:05:30.996617+00:00,100.8,200,ask,,,11631832
2026-06-29T08:05:31.790709,2026-06-28T22:05:32.205618+00:00,100.9,200,ask,,,11631874
2026-06-29T08:05:33.005011,2026-06-28T22:05:33.415209+00:00,100.9,200,ask,,,11631893
2026-06-29T08:05:34.214712,2026-06-28T22:05:34.625219+00:00,100.8,200,ask,,,11631905
2026-06-29T08:05:36.636540,2026-06-28T22:05:37.044787+00:00,100.9,200,bid,,,11631954
2026-06-29T08:05:38.662653,2026-06-28T22:05:39.078410+00:00,100.9,20,bid,,,11631993
2026-06-29T08:05:39.357756,2026-06-28T22:05:39.771410+00:00,100.8,200,ask,,,11632012
2026-06-29T08:05:40.668361,2026-06-28T22:05:41.080401+00:00,100.7,7,ask,,,11632032
2026-06-29T08:05:40.668361,2026-06-28T22:05:41.080401+00:00,100.7,200,ask,,,11632033
2026-06-29T08:05:41.469538,2026-06-28T22:05:41.883409+00:00,100.7,200,bid,,,11632055
2026-06-29T08:05:41.977617,2026-06-28T22:05:42.389409+00:00,100.9,200,bid,,,11632067
2026-06-29T08:05:42.679528,2026-06-28T22:05:43.092969+00:00,100.9,200,ask,,,11632078
2026-06-29T08:05:44.598171,2026-06-28T22:05:45.006495+00:00,100.8,200,ask,,,11632109
2026-06-29T08:05:46.306997,2026-06-28T22:05:46.722535+00:00,100.8,200,bid,,,11632145
2026-06-29T08:05:47.519028,2026-06-28T22:05:47.931237+00:00,100.8,200,bid,,,11632163
2026-06-29T08:05:49.763148,2026-06-28T22:05:50.175223+00:00,100.7,20,ask,,,11632204
2026-06-29T08:05:52.373805,2026-06-28T22:05:52.782224+00:00,100.7,200,ask,,,11632268
2026-06-29T08:05:53.583948,2026-06-28T22:05:53.991781+00:00,100.8,200,bid,,,11632285
2026-06-29T08:05:54.791507,2026-06-28T22:05:55.201781+00:00,100.7,200,ask,,,11632307
2026-06-29T08:05:55.595477,2026-06-28T22:05:56.004781+00:00,100.6,4,ask,,,11632318
2026-06-29T08:05:57.696683,2026-06-28T22:05:58.115029+00:00,100.6,8,ask,,,11632358
2026-06-29T08:05:57.696683,2026-06-28T22:05:58.115029+00:00,100.6,200,ask,,,11632359
2026-06-29T08:05:59.005531,2026-06-28T22:05:59.416041+00:00,100.6,200,bid,,,11632385
2026-06-29T08:05:59.643163,2026-06-28T22:06:00.054041+00:00,100.6,200,ask,,,11632400
2026-06-29T08:06:00.992140,2026-06-28T22:06:01.407049+00:00,100.6,20,bid,,,11632429
2026-06-29T08:06:01.394084,2026-06-28T22:06:01.814049+00:00,100.6,180,bid,,,11632433
2026-06-29T08:06:01.630105,2026-06-28T22:06:02.045049+00:00,100.6,320,ask,,,11632437
2026-06-29T08:06:01.630105,2026-06-28T22:06:02.045049+00:00,100.5,1,ask,,,11632438
2026-06-29T08:06:01.990542,2026-06-28T22:06:02.408049+00:00,100.5,304,bid,,,11632445
2026-06-29T08:06:02.226613,2026-06-28T22:06:02.639049+00:00,100.6,2,ask,,,11632451
2026-06-29T08:06:04.490825,2026-06-28T22:06:04.904630+00:00,100.7,200,ask,,,11632487
2026-06-29T08:06:06.643663,2026-06-28T22:06:07.059726+00:00,100.6,10,ask,,,11632528
2026-06-29T08:06:07.854889,2026-06-28T22:06:08.267942+00:00,100.7,5,ask,,,11632550
2026-06-29T08:06:09.487246,2026-06-28T22:06:09.906951+00:00,100.8,200,bid,,,11632598
2026-06-29T08:06:10.547888,2026-06-28T22:06:10.962971+00:00,100.8,200,ask,,,11632615
2026-06-29T08:06:10.800255,2026-06-28T22:06:11.215971+00:00,100.7,500,ask,,,11632620
2026-06-29T08:06:11.058646,2026-06-28T22:06:11.468971+00:00,100.6,125,bid,,,11632628
2026-06-29T08:06:11.269619,2026-06-28T22:06:11.677971+00:00,100.6,1,ask,,,11632635
2026-06-29T08:06:13.358590,2026-06-28T22:06:13.767529+00:00,100.6,20,ask,,,11632687
2026-06-29T08:06:14.685909,2026-06-28T22:06:15.098530+00:00,100.8,2,ask,,,11632709
2026-06-29T08:06:17.345107,2026-06-28T22:06:17.760125+00:00,100.9,2,bid,,,11632779
2026-06-29T08:06:17.345107,2026-06-28T22:06:17.760125+00:00,101.0,200,bid,,,11632780
2026-06-29T08:06:17.792078,2026-06-28T22:06:18.209383+00:00,101.1,200,bid,,,11632789
2026-06-29T08:06:19.004261,2026-06-28T22:06:19.419383+00:00,101.0,200,bid,,,11632814
2026-06-29T08:06:20.005169,2026-06-28T22:06:20.420383+00:00,100.9,1,bid,,,11632841
2026-06-29T08:06:21.420379,2026-06-28T22:06:21.828403+00:00,101.1,2,bid,,,11632868
2026-06-29T08:06:21.420379,2026-06-28T22:06:21.839403+00:00,101.1,198,bid,,,11632869
2026-06-29T08:06:24.307578,2026-06-28T22:06:24.719465+00:00,100.8,20,ask,,,11632925
2026-06-29T08:06:26.549803,2026-06-28T22:06:26.963052+00:00,100.9,200,ask,,,11632967
2026-06-29T08:06:26.882451,2026-06-28T22:06:27.293052+00:00,100.9,20,bid,,,11632975
2026-06-29T08:06:27.474172,2026-06-28T22:06:27.886653+00:00,100.9,200,bid,,,11632996
2026-06-29T08:06:28.684931,2026-06-28T22:06:29.096763+00:00,101.0,200,ask,,,11633016
2026-06-29T08:06:29.899058,2026-06-28T22:06:30.306653+00:00,101.0,200,ask,,,11633041
2026-06-29T08:06:31.109673,2026-06-28T22:06:31.527653+00:00,100.9,200,ask,,,11633059
2026-06-29T08:06:32.317863,2026-06-28T22:06:32.726653+00:00,100.9,200,ask,,,11633084
2026-06-29T08:06:34.410739,2026-06-28T22:06:34.826221+00:00,100.9,200,bid,,,11633134
2026-06-29T08:06:34.410739,2026-06-28T22:06:34.826221+00:00,101.0,1,bid,,,11633135
2026-06-29T08:06:34.410739,2026-06-28T22:06:34.826221+00:00,101.0,424,bid,,,11633136
2026-06-29T08:06:35.948369,2026-06-28T22:06:36.376299+00:00,100.8,200,ask,,,11633158
2026-06-29T08:06:39.662107,2026-06-28T22:06:40.071577+00:00,100.8,200,bid,,,11633232
2026-06-29T08:06:40.786490,2026-06-28T22:06:41.204568+00:00,100.8,200,ask,,,11633246
2026-06-29T08:06:40.975607,2026-06-28T22:06:41.391576+00:00,100.7,5,ask,,,11633248
2026-06-29T08:06:41.627821,2026-06-28T22:06:42.040576+00:00,100.6,20,ask,,,11633257
2026-06-29T08:06:41.993490,2026-06-28T22:06:42.403576+00:00,100.7,200,bid,,,11633265
2026-06-29T08:06:43.590656,2026-06-28T22:06:44.008377+00:00,100.8,200,bid,,,11633293
2026-06-29T08:06:43.590656,2026-06-28T22:06:44.008377+00:00,101.0,4,bid,,,11633294
2026-06-29T08:06:43.590656,2026-06-28T22:06:44.008377+00:00,101.0,421,bid,,,11633295
2026-06-29T08:06:48.048068,2026-06-28T22:06:48.462159+00:00,100.8,200,bid,,,11633383
2026-06-29T08:06:48.836313,2026-06-28T22:06:49.253683+00:00,100.8,500,bid,,,11633398
2026-06-29T08:06:49.196363,2026-06-28T22:06:49.605693+00:00,100.8,125,ask,,,11633408
2026-06-29T08:06:49.256890,2026-06-28T22:06:49.671693+00:00,100.6,1,ask,,,11633411
2026-06-29T08:06:52.967576,2026-06-28T22:06:53.378179+00:00,100.5,1,ask,,,11633490
2026-06-29T08:06:55.303823,2026-06-28T22:06:55.721179+00:00,100.5,1,ask,,,11633546
2026-06-29T08:07:00.146173,2026-06-28T22:07:00.559850+00:00,100.4,200,bid,,,11633647
2026-06-29T08:07:02.546287,2026-06-28T22:07:02.957407+00:00,100.5,200,ask,,,11633684
2026-06-29T08:07:03.147226,2026-06-28T22:07:03.562407+00:00,100.4,500,ask,,,11633700
2026-06-29T08:07:03.260470,2026-06-28T22:07:03.672399+00:00,100.4,200,ask,,,11633702
2026-06-29T08:07:03.260470,2026-06-28T22:07:03.672399+00:00,100.3,1,ask,,,11633703
2026-06-29T08:07:03.779997,2026-06-28T22:07:04.189406+00:00,100.2,200,bid,,,11633712
2026-06-29T08:07:03.929452,2026-06-28T22:07:04.343406+00:00,100.2,20,bid,,,11633714
2026-06-29T08:07:04.993167,2026-06-28T22:07:05.410406+00:00,100.2,200,bid,,,11633744
2026-06-29T08:07:08.631589,2026-06-28T22:07:09.049284+00:00,100.1,200,bid,,,11633822
2026-06-29T08:07:11.046608,2026-06-28T22:07:11.458296+00:00,100.1,200,bid,,,11633868
2026-06-29T08:07:12.447913,2026-06-28T22:07:12.865857+00:00,100.2,200,bid,,,11633899
2026-06-29T08:07:14.581576,2026-06-28T22:07:14.998500+00:00,100.3,50,bid,,,11633933
2026-06-29T08:07:15.022263,2026-06-28T22:07:15.438391+00:00,100.3,25,bid,,,11633937
2026-06-29T08:07:15.067414,2026-06-28T22:07:15.493391+00:00,100.3,475,bid,,,11633938
2026-06-29T08:07:15.067414,2026-06-28T22:07:15.493391+00:00,100.4,150,bid,,,11633939
2026-06-29T08:07:15.179079,2026-06-28T22:07:15.592391+00:00,100.4,20,bid,,,11633942
2026-06-29T08:07:15.251925,2026-06-28T22:07:15.669383+00:00,100.2,200,ask,,,11633945
2026-06-29T08:07:15.274588,2026-06-28T22:07:15.691382+00:00,100.2,75,bid,,,11633948
2026-06-29T08:07:15.885012,2026-06-28T22:07:16.295492+00:00,100.2,200,bid,,,11633963
2026-06-29T08:07:17.111528,2026-06-28T22:07:17.527492+00:00,100.1,200,bid,,,11633978
2026-06-29T08:07:17.683883,2026-06-28T22:07:18.098159+00:00,100.2,500,bid,,,11633988
2026-06-29T08:07:17.832873,2026-06-28T22:07:18.241160+00:00,100.2,25,ask,,,11633993
2026-06-29T08:07:18.268574,2026-06-28T22:07:18.681171+00:00,100.2,100,ask,,,11633999
2026-06-29T08:07:18.321345,2026-06-28T22:07:18.736171+00:00,100.2,200,bid,,,11634001
2026-06-29T08:07:19.532269,2026-06-28T22:07:19.946180+00:00,100.0,11,bid,,,11634017
2026-06-29T08:07:19.532269,2026-06-28T22:07:19.946180+00:00,100.1,189,bid,,,11634018
2026-06-29T08:07:20.297923,2026-06-28T22:07:20.716179+00:00,100.1,25,bid,,,11634027
2026-06-29T08:07:20.297923,2026-06-28T22:07:20.716179+00:00,100.2,500,bid,,,11634028
2026-06-29T08:07:20.706876,2026-06-28T22:07:21.123180+00:00,100.2,100,ask,,,11634036
2026-06-29T08:07:20.852464,2026-06-28T22:07:21.266180+00:00,100.1,25,bid,,,11634041
2026-06-29T08:07:20.855358,2026-06-28T22:07:21.266180+00:00,100.1,75,bid,,,11634042
2026-06-29T08:07:21.064092,2026-06-28T22:07:21.475179+00:00,100.1,25,bid,,,11634045
2026-06-29T08:07:21.276074,2026-06-28T22:07:21.695179+00:00,100.1,25,bid,,,11634052
2026-06-29T08:07:21.314939,2026-06-28T22:07:21.728180+00:00,100.0,200,ask,,,11634053
2026-06-29T08:07:21.956125,2026-06-28T22:07:22.366171+00:00,100.0,200,bid,,,11634062
2026-06-29T08:07:23.122302,2026-06-28T22:07:23.542271+00:00,99.9,500,ask,,,11634089
2026-06-29T08:07:23.721879,2026-06-28T22:07:24.136262+00:00,100.0,200,ask,,,11634103
2026-06-29T08:07:23.721879,2026-06-28T22:07:24.136262+00:00,99.9,125,ask,,,11634104
2026-06-29T08:07:24.226892,2026-06-28T22:07:24.642270+00:00,99.7,5,ask,,,11634115
2026-06-29T08:07:24.374775,2026-06-28T22:07:24.785271+00:00,99.5,200,bid,,,11634117
2026-06-29T08:07:25.583901,2026-06-28T22:07:25.995271+00:00,99.6,200,bid,,,11634138
2026-06-29T08:07:26.792047,2026-06-28T22:07:27.204833+00:00,99.6,200,bid,,,11634163
2026-06-29T08:07:29.614704,2026-06-28T22:07:30.029613+00:00,99.6,20,ask,,,11634215
2026-06-29T08:07:30.424790,2026-06-28T22:07:30.832623+00:00,99.7,200,bid,,,11634228
2026-06-29T08:07:31.635576,2026-06-28T22:07:32.061635+00:00,99.7,200,bid,,,11634240
2026-06-29T08:07:32.844690,2026-06-28T22:07:33.258201+00:00,99.8,200,bid,,,11634279
2026-06-29T08:07:34.913216,2026-06-28T22:07:35.325735+00:00,99.8,25,bid,,,11634327
2026-06-29T08:07:35.122850,2026-06-28T22:07:35.534736+00:00,99.8,25,bid,,,11634329
2026-06-29T08:07:35.333274,2026-06-28T22:07:35.743746+00:00,99.8,25,bid,,,11634335
2026-06-29T08:07:35.557111,2026-06-28T22:07:35.974754+00:00,99.8,25,bid,,,11634345
2026-06-29T08:07:35.767401,2026-06-28T22:07:36.183374+00:00,99.8,4,bid,,,11634350
2026-06-29T08:07:36.179062,2026-06-28T22:07:36.601374+00:00,99.8,4,bid,,,11634358
2026-06-29T08:07:36.389198,2026-06-28T22:07:36.799374+00:00,99.7,20,ask,,,11634360
2026-06-29T08:07:36.591368,2026-06-28T22:07:37.008374+00:00,99.8,4,bid,,,11634364
2026-06-29T08:07:37.374489,2026-06-28T22:07:37.800374+00:00,99.8,196,bid,,,11634384
2026-06-29T08:07:37.374489,2026-06-28T22:07:37.800374+00:00,99.9,3,bid,,,11634385
2026-06-29T08:07:37.374489,2026-06-28T22:07:37.800374+00:00,100.0,426,bid,,,11634386
2026-06-29T08:07:38.686328,2026-06-28T22:07:39.096639+00:00,99.7,200,ask,,,11634404
2026-06-29T08:07:38.686328,2026-06-28T22:07:39.096639+00:00,99.6,4,ask,,,11634405
2026-06-29T08:07:38.844725,2026-06-28T22:07:39.261638+00:00,99.5,6,ask,,,11634409
2026-06-29T08:07:38.897046,2026-06-28T22:07:39.305639+00:00,99.6,200,bid,,,11634410
2026-06-29T08:07:39.998818,2026-06-28T22:07:40.416639+00:00,99.8,200,bid,,,11634443
2026-06-29T08:07:41.319507,2026-06-28T22:07:41.736659+00:00,99.7,200,ask,,,11634465
2026-06-29T08:07:44.996672,2026-06-28T22:07:45.410210+00:00,99.8,20,bid,,,11634540
2026-06-29T08:07:46.159624,2026-06-28T22:07:46.574831+00:00,99.8,200,bid,,,11634561
2026-06-29T08:07:46.230893,2026-06-28T22:07:46.640840+00:00,99.6,200,ask,,,11634566
2026-06-29T08:07:47.369838,2026-06-28T22:07:47.784839+00:00,99.7,200,bid,,,11634591
2026-06-29T08:07:48.578265,2026-06-28T22:07:48.993549+00:00,99.7,200,bid,,,11634612
2026-06-29T08:07:49.788176,2026-06-28T22:07:50.203549+00:00,99.7,200,bid,,,11634626
2026-06-29T08:07:52.624955,2026-06-28T22:07:53.041108+00:00,99.7,25,ask,,,11634687
2026-06-29T08:07:52.839027,2026-06-28T22:07:53.250108+00:00,99.7,25,ask,,,11634692
2026-06-29T08:07:53.050527,2026-06-28T22:07:53.459108+00:00,99.7,25,ask,,,11634696
2026-06-29T08:07:55.743010,2026-06-28T22:07:56.153005+00:00,99.6,1,ask,,,11634748
2026-06-29T08:07:55.743010,2026-06-28T22:07:56.153005+00:00,99.5,200,ask,,,11634749
2026-06-29T08:07:57.052699,2026-06-28T22:07:57.462026+00:00,99.5,200,bid,,,11634767
2026-06-29T08:07:57.073273,2026-06-28T22:07:57.484026+00:00,99.6,200,ask,,,11634774
2026-06-29T08:07:57.075729,2026-06-28T22:07:57.495026+00:00,99.6,25,ask,,,11634776
2026-06-29T08:07:57.284207,2026-06-28T22:07:57.693026+00:00,99.6,25,ask,,,11634780
2026-06-29T08:07:57.494573,2026-06-28T22:07:57.912729+00:00,99.6,2,ask,,,11634789
2026-06-29T08:07:58.367085,2026-06-28T22:07:58.781729+00:00,99.5,200,ask,,,11634806
2026-06-29T08:07:59.494200,2026-06-28T22:07:59.903749+00:00,99.5,200,bid,,,11634836
2026-06-29T08:07:59.707927,2026-06-28T22:08:00.123749+00:00,99.6,25,ask,,,11634838
2026-06-29T08:07:59.916777,2026-06-28T22:08:00.332749+00:00,99.6,25,ask,,,11634848
2026-06-29T08:08:06.769443,2026-06-28T22:08:07.184396+00:00,99.7,200,bid,,,11634994
2026-06-29T08:08:07.977734,2026-06-28T22:08:08.393095+00:00,99.7,200,bid,,,11635016
2026-06-29T08:08:09.186303,2026-06-28T22:08:09.602628+00:00,99.7,200,bid,,,11635039
2026-06-29T08:08:13.972716,2026-06-28T22:08:14.386785+00:00,99.6,3,ask,,,11635103
2026-06-29T08:08:13.972716,2026-06-28T22:08:14.386785+00:00,99.6,497,ask,,,11635104
2026-06-29T08:08:14.114997,2026-06-28T22:08:14.529785+00:00,99.6,200,ask,,,11635108
2026-06-29T08:08:14.562400,2026-06-28T22:08:14.980785+00:00,99.5,20,bid,,,11635121
2026-06-29T08:08:15.231113,2026-06-28T22:08:15.640805+00:00,99.5,200,bid,,,11635138
2026-06-29T08:08:15.354777,2026-06-28T22:08:15.772805+00:00,99.4,7,ask,,,11635145
2026-06-29T08:08:16.738209,2026-06-28T22:08:17.157895+00:00,99.5,8,ask,,,11635168
2026-06-29T08:08:16.738209,2026-06-28T22:08:17.157895+00:00,99.4,200,ask,,,11635169
2026-06-29T08:08:17.568059,2026-06-28T22:08:17.982461+00:00,99.3,2,ask,,,11635187
2026-06-29T08:08:18.048646,2026-06-28T22:08:18.466461+00:00,99.4,200,bid,,,11635193
2026-06-29T08:08:18.869284,2026-06-28T22:08:19.280452+00:00,99.4,200,ask,,,11635215
2026-06-29T08:08:20.079354,2026-06-28T22:08:20.501461+00:00,99.5,200,bid,,,11635236
2026-06-29T08:08:21.869340,2026-06-28T22:08:22.283461+00:00,99.4,500,ask,,,11635269
2026-06-29T08:08:21.993729,2026-06-28T22:08:22.404461+00:00,99.4,200,ask,,,11635273
2026-06-29T08:08:21.993729,2026-06-28T22:08:22.404461+00:00,99.3,7,ask,,,11635274
2026-06-29T08:08:22.505456,2026-06-28T22:08:22.932018+00:00,99.3,200,bid,,,11635281
2026-06-29T08:08:29.801771,2026-06-28T22:08:30.222494+00:00,99.4,200,ask,,,11635428
2026-06-29T08:08:32.218935,2026-06-28T22:08:32.631515+00:00,99.4,200,bid,,,11635461
2026-06-29T08:08:34.649863,2026-06-28T22:08:35.061222+00:00,99.4,200,ask,,,11635501
2026-06-29T08:08:37.069649,2026-06-28T22:08:37.480766+00:00,99.4,200,ask,,,11635541
2026-06-29T08:08:39.421231,2026-06-28T22:08:39.833606+00:00,99.3,500,ask,,,11635592
2026-06-29T08:08:39.490182,2026-06-28T22:08:39.899606+00:00,99.3,125,ask,,,11635594
2026-06-29T08:08:40.350837,2026-06-28T22:08:40.768140+00:00,99.1,200,ask,,,11635620
2026-06-29T08:08:40.695211,2026-06-28T22:08:41.109140+00:00,99.1,200,bid,,,11635631
2026-06-29T08:08:41.908992,2026-06-28T22:08:42.319140+00:00,99.1,200,ask,,,11635644
2026-06-29T08:08:43.117569,2026-06-28T22:08:43.539698+00:00,99.2,200,ask,,,11635667
2026-06-29T08:08:44.330832,2026-06-28T22:08:44.749697+00:00,99.2,200,ask,,,11635694
2026-06-29T08:08:45.536686,2026-06-28T22:08:45.948698+00:00,99.2,200,ask,,,11635718
2026-06-29T08:08:46.744909,2026-06-28T22:08:47.157330+00:00,99.3,200,bid,,,11635743
2026-06-29T08:08:48.785336,2026-06-28T22:08:49.201639+00:00,99.2,20,ask,,,11635775
2026-06-29T08:08:49.166738,2026-06-28T22:08:49.575649+00:00,99.2,200,ask,,,11635783
2026-06-29T08:08:54.003911,2026-06-28T22:08:54.413866+00:00,99.2,200,bid,,,11635875
2026-06-29T08:08:54.047251,2026-06-28T22:08:54.457858+00:00,99.1,1,ask,,,11635876
2026-06-29T08:08:56.099617,2026-06-28T22:08:56.514439+00:00,99.2,200,bid,,,11635904
2026-06-29T08:08:56.237958,2026-06-28T22:08:56.657439+00:00,99.4,20,bid,,,11635908
2026-06-29T08:08:57.414552,2026-06-28T22:08:57.823460+00:00,99.3,200,bid,,,11635924
2026-06-29T08:08:57.644394,2026-06-28T22:08:58.065128+00:00,99.3,200,ask,,,11635929
2026-06-29T08:08:58.849844,2026-06-28T22:08:59.263428+00:00,99.2,200,bid,,,11635943
2026-06-29T08:09:00.063683,2026-06-28T22:09:00.473437+00:00,99.2,200,ask,,,11635967
2026-06-29T08:09:00.620361,2026-06-28T22:09:01.034428+00:00,99.2,425,ask,,,11635977
2026-06-29T08:09:01.831146,2026-06-28T22:09:02.249428+00:00,99.1,200,ask,,,11636006
2026-06-29T08:09:02.481183,2026-06-28T22:09:02.897830+00:00,99.1,200,bid,,,11636023
2026-06-29T08:09:02.659002,2026-06-28T22:09:03.073830+00:00,99.1,300,bid,,,11636031
2026-06-29T08:09:03.054796,2026-06-28T22:09:03.469830+00:00,99.1,325,ask,,,11636036
2026-06-29T08:09:03.704024,2026-06-28T22:09:04.118830+00:00,99.2,200,bid,,,11636050
2026-06-29T08:09:04.910854,2026-06-28T22:09:05.328830+00:00,99.1,200,bid,,,11636075
2026-06-29T08:09:06.584155,2026-06-28T22:09:07.000934+00:00,99.2,500,bid,,,11636101
2026-06-29T08:09:06.584155,2026-06-28T22:09:07.000934+00:00,99.2,125,bid,,,11636102
2026-06-29T08:09:07.897898,2026-06-28T22:09:08.319619+00:00,99.2,200,ask,,,11636122
2026-06-29T08:09:08.532344,2026-06-28T22:09:08.946620+00:00,99.1,200,bid,,,11636131
2026-06-29T08:09:10.515710,2026-06-28T22:09:10.926620+00:00,99.0,200,ask,,,11636156
2026-06-29T08:09:12.159231,2026-06-28T22:09:12.576620+00:00,99.0,200,bid,,,11636176
2026-06-29T08:09:14.582026,2026-06-28T22:09:14.996189+00:00,99.0,200,ask,,,11636208
2026-06-29T08:09:14.700207,2026-06-28T22:09:15.117189+00:00,99.1,6,bid,,,11636210
2026-06-29T08:09:18.123199,2026-06-28T22:09:18.535403+00:00,99.1,7,bid,,,11636266
2026-06-29T08:09:18.123199,2026-06-28T22:09:18.535403+00:00,99.1,13,bid,,,11636267
2026-06-29T08:09:18.227731,2026-06-28T22:09:18.645404+00:00,99.0,200,ask,,,11636269
2026-06-29T08:09:18.383692,2026-06-28T22:09:18.799403+00:00,98.9,500,ask,,,11636275
2026-06-29T08:09:19.693115,2026-06-28T22:09:20.108423+00:00,98.9,200,bid,,,11636298
2026-06-29T08:09:19.693115,2026-06-28T22:09:20.108423+00:00,99.1,8,bid,,,11636299
2026-06-29T08:09:20.653275,2026-06-28T22:09:21.065423+00:00,99.2,200,ask,,,11636323
2026-06-29T08:09:22.323306,2026-06-28T22:09:22.736948+00:00,99.2,200,bid,,,11636358
2026-06-29T08:09:23.072444,2026-06-28T22:09:23.484948+00:00,99.2,200,ask,,,11636369
2026-06-29T08:09:23.526367,2026-06-28T22:09:23.935948+00:00,99.2,20,ask,,,11636377
2026-06-29T08:09:25.350223,2026-06-28T22:09:25.761957+00:00,99.3,2,bid,,,11636424
2026-06-29T08:09:25.350223,2026-06-28T22:09:25.761957+00:00,99.3,18,bid,,,11636425
2026-06-29T08:09:27.690856,2026-06-28T22:09:28.103536+00:00,99.2,20,bid,,,11636475
2026-06-29T08:09:28.913630,2026-06-28T22:09:29.334879+00:00,99.0,5,ask,,,11636512
2026-06-29T08:09:28.913630,2026-06-28T22:09:29.334879+00:00,99.0,200,ask,,,11636513
2026-06-29T08:09:29.117982,2026-06-28T22:09:29.532888+00:00,99.0,200,bid,,,11636515
2026-06-29T08:09:30.328137,2026-06-28T22:09:30.742889+00:00,99.1,200,ask,,,11636529
2026-06-29T08:09:33.346000,2026-06-28T22:09:33.756537+00:00,99.2,500,ask,,,11636601
2026-06-29T08:09:33.941268,2026-06-28T22:09:34.361547+00:00,99.2,125,ask,,,11636610
2026-06-29T08:09:33.941268,2026-06-28T22:09:34.361547+00:00,99.1,200,ask,,,11636611
2026-06-29T08:09:33.963553,2026-06-28T22:09:34.372546+00:00,99.1,175,bid,,,11636612
2026-06-29T08:09:34.165721,2026-06-28T22:09:34.581566+00:00,99.2,25,ask,,,11636618
2026-06-29T08:09:35.175076,2026-06-28T22:09:35.593566+00:00,99.2,200,bid,,,11636635
2026-06-29T08:09:35.954042,2026-06-28T22:09:36.363133+00:00,99.1,20,bid,,,11636663
2026-06-29T08:09:36.385616,2026-06-28T22:09:36.802667+00:00,99.2,200,bid,,,11636665
2026-06-29T08:09:36.967072,2026-06-28T22:09:37.385667+00:00,99.0,20,ask,,,11636678
2026-06-29T08:09:37.598583,2026-06-28T22:09:38.011878+00:00,99.0,200,ask,,,11636692
2026-06-29T08:09:38.811607,2026-06-28T22:09:39.221878+00:00,99.1,200,ask,,,11636717
2026-06-29T08:09:39.368108,2026-06-28T22:09:39.782878+00:00,99.1,20,ask,,,11636734
2026-06-29T08:09:41.245441,2026-06-28T22:09:41.663878+00:00,98.9,3,ask,,,11636772
2026-06-29T08:09:42.052686,2026-06-28T22:09:42.466869+00:00,98.9,197,bid,,,11636792
2026-06-29T08:09:42.454168,2026-06-28T22:09:42.863221+00:00,99.0,200,ask,,,11636805
2026-06-29T08:09:43.659904,2026-06-28T22:09:44.073221+00:00,99.1,200,bid,,,11636832
2026-06-29T08:09:47.287242,2026-06-28T22:09:47.702188+00:00,99.2,20,bid,,,11636885
2026-06-29T08:09:47.314726,2026-06-28T22:09:47.724188+00:00,99.2,200,ask,,,11636887
2026-06-29T08:09:48.625491,2026-06-28T22:09:49.043424+00:00,99.1,200,ask,,,11636902
2026-06-29T08:09:49.933530,2026-06-28T22:09:50.352424+00:00,99.1,200,bid,,,11636924
2026-06-29T08:09:50.114743,2026-06-28T22:09:50.528424+00:00,99.4,20,bid,,,11636927
2026-06-29T08:09:52.156206,2026-06-28T22:09:52.574435+00:00,99.2,200,ask,,,11636951
2026-06-29T08:09:53.363759,2026-06-28T22:09:53.772521+00:00,99.1,200,ask,,,11636976
2026-06-29T08:09:54.684724,2026-06-28T22:09:55.103512+00:00,99.2,20,bid,,,11636998
2026-06-29T08:09:55.775072,2026-06-28T22:09:56.192541+00:00,99.1,200,bid,,,11637007
2026-06-29T08:09:56.985504,2026-06-28T22:09:57.402534+00:00,99.1,200,bid,,,11637028
2026-06-29T08:09:59.406679,2026-06-28T22:09:59.821054+00:00,99.0,1,ask,,,11637057
2026-06-29T08:09:59.406679,2026-06-28T22:09:59.821054+00:00,99.0,199,ask,,,11637058
2026-06-29T08:10:04.262210,2026-06-28T22:10:04.671632+00:00,99.1,200,bid,,,11637150
2026-06-29T08:10:06.859589,2026-06-28T22:10:07.277472+00:00,99.1,20,ask,,,11637202
2026-06-29T08:10:10.897878,2026-06-28T22:10:11.312293+00:00,99.2,200,ask,,,11637277
2026-06-29T08:10:10.986069,2026-06-28T22:10:11.400293+00:00,99.0,1,ask,,,11637278
2026-06-29T08:10:10.986069,2026-06-28T22:10:11.400293+00:00,99.0,19,ask,,,11637279
2026-06-29T08:10:11.523168,2026-06-28T22:10:11.939293+00:00,99.2,200,bid,,,11637284
2026-06-29T08:10:12.204969,2026-06-28T22:10:12.621293+00:00,99.3,1,bid,,,11637291
2026-06-29T08:10:13.514579,2026-06-28T22:10:13.929852+00:00,99.4,2,bid,,,11637317
2026-06-29T08:10:14.825878,2026-06-28T22:10:15.238852+00:00,99.4,200,ask,,,11637346
2026-06-29T08:10:16.133608,2026-06-28T22:10:16.547407+00:00,99.3,200,bid,,,11637375
2026-06-29T08:10:18.215166,2026-06-28T22:10:18.636511+00:00,99.4,1,bid,,,11637427
2026-06-29T08:10:18.215166,2026-06-28T22:10:18.636511+00:00,99.4,24,bid,,,11637428
2026-06-29T08:10:18.428864,2026-06-28T22:10:18.856520+00:00,99.4,25,bid,,,11637431
2026-06-29T08:10:18.637926,2026-06-28T22:10:19.054520+00:00,99.4,25,bid,,,11637434
2026-06-29T08:10:18.847422,2026-06-28T22:10:19.263521+00:00,99.4,5,bid,,,11637439
2026-06-29T08:10:18.847422,2026-06-28T22:10:19.263521+00:00,99.4,20,bid,,,11637440
2026-06-29T08:10:19.057659,2026-06-28T22:10:19.472521+00:00,99.4,25,bid,,,11637443
2026-06-29T08:10:19.267932,2026-06-28T22:10:19.681521+00:00,99.4,21,bid,,,11637450
2026-06-29T08:10:20.064578,2026-06-28T22:10:20.473521+00:00,99.4,3,bid,,,11637471
2026-06-29T08:10:20.064578,2026-06-28T22:10:20.484521+00:00,99.5,500,bid,,,11637472
2026-06-29T08:10:20.064578,2026-06-28T22:10:20.484521+00:00,99.5,122,bid,,,11637473
2026-06-29T08:10:21.187548,2026-06-28T22:10:21.606521+00:00,99.4,200,bid,,,11637493
2026-06-29T08:10:25.300832,2026-06-28T22:10:25.719630+00:00,99.3,500,bid,,,11637564
2026-06-29T08:10:25.300832,2026-06-28T22:10:25.719630+00:00,99.4,125,bid,,,11637565
2026-06-29T08:10:27.146552,2026-06-28T22:10:27.556323+00:00,99.4,20,bid,,,11637588
2026-06-29T08:10:27.269350,2026-06-28T22:10:27.688323+00:00,99.3,200,bid,,,11637594
2026-06-29T08:10:28.478581,2026-06-28T22:10:28.897007+00:00,99.2,200,bid,,,11637604
2026-06-29T08:10:30.116430,2026-06-28T22:10:30.525561+00:00,99.3,20,ask,,,11637637
2026-06-29T08:10:30.252009,2026-06-28T22:10:30.668560+00:00,99.3,500,ask,,,11637638
2026-06-29T08:10:30.548670,2026-06-28T22:10:30.965561+00:00,99.2,200,ask,,,11637640
2026-06-29T08:10:34.532674,2026-06-28T22:10:34.947130+00:00,99.2,200,ask,,,11637700
2026-06-29T08:10:35.739673,2026-06-28T22:10:36.156234+00:00,99.3,200,bid,,,11637714
2026-06-29T08:10:37.516799,2026-06-28T22:10:37.936930+00:00,99.2,200,ask,,,11637729
2026-06-29T08:10:37.516799,2026-06-28T22:10:37.936930+00:00,99.2,300,ask,,,11637730
2026-06-29T08:10:38.168930,2026-06-28T22:10:38.585929+00:00,99.2,200,ask,,,11637747
2026-06-29T08:10:38.414772,2026-06-28T22:10:38.827930+00:00,99.0,150,bid,,,11637750
2026-06-29T08:10:39.702385,2026-06-28T22:10:40.114930+00:00,99.0,200,bid,,,11637769
2026-06-29T08:10:39.825934,2026-06-28T22:10:40.235930+00:00,99.0,20,ask,,,11637770
2026-06-29T08:10:40.312102,2026-06-28T22:10:40.730929+00:00,99.0,25,ask,,,11637777
2026-06-29T08:10:40.521055,2026-06-28T22:10:40.939929+00:00,99.0,25,ask,,,11637785
2026-06-29T08:10:40.583286,2026-06-28T22:10:40.994929+00:00,99.0,200,ask,,,11637788
2026-06-29T08:10:41.790394,2026-06-28T22:10:42.204930+00:00,98.9,200,bid,,,11637798
2026-06-29T08:10:42.086228,2026-06-28T22:10:42.501930+00:00,98.7,20,ask,,,11637803
2026-06-29T08:10:42.997562,2026-06-28T22:10:43.414487+00:00,98.9,200,bid,,,11637814
2026-06-29T08:10:46.632095,2026-06-28T22:10:47.043612+00:00,99.0,200,bid,,,11637852
2026-06-29T08:10:47.857295,2026-06-28T22:10:48.275172+00:00,98.9,9,ask,,,11637880
2026-06-29T08:10:47.857295,2026-06-28T22:10:48.275172+00:00,98.9,191,ask,,,11637881
2026-06-29T08:10:48.913492,2026-06-28T22:10:49.331162+00:00,98.7,20,ask,,,11637899
2026-06-29T08:10:49.947284,2026-06-28T22:10:50.365171+00:00,98.8,4,ask,,,11637916
2026-06-29T08:10:49.947284,2026-06-28T22:10:50.365171+00:00,98.8,21,ask,,,11637917
2026-06-29T08:10:50.159145,2026-06-28T22:10:50.574171+00:00,98.8,25,ask,,,11637922
2026-06-29T08:10:52.823755,2026-06-28T22:10:53.235750+00:00,99.0,200,bid,,,11637960
2026-06-29T08:10:53.260900,2026-06-28T22:10:53.675284+00:00,99.0,425,ask,,,11637964
2026-06-29T08:10:54.140096,2026-06-28T22:10:54.555284+00:00,98.9,200,ask,,,11637978
2026-06-29T08:10:59.646575,2026-06-28T22:11:00.065014+00:00,98.8,2,ask,,,11638108
2026-06-29T08:10:59.646575,2026-06-28T22:11:00.065014+00:00,98.8,18,ask,,,11638109
2026-06-29T08:11:01.187720,2026-06-28T22:11:01.605014+00:00,99.0,200,bid,,,11638138
2026-06-29T08:11:02.707083,2026-06-28T22:11:03.122099+00:00,99.0,20,bid,,,11638172
2026-06-29T08:11:03.301718,2026-06-28T22:11:03.716099+00:00,98.9,200,ask,,,11638178
2026-06-29T08:11:03.604594,2026-06-28T22:11:04.024099+00:00,98.9,200,bid,,,11638184
2026-06-29T08:11:04.797436,2026-06-28T22:11:05.212120+00:00,99.0,25,ask,,,11638205
2026-06-29T08:11:04.816060,2026-06-28T22:11:05.234120+00:00,99.0,200,ask,,,11638208
2026-06-29T08:11:05.967128,2026-06-28T22:11:06.377652+00:00,99.1,500,ask,,,11638222
2026-06-29T08:11:06.026409,2026-06-28T22:11:06.443652+00:00,99.1,125,ask,,,11638225
2026-06-29T08:11:07.243928,2026-06-28T22:11:07.653643+00:00,98.9,200,bid,,,11638251
2026-06-29T08:11:08.452578,2026-06-28T22:11:08.862632+00:00,98.8,1,ask,,,11638277
2026-06-29T08:11:09.110121,2026-06-28T22:11:09.522632+00:00,98.7,150,ask,,,11638283
2026-06-29T08:11:09.547184,2026-06-28T22:11:09.962166+00:00,98.8,20,bid,,,11638294
2026-06-29T08:11:10.787810,2026-06-28T22:11:11.205165+00:00,98.9,20,bid,,,11638332
2026-06-29T08:11:13.041387,2026-06-28T22:11:13.459742+00:00,98.8,20,bid,,,11638379
2026-06-29T08:11:13.285127,2026-06-28T22:11:13.701742+00:00,98.7,3,ask,,,11638388
2026-06-29T08:11:15.705950,2026-06-28T22:11:16.121331+00:00,98.7,200,ask,,,11638437
2026-06-29T08:11:17.701377,2026-06-28T22:11:18.121239+00:00,98.7,500,ask,,,11638497
2026-06-29T08:11:18.052994,2026-06-28T22:11:18.462239+00:00,98.7,125,bid,,,11638501
2026-06-29T08:11:19.433396,2026-06-28T22:11:19.848229+00:00,98.8,1,ask,,,11638520
2026-06-29T08:11:23.180178,2026-06-28T22:11:23.598796+00:00,98.7,20,ask,,,11638573
2026-06-29T08:11:24.164818,2026-06-28T22:11:24.577816+00:00,98.8,200,bid,,,11638583
2026-06-29T08:11:26.581820,2026-06-28T22:11:26.997394+00:00,98.8,200,bid,,,11638624
2026-06-29T08:11:27.641969,2026-06-28T22:11:28.052951+00:00,98.8,50,bid,,,11638644
2026-06-29T08:11:27.663267,2026-06-28T22:11:28.074950+00:00,98.8,25,bid,,,11638647
2026-06-29T08:11:27.788481,2026-06-28T22:11:28.206951+00:00,98.8,200,bid,,,11638649
2026-06-29T08:11:27.871766,2026-06-28T22:11:28.283950+00:00,98.8,25,bid,,,11638652
2026-06-29T08:11:28.080583,2026-06-28T22:11:28.492941+00:00,98.8,25,bid,,,11638656
2026-06-29T08:11:28.257000,2026-06-28T22:11:28.668941+00:00,98.7,20,ask,,,11638658
2026-06-29T08:11:29.091715,2026-06-28T22:11:29.504950+00:00,98.8,25,bid,,,11638669
2026-06-29T08:11:29.301653,2026-06-28T22:11:29.713951+00:00,98.8,4,bid,,,11638674
2026-06-29T08:11:30.205524,2026-06-28T22:11:30.615950+00:00,98.7,200,ask,,,11638685
2026-06-29T08:11:30.571247,2026-06-28T22:11:30.989941+00:00,98.7,20,ask,,,11638689
2026-06-29T08:11:32.617351,2026-06-28T22:11:33.035443+00:00,98.9,200,bid,,,11638715
2026-06-29T08:11:35.115920,2026-06-28T22:11:35.531967+00:00,99.0,25,ask,,,11638754
2026-06-29T08:11:35.325874,2026-06-28T22:11:35.740967+00:00,99.0,25,ask,,,11638757
2026-06-29T08:11:35.534928,2026-06-28T22:11:35.949959+00:00,99.0,8,ask,,,11638762
2026-06-29T08:11:36.073293,2026-06-28T22:11:36.488567+00:00,99.0,142,ask,,,11638770
2026-06-29T08:11:38.694140,2026-06-28T22:11:39.106145+00:00,98.9,200,bid,,,11638811
2026-06-29T08:11:38.749735,2026-06-28T22:11:39.161145+00:00,99.0,25,ask,,,11638813
2026-06-29T08:11:38.960128,2026-06-28T22:11:39.381145+00:00,99.0,25,ask,,,11638817
2026-06-29T08:11:48.363373,2026-06-28T22:11:48.783089+00:00,99.0,200,bid,,,11638940
2026-06-29T08:11:49.573452,2026-06-28T22:11:49.993089+00:00,99.0,200,ask,,,11638949
2026-06-29T08:11:50.778997,2026-06-28T22:11:51.191581+00:00,99.0,200,bid,,,11638977
2026-06-29T08:11:53.215758,2026-06-28T22:11:53.633159+00:00,99.1,200,bid,,,11639001
2026-06-29T08:11:56.971622,2026-06-28T22:11:57.383741+00:00,99.1,20,ask,,,11639058
2026-06-29T08:11:57.078571,2026-06-28T22:11:57.493741+00:00,99.0,200,ask,,,11639061
2026-06-29T08:11:57.405566,2026-06-28T22:11:57.823741+00:00,99.0,425,bid,,,11639067
2026-06-29T08:11:58.695905,2026-06-28T22:11:59.108961+00:00,99.1,20,ask,,,11639083
2026-06-29T08:12:02.618913,2026-06-28T22:12:03.035097+00:00,99.1,25,bid,,,11639153
2026-06-29T08:12:02.827722,2026-06-28T22:12:03.244097+00:00,99.1,25,bid,,,11639159
2026-06-29T08:12:02.925402,2026-06-28T22:12:03.343097+00:00,99.0,200,ask,,,11639163
2026-06-29T08:12:03.036768,2026-06-28T22:12:03.453097+00:00,99.1,25,bid,,,11639165
2026-06-29T08:12:03.246691,2026-06-28T22:12:03.662097+00:00,99.1,25,bid,,,11639169
2026-06-29T08:12:03.479281,2026-06-28T22:12:03.892631+00:00,99.1,25,bid,,,11639174
2026-06-29T08:12:04.132465,2026-06-28T22:12:04.552631+00:00,99.1,200,ask,,,11639191
2026-06-29T08:12:04.381840,2026-06-28T22:12:04.794631+00:00,99.3,20,bid,,,11639199
2026-06-29T08:12:04.960131,2026-06-28T22:12:05.377631+00:00,99.0,25,bid,,,11639211
2026-06-29T08:12:05.338707,2026-06-28T22:12:05.751631+00:00,99.0,200,bid,,,11639218
2026-06-29T08:12:10.017642,2026-06-28T22:12:10.435914+00:00,98.9,3,ask,,,11639304
2026-06-29T08:12:10.017642,2026-06-28T22:12:10.435914+00:00,98.9,17,ask,,,11639305
2026-06-29T08:12:12.504748,2026-06-28T22:12:12.920119+00:00,98.9,25,ask,,,11639347
2026-06-29T08:12:12.716361,2026-06-28T22:12:13.129118+00:00,98.9,25,ask,,,11639354
2026-06-29T08:12:12.804314,2026-06-28T22:12:13.217118+00:00,98.9,175,ask,,,11639359
2026-06-29T08:12:14.501794,2026-06-28T22:12:14.922118+00:00,98.9,20,bid,,,11639393
2026-06-29T08:12:15.430678,2026-06-28T22:12:15.846139+00:00,98.8,2,ask,,,11639410
2026-06-29T08:12:15.430678,2026-06-28T22:12:15.846139+00:00,98.7,500,ask,,,11639411
2026-06-29T08:12:15.430678,2026-06-28T22:12:15.846139+00:00,98.7,123,ask,,,11639412
2026-06-29T08:12:16.109205,2026-06-28T22:12:16.527716+00:00,98.8,1,ask,,,11639430
2026-06-29T08:12:16.740633,2026-06-28T22:12:17.154249+00:00,98.9,200,bid,,,11639445
2026-06-29T08:12:17.436442,2026-06-28T22:12:17.847250+00:00,98.9,200,ask,,,11639454
2026-06-29T08:12:18.647733,2026-06-28T22:12:19.066957+00:00,98.9,200,ask,,,11639470
2026-06-29T08:12:20.748612,2026-06-28T22:12:21.167977+00:00,98.9,1,bid,,,11639500
2026-06-29T08:12:21.066358,2026-06-28T22:12:21.475977+00:00,98.8,200,ask,,,11639503
2026-06-29T08:12:21.554563,2026-06-28T22:12:21.970977+00:00,98.8,25,ask,,,11639511
2026-06-29T08:12:21.764214,2026-06-28T22:12:22.179511+00:00,98.8,25,ask,,,11639513
2026-06-29T08:12:23.483977,2026-06-28T22:12:23.894771+00:00,98.9,200,bid,,,11639534
2026-06-29T08:12:24.694827,2026-06-28T22:12:25.115761+00:00,98.8,200,ask,,,11639547
2026-06-29T08:12:25.903408,2026-06-28T22:12:26.314320+00:00,98.9,200,ask,,,11639561
2026-06-29T08:12:25.919969,2026-06-28T22:12:26.336320+00:00,98.9,300,ask,,,11639562
2026-06-29T08:12:26.462979,2026-06-28T22:12:26.875320+00:00,98.9,325,bid,,,11639566
2026-06-29T08:12:29.544939,2026-06-28T22:12:29.964996+00:00,99.2,200,bid,,,11639601
2026-06-29T08:12:30.465090,2026-06-28T22:12:30.878016+00:00,99.4,20,bid,,,11639617
2026-06-29T08:12:33.280992,2026-06-28T22:12:33.692706+00:00,99.5,20,bid,,,11639657
2026-06-29T08:12:33.788797,2026-06-28T22:12:34.198697+00:00,99.5,200,bid,,,11639662
2026-06-29T08:12:33.788797,2026-06-28T22:12:34.209706+00:00,99.5,425,bid,,,11639663
2026-06-29T08:12:34.386018,2026-06-28T22:12:34.803706+00:00,99.5,200,bid,,,11639684
2026-06-29T08:12:35.202855,2026-06-28T22:12:35.617224+00:00,99.4,25,bid,,,11639695
2026-06-29T08:12:35.411889,2026-06-28T22:12:35.826225+00:00,99.4,25,bid,,,11639699
2026-06-29T08:12:36.821984,2026-06-28T22:12:37.234264+00:00,99.3,200,ask,,,11639715
2026-06-29T08:12:40.464939,2026-06-28T22:12:40.884924+00:00,99.3,200,ask,,,11639757
2026-06-29T08:12:41.699502,2026-06-28T22:12:42.116376+00:00,99.3,200,ask,,,11639788
2026-06-29T08:12:45.611139,2026-06-28T22:12:46.031042+00:00,99.2,200,bid,,,11639835
2026-06-29T08:12:46.158879,2026-06-28T22:12:46.569139+00:00,99.3,20,ask,,,11639844
2026-06-29T08:12:46.540667,2026-06-28T22:12:46.954139+00:00,99.3,200,ask,,,11639849
2026-06-29T08:12:53.054849,2026-06-28T22:12:53.465922+00:00,99.4,13,bid,,,11639948
2026-06-29T08:12:53.054849,2026-06-28T22:12:53.476922+00:00,99.4,12,bid,,,11639949
2026-06-29T08:12:53.267128,2026-06-28T22:12:53.685922+00:00,99.4,25,bid,,,11639952
2026-06-29T08:12:53.489915,2026-06-28T22:12:53.905922+00:00,99.4,25,bid,,,11639957
2026-06-29T08:12:53.698963,2026-06-28T22:12:54.114922+00:00,99.4,25,bid,,,11639959
2026-06-29T08:12:55.110298,2026-06-28T22:12:55.522922+00:00,99.4,4,bid,,,11639991
2026-06-29T08:12:55.110298,2026-06-28T22:12:55.522922+00:00,99.4,4,bid,,,11639992
2026-06-29T08:12:56.237873,2026-06-28T22:12:56.655464+00:00,99.4,200,bid,,,11640009
2026-06-29T08:12:58.675045,2026-06-28T22:12:59.085565+00:00,99.4,2,bid,,,11640052
2026-06-29T08:12:58.675045,2026-06-28T22:12:59.096566+00:00,99.4,198,bid,,,11640053
2026-06-29T08:12:59.887264,2026-06-28T22:13:00.306578+00:00,99.2,200,bid,,,11640077
2026-06-29T08:13:01.098738,2026-06-28T22:13:01.516587+00:00,99.1,6,ask,,,11640095
2026-06-29T08:13:02.624478,2026-06-28T22:13:03.044633+00:00,99.1,200,bid,,,11640135
2026-06-29T08:13:02.646608,2026-06-28T22:13:03.066634+00:00,99.1,75,ask,,,11640137
2026-06-29T08:13:02.729206,2026-06-28T22:13:03.143633+00:00,99.1,25,ask,,,11640138
2026-06-29T08:13:02.939133,2026-06-28T22:13:03.352633+00:00,99.1,25,ask,,,11640141
2026-06-29T08:13:03.148873,2026-06-28T22:13:03.561643+00:00,99.1,25,ask,,,11640145
2026-06-29T08:13:03.515288,2026-06-28T22:13:03.935643+00:00,99.1,200,ask,,,11640160
2026-06-29T08:13:03.948523,2026-06-28T22:13:04.364643+00:00,99.0,8,ask,,,11640164
2026-06-29T08:13:03.948523,2026-06-28T22:13:04.364643+00:00,98.9,500,ask,,,11640165
2026-06-29T08:13:03.948523,2026-06-28T22:13:04.364643+00:00,98.9,117,ask,,,11640166
2026-06-29T08:13:05.272016,2026-06-28T22:13:05.684663+00:00,99.1,500,ask,,,11640197
2026-06-29T08:13:08.967241,2026-06-28T22:13:09.377807+00:00,99.0,5,ask,,,11640258
2026-06-29T08:13:08.967241,2026-06-28T22:13:09.388807+00:00,99.0,20,ask,,,11640259
2026-06-29T08:13:09.181006,2026-06-28T22:13:09.597807+00:00,99.0,25,ask,,,11640270
2026-06-29T08:13:09.393315,2026-06-28T22:13:09.806798+00:00,99.0,25,ask,,,11640273
2026-06-29T08:13:09.602688,2026-06-28T22:13:10.015807+00:00,99.0,25,ask,,,11640280
2026-06-29T08:13:09.811263,2026-06-28T22:13:10.224807+00:00,99.0,25,ask,,,11640282
2026-06-29T08:13:10.509940,2026-06-28T22:13:10.928799+00:00,99.0,200,ask,,,11640297
2026-06-29T08:13:10.509940,2026-06-28T22:13:10.928799+00:00,99.0,8,ask,,,11640298
2026-06-29T08:13:10.509940,2026-06-28T22:13:10.928799+00:00,98.9,417,ask,,,11640299
2026-06-29T08:13:11.817416,2026-06-28T22:13:12.236827+00:00,99.1,200,bid,,,11640318
2026-06-29T08:13:11.967155,2026-06-28T22:13:12.379937+00:00,99.2,200,ask,,,11640323
2026-06-29T08:13:13.231603,2026-06-28T22:13:13.642823+00:00,99.1,25,bid,,,11640348
2026-06-29T08:13:13.445112,2026-06-28T22:13:13.862821+00:00,99.1,25,bid,,,11640354
2026-06-29T08:13:13.657713,2026-06-28T22:13:14.071900+00:00,99.1,25,bid,,,11640359
2026-06-29T08:13:13.867600,2026-06-28T22:13:14.280927+00:00,99.1,25,bid,,,11640365
2026-06-29T08:13:14.078893,2026-06-28T22:13:14.489940+00:00,99.1,25,bid,,,11640367
2026-06-29T08:13:14.289491,2026-06-28T22:13:14.709940+00:00,99.1,15,bid,,,11640373
2026-06-29T08:13:15.294871,2026-06-28T22:13:15.710831+00:00,99.0,2,ask,,,11640394
2026-06-29T08:13:15.294871,2026-06-28T22:13:15.710831+00:00,99.0,23,ask,,,11640395
2026-06-29T08:13:15.505922,2026-06-28T22:13:15.919821+00:00,99.0,25,ask,,,11640402
2026-06-29T08:13:15.758722,2026-06-28T22:13:16.172380+00:00,99.1,200,ask,,,11640411
2026-06-29T08:13:16.798164,2026-06-28T22:13:17.217393+00:00,99.0,200,bid,,,11640430
2026-06-29T08:13:18.004862,2026-06-28T22:13:18.426185+00:00,99.1,200,bid,,,11640454
2026-06-29T08:13:19.211083,2026-06-28T22:13:19.625295+00:00,99.1,200,bid,,,11640482
2026-06-29T08:13:20.417852,2026-06-28T22:13:20.834295+00:00,99.0,200,bid,,,11640498
2026-06-29T08:13:21.629133,2026-06-28T22:13:22.054176+00:00,98.9,3,ask,,,11640527
2026-06-29T08:13:22.843866,2026-06-28T22:13:23.263104+00:00,98.8,2,ask,,,11640550
2026-06-29T08:13:22.843866,2026-06-28T22:13:23.263104+00:00,98.8,198,ask,,,11640551
2026-06-29T08:13:23.618646,2026-06-28T22:13:24.033105+00:00,98.8,4,ask,,,11640557
2026-06-29T08:13:23.936436,2026-06-28T22:13:24.352191+00:00,98.8,2,bid,,,11640559
2026-06-29T08:13:24.546756,2026-06-28T22:13:24.957223+00:00,98.8,1,bid,,,11640566
2026-06-29T08:13:24.756624,2026-06-28T22:13:25.177104+00:00,98.8,1,bid,,,11640571
2026-06-29T08:13:24.927776,2026-06-28T22:13:25.342105+00:00,98.8,200,bid,,,11640576
2026-06-29T08:13:25.260544,2026-06-28T22:13:25.671223+00:00,98.8,200,ask,,,11640589
2026-06-29T08:13:27.556948,2026-06-28T22:13:27.969219+00:00,98.7,1,ask,,,11640646
2026-06-29T08:13:27.556948,2026-06-28T22:13:27.969219+00:00,98.7,200,ask,,,11640647
2026-06-29T08:13:27.556948,2026-06-28T22:13:27.980219+00:00,98.6,424,ask,,,11640648
2026-06-29T08:13:28.582155,2026-06-28T22:13:29.002725+00:00,98.8,20,bid,,,11640662
2026-06-29T08:13:28.901134,2026-06-28T22:13:29.321724+00:00,98.7,5,ask,,,11640666
2026-06-29T08:13:28.901134,2026-06-28T22:13:29.321724+00:00,98.7,195,ask,,,11640667
2026-06-29T08:13:30.113657,2026-06-28T22:13:30.530844+00:00,98.7,200,ask,,,11640707
2026-06-29T08:13:30.375418,2026-06-28T22:13:30.794843+00:00,98.7,25,bid,,,11640711
2026-06-29T08:13:30.584472,2026-06-28T22:13:31.003843+00:00,98.7,25,bid,,,11640713
2026-06-29T08:13:30.793000,2026-06-28T22:13:31.212724+00:00,98.7,25,bid,,,11640720
2026-06-29T08:13:31.124625,2026-06-28T22:13:31.541843+00:00,98.7,4,bid,,,11640724
2026-06-29T08:13:31.344592,2026-06-28T22:13:31.761843+00:00,98.7,3,bid,,,11640734
2026-06-29T08:13:31.484711,2026-06-28T22:13:31.904843+00:00,98.7,200,bid,,,11640735
2026-06-29T08:13:32.537118,2026-06-28T22:13:32.948943+00:00,98.8,200,ask,,,11640760
2026-06-29T08:13:32.796109,2026-06-28T22:13:33.212945+00:00,98.7,200,ask,,,11640763
2026-06-29T08:13:36.749906,2026-06-28T22:13:37.172123+00:00,98.7,200,bid,,,11640849
2026-06-29T08:13:41.012681,2026-06-28T22:13:41.426633+00:00,98.8,200,bid,,,11640928
2026-06-29T08:13:43.434337,2026-06-28T22:13:43.845432+00:00,98.8,200,bid,,,11640981
2026-06-29T08:13:44.643176,2026-06-28T22:13:45.055432+00:00,98.8,200,ask,,,11641012
2026-06-29T08:13:45.204492,2026-06-28T22:13:45.616423+00:00,98.8,425,ask,,,11641022
2026-06-29T08:13:45.226275,2026-06-28T22:13:45.638423+00:00,98.8,20,bid,,,11641023
2026-06-29T08:13:47.058264,2026-06-28T22:13:47.475105+00:00,98.7,200,bid,,,11641063
2026-06-29T08:13:51.168720,2026-06-28T22:13:51.588272+00:00,98.8,3,bid,,,11641151
2026-06-29T08:13:51.168720,2026-06-28T22:13:51.588272+00:00,98.8,500,bid,,,11641152
2026-06-29T08:13:51.261103,2026-06-28T22:13:51.676271+00:00,98.8,122,ask,,,11641154
2026-06-29T08:13:53.127241,2026-06-28T22:13:53.543989+00:00,98.7,200,bid,,,11641198
2026-06-29T08:13:54.338593,2026-06-28T22:13:54.754019+00:00,98.7,200,ask,,,11641226
2026-06-29T08:13:54.427206,2026-06-28T22:13:54.842011+00:00,98.7,20,ask,,,11641229
2026-06-29T08:13:57.710841,2026-06-28T22:13:58.130155+00:00,98.7,200,bid,,,11641272
2026-06-29T08:13:57.968437,2026-06-28T22:13:58.383155+00:00,98.7,200,ask,,,11641277
2026-06-29T08:13:59.058743,2026-06-28T22:13:59.471266+00:00,98.6,25,bid,,,11641290
2026-06-29T08:13:59.106871,2026-06-28T22:13:59.526156+00:00,98.6,20,bid,,,11641291
2026-06-29T08:13:59.175217,2026-06-28T22:13:59.592147+00:00,98.6,200,bid,,,11641296
2026-06-29T08:13:59.770922,2026-06-28T22:14:00.185156+00:00,98.6,20,bid,,,11641298
2026-06-29T08:14:00.465611,2026-06-28T22:14:00.878146+00:00,98.5,21,ask,,,11641311
2026-06-29T08:14:01.614115,2026-06-28T22:14:02.032669+00:00,98.5,200,ask,,,11641334
2026-06-29T08:14:02.824716,2026-06-28T22:14:03.242198+00:00,98.6,200,ask,,,11641363
2026-06-29T08:14:02.916617,2026-06-28T22:14:03.330207+00:00,98.6,20,ask,,,11641365
2026-06-29T08:14:04.085557,2026-06-28T22:14:04.496208+00:00,98.6,25,bid,,,11641384
2026-06-29T08:14:05.239699,2026-06-28T22:14:05.651207+00:00,98.6,200,bid,,,11641401
2026-06-29T08:14:05.867314,2026-06-28T22:14:06.288041+00:00,98.5,20,ask,,,11641417
2026-06-29T08:14:08.182903,2026-06-28T22:14:08.597609+00:00,98.5,200,ask,,,11641458
2026-06-29T08:14:09.495979,2026-06-28T22:14:09.905609+00:00,98.4,200,bid,,,11641487
2026-06-29T08:14:09.499629,2026-06-28T22:14:09.916608+00:00,98.5,10,ask,,,11641488
2026-06-29T08:14:09.502542,2026-06-28T22:14:09.916608+00:00,98.5,7,ask,,,11641489
2026-06-29T08:14:09.715013,2026-06-28T22:14:10.125609+00:00,98.5,25,ask,,,11641502
2026-06-29T08:14:09.925659,2026-06-28T22:14:10.345727+00:00,98.5,17,ask,,,11641507
2026-06-29T08:14:10.080164,2026-06-28T22:14:10.499727+00:00,98.5,200,ask,,,11641512
2026-06-29T08:14:10.134230,2026-06-28T22:14:10.554728+00:00,98.5,25,ask,,,11641513
2026-06-29T08:14:10.343597,2026-06-28T22:14:10.763608+00:00,98.5,25,ask,,,11641518
2026-06-29T08:14:10.553674,2026-06-28T22:14:10.972728+00:00,98.5,25,ask,,,11641521
2026-06-29T08:14:10.764267,2026-06-28T22:14:11.181727+00:00,98.5,25,ask,,,11641525
2026-06-29T08:14:12.502557,2026-06-28T22:14:12.916609+00:00,98.3,7,ask,,,11641565
2026-06-29T08:14:15.782258,2026-06-28T22:14:16.193360+00:00,98.2,4,ask,,,11641618
2026-06-29T08:14:15.782258,2026-06-28T22:14:16.204360+00:00,98.2,21,ask,,,11641619
2026-06-29T08:14:16.053336,2026-06-28T22:14:16.468294+00:00,98.2,500,ask,,,11641629
2026-06-29T08:14:16.053336,2026-06-28T22:14:16.468294+00:00,98.2,4,ask,,,11641630
2026-06-29T08:14:16.077938,2026-06-28T22:14:16.490314+00:00,98.2,121,bid,,,11641631
2026-06-29T08:14:17.148655,2026-06-28T22:14:17.567874+00:00,98.4,20,bid,,,11641660
2026-06-29T08:14:17.360160,2026-06-28T22:14:17.776875+00:00,98.3,200,bid,,,11641667
2026-06-29T08:14:19.931119,2026-06-28T22:14:20.349323+00:00,98.3,20,ask,,,11641712
2026-06-29T08:14:24.409921,2026-06-28T22:14:24.824559+00:00,98.4,2,ask,,,11641791
2026-06-29T08:14:24.620197,2026-06-28T22:14:25.033570+00:00,98.4,2,ask,,,11641798
2026-06-29T08:14:24.625151,2026-06-28T22:14:25.044570+00:00,98.4,200,ask,,,11641799
2026-06-29T08:14:25.832509,2026-06-28T22:14:26.243582+00:00,98.5,200,ask,,,11641829
2026-06-29T08:14:27.834777,2026-06-28T22:14:28.245195+00:00,98.4,200,bid,,,11641880
2026-06-29T08:14:28.026011,2026-06-28T22:14:28.443195+00:00,98.6,2,bid,,,11641884
2026-06-29T08:14:28.026011,2026-06-28T22:14:28.443195+00:00,98.6,18,bid,,,11641885
2026-06-29T08:14:31.887682,2026-06-28T22:14:32.306215+00:00,98.5,5,bid,,,11641970
2026-06-29T08:14:31.887682,2026-06-28T22:14:32.306215+00:00,98.5,195,bid,,,11641971
2026-06-29T08:14:32.445428,2026-06-28T22:14:32.856224+00:00,98.5,430,bid,,,11641984
2026-06-29T08:14:32.445428,2026-06-28T22:14:32.866428+00:00,98.5,10,bid,,,11641985
2026-06-29T08:14:33.071943,2026-06-28T22:14:33.492983+00:00,98.5,10,bid,,,11641998
2026-06-29T08:14:33.071943,2026-06-28T22:14:33.492983+00:00,98.7,200,bid,,,11641999
2026-06-29T08:14:33.095870,2026-06-28T22:14:33.514983+00:00,98.7,200,ask,,,11642001
2026-06-29T08:14:34.305132,2026-06-28T22:14:34.724983+00:00,98.7,200,ask,,,11642015
2026-06-29T08:14:34.449491,2026-06-28T22:14:34.867983+00:00,98.5,4,ask,,,11642016
2026-06-29T08:14:36.720417,2026-06-28T22:14:37.133111+00:00,98.6,9,bid,,,11642060
2026-06-29T08:14:38.312583,2026-06-28T22:14:38.727668+00:00,98.6,200,ask,,,11642095
2026-06-29T08:14:43.572040,2026-06-28T22:14:43.984897+00:00,98.5,20,bid,,,11642211
2026-06-29T08:14:43.801938,2026-06-28T22:14:44.215786+00:00,98.5,150,bid,,,11642214
2026-06-29T08:14:43.964164,2026-06-28T22:14:44.380778+00:00,98.5,30,bid,,,11642218
2026-06-29T08:14:43.964164,2026-06-28T22:14:44.380778+00:00,98.5,470,bid,,,11642219
2026-06-29T08:14:44.557803,2026-06-28T22:14:44.974787+00:00,98.4,200,bid,,,11642233
2026-06-29T08:14:45.204600,2026-06-28T22:14:45.623778+00:00,98.6,200,ask,,,11642246
2026-06-29T08:14:46.419006,2026-06-28T22:14:46.832347+00:00,98.5,200,ask,,,11642273
2026-06-29T08:14:50.120686,2026-06-28T22:14:50.537600+00:00,98.6,50,bid,,,11642352
2026-06-29T08:14:50.291377,2026-06-28T22:14:50.702609+00:00,98.6,25,bid,,,11642354
2026-06-29T08:14:50.501054,2026-06-28T22:14:50.911719+00:00,98.6,25,bid,,,11642357
2026-06-29T08:14:50.714903,2026-06-28T22:14:51.131600+00:00,98.6,4,bid,,,11642362
2026-06-29T08:14:52.983493,2026-06-28T22:14:53.396078+00:00,98.7,3,bid,,,11642409
2026-06-29T08:14:52.983493,2026-06-28T22:14:53.407078+00:00,98.7,17,bid,,,11642410
2026-06-29T08:14:53.740004,2026-06-28T22:14:54.165602+00:00,98.7,200,bid,,,11642429
2026-06-29T08:14:54.816501,2026-06-28T22:14:55.232602+00:00,98.8,4,bid,,,11642446
2026-06-29T08:14:54.953687,2026-06-28T22:14:55.364600+00:00,98.8,4,bid,,,11642448
2026-06-29T08:15:00.559619,2026-06-28T22:15:00.971652+00:00,98.8,200,ask,,,11642552
2026-06-29T08:15:00.766610,2026-06-28T22:15:01.180652+00:00,98.8,25,bid,,,11642561
2026-06-29T08:15:00.976874,2026-06-28T22:15:01.389653+00:00,98.8,25,bid,,,11642566
2026-06-29T08:15:01.186949,2026-06-28T22:15:01.598644+00:00,98.8,25,bid,,,11642573
2026-06-29T08:15:01.398016,2026-06-28T22:15:01.818652+00:00,98.8,25,bid,,,11642581
2026-06-29T08:15:01.611157,2026-06-28T22:15:02.027653+00:00,98.8,25,bid,,,11642586
2026-06-29T08:15:01.865484,2026-06-28T22:15:02.280653+00:00,98.8,20,bid,,,11642591
2026-06-29T08:15:02.212729,2026-06-28T22:15:02.632157+00:00,98.7,200,ask,,,11642604
2026-06-29T08:15:02.822937,2026-06-28T22:15:03.233769+00:00,98.8,7,bid,,,11642612
2026-06-29T08:15:03.425028,2026-06-28T22:15:03.838760+00:00,98.7,200,bid,,,11642623
2026-06-29T08:15:06.389583,2026-06-28T22:15:06.807940+00:00,98.7,200,ask,,,11642682
2026-06-29T08:15:07.024383,2026-06-28T22:15:07.445940+00:00,98.8,20,bid,,,11642698
2026-06-29T08:15:07.096962,2026-06-28T22:15:07.511940+00:00,98.7,200,bid,,,11642705
2026-06-29T08:15:07.595852,2026-06-28T22:15:08.016529+00:00,98.7,425,ask,,,11642714
2026-06-29T08:15:08.404329,2026-06-28T22:15:08.819530+00:00,98.6,200,ask,,,11642729
2026-06-29T08:15:09.473298,2026-06-28T22:15:09.886529+00:00,98.5,2,ask,,,11642747
2026-06-29T08:15:10.681880,2026-06-28T22:15:11.096529+00:00,98.4,200,ask,,,11642763
2026-06-29T08:15:11.023522,2026-06-28T22:15:11.437539+00:00,98.4,1,ask,,,11642772
2026-06-29T08:15:13.095561,2026-06-28T22:15:13.516631+00:00,98.5,200,bid,,,11642826
2026-06-29T08:15:14.305180,2026-06-28T22:15:14.726622+00:00,98.4,2,ask,,,11642844
2026-06-29T08:15:14.305180,2026-06-28T22:15:14.726622+00:00,98.4,198,ask,,,11642845
2026-06-29T08:15:14.979001,2026-06-28T22:15:15.397622+00:00,98.2,200,ask,,,11642864
2026-06-29T08:15:15.445837,2026-06-28T22:15:15.858969+00:00,98.2,425,bid,,,11642870
2026-06-29T08:15:16.285151,2026-06-28T22:15:16.705526+00:00,98.4,200,bid,,,11642876
2026-06-29T08:15:16.718457,2026-06-28T22:15:17.134525+00:00,98.5,200,ask,,,11642898
2026-06-29T08:15:17.926198,2026-06-28T22:15:18.343115+00:00,98.5,200,bid,,,11642926
2026-06-29T08:15:19.002185,2026-06-28T22:15:19.420225+00:00,98.3,2,ask,,,11642941
2026-06-29T08:15:19.002185,2026-06-28T22:15:19.420225+00:00,98.3,18,ask,,,11642942
2026-06-29T08:15:19.135523,2026-06-28T22:15:19.552115+00:00,98.3,200,ask,,,11642948
2026-06-29T08:15:20.341815,2026-06-28T22:15:20.761630+00:00,98.3,3,ask,,,11642973
2026-06-29T08:15:21.868366,2026-06-28T22:15:22.279630+00:00,98.3,20,bid,,,11643009
2026-06-29T08:15:22.757364,2026-06-28T22:15:23.168911+00:00,98.2,2,ask,,,11643025
2026-06-29T08:15:22.757364,2026-06-28T22:15:23.179911+00:00,98.2,198,ask,,,11643026
2026-06-29T08:15:22.836272,2026-06-28T22:15:23.256910+00:00,98.2,302,ask,,,11643030
2026-06-29T08:15:23.298549,2026-06-28T22:15:23.718920+00:00,98.2,323,bid,,,11643036
2026-06-29T08:15:25.192816,2026-06-28T22:15:25.610434+00:00,98.3,1,ask,,,11643071
2026-06-29T08:15:26.958812,2026-06-28T22:15:27.371006+00:00,98.3,200,bid,,,11643092
2026-06-29T08:15:27.613224,2026-06-28T22:15:28.030217+00:00,98.3,200,ask,,,11643097
2026-06-29T08:15:32.462682,2026-06-28T22:15:32.879503+00:00,98.4,200,ask,,,11643161
2026-06-29T08:15:33.668919,2026-06-28T22:15:34.089507+00:00,98.4,200,ask,,,11643183
2026-06-29T08:15:36.648443,2026-06-28T22:15:37.068774+00:00,98.4,200,bid,,,11643222
2026-06-29T08:15:37.689516,2026-06-28T22:15:38.102127+00:00,98.5,4,bid,,,11643243
2026-06-29T08:15:38.880706,2026-06-28T22:15:39.301126+00:00,98.5,6,bid,,,11643274
2026-06-29T08:15:40.878920,2026-06-28T22:15:41.292147+00:00,98.5,5,bid,,,11643304
2026-06-29T08:15:40.878920,2026-06-28T22:15:41.292147+00:00,98.5,495,bid,,,11643305
2026-06-29T08:15:41.219741,2026-06-28T22:15:41.633156+00:00,98.5,4,bid,,,11643312
2026-06-29T08:15:41.219741,2026-06-28T22:15:41.633156+00:00,98.6,200,bid,,,11643313
2026-06-29T08:15:41.298518,2026-06-28T22:15:41.710156+00:00,98.7,2,ask,,,11643314
2026-06-29T08:15:42.714637,2026-06-28T22:15:43.138390+00:00,98.8,25,ask,,,11643360
2026-06-29T08:15:42.924147,2026-06-28T22:15:43.336381+00:00,98.8,25,ask,,,11643364
2026-06-29T08:15:43.141575,2026-06-28T22:15:43.556390+00:00,98.8,25,ask,,,11643367
2026-06-29T08:15:43.354908,2026-06-28T22:15:43.776390+00:00,98.8,25,ask,,,11643372
2026-06-29T08:15:43.371922,2026-06-28T22:15:43.787390+00:00,98.8,200,ask,,,11643375
2026-06-29T08:15:45.162479,2026-06-28T22:15:45.578905+00:00,98.7,200,ask,,,11643397
2026-06-29T08:15:45.182472,2026-06-28T22:15:45.600905+00:00,98.7,25,bid,,,11643400
2026-06-29T08:15:45.391165,2026-06-28T22:15:45.809905+00:00,98.7,25,bid,,,11643403
2026-06-29T08:15:45.602887,2026-06-28T22:15:46.018904+00:00,98.7,25,bid,,,11643413
2026-06-29T08:15:45.784689,2026-06-28T22:15:46.205925+00:00,98.7,200,bid,,,11643416
2026-06-29T08:15:45.811822,2026-06-28T22:15:46.227925+00:00,98.7,25,bid,,,11643418
2026-06-29T08:15:46.470390,2026-06-28T22:15:46.887925+00:00,98.9,200,bid,,,11643430
2026-06-29T08:15:47.218484,2026-06-28T22:15:47.635925+00:00,98.9,25,ask,,,11643451
2026-06-29T08:15:47.429132,2026-06-28T22:15:47.844925+00:00,98.9,25,ask,,,11643455
2026-06-29T08:15:50.406184,2026-06-28T22:15:50.823198+00:00,98.9,200,bid,,,11643508
2026-06-29T08:15:50.613753,2026-06-28T22:15:51.032197+00:00,98.9,200,ask,,,11643512
2026-06-29T08:15:51.823622,2026-06-28T22:15:52.241079+00:00,98.8,200,bid,,,11643541
2026-06-29T08:15:55.452000,2026-06-28T22:15:55.869344+00:00,99.0,25,ask,,,11643595
2026-06-29T08:15:55.647758,2026-06-28T22:15:56.067344+00:00,99.0,175,ask,,,11643602
2026-06-29T08:15:55.667095,2026-06-28T22:15:56.078344+00:00,98.8,20,ask,,,11643603
2026-06-29T08:15:58.360105,2026-06-28T22:15:58.772030+00:00,98.8,20,ask,,,11643654
2026-06-29T08:15:59.591167,2026-06-28T22:16:00.003546+00:00,98.7,500,ask,,,11643679
2026-06-29T08:15:59.591167,2026-06-28T22:16:00.014545+00:00,98.7,125,ask,,,11643680
2026-06-29T08:16:00.469819,2026-06-28T22:16:00.883536+00:00,98.8,25,ask,,,11643695
2026-06-29T08:16:00.680890,2026-06-28T22:16:01.091537+00:00,98.8,25,ask,,,11643702
2026-06-29T08:16:00.895932,2026-06-28T22:16:01.311545+00:00,98.8,25,ask,,,11643709
2026-06-29T08:16:00.926454,2026-06-28T22:16:01.344545+00:00,98.9,70,ask,,,11643712
2026-06-29T08:16:05.142767,2026-06-28T22:16:05.555624+00:00,98.9,200,ask,,,11643800
2026-06-29T08:16:07.569015,2026-06-28T22:16:07.986299+00:00,99.0,1,bid,,,11643845
2026-06-29T08:16:07.731250,2026-06-28T22:16:08.151307+00:00,99.0,25,ask,,,11643848
2026-06-29T08:16:08.802933,2026-06-28T22:16:09.217417+00:00,99.0,200,ask,,,11643876
2026-06-29T08:16:09.150671,2026-06-28T22:16:09.569307+00:00,99.0,2,ask,,,11643882
2026-06-29T08:16:09.359763,2026-06-28T22:16:09.778298+00:00,99.0,3,ask,,,11643887
2026-06-29T08:16:11.771827,2026-06-28T22:16:12.187300+00:00,99.0,2,ask,,,11643940
2026-06-29T08:16:12.428935,2026-06-28T22:16:12.847298+00:00,99.0,130,ask,,,11643967
2026-06-29T08:16:12.438256,2026-06-28T22:16:12.857942+00:00,99.1,5,bid,,,11643969
2026-06-29T08:16:14.862605,2026-06-28T22:16:15.277050+00:00,99.1,200,ask,,,11644019
2026-06-29T08:16:17.391556,2026-06-28T22:16:17.806613+00:00,99.0,6,ask,,,11644060
2026-06-29T08:16:17.986411,2026-06-28T22:16:18.411709+00:00,99.0,194,ask,,,11644073
2026-06-29T08:16:17.986411,2026-06-28T22:16:18.411709+00:00,98.9,431,ask,,,11644074
2026-06-29T08:16:28.119238,2026-06-28T22:16:28.537974+00:00,98.9,20,bid,,,11644260
2026-06-29T08:16:28.163229,2026-06-28T22:16:28.581974+00:00,98.9,200,bid,,,11644264
2026-06-29T08:16:33.012725,2026-06-28T22:16:33.431743+00:00,99.0,200,ask,,,11644365
2026-06-29T08:16:37.848466,2026-06-28T22:16:38.270490+00:00,99.2,2,bid,,,11644459
2026-06-29T08:16:37.848466,2026-06-28T22:16:38.270490+00:00,99.2,23,bid,,,11644460
2026-06-29T08:16:38.058374,2026-06-28T22:16:38.479491+00:00,99.2,13,bid,,,11644463
2026-06-29T08:16:39.084481,2026-06-28T22:16:39.501014+00:00,99.1,20,bid,,,11644482
2026-06-29T08:16:40.289457,2026-06-28T22:16:40.700015+00:00,99.0,200,ask,,,11644501
2026-06-29T08:16:41.499995,2026-06-28T22:16:41.920015+00:00,99.0,200,ask,,,11644529
2026-06-29T08:16:46.816965,2026-06-28T22:16:47.232313+00:00,99.1,200,bid,,,11644593
2026-06-29T08:16:47.544268,2026-06-28T22:16:47.956556+00:00,99.3,200,ask,,,11644606
2026-06-29T08:16:47.684997,2026-06-28T22:16:48.099557+00:00,99.5,25,bid,,,11644608
2026-06-29T08:16:47.895530,2026-06-28T22:16:48.308438+00:00,99.5,25,bid,,,11644612
2026-06-29T08:16:48.104561,2026-06-28T22:16:48.517438+00:00,99.5,25,bid,,,11644614
2026-06-29T08:16:48.148865,2026-06-28T22:16:48.561438+00:00,99.4,25,bid,,,11644616
2026-06-29T08:16:48.313158,2026-06-28T22:16:48.726438+00:00,99.4,3,bid,,,11644621
2026-06-29T08:16:49.524455,2026-06-28T22:16:49.936447+00:00,99.3,25,bid,,,11644639
2026-06-29T08:16:49.735347,2026-06-28T22:16:50.156447+00:00,99.3,25,bid,,,11644642
2026-06-29T08:16:49.947172,2026-06-28T22:16:50.365438+00:00,99.3,25,bid,,,11644648
2026-06-29T08:16:52.060881,2026-06-28T22:16:52.477458+00:00,99.3,200,bid,,,11644685
2026-06-29T08:16:53.591813,2026-06-28T22:16:54.002774+00:00,99.4,200,ask,,,11644707
2026-06-29T08:16:54.798762,2026-06-28T22:16:55.215773+00:00,99.4,200,ask,,,11644731
2026-06-29T08:16:56.023504,2026-06-28T22:16:56.435831+00:00,99.4,55,bid,,,11644750
2026-06-29T08:16:56.657588,2026-06-28T22:16:57.073908+00:00,99.4,120,bid,,,11644758
2026-06-29T08:16:57.322618,2026-06-28T22:16:57.744831+00:00,99.4,200,bid,,,11644777
2026-06-29T08:16:57.409825,2026-06-28T22:16:57.821831+00:00,99.5,2,bid,,,11644780
2026-06-29T08:16:57.409825,2026-06-28T22:16:57.821831+00:00,99.5,18,bid,,,11644781
2026-06-29T08:16:58.636665,2026-06-28T22:16:59.053964+00:00,99.3,200,ask,,,11644804
2026-06-29T08:16:59.945606,2026-06-28T22:17:00.362150+00:00,99.3,200,bid,,,11644840
2026-06-29T08:17:02.572017,2026-06-28T22:17:02.988970+00:00,99.3,200,ask,,,11644895
2026-06-29T08:17:04.093249,2026-06-28T22:17:04.506374+00:00,99.2,4,ask,,,11644922
2026-06-29T08:17:04.093249,2026-06-28T22:17:04.506374+00:00,99.2,16,ask,,,11644923
2026-06-29T08:17:06.504708,2026-06-28T22:17:06.923463+00:00,99.2,9,ask,,,11644978
2026-06-29T08:17:06.504708,2026-06-28T22:17:06.923463+00:00,99.2,200,ask,,,11644979
2026-06-29T08:17:06.899009,2026-06-28T22:17:07.319472+00:00,99.1,9,ask,,,11644992
2026-06-29T08:17:07.779790,2026-06-28T22:17:08.199591+00:00,99.0,20,ask,,,11645003
2026-06-29T08:17:07.812701,2026-06-28T22:17:08.232591+00:00,99.1,191,bid,,,11645004
2026-06-29T08:17:11.751135,2026-06-28T22:17:12.170612+00:00,99.2,200,bid,,,11645089
2026-06-29T08:17:12.963391,2026-06-28T22:17:13.379165+00:00,99.2,200,bid,,,11645110
2026-06-29T08:17:14.361649,2026-06-28T22:17:14.776156+00:00,99.5,1,bid,,,11645132
2026-06-29T08:17:14.361649,2026-06-28T22:17:14.787156+00:00,99.5,500,bid,,,11645133
2026-06-29T08:17:14.361649,2026-06-28T22:17:14.787156+00:00,99.5,124,bid,,,11645134
2026-06-29T08:17:14.741587,2026-06-28T22:17:15.161157+00:00,99.4,9,bid,,,11645148
2026-06-29T08:17:18.403554,2026-06-28T22:17:18.822343+00:00,99.3,25,ask,,,11645220
2026-06-29T08:17:18.613173,2026-06-28T22:17:19.031353+00:00,99.3,25,ask,,,11645224
2026-06-29T08:17:19.600576,2026-06-28T22:17:20.021344+00:00,99.4,1,bid,,,11645247
2026-06-29T08:17:19.600576,2026-06-28T22:17:20.021344+00:00,99.4,200,bid,,,11645248
2026-06-29T08:17:19.600576,2026-06-28T22:17:20.021344+00:00,99.4,424,bid,,,11645249
2026-06-29T08:17:20.387792,2026-06-28T22:17:20.802344+00:00,99.4,20,bid,,,11645274
2026-06-29T08:17:20.924967,2026-06-28T22:17:21.340462+00:00,99.3,200,ask,,,11645284
2026-06-29T08:17:21.423760,2026-06-28T22:17:21.835343+00:00,99.2,200,bid,,,11645290
2026-06-29T08:17:22.034816,2026-06-28T22:17:22.450352+00:00,99.0,1,ask,,,11645298
2026-06-29T08:17:22.034816,2026-06-28T22:17:22.450352+00:00,99.0,24,ask,,,11645299
2026-06-29T08:17:22.231696,2026-06-28T22:17:22.648352+00:00,99.3,500,bid,,,11645303
2026-06-29T08:17:22.240968,2026-06-28T22:17:22.659352+00:00,99.3,125,ask,,,11645304
2026-06-29T08:17:22.398906,2026-06-28T22:17:22.813343+00:00,98.8,20,ask,,,11645307
2026-06-29T08:17:22.636864,2026-06-28T22:17:23.054882+00:00,99.3,200,bid,,,11645313
2026-06-29T08:17:23.648296,2026-06-28T22:17:24.066395+00:00,98.9,25,ask,,,11645337
2026-06-29T08:17:23.849989,2026-06-28T22:17:24.264396+00:00,99.1,200,bid,,,11645341
2026-06-29T08:17:23.861348,2026-06-28T22:17:24.275396+00:00,98.9,25,ask,,,11645343
2026-06-29T08:17:24.075948,2026-06-28T22:17:24.495404+00:00,98.9,10,ask,,,11645347
2026-06-29T08:17:25.064270,2026-06-28T22:17:25.485405+00:00,99.0,200,bid,,,11645367
2026-06-29T08:17:26.271077,2026-06-28T22:17:26.683996+00:00,99.0,200,bid,,,11645383
2026-06-29T08:17:27.478911,2026-06-28T22:17:27.894078+00:00,99.0,200,bid,,,11645410
2026-06-29T08:17:28.494099,2026-06-28T22:17:28.906089+00:00,98.9,2,ask,,,11645427
2026-06-29T08:17:28.686558,2026-06-28T22:17:29.104090+00:00,99.0,200,bid,,,11645432
2026-06-29T08:17:28.784659,2026-06-28T22:17:29.203090+00:00,99.1,500,bid,,,11645434
2026-06-29T08:17:28.797387,2026-06-28T22:17:29.214090+00:00,99.1,75,ask,,,11645435
2026-06-29T08:17:29.255318,2026-06-28T22:17:29.676099+00:00,99.1,50,ask,,,11645442
2026-06-29T08:17:29.896216,2026-06-28T22:17:30.314090+00:00,99.1,200,bid,,,11645453
2026-06-29T08:17:31.106258,2026-06-28T22:17:31.523613+00:00,99.1,200,bid,,,11645470
2026-06-29T08:17:31.833789,2026-06-28T22:17:32.249604+00:00,99.1,20,ask,,,11645480
2026-06-29T08:17:32.299991,2026-06-28T22:17:32.722613+00:00,99.1,500,ask,,,11645490
2026-06-29T08:17:32.726700,2026-06-28T22:17:33.139741+00:00,99.1,200,ask,,,11645501
2026-06-29T08:17:33.531270,2026-06-28T22:17:33.942750+00:00,99.1,200,bid,,,11645512
2026-06-29T08:17:34.034239,2026-06-28T22:17:34.448770+00:00,99.2,7,bid,,,11645519
2026-06-29T08:17:34.034239,2026-06-28T22:17:34.448770+00:00,99.2,500,bid,,,11645520
2026-06-29T08:17:34.101130,2026-06-28T22:17:34.525770+00:00,99.2,118,ask,,,11645524
2026-06-29T08:17:34.392485,2026-06-28T22:17:34.811770+00:00,99.0,1,ask,,,11645533
2026-06-29T08:17:34.596830,2026-06-28T22:17:35.009761+00:00,99.1,71,bid,,,11645534
2026-06-29T08:17:34.746937,2026-06-28T22:17:35.163762+00:00,98.9,4,ask,,,11645538
2026-06-29T08:17:34.756592,2026-06-28T22:17:35.174762+00:00,98.9,129,bid,,,11645540
2026-06-29T08:17:34.919812,2026-06-28T22:17:35.339771+00:00,98.9,25,bid,,,11645544
2026-06-29T08:17:35.355749,2026-06-28T22:17:35.768770+00:00,98.9,42,bid,,,11645554
2026-06-29T08:17:37.383872,2026-06-28T22:17:37.802830+00:00,99.0,20,bid,,,11645597
2026-06-29T08:17:37.978094,2026-06-28T22:17:38.396956+00:00,99.0,180,bid,,,11645604
2026-06-29T08:17:38.374029,2026-06-28T22:17:38.792948+00:00,99.0,200,ask,,,11645609
2026-06-29T08:17:39.293200,2026-06-28T22:17:39.716066+00:00,98.9,500,ask,,,11645627
2026-06-29T08:17:39.542820,2026-06-28T22:17:39.958066+00:00,98.9,125,bid,,,11645628
2026-06-29T08:17:40.794751,2026-06-28T22:17:41.211462+00:00,99.0,200,ask,,,11645665
2026-06-29T08:17:41.139045,2026-06-28T22:17:41.552463+00:00,99.2,25,bid,,,11645679
2026-06-29T08:17:41.375921,2026-06-28T22:17:41.794471+00:00,99.2,25,bid,,,11645687
2026-06-29T08:17:41.586510,2026-06-28T22:17:42.003472+00:00,99.2,25,bid,,,11645691
2026-06-29T08:17:41.797259,2026-06-28T22:17:42.212462+00:00,99.2,25,bid,,,11645693
2026-06-29T08:17:44.111033,2026-06-28T22:17:44.529783+00:00,99.0,20,ask,,,11645744
2026-06-29T08:17:44.545528,2026-06-28T22:17:44.958792+00:00,98.9,200,ask,,,11645757
2026-06-29T08:17:46.842591,2026-06-28T22:17:47.256892+00:00,98.9,200,bid,,,11645799
2026-06-29T08:17:48.475724,2026-06-28T22:17:48.894573+00:00,99.0,200,bid,,,11645845
2026-06-29T08:17:48.492949,2026-06-28T22:17:48.905573+00:00,99.1,12,ask,,,11645847
2026-06-29T08:17:48.521807,2026-06-28T22:17:48.938573+00:00,99.1,12,ask,,,11645851
2026-06-29T08:17:48.552521,2026-06-28T22:17:48.971572+00:00,99.1,12,ask,,,11645854
2026-06-29T08:17:48.582387,2026-06-28T22:17:48.993573+00:00,99.1,12,ask,,,11645857
2026-06-29T08:17:48.637941,2026-06-28T22:17:49.059572+00:00,99.1,12,ask,,,11645859
2026-06-29T08:17:48.670043,2026-06-28T22:17:49.081573+00:00,99.1,12,ask,,,11645863
2026-06-29T08:17:48.698782,2026-06-28T22:17:49.114573+00:00,99.1,12,ask,,,11645865
2026-06-29T08:17:48.728163,2026-06-28T22:17:49.147572+00:00,99.1,4,ask,,,11645867
2026-06-29T08:17:51.104391,2026-06-28T22:17:51.523564+00:00,99.1,200,ask,,,11645915
2026-06-29T08:17:51.713715,2026-06-28T22:17:52.128573+00:00,99.1,200,bid,,,11645922
2026-06-29T08:17:52.930485,2026-06-28T22:17:53.348260+00:00,99.1,200,ask,,,11645944
2026-06-29T08:17:53.605426,2026-06-28T22:17:54.019269+00:00,99.3,1,bid,,,11645958
2026-06-29T08:17:53.605426,2026-06-28T22:17:54.019269+00:00,99.3,87,bid,,,11645959
2026-06-29T08:17:56.347018,2026-06-28T22:17:56.767926+00:00,99.0,200,bid,,,11645998
2026-06-29T08:17:56.550740,2026-06-28T22:17:56.976926+00:00,99.0,200,ask,,,11646006
2026-06-29T08:17:57.767731,2026-06-28T22:17:58.185921+00:00,98.9,200,ask,,,11646025
2026-06-29T08:17:58.977145,2026-06-28T22:17:59.395934+00:00,98.9,500,ask,,,11646039
2026-06-29T08:17:59.525694,2026-06-28T22:17:59.945943+00:00,98.9,125,bid,,,11646043
2026-06-29T08:17:59.525694,2026-06-28T22:17:59.945943+00:00,99.0,200,bid,,,11646044
2026-06-29T08:18:00.038432,2026-06-28T22:18:00.451934+00:00,99.2,4,bid,,,11646062
2026-06-29T08:18:01.403643,2026-06-28T22:18:01.815942+00:00,99.1,200,ask,,,11646081
2026-06-29T08:18:01.597949,2026-06-28T22:18:02.013942+00:00,99.1,300,ask,,,11646085
2026-06-29T08:18:01.597949,2026-06-28T22:18:02.013942+00:00,98.9,200,ask,,,11646086
2026-06-29T08:18:01.961680,2026-06-28T22:18:02.376943+00:00,98.9,125,bid,,,11646090
2026-06-29T08:18:02.054731,2026-06-28T22:18:02.475933+00:00,99.2,3,bid,,,11646097
2026-06-29T08:18:02.264275,2026-06-28T22:18:02.684933+00:00,99.2,4,bid,,,11646106
2026-06-29T08:18:02.906781,2026-06-28T22:18:03.322073+00:00,99.1,200,bid,,,11646112
2026-06-29T08:18:02.906781,2026-06-28T22:18:03.322073+00:00,99.2,5,bid,,,11646113
2026-06-29T08:18:03.815931,2026-06-28T22:18:04.234591+00:00,99.2,200,ask,,,11646130
2026-06-29T08:18:04.980771,2026-06-28T22:18:05.400583+00:00,99.1,500,bid,,,11646144
2026-06-29T08:18:05.523087,2026-06-28T22:18:05.939591+00:00,99.1,200,bid,,,11646157
2026-06-29T08:18:05.523087,2026-06-28T22:18:05.950591+00:00,99.3,3,bid,,,11646158
2026-06-29T08:18:06.229782,2026-06-28T22:18:06.643175+00:00,99.3,200,ask,,,11646175
2026-06-29T08:18:07.438044,2026-06-28T22:18:07.853175+00:00,99.3,200,bid,,,11646193
2026-06-29T08:18:08.644895,2026-06-28T22:18:09.062434+00:00,99.4,3,bid,,,11646215
2026-06-29T08:18:08.644895,2026-06-28T22:18:09.062434+00:00,99.4,197,bid,,,11646216
2026-06-29T08:18:09.894936,2026-06-28T22:18:10.316454+00:00,99.3,20,ask,,,11646241
2026-06-29T08:18:10.775412,2026-06-28T22:18:11.196454+00:00,99.4,200,bid,,,11646256
2026-06-29T08:18:10.775412,2026-06-28T22:18:11.196454+00:00,99.4,2,bid,,,11646257
2026-06-29T08:18:14.377748,2026-06-28T22:18:14.791183+00:00,99.4,20,bid,,,11646338
2026-06-29T08:18:15.932535,2026-06-28T22:18:16.352740+00:00,99.3,200,bid,,,11646371
2026-06-29T08:18:17.140564,2026-06-28T22:18:17.562259+00:00,99.4,200,bid,,,11646394
2026-06-29T08:18:18.969188,2026-06-28T22:18:19.387385+00:00,99.2,20,bid,,,11646435
2026-06-29T08:18:19.561950,2026-06-28T22:18:19.981376+00:00,99.2,200,bid,,,11646455
2026-06-29T08:18:21.987791,2026-06-28T22:18:22.401384+00:00,99.2,200,ask,,,11646500
2026-06-29T08:18:23.948485,2026-06-28T22:18:24.367030+00:00,99.2,200,bid,,,11646539
2026-06-29T08:18:24.078842,2026-06-28T22:18:24.498920+00:00,99.2,20,ask,,,11646544
2026-06-29T08:18:24.408843,2026-06-28T22:18:24.828448+00:00,99.2,200,ask,,,11646556
2026-06-29T08:18:25.617268,2026-06-28T22:18:26.038448+00:00,99.2,200,bid,,,11646575
2026-06-29T08:18:26.829324,2026-06-28T22:18:27.248001+00:00,99.2,200,ask,,,11646594
2026-06-29T08:18:31.681731,2026-06-28T22:18:32.097073+00:00,99.2,200,bid,,,11646709
2026-06-29T08:18:32.893517,2026-06-28T22:18:33.307196+00:00,99.2,200,ask,,,11646728
2026-06-29T08:18:33.191808,2026-06-28T22:18:33.615205+00:00,99.3,20,bid,,,11646737
2026-06-29T08:18:34.495437,2026-06-28T22:18:34.913205+00:00,99.3,200,bid,,,11646764
2026-06-29T08:18:37.124459,2026-06-28T22:18:37.541760+00:00,99.3,200,ask,,,11646814
2026-06-29T08:18:38.942856,2026-06-28T22:18:39.356876+00:00,99.3,200,bid,,,11646841
2026-06-29T08:18:40.123167,2026-06-28T22:18:40.544885+00:00,99.4,500,ask,,,11646853
2026-06-29T08:18:40.157952,2026-06-28T22:18:40.577885+00:00,99.4,125,ask,,,11646856
2026-06-29T08:18:41.466275,2026-06-28T22:18:41.886905+00:00,99.2,20,ask,,,11646887
2026-06-29T08:18:42.365030,2026-06-28T22:18:42.778015+00:00,99.2,180,ask,,,11646906
2026-06-29T08:18:43.673006,2026-06-28T22:18:44.086005+00:00,99.1,200,bid,,,11646938
2026-06-29T08:18:46.339635,2026-06-28T22:18:46.759039+00:00,99.1,200,ask,,,11646999
2026-06-29T08:18:46.775878,2026-06-28T22:18:47.187921+00:00,99.1,425,bid,,,11647010
2026-06-29T08:18:47.449812,2026-06-28T22:18:47.869930+00:00,99.1,200,ask,,,11647031
