timestamp,recv_time,price,volume,aggressor_side,buyer,seller,trade_id
2026-07-05T18:00:00.473541,2026-07-05T18:00:00.477551+00:00,155.9,11,ask,YieldingYams,Xuanyu Liu,8613137
2026-07-05T18:00:01.289906,2026-07-05T18:00:01.275081+00:00,155.9,200,ask,YieldingYams,WavyWalnuts,8613156
2026-07-05T18:00:01.839859,2026-07-05T18:00:01.844000+00:00,156.0,14,bid,Xuanyu Liu,YieldingYams,8613167
2026-07-05T18:00:02.515336,2026-07-05T18:00:02.518109+00:00,155.8,200,ask,YieldingYams,WavyWalnuts,8613188
2026-07-05T18:00:04.205585,2026-07-05T18:00:04.216036+00:00,155.8,200,bid,YieldingYams,WavyWalnuts,8613218
2026-07-05T18:00:04.931298,2026-07-05T18:00:04.938144+00:00,155.9,200,ask,YieldingYams,WavyWalnuts,8613225
2026-07-05T18:00:09.445654,2026-07-05T18:00:09.478409+00:00,155.8,200,ask,WavyWalnuts,YieldingYams,8613305
2026-07-05T18:00:09.474648,2026-07-05T18:00:09.478409+00:00,155.8,3,bid,Xuanyu Liu,YieldingYams,8613308
2026-07-05T18:00:10.764845,2026-07-05T18:00:10.768702+00:00,155.7,11,bid,Xuanyu Liu,YieldingYams,8613334
2026-07-05T18:00:12.192508,2026-07-05T18:00:12.203277+00:00,155.7,200,bid,WavyWalnuts,YieldingYams,8613362
2026-07-05T18:00:17.423637,2026-07-05T18:00:17.435151+00:00,155.6,25,bid,Harold Schneider,WavyWalnuts,8613438
2026-07-05T18:00:18.611905,2026-07-05T18:00:18.623860+00:00,155.5,200,ask,WavyWalnuts,YieldingYams,8613457
2026-07-05T18:00:18.611905,2026-07-05T18:00:18.623860+00:00,155.4,425,ask,AverageAlmonds,YieldingYams,8613458
2026-07-05T18:00:22.047734,2026-07-05T18:00:22.058606+00:00,155.7,20,bid,BrilliantBurritos,WavyWalnuts,8613509
2026-07-05T18:00:22.467859,2026-07-05T18:00:22.474660+00:00,155.5,2,ask,YieldingYams,Harold Schneider,8613513
2026-07-05T18:00:24.321937,2026-07-05T18:00:24.332406+00:00,155.6,200,ask,YieldingYams,WavyWalnuts,8613543
2026-07-05T18:00:25.530252,2026-07-05T18:00:25.541124+00:00,155.6,200,ask,YieldingYams,WavyWalnuts,8613557
2026-07-05T18:00:27.484642,2026-07-05T18:00:27.496667+00:00,155.5,2,ask,YieldingYams,Harold Schneider,8613581
2026-07-05T18:00:31.562215,2026-07-05T18:00:31.573826+00:00,155.8,20,bid,BrilliantBurritos,WavyWalnuts,8613628
2026-07-05T18:00:32.502641,2026-07-05T18:00:32.514447+00:00,155.6,2,ask,YieldingYams,Harold Schneider,8613638
2026-07-05T18:00:33.242491,2026-07-05T18:00:33.258608+00:00,155.6,20,ask,AverageAlmonds,BrilliantBurritos,8613655
2026-07-05T18:00:33.379684,2026-07-05T18:00:33.383653+00:00,155.6,11,ask,WavyWalnuts,Xuanyu Liu,8613660
2026-07-05T18:00:34.403160,2026-07-05T18:00:34.406777+00:00,155.7,3,ask,YieldingYams,Xuanyu Liu,8613675
2026-07-05T18:00:36.428448,2026-07-05T18:00:36.439602+00:00,155.8,200,ask,AverageAlmonds,WavyWalnuts,8613697
2026-07-05T18:00:37.517709,2026-07-05T18:00:37.526509+00:00,155.8,2,ask,AverageAlmonds,Harold Schneider,8613712
2026-07-05T18:00:37.838645,2026-07-05T18:00:37.858602+00:00,155.8,20,ask,AverageAlmonds,BrilliantBurritos,8613719
2026-07-05T18:00:38.164362,2026-07-05T18:00:38.174300+00:00,155.9,500,bid,AverageAlmonds,YieldingYams,8613729
2026-07-05T18:00:38.763314,2026-07-05T18:00:38.771068+00:00,156.0,200,bid,AverageAlmonds,WavyWalnuts,8613731
2026-07-05T18:00:39.401484,2026-07-05T18:00:39.412894+00:00,156.1,500,bid,AverageAlmonds,YieldingYams,8613735
2026-07-05T18:00:42.265599,2026-07-05T18:00:42.269358+00:00,156.2,3,ask,YieldingYams,Xuanyu Liu,8613781
2026-07-05T18:00:42.529700,2026-07-05T18:00:42.541518+00:00,156.2,15,ask,YieldingYams,Harold Schneider,8613787
2026-07-05T18:00:42.549465,2026-07-05T18:00:42.556974+00:00,156.2,2,ask,YieldingYams,Harold Schneider,8613790
2026-07-05T18:00:43.646306,2026-07-05T18:00:43.655940+00:00,156.2,20,bid,BrilliantBurritos,YieldingYams,8613804
2026-07-05T18:00:44.887864,2026-07-05T18:00:44.895850+00:00,156.0,200,ask,WavyWalnuts,YieldingYams,8613821
2026-07-05T18:00:44.907252,2026-07-05T18:00:44.911224+00:00,156.0,3,bid,Xuanyu Liu,YieldingYams,8613823
2026-07-05T18:00:46.105105,2026-07-05T18:00:46.110214+00:00,155.9,3,ask,AverageAlmonds,Xuanyu Liu,8613837
2026-07-05T18:00:46.209389,2026-07-05T18:00:46.213091+00:00,156.0,11,ask,YieldingYams,Xuanyu Liu,8613839
2026-07-05T18:00:47.355518,2026-07-05T18:00:47.367202+00:00,156.2,20,bid,BrilliantBurritos,YieldingYams,8613851
2026-07-05T18:00:47.519880,2026-07-05T18:00:47.523619+00:00,156.1,12,ask,YieldingYams,Xuanyu Liu,8613856
2026-07-05T18:00:47.987906,2026-07-05T18:00:47.996416+00:00,156.1,8,ask,YieldingYams,Zhangyue Shen,8613862
2026-07-05T18:00:49.200300,2026-07-05T18:00:49.203774+00:00,156.4,12,bid,Xuanyu Liu,WavyWalnuts,8613877
2026-07-05T18:00:49.764561,2026-07-05T18:00:49.768681+00:00,156.3,11,bid,Xuanyu Liu,WavyWalnuts,8613887
2026-07-05T18:00:50.976832,2026-07-05T18:00:50.980638+00:00,156.2,3,bid,Xuanyu Liu,WavyWalnuts,8613900
2026-07-05T18:00:55.373648,2026-07-05T18:00:55.383106+00:00,156.3,200,bid,YieldingYams,WavyWalnuts,8613970
2026-07-05T18:00:58.746230,2026-07-05T18:00:58.750164+00:00,156.2,14,ask,YieldingYams,Xuanyu Liu,8614025
2026-07-05T18:00:58.807484,2026-07-05T18:00:58.818033+00:00,156.2,8,ask,YieldingYams,Zhangyue Shen,8614026
2026-07-05T18:00:59.064600,2026-07-05T18:00:59.073468+00:00,156.2,8,ask,YieldingYams,Zhangyue Shen,8614034
2026-07-05T18:00:59.720261,2026-07-05T18:00:59.732203+00:00,156.3,20,bid,BrilliantBurritos,YieldingYams,8614044
2026-07-05T18:01:05.874567,2026-07-05T18:01:05.886000+00:00,156.1,200,bid,YieldingYams,WavyWalnuts,8614146
2026-07-05T18:01:06.704099,2026-07-05T18:01:06.712953+00:00,156.1,200,ask,YieldingYams,WavyWalnuts,8614152
2026-07-05T18:01:10.662776,2026-07-05T18:01:10.670553+00:00,155.9,8,ask,YieldingYams,Zhangyue Shen,8614214
2026-07-05T18:01:11.669984,2026-07-05T18:01:11.768710+00:00,156.1,8,bid,Zhangyue Shen,YieldingYams,8614235
2026-07-05T18:01:12.420792,2026-07-05T18:01:12.431794+00:00,156.0,200,ask,WavyWalnuts,YieldingYams,8614245
2026-07-05T18:01:12.759243,2026-07-05T18:01:12.769576+00:00,156.0,200,bid,WavyWalnuts,YieldingYams,8614252
2026-07-05T18:01:13.973403,2026-07-05T18:01:13.980680+00:00,156.1,200,ask,YieldingYams,WavyWalnuts,8614268
2026-07-05T18:01:14.513778,2026-07-05T18:01:14.523127+00:00,156.1,425,ask,YieldingYams,AverageAlmonds,8614272
2026-07-05T18:01:14.539122,2026-07-05T18:01:14.542801+00:00,156.1,11,bid,Xuanyu Liu,AverageAlmonds,8614274
2026-07-05T18:01:14.751785,2026-07-05T18:01:14.758335+00:00,156.1,8,bid,Zhangyue Shen,AverageAlmonds,8614279
2026-07-05T18:01:16.395351,2026-07-05T18:01:16.406927+00:00,156.0,200,ask,YieldingYams,WavyWalnuts,8614306
2026-07-05T18:01:17.603491,2026-07-05T18:01:17.613624+00:00,156.0,200,ask,YieldingYams,WavyWalnuts,8614326
2026-07-05T18:01:21.180626,2026-07-05T18:01:21.190605+00:00,156.0,8,bid,Zhangyue Shen,AverageAlmonds,8614367
2026-07-05T18:01:21.230683,2026-07-05T18:01:21.238815+00:00,156.0,200,bid,WavyWalnuts,AverageAlmonds,8614370
2026-07-05T18:01:22.404193,2026-07-05T18:01:22.413678+00:00,155.9,500,ask,YieldingYams,AverageAlmonds,8614385
2026-07-05T18:01:22.925122,2026-07-05T18:01:22.946215+00:00,156.0,200,ask,WavyWalnuts,YieldingYams,8614395
2026-07-05T18:01:22.942337,2026-07-05T18:01:22.946215+00:00,155.7,3,bid,Xuanyu Liu,YieldingYams,8614397
2026-07-05T18:01:23.647081,2026-07-05T18:01:23.656943+00:00,155.7,200,bid,WavyWalnuts,YieldingYams,8614404
2026-07-05T18:01:24.256098,2026-07-05T18:01:24.259985+00:00,155.7,3,ask,YieldingYams,Xuanyu Liu,8614422
2026-07-05T18:01:24.874519,2026-07-05T18:01:24.878322+00:00,155.9,23,ask,WavyWalnuts,Xuanyu Liu,8614432
2026-07-05T18:01:25.270645,2026-07-05T18:01:25.279980+00:00,155.9,8,ask,WavyWalnuts,Zhangyue Shen,8614443
2026-07-05T18:01:25.559427,2026-07-05T18:01:25.569629+00:00,155.9,169,ask,WavyWalnuts,YieldingYams,8614452
2026-07-05T18:01:26.486473,2026-07-05T18:01:26.498279+00:00,155.7,20,ask,WavyWalnuts,BrilliantBurritos,8614464
2026-07-05T18:01:27.134498,2026-07-05T18:01:27.138134+00:00,156.0,12,bid,Xuanyu Liu,WavyWalnuts,8614469
2026-07-05T18:01:27.186887,2026-07-05T18:01:27.190514+00:00,156.0,11,bid,Xuanyu Liu,WavyWalnuts,8614471
2026-07-05T18:01:28.180096,2026-07-05T18:01:28.202594+00:00,155.9,200,ask,WavyWalnuts,YieldingYams,8614487
2026-07-05T18:01:28.198571,2026-07-05T18:01:28.202594+00:00,155.9,3,bid,Xuanyu Liu,YieldingYams,8614490
2026-07-05T18:01:34.555408,2026-07-05T18:01:34.555704+00:00,155.8,20,ask,YieldingYams,BrilliantBurritos,8614589
2026-07-05T18:01:37.542374,2026-07-05T18:01:37.551181+00:00,155.9,20,bid,BrilliantBurritos,YieldingYams,8614630
2026-07-05T18:01:37.831464,2026-07-05T18:01:37.843058+00:00,155.9,8,bid,Zhangyue Shen,YieldingYams,8614638
2026-07-05T18:01:40.105027,2026-07-05T18:01:40.116134+00:00,156.0,8,bid,Zhangyue Shen,YieldingYams,8614678
2026-07-05T18:01:42.630625,2026-07-05T18:01:42.640764+00:00,155.9,200,ask,WavyWalnuts,YieldingYams,8614716
2026-07-05T18:01:46.556222,2026-07-05T18:01:46.565446+00:00,155.9,200,ask,WavyWalnuts,YieldingYams,8614774
2026-07-05T18:01:50.160267,2026-07-05T18:01:50.169051+00:00,155.8,8,ask,WavyWalnuts,Zhangyue Shen,8614843
2026-07-05T18:01:51.813822,2026-07-05T18:01:51.823037+00:00,155.8,200,ask,WavyWalnuts,YieldingYams,8614875
2026-07-05T18:01:52.723144,2026-07-05T18:01:52.733222+00:00,155.8,200,bid,WavyWalnuts,YieldingYams,8614892
2026-07-05T18:01:52.941188,2026-07-05T18:01:52.948865+00:00,155.5,8,ask,YieldingYams,Zhangyue Shen,8614893
2026-07-05T18:01:53.686375,2026-07-05T18:01:53.698084+00:00,155.8,20,ask,YieldingYams,BrilliantBurritos,8614902
2026-07-05T18:01:54.441881,2026-07-05T18:01:54.445254+00:00,155.9,3,ask,YieldingYams,Xuanyu Liu,8614918
2026-07-05T18:01:55.485163,2026-07-05T18:01:55.492036+00:00,155.9,8,ask,YieldingYams,Zhangyue Shen,8614934
2026-07-05T18:01:57.848955,2026-07-05T18:01:57.855363+00:00,155.9,20,ask,YieldingYams,BrilliantBurritos,8614966
2026-07-05T18:01:58.783129,2026-07-05T18:01:58.794155+00:00,156.0,200,ask,YieldingYams,WavyWalnuts,8614982
2026-07-05T18:01:59.260932,2026-07-05T18:01:59.272661+00:00,156.0,8,ask,YieldingYams,Zhangyue Shen,8614989
2026-07-05T18:01:59.990226,2026-07-05T18:02:00.001115+00:00,155.9,200,bid,WavyWalnuts,YieldingYams,8615004
2026-07-05T18:02:01.280815,2026-07-05T18:02:01.288018+00:00,156.0,8,bid,Zhangyue Shen,YieldingYams,8615023
2026-07-05T18:02:02.286917,2026-07-05T18:02:02.296335+00:00,155.8,8,ask,YieldingYams,Zhangyue Shen,8615033
2026-07-05T18:02:02.352246,2026-07-05T18:02:02.358552+00:00,155.9,20,ask,YieldingYams,BrilliantBurritos,8615036
2026-07-05T18:02:05.104533,2026-07-05T18:02:05.115403+00:00,156.1,8,bid,Zhangyue Shen,AverageAlmonds,8615082
2026-07-05T18:02:05.609374,2026-07-05T18:02:05.621064+00:00,156.2,8,bid,Zhangyue Shen,WavyWalnuts,8615088
2026-07-05T18:02:07.662259,2026-07-05T18:02:07.669701+00:00,156.1,8,bid,Zhangyue Shen,WavyWalnuts,8615129
2026-07-05T18:02:08.424265,2026-07-05T18:02:08.435104+00:00,156.1,8,bid,Zhangyue Shen,WavyWalnuts,8615139
2026-07-05T18:02:08.431507,2026-07-05T18:02:08.435104+00:00,156.1,3,bid,Xuanyu Liu,WavyWalnuts,8615141
2026-07-05T18:02:08.860152,2026-07-05T18:02:08.871188+00:00,155.9,200,ask,WavyWalnuts,YieldingYams,8615153
2026-07-05T18:02:08.877503,2026-07-05T18:02:08.881422+00:00,155.9,3,bid,Xuanyu Liu,YieldingYams,8615155
2026-07-05T18:02:14.090333,2026-07-05T18:02:14.112419+00:00,156.0,200,bid,YieldingYams,WavyWalnuts,8615222
2026-07-05T18:02:14.108857,2026-07-05T18:02:14.112419+00:00,156.0,3,ask,YieldingYams,Xuanyu Liu,8615226
2026-07-05T18:02:18.143621,2026-07-05T18:02:18.149555+00:00,155.9,200,ask,YieldingYams,WavyWalnuts,8615284
2026-07-05T18:02:19.918418,2026-07-05T18:02:19.932900+00:00,155.8,20,ask,WavyWalnuts,BrilliantBurritos,8615307
2026-07-05T18:02:21.276617,2026-07-05T18:02:21.288227+00:00,155.9,20,bid,BrilliantBurritos,YieldingYams,8615326
2026-07-05T18:02:25.879431,2026-07-05T18:02:25.887338+00:00,155.9,200,bid,YieldingYams,WavyWalnuts,8615379
2026-07-05T18:02:26.612511,2026-07-05T18:02:26.619218+00:00,156.0,200,ask,YieldingYams,WavyWalnuts,8615388
2026-07-05T18:02:26.686215,2026-07-05T18:02:26.693273+00:00,156.0,8,ask,YieldingYams,Zhangyue Shen,8615390
2026-07-05T18:02:27.202399,2026-07-05T18:02:27.212536+00:00,155.8,200,ask,WavyWalnuts,YieldingYams,8615399
2026-07-05T18:02:27.767370,2026-07-05T18:02:27.774222+00:00,155.8,425,bid,AverageAlmonds,YieldingYams,8615404
2026-07-05T18:02:28.464376,2026-07-05T18:02:28.472691+00:00,155.7,8,ask,WavyWalnuts,Zhangyue Shen,8615413
2026-07-05T18:02:29.600381,2026-07-05T18:02:29.611590+00:00,155.9,200,bid,AverageAlmonds,WavyWalnuts,8615440
2026-07-05T18:02:29.825951,2026-07-05T18:02:29.833904+00:00,155.9,300,ask,AverageAlmonds,YieldingYams,8615444
2026-07-05T18:02:30.244616,2026-07-05T18:02:30.258587+00:00,155.9,175,ask,AverageAlmonds,WavyWalnuts,8615456
2026-07-05T18:02:30.748294,2026-07-05T18:02:30.758583+00:00,155.6,8,ask,YieldingYams,Zhangyue Shen,8615465
2026-07-05T18:02:30.796213,2026-07-05T18:02:30.807281+00:00,155.9,25,bid,AverageAlmonds,WavyWalnuts,8615468
2026-07-05T18:02:30.821344,2026-07-05T18:02:30.824726+00:00,155.9,14,ask,AverageAlmonds,Xuanyu Liu,8615470
2026-07-05T18:02:31.009380,2026-07-05T18:02:31.020560+00:00,155.9,3,ask,AverageAlmonds,Zhangyue Shen,8615478
2026-07-05T18:02:36.549934,2026-07-05T18:02:36.561832+00:00,155.9,8,ask,WavyWalnuts,Zhangyue Shen,8615561
2026-07-05T18:02:37.546510,2026-07-05T18:02:37.550953+00:00,155.9,11,bid,Xuanyu Liu,WavyWalnuts,8615573
2026-07-05T18:02:38.494578,2026-07-05T18:02:38.506381+00:00,155.7,20,ask,WavyWalnuts,BrilliantBurritos,8615581
2026-07-05T18:02:40.340095,2026-07-05T18:02:40.347345+00:00,156.0,200,bid,YieldingYams,WavyWalnuts,8615622
2026-07-05T18:02:40.365226,2026-07-05T18:02:40.368983+00:00,156.0,11,ask,YieldingYams,Xuanyu Liu,8615624
2026-07-05T18:02:41.589817,2026-07-05T18:02:41.598706+00:00,156.0,8,ask,YieldingYams,Zhangyue Shen,8615644
2026-07-05T18:02:42.359787,2026-07-05T18:02:42.370228+00:00,155.9,8,ask,WavyWalnuts,Zhangyue Shen,8615660
2026-07-05T18:02:46.993583,2026-07-05T18:02:47.005354+00:00,156.1,20,bid,BrilliantBurritos,AverageAlmonds,8615739
2026-07-05T18:02:49.653892,2026-07-05T18:02:49.668970+00:00,156.1,200,bid,WavyWalnuts,YieldingYams,8615779
2026-07-05T18:02:50.814371,2026-07-05T18:02:50.822691+00:00,156.0,500,bid,YieldingYams,AverageAlmonds,8615792
2026-07-05T18:02:50.863398,2026-07-05T18:02:50.871618+00:00,156.1,125,ask,YieldingYams,WavyWalnuts,8615793
2026-07-05T18:02:51.413847,2026-07-05T18:02:51.418133+00:00,155.9,11,bid,Xuanyu Liu,AverageAlmonds,8615802
2026-07-05T18:02:52.069796,2026-07-05T18:02:52.079501+00:00,155.9,200,bid,WavyWalnuts,AverageAlmonds,8615810
2026-07-05T18:02:52.707916,2026-07-05T18:02:52.711697+00:00,155.7,11,ask,YieldingYams,Xuanyu Liu,8615825
2026-07-05T18:02:52.947941,2026-07-05T18:02:52.954124+00:00,155.7,8,ask,YieldingYams,Zhangyue Shen,8615826
2026-07-05T18:02:54.205036,2026-07-05T18:02:54.216885+00:00,155.7,8,ask,YieldingYams,Zhangyue Shen,8615845
2026-07-05T18:02:55.707554,2026-07-05T18:02:55.718431+00:00,155.7,200,bid,WavyWalnuts,AverageAlmonds,8615871
2026-07-05T18:02:56.273723,2026-07-05T18:02:56.285035+00:00,155.3,8,ask,YieldingYams,Zhangyue Shen,8615884
2026-07-05T18:02:56.916250,2026-07-05T18:02:56.932870+00:00,155.5,200,bid,WavyWalnuts,YieldingYams,8615893
2026-07-05T18:02:59.058154,2026-07-05T18:02:59.069812+00:00,155.3,11,ask,WavyWalnuts,Zhangyue Shen,8615927
2026-07-05T18:02:59.321598,2026-07-05T18:02:59.329949+00:00,155.3,3,ask,WavyWalnuts,Zhangyue Shen,8615933
2026-07-05T18:02:59.580572,2026-07-05T18:02:59.588015+00:00,155.3,3,ask,YieldingYams,Zhangyue Shen,8615940
2026-07-05T18:02:59.840017,2026-07-05T18:02:59.846730+00:00,155.3,3,ask,YieldingYams,Zhangyue Shen,8615944
2026-07-05T18:03:00.101077,2026-07-05T18:03:00.112000+00:00,155.3,3,ask,YieldingYams,Zhangyue Shen,8615948
2026-07-05T18:03:00.360519,2026-07-05T18:03:00.367679+00:00,155.3,3,ask,YieldingYams,Zhangyue Shen,8615952
2026-07-05T18:03:01.325743,2026-07-05T18:03:01.336092+00:00,155.4,200,bid,YieldingYams,WavyWalnuts,8615967
2026-07-05T18:03:01.342631,2026-07-05T18:03:01.346148+00:00,155.6,35,ask,YieldingYams,Xuanyu Liu,8615970
2026-07-05T18:03:01.370500,2026-07-05T18:03:01.378895+00:00,155.6,3,ask,YieldingYams,Zhangyue Shen,8615972
2026-07-05T18:03:01.640466,2026-07-05T18:03:01.647437+00:00,155.6,3,ask,YieldingYams,Zhangyue Shen,8615978
2026-07-05T18:03:01.768078,2026-07-05T18:03:01.776363+00:00,155.6,200,ask,YieldingYams,WavyWalnuts,8615984
2026-07-05T18:03:01.900542,2026-07-05T18:03:01.911955+00:00,155.6,3,ask,YieldingYams,Zhangyue Shen,8615989
2026-07-05T18:03:02.005946,2026-07-05T18:03:02.017768+00:00,155.6,20,ask,YieldingYams,BrilliantBurritos,8615991
2026-07-05T18:03:02.145976,2026-07-05T18:03:02.149586+00:00,155.8,12,bid,Xuanyu Liu,YieldingYams,8615999
2026-07-05T18:03:02.658092,2026-07-05T18:03:02.661967+00:00,155.6,23,bid,Xuanyu Liu,YieldingYams,8616007
2026-07-05T18:03:02.992968,2026-07-05T18:03:02.997080+00:00,155.5,11,bid,Xuanyu Liu,WavyWalnuts,8616013
2026-07-05T18:03:03.964144,2026-07-05T18:03:03.967704+00:00,155.4,3,bid,Xuanyu Liu,YieldingYams,8616030
2026-07-05T18:03:04.189389,2026-07-05T18:03:04.200523+00:00,155.4,200,bid,WavyWalnuts,YieldingYams,8616035
2026-07-05T18:03:04.710334,2026-07-05T18:03:04.722273+00:00,155.4,8,bid,Zhangyue Shen,YieldingYams,8616040
2026-07-05T18:03:07.833297,2026-07-05T18:03:07.858588+00:00,155.3,200,ask,AverageAlmonds,WavyWalnuts,8616084
2026-07-05T18:03:08.374007,2026-07-05T18:03:08.378405+00:00,155.4,3,ask,AverageAlmonds,Xuanyu Liu,8616092
2026-07-05T18:03:08.542924,2026-07-05T18:03:08.554659+00:00,155.4,20,ask,AverageAlmonds,BrilliantBurritos,8616100
2026-07-05T18:03:09.201458,2026-07-05T18:03:09.211837+00:00,155.4,500,ask,AverageAlmonds,YieldingYams,8616124
2026-07-05T18:03:09.540695,2026-07-05T18:03:09.551796+00:00,155.4,125,bid,AverageAlmonds,YieldingYams,8616126
2026-07-05T18:03:11.026194,2026-07-05T18:03:11.037838+00:00,155.5,8,bid,Zhangyue Shen,WavyWalnuts,8616162
2026-07-05T18:03:12.681165,2026-07-05T18:03:12.691042+00:00,155.3,200,ask,YieldingYams,WavyWalnuts,8616187
2026-07-05T18:03:13.148498,2026-07-05T18:03:13.152565+00:00,155.3,3,bid,Xuanyu Liu,YieldingYams,8616194
2026-07-05T18:03:13.187984,2026-07-05T18:03:13.198390+00:00,155.3,500,bid,AverageAlmonds,YieldingYams,8616198
2026-07-05T18:03:13.784093,2026-07-05T18:03:13.790730+00:00,155.3,122,bid,AverageAlmonds,YieldingYams,8616204
2026-07-05T18:03:13.889782,2026-07-05T18:03:13.897169+00:00,155.3,200,ask,AverageAlmonds,WavyWalnuts,8616211
2026-07-05T18:03:15.099403,2026-07-05T18:03:15.106296+00:00,155.4,200,ask,AverageAlmonds,WavyWalnuts,8616227
2026-07-05T18:03:15.310951,2026-07-05T18:03:15.322853+00:00,155.4,8,ask,AverageAlmonds,Zhangyue Shen,8616228
2026-07-05T18:03:15.751108,2026-07-05T18:03:15.758003+00:00,155.5,500,ask,AverageAlmonds,YieldingYams,8616232
2026-07-05T18:03:16.194503,2026-07-05T18:03:16.202967+00:00,155.5,125,bid,AverageAlmonds,YieldingYams,8616239
2026-07-05T18:03:16.309489,2026-07-05T18:03:16.320502+00:00,155.5,200,ask,AverageAlmonds,WavyWalnuts,8616241
2026-07-05T18:03:17.211381,2026-07-05T18:03:17.223221+00:00,156.0,20,bid,BrilliantBurritos,YieldingYams,8616258
2026-07-05T18:03:17.360408,2026-07-05T18:03:17.369252+00:00,155.7,8,ask,YieldingYams,Zhangyue Shen,8616259
2026-07-05T18:03:17.522974,2026-07-05T18:03:17.532919+00:00,155.7,200,ask,YieldingYams,WavyWalnuts,8616264
2026-07-05T18:03:18.734835,2026-07-05T18:03:18.745122+00:00,155.7,200,ask,YieldingYams,WavyWalnuts,8616277
2026-07-05T18:03:20.476120,2026-07-05T18:03:20.487706+00:00,155.7,20,ask,YieldingYams,BrilliantBurritos,8616297
2026-07-05T18:03:21.195719,2026-07-05T18:03:21.199662+00:00,155.7,3,ask,WavyWalnuts,Xuanyu Liu,8616312
2026-07-05T18:03:21.427638,2026-07-05T18:03:21.435039+00:00,155.7,8,ask,WavyWalnuts,Zhangyue Shen,8616315
2026-07-05T18:03:22.319250,2026-07-05T18:03:22.326106+00:00,155.7,189,ask,WavyWalnuts,YieldingYams,8616328
2026-07-05T18:03:22.364378,2026-07-05T18:03:22.372958+00:00,155.7,200,bid,WavyWalnuts,YieldingYams,8616331
2026-07-05T18:03:23.574322,2026-07-05T18:03:23.582968+00:00,155.7,200,bid,WavyWalnuts,YieldingYams,8616358
2026-07-05T18:03:24.355712,2026-07-05T18:03:24.359552+00:00,155.7,11,ask,YieldingYams,Xuanyu Liu,8616365
2026-07-05T18:03:25.916803,2026-07-05T18:03:25.928776+00:00,155.9,20,bid,BrilliantBurritos,WavyWalnuts,8616398
2026-07-05T18:03:26.012017,2026-07-05T18:03:26.015814+00:00,155.8,12,ask,WavyWalnuts,Xuanyu Liu,8616401
2026-07-05T18:03:29.792254,2026-07-05T18:03:29.803713+00:00,155.7,20,ask,YieldingYams,BrilliantBurritos,8616461
2026-07-05T18:03:30.298284,2026-07-05T18:03:30.310120+00:00,155.7,20,ask,YieldingYams,BrilliantBurritos,8616472
2026-07-05T18:03:30.685572,2026-07-05T18:03:30.697050+00:00,155.9,20,bid,BrilliantBurritos,WavyWalnuts,8616477
2026-07-05T18:03:33.797849,2026-07-05T18:03:33.801804+00:00,156.1,12,bid,Xuanyu Liu,YieldingYams,8616530
2026-07-05T18:03:34.140020,2026-07-05T18:03:34.144606+00:00,156.0,11,bid,Xuanyu Liu,YieldingYams,8616543
2026-07-05T18:03:34.227009,2026-07-05T18:03:34.238364+00:00,156.0,6,bid,Zhangyue Shen,YieldingYams,8616547
2026-07-05T18:03:34.990021,2026-07-05T18:03:35.001890+00:00,155.8,8,ask,YieldingYams,Zhangyue Shen,8616564
2026-07-05T18:03:36.010230,2026-07-05T18:03:36.021280+00:00,156.0,8,bid,Zhangyue Shen,YieldingYams,8616585
2026-07-05T18:03:36.265174,2026-07-05T18:03:36.274176+00:00,156.0,8,bid,Zhangyue Shen,YieldingYams,8616590
2026-07-05T18:03:40.182906,2026-07-05T18:03:40.186366+00:00,155.9,23,ask,WavyWalnuts,Xuanyu Liu,8616650
2026-07-05T18:03:40.558149,2026-07-05T18:03:40.566316+00:00,155.8,8,ask,YieldingYams,Zhangyue Shen,8616660
2026-07-05T18:03:42.586679,2026-07-05T18:03:42.594729+00:00,155.9,8,bid,Zhangyue Shen,YieldingYams,8616687
2026-07-05T18:03:46.876667,2026-07-05T18:03:46.889011+00:00,155.9,8,bid,Zhangyue Shen,YieldingYams,8616742
2026-07-05T18:03:47.233556,2026-07-05T18:03:47.237446+00:00,155.8,12,bid,Xuanyu Liu,YieldingYams,8616747
2026-07-05T18:03:47.782161,2026-07-05T18:03:47.793280+00:00,155.8,200,bid,WavyWalnuts,YieldingYams,8616755
2026-07-05T18:03:48.990183,2026-07-05T18:03:48.998320+00:00,155.9,200,bid,WavyWalnuts,YieldingYams,8616771
2026-07-05T18:03:49.006343,2026-07-05T18:03:49.018105+00:00,155.9,20,bid,BrilliantBurritos,YieldingYams,8616772
2026-07-05T18:03:49.684794,2026-07-05T18:03:49.688832+00:00,155.9,14,bid,Xuanyu Liu,YieldingYams,8616783
2026-07-05T18:03:52.463667,2026-07-05T18:03:52.475231+00:00,156.0,200,ask,WavyWalnuts,YieldingYams,8616817
2026-07-05T18:03:53.161122,2026-07-05T18:03:53.173093+00:00,156.0,8,bid,Zhangyue Shen,YieldingYams,8616827
2026-07-05T18:03:54.361439,2026-07-05T18:03:54.373217+00:00,156.2,20,bid,BrilliantBurritos,AverageAlmonds,8616843
2026-07-05T18:03:55.109521,2026-07-05T18:03:55.126264+00:00,156.2,200,bid,YieldingYams,WavyWalnuts,8616855
2026-07-05T18:03:55.122897,2026-07-05T18:03:55.126264+00:00,156.2,3,ask,YieldingYams,Xuanyu Liu,8616858
2026-07-05T18:03:55.604082,2026-07-05T18:03:55.615748+00:00,156.2,422,ask,YieldingYams,AverageAlmonds,8616864
2026-07-05T18:03:56.426156,2026-07-05T18:03:56.437399+00:00,156.1,200,ask,WavyWalnuts,YieldingYams,8616874
2026-07-05T18:03:56.445609,2026-07-05T18:03:56.449783+00:00,156.1,3,bid,Xuanyu Liu,YieldingYams,8616876
2026-07-05T18:03:56.458534,2026-07-05T18:03:56.465377+00:00,156.1,8,bid,Zhangyue Shen,YieldingYams,8616878
2026-07-05T18:03:57.222398,2026-07-05T18:03:57.234394+00:00,156.1,8,bid,Zhangyue Shen,YieldingYams,8616890
2026-07-05T18:03:58.329814,2026-07-05T18:03:58.341777+00:00,156.0,20,ask,WavyWalnuts,BrilliantBurritos,8616916
2026-07-05T18:03:58.675756,2026-07-05T18:03:58.685747+00:00,156.0,200,ask,YieldingYams,WavyWalnuts,8616922
2026-07-05T18:03:59.248861,2026-07-05T18:03:59.271224+00:00,156.3,8,bid,Zhangyue Shen,YieldingYams,8616936
2026-07-05T18:04:02.023638,2026-07-05T18:04:02.030721+00:00,156.1,11,bid,Zhangyue Shen,WavyWalnuts,8616971
2026-07-05T18:04:02.298121,2026-07-05T18:04:02.302717+00:00,156.1,3,bid,Xuanyu Liu,WavyWalnuts,8616979
2026-07-05T18:04:02.308004,2026-07-05T18:04:02.317969+00:00,156.1,11,bid,Zhangyue Shen,WavyWalnuts,8616981
2026-07-05T18:04:02.567879,2026-07-05T18:04:02.575012+00:00,156.1,3,bid,Zhangyue Shen,YieldingYams,8616983
2026-07-05T18:04:02.828558,2026-07-05T18:04:02.840023+00:00,156.1,3,bid,Zhangyue Shen,YieldingYams,8616987
2026-07-05T18:04:02.994222,2026-07-05T18:04:03.004216+00:00,156.1,25,bid,Harold Schneider,AverageAlmonds,8616989
2026-07-05T18:04:03.088805,2026-07-05T18:04:03.096357+00:00,156.1,3,bid,Zhangyue Shen,AverageAlmonds,8616991
2026-07-05T18:04:03.350059,2026-07-05T18:04:03.350826+00:00,156.1,3,bid,Zhangyue Shen,AverageAlmonds,8616993
2026-07-05T18:04:03.529454,2026-07-05T18:04:03.538344+00:00,156.1,200,bid,WavyWalnuts,YieldingYams,8616996
2026-07-05T18:04:03.610051,2026-07-05T18:04:03.619995+00:00,156.1,3,bid,Zhangyue Shen,YieldingYams,8616999
2026-07-05T18:04:03.869208,2026-07-05T18:04:03.876467+00:00,156.1,3,bid,Zhangyue Shen,YieldingYams,8617001
2026-07-05T18:04:04.141882,2026-07-05T18:04:04.151579+00:00,156.1,11,bid,Zhangyue Shen,YieldingYams,8617009
2026-07-05T18:04:04.401827,2026-07-05T18:04:04.413674+00:00,156.1,3,bid,Zhangyue Shen,YieldingYams,8617017
2026-07-05T18:04:04.691363,2026-07-05T18:04:04.701546+00:00,156.1,3,bid,Zhangyue Shen,YieldingYams,8617023
2026-07-05T18:04:04.740087,2026-07-05T18:04:04.751584+00:00,156.1,200,bid,WavyWalnuts,YieldingYams,8617025
2026-07-05T18:04:04.952845,2026-07-05T18:04:04.958640+00:00,156.1,3,bid,Zhangyue Shen,YieldingYams,8617029
2026-07-05T18:04:05.756638,2026-07-05T18:04:05.768377+00:00,156.2,20,bid,BrilliantBurritos,YieldingYams,8617044
2026-07-05T18:04:07.167530,2026-07-05T18:04:07.176504+00:00,156.1,200,bid,WavyWalnuts,AverageAlmonds,8617064
2026-07-05T18:04:08.226110,2026-07-05T18:04:08.233102+00:00,156.1,500,bid,YieldingYams,AverageAlmonds,8617071
2026-07-05T18:04:08.244149,2026-07-05T18:04:08.248030+00:00,156.1,3,ask,YieldingYams,Xuanyu Liu,8617073
2026-07-05T18:04:08.309319,2026-07-05T18:04:08.320312+00:00,156.1,122,ask,YieldingYams,AverageAlmonds,8617077
2026-07-05T18:04:10.800749,2026-07-05T18:04:10.807615+00:00,155.9,200,bid,WavyWalnuts,YieldingYams,8617099
2026-07-05T18:04:12.242205,2026-07-05T18:04:12.253893+00:00,156.0,4,bid,Zhangyue Shen,WavyWalnuts,8617122
2026-07-05T18:04:13.223245,2026-07-05T18:04:13.234252+00:00,155.9,200,ask,YieldingYams,WavyWalnuts,8617131
2026-07-05T18:04:14.779370,2026-07-05T18:04:14.788210+00:00,156.0,200,bid,YieldingYams,WavyWalnuts,8617153
2026-07-05T18:04:15.638094,2026-07-05T18:04:15.646620+00:00,156.1,200,ask,YieldingYams,WavyWalnuts,8617169
2026-07-05T18:04:16.107450,2026-07-05T18:04:16.110887+00:00,156.1,14,bid,Xuanyu Liu,YieldingYams,8617176
2026-07-05T18:04:16.266367,2026-07-05T18:04:16.277783+00:00,155.9,8,ask,YieldingYams,Zhangyue Shen,8617182
2026-07-05T18:04:16.520811,2026-07-05T18:04:16.532682+00:00,155.9,8,ask,YieldingYams,Zhangyue Shen,8617190
2026-07-05T18:04:17.426563,2026-07-05T18:04:17.436801+00:00,156.0,200,ask,WavyWalnuts,YieldingYams,8617197
2026-07-05T18:04:18.069627,2026-07-05T18:04:18.073400+00:00,155.9,11,ask,WavyWalnuts,Xuanyu Liu,8617208
2026-07-05T18:04:18.159994,2026-07-05T18:04:18.163998+00:00,155.9,3,ask,WavyWalnuts,Xuanyu Liu,8617214
2026-07-05T18:04:25.291671,2026-07-05T18:04:25.301220+00:00,155.8,200,ask,WavyWalnuts,YieldingYams,8617320
2026-07-05T18:04:25.309503,2026-07-05T18:04:25.317356+00:00,155.8,200,bid,WavyWalnuts,YieldingYams,8617323
2026-07-05T18:04:26.599384,2026-07-05T18:04:26.610962+00:00,155.8,200,bid,YieldingYams,WavyWalnuts,8617335
2026-07-05T18:04:27.604856,2026-07-05T18:04:27.613166+00:00,156.3,19,bid,Zhangyue Shen,YieldingYams,8617348
2026-07-05T18:04:27.727060,2026-07-05T18:04:27.734793+00:00,156.0,200,ask,YieldingYams,WavyWalnuts,8617351
2026-07-05T18:04:27.928537,2026-07-05T18:04:27.933076+00:00,156.1,3,bid,Xuanyu Liu,YieldingYams,8617358
2026-07-05T18:04:28.045203,2026-07-05T18:04:28.052538+00:00,156.1,25,bid,Harold Schneider,YieldingYams,8617365
2026-07-05T18:04:28.068803,2026-07-05T18:04:28.073005+00:00,156.0,10,bid,Xuanyu Liu,Harold Schneider,8617367
2026-07-05T18:04:28.933816,2026-07-05T18:04:28.944819+00:00,155.9,10,ask,Harold Schneider,WavyWalnuts,8617377
2026-07-05T18:04:28.933816,2026-07-05T18:04:28.944819+00:00,155.8,190,ask,YieldingYams,WavyWalnuts,8617378
2026-07-05T18:04:29.223422,2026-07-05T18:04:29.233939+00:00,155.8,500,ask,AverageAlmonds,YieldingYams,8617381
2026-07-05T18:04:29.243916,2026-07-05T18:04:29.247591+00:00,155.7,36,bid,Xuanyu Liu,YieldingYams,8617384
2026-07-05T18:04:29.505393,2026-07-05T18:04:29.512032+00:00,155.7,89,bid,AverageAlmonds,YieldingYams,8617388
2026-07-05T18:04:30.531480,2026-07-05T18:04:30.542985+00:00,155.8,500,ask,AverageAlmonds,YieldingYams,8617404
2026-07-05T18:04:30.531480,2026-07-05T18:04:30.542985+00:00,155.8,125,ask,WavyWalnuts,YieldingYams,8617405
2026-07-05T18:04:30.731083,2026-07-05T18:04:30.734735+00:00,155.8,12,ask,WavyWalnuts,Xuanyu Liu,8617410
2026-07-05T18:04:30.809978,2026-07-05T18:04:30.813405+00:00,155.8,23,ask,WavyWalnuts,Xuanyu Liu,8617413
2026-07-05T18:04:31.838266,2026-07-05T18:04:31.847932+00:00,156.0,200,bid,YieldingYams,WavyWalnuts,8617421
2026-07-05T18:04:31.854716,2026-07-05T18:04:31.858890+00:00,156.1,14,ask,YieldingYams,Xuanyu Liu,8617423
2026-07-05T18:04:32.562607,2026-07-05T18:04:32.574331+00:00,156.1,200,ask,YieldingYams,WavyWalnuts,8617436
2026-07-05T18:04:33.062492,2026-07-05T18:04:33.074227+00:00,156.1,25,ask,YieldingYams,Harold Schneider,8617443
2026-07-05T18:04:33.971473,2026-07-05T18:04:33.975191+00:00,156.0,3,bid,Xuanyu Liu,WavyWalnuts,8617460
2026-07-05T18:04:34.474917,2026-07-05T18:04:34.479167+00:00,155.9,4,bid,Xuanyu Liu,YieldingYams,8617472
2026-07-05T18:04:37.417341,2026-07-05T18:04:37.426126+00:00,156.0,200,bid,WavyWalnuts,YieldingYams,8617514
2026-07-05T18:04:42.275740,2026-07-05T18:04:42.284996+00:00,155.9,200,ask,YieldingYams,WavyWalnuts,8617579
2026-07-05T18:04:43.567801,2026-07-05T18:04:43.577067+00:00,155.9,20,bid,BrilliantBurritos,WavyWalnuts,8617593
2026-07-05T18:04:46.798828,2026-07-05T18:04:46.810857+00:00,155.7,20,ask,WavyWalnuts,BrilliantBurritos,8617635
2026-07-05T18:04:48.113540,2026-07-05T18:04:48.125365+00:00,155.7,8,ask,WavyWalnuts,Zhangyue Shen,8617658
2026-07-05T18:04:48.363961,2026-07-05T18:04:48.367623+00:00,155.8,4,ask,WavyWalnuts,Xuanyu Liu,8617664
2026-07-05T18:04:49.691666,2026-07-05T18:04:49.695393+00:00,155.8,3,ask,YieldingYams,Xuanyu Liu,8617680
2026-07-05T18:04:51.337498,2026-07-05T18:04:51.344094+00:00,155.9,200,ask,WavyWalnuts,AverageAlmonds,8617703
2026-07-05T18:04:51.478300,2026-07-05T18:04:51.487722+00:00,155.9,300,bid,YieldingYams,AverageAlmonds,8617716
2026-07-05T18:04:51.978834,2026-07-05T18:04:51.986668+00:00,155.9,200,ask,YieldingYams,WavyWalnuts,8617721
2026-07-05T18:04:53.130168,2026-07-05T18:04:53.138817+00:00,155.7,25,ask,YieldingYams,Harold Schneider,8617734
2026-07-05T18:04:54.413384,2026-07-05T18:04:54.417421+00:00,155.9,3,ask,WavyWalnuts,Xuanyu Liu,8617750
2026-07-05T18:04:54.950862,2026-07-05T18:04:54.956103+00:00,155.9,197,ask,WavyWalnuts,AverageAlmonds,8617754
2026-07-05T18:04:59.224774,2026-07-05T18:04:59.229122+00:00,155.7,11,ask,YieldingYams,Xuanyu Liu,8617813
2026-07-05T18:04:59.240893,2026-07-05T18:04:59.249883+00:00,155.7,200,ask,YieldingYams,WavyWalnuts,8617814
2026-07-05T18:04:59.507583,2026-07-05T18:04:59.514887+00:00,155.7,20,ask,YieldingYams,BrilliantBurritos,8617820
2026-07-05T18:05:00.448756,2026-07-05T18:05:00.458612+00:00,155.7,200,ask,YieldingYams,WavyWalnuts,8617838
2026-07-05T18:05:02.485230,2026-07-05T18:05:02.489894+00:00,155.8,12,ask,YieldingYams,Xuanyu Liu,8617867
2026-07-05T18:05:04.627462,2026-07-05T18:05:04.639015+00:00,155.8,500,ask,YieldingYams,AverageAlmonds,8617893
2026-07-05T18:05:05.224261,2026-07-05T18:05:05.232169+00:00,155.8,125,ask,YieldingYams,AverageAlmonds,8617901
2026-07-05T18:05:05.287523,2026-07-05T18:05:05.297138+00:00,155.8,200,bid,WavyWalnuts,AverageAlmonds,8617904
2026-07-05T18:05:05.901071,2026-07-05T18:05:05.904768+00:00,155.5,11,ask,YieldingYams,Xuanyu Liu,8617910
2026-07-05T18:05:06.500129,2026-07-05T18:05:06.510965+00:00,155.7,200,bid,WavyWalnuts,YieldingYams,8617916
2026-07-05T18:05:07.710811,2026-07-05T18:05:07.717796+00:00,155.7,200,bid,WavyWalnuts,YieldingYams,8617934
2026-07-05T18:05:08.752776,2026-07-05T18:05:08.756579+00:00,155.7,11,bid,Xuanyu Liu,AverageAlmonds,8617946
2026-07-05T18:05:09.292010,2026-07-05T18:05:09.303701+00:00,155.6,20,ask,WavyWalnuts,BrilliantBurritos,8617950
2026-07-05T18:05:09.471574,2026-07-05T18:05:09.489475+00:00,155.6,180,ask,WavyWalnuts,AverageAlmonds,8617952
2026-07-05T18:05:09.485670,2026-07-05T18:05:09.489475+00:00,155.6,12,bid,Xuanyu Liu,AverageAlmonds,8617954
2026-07-05T18:05:09.832484,2026-07-05T18:05:09.839129+00:00,155.6,308,bid,YieldingYams,AverageAlmonds,8617964
2026-07-05T18:05:10.064842,2026-07-05T18:05:10.085996+00:00,155.6,317,ask,YieldingYams,AverageAlmonds,8617970
2026-07-05T18:05:10.082661,2026-07-05T18:05:10.085996+00:00,155.5,11,bid,Xuanyu Liu,AverageAlmonds,8617973
2026-07-05T18:05:10.126507,2026-07-05T18:05:10.134779+00:00,155.5,172,bid,WavyWalnuts,AverageAlmonds,8617974
2026-07-05T18:05:10.675133,2026-07-05T18:05:10.695511+00:00,155.6,28,ask,WavyWalnuts,AverageAlmonds,8617983
2026-07-05T18:05:10.691629,2026-07-05T18:05:10.695511+00:00,155.4,3,bid,Xuanyu Liu,AverageAlmonds,8617985
2026-07-05T18:05:11.334129,2026-07-05T18:05:11.364593+00:00,155.5,200,bid,WavyWalnuts,YieldingYams,8618000
2026-07-05T18:05:12.511632,2026-07-05T18:05:12.521654+00:00,155.4,500,ask,YieldingYams,AverageAlmonds,8618024
2026-07-05T18:05:12.541889,2026-07-05T18:05:12.550792+00:00,155.7,200,bid,WavyWalnuts,YieldingYams,8618027
2026-07-05T18:05:13.106178,2026-07-05T18:05:13.112974+00:00,155.4,125,ask,YieldingYams,AverageAlmonds,8618028
2026-07-05T18:05:13.749840,2026-07-05T18:05:13.763910+00:00,155.4,200,bid,WavyWalnuts,AverageAlmonds,8618038
2026-07-05T18:05:14.962215,2026-07-05T18:05:14.968879+00:00,155.4,200,bid,WavyWalnuts,YieldingYams,8618068
2026-07-05T18:05:21.644282,2026-07-05T18:05:21.653390+00:00,155.5,500,bid,YieldingYams,AverageAlmonds,8618159
2026-07-05T18:05:22.172830,2026-07-05T18:05:22.181700+00:00,155.5,125,ask,YieldingYams,AverageAlmonds,8618167
2026-07-05T18:05:23.445903,2026-07-05T18:05:23.458563+00:00,155.1,20,ask,YieldingYams,BrilliantBurritos,8618193
2026-07-05T18:05:25.600811,2026-07-05T18:05:25.604377+00:00,155.3,3,bid,Xuanyu Liu,YieldingYams,8618230
2026-07-05T18:05:26.895981,2026-07-05T18:05:26.902613+00:00,155.1,200,ask,WavyWalnuts,YieldingYams,8618241
2026-07-05T18:05:26.913330,2026-07-05T18:05:26.916968+00:00,155.1,23,bid,Xuanyu Liu,YieldingYams,8618243
2026-07-05T18:05:27.083761,2026-07-05T18:05:27.087250+00:00,155.0,11,bid,Xuanyu Liu,WavyWalnuts,8618247
2026-07-05T18:05:27.259542,2026-07-05T18:05:27.271284+00:00,154.8,20,ask,YieldingYams,BrilliantBurritos,8618248
2026-07-05T18:05:29.492381,2026-07-05T18:05:29.503945+00:00,154.8,200,ask,YieldingYams,WavyWalnuts,8618270
2026-07-05T18:05:30.864012,2026-07-05T18:05:30.867333+00:00,154.7,37,ask,WavyWalnuts,Xuanyu Liu,8618295
2026-07-05T18:05:36.750490,2026-07-05T18:05:36.753657+00:00,154.8,200,bid,WavyWalnuts,YieldingYams,8618366
2026-07-05T18:05:39.180704,2026-07-05T18:05:39.190376+00:00,154.7,200,bid,WavyWalnuts,YieldingYams,8618413
2026-07-05T18:05:39.610142,2026-07-05T18:05:39.621930+00:00,154.7,20,bid,BrilliantBurritos,YieldingYams,8618421
2026-07-05T18:05:39.721863,2026-07-05T18:05:39.730593+00:00,154.7,405,bid,AverageAlmonds,YieldingYams,8618423
2026-07-05T18:05:41.606002,2026-07-05T18:05:41.616321+00:00,154.8,200,ask,YieldingYams,WavyWalnuts,8618450
2026-07-05T18:05:41.641133,2026-07-05T18:05:41.652799+00:00,155.1,20,bid,BrilliantBurritos,YieldingYams,8618451
2026-07-05T18:05:42.264977,2026-07-05T18:05:42.274877+00:00,154.8,20,ask,YieldingYams,BrilliantBurritos,8618466
2026-07-05T18:05:42.815008,2026-07-05T18:05:42.824024+00:00,154.8,200,ask,YieldingYams,WavyWalnuts,8618476
2026-07-05T18:05:44.026298,2026-07-05T18:05:44.034904+00:00,154.7,200,ask,AverageAlmonds,WavyWalnuts,8618496
2026-07-05T18:05:44.579430,2026-07-05T18:05:44.586450+00:00,154.8,500,bid,AverageAlmonds,YieldingYams,8618503
2026-07-05T18:05:45.175127,2026-07-05T18:05:45.186443+00:00,154.8,125,bid,AverageAlmonds,YieldingYams,8618509
2026-07-05T18:05:45.235670,2026-07-05T18:05:45.260941+00:00,154.8,200,ask,AverageAlmonds,WavyWalnuts,8618513
2026-07-05T18:05:46.249560,2026-07-05T18:05:46.256423+00:00,154.9,20,ask,AverageAlmonds,BrilliantBurritos,8618536
2026-07-05T18:05:46.442971,2026-07-05T18:05:46.463767+00:00,155.0,200,ask,AverageAlmonds,WavyWalnuts,8618540
2026-07-05T18:05:47.649415,2026-07-05T18:05:47.653105+00:00,155.0,200,ask,AverageAlmonds,WavyWalnuts,8618556
2026-07-05T18:05:47.873039,2026-07-05T18:05:47.883646+00:00,155.0,300,ask,AverageAlmonds,YieldingYams,8618561
2026-07-05T18:05:48.212966,2026-07-05T18:05:48.220447+00:00,154.9,325,bid,AverageAlmonds,YieldingYams,8618565
2026-07-05T18:05:48.859366,2026-07-05T18:05:48.869372+00:00,155.1,200,ask,AverageAlmonds,WavyWalnuts,8618570
2026-07-05T18:05:49.182539,2026-07-05T18:05:49.190977+00:00,155.1,300,ask,AverageAlmonds,YieldingYams,8618579
2026-07-05T18:05:49.418257,2026-07-05T18:05:49.430031+00:00,155.0,325,bid,AverageAlmonds,YieldingYams,8618586
2026-07-05T18:05:50.069378,2026-07-05T18:05:50.079905+00:00,155.1,200,ask,AverageAlmonds,WavyWalnuts,8618593
2026-07-05T18:05:50.531335,2026-07-05T18:05:50.535530+00:00,155.4,49,bid,Xuanyu Liu,YieldingYams,8618600
2026-07-05T18:05:51.281344,2026-07-05T18:05:51.290628+00:00,155.2,200,ask,YieldingYams,WavyWalnuts,8618615
2026-07-05T18:05:51.873026,2026-07-05T18:05:51.876592+00:00,155.3,11,bid,Xuanyu Liu,YieldingYams,8618626
2026-07-05T18:05:52.511379,2026-07-05T18:05:52.515394+00:00,155.2,11,bid,Xuanyu Liu,WavyWalnuts,8618635
2026-07-05T18:05:53.013550,2026-07-05T18:05:53.017515+00:00,155.1,45,ask,YieldingYams,Xuanyu Liu,8618642
2026-07-05T18:05:54.440155,2026-07-05T18:05:54.468955+00:00,155.2,200,bid,YieldingYams,WavyWalnuts,8618670
2026-07-05T18:05:54.464757,2026-07-05T18:05:54.468955+00:00,155.2,5,ask,YieldingYams,Xuanyu Liu,8618672
2026-07-05T18:05:54.911758,2026-07-05T18:05:54.920564+00:00,155.2,200,ask,YieldingYams,WavyWalnuts,8618680
2026-07-05T18:05:59.754691,2026-07-05T18:05:59.758564+00:00,155.0,200,ask,YieldingYams,WavyWalnuts,8618750
2026-07-05T18:05:59.943472,2026-07-05T18:05:59.954976+00:00,155.2,20,bid,BrilliantBurritos,YieldingYams,8618754
2026-07-05T18:06:00.966492,2026-07-05T18:06:00.974659+00:00,155.0,200,ask,YieldingYams,WavyWalnuts,8618765
2026-07-05T18:06:02.452882,2026-07-05T18:06:02.457173+00:00,155.0,5,bid,Xuanyu Liu,WavyWalnuts,8618796
2026-07-05T18:06:03.240864,2026-07-05T18:06:03.250967+00:00,155.0,20,bid,BrilliantBurritos,WavyWalnuts,8618813
2026-07-05T18:06:03.277544,2026-07-05T18:06:03.284148+00:00,155.0,25,bid,Harold Schneider,WavyWalnuts,8618815
2026-07-05T18:06:03.303037,2026-07-05T18:06:03.307427+00:00,155.0,10,bid,Xuanyu Liu,WavyWalnuts,8618817
2026-07-05T18:06:05.810910,2026-07-05T18:06:05.814931+00:00,155.0,13,bid,Xuanyu Liu,WavyWalnuts,8618867
2026-07-05T18:06:05.820857,2026-07-05T18:06:05.825659+00:00,155.0,11,bid,Xuanyu Liu,WavyWalnuts,8618869
2026-07-05T18:06:06.230260,2026-07-05T18:06:06.236810+00:00,155.0,176,bid,YieldingYams,WavyWalnuts,8618878
2026-07-05T18:06:09.464301,2026-07-05T18:06:09.467814+00:00,155.0,11,ask,WavyWalnuts,Xuanyu Liu,8618915
2026-07-05T18:06:09.732563,2026-07-05T18:06:09.744202+00:00,155.0,20,ask,WavyWalnuts,BrilliantBurritos,8618916
2026-07-05T18:06:10.167201,2026-07-05T18:06:10.174408+00:00,155.0,169,ask,WavyWalnuts,YieldingYams,8618926
2026-07-05T18:06:11.178797,2026-07-05T18:06:11.190610+00:00,155.0,20,bid,BrilliantBurritos,YieldingYams,8618946
2026-07-05T18:06:13.332220,2026-07-05T18:06:13.336678+00:00,155.0,10,ask,YieldingYams,Xuanyu Liu,8618974
2026-07-05T18:06:14.301889,2026-07-05T18:06:14.305299+00:00,155.1,2,ask,WavyWalnuts,Xuanyu Liu,8618991
2026-07-05T18:06:15.279343,2026-07-05T18:06:15.283355+00:00,155.1,23,ask,WavyWalnuts,Xuanyu Liu,8619000
2026-07-05T18:06:15.524479,2026-07-05T18:06:15.528618+00:00,155.2,11,ask,WavyWalnuts,Xuanyu Liu,8619009
2026-07-05T18:06:16.723776,2026-07-05T18:06:16.730640+00:00,155.3,200,bid,WavyWalnuts,YieldingYams,8619028
2026-07-05T18:06:18.350942,2026-07-05T18:06:18.358594+00:00,155.0,2,ask,WavyWalnuts,Harold Schneider,8619053
2026-07-05T18:06:19.174702,2026-07-05T18:06:19.178311+00:00,155.1,11,bid,Xuanyu Liu,WavyWalnuts,8619068
2026-07-05T18:06:21.608751,2026-07-05T18:06:21.612832+00:00,155.0,11,ask,WavyWalnuts,Xuanyu Liu,8619111
2026-07-05T18:06:21.981587,2026-07-05T18:06:21.989299+00:00,155.0,189,ask,WavyWalnuts,YieldingYams,8619119
2026-07-05T18:06:24.603542,2026-07-05T18:06:24.614730+00:00,154.8,200,bid,YieldingYams,WavyWalnuts,8619159
2026-07-05T18:06:26.005450,2026-07-05T18:06:26.017165+00:00,155.0,20,bid,BrilliantBurritos,WavyWalnuts,8619178
2026-07-05T18:06:27.930823,2026-07-05T18:06:27.934891+00:00,154.8,3,ask,YieldingYams,Xuanyu Liu,8619209
2026-07-05T18:06:28.401139,2026-07-05T18:06:28.410841+00:00,154.8,2,ask,YieldingYams,Harold Schneider,8619214
2026-07-05T18:06:29.316687,2026-07-05T18:06:29.328494+00:00,154.6,20,ask,YieldingYams,BrilliantBurritos,8619232
2026-07-05T18:06:32.411876,2026-07-05T18:06:32.427897+00:00,154.8,500,bid,AverageAlmonds,YieldingYams,8619280
2026-07-05T18:06:32.466686,2026-07-05T18:06:32.474482+00:00,154.8,200,bid,YieldingYams,WavyWalnuts,8619283
2026-07-05T18:06:33.419549,2026-07-05T18:06:33.426789+00:00,154.9,2,ask,YieldingYams,Harold Schneider,8619305
2026-07-05T18:06:33.782924,2026-07-05T18:06:33.791636+00:00,155.0,500,ask,AverageAlmonds,YieldingYams,8619310
2026-07-05T18:06:34.212998,2026-07-05T18:06:34.222296+00:00,154.9,125,bid,AverageAlmonds,YieldingYams,8619321
2026-07-05T18:06:35.088298,2026-07-05T18:06:35.098069+00:00,155.0,200,bid,YieldingYams,WavyWalnuts,8619340
2026-07-05T18:06:37.031759,2026-07-05T18:06:37.043797+00:00,155.0,20,ask,WavyWalnuts,BrilliantBurritos,8619370
2026-07-05T18:06:37.718324,2026-07-05T18:06:37.722063+00:00,155.2,3,bid,Xuanyu Liu,YieldingYams,8619385
2026-07-05T18:06:38.438303,2026-07-05T18:06:38.449449+00:00,155.2,25,bid,Harold Schneider,YieldingYams,8619399
2026-07-05T18:06:39.736973,2026-07-05T18:06:39.746145+00:00,155.2,200,bid,WavyWalnuts,YieldingYams,8619417
2026-07-05T18:06:41.626544,2026-07-05T18:06:41.636165+00:00,155.0,200,ask,WavyWalnuts,YieldingYams,8619451
2026-07-05T18:06:42.720236,2026-07-05T18:06:42.731561+00:00,155.0,425,bid,AverageAlmonds,YieldingYams,8619471
2026-07-05T18:06:44.264767,2026-07-05T18:06:44.270033+00:00,155.1,3,ask,YieldingYams,Xuanyu Liu,8619493
2026-07-05T18:06:47.002924,2026-07-05T18:06:47.013196+00:00,155.1,200,ask,YieldingYams,WavyWalnuts,8619530
2026-07-05T18:06:49.422834,2026-07-05T18:06:49.433536+00:00,155.1,200,bid,WavyWalnuts,YieldingYams,8619575
2026-07-05T18:06:50.214329,2026-07-05T18:06:50.226463+00:00,155.2,20,bid,BrilliantBurritos,YieldingYams,8619583
2026-07-05T18:06:50.797883,2026-07-05T18:06:50.808335+00:00,155.1,200,bid,YieldingYams,WavyWalnuts,8619590
2026-07-05T18:06:51.836281,2026-07-05T18:06:51.845617+00:00,155.1,200,ask,YieldingYams,WavyWalnuts,8619603
2026-07-05T18:06:53.469350,2026-07-05T18:06:53.481044+00:00,155.1,25,ask,AverageAlmonds,Harold Schneider,8619631
2026-07-05T18:06:54.833605,2026-07-05T18:06:54.840415+00:00,155.3,200,bid,AverageAlmonds,WavyWalnuts,8619660
2026-07-05T18:06:54.855718,2026-07-05T18:06:54.859499+00:00,155.3,3,ask,AverageAlmonds,Xuanyu Liu,8619663
2026-07-05T18:06:55.468903,2026-07-05T18:06:55.480707+00:00,155.3,200,ask,AverageAlmonds,WavyWalnuts,8619671
2026-07-05T18:06:58.449635,2026-07-05T18:06:58.464159+00:00,155.4,500,bid,AverageAlmonds,YieldingYams,8619718
2026-07-05T18:07:02.762857,2026-07-05T18:07:02.770139+00:00,155.6,200,bid,WavyWalnuts,YieldingYams,8619782
2026-07-05T18:07:03.492230,2026-07-05T18:07:03.499303+00:00,155.5,19,ask,AverageAlmonds,Harold Schneider,8619792
2026-07-05T18:07:09.197480,2026-07-05T18:07:09.201872+00:00,155.8,3,bid,Xuanyu Liu,YieldingYams,8619863
2026-07-05T18:07:11.805646,2026-07-05T18:07:11.812851+00:00,155.5,200,ask,WavyWalnuts,YieldingYams,8619893
2026-07-05T18:07:11.823887,2026-07-05T18:07:11.827456+00:00,155.5,3,bid,Xuanyu Liu,YieldingYams,8619895
2026-07-05T18:07:12.907609,2026-07-05T18:07:12.919550+00:00,155.4,20,ask,WavyWalnuts,BrilliantBurritos,8619906
2026-07-05T18:07:13.555554,2026-07-05T18:07:13.560382+00:00,155.4,3,ask,WavyWalnuts,Xuanyu Liu,8619916
2026-07-05T18:07:16.084889,2026-07-05T18:07:16.096322+00:00,155.4,200,ask,YieldingYams,WavyWalnuts,8619948
2026-07-05T18:07:18.349051,2026-07-05T18:07:18.368635+00:00,155.6,200,bid,YieldingYams,WavyWalnuts,8619982
2026-07-05T18:07:18.364494,2026-07-05T18:07:18.368635+00:00,155.6,3,ask,YieldingYams,Xuanyu Liu,8619984
2026-07-05T18:07:19.713794,2026-07-05T18:07:19.722400+00:00,155.7,200,ask,YieldingYams,WavyWalnuts,8620009
2026-07-05T18:07:23.587099,2026-07-05T18:07:23.596235+00:00,155.8,2,bid,Harold Schneider,YieldingYams,8620059
2026-07-05T18:07:24.548591,2026-07-05T18:07:24.556137+00:00,155.8,200,bid,WavyWalnuts,YieldingYams,8620074
2026-07-05T18:07:25.759149,2026-07-05T18:07:25.769216+00:00,155.8,200,bid,WavyWalnuts,YieldingYams,8620096
2026-07-05T18:07:27.571328,2026-07-05T18:07:27.579282+00:00,155.9,500,bid,YieldingYams,AverageAlmonds,8620122
2026-07-05T18:07:27.999367,2026-07-05T18:07:28.003468+00:00,156.0,3,bid,Xuanyu Liu,WavyWalnuts,8620133
2026-07-05T18:07:28.122455,2026-07-05T18:07:28.130039+00:00,155.9,125,ask,YieldingYams,AverageAlmonds,8620137
2026-07-05T18:07:28.604503,2026-07-05T18:07:28.616380+00:00,155.9,2,bid,Harold Schneider,AverageAlmonds,8620141
2026-07-05T18:07:29.388085,2026-07-05T18:07:29.395441+00:00,155.8,200,bid,WavyWalnuts,YieldingYams,8620157
2026-07-05T18:07:30.598854,2026-07-05T18:07:30.608090+00:00,155.8,200,bid,WavyWalnuts,YieldingYams,8620168
2026-07-05T18:07:31.506327,2026-07-05T18:07:31.510694+00:00,155.9,3,ask,YieldingYams,Xuanyu Liu,8620189
2026-07-05T18:07:33.618297,2026-07-05T18:07:33.629934+00:00,155.9,4,ask,WavyWalnuts,Harold Schneider,8620214
2026-07-05T18:07:33.640162,2026-07-05T18:07:33.643479+00:00,155.9,10,ask,WavyWalnuts,Xuanyu Liu,8620217
2026-07-05T18:07:36.591136,2026-07-05T18:07:36.598073+00:00,155.9,500,ask,YieldingYams,AverageAlmonds,8620253
2026-07-05T18:07:36.647896,2026-07-05T18:07:36.668962+00:00,155.9,125,ask,YieldingYams,WavyWalnuts,8620256
2026-07-05T18:07:36.665235,2026-07-05T18:07:36.668962+00:00,155.9,10,bid,Xuanyu Liu,WavyWalnuts,8620260
2026-07-05T18:07:36.686851,2026-07-05T18:07:36.698474+00:00,155.6,20,ask,WavyWalnuts,BrilliantBurritos,8620261
2026-07-05T18:07:36.737664,2026-07-05T18:07:36.741309+00:00,155.8,3,bid,Xuanyu Liu,YieldingYams,8620264
2026-07-05T18:07:37.756839,2026-07-05T18:07:37.768725+00:00,155.8,20,bid,BrilliantBurritos,YieldingYams,8620275
2026-07-05T18:07:38.650939,2026-07-05T18:07:38.654805+00:00,155.8,2,bid,Harold Schneider,YieldingYams,8620289
2026-07-05T18:07:42.697036,2026-07-05T18:07:42.712286+00:00,155.8,200,ask,YieldingYams,WavyWalnuts,8620342
2026-07-05T18:07:43.671264,2026-07-05T18:07:43.679520+00:00,155.8,2,bid,Harold Schneider,YieldingYams,8620357
2026-07-05T18:07:45.923788,2026-07-05T18:07:45.930817+00:00,155.8,200,bid,YieldingYams,WavyWalnuts,8620385
2026-07-05T18:07:45.942176,2026-07-05T18:07:45.945984+00:00,155.8,3,ask,YieldingYams,Xuanyu Liu,8620387
2026-07-05T18:07:47.539088,2026-07-05T18:07:47.548875+00:00,155.8,200,ask,YieldingYams,WavyWalnuts,8620405
2026-07-05T18:07:48.717322,2026-07-05T18:07:48.725329+00:00,155.8,4,ask,YieldingYams,Harold Schneider,8620418
2026-07-05T18:07:49.848041,2026-07-05T18:07:49.858570+00:00,155.9,200,bid,YieldingYams,WavyWalnuts,8620431
2026-07-05T18:07:49.892998,2026-07-05T18:07:49.904482+00:00,155.9,20,ask,YieldingYams,BrilliantBurritos,8620434
2026-07-05T18:07:51.147831,2026-07-05T18:07:51.156140+00:00,156.0,200,ask,WavyWalnuts,AverageAlmonds,8620450
2026-07-05T18:07:51.178678,2026-07-05T18:07:51.205216+00:00,156.0,200,bid,WavyWalnuts,AverageAlmonds,8620453
2026-07-05T18:07:51.200878,2026-07-05T18:07:51.205216+00:00,156.0,3,bid,Xuanyu Liu,AverageAlmonds,8620455
2026-07-05T18:07:51.748129,2026-07-05T18:07:51.753854+00:00,155.9,500,ask,YieldingYams,AverageAlmonds,8620462
2026-07-05T18:07:52.493191,2026-07-05T18:07:52.502581+00:00,155.9,200,ask,WavyWalnuts,YieldingYams,8620474
2026-07-05T18:07:54.835893,2026-07-05T18:07:54.839345+00:00,155.9,3,ask,WavyWalnuts,Xuanyu Liu,8620505
2026-07-05T18:07:55.106543,2026-07-05T18:07:55.116374+00:00,155.9,197,ask,WavyWalnuts,YieldingYams,8620508
2026-07-05T18:07:58.801712,2026-07-05T18:07:58.811612+00:00,156.0,2,bid,Harold Schneider,YieldingYams,8620548
2026-07-05T18:08:04.505547,2026-07-05T18:08:04.513183+00:00,155.7,200,ask,YieldingYams,WavyWalnuts,8620631
2026-07-05T18:08:05.599688,2026-07-05T18:08:05.603460+00:00,155.6,3,bid,Xuanyu Liu,YieldingYams,8620642
2026-07-05T18:08:09.121232,2026-07-05T18:08:09.124922+00:00,155.7,3,bid,Xuanyu Liu,AverageAlmonds,8620688
2026-07-05T18:08:11.767006,2026-07-05T18:08:11.774728+00:00,155.9,200,bid,WavyWalnuts,AverageAlmonds,8620719
2026-07-05T18:08:12.341612,2026-07-05T18:08:12.345361+00:00,155.8,11,bid,Xuanyu Liu,AverageAlmonds,8620728
2026-07-05T18:08:12.975388,2026-07-05T18:08:12.985967+00:00,155.8,200,bid,WavyWalnuts,AverageAlmonds,8620738
2026-07-05T18:08:13.560808,2026-07-05T18:08:13.564919+00:00,155.7,12,bid,Xuanyu Liu,AverageAlmonds,8620748
2026-07-05T18:08:13.839070,2026-07-05T18:08:13.849555+00:00,155.7,25,bid,Harold Schneider,AverageAlmonds,8620750
2026-07-05T18:08:14.185853,2026-07-05T18:08:14.194834+00:00,155.7,200,bid,WavyWalnuts,AverageAlmonds,8620756
2026-07-05T18:08:15.360727,2026-07-05T18:08:15.369871+00:00,155.6,500,ask,YieldingYams,AverageAlmonds,8620779
2026-07-05T18:08:15.394502,2026-07-05T18:08:15.401357+00:00,155.8,200,bid,WavyWalnuts,YieldingYams,8620783
2026-07-05T18:08:15.959568,2026-07-05T18:08:15.966917+00:00,155.6,125,ask,YieldingYams,AverageAlmonds,8620794
2026-07-05T18:08:16.608189,2026-07-05T18:08:16.619060+00:00,155.5,200,bid,WavyWalnuts,YieldingYams,8620806
2026-07-05T18:08:17.817355,2026-07-05T18:08:17.827123+00:00,155.4,200,bid,WavyWalnuts,YieldingYams,8620820
2026-07-05T18:08:19.030056,2026-07-05T18:08:19.039893+00:00,155.5,200,bid,WavyWalnuts,AverageAlmonds,8620833
2026-07-05T18:08:19.649444,2026-07-05T18:08:19.663875+00:00,155.3,20,ask,YieldingYams,BrilliantBurritos,8620839
2026-07-05T18:08:20.241276,2026-07-05T18:08:20.250417+00:00,155.5,200,bid,WavyWalnuts,YieldingYams,8620854
2026-07-05T18:08:22.026757,2026-07-05T18:08:22.030447+00:00,155.6,11,bid,Xuanyu Liu,AverageAlmonds,8620874
2026-07-05T18:08:22.542005,2026-07-05T18:08:22.550193+00:00,155.5,20,ask,YieldingYams,BrilliantBurritos,8620887
2026-07-05T18:08:22.712351,2026-07-05T18:08:22.721834+00:00,155.6,200,ask,YieldingYams,WavyWalnuts,8620891
2026-07-05T18:08:23.223124,2026-07-05T18:08:23.232536+00:00,155.6,425,ask,YieldingYams,AverageAlmonds,8620893
2026-07-05T18:08:23.867319,2026-07-05T18:08:23.873998+00:00,155.7,25,bid,Harold Schneider,AverageAlmonds,8620897
2026-07-05T18:08:23.890232,2026-07-05T18:08:23.893910+00:00,155.6,10,bid,Xuanyu Liu,Harold Schneider,8620899
2026-07-05T18:08:24.021535,2026-07-05T18:08:24.025664+00:00,155.5,2,bid,Xuanyu Liu,YieldingYams,8620907
2026-07-05T18:08:25.311100,2026-07-05T18:08:25.318426+00:00,155.4,10,ask,Harold Schneider,YieldingYams,8620926
2026-07-05T18:08:25.311100,2026-07-05T18:08:25.323899+00:00,155.4,200,ask,WavyWalnuts,YieldingYams,8620927
2026-07-05T18:08:26.619579,2026-07-05T18:08:26.630562+00:00,155.3,200,bid,YieldingYams,WavyWalnuts,8620945
2026-07-05T18:08:28.896547,2026-07-05T18:08:28.907702+00:00,155.4,25,bid,Harold Schneider,YieldingYams,8620968
2026-07-05T18:08:28.918755,2026-07-05T18:08:28.922391+00:00,155.4,10,bid,Xuanyu Liu,YieldingYams,8620970
2026-07-05T18:08:31.196184,2026-07-05T18:08:31.204372+00:00,155.3,200,ask,YieldingYams,WavyWalnuts,8620999
2026-07-05T18:08:33.647550,2026-07-05T18:08:33.658578+00:00,155.4,20,bid,BrilliantBurritos,WavyWalnuts,8621032
2026-07-05T18:08:33.927213,2026-07-05T18:08:33.937743+00:00,155.4,25,bid,Harold Schneider,WavyWalnuts,8621038
2026-07-05T18:08:33.948383,2026-07-05T18:08:33.952182+00:00,155.4,1,bid,Xuanyu Liu,WavyWalnuts,8621040
2026-07-05T18:08:35.781165,2026-07-05T18:08:35.792431+00:00,155.4,200,bid,YieldingYams,WavyWalnuts,8621065
2026-07-05T18:08:38.989586,2026-07-05T18:08:38.996469+00:00,155.6,25,bid,Harold Schneider,YieldingYams,8621110
2026-07-05T18:08:39.012869,2026-07-05T18:08:39.016837+00:00,155.5,10,bid,Xuanyu Liu,Harold Schneider,8621112
2026-07-05T18:08:42.115841,2026-07-05T18:08:42.120044+00:00,155.5,1,bid,Xuanyu Liu,WavyWalnuts,8621162
2026-07-05T18:08:43.308964,2026-07-05T18:08:43.319590+00:00,155.4,10,ask,Harold Schneider,WavyWalnuts,8621179
2026-07-05T18:08:43.325721,2026-07-05T18:08:43.329547+00:00,155.4,12,bid,Xuanyu Liu,WavyWalnuts,8621181
2026-07-05T18:08:43.647058,2026-07-05T18:08:43.654133+00:00,155.4,178,bid,YieldingYams,WavyWalnuts,8621185
2026-07-05T18:08:44.023282,2026-07-05T18:08:44.032515+00:00,155.9,25,bid,Harold Schneider,YieldingYams,8621194
2026-07-05T18:08:44.516109,2026-07-05T18:08:44.523951+00:00,155.6,200,ask,YieldingYams,WavyWalnuts,8621202
2026-07-05T18:08:45.725252,2026-07-05T18:08:45.731814+00:00,155.7,200,ask,YieldingYams,WavyWalnuts,8621218
2026-07-05T18:08:48.900996,2026-07-05T18:08:48.904753+00:00,155.6,12,ask,YieldingYams,Xuanyu Liu,8621254
2026-07-05T18:08:49.044401,2026-07-05T18:08:49.051222+00:00,155.7,25,bid,Harold Schneider,WavyWalnuts,8621258
2026-07-05T18:08:49.061094,2026-07-05T18:08:49.072829+00:00,155.6,20,ask,YieldingYams,BrilliantBurritos,8621259
2026-07-05T18:08:49.355508,2026-07-05T18:08:49.358573+00:00,155.6,200,ask,YieldingYams,WavyWalnuts,8621266
2026-07-05T18:08:51.513918,2026-07-05T18:08:51.522705+00:00,155.6,200,bid,YieldingYams,WavyWalnuts,8621293
2026-07-05T18:08:54.065625,2026-07-05T18:08:54.072118+00:00,155.6,23,bid,Harold Schneider,YieldingYams,8621319
2026-07-05T18:08:54.216121,2026-07-05T18:08:54.220597+00:00,155.6,11,ask,WavyWalnuts,Xuanyu Liu,8621322
2026-07-05T18:08:55.411963,2026-07-05T18:08:55.419363+00:00,155.7,200,bid,WavyWalnuts,YieldingYams,8621337
2026-07-05T18:08:57.774780,2026-07-05T18:08:57.786317+00:00,155.7,20,bid,BrilliantBurritos,YieldingYams,8621373
2026-07-05T18:08:58.085760,2026-07-05T18:08:58.092542+00:00,155.5,200,ask,WavyWalnuts,YieldingYams,8621381
2026-07-05T18:08:58.922912,2026-07-05T18:08:58.930578+00:00,155.5,425,bid,AverageAlmonds,YieldingYams,8621392
2026-07-05T18:08:59.047612,2026-07-05T18:08:59.058639+00:00,155.5,75,ask,AverageAlmonds,WavyWalnuts,8621397
2026-07-05T18:08:59.391227,2026-07-05T18:08:59.395729+00:00,155.5,125,bid,YieldingYams,WavyWalnuts,8621400
2026-07-05T18:08:59.865724,2026-07-05T18:08:59.870087+00:00,155.6,23,ask,YieldingYams,Xuanyu Liu,8621411
2026-07-05T18:09:00.426337,2026-07-05T18:09:00.438003+00:00,155.8,20,bid,BrilliantBurritos,YieldingYams,8621419
2026-07-05T18:09:03.314606,2026-07-05T18:09:03.325777+00:00,155.9,200,bid,YieldingYams,WavyWalnuts,8621460
2026-07-05T18:09:03.888166,2026-07-05T18:09:03.899282+00:00,155.9,200,ask,YieldingYams,WavyWalnuts,8621466
2026-07-05T18:09:11.957851,2026-07-05T18:09:11.969915+00:00,155.7,20,ask,YieldingYams,BrilliantBurritos,8621563
2026-07-05T18:09:12.480722,2026-07-05T18:09:12.491965+00:00,155.8,200,bid,YieldingYams,WavyWalnuts,8621568
2026-07-05T18:09:13.568890,2026-07-05T18:09:13.575525+00:00,155.8,200,ask,YieldingYams,WavyWalnuts,8621584
2026-07-05T18:09:15.981082,2026-07-05T18:09:15.991319+00:00,155.8,200,bid,WavyWalnuts,YieldingYams,8621609
2026-07-05T18:09:17.187896,2026-07-05T18:09:17.197848+00:00,155.8,200,bid,WavyWalnuts,YieldingYams,8621623
2026-07-05T18:09:18.850710,2026-07-05T18:09:18.854435+00:00,155.8,23,ask,WavyWalnuts,Xuanyu Liu,8621649
2026-07-05T18:09:20.978523,2026-07-05T18:09:20.990118+00:00,156.0,20,bid,BrilliantBurritos,YieldingYams,8621680
2026-07-05T18:09:22.388284,2026-07-05T18:09:22.397459+00:00,156.0,20,bid,BrilliantBurritos,YieldingYams,8621696
2026-07-05T18:09:24.272957,2026-07-05T18:09:24.283598+00:00,156.0,200,bid,YieldingYams,WavyWalnuts,8621715
2026-07-05T18:09:24.272957,2026-07-05T18:09:24.283598+00:00,156.1,425,bid,YieldingYams,AverageAlmonds,8621716
2026-07-05T18:09:25.180785,2026-07-05T18:09:25.184643+00:00,155.9,11,ask,WavyWalnuts,Xuanyu Liu,8621731
2026-07-05T18:09:26.885386,2026-07-05T18:09:26.889147+00:00,156.0,3,ask,WavyWalnuts,Xuanyu Liu,8621751
2026-07-05T18:09:27.718850,2026-07-05T18:09:27.727601+00:00,156.0,20,ask,WavyWalnuts,BrilliantBurritos,8621766
2026-07-05T18:09:36.094774,2026-07-05T18:09:36.102427+00:00,155.9,200,ask,WavyWalnuts,YieldingYams,8621856
2026-07-05T18:09:36.443021,2026-07-05T18:09:36.458627+00:00,155.9,425,bid,AverageAlmonds,YieldingYams,8621863
2026-07-05T18:09:37.044128,2026-07-05T18:09:37.055264+00:00,156.0,200,bid,AverageAlmonds,WavyWalnuts,8621875
2026-07-05T18:09:37.668820,2026-07-05T18:09:37.672470+00:00,156.1,3,ask,AverageAlmonds,Xuanyu Liu,8621888
2026-07-05T18:09:37.762287,2026-07-05T18:09:37.773161+00:00,156.1,200,ask,AverageAlmonds,WavyWalnuts,8621893
2026-07-05T18:09:39.172556,2026-07-05T18:09:39.182581+00:00,156.0,25,ask,YieldingYams,Harold Schneider,8621909
2026-07-05T18:09:40.180890,2026-07-05T18:09:40.190775+00:00,156.1,200,bid,WavyWalnuts,YieldingYams,8621930
2026-07-05T18:09:41.410346,2026-07-05T18:09:41.414712+00:00,156.0,11,ask,WavyWalnuts,Xuanyu Liu,8621945
2026-07-05T18:09:43.808046,2026-07-05T18:09:43.819068+00:00,156.1,200,bid,WavyWalnuts,YieldingYams,8621966
2026-07-05T18:09:44.192325,2026-07-05T18:09:44.204062+00:00,155.9,25,ask,YieldingYams,Harold Schneider,8621974
2026-07-05T18:09:45.018437,2026-07-05T18:09:45.027650+00:00,156.1,200,bid,WavyWalnuts,YieldingYams,8621985
2026-07-05T18:09:49.218542,2026-07-05T18:09:49.228424+00:00,156.3,25,ask,YieldingYams,Harold Schneider,8622043
2026-07-05T18:09:49.876864,2026-07-05T18:09:49.881430+00:00,156.4,12,ask,WavyWalnuts,Xuanyu Liu,8622052
2026-07-05T18:09:50.527115,2026-07-05T18:09:50.537102+00:00,156.4,188,ask,WavyWalnuts,YieldingYams,8622057
2026-07-05T18:09:50.543054,2026-07-05T18:09:50.546696+00:00,156.4,12,bid,Xuanyu Liu,YieldingYams,8622059
2026-07-05T18:09:53.643518,2026-07-05T18:09:53.647257+00:00,156.3,12,ask,YieldingYams,Xuanyu Liu,8622110
2026-07-05T18:09:54.242660,2026-07-05T18:09:54.263675+00:00,156.3,25,ask,YieldingYams,Harold Schneider,8622113
2026-07-05T18:09:54.455291,2026-07-05T18:09:54.468052+00:00,156.4,200,bid,YieldingYams,WavyWalnuts,8622116
2026-07-05T18:09:54.464378,2026-07-05T18:09:54.468052+00:00,156.7,45,ask,YieldingYams,Xuanyu Liu,8622118
2026-07-05T18:09:54.697199,2026-07-05T18:09:54.707185+00:00,156.7,200,ask,YieldingYams,WavyWalnuts,8622124
2026-07-05T18:09:55.904669,2026-07-05T18:09:55.912481+00:00,156.5,200,ask,YieldingYams,WavyWalnuts,8622142
2026-07-05T18:09:56.751338,2026-07-05T18:09:56.755167+00:00,156.7,45,bid,Xuanyu Liu,YieldingYams,8622154
2026-07-05T18:09:57.088719,2026-07-05T18:09:57.092788+00:00,156.6,12,bid,Xuanyu Liu,YieldingYams,8622159
2026-07-05T18:09:57.138283,2026-07-05T18:09:57.142411+00:00,156.5,11,bid,Xuanyu Liu,WavyWalnuts,8622163
2026-07-05T18:09:58.379331,2026-07-05T18:09:58.389748+00:00,156.5,200,bid,YieldingYams,WavyWalnuts,8622179
2026-07-05T18:09:59.262902,2026-07-05T18:09:59.275153+00:00,156.6,25,ask,YieldingYams,Harold Schneider,8622194
2026-07-05T18:10:01.018262,2026-07-05T18:10:01.022818+00:00,156.5,11,ask,YieldingYams,Xuanyu Liu,8622221
2026-07-05T18:10:01.832713,2026-07-05T18:10:01.840826+00:00,156.6,20,bid,BrilliantBurritos,WavyWalnuts,8622229
2026-07-05T18:10:01.977285,2026-07-05T18:10:01.988502+00:00,156.5,200,ask,YieldingYams,WavyWalnuts,8622232
2026-07-05T18:10:02.531076,2026-07-05T18:10:02.542878+00:00,156.4,20,bid,BrilliantBurritos,YieldingYams,8622246
2026-07-05T18:10:02.981188,2026-07-05T18:10:02.985067+00:00,156.3,12,ask,WavyWalnuts,Xuanyu Liu,8622252
2026-07-05T18:10:04.311259,2026-07-05T18:10:04.320624+00:00,156.3,25,ask,WavyWalnuts,Harold Schneider,8622267
2026-07-05T18:10:07.555544,2026-07-05T18:10:07.558535+00:00,156.3,200,ask,WavyWalnuts,YieldingYams,8622312
2026-07-05T18:10:08.025727,2026-07-05T18:10:08.035387+00:00,156.3,200,bid,WavyWalnuts,YieldingYams,8622320
2026-07-05T18:10:08.621220,2026-07-05T18:10:08.632989+00:00,156.3,20,bid,BrilliantBurritos,YieldingYams,8622327
2026-07-05T18:10:09.339770,2026-07-05T18:10:09.348854+00:00,156.2,25,ask,YieldingYams,Harold Schneider,8622339
2026-07-05T18:10:12.863697,2026-07-05T18:10:12.871133+00:00,156.6,200,bid,WavyWalnuts,YieldingYams,8622384
2026-07-05T18:10:14.366302,2026-07-05T18:10:14.377472+00:00,156.6,25,ask,YieldingYams,Harold Schneider,8622402
2026-07-05T18:10:19.853074,2026-07-05T18:10:19.864789+00:00,156.6,20,ask,YieldingYams,BrilliantBurritos,8622455
2026-07-05T18:10:20.667156,2026-07-05T18:10:20.674363+00:00,156.7,200,bid,YieldingYams,WavyWalnuts,8622462
2026-07-05T18:10:22.057393,2026-07-05T18:10:22.062199+00:00,156.9,26,bid,Xuanyu Liu,WavyWalnuts,8622474
2026-07-05T18:10:23.290808,2026-07-05T18:10:23.299695+00:00,156.8,500,bid,YieldingYams,AverageAlmonds,8622492
2026-07-05T18:10:23.658666,2026-07-05T18:10:23.669044+00:00,156.8,125,ask,YieldingYams,AverageAlmonds,8622500
2026-07-05T18:10:23.658666,2026-07-05T18:10:23.669044+00:00,156.7,200,ask,WavyWalnuts,AverageAlmonds,8622501
2026-07-05T18:10:24.461252,2026-07-05T18:10:24.469668+00:00,156.7,2,bid,Harold Schneider,AverageAlmonds,8622506
2026-07-05T18:10:24.601446,2026-07-05T18:10:24.621761+00:00,156.6,200,ask,WavyWalnuts,YieldingYams,8622509
2026-07-05T18:10:24.618108,2026-07-05T18:10:24.621761+00:00,156.6,3,bid,Xuanyu Liu,YieldingYams,8622511
2026-07-05T18:10:24.996010,2026-07-05T18:10:24.999790+00:00,156.5,11,bid,Xuanyu Liu,WavyWalnuts,8622517
2026-07-05T18:10:25.114590,2026-07-05T18:10:25.126079+00:00,156.4,20,ask,YieldingYams,BrilliantBurritos,8622519
2026-07-05T18:10:25.274214,2026-07-05T18:10:25.277916+00:00,156.4,14,ask,YieldingYams,Xuanyu Liu,8622523
2026-07-05T18:10:25.913879,2026-07-05T18:10:25.923558+00:00,156.5,189,bid,YieldingYams,WavyWalnuts,8622534
2026-07-05T18:10:27.306046,2026-07-05T18:10:27.316285+00:00,156.5,500,ask,YieldingYams,AverageAlmonds,8622548
2026-07-05T18:10:27.900890,2026-07-05T18:10:27.908211+00:00,156.5,125,ask,YieldingYams,AverageAlmonds,8622559
2026-07-05T18:10:28.435021,2026-07-05T18:10:28.439401+00:00,156.4,14,ask,WavyWalnuts,Xuanyu Liu,8622565
2026-07-05T18:10:28.539279,2026-07-05T18:10:28.549349+00:00,156.4,186,ask,WavyWalnuts,YieldingYams,8622567
2026-07-05T18:10:28.605352,2026-07-05T18:10:28.612242+00:00,156.4,200,bid,WavyWalnuts,YieldingYams,8622571
2026-07-05T18:10:29.472598,2026-07-05T18:10:29.479465+00:00,156.1,2,ask,YieldingYams,Harold Schneider,8622578
2026-07-05T18:10:32.234210,2026-07-05T18:10:32.242470+00:00,156.4,200,bid,WavyWalnuts,AverageAlmonds,8622618
2026-07-05T18:10:33.443243,2026-07-05T18:10:33.450474+00:00,156.5,200,bid,WavyWalnuts,AverageAlmonds,8622639
2026-07-05T18:10:33.779352,2026-07-05T18:10:33.788700+00:00,156.5,300,bid,YieldingYams,AverageAlmonds,8622642
2026-07-05T18:10:33.957684,2026-07-05T18:10:33.968985+00:00,156.5,325,ask,YieldingYams,AverageAlmonds,8622643
2026-07-05T18:10:34.744710,2026-07-05T18:10:34.752311+00:00,156.3,20,ask,WavyWalnuts,BrilliantBurritos,8622656
2026-07-05T18:10:34.763994,2026-07-05T18:10:34.767568+00:00,156.3,35,ask,WavyWalnuts,Xuanyu Liu,8622658
2026-07-05T18:10:36.397480,2026-07-05T18:10:36.406697+00:00,156.3,200,ask,WavyWalnuts,YieldingYams,8622682
2026-07-05T18:10:37.928508,2026-07-05T18:10:37.932013+00:00,156.4,12,bid,Xuanyu Liu,AverageAlmonds,8622700
2026-07-05T18:10:39.490374,2026-07-05T18:10:39.496969+00:00,156.3,200,bid,WavyWalnuts,YieldingYams,8622720
2026-07-05T18:10:40.330318,2026-07-05T18:10:40.332049+00:00,156.3,20,bid,BrilliantBurritos,YieldingYams,8622727
2026-07-05T18:10:43.141038,2026-07-05T18:10:43.145204+00:00,156.2,12,ask,WavyWalnuts,Xuanyu Liu,8622764
2026-07-05T18:10:48.510851,2026-07-05T18:10:48.522609+00:00,156.1,20,ask,WavyWalnuts,BrilliantBurritos,8622829
2026-07-05T18:10:50.835750,2026-07-05T18:10:50.845052+00:00,156.1,200,ask,WavyWalnuts,YieldingYams,8622862
2026-07-05T18:10:51.603561,2026-07-05T18:10:51.612083+00:00,156.1,200,bid,WavyWalnuts,YieldingYams,8622872
2026-07-05T18:10:54.792071,2026-07-05T18:10:54.799030+00:00,156.2,200,bid,YieldingYams,WavyWalnuts,8622903
2026-07-05T18:10:55.231069,2026-07-05T18:10:55.240441+00:00,156.3,200,ask,YieldingYams,WavyWalnuts,8622912
2026-07-05T18:10:56.455433,2026-07-05T18:10:56.458579+00:00,156.3,200,ask,YieldingYams,WavyWalnuts,8622919
2026-07-05T18:10:57.664694,2026-07-05T18:10:57.674580+00:00,156.2,200,ask,YieldingYams,WavyWalnuts,8622931
2026-07-05T18:11:00.024168,2026-07-05T18:11:00.028151+00:00,156.3,12,bid,Xuanyu Liu,YieldingYams,8622958
2026-07-05T18:11:01.060349,2026-07-05T18:11:01.067173+00:00,156.4,20,bid,BrilliantBurritos,YieldingYams,8622971
2026-07-05T18:11:01.720979,2026-07-05T18:11:01.732640+00:00,156.3,20,ask,YieldingYams,BrilliantBurritos,8622979
2026-07-05T18:11:04.253269,2026-07-05T18:11:04.263774+00:00,156.3,200,ask,WavyWalnuts,AverageAlmonds,8623005
2026-07-05T18:11:04.253269,2026-07-05T18:11:04.263774+00:00,156.3,300,ask,YieldingYams,AverageAlmonds,8623006
2026-07-05T18:11:04.846383,2026-07-05T18:11:04.858586+00:00,156.3,325,ask,YieldingYams,AverageAlmonds,8623013
2026-07-05T18:11:04.921859,2026-07-05T18:11:04.929386+00:00,156.3,175,bid,WavyWalnuts,AverageAlmonds,8623017
2026-07-05T18:11:05.447972,2026-07-05T18:11:05.464274+00:00,156.3,25,ask,WavyWalnuts,AverageAlmonds,8623022
2026-07-05T18:11:06.406945,2026-07-05T18:11:06.410913+00:00,156.3,11,bid,Xuanyu Liu,AverageAlmonds,8623034
2026-07-05T18:11:09.100416,2026-07-05T18:11:09.107774+00:00,156.2,200,ask,WavyWalnuts,AverageAlmonds,8623069
2026-07-05T18:11:10.979378,2026-07-05T18:11:10.990344+00:00,156.2,20,bid,BrilliantBurritos,YieldingYams,8623094
2026-07-05T18:11:15.566076,2026-07-05T18:11:15.577070+00:00,156.1,20,ask,YieldingYams,BrilliantBurritos,8623142
2026-07-05T18:11:15.931452,2026-07-05T18:11:15.943094+00:00,156.3,20,bid,BrilliantBurritos,AverageAlmonds,8623149
2026-07-05T18:11:17.108735,2026-07-05T18:11:17.119581+00:00,156.2,500,bid,YieldingYams,AverageAlmonds,8623165
2026-07-05T18:11:17.108735,2026-07-05T18:11:17.119581+00:00,156.3,125,bid,YieldingYams,WavyWalnuts,8623166
2026-07-05T18:11:18.782452,2026-07-05T18:11:18.790283+00:00,156.2,20,bid,BrilliantBurritos,WavyWalnuts,8623182
2026-07-05T18:11:26.725938,2026-07-05T18:11:26.734117+00:00,155.9,200,ask,YieldingYams,WavyWalnuts,8623281
2026-07-05T18:11:28.037352,2026-07-05T18:11:28.058710+00:00,156.1,20,bid,BrilliantBurritos,YieldingYams,8623298
2026-07-05T18:11:28.765218,2026-07-05T18:11:28.777290+00:00,156.1,20,bid,BrilliantBurritos,YieldingYams,8623307
2026-07-05T18:11:32.694726,2026-07-05T18:11:32.702133+00:00,156.1,200,ask,WavyWalnuts,AverageAlmonds,8623347
2026-07-05T18:11:37.373248,2026-07-05T18:11:37.384317+00:00,156.1,20,bid,BrilliantBurritos,WavyWalnuts,8623414
2026-07-05T18:11:38.039903,2026-07-05T18:11:38.044136+00:00,156.1,26,bid,Xuanyu Liu,WavyWalnuts,8623425
2026-07-05T18:11:38.462599,2026-07-05T18:11:38.473656+00:00,156.1,20,bid,BrilliantBurritos,WavyWalnuts,8623436
2026-07-05T18:11:41.256624,2026-07-05T18:11:41.264738+00:00,156.3,200,bid,WavyWalnuts,YieldingYams,8623468
2026-07-05T18:11:44.645988,2026-07-05T18:11:44.664005+00:00,156.1,200,ask,WavyWalnuts,YieldingYams,8623506
2026-07-05T18:11:44.883125,2026-07-05T18:11:44.890741+00:00,156.1,200,bid,WavyWalnuts,YieldingYams,8623509
2026-07-05T18:11:49.877727,2026-07-05T18:11:49.884514+00:00,156.1,200,bid,YieldingYams,WavyWalnuts,8623570
2026-07-05T18:11:52.497192,2026-07-05T18:11:52.505515+00:00,156.2,200,bid,YieldingYams,WavyWalnuts,8623603
2026-07-05T18:11:53.358056,2026-07-05T18:11:53.368668+00:00,156.2,200,ask,YieldingYams,WavyWalnuts,8623614
2026-07-05T18:11:57.044710,2026-07-05T18:11:57.048475+00:00,156.2,3,ask,WavyWalnuts,Xuanyu Liu,8623668
2026-07-05T18:11:58.217878,2026-07-05T18:11:58.222652+00:00,156.3,11,ask,WavyWalnuts,Xuanyu Liu,8623683
2026-07-05T18:11:59.055922,2026-07-05T18:11:59.058542+00:00,156.3,189,ask,WavyWalnuts,YieldingYams,8623688
2026-07-05T18:12:00.363077,2026-07-05T18:12:00.374463+00:00,156.3,200,bid,YieldingYams,WavyWalnuts,8623704
2026-07-05T18:12:01.927983,2026-07-05T18:12:01.936083+00:00,156.6,20,bid,BrilliantBurritos,YieldingYams,8623723
2026-07-05T18:12:03.010838,2026-07-05T18:12:03.014956+00:00,156.4,12,ask,YieldingYams,Xuanyu Liu,8623736
2026-07-05T18:12:04.316086,2026-07-05T18:12:04.319859+00:00,156.5,11,ask,YieldingYams,Xuanyu Liu,8623755
2026-07-05T18:12:07.885305,2026-07-05T18:12:07.892776+00:00,156.8,200,bid,WavyWalnuts,YieldingYams,8623802
2026-07-05T18:12:08.624808,2026-07-05T18:12:08.636712+00:00,156.6,20,ask,YieldingYams,BrilliantBurritos,8623814
2026-07-05T18:12:09.108487,2026-07-05T18:12:09.112261+00:00,156.8,12,ask,WavyWalnuts,Xuanyu Liu,8623818
2026-07-05T18:12:09.549377,2026-07-05T18:12:09.563857+00:00,156.8,188,ask,WavyWalnuts,YieldingYams,8623823
2026-07-05T18:12:11.535279,2026-07-05T18:12:11.563925+00:00,156.7,20,ask,YieldingYams,BrilliantBurritos,8623855
2026-07-05T18:12:13.939202,2026-07-05T18:12:13.948595+00:00,156.7,200,bid,WavyWalnuts,YieldingYams,8623886
2026-07-05T18:12:16.129437,2026-07-05T18:12:16.136580+00:00,156.6,200,ask,WavyWalnuts,YieldingYams,8623910
2026-07-05T18:12:17.578824,2026-07-05T18:12:17.586182+00:00,156.7,200,bid,WavyWalnuts,YieldingYams,8623933
2026-07-05T18:12:20.002501,2026-07-05T18:12:20.011019+00:00,156.7,200,bid,WavyWalnuts,YieldingYams,8623962
2026-07-05T18:12:20.540421,2026-07-05T18:12:20.547486+00:00,156.7,500,ask,YieldingYams,AverageAlmonds,8623973
2026-07-05T18:12:21.132362,2026-07-05T18:12:21.140469+00:00,156.7,125,ask,YieldingYams,AverageAlmonds,8623982
2026-07-05T18:12:21.210438,2026-07-05T18:12:21.218895+00:00,156.7,200,bid,WavyWalnuts,AverageAlmonds,8623984
2026-07-05T18:12:22.417644,2026-07-05T18:12:22.427090+00:00,156.6,200,bid,WavyWalnuts,YieldingYams,8623995
2026-07-05T18:12:23.624076,2026-07-05T18:12:23.633218+00:00,156.6,200,bid,WavyWalnuts,YieldingYams,8624009
2026-07-05T18:12:24.830498,2026-07-05T18:12:24.838639+00:00,156.7,200,bid,WavyWalnuts,YieldingYams,8624026
2026-07-05T18:12:26.041353,2026-07-05T18:12:26.058619+00:00,156.7,200,bid,WavyWalnuts,YieldingYams,8624041
2026-07-05T18:12:27.926661,2026-07-05T18:12:27.936530+00:00,156.7,200,ask,WavyWalnuts,YieldingYams,8624067
2026-07-05T18:12:28.723660,2026-07-05T18:12:28.727488+00:00,156.7,35,bid,Xuanyu Liu,YieldingYams,8624082
2026-07-05T18:12:34.512735,2026-07-05T18:12:34.522726+00:00,156.9,200,ask,WavyWalnuts,YieldingYams,8624166
2026-07-05T18:12:34.527733,2026-07-05T18:12:34.538417+00:00,156.9,200,bid,WavyWalnuts,YieldingYams,8624167
2026-07-05T18:12:35.736190,2026-07-05T18:12:35.747232+00:00,156.9,200,bid,WavyWalnuts,YieldingYams,8624186
2026-07-05T18:12:38.158485,2026-07-05T18:12:38.168911+00:00,156.9,200,bid,WavyWalnuts,YieldingYams,8624204
2026-07-05T18:12:40.829777,2026-07-05T18:12:40.841676+00:00,156.9,20,ask,YieldingYams,BrilliantBurritos,8624237
2026-07-05T18:12:41.057076,2026-07-05T18:12:41.058557+00:00,157.1,200,bid,YieldingYams,WavyWalnuts,8624241
2026-07-05T18:12:41.788405,2026-07-05T18:12:41.799308+00:00,157.1,200,ask,YieldingYams,WavyWalnuts,8624251
2026-07-05T18:12:43.546023,2026-07-05T18:12:43.554242+00:00,157.0,500,bid,AverageAlmonds,YieldingYams,8624270
2026-07-05T18:12:47.625976,2026-07-05T18:12:47.630031+00:00,157.2,11,bid,Xuanyu Liu,WavyWalnuts,8624322
2026-07-05T18:12:47.869871,2026-07-05T18:12:47.873951+00:00,157.1,3,bid,Xuanyu Liu,WavyWalnuts,8624326
2026-07-05T18:12:50.283750,2026-07-05T18:12:50.291435+00:00,157.0,200,ask,YieldingYams,WavyWalnuts,8624354
2026-07-05T18:12:51.743240,2026-07-05T18:12:51.750753+00:00,157.1,20,bid,BrilliantBurritos,WavyWalnuts,8624365
2026-07-05T18:12:53.785821,2026-07-05T18:12:53.792486+00:00,157.2,20,bid,BrilliantBurritos,WavyWalnuts,8624391
2026-07-05T18:12:58.750213,2026-07-05T18:12:58.760528+00:00,156.8,200,ask,YieldingYams,WavyWalnuts,8624448
2026-07-05T18:13:00.327829,2026-07-05T18:13:00.331888+00:00,156.8,3,ask,WavyWalnuts,Xuanyu Liu,8624458
2026-07-05T18:13:01.162128,2026-07-05T18:13:01.170652+00:00,156.9,200,bid,WavyWalnuts,YieldingYams,8624467
2026-07-05T18:13:02.371407,2026-07-05T18:13:02.380102+00:00,156.9,200,bid,WavyWalnuts,YieldingYams,8624488
2026-07-05T18:13:03.606294,2026-07-05T18:13:03.609947+00:00,156.9,11,ask,WavyWalnuts,Xuanyu Liu,8624506
2026-07-05T18:13:04.698321,2026-07-05T18:13:04.705320+00:00,156.9,189,ask,WavyWalnuts,YieldingYams,8624516
2026-07-05T18:13:05.893959,2026-07-05T18:13:05.901802+00:00,156.8,20,bid,BrilliantBurritos,WavyWalnuts,8624532
2026-07-05T18:13:06.650117,2026-07-05T18:13:06.653958+00:00,156.7,23,ask,YieldingYams,Xuanyu Liu,8624546
2026-07-05T18:13:07.242290,2026-07-05T18:13:07.248487+00:00,156.7,200,ask,YieldingYams,WavyWalnuts,8624552
2026-07-05T18:13:12.083800,2026-07-05T18:13:12.093860+00:00,157.0,200,bid,WavyWalnuts,YieldingYams,8624612
2026-07-05T18:13:12.627795,2026-07-05T18:13:12.632176+00:00,156.9,12,ask,YieldingYams,Xuanyu Liu,8624620
2026-07-05T18:13:13.187779,2026-07-05T18:13:13.199788+00:00,156.9,20,ask,YieldingYams,BrilliantBurritos,8624634
2026-07-05T18:13:14.500339,2026-07-05T18:13:14.510541+00:00,157.0,200,bid,WavyWalnuts,YieldingYams,8624650
2026-07-05T18:13:16.535868,2026-07-05T18:13:16.539484+00:00,156.9,11,ask,YieldingYams,Xuanyu Liu,8624668
2026-07-05T18:13:18.150896,2026-07-05T18:13:18.161247+00:00,156.8,200,ask,YieldingYams,WavyWalnuts,8624687
2026-07-05T18:13:24.213550,2026-07-05T18:13:24.223769+00:00,156.9,200,ask,YieldingYams,WavyWalnuts,8624765
2026-07-05T18:13:25.426460,2026-07-05T18:13:25.437288+00:00,156.9,200,ask,YieldingYams,WavyWalnuts,8624782
2026-07-05T18:13:25.436668,2026-07-05T18:13:25.448547+00:00,157.2,20,bid,BrilliantBurritos,YieldingYams,8624783
2026-07-05T18:13:26.246561,2026-07-05T18:13:26.253144+00:00,157.1,20,bid,BrilliantBurritos,YieldingYams,8624793
2026-07-05T18:13:26.634565,2026-07-05T18:13:26.641292+00:00,156.9,200,ask,YieldingYams,WavyWalnuts,8624800
2026-07-05T18:13:28.954820,2026-07-05T18:13:28.966841+00:00,157.1,20,bid,BrilliantBurritos,WavyWalnuts,8624825
2026-07-05T18:13:29.631669,2026-07-05T18:13:29.639557+00:00,157.1,200,bid,YieldingYams,WavyWalnuts,8624831
2026-07-05T18:13:30.946803,2026-07-05T18:13:30.953848+00:00,157.2,200,bid,YieldingYams,WavyWalnuts,8624851
2026-07-05T18:13:30.964176,2026-07-05T18:13:30.967823+00:00,157.2,11,ask,YieldingYams,Xuanyu Liu,8624853
2026-07-05T18:13:33.568294,2026-07-05T18:13:33.575828+00:00,157.1,200,ask,WavyWalnuts,YieldingYams,8624886
2026-07-05T18:13:33.903666,2026-07-05T18:13:33.913531+00:00,157.1,200,bid,WavyWalnuts,YieldingYams,8624893
2026-07-05T18:13:34.453368,2026-07-05T18:13:34.463977+00:00,156.9,20,ask,YieldingYams,BrilliantBurritos,8624898
2026-07-05T18:13:37.501422,2026-07-05T18:13:37.512691+00:00,157.2,500,ask,AverageAlmonds,YieldingYams,8624927
2026-07-05T18:13:37.536388,2026-07-05T18:13:37.546565+00:00,157.2,125,bid,WavyWalnuts,YieldingYams,8624929
2026-07-05T18:13:37.584787,2026-07-05T18:13:37.593301+00:00,157.4,20,bid,BrilliantBurritos,WavyWalnuts,8624932
2026-07-05T18:13:38.808385,2026-07-05T18:13:38.818955+00:00,157.2,200,bid,YieldingYams,WavyWalnuts,8624944
2026-07-05T18:13:39.961370,2026-07-05T18:13:39.969224+00:00,157.4,200,ask,YieldingYams,WavyWalnuts,8624958
2026-07-05T18:13:45.877719,2026-07-05T18:13:45.889469+00:00,157.2,20,ask,WavyWalnuts,BrilliantBurritos,8625027
2026-07-05T18:13:54.502578,2026-07-05T18:13:54.510106+00:00,157.2,200,ask,AverageAlmonds,WavyWalnuts,8625129
2026-07-05T18:13:55.198767,2026-07-05T18:13:55.210862+00:00,157.5,20,bid,BrilliantBurritos,YieldingYams,8625138
2026-07-05T18:13:55.711248,2026-07-05T18:13:55.722372+00:00,157.3,200,ask,AverageAlmonds,WavyWalnuts,8625141
2026-07-05T18:13:56.857037,2026-07-05T18:13:56.868627+00:00,157.5,20,bid,BrilliantBurritos,YieldingYams,8625154
2026-07-05T18:13:59.351925,2026-07-05T18:13:59.359900+00:00,157.4,200,ask,AverageAlmonds,WavyWalnuts,8625191
2026-07-05T18:13:59.450262,2026-07-05T18:13:59.458618+00:00,157.4,20,ask,AverageAlmonds,BrilliantBurritos,8625193
2026-07-05T18:13:59.835632,2026-07-05T18:13:59.875552+00:00,157.4,280,ask,AverageAlmonds,YieldingYams,8625195
2026-07-05T18:13:59.855984,2026-07-05T18:13:59.875552+00:00,157.4,345,bid,AverageAlmonds,YieldingYams,8625197
2026-07-05T18:14:00.569928,2026-07-05T18:14:00.573883+00:00,157.6,11,bid,Xuanyu Liu,WavyWalnuts,8625209
2026-07-05T18:14:02.980172,2026-07-05T18:14:02.991032+00:00,157.5,200,ask,AverageAlmonds,WavyWalnuts,8625235
2026-07-05T18:14:05.243102,2026-07-05T18:14:05.258585+00:00,157.4,20,ask,WavyWalnuts,BrilliantBurritos,8625257
2026-07-05T18:14:05.395750,2026-07-05T18:14:05.406437+00:00,157.4,200,ask,AverageAlmonds,WavyWalnuts,8625261
2026-07-05T18:14:07.809316,2026-07-05T18:14:07.818379+00:00,157.6,200,bid,WavyWalnuts,YieldingYams,8625291
2026-07-05T18:14:09.978711,2026-07-05T18:14:09.982873+00:00,157.7,23,bid,Xuanyu Liu,WavyWalnuts,8625320
2026-07-05T18:14:10.370416,2026-07-05T18:14:10.374964+00:00,157.6,11,bid,Xuanyu Liu,YieldingYams,8625326
2026-07-05T18:14:10.749065,2026-07-05T18:14:10.753865+00:00,157.6,500,bid,AverageAlmonds,YieldingYams,8625333
2026-07-05T18:14:11.341121,2026-07-05T18:14:11.363801+00:00,157.6,114,bid,AverageAlmonds,YieldingYams,8625337
2026-07-05T18:14:13.162673,2026-07-05T18:14:13.174143+00:00,157.8,200,bid,AverageAlmonds,WavyWalnuts,8625361
2026-07-05T18:14:15.605879,2026-07-05T18:14:15.613772+00:00,157.9,500,ask,AverageAlmonds,YieldingYams,8625382
2026-07-05T18:14:16.167157,2026-07-05T18:14:16.175040+00:00,157.9,125,bid,AverageAlmonds,YieldingYams,8625386
2026-07-05T18:14:16.912207,2026-07-05T18:14:16.921768+00:00,158.0,200,bid,YieldingYams,WavyWalnuts,8625396
2026-07-05T18:14:16.927828,2026-07-05T18:14:16.931662+00:00,158.1,23,ask,YieldingYams,Xuanyu Liu,8625399
2026-07-05T18:14:18.658433,2026-07-05T18:14:18.670244+00:00,158.2,20,bid,BrilliantBurritos,WavyWalnuts,8625417
2026-07-05T18:14:21.021127,2026-07-05T18:14:21.031853+00:00,158.2,200,bid,AverageAlmonds,WavyWalnuts,8625449
2026-07-05T18:14:21.112215,2026-07-05T18:14:21.124249+00:00,158.3,20,bid,BrilliantBurritos,YieldingYams,8625451
2026-07-05T18:14:21.620852,2026-07-05T18:14:21.629086+00:00,158.3,500,bid,AverageAlmonds,YieldingYams,8625456
2026-07-05T18:14:22.164775,2026-07-05T18:14:22.174827+00:00,158.3,200,bid,YieldingYams,WavyWalnuts,8625463
2026-07-05T18:14:22.633548,2026-07-05T18:14:22.637746+00:00,158.5,46,bid,Xuanyu Liu,WavyWalnuts,8625476
2026-07-05T18:14:26.002052,2026-07-05T18:14:26.005667+00:00,158.4,11,ask,WavyWalnuts,Xuanyu Liu,8625517
2026-07-05T18:14:26.111310,2026-07-05T18:14:26.117982+00:00,158.4,189,ask,WavyWalnuts,YieldingYams,8625522
2026-07-05T18:14:26.506850,2026-07-05T18:14:26.518774+00:00,158.4,20,bid,BrilliantBurritos,YieldingYams,8625533
2026-07-05T18:14:28.738293,2026-07-05T18:14:28.747145+00:00,158.5,200,bid,YieldingYams,WavyWalnuts,8625561
2026-07-05T18:14:28.754705,2026-07-05T18:14:28.758821+00:00,158.5,12,ask,YieldingYams,Xuanyu Liu,8625563
2026-07-05T18:14:35.403314,2026-07-05T18:14:35.415341+00:00,158.3,20,ask,WavyWalnuts,BrilliantBurritos,8625635
2026-07-05T18:14:41.612618,2026-07-05T18:14:41.616785+00:00,158.2,34,ask,WavyWalnuts,Xuanyu Liu,8625703
2026-07-05T18:14:47.346649,2026-07-05T18:14:47.358612+00:00,158.1,20,ask,WavyWalnuts,BrilliantBurritos,8625765
2026-07-05T18:14:49.740639,2026-07-05T18:14:49.751566+00:00,158.1,200,bid,YieldingYams,WavyWalnuts,8625802
2026-07-05T18:14:50.198276,2026-07-05T18:14:50.206032+00:00,158.2,200,ask,YieldingYams,WavyWalnuts,8625810
2026-07-05T18:14:51.409005,2026-07-05T18:14:51.415536+00:00,158.0,200,ask,YieldingYams,WavyWalnuts,8625831
2026-07-05T18:14:54.280015,2026-07-05T18:14:54.284350+00:00,157.9,23,ask,YieldingYams,Xuanyu Liu,8625864
2026-07-05T18:14:55.038450,2026-07-05T18:14:55.046004+00:00,158.0,200,bid,WavyWalnuts,AverageAlmonds,8625878
2026-07-05T18:14:57.613401,2026-07-05T18:14:57.623615+00:00,158.0,500,bid,YieldingYams,AverageAlmonds,8625911
2026-07-05T18:14:57.613401,2026-07-05T18:14:57.623615+00:00,158.0,125,bid,YieldingYams,WavyWalnuts,8625912
2026-07-05T18:14:59.531719,2026-07-05T18:14:59.541554+00:00,158.0,20,bid,BrilliantBurritos,WavyWalnuts,8625941
2026-07-05T18:15:01.616387,2026-07-05T18:15:01.626221+00:00,158.0,200,ask,WavyWalnuts,AverageAlmonds,8625969
2026-07-05T18:15:02.218337,2026-07-05T18:15:02.227910+00:00,157.9,500,ask,YieldingYams,AverageAlmonds,8625985
2026-07-05T18:15:02.812318,2026-07-05T18:15:02.820386+00:00,157.9,125,ask,YieldingYams,AverageAlmonds,8625993
2026-07-05T18:15:02.812318,2026-07-05T18:15:02.820386+00:00,157.9,200,ask,WavyWalnuts,AverageAlmonds,8625994
2026-07-05T18:15:02.890024,2026-07-05T18:15:02.894081+00:00,157.8,12,bid,Xuanyu Liu,YieldingYams,8625999
2026-07-05T18:15:03.513679,2026-07-05T18:15:03.521846+00:00,157.8,200,bid,WavyWalnuts,YieldingYams,8626005
2026-07-05T18:15:04.632197,2026-07-05T18:15:04.639128+00:00,157.7,500,ask,YieldingYams,AverageAlmonds,8626020
2026-07-05T18:15:05.248153,2026-07-05T18:15:05.254753+00:00,157.7,125,ask,YieldingYams,AverageAlmonds,8626026
2026-07-05T18:15:06.795865,2026-07-05T18:15:06.804303+00:00,157.6,200,ask,WavyWalnuts,YieldingYams,8626051
2026-07-05T18:15:08.360936,2026-07-05T18:15:08.370566+00:00,157.6,200,bid,WavyWalnuts,AverageAlmonds,8626075
2026-07-05T18:15:12.511896,2026-07-05T18:15:12.523031+00:00,157.6,500,ask,YieldingYams,AverageAlmonds,8626123
2026-07-05T18:15:13.105424,2026-07-05T18:15:13.113209+00:00,157.6,125,ask,YieldingYams,AverageAlmonds,8626127
2026-07-05T18:15:13.206728,2026-07-05T18:15:13.218172+00:00,157.6,200,bid,WavyWalnuts,AverageAlmonds,8626131
2026-07-05T18:15:14.413428,2026-07-05T18:15:14.422416+00:00,157.6,200,bid,WavyWalnuts,YieldingYams,8626151
2026-07-05T18:15:21.234465,2026-07-05T18:15:21.258752+00:00,157.5,200,bid,YieldingYams,WavyWalnuts,8626233
2026-07-05T18:15:21.588591,2026-07-05T18:15:21.595639+00:00,157.8,20,bid,BrilliantBurritos,YieldingYams,8626239
2026-07-05T18:15:26.519682,2026-07-05T18:15:26.526758+00:00,157.4,200,bid,WavyWalnuts,YieldingYams,8626298
2026-07-05T18:15:30.415521,2026-07-05T18:15:30.422934+00:00,157.3,200,ask,WavyWalnuts,YieldingYams,8626338
2026-07-05T18:15:31.264848,2026-07-05T18:15:31.274379+00:00,157.3,425,bid,AverageAlmonds,YieldingYams,8626342
2026-07-05T18:15:32.577871,2026-07-05T18:15:32.585270+00:00,157.3,200,ask,YieldingYams,WavyWalnuts,8626360
2026-07-05T18:15:36.209109,2026-07-05T18:15:36.218016+00:00,157.4,200,ask,YieldingYams,WavyWalnuts,8626397
2026-07-05T18:15:37.024840,2026-07-05T18:15:37.036514+00:00,157.6,20,bid,BrilliantBurritos,YieldingYams,8626410
2026-07-05T18:15:38.567630,2026-07-05T18:15:38.571327+00:00,157.3,12,ask,WavyWalnuts,Xuanyu Liu,8626425
2026-07-05T18:15:39.286568,2026-07-05T18:15:39.298213+00:00,157.5,20,bid,BrilliantBurritos,YieldingYams,8626433
2026-07-05T18:15:39.600559,2026-07-05T18:15:39.604289+00:00,157.4,11,ask,YieldingYams,Xuanyu Liu,8626440
2026-07-05T18:15:45.532838,2026-07-05T18:15:45.544447+00:00,157.6,20,bid,BrilliantBurritos,YieldingYams,8626521
2026-07-05T18:15:45.884897,2026-07-05T18:15:45.894771+00:00,157.6,200,bid,WavyWalnuts,YieldingYams,8626525
2026-07-05T18:15:47.729558,2026-07-05T18:15:47.733809+00:00,157.7,11,bid,Xuanyu Liu,YieldingYams,8626557
2026-07-05T18:15:51.923200,2026-07-05T18:15:51.934370+00:00,157.6,200,bid,WavyWalnuts,YieldingYams,8626615
2026-07-05T18:15:53.130982,2026-07-05T18:15:53.140856+00:00,157.6,200,bid,WavyWalnuts,YieldingYams,8626634
2026-07-05T18:15:55.326629,2026-07-05T18:15:55.336897+00:00,157.5,200,ask,WavyWalnuts,YieldingYams,8626656
2026-07-05T18:15:55.544463,2026-07-05T18:15:55.554011+00:00,157.5,200,bid,WavyWalnuts,YieldingYams,8626666
2026-07-05T18:15:59.273054,2026-07-05T18:15:59.283332+00:00,157.5,200,bid,YieldingYams,WavyWalnuts,8626716
2026-07-05T18:16:00.192561,2026-07-05T18:16:00.203102+00:00,157.5,20,ask,YieldingYams,BrilliantBurritos,8626730
2026-07-05T18:16:01.589026,2026-07-05T18:16:01.600147+00:00,157.6,200,ask,YieldingYams,WavyWalnuts,8626746
2026-07-05T18:16:02.795348,2026-07-05T18:16:02.805269+00:00,157.6,200,bid,WavyWalnuts,AverageAlmonds,8626760
2026-07-05T18:16:03.147342,2026-07-05T18:16:03.158612+00:00,157.5,20,ask,YieldingYams,BrilliantBurritos,8626767
2026-07-05T18:16:04.005640,2026-07-05T18:16:04.012326+00:00,157.5,200,bid,WavyWalnuts,AverageAlmonds,8626777
2026-07-05T18:16:05.166218,2026-07-05T18:16:05.177067+00:00,157.3,500,ask,YieldingYams,AverageAlmonds,8626790
2026-07-05T18:16:05.792235,2026-07-05T18:16:05.801091+00:00,157.4,200,ask,WavyWalnuts,AverageAlmonds,8626796
2026-07-05T18:16:05.792235,2026-07-05T18:16:05.801091+00:00,157.3,125,ask,YieldingYams,AverageAlmonds,8626797
2026-07-05T18:16:06.426198,2026-07-05T18:16:06.433600+00:00,157.3,200,bid,WavyWalnuts,AverageAlmonds,8626809
2026-07-05T18:16:07.606395,2026-07-05T18:16:07.617553+00:00,157.1,500,ask,YieldingYams,AverageAlmonds,8626820
2026-07-05T18:16:08.204879,2026-07-05T18:16:08.215830+00:00,157.3,200,ask,WavyWalnuts,AverageAlmonds,8626829
2026-07-05T18:16:08.204879,2026-07-05T18:16:08.215830+00:00,157.1,125,ask,YieldingYams,AverageAlmonds,8626830
2026-07-05T18:16:08.855036,2026-07-05T18:16:08.858579+00:00,157.1,200,bid,WavyWalnuts,YieldingYams,8626838
2026-07-05T18:16:12.381730,2026-07-05T18:16:12.393207+00:00,157.2,200,bid,YieldingYams,WavyWalnuts,8626886
2026-07-05T18:16:12.381730,2026-07-05T18:16:12.393207+00:00,157.2,425,bid,YieldingYams,AverageAlmonds,8626887
2026-07-05T18:16:12.492030,2026-07-05T18:16:12.501945+00:00,157.2,200,bid,WavyWalnuts,AverageAlmonds,8626892
2026-07-05T18:16:17.641810,2026-07-05T18:16:17.658564+00:00,157.1,500,bid,YieldingYams,AverageAlmonds,8626956
2026-07-05T18:16:17.641810,2026-07-05T18:16:17.658564+00:00,157.1,125,bid,YieldingYams,WavyWalnuts,8626957
2026-07-05T18:16:22.800233,2026-07-05T18:16:22.804276+00:00,157.0,23,bid,Xuanyu Liu,AverageAlmonds,8627027
2026-07-05T18:16:25.514390,2026-07-05T18:16:25.521628+00:00,157.1,500,bid,YieldingYams,AverageAlmonds,8627062
2026-07-05T18:16:25.514390,2026-07-05T18:16:25.526890+00:00,157.2,125,bid,YieldingYams,WavyWalnuts,8627063
2026-07-05T18:16:26.824730,2026-07-05T18:16:26.835832+00:00,157.0,200,ask,WavyWalnuts,YieldingYams,8627082
2026-07-05T18:16:32.076412,2026-07-05T18:16:32.087734+00:00,156.9,200,ask,WavyWalnuts,YieldingYams,8627147
2026-07-05T18:16:32.293466,2026-07-05T18:16:32.298171+00:00,156.9,11,bid,Xuanyu Liu,YieldingYams,8627151
2026-07-05T18:16:32.421134,2026-07-05T18:16:32.424896+00:00,156.8,12,bid,Xuanyu Liu,AverageAlmonds,8627154
2026-07-05T18:16:33.099595,2026-07-05T18:16:33.111197+00:00,156.9,200,bid,WavyWalnuts,YieldingYams,8627170
2026-07-05T18:16:34.692040,2026-07-05T18:16:34.699705+00:00,156.9,500,bid,YieldingYams,AverageAlmonds,8627187
2026-07-05T18:16:36.747544,2026-07-05T18:16:36.754185+00:00,156.9,200,bid,WavyWalnuts,YieldingYams,8627208
2026-07-05T18:16:37.335669,2026-07-05T18:16:37.344322+00:00,156.8,500,bid,YieldingYams,AverageAlmonds,8627221
2026-07-05T18:16:37.711096,2026-07-05T18:16:37.721329+00:00,157.0,20,bid,BrilliantBurritos,YieldingYams,8627226
2026-07-05T18:16:37.957386,2026-07-05T18:16:37.965460+00:00,156.9,200,bid,WavyWalnuts,AverageAlmonds,8627228
2026-07-05T18:16:39.168695,2026-07-05T18:16:39.177185+00:00,156.7,200,bid,WavyWalnuts,YieldingYams,8627248
2026-07-05T18:16:41.265692,2026-07-05T18:16:41.277227+00:00,156.7,200,ask,WavyWalnuts,YieldingYams,8627268
2026-07-05T18:16:41.587482,2026-07-05T18:16:41.596162+00:00,156.7,200,bid,WavyWalnuts,YieldingYams,8627273
2026-07-05T18:16:42.592435,2026-07-05T18:16:42.596700+00:00,156.8,34,ask,YieldingYams,Xuanyu Liu,8627287
2026-07-05T18:16:48.114311,2026-07-05T18:16:48.117975+00:00,156.7,11,bid,Xuanyu Liu,WavyWalnuts,8627363
2026-07-05T18:16:48.858473,2026-07-05T18:16:48.865014+00:00,156.7,200,bid,WavyWalnuts,YieldingYams,8627376
2026-07-05T18:16:49.889938,2026-07-05T18:16:49.901616+00:00,156.8,20,bid,BrilliantBurritos,YieldingYams,8627394
2026-07-05T18:16:50.542208,2026-07-05T18:16:50.558657+00:00,156.7,20,ask,YieldingYams,BrilliantBurritos,8627400
2026-07-05T18:16:53.444633,2026-07-05T18:16:53.458724+00:00,156.7,20,ask,WavyWalnuts,BrilliantBurritos,8627435
2026-07-05T18:16:54.465466,2026-07-05T18:16:54.469897+00:00,156.8,23,bid,Xuanyu Liu,WavyWalnuts,8627457
2026-07-05T18:16:54.912649,2026-07-05T18:16:54.919903+00:00,156.7,200,ask,YieldingYams,WavyWalnuts,8627464
2026-07-05T18:16:59.749914,2026-07-05T18:16:59.758589+00:00,156.6,200,ask,YieldingYams,WavyWalnuts,8627540
2026-07-05T18:17:00.919314,2026-07-05T18:17:00.923488+00:00,156.8,11,bid,Xuanyu Liu,YieldingYams,8627560
2026-07-05T18:17:00.976991,2026-07-05T18:17:00.981624+00:00,156.7,12,bid,Xuanyu Liu,WavyWalnuts,8627563
2026-07-05T18:17:02.542191,2026-07-05T18:17:02.558782+00:00,156.6,20,ask,YieldingYams,BrilliantBurritos,8627578
2026-07-05T18:17:03.382856,2026-07-05T18:17:03.389532+00:00,156.6,200,ask,YieldingYams,WavyWalnuts,8627591
2026-07-05T18:17:04.591324,2026-07-05T18:17:04.602666+00:00,156.7,200,ask,YieldingYams,WavyWalnuts,8627607
2026-07-05T18:17:11.859597,2026-07-05T18:17:11.863664+00:00,156.6,200,ask,YieldingYams,WavyWalnuts,8627702
2026-07-05T18:17:19.957053,2026-07-05T18:17:19.966562+00:00,156.6,20,bid,BrilliantBurritos,WavyWalnuts,8627810
2026-07-05T18:17:21.885967,2026-07-05T18:17:21.897723+00:00,156.5,200,bid,YieldingYams,WavyWalnuts,8627834
2026-07-05T18:17:22.761811,2026-07-05T18:17:22.769273+00:00,156.5,200,ask,YieldingYams,WavyWalnuts,8627841
2026-07-05T18:17:23.211510,2026-07-05T18:17:23.215117+00:00,156.5,11,bid,Xuanyu Liu,YieldingYams,8627850
2026-07-05T18:17:25.538386,2026-07-05T18:17:25.549819+00:00,156.5,20,ask,WavyWalnuts,BrilliantBurritos,8627879
2026-07-05T18:17:25.824764,2026-07-05T18:17:25.831990+00:00,156.5,180,ask,WavyWalnuts,YieldingYams,8627889
2026-07-05T18:17:26.105688,2026-07-05T18:17:26.109040+00:00,156.5,3,bid,Xuanyu Liu,YieldingYams,8627899
2026-07-05T18:17:26.393747,2026-07-05T18:17:26.401395+00:00,156.5,200,bid,WavyWalnuts,YieldingYams,8627906
2026-07-05T18:17:28.107995,2026-07-05T18:17:28.118498+00:00,156.4,20,bid,BrilliantBurritos,WavyWalnuts,8627926
2026-07-05T18:17:31.010744,2026-07-05T18:17:31.022380+00:00,156.1,20,ask,AverageAlmonds,BrilliantBurritos,8627960
2026-07-05T18:17:32.458881,2026-07-05T18:17:32.468688+00:00,156.0,200,ask,AverageAlmonds,WavyWalnuts,8627975
2026-07-05T18:17:32.938854,2026-07-05T18:17:32.946783+00:00,156.1,500,bid,AverageAlmonds,YieldingYams,8627978
2026-07-05T18:17:40.350782,2026-07-05T18:17:40.362417+00:00,156.3,20,ask,WavyWalnuts,BrilliantBurritos,8628080
2026-07-05T18:17:41.564060,2026-07-05T18:17:41.580509+00:00,156.4,200,ask,WavyWalnuts,YieldingYams,8628097
2026-07-05T18:17:46.861298,2026-07-05T18:17:46.869088+00:00,156.6,200,ask,WavyWalnuts,AverageAlmonds,8628171
2026-07-05T18:17:48.811515,2026-07-05T18:17:48.823491+00:00,156.6,20,bid,BrilliantBurritos,YieldingYams,8628197
2026-07-05T18:17:49.199471,2026-07-05T18:17:49.208888+00:00,156.5,20,ask,WavyWalnuts,BrilliantBurritos,8628199
2026-07-05T18:17:49.412902,2026-07-05T18:17:49.421508+00:00,156.6,200,bid,WavyWalnuts,YieldingYams,8628204
2026-07-05T18:17:50.467646,2026-07-05T18:17:50.479290+00:00,156.7,20,bid,BrilliantBurritos,YieldingYams,8628212
2026-07-05T18:17:50.749112,2026-07-05T18:17:50.758566+00:00,156.5,200,ask,WavyWalnuts,YieldingYams,8628221
2026-07-05T18:17:55.470704,2026-07-05T18:17:55.481309+00:00,156.5,200,bid,WavyWalnuts,YieldingYams,8628273
2026-07-05T18:17:57.106717,2026-07-05T18:17:57.118229+00:00,156.4,20,ask,WavyWalnuts,BrilliantBurritos,8628294
2026-07-05T18:18:00.215682,2026-07-05T18:18:00.226775+00:00,156.6,20,bid,BrilliantBurritos,WavyWalnuts,8628333
2026-07-05T18:18:02.746078,2026-07-05T18:18:02.756317+00:00,156.5,200,bid,WavyWalnuts,YieldingYams,8628375
2026-07-05T18:18:03.199885,2026-07-05T18:18:03.206627+00:00,156.5,425,bid,AverageAlmonds,YieldingYams,8628381
2026-07-05T18:18:03.469860,2026-07-05T18:18:03.481741+00:00,156.7,20,bid,BrilliantBurritos,WavyWalnuts,8628387
2026-07-05T18:18:03.957515,2026-07-05T18:18:03.969150+00:00,156.5,200,ask,AverageAlmonds,WavyWalnuts,8628394
2026-07-05T18:18:05.105075,2026-07-05T18:18:05.116885+00:00,156.6,20,ask,AverageAlmonds,BrilliantBurritos,8628406
2026-07-05T18:18:05.166640,2026-07-05T18:18:05.173892+00:00,156.6,200,ask,AverageAlmonds,WavyWalnuts,8628407
2026-07-05T18:18:05.634067,2026-07-05T18:18:05.638055+00:00,156.7,3,ask,AverageAlmonds,Xuanyu Liu,8628414
2026-07-05T18:18:06.378400,2026-07-05T18:18:06.388506+00:00,156.7,200,ask,AverageAlmonds,WavyWalnuts,8628421
2026-07-05T18:18:09.130456,2026-07-05T18:18:09.139498+00:00,156.6,200,bid,YieldingYams,WavyWalnuts,8628446
2026-07-05T18:18:10.012479,2026-07-05T18:18:10.022181+00:00,156.7,200,ask,YieldingYams,WavyWalnuts,8628459
2026-07-05T18:18:15.372638,2026-07-05T18:18:15.384499+00:00,157.0,20,bid,BrilliantBurritos,YieldingYams,8628537
2026-07-05T18:18:16.800622,2026-07-05T18:18:16.804509+00:00,156.8,23,ask,YieldingYams,Xuanyu Liu,8628557
2026-07-05T18:18:17.279562,2026-07-05T18:18:17.290964+00:00,156.8,200,ask,YieldingYams,WavyWalnuts,8628568
2026-07-05T18:18:19.700204,2026-07-05T18:18:19.708018+00:00,156.8,200,bid,WavyWalnuts,YieldingYams,8628601
2026-07-05T18:18:21.883898,2026-07-05T18:18:21.890747+00:00,156.8,20,bid,BrilliantBurritos,YieldingYams,8628622
2026-07-05T18:18:22.838528,2026-07-05T18:18:22.842827+00:00,156.7,11,ask,WavyWalnuts,Xuanyu Liu,8628633
2026-07-05T18:18:25.759224,2026-07-05T18:18:25.769271+00:00,156.7,200,bid,WavyWalnuts,YieldingYams,8628671
2026-07-05T18:18:26.210354,2026-07-05T18:18:26.214897+00:00,156.6,12,ask,YieldingYams,Xuanyu Liu,8628676
2026-07-05T18:18:26.320389,2026-07-05T18:18:26.323734+00:00,156.6,22,ask,YieldingYams,Xuanyu Liu,8628681
2026-07-05T18:18:28.811404,2026-07-05T18:18:28.818283+00:00,156.7,200,bid,YieldingYams,WavyWalnuts,8628711
2026-07-05T18:18:28.829263,2026-07-05T18:18:28.832962+00:00,156.7,12,ask,YieldingYams,Xuanyu Liu,8628713
2026-07-05T18:18:29.404684,2026-07-05T18:18:29.411361+00:00,156.7,200,ask,YieldingYams,WavyWalnuts,8628725
2026-07-05T18:18:29.433138,2026-07-05T18:18:29.437528+00:00,156.8,23,bid,Xuanyu Liu,AverageAlmonds,8628729
2026-07-05T18:18:29.842175,2026-07-05T18:18:29.862263+00:00,156.7,213,ask,YieldingYams,AverageAlmonds,8628734
2026-07-05T18:18:29.859056,2026-07-05T18:18:29.862263+00:00,156.7,11,bid,Xuanyu Liu,AverageAlmonds,8628736
2026-07-05T18:18:30.139192,2026-07-05T18:18:30.143424+00:00,156.6,12,bid,Xuanyu Liu,YieldingYams,8628741
2026-07-05T18:18:31.691872,2026-07-05T18:18:31.705023+00:00,156.5,20,ask,YieldingYams,BrilliantBurritos,8628764
2026-07-05T18:18:32.833565,2026-07-05T18:18:32.842228+00:00,156.8,20,bid,BrilliantBurritos,WavyWalnuts,8628775
2026-07-05T18:18:33.051527,2026-07-05T18:18:33.055181+00:00,156.7,12,ask,WavyWalnuts,Xuanyu Liu,8628782
2026-07-05T18:18:35.373755,2026-07-05T18:18:35.380379+00:00,156.7,200,ask,WavyWalnuts,YieldingYams,8628817
2026-07-05T18:18:36.672915,2026-07-05T18:18:36.683746+00:00,156.7,200,bid,WavyWalnuts,YieldingYams,8628832
2026-07-05T18:18:38.020347,2026-07-05T18:18:38.024093+00:00,156.8,11,ask,YieldingYams,Xuanyu Liu,8628853
2026-07-05T18:18:40.629011,2026-07-05T18:18:40.635923+00:00,156.8,200,bid,YieldingYams,WavyWalnuts,8628886
2026-07-05T18:18:42.137316,2026-07-05T18:18:42.141138+00:00,156.8,23,ask,WavyWalnuts,Xuanyu Liu,8628910
2026-07-05T18:18:42.730860,2026-07-05T18:18:42.738805+00:00,156.9,200,bid,WavyWalnuts,YieldingYams,8628917
2026-07-05T18:18:43.938432,2026-07-05T18:18:43.945553+00:00,156.8,200,bid,WavyWalnuts,YieldingYams,8628930
2026-07-05T18:18:46.967183,2026-07-05T18:18:46.979036+00:00,157.0,20,bid,BrilliantBurritos,YieldingYams,8628970
2026-07-05T18:18:47.200301,2026-07-05T18:18:47.217690+00:00,156.9,200,ask,WavyWalnuts,YieldingYams,8628973
2026-07-05T18:18:47.558278,2026-07-05T18:18:47.569184+00:00,156.8,200,bid,WavyWalnuts,YieldingYams,8628983
2026-07-05T18:18:48.528801,2026-07-05T18:18:48.532841+00:00,157.0,11,ask,YieldingYams,Xuanyu Liu,8628998
2026-07-05T18:18:48.768748,2026-07-05T18:18:48.776292+00:00,157.0,200,ask,YieldingYams,WavyWalnuts,8629003
2026-07-05T18:18:51.584112,2026-07-05T18:18:51.588109+00:00,157.0,11,bid,Xuanyu Liu,WavyWalnuts,8629038
2026-07-05T18:18:53.759416,2026-07-05T18:18:53.769305+00:00,157.0,200,bid,YieldingYams,WavyWalnuts,8629067
2026-07-05T18:18:54.450535,2026-07-05T18:18:54.453961+00:00,157.3,12,bid,Xuanyu Liu,YieldingYams,8629077
2026-07-05T18:18:54.808127,2026-07-05T18:18:54.815411+00:00,157.1,200,ask,YieldingYams,WavyWalnuts,8629085
2026-07-05T18:18:56.029561,2026-07-05T18:18:56.033360+00:00,157.2,11,bid,Xuanyu Liu,WavyWalnuts,8629100
2026-07-05T18:18:59.261060,2026-07-05T18:18:59.272790+00:00,157.2,20,bid,BrilliantBurritos,AverageAlmonds,8629157
2026-07-05T18:18:59.642447,2026-07-05T18:18:59.649368+00:00,157.2,200,bid,WavyWalnuts,YieldingYams,8629159
2026-07-05T18:19:09.513385,2026-07-05T18:19:09.520702+00:00,157.3,200,bid,YieldingYams,WavyWalnuts,8629285
2026-07-05T18:19:12.243430,2026-07-05T18:19:12.252833+00:00,157.3,500,ask,YieldingYams,AverageAlmonds,8629322
2026-07-05T18:19:12.836686,2026-07-05T18:19:12.844833+00:00,157.3,125,ask,YieldingYams,AverageAlmonds,8629327
2026-07-05T18:19:13.441431,2026-07-05T18:19:13.449207+00:00,157.2,200,ask,WavyWalnuts,YieldingYams,8629340
2026-07-05T18:19:16.904815,2026-07-05T18:19:16.909024+00:00,157.5,23,bid,Xuanyu Liu,YieldingYams,8629379
2026-07-05T18:19:17.105651,2026-07-05T18:19:17.109595+00:00,157.4,11,bid,Xuanyu Liu,AverageAlmonds,8629383
2026-07-05T18:19:17.322571,2026-07-05T18:19:17.331243+00:00,157.3,8,ask,WavyWalnuts,Zhangyue Shen,8629390
2026-07-05T18:19:17.781397,2026-07-05T18:19:17.790006+00:00,157.4,200,bid,WavyWalnuts,AverageAlmonds,8629406
2026-07-05T18:19:19.798053,2026-07-05T18:19:19.809920+00:00,157.3,20,ask,WavyWalnuts,BrilliantBurritos,8629429
2026-07-05T18:19:20.124155,2026-07-05T18:19:20.133895+00:00,157.3,180,ask,WavyWalnuts,AverageAlmonds,8629436
2026-07-05T18:19:22.624364,2026-07-05T18:19:22.640560+00:00,157.3,200,bid,WavyWalnuts,YieldingYams,8629459
2026-07-05T18:19:22.636703,2026-07-05T18:19:22.640560+00:00,157.3,8,bid,Xuanyu Liu,YieldingYams,8629462
2026-07-05T18:19:22.862658,2026-07-05T18:19:22.874417+00:00,157.1,8,ask,YieldingYams,Zhangyue Shen,8629463
2026-07-05T18:19:24.398147,2026-07-05T18:19:24.409825+00:00,157.2,8,ask,WavyWalnuts,Zhangyue Shen,8629485
2026-07-05T18:19:24.891582,2026-07-05T18:19:24.903372+00:00,157.2,20,ask,WavyWalnuts,BrilliantBurritos,8629491
2026-07-05T18:19:26.528949,2026-07-05T18:19:26.539640+00:00,157.3,200,ask,WavyWalnuts,YieldingYams,8629521
2026-07-05T18:19:26.546388,2026-07-05T18:19:26.550742+00:00,157.1,8,bid,Xuanyu Liu,YieldingYams,8629523
2026-07-05T18:19:26.557050,2026-07-05T18:19:26.561176+00:00,157.1,7,bid,Xuanyu Liu,YieldingYams,8629525
2026-07-05T18:19:26.669378,2026-07-05T18:19:26.680968+00:00,156.9,8,ask,AverageAlmonds,Zhangyue Shen,8629527
2026-07-05T18:19:26.954260,2026-07-05T18:19:26.957713+00:00,157.1,3,bid,Xuanyu Liu,YieldingYams,8629531
2026-07-05T18:19:27.193913,2026-07-05T18:19:27.205713+00:00,156.9,3,ask,YieldingYams,Zhangyue Shen,8629536
2026-07-05T18:19:27.469064,2026-07-05T18:19:27.479715+00:00,157.1,200,bid,WavyWalnuts,YieldingYams,8629540
2026-07-05T18:19:29.218604,2026-07-05T18:19:29.227774+00:00,157.1,8,ask,YieldingYams,Zhangyue Shen,8629561
2026-07-05T18:19:33.538933,2026-07-05T18:19:33.550685+00:00,157.2,20,ask,YieldingYams,BrilliantBurritos,8629625
2026-07-05T18:19:34.377110,2026-07-05T18:19:34.384383+00:00,157.3,200,bid,YieldingYams,WavyWalnuts,8629636
2026-07-05T18:19:34.722621,2026-07-05T18:19:34.733452+00:00,157.3,200,ask,YieldingYams,WavyWalnuts,8629639
2026-07-05T18:19:37.156514,2026-07-05T18:19:37.157573+00:00,157.2,200,ask,YieldingYams,WavyWalnuts,8629669
2026-07-05T18:19:38.311038,2026-07-05T18:19:38.319504+00:00,157.2,8,ask,YieldingYams,Zhangyue Shen,8629682
2026-07-05T18:19:38.366858,2026-07-05T18:19:38.375342+00:00,157.2,200,ask,YieldingYams,WavyWalnuts,8629684
2026-07-05T18:19:38.687117,2026-07-05T18:19:38.696634+00:00,157.2,20,ask,YieldingYams,BrilliantBurritos,8629686
2026-07-05T18:19:39.584520,2026-07-05T18:19:39.593200+00:00,157.2,200,ask,YieldingYams,WavyWalnuts,8629703
2026-07-05T18:19:40.288901,2026-07-05T18:19:40.300754+00:00,157.2,20,bid,BrilliantBurritos,YieldingYams,8629712
