timestamp,recv_time,price,volume,aggressor_side,buyer,seller,trade_id
2026-07-08T08:00:00.338879,2026-07-08T08:00:00.254658+00:00,120.0,20,bid,,,11910072
2026-07-08T08:00:03.136421,2026-07-08T08:00:03.143320+00:00,120.0,200,bid,,,11910117
2026-07-08T08:00:03.955194,2026-07-08T08:00:03.964511+00:00,120.0,200,ask,,,11910132
2026-07-08T08:00:04.450734,2026-07-08T08:00:04.459993+00:00,119.9,500,ask,,,11910138
2026-07-08T08:00:04.450734,2026-07-08T08:00:04.459993+00:00,119.9,8,ask,,,11910139
2026-07-08T08:00:04.471688,2026-07-08T08:00:04.475964+00:00,119.9,13,bid,,,11910141
2026-07-08T08:00:04.507512,2026-07-08T08:00:04.519384+00:00,119.9,20,bid,,,11910142
2026-07-08T08:00:04.778083,2026-07-08T08:00:04.789740+00:00,119.9,12,bid,,,11910145
2026-07-08T08:00:05.163136,2026-07-08T08:00:05.171632+00:00,119.9,72,bid,,,11910159
2026-07-08T08:00:05.762948,2026-07-08T08:00:05.774279+00:00,120.1,200,bid,,,11910164
2026-07-08T08:00:05.762948,2026-07-08T08:00:05.774279+00:00,120.1,8,bid,,,11910165
2026-07-08T08:00:07.066006,2026-07-08T08:00:07.077959+00:00,120.2,6,bid,,,11910181
2026-07-08T08:00:07.297064,2026-07-08T08:00:07.301430+00:00,120.0,14,ask,,,11910188
2026-07-08T08:00:08.086950,2026-07-08T08:00:08.095873+00:00,119.9,6,ask,,,11910203
2026-07-08T08:00:09.102850,2026-07-08T08:00:09.114427+00:00,119.9,10,ask,,,11910216
2026-07-08T08:00:10.076036,2026-07-08T08:00:10.084998+00:00,120.0,8,bid,,,11910241
2026-07-08T08:00:10.076036,2026-07-08T08:00:10.084998+00:00,120.0,12,bid,,,11910242
2026-07-08T08:00:10.644090,2026-07-08T08:00:10.655856+00:00,120.0,11,bid,,,11910243
2026-07-08T08:00:13.634116,2026-07-08T08:00:13.642662+00:00,120.0,200,ask,,,11910283
2026-07-08T08:00:14.944196,2026-07-08T08:00:14.955646+00:00,120.0,8,bid,,,11910301
2026-07-08T08:00:16.100395,2026-07-08T08:00:16.107588+00:00,120.0,200,ask,,,11910316
2026-07-08T08:00:17.173815,2026-07-08T08:00:17.184671+00:00,120.2,6,bid,,,11910336
2026-07-08T08:00:17.309611,2026-07-08T08:00:17.318786+00:00,120.0,200,ask,,,11910340
2026-07-08T08:00:17.595903,2026-07-08T08:00:17.618465+00:00,120.0,8,ask,,,11910348
2026-07-08T08:00:17.613840,2026-07-08T08:00:17.618465+00:00,119.9,11,bid,,,11910350
2026-07-08T08:00:17.708550,2026-07-08T08:00:17.715404+00:00,119.9,20,bid,,,11910351
2026-07-08T08:00:21.534378,2026-07-08T08:00:21.544251+00:00,120.0,20,bid,,,11910413
2026-07-08T08:00:22.154813,2026-07-08T08:00:22.164085+00:00,119.9,200,ask,,,11910423
2026-07-08T08:00:23.098461,2026-07-08T08:00:23.102723+00:00,120.1,3,bid,,,11910448
2026-07-08T08:00:23.261950,2026-07-08T08:00:23.268842+00:00,120.2,8,bid,,,11910456
2026-07-08T08:00:23.749763,2026-07-08T08:00:23.758573+00:00,120.1,10,bid,,,11910461
2026-07-08T08:00:26.630548,2026-07-08T08:00:26.642381+00:00,120.1,125,ask,,,11910489
2026-07-08T08:00:26.630548,2026-07-08T08:00:26.642381+00:00,120.0,200,ask,,,11910490
2026-07-08T08:00:26.630548,2026-07-08T08:00:26.642381+00:00,120.0,8,ask,,,11910491
2026-07-08T08:00:26.674790,2026-07-08T08:00:26.679672+00:00,120.0,3,bid,,,11910497
2026-07-08T08:00:26.701451,2026-07-08T08:00:26.713291+00:00,120.0,35,bid,,,11910498
2026-07-08T08:00:26.796737,2026-07-08T08:00:26.804033+00:00,120.0,35,bid,,,11910502
2026-07-08T08:00:26.888236,2026-07-08T08:00:26.901956+00:00,120.0,35,bid,,,11910507
2026-07-08T08:00:26.983024,2026-07-08T08:00:26.995137+00:00,120.0,35,bid,,,11910509
2026-07-08T08:00:26.994515,2026-07-08T08:00:27.005815+00:00,120.0,24,bid,,,11910511
2026-07-08T08:00:26.994515,2026-07-08T08:00:27.005815+00:00,120.0,8,bid,,,11910512
2026-07-08T08:00:27.230674,2026-07-08T08:00:27.237753+00:00,120.0,168,ask,,,11910518
2026-07-08T08:00:27.243435,2026-07-08T08:00:27.258544+00:00,120.0,7,bid,,,11910519
2026-07-08T08:00:28.204337,2026-07-08T08:00:28.212549+00:00,120.0,200,bid,,,11910536
2026-07-08T08:00:28.643110,2026-07-08T08:00:28.650731+00:00,119.8,3,ask,,,11910549
2026-07-08T08:00:28.778805,2026-07-08T08:00:28.789527+00:00,119.8,10,ask,,,11910551
2026-07-08T08:00:30.626618,2026-07-08T08:00:30.635992+00:00,119.9,200,bid,,,11910580
2026-07-08T08:00:30.717312,2026-07-08T08:00:30.728120+00:00,119.9,500,bid,,,11910584
2026-07-08T08:00:30.784846,2026-07-08T08:00:30.796610+00:00,119.9,100,ask,,,11910586
2026-07-08T08:00:30.902553,2026-07-08T08:00:30.911789+00:00,119.9,25,ask,,,11910590
2026-07-08T08:00:33.632605,2026-07-08T08:00:33.644708+00:00,119.9,10,bid,,,11910637
2026-07-08T08:00:35.966003,2026-07-08T08:00:35.974509+00:00,119.8,200,bid,,,11910674
2026-07-08T08:00:36.686932,2026-07-08T08:00:36.693971+00:00,119.8,200,ask,,,11910683
2026-07-08T08:00:36.772310,2026-07-08T08:00:36.780847+00:00,119.8,20,ask,,,11910684
2026-07-08T08:00:38.517009,2026-07-08T08:00:38.527554+00:00,119.8,10,bid,,,11910717
2026-07-08T08:00:41.215195,2026-07-08T08:00:41.222312+00:00,119.8,200,bid,,,11910756
2026-07-08T08:00:41.215195,2026-07-08T08:00:41.227611+00:00,119.9,8,bid,,,11910757
2026-07-08T08:00:41.434157,2026-07-08T08:00:41.443468+00:00,119.9,20,ask,,,11910762
2026-07-08T08:00:41.531218,2026-07-08T08:00:41.541955+00:00,119.9,200,ask,,,11910765
2026-07-08T08:00:42.129212,2026-07-08T08:00:42.137448+00:00,120.1,35,bid,,,11910776
2026-07-08T08:00:42.156921,2026-07-08T08:00:42.161223+00:00,120.1,3,bid,,,11910779
2026-07-08T08:00:42.218618,2026-07-08T08:00:42.230600+00:00,120.1,4,bid,,,11910781
2026-07-08T08:00:42.836663,2026-07-08T08:00:42.848834+00:00,120.0,10,bid,,,11910796
2026-07-08T08:00:44.473383,2026-07-08T08:00:44.480813+00:00,119.9,35,bid,,,11910828
2026-07-08T08:00:44.562180,2026-07-08T08:00:44.570171+00:00,119.9,35,bid,,,11910832
2026-07-08T08:00:44.637156,2026-07-08T08:00:44.641373+00:00,119.9,8,bid,,,11910837
2026-07-08T08:00:44.651243,2026-07-08T08:00:44.662161+00:00,119.9,30,bid,,,11910838
2026-07-08T08:00:45.150512,2026-07-08T08:00:45.164206+00:00,119.9,200,bid,,,11910852
2026-07-08T08:00:46.369944,2026-07-08T08:00:46.380886+00:00,119.9,200,ask,,,11910867
2026-07-08T08:00:46.465213,2026-07-08T08:00:46.473979+00:00,119.8,8,ask,,,11910868
2026-07-08T08:00:49.090259,2026-07-08T08:00:49.101071+00:00,119.7,200,ask,,,11910902
2026-07-08T08:00:49.096391,2026-07-08T08:00:49.106327+00:00,119.7,10,bid,,,11910903
2026-07-08T08:00:49.149351,2026-07-08T08:00:49.164070+00:00,119.7,8,bid,,,11910905
2026-07-08T08:00:49.479258,2026-07-08T08:00:49.491240+00:00,119.7,8,bid,,,11910910
2026-07-08T08:00:49.810284,2026-07-08T08:00:49.822095+00:00,119.7,3,bid,,,11910915
2026-07-08T08:00:49.994594,2026-07-08T08:00:50.003963+00:00,119.7,200,bid,,,11910927
2026-07-08T08:00:50.402666,2026-07-08T08:00:50.412979+00:00,119.8,8,bid,,,11910933
2026-07-08T08:00:50.630989,2026-07-08T08:00:50.642925+00:00,119.8,8,ask,,,11910937
2026-07-08T08:00:50.884289,2026-07-08T08:00:50.895612+00:00,119.8,20,ask,,,11910941
2026-07-08T08:00:50.900653,2026-07-08T08:00:50.911533+00:00,119.8,2,ask,,,11910942
2026-07-08T08:00:51.721903,2026-07-08T08:00:51.733130+00:00,119.9,200,ask,,,11910953
2026-07-08T08:00:51.742004,2026-07-08T08:00:51.747205+00:00,119.9,3,bid,,,11910955
2026-07-08T08:00:51.757089,2026-07-08T08:00:51.768209+00:00,119.9,19,bid,,,11910957
2026-07-08T08:00:52.140072,2026-07-08T08:00:52.150047+00:00,119.9,19,bid,,,11910964
2026-07-08T08:00:52.489237,2026-07-08T08:00:52.500950+00:00,119.9,19,bid,,,11910974
2026-07-08T08:00:52.515092,2026-07-08T08:00:52.525335+00:00,119.9,1,bid,,,11910976
2026-07-08T08:00:52.840613,2026-07-08T08:00:52.851234+00:00,119.9,11,bid,,,11910978
2026-07-08T08:00:53.030417,2026-07-08T08:00:53.038240+00:00,119.9,8,bid,,,11910982
2026-07-08T08:00:53.030417,2026-07-08T08:00:53.043961+00:00,120.0,200,bid,,,11910983
2026-07-08T08:00:54.345389,2026-07-08T08:00:54.352378+00:00,120.1,200,bid,,,11910997
2026-07-08T08:00:54.345389,2026-07-08T08:00:54.357384+00:00,120.1,425,bid,,,11910998
2026-07-08T08:00:54.868694,2026-07-08T08:00:54.885930+00:00,120.0,11,ask,,,11911008
2026-07-08T08:00:55.123863,2026-07-08T08:00:55.135861+00:00,120.0,10,ask,,,11911012
2026-07-08T08:00:55.593611,2026-07-08T08:00:55.604188+00:00,120.0,20,ask,,,11911018
2026-07-08T08:00:55.657380,2026-07-08T08:00:55.664335+00:00,120.0,159,ask,,,11911020
2026-07-08T08:00:55.657380,2026-07-08T08:00:55.669663+00:00,119.9,8,ask,,,11911021
2026-07-08T08:00:56.040898,2026-07-08T08:00:56.044838+00:00,119.9,200,bid,,,11911028
2026-07-08T08:00:56.334093,2026-07-08T08:00:56.339469+00:00,119.7,20,ask,,,11911030
2026-07-08T08:00:59.593128,2026-07-08T08:00:59.627589+00:00,119.8,200,ask,,,11911078
2026-07-08T08:00:59.623146,2026-07-08T08:00:59.627589+00:00,119.8,11,bid,,,11911082
2026-07-08T08:00:59.631387,2026-07-08T08:00:59.643450+00:00,119.8,10,bid,,,11911083
2026-07-08T08:00:59.672771,2026-07-08T08:00:59.682095+00:00,119.8,200,bid,,,11911086
2026-07-08T08:01:00.611072,2026-07-08T08:01:00.621740+00:00,119.7,1,ask,,,11911104
2026-07-08T08:01:00.883784,2026-07-08T08:01:00.893372+00:00,119.8,200,bid,,,11911109
2026-07-08T08:01:00.901113,2026-07-08T08:01:00.909261+00:00,120.0,8,bid,,,11911110
2026-07-08T08:01:00.901113,2026-07-08T08:01:00.926840+00:00,120.0,200,bid,,,11911111
2026-07-08T08:01:00.922436,2026-07-08T08:01:00.926840+00:00,120.0,8,ask,,,11911113
2026-07-08T08:01:00.936674,2026-07-08T08:01:00.941108+00:00,120.0,6,ask,,,11911115
2026-07-08T08:01:01.055244,2026-07-08T08:01:01.062043+00:00,120.0,20,ask,,,11911118
2026-07-08T08:01:01.132444,2026-07-08T08:01:01.140937+00:00,120.0,8,ask,,,11911120
2026-07-08T08:01:01.325458,2026-07-08T08:01:01.337098+00:00,120.0,20,ask,,,11911122
2026-07-08T08:01:01.603716,2026-07-08T08:01:01.616067+00:00,120.0,20,ask,,,11911126
2026-07-08T08:01:02.095140,2026-07-08T08:01:02.104199+00:00,120.0,200,ask,,,11911136
2026-07-08T08:01:02.216583,2026-07-08T08:01:02.227271+00:00,120.0,8,ask,,,11911140
2026-07-08T08:01:02.216583,2026-07-08T08:01:02.227271+00:00,119.8,500,ask,,,11911141
2026-07-08T08:01:02.898736,2026-07-08T08:01:02.910817+00:00,119.7,20,ask,,,11911147
2026-07-08T08:01:03.313964,2026-07-08T08:01:03.321109+00:00,119.8,117,bid,,,11911156
2026-07-08T08:01:03.531319,2026-07-08T08:01:03.539639+00:00,120.0,200,bid,,,11911160
2026-07-08T08:01:03.531319,2026-07-08T08:01:03.559345+00:00,120.1,8,bid,,,11911161
2026-07-08T08:01:03.862599,2026-07-08T08:01:03.874296+00:00,120.1,18,ask,,,11911166
2026-07-08T08:01:04.528223,2026-07-08T08:01:04.537693+00:00,120.1,200,ask,,,11911179
2026-07-08T08:01:05.738635,2026-07-08T08:01:05.745788+00:00,120.0,200,ask,,,11911201
2026-07-08T08:01:06.591714,2026-07-08T08:01:06.613551+00:00,120.2,8,bid,,,11911213
2026-07-08T08:01:06.609182,2026-07-08T08:01:06.613551+00:00,120.2,3,bid,,,11911216
2026-07-08T08:01:06.947977,2026-07-08T08:01:06.954484+00:00,120.0,200,ask,,,11911232
2026-07-08T08:01:07.488723,2026-07-08T08:01:07.509175+00:00,119.9,8,ask,,,11911237
2026-07-08T08:01:07.505129,2026-07-08T08:01:07.509175+00:00,119.9,34,bid,,,11911239
2026-07-08T08:01:07.648561,2026-07-08T08:01:07.658604+00:00,119.9,20,bid,,,11911241
2026-07-08T08:01:07.677033,2026-07-08T08:01:07.688796+00:00,119.9,15,bid,,,11911243
2026-07-08T08:01:08.045670,2026-07-08T08:01:08.054061+00:00,119.9,20,bid,,,11911253
2026-07-08T08:01:08.251245,2026-07-08T08:01:08.259136+00:00,119.9,10,bid,,,11911260
2026-07-08T08:01:08.298254,2026-07-08T08:01:08.310261+00:00,119.9,8,bid,,,11911261
2026-07-08T08:01:08.443435,2026-07-08T08:01:08.455570+00:00,119.9,490,bid,,,11911263
2026-07-08T08:01:08.693955,2026-07-08T08:01:08.701971+00:00,119.9,10,ask,,,11911266
2026-07-08T08:01:08.796888,2026-07-08T08:01:08.806828+00:00,119.9,5,bid,,,11911271
2026-07-08T08:01:08.796888,2026-07-08T08:01:08.806828+00:00,120.0,200,bid,,,11911272
2026-07-08T08:01:08.796888,2026-07-08T08:01:08.806828+00:00,120.2,8,bid,,,11911273
2026-07-08T08:01:08.820014,2026-07-08T08:01:08.824193+00:00,120.2,11,ask,,,11911276
2026-07-08T08:01:09.002840,2026-07-08T08:01:09.010810+00:00,120.2,10,ask,,,11911282
2026-07-08T08:01:09.090598,2026-07-08T08:01:09.104844+00:00,120.2,20,ask,,,11911284
2026-07-08T08:01:09.365469,2026-07-08T08:01:09.374303+00:00,120.2,200,ask,,,11911288
2026-07-08T08:01:09.443314,2026-07-08T08:01:09.451748+00:00,120.4,20,bid,,,11911290
2026-07-08T08:01:10.575424,2026-07-08T08:01:10.583335+00:00,120.2,200,ask,,,11911309
2026-07-08T08:01:10.676439,2026-07-08T08:01:10.680595+00:00,120.4,8,bid,,,11911313
2026-07-08T08:01:10.690643,2026-07-08T08:01:10.702627+00:00,120.4,20,bid,,,11911314
2026-07-08T08:01:10.718230,2026-07-08T08:01:10.726377+00:00,120.4,6,bid,,,11911316
2026-07-08T08:01:11.001270,2026-07-08T08:01:11.005499+00:00,120.4,3,bid,,,11911319
2026-07-08T08:01:11.087751,2026-07-08T08:01:11.104506+00:00,120.4,11,bid,,,11911320
2026-07-08T08:01:11.438020,2026-07-08T08:01:11.442361+00:00,120.2,12,bid,,,11911329
2026-07-08T08:01:11.781449,2026-07-08T08:01:11.793273+00:00,120.2,200,bid,,,11911334
2026-07-08T08:01:12.526006,2026-07-08T08:01:12.533084+00:00,120.2,10,bid,,,11911343
2026-07-08T08:01:13.196615,2026-07-08T08:01:13.208838+00:00,120.1,10,ask,,,11911353
2026-07-08T08:01:15.758123,2026-07-08T08:01:15.769665+00:00,120.1,6,ask,,,11911405
2026-07-08T08:01:19.041420,2026-07-08T08:01:19.052126+00:00,120.3,200,bid,,,11911444
2026-07-08T08:01:19.105767,2026-07-08T08:01:19.113808+00:00,120.1,20,ask,,,11911445
2026-07-08T08:01:19.317689,2026-07-08T08:01:19.322727+00:00,120.1,8,ask,,,11911452
2026-07-08T08:01:19.317689,2026-07-08T08:01:19.322727+00:00,120.1,4,ask,,,11911453
2026-07-08T08:01:20.252631,2026-07-08T08:01:20.258620+00:00,120.3,200,bid,,,11911468
2026-07-08T08:01:20.624633,2026-07-08T08:01:20.629842+00:00,120.2,11,ask,,,11911475
2026-07-08T08:01:22.672089,2026-07-08T08:01:22.679613+00:00,120.2,200,ask,,,11911502
2026-07-08T08:01:23.880894,2026-07-08T08:01:23.887794+00:00,120.2,200,ask,,,11911525
2026-07-08T08:01:24.549070,2026-07-08T08:01:24.558645+00:00,120.2,8,ask,,,11911529
2026-07-08T08:01:26.477062,2026-07-08T08:01:26.481487+00:00,120.1,12,ask,,,11911556
2026-07-08T08:01:26.793043,2026-07-08T08:01:26.801284+00:00,120.1,20,ask,,,11911564
2026-07-08T08:01:27.139225,2026-07-08T08:01:27.150681+00:00,120.1,20,ask,,,11911568
2026-07-08T08:01:27.493181,2026-07-08T08:01:27.506295+00:00,120.1,8,ask,,,11911575
2026-07-08T08:01:29.828330,2026-07-08T08:01:29.832776+00:00,120.1,11,ask,,,11911600
2026-07-08T08:01:29.938233,2026-07-08T08:01:29.947194+00:00,120.1,200,ask,,,11911603
2026-07-08T08:01:30.068540,2026-07-08T08:01:30.080453+00:00,120.1,20,ask,,,11911608
2026-07-08T08:01:30.415974,2026-07-08T08:01:30.427540+00:00,120.1,11,ask,,,11911619
2026-07-08T08:01:30.887790,2026-07-08T08:01:30.895900+00:00,120.3,8,bid,,,11911623
2026-07-08T08:01:30.887790,2026-07-08T08:01:30.901165+00:00,120.3,12,bid,,,11911624
2026-07-08T08:01:32.808426,2026-07-08T08:01:32.814053+00:00,119.9,3,ask,,,11911659
2026-07-08T08:01:32.824857,2026-07-08T08:01:32.834943+00:00,119.9,39,ask,,,11911661
2026-07-08T08:01:33.579679,2026-07-08T08:01:33.586594+00:00,119.9,10,ask,,,11911687
2026-07-08T08:01:34.784312,2026-07-08T08:01:34.797733+00:00,119.8,20,ask,,,11911707
2026-07-08T08:01:42.291861,2026-07-08T08:01:42.301496+00:00,119.9,35,ask,,,11911824
2026-07-08T08:01:42.404015,2026-07-08T08:01:42.413168+00:00,119.9,35,ask,,,11911832
2026-07-08T08:01:42.503922,2026-07-08T08:01:42.510892+00:00,119.9,35,ask,,,11911834
2026-07-08T08:01:42.594977,2026-07-08T08:01:42.605884+00:00,119.9,35,ask,,,11911836
2026-07-08T08:01:42.684504,2026-07-08T08:01:42.691497+00:00,119.9,1,ask,,,11911838
2026-07-08T08:01:44.003566,2026-07-08T08:01:44.015783+00:00,120.0,1,ask,,,11911856
2026-07-08T08:01:44.124968,2026-07-08T08:01:44.164088+00:00,120.0,10,ask,,,11911862
2026-07-08T08:01:44.272461,2026-07-08T08:01:44.276836+00:00,120.0,3,ask,,,11911864
2026-07-08T08:01:44.397007,2026-07-08T08:01:44.406471+00:00,120.1,20,bid,,,11911868
2026-07-08T08:01:45.424162,2026-07-08T08:01:45.428081+00:00,120.1,3,bid,,,11911889
2026-07-08T08:01:45.593061,2026-07-08T08:01:45.601755+00:00,120.1,10,bid,,,11911892
2026-07-08T08:01:45.881003,2026-07-08T08:01:45.893218+00:00,120.0,10,bid,,,11911901
2026-07-08T08:01:48.151673,2026-07-08T08:01:48.158579+00:00,119.9,200,ask,,,11911946
2026-07-08T08:01:48.184707,2026-07-08T08:01:48.195050+00:00,120.1,500,bid,,,11911950
2026-07-08T08:01:48.425808,2026-07-08T08:01:48.434561+00:00,120.1,125,ask,,,11911953
2026-07-08T08:01:50.565865,2026-07-08T08:01:50.574141+00:00,119.9,200,bid,,,11911986
2026-07-08T08:01:50.809143,2026-07-08T08:01:50.819126+00:00,120.0,8,bid,,,11911992
2026-07-08T08:01:51.440858,2026-07-08T08:01:51.451881+00:00,120.0,500,ask,,,11911997
2026-07-08T08:01:51.765652,2026-07-08T08:01:51.775513+00:00,120.0,10,ask,,,11912006
2026-07-08T08:01:52.123694,2026-07-08T08:01:52.131616+00:00,119.9,200,ask,,,11912010
2026-07-08T08:01:52.123694,2026-07-08T08:01:52.136657+00:00,119.9,8,ask,,,11912011
2026-07-08T08:01:52.219465,2026-07-08T08:01:52.230370+00:00,119.8,10,bid,,,11912012
2026-07-08T08:01:52.983459,2026-07-08T08:01:52.990695+00:00,119.8,200,bid,,,11912030
2026-07-08T08:01:54.197852,2026-07-08T08:01:54.209362+00:00,119.8,200,bid,,,11912056
2026-07-08T08:02:01.466393,2026-07-08T08:02:01.474184+00:00,119.6,200,ask,,,11912174
2026-07-08T08:02:02.681639,2026-07-08T08:02:02.692491+00:00,119.6,200,ask,,,11912189
2026-07-08T08:02:02.698488,2026-07-08T08:02:02.708324+00:00,119.6,500,ask,,,11912191
2026-07-08T08:02:02.946744,2026-07-08T08:02:02.958616+00:00,119.6,125,bid,,,11912193
2026-07-08T08:02:02.946744,2026-07-08T08:02:02.958616+00:00,119.6,8,bid,,,11912194
2026-07-08T08:02:03.894055,2026-07-08T08:02:03.900685+00:00,119.7,8,ask,,,11912205
2026-07-08T08:02:03.912833,2026-07-08T08:02:03.917572+00:00,119.6,3,bid,,,11912207
2026-07-08T08:02:03.929111,2026-07-08T08:02:03.938430+00:00,119.6,5,bid,,,11912209
2026-07-08T08:02:04.019677,2026-07-08T08:02:04.028496+00:00,119.6,184,bid,,,11912214
2026-07-08T08:02:06.345899,2026-07-08T08:02:06.358552+00:00,119.7,26,bid,,,11912255
2026-07-08T08:02:07.251903,2026-07-08T08:02:07.258584+00:00,119.7,1,bid,,,11912263
2026-07-08T08:02:07.627860,2026-07-08T08:02:07.632174+00:00,119.6,3,ask,,,11912272
2026-07-08T08:02:07.822726,2026-07-08T08:02:07.832597+00:00,119.7,20,bid,,,11912273
2026-07-08T08:02:11.186723,2026-07-08T08:02:11.195430+00:00,119.6,200,ask,,,11912321
2026-07-08T08:02:13.207747,2026-07-08T08:02:13.216870+00:00,119.6,200,ask,,,11912346
2026-07-08T08:02:13.983634,2026-07-08T08:02:13.992931+00:00,119.6,1,bid,,,11912357
2026-07-08T08:02:14.817713,2026-07-08T08:02:14.825403+00:00,119.6,200,ask,,,11912379
2026-07-08T08:02:15.829355,2026-07-08T08:02:15.840818+00:00,119.6,8,ask,,,11912390
2026-07-08T08:02:16.727170,2026-07-08T08:02:16.738825+00:00,119.5,20,ask,,,11912403
2026-07-08T08:02:17.238266,2026-07-08T08:02:17.245569+00:00,119.6,200,bid,,,11912411
2026-07-08T08:02:17.803337,2026-07-08T08:02:17.815291+00:00,119.6,20,bid,,,11912418
2026-07-08T08:02:18.449658,2026-07-08T08:02:18.458588+00:00,119.6,200,bid,,,11912433
2026-07-08T08:02:18.470372,2026-07-08T08:02:18.479846+00:00,119.6,8,bid,,,11912434
2026-07-08T08:02:19.543001,2026-07-08T08:02:19.554602+00:00,119.8,20,bid,,,11912447
2026-07-08T08:02:20.586119,2026-07-08T08:02:20.595923+00:00,119.8,10,ask,,,11912466
2026-07-08T08:02:23.712074,2026-07-08T08:02:23.722541+00:00,119.8,200,ask,,,11912520
2026-07-08T08:02:24.495750,2026-07-08T08:02:24.507464+00:00,119.8,200,bid,,,11912529
2026-07-08T08:02:25.290004,2026-07-08T08:02:25.298498+00:00,120.0,20,bid,,,11912538
2026-07-08T08:02:25.708092,2026-07-08T08:02:25.716546+00:00,119.8,200,ask,,,11912547
2026-07-08T08:02:27.796540,2026-07-08T08:02:27.803200+00:00,119.8,500,ask,,,11912569
2026-07-08T08:02:28.389020,2026-07-08T08:02:28.400059+00:00,119.8,125,ask,,,11912575
2026-07-08T08:02:28.389020,2026-07-08T08:02:28.400059+00:00,119.7,200,ask,,,11912576
2026-07-08T08:02:28.389020,2026-07-08T08:02:28.400059+00:00,119.7,8,ask,,,11912577
2026-07-08T08:02:28.407683,2026-07-08T08:02:28.426014+00:00,119.7,35,bid,,,11912579
2026-07-08T08:02:28.421955,2026-07-08T08:02:28.441865+00:00,119.7,3,bid,,,11912583
2026-07-08T08:02:28.430727,2026-07-08T08:02:28.441865+00:00,119.7,25,bid,,,11912584
2026-07-08T08:02:28.433900,2026-07-08T08:02:28.441865+00:00,119.7,1,bid,,,11912585
2026-07-08T08:02:28.454796,2026-07-08T08:02:28.462633+00:00,119.7,25,bid,,,11912588
2026-07-08T08:02:28.476659,2026-07-08T08:02:28.483734+00:00,119.7,25,bid,,,11912590
2026-07-08T08:02:28.827206,2026-07-08T08:02:28.839386+00:00,119.6,8,bid,,,11912600
2026-07-08T08:02:28.951879,2026-07-08T08:02:28.958566+00:00,119.6,8,bid,,,11912604
2026-07-08T08:02:28.951879,2026-07-08T08:02:28.958566+00:00,119.7,53,bid,,,11912605
2026-07-08T08:02:30.577121,2026-07-08T08:02:30.580077+00:00,119.6,1,ask,,,11912625
2026-07-08T08:02:31.584182,2026-07-08T08:02:31.594946+00:00,119.7,200,bid,,,11912637
2026-07-08T08:02:32.914193,2026-07-08T08:02:32.925307+00:00,119.7,200,ask,,,11912655
2026-07-08T08:02:34.194747,2026-07-08T08:02:34.201769+00:00,119.7,200,bid,,,11912670
2026-07-08T08:02:34.828112,2026-07-08T08:02:34.839141+00:00,119.5,1,ask,,,11912685
2026-07-08T08:02:35.407151,2026-07-08T08:02:35.419060+00:00,119.7,200,bid,,,11912687
2026-07-08T08:02:35.559592,2026-07-08T08:02:35.563760+00:00,119.6,3,ask,,,11912691
2026-07-08T08:02:35.719739,2026-07-08T08:02:35.729395+00:00,119.6,1,ask,,,11912697
2026-07-08T08:02:36.092241,2026-07-08T08:02:36.099727+00:00,119.6,25,ask,,,11912701
2026-07-08T08:02:36.127391,2026-07-08T08:02:36.136422+00:00,119.6,35,ask,,,11912703
2026-07-08T08:02:36.157306,2026-07-08T08:02:36.169273+00:00,119.6,25,ask,,,11912705
2026-07-08T08:02:36.184137,2026-07-08T08:02:36.195574+00:00,119.6,25,ask,,,11912708
2026-07-08T08:02:36.205877,2026-07-08T08:02:36.211088+00:00,119.6,25,ask,,,11912710
2026-07-08T08:02:36.308666,2026-07-08T08:02:36.315967+00:00,119.7,19,bid,,,11912717
2026-07-08T08:02:36.620264,2026-07-08T08:02:36.632185+00:00,119.7,200,bid,,,11912721
2026-07-08T08:02:36.864546,2026-07-08T08:02:36.875922+00:00,119.5,8,ask,,,11912729
2026-07-08T08:02:37.837507,2026-07-08T08:02:37.844081+00:00,119.5,200,bid,,,11912747
2026-07-08T08:02:38.173331,2026-07-08T08:02:38.179705+00:00,119.6,8,bid,,,11912753
2026-07-08T08:02:39.112848,2026-07-08T08:02:39.122271+00:00,119.6,10,ask,,,11912763
2026-07-08T08:02:39.309278,2026-07-08T08:02:39.318648+00:00,119.6,500,ask,,,11912766
2026-07-08T08:02:39.485293,2026-07-08T08:02:39.496342+00:00,119.7,10,bid,,,11912769
2026-07-08T08:02:39.490655,2026-07-08T08:02:39.516015+00:00,119.5,200,ask,,,11912770
2026-07-08T08:02:39.490655,2026-07-08T08:02:39.516015+00:00,119.5,8,ask,,,11912771
2026-07-08T08:02:39.495853,2026-07-08T08:02:39.516015+00:00,119.4,20,bid,,,11912772
2026-07-08T08:02:39.511565,2026-07-08T08:02:39.516015+00:00,119.4,14,bid,,,11912775
2026-07-08T08:02:39.514965,2026-07-08T08:02:39.531219+00:00,119.4,25,bid,,,11912776
2026-07-08T08:02:39.518994,2026-07-08T08:02:39.531219+00:00,119.4,44,bid,,,11912777
2026-07-08T08:02:39.807208,2026-07-08T08:02:39.818842+00:00,119.4,8,bid,,,11912783
2026-07-08T08:02:40.061071,2026-07-08T08:02:40.072819+00:00,119.2,5,ask,,,11912788
2026-07-08T08:02:40.316660,2026-07-08T08:02:40.324913+00:00,119.2,5,ask,,,11912792
2026-07-08T08:02:41.477820,2026-07-08T08:02:41.489487+00:00,119.3,200,ask,,,11912816
2026-07-08T08:02:41.920369,2026-07-08T08:02:41.924886+00:00,119.3,8,ask,,,11912834
2026-07-08T08:02:42.427462,2026-07-08T08:02:42.443785+00:00,119.2,25,ask,,,11912835
2026-07-08T08:02:42.439467,2026-07-08T08:02:42.443785+00:00,119.2,6,ask,,,11912838
2026-07-08T08:02:42.497963,2026-07-08T08:02:42.507748+00:00,119.2,35,ask,,,11912840
2026-07-08T08:02:42.588346,2026-07-08T08:02:42.599814+00:00,119.2,25,ask,,,11912842
2026-07-08T08:02:44.539266,2026-07-08T08:02:44.551299+00:00,119.1,20,ask,,,11912872
2026-07-08T08:02:45.116345,2026-07-08T08:02:45.127430+00:00,119.1,200,ask,,,11912881
2026-07-08T08:02:45.558108,2026-07-08T08:02:45.570067+00:00,119.3,2,bid,,,11912885
2026-07-08T08:02:47.407756,2026-07-08T08:02:47.419372+00:00,119.1,20,ask,,,11912919
2026-07-08T08:02:47.538455,2026-07-08T08:02:47.548280+00:00,119.1,200,ask,,,11912923
2026-07-08T08:02:49.956948,2026-07-08T08:02:49.966860+00:00,119.3,200,bid,,,11912957
2026-07-08T08:02:51.169700,2026-07-08T08:02:51.177367+00:00,119.3,200,bid,,,11912977
2026-07-08T08:02:52.382931,2026-07-08T08:02:52.394454+00:00,119.3,200,bid,,,11912997
2026-07-08T08:02:56.596477,2026-07-08T08:02:56.603952+00:00,119.3,200,bid,,,11913056
2026-07-08T08:02:56.596477,2026-07-08T08:02:56.608920+00:00,119.3,425,bid,,,11913057
2026-07-08T08:02:57.530376,2026-07-08T08:02:57.542396+00:00,119.2,20,ask,,,11913075
2026-07-08T08:02:57.916826,2026-07-08T08:02:57.924896+00:00,119.2,180,ask,,,11913082
2026-07-08T08:02:57.916826,2026-07-08T08:02:57.930136+00:00,119.2,8,ask,,,11913083
2026-07-08T08:02:58.313479,2026-07-08T08:02:58.322107+00:00,119.2,10,bid,,,11913091
2026-07-08T08:03:00.555046,2026-07-08T08:03:00.567032+00:00,119.2,20,ask,,,11913123
2026-07-08T08:03:00.895780,2026-07-08T08:03:00.905245+00:00,119.2,200,ask,,,11913128
2026-07-08T08:03:02.128587,2026-07-08T08:03:02.132921+00:00,119.2,3,bid,,,11913153
2026-07-08T08:03:02.149682,2026-07-08T08:03:02.158649+00:00,119.2,14,bid,,,11913154
2026-07-08T08:03:02.354840,2026-07-08T08:03:02.366888+00:00,119.2,10,bid,,,11913161
2026-07-08T08:03:03.162064,2026-07-08T08:03:03.169861+00:00,119.2,173,bid,,,11913176
2026-07-08T08:03:03.162064,2026-07-08T08:03:03.174826+00:00,119.3,8,bid,,,11913177
2026-07-08T08:03:03.313607,2026-07-08T08:03:03.322086+00:00,119.4,200,ask,,,11913179
2026-07-08T08:03:03.823190,2026-07-08T08:03:03.834954+00:00,119.4,8,ask,,,11913184
2026-07-08T08:03:03.846932,2026-07-08T08:03:03.858047+00:00,119.5,8,bid,,,11913185
2026-07-08T08:03:04.268589,2026-07-08T08:03:04.280406+00:00,119.4,10,ask,,,11913193
2026-07-08T08:03:04.531694,2026-07-08T08:03:04.541784+00:00,119.3,8,ask,,,11913202
2026-07-08T08:03:05.741052,2026-07-08T08:03:05.751220+00:00,119.2,200,ask,,,11913220
2026-07-08T08:03:07.041760,2026-07-08T08:03:07.053146+00:00,119.2,2,bid,,,11913243
2026-07-08T08:03:07.127583,2026-07-08T08:03:07.138777+00:00,119.2,198,bid,,,11913246
2026-07-08T08:03:13.677900,2026-07-08T08:03:13.686833+00:00,119.4,200,bid,,,11913346
2026-07-08T08:03:14.214896,2026-07-08T08:03:14.222104+00:00,119.4,200,ask,,,11913352
2026-07-08T08:03:16.317612,2026-07-08T08:03:16.324736+00:00,119.6,200,bid,,,11913388
2026-07-08T08:03:16.317612,2026-07-08T08:03:16.340145+00:00,119.7,8,bid,,,11913389
2026-07-08T08:03:16.336057,2026-07-08T08:03:16.340145+00:00,119.7,3,ask,,,11913391
2026-07-08T08:03:16.357350,2026-07-08T08:03:16.366169+00:00,119.7,5,ask,,,11913394
2026-07-08T08:03:16.382373,2026-07-08T08:03:16.394284+00:00,119.8,20,bid,,,11913396
2026-07-08T08:03:16.388713,2026-07-08T08:03:16.399492+00:00,119.7,10,ask,,,11913397
2026-07-08T08:03:16.447555,2026-07-08T08:03:16.456971+00:00,119.7,8,ask,,,11913400
2026-07-08T08:03:19.883185,2026-07-08T08:03:19.893087+00:00,119.7,500,ask,,,11913444
2026-07-08T08:03:22.697491,2026-07-08T08:03:22.706018+00:00,119.6,200,bid,,,11913476
2026-07-08T08:03:23.559943,2026-07-08T08:03:23.571868+00:00,119.6,10,ask,,,11913491
2026-07-08T08:03:24.144370,2026-07-08T08:03:24.169101+00:00,119.7,10,bid,,,11913495
2026-07-08T08:03:26.347108,2026-07-08T08:03:26.357032+00:00,119.6,200,ask,,,11913530
2026-07-08T08:03:27.362772,2026-07-08T08:03:27.374697+00:00,119.4,20,ask,,,11913546
2026-07-08T08:03:27.960746,2026-07-08T08:03:27.972629+00:00,119.4,10,ask,,,11913562
2026-07-08T08:03:28.172270,2026-07-08T08:03:28.181036+00:00,119.6,200,bid,,,11913565
2026-07-08T08:03:28.172270,2026-07-08T08:03:28.181036+00:00,119.6,425,bid,,,11913566
2026-07-08T08:03:28.768728,2026-07-08T08:03:28.775769+00:00,119.6,200,bid,,,11913571
2026-07-08T08:03:29.979607,2026-07-08T08:03:29.988441+00:00,119.6,200,bid,,,11913582
2026-07-08T08:03:30.083421,2026-07-08T08:03:30.095309+00:00,119.4,1,ask,,,11913586
2026-07-08T08:03:31.004835,2026-07-08T08:03:31.016414+00:00,119.4,1,ask,,,11913609
2026-07-08T08:03:31.214471,2026-07-08T08:03:31.219875+00:00,119.5,3,ask,,,11913613
2026-07-08T08:03:31.412955,2026-07-08T08:03:31.425255+00:00,119.5,20,ask,,,11913617
2026-07-08T08:03:31.775338,2026-07-08T08:03:31.787315+00:00,119.5,20,ask,,,11913626
2026-07-08T08:03:32.028628,2026-07-08T08:03:32.036341+00:00,119.5,5,ask,,,11913628
2026-07-08T08:03:32.132364,2026-07-08T08:03:32.142906+00:00,119.5,13,ask,,,11913632
2026-07-08T08:03:32.625633,2026-07-08T08:03:32.629448+00:00,119.6,1,bid,,,11913649
2026-07-08T08:03:32.739676,2026-07-08T08:03:32.746909+00:00,119.5,1,ask,,,11913651
2026-07-08T08:03:32.764674,2026-07-08T08:03:32.768920+00:00,119.6,1,bid,,,11913654
2026-07-08T08:03:32.956845,2026-07-08T08:03:32.965365+00:00,119.5,1,ask,,,11913656
2026-07-08T08:03:33.834033,2026-07-08T08:03:33.838254+00:00,119.5,1,bid,,,11913672
2026-07-08T08:03:34.828221,2026-07-08T08:03:34.836676+00:00,119.4,200,ask,,,11913684
2026-07-08T08:03:36.036783,2026-07-08T08:03:36.046639+00:00,119.4,200,ask,,,11913697
2026-07-08T08:03:36.164587,2026-07-08T08:03:36.175967+00:00,119.4,20,bid,,,11913701
2026-07-08T08:03:36.802289,2026-07-08T08:03:36.807095+00:00,119.2,1,ask,,,11913709
2026-07-08T08:03:37.043856,2026-07-08T08:03:37.047893+00:00,119.2,1,ask,,,11913721
2026-07-08T08:03:38.457787,2026-07-08T08:03:38.465686+00:00,119.3,200,bid,,,11913738
2026-07-08T08:03:39.053481,2026-07-08T08:03:39.058419+00:00,119.1,1,ask,,,11913746
2026-07-08T08:03:41.358526,2026-07-08T08:03:41.362376+00:00,119.3,1,bid,,,11913781
2026-07-08T08:03:41.748603,2026-07-08T08:03:41.753677+00:00,119.3,1,bid,,,11913785
2026-07-08T08:03:42.096900,2026-07-08T08:03:42.103959+00:00,119.3,200,bid,,,11913793
2026-07-08T08:03:43.981408,2026-07-08T08:03:43.985547+00:00,119.3,2,ask,,,11913827
2026-07-08T08:03:44.197646,2026-07-08T08:03:44.264517+00:00,119.3,14,ask,,,11913830
2026-07-08T08:03:44.553426,2026-07-08T08:03:44.558683+00:00,119.3,3,ask,,,11913838
2026-07-08T08:03:44.900674,2026-07-08T08:03:44.908916+00:00,119.3,1,ask,,,11913844
2026-07-08T08:03:45.157380,2026-07-08T08:03:45.162806+00:00,119.4,1,bid,,,11913847
2026-07-08T08:03:45.380893,2026-07-08T08:03:45.385577+00:00,119.4,1,bid,,,11913852
2026-07-08T08:03:45.827130,2026-07-08T08:03:45.831735+00:00,119.4,1,bid,,,11913858
2026-07-08T08:03:45.867183,2026-07-08T08:03:45.876099+00:00,119.4,20,bid,,,11913859
2026-07-08T08:03:46.131968,2026-07-08T08:03:46.143690+00:00,119.4,20,bid,,,11913865
2026-07-08T08:03:46.399582,2026-07-08T08:03:46.406908+00:00,119.4,11,bid,,,11913868
2026-07-08T08:03:46.590343,2026-07-08T08:03:46.598065+00:00,119.3,200,ask,,,11913875
2026-07-08T08:03:46.664127,2026-07-08T08:03:46.676118+00:00,119.3,10,bid,,,11913876
2026-07-08T08:03:47.900878,2026-07-08T08:03:47.911630+00:00,119.3,200,bid,,,11913898
2026-07-08T08:03:53.000655,2026-07-08T08:03:53.008235+00:00,119.4,200,ask,,,11913973
2026-07-08T08:03:53.222205,2026-07-08T08:03:53.230893+00:00,119.5,6,bid,,,11913978
2026-07-08T08:03:53.418187,2026-07-08T08:03:53.430371+00:00,119.3,1,ask,,,11913985
2026-07-08T08:03:54.246773,2026-07-08T08:03:54.256129+00:00,119.3,5,ask,,,11914001
2026-07-08T08:03:54.252215,2026-07-08T08:03:54.261381+00:00,119.5,5,bid,,,11914002
2026-07-08T08:03:54.476395,2026-07-08T08:03:54.485841+00:00,119.2,8,ask,,,11914007
2026-07-08T08:03:54.476395,2026-07-08T08:03:54.485841+00:00,119.2,200,ask,,,11914008
2026-07-08T08:03:55.432579,2026-07-08T08:03:55.441387+00:00,119.2,200,bid,,,11914020
2026-07-08T08:03:56.201772,2026-07-08T08:03:56.213887+00:00,119.2,20,ask,,,11914031
2026-07-08T08:03:57.093769,2026-07-08T08:03:57.101252+00:00,119.3,200,bid,,,11914045
2026-07-08T08:03:57.278735,2026-07-08T08:03:57.286821+00:00,119.3,1,ask,,,11914049
2026-07-08T08:03:59.087587,2026-07-08T08:03:59.094864+00:00,119.4,200,bid,,,11914075
2026-07-08T08:03:59.484186,2026-07-08T08:03:59.496353+00:00,119.2,1,ask,,,11914086
2026-07-08T08:04:00.065171,2026-07-08T08:04:00.085332+00:00,119.6,20,bid,,,11914094
2026-07-08T08:04:00.097843,2026-07-08T08:04:00.106059+00:00,119.4,10,ask,,,11914095
2026-07-08T08:04:04.974805,2026-07-08T08:04:04.986213+00:00,119.5,200,bid,,,11914185
2026-07-08T08:04:04.989453,2026-07-08T08:04:04.996734+00:00,119.6,8,bid,,,11914187
2026-07-08T08:04:05.170688,2026-07-08T08:04:05.181235+00:00,119.5,200,ask,,,11914193
2026-07-08T08:04:06.385266,2026-07-08T08:04:06.396001+00:00,119.5,8,ask,,,11914206
2026-07-08T08:04:08.057737,2026-07-08T08:04:08.069280+00:00,119.6,10,bid,,,11914224
2026-07-08T08:04:08.927823,2026-07-08T08:04:08.935238+00:00,119.6,200,bid,,,11914236
2026-07-08T08:04:08.927823,2026-07-08T08:04:08.940910+00:00,119.7,8,bid,,,11914237
2026-07-08T08:04:09.649255,2026-07-08T08:04:09.656225+00:00,119.9,20,bid,,,11914245
2026-07-08T08:04:10.024244,2026-07-08T08:04:10.030802+00:00,119.7,200,ask,,,11914254
2026-07-08T08:04:13.681885,2026-07-08T08:04:13.689728+00:00,119.7,200,bid,,,11914323
2026-07-08T08:04:16.127821,2026-07-08T08:04:16.138669+00:00,119.6,200,ask,,,11914364
2026-07-08T08:04:17.347789,2026-07-08T08:04:17.358629+00:00,119.6,200,ask,,,11914391
2026-07-08T08:04:18.190992,2026-07-08T08:04:18.200604+00:00,119.6,8,ask,,,11914410
2026-07-08T08:04:19.516876,2026-07-08T08:04:19.525289+00:00,119.5,200,ask,,,11914428
2026-07-08T08:04:23.452852,2026-07-08T08:04:23.452594+00:00,119.5,200,bid,,,11914476
2026-07-08T08:04:24.646418,2026-07-08T08:04:24.658616+00:00,119.5,200,ask,,,11914499
2026-07-08T08:04:26.080630,2026-07-08T08:04:26.088612+00:00,119.4,200,bid,,,11914519
2026-07-08T08:04:29.653675,2026-07-08T08:04:29.665510+00:00,119.5,20,bid,,,11914569
2026-07-08T08:04:31.345568,2026-07-08T08:04:31.351987+00:00,119.5,200,bid,,,11914594
2026-07-08T08:04:32.687435,2026-07-08T08:04:32.695249+00:00,119.4,200,ask,,,11914620
2026-07-08T08:04:32.687435,2026-07-08T08:04:32.700562+00:00,119.4,425,ask,,,11914621
2026-07-08T08:04:34.707350,2026-07-08T08:04:34.713808+00:00,119.6,1,bid,,,11914651
2026-07-08T08:04:35.090803,2026-07-08T08:04:35.100480+00:00,119.6,2,bid,,,11914652
2026-07-08T08:04:35.206545,2026-07-08T08:04:35.216095+00:00,119.6,2,bid,,,11914653
2026-07-08T08:04:35.322084,2026-07-08T08:04:35.330057+00:00,119.6,2,bid,,,11914658
2026-07-08T08:04:35.438283,2026-07-08T08:04:35.445312+00:00,119.6,2,bid,,,11914662
2026-07-08T08:04:36.096606,2026-07-08T08:04:36.106774+00:00,119.7,2,bid,,,11914675
2026-07-08T08:04:36.259721,2026-07-08T08:04:36.270664+00:00,119.7,2,bid,,,11914678
2026-07-08T08:04:37.987942,2026-07-08T08:04:37.995779+00:00,119.6,200,ask,,,11914707
2026-07-08T08:04:41.885424,2026-07-08T08:04:41.892393+00:00,119.7,200,bid,,,11914759
2026-07-08T08:04:42.823628,2026-07-08T08:04:42.832440+00:00,119.7,200,ask,,,11914773
2026-07-08T08:04:44.031633,2026-07-08T08:04:44.040875+00:00,119.8,200,bid,,,11914784
2026-07-08T08:04:46.004685,2026-07-08T08:04:46.016719+00:00,119.9,20,bid,,,11914812
2026-07-08T08:04:48.297481,2026-07-08T08:04:48.301642+00:00,119.9,1,bid,,,11914847
2026-07-08T08:04:48.875455,2026-07-08T08:04:48.883801+00:00,119.8,200,ask,,,11914853
2026-07-08T08:04:49.562202,2026-07-08T08:04:49.569274+00:00,119.8,425,ask,,,11914864
2026-07-08T08:04:51.374192,2026-07-08T08:04:51.385240+00:00,119.7,200,ask,,,11914886
2026-07-08T08:04:51.400067,2026-07-08T08:04:51.404280+00:00,119.7,2,bid,,,11914890
2026-07-08T08:04:51.409134,2026-07-08T08:04:51.419985+00:00,119.7,10,bid,,,11914891
2026-07-08T08:04:51.445157,2026-07-08T08:04:51.456068+00:00,119.7,35,bid,,,11914893
2026-07-08T08:04:51.504025,2026-07-08T08:04:51.511509+00:00,119.7,1,bid,,,11914896
2026-07-08T08:04:51.536110,2026-07-08T08:04:51.548217+00:00,119.7,25,bid,,,11914897
2026-07-08T08:04:52.432537,2026-07-08T08:04:52.437483+00:00,119.6,3,ask,,,11914918
2026-07-08T08:04:52.448464,2026-07-08T08:04:52.458458+00:00,119.6,35,ask,,,11914921
2026-07-08T08:04:52.503839,2026-07-08T08:04:52.511209+00:00,119.7,200,bid,,,11914924
2026-07-08T08:04:52.540919,2026-07-08T08:04:52.548023+00:00,119.6,1,ask,,,11914926
2026-07-08T08:04:52.633981,2026-07-08T08:04:52.644139+00:00,119.6,12,ask,,,11914931
2026-07-08T08:04:52.698883,2026-07-08T08:04:52.710850+00:00,119.6,10,ask,,,11914932
2026-07-08T08:04:52.718430,2026-07-08T08:04:52.726357+00:00,119.7,8,bid,,,11914933
2026-07-08T08:04:52.718430,2026-07-08T08:04:52.731951+00:00,119.7,2,bid,,,11914934
2026-07-08T08:04:53.080222,2026-07-08T08:04:53.092258+00:00,119.6,1,ask,,,11914943
2026-07-08T08:04:53.178602,2026-07-08T08:04:53.185604+00:00,119.6,500,ask,,,11914946
2026-07-08T08:04:53.427457,2026-07-08T08:04:53.435093+00:00,119.6,1,ask,,,11914954
2026-07-08T08:04:53.728100,2026-07-08T08:04:53.738308+00:00,119.7,200,ask,,,11914960
2026-07-08T08:04:53.728100,2026-07-08T08:04:53.738308+00:00,119.6,8,ask,,,11914961
2026-07-08T08:04:54.921976,2026-07-08T08:04:54.930575+00:00,119.6,200,bid,,,11914975
2026-07-08T08:04:55.129929,2026-07-08T08:04:55.142206+00:00,119.5,8,ask,,,11914982
2026-07-08T08:04:56.224582,2026-07-08T08:04:56.235582+00:00,119.5,500,ask,,,11914994
2026-07-08T08:04:56.234435,2026-07-08T08:04:56.240986+00:00,119.5,20,ask,,,11914995
2026-07-08T08:04:56.370642,2026-07-08T08:04:56.381249+00:00,119.5,200,ask,,,11914997
2026-07-08T08:04:56.370642,2026-07-08T08:04:56.381249+00:00,119.4,8,ask,,,11914998
2026-07-08T08:04:56.387767,2026-07-08T08:04:56.391864+00:00,119.3,14,bid,,,11915000
2026-07-08T08:04:56.408782,2026-07-08T08:04:56.416535+00:00,119.3,91,bid,,,11915002
2026-07-08T08:04:56.412008,2026-07-08T08:04:56.422185+00:00,119.3,1,bid,,,11915003
2026-07-08T08:04:57.343272,2026-07-08T08:04:57.358580+00:00,119.3,200,bid,,,11915022
2026-07-08T08:04:57.695603,2026-07-08T08:04:57.700052+00:00,119.4,10,ask,,,11915027
2026-07-08T08:04:57.842598,2026-07-08T08:04:57.847196+00:00,119.4,1,ask,,,11915030
2026-07-08T08:04:58.060574,2026-07-08T08:04:58.069257+00:00,119.6,1,bid,,,11915032
2026-07-08T08:04:58.092730,2026-07-08T08:04:58.104633+00:00,119.6,1,bid,,,11915035
2026-07-08T08:04:58.564844,2026-07-08T08:04:58.569029+00:00,119.5,1,ask,,,11915044
2026-07-08T08:04:58.777456,2026-07-08T08:04:58.781601+00:00,119.5,2,ask,,,11915049
2026-07-08T08:04:58.830211,2026-07-08T08:04:58.841579+00:00,119.5,35,ask,,,11915051
2026-07-08T08:04:58.921847,2026-07-08T08:04:58.932686+00:00,119.5,35,ask,,,11915053
2026-07-08T08:04:59.011831,2026-07-08T08:04:59.013569+00:00,119.5,32,ask,,,11915057
2026-07-08T08:05:01.121398,2026-07-08T08:05:01.130904+00:00,119.5,500,ask,,,11915094
2026-07-08T08:05:05.815665,2026-07-08T08:05:05.823433+00:00,119.5,200,bid,,,11915152
2026-07-08T08:05:06.507473,2026-07-08T08:05:06.516804+00:00,119.4,500,ask,,,11915171
2026-07-08T08:05:06.866890,2026-07-08T08:05:06.874334+00:00,119.3,8,ask,,,11915178
2026-07-08T08:05:07.023074,2026-07-08T08:05:07.032545+00:00,119.3,200,bid,,,11915180
2026-07-08T08:05:07.181716,2026-07-08T08:05:07.193649+00:00,119.1,10,ask,,,11915184
2026-07-08T08:05:08.234211,2026-07-08T08:05:08.245033+00:00,119.4,200,bid,,,11915212
2026-07-08T08:05:08.599798,2026-07-08T08:05:08.611641+00:00,119.1,20,ask,,,11915215
2026-07-08T08:05:09.286293,2026-07-08T08:05:09.298475+00:00,119.1,10,ask,,,11915229
2026-07-08T08:05:11.877929,2026-07-08T08:05:11.887983+00:00,119.1,200,ask,,,11915261
2026-07-08T08:05:12.651489,2026-07-08T08:05:12.658581+00:00,119.1,10,ask,,,11915275
2026-07-08T08:05:13.460876,2026-07-08T08:05:13.476048+00:00,119.1,20,ask,,,11915282
2026-07-08T08:05:14.312985,2026-07-08T08:05:14.324332+00:00,119.1,200,ask,,,11915301
2026-07-08T08:05:15.789798,2026-07-08T08:05:15.799452+00:00,119.2,10,ask,,,11915327
2026-07-08T08:05:17.954508,2026-07-08T08:05:17.958657+00:00,119.2,200,ask,,,11915370
2026-07-08T08:05:21.341075,2026-07-08T08:05:21.352738+00:00,119.2,1,bid,,,11915443
2026-07-08T08:05:22.012710,2026-07-08T08:05:22.024400+00:00,119.2,1,bid,,,11915458
2026-07-08T08:05:23.938626,2026-07-08T08:05:23.947087+00:00,119.1,200,ask,,,11915489
2026-07-08T08:05:25.259223,2026-07-08T08:05:25.270865+00:00,119.0,8,bid,,,11915509
2026-07-08T08:05:25.259223,2026-07-08T08:05:25.270865+00:00,119.0,200,bid,,,11915510
2026-07-08T08:05:26.581996,2026-07-08T08:05:26.593787+00:00,118.9,8,ask,,,11915528
2026-07-08T08:05:26.581996,2026-07-08T08:05:26.593787+00:00,118.9,200,ask,,,11915529
2026-07-08T08:05:26.777774,2026-07-08T08:05:26.789358+00:00,118.9,20,bid,,,11915534
2026-07-08T08:05:27.043023,2026-07-08T08:05:27.054412+00:00,118.9,1,bid,,,11915542
2026-07-08T08:05:27.295935,2026-07-08T08:05:27.300130+00:00,118.7,3,ask,,,11915551
2026-07-08T08:05:27.330942,2026-07-08T08:05:27.341750+00:00,118.7,2,ask,,,11915553
2026-07-08T08:05:27.400794,2026-07-08T08:05:27.404946+00:00,118.7,1,ask,,,11915555
2026-07-08T08:05:27.656990,2026-07-08T08:05:27.668728+00:00,118.8,8,bid,,,11915560
2026-07-08T08:05:27.675418,2026-07-08T08:05:27.679509+00:00,118.8,10,ask,,,11915562
2026-07-08T08:05:30.089471,2026-07-08T08:05:30.099118+00:00,118.8,200,ask,,,11915606
2026-07-08T08:05:30.549886,2026-07-08T08:05:30.554616+00:00,118.9,11,bid,,,11915616
2026-07-08T08:05:31.352834,2026-07-08T08:05:31.357888+00:00,118.8,3,bid,,,11915631
2026-07-08T08:05:31.406494,2026-07-08T08:05:31.415524+00:00,118.8,7,bid,,,11915633
2026-07-08T08:05:32.057040,2026-07-08T08:05:32.068954+00:00,118.6,20,ask,,,11915663
2026-07-08T08:05:33.279611,2026-07-08T08:05:33.288142+00:00,118.6,1,ask,,,11915689
2026-07-08T08:05:34.957166,2026-07-08T08:05:34.968906+00:00,118.7,200,bid,,,11915711
2026-07-08T08:05:35.911562,2026-07-08T08:05:35.916068+00:00,118.6,1,ask,,,11915728
2026-07-08T08:05:36.168731,2026-07-08T08:05:36.175463+00:00,118.7,200,bid,,,11915733
2026-07-08T08:05:37.379781,2026-07-08T08:05:37.387209+00:00,118.6,200,ask,,,11915749
2026-07-08T08:05:38.410814,2026-07-08T08:05:38.416219+00:00,118.7,2,ask,,,11915766
2026-07-08T08:05:38.928690,2026-07-08T08:05:38.941235+00:00,118.7,10,ask,,,11915775
2026-07-08T08:05:38.937060,2026-07-08T08:05:38.941235+00:00,118.7,1,ask,,,11915777
2026-07-08T08:05:40.330473,2026-07-08T08:05:40.342438+00:00,118.8,1,bid,,,11915800
2026-07-08T08:05:41.038414,2026-07-08T08:05:41.046975+00:00,118.8,200,bid,,,11915821
2026-07-08T08:05:41.350440,2026-07-08T08:05:41.354139+00:00,118.8,1,ask,,,11915823
2026-07-08T08:05:42.365677,2026-07-08T08:05:42.377366+00:00,118.9,5,ask,,,11915849
2026-07-08T08:05:44.393617,2026-07-08T08:05:44.405338+00:00,119.0,6,bid,,,11915887
2026-07-08T08:05:44.711190,2026-07-08T08:05:44.741201+00:00,118.9,200,ask,,,11915895
2026-07-08T08:05:44.736736,2026-07-08T08:05:44.741201+00:00,118.9,1,bid,,,11915898
2026-07-08T08:05:44.862249,2026-07-08T08:05:44.870709+00:00,118.9,1,bid,,,11915900
2026-07-08T08:05:45.007494,2026-07-08T08:05:45.018935+00:00,118.9,298,bid,,,11915906
2026-07-08T08:05:45.305155,2026-07-08T08:05:45.332125+00:00,118.9,327,ask,,,11915912
2026-07-08T08:05:45.327992,2026-07-08T08:05:45.332125+00:00,118.8,3,bid,,,11915914
2026-07-08T08:05:45.336712,2026-07-08T08:05:45.347704+00:00,118.8,9,bid,,,11915915
2026-07-08T08:05:45.866022,2026-07-08T08:05:45.875302+00:00,118.8,161,bid,,,11915926
2026-07-08T08:05:45.866022,2026-07-08T08:05:45.875302+00:00,118.8,8,bid,,,11915927
2026-07-08T08:05:45.905986,2026-07-08T08:05:45.912694+00:00,118.8,31,ask,,,11915928
2026-07-08T08:05:46.282656,2026-07-08T08:05:46.287411+00:00,118.2,3,ask,,,11915939
2026-07-08T08:05:46.326583,2026-07-08T08:05:46.360472+00:00,118.7,8,bid,,,11915940
2026-07-08T08:05:46.355456,2026-07-08T08:05:46.360472+00:00,118.7,51,ask,,,11915945
2026-07-08T08:05:46.520045,2026-07-08T08:05:46.529671+00:00,118.7,500,ask,,,11915948
2026-07-08T08:05:46.744769,2026-07-08T08:05:46.758591+00:00,118.7,1,ask,,,11915953
2026-07-08T08:05:47.043009,2026-07-08T08:05:47.058602+00:00,118.7,1,ask,,,11915958
2026-07-08T08:05:47.116996,2026-07-08T08:05:47.124194+00:00,118.7,64,ask,,,11915959
2026-07-08T08:05:47.116996,2026-07-08T08:05:47.129518+00:00,118.7,200,ask,,,11915960
2026-07-08T08:05:47.218153,2026-07-08T08:05:47.222170+00:00,118.6,8,bid,,,11915965
2026-07-08T08:05:47.457293,2026-07-08T08:05:47.469402+00:00,118.1,8,ask,,,11915975
2026-07-08T08:05:48.198869,2026-07-08T08:05:48.202934+00:00,118.5,8,bid,,,11915988
2026-07-08T08:05:48.286896,2026-07-08T08:05:48.297906+00:00,118.5,200,bid,,,11915989
2026-07-08T08:05:48.856416,2026-07-08T08:05:48.858674+00:00,118.5,20,bid,,,11915999
2026-07-08T08:05:49.436227,2026-07-08T08:05:49.441898+00:00,118.4,1,ask,,,11916009
2026-07-08T08:05:50.265349,2026-07-08T08:05:50.275351+00:00,118.6,200,ask,,,11916022
2026-07-08T08:05:51.155683,2026-07-08T08:05:51.167711+00:00,118.5,20,ask,,,11916031
2026-07-08T08:05:51.461321,2026-07-08T08:05:51.473078+00:00,118.5,5,ask,,,11916037
2026-07-08T08:05:52.964481,2026-07-08T08:05:52.975781+00:00,118.5,20,ask,,,11916059
2026-07-08T08:05:53.482409,2026-07-08T08:05:53.494182+00:00,118.5,23,ask,,,11916067
2026-07-08T08:05:53.631903,2026-07-08T08:05:53.645576+00:00,118.5,10,ask,,,11916070
2026-07-08T08:05:53.979608,2026-07-08T08:05:53.988134+00:00,118.5,4,ask,,,11916077
2026-07-08T08:05:54.325417,2026-07-08T08:05:54.337382+00:00,118.5,1,ask,,,11916087
2026-07-08T08:05:54.414397,2026-07-08T08:05:54.426333+00:00,118.6,20,ask,,,11916089
2026-07-08T08:05:54.671723,2026-07-08T08:05:54.679322+00:00,118.6,5,ask,,,11916100
2026-07-08T08:05:55.530303,2026-07-08T08:05:55.540403+00:00,118.6,153,ask,,,11916111
2026-07-08T08:05:55.560855,2026-07-08T08:05:55.569044+00:00,118.5,200,bid,,,11916112
2026-07-08T08:05:55.790442,2026-07-08T08:05:55.802845+00:00,118.3,10,ask,,,11916115
2026-07-08T08:05:56.535176,2026-07-08T08:05:56.547010+00:00,118.3,30,ask,,,11916123
2026-07-08T08:05:56.774077,2026-07-08T08:05:56.783979+00:00,118.5,200,bid,,,11916125
2026-07-08T08:05:57.553511,2026-07-08T08:05:57.565207+00:00,118.6,16,bid,,,11916144
2026-07-08T08:05:58.030130,2026-07-08T08:05:58.038288+00:00,118.5,500,ask,,,11916147
2026-07-08T08:06:00.407199,2026-07-08T08:06:00.418023+00:00,118.6,200,bid,,,11916187
2026-07-08T08:06:01.620513,2026-07-08T08:06:01.631360+00:00,118.5,200,ask,,,11916207
2026-07-08T08:06:04.308863,2026-07-08T08:06:04.313267+00:00,118.6,1,bid,,,11916251
2026-07-08T08:06:05.283289,2026-07-08T08:06:05.288264+00:00,118.5,11,bid,,,11916276
2026-07-08T08:06:05.362273,2026-07-08T08:06:05.374269+00:00,118.5,5,bid,,,11916277
2026-07-08T08:06:06.023090,2026-07-08T08:06:06.032204+00:00,118.5,184,bid,,,11916284
2026-07-08T08:06:06.023090,2026-07-08T08:06:06.032204+00:00,118.6,8,bid,,,11916285
2026-07-08T08:06:06.232877,2026-07-08T08:06:06.244893+00:00,118.7,20,bid,,,11916293
2026-07-08T08:06:06.467186,2026-07-08T08:06:06.476519+00:00,118.6,200,ask,,,11916300
2026-07-08T08:06:06.503104,2026-07-08T08:06:06.513137+00:00,118.6,233,ask,,,11916301
2026-07-08T08:06:07.676587,2026-07-08T08:06:07.687519+00:00,118.5,200,bid,,,11916319
2026-07-08T08:06:08.341938,2026-07-08T08:06:08.351831+00:00,118.4,500,ask,,,11916327
2026-07-08T08:06:08.654329,2026-07-08T08:06:08.658625+00:00,118.4,8,ask,,,11916344
2026-07-08T08:06:08.670134,2026-07-08T08:06:08.674318+00:00,118.3,23,bid,,,11916346
2026-07-08T08:06:08.673883,2026-07-08T08:06:08.694732+00:00,118.3,20,bid,,,11916347
2026-07-08T08:06:08.885888,2026-07-08T08:06:08.894777+00:00,118.3,200,bid,,,11916351
2026-07-08T08:06:08.952951,2026-07-08T08:06:08.958649+00:00,118.3,20,bid,,,11916352
2026-07-08T08:06:09.218972,2026-07-08T08:06:09.230945+00:00,118.3,20,bid,,,11916356
2026-07-08T08:06:09.484600,2026-07-08T08:06:09.496586+00:00,118.3,6,bid,,,11916363
2026-07-08T08:06:10.150578,2026-07-08T08:06:10.154002+00:00,118.3,500,ask,,,11916378
2026-07-08T08:06:10.748187,2026-07-08T08:06:10.781752+00:00,118.3,125,ask,,,11916390
2026-07-08T08:06:10.748187,2026-07-08T08:06:10.781752+00:00,118.3,200,ask,,,11916391
2026-07-08T08:06:10.748187,2026-07-08T08:06:10.781752+00:00,118.3,8,ask,,,11916392
2026-07-08T08:06:10.777476,2026-07-08T08:06:10.781752+00:00,118.2,3,bid,,,11916394
2026-07-08T08:06:10.856420,2026-07-08T08:06:10.860582+00:00,118.0,3,bid,,,11916396
2026-07-08T08:06:10.917418,2026-07-08T08:06:10.927937+00:00,118.0,5,bid,,,11916401
2026-07-08T08:06:10.963016,2026-07-08T08:06:10.975222+00:00,118.2,9,bid,,,11916406
2026-07-08T08:06:11.303940,2026-07-08T08:06:11.315198+00:00,118.0,200,bid,,,11916414
2026-07-08T08:06:11.367861,2026-07-08T08:06:11.374694+00:00,118.0,33,bid,,,11916416
2026-07-08T08:06:11.602062,2026-07-08T08:06:11.606281+00:00,117.8,3,ask,,,11916422
2026-07-08T08:06:11.632240,2026-07-08T08:06:11.643493+00:00,117.8,35,ask,,,11916424
2026-07-08T08:06:11.659680,2026-07-08T08:06:11.670041+00:00,118.0,13,bid,,,11916426
2026-07-08T08:06:11.723700,2026-07-08T08:06:11.734293+00:00,117.8,3,ask,,,11916432
2026-07-08T08:06:12.512736,2026-07-08T08:06:12.524187+00:00,118.0,200,bid,,,11916447
2026-07-08T08:06:13.725459,2026-07-08T08:06:13.733422+00:00,118.2,200,bid,,,11916464
2026-07-08T08:06:14.934364,2026-07-08T08:06:14.945307+00:00,118.2,200,bid,,,11916493
2026-07-08T08:06:15.216786,2026-07-08T08:06:15.224084+00:00,118.2,500,bid,,,11916499
2026-07-08T08:06:15.596461,2026-07-08T08:06:15.606626+00:00,118.3,125,ask,,,11916507
2026-07-08T08:06:15.596461,2026-07-08T08:06:15.606626+00:00,118.2,8,ask,,,11916508
2026-07-08T08:06:16.144496,2026-07-08T08:06:16.158585+00:00,118.1,8,bid,,,11916515
2026-07-08T08:06:16.144496,2026-07-08T08:06:16.158585+00:00,118.2,192,bid,,,11916516
2026-07-08T08:06:17.013533,2026-07-08T08:06:17.025649+00:00,118.1,10,bid,,,11916531
2026-07-08T08:06:17.621680,2026-07-08T08:06:17.632885+00:00,118.0,10,ask,,,11916539
2026-07-08T08:06:17.836314,2026-07-08T08:06:17.847288+00:00,118.0,190,ask,,,11916545
2026-07-08T08:06:24.175915,2026-07-08T08:06:24.187818+00:00,118.1,20,ask,,,11916627
2026-07-08T08:06:25.629364,2026-07-08T08:06:25.639943+00:00,118.3,10,bid,,,11916656
2026-07-08T08:06:25.717451,2026-07-08T08:06:25.729489+00:00,118.3,190,bid,,,11916662
2026-07-08T08:06:25.717451,2026-07-08T08:06:25.729489+00:00,118.3,435,bid,,,11916663
2026-07-08T08:06:25.756480,2026-07-08T08:06:25.756314+00:00,118.3,52,bid,,,11916664
2026-07-08T08:06:27.054342,2026-07-08T08:06:27.065188+00:00,118.1,200,ask,,,11916683
2026-07-08T08:06:28.269042,2026-07-08T08:06:28.277528+00:00,118.1,200,ask,,,11916702
2026-07-08T08:06:30.529832,2026-07-08T08:06:30.545699+00:00,118.2,1,bid,,,11916719
2026-07-08T08:06:30.541366,2026-07-08T08:06:30.545699+00:00,118.2,3,bid,,,11916722
2026-07-08T08:06:30.546339,2026-07-08T08:06:30.560945+00:00,118.2,25,bid,,,11916723
2026-07-08T08:06:30.554360,2026-07-08T08:06:30.560945+00:00,118.2,1,bid,,,11916725
2026-07-08T08:06:30.565441,2026-07-08T08:06:30.577263+00:00,118.2,35,bid,,,11916726
2026-07-08T08:06:30.656097,2026-07-08T08:06:30.658571+00:00,118.2,35,bid,,,11916732
2026-07-08T08:06:30.666749,2026-07-08T08:06:30.680305+00:00,118.2,25,bid,,,11916735
2026-07-08T08:06:30.759011,2026-07-08T08:06:30.766032+00:00,118.2,25,bid,,,11916739
2026-07-08T08:06:30.850003,2026-07-08T08:06:30.858630+00:00,118.1,10,ask,,,11916742
2026-07-08T08:06:30.879084,2026-07-08T08:06:30.886284+00:00,118.2,25,bid,,,11916744
2026-07-08T08:06:30.969950,2026-07-08T08:06:30.979490+00:00,118.2,150,bid,,,11916747
2026-07-08T08:06:30.985512,2026-07-08T08:06:30.997194+00:00,118.2,24,ask,,,11916748
2026-07-08T08:06:32.282527,2026-07-08T08:06:32.293494+00:00,118.3,200,bid,,,11916767
2026-07-08T08:06:34.211667,2026-07-08T08:06:34.216191+00:00,118.2,1,ask,,,11916807
2026-07-08T08:06:35.136747,2026-07-08T08:06:35.142567+00:00,118.1,1,ask,,,11916824
2026-07-08T08:06:35.431147,2026-07-08T08:06:35.442105+00:00,118.1,20,ask,,,11916829
2026-07-08T08:06:37.978687,2026-07-08T08:06:37.982494+00:00,118.2,1,ask,,,11916860
2026-07-08T08:06:39.065173,2026-07-08T08:06:39.075568+00:00,118.3,10,ask,,,11916876
2026-07-08T08:06:41.460790,2026-07-08T08:06:41.467741+00:00,118.5,200,bid,,,11916907
2026-07-08T08:06:41.460790,2026-07-08T08:06:41.473003+00:00,118.6,8,bid,,,11916908
2026-07-08T08:06:41.602579,2026-07-08T08:06:41.611898+00:00,118.6,200,ask,,,11916910
2026-07-08T08:06:42.394589,2026-07-08T08:06:42.402542+00:00,118.7,1,bid,,,11916918
2026-07-08T08:06:42.811858,2026-07-08T08:06:42.823664+00:00,118.5,8,ask,,,11916929
2026-07-08T08:06:42.863045,2026-07-08T08:06:42.866848+00:00,118.5,3,bid,,,11916932
2026-07-08T08:06:42.870975,2026-07-08T08:06:42.882629+00:00,118.5,9,bid,,,11916933
2026-07-08T08:06:42.879704,2026-07-08T08:06:42.887933+00:00,118.5,35,bid,,,11916934
2026-07-08T08:06:42.925542,2026-07-08T08:06:42.932328+00:00,118.5,25,bid,,,11916939
2026-07-08T08:06:42.957868,2026-07-08T08:06:42.968297+00:00,118.5,1,bid,,,11916942
2026-07-08T08:06:42.971673,2026-07-08T08:06:42.978497+00:00,118.5,26,bid,,,11916943
2026-07-08T08:06:44.168639,2026-07-08T08:06:44.259371+00:00,118.5,1,ask,,,11916974
2026-07-08T08:06:44.267255,2026-07-08T08:06:44.271325+00:00,118.5,1,ask,,,11916978
2026-07-08T08:06:44.277600,2026-07-08T08:06:44.281683+00:00,118.5,1,ask,,,11916980
2026-07-08T08:06:44.509704,2026-07-08T08:06:44.521414+00:00,118.5,1,ask,,,11916986
2026-07-08T08:06:44.523238,2026-07-08T08:06:44.535044+00:00,118.5,10,ask,,,11916987
2026-07-08T08:06:47.250486,2026-07-08T08:06:47.259274+00:00,118.5,20,ask,,,11917030
2026-07-08T08:06:47.672833,2026-07-08T08:06:47.682317+00:00,118.6,25,ask,,,11917036
2026-07-08T08:06:47.927990,2026-07-08T08:06:47.937948+00:00,118.6,20,ask,,,11917047
2026-07-08T08:06:48.852858,2026-07-08T08:06:48.858649+00:00,118.6,20,ask,,,11917066
2026-07-08T08:06:49.363438,2026-07-08T08:06:49.370452+00:00,118.6,200,bid,,,11917077
2026-07-08T08:06:49.616574,2026-07-08T08:06:49.621172+00:00,118.6,14,ask,,,11917085
2026-07-08T08:06:49.648370,2026-07-08T08:06:49.657017+00:00,118.6,1,ask,,,11917088
2026-07-08T08:06:49.652356,2026-07-08T08:06:49.657017+00:00,118.6,25,ask,,,11917089
2026-07-08T08:06:49.652593,2026-07-08T08:06:49.677782+00:00,118.6,1,ask,,,11917090
2026-07-08T08:06:49.662757,2026-07-08T08:06:49.677782+00:00,118.6,20,ask,,,11917092
2026-07-08T08:06:49.738299,2026-07-08T08:06:49.750035+00:00,118.6,14,ask,,,11917097
2026-07-08T08:06:49.909069,2026-07-08T08:06:49.915573+00:00,118.6,8,ask,,,11917100
2026-07-08T08:06:50.091452,2026-07-08T08:06:50.098575+00:00,118.6,200,ask,,,11917103
2026-07-08T08:06:50.559679,2026-07-08T08:06:50.564890+00:00,118.8,1,bid,,,11917114
2026-07-08T08:06:50.679665,2026-07-08T08:06:50.687808+00:00,118.6,8,ask,,,11917118
2026-07-08T08:06:50.700095,2026-07-08T08:06:50.705341+00:00,118.5,1,bid,,,11917120
2026-07-08T08:06:50.712238,2026-07-08T08:06:50.717116+00:00,118.5,8,bid,,,11917122
2026-07-08T08:06:50.880483,2026-07-08T08:06:50.888121+00:00,118.4,8,ask,,,11917124
2026-07-08T08:06:51.208357,2026-07-08T08:06:51.212388+00:00,118.5,2,bid,,,11917136
2026-07-08T08:06:51.510613,2026-07-08T08:06:51.514955+00:00,118.5,1,bid,,,11917140
2026-07-08T08:06:51.585132,2026-07-08T08:06:51.592626+00:00,118.4,25,ask,,,11917142
2026-07-08T08:06:51.701157,2026-07-08T08:06:51.709127+00:00,118.5,17,bid,,,11917146
2026-07-08T08:06:52.175485,2026-07-08T08:06:52.185406+00:00,118.4,1,ask,,,11917157
2026-07-08T08:06:53.300755,2026-07-08T08:06:53.311743+00:00,118.4,200,ask,,,11917180
2026-07-08T08:06:55.955571,2026-07-08T08:06:55.955250+00:00,118.5,35,ask,,,11917213
2026-07-08T08:06:55.963618,2026-07-08T08:06:55.970196+00:00,118.5,25,ask,,,11917214
2026-07-08T08:06:56.045223,2026-07-08T08:06:56.052149+00:00,118.5,35,ask,,,11917217
2026-07-08T08:06:56.138008,2026-07-08T08:06:56.149199+00:00,118.5,5,ask,,,11917219
2026-07-08T08:06:56.391600,2026-07-08T08:06:56.401549+00:00,118.5,1,ask,,,11917223
2026-07-08T08:06:57.443414,2026-07-08T08:06:57.458591+00:00,118.6,35,ask,,,11917239
2026-07-08T08:06:57.538153,2026-07-08T08:06:57.549716+00:00,118.6,4,ask,,,11917243
2026-07-08T08:06:58.627295,2026-07-08T08:06:58.631645+00:00,118.6,2,bid,,,11917255
2026-07-08T08:06:58.674179,2026-07-08T08:06:58.682907+00:00,118.6,20,bid,,,11917256
2026-07-08T08:06:59.857318,2026-07-08T08:06:59.865226+00:00,118.6,200,bid,,,11917273
2026-07-08T08:06:59.857318,2026-07-08T08:06:59.870437+00:00,118.7,8,bid,,,11917274
2026-07-08T08:07:01.287103,2026-07-08T08:07:01.299139+00:00,118.7,1,bid,,,11917297
2026-07-08T08:07:01.320895,2026-07-08T08:07:01.332938+00:00,118.6,1,ask,,,11917298
2026-07-08T08:07:01.681337,2026-07-08T08:07:01.690103+00:00,118.7,1,bid,,,11917307
2026-07-08T08:07:03.487329,2026-07-08T08:07:03.496742+00:00,118.6,9,bid,,,11917328
2026-07-08T08:07:03.790660,2026-07-08T08:07:03.797336+00:00,118.6,191,bid,,,11917336
2026-07-08T08:07:05.108256,2026-07-08T08:07:05.118390+00:00,118.5,200,ask,,,11917360
2026-07-08T08:07:05.108256,2026-07-08T08:07:05.118390+00:00,118.5,8,ask,,,11917361
2026-07-08T08:07:05.413560,2026-07-08T08:07:05.422490+00:00,118.5,20,bid,,,11917363
2026-07-08T08:07:06.438446,2026-07-08T08:07:06.442833+00:00,118.4,1,bid,,,11917384
2026-07-08T08:07:07.736730,2026-07-08T08:07:07.742170+00:00,118.3,1,ask,,,11917410
2026-07-08T08:07:08.270527,2026-07-08T08:07:08.280096+00:00,118.3,200,ask,,,11917415
2026-07-08T08:07:10.151991,2026-07-08T08:07:10.158643+00:00,118.4,10,bid,,,11917438
2026-07-08T08:07:13.110242,2026-07-08T08:07:13.121567+00:00,118.4,200,ask,,,11917487
2026-07-08T08:07:14.781328,2026-07-08T08:07:14.793101+00:00,118.4,20,bid,,,11917506
2026-07-08T08:07:15.086557,2026-07-08T08:07:15.091374+00:00,118.4,1,bid,,,11917509
2026-07-08T08:07:16.291034,2026-07-08T08:07:16.295133+00:00,118.4,1,bid,,,11917533
2026-07-08T08:07:18.262711,2026-07-08T08:07:18.273965+00:00,118.3,500,ask,,,11917564
2026-07-08T08:07:18.262711,2026-07-08T08:07:18.273965+00:00,118.2,125,ask,,,11917565
2026-07-08T08:07:20.331246,2026-07-08T08:07:20.335002+00:00,118.5,1,bid,,,11917595
2026-07-08T08:07:20.385313,2026-07-08T08:07:20.395735+00:00,118.4,200,ask,,,11917596
2026-07-08T08:07:20.385523,2026-07-08T08:07:20.395735+00:00,118.5,35,bid,,,11917597
2026-07-08T08:07:20.476584,2026-07-08T08:07:20.483354+00:00,118.5,35,bid,,,11917601
2026-07-08T08:07:20.495535,2026-07-08T08:07:20.502939+00:00,118.5,1,bid,,,11917604
2026-07-08T08:07:20.564786,2026-07-08T08:07:20.576755+00:00,118.5,28,bid,,,11917605
2026-07-08T08:07:20.820294,2026-07-08T08:07:20.830302+00:00,118.5,1,bid,,,11917610
2026-07-08T08:07:21.596292,2026-07-08T08:07:21.607550+00:00,118.4,200,ask,,,11917632
2026-07-08T08:07:22.191123,2026-07-08T08:07:22.202111+00:00,118.4,500,ask,,,11917640
2026-07-08T08:07:22.206804,2026-07-08T08:07:22.218108+00:00,118.4,35,bid,,,11917641
2026-07-08T08:07:22.232957,2026-07-08T08:07:22.242245+00:00,118.4,90,bid,,,11917643
2026-07-08T08:07:22.809517,2026-07-08T08:07:22.821049+00:00,118.6,8,ask,,,11917653
2026-07-08T08:07:22.957686,2026-07-08T08:07:22.969739+00:00,118.5,20,ask,,,11917658
2026-07-08T08:07:24.019716,2026-07-08T08:07:24.031100+00:00,118.5,200,ask,,,11917669
2026-07-08T08:07:25.692192,2026-07-08T08:07:25.704442+00:00,118.6,10,bid,,,11917694
2026-07-08T08:07:26.624596,2026-07-08T08:07:26.634775+00:00,118.6,1,bid,,,11917714
2026-07-08T08:07:26.722021,2026-07-08T08:07:26.729764+00:00,118.6,35,bid,,,11917717
2026-07-08T08:07:26.812663,2026-07-08T08:07:26.824526+00:00,118.6,8,bid,,,11917720
2026-07-08T08:07:28.675462,2026-07-08T08:07:28.679647+00:00,118.6,1,bid,,,11917750
2026-07-08T08:07:28.751539,2026-07-08T08:07:28.761629+00:00,118.4,200,ask,,,11917756
2026-07-08T08:07:28.751539,2026-07-08T08:07:28.761629+00:00,118.4,425,ask,,,11917757
2026-07-08T08:07:28.945844,2026-07-08T08:07:28.949886+00:00,118.5,8,bid,,,11917763
2026-07-08T08:07:29.273048,2026-07-08T08:07:29.279816+00:00,118.5,3,bid,,,11917770
2026-07-08T08:07:29.275940,2026-07-08T08:07:29.279816+00:00,118.5,5,bid,,,11917771
2026-07-08T08:07:29.885057,2026-07-08T08:07:29.894393+00:00,118.6,2,bid,,,11917782
2026-07-08T08:07:30.059661,2026-07-08T08:07:30.069385+00:00,118.6,198,bid,,,11917787
2026-07-08T08:07:30.643907,2026-07-08T08:07:30.658642+00:00,118.7,20,bid,,,11917796
2026-07-08T08:07:30.795868,2026-07-08T08:07:30.805478+00:00,118.7,2,bid,,,11917805
2026-07-08T08:07:31.108573,2026-07-08T08:07:31.119267+00:00,118.7,2,bid,,,11917822
2026-07-08T08:07:31.340197,2026-07-08T08:07:31.347593+00:00,118.7,1,bid,,,11917829
2026-07-08T08:07:31.418225,2026-07-08T08:07:31.425161+00:00,118.7,2,bid,,,11917834
2026-07-08T08:07:31.729065,2026-07-08T08:07:31.740310+00:00,118.7,2,bid,,,11917837
2026-07-08T08:07:32.039513,2026-07-08T08:07:32.050327+00:00,118.7,2,bid,,,11917842
2026-07-08T08:07:32.352015,2026-07-08T08:07:32.358655+00:00,118.7,2,bid,,,11917849
2026-07-08T08:07:32.494474,2026-07-08T08:07:32.503840+00:00,118.7,200,bid,,,11917853
2026-07-08T08:07:32.617858,2026-07-08T08:07:32.621568+00:00,118.6,8,bid,,,11917857
2026-07-08T08:07:32.665645,2026-07-08T08:07:32.675059+00:00,118.7,2,bid,,,11917859
2026-07-08T08:07:32.975582,2026-07-08T08:07:32.989720+00:00,118.8,2,bid,,,11917869
2026-07-08T08:07:32.984912,2026-07-08T08:07:32.989720+00:00,118.8,1,bid,,,11917871
2026-07-08T08:07:33.251264,2026-07-08T08:07:33.261609+00:00,118.8,20,bid,,,11917875
2026-07-08T08:07:33.280335,2026-07-08T08:07:33.285374+00:00,118.8,8,bid,,,11917878
2026-07-08T08:07:33.294406,2026-07-08T08:07:33.306270+00:00,118.8,2,bid,,,11917881
2026-07-08T08:07:33.366972,2026-07-08T08:07:33.375987+00:00,118.8,5,bid,,,11917884
2026-07-08T08:07:33.603629,2026-07-08T08:07:33.610584+00:00,118.8,20,bid,,,11917896
2026-07-08T08:07:33.606683,2026-07-08T08:07:33.610584+00:00,118.8,3,bid,,,11917897
2026-07-08T08:07:33.609579,2026-07-08T08:07:33.625830+00:00,118.8,2,bid,,,11917898
2026-07-08T08:07:33.920466,2026-07-08T08:07:33.930653+00:00,118.7,4,bid,,,11917906
2026-07-08T08:07:33.949944,2026-07-08T08:07:33.958580+00:00,118.7,13,bid,,,11917907
2026-07-08T08:07:33.976633,2026-07-08T08:07:33.981364+00:00,118.6,11,ask,,,11917911
2026-07-08T08:07:33.985938,2026-07-08T08:07:33.996652+00:00,118.6,13,ask,,,11917912
2026-07-08T08:07:34.264813,2026-07-08T08:07:34.268930+00:00,118.5,8,ask,,,11917916
2026-07-08T08:07:35.164803,2026-07-08T08:07:35.168994+00:00,118.5,1,ask,,,11917936
2026-07-08T08:07:35.316342,2026-07-08T08:07:35.325567+00:00,118.6,200,bid,,,11917942
2026-07-08T08:07:35.332986,2026-07-08T08:07:35.338082+00:00,118.6,3,ask,,,11917944
2026-07-08T08:07:35.480672,2026-07-08T08:07:35.485104+00:00,118.6,1,ask,,,11917948
2026-07-08T08:07:36.375940,2026-07-08T08:07:36.384813+00:00,118.7,1,bid,,,11917957
2026-07-08T08:07:36.611477,2026-07-08T08:07:36.620007+00:00,118.7,20,bid,,,11917960
2026-07-08T08:07:36.666069,2026-07-08T08:07:36.671041+00:00,118.6,1,bid,,,11917966
2026-07-08T08:07:36.689547,2026-07-08T08:07:36.697139+00:00,118.6,2,bid,,,11917969
2026-07-08T08:07:37.001975,2026-07-08T08:07:37.012667+00:00,118.6,2,bid,,,11917972
2026-07-08T08:07:37.312757,2026-07-08T08:07:37.324400+00:00,118.6,2,bid,,,11917979
2026-07-08T08:07:38.000565,2026-07-08T08:07:38.007552+00:00,118.6,200,bid,,,11917998
2026-07-08T08:07:38.271739,2026-07-08T08:07:38.278657+00:00,118.6,20,ask,,,11918003
2026-07-08T08:07:41.930137,2026-07-08T08:07:41.939951+00:00,118.6,200,ask,,,11918045
2026-07-08T08:07:41.930137,2026-07-08T08:07:41.939951+00:00,118.6,8,ask,,,11918046
2026-07-08T08:07:42.179489,2026-07-08T08:07:42.189215+00:00,118.6,200,bid,,,11918053
2026-07-08T08:07:42.447246,2026-07-08T08:07:42.454918+00:00,118.4,6,ask,,,11918062
2026-07-08T08:07:44.564960,2026-07-08T08:07:44.569193+00:00,118.6,1,ask,,,11918101
2026-07-08T08:07:44.602910,2026-07-08T08:07:44.607198+00:00,118.6,1,ask,,,11918103
2026-07-08T08:07:44.606229,2026-07-08T08:07:44.622431+00:00,118.6,1,ask,,,11918104
2026-07-08T08:07:44.624749,2026-07-08T08:07:44.633212+00:00,118.8,1,bid,,,11918105
2026-07-08T08:07:44.912444,2026-07-08T08:07:44.916738+00:00,118.6,1,ask,,,11918113
2026-07-08T08:07:45.223523,2026-07-08T08:07:45.228486+00:00,118.6,1,ask,,,11918115
2026-07-08T08:07:45.843809,2026-07-08T08:07:45.847979+00:00,118.6,1,ask,,,11918125
2026-07-08T08:07:45.913248,2026-07-08T08:07:45.917880+00:00,118.6,6,ask,,,11918127
2026-07-08T08:07:46.015796,2026-07-08T08:07:46.027756+00:00,118.6,2,ask,,,11918129
2026-07-08T08:07:46.282008,2026-07-08T08:07:46.293698+00:00,118.6,1,ask,,,11918137
2026-07-08T08:07:46.547578,2026-07-08T08:07:46.558588+00:00,118.6,1,ask,,,11918141
2026-07-08T08:07:46.739664,2026-07-08T08:07:46.751262+00:00,118.7,1,bid,,,11918147
2026-07-08T08:07:46.847907,2026-07-08T08:07:46.858621+00:00,118.6,20,ask,,,11918148
2026-07-08T08:07:47.418796,2026-07-08T08:07:47.425543+00:00,118.6,1,ask,,,11918156
2026-07-08T08:07:47.890048,2026-07-08T08:07:47.901233+00:00,118.6,1,ask,,,11918165
2026-07-08T08:07:48.028166,2026-07-08T08:07:48.032441+00:00,118.6,1,ask,,,11918167
2026-07-08T08:07:48.158356,2026-07-08T08:07:48.170323+00:00,118.6,8,ask,,,11918172
2026-07-08T08:07:48.312838,2026-07-08T08:07:48.322123+00:00,118.7,1,bid,,,11918175
2026-07-08T08:07:48.427169,2026-07-08T08:07:48.439067+00:00,118.6,1,ask,,,11918178
2026-07-08T08:07:48.628272,2026-07-08T08:07:48.638849+00:00,118.7,1,bid,,,11918181
2026-07-08T08:07:48.692963,2026-07-08T08:07:48.704701+00:00,118.6,1,ask,,,11918184
2026-07-08T08:07:48.855204,2026-07-08T08:07:48.859699+00:00,118.6,2,ask,,,11918188
2026-07-08T08:07:48.957753,2026-07-08T08:07:48.967004+00:00,118.6,20,ask,,,11918191
2026-07-08T08:07:49.193948,2026-07-08T08:07:49.205467+00:00,118.7,20,bid,,,11918194
2026-07-08T08:07:49.221270,2026-07-08T08:07:49.231537+00:00,118.6,20,ask,,,11918196
2026-07-08T08:07:49.519752,2026-07-08T08:07:49.537792+00:00,118.6,4,ask,,,11918203
2026-07-08T08:07:49.987235,2026-07-08T08:07:49.999596+00:00,118.6,10,ask,,,11918209
2026-07-08T08:07:50.088933,2026-07-08T08:07:50.098036+00:00,118.6,190,ask,,,11918210
2026-07-08T08:07:50.088933,2026-07-08T08:07:50.098036+00:00,118.6,310,ask,,,11918211
2026-07-08T08:07:50.564025,2026-07-08T08:07:50.570899+00:00,118.6,8,ask,,,11918218
2026-07-08T08:07:50.707628,2026-07-08T08:07:50.718397+00:00,118.6,307,ask,,,11918219
2026-07-08T08:07:50.707628,2026-07-08T08:07:50.718397+00:00,118.6,8,ask,,,11918220
2026-07-08T08:07:50.747395,2026-07-08T08:07:50.754830+00:00,118.6,185,bid,,,11918221
2026-07-08T08:07:50.894569,2026-07-08T08:07:50.901381+00:00,118.6,8,ask,,,11918223
2026-07-08T08:07:51.146284,2026-07-08T08:07:51.158603+00:00,118.6,7,ask,,,11918225
2026-07-08T08:07:51.146284,2026-07-08T08:07:51.158603+00:00,118.6,8,ask,,,11918226
2026-07-08T08:07:51.956547,2026-07-08T08:07:51.964808+00:00,118.5,200,bid,,,11918237
2026-07-08T08:07:52.989962,2026-07-08T08:07:53.000844+00:00,118.4,35,ask,,,11918253
2026-07-08T08:07:53.082136,2026-07-08T08:07:53.092992+00:00,118.4,35,ask,,,11918255
2026-07-08T08:07:53.172843,2026-07-08T08:07:53.182316+00:00,118.4,35,ask,,,11918258
2026-07-08T08:07:53.267441,2026-07-08T08:07:53.275076+00:00,118.4,35,ask,,,11918264
2026-07-08T08:07:53.363228,2026-07-08T08:07:53.370278+00:00,118.4,18,ask,,,11918270
2026-07-08T08:07:54.058275,2026-07-08T08:07:54.070008+00:00,118.5,1,bid,,,11918285
2026-07-08T08:07:56.395707,2026-07-08T08:07:56.405499+00:00,118.4,200,ask,,,11918323
2026-07-08T08:07:56.395707,2026-07-08T08:07:56.405499+00:00,118.3,8,ask,,,11918324
2026-07-08T08:07:56.462244,2026-07-08T08:07:56.473867+00:00,118.3,10,bid,,,11918327
2026-07-08T08:07:57.706213,2026-07-08T08:07:57.713454+00:00,118.3,8,bid,,,11918355
2026-07-08T08:07:59.306615,2026-07-08T08:07:59.315652+00:00,118.2,4,ask,,,11918383
2026-07-08T08:08:00.611870,2026-07-08T08:08:00.619088+00:00,118.3,1,ask,,,11918398
2026-07-08T08:08:02.205864,2026-07-08T08:08:02.218209+00:00,118.3,10,ask,,,11918422
2026-07-08T08:08:02.409894,2026-07-08T08:08:02.422094+00:00,118.3,20,ask,,,11918427
2026-07-08T08:08:05.580050,2026-07-08T08:08:05.591470+00:00,118.4,200,ask,,,11918492
2026-07-08T08:08:06.519999,2026-07-08T08:08:06.527581+00:00,118.4,200,bid,,,11918504
2026-07-08T08:08:06.667067,2026-07-08T08:08:06.678956+00:00,118.4,1,bid,,,11918505
2026-07-08T08:08:08.361739,2026-07-08T08:08:08.373890+00:00,118.5,8,bid,,,11918544
2026-07-08T08:08:08.361739,2026-07-08T08:08:08.373890+00:00,118.5,12,bid,,,11918545
2026-07-08T08:08:08.691508,2026-07-08T08:08:08.700963+00:00,118.4,1,ask,,,11918554
2026-07-08T08:08:08.941704,2026-07-08T08:08:08.949207+00:00,118.5,200,bid,,,11918556
2026-07-08T08:08:09.017045,2026-07-08T08:08:09.028879+00:00,118.3,10,ask,,,11918561
2026-07-08T08:08:10.155772,2026-07-08T08:08:10.169165+00:00,118.3,20,ask,,,11918581
2026-07-08T08:08:10.841889,2026-07-08T08:08:10.850214+00:00,118.4,200,ask,,,11918595
2026-07-08T08:08:11.374314,2026-07-08T08:08:11.382563+00:00,118.4,200,bid,,,11918603
2026-07-08T08:08:12.185592,2026-07-08T08:08:12.206565+00:00,118.4,8,ask,,,11918618
2026-07-08T08:08:12.201850,2026-07-08T08:08:12.206565+00:00,118.4,14,ask,,,11918621
2026-07-08T08:08:12.436033,2026-07-08T08:08:12.447642+00:00,118.4,4,ask,,,11918627
2026-07-08T08:08:12.531785,2026-07-08T08:08:12.540738+00:00,118.4,20,ask,,,11918632
2026-07-08T08:08:12.724314,2026-07-08T08:08:12.736102+00:00,118.4,14,ask,,,11918639
2026-07-08T08:08:12.749383,2026-07-08T08:08:12.758608+00:00,118.4,4,ask,,,11918641
2026-07-08T08:08:12.842597,2026-07-08T08:08:12.850101+00:00,118.4,20,ask,,,11918643
2026-07-08T08:08:12.908198,2026-07-08T08:08:12.920299+00:00,118.4,20,ask,,,11918646
2026-07-08T08:08:13.061877,2026-07-08T08:08:13.073615+00:00,118.4,4,ask,,,11918648
2026-07-08T08:08:13.196282,2026-07-08T08:08:13.202713+00:00,118.4,10,ask,,,11918658
2026-07-08T08:08:13.259413,2026-07-08T08:08:13.268182+00:00,118.4,11,ask,,,11918664
2026-07-08T08:08:13.374642,2026-07-08T08:08:13.386264+00:00,118.4,4,ask,,,11918668
2026-07-08T08:08:13.496595,2026-07-08T08:08:13.506057+00:00,118.5,200,bid,,,11918673
2026-07-08T08:08:13.496595,2026-07-08T08:08:13.506057+00:00,118.5,8,bid,,,11918674
2026-07-08T08:08:13.519973,2026-07-08T08:08:13.524175+00:00,118.6,23,ask,,,11918677
2026-07-08T08:08:13.639105,2026-07-08T08:08:13.651221+00:00,118.6,2,ask,,,11918679
2026-07-08T08:08:13.719038,2026-07-08T08:08:13.730065+00:00,118.6,6,ask,,,11918681
2026-07-08T08:08:13.741129,2026-07-08T08:08:13.752719+00:00,118.6,36,ask,,,11918683
2026-07-08T08:08:13.794402,2026-07-08T08:08:13.804788+00:00,118.6,200,ask,,,11918688
2026-07-08T08:08:14.031533,2026-07-08T08:08:14.043625+00:00,118.6,5,ask,,,11918691
2026-07-08T08:08:14.309380,2026-07-08T08:08:14.320845+00:00,118.6,145,ask,,,11918693
2026-07-08T08:08:14.371815,2026-07-08T08:08:14.376094+00:00,118.6,1,bid,,,11918695
2026-07-08T08:08:14.828414,2026-07-08T08:08:14.832814+00:00,118.4,8,bid,,,11918713
2026-07-08T08:08:14.971026,2026-07-08T08:08:14.975590+00:00,118.4,1,bid,,,11918719
2026-07-08T08:08:15.050873,2026-07-08T08:08:15.055269+00:00,118.4,27,bid,,,11918723
2026-07-08T08:08:15.213225,2026-07-08T08:08:15.220081+00:00,118.4,20,bid,,,11918729
2026-07-08T08:08:15.482695,2026-07-08T08:08:15.490154+00:00,118.4,20,bid,,,11918733
2026-07-08T08:08:15.749089,2026-07-08T08:08:15.758628+00:00,118.4,16,bid,,,11918740
2026-07-08T08:08:16.830481,2026-07-08T08:08:16.842349+00:00,118.4,20,ask,,,11918762
2026-07-08T08:08:18.160117,2026-07-08T08:08:18.169983+00:00,118.4,12,ask,,,11918787
2026-07-08T08:08:18.652028,2026-07-08T08:08:18.658633+00:00,118.5,200,bid,,,11918799
2026-07-08T08:08:19.876980,2026-07-08T08:08:19.881409+00:00,118.5,3,ask,,,11918821
2026-07-08T08:08:19.913879,2026-07-08T08:08:19.924525+00:00,118.5,20,ask,,,11918823
2026-07-08T08:08:20.082628,2026-07-08T08:08:20.091305+00:00,118.7,500,bid,,,11918829
2026-07-08T08:08:20.082628,2026-07-08T08:08:20.091305+00:00,118.7,8,bid,,,11918830
2026-07-08T08:08:20.082628,2026-07-08T08:08:20.096495+00:00,118.7,117,bid,,,11918831
2026-07-08T08:08:20.292515,2026-07-08T08:08:20.304324+00:00,118.5,20,ask,,,11918833
2026-07-08T08:08:20.641295,2026-07-08T08:08:20.650776+00:00,118.5,7,ask,,,11918840
2026-07-08T08:08:20.925081,2026-07-08T08:08:20.936616+00:00,118.5,3,ask,,,11918847
2026-07-08T08:08:21.022271,2026-07-08T08:08:21.027045+00:00,118.5,1,ask,,,11918850
2026-07-08T08:08:24.037600,2026-07-08T08:08:24.048596+00:00,118.6,200,bid,,,11918902
2026-07-08T08:08:24.172513,2026-07-08T08:08:24.184309+00:00,118.6,2,ask,,,11918904
2026-07-08T08:08:24.549196,2026-07-08T08:08:24.558551+00:00,118.6,1,ask,,,11918915
2026-07-08T08:08:24.895926,2026-07-08T08:08:24.903030+00:00,118.6,1,ask,,,11918920
2026-07-08T08:08:25.249080,2026-07-08T08:08:25.253024+00:00,118.6,1,ask,,,11918923
2026-07-08T08:08:26.659747,2026-07-08T08:08:26.669060+00:00,118.5,200,ask,,,11918963
2026-07-08T08:08:26.659747,2026-07-08T08:08:26.669060+00:00,118.5,8,ask,,,11918964
2026-07-08T08:08:27.985102,2026-07-08T08:08:27.989506+00:00,118.4,9,ask,,,11918989
2026-07-08T08:08:28.135672,2026-07-08T08:08:28.147556+00:00,118.4,2,ask,,,11918991
2026-07-08T08:08:30.989915,2026-07-08T08:08:31.001917+00:00,118.6,1,bid,,,11919036
2026-07-08T08:08:31.019048,2026-07-08T08:08:31.023401+00:00,118.6,1,bid,,,11919038
2026-07-08T08:08:31.905375,2026-07-08T08:08:31.916762+00:00,118.4,200,ask,,,11919046
2026-07-08T08:08:31.905375,2026-07-08T08:08:31.921988+00:00,118.4,8,ask,,,11919047
2026-07-08T08:08:32.002729,2026-07-08T08:08:32.012025+00:00,118.4,200,bid,,,11919048
2026-07-08T08:08:32.237770,2026-07-08T08:08:32.242016+00:00,118.4,1,bid,,,11919053
2026-07-08T08:08:32.548925,2026-07-08T08:08:32.553356+00:00,118.4,1,bid,,,11919059
2026-07-08T08:08:33.210539,2026-07-08T08:08:33.218177+00:00,118.4,200,bid,,,11919072
2026-07-08T08:08:34.549094,2026-07-08T08:08:34.554468+00:00,118.3,500,ask,,,11919099
2026-07-08T08:08:34.549094,2026-07-08T08:08:34.554468+00:00,118.3,125,ask,,,11919100
2026-07-08T08:08:35.630931,2026-07-08T08:08:35.641704+00:00,118.4,200,ask,,,11919120
2026-07-08T08:08:35.878772,2026-07-08T08:08:35.883227+00:00,118.5,3,ask,,,11919126
2026-07-08T08:08:36.231702,2026-07-08T08:08:36.241951+00:00,118.5,20,ask,,,11919136
2026-07-08T08:08:36.843271,2026-07-08T08:08:36.852579+00:00,118.6,200,ask,,,11919152
2026-07-08T08:08:37.178327,2026-07-08T08:08:37.188164+00:00,118.6,300,ask,,,11919164
2026-07-08T08:08:37.250056,2026-07-08T08:08:37.254865+00:00,118.6,14,bid,,,11919169
2026-07-08T08:08:37.254293,2026-07-08T08:08:37.270573+00:00,118.6,19,bid,,,11919170
2026-07-08T08:08:40.472914,2026-07-08T08:08:40.481248+00:00,118.7,200,bid,,,11919220
2026-07-08T08:08:43.735999,2026-07-08T08:08:43.746864+00:00,118.5,500,ask,,,11919272
2026-07-08T08:08:43.787173,2026-07-08T08:08:43.799145+00:00,118.5,1,bid,,,11919273
2026-07-08T08:08:44.114518,2026-07-08T08:08:44.114137+00:00,118.4,200,ask,,,11919277
2026-07-08T08:08:45.045749,2026-07-08T08:08:45.058590+00:00,118.6,8,bid,,,11919301
2026-07-08T08:08:45.327698,2026-07-08T08:08:45.339295+00:00,118.6,200,ask,,,11919303
2026-07-08T08:08:47.753526,2026-07-08T08:08:47.768692+00:00,118.6,8,ask,,,11919347
2026-07-08T08:08:47.753526,2026-07-08T08:08:47.768692+00:00,118.6,192,ask,,,11919348
2026-07-08T08:08:49.105993,2026-07-08T08:08:49.118081+00:00,118.7,1,bid,,,11919365
2026-07-08T08:08:49.373362,2026-07-08T08:08:49.381562+00:00,118.7,1,bid,,,11919372
2026-07-08T08:08:49.893879,2026-07-08T08:08:49.897685+00:00,118.7,3,bid,,,11919385
2026-07-08T08:08:49.943529,2026-07-08T08:08:49.955506+00:00,118.7,35,bid,,,11919386
2026-07-08T08:08:50.048095,2026-07-08T08:08:50.058554+00:00,118.7,35,bid,,,11919389
2026-07-08T08:08:50.048244,2026-07-08T08:08:50.058554+00:00,118.7,20,bid,,,11919390
2026-07-08T08:08:50.073430,2026-07-08T08:08:50.081601+00:00,118.7,51,bid,,,11919393
2026-07-08T08:08:50.086735,2026-07-08T08:08:50.097386+00:00,118.7,1,bid,,,11919396
2026-07-08T08:08:50.176428,2026-07-08T08:08:50.185243+00:00,118.6,200,ask,,,11919398
2026-07-08T08:08:51.094808,2026-07-08T08:08:51.102155+00:00,118.6,4,ask,,,11919412
2026-07-08T08:08:51.324551,2026-07-08T08:08:51.336375+00:00,118.8,1,bid,,,11919416
2026-07-08T08:08:51.385402,2026-07-08T08:08:51.392763+00:00,118.6,200,ask,,,11919418
2026-07-08T08:08:51.790600,2026-07-08T08:08:51.798194+00:00,118.7,8,bid,,,11919425
2026-07-08T08:08:52.062580,2026-07-08T08:08:52.074492+00:00,118.7,1,bid,,,11919440
2026-07-08T08:08:52.328222,2026-07-08T08:08:52.337793+00:00,118.7,8,bid,,,11919443
2026-07-08T08:08:52.595810,2026-07-08T08:08:52.607693+00:00,118.7,1,bid,,,11919447
2026-07-08T08:08:52.913291,2026-07-08T08:08:52.924974+00:00,118.6,500,ask,,,11919454
2026-07-08T08:08:54.238746,2026-07-08T08:08:54.243031+00:00,118.6,3,ask,,,11919475
2026-07-08T08:08:55.124939,2026-07-08T08:08:55.135649+00:00,118.6,2,ask,,,11919493
2026-07-08T08:08:55.532354,2026-07-08T08:08:55.543327+00:00,118.7,200,bid,,,11919498
2026-07-08T08:08:55.532354,2026-07-08T08:08:55.543327+00:00,118.8,8,bid,,,11919499
2026-07-08T08:08:55.600730,2026-07-08T08:08:55.611973+00:00,118.8,45,ask,,,11919502
2026-07-08T08:08:55.692494,2026-07-08T08:08:55.701041+00:00,118.8,9,ask,,,11919505
2026-07-08T08:08:55.863833,2026-07-08T08:08:55.870551+00:00,118.8,1,ask,,,11919509
2026-07-08T08:08:56.140405,2026-07-08T08:08:56.151909+00:00,119.0,6,bid,,,11919516
2026-07-08T08:08:56.194964,2026-07-08T08:08:56.201789+00:00,118.8,1,ask,,,11919520
2026-07-08T08:08:56.236989,2026-07-08T08:08:56.258558+00:00,118.8,200,ask,,,11919523
2026-07-08T08:08:56.385890,2026-07-08T08:08:56.390226+00:00,119.0,3,bid,,,11919526
2026-07-08T08:08:56.422225,2026-07-08T08:08:56.434229+00:00,119.0,20,bid,,,11919527
2026-07-08T08:08:56.440526,2026-07-08T08:08:56.452559+00:00,119.0,5,bid,,,11919528
2026-07-08T08:08:56.532556,2026-07-08T08:08:56.544277+00:00,119.0,1,bid,,,11919532
2026-07-08T08:08:56.543540,2026-07-08T08:08:56.555057+00:00,118.8,4,ask,,,11919534
2026-07-08T08:08:56.701761,2026-07-08T08:08:56.716891+00:00,119.0,2,bid,,,11919537
2026-07-08T08:08:56.788811,2026-07-08T08:08:56.800639+00:00,119.0,1,bid,,,11919542
2026-07-08T08:08:56.878553,2026-07-08T08:08:56.886290+00:00,118.9,33,bid,,,11919545
2026-07-08T08:08:57.228295,2026-07-08T08:08:57.235877+00:00,118.9,10,bid,,,11919558
2026-07-08T08:08:57.450639,2026-07-08T08:08:57.458766+00:00,118.8,1,bid,,,11919562
2026-07-08T08:08:57.699932,2026-07-08T08:08:57.709355+00:00,118.8,1,bid,,,11919569
2026-07-08T08:08:57.714642,2026-07-08T08:08:57.725047+00:00,118.8,10,bid,,,11919571
2026-07-08T08:08:57.731166,2026-07-08T08:08:57.735656+00:00,118.8,8,bid,,,11919573
2026-07-08T08:09:00.794750,2026-07-08T08:09:00.799708+00:00,118.8,1,ask,,,11919633
2026-07-08T08:09:01.971147,2026-07-08T08:09:01.975350+00:00,118.8,1,ask,,,11919660
2026-07-08T08:09:03.411565,2026-07-08T08:09:03.419079+00:00,118.8,200,bid,,,11919691
2026-07-08T08:09:03.431469,2026-07-08T08:09:03.436237+00:00,118.8,1,ask,,,11919693
2026-07-08T08:09:03.510699,2026-07-08T08:09:03.520622+00:00,118.8,200,ask,,,11919695
2026-07-08T08:09:03.963480,2026-07-08T08:09:03.975621+00:00,118.8,20,ask,,,11919704
2026-07-08T08:09:04.105511,2026-07-08T08:09:04.110144+00:00,118.8,1,ask,,,11919710
2026-07-08T08:09:04.724197,2026-07-08T08:09:04.733850+00:00,118.9,200,bid,,,11919721
2026-07-08T08:09:04.731795,2026-07-08T08:09:04.739083+00:00,118.7,8,ask,,,11919722
2026-07-08T08:09:05.361694,2026-07-08T08:09:05.370259+00:00,118.7,20,bid,,,11919731
2026-07-08T08:09:05.920476,2026-07-08T08:09:05.925729+00:00,118.5,1,ask,,,11919738
2026-07-08T08:09:05.935207,2026-07-08T08:09:05.946304+00:00,118.7,200,bid,,,11919739
2026-07-08T08:09:06.065288,2026-07-08T08:09:06.069370+00:00,118.6,3,ask,,,11919750
2026-07-08T08:09:06.207173,2026-07-08T08:09:06.214257+00:00,118.6,20,ask,,,11919753
2026-07-08T08:09:06.230747,2026-07-08T08:09:06.235235+00:00,118.6,1,ask,,,11919755
2026-07-08T08:09:07.348742,2026-07-08T08:09:07.358628+00:00,118.8,20,bid,,,11919767
2026-07-08T08:09:08.356967,2026-07-08T08:09:08.361267+00:00,118.6,1,ask,,,11919784
2026-07-08T08:09:08.360368,2026-07-08T08:09:08.367131+00:00,118.8,200,bid,,,11919785
2026-07-08T08:09:08.691964,2026-07-08T08:09:08.696095+00:00,118.8,1,ask,,,11919792
2026-07-08T08:09:08.695278,2026-07-08T08:09:08.716812+00:00,118.8,1,ask,,,11919793
2026-07-08T08:09:08.949796,2026-07-08T08:09:08.958575+00:00,118.8,35,ask,,,11919797
2026-07-08T08:09:09.044213,2026-07-08T08:09:09.058607+00:00,118.8,16,ask,,,11919799
2026-07-08T08:09:09.987563,2026-07-08T08:09:09.995019+00:00,118.9,500,bid,,,11919810
2026-07-08T08:09:09.987563,2026-07-08T08:09:10.000257+00:00,118.9,125,bid,,,11919811
2026-07-08T08:09:10.576553,2026-07-08T08:09:10.588671+00:00,118.7,20,ask,,,11919825
2026-07-08T08:09:12.615365,2026-07-08T08:09:12.626104+00:00,118.7,200,bid,,,11919853
2026-07-08T08:09:15.276844,2026-07-08T08:09:15.281016+00:00,118.7,3,ask,,,11919897
2026-07-08T08:09:15.294395,2026-07-08T08:09:15.306442+00:00,118.7,6,ask,,,11919898
2026-07-08T08:09:15.632541,2026-07-08T08:09:15.641909+00:00,118.8,200,bid,,,11919903
2026-07-08T08:09:15.857499,2026-07-08T08:09:15.866335+00:00,118.6,10,ask,,,11919905
2026-07-08T08:09:17.865562,2026-07-08T08:09:17.876390+00:00,118.8,200,bid,,,11919920
2026-07-08T08:09:17.865562,2026-07-08T08:09:17.876390+00:00,118.8,8,bid,,,11919921
2026-07-08T08:09:17.918473,2026-07-08T08:09:17.924087+00:00,118.8,11,ask,,,11919923
2026-07-08T08:09:18.054619,2026-07-08T08:09:18.058572+00:00,118.8,200,ask,,,11919924
2026-07-08T08:09:18.225540,2026-07-08T08:09:18.233629+00:00,118.8,20,ask,,,11919926
2026-07-08T08:09:18.741173,2026-07-08T08:09:18.751879+00:00,118.8,10,ask,,,11919939
2026-07-08T08:09:19.184486,2026-07-08T08:09:19.195311+00:00,118.7,8,ask,,,11919948
2026-07-08T08:09:19.184486,2026-07-08T08:09:19.195311+00:00,118.6,200,ask,,,11919949
2026-07-08T08:09:19.203009,2026-07-08T08:09:19.207057+00:00,118.6,9,bid,,,11919953
2026-07-08T08:09:19.260887,2026-07-08T08:09:19.272673+00:00,118.6,200,bid,,,11919956
2026-07-08T08:09:19.327442,2026-07-08T08:09:19.338996+00:00,118.6,10,bid,,,11919957
2026-07-08T08:09:19.386466,2026-07-08T08:09:19.398502+00:00,118.4,20,ask,,,11919961
2026-07-08T08:09:19.512244,2026-07-08T08:09:19.517042+00:00,118.6,1,bid,,,11919963
2026-07-08T08:09:20.340777,2026-07-08T08:09:20.352546+00:00,118.6,6,bid,,,11919977
2026-07-08T08:09:20.497458,2026-07-08T08:09:20.506667+00:00,118.6,200,bid,,,11919981
2026-07-08T08:09:21.357228,2026-07-08T08:09:21.369339+00:00,118.6,1,ask,,,11920003
2026-07-08T08:09:21.877698,2026-07-08T08:09:21.889687+00:00,118.6,20,bid,,,11920013
2026-07-08T08:09:22.375375,2026-07-08T08:09:22.386995+00:00,118.5,5,ask,,,11920026
2026-07-08T08:09:25.220608,2026-07-08T08:09:25.232952+00:00,118.4,10,ask,,,11920078
2026-07-08T08:09:25.250075,2026-07-08T08:09:25.254707+00:00,118.4,1,ask,,,11920081
2026-07-08T08:09:27.296481,2026-07-08T08:09:27.300921+00:00,118.3,8,ask,,,11920119
2026-07-08T08:09:27.745978,2026-07-08T08:09:27.754009+00:00,118.4,1,ask,,,11920126
2026-07-08T08:09:27.771703,2026-07-08T08:09:27.783555+00:00,118.4,9,ask,,,11920130
2026-07-08T08:09:27.794389,2026-07-08T08:09:27.801729+00:00,118.5,1,bid,,,11920131
2026-07-08T08:09:28.419968,2026-07-08T08:09:28.426973+00:00,118.5,9,ask,,,11920137
2026-07-08T08:09:28.467356,2026-07-08T08:09:28.475427+00:00,118.5,20,ask,,,11920140
2026-07-08T08:09:28.857375,2026-07-08T08:09:28.869258+00:00,118.5,8,ask,,,11920153
2026-07-08T08:09:29.231747,2026-07-08T08:09:29.244054+00:00,118.5,3,ask,,,11920162
2026-07-08T08:09:29.465850,2026-07-08T08:09:29.475359+00:00,118.5,10,ask,,,11920169
2026-07-08T08:09:29.621853,2026-07-08T08:09:29.626643+00:00,118.5,8,ask,,,11920174
2026-07-08T08:09:29.764770,2026-07-08T08:09:29.769096+00:00,118.5,1,ask,,,11920179
2026-07-08T08:09:31.029307,2026-07-08T08:09:31.036249+00:00,118.6,200,bid,,,11920197
2026-07-08T08:09:31.047778,2026-07-08T08:09:31.051941+00:00,118.6,3,ask,,,11920199
2026-07-08T08:09:31.164925,2026-07-08T08:09:31.168983+00:00,118.6,11,ask,,,11920204
2026-07-08T08:09:31.256615,2026-07-08T08:09:31.263656+00:00,118.6,6,ask,,,11920205
2026-07-08T08:09:31.566019,2026-07-08T08:09:31.573234+00:00,118.6,6,ask,,,11920214
2026-07-08T08:09:31.880414,2026-07-08T08:09:31.892186+00:00,118.6,6,ask,,,11920217
2026-07-08T08:09:32.191299,2026-07-08T08:09:32.203367+00:00,118.6,1,ask,,,11920223
2026-07-08T08:09:33.553040,2026-07-08T08:09:33.564690+00:00,118.5,20,ask,,,11920243
2026-07-08T08:09:34.293978,2026-07-08T08:09:34.298313+00:00,118.5,8,ask,,,11920258
2026-07-08T08:09:34.354287,2026-07-08T08:09:34.358680+00:00,118.6,8,bid,,,11920260
2026-07-08T08:09:34.371150,2026-07-08T08:09:34.382948+00:00,118.6,10,bid,,,11920261
2026-07-08T08:09:34.585589,2026-07-08T08:09:34.589729+00:00,118.6,8,bid,,,11920265
2026-07-08T08:09:34.623737,2026-07-08T08:09:34.627883+00:00,118.6,1,bid,,,11920267
2026-07-08T08:09:34.913107,2026-07-08T08:09:34.925029+00:00,118.6,1,bid,,,11920278
2026-07-08T08:09:34.941314,2026-07-08T08:09:34.945597+00:00,118.6,1,bid,,,11920281
2026-07-08T08:09:35.516485,2026-07-08T08:09:35.528255+00:00,118.5,30,ask,,,11920287
2026-07-08T08:09:35.872784,2026-07-08T08:09:35.876913+00:00,118.7,1,bid,,,11920295
2026-07-08T08:09:37.464684,2026-07-08T08:09:37.469153+00:00,118.6,12,bid,,,11920322
2026-07-08T08:09:38.546410,2026-07-08T08:09:38.558631+00:00,118.6,7,bid,,,11920342
2026-07-08T08:09:38.576753,2026-07-08T08:09:38.580946+00:00,118.4,6,ask,,,11920346
2026-07-08T08:09:38.820700,2026-07-08T08:09:38.832035+00:00,118.4,1,ask,,,11920349
2026-07-08T08:09:39.552620,2026-07-08T08:09:39.557404+00:00,118.5,1,bid,,,11920366
2026-07-08T08:09:39.580365,2026-07-08T08:09:39.586355+00:00,118.5,5,bid,,,11920368
2026-07-08T08:09:40.242582,2026-07-08T08:09:40.252351+00:00,118.3,500,ask,,,11920376
2026-07-08T08:09:40.242582,2026-07-08T08:09:40.252351+00:00,118.3,125,ask,,,11920377
2026-07-08T08:09:41.216869,2026-07-08T08:09:41.228819+00:00,118.4,1,ask,,,11920393
2026-07-08T08:09:42.881427,2026-07-08T08:09:42.906387+00:00,118.6,200,bid,,,11920420
2026-07-08T08:09:42.892078,2026-07-08T08:09:42.906387+00:00,118.6,8,ask,,,11920421
2026-07-08T08:09:42.902221,2026-07-08T08:09:42.906387+00:00,118.6,23,ask,,,11920423
2026-07-08T08:09:43.021698,2026-07-08T08:09:43.030394+00:00,118.6,20,ask,,,11920427
2026-07-08T08:09:43.131890,2026-07-08T08:09:43.138465+00:00,118.6,2,ask,,,11920434
2026-07-08T08:09:43.818314,2026-07-08T08:09:43.823392+00:00,118.7,11,bid,,,11920451
2026-07-08T08:09:44.716282,2026-07-08T08:09:44.721632+00:00,118.6,12,bid,,,11920469
2026-07-08T08:09:44.851878,2026-07-08T08:09:44.864003+00:00,118.6,2,bid,,,11920471
2026-07-08T08:09:45.632226,2026-07-08T08:09:45.644008+00:00,118.4,20,ask,,,11920484
2026-07-08T08:09:48.321350,2026-07-08T08:09:48.328803+00:00,118.6,200,bid,,,11920532
2026-07-08T08:09:49.442420,2026-07-08T08:09:49.451654+00:00,118.6,8,bid,,,11920552
2026-07-08T08:09:49.635324,2026-07-08T08:09:49.646972+00:00,118.6,7,ask,,,11920555
2026-07-08T08:09:53.196702,2026-07-08T08:09:53.201277+00:00,118.8,1,bid,,,11920628
2026-07-08T08:09:53.202085,2026-07-08T08:09:53.216859+00:00,118.8,1,bid,,,11920629
2026-07-08T08:09:53.236084,2026-07-08T08:09:53.248016+00:00,118.6,1,ask,,,11920630
2026-07-08T08:09:53.376430,2026-07-08T08:09:53.401769+00:00,118.8,198,bid,,,11920634
2026-07-08T08:09:53.397032,2026-07-08T08:09:53.401769+00:00,118.8,13,ask,,,11920636
2026-07-08T08:09:53.426649,2026-07-08T08:09:53.431415+00:00,118.8,1,ask,,,11920638
2026-07-08T08:09:53.731197,2026-07-08T08:09:53.735161+00:00,118.8,1,ask,,,11920643
2026-07-08T08:09:54.053689,2026-07-08T08:09:54.057752+00:00,118.8,1,ask,,,11920655
2026-07-08T08:09:54.351470,2026-07-08T08:09:54.355804+00:00,118.8,1,ask,,,11920658
2026-07-08T08:09:54.386327,2026-07-08T08:09:54.393900+00:00,118.8,200,ask,,,11920659
2026-07-08T08:09:54.622095,2026-07-08T08:09:54.633017+00:00,118.8,10,ask,,,11920674
2026-07-08T08:09:54.666169,2026-07-08T08:09:54.670284+00:00,118.8,1,ask,,,11920678
2026-07-08T08:09:55.083671,2026-07-08T08:09:55.095768+00:00,118.8,1,bid,,,11920687
2026-07-08T08:09:55.350901,2026-07-08T08:09:55.374481+00:00,118.8,9,bid,,,11920695
2026-07-08T08:09:57.312268,2026-07-08T08:09:57.337885+00:00,118.7,200,ask,,,11920723
2026-07-08T08:09:57.333693,2026-07-08T08:09:57.337885+00:00,118.7,5,bid,,,11920727
2026-07-08T08:09:58.620687,2026-07-08T08:09:58.628133+00:00,118.8,200,bid,,,11920750
2026-07-08T08:09:58.620687,2026-07-08T08:09:58.633108+00:00,118.8,8,bid,,,11920751
2026-07-08T08:09:59.936204,2026-07-08T08:09:59.945305+00:00,118.7,200,ask,,,11920778
2026-07-08T08:09:59.936204,2026-07-08T08:09:59.945305+00:00,118.7,8,ask,,,11920779
2026-07-08T08:10:01.671207,2026-07-08T08:10:01.680267+00:00,118.6,200,ask,,,11920808
2026-07-08T08:10:01.755880,2026-07-08T08:10:01.760311+00:00,118.8,12,bid,,,11920810
2026-07-08T08:10:02.577384,2026-07-08T08:10:02.581541+00:00,118.7,11,bid,,,11920827
2026-07-08T08:10:02.747652,2026-07-08T08:10:02.763613+00:00,118.7,10,bid,,,11920830
2026-07-08T08:10:02.902588,2026-07-08T08:10:02.907931+00:00,118.5,11,ask,,,11920835
2026-07-08T08:10:03.114921,2026-07-08T08:10:03.120294+00:00,118.5,1,ask,,,11920840
2026-07-08T08:10:03.428155,2026-07-08T08:10:03.432823+00:00,118.5,1,ask,,,11920842
2026-07-08T08:10:07.738474,2026-07-08T08:10:07.747044+00:00,118.6,200,ask,,,11920903
2026-07-08T08:10:11.739082,2026-07-08T08:10:11.750841+00:00,118.7,500,bid,,,11920962
2026-07-08T08:10:11.793345,2026-07-08T08:10:11.803257+00:00,118.7,125,ask,,,11920963
2026-07-08T08:10:12.572380,2026-07-08T08:10:12.580551+00:00,118.7,200,bid,,,11920971
2026-07-08T08:10:13.786651,2026-07-08T08:10:13.796775+00:00,118.6,200,bid,,,11920989
2026-07-08T08:10:14.223902,2026-07-08T08:10:14.235121+00:00,118.4,20,ask,,,11921000
2026-07-08T08:10:14.998841,2026-07-08T08:10:15.007799+00:00,118.6,200,bid,,,11921016
2026-07-08T08:10:15.665129,2026-07-08T08:10:15.675409+00:00,118.6,500,bid,,,11921025
2026-07-08T08:10:16.041915,2026-07-08T08:10:16.049065+00:00,118.6,125,ask,,,11921038
2026-07-08T08:10:16.041915,2026-07-08T08:10:16.054259+00:00,118.6,8,ask,,,11921039
2026-07-08T08:10:16.977548,2026-07-08T08:10:16.985089+00:00,118.5,200,ask,,,11921053
2026-07-08T08:10:16.977548,2026-07-08T08:10:17.000730+00:00,118.5,8,ask,,,11921054
2026-07-08T08:10:16.996657,2026-07-08T08:10:17.000730+00:00,118.5,2,bid,,,11921056
2026-07-08T08:10:17.418021,2026-07-08T08:10:17.428897+00:00,118.5,200,bid,,,11921065
2026-07-08T08:10:18.290636,2026-07-08T08:10:18.301221+00:00,118.5,500,bid,,,11921088
2026-07-08T08:10:18.290636,2026-07-08T08:10:18.301221+00:00,118.5,8,bid,,,11921089
2026-07-08T08:10:18.448093,2026-07-08T08:10:18.472449+00:00,118.6,117,ask,,,11921094
2026-07-08T08:10:18.448093,2026-07-08T08:10:18.472449+00:00,118.5,8,ask,,,11921095
2026-07-08T08:10:18.631138,2026-07-08T08:10:18.641745+00:00,118.5,200,bid,,,11921100
2026-07-08T08:10:19.604872,2026-07-08T08:10:19.614001+00:00,118.2,8,bid,,,11921111
2026-07-08T08:10:19.604872,2026-07-08T08:10:19.614001+00:00,118.4,500,bid,,,11921112
2026-07-08T08:10:19.630930,2026-07-08T08:10:19.635276+00:00,118.5,8,ask,,,11921116
2026-07-08T08:10:19.650759,2026-07-08T08:10:19.681510+00:00,118.5,109,ask,,,11921117
2026-07-08T08:10:19.669146,2026-07-08T08:10:19.681510+00:00,118.4,8,bid,,,11921119
2026-07-08T08:10:19.841147,2026-07-08T08:10:19.851093+00:00,118.4,200,bid,,,11921122
2026-07-08T08:10:21.055044,2026-07-08T08:10:21.056097+00:00,118.4,200,bid,,,11921141
2026-07-08T08:10:21.198922,2026-07-08T08:10:21.203066+00:00,118.2,1,ask,,,11921144
2026-07-08T08:10:21.204241,2026-07-08T08:10:21.208405+00:00,118.2,1,ask,,,11921145
2026-07-08T08:10:21.209484,2026-07-08T08:10:21.213561+00:00,118.2,1,ask,,,11921146
2026-07-08T08:10:21.214760,2026-07-08T08:10:21.218911+00:00,118.2,1,ask,,,11921147
2026-07-08T08:10:21.492746,2026-07-08T08:10:21.500782+00:00,118.2,1,ask,,,11921153
2026-07-08T08:10:22.270949,2026-07-08T08:10:22.282195+00:00,118.4,8,bid,,,11921168
2026-07-08T08:10:22.270949,2026-07-08T08:10:22.282195+00:00,118.4,192,bid,,,11921169
2026-07-08T08:10:23.539686,2026-07-08T08:10:23.571556+00:00,118.4,8,bid,,,11921191
2026-07-08T08:10:23.566329,2026-07-08T08:10:23.571556+00:00,118.4,11,ask,,,11921193
2026-07-08T08:10:24.929632,2026-07-08T08:10:24.941406+00:00,118.5,16,bid,,,11921218
2026-07-08T08:10:25.953300,2026-07-08T08:10:25.962017+00:00,118.3,8,ask,,,11921234
2026-07-08T08:10:26.922287,2026-07-08T08:10:26.929495+00:00,118.4,500,ask,,,11921244
2026-07-08T08:10:29.538719,2026-07-08T08:10:29.547694+00:00,118.4,200,bid,,,11921274
2026-07-08T08:10:29.780193,2026-07-08T08:10:29.792345+00:00,118.4,20,bid,,,11921277
2026-07-08T08:10:30.749566,2026-07-08T08:10:30.758569+00:00,118.3,200,bid,,,11921301
2026-07-08T08:10:32.112303,2026-07-08T08:10:32.119943+00:00,118.3,20,ask,,,11921322
2026-07-08T08:10:35.346157,2026-07-08T08:10:35.358564+00:00,118.4,500,bid,,,11921363
2026-07-08T08:10:35.346157,2026-07-08T08:10:35.358564+00:00,118.5,125,bid,,,11921364
2026-07-08T08:10:35.408128,2026-07-08T08:10:35.419706+00:00,118.3,200,ask,,,11921366
2026-07-08T08:10:35.428328,2026-07-08T08:10:35.432509+00:00,118.3,11,bid,,,11921368
2026-07-08T08:10:35.599614,2026-07-08T08:10:35.609475+00:00,118.3,200,bid,,,11921369
2026-07-08T08:10:35.964807,2026-07-08T08:10:35.968816+00:00,118.2,8,bid,,,11921376
2026-07-08T08:10:37.079426,2026-07-08T08:10:37.089452+00:00,118.3,20,bid,,,11921391
2026-07-08T08:10:37.981167,2026-07-08T08:10:37.990899+00:00,118.2,200,ask,,,11921400
2026-07-08T08:10:38.052420,2026-07-08T08:10:38.064598+00:00,118.1,8,ask,,,11921403
2026-07-08T08:10:39.234763,2026-07-08T08:10:39.244232+00:00,118.2,200,bid,,,11921425
2026-07-08T08:10:39.293219,2026-07-08T08:10:39.303811+00:00,118.3,8,bid,,,11921427
2026-07-08T08:10:39.293219,2026-07-08T08:10:39.303811+00:00,118.3,500,bid,,,11921428
2026-07-08T08:10:39.629613,2026-07-08T08:10:39.640272+00:00,118.3,117,ask,,,11921431
2026-07-08T08:10:41.288805,2026-07-08T08:10:41.296973+00:00,118.3,20,bid,,,11921456
2026-07-08T08:10:42.717581,2026-07-08T08:10:42.722064+00:00,118.2,4,bid,,,11921476
2026-07-08T08:10:42.869295,2026-07-08T08:10:42.879741+00:00,118.2,200,bid,,,11921480
2026-07-08T08:10:43.889755,2026-07-08T08:10:43.896740+00:00,118.1,500,ask,,,11921500
2026-07-08T08:10:44.486882,2026-07-08T08:10:44.495025+00:00,118.1,125,ask,,,11921506
2026-07-08T08:10:44.486882,2026-07-08T08:10:44.523405+00:00,118.1,200,ask,,,11921507
2026-07-08T08:10:44.486882,2026-07-08T08:10:44.523405+00:00,118.1,8,ask,,,11921508
2026-07-08T08:10:44.518633,2026-07-08T08:10:44.523405+00:00,118.0,11,bid,,,11921510
2026-07-08T08:10:44.549281,2026-07-08T08:10:44.560760+00:00,117.9,10,ask,,,11921511
2026-07-08T08:10:44.549281,2026-07-08T08:10:44.560760+00:00,117.9,10,ask,,,11921512
2026-07-08T08:10:44.549281,2026-07-08T08:10:44.560760+00:00,117.9,10,ask,,,11921513
2026-07-08T08:10:44.549281,2026-07-08T08:10:44.566002+00:00,117.9,10,ask,,,11921514
2026-07-08T08:10:44.579671,2026-07-08T08:10:44.584737+00:00,117.9,3,bid,,,11921517
2026-07-08T08:10:44.597635,2026-07-08T08:10:44.610463+00:00,117.9,20,bid,,,11921518
2026-07-08T08:10:44.864715,2026-07-08T08:10:44.876519+00:00,117.9,20,bid,,,11921522
2026-07-08T08:10:44.880942,2026-07-08T08:10:44.892870+00:00,117.9,20,bid,,,11921523
2026-07-08T08:10:45.069589,2026-07-08T08:10:45.079542+00:00,117.7,2,ask,,,11921526
2026-07-08T08:10:45.130041,2026-07-08T08:10:45.141845+00:00,117.9,20,bid,,,11921527
2026-07-08T08:10:45.183938,2026-07-08T08:10:45.191294+00:00,117.7,2,ask,,,11921529
2026-07-08T08:10:45.302539,2026-07-08T08:10:45.309728+00:00,117.9,200,bid,,,11921532
2026-07-08T08:10:45.324331,2026-07-08T08:10:45.335587+00:00,117.7,2,ask,,,11921533
2026-07-08T08:10:45.394479,2026-07-08T08:10:45.406470+00:00,117.9,11,bid,,,11921535
2026-07-08T08:10:47.235356,2026-07-08T08:10:47.239573+00:00,117.8,26,ask,,,11921570
2026-07-08T08:10:47.539246,2026-07-08T08:10:47.546720+00:00,117.8,174,ask,,,11921576
2026-07-08T08:10:47.539246,2026-07-08T08:10:47.552010+00:00,117.8,326,ask,,,11921577
2026-07-08T08:10:47.727786,2026-07-08T08:10:47.739314+00:00,117.8,200,ask,,,11921580
2026-07-08T08:10:49.798639,2026-07-08T08:10:49.805599+00:00,117.8,200,bid,,,11921622
2026-07-08T08:10:50.143847,2026-07-08T08:10:50.156836+00:00,117.8,200,ask,,,11921628
2026-07-08T08:10:51.112303,2026-07-08T08:10:51.119616+00:00,117.8,8,ask,,,11921647
2026-07-08T08:10:51.165529,2026-07-08T08:10:51.169653+00:00,117.8,23,bid,,,11921651
2026-07-08T08:10:52.556715,2026-07-08T08:10:52.558632+00:00,117.8,20,bid,,,11921671
2026-07-08T08:10:53.735538,2026-07-08T08:10:53.743282+00:00,117.8,200,bid,,,11921695
2026-07-08T08:10:55.050097,2026-07-08T08:10:55.063650+00:00,117.9,200,ask,,,11921715
2026-07-08T08:10:55.248574,2026-07-08T08:10:55.258647+00:00,117.5,20,ask,,,11921716
2026-07-08T08:10:56.215105,2026-07-08T08:10:56.222384+00:00,117.8,200,bid,,,11921733
2026-07-08T08:10:56.359300,2026-07-08T08:10:56.366406+00:00,117.8,8,bid,,,11921739
2026-07-08T08:10:56.886027,2026-07-08T08:10:56.897703+00:00,117.8,20,ask,,,11921749
2026-07-08T08:10:58.983407,2026-07-08T08:10:58.991169+00:00,117.9,200,ask,,,11921775
2026-07-08T08:11:00.296078,2026-07-08T08:11:00.305990+00:00,117.8,200,ask,,,11921799
2026-07-08T08:11:01.064514,2026-07-08T08:11:01.067772+00:00,117.8,200,bid,,,11921807
2026-07-08T08:11:02.278685,2026-07-08T08:11:02.290392+00:00,118.0,16,bid,,,11921815
2026-07-08T08:11:03.263118,2026-07-08T08:11:03.274039+00:00,117.9,200,ask,,,11921828
2026-07-08T08:11:04.699018,2026-07-08T08:11:04.706934+00:00,117.8,200,ask,,,11921847
2026-07-08T08:11:05.467944,2026-07-08T08:11:05.479549+00:00,117.9,20,bid,,,11921859
2026-07-08T08:11:06.325499,2026-07-08T08:11:06.335091+00:00,117.7,16,ask,,,11921867
2026-07-08T08:11:09.532859,2026-07-08T08:11:09.544698+00:00,117.8,200,bid,,,11921917
2026-07-08T08:11:13.166423,2026-07-08T08:11:13.174456+00:00,117.6,200,ask,,,11921961
2026-07-08T08:11:18.439980,2026-07-08T08:11:18.449842+00:00,117.5,7,bid,,,11922034
2026-07-08T08:11:18.664011,2026-07-08T08:11:18.674686+00:00,117.5,193,bid,,,11922043
2026-07-08T08:11:26.507952,2026-07-08T08:11:26.515350+00:00,117.7,200,bid,,,11922175
2026-07-08T08:11:27.525814,2026-07-08T08:11:27.535628+00:00,117.8,9,bid,,,11922186
2026-07-08T08:11:28.928672,2026-07-08T08:11:28.937742+00:00,117.6,200,ask,,,11922218
2026-07-08T08:11:29.770351,2026-07-08T08:11:29.777385+00:00,117.5,20,ask,,,11922233
2026-07-08T08:11:30.900506,2026-07-08T08:11:30.910131+00:00,117.6,20,bid,,,11922246
2026-07-08T08:11:31.788130,2026-07-08T08:11:31.795806+00:00,117.5,10,ask,,,11922269
2026-07-08T08:11:31.847167,2026-07-08T08:11:31.851606+00:00,117.5,8,ask,,,11922272
2026-07-08T08:11:32.175814,2026-07-08T08:11:32.180446+00:00,117.5,3,ask,,,11922278
2026-07-08T08:11:33.139967,2026-07-08T08:11:33.158643+00:00,117.5,200,ask,,,11922302
2026-07-08T08:11:33.759727,2026-07-08T08:11:33.769702+00:00,117.4,200,ask,,,11922309
2026-07-08T08:11:34.643886,2026-07-08T08:11:34.652972+00:00,117.4,20,ask,,,11922322
2026-07-08T08:11:34.754491,2026-07-08T08:11:34.759084+00:00,117.4,12,ask,,,11922324
2026-07-08T08:11:35.421921,2026-07-08T08:11:35.438128+00:00,117.5,20,bid,,,11922334
2026-07-08T08:11:36.017626,2026-07-08T08:11:36.028967+00:00,117.5,20,bid,,,11922342
2026-07-08T08:11:36.177262,2026-07-08T08:11:36.187731+00:00,117.5,200,bid,,,11922344
2026-07-08T08:11:37.811180,2026-07-08T08:11:37.817676+00:00,117.4,500,bid,,,11922379
2026-07-08T08:11:38.426724,2026-07-08T08:11:38.431547+00:00,117.5,200,bid,,,11922391
2026-07-08T08:11:38.426724,2026-07-08T08:11:38.431547+00:00,117.5,8,bid,,,11922392
2026-07-08T08:11:38.448533,2026-07-08T08:11:38.452824+00:00,117.5,11,ask,,,11922395
2026-07-08T08:11:38.638259,2026-07-08T08:11:38.649795+00:00,117.5,20,ask,,,11922404
2026-07-08T08:11:38.905357,2026-07-08T08:11:38.917687+00:00,117.5,20,ask,,,11922415
2026-07-08T08:11:39.175110,2026-07-08T08:11:39.181916+00:00,117.5,19,ask,,,11922417
2026-07-08T08:11:39.445330,2026-07-08T08:11:39.458673+00:00,117.5,5,ask,,,11922421
2026-07-08T08:11:39.713378,2026-07-08T08:11:39.720687+00:00,117.5,2,ask,,,11922427
2026-07-08T08:11:41.022406,2026-07-08T08:11:41.030927+00:00,117.5,200,bid,,,11922450
2026-07-08T08:11:43.673647,2026-07-08T08:11:43.683699+00:00,117.5,200,ask,,,11922478
2026-07-08T08:11:43.673647,2026-07-08T08:11:43.683699+00:00,117.4,8,ask,,,11922479
