timestamp,recv_time,price,volume,aggressor_side,buyer,seller,trade_id
2026-07-09T07:00:00.687182,2026-07-09T07:00:00.691762+00:00,121.5,11,bid,Xuanyu Liu,YieldingYams,13236523
2026-07-09T07:00:07.037400,2026-07-09T07:00:07.041551+00:00,121.4,23,ask,WavyWalnuts,Xuanyu Liu,13236599
2026-07-09T07:00:09.423598,2026-07-09T07:00:09.460970+00:00,121.5,500,bid,YieldingYams,AverageAlmonds,13236638
2026-07-09T07:00:09.456689,2026-07-09T07:00:09.460970+00:00,121.5,11,ask,YieldingYams,Xuanyu Liu,13236646
2026-07-09T07:00:09.540617,2026-07-09T07:00:09.549349+00:00,121.5,114,ask,YieldingYams,WavyWalnuts,13236649
2026-07-09T07:00:10.291863,2026-07-09T07:00:10.296318+00:00,121.4,11,bid,Xuanyu Liu,AverageAlmonds,13236658
2026-07-09T07:00:10.736324,2026-07-09T07:00:10.771140+00:00,121.3,200,ask,WavyWalnuts,YieldingYams,13236672
2026-07-09T07:00:10.759619,2026-07-09T07:00:10.771140+00:00,121.3,200,bid,WavyWalnuts,YieldingYams,13236675
2026-07-09T07:00:10.766293,2026-07-09T07:00:10.771140+00:00,121.3,12,bid,Xuanyu Liu,YieldingYams,13236676
2026-07-09T07:00:12.046914,2026-07-09T07:00:12.055641+00:00,121.3,200,bid,YieldingYams,WavyWalnuts,13236693
2026-07-09T07:00:12.693552,2026-07-09T07:00:12.703250+00:00,121.3,425,ask,YieldingYams,AverageAlmonds,13236701
2026-07-09T07:00:12.833092,2026-07-09T07:00:12.842974+00:00,121.3,20,bid,BrilliantBurritos,AverageAlmonds,13236704
2026-07-09T07:00:13.359432,2026-07-09T07:00:13.369299+00:00,121.2,200,ask,WavyWalnuts,YieldingYams,13236713
2026-07-09T07:00:14.668147,2026-07-09T07:00:14.676446+00:00,121.2,200,bid,YieldingYams,WavyWalnuts,13236732
2026-07-09T07:00:15.123497,2026-07-09T07:00:15.130523+00:00,121.2,425,ask,YieldingYams,AverageAlmonds,13236741
2026-07-09T07:00:16.507068,2026-07-09T07:00:16.519179+00:00,121.0,20,ask,WavyWalnuts,BrilliantBurritos,13236769
2026-07-09T07:00:16.819979,2026-07-09T07:00:16.830186+00:00,121.0,200,ask,YieldingYams,WavyWalnuts,13236774
2026-07-09T07:00:18.027914,2026-07-09T07:00:18.036700+00:00,120.9,200,bid,WavyWalnuts,YieldingYams,13236800
2026-07-09T07:00:21.235316,2026-07-09T07:00:21.242455+00:00,120.8,200,ask,WavyWalnuts,YieldingYams,13236858
2026-07-09T07:00:21.272065,2026-07-09T07:00:21.281889+00:00,120.8,14,bid,Xuanyu Liu,YieldingYams,13236861
2026-07-09T07:00:21.667782,2026-07-09T07:00:21.676919+00:00,120.8,200,bid,WavyWalnuts,YieldingYams,13236869
2026-07-09T07:00:22.880262,2026-07-09T07:00:22.886905+00:00,120.8,200,ask,YieldingYams,WavyWalnuts,13236890
2026-07-09T07:00:23.255661,2026-07-09T07:00:23.268919+00:00,120.8,20,ask,YieldingYams,BrilliantBurritos,13236892
2026-07-09T07:00:29.208672,2026-07-09T07:00:29.213698+00:00,120.5,3,ask,WavyWalnuts,Xuanyu Liu,13237005
2026-07-09T07:00:30.151073,2026-07-09T07:00:30.158628+00:00,120.5,200,ask,YieldingYams,WavyWalnuts,13237014
2026-07-09T07:00:31.739681,2026-07-09T07:00:31.752814+00:00,120.6,200,bid,YieldingYams,WavyWalnuts,13237043
2026-07-09T07:00:31.765437,2026-07-09T07:00:31.769755+00:00,120.6,11,ask,YieldingYams,Xuanyu Liu,13237045
2026-07-09T07:00:35.733822,2026-07-09T07:00:35.743913+00:00,120.7,500,ask,YieldingYams,AverageAlmonds,13237102
2026-07-09T07:00:36.309637,2026-07-09T07:00:36.321509+00:00,120.7,125,ask,YieldingYams,AverageAlmonds,13237111
2026-07-09T07:00:36.918797,2026-07-09T07:00:36.928906+00:00,120.6,200,ask,WavyWalnuts,AverageAlmonds,13237127
2026-07-09T07:00:38.621309,2026-07-09T07:00:38.632697+00:00,120.5,200,ask,YieldingYams,WavyWalnuts,13237152
2026-07-09T07:00:42.256221,2026-07-09T07:00:42.258595+00:00,120.6,500,bid,YieldingYams,AverageAlmonds,13237201
2026-07-09T07:00:42.357010,2026-07-09T07:00:42.366353+00:00,120.6,125,ask,YieldingYams,AverageAlmonds,13237208
2026-07-09T07:00:45.037526,2026-07-09T07:00:45.042880+00:00,120.3,12,ask,WavyWalnuts,Xuanyu Liu,13237247
2026-07-09T07:00:46.006285,2026-07-09T07:00:46.017290+00:00,120.3,500,ask,YieldingYams,AverageAlmonds,13237268
2026-07-09T07:00:46.228513,2026-07-09T07:00:46.238737+00:00,120.3,200,ask,WavyWalnuts,YieldingYams,13237276
2026-07-09T07:00:47.134221,2026-07-09T07:00:47.142921+00:00,120.2,200,bid,WavyWalnuts,YieldingYams,13237290
2026-07-09T07:00:47.820317,2026-07-09T07:00:47.822527+00:00,120.2,500,ask,YieldingYams,AverageAlmonds,13237307
2026-07-09T07:00:48.346655,2026-07-09T07:00:48.354024+00:00,120.2,125,ask,YieldingYams,WavyWalnuts,13237320
2026-07-09T07:00:50.773439,2026-07-09T07:00:50.785059+00:00,120.1,200,ask,YieldingYams,WavyWalnuts,13237355
2026-07-09T07:00:51.483738,2026-07-09T07:00:51.493326+00:00,120.2,500,bid,YieldingYams,AverageAlmonds,13237366
2026-07-09T07:00:52.056480,2026-07-09T07:00:52.058256+00:00,120.2,125,ask,YieldingYams,AverageAlmonds,13237376
2026-07-09T07:00:52.092217,2026-07-09T07:00:52.097305+00:00,120.2,12,bid,Xuanyu Liu,AverageAlmonds,13237378
2026-07-09T07:00:52.215238,2026-07-09T07:00:52.225863+00:00,120.2,20,bid,BrilliantBurritos,AverageAlmonds,13237379
2026-07-09T07:00:52.662098,2026-07-09T07:00:52.669301+00:00,120.1,200,ask,WavyWalnuts,AverageAlmonds,13237389
2026-07-09T07:00:52.684251,2026-07-09T07:00:52.688175+00:00,120.1,11,bid,Xuanyu Liu,AverageAlmonds,13237392
2026-07-09T07:00:52.813926,2026-07-09T07:00:52.818370+00:00,120.0,3,bid,Xuanyu Liu,YieldingYams,13237395
2026-07-09T07:00:54.111977,2026-07-09T07:00:54.122172+00:00,119.9,200,ask,WavyWalnuts,YieldingYams,13237416
2026-07-09T07:00:56.742438,2026-07-09T07:00:56.770142+00:00,119.9,500,bid,YieldingYams,AverageAlmonds,13237465
2026-07-09T07:00:56.766012,2026-07-09T07:00:56.770142+00:00,119.9,3,ask,YieldingYams,Xuanyu Liu,13237468
2026-07-09T07:00:56.895854,2026-07-09T07:00:56.906293+00:00,119.9,122,ask,YieldingYams,AverageAlmonds,13237469
2026-07-09T07:00:56.895854,2026-07-09T07:00:56.906293+00:00,119.8,200,ask,WavyWalnuts,AverageAlmonds,13237470
2026-07-09T07:00:57.307437,2026-07-09T07:00:57.317710+00:00,119.1,20,ask,AverageAlmonds,BrilliantBurritos,13237475
2026-07-09T07:00:58.055874,2026-07-09T07:00:58.058605+00:00,119.7,200,ask,WavyWalnuts,YieldingYams,13237488
2026-07-09T07:00:59.258574,2026-07-09T07:00:59.262889+00:00,119.6,11,ask,WavyWalnuts,Xuanyu Liu,13237509
2026-07-09T07:00:59.390473,2026-07-09T07:00:59.394742+00:00,119.7,12,ask,YieldingYams,Xuanyu Liu,13237511
2026-07-09T07:01:00.453342,2026-07-09T07:01:00.464151+00:00,119.7,200,ask,YieldingYams,WavyWalnuts,13237526
2026-07-09T07:01:01.985358,2026-07-09T07:01:01.996835+00:00,119.7,200,ask,WavyWalnuts,YieldingYams,13237545
2026-07-09T07:01:04.081798,2026-07-09T07:01:04.090034+00:00,119.7,200,bid,WavyWalnuts,YieldingYams,13237589
2026-07-09T07:01:07.208277,2026-07-09T07:01:07.212791+00:00,119.6,11,ask,YieldingYams,Xuanyu Liu,13237646
2026-07-09T07:01:08.932945,2026-07-09T07:01:08.944703+00:00,119.7,200,bid,WavyWalnuts,YieldingYams,13237669
2026-07-09T07:01:12.482839,2026-07-09T07:01:12.494474+00:00,119.7,200,ask,WavyWalnuts,YieldingYams,13237715
2026-07-09T07:01:12.572517,2026-07-09T07:01:12.581748+00:00,119.7,200,bid,WavyWalnuts,YieldingYams,13237717
2026-07-09T07:01:13.782250,2026-07-09T07:01:13.790950+00:00,119.7,200,bid,WavyWalnuts,YieldingYams,13237739
2026-07-09T07:01:13.797365,2026-07-09T07:01:13.806932+00:00,119.9,500,bid,YieldingYams,AverageAlmonds,13237740
2026-07-09T07:01:13.797365,2026-07-09T07:01:13.806932+00:00,119.9,125,bid,YieldingYams,WavyWalnuts,13237741
2026-07-09T07:01:20.929115,2026-07-09T07:01:20.936349+00:00,119.6,20,ask,YieldingYams,BrilliantBurritos,13237835
2026-07-09T07:01:21.052004,2026-07-09T07:01:21.058632+00:00,119.6,200,ask,YieldingYams,WavyWalnuts,13237837
2026-07-09T07:01:23.049642,2026-07-09T07:01:23.055696+00:00,119.7,20,bid,BrilliantBurritos,WavyWalnuts,13237858
2026-07-09T07:01:25.418867,2026-07-09T07:01:25.428921+00:00,119.8,20,bid,BrilliantBurritos,YieldingYams,13237884
2026-07-09T07:01:26.644194,2026-07-09T07:01:26.648753+00:00,119.5,12,ask,YieldingYams,Xuanyu Liu,13237907
2026-07-09T07:01:27.101665,2026-07-09T07:01:27.112491+00:00,119.5,200,ask,YieldingYams,WavyWalnuts,13237917
2026-07-09T07:01:29.519365,2026-07-09T07:01:29.529567+00:00,119.4,200,ask,YieldingYams,WavyWalnuts,13237954
2026-07-09T07:01:29.556186,2026-07-09T07:01:29.560609+00:00,119.5,11,ask,YieldingYams,Xuanyu Liu,13237956
2026-07-09T07:01:30.729686,2026-07-09T07:01:30.741352+00:00,119.5,200,ask,YieldingYams,WavyWalnuts,13237978
2026-07-09T07:01:32.166316,2026-07-09T07:01:32.173801+00:00,119.5,200,bid,YieldingYams,WavyWalnuts,13237999
2026-07-09T07:01:33.151499,2026-07-09T07:01:33.158977+00:00,119.5,200,ask,YieldingYams,WavyWalnuts,13238017
2026-07-09T07:01:33.843132,2026-07-09T07:01:33.853482+00:00,119.5,500,bid,AverageAlmonds,YieldingYams,13238023
2026-07-09T07:01:33.915135,2026-07-09T07:01:33.926425+00:00,119.5,20,bid,BrilliantBurritos,YieldingYams,13238024
2026-07-09T07:01:34.438550,2026-07-09T07:01:34.445783+00:00,119.5,105,bid,AverageAlmonds,YieldingYams,13238030
2026-07-09T07:01:38.733857,2026-07-09T07:01:38.743124+00:00,119.7,200,bid,YieldingYams,WavyWalnuts,13238102
2026-07-09T07:01:41.623547,2026-07-09T07:01:41.631694+00:00,119.8,200,bid,WavyWalnuts,YieldingYams,13238150
2026-07-09T07:01:45.176984,2026-07-09T07:01:45.181625+00:00,119.7,34,ask,WavyWalnuts,Xuanyu Liu,13238197
2026-07-09T07:01:45.252289,2026-07-09T07:01:45.260320+00:00,119.8,200,bid,WavyWalnuts,YieldingYams,13238198
2026-07-09T07:01:46.592540,2026-07-09T07:01:46.612026+00:00,119.7,20,bid,BrilliantBurritos,WavyWalnuts,13238215
2026-07-09T07:01:47.167693,2026-07-09T07:01:47.175046+00:00,119.7,180,bid,AverageAlmonds,WavyWalnuts,13238222
2026-07-09T07:01:47.679682,2026-07-09T07:01:47.686551+00:00,119.7,200,ask,AverageAlmonds,WavyWalnuts,13238232
2026-07-09T07:01:49.257207,2026-07-09T07:01:49.264101+00:00,119.6,500,ask,AverageAlmonds,YieldingYams,13238261
2026-07-09T07:01:49.276004,2026-07-09T07:01:49.281358+00:00,119.6,23,bid,Xuanyu Liu,YieldingYams,13238263
2026-07-09T07:01:49.567091,2026-07-09T07:01:49.575728+00:00,119.6,102,bid,AverageAlmonds,YieldingYams,13238269
2026-07-09T07:01:52.543916,2026-07-09T07:01:52.548130+00:00,119.9,11,bid,Xuanyu Liu,WavyWalnuts,13238328
2026-07-09T07:01:55.828294,2026-07-09T07:01:55.836331+00:00,119.9,200,bid,YieldingYams,WavyWalnuts,13238398
2026-07-09T07:01:57.148674,2026-07-09T07:01:57.158580+00:00,119.9,200,ask,WavyWalnuts,YieldingYams,13238414
2026-07-09T07:01:58.293562,2026-07-09T07:01:58.298498+00:00,119.9,23,bid,Xuanyu Liu,YieldingYams,13238432
2026-07-09T07:01:58.577049,2026-07-09T07:01:58.588233+00:00,119.9,200,ask,YieldingYams,WavyWalnuts,13238436
2026-07-09T07:02:03.419982,2026-07-09T07:02:03.429332+00:00,119.9,200,bid,WavyWalnuts,YieldingYams,13238498
2026-07-09T07:02:04.111306,2026-07-09T07:02:04.115839+00:00,120.0,23,bid,Xuanyu Liu,YieldingYams,13238513
2026-07-09T07:02:04.629310,2026-07-09T07:02:04.638246+00:00,120.0,200,bid,WavyWalnuts,YieldingYams,13238516
2026-07-09T07:02:10.679888,2026-07-09T07:02:10.691133+00:00,120.0,200,bid,WavyWalnuts,YieldingYams,13238621
2026-07-09T07:02:11.666074,2026-07-09T07:02:11.671005+00:00,120.1,23,ask,YieldingYams,Xuanyu Liu,13238630
2026-07-09T07:02:11.717273,2026-07-09T07:02:11.729830+00:00,120.1,20,ask,YieldingYams,BrilliantBurritos,13238634
2026-07-09T07:02:13.672335,2026-07-09T07:02:13.677248+00:00,120.0,12,ask,YieldingYams,Xuanyu Liu,13238666
2026-07-09T07:02:14.265527,2026-07-09T07:02:14.274144+00:00,120.1,200,bid,YieldingYams,WavyWalnuts,13238674
2026-07-09T07:02:14.295076,2026-07-09T07:02:14.299900+00:00,120.1,11,ask,YieldingYams,Xuanyu Liu,13238680
2026-07-09T07:02:16.903493,2026-07-09T07:02:16.910559+00:00,120.1,200,ask,WavyWalnuts,YieldingYams,13238725
2026-07-09T07:02:17.499609,2026-07-09T07:02:17.511338+00:00,119.9,20,ask,YieldingYams,BrilliantBurritos,13238738
2026-07-09T07:02:17.943035,2026-07-09T07:02:17.951714+00:00,120.1,200,bid,WavyWalnuts,YieldingYams,13238742
2026-07-09T07:02:22.217364,2026-07-09T07:02:22.257861+00:00,119.9,200,ask,WavyWalnuts,YieldingYams,13238811
2026-07-09T07:02:22.250031,2026-07-09T07:02:22.257861+00:00,119.8,23,bid,Xuanyu Liu,YieldingYams,13238813
2026-07-09T07:02:22.793823,2026-07-09T07:02:22.802911+00:00,119.8,200,bid,WavyWalnuts,YieldingYams,13238821
2026-07-09T07:02:24.417241,2026-07-09T07:02:24.426935+00:00,120.1,20,bid,BrilliantBurritos,YieldingYams,13238843
2026-07-09T07:02:25.228725,2026-07-09T07:02:25.233071+00:00,120.0,12,ask,WavyWalnuts,Xuanyu Liu,13238863
2026-07-09T07:02:26.187356,2026-07-09T07:02:26.197647+00:00,120.0,188,ask,WavyWalnuts,YieldingYams,13238877
2026-07-09T07:02:26.422317,2026-07-09T07:02:26.431446+00:00,120.0,200,bid,WavyWalnuts,YieldingYams,13238886
2026-07-09T07:02:31.278828,2026-07-09T07:02:31.288163+00:00,120.2,200,bid,WavyWalnuts,AverageAlmonds,13238962
2026-07-09T07:02:31.832480,2026-07-09T07:02:31.842813+00:00,120.2,20,bid,BrilliantBurritos,AverageAlmonds,13238973
2026-07-09T07:02:32.488918,2026-07-09T07:02:32.495602+00:00,120.2,200,bid,WavyWalnuts,AverageAlmonds,13238979
2026-07-09T07:02:32.621030,2026-07-09T07:02:32.625279+00:00,120.2,46,bid,Xuanyu Liu,AverageAlmonds,13238984
2026-07-09T07:02:32.781689,2026-07-09T07:02:32.792878+00:00,120.2,454,bid,YieldingYams,AverageAlmonds,13238990
2026-07-09T07:02:34.098931,2026-07-09T07:02:34.121053+00:00,120.1,200,ask,WavyWalnuts,YieldingYams,13239005
2026-07-09T07:02:34.116554,2026-07-09T07:02:34.121053+00:00,120.1,3,bid,Xuanyu Liu,YieldingYams,13239007
2026-07-09T07:02:34.908170,2026-07-09T07:02:34.917076+00:00,120.1,200,bid,WavyWalnuts,YieldingYams,13239017
2026-07-09T07:02:35.833079,2026-07-09T07:02:35.837966+00:00,120.1,3,ask,YieldingYams,Xuanyu Liu,13239038
2026-07-09T07:02:36.724690,2026-07-09T07:02:36.733615+00:00,120.1,200,ask,WavyWalnuts,YieldingYams,13239064
2026-07-09T07:02:38.062706,2026-07-09T07:02:38.074496+00:00,120.1,500,bid,YieldingYams,AverageAlmonds,13239086
2026-07-09T07:02:39.381926,2026-07-09T07:02:39.405560+00:00,120.0,200,ask,WavyWalnuts,YieldingYams,13239099
2026-07-09T07:02:39.400945,2026-07-09T07:02:39.405560+00:00,120.0,3,bid,Xuanyu Liu,YieldingYams,13239102
2026-07-09T07:02:43.405658,2026-07-09T07:02:43.415387+00:00,120.1,200,ask,YieldingYams,WavyWalnuts,13239176
2026-07-09T07:02:43.495434,2026-07-09T07:02:43.506190+00:00,120.1,425,ask,YieldingYams,AverageAlmonds,13239178
2026-07-09T07:02:44.662327,2026-07-09T07:02:44.670221+00:00,120.0,200,ask,WavyWalnuts,YieldingYams,13239203
2026-07-09T07:02:45.337420,2026-07-09T07:02:45.342758+00:00,119.8,3,ask,YieldingYams,Xuanyu Liu,13239210
2026-07-09T07:02:46.015039,2026-07-09T07:02:46.020625+00:00,120.0,23,ask,YieldingYams,Xuanyu Liu,13239229
2026-07-09T07:02:47.033365,2026-07-09T07:02:47.042464+00:00,120.0,200,ask,YieldingYams,WavyWalnuts,13239237
2026-07-09T07:02:47.939542,2026-07-09T07:02:47.948260+00:00,120.1,20,bid,BrilliantBurritos,AverageAlmonds,13239251
2026-07-09T07:02:51.112881,2026-07-09T07:02:51.129890+00:00,119.9,20,ask,YieldingYams,BrilliantBurritos,13239289
2026-07-09T07:02:51.908474,2026-07-09T07:02:51.913225+00:00,119.9,12,bid,Xuanyu Liu,WavyWalnuts,13239309
2026-07-09T07:02:52.646513,2026-07-09T07:02:52.650758+00:00,119.8,11,bid,Xuanyu Liu,YieldingYams,13239329
2026-07-09T07:02:56.723761,2026-07-09T07:02:56.731061+00:00,119.7,200,bid,WavyWalnuts,YieldingYams,13239395
2026-07-09T07:02:57.993563,2026-07-09T07:02:57.997958+00:00,119.6,23,ask,YieldingYams,Xuanyu Liu,13239417
2026-07-09T07:02:58.482664,2026-07-09T07:02:58.494603+00:00,119.7,20,bid,BrilliantBurritos,WavyWalnuts,13239428
2026-07-09T07:02:59.140077,2026-07-09T07:02:59.147276+00:00,119.6,20,ask,YieldingYams,BrilliantBurritos,13239447
2026-07-09T07:03:03.119749,2026-07-09T07:03:03.127605+00:00,119.8,500,bid,YieldingYams,AverageAlmonds,13239502
2026-07-09T07:03:04.103524,2026-07-09T07:03:04.111208+00:00,119.8,125,ask,YieldingYams,AverageAlmonds,13239522
2026-07-09T07:03:04.432734,2026-07-09T07:03:04.444311+00:00,119.7,200,ask,WavyWalnuts,YieldingYams,13239526
2026-07-09T07:03:05.747776,2026-07-09T07:03:05.759143+00:00,119.6,200,ask,WavyWalnuts,YieldingYams,13239554
2026-07-09T07:03:07.061713,2026-07-09T07:03:07.068703+00:00,119.5,200,ask,WavyWalnuts,YieldingYams,13239577
2026-07-09T07:03:07.618665,2026-07-09T07:03:07.627530+00:00,119.5,200,bid,WavyWalnuts,YieldingYams,13239582
2026-07-09T07:03:08.831877,2026-07-09T07:03:08.841395+00:00,119.5,200,ask,YieldingYams,WavyWalnuts,13239598
2026-07-09T07:03:10.043026,2026-07-09T07:03:10.053378+00:00,119.6,200,bid,WavyWalnuts,YieldingYams,13239625
2026-07-09T07:03:11.255009,2026-07-09T07:03:11.258569+00:00,119.7,200,bid,WavyWalnuts,YieldingYams,13239653
2026-07-09T07:03:12.479139,2026-07-09T07:03:12.488705+00:00,119.7,200,ask,YieldingYams,WavyWalnuts,13239680
2026-07-09T07:03:14.928890,2026-07-09T07:03:14.939086+00:00,119.8,200,ask,YieldingYams,WavyWalnuts,13239729
2026-07-09T07:03:15.151173,2026-07-09T07:03:15.158286+00:00,119.9,20,bid,BrilliantBurritos,AverageAlmonds,13239731
2026-07-09T07:03:15.952452,2026-07-09T07:03:15.965052+00:00,119.7,20,ask,YieldingYams,BrilliantBurritos,13239737
2026-07-09T07:03:17.022735,2026-07-09T07:03:17.027416+00:00,119.7,11,ask,YieldingYams,Xuanyu Liu,13239754
2026-07-09T07:03:18.571007,2026-07-09T07:03:18.575730+00:00,119.8,12,ask,WavyWalnuts,Xuanyu Liu,13239788
2026-07-09T07:03:20.974169,2026-07-09T07:03:20.981604+00:00,119.9,200,bid,WavyWalnuts,AverageAlmonds,13239825
2026-07-09T07:03:21.582628,2026-07-09T07:03:21.586876+00:00,119.8,12,bid,Xuanyu Liu,YieldingYams,13239835
2026-07-09T07:03:22.183267,2026-07-09T07:03:22.191279+00:00,119.8,200,bid,WavyWalnuts,YieldingYams,13239852
2026-07-09T07:03:23.046616,2026-07-09T07:03:23.056338+00:00,119.8,20,bid,BrilliantBurritos,YieldingYams,13239862
2026-07-09T07:03:27.048270,2026-07-09T07:03:27.052467+00:00,119.9,12,ask,WavyWalnuts,Xuanyu Liu,13239931
2026-07-09T07:03:28.716967,2026-07-09T07:03:28.725267+00:00,119.8,20,ask,YieldingYams,BrilliantBurritos,13239951
2026-07-09T07:03:29.620184,2026-07-09T07:03:29.625036+00:00,119.9,12,bid,Xuanyu Liu,YieldingYams,13239963
2026-07-09T07:03:32.076004,2026-07-09T07:03:32.085497+00:00,120.0,200,bid,YieldingYams,WavyWalnuts,13239994
2026-07-09T07:03:32.097999,2026-07-09T07:03:32.110019+00:00,120.1,20,bid,BrilliantBurritos,AverageAlmonds,13239995
2026-07-09T07:03:33.395369,2026-07-09T07:03:33.421568+00:00,120.0,200,ask,WavyWalnuts,YieldingYams,13240029
2026-07-09T07:03:33.416945,2026-07-09T07:03:33.421568+00:00,119.9,11,bid,Xuanyu Liu,YieldingYams,13240031
2026-07-09T07:03:35.514586,2026-07-09T07:03:35.524433+00:00,119.8,200,ask,YieldingYams,WavyWalnuts,13240071
2026-07-09T07:03:35.954944,2026-07-09T07:03:35.959345+00:00,120.0,12,bid,Xuanyu Liu,YieldingYams,13240079
2026-07-09T07:03:36.743592,2026-07-09T07:03:36.748754+00:00,119.9,11,bid,Xuanyu Liu,WavyWalnuts,13240089
2026-07-09T07:03:36.966564,2026-07-09T07:03:36.978442+00:00,119.9,20,bid,BrilliantBurritos,WavyWalnuts,13240091
2026-07-09T07:03:39.215081,2026-07-09T07:03:39.220397+00:00,119.8,11,ask,YieldingYams,Xuanyu Liu,13240128
2026-07-09T07:03:39.511428,2026-07-09T07:03:39.523131+00:00,119.9,20,bid,BrilliantBurritos,WavyWalnuts,13240131
2026-07-09T07:03:41.577276,2026-07-09T07:03:41.584241+00:00,119.9,200,bid,WavyWalnuts,YieldingYams,13240172
2026-07-09T07:03:42.350329,2026-07-09T07:03:42.357167+00:00,119.7,20,ask,YieldingYams,BrilliantBurritos,13240178
2026-07-09T07:03:44.002561,2026-07-09T07:03:44.011208+00:00,119.9,200,bid,WavyWalnuts,YieldingYams,13240222
2026-07-09T07:03:45.940569,2026-07-09T07:03:45.944914+00:00,120.0,11,bid,Xuanyu Liu,YieldingYams,13240248
2026-07-09T07:03:46.437456,2026-07-09T07:03:46.447875+00:00,120.0,200,bid,WavyWalnuts,YieldingYams,13240258
2026-07-09T07:03:47.847448,2026-07-09T07:03:47.854615+00:00,120.1,200,ask,WavyWalnuts,YieldingYams,13240285
2026-07-09T07:03:48.603044,2026-07-09T07:03:48.607961+00:00,120.1,3,bid,Xuanyu Liu,YieldingYams,13240295
2026-07-09T07:03:48.859552,2026-07-09T07:03:48.869494+00:00,120.1,200,bid,WavyWalnuts,YieldingYams,13240298
2026-07-09T07:03:50.486385,2026-07-09T07:03:50.496776+00:00,120.3,200,bid,YieldingYams,WavyWalnuts,13240337
2026-07-09T07:03:50.510097,2026-07-09T07:03:50.514321+00:00,120.3,3,ask,YieldingYams,Xuanyu Liu,13240340
2026-07-09T07:03:56.119198,2026-07-09T07:03:56.130132+00:00,120.2,200,ask,YieldingYams,WavyWalnuts,13240417
2026-07-09T07:03:57.327559,2026-07-09T07:03:57.335457+00:00,120.1,200,ask,YieldingYams,WavyWalnuts,13240430
2026-07-09T07:03:58.016207,2026-07-09T07:03:58.028172+00:00,120.4,20,bid,BrilliantBurritos,YieldingYams,13240438
2026-07-09T07:03:58.540248,2026-07-09T07:03:58.550887+00:00,120.1,200,ask,YieldingYams,WavyWalnuts,13240446
2026-07-09T07:03:59.506799,2026-07-09T07:03:59.514574+00:00,120.3,20,bid,BrilliantBurritos,YieldingYams,13240460
2026-07-09T07:04:00.957036,2026-07-09T07:04:00.964279+00:00,120.2,200,bid,WavyWalnuts,YieldingYams,13240480
2026-07-09T07:04:02.054283,2026-07-09T07:04:02.058610+00:00,120.1,20,ask,AverageAlmonds,BrilliantBurritos,13240500
2026-07-09T07:04:02.167622,2026-07-09T07:04:02.174744+00:00,120.2,200,bid,WavyWalnuts,YieldingYams,13240503
2026-07-09T07:04:03.682391,2026-07-09T07:04:03.690684+00:00,120.2,200,ask,WavyWalnuts,YieldingYams,13240526
2026-07-09T07:04:08.224880,2026-07-09T07:04:08.234071+00:00,120.1,200,ask,AverageAlmonds,WavyWalnuts,13240590
2026-07-09T07:04:08.268932,2026-07-09T07:04:08.279776+00:00,120.2,500,bid,AverageAlmonds,YieldingYams,13240593
2026-07-09T07:04:09.441225,2026-07-09T07:04:09.448615+00:00,120.2,200,ask,YieldingYams,WavyWalnuts,13240612
2026-07-09T07:04:09.870157,2026-07-09T07:04:09.882878+00:00,120.2,20,ask,YieldingYams,BrilliantBurritos,13240618
2026-07-09T07:04:10.252672,2026-07-09T07:04:10.257262+00:00,120.2,500,ask,AverageAlmonds,YieldingYams,13240624
2026-07-09T07:04:10.700553,2026-07-09T07:04:10.711891+00:00,120.2,125,bid,AverageAlmonds,YieldingYams,13240635
2026-07-09T07:04:11.862492,2026-07-09T07:04:11.873161+00:00,120.2,200,ask,AverageAlmonds,WavyWalnuts,13240655
2026-07-09T07:04:12.515269,2026-07-09T07:04:12.523370+00:00,120.3,500,bid,AverageAlmonds,YieldingYams,13240660
2026-07-09T07:04:13.080095,2026-07-09T07:04:13.090738+00:00,120.3,200,ask,YieldingYams,WavyWalnuts,13240670
2026-07-09T07:04:13.878210,2026-07-09T07:04:13.890675+00:00,120.5,20,bid,BrilliantBurritos,YieldingYams,13240676
2026-07-09T07:04:14.294120,2026-07-09T07:04:14.305001+00:00,120.3,200,ask,AverageAlmonds,WavyWalnuts,13240680
2026-07-09T07:04:15.534338,2026-07-09T07:04:15.563346+00:00,120.3,500,bid,AverageAlmonds,YieldingYams,13240700
2026-07-09T07:04:15.558393,2026-07-09T07:04:15.563346+00:00,120.3,3,bid,Xuanyu Liu,YieldingYams,13240701
2026-07-09T07:04:16.119532,2026-07-09T07:04:16.127204+00:00,120.3,122,bid,AverageAlmonds,YieldingYams,13240706
2026-07-09T07:04:16.119532,2026-07-09T07:04:16.132241+00:00,120.3,200,bid,AverageAlmonds,WavyWalnuts,13240707
2026-07-09T07:04:17.949142,2026-07-09T07:04:17.955707+00:00,120.3,200,ask,AverageAlmonds,WavyWalnuts,13240729
2026-07-09T07:04:20.750168,2026-07-09T07:04:20.757171+00:00,120.3,200,bid,YieldingYams,WavyWalnuts,13240772
2026-07-09T07:04:21.372385,2026-07-09T07:04:21.380226+00:00,120.3,20,ask,YieldingYams,BrilliantBurritos,13240780
2026-07-09T07:04:23.380181,2026-07-09T07:04:23.389482+00:00,120.2,500,ask,AverageAlmonds,YieldingYams,13240810
2026-07-09T07:04:23.380181,2026-07-09T07:04:23.389482+00:00,120.2,125,ask,WavyWalnuts,YieldingYams,13240811
2026-07-09T07:04:25.114290,2026-07-09T07:04:25.126643+00:00,120.4,20,bid,BrilliantBurritos,WavyWalnuts,13240849
2026-07-09T07:04:26.480525,2026-07-09T07:04:26.489171+00:00,120.3,200,ask,YieldingYams,WavyWalnuts,13240865
2026-07-09T07:04:28.880282,2026-07-09T07:04:28.891218+00:00,120.3,200,bid,AverageAlmonds,WavyWalnuts,13240904
2026-07-09T07:04:29.793314,2026-07-09T07:04:29.797703+00:00,120.4,3,bid,Xuanyu Liu,YieldingYams,13240921
2026-07-09T07:04:29.803230,2026-07-09T07:04:29.813458+00:00,120.4,20,bid,Heero Sipayung,YieldingYams,13240923
2026-07-09T07:04:29.843231,2026-07-09T07:04:29.855296+00:00,120.4,20,bid,Heero Sipayung,YieldingYams,13240925
2026-07-09T07:04:29.883732,2026-07-09T07:04:29.893552+00:00,120.4,20,bid,Heero Sipayung,YieldingYams,13240927
2026-07-09T07:04:29.906375,2026-07-09T07:04:29.914668+00:00,120.4,20,bid,Heero Sipayung,YieldingYams,13240929
2026-07-09T07:04:29.945212,2026-07-09T07:04:29.958587+00:00,120.4,20,bid,Heero Sipayung,YieldingYams,13240931
2026-07-09T07:04:29.968959,2026-07-09T07:04:29.979720+00:00,120.4,20,bid,Heero Sipayung,YieldingYams,13240933
2026-07-09T07:04:29.990813,2026-07-09T07:04:30.001225+00:00,120.4,20,bid,Heero Sipayung,YieldingYams,13240935
2026-07-09T07:04:30.013881,2026-07-09T07:04:30.023964+00:00,120.4,20,bid,Heero Sipayung,YieldingYams,13240937
2026-07-09T07:04:30.057774,2026-07-09T07:04:30.065815+00:00,120.3,13,ask,WavyWalnuts,Heero Sipayung,13240940
2026-07-09T07:04:34.727669,2026-07-09T07:04:34.739629+00:00,120.4,20,bid,BrilliantBurritos,YieldingYams,13241010
2026-07-09T07:04:34.977654,2026-07-09T07:04:34.988782+00:00,120.4,200,bid,WavyWalnuts,YieldingYams,13241015
2026-07-09T07:04:35.935237,2026-07-09T07:04:35.947012+00:00,120.4,20,bid,BrilliantBurritos,YieldingYams,13241032
2026-07-09T07:04:36.742882,2026-07-09T07:04:36.754763+00:00,120.4,200,bid,AverageAlmonds,WavyWalnuts,13241051
2026-07-09T07:04:36.766464,2026-07-09T07:04:36.775411+00:00,120.5,20,bid,BrilliantBurritos,YieldingYams,13241052
2026-07-09T07:04:37.796425,2026-07-09T07:04:37.807793+00:00,120.4,500,ask,AverageAlmonds,YieldingYams,13241060
2026-07-09T07:04:37.796425,2026-07-09T07:04:37.807793+00:00,120.4,125,ask,WavyWalnuts,YieldingYams,13241061
2026-07-09T07:04:38.007483,2026-07-09T07:04:38.012570+00:00,120.5,3,ask,AverageAlmonds,Xuanyu Liu,13241069
2026-07-09T07:04:38.612082,2026-07-09T07:04:38.622055+00:00,120.5,200,ask,AverageAlmonds,WavyWalnuts,13241077
2026-07-09T07:04:39.108011,2026-07-09T07:04:39.115135+00:00,120.5,300,ask,AverageAlmonds,YieldingYams,13241085
2026-07-09T07:04:39.146745,2026-07-09T07:04:39.158495+00:00,120.5,325,bid,AverageAlmonds,YieldingYams,13241086
2026-07-09T07:04:39.835370,2026-07-09T07:04:39.840414+00:00,120.7,3,bid,Xuanyu Liu,WavyWalnuts,13241094
2026-07-09T07:04:39.869622,2026-07-09T07:04:39.880079+00:00,120.7,20,bid,Heero Sipayung,WavyWalnuts,13241096
2026-07-09T07:04:39.894223,2026-07-09T07:04:39.904937+00:00,120.7,20,bid,Heero Sipayung,WavyWalnuts,13241098
2026-07-09T07:04:39.918304,2026-07-09T07:04:39.929263+00:00,120.7,13,bid,Heero Sipayung,WavyWalnuts,13241100
2026-07-09T07:04:40.603810,2026-07-09T07:04:40.612031+00:00,120.7,20,bid,BrilliantBurritos,WavyWalnuts,13241107
2026-07-09T07:04:42.304456,2026-07-09T07:04:42.311633+00:00,120.9,20,bid,BrilliantBurritos,YieldingYams,13241135
2026-07-09T07:04:43.453097,2026-07-09T07:04:43.451172+00:00,120.8,200,bid,WavyWalnuts,YieldingYams,13241153
2026-07-09T07:04:44.664465,2026-07-09T07:04:44.673858+00:00,120.8,200,bid,WavyWalnuts,YieldingYams,13241171
2026-07-09T07:04:45.675583,2026-07-09T07:04:45.679672+00:00,120.6,3,ask,YieldingYams,Xuanyu Liu,13241184
2026-07-09T07:04:45.682787,2026-07-09T07:04:45.695297+00:00,120.6,20,ask,YieldingYams,Heero Sipayung,13241185
2026-07-09T07:04:45.703818,2026-07-09T07:04:45.715872+00:00,120.6,20,ask,YieldingYams,Heero Sipayung,13241187
2026-07-09T07:04:45.756657,2026-07-09T07:04:45.773772+00:00,120.6,20,ask,YieldingYams,Heero Sipayung,13241190
2026-07-09T07:04:45.785260,2026-07-09T07:04:45.794651+00:00,120.8,13,bid,Heero Sipayung,YieldingYams,13241192
2026-07-09T07:04:45.876292,2026-07-09T07:04:45.884436+00:00,120.8,200,bid,WavyWalnuts,YieldingYams,13241199
2026-07-09T07:04:46.054806,2026-07-09T07:04:46.057508+00:00,120.8,20,bid,BrilliantBurritos,YieldingYams,13241202
2026-07-09T07:04:47.003470,2026-07-09T07:04:47.015798+00:00,120.8,20,ask,YieldingYams,Heero Sipayung,13241219
2026-07-09T07:04:47.081369,2026-07-09T07:04:47.090149+00:00,120.8,20,ask,YieldingYams,Heero Sipayung,13241222
2026-07-09T07:04:47.167704,2026-07-09T07:04:47.174905+00:00,120.8,20,ask,YieldingYams,Heero Sipayung,13241228
2026-07-09T07:04:47.207221,2026-07-09T07:04:47.219092+00:00,120.8,20,ask,YieldingYams,Heero Sipayung,13241233
2026-07-09T07:04:47.263695,2026-07-09T07:04:47.275471+00:00,120.8,20,ask,YieldingYams,Heero Sipayung,13241235
2026-07-09T07:04:47.925118,2026-07-09T07:04:47.932204+00:00,120.8,20,ask,YieldingYams,BrilliantBurritos,13241241
2026-07-09T07:04:48.316545,2026-07-09T07:04:48.327766+00:00,120.9,200,ask,WavyWalnuts,YieldingYams,13241252
2026-07-09T07:04:50.935404,2026-07-09T07:04:50.946399+00:00,120.8,200,ask,WavyWalnuts,YieldingYams,13241291
2026-07-09T07:04:51.935208,2026-07-09T07:04:51.944269+00:00,120.7,200,bid,WavyWalnuts,AverageAlmonds,13241303
2026-07-09T07:04:53.145163,2026-07-09T07:04:53.158545+00:00,120.6,200,bid,WavyWalnuts,YieldingYams,13241326
2026-07-09T07:04:54.357542,2026-07-09T07:04:54.374172+00:00,120.7,200,bid,WavyWalnuts,YieldingYams,13241347
2026-07-09T07:04:56.187617,2026-07-09T07:04:56.196752+00:00,120.6,200,bid,YieldingYams,WavyWalnuts,13241384
2026-07-09T07:04:56.187617,2026-07-09T07:04:56.196752+00:00,120.7,425,bid,YieldingYams,AverageAlmonds,13241385
2026-07-09T07:04:57.337042,2026-07-09T07:04:57.347554+00:00,120.6,200,ask,WavyWalnuts,AverageAlmonds,13241400
2026-07-09T07:04:58.787702,2026-07-09T07:04:58.792950+00:00,120.5,3,bid,Xuanyu Liu,WavyWalnuts,13241426
2026-07-09T07:04:58.817126,2026-07-09T07:04:58.829492+00:00,120.5,197,bid,YieldingYams,WavyWalnuts,13241431
2026-07-09T07:04:58.870796,2026-07-09T07:04:58.883093+00:00,120.6,20,bid,Heero Sipayung,AverageAlmonds,13241432
2026-07-09T07:04:59.203111,2026-07-09T07:04:59.213941+00:00,120.6,200,bid,WavyWalnuts,AverageAlmonds,13241444
2026-07-09T07:05:01.631185,2026-07-09T07:05:01.639471+00:00,120.7,200,bid,WavyWalnuts,YieldingYams,13241486
2026-07-09T07:05:02.848912,2026-07-09T07:05:02.858607+00:00,120.7,200,bid,WavyWalnuts,YieldingYams,13241500
2026-07-09T07:05:04.066603,2026-07-09T07:05:04.074193+00:00,120.6,200,bid,WavyWalnuts,AverageAlmonds,13241518
2026-07-09T07:05:05.277359,2026-07-09T07:05:05.286543+00:00,120.6,200,bid,WavyWalnuts,AverageAlmonds,13241529
2026-07-09T07:05:06.439795,2026-07-09T07:05:06.447866+00:00,120.5,500,ask,YieldingYams,AverageAlmonds,13241557
2026-07-09T07:05:08.048989,2026-07-09T07:05:08.063695+00:00,120.4,20,bid,Heero Sipayung,YieldingYams,13241588
2026-07-09T07:05:08.071400,2026-07-09T07:05:08.082309+00:00,120.4,20,bid,Heero Sipayung,YieldingYams,13241590
2026-07-09T07:05:08.093786,2026-07-09T07:05:08.104258+00:00,120.4,20,bid,Heero Sipayung,YieldingYams,13241592
2026-07-09T07:05:08.127604,2026-07-09T07:05:08.137216+00:00,120.4,20,bid,Heero Sipayung,YieldingYams,13241594
2026-07-09T07:05:08.168979,2026-07-09T07:05:08.176494+00:00,120.4,20,bid,Heero Sipayung,YieldingYams,13241596
2026-07-09T07:05:08.214114,2026-07-09T07:05:08.225943+00:00,120.4,20,bid,Heero Sipayung,YieldingYams,13241598
2026-07-09T07:05:08.278316,2026-07-09T07:05:08.285220+00:00,120.4,7,bid,Heero Sipayung,YieldingYams,13241600
2026-07-09T07:05:08.494752,2026-07-09T07:05:08.506781+00:00,120.3,20,ask,WavyWalnuts,BrilliantBurritos,13241603
2026-07-09T07:05:09.943319,2026-07-09T07:05:09.958571+00:00,120.4,20,ask,YieldingYams,BrilliantBurritos,13241625
2026-07-09T07:05:11.030697,2026-07-09T07:05:11.036374+00:00,120.3,3,ask,WavyWalnuts,Xuanyu Liu,13241641
2026-07-09T07:05:12.842644,2026-07-09T07:05:12.858600+00:00,120.3,20,ask,WavyWalnuts,BrilliantBurritos,13241664
2026-07-09T07:05:13.296386,2026-07-09T07:05:13.307281+00:00,120.3,180,ask,WavyWalnuts,YieldingYams,13241668
2026-07-09T07:05:17.377692,2026-07-09T07:05:17.382480+00:00,120.5,14,bid,Xuanyu Liu,WavyWalnuts,13241739
2026-07-09T07:05:18.620654,2026-07-09T07:05:18.625081+00:00,120.4,12,bid,Xuanyu Liu,WavyWalnuts,13241767
2026-07-09T07:05:21.203367,2026-07-09T07:05:21.207421+00:00,120.4,23,ask,YieldingYams,Xuanyu Liu,13241803
2026-07-09T07:05:25.129552,2026-07-09T07:05:25.140786+00:00,120.4,200,ask,WavyWalnuts,YieldingYams,13241853
2026-07-09T07:05:27.243180,2026-07-09T07:05:27.255077+00:00,120.4,20,bid,BrilliantBurritos,WavyWalnuts,13241881
2026-07-09T07:05:27.784443,2026-07-09T07:05:27.795986+00:00,120.4,180,bid,YieldingYams,WavyWalnuts,13241889
2026-07-09T07:05:28.226392,2026-07-09T07:05:28.239391+00:00,120.4,20,ask,YieldingYams,BrilliantBurritos,13241896
2026-07-09T07:05:28.515371,2026-07-09T07:05:28.527261+00:00,120.5,20,bid,BrilliantBurritos,AverageAlmonds,13241900
2026-07-09T07:05:30.408946,2026-07-09T07:05:30.418341+00:00,120.5,200,bid,YieldingYams,WavyWalnuts,13241938
2026-07-09T07:05:30.724354,2026-07-09T07:05:30.733586+00:00,120.5,200,ask,YieldingYams,WavyWalnuts,13241950
2026-07-09T07:05:31.933993,2026-07-09T07:05:31.945411+00:00,120.4,200,ask,YieldingYams,WavyWalnuts,13241968
2026-07-09T07:05:32.095718,2026-07-09T07:05:32.107516+00:00,120.6,20,bid,BrilliantBurritos,YieldingYams,13241970
2026-07-09T07:05:33.117331,2026-07-09T07:05:33.122262+00:00,120.3,11,bid,Xuanyu Liu,YieldingYams,13241984
2026-07-09T07:05:34.364172,2026-07-09T07:05:34.374579+00:00,120.2,200,ask,WavyWalnuts,YieldingYams,13242003
2026-07-09T07:05:35.516534,2026-07-09T07:05:35.525653+00:00,120.1,425,bid,AverageAlmonds,YieldingYams,13242032
2026-07-09T07:05:35.689446,2026-07-09T07:05:35.694714+00:00,120.4,11,ask,YieldingYams,Xuanyu Liu,13242041
2026-07-09T07:05:36.778647,2026-07-09T07:05:36.795176+00:00,120.4,200,ask,YieldingYams,WavyWalnuts,13242054
2026-07-09T07:05:37.007283,2026-07-09T07:05:37.011712+00:00,120.5,3,ask,YieldingYams,Xuanyu Liu,13242065
2026-07-09T07:05:38.306232,2026-07-09T07:05:38.315606+00:00,120.6,200,bid,YieldingYams,WavyWalnuts,13242085
2026-07-09T07:05:38.306232,2026-07-09T07:05:38.315606+00:00,120.7,425,bid,YieldingYams,AverageAlmonds,13242086
2026-07-09T07:05:42.722198,2026-07-09T07:05:42.734262+00:00,120.4,20,ask,WavyWalnuts,Heero Sipayung,13242152
2026-07-09T07:05:42.758917,2026-07-09T07:05:42.771005+00:00,120.4,20,ask,WavyWalnuts,Heero Sipayung,13242154
2026-07-09T07:05:44.041373,2026-07-09T07:05:44.058592+00:00,120.4,200,bid,WavyWalnuts,YieldingYams,13242175
2026-07-09T07:05:44.958863,2026-07-09T07:05:44.970941+00:00,120.4,20,ask,YieldingYams,Heero Sipayung,13242190
2026-07-09T07:05:44.996273,2026-07-09T07:05:45.004533+00:00,120.4,20,ask,YieldingYams,Heero Sipayung,13242192
2026-07-09T07:05:45.018373,2026-07-09T07:05:45.030309+00:00,120.4,20,ask,YieldingYams,Heero Sipayung,13242194
2026-07-09T07:05:45.073234,2026-07-09T07:05:45.085085+00:00,120.4,20,ask,YieldingYams,Heero Sipayung,13242199
2026-07-09T07:05:48.897043,2026-07-09T07:05:48.907200+00:00,120.5,200,bid,WavyWalnuts,YieldingYams,13242264
2026-07-09T07:05:49.055173,2026-07-09T07:05:49.067123+00:00,120.3,20,ask,AverageAlmonds,Heero Sipayung,13242270
2026-07-09T07:05:49.095655,2026-07-09T07:05:49.103506+00:00,120.3,20,ask,AverageAlmonds,Heero Sipayung,13242273
2026-07-09T07:05:49.117772,2026-07-09T07:05:49.129591+00:00,120.3,20,ask,AverageAlmonds,Heero Sipayung,13242275
2026-07-09T07:05:49.140812,2026-07-09T07:05:49.158604+00:00,120.3,20,ask,AverageAlmonds,Heero Sipayung,13242277
2026-07-09T07:05:50.202164,2026-07-09T07:05:50.206587+00:00,120.5,3,ask,YieldingYams,Xuanyu Liu,13242289
2026-07-09T07:05:51.324081,2026-07-09T07:05:51.334131+00:00,120.5,200,ask,YieldingYams,WavyWalnuts,13242308
2026-07-09T07:05:52.825416,2026-07-09T07:05:52.829427+00:00,120.5,3,bid,Xuanyu Liu,YieldingYams,13242331
2026-07-09T07:05:54.952465,2026-07-09T07:05:54.964102+00:00,120.6,200,bid,WavyWalnuts,YieldingYams,13242363
2026-07-09T07:05:58.078228,2026-07-09T07:05:58.086807+00:00,120.6,200,ask,WavyWalnuts,YieldingYams,13242414
2026-07-09T07:05:58.482969,2026-07-09T07:05:58.487297+00:00,120.6,3,bid,Xuanyu Liu,YieldingYams,13242425
2026-07-09T07:05:58.486392,2026-07-09T07:05:58.507961+00:00,120.6,20,bid,Heero Sipayung,YieldingYams,13242426
2026-07-09T07:05:58.559044,2026-07-09T07:05:58.569504+00:00,120.6,20,bid,Heero Sipayung,YieldingYams,13242428
2026-07-09T07:05:58.592027,2026-07-09T07:05:58.602641+00:00,120.6,20,bid,Heero Sipayung,YieldingYams,13242431
2026-07-09T07:05:58.615675,2026-07-09T07:05:58.625989+00:00,120.6,20,bid,Heero Sipayung,YieldingYams,13242433
2026-07-09T07:05:58.649707,2026-07-09T07:05:58.646923+00:00,120.6,20,bid,Heero Sipayung,YieldingYams,13242436
2026-07-09T07:05:58.673754,2026-07-09T07:05:58.684498+00:00,120.6,20,bid,Heero Sipayung,YieldingYams,13242438
2026-07-09T07:05:58.697822,2026-07-09T07:05:58.706659+00:00,120.6,20,bid,Heero Sipayung,YieldingYams,13242440
2026-07-09T07:05:58.728940,2026-07-09T07:05:58.739698+00:00,120.6,20,bid,Heero Sipayung,YieldingYams,13242442
2026-07-09T07:05:59.798611,2026-07-09T07:05:59.809841+00:00,120.5,200,ask,YieldingYams,WavyWalnuts,13242454
2026-07-09T07:06:02.975518,2026-07-09T07:06:02.984379+00:00,120.7,20,bid,BrilliantBurritos,YieldingYams,13242510
2026-07-09T07:06:04.859005,2026-07-09T07:06:04.868936+00:00,120.7,20,bid,Heero Sipayung,YieldingYams,13242546
2026-07-09T07:06:04.889073,2026-07-09T07:06:04.896095+00:00,120.7,20,bid,Heero Sipayung,YieldingYams,13242548
2026-07-09T07:06:05.993456,2026-07-09T07:06:05.997508+00:00,120.6,11,bid,Xuanyu Liu,YieldingYams,13242561
2026-07-09T07:06:06.716718,2026-07-09T07:06:06.728749+00:00,120.6,20,bid,BrilliantBurritos,YieldingYams,13242577
2026-07-09T07:06:07.067632,2026-07-09T07:06:07.074927+00:00,120.6,200,bid,WavyWalnuts,YieldingYams,13242583
2026-07-09T07:06:08.613689,2026-07-09T07:06:08.617819+00:00,120.7,11,ask,YieldingYams,Xuanyu Liu,13242608
2026-07-09T07:06:09.493783,2026-07-09T07:06:09.501666+00:00,120.7,200,ask,YieldingYams,WavyWalnuts,13242620
2026-07-09T07:06:13.120349,2026-07-09T07:06:13.128532+00:00,120.8,200,bid,WavyWalnuts,YieldingYams,13242687
2026-07-09T07:06:15.198167,2026-07-09T07:06:15.205601+00:00,120.9,200,bid,YieldingYams,WavyWalnuts,13242716
2026-07-09T07:06:15.198167,2026-07-09T07:06:15.210824+00:00,121.0,425,bid,YieldingYams,AverageAlmonds,13242717
2026-07-09T07:06:15.788828,2026-07-09T07:06:15.800911+00:00,120.7,20,ask,WavyWalnuts,BrilliantBurritos,13242729
2026-07-09T07:06:16.690710,2026-07-09T07:06:16.702600+00:00,120.8,500,ask,YieldingYams,AverageAlmonds,13242744
2026-07-09T07:06:17.826651,2026-07-09T07:06:17.836717+00:00,120.8,200,ask,WavyWalnuts,YieldingYams,13242766
2026-07-09T07:06:17.960951,2026-07-09T07:06:17.969100+00:00,120.6,200,bid,WavyWalnuts,YieldingYams,13242770
2026-07-09T07:06:20.383933,2026-07-09T07:06:20.393814+00:00,120.7,200,ask,YieldingYams,WavyWalnuts,13242801
2026-07-09T07:06:24.033321,2026-07-09T07:06:24.040835+00:00,120.6,200,ask,YieldingYams,WavyWalnuts,13242863
2026-07-09T07:06:24.433172,2026-07-09T07:06:24.437265+00:00,120.6,11,bid,Xuanyu Liu,YieldingYams,13242877
2026-07-09T07:06:25.732143,2026-07-09T07:06:25.739502+00:00,120.5,500,ask,AverageAlmonds,YieldingYams,13242893
2026-07-09T07:06:25.732143,2026-07-09T07:06:25.744749+00:00,120.5,125,ask,WavyWalnuts,YieldingYams,13242894
2026-07-09T07:06:32.303739,2026-07-09T07:06:32.308013+00:00,120.7,11,ask,YieldingYams,Xuanyu Liu,13242995
2026-07-09T07:06:32.530831,2026-07-09T07:06:32.541703+00:00,120.7,200,ask,YieldingYams,WavyWalnuts,13242998
2026-07-09T07:06:34.116445,2026-07-09T07:06:34.126394+00:00,120.8,20,bid,BrilliantBurritos,YieldingYams,13243011
2026-07-09T07:06:36.080340,2026-07-09T07:06:36.090700+00:00,120.7,500,ask,YieldingYams,AverageAlmonds,13243041
2026-07-09T07:06:36.672722,2026-07-09T07:06:36.680026+00:00,120.6,200,ask,WavyWalnuts,AverageAlmonds,13243052
2026-07-09T07:06:38.486241,2026-07-09T07:06:38.495166+00:00,120.5,200,ask,WavyWalnuts,YieldingYams,13243085
2026-07-09T07:06:38.486241,2026-07-09T07:06:38.495166+00:00,120.5,300,ask,YieldingYams,AverageAlmonds,13243086
2026-07-09T07:06:38.853948,2026-07-09T07:06:38.868944+00:00,120.5,200,ask,WavyWalnuts,AverageAlmonds,13243090
2026-07-09T07:06:39.783067,2026-07-09T07:06:39.794963+00:00,120.5,200,bid,WavyWalnuts,YieldingYams,13243107
2026-07-09T07:06:40.162063,2026-07-09T07:06:40.170412+00:00,120.5,500,bid,YieldingYams,AverageAlmonds,13243111
2026-07-09T07:06:40.287910,2026-07-09T07:06:40.296961+00:00,120.6,125,ask,YieldingYams,AverageAlmonds,13243115
2026-07-09T07:06:42.135092,2026-07-09T07:06:42.146326+00:00,120.4,200,ask,WavyWalnuts,AverageAlmonds,13243139
2026-07-09T07:06:42.201631,2026-07-09T07:06:42.210256+00:00,120.4,200,bid,WavyWalnuts,AverageAlmonds,13243141
2026-07-09T07:06:43.419545,2026-07-09T07:06:43.428590+00:00,120.4,200,bid,WavyWalnuts,AverageAlmonds,13243158
2026-07-09T07:06:44.629945,2026-07-09T07:06:44.637943+00:00,120.4,200,bid,WavyWalnuts,AverageAlmonds,13243176
2026-07-09T07:06:45.044481,2026-07-09T07:06:45.055336+00:00,120.3,20,ask,YieldingYams,BrilliantBurritos,13243188
2026-07-09T07:06:46.353051,2026-07-09T07:06:46.358581+00:00,120.3,500,ask,YieldingYams,AverageAlmonds,13243200
2026-07-09T07:06:46.741367,2026-07-09T07:06:46.749321+00:00,120.3,200,ask,WavyWalnuts,YieldingYams,13243208
2026-07-09T07:06:46.963223,2026-07-09T07:06:46.976433+00:00,120.0,20,ask,YieldingYams,BrilliantBurritos,13243212
2026-07-09T07:06:48.257072,2026-07-09T07:06:48.263829+00:00,120.1,200,ask,YieldingYams,WavyWalnuts,13243238
2026-07-09T07:06:49.468429,2026-07-09T07:06:49.475382+00:00,120.2,200,ask,YieldingYams,WavyWalnuts,13243254
2026-07-09T07:06:49.706333,2026-07-09T07:06:49.710586+00:00,120.2,3,ask,YieldingYams,Xuanyu Liu,13243260
2026-07-09T07:06:51.891507,2026-07-09T07:06:51.902801+00:00,120.2,200,ask,YieldingYams,WavyWalnuts,13243292
2026-07-09T07:06:53.143260,2026-07-09T07:06:53.158662+00:00,120.2,20,ask,WavyWalnuts,Heero Sipayung,13243317
2026-07-09T07:06:53.181367,2026-07-09T07:06:53.189919+00:00,120.2,20,ask,WavyWalnuts,Heero Sipayung,13243319
2026-07-09T07:06:53.214785,2026-07-09T07:06:53.226667+00:00,120.2,20,ask,WavyWalnuts,Heero Sipayung,13243321
2026-07-09T07:06:53.269703,2026-07-09T07:06:53.281705+00:00,120.2,20,ask,WavyWalnuts,Heero Sipayung,13243323
2026-07-09T07:06:53.296091,2026-07-09T07:06:53.307783+00:00,120.2,20,ask,WavyWalnuts,Heero Sipayung,13243329
2026-07-09T07:06:53.304872,2026-07-09T07:06:53.312992+00:00,120.2,100,ask,WavyWalnuts,YieldingYams,13243330
2026-07-09T07:06:55.804875,2026-07-09T07:06:55.814767+00:00,120.0,20,ask,YieldingYams,BrilliantBurritos,13243364
2026-07-09T07:07:01.212762,2026-07-09T07:07:01.224472+00:00,120.1,200,bid,YieldingYams,WavyWalnuts,13243443
2026-07-09T07:07:01.277187,2026-07-09T07:07:01.284689+00:00,120.1,20,ask,YieldingYams,Heero Sipayung,13243444
2026-07-09T07:07:01.309857,2026-07-09T07:07:01.317809+00:00,120.1,20,ask,YieldingYams,Heero Sipayung,13243446
2026-07-09T07:07:01.361528,2026-07-09T07:07:01.373613+00:00,120.1,20,ask,YieldingYams,Heero Sipayung,13243448
2026-07-09T07:07:01.571768,2026-07-09T07:07:01.579084+00:00,120.1,200,ask,YieldingYams,WavyWalnuts,13243456
2026-07-09T07:07:07.784279,2026-07-09T07:07:07.795280+00:00,120.0,200,bid,YieldingYams,WavyWalnuts,13243535
2026-07-09T07:07:14.389106,2026-07-09T07:07:14.400698+00:00,119.9,200,ask,WavyWalnuts,YieldingYams,13243629
2026-07-09T07:07:14.389106,2026-07-09T07:07:14.400698+00:00,119.9,425,ask,AverageAlmonds,YieldingYams,13243630
2026-07-09T07:07:19.284511,2026-07-09T07:07:19.296554+00:00,120.0,20,bid,BrilliantBurritos,YieldingYams,13243705
2026-07-09T07:07:20.865376,2026-07-09T07:07:20.877861+00:00,119.8,20,ask,WavyWalnuts,Heero Sipayung,13243735
2026-07-09T07:07:20.960766,2026-07-09T07:07:20.969207+00:00,119.9,200,bid,WavyWalnuts,YieldingYams,13243740
2026-07-09T07:07:21.066417,2026-07-09T07:07:21.073423+00:00,119.8,20,ask,YieldingYams,Heero Sipayung,13243742
2026-07-09T07:07:22.178258,2026-07-09T07:07:22.188699+00:00,119.8,200,ask,YieldingYams,WavyWalnuts,13243769
2026-07-09T07:07:23.650933,2026-07-09T07:07:23.654292+00:00,119.9,200,bid,YieldingYams,WavyWalnuts,13243791
2026-07-09T07:07:23.665946,2026-07-09T07:07:23.670255+00:00,120.0,3,ask,YieldingYams,Xuanyu Liu,13243793
2026-07-09T07:07:24.592834,2026-07-09T07:07:24.600953+00:00,120.0,200,ask,YieldingYams,WavyWalnuts,13243806
2026-07-09T07:07:24.981549,2026-07-09T07:07:24.986719+00:00,119.9,3,bid,Xuanyu Liu,YieldingYams,13243811
2026-07-09T07:07:27.145249,2026-07-09T07:07:27.150059+00:00,119.7,3,ask,YieldingYams,Xuanyu Liu,13243840
2026-07-09T07:07:27.979688,2026-07-09T07:07:27.990499+00:00,119.9,20,bid,BrilliantBurritos,WavyWalnuts,13243866
2026-07-09T07:07:28.891227,2026-07-09T07:07:28.910507+00:00,119.8,200,bid,YieldingYams,WavyWalnuts,13243880
2026-07-09T07:07:28.906402,2026-07-09T07:07:28.910507+00:00,119.8,11,ask,YieldingYams,Xuanyu Liu,13243882
2026-07-09T07:07:30.249920,2026-07-09T07:07:30.254343+00:00,119.8,14,bid,Xuanyu Liu,YieldingYams,13243906
2026-07-09T07:07:30.651031,2026-07-09T07:07:30.663783+00:00,119.8,200,bid,WavyWalnuts,YieldingYams,13243913
2026-07-09T07:07:31.528562,2026-07-09T07:07:31.533061+00:00,119.9,5,ask,YieldingYams,Xuanyu Liu,13243927
2026-07-09T07:07:31.866202,2026-07-09T07:07:31.878006+00:00,119.9,200,ask,YieldingYams,WavyWalnuts,13243939
2026-07-09T07:07:33.073395,2026-07-09T07:07:33.083197+00:00,119.9,200,bid,WavyWalnuts,YieldingYams,13243951
2026-07-09T07:07:33.450271,2026-07-09T07:07:33.458499+00:00,119.9,20,bid,BrilliantBurritos,YieldingYams,13243955
2026-07-09T07:07:33.593670,2026-07-09T07:07:33.604016+00:00,119.9,405,bid,AverageAlmonds,YieldingYams,13243956
2026-07-09T07:07:34.294598,2026-07-09T07:07:34.305932+00:00,120.0,200,ask,YieldingYams,WavyWalnuts,13243978
2026-07-09T07:07:36.575483,2026-07-09T07:07:36.579803+00:00,120.0,2,bid,Xuanyu Liu,YieldingYams,13244019
2026-07-09T07:07:36.711552,2026-07-09T07:07:36.721007+00:00,120.0,200,bid,WavyWalnuts,YieldingYams,13244020
2026-07-09T07:07:38.069952,2026-07-09T07:07:38.090380+00:00,120.0,200,ask,WavyWalnuts,YieldingYams,13244046
2026-07-09T07:07:38.086232,2026-07-09T07:07:38.090380+00:00,119.9,3,bid,Xuanyu Liu,YieldingYams,13244048
2026-07-09T07:07:39.047429,2026-07-09T07:07:39.053965+00:00,119.9,422,bid,AverageAlmonds,YieldingYams,13244067
2026-07-09T07:07:39.376781,2026-07-09T07:07:39.386982+00:00,120.1,200,bid,YieldingYams,WavyWalnuts,13244073
2026-07-09T07:07:41.197336,2026-07-09T07:07:41.206436+00:00,120.2,20,ask,YieldingYams,BrilliantBurritos,13244103
2026-07-09T07:07:41.553890,2026-07-09T07:07:41.562847+00:00,120.2,200,ask,YieldingYams,WavyWalnuts,13244111
2026-07-09T07:07:43.973544,2026-07-09T07:07:43.982676+00:00,120.1,200,ask,YieldingYams,WavyWalnuts,13244143
2026-07-09T07:07:44.056957,2026-07-09T07:07:44.064712+00:00,120.3,20,bid,BrilliantBurritos,YieldingYams,13244145
2026-07-09T07:07:45.974278,2026-07-09T07:07:45.983667+00:00,119.9,500,ask,AverageAlmonds,YieldingYams,13244175
2026-07-09T07:07:46.312932,2026-07-09T07:07:46.323934+00:00,119.9,125,bid,AverageAlmonds,YieldingYams,13244184
2026-07-09T07:07:46.312932,2026-07-09T07:07:46.323934+00:00,120.0,200,bid,AverageAlmonds,WavyWalnuts,13244185
2026-07-09T07:07:46.416295,2026-07-09T07:07:46.426184+00:00,120.1,175,ask,AverageAlmonds,WavyWalnuts,13244187
2026-07-09T07:07:46.910638,2026-07-09T07:07:46.918188+00:00,120.0,25,bid,AverageAlmonds,WavyWalnuts,13244190
2026-07-09T07:07:46.942314,2026-07-09T07:07:46.946357+00:00,120.1,14,ask,AverageAlmonds,Xuanyu Liu,13244192
2026-07-09T07:07:47.283684,2026-07-09T07:07:47.295181+00:00,120.1,461,ask,AverageAlmonds,YieldingYams,13244199
2026-07-09T07:07:47.516851,2026-07-09T07:07:47.525812+00:00,120.0,164,bid,AverageAlmonds,YieldingYams,13244204
2026-07-09T07:07:47.551058,2026-07-09T07:07:47.555255+00:00,120.2,12,ask,AverageAlmonds,Xuanyu Liu,13244207
2026-07-09T07:07:47.628579,2026-07-09T07:07:47.639512+00:00,120.2,200,ask,AverageAlmonds,WavyWalnuts,13244208
2026-07-09T07:07:48.839142,2026-07-09T07:07:48.850108+00:00,120.2,200,ask,YieldingYams,WavyWalnuts,13244233
2026-07-09T07:07:49.067100,2026-07-09T07:07:49.079248+00:00,120.5,20,bid,BrilliantBurritos,YieldingYams,13244235
2026-07-09T07:07:49.619419,2026-07-09T07:07:49.631554+00:00,120.5,20,bid,BrilliantBurritos,YieldingYams,13244243
2026-07-09T07:07:51.222718,2026-07-09T07:07:51.232370+00:00,120.2,200,ask,WavyWalnuts,YieldingYams,13244282
2026-07-09T07:07:51.255279,2026-07-09T07:07:51.256836+00:00,120.2,200,bid,WavyWalnuts,YieldingYams,13244283
2026-07-09T07:07:52.463467,2026-07-09T07:07:52.470657+00:00,120.2,200,bid,WavyWalnuts,YieldingYams,13244296
2026-07-09T07:07:53.674758,2026-07-09T07:07:53.683127+00:00,120.3,200,ask,YieldingYams,WavyWalnuts,13244320
2026-07-09T07:07:53.753076,2026-07-09T07:07:53.765375+00:00,120.3,20,ask,YieldingYams,BrilliantBurritos,13244322
2026-07-09T07:07:55.578446,2026-07-09T07:07:55.582569+00:00,120.4,12,bid,Xuanyu Liu,WavyWalnuts,13244360
2026-07-09T07:07:56.496040,2026-07-09T07:07:56.500415+00:00,120.3,11,bid,Xuanyu Liu,YieldingYams,13244374
2026-07-09T07:07:57.790070,2026-07-09T07:07:57.801457+00:00,120.2,200,ask,WavyWalnuts,YieldingYams,13244394
2026-07-09T07:07:58.784837,2026-07-09T07:07:58.793527+00:00,120.1,20,ask,WavyWalnuts,BrilliantBurritos,13244409
2026-07-09T07:08:00.425584,2026-07-09T07:08:00.435238+00:00,120.1,200,ask,WavyWalnuts,YieldingYams,13244444
2026-07-09T07:08:01.965650,2026-07-09T07:08:01.970103+00:00,120.0,11,ask,WavyWalnuts,Xuanyu Liu,13244475
2026-07-09T07:08:03.368149,2026-07-09T07:08:03.379312+00:00,120.0,200,ask,YieldingYams,WavyWalnuts,13244504
2026-07-09T07:08:04.592451,2026-07-09T07:08:04.603944+00:00,119.9,200,ask,YieldingYams,WavyWalnuts,13244522
2026-07-09T07:08:05.800055,2026-07-09T07:08:05.820331+00:00,120.0,200,bid,WavyWalnuts,YieldingYams,13244536
2026-07-09T07:08:06.544749,2026-07-09T07:08:06.556974+00:00,119.9,20,ask,AverageAlmonds,BrilliantBurritos,13244545
2026-07-09T07:08:07.541966,2026-07-09T07:08:07.549419+00:00,120.0,200,bid,AverageAlmonds,WavyWalnuts,13244555
2026-07-09T07:08:08.234195,2026-07-09T07:08:08.241136+00:00,120.0,200,ask,AverageAlmonds,WavyWalnuts,13244562
2026-07-09T07:08:10.554353,2026-07-09T07:08:10.558573+00:00,120.1,200,bid,AverageAlmonds,WavyWalnuts,13244599
2026-07-09T07:08:10.554353,2026-07-09T07:08:10.558573+00:00,120.1,300,bid,AverageAlmonds,YieldingYams,13244600
2026-07-09T07:08:10.961039,2026-07-09T07:08:10.971196+00:00,120.0,200,bid,YieldingYams,WavyWalnuts,13244608
2026-07-09T07:08:11.858503,2026-07-09T07:08:11.865118+00:00,120.1,200,ask,YieldingYams,WavyWalnuts,13244625
2026-07-09T07:08:12.359570,2026-07-09T07:08:12.369369+00:00,120.2,500,bid,AverageAlmonds,YieldingYams,13244629
2026-07-09T07:08:14.211467,2026-07-09T07:08:14.221202+00:00,120.2,200,bid,AverageAlmonds,WavyWalnuts,13244662
2026-07-09T07:08:14.273602,2026-07-09T07:08:14.282683+00:00,120.3,200,bid,WavyWalnuts,YieldingYams,13244665
2026-07-09T07:08:16.112473,2026-07-09T07:08:16.124681+00:00,120.2,20,ask,AverageAlmonds,BrilliantBurritos,13244696
2026-07-09T07:08:16.620845,2026-07-09T07:08:16.632176+00:00,120.3,200,bid,WavyWalnuts,YieldingYams,13244707
2026-07-09T07:08:16.620845,2026-07-09T07:08:16.632176+00:00,120.3,300,bid,AverageAlmonds,YieldingYams,13244708
2026-07-09T07:08:16.691392,2026-07-09T07:08:16.702166+00:00,120.3,200,bid,AverageAlmonds,WavyWalnuts,13244712
2026-07-09T07:08:21.444663,2026-07-09T07:08:21.458616+00:00,120.5,200,bid,YieldingYams,WavyWalnuts,13244768
2026-07-09T07:08:21.538767,2026-07-09T07:08:21.550940+00:00,120.6,200,ask,YieldingYams,WavyWalnuts,13244771
2026-07-09T07:08:22.768056,2026-07-09T07:08:22.774791+00:00,120.6,200,ask,WavyWalnuts,YieldingYams,13244789
2026-07-09T07:08:23.342410,2026-07-09T07:08:23.363801+00:00,120.4,20,ask,YieldingYams,BrilliantBurritos,13244803
2026-07-09T07:08:25.176495,2026-07-09T07:08:25.184413+00:00,120.7,200,bid,WavyWalnuts,YieldingYams,13244832
2026-07-09T07:08:27.245006,2026-07-09T07:08:27.249042+00:00,120.8,11,bid,Xuanyu Liu,WavyWalnuts,13244870
2026-07-09T07:08:28.809344,2026-07-09T07:08:28.817747+00:00,120.8,200,bid,WavyWalnuts,YieldingYams,13244897
2026-07-09T07:08:29.418497,2026-07-09T07:08:29.423927+00:00,120.7,3,bid,Xuanyu Liu,YieldingYams,13244904
2026-07-09T07:08:31.232671,2026-07-09T07:08:31.241343+00:00,120.8,200,bid,WavyWalnuts,YieldingYams,13244934
2026-07-09T07:08:33.617172,2026-07-09T07:08:33.626105+00:00,120.6,20,ask,WavyWalnuts,BrilliantBurritos,13244966
2026-07-09T07:08:35.327447,2026-07-09T07:08:35.339641+00:00,120.5,20,ask,YieldingYams,BrilliantBurritos,13244986
2026-07-09T07:08:36.191215,2026-07-09T07:08:36.201094+00:00,120.6,20,bid,BrilliantBurritos,WavyWalnuts,13245002
2026-07-09T07:08:37.265004,2026-07-09T07:08:37.274803+00:00,120.6,180,bid,YieldingYams,WavyWalnuts,13245025
2026-07-09T07:08:37.292495,2026-07-09T07:08:37.299497+00:00,120.7,200,ask,YieldingYams,WavyWalnuts,13245026
2026-07-09T07:08:39.708673,2026-07-09T07:08:39.718005+00:00,120.7,200,bid,WavyWalnuts,YieldingYams,13245067
2026-07-09T07:08:39.966413,2026-07-09T07:08:39.971712+00:00,120.7,3,ask,YieldingYams,Xuanyu Liu,13245073
2026-07-09T07:08:40.927152,2026-07-09T07:08:40.934734+00:00,120.7,200,ask,YieldingYams,WavyWalnuts,13245089
2026-07-09T07:08:42.138706,2026-07-09T07:08:42.148877+00:00,120.6,200,ask,YieldingYams,WavyWalnuts,13245109
2026-07-09T07:08:44.557261,2026-07-09T07:08:44.569181+00:00,120.6,200,ask,YieldingYams,WavyWalnuts,13245139
2026-07-09T07:08:48.187886,2026-07-09T07:08:48.198096+00:00,120.6,200,ask,YieldingYams,WavyWalnuts,13245203
2026-07-09T07:08:50.429630,2026-07-09T07:08:50.438235+00:00,120.7,200,bid,YieldingYams,WavyWalnuts,13245235
2026-07-09T07:08:51.742648,2026-07-09T07:08:51.758542+00:00,120.7,200,ask,WavyWalnuts,YieldingYams,13245254
2026-07-09T07:08:52.617121,2026-07-09T07:08:52.621378+00:00,120.6,46,ask,WavyWalnuts,Xuanyu Liu,13245268
2026-07-09T07:08:52.973212,2026-07-09T07:08:53.010996+00:00,120.7,425,bid,AverageAlmonds,YieldingYams,13245272
2026-07-09T07:08:53.006480,2026-07-09T07:08:53.010996+00:00,120.7,4,ask,AverageAlmonds,Xuanyu Liu,13245274
2026-07-09T07:08:55.674276,2026-07-09T07:08:55.684536+00:00,120.9,200,bid,YieldingYams,WavyWalnuts,13245318
2026-07-09T07:08:55.706396,2026-07-09T07:08:55.718319+00:00,121.1,20,bid,BrilliantBurritos,YieldingYams,13245319
2026-07-09T07:08:56.992211,2026-07-09T07:08:57.011698+00:00,120.8,200,ask,WavyWalnuts,YieldingYams,13245337
2026-07-09T07:08:57.007375,2026-07-09T07:08:57.011698+00:00,120.8,16,bid,Xuanyu Liu,YieldingYams,13245339
2026-07-09T07:08:59.665695,2026-07-09T07:08:59.670170+00:00,120.7,12,ask,YieldingYams,Xuanyu Liu,13245381
2026-07-09T07:09:00.984121,2026-07-09T07:09:00.988771+00:00,120.8,11,ask,YieldingYams,Xuanyu Liu,13245414
2026-07-09T07:09:02.117974,2026-07-09T07:09:02.122740+00:00,120.9,11,bid,Xuanyu Liu,WavyWalnuts,13245434
2026-07-09T07:09:02.278601,2026-07-09T07:09:02.290122+00:00,120.9,189,bid,YieldingYams,WavyWalnuts,13245435
2026-07-09T07:09:02.885305,2026-07-09T07:09:02.896463+00:00,121.0,20,bid,BrilliantBurritos,WavyWalnuts,13245452
2026-07-09T07:09:06.230422,2026-07-09T07:09:06.240056+00:00,120.8,200,ask,WavyWalnuts,YieldingYams,13245508
2026-07-09T07:09:07.954236,2026-07-09T07:09:07.966236+00:00,120.8,20,ask,YieldingYams,BrilliantBurritos,13245529
2026-07-09T07:09:08.883168,2026-07-09T07:09:08.891831+00:00,121.0,500,bid,YieldingYams,AverageAlmonds,13245548
2026-07-09T07:09:09.353831,2026-07-09T07:09:09.358593+00:00,121.0,125,ask,YieldingYams,AverageAlmonds,13245559
2026-07-09T07:09:10.196096,2026-07-09T07:09:10.218040+00:00,120.7,200,ask,WavyWalnuts,YieldingYams,13245571
2026-07-09T07:09:10.213937,2026-07-09T07:09:10.218040+00:00,120.7,12,bid,Xuanyu Liu,YieldingYams,13245573
2026-07-09T07:09:11.570899,2026-07-09T07:09:11.582075+00:00,120.6,20,ask,YieldingYams,BrilliantBurritos,13245603
2026-07-09T07:09:11.614583,2026-07-09T07:09:11.618684+00:00,120.6,12,ask,YieldingYams,Xuanyu Liu,13245606
2026-07-09T07:09:12.454403,2026-07-09T07:09:12.458828+00:00,120.8,22,ask,WavyWalnuts,Xuanyu Liu,13245619
2026-07-09T07:09:12.817834,2026-07-09T07:09:12.826770+00:00,120.8,178,ask,WavyWalnuts,YieldingYams,13245629
2026-07-09T07:09:14.779562,2026-07-09T07:09:14.784733+00:00,120.8,11,bid,Xuanyu Liu,YieldingYams,13245663
2026-07-09T07:09:18.056729,2026-07-09T07:09:18.058617+00:00,120.8,200,ask,WavyWalnuts,YieldingYams,13245710
2026-07-09T07:09:18.076814,2026-07-09T07:09:18.081146+00:00,120.6,11,bid,Xuanyu Liu,YieldingYams,13245712
2026-07-09T07:09:24.233572,2026-07-09T07:09:24.238417+00:00,120.7,23,bid,Xuanyu Liu,WavyWalnuts,13245824
2026-07-09T07:09:25.788892,2026-07-09T07:09:25.797558+00:00,120.7,200,ask,YieldingYams,WavyWalnuts,13245854
2026-07-09T07:09:28.264226,2026-07-09T07:09:28.275931+00:00,120.7,20,ask,WavyWalnuts,BrilliantBurritos,13245894
2026-07-09T07:09:28.544593,2026-07-09T07:09:28.558590+00:00,120.7,180,ask,WavyWalnuts,YieldingYams,13245898
2026-07-09T07:09:30.585535,2026-07-09T07:09:30.589840+00:00,120.7,23,bid,Xuanyu Liu,WavyWalnuts,13245933
2026-07-09T07:09:30.624811,2026-07-09T07:09:30.634949+00:00,120.6,200,ask,YieldingYams,WavyWalnuts,13245934
2026-07-09T07:09:32.485942,2026-07-09T07:09:32.494263+00:00,120.7,200,bid,YieldingYams,WavyWalnuts,13245958
2026-07-09T07:09:33.040542,2026-07-09T07:09:33.047459+00:00,120.8,200,ask,YieldingYams,WavyWalnuts,13245967
2026-07-09T07:09:37.513800,2026-07-09T07:09:37.523441+00:00,120.7,20,bid,BrilliantBurritos,YieldingYams,13246055
2026-07-09T07:09:43.023143,2026-07-09T07:09:43.033964+00:00,120.6,500,ask,AverageAlmonds,YieldingYams,13246146
2026-07-09T07:09:43.023143,2026-07-09T07:09:43.033964+00:00,120.6,125,ask,WavyWalnuts,YieldingYams,13246147
2026-07-09T07:09:43.298884,2026-07-09T07:09:43.303072+00:00,120.8,17,bid,Xuanyu Liu,WavyWalnuts,13246153
2026-07-09T07:09:43.365703,2026-07-09T07:09:43.375028+00:00,120.8,20,bid,Heero Sipayung,WavyWalnuts,13246157
2026-07-09T07:09:43.400103,2026-07-09T07:09:43.410883+00:00,120.8,20,bid,Heero Sipayung,WavyWalnuts,13246159
2026-07-09T07:09:43.415766,2026-07-09T07:09:43.427980+00:00,120.6,7,ask,WavyWalnuts,Heero Sipayung,13246160
2026-07-09T07:09:46.360041,2026-07-09T07:09:46.370166+00:00,120.7,200,ask,YieldingYams,WavyWalnuts,13246210
2026-07-09T07:09:47.534486,2026-07-09T07:09:47.546310+00:00,120.7,20,ask,YieldingYams,BrilliantBurritos,13246233
2026-07-09T07:09:48.027059,2026-07-09T07:09:48.036199+00:00,120.7,20,ask,YieldingYams,BrilliantBurritos,13246236
2026-07-09T07:09:48.294066,2026-07-09T07:09:48.301615+00:00,120.8,200,bid,YieldingYams,WavyWalnuts,13246238
2026-07-09T07:09:48.776446,2026-07-09T07:09:48.785870+00:00,120.8,200,ask,YieldingYams,WavyWalnuts,13246253
2026-07-09T07:09:49.609585,2026-07-09T07:09:49.630680+00:00,120.7,500,ask,AverageAlmonds,YieldingYams,13246265
2026-07-09T07:09:49.626336,2026-07-09T07:09:49.630680+00:00,120.7,12,bid,Xuanyu Liu,YieldingYams,13246267
2026-07-09T07:09:49.675485,2026-07-09T07:09:49.683725+00:00,120.7,20,bid,Heero Sipayung,YieldingYams,13246269
2026-07-09T07:09:49.764954,2026-07-09T07:09:49.774239+00:00,120.7,20,bid,Heero Sipayung,YieldingYams,13246277
2026-07-09T07:09:49.792146,2026-07-09T07:09:49.802556+00:00,120.7,20,bid,Heero Sipayung,YieldingYams,13246280
2026-07-09T07:09:49.815262,2026-07-09T07:09:49.825855+00:00,120.7,20,bid,Heero Sipayung,YieldingYams,13246282
2026-07-09T07:09:49.869870,2026-07-09T07:09:49.880770+00:00,120.7,20,bid,Heero Sipayung,YieldingYams,13246285
2026-07-09T07:09:49.892036,2026-07-09T07:09:49.902302+00:00,120.7,13,bid,Heero Sipayung,YieldingYams,13246287
2026-07-09T07:09:49.907183,2026-07-09T07:09:49.918944+00:00,121.5,7,bid,Heero Sipayung,AverageAlmonds,13246288
2026-07-09T07:09:50.012762,2026-07-09T07:09:50.023719+00:00,120.8,20,bid,Heero Sipayung,WavyWalnuts,13246291
2026-07-09T07:09:50.144470,2026-07-09T07:09:50.152334+00:00,120.7,6,ask,AverageAlmonds,Heero Sipayung,13246292
2026-07-09T07:09:50.503186,2026-07-09T07:09:50.510022+00:00,120.8,20,bid,BrilliantBurritos,WavyWalnuts,13246296
2026-07-09T07:09:50.915658,2026-07-09T07:09:50.923941+00:00,120.8,160,bid,YieldingYams,WavyWalnuts,13246307
2026-07-09T07:09:52.422580,2026-07-09T07:09:52.427079+00:00,120.9,12,ask,WavyWalnuts,Xuanyu Liu,13246338
2026-07-09T07:09:52.780617,2026-07-09T07:09:52.785269+00:00,120.9,14,ask,WavyWalnuts,Xuanyu Liu,13246344
2026-07-09T07:09:53.617944,2026-07-09T07:09:53.625506+00:00,120.9,200,ask,YieldingYams,WavyWalnuts,13246356
2026-07-09T07:09:54.830237,2026-07-09T07:09:54.841377+00:00,120.9,200,ask,YieldingYams,WavyWalnuts,13246381
2026-07-09T07:09:56.040396,2026-07-09T07:09:56.050003+00:00,120.9,200,ask,YieldingYams,WavyWalnuts,13246408
2026-07-09T07:09:56.220560,2026-07-09T07:09:56.224694+00:00,121.0,3,bid,Xuanyu Liu,YieldingYams,13246414
2026-07-09T07:09:56.254911,2026-07-09T07:09:56.265710+00:00,121.0,20,bid,Heero Sipayung,YieldingYams,13246416
2026-07-09T07:09:56.273488,2026-07-09T07:09:56.281323+00:00,120.9,20,ask,AverageAlmonds,BrilliantBurritos,13246421
2026-07-09T07:09:56.288782,2026-07-09T07:09:56.296911+00:00,121.0,13,bid,Heero Sipayung,YieldingYams,13246423
2026-07-09T07:09:57.196074,2026-07-09T07:09:57.206770+00:00,121.0,500,bid,AverageAlmonds,YieldingYams,13246434
2026-07-09T07:09:57.517789,2026-07-09T07:09:57.526910+00:00,121.0,200,bid,YieldingYams,WavyWalnuts,13246438
2026-07-09T07:09:59.023639,2026-07-09T07:09:59.033714+00:00,121.0,20,ask,AverageAlmonds,BrilliantBurritos,13246459
2026-07-09T07:10:02.108693,2026-07-09T07:10:02.115938+00:00,121.1,200,ask,AverageAlmonds,WavyWalnuts,13246513
2026-07-09T07:10:03.236284,2026-07-09T07:10:03.244691+00:00,121.2,20,bid,BrilliantBurritos,WavyWalnuts,13246536
2026-07-09T07:10:05.064882,2026-07-09T07:10:05.074515+00:00,121.2,200,bid,AverageAlmonds,WavyWalnuts,13246560
2026-07-09T07:10:06.954348,2026-07-09T07:10:06.958617+00:00,121.2,200,ask,YieldingYams,WavyWalnuts,13246591
2026-07-09T07:10:09.381353,2026-07-09T07:10:09.391052+00:00,121.2,200,ask,YieldingYams,WavyWalnuts,13246628
2026-07-09T07:10:11.800397,2026-07-09T07:10:11.810133+00:00,121.3,200,bid,WavyWalnuts,YieldingYams,13246653
2026-07-09T07:10:14.220511,2026-07-09T07:10:14.228330+00:00,121.4,200,bid,WavyWalnuts,YieldingYams,13246695
2026-07-09T07:10:18.585341,2026-07-09T07:10:18.590575+00:00,121.5,3,ask,YieldingYams,Xuanyu Liu,13246750
2026-07-09T07:10:22.435785,2026-07-09T07:10:22.442998+00:00,121.6,20,bid,BrilliantBurritos,WavyWalnuts,13246810
2026-07-09T07:10:22.711942,2026-07-09T07:10:22.723606+00:00,121.5,200,ask,YieldingYams,WavyWalnuts,13246822
2026-07-09T07:10:26.407125,2026-07-09T07:10:26.419364+00:00,121.5,20,ask,WavyWalnuts,Heero Sipayung,13246866
2026-07-09T07:10:26.467331,2026-07-09T07:10:26.479438+00:00,121.5,20,ask,WavyWalnuts,Heero Sipayung,13246872
2026-07-09T07:10:26.490045,2026-07-09T07:10:26.502154+00:00,121.5,20,ask,WavyWalnuts,Heero Sipayung,13246874
2026-07-09T07:10:26.522993,2026-07-09T07:10:26.533356+00:00,121.5,20,ask,WavyWalnuts,Heero Sipayung,13246880
2026-07-09T07:10:26.585063,2026-07-09T07:10:26.596995+00:00,121.5,20,ask,WavyWalnuts,Heero Sipayung,13246886
2026-07-09T07:10:28.788947,2026-07-09T07:10:28.798126+00:00,121.5,200,bid,WavyWalnuts,YieldingYams,13246922
2026-07-09T07:10:29.891875,2026-07-09T07:10:29.902072+00:00,121.5,500,bid,AverageAlmonds,YieldingYams,13246939
2026-07-09T07:10:31.211379,2026-07-09T07:10:31.218757+00:00,121.5,200,ask,YieldingYams,WavyWalnuts,13246957
2026-07-09T07:10:32.943038,2026-07-09T07:10:32.946983+00:00,121.6,500,bid,AverageAlmonds,YieldingYams,13246982
2026-07-09T07:10:33.048122,2026-07-09T07:10:33.058604+00:00,121.6,200,bid,YieldingYams,WavyWalnuts,13246987
2026-07-09T07:10:33.064781,2026-07-09T07:10:33.076590+00:00,121.7,20,ask,YieldingYams,Heero Sipayung,13246988
2026-07-09T07:10:33.162228,2026-07-09T07:10:33.170846+00:00,121.7,20,ask,YieldingYams,Heero Sipayung,13246994
2026-07-09T07:10:33.203522,2026-07-09T07:10:33.215333+00:00,121.7,20,ask,YieldingYams,Heero Sipayung,13246997
2026-07-09T07:10:33.256203,2026-07-09T07:10:33.268111+00:00,121.7,20,ask,YieldingYams,Heero Sipayung,13247002
2026-07-09T07:10:33.278714,2026-07-09T07:10:33.290338+00:00,121.7,20,ask,YieldingYams,Heero Sipayung,13247004
2026-07-09T07:10:33.631240,2026-07-09T07:10:33.639138+00:00,121.7,200,ask,YieldingYams,WavyWalnuts,13247012
2026-07-09T07:10:34.367628,2026-07-09T07:10:34.374606+00:00,121.6,500,ask,AverageAlmonds,YieldingYams,13247023
2026-07-09T07:10:34.387985,2026-07-09T07:10:34.392255+00:00,121.6,37,bid,Xuanyu Liu,YieldingYams,13247025
2026-07-09T07:10:34.474575,2026-07-09T07:10:34.481683+00:00,121.6,20,bid,Heero Sipayung,YieldingYams,13247034
2026-07-09T07:10:34.549462,2026-07-09T07:10:34.558614+00:00,121.6,20,bid,Heero Sipayung,YieldingYams,13247037
2026-07-09T07:10:34.582241,2026-07-09T07:10:34.593119+00:00,121.6,20,bid,Heero Sipayung,YieldingYams,13247040
2026-07-09T07:10:34.642749,2026-07-09T07:10:34.658567+00:00,121.6,20,bid,Heero Sipayung,YieldingYams,13247043
2026-07-09T07:10:34.685987,2026-07-09T07:10:34.696641+00:00,121.6,8,bid,Heero Sipayung,YieldingYams,13247046
2026-07-09T07:10:36.049545,2026-07-09T07:10:36.059709+00:00,121.7,200,ask,YieldingYams,WavyWalnuts,13247068
2026-07-09T07:10:37.064701,2026-07-09T07:10:37.069245+00:00,121.6,11,ask,AverageAlmonds,Xuanyu Liu,13247087
2026-07-09T07:10:38.264282,2026-07-09T07:10:38.274254+00:00,121.8,20,bid,BrilliantBurritos,WavyWalnuts,13247103
2026-07-09T07:10:39.375577,2026-07-09T07:10:39.387562+00:00,121.7,20,bid,BrilliantBurritos,WavyWalnuts,13247117
2026-07-09T07:10:39.679936,2026-07-09T07:10:39.691493+00:00,121.6,200,ask,AverageAlmonds,WavyWalnuts,13247123
2026-07-09T07:10:40.182581,2026-07-09T07:10:40.191082+00:00,121.8,20,bid,Heero Sipayung,YieldingYams,13247137
2026-07-09T07:10:40.260036,2026-07-09T07:10:40.270803+00:00,121.8,20,bid,Heero Sipayung,YieldingYams,13247141
2026-07-09T07:10:40.303952,2026-07-09T07:10:40.314276+00:00,121.8,20,bid,Heero Sipayung,YieldingYams,13247143
2026-07-09T07:10:40.343428,2026-07-09T07:10:40.358612+00:00,121.8,20,bid,Heero Sipayung,YieldingYams,13247147
2026-07-09T07:10:40.380174,2026-07-09T07:10:40.390819+00:00,121.8,20,bid,Heero Sipayung,YieldingYams,13247149
2026-07-09T07:10:40.411900,2026-07-09T07:10:40.422634+00:00,121.8,12,bid,Heero Sipayung,YieldingYams,13247152
2026-07-09T07:10:40.949047,2026-07-09T07:10:40.958581+00:00,121.7,200,bid,YieldingYams,WavyWalnuts,13247163
2026-07-09T07:10:43.304292,2026-07-09T07:10:43.313220+00:00,121.8,200,ask,YieldingYams,WavyWalnuts,13247199
2026-07-09T07:10:45.138393,2026-07-09T07:10:45.147269+00:00,121.9,20,bid,BrilliantBurritos,YieldingYams,13247229
2026-07-09T07:10:46.508600,2026-07-09T07:10:46.512684+00:00,122.0,11,bid,Xuanyu Liu,WavyWalnuts,13247257
2026-07-09T07:10:46.964869,2026-07-09T07:10:46.969326+00:00,121.9,12,bid,Xuanyu Liu,WavyWalnuts,13247263
2026-07-09T07:10:48.152250,2026-07-09T07:10:48.158560+00:00,121.8,200,ask,YieldingYams,WavyWalnuts,13247289
2026-07-09T07:10:49.070368,2026-07-09T07:10:49.077993+00:00,121.7,20,ask,AverageAlmonds,BrilliantBurritos,13247312
2026-07-09T07:10:50.572149,2026-07-09T07:10:50.582777+00:00,121.8,200,ask,AverageAlmonds,WavyWalnuts,13247328
2026-07-09T07:10:51.100726,2026-07-09T07:10:51.108896+00:00,121.9,500,bid,AverageAlmonds,YieldingYams,13247333
2026-07-09T07:10:51.523396,2026-07-09T07:10:51.548099+00:00,122.0,12,ask,YieldingYams,Xuanyu Liu,13247341
2026-07-09T07:10:51.779991,2026-07-09T07:10:51.789510+00:00,122.0,200,ask,YieldingYams,WavyWalnuts,13247350
2026-07-09T07:10:53.509820,2026-07-09T07:10:53.519629+00:00,122.0,200,bid,AverageAlmonds,WavyWalnuts,13247379
2026-07-09T07:10:54.197964,2026-07-09T07:10:54.205360+00:00,122.0,200,ask,YieldingYams,WavyWalnuts,13247392
2026-07-09T07:10:55.411938,2026-07-09T07:10:55.420762+00:00,122.0,200,ask,YieldingYams,WavyWalnuts,13247406
2026-07-09T07:10:56.620497,2026-07-09T07:10:56.627211+00:00,122.0,200,ask,AverageAlmonds,WavyWalnuts,13247415
2026-07-09T07:10:56.788013,2026-07-09T07:10:56.798497+00:00,122.0,300,ask,AverageAlmonds,YieldingYams,13247420
2026-07-09T07:10:56.820041,2026-07-09T07:10:56.824191+00:00,121.9,23,bid,Xuanyu Liu,YieldingYams,13247426
2026-07-09T07:10:57.156701,2026-07-09T07:10:57.158581+00:00,121.9,302,bid,AverageAlmonds,YieldingYams,13247432
2026-07-09T07:10:58.095327,2026-07-09T07:10:58.104367+00:00,122.1,200,bid,YieldingYams,WavyWalnuts,13247453
2026-07-09T07:10:58.125705,2026-07-09T07:10:58.130662+00:00,122.2,11,ask,YieldingYams,Xuanyu Liu,13247455
2026-07-09T07:10:59.037832,2026-07-09T07:10:59.045097+00:00,122.2,200,ask,YieldingYams,WavyWalnuts,13247460
2026-07-09T07:10:59.429329,2026-07-09T07:10:59.433673+00:00,122.4,11,bid,Xuanyu Liu,YieldingYams,13247472
2026-07-09T07:11:00.817850,2026-07-09T07:11:00.832681+00:00,122.4,20,bid,BrilliantBurritos,WavyWalnuts,13247494
2026-07-09T07:11:01.461120,2026-07-09T07:11:01.471600+00:00,122.2,200,ask,YieldingYams,WavyWalnuts,13247511
2026-07-09T07:11:01.807059,2026-07-09T07:11:01.819363+00:00,122.4,20,bid,BrilliantBurritos,YieldingYams,13247513
2026-07-09T07:11:02.030025,2026-07-09T07:11:02.038753+00:00,122.2,500,ask,AverageAlmonds,YieldingYams,13247515
2026-07-09T07:11:02.608946,2026-07-09T07:11:02.616420+00:00,122.2,125,bid,AverageAlmonds,YieldingYams,13247524
2026-07-09T07:11:02.644809,2026-07-09T07:11:02.649301+00:00,122.2,11,ask,AverageAlmonds,Xuanyu Liu,13247528
2026-07-09T07:11:02.669923,2026-07-09T07:11:02.680412+00:00,122.2,200,ask,AverageAlmonds,WavyWalnuts,13247529
2026-07-09T07:11:03.353956,2026-07-09T07:11:03.358328+00:00,122.3,11,bid,Xuanyu Liu,YieldingYams,13247543
2026-07-09T07:11:04.435224,2026-07-09T07:11:04.442285+00:00,122.3,500,bid,AverageAlmonds,YieldingYams,13247560
2026-07-09T07:11:04.647200,2026-07-09T07:11:04.663772+00:00,122.4,200,bid,YieldingYams,WavyWalnuts,13247566
2026-07-09T07:11:05.089958,2026-07-09T07:11:05.100888+00:00,122.4,200,ask,YieldingYams,WavyWalnuts,13247574
2026-07-09T07:11:06.298096,2026-07-09T07:11:06.307031+00:00,122.4,200,bid,WavyWalnuts,YieldingYams,13247602
2026-07-09T07:11:06.763475,2026-07-09T07:11:06.775328+00:00,122.4,20,bid,BrilliantBurritos,YieldingYams,13247609
2026-07-09T07:11:08.717156,2026-07-09T07:11:08.726349+00:00,122.5,200,bid,WavyWalnuts,YieldingYams,13247645
2026-07-09T07:11:09.322770,2026-07-09T07:11:09.329963+00:00,122.3,20,ask,YieldingYams,BrilliantBurritos,13247648
2026-07-09T07:11:09.924623,2026-07-09T07:11:09.928430+00:00,122.5,23,ask,YieldingYams,Xuanyu Liu,13247660
2026-07-09T07:11:12.349219,2026-07-09T07:11:12.358548+00:00,122.4,200,ask,YieldingYams,WavyWalnuts,13247708
2026-07-09T07:11:12.547369,2026-07-09T07:11:12.558539+00:00,122.4,500,ask,AverageAlmonds,YieldingYams,13247716
2026-07-09T07:11:12.886410,2026-07-09T07:11:12.896197+00:00,122.4,125,bid,AverageAlmonds,YieldingYams,13247730
2026-07-09T07:11:14.980999,2026-07-09T07:11:14.993310+00:00,122.6,20,bid,BrilliantBurritos,YieldingYams,13247766
2026-07-09T07:11:15.732823,2026-07-09T07:11:15.737374+00:00,122.4,11,ask,WavyWalnuts,Xuanyu Liu,13247776
2026-07-09T07:11:16.540718,2026-07-09T07:11:16.549655+00:00,122.5,200,bid,AverageAlmonds,WavyWalnuts,13247792
2026-07-09T07:11:16.540718,2026-07-09T07:11:16.549655+00:00,122.5,300,bid,AverageAlmonds,YieldingYams,13247793
2026-07-09T07:11:17.130431,2026-07-09T07:11:17.138797+00:00,122.5,325,bid,AverageAlmonds,YieldingYams,13247800
2026-07-09T07:11:17.158905,2026-07-09T07:11:17.162836+00:00,122.5,12,ask,AverageAlmonds,Xuanyu Liu,13247802
2026-07-09T07:11:17.189071,2026-07-09T07:11:17.196391+00:00,122.5,163,ask,AverageAlmonds,WavyWalnuts,13247803
2026-07-09T07:11:17.732951,2026-07-09T07:11:17.743260+00:00,122.5,37,bid,AverageAlmonds,WavyWalnuts,13247808
2026-07-09T07:11:17.817745,2026-07-09T07:11:17.821732+00:00,122.7,14,ask,YieldingYams,Xuanyu Liu,13247810
2026-07-09T07:11:18.398810,2026-07-09T07:11:18.410348+00:00,122.7,200,ask,YieldingYams,WavyWalnuts,13247821
2026-07-09T07:11:20.022187,2026-07-09T07:11:20.034607+00:00,122.8,20,bid,BrilliantBurritos,YieldingYams,13247855
2026-07-09T07:11:20.815621,2026-07-09T07:11:20.823311+00:00,122.8,200,bid,WavyWalnuts,YieldingYams,13247868
2026-07-09T07:11:21.960894,2026-07-09T07:11:21.970370+00:00,122.8,20,bid,BrilliantBurritos,YieldingYams,13247886
2026-07-09T07:11:23.242046,2026-07-09T07:11:23.253019+00:00,122.7,200,bid,WavyWalnuts,YieldingYams,13247916
2026-07-09T07:11:24.454735,2026-07-09T07:11:24.458556+00:00,122.7,200,bid,WavyWalnuts,YieldingYams,13247940
2026-07-09T07:11:25.689467,2026-07-09T07:11:25.697462+00:00,122.7,20,ask,YieldingYams,Heero Sipayung,13247964
2026-07-09T07:11:25.765696,2026-07-09T07:11:25.775736+00:00,122.7,20,ask,YieldingYams,Heero Sipayung,13247970
2026-07-09T07:11:25.788203,2026-07-09T07:11:25.800291+00:00,122.7,20,ask,YieldingYams,Heero Sipayung,13247972
2026-07-09T07:11:25.811817,2026-07-09T07:11:25.823837+00:00,122.7,20,ask,YieldingYams,Heero Sipayung,13247974
2026-07-09T07:11:25.851941,2026-07-09T07:11:25.864139+00:00,122.7,20,ask,YieldingYams,Heero Sipayung,13247976
2026-07-09T07:11:28.325104,2026-07-09T07:11:28.333656+00:00,122.8,200,bid,YieldingYams,WavyWalnuts,13248019
2026-07-09T07:11:28.362103,2026-07-09T07:11:28.374112+00:00,122.9,20,ask,YieldingYams,Heero Sipayung,13248020
2026-07-09T07:11:28.451478,2026-07-09T07:11:28.458626+00:00,122.9,20,ask,YieldingYams,Heero Sipayung,13248026
2026-07-09T07:11:28.476607,2026-07-09T07:11:28.488248+00:00,122.9,20,ask,YieldingYams,Heero Sipayung,13248029
2026-07-09T07:11:28.509519,2026-07-09T07:11:28.521165+00:00,122.9,20,ask,YieldingYams,Heero Sipayung,13248032
2026-07-09T07:11:28.550314,2026-07-09T07:11:28.557503+00:00,122.9,20,ask,YieldingYams,Heero Sipayung,13248036
2026-07-09T07:11:33.603235,2026-07-09T07:11:33.611950+00:00,122.9,200,ask,WavyWalnuts,YieldingYams,13248123
2026-07-09T07:11:36.322592,2026-07-09T07:11:36.332161+00:00,122.8,20,ask,WavyWalnuts,BrilliantBurritos,13248162
2026-07-09T07:11:36.570648,2026-07-09T07:11:36.577898+00:00,122.9,200,bid,WavyWalnuts,YieldingYams,13248170
2026-07-09T07:11:40.278402,2026-07-09T07:11:40.283126+00:00,122.7,3,bid,Xuanyu Liu,WavyWalnuts,13248226
2026-07-09T07:11:40.294315,2026-07-09T07:11:40.303929+00:00,122.7,20,bid,Heero Sipayung,WavyWalnuts,13248229
2026-07-09T07:11:40.370644,2026-07-09T07:11:40.382100+00:00,122.7,20,bid,Heero Sipayung,WavyWalnuts,13248233
2026-07-09T07:11:40.394409,2026-07-09T07:11:40.404549+00:00,122.7,20,bid,Heero Sipayung,WavyWalnuts,13248235
2026-07-09T07:11:40.463919,2026-07-09T07:11:40.475211+00:00,122.7,20,bid,Heero Sipayung,WavyWalnuts,13248239
2026-07-09T07:11:40.487760,2026-07-09T07:11:40.494615+00:00,122.7,20,bid,Heero Sipayung,WavyWalnuts,13248241
2026-07-09T07:11:42.670822,2026-07-09T07:11:42.678685+00:00,122.8,200,bid,WavyWalnuts,YieldingYams,13248276
2026-07-09T07:11:43.444792,2026-07-09T07:11:43.454257+00:00,122.9,20,ask,YieldingYams,BrilliantBurritos,13248290
2026-07-09T07:11:43.882399,2026-07-09T07:11:43.968721+00:00,122.9,200,ask,YieldingYams,WavyWalnuts,13248295
2026-07-09T07:11:46.300173,2026-07-09T07:11:46.306916+00:00,122.9,200,bid,WavyWalnuts,YieldingYams,13248321
2026-07-09T07:11:48.724321,2026-07-09T07:11:48.735368+00:00,122.7,200,bid,WavyWalnuts,YieldingYams,13248359
2026-07-09T07:11:49.885996,2026-07-09T07:11:49.890406+00:00,122.5,3,ask,YieldingYams,Xuanyu Liu,13248383
2026-07-09T07:11:49.896452,2026-07-09T07:11:49.905668+00:00,122.5,20,ask,YieldingYams,Heero Sipayung,13248384
2026-07-09T07:11:49.947465,2026-07-09T07:11:49.951867+00:00,122.6,3,ask,WavyWalnuts,Xuanyu Liu,13248387
2026-07-09T07:11:49.969251,2026-07-09T07:11:49.981314+00:00,122.6,20,ask,WavyWalnuts,Heero Sipayung,13248389
2026-07-09T07:11:50.000025,2026-07-09T07:11:50.007069+00:00,122.6,20,ask,WavyWalnuts,Heero Sipayung,13248392
2026-07-09T07:11:50.024251,2026-07-09T07:11:50.036257+00:00,122.6,20,ask,WavyWalnuts,Heero Sipayung,13248394
2026-07-09T07:11:50.061182,2026-07-09T07:11:50.073088+00:00,122.6,20,ask,WavyWalnuts,Heero Sipayung,13248396
2026-07-09T07:11:51.145913,2026-07-09T07:11:51.154551+00:00,122.7,200,bid,WavyWalnuts,YieldingYams,13248431
2026-07-09T07:11:56.011989,2026-07-09T07:11:56.019669+00:00,122.9,200,bid,WavyWalnuts,YieldingYams,13248500
2026-07-09T07:11:57.415580,2026-07-09T07:11:57.419772+00:00,122.9,11,ask,YieldingYams,Xuanyu Liu,13248538
2026-07-09T07:11:58.444914,2026-07-09T07:11:58.453226+00:00,122.9,200,ask,YieldingYams,WavyWalnuts,13248550
2026-07-09T07:12:02.261038,2026-07-09T07:12:02.269066+00:00,122.8,20,bid,BrilliantBurritos,WavyWalnuts,13248627
2026-07-09T07:12:02.540948,2026-07-09T07:12:02.545655+00:00,122.7,23,ask,YieldingYams,Xuanyu Liu,13248631
2026-07-09T07:12:02.596124,2026-07-09T07:12:02.602939+00:00,122.8,20,bid,BrilliantBurritos,WavyWalnuts,13248632
2026-07-09T07:12:05.707805,2026-07-09T07:12:05.718599+00:00,122.6,200,bid,WavyWalnuts,YieldingYams,13248686
2026-07-09T07:12:07.555493,2026-07-09T07:12:07.565035+00:00,122.4,20,ask,YieldingYams,BrilliantBurritos,13248712
2026-07-09T07:12:07.910125,2026-07-09T07:12:07.919766+00:00,122.6,20,bid,BrilliantBurritos,WavyWalnuts,13248724
2026-07-09T07:12:08.131366,2026-07-09T07:12:08.142133+00:00,122.5,200,ask,YieldingYams,WavyWalnuts,13248733
2026-07-09T07:12:08.920151,2026-07-09T07:12:08.927278+00:00,122.7,20,bid,BrilliantBurritos,YieldingYams,13248743
2026-07-09T07:12:09.339766,2026-07-09T07:12:09.346649+00:00,122.5,200,ask,YieldingYams,WavyWalnuts,13248754
2026-07-09T07:12:09.851370,2026-07-09T07:12:09.862009+00:00,122.5,500,bid,AverageAlmonds,YieldingYams,13248757
2026-07-09T07:12:10.445553,2026-07-09T07:12:10.464233+00:00,122.5,125,bid,AverageAlmonds,YieldingYams,13248766
2026-07-09T07:12:10.655413,2026-07-09T07:12:10.663884+00:00,122.6,200,bid,YieldingYams,WavyWalnuts,13248777
2026-07-09T07:12:11.781874,2026-07-09T07:12:11.793965+00:00,122.7,200,ask,YieldingYams,WavyWalnuts,13248795
2026-07-09T07:12:14.213557,2026-07-09T07:12:14.217296+00:00,122.6,11,bid,Xuanyu Liu,WavyWalnuts,13248840
2026-07-09T07:12:14.594329,2026-07-09T07:12:14.601937+00:00,122.6,189,bid,YieldingYams,WavyWalnuts,13248851
2026-07-09T07:12:17.826249,2026-07-09T07:12:17.836219+00:00,122.6,200,ask,YieldingYams,WavyWalnuts,13248895
2026-07-09T07:12:19.037156,2026-07-09T07:12:19.047574+00:00,122.5,200,ask,YieldingYams,WavyWalnuts,13248914
2026-07-09T07:12:20.245557,2026-07-09T07:12:20.253650+00:00,122.6,200,ask,AverageAlmonds,WavyWalnuts,13248924
2026-07-09T07:12:21.354413,2026-07-09T07:12:21.353264+00:00,122.6,500,bid,AverageAlmonds,YieldingYams,13248943
2026-07-09T07:12:21.949957,2026-07-09T07:12:21.958583+00:00,122.6,125,bid,AverageAlmonds,YieldingYams,13248950
2026-07-09T07:12:22.502594,2026-07-09T07:12:22.511231+00:00,122.7,200,bid,YieldingYams,WavyWalnuts,13248959
2026-07-09T07:12:22.661978,2026-07-09T07:12:22.669501+00:00,122.8,200,ask,YieldingYams,WavyWalnuts,13248966
2026-07-09T07:12:23.870949,2026-07-09T07:12:23.878021+00:00,122.7,200,ask,YieldingYams,WavyWalnuts,13248992
2026-07-09T07:12:25.081718,2026-07-09T07:12:25.092574+00:00,122.7,200,ask,YieldingYams,WavyWalnuts,13249009
2026-07-09T07:12:25.159831,2026-07-09T07:12:25.164697+00:00,122.6,26,bid,Xuanyu Liu,YieldingYams,13249014
2026-07-09T07:12:26.457725,2026-07-09T07:12:26.469673+00:00,122.5,200,bid,YieldingYams,WavyWalnuts,13249027
2026-07-09T07:12:27.788332,2026-07-09T07:12:27.799122+00:00,122.5,200,ask,WavyWalnuts,YieldingYams,13249050
2026-07-09T07:12:28.704894,2026-07-09T07:12:28.712528+00:00,122.4,200,ask,AverageAlmonds,WavyWalnuts,13249067
2026-07-09T07:12:29.915690,2026-07-09T07:12:29.924196+00:00,122.5,200,ask,AverageAlmonds,WavyWalnuts,13249087
2026-07-09T07:12:30.407383,2026-07-09T07:12:30.416184+00:00,122.5,300,ask,AverageAlmonds,YieldingYams,13249093
2026-07-09T07:12:30.427028,2026-07-09T07:12:30.436753+00:00,122.5,325,bid,AverageAlmonds,YieldingYams,13249094
2026-07-09T07:12:31.124279,2026-07-09T07:12:31.131758+00:00,122.4,200,ask,AverageAlmonds,WavyWalnuts,13249105
2026-07-09T07:12:32.333432,2026-07-09T07:12:32.341121+00:00,122.6,200,ask,YieldingYams,WavyWalnuts,13249124
2026-07-09T07:12:33.547879,2026-07-09T07:12:33.554979+00:00,122.6,200,ask,AverageAlmonds,WavyWalnuts,13249138
2026-07-09T07:12:33.876440,2026-07-09T07:12:33.884052+00:00,122.8,20,bid,BrilliantBurritos,YieldingYams,13249142
2026-07-09T07:12:34.757936,2026-07-09T07:12:34.769495+00:00,122.6,200,ask,AverageAlmonds,WavyWalnuts,13249166
2026-07-09T07:12:34.984539,2026-07-09T07:12:34.988759+00:00,122.6,3,ask,AverageAlmonds,Xuanyu Liu,13249168
2026-07-09T07:12:35.669836,2026-07-09T07:12:35.679562+00:00,122.6,500,ask,AverageAlmonds,YieldingYams,13249185
2026-07-09T07:12:35.876268,2026-07-09T07:12:35.884894+00:00,122.6,125,bid,AverageAlmonds,YieldingYams,13249187
2026-07-09T07:12:36.980696,2026-07-09T07:12:36.990962+00:00,122.7,200,bid,YieldingYams,WavyWalnuts,13249205
2026-07-09T07:12:36.998081,2026-07-09T07:12:37.001847+00:00,122.7,11,ask,YieldingYams,Xuanyu Liu,13249207
2026-07-09T07:12:37.335318,2026-07-09T07:12:37.341050+00:00,122.7,12,ask,YieldingYams,Xuanyu Liu,13249213
2026-07-09T07:12:38.152137,2026-07-09T07:12:38.156266+00:00,122.9,20,bid,BrilliantBurritos,YieldingYams,13249226
2026-07-09T07:12:39.599772,2026-07-09T07:12:39.609773+00:00,122.7,200,bid,WavyWalnuts,YieldingYams,13249245
2026-07-09T07:12:42.020042,2026-07-09T07:12:42.030330+00:00,122.7,200,bid,WavyWalnuts,YieldingYams,13249277
2026-07-09T07:12:43.665477,2026-07-09T07:12:43.669909+00:00,122.6,23,ask,WavyWalnuts,Xuanyu Liu,13249302
2026-07-09T07:12:50.034832,2026-07-09T07:12:50.046909+00:00,122.6,20,bid,BrilliantBurritos,YieldingYams,13249415
2026-07-09T07:12:50.495729,2026-07-09T07:12:50.503968+00:00,122.5,200,ask,AverageAlmonds,WavyWalnuts,13249424
2026-07-09T07:12:51.477743,2026-07-09T07:12:51.486276+00:00,122.5,500,ask,AverageAlmonds,YieldingYams,13249441
2026-07-09T07:12:51.639567,2026-07-09T07:12:51.651069+00:00,122.4,125,bid,AverageAlmonds,YieldingYams,13249442
2026-07-09T07:12:52.855929,2026-07-09T07:12:52.855068+00:00,122.6,200,bid,AverageAlmonds,WavyWalnuts,13249456
2026-07-09T07:12:52.855929,2026-07-09T07:12:52.869436+00:00,122.6,300,bid,AverageAlmonds,YieldingYams,13249457
2026-07-09T07:12:53.445240,2026-07-09T07:12:53.454228+00:00,122.6,325,bid,AverageAlmonds,YieldingYams,13249470
2026-07-09T07:12:54.099670,2026-07-09T07:12:54.111471+00:00,122.8,200,bid,YieldingYams,WavyWalnuts,13249485
2026-07-09T07:12:55.008878,2026-07-09T07:12:55.021205+00:00,123.0,20,bid,BrilliantBurritos,YieldingYams,13249500
2026-07-09T07:12:55.421002,2026-07-09T07:12:55.428411+00:00,122.9,200,ask,WavyWalnuts,YieldingYams,13249508
2026-07-09T07:12:56.548965,2026-07-09T07:12:56.556908+00:00,122.9,200,bid,WavyWalnuts,YieldingYams,13249529
2026-07-09T07:12:57.761277,2026-07-09T07:12:57.770360+00:00,122.9,200,bid,WavyWalnuts,YieldingYams,13249548
2026-07-09T07:12:58.974002,2026-07-09T07:12:58.985547+00:00,122.8,200,ask,YieldingYams,WavyWalnuts,13249569
2026-07-09T07:13:04.130117,2026-07-09T07:13:04.137086+00:00,122.9,20,bid,BrilliantBurritos,YieldingYams,13249648
2026-07-09T07:13:05.847037,2026-07-09T07:13:05.851244+00:00,122.9,35,bid,Xuanyu Liu,WavyWalnuts,13249682
2026-07-09T07:13:06.041153,2026-07-09T07:13:06.046723+00:00,122.8,11,bid,Xuanyu Liu,YieldingYams,13249691
2026-07-09T07:13:06.255594,2026-07-09T07:13:06.267782+00:00,122.8,20,bid,BrilliantBurritos,YieldingYams,13249692
2026-07-09T07:13:07.329587,2026-07-09T07:13:07.339089+00:00,122.7,200,ask,WavyWalnuts,YieldingYams,13249717
2026-07-09T07:13:08.658643,2026-07-09T07:13:08.670240+00:00,122.5,200,ask,AverageAlmonds,WavyWalnuts,13249739
2026-07-09T07:13:11.075205,2026-07-09T07:13:11.082222+00:00,122.6,200,bid,WavyWalnuts,YieldingYams,13249774
2026-07-09T07:13:11.300038,2026-07-09T07:13:11.309633+00:00,122.5,20,ask,YieldingYams,BrilliantBurritos,13249778
2026-07-09T07:13:12.971587,2026-07-09T07:13:12.976199+00:00,122.4,11,ask,WavyWalnuts,Xuanyu Liu,13249802
2026-07-09T07:13:13.495381,2026-07-09T07:13:13.503144+00:00,122.4,200,ask,YieldingYams,WavyWalnuts,13249806
2026-07-09T07:13:15.232938,2026-07-09T07:13:15.239786+00:00,122.5,200,bid,AverageAlmonds,WavyWalnuts,13249825
2026-07-09T07:13:15.333265,2026-07-09T07:13:15.337650+00:00,122.5,23,ask,AverageAlmonds,Xuanyu Liu,13249829
2026-07-09T07:13:17.067358,2026-07-09T07:13:17.074581+00:00,122.6,200,bid,AverageAlmonds,WavyWalnuts,13249848
2026-07-09T07:13:17.421415,2026-07-09T07:13:17.433751+00:00,122.6,20,ask,AverageAlmonds,BrilliantBurritos,13249853
2026-07-09T07:13:19.236077,2026-07-09T07:13:19.240405+00:00,122.9,11,bid,Xuanyu Liu,WavyWalnuts,13249886
2026-07-09T07:13:20.508446,2026-07-09T07:13:20.512220+00:00,122.8,12,bid,Xuanyu Liu,YieldingYams,13249900
2026-07-09T07:13:23.144805,2026-07-09T07:13:23.151068+00:00,122.7,200,ask,WavyWalnuts,YieldingYams,13249941
2026-07-09T07:13:23.144805,2026-07-09T07:13:23.151068+00:00,122.6,425,ask,AverageAlmonds,YieldingYams,13249942
2026-07-09T07:13:24.780964,2026-07-09T07:13:24.785565+00:00,122.8,11,bid,Xuanyu Liu,WavyWalnuts,13249963
2026-07-09T07:13:25.617672,2026-07-09T07:13:25.628294+00:00,122.9,200,bid,WavyWalnuts,YieldingYams,13249978
2026-07-09T07:13:25.765807,2026-07-09T07:13:25.772361+00:00,123.1,200,bid,YieldingYams,WavyWalnuts,13249983
2026-07-09T07:13:26.830287,2026-07-09T07:13:26.838978+00:00,123.1,200,ask,YieldingYams,WavyWalnuts,13249997
2026-07-09T07:13:27.934402,2026-07-09T07:13:27.946272+00:00,123.0,20,bid,BrilliantBurritos,YieldingYams,13250006
2026-07-09T07:13:28.668011,2026-07-09T07:13:28.677123+00:00,122.9,20,ask,WavyWalnuts,BrilliantBurritos,13250019
2026-07-09T07:13:29.249062,2026-07-09T07:13:29.263658+00:00,123.1,200,bid,WavyWalnuts,YieldingYams,13250022
2026-07-09T07:13:31.011052,2026-07-09T07:13:31.022430+00:00,123.2,200,bid,YieldingYams,WavyWalnuts,13250057
2026-07-09T07:13:31.180099,2026-07-09T07:13:31.184294+00:00,123.4,3,bid,Xuanyu Liu,AverageAlmonds,13250063
2026-07-09T07:13:31.674626,2026-07-09T07:13:31.682212+00:00,123.2,200,ask,YieldingYams,WavyWalnuts,13250067
2026-07-09T07:13:32.347987,2026-07-09T07:13:32.352222+00:00,123.1,14,bid,Xuanyu Liu,YieldingYams,13250076
2026-07-09T07:13:32.368905,2026-07-09T07:13:32.379550+00:00,123.1,20,bid,Heero Sipayung,YieldingYams,13250078
2026-07-09T07:13:32.401136,2026-07-09T07:13:32.409204+00:00,123.1,20,bid,Heero Sipayung,YieldingYams,13250080
2026-07-09T07:13:34.147328,2026-07-09T07:13:34.158597+00:00,123.0,20,ask,WavyWalnuts,BrilliantBurritos,13250102
2026-07-09T07:13:34.355234,2026-07-09T07:13:34.360383+00:00,123.0,14,ask,WavyWalnuts,Xuanyu Liu,13250106
2026-07-09T07:13:35.345219,2026-07-09T07:13:35.357128+00:00,123.1,20,ask,WavyWalnuts,Heero Sipayung,13250139
2026-07-09T07:13:35.367582,2026-07-09T07:13:35.378626+00:00,123.1,20,ask,WavyWalnuts,Heero Sipayung,13250141
2026-07-09T07:13:36.520010,2026-07-09T07:13:36.530113+00:00,123.2,200,bid,WavyWalnuts,YieldingYams,13250163
2026-07-09T07:13:37.153544,2026-07-09T07:13:37.165845+00:00,123.2,20,bid,BrilliantBurritos,YieldingYams,13250169
2026-07-09T07:13:38.900647,2026-07-09T07:13:38.910921+00:00,123.3,200,ask,WavyWalnuts,YieldingYams,13250212
2026-07-09T07:13:40.209646,2026-07-09T07:13:40.217015+00:00,123.3,500,bid,YieldingYams,AverageAlmonds,13250227
2026-07-09T07:13:40.209646,2026-07-09T07:13:40.222468+00:00,123.3,125,bid,YieldingYams,WavyWalnuts,13250228
2026-07-09T07:13:42.836555,2026-07-09T07:13:42.846264+00:00,123.2,200,ask,WavyWalnuts,YieldingYams,13250263
2026-07-09T07:13:44.922204,2026-07-09T07:13:44.930258+00:00,123.1,200,ask,WavyWalnuts,AverageAlmonds,13250295
2026-07-09T07:13:47.421453,2026-07-09T07:13:47.432048+00:00,123.0,200,ask,YieldingYams,WavyWalnuts,13250338
2026-07-09T07:13:50.711782,2026-07-09T07:13:50.721069+00:00,123.1,200,bid,YieldingYams,WavyWalnuts,13250397
2026-07-09T07:13:50.711782,2026-07-09T07:13:50.721069+00:00,123.1,425,bid,YieldingYams,AverageAlmonds,13250398
2026-07-09T07:13:51.045570,2026-07-09T07:13:51.054849+00:00,123.1,200,bid,WavyWalnuts,AverageAlmonds,13250401
2026-07-09T07:13:52.025242,2026-07-09T07:13:52.032594+00:00,123.0,500,bid,YieldingYams,AverageAlmonds,13250417
2026-07-09T07:13:52.213680,2026-07-09T07:13:52.225253+00:00,123.0,125,ask,YieldingYams,AverageAlmonds,13250420
2026-07-09T07:13:52.258314,2026-07-09T07:13:52.267159+00:00,123.0,200,bid,WavyWalnuts,AverageAlmonds,13250421
2026-07-09T07:13:53.468498,2026-07-09T07:13:53.477574+00:00,122.7,200,bid,WavyWalnuts,YieldingYams,13250445
2026-07-09T07:13:54.558594,2026-07-09T07:13:54.565743+00:00,122.5,20,ask,YieldingYams,BrilliantBurritos,13250471
2026-07-09T07:13:54.678829,2026-07-09T07:13:54.688287+00:00,122.8,200,bid,WavyWalnuts,YieldingYams,13250473
2026-07-09T07:13:55.888676,2026-07-09T07:13:55.896191+00:00,122.8,200,bid,WavyWalnuts,YieldingYams,13250487
2026-07-09T07:13:57.107987,2026-07-09T07:13:57.115818+00:00,122.8,200,ask,YieldingYams,WavyWalnuts,13250505
2026-07-09T07:14:03.718716,2026-07-09T07:14:03.729568+00:00,122.9,20,bid,BrilliantBurritos,YieldingYams,13250604
2026-07-09T07:14:05.153382,2026-07-09T07:14:05.158599+00:00,122.8,200,bid,YieldingYams,WavyWalnuts,13250628
2026-07-09T07:14:05.579396,2026-07-09T07:14:05.587910+00:00,122.8,200,ask,YieldingYams,WavyWalnuts,13250635
2026-07-09T07:14:06.512299,2026-07-09T07:14:06.516611+00:00,122.8,14,bid,Xuanyu Liu,YieldingYams,13250653
2026-07-09T07:14:06.573108,2026-07-09T07:14:06.583713+00:00,122.8,20,bid,Heero Sipayung,YieldingYams,13250655
2026-07-09T07:14:06.596242,2026-07-09T07:14:06.606849+00:00,122.8,20,bid,Heero Sipayung,YieldingYams,13250657
2026-07-09T07:14:06.649505,2026-07-09T07:14:06.658574+00:00,122.8,20,bid,Heero Sipayung,YieldingYams,13250662
2026-07-09T07:14:06.674582,2026-07-09T07:14:06.685219+00:00,122.8,20,bid,Heero Sipayung,YieldingYams,13250664
2026-07-09T07:14:06.697159,2026-07-09T07:14:06.708177+00:00,122.8,20,bid,Heero Sipayung,YieldingYams,13250666
2026-07-09T07:14:06.776645,2026-07-09T07:14:06.786551+00:00,122.8,20,bid,Heero Sipayung,YieldingYams,13250668
2026-07-09T07:14:06.844398,2026-07-09T07:14:06.856335+00:00,122.8,20,bid,Heero Sipayung,YieldingYams,13250670
2026-07-09T07:14:06.861339,2026-07-09T07:14:06.873227+00:00,122.6,4,ask,YieldingYams,Heero Sipayung,13250671
2026-07-09T07:14:07.997591,2026-07-09T07:14:08.008320+00:00,122.6,200,ask,YieldingYams,WavyWalnuts,13250685
2026-07-09T07:14:08.605486,2026-07-09T07:14:08.617920+00:00,122.8,20,bid,BrilliantBurritos,YieldingYams,13250689
2026-07-09T07:14:09.197629,2026-07-09T07:14:09.201851+00:00,122.6,11,ask,YieldingYams,Xuanyu Liu,13250709
2026-07-09T07:14:11.641187,2026-07-09T07:14:11.658600+00:00,122.7,200,ask,YieldingYams,WavyWalnuts,13250752
2026-07-09T07:14:12.852699,2026-07-09T07:14:12.858593+00:00,122.6,200,ask,YieldingYams,WavyWalnuts,13250772
2026-07-09T07:14:18.682106,2026-07-09T07:14:18.686657+00:00,122.5,3,ask,YieldingYams,Xuanyu Liu,13250843
2026-07-09T07:14:18.910219,2026-07-09T07:14:18.921370+00:00,122.5,200,ask,YieldingYams,WavyWalnuts,13250844
2026-07-09T07:14:20.082450,2026-07-09T07:14:20.091274+00:00,122.6,20,bid,BrilliantBurritos,YieldingYams,13250863
2026-07-09T07:14:20.116828,2026-07-09T07:14:20.126061+00:00,122.6,200,bid,WavyWalnuts,YieldingYams,13250864
2026-07-09T07:14:21.328158,2026-07-09T07:14:21.340067+00:00,122.5,200,bid,WavyWalnuts,YieldingYams,13250879
2026-07-09T07:14:22.288245,2026-07-09T07:14:22.296661+00:00,122.5,20,ask,YieldingYams,Heero Sipayung,13250902
2026-07-09T07:14:22.361537,2026-07-09T07:14:22.373845+00:00,122.5,20,ask,YieldingYams,Heero Sipayung,13250904
2026-07-09T07:14:22.387189,2026-07-09T07:14:22.394555+00:00,122.5,20,ask,YieldingYams,Heero Sipayung,13250908
2026-07-09T07:14:22.410360,2026-07-09T07:14:22.421949+00:00,122.5,20,ask,YieldingYams,Heero Sipayung,13250911
2026-07-09T07:14:22.452332,2026-07-09T07:14:22.458531+00:00,122.5,20,ask,YieldingYams,Heero Sipayung,13250913
2026-07-09T07:14:22.484506,2026-07-09T07:14:22.492459+00:00,122.5,20,ask,YieldingYams,Heero Sipayung,13250915
2026-07-09T07:14:22.543928,2026-07-09T07:14:22.555004+00:00,122.5,200,ask,YieldingYams,WavyWalnuts,13250919
2026-07-09T07:14:22.564428,2026-07-09T07:14:22.576401+00:00,122.5,16,ask,YieldingYams,Heero Sipayung,13250920
2026-07-09T07:14:23.578561,2026-07-09T07:14:23.587831+00:00,122.3,200,ask,WavyWalnuts,YieldingYams,13250944
2026-07-09T07:14:23.747966,2026-07-09T07:14:23.758595+00:00,122.3,200,bid,WavyWalnuts,YieldingYams,13250947
2026-07-09T07:14:24.958015,2026-07-09T07:14:24.969984+00:00,122.3,200,ask,YieldingYams,WavyWalnuts,13250965
2026-07-09T07:14:32.285401,2026-07-09T07:14:32.293923+00:00,122.6,20,bid,BrilliantBurritos,YieldingYams,13251064
2026-07-09T07:14:32.807616,2026-07-09T07:14:32.815637+00:00,122.5,500,bid,YieldingYams,AverageAlmonds,13251074
2026-07-09T07:14:33.189721,2026-07-09T07:14:33.201507+00:00,122.6,20,bid,BrilliantBurritos,WavyWalnuts,13251080
2026-07-09T07:14:33.434699,2026-07-09T07:14:33.443414+00:00,122.5,125,ask,YieldingYams,WavyWalnuts,13251085
2026-07-09T07:14:34.126221,2026-07-09T07:14:34.136930+00:00,122.3,200,ask,WavyWalnuts,YieldingYams,13251098
2026-07-09T07:14:34.642065,2026-07-09T07:14:34.651723+00:00,122.2,200,bid,WavyWalnuts,YieldingYams,13251104
2026-07-09T07:14:35.315732,2026-07-09T07:14:35.320496+00:00,122.0,3,ask,YieldingYams,Xuanyu Liu,13251112
2026-07-09T07:14:35.467099,2026-07-09T07:14:35.471814+00:00,122.1,11,ask,YieldingYams,Xuanyu Liu,13251116
2026-07-09T07:14:35.864378,2026-07-09T07:14:35.868668+00:00,122.2,12,ask,WavyWalnuts,Xuanyu Liu,13251127
2026-07-09T07:14:37.069895,2026-07-09T07:14:37.076787+00:00,122.3,200,bid,WavyWalnuts,YieldingYams,13251149
2026-07-09T07:14:38.078788,2026-07-09T07:14:38.086044+00:00,122.3,20,bid,BrilliantBurritos,YieldingYams,13251165
2026-07-09T07:14:38.281672,2026-07-09T07:14:38.291971+00:00,122.3,200,bid,WavyWalnuts,YieldingYams,13251170
2026-07-09T07:14:39.492820,2026-07-09T07:14:39.499986+00:00,122.3,200,ask,YieldingYams,WavyWalnuts,13251182
2026-07-09T07:14:41.756928,2026-07-09T07:14:41.768974+00:00,122.2,20,ask,WavyWalnuts,BrilliantBurritos,13251217
2026-07-09T07:14:42.480117,2026-07-09T07:14:42.491635+00:00,122.2,500,bid,AverageAlmonds,YieldingYams,13251228
2026-07-09T07:14:43.146340,2026-07-09T07:14:43.156616+00:00,122.1,200,ask,AverageAlmonds,WavyWalnuts,13251241
2026-07-09T07:14:43.344457,2026-07-09T07:14:43.348479+00:00,122.4,23,ask,YieldingYams,Xuanyu Liu,13251252
2026-07-09T07:14:43.815386,2026-07-09T07:14:43.778342+00:00,122.6,20,bid,BrilliantBurritos,YieldingYams,13251254
2026-07-09T07:14:44.355927,2026-07-09T07:14:44.363039+00:00,122.4,200,ask,YieldingYams,WavyWalnuts,13251261
2026-07-09T07:14:45.904799,2026-07-09T07:14:45.916607+00:00,122.3,20,ask,YieldingYams,BrilliantBurritos,13251292
2026-07-09T07:14:45.954602,2026-07-09T07:14:45.954596+00:00,122.4,200,bid,YieldingYams,WavyWalnuts,13251293
2026-07-09T07:14:46.777174,2026-07-09T07:14:46.787579+00:00,122.4,200,ask,YieldingYams,WavyWalnuts,13251314
2026-07-09T07:14:48.581141,2026-07-09T07:14:48.590009+00:00,122.2,200,ask,WavyWalnuts,YieldingYams,13251342
2026-07-09T07:14:49.893589,2026-07-09T07:14:49.902920+00:00,122.1,200,ask,WavyWalnuts,YieldingYams,13251366
2026-07-09T07:14:49.893589,2026-07-09T07:14:49.902920+00:00,122.1,425,ask,AverageAlmonds,YieldingYams,13251367
2026-07-09T07:14:50.364391,2026-07-09T07:14:50.368358+00:00,122.1,34,ask,AverageAlmonds,Xuanyu Liu,13251377
2026-07-09T07:14:52.821689,2026-07-09T07:14:52.831743+00:00,122.2,200,ask,AverageAlmonds,WavyWalnuts,13251416
2026-07-09T07:14:53.382367,2026-07-09T07:14:53.391303+00:00,122.3,500,bid,AverageAlmonds,YieldingYams,13251431
2026-07-09T07:14:56.249887,2026-07-09T07:14:56.258580+00:00,122.4,20,ask,YieldingYams,BrilliantBurritos,13251468
2026-07-09T07:14:56.452406,2026-07-09T07:14:56.458616+00:00,122.4,200,ask,AverageAlmonds,WavyWalnuts,13251472
2026-07-09T07:15:04.330672,2026-07-09T07:15:04.338541+00:00,122.5,200,ask,WavyWalnuts,YieldingYams,13251594
2026-07-09T07:15:04.330672,2026-07-09T07:15:04.343497+00:00,122.5,425,ask,AverageAlmonds,YieldingYams,13251595
2026-07-09T07:15:05.640401,2026-07-09T07:15:05.649904+00:00,122.5,200,bid,YieldingYams,WavyWalnuts,13251614
2026-07-09T07:15:06.140751,2026-07-09T07:15:06.150468+00:00,122.5,200,ask,YieldingYams,WavyWalnuts,13251623
2026-07-09T07:15:07.865372,2026-07-09T07:15:07.877255+00:00,122.6,20,bid,BrilliantBurritos,YieldingYams,13251640
2026-07-09T07:15:07.916316,2026-07-09T07:15:07.925187+00:00,122.6,500,bid,AverageAlmonds,YieldingYams,13251641
2026-07-09T07:15:08.263053,2026-07-09T07:15:08.270873+00:00,122.6,200,bid,YieldingYams,WavyWalnuts,13251654
2026-07-09T07:15:10.987857,2026-07-09T07:15:10.994986+00:00,122.7,200,ask,YieldingYams,WavyWalnuts,13251708
2026-07-09T07:15:12.212888,2026-07-09T07:15:12.221577+00:00,122.7,500,ask,AverageAlmonds,YieldingYams,13251730
2026-07-09T07:15:12.218784,2026-07-09T07:15:12.226835+00:00,122.6,125,bid,WavyWalnuts,YieldingYams,13251731
2026-07-09T07:15:13.006623,2026-07-09T07:15:13.017238+00:00,122.8,20,bid,BrilliantBurritos,WavyWalnuts,13251747
2026-07-09T07:15:13.519692,2026-07-09T07:15:13.528700+00:00,122.7,200,bid,YieldingYams,WavyWalnuts,13251760
2026-07-09T07:15:14.642178,2026-07-09T07:15:14.658565+00:00,122.8,200,ask,YieldingYams,WavyWalnuts,13251782
2026-07-09T07:15:14.827505,2026-07-09T07:15:14.830301+00:00,123.0,20,bid,BrilliantBurritos,YieldingYams,13251791
2026-07-09T07:15:15.695566,2026-07-09T07:15:15.700275+00:00,122.6,11,ask,WavyWalnuts,Xuanyu Liu,13251805
2026-07-09T07:15:15.852811,2026-07-09T07:15:15.858571+00:00,122.7,200,bid,WavyWalnuts,YieldingYams,13251806
2026-07-09T07:15:17.470294,2026-07-09T07:15:17.479757+00:00,122.6,500,ask,AverageAlmonds,YieldingYams,13251830
2026-07-09T07:15:17.470294,2026-07-09T07:15:17.479757+00:00,122.6,125,ask,WavyWalnuts,YieldingYams,13251831
2026-07-09T07:15:18.252628,2026-07-09T07:15:18.256712+00:00,122.7,6,ask,AverageAlmonds,Xuanyu Liu,13251848
2026-07-09T07:15:18.781840,2026-07-09T07:15:18.792196+00:00,122.8,200,bid,YieldingYams,WavyWalnuts,13251857
2026-07-09T07:15:19.480082,2026-07-09T07:15:19.488218+00:00,122.8,200,ask,YieldingYams,WavyWalnuts,13251862
2026-07-09T07:15:20.050121,2026-07-09T07:15:20.058554+00:00,123.0,20,bid,BrilliantBurritos,YieldingYams,13251871
2026-07-09T07:15:21.425758,2026-07-09T07:15:21.432887+00:00,122.8,500,ask,AverageAlmonds,YieldingYams,13251893
2026-07-09T07:15:21.828457,2026-07-09T07:15:21.836598+00:00,122.8,125,bid,AverageAlmonds,YieldingYams,13251898
2026-07-09T07:15:22.192274,2026-07-09T07:15:22.204370+00:00,123.0,20,bid,BrilliantBurritos,WavyWalnuts,13251900
2026-07-09T07:15:23.117914,2026-07-09T07:15:23.128945+00:00,122.9,200,ask,YieldingYams,WavyWalnuts,13251919
2026-07-09T07:15:25.135992,2026-07-09T07:15:25.140324+00:00,123.0,17,bid,Xuanyu Liu,YieldingYams,13251946
2026-07-09T07:15:25.213119,2026-07-09T07:15:25.225048+00:00,122.8,20,ask,YieldingYams,BrilliantBurritos,13251948
2026-07-09T07:15:35.296473,2026-07-09T07:15:35.307903+00:00,122.9,200,ask,YieldingYams,WavyWalnuts,13252104
2026-07-09T07:15:38.632913,2026-07-09T07:15:38.636906+00:00,122.9,12,bid,Xuanyu Liu,YieldingYams,13252162
2026-07-09T07:15:38.927121,2026-07-09T07:15:38.935923+00:00,122.9,200,bid,WavyWalnuts,YieldingYams,13252167
2026-07-09T07:15:40.139170,2026-07-09T07:15:40.148090+00:00,122.9,200,bid,WavyWalnuts,YieldingYams,13252181
2026-07-09T07:15:41.348866,2026-07-09T07:15:41.358558+00:00,122.9,200,bid,WavyWalnuts,YieldingYams,13252204
2026-07-09T07:15:42.615067,2026-07-09T07:15:42.624640+00:00,123.0,200,bid,YieldingYams,WavyWalnuts,13252229
2026-07-09T07:15:44.136226,2026-07-09T07:15:44.145193+00:00,123.1,20,bid,BrilliantBurritos,YieldingYams,13252256
2026-07-09T07:15:44.212702,2026-07-09T07:15:44.218338+00:00,123.1,22,bid,Xuanyu Liu,YieldingYams,13252259
2026-07-09T07:15:47.403018,2026-07-09T07:15:47.414012+00:00,123.1,200,ask,YieldingYams,WavyWalnuts,13252309
2026-07-09T07:15:50.767529,2026-07-09T07:15:50.779712+00:00,123.1,20,ask,WavyWalnuts,BrilliantBurritos,13252357
2026-07-09T07:15:51.803968,2026-07-09T07:15:51.814613+00:00,123.2,200,ask,WavyWalnuts,YieldingYams,13252375
2026-07-09T07:15:51.821442,2026-07-09T07:15:51.825525+00:00,123.2,12,bid,Xuanyu Liu,YieldingYams,13252377
2026-07-09T07:15:53.120431,2026-07-09T07:15:53.127989+00:00,123.2,200,bid,YieldingYams,WavyWalnuts,13252402
2026-07-09T07:15:53.454694,2026-07-09T07:15:53.454991+00:00,123.2,20,ask,YieldingYams,BrilliantBurritos,13252407
2026-07-09T07:15:54.449146,2026-07-09T07:15:54.458304+00:00,123.1,200,ask,WavyWalnuts,YieldingYams,13252431
2026-07-09T07:15:54.465102,2026-07-09T07:15:54.469498+00:00,123.1,11,bid,Xuanyu Liu,YieldingYams,13252433
2026-07-09T07:15:54.655894,2026-07-09T07:15:54.664994+00:00,123.1,200,bid,WavyWalnuts,YieldingYams,13252435
2026-07-09T07:15:57.321152,2026-07-09T07:15:57.328644+00:00,123.2,20,bid,BrilliantBurritos,WavyWalnuts,13252473
2026-07-09T07:15:58.318069,2026-07-09T07:15:58.328235+00:00,123.1,200,ask,YieldingYams,WavyWalnuts,13252484
2026-07-09T07:15:59.528043,2026-07-09T07:15:59.538391+00:00,123.3,200,ask,YieldingYams,WavyWalnuts,13252497
2026-07-09T07:16:00.666164,2026-07-09T07:16:00.670615+00:00,123.5,12,bid,Xuanyu Liu,AverageAlmonds,13252518
