timestamp,recv_time,price,volume,aggressor_side,buyer,seller,trade_id
2026-07-01T17:30:31.224820,2026-07-01T17:30:31.231699+00:00,88.6,35,bid,Chester Au,WavyWalnuts,2703017
2026-07-01T17:30:31.227641,2026-07-01T17:30:31.231699+00:00,88.6,11,bid,Xuanyu Liu,WavyWalnuts,2703018
2026-07-01T17:30:32.913420,2026-07-01T17:30:32.924688+00:00,88.6,20,bid,BrilliantBurritos,YieldingYams,2703045
2026-07-01T17:30:33.659680,2026-07-01T17:30:33.663471+00:00,88.6,6,ask,WavyWalnuts,Xuanyu Liu,2703071
2026-07-01T17:30:33.664566,2026-07-01T17:30:33.668197+00:00,88.6,5,ask,WavyWalnuts,Xuanyu Liu,2703072
2026-07-01T17:30:34.841800,2026-07-01T17:30:34.858766+00:00,88.7,3,bid,WavyWalnuts,Kelvin Chan,2703110
2026-07-01T17:30:34.841800,2026-07-01T17:30:34.858766+00:00,88.7,197,bid,WavyWalnuts,AverageAlmonds,2703111
2026-07-01T17:30:35.402810,2026-07-01T17:30:35.412281+00:00,88.6,20,ask,YieldingYams,BrilliantBurritos,2703122
2026-07-01T17:30:36.668214,2026-07-01T17:30:36.679828+00:00,88.7,7,bid,BrilliantBurritos,Kelvin Chan,2703144
2026-07-01T17:30:36.668214,2026-07-01T17:30:36.679828+00:00,88.7,13,bid,BrilliantBurritos,AverageAlmonds,2703145
2026-07-01T17:30:36.950500,2026-07-01T17:30:36.958586+00:00,88.7,487,bid,YieldingYams,AverageAlmonds,2703148
2026-07-01T17:30:36.950500,2026-07-01T17:30:36.958586+00:00,88.7,6,bid,YieldingYams,Kelvin Chan,2703149
2026-07-01T17:30:37.195557,2026-07-01T17:30:37.209111+00:00,88.7,132,ask,YieldingYams,AverageAlmonds,2703153
2026-07-01T17:30:37.270932,2026-07-01T17:30:37.279669+00:00,88.7,200,bid,WavyWalnuts,AverageAlmonds,2703160
2026-07-01T17:30:38.477876,2026-07-01T17:30:38.487796+00:00,88.6,200,bid,WavyWalnuts,YieldingYams,2703182
2026-07-01T17:30:42.186792,2026-07-01T17:30:42.192920+00:00,88.5,200,ask,WavyWalnuts,YieldingYams,2703264
2026-07-01T17:30:44.887930,2026-07-01T17:30:44.895369+00:00,88.4,1,ask,Kelvin Chan,BrilliantBurritos,2703326
2026-07-01T17:30:44.887930,2026-07-01T17:30:44.900561+00:00,88.4,19,ask,WavyWalnuts,BrilliantBurritos,2703327
2026-07-01T17:30:45.773452,2026-07-01T17:30:45.777448+00:00,88.5,3,ask,WavyWalnuts,Xuanyu Liu,2703343
2026-07-01T17:30:47.421666,2026-07-01T17:30:47.429098+00:00,88.5,200,ask,WavyWalnuts,YieldingYams,2703377
2026-07-01T17:30:48.165928,2026-07-01T17:30:48.174427+00:00,88.5,200,bid,WavyWalnuts,YieldingYams,2703388
2026-07-01T17:30:49.373466,2026-07-01T17:30:49.379667+00:00,88.6,200,bid,WavyWalnuts,YieldingYams,2703422
2026-07-01T17:30:50.092245,2026-07-01T17:30:50.100882+00:00,88.4,8,ask,Kelvin Chan,BrilliantBurritos,2703431
2026-07-01T17:30:50.092245,2026-07-01T17:30:50.105923+00:00,88.4,12,ask,YieldingYams,BrilliantBurritos,2703432
2026-07-01T17:30:51.754916,2026-07-01T17:30:51.763833+00:00,88.5,200,ask,YieldingYams,WavyWalnuts,2703466
2026-07-01T17:30:51.754916,2026-07-01T17:30:51.763833+00:00,88.5,300,ask,YieldingYams,AverageAlmonds,2703467
2026-07-01T17:30:51.808781,2026-07-01T17:30:51.816664+00:00,88.5,200,ask,WavyWalnuts,AverageAlmonds,2703470
2026-07-01T17:30:52.659924,2026-07-01T17:30:52.669060+00:00,88.4,7,ask,Kelvin Chan,YieldingYams,2703479
2026-07-01T17:30:53.016756,2026-07-01T17:30:53.025497+00:00,88.3,200,bid,WavyWalnuts,YieldingYams,2703483
2026-07-01T17:30:54.230824,2026-07-01T17:30:54.231947+00:00,88.4,200,ask,YieldingYams,WavyWalnuts,2703504
2026-07-01T17:30:54.401632,2026-07-01T17:30:54.408147+00:00,88.4,150,ask,YieldingYams,Chester Au,2703513
2026-07-01T17:30:55.280473,2026-07-01T17:30:55.291426+00:00,88.4,8,ask,Kelvin Chan,YieldingYams,2703539
2026-07-01T17:30:56.614906,2026-07-01T17:30:56.621601+00:00,88.4,200,bid,YieldingYams,WavyWalnuts,2703573
2026-07-01T17:30:58.410913,2026-07-01T17:30:58.421907+00:00,88.4,200,ask,WavyWalnuts,AverageAlmonds,2703599
2026-07-01T17:31:00.550425,2026-07-01T17:31:00.555554+00:00,88.4,500,bid,YieldingYams,AverageAlmonds,2703638
2026-07-01T17:31:00.550425,2026-07-01T17:31:00.555554+00:00,88.4,125,bid,YieldingYams,WavyWalnuts,2703639
2026-07-01T17:31:01.874925,2026-07-01T17:31:01.885661+00:00,88.3,2,ask,Kelvin Chan,YieldingYams,2703670
2026-07-01T17:31:02.707720,2026-07-01T17:31:02.716912+00:00,88.3,200,bid,WavyWalnuts,YieldingYams,2703691
2026-07-01T17:31:04.502935,2026-07-01T17:31:04.512212+00:00,88.2,6,ask,Kelvin Chan,YieldingYams,2703723
2026-07-01T17:31:04.502935,2026-07-01T17:31:04.512212+00:00,88.2,200,ask,WavyWalnuts,YieldingYams,2703724
2026-07-01T17:31:04.502935,2026-07-01T17:31:04.512212+00:00,88.1,419,ask,AverageAlmonds,YieldingYams,2703725
2026-07-01T17:31:06.332561,2026-07-01T17:31:06.340513+00:00,88.3,200,ask,YieldingYams,WavyWalnuts,2703774
2026-07-01T17:31:07.122027,2026-07-01T17:31:07.132953+00:00,88.2,2,ask,Kelvin Chan,YieldingYams,2703779
2026-07-01T17:31:07.551264,2026-07-01T17:31:07.558571+00:00,88.2,200,bid,WavyWalnuts,YieldingYams,2703790
2026-07-01T17:31:09.744065,2026-07-01T17:31:09.768741+00:00,88.1,200,ask,WavyWalnuts,YieldingYams,2703816
2026-07-01T17:31:09.744065,2026-07-01T17:31:09.768741+00:00,88.1,2,ask,Kelvin Chan,YieldingYams,2703817
2026-07-01T17:31:10.207506,2026-07-01T17:31:10.211274+00:00,88.0,26,ask,YieldingYams,Xuanyu Liu,2703835
2026-07-01T17:31:10.212358,2026-07-01T17:31:10.226645+00:00,88.0,15,ask,YieldingYams,Chester Au,2703836
2026-07-01T17:31:13.618599,2026-07-01T17:31:13.622867+00:00,88.2,12,bid,Xuanyu Liu,WavyWalnuts,2703894
2026-07-01T17:31:13.673147,2026-07-01T17:31:13.681955+00:00,88.2,188,bid,YieldingYams,WavyWalnuts,2703897
2026-07-01T17:31:14.806118,2026-07-01T17:31:14.817200+00:00,88.3,200,ask,YieldingYams,WavyWalnuts,2703922
2026-07-01T17:31:14.986848,2026-07-01T17:31:14.995666+00:00,88.1,200,ask,WavyWalnuts,YieldingYams,2703926
2026-07-01T17:31:15.008068,2026-07-01T17:31:15.013051+00:00,88.1,11,bid,Xuanyu Liu,YieldingYams,2703928
2026-07-01T17:31:15.949541,2026-07-01T17:31:15.958593+00:00,88.1,20,bid,BrilliantBurritos,YieldingYams,2703942
2026-07-01T17:31:16.009558,2026-07-01T17:31:16.016221+00:00,88.1,200,bid,WavyWalnuts,YieldingYams,2703945
2026-07-01T17:31:17.218836,2026-07-01T17:31:17.227252+00:00,88.1,200,ask,YieldingYams,WavyWalnuts,2703977
2026-07-01T17:31:18.441238,2026-07-01T17:31:18.444895+00:00,88.1,3,bid,Xuanyu Liu,WavyWalnuts,2704001
2026-07-01T17:31:20.236466,2026-07-01T17:31:20.263843+00:00,88.0,1,ask,Kelvin Chan,YieldingYams,2704033
2026-07-01T17:31:20.236466,2026-07-01T17:31:20.263843+00:00,88.0,200,ask,WavyWalnuts,YieldingYams,2704034
2026-07-01T17:31:20.236466,2026-07-01T17:31:20.263843+00:00,88.0,424,ask,AverageAlmonds,YieldingYams,2704035
2026-07-01T17:31:20.380997,2026-07-01T17:31:20.385178+00:00,88.1,2,ask,Kelvin Chan,Xuanyu Liu,2704039
2026-07-01T17:31:21.544420,2026-07-01T17:31:21.573322+00:00,88.1,200,bid,YieldingYams,WavyWalnuts,2704060
2026-07-01T17:31:21.569392,2026-07-01T17:31:21.573322+00:00,88.1,1,ask,YieldingYams,Xuanyu Liu,2704063
2026-07-01T17:31:22.804008,2026-07-01T17:31:22.807797+00:00,88.3,3,bid,Xuanyu Liu,YieldingYams,2704084
2026-07-01T17:31:29.433944,2026-07-01T17:31:29.439448+00:00,88.0,2,ask,Kelvin Chan,Xuanyu Liu,2704204
2026-07-01T17:31:29.433944,2026-07-01T17:31:29.439448+00:00,88.0,1,ask,AverageAlmonds,Xuanyu Liu,2704205
2026-07-01T17:31:30.731434,2026-07-01T17:31:30.740694+00:00,88.0,8,ask,Kelvin Chan,YieldingYams,2704235
2026-07-01T17:31:30.731434,2026-07-01T17:31:30.740694+00:00,88.0,500,ask,AverageAlmonds,YieldingYams,2704236
2026-07-01T17:31:31.086141,2026-07-01T17:31:31.093594+00:00,88.0,117,bid,AverageAlmonds,YieldingYams,2704248
2026-07-01T17:31:31.758816,2026-07-01T17:31:31.769074+00:00,88.0,5,ask,Kelvin Chan,WavyWalnuts,2704258
2026-07-01T17:31:32.043327,2026-07-01T17:31:32.052026+00:00,88.0,195,bid,YieldingYams,WavyWalnuts,2704266
2026-07-01T17:31:33.354451,2026-07-01T17:31:33.373456+00:00,88.1,200,bid,YieldingYams,WavyWalnuts,2704293
2026-07-01T17:31:33.369650,2026-07-01T17:31:33.373456+00:00,88.1,11,ask,YieldingYams,Xuanyu Liu,2704295
2026-07-01T17:31:35.389212,2026-07-01T17:31:35.396353+00:00,88.1,200,ask,YieldingYams,WavyWalnuts,2704325
2026-07-01T17:31:35.980835,2026-07-01T17:31:35.990797+00:00,88.1,500,ask,AverageAlmonds,YieldingYams,2704338
2026-07-01T17:31:36.542365,2026-07-01T17:31:36.558673+00:00,88.1,125,bid,AverageAlmonds,YieldingYams,2704352
2026-07-01T17:31:36.599401,2026-07-01T17:31:36.606235+00:00,88.1,200,ask,AverageAlmonds,WavyWalnuts,2704357
2026-07-01T17:31:37.354034,2026-07-01T17:31:37.358603+00:00,88.2,20,ask,YieldingYams,BrilliantBurritos,2704368
2026-07-01T17:31:37.809263,2026-07-01T17:31:37.816167+00:00,88.2,200,ask,YieldingYams,WavyWalnuts,2704380
2026-07-01T17:31:39.571397,2026-07-01T17:31:39.582968+00:00,88.2,20,bid,BrilliantBurritos,WavyWalnuts,2704406
2026-07-01T17:31:39.907387,2026-07-01T17:31:39.918434+00:00,88.1,200,ask,WavyWalnuts,YieldingYams,2704414
2026-07-01T17:31:40.247520,2026-07-01T17:31:40.245672+00:00,88.0,2,ask,Kelvin Chan,WavyWalnuts,2704424
2026-07-01T17:31:40.247520,2026-07-01T17:31:40.245672+00:00,88.0,198,ask,AverageAlmonds,WavyWalnuts,2704425
2026-07-01T17:31:42.525463,2026-07-01T17:31:42.536127+00:00,88.1,200,ask,WavyWalnuts,YieldingYams,2704467
2026-07-01T17:31:42.665477,2026-07-01T17:31:42.673033+00:00,88.1,200,bid,WavyWalnuts,YieldingYams,2704474
2026-07-01T17:31:43.886059,2026-07-01T17:31:43.899241+00:00,88.3,200,ask,YieldingYams,WavyWalnuts,2704497
2026-07-01T17:31:43.895659,2026-07-01T17:31:43.899241+00:00,88.3,12,ask,YieldingYams,Xuanyu Liu,2704499
2026-07-01T17:31:45.092569,2026-07-01T17:31:45.102829+00:00,88.3,200,ask,YieldingYams,WavyWalnuts,2704516
2026-07-01T17:31:46.300203,2026-07-01T17:31:46.315539+00:00,88.2,200,bid,WavyWalnuts,YieldingYams,2704533
2026-07-01T17:31:49.122043,2026-07-01T17:31:49.125779+00:00,88.2,1,ask,WavyWalnuts,Xuanyu Liu,2704574
2026-07-01T17:31:49.126615,2026-07-01T17:31:49.146105+00:00,88.2,199,ask,WavyWalnuts,YieldingYams,2704575
2026-07-01T17:31:53.573984,2026-07-01T17:31:53.584872+00:00,88.0,4,ask,Kelvin Chan,WavyWalnuts,2704645
2026-07-01T17:31:53.573984,2026-07-01T17:31:53.584872+00:00,88.0,196,ask,YieldingYams,WavyWalnuts,2704646
2026-07-01T17:31:57.209282,2026-07-01T17:31:57.215798+00:00,88.1,200,ask,YieldingYams,WavyWalnuts,2704735
2026-07-01T17:31:57.807747,2026-07-01T17:31:57.811611+00:00,88.1,1,ask,YieldingYams,Xuanyu Liu,2704747
2026-07-01T17:31:59.625845,2026-07-01T17:31:59.632372+00:00,88.0,7,ask,Kelvin Chan,WavyWalnuts,2704771
2026-07-01T17:31:59.625845,2026-07-01T17:31:59.637586+00:00,88.0,193,ask,YieldingYams,WavyWalnuts,2704772
2026-07-01T17:32:00.915626,2026-07-01T17:32:00.925259+00:00,88.0,9,ask,Kelvin Chan,YieldingYams,2704784
2026-07-01T17:32:00.915626,2026-07-01T17:32:00.925259+00:00,88.0,200,ask,WavyWalnuts,YieldingYams,2704785
2026-07-01T17:32:00.939698,2026-07-01T17:32:00.943676+00:00,88.0,2,bid,Xuanyu Liu,YieldingYams,2704789
2026-07-01T17:32:02.594987,2026-07-01T17:32:02.604224+00:00,88.0,500,ask,YieldingYams,AverageAlmonds,2704831
2026-07-01T17:32:03.166824,2026-07-01T17:32:03.173275+00:00,88.1,20,bid,BrilliantBurritos,WavyWalnuts,2704835
2026-07-01T17:32:03.537743,2026-07-01T17:32:03.558846+00:00,87.9,5,ask,Kelvin Chan,YieldingYams,2704848
2026-07-01T17:32:03.537743,2026-07-01T17:32:03.558846+00:00,87.9,200,ask,WavyWalnuts,YieldingYams,2704849
2026-07-01T17:32:04.496752,2026-07-01T17:32:04.503091+00:00,87.9,200,bid,WavyWalnuts,YieldingYams,2704861
2026-07-01T17:32:05.714508,2026-07-01T17:32:05.721415+00:00,87.8,1,ask,Kelvin Chan,WavyWalnuts,2704892
2026-07-01T17:32:06.165306,2026-07-01T17:32:06.174884+00:00,87.8,199,bid,YieldingYams,WavyWalnuts,2704899
2026-07-01T17:32:07.091303,2026-07-01T17:32:07.094929+00:00,88.0,12,bid,Xuanyu Liu,YieldingYams,2704918
2026-07-01T17:32:07.486396,2026-07-01T17:32:07.506028+00:00,87.8,200,ask,WavyWalnuts,YieldingYams,2704927
2026-07-01T17:32:07.502477,2026-07-01T17:32:07.506028+00:00,87.8,14,bid,Xuanyu Liu,YieldingYams,2704930
2026-07-01T17:32:08.344256,2026-07-01T17:32:08.363897+00:00,87.7,1,ask,Kelvin Chan,BrilliantBurritos,2704944
2026-07-01T17:32:08.344256,2026-07-01T17:32:08.363897+00:00,87.7,19,ask,WavyWalnuts,BrilliantBurritos,2704945
2026-07-01T17:32:08.799458,2026-07-01T17:32:08.806869+00:00,87.9,200,bid,YieldingYams,WavyWalnuts,2704949
2026-07-01T17:32:09.897256,2026-07-01T17:32:09.903573+00:00,87.9,425,ask,YieldingYams,AverageAlmonds,2704973
2026-07-01T17:32:09.897256,2026-07-01T17:32:09.909019+00:00,87.9,75,ask,WavyWalnuts,AverageAlmonds,2704974
2026-07-01T17:32:10.116381,2026-07-01T17:32:10.128147+00:00,87.9,125,ask,WavyWalnuts,YieldingYams,2704976
2026-07-01T17:32:10.116381,2026-07-01T17:32:10.128147+00:00,87.8,1,ask,Kelvin Chan,YieldingYams,2704977
2026-07-01T17:32:10.408587,2026-07-01T17:32:10.419896+00:00,87.7,20,bid,BrilliantBurritos,YieldingYams,2704980
2026-07-01T17:32:10.541268,2026-07-01T17:32:10.545009+00:00,87.7,200,bid,WavyWalnuts,YieldingYams,2704986
2026-07-01T17:32:11.753168,2026-07-01T17:32:11.764096+00:00,87.5,200,bid,WavyWalnuts,YieldingYams,2705001
2026-07-01T17:32:12.302229,2026-07-01T17:32:12.308914+00:00,87.5,425,bid,AverageAlmonds,YieldingYams,2705017
2026-07-01T17:32:12.962345,2026-07-01T17:32:12.969070+00:00,87.7,200,bid,WavyWalnuts,YieldingYams,2705034
2026-07-01T17:32:13.468800,2026-07-01T17:32:13.471987+00:00,87.6,3,ask,YieldingYams,Xuanyu Liu,2705043
2026-07-01T17:32:15.740036,2026-07-01T17:32:15.748445+00:00,87.7,20,bid,BrilliantBurritos,WavyWalnuts,2705087
2026-07-01T17:32:16.671667,2026-07-01T17:32:16.679162+00:00,87.7,200,bid,YieldingYams,WavyWalnuts,2705102
2026-07-01T17:32:17.802925,2026-07-01T17:32:17.809579+00:00,87.7,200,ask,YieldingYams,WavyWalnuts,2705130
2026-07-01T17:32:19.296089,2026-07-01T17:32:19.302813+00:00,87.6,200,ask,WavyWalnuts,YieldingYams,2705155
2026-07-01T17:32:19.820164,2026-07-01T17:32:19.823627+00:00,87.4,11,ask,YieldingYams,Xuanyu Liu,2705167
2026-07-01T17:32:19.964030,2026-07-01T17:32:19.967518+00:00,87.5,1,ask,Kelvin Chan,Xuanyu Liu,2705172
2026-07-01T17:32:21.422906,2026-07-01T17:32:21.430357+00:00,87.6,200,ask,YieldingYams,WavyWalnuts,2705197
2026-07-01T17:32:22.632277,2026-07-01T17:32:22.658690+00:00,87.7,200,bid,WavyWalnuts,YieldingYams,2705220
2026-07-01T17:32:23.223645,2026-07-01T17:32:23.231252+00:00,87.7,500,bid,YieldingYams,AverageAlmonds,2705227
2026-07-01T17:32:23.804855,2026-07-01T17:32:23.811274+00:00,87.7,125,ask,YieldingYams,AverageAlmonds,2705241
2026-07-01T17:32:24.534648,2026-07-01T17:32:24.545356+00:00,87.6,200,ask,WavyWalnuts,YieldingYams,2705256
2026-07-01T17:32:24.534648,2026-07-01T17:32:24.545356+00:00,87.5,2,ask,Kelvin Chan,YieldingYams,2705257
2026-07-01T17:32:24.559352,2026-07-01T17:32:24.563079+00:00,87.5,12,bid,Xuanyu Liu,YieldingYams,2705259
2026-07-01T17:32:25.048233,2026-07-01T17:32:25.063765+00:00,87.5,200,bid,WavyWalnuts,YieldingYams,2705267
2026-07-01T17:32:27.455696,2026-07-01T17:32:27.453940+00:00,87.5,200,ask,WavyWalnuts,AverageAlmonds,2705308
2026-07-01T17:32:28.689744,2026-07-01T17:32:28.700052+00:00,87.4,2,ask,Kelvin Chan,WavyWalnuts,2705334
2026-07-01T17:32:28.689744,2026-07-01T17:32:28.700052+00:00,87.4,198,ask,YieldingYams,WavyWalnuts,2705335
2026-07-01T17:32:29.777283,2026-07-01T17:32:29.788397+00:00,87.4,4,ask,Kelvin Chan,YieldingYams,2705355
2026-07-01T17:32:32.398260,2026-07-01T17:32:32.407240+00:00,87.3,4,ask,Kelvin Chan,YieldingYams,2705398
2026-07-01T17:32:32.398260,2026-07-01T17:32:32.407240+00:00,87.3,200,ask,WavyWalnuts,YieldingYams,2705399
2026-07-01T17:32:33.433169,2026-07-01T17:32:33.442677+00:00,87.3,20,bid,BrilliantBurritos,YieldingYams,2705412
2026-07-01T17:32:33.711931,2026-07-01T17:32:33.721188+00:00,87.2,3,ask,Kelvin Chan,YieldingYams,2705419
2026-07-01T17:32:33.711931,2026-07-01T17:32:33.721188+00:00,87.2,200,ask,WavyWalnuts,YieldingYams,2705420
2026-07-01T17:32:35.021827,2026-07-01T17:32:35.029280+00:00,87.2,200,bid,YieldingYams,WavyWalnuts,2705443
2026-07-01T17:32:35.622952,2026-07-01T17:32:35.627011+00:00,87.3,11,ask,YieldingYams,Xuanyu Liu,2705456
2026-07-01T17:32:38.363695,2026-07-01T17:32:38.375147+00:00,87.3,200,bid,WavyWalnuts,YieldingYams,2705501
2026-07-01T17:32:39.447329,2026-07-01T17:32:39.463648+00:00,87.3,20,ask,YieldingYams,BrilliantBurritos,2705515
2026-07-01T17:32:41.565866,2026-07-01T17:32:41.585895+00:00,87.4,200,bid,YieldingYams,WavyWalnuts,2705543
2026-07-01T17:32:41.581775,2026-07-01T17:32:41.585895+00:00,87.5,12,ask,YieldingYams,Xuanyu Liu,2705545
2026-07-01T17:32:41.968988,2026-07-01T17:32:41.979578+00:00,87.5,413,ask,YieldingYams,AverageAlmonds,2705550
2026-07-01T17:32:44.416908,2026-07-01T17:32:44.427337+00:00,87.5,200,bid,WavyWalnuts,AverageAlmonds,2705577
2026-07-01T17:32:46.839444,2026-07-01T17:32:46.858813+00:00,87.5,200,bid,YieldingYams,WavyWalnuts,2705629
2026-07-01T17:32:46.854912,2026-07-01T17:32:46.864344+00:00,87.6,8,bid,WavyWalnuts,Kelvin Chan,2705631
2026-07-01T17:32:46.854912,2026-07-01T17:32:46.864344+00:00,87.6,192,bid,WavyWalnuts,AverageAlmonds,2705632
2026-07-01T17:32:47.416288,2026-07-01T17:32:47.426368+00:00,87.5,425,ask,YieldingYams,AverageAlmonds,2705647
2026-07-01T17:32:48.154288,2026-07-01T17:32:48.168693+00:00,87.4,200,ask,WavyWalnuts,YieldingYams,2705662
2026-07-01T17:32:49.272818,2026-07-01T17:32:49.279582+00:00,87.4,200,bid,WavyWalnuts,YieldingYams,2705675
2026-07-01T17:32:49.463568,2026-07-01T17:32:49.474122+00:00,87.5,500,bid,YieldingYams,AverageAlmonds,2705677
2026-07-01T17:32:49.479523,2026-07-01T17:32:49.482824+00:00,87.5,23,ask,YieldingYams,Xuanyu Liu,2705679
2026-07-01T17:32:49.820196,2026-07-01T17:32:49.829832+00:00,87.5,102,ask,YieldingYams,AverageAlmonds,2705688
2026-07-01T17:32:50.774753,2026-07-01T17:32:50.781609+00:00,87.3,2,ask,Kelvin Chan,YieldingYams,2705707
2026-07-01T17:32:50.774753,2026-07-01T17:32:50.787054+00:00,87.3,200,ask,WavyWalnuts,YieldingYams,2705708
2026-07-01T17:32:51.249570,2026-07-01T17:32:51.263611+00:00,87.1,6,ask,Kelvin Chan,BrilliantBurritos,2705715
2026-07-01T17:32:51.694350,2026-07-01T17:32:51.705701+00:00,87.2,200,bid,WavyWalnuts,YieldingYams,2705724
2026-07-01T17:32:52.911875,2026-07-01T17:32:52.920400+00:00,87.4,200,bid,WavyWalnuts,YieldingYams,2705753
2026-07-01T17:32:53.410033,2026-07-01T17:32:53.413628+00:00,87.3,11,ask,YieldingYams,Xuanyu Liu,2705765
2026-07-01T17:32:53.468581,2026-07-01T17:32:53.480129+00:00,87.3,500,ask,YieldingYams,AverageAlmonds,2705770
2026-07-01T17:32:54.067260,2026-07-01T17:32:54.074774+00:00,87.3,114,ask,YieldingYams,AverageAlmonds,2705782
2026-07-01T17:32:54.121726,2026-07-01T17:32:54.130390+00:00,87.3,200,bid,WavyWalnuts,AverageAlmonds,2705783
2026-07-01T17:33:00.128680,2026-07-01T17:33:00.139513+00:00,87.0,20,bid,BrilliantBurritos,WavyWalnuts,2705890
2026-07-01T17:33:00.206351,2026-07-01T17:33:00.214585+00:00,86.8,200,ask,YieldingYams,WavyWalnuts,2705892
2026-07-01T17:33:00.877749,2026-07-01T17:33:00.881872+00:00,87.0,23,bid,Xuanyu Liu,YieldingYams,2705910
2026-07-01T17:33:02.631714,2026-07-01T17:33:02.639965+00:00,86.9,200,ask,YieldingYams,WavyWalnuts,2705938
2026-07-01T17:33:03.862931,2026-07-01T17:33:03.869247+00:00,87.1,500,bid,YieldingYams,AverageAlmonds,2705970
2026-07-01T17:33:04.356946,2026-07-01T17:33:04.363692+00:00,87.1,125,ask,YieldingYams,AverageAlmonds,2705978
2026-07-01T17:33:05.172025,2026-07-01T17:33:05.179792+00:00,87.0,200,ask,WavyWalnuts,YieldingYams,2705991
2026-07-01T17:33:06.274505,2026-07-01T17:33:06.281566+00:00,86.9,200,ask,YieldingYams,WavyWalnuts,2706006
2026-07-01T17:33:06.479738,2026-07-01T17:33:06.488719+00:00,87.0,500,bid,YieldingYams,AverageAlmonds,2706011
2026-07-01T17:33:06.771113,2026-07-01T17:33:06.780757+00:00,87.0,125,ask,YieldingYams,AverageAlmonds,2706012
2026-07-01T17:33:07.792641,2026-07-01T17:33:07.814388+00:00,86.9,2,ask,Kelvin Chan,YieldingYams,2706030
2026-07-01T17:33:07.792641,2026-07-01T17:33:07.814388+00:00,86.8,200,ask,WavyWalnuts,YieldingYams,2706031
2026-07-01T17:33:07.810644,2026-07-01T17:33:07.814388+00:00,86.8,23,bid,Xuanyu Liu,YieldingYams,2706033
2026-07-01T17:33:09.907242,2026-07-01T17:33:09.913681+00:00,86.8,200,ask,YieldingYams,WavyWalnuts,2706063
2026-07-01T17:33:11.118568,2026-07-01T17:33:11.126586+00:00,86.8,200,ask,YieldingYams,WavyWalnuts,2706084
2026-07-01T17:33:11.758057,2026-07-01T17:33:11.769287+00:00,86.7,2,ask,Kelvin Chan,YieldingYams,2706090
2026-07-01T17:33:16.992797,2026-07-01T17:33:17.003672+00:00,86.7,200,ask,WavyWalnuts,YieldingYams,2706197
2026-07-01T17:33:18.047102,2026-07-01T17:33:18.052599+00:00,86.6,1,ask,Kelvin Chan,BrilliantBurritos,2706223
2026-07-01T17:33:18.047102,2026-07-01T17:33:18.052599+00:00,86.6,19,ask,WavyWalnuts,BrilliantBurritos,2706224
2026-07-01T17:33:18.382104,2026-07-01T17:33:18.392298+00:00,86.7,200,ask,YieldingYams,WavyWalnuts,2706227
2026-07-01T17:33:19.890419,2026-07-01T17:33:19.895029+00:00,86.8,11,bid,Xuanyu Liu,AverageAlmonds,2706248
2026-07-01T17:33:20.092800,2026-07-01T17:33:20.103418+00:00,86.7,200,ask,WavyWalnuts,AverageAlmonds,2706254
2026-07-01T17:33:20.092800,2026-07-01T17:33:20.103418+00:00,86.7,300,ask,YieldingYams,AverageAlmonds,2706255
2026-07-01T17:33:20.684598,2026-07-01T17:33:20.694382+00:00,86.7,325,ask,YieldingYams,AverageAlmonds,2706264
2026-07-01T17:33:20.709796,2026-07-01T17:33:20.713602+00:00,86.7,3,bid,Xuanyu Liu,AverageAlmonds,2706266
2026-07-01T17:33:20.916519,2026-07-01T17:33:20.923224+00:00,86.6,1,ask,Kelvin Chan,YieldingYams,2706267
2026-07-01T17:33:20.916519,2026-07-01T17:33:20.928502+00:00,86.6,200,ask,WavyWalnuts,YieldingYams,2706268
2026-07-01T17:33:25.622056,2026-07-01T17:33:25.631901+00:00,86.6,200,bid,WavyWalnuts,YieldingYams,2706364
2026-07-01T17:33:26.832632,2026-07-01T17:33:26.838505+00:00,86.7,200,bid,WavyWalnuts,YieldingYams,2706381
2026-07-01T17:33:27.770205,2026-07-01T17:33:27.778905+00:00,86.7,20,bid,BrilliantBurritos,AverageAlmonds,2706391
2026-07-01T17:33:29.255027,2026-07-01T17:33:29.263637+00:00,86.7,200,bid,WavyWalnuts,AverageAlmonds,2706421
2026-07-01T17:33:29.786294,2026-07-01T17:33:29.794509+00:00,86.6,500,ask,YieldingYams,AverageAlmonds,2706432
2026-07-01T17:33:30.465556,2026-07-01T17:33:30.474337+00:00,86.6,200,bid,WavyWalnuts,AverageAlmonds,2706445
2026-07-01T17:33:32.707518,2026-07-01T17:33:32.714926+00:00,86.5,4,ask,Kelvin Chan,YieldingYams,2706487
2026-07-01T17:33:32.707518,2026-07-01T17:33:32.714926+00:00,86.5,200,ask,WavyWalnuts,YieldingYams,2706488
2026-07-01T17:33:32.883681,2026-07-01T17:33:32.892888+00:00,86.5,200,bid,WavyWalnuts,YieldingYams,2706489
2026-07-01T17:33:34.040975,2026-07-01T17:33:34.072044+00:00,86.7,500,bid,YieldingYams,AverageAlmonds,2706513
2026-07-01T17:33:34.064395,2026-07-01T17:33:34.072044+00:00,86.7,3,ask,YieldingYams,Xuanyu Liu,2706515
2026-07-01T17:33:34.100335,2026-07-01T17:33:34.110587+00:00,86.7,122,ask,YieldingYams,WavyWalnuts,2706521
2026-07-01T17:33:34.851762,2026-07-01T17:33:34.858743+00:00,86.5,3,bid,Xuanyu Liu,WavyWalnuts,2706540
2026-07-01T17:33:36.530318,2026-07-01T17:33:36.534070+00:00,86.5,3,ask,WavyWalnuts,Xuanyu Liu,2706566
2026-07-01T17:33:36.659083,2026-07-01T17:33:36.670330+00:00,86.5,197,ask,WavyWalnuts,YieldingYams,2706572
2026-07-01T17:33:37.967338,2026-07-01T17:33:37.974795+00:00,86.5,200,bid,YieldingYams,WavyWalnuts,2706596
2026-07-01T17:33:38.930134,2026-07-01T17:33:38.939099+00:00,86.6,200,bid,WavyWalnuts,AverageAlmonds,2706630
2026-07-01T17:33:39.142753,2026-07-01T17:33:39.146619+00:00,86.5,11,ask,YieldingYams,Xuanyu Liu,2706645
2026-07-01T17:33:40.585325,2026-07-01T17:33:40.592183+00:00,86.6,500,bid,YieldingYams,AverageAlmonds,2706660
2026-07-01T17:33:40.604096,2026-07-01T17:33:40.608325+00:00,86.6,12,ask,YieldingYams,Xuanyu Liu,2706662
2026-07-01T17:33:40.678456,2026-07-01T17:33:40.687265+00:00,86.6,113,ask,YieldingYams,AverageAlmonds,2706664
2026-07-01T17:33:41.290207,2026-07-01T17:33:41.301438+00:00,86.5,200,ask,WavyWalnuts,AverageAlmonds,2706675
2026-07-01T17:33:41.897163,2026-07-01T17:33:41.907326+00:00,86.5,200,bid,YieldingYams,WavyWalnuts,2706678
2026-07-01T17:33:41.897163,2026-07-01T17:33:41.907326+00:00,86.5,425,bid,YieldingYams,AverageAlmonds,2706679
2026-07-01T17:33:42.562622,2026-07-01T17:33:42.571467+00:00,86.6,10,bid,WavyWalnuts,Kelvin Chan,2706693
2026-07-01T17:33:42.562622,2026-07-01T17:33:42.571467+00:00,86.6,190,bid,WavyWalnuts,AverageAlmonds,2706694
2026-07-01T17:33:42.873275,2026-07-01T17:33:42.884092+00:00,86.4,2,ask,Kelvin Chan,BrilliantBurritos,2706699
2026-07-01T17:33:43.227654,2026-07-01T17:33:43.231337+00:00,86.4,2,bid,Xuanyu Liu,YieldingYams,2706707
2026-07-01T17:33:43.446199,2026-07-01T17:33:43.450479+00:00,86.4,1,bid,Xuanyu Liu,YieldingYams,2706714
2026-07-01T17:33:43.503176,2026-07-01T17:33:43.507601+00:00,86.4,1,bid,Xuanyu Liu,YieldingYams,2706716
2026-07-01T17:33:43.773186,2026-07-01T17:33:43.784271+00:00,86.4,200,bid,WavyWalnuts,YieldingYams,2706721
2026-07-01T17:33:43.892499,2026-07-01T17:33:43.896542+00:00,86.4,1,bid,Xuanyu Liu,YieldingYams,2706725
2026-07-01T17:33:44.339868,2026-07-01T17:33:44.344161+00:00,86.4,1,bid,Xuanyu Liu,YieldingYams,2706733
2026-07-01T17:33:44.485953,2026-07-01T17:33:44.490041+00:00,86.4,1,bid,Xuanyu Liu,YieldingYams,2706735
2026-07-01T17:33:44.523659,2026-07-01T17:33:44.537887+00:00,86.3,2,ask,Kelvin Chan,YieldingYams,2706737
2026-07-01T17:33:44.939212,2026-07-01T17:33:44.942823+00:00,86.3,1,bid,Xuanyu Liu,YieldingYams,2706745
2026-07-01T17:33:44.976234,2026-07-01T17:33:44.980116+00:00,86.3,1,bid,Xuanyu Liu,YieldingYams,2706747
2026-07-01T17:33:44.981322,2026-07-01T17:33:44.995359+00:00,86.3,200,bid,WavyWalnuts,YieldingYams,2706748
2026-07-01T17:33:45.272502,2026-07-01T17:33:45.276661+00:00,86.2,2,ask,Kelvin Chan,Xuanyu Liu,2706759
2026-07-01T17:33:45.283103,2026-07-01T17:33:45.287790+00:00,86.1,7,ask,YieldingYams,Xuanyu Liu,2706761
2026-07-01T17:33:49.763936,2026-07-01T17:33:49.773946+00:00,86.3,200,bid,YieldingYams,WavyWalnuts,2706840
2026-07-01T17:33:49.779384,2026-07-01T17:33:49.782595+00:00,86.3,11,ask,YieldingYams,Xuanyu Liu,2706842
2026-07-01T17:33:51.875649,2026-07-01T17:33:51.886876+00:00,86.2,20,ask,WavyWalnuts,BrilliantBurritos,2706886
2026-07-01T17:33:53.700176,2026-07-01T17:33:53.708740+00:00,86.4,200,bid,YieldingYams,WavyWalnuts,2706911
2026-07-01T17:33:54.758892,2026-07-01T17:33:54.772121+00:00,86.4,20,ask,YieldingYams,BrilliantBurritos,2706937
2026-07-01T17:33:54.767138,2026-07-01T17:33:54.772121+00:00,86.6,9,bid,Xuanyu Liu,Kelvin Chan,2706939
2026-07-01T17:33:54.767138,2026-07-01T17:33:54.772121+00:00,86.6,14,bid,Xuanyu Liu,YieldingYams,2706940
2026-07-01T17:33:55.012680,2026-07-01T17:33:55.032512+00:00,86.4,200,ask,WavyWalnuts,YieldingYams,2706946
2026-07-01T17:33:55.012680,2026-07-01T17:33:55.032512+00:00,86.2,1,ask,Kelvin Chan,YieldingYams,2706947
2026-07-01T17:33:55.028913,2026-07-01T17:33:55.032512+00:00,86.2,14,bid,Xuanyu Liu,YieldingYams,2706949
2026-07-01T17:33:55.855458,2026-07-01T17:33:55.864470+00:00,86.2,200,bid,WavyWalnuts,YieldingYams,2706971
2026-07-01T17:33:56.322462,2026-07-01T17:33:56.330122+00:00,86.4,200,bid,YieldingYams,WavyWalnuts,2706981
2026-07-01T17:33:56.491220,2026-07-01T17:33:56.495235+00:00,86.4,3,ask,YieldingYams,Xuanyu Liu,2706988
2026-07-01T17:33:57.065348,2026-07-01T17:33:57.073982+00:00,86.4,200,ask,YieldingYams,WavyWalnuts,2707008
2026-07-01T17:34:01.567792,2026-07-01T17:34:01.575668+00:00,86.3,200,ask,WavyWalnuts,YieldingYams,2707099
2026-07-01T17:34:01.567792,2026-07-01T17:34:01.591269+00:00,86.2,1,ask,Kelvin Chan,YieldingYams,2707100
2026-07-01T17:34:01.587104,2026-07-01T17:34:01.591269+00:00,86.2,3,bid,Xuanyu Liu,YieldingYams,2707102
2026-07-01T17:34:01.904530,2026-07-01T17:34:01.913878+00:00,86.2,200,bid,WavyWalnuts,YieldingYams,2707107
2026-07-01T17:34:02.553400,2026-07-01T17:34:02.569135+00:00,86.2,20,bid,BrilliantBurritos,YieldingYams,2707127
2026-07-01T17:34:04.190608,2026-07-01T17:34:04.201168+00:00,86.3,200,ask,WavyWalnuts,YieldingYams,2707160
2026-07-01T17:34:04.553109,2026-07-01T17:34:04.563830+00:00,86.1,20,ask,YieldingYams,BrilliantBurritos,2707169
2026-07-01T17:34:05.543288,2026-07-01T17:34:05.558609+00:00,86.3,20,bid,BrilliantBurritos,YieldingYams,2707189
2026-07-01T17:34:06.752076,2026-07-01T17:34:06.764036+00:00,86.3,200,bid,WavyWalnuts,YieldingYams,2707213
2026-07-01T17:34:07.030484,2026-07-01T17:34:07.042213+00:00,86.4,20,bid,BrilliantBurritos,YieldingYams,2707217
2026-07-01T17:34:10.381945,2026-07-01T17:34:10.388702+00:00,86.1,1,ask,Kelvin Chan,WavyWalnuts,2707292
2026-07-01T17:34:13.395166,2026-07-01T17:34:13.403367+00:00,86.2,200,bid,YieldingYams,WavyWalnuts,2707344
2026-07-01T17:34:13.897428,2026-07-01T17:34:13.908854+00:00,86.3,10,bid,BrilliantBurritos,Kelvin Chan,2707361
2026-07-01T17:34:14.009340,2026-07-01T17:34:14.017434+00:00,86.2,200,ask,YieldingYams,WavyWalnuts,2707367
2026-07-01T17:34:16.422682,2026-07-01T17:34:16.429510+00:00,86.2,200,bid,WavyWalnuts,YieldingYams,2707405
2026-07-01T17:34:16.904219,2026-07-01T17:34:16.908301+00:00,86.2,14,bid,Xuanyu Liu,YieldingYams,2707414
2026-07-01T17:34:16.912341,2026-07-01T17:34:16.923911+00:00,86.2,73,bid,Chester Au,YieldingYams,2707415
2026-07-01T17:34:18.636084,2026-07-01T17:34:18.658613+00:00,86.2,200,ask,WavyWalnuts,YieldingYams,2707453
2026-07-01T17:34:19.944736,2026-07-01T17:34:19.958552+00:00,86.2,200,bid,YieldingYams,WavyWalnuts,2707476
2026-07-01T17:34:20.004636,2026-07-01T17:34:20.008438+00:00,86.2,4,ask,YieldingYams,Xuanyu Liu,2707478
2026-07-01T17:34:20.063796,2026-07-01T17:34:20.067287+00:00,86.2,7,ask,YieldingYams,Xuanyu Liu,2707482
2026-07-01T17:34:21.254153,2026-07-01T17:34:21.272902+00:00,86.3,2,bid,YieldingYams,Kelvin Chan,2707512
2026-07-01T17:34:21.269620,2026-07-01T17:34:21.272902+00:00,86.3,3,ask,YieldingYams,Xuanyu Liu,2707516
2026-07-01T17:34:22.278802,2026-07-01T17:34:22.286841+00:00,86.3,20,ask,YieldingYams,BrilliantBurritos,2707536
2026-07-01T17:34:22.480070,2026-07-01T17:34:22.490643+00:00,86.4,200,bid,WavyWalnuts,YieldingYams,2707538
2026-07-01T17:34:22.568857,2026-07-01T17:34:22.579624+00:00,86.4,5,bid,YieldingYams,Kelvin Chan,2707540
2026-07-01T17:34:23.229215,2026-07-01T17:34:23.241451+00:00,86.5,4,bid,Chester Au,Kelvin Chan,2707562
2026-07-01T17:34:23.242586,2026-07-01T17:34:23.245919+00:00,86.6,3,bid,Xuanyu Liu,WavyWalnuts,2707565
2026-07-01T17:34:23.697260,2026-07-01T17:34:23.706086+00:00,86.4,200,ask,YieldingYams,WavyWalnuts,2707576
2026-07-01T17:34:24.194560,2026-07-01T17:34:24.202999+00:00,86.5,3,bid,Chester Au,Kelvin Chan,2707583
2026-07-01T17:34:24.878774,2026-07-01T17:34:24.889484+00:00,86.5,3,bid,Chester Au,Kelvin Chan,2707597
2026-07-01T17:34:24.926899,2026-07-01T17:34:24.930757+00:00,86.5,11,bid,Xuanyu Liu,WavyWalnuts,2707604
2026-07-01T17:34:24.929862,2026-07-01T17:34:24.958606+00:00,86.5,117,bid,Chester Au,WavyWalnuts,2707605
2026-07-01T17:34:25.421553,2026-07-01T17:34:25.430003+00:00,86.5,20,bid,BrilliantBurritos,WavyWalnuts,2707620
2026-07-01T17:34:29.746842,2026-07-01T17:34:29.773148+00:00,86.5,2,bid,WavyWalnuts,Kelvin Chan,2707709
2026-07-01T17:34:29.769505,2026-07-01T17:34:29.773148+00:00,86.5,11,ask,WavyWalnuts,Xuanyu Liu,2707711
2026-07-01T17:34:29.843727,2026-07-01T17:34:29.851871+00:00,86.6,20,bid,BrilliantBurritos,YieldingYams,2707712
2026-07-01T17:34:30.974967,2026-07-01T17:34:30.978440+00:00,86.6,3,ask,WavyWalnuts,Xuanyu Liu,2707742
2026-07-01T17:34:34.317118,2026-07-01T17:34:34.328655+00:00,86.6,20,bid,BrilliantBurritos,AverageAlmonds,2707814
2026-07-01T17:34:34.606911,2026-07-01T17:34:34.617253+00:00,86.6,200,bid,WavyWalnuts,YieldingYams,2707820
2026-07-01T17:34:35.814116,2026-07-01T17:34:35.823767+00:00,86.5,200,bid,WavyWalnuts,AverageAlmonds,2707844
2026-07-01T17:34:37.002181,2026-07-01T17:34:37.009856+00:00,86.5,500,bid,YieldingYams,AverageAlmonds,2707862
2026-07-01T17:34:37.581658,2026-07-01T17:34:37.589655+00:00,86.6,200,ask,WavyWalnuts,AverageAlmonds,2707879
2026-07-01T17:34:37.581658,2026-07-01T17:34:37.595123+00:00,86.5,125,ask,YieldingYams,AverageAlmonds,2707880
2026-07-01T17:34:37.850787,2026-07-01T17:34:37.863824+00:00,86.5,20,bid,BrilliantBurritos,AverageAlmonds,2707885
2026-07-01T17:34:38.227565,2026-07-01T17:34:38.237020+00:00,86.5,200,bid,WavyWalnuts,AverageAlmonds,2707895
2026-07-01T17:34:39.434435,2026-07-01T17:34:39.469584+00:00,86.4,200,bid,WavyWalnuts,YieldingYams,2707919
2026-07-01T17:34:39.511646,2026-07-01T17:34:39.519188+00:00,86.3,20,ask,YieldingYams,BrilliantBurritos,2707923
2026-07-01T17:34:39.628974,2026-07-01T17:34:39.638444+00:00,86.5,500,bid,YieldingYams,AverageAlmonds,2707925
2026-07-01T17:34:39.645663,2026-07-01T17:34:39.658571+00:00,86.5,100,ask,YieldingYams,Chester Au,2707927
2026-07-01T17:34:39.995692,2026-07-01T17:34:40.003481+00:00,86.5,25,ask,YieldingYams,AverageAlmonds,2707928
2026-07-01T17:34:40.641806,2026-07-01T17:34:40.658595+00:00,86.5,200,bid,WavyWalnuts,AverageAlmonds,2707947
2026-07-01T17:34:41.849716,2026-07-01T17:34:41.864078+00:00,86.4,200,bid,WavyWalnuts,YieldingYams,2707971
2026-07-01T17:34:42.231331,2026-07-01T17:34:42.236454+00:00,86.2,5,ask,Kelvin Chan,Xuanyu Liu,2707979
2026-07-01T17:34:42.231331,2026-07-01T17:34:42.236454+00:00,86.2,9,ask,YieldingYams,Xuanyu Liu,2707980
2026-07-01T17:34:42.238508,2026-07-01T17:34:42.252117+00:00,86.2,50,ask,YieldingYams,Chester Au,2707981
2026-07-01T17:34:43.057402,2026-07-01T17:34:43.064297+00:00,86.3,200,bid,WavyWalnuts,YieldingYams,2708001
2026-07-01T17:34:44.430828,2026-07-01T17:34:44.435295+00:00,86.4,5,bid,Xuanyu Liu,YieldingYams,2708031
2026-07-01T17:34:44.436455,2026-07-01T17:34:44.440819+00:00,86.4,5,bid,Xuanyu Liu,YieldingYams,2708032
2026-07-01T17:34:46.694082,2026-07-01T17:34:46.700739+00:00,86.4,200,ask,YieldingYams,WavyWalnuts,2708072
2026-07-01T17:34:48.507918,2026-07-01T17:34:48.513615+00:00,86.5,2,bid,Xuanyu Liu,Kelvin Chan,2708108
2026-07-01T17:34:48.507918,2026-07-01T17:34:48.513615+00:00,86.5,2,bid,Xuanyu Liu,WavyWalnuts,2708109
2026-07-01T17:34:51.407152,2026-07-01T17:34:51.418777+00:00,86.4,200,bid,YieldingYams,WavyWalnuts,2708181
2026-07-01T17:34:52.739789,2026-07-01T17:34:52.758613+00:00,86.4,200,ask,WavyWalnuts,AverageAlmonds,2708209
2026-07-01T17:34:52.760002,2026-07-01T17:34:52.769705+00:00,86.4,200,bid,WavyWalnuts,AverageAlmonds,2708211
2026-07-01T17:34:56.360660,2026-07-01T17:34:56.381877+00:00,86.3,20,ask,WavyWalnuts,BrilliantBurritos,2708280
2026-07-01T17:34:57.592409,2026-07-01T17:34:57.600980+00:00,86.5,2,bid,WavyWalnuts,Kelvin Chan,2708306
2026-07-01T17:34:57.592409,2026-07-01T17:34:57.600980+00:00,86.5,198,bid,WavyWalnuts,YieldingYams,2708307
2026-07-01T17:35:00.023828,2026-07-01T17:35:00.034181+00:00,86.4,200,ask,YieldingYams,WavyWalnuts,2708365
2026-07-01T17:35:00.615447,2026-07-01T17:35:00.625135+00:00,86.5,1,bid,YieldingYams,Kelvin Chan,2708376
2026-07-01T17:35:00.615447,2026-07-01T17:35:00.625135+00:00,86.5,500,bid,YieldingYams,AverageAlmonds,2708377
2026-07-01T17:35:00.632330,2026-07-01T17:35:00.658680+00:00,86.7,20,bid,BrilliantBurritos,YieldingYams,2708378
2026-07-01T17:35:01.201939,2026-07-01T17:35:01.209461+00:00,86.5,124,ask,YieldingYams,AverageAlmonds,2708391
2026-07-01T17:35:01.901364,2026-07-01T17:35:01.912908+00:00,86.4,20,bid,BrilliantBurritos,WavyWalnuts,2708403
2026-07-01T17:35:01.925650,2026-07-01T17:35:01.934554+00:00,86.4,180,bid,YieldingYams,WavyWalnuts,2708404
2026-07-01T17:35:02.440506,2026-07-01T17:35:02.458606+00:00,86.4,200,ask,YieldingYams,WavyWalnuts,2708416
2026-07-01T17:35:04.563044,2026-07-01T17:35:04.570720+00:00,86.4,200,ask,WavyWalnuts,YieldingYams,2708457
2026-07-01T17:35:08.498941,2026-07-01T17:35:08.505467+00:00,86.2,1,ask,Kelvin Chan,WavyWalnuts,2708533
2026-07-01T17:35:08.498941,2026-07-01T17:35:08.510462+00:00,86.2,199,ask,YieldingYams,WavyWalnuts,2708534
2026-07-01T17:35:09.708555,2026-07-01T17:35:09.715777+00:00,86.2,200,ask,YieldingYams,WavyWalnuts,2708560
2026-07-01T17:35:10.928349,2026-07-01T17:35:10.935884+00:00,86.1,4,ask,Kelvin Chan,WavyWalnuts,2708578
2026-07-01T17:35:12.136085,2026-07-01T17:35:12.143350+00:00,86.1,200,bid,WavyWalnuts,YieldingYams,2708609
2026-07-01T17:35:14.950983,2026-07-01T17:35:14.958598+00:00,86.4,10,bid,BrilliantBurritos,Kelvin Chan,2708662
2026-07-01T17:35:14.950983,2026-07-01T17:35:14.958598+00:00,86.4,10,bid,BrilliantBurritos,YieldingYams,2708663
2026-07-01T17:35:15.774440,2026-07-01T17:35:15.784828+00:00,86.4,200,bid,WavyWalnuts,YieldingYams,2708679
2026-07-01T17:35:18.992103,2026-07-01T17:35:19.003318+00:00,86.3,200,ask,WavyWalnuts,YieldingYams,2708732
2026-07-01T17:35:18.992103,2026-07-01T17:35:19.003318+00:00,86.2,8,ask,Kelvin Chan,YieldingYams,2708733
2026-07-01T17:35:20.172387,2026-07-01T17:35:20.175836+00:00,86.2,3,bid,Xuanyu Liu,YieldingYams,2708769
2026-07-01T17:35:20.604981,2026-07-01T17:35:20.612282+00:00,86.3,20,bid,BrilliantBurritos,WavyWalnuts,2708779
2026-07-01T17:35:21.614093,2026-07-01T17:35:21.623363+00:00,86.3,200,bid,YieldingYams,WavyWalnuts,2708801
2026-07-01T17:35:21.614093,2026-07-01T17:35:21.623363+00:00,86.4,3,bid,YieldingYams,Kelvin Chan,2708802
2026-07-01T17:35:21.634024,2026-07-01T17:35:21.637661+00:00,86.4,3,ask,YieldingYams,Xuanyu Liu,2708804
2026-07-01T17:35:21.826515,2026-07-01T17:35:21.832908+00:00,86.4,200,ask,YieldingYams,WavyWalnuts,2708806
2026-07-01T17:35:28.186211,2026-07-01T17:35:28.197384+00:00,86.4,200,ask,WavyWalnuts,YieldingYams,2708924
2026-07-01T17:35:29.119322,2026-07-01T17:35:29.128416+00:00,86.4,200,bid,WavyWalnuts,YieldingYams,2708934
2026-07-01T17:35:29.640976,2026-07-01T17:35:29.644281+00:00,86.5,26,bid,Xuanyu Liu,AverageAlmonds,2708941
2026-07-01T17:35:29.643442,2026-07-01T17:35:29.659850+00:00,86.5,150,bid,Chester Au,AverageAlmonds,2708942
2026-07-01T17:35:30.802472,2026-07-01T17:35:30.809006+00:00,86.5,200,bid,YieldingYams,WavyWalnuts,2708961
2026-07-01T17:35:31.538354,2026-07-01T17:35:31.545228+00:00,86.5,200,ask,YieldingYams,WavyWalnuts,2708971
2026-07-01T17:35:32.126286,2026-07-01T17:35:32.133356+00:00,86.3,200,ask,WavyWalnuts,YieldingYams,2708977
2026-07-01T17:35:32.744040,2026-07-01T17:35:32.763626+00:00,86.3,200,bid,WavyWalnuts,YieldingYams,2708989
2026-07-01T17:35:33.433969,2026-07-01T17:35:33.443018+00:00,86.4,100,bid,YieldingYams,Kelvin Chan,2709001
2026-07-01T17:35:33.954531,2026-07-01T17:35:33.948415+00:00,86.4,200,ask,YieldingYams,WavyWalnuts,2709012
2026-07-01T17:35:34.748722,2026-07-01T17:35:34.763610+00:00,86.2,200,ask,WavyWalnuts,YieldingYams,2709023
2026-07-01T17:35:35.000588,2026-07-01T17:35:35.011330+00:00,86.2,20,bid,BrilliantBurritos,YieldingYams,2709026
2026-07-01T17:35:35.161530,2026-07-01T17:35:35.184667+00:00,86.2,200,bid,WavyWalnuts,YieldingYams,2709037
2026-07-01T17:35:37.367537,2026-07-01T17:35:37.373972+00:00,86.3,200,bid,YieldingYams,WavyWalnuts,2709082
2026-07-01T17:35:37.603322,2026-07-01T17:35:37.610641+00:00,86.3,200,ask,YieldingYams,WavyWalnuts,2709089
2026-07-01T17:35:38.810464,2026-07-01T17:35:38.819885+00:00,86.2,200,bid,WavyWalnuts,YieldingYams,2709111
2026-07-01T17:35:41.304820,2026-07-01T17:35:41.311384+00:00,86.4,500,bid,YieldingYams,AverageAlmonds,2709171
2026-07-01T17:35:42.617435,2026-07-01T17:35:42.635939+00:00,86.4,200,ask,WavyWalnuts,YieldingYams,2709192
2026-07-01T17:35:42.632596,2026-07-01T17:35:42.635939+00:00,86.2,34,bid,Xuanyu Liu,YieldingYams,2709194
2026-07-01T17:35:43.655069,2026-07-01T17:35:43.668689+00:00,86.2,200,bid,WavyWalnuts,YieldingYams,2709213
2026-07-01T17:35:45.337418,2026-07-01T17:35:45.341756+00:00,86.3,3,ask,YieldingYams,Xuanyu Liu,2709239
2026-07-01T17:35:46.073912,2026-07-01T17:35:46.083767+00:00,86.3,200,ask,YieldingYams,WavyWalnuts,2709263
2026-07-01T17:35:46.569621,2026-07-01T17:35:46.573453+00:00,86.3,3,bid,Xuanyu Liu,YieldingYams,2709279
2026-07-01T17:35:48.489814,2026-07-01T17:35:48.500807+00:00,86.2,200,ask,YieldingYams,WavyWalnuts,2709321
2026-07-01T17:35:49.697115,2026-07-01T17:35:49.706132+00:00,86.2,200,ask,YieldingYams,WavyWalnuts,2709348
2026-07-01T17:35:50.906309,2026-07-01T17:35:50.916308+00:00,86.2,200,ask,YieldingYams,WavyWalnuts,2709367
2026-07-01T17:35:51.253454,2026-07-01T17:35:51.258567+00:00,86.4,20,bid,BrilliantBurritos,YieldingYams,2709375
2026-07-01T17:35:53.326737,2026-07-01T17:35:53.336498+00:00,86.3,200,bid,WavyWalnuts,YieldingYams,2709406
2026-07-01T17:35:57.049642,2026-07-01T17:35:57.058550+00:00,86.3,200,ask,WavyWalnuts,YieldingYams,2709454
2026-07-01T17:35:57.527975,2026-07-01T17:35:57.536743+00:00,86.2,425,bid,AverageAlmonds,YieldingYams,2709463
2026-07-01T17:35:58.371447,2026-07-01T17:35:58.375355+00:00,86.3,11,ask,WavyWalnuts,Xuanyu Liu,2709478
2026-07-01T17:35:58.795184,2026-07-01T17:35:58.805444+00:00,86.5,20,bid,BrilliantBurritos,WavyWalnuts,2709484
2026-07-01T17:35:59.683764,2026-07-01T17:35:59.687426+00:00,86.4,12,ask,YieldingYams,Xuanyu Liu,2709505
2026-07-01T17:36:00.592726,2026-07-01T17:36:00.600679+00:00,86.4,200,ask,YieldingYams,WavyWalnuts,2709517
2026-07-01T17:36:00.980952,2026-07-01T17:36:00.990554+00:00,86.3,6,ask,Kelvin Chan,YieldingYams,2709520
2026-07-01T17:36:01.164325,2026-07-01T17:36:01.175391+00:00,86.3,500,bid,AverageAlmonds,YieldingYams,2709524
2026-07-01T17:36:02.290071,2026-07-01T17:36:02.307197+00:00,86.3,200,bid,YieldingYams,WavyWalnuts,2709544
2026-07-01T17:36:02.303420,2026-07-01T17:36:02.307197+00:00,86.4,11,ask,YieldingYams,Xuanyu Liu,2709546
2026-07-01T17:36:03.009882,2026-07-01T17:36:03.016726+00:00,86.4,200,ask,YieldingYams,WavyWalnuts,2709556
2026-07-01T17:36:04.470862,2026-07-01T17:36:04.474811+00:00,86.4,23,bid,Xuanyu Liu,YieldingYams,2709589
2026-07-01T17:36:07.530346,2026-07-01T17:36:07.537255+00:00,86.4,200,bid,YieldingYams,WavyWalnuts,2709660
2026-07-01T17:36:09.078656,2026-07-01T17:36:09.085147+00:00,86.5,200,bid,WavyWalnuts,YieldingYams,2709698
2026-07-01T17:36:10.289993,2026-07-01T17:36:10.296613+00:00,86.5,200,ask,YieldingYams,WavyWalnuts,2709719
2026-07-01T17:36:12.706296,2026-07-01T17:36:12.716277+00:00,86.4,200,ask,YieldingYams,WavyWalnuts,2709770
2026-07-01T17:36:12.709402,2026-07-01T17:36:12.716277+00:00,86.6,1,bid,BrilliantBurritos,Kelvin Chan,2709771
2026-07-01T17:36:12.709402,2026-07-01T17:36:12.721268+00:00,86.6,19,bid,BrilliantBurritos,YieldingYams,2709772
2026-07-01T17:36:12.813611,2026-07-01T17:36:12.817600+00:00,86.5,11,bid,Xuanyu Liu,YieldingYams,2709776
2026-07-01T17:36:17.511292,2026-07-01T17:36:17.520364+00:00,86.4,200,bid,AverageAlmonds,WavyWalnuts,2709865
2026-07-01T17:36:20.665203,2026-07-01T17:36:20.675282+00:00,86.5,200,bid,YieldingYams,WavyWalnuts,2709924
2026-07-01T17:36:21.977742,2026-07-01T17:36:21.983926+00:00,86.5,200,ask,WavyWalnuts,YieldingYams,2709956
2026-07-01T17:36:23.594016,2026-07-01T17:36:23.601376+00:00,86.4,8,ask,Kelvin Chan,WavyWalnuts,2709976
2026-07-01T17:36:24.598378,2026-07-01T17:36:24.606616+00:00,86.3,4,ask,Kelvin Chan,YieldingYams,2710004
2026-07-01T17:36:24.598378,2026-07-01T17:36:24.606616+00:00,86.3,500,ask,AverageAlmonds,YieldingYams,2710005
2026-07-01T17:36:24.762078,2026-07-01T17:36:24.770381+00:00,86.3,121,bid,AverageAlmonds,YieldingYams,2710008
2026-07-01T17:36:24.989895,2026-07-01T17:36:24.999099+00:00,86.4,20,ask,WavyWalnuts,BrilliantBurritos,2710011
2026-07-01T17:36:28.433197,2026-07-01T17:36:28.440694+00:00,86.5,200,ask,YieldingYams,WavyWalnuts,2710097
2026-07-01T17:36:30.881036,2026-07-01T17:36:30.890293+00:00,86.5,20,ask,AverageAlmonds,BrilliantBurritos,2710144
2026-07-01T17:36:32.072155,2026-07-01T17:36:32.079695+00:00,86.5,200,ask,YieldingYams,WavyWalnuts,2710177
2026-07-01T17:36:33.278719,2026-07-01T17:36:33.288085+00:00,86.6,200,bid,WavyWalnuts,YieldingYams,2710208
2026-07-01T17:36:33.725478,2026-07-01T17:36:33.737139+00:00,86.4,8,ask,Kelvin Chan,BrilliantBurritos,2710220
2026-07-01T17:36:33.725478,2026-07-01T17:36:33.737139+00:00,86.4,12,ask,YieldingYams,BrilliantBurritos,2710221
2026-07-01T17:36:33.774394,2026-07-01T17:36:33.778067+00:00,86.5,11,ask,YieldingYams,Xuanyu Liu,2710224
2026-07-01T17:36:35.081374,2026-07-01T17:36:35.085719+00:00,86.6,12,ask,YieldingYams,Xuanyu Liu,2710259
2026-07-01T17:36:36.902545,2026-07-01T17:36:36.912485+00:00,86.7,200,bid,WavyWalnuts,YieldingYams,2710301
2026-07-01T17:36:39.326151,2026-07-01T17:36:39.334236+00:00,86.6,200,ask,YieldingYams,WavyWalnuts,2710341
2026-07-01T17:36:42.960954,2026-07-01T17:36:42.968665+00:00,86.5,200,ask,WavyWalnuts,YieldingYams,2710412
2026-07-01T17:36:44.170879,2026-07-01T17:36:44.181636+00:00,86.4,8,ask,Kelvin Chan,WavyWalnuts,2710439
2026-07-01T17:36:45.664617,2026-07-01T17:36:45.669749+00:00,86.3,1,ask,Kelvin Chan,Xuanyu Liu,2710483
2026-07-01T17:36:45.664617,2026-07-01T17:36:45.669749+00:00,86.3,22,ask,WavyWalnuts,Xuanyu Liu,2710484
2026-07-01T17:36:46.908626,2026-07-01T17:36:46.912352+00:00,86.4,11,ask,YieldingYams,Xuanyu Liu,2710506
2026-07-01T17:36:49.517351,2026-07-01T17:36:49.526157+00:00,86.5,200,bid,YieldingYams,WavyWalnuts,2710561
2026-07-01T17:36:51.980572,2026-07-01T17:36:51.984601+00:00,86.5,3,ask,WavyWalnuts,Xuanyu Liu,2710607
2026-07-01T17:36:52.667998,2026-07-01T17:36:52.679361+00:00,86.6,147,ask,WavyWalnuts,Chester Au,2710624
2026-07-01T17:36:53.864157,2026-07-01T17:36:53.874249+00:00,86.5,200,ask,YieldingYams,WavyWalnuts,2710642
2026-07-01T17:36:56.282024,2026-07-01T17:36:56.290020+00:00,86.5,200,bid,WavyWalnuts,YieldingYams,2710680
2026-07-01T17:36:57.559648,2026-07-01T17:36:57.569284+00:00,86.5,200,ask,YieldingYams,WavyWalnuts,2710708
2026-07-01T17:36:58.059795,2026-07-01T17:36:58.069723+00:00,86.5,425,ask,YieldingYams,AverageAlmonds,2710718
2026-07-01T17:36:58.705529,2026-07-01T17:36:58.712681+00:00,86.3,200,ask,WavyWalnuts,YieldingYams,2710720
2026-07-01T17:36:58.765303,2026-07-01T17:36:58.776962+00:00,86.3,200,bid,WavyWalnuts,YieldingYams,2710721
2026-07-01T17:36:59.338890,2026-07-01T17:36:59.348472+00:00,86.3,20,bid,BrilliantBurritos,YieldingYams,2710736
2026-07-01T17:36:59.974923,2026-07-01T17:36:59.984432+00:00,86.3,200,bid,WavyWalnuts,YieldingYams,2710740
2026-07-01T17:37:00.014968,2026-07-01T17:37:00.022453+00:00,86.4,200,bid,YieldingYams,WavyWalnuts,2710742
2026-07-01T17:37:01.182724,2026-07-01T17:37:01.194028+00:00,86.4,200,ask,YieldingYams,WavyWalnuts,2710754
2026-07-01T17:37:03.953853,2026-07-01T17:37:03.958615+00:00,86.3,7,ask,Kelvin Chan,YieldingYams,2710794
2026-07-01T17:37:05.264456,2026-07-01T17:37:05.274948+00:00,86.2,200,bid,YieldingYams,WavyWalnuts,2710812
2026-07-01T17:37:06.580564,2026-07-01T17:37:06.590318+00:00,86.4,500,bid,YieldingYams,AverageAlmonds,2710844
2026-07-01T17:37:06.605704,2026-07-01T17:37:06.616292+00:00,86.4,50,ask,YieldingYams,Chester Au,2710847
2026-07-01T17:37:07.140796,2026-07-01T17:37:07.147169+00:00,86.4,75,ask,YieldingYams,AverageAlmonds,2710857
2026-07-01T17:37:08.458562,2026-07-01T17:37:08.469427+00:00,86.3,200,bid,WavyWalnuts,YieldingYams,2710895
2026-07-01T17:37:10.512935,2026-07-01T17:37:10.524258+00:00,86.3,200,bid,YieldingYams,WavyWalnuts,2710921
2026-07-01T17:37:10.858162,2026-07-01T17:37:10.868819+00:00,86.3,20,ask,YieldingYams,BrilliantBurritos,2710935
2026-07-01T17:37:14.510665,2026-07-01T17:37:14.521189+00:00,86.3,200,bid,WavyWalnuts,YieldingYams,2710998
2026-07-01T17:37:14.713437,2026-07-01T17:37:14.724878+00:00,86.3,20,bid,BrilliantBurritos,YieldingYams,2711000
2026-07-01T17:37:17.055572,2026-07-01T17:37:17.057946+00:00,86.4,200,bid,YieldingYams,WavyWalnuts,2711054
2026-07-01T17:37:17.066087,2026-07-01T17:37:17.069427+00:00,86.5,3,ask,YieldingYams,Chester Au,2711056
2026-07-01T17:37:17.077514,2026-07-01T17:37:17.084670+00:00,86.5,3,ask,YieldingYams,Xuanyu Liu,2711058
2026-07-01T17:37:18.044089,2026-07-01T17:37:18.058600+00:00,86.5,419,ask,YieldingYams,AverageAlmonds,2711078
2026-07-01T17:37:19.249057,2026-07-01T17:37:19.258582+00:00,86.4,200,ask,WavyWalnuts,AverageAlmonds,2711103
2026-07-01T17:37:20.549393,2026-07-01T17:37:20.564054+00:00,86.4,200,bid,WavyWalnuts,AverageAlmonds,2711135
2026-07-01T17:37:20.987344,2026-07-01T17:37:20.995621+00:00,86.4,300,bid,YieldingYams,AverageAlmonds,2711146
2026-07-01T17:37:21.049261,2026-07-01T17:37:21.052292+00:00,86.4,325,ask,YieldingYams,AverageAlmonds,2711147
2026-07-01T17:37:21.756764,2026-07-01T17:37:21.763988+00:00,86.4,200,bid,WavyWalnuts,AverageAlmonds,2711169
2026-07-01T17:37:22.963704,2026-07-01T17:37:22.973093+00:00,86.3,200,bid,WavyWalnuts,YieldingYams,2711205
2026-07-01T17:37:24.171530,2026-07-01T17:37:24.179703+00:00,86.3,200,bid,WavyWalnuts,YieldingYams,2711219
2026-07-01T17:37:24.670682,2026-07-01T17:37:24.681999+00:00,86.3,20,bid,BrilliantBurritos,YieldingYams,2711230
2026-07-01T17:37:24.916129,2026-07-01T17:37:24.924923+00:00,86.4,500,bid,YieldingYams,AverageAlmonds,2711238
2026-07-01T17:37:25.296793,2026-07-01T17:37:25.307709+00:00,86.5,125,ask,YieldingYams,AverageAlmonds,2711246
2026-07-01T17:37:25.381474,2026-07-01T17:37:25.391443+00:00,86.4,200,bid,WavyWalnuts,AverageAlmonds,2711251
2026-07-01T17:37:26.595745,2026-07-01T17:37:26.604451+00:00,86.4,200,bid,WavyWalnuts,YieldingYams,2711276
2026-07-01T17:37:27.536041,2026-07-01T17:37:27.546590+00:00,86.3,500,bid,YieldingYams,AverageAlmonds,2711298
2026-07-01T17:37:27.704954,2026-07-01T17:37:27.712818+00:00,86.4,125,ask,YieldingYams,AverageAlmonds,2711299
2026-07-01T17:37:27.806686,2026-07-01T17:37:27.817730+00:00,86.3,200,bid,WavyWalnuts,AverageAlmonds,2711304
2026-07-01T17:37:28.524322,2026-07-01T17:37:28.535790+00:00,86.3,20,bid,BrilliantBurritos,AverageAlmonds,2711320
2026-07-01T17:37:28.844013,2026-07-01T17:37:28.863948+00:00,86.3,480,bid,YieldingYams,AverageAlmonds,2711323
2026-07-01T17:37:28.911712,2026-07-01T17:37:28.919084+00:00,86.3,145,ask,YieldingYams,AverageAlmonds,2711324
2026-07-01T17:37:28.965178,2026-07-01T17:37:28.968927+00:00,86.3,3,bid,Xuanyu Liu,AverageAlmonds,2711327
2026-07-01T17:37:30.151311,2026-07-01T17:37:30.158562+00:00,86.2,1,ask,Kelvin Chan,AverageAlmonds,2711353
2026-07-01T17:37:30.151311,2026-07-01T17:37:30.158562+00:00,86.2,200,ask,WavyWalnuts,AverageAlmonds,2711354
2026-07-01T17:37:30.192441,2026-07-01T17:37:30.196330+00:00,85.9,14,bid,Xuanyu Liu,YieldingYams,2711360
2026-07-01T17:37:30.195446,2026-07-01T17:37:30.211817+00:00,85.9,151,bid,Chester Au,YieldingYams,2711361
2026-07-01T17:37:30.228277,2026-07-01T17:37:30.237501+00:00,85.9,200,bid,WavyWalnuts,YieldingYams,2711364
2026-07-01T17:37:31.437535,2026-07-01T17:37:31.447110+00:00,85.9,200,bid,WavyWalnuts,YieldingYams,2711379
2026-07-01T17:37:31.476131,2026-07-01T17:37:31.492123+00:00,86.2,500,bid,YieldingYams,AverageAlmonds,2711381
2026-07-01T17:37:31.476131,2026-07-01T17:37:31.492123+00:00,86.2,125,bid,YieldingYams,WavyWalnuts,2711382
2026-07-01T17:37:32.645173,2026-07-01T17:37:32.663647+00:00,86.2,200,bid,WavyWalnuts,AverageAlmonds,2711411
2026-07-01T17:37:33.099765,2026-07-01T17:37:33.103619+00:00,86.1,14,ask,YieldingYams,Xuanyu Liu,2711419
2026-07-01T17:37:33.106071,2026-07-01T17:37:33.119177+00:00,86.1,96,ask,YieldingYams,Chester Au,2711420
2026-07-01T17:37:34.539259,2026-07-01T17:37:34.550858+00:00,86.1,2,ask,Kelvin Chan,BrilliantBurritos,2711450
2026-07-01T17:37:34.539259,2026-07-01T17:37:34.550858+00:00,86.1,18,ask,WavyWalnuts,BrilliantBurritos,2711451
2026-07-01T17:37:35.073256,2026-07-01T17:37:35.083217+00:00,86.2,200,bid,WavyWalnuts,YieldingYams,2711455
2026-07-01T17:37:36.411925,2026-07-01T17:37:36.423501+00:00,86.1,8,ask,Kelvin Chan,BrilliantBurritos,2711486
2026-07-01T17:37:36.411925,2026-07-01T17:37:36.423501+00:00,86.1,12,ask,WavyWalnuts,BrilliantBurritos,2711487
2026-07-01T17:37:36.718548,2026-07-01T17:37:36.727605+00:00,86.1,188,ask,WavyWalnuts,YieldingYams,2711492
2026-07-01T17:37:36.718548,2026-07-01T17:37:36.727605+00:00,86.1,9,ask,Kelvin Chan,YieldingYams,2711493
2026-07-01T17:37:39.344143,2026-07-01T17:37:39.363780+00:00,86.2,20,bid,BrilliantBurritos,WavyWalnuts,2711546
2026-07-01T17:37:40.651150,2026-07-01T17:37:40.658567+00:00,86.2,200,bid,YieldingYams,WavyWalnuts,2711579
2026-07-01T17:37:41.121608,2026-07-01T17:37:41.132280+00:00,86.2,200,ask,YieldingYams,WavyWalnuts,2711599
2026-07-01T17:37:43.559573,2026-07-01T17:37:43.562999+00:00,86.2,3,bid,Xuanyu Liu,WavyWalnuts,2711646
2026-07-01T17:37:45.902401,2026-07-01T17:37:45.916734+00:00,86.3,77,bid,Chester Au,WavyWalnuts,2711700
2026-07-01T17:37:45.951015,2026-07-01T17:37:45.958577+00:00,86.3,200,bid,WavyWalnuts,AverageAlmonds,2711703
2026-07-01T17:37:48.376343,2026-07-01T17:37:48.384661+00:00,86.2,200,bid,WavyWalnuts,YieldingYams,2711757
2026-07-01T17:37:48.518352,2026-07-01T17:37:48.525946+00:00,86.2,500,bid,YieldingYams,AverageAlmonds,2711759
2026-07-01T17:37:48.518352,2026-07-01T17:37:48.530972+00:00,86.3,125,bid,YieldingYams,WavyWalnuts,2711760
2026-07-01T17:37:49.587743,2026-07-01T17:37:49.596023+00:00,86.2,200,bid,WavyWalnuts,AverageAlmonds,2711780
2026-07-01T17:37:50.826015,2026-07-01T17:37:50.837564+00:00,86.2,20,bid,BrilliantBurritos,AverageAlmonds,2711809
2026-07-01T17:37:52.216423,2026-07-01T17:37:52.220030+00:00,86.2,23,bid,Xuanyu Liu,YieldingYams,2711833
2026-07-01T17:37:52.219243,2026-07-01T17:37:52.235626+00:00,86.2,68,bid,Chester Au,YieldingYams,2711834
2026-07-01T17:37:56.166152,2026-07-01T17:37:56.174617+00:00,86.1,200,ask,WavyWalnuts,AverageAlmonds,2711916
2026-07-01T17:37:56.371639,2026-07-01T17:37:56.378882+00:00,86.1,300,bid,YieldingYams,AverageAlmonds,2711923
2026-07-01T17:37:56.759868,2026-07-01T17:37:56.769814+00:00,86.1,325,ask,YieldingYams,AverageAlmonds,2711925
2026-07-01T17:37:57.583815,2026-07-01T17:37:57.592644+00:00,86.0,2,ask,Kelvin Chan,BrilliantBurritos,2711947
2026-07-01T17:37:57.583815,2026-07-01T17:37:57.592644+00:00,86.0,18,ask,WavyWalnuts,BrilliantBurritos,2711948
2026-07-01T17:37:57.972496,2026-07-01T17:37:57.979736+00:00,86.0,182,ask,WavyWalnuts,AverageAlmonds,2711952
2026-07-01T17:37:57.972496,2026-07-01T17:37:57.984725+00:00,86.0,4,ask,Kelvin Chan,AverageAlmonds,2711953
2026-07-01T17:37:57.993251,2026-07-01T17:37:57.997077+00:00,86.0,11,bid,Xuanyu Liu,AverageAlmonds,2711956
2026-07-01T17:37:58.068016,2026-07-01T17:37:58.075836+00:00,86.0,200,bid,WavyWalnuts,AverageAlmonds,2711960
2026-07-01T17:37:59.277303,2026-07-01T17:37:59.286323+00:00,86.1,200,bid,WavyWalnuts,YieldingYams,2711979
2026-07-01T17:38:02.935624,2026-07-01T17:38:02.943599+00:00,86.2,200,bid,YieldingYams,WavyWalnuts,2712064
2026-07-01T17:38:04.246553,2026-07-01T17:38:04.253159+00:00,86.2,200,ask,WavyWalnuts,YieldingYams,2712084
2026-07-01T17:38:06.869929,2026-07-01T17:38:06.881500+00:00,86.2,200,bid,YieldingYams,WavyWalnuts,2712128
2026-07-01T17:38:07.740454,2026-07-01T17:38:07.758541+00:00,86.2,200,ask,YieldingYams,WavyWalnuts,2712145
2026-07-01T17:38:08.032686,2026-07-01T17:38:08.037912+00:00,86.3,1,bid,Xuanyu Liu,Kelvin Chan,2712152
2026-07-01T17:38:08.032686,2026-07-01T17:38:08.037912+00:00,86.3,22,bid,Xuanyu Liu,YieldingYams,2712153
2026-07-01T17:38:08.196574,2026-07-01T17:38:08.201042+00:00,86.1,23,bid,Xuanyu Liu,YieldingYams,2712155
2026-07-01T17:38:08.947125,2026-07-01T17:38:08.958591+00:00,86.1,200,bid,WavyWalnuts,YieldingYams,2712168
2026-07-01T17:38:10.155953,2026-07-01T17:38:10.169117+00:00,86.1,200,bid,WavyWalnuts,YieldingYams,2712190
2026-07-01T17:38:11.365129,2026-07-01T17:38:11.374603+00:00,86.2,200,bid,WavyWalnuts,YieldingYams,2712217
2026-07-01T17:38:12.116184,2026-07-01T17:38:12.119441+00:00,86.2,12,ask,YieldingYams,Xuanyu Liu,2712234
2026-07-01T17:38:12.578406,2026-07-01T17:38:12.587825+00:00,86.2,200,ask,YieldingYams,WavyWalnuts,2712239
2026-07-01T17:38:14.994131,2026-07-01T17:38:15.004418+00:00,86.1,200,bid,WavyWalnuts,YieldingYams,2712277
2026-07-01T17:38:17.355298,2026-07-01T17:38:17.368679+00:00,86.0,1,ask,Kelvin Chan,YieldingYams,2712324
2026-07-01T17:38:17.355298,2026-07-01T17:38:17.368679+00:00,86.0,200,ask,WavyWalnuts,YieldingYams,2712325
2026-07-01T17:38:18.397100,2026-07-01T17:38:18.408562+00:00,86.0,20,bid,BrilliantBurritos,YieldingYams,2712353
2026-07-01T17:38:18.624637,2026-07-01T17:38:18.634734+00:00,85.9,1,ask,Kelvin Chan,WavyWalnuts,2712357
2026-07-01T17:38:18.665187,2026-07-01T17:38:18.671429+00:00,85.9,199,bid,YieldingYams,WavyWalnuts,2712358
2026-07-01T17:38:19.835612,2026-07-01T17:38:19.843700+00:00,85.9,200,ask,YieldingYams,WavyWalnuts,2712369
2026-07-01T17:38:19.984391,2026-07-01T17:38:19.993671+00:00,85.9,3,ask,Kelvin Chan,YieldingYams,2712372
2026-07-01T17:38:21.045859,2026-07-01T17:38:21.064274+00:00,85.9,200,bid,WavyWalnuts,YieldingYams,2712388
2026-07-01T17:38:22.257636,2026-07-01T17:38:22.269021+00:00,85.9,200,bid,WavyWalnuts,YieldingYams,2712407
2026-07-01T17:38:23.036897,2026-07-01T17:38:23.040473+00:00,85.9,1,ask,Kelvin Chan,Xuanyu Liu,2712430
2026-07-01T17:38:25.412059,2026-07-01T17:38:25.423701+00:00,85.9,20,bid,BrilliantBurritos,WavyWalnuts,2712475
2026-07-01T17:38:25.956196,2026-07-01T17:38:25.958553+00:00,85.8,1,ask,Kelvin Chan,WavyWalnuts,2712487
2026-07-01T17:38:26.554028,2026-07-01T17:38:26.563638+00:00,85.8,199,bid,YieldingYams,WavyWalnuts,2712502
2026-07-01T17:38:27.065396,2026-07-01T17:38:27.069251+00:00,85.8,10,ask,YieldingYams,Xuanyu Liu,2712509
2026-07-01T17:38:27.170674,2026-07-01T17:38:27.178156+00:00,85.8,200,ask,YieldingYams,WavyWalnuts,2712510
2026-07-01T17:38:28.386303,2026-07-01T17:38:28.395001+00:00,85.8,2,ask,Kelvin Chan,WavyWalnuts,2712533
2026-07-01T17:38:28.837657,2026-07-01T17:38:28.848086+00:00,85.8,198,bid,AverageAlmonds,WavyWalnuts,2712546
2026-07-01T17:38:29.201470,2026-07-01T17:38:29.205824+00:00,85.9,11,ask,YieldingYams,Xuanyu Liu,2712561
2026-07-01T17:38:29.598877,2026-07-01T17:38:29.609168+00:00,85.9,200,ask,YieldingYams,WavyWalnuts,2712571
2026-07-01T17:38:30.805719,2026-07-01T17:38:30.815767+00:00,85.9,200,ask,YieldingYams,WavyWalnuts,2712593
2026-07-01T17:38:31.675654,2026-07-01T17:38:31.684586+00:00,85.9,20,ask,YieldingYams,BrilliantBurritos,2712606
2026-07-01T17:38:33.112325,2026-07-01T17:38:33.121551+00:00,85.9,200,ask,WavyWalnuts,YieldingYams,2712632
2026-07-01T17:38:33.223308,2026-07-01T17:38:33.230157+00:00,85.9,200,bid,WavyWalnuts,YieldingYams,2712636
2026-07-01T17:38:34.420418,2026-07-01T17:38:34.432406+00:00,86.1,3,bid,YieldingYams,Kelvin Chan,2712657
2026-07-01T17:38:34.420418,2026-07-01T17:38:34.432406+00:00,86.1,422,bid,YieldingYams,AverageAlmonds,2712658
2026-07-01T17:38:35.679130,2026-07-01T17:38:35.683506+00:00,85.9,12,ask,WavyWalnuts,Xuanyu Liu,2712686
2026-07-01T17:38:35.927106,2026-07-01T17:38:35.934112+00:00,85.9,20,ask,WavyWalnuts,BrilliantBurritos,2712695
2026-07-01T17:38:36.868883,2026-07-01T17:38:36.879438+00:00,86.0,200,bid,YieldingYams,WavyWalnuts,2712716
2026-07-01T17:38:38.350037,2026-07-01T17:38:38.363686+00:00,86.0,500,bid,YieldingYams,AverageAlmonds,2712749
2026-07-01T17:38:38.531002,2026-07-01T17:38:38.537869+00:00,86.0,125,ask,YieldingYams,AverageAlmonds,2712750
2026-07-01T17:38:39.569647,2026-07-01T17:38:39.573200+00:00,85.9,23,ask,WavyWalnuts,Xuanyu Liu,2712790
2026-07-01T17:38:39.664694,2026-07-01T17:38:39.674713+00:00,85.9,177,ask,WavyWalnuts,YieldingYams,2712794
2026-07-01T17:38:39.664694,2026-07-01T17:38:39.674713+00:00,85.8,1,ask,Kelvin Chan,YieldingYams,2712795
2026-07-01T17:38:40.499666,2026-07-01T17:38:40.506491+00:00,85.8,200,bid,WavyWalnuts,YieldingYams,2712814
2026-07-01T17:38:41.709172,2026-07-01T17:38:41.715514+00:00,86.0,200,bid,WavyWalnuts,YieldingYams,2712834
2026-07-01T17:38:42.918077,2026-07-01T17:38:42.926221+00:00,85.9,200,ask,YieldingYams,WavyWalnuts,2712848
2026-07-01T17:38:44.905576,2026-07-01T17:38:44.915463+00:00,86.1,1,bid,YieldingYams,Kelvin Chan,2712891
2026-07-01T17:38:44.905576,2026-07-01T17:38:44.915463+00:00,86.1,200,bid,YieldingYams,WavyWalnuts,2712892
2026-07-01T17:38:44.905576,2026-07-01T17:38:44.920459+00:00,86.1,424,bid,YieldingYams,AverageAlmonds,2712893
2026-07-01T17:38:45.839869,2026-07-01T17:38:45.858839+00:00,86.1,3,bid,BrilliantBurritos,Kelvin Chan,2712903
2026-07-01T17:38:45.839869,2026-07-01T17:38:45.864095+00:00,86.1,17,bid,BrilliantBurritos,AverageAlmonds,2712904
2026-07-01T17:38:45.893697,2026-07-01T17:38:45.898244+00:00,86.0,11,ask,WavyWalnuts,Xuanyu Liu,2712906
2026-07-01T17:38:46.225129,2026-07-01T17:38:46.232572+00:00,86.0,189,ask,WavyWalnuts,YieldingYams,2712917
2026-07-01T17:38:46.548416,2026-07-01T17:38:46.556119+00:00,86.0,200,bid,WavyWalnuts,YieldingYams,2712923
2026-07-01T17:38:52.223377,2026-07-01T17:38:52.227322+00:00,85.8,3,ask,YieldingYams,Xuanyu Liu,2713020
2026-07-01T17:38:52.628292,2026-07-01T17:38:52.639468+00:00,85.8,200,ask,YieldingYams,WavyWalnuts,2713032
2026-07-01T17:38:57.479398,2026-07-01T17:38:57.490556+00:00,85.7,2,ask,Kelvin Chan,WavyWalnuts,2713134
2026-07-01T17:38:57.479398,2026-07-01T17:38:57.490556+00:00,85.7,198,ask,YieldingYams,WavyWalnuts,2713135
2026-07-01T17:38:58.541435,2026-07-01T17:38:58.545906+00:00,85.7,3,ask,YieldingYams,Xuanyu Liu,2713163
2026-07-01T17:38:58.545976,2026-07-01T17:38:58.569000+00:00,85.7,150,ask,YieldingYams,Chester Au,2713164
2026-07-01T17:38:58.687198,2026-07-01T17:38:58.694992+00:00,85.7,200,ask,YieldingYams,WavyWalnuts,2713173
2026-07-01T17:38:59.343398,2026-07-01T17:38:59.353745+00:00,85.7,6,ask,Kelvin Chan,YieldingYams,2713182
2026-07-01T17:39:00.657092,2026-07-01T17:39:00.658570+00:00,85.7,200,bid,YieldingYams,WavyWalnuts,2713212
2026-07-01T17:39:01.940384,2026-07-01T17:39:01.948485+00:00,85.7,20,ask,YieldingYams,BrilliantBurritos,2713238
2026-07-01T17:39:01.981522,2026-07-01T17:39:01.985828+00:00,85.7,3,bid,Xuanyu Liu,YieldingYams,2713239
2026-07-01T17:39:02.577777,2026-07-01T17:39:02.590839+00:00,85.7,20,bid,BrilliantBurritos,YieldingYams,2713251
2026-07-01T17:39:03.279624,2026-07-01T17:39:03.288681+00:00,85.6,10,ask,Kelvin Chan,YieldingYams,2713267
2026-07-01T17:39:03.533765,2026-07-01T17:39:03.543188+00:00,85.6,200,bid,WavyWalnuts,YieldingYams,2713272
2026-07-01T17:39:05.761502,2026-07-01T17:39:05.769289+00:00,85.6,200,bid,AverageAlmonds,WavyWalnuts,2713321
2026-07-01T17:39:05.786833,2026-07-01T17:39:05.795565+00:00,85.6,50,ask,AverageAlmonds,Chester Au,2713323
2026-07-01T17:39:08.026839,2026-07-01T17:39:08.030496+00:00,85.5,3,ask,Kelvin Chan,Xuanyu Liu,2713353
2026-07-01T17:39:12.016287,2026-07-01T17:39:12.026053+00:00,85.5,1,ask,Kelvin Chan,WavyWalnuts,2713435
2026-07-01T17:39:12.016287,2026-07-01T17:39:12.026053+00:00,85.5,199,ask,YieldingYams,WavyWalnuts,2713436
2026-07-01T17:39:13.226076,2026-07-01T17:39:13.233796+00:00,85.6,200,ask,YieldingYams,WavyWalnuts,2713463
2026-07-01T17:39:16.388867,2026-07-01T17:39:16.396161+00:00,85.5,1,ask,Kelvin Chan,YieldingYams,2713528
2026-07-01T17:39:16.388867,2026-07-01T17:39:16.396161+00:00,85.5,200,ask,AverageAlmonds,WavyWalnuts,2713529
2026-07-01T17:39:16.388867,2026-07-01T17:39:16.396161+00:00,85.5,424,ask,AverageAlmonds,YieldingYams,2713530
2026-07-01T17:39:16.621643,2026-07-01T17:39:16.632852+00:00,85.7,20,bid,BrilliantBurritos,WavyWalnuts,2713535
2026-07-01T17:39:16.857536,2026-07-01T17:39:16.868963+00:00,85.5,200,ask,WavyWalnuts,YieldingYams,2713540
2026-07-01T17:39:18.064768,2026-07-01T17:39:18.074279+00:00,85.7,200,ask,YieldingYams,WavyWalnuts,2713560
2026-07-01T17:39:19.275040,2026-07-01T17:39:19.284818+00:00,85.6,200,ask,YieldingYams,WavyWalnuts,2713591
2026-07-01T17:39:20.482774,2026-07-01T17:39:20.490842+00:00,85.5,9,ask,Kelvin Chan,WavyWalnuts,2713615
2026-07-01T17:39:20.482774,2026-07-01T17:39:20.490842+00:00,85.5,191,ask,AverageAlmonds,WavyWalnuts,2713616
2026-07-01T17:39:21.691194,2026-07-01T17:39:21.702390+00:00,85.5,8,ask,Kelvin Chan,WavyWalnuts,2713656
2026-07-01T17:39:22.112351,2026-07-01T17:39:22.120022+00:00,85.5,192,bid,AverageAlmonds,WavyWalnuts,2713661
2026-07-01T17:39:25.323658,2026-07-01T17:39:25.332441+00:00,85.5,200,ask,YieldingYams,WavyWalnuts,2713715
2026-07-01T17:39:26.531538,2026-07-01T17:39:26.540235+00:00,85.5,200,ask,YieldingYams,WavyWalnuts,2713739
2026-07-01T17:39:28.773458,2026-07-01T17:39:28.784851+00:00,85.5,200,bid,AverageAlmonds,WavyWalnuts,2713783
2026-07-01T17:39:28.773458,2026-07-01T17:39:28.784851+00:00,85.5,300,bid,AverageAlmonds,YieldingYams,2713784
2026-07-01T17:39:29.523899,2026-07-01T17:39:29.534421+00:00,85.5,200,bid,YieldingYams,WavyWalnuts,2713800
2026-07-01T17:39:30.165911,2026-07-01T17:39:30.169824+00:00,85.6,46,ask,WavyWalnuts,Xuanyu Liu,2713812
2026-07-01T17:39:30.835745,2026-07-01T17:39:30.843974+00:00,85.6,154,ask,WavyWalnuts,YieldingYams,2713824
2026-07-01T17:39:33.783779,2026-07-01T17:39:33.791436+00:00,85.5,200,ask,YieldingYams,WavyWalnuts,2713884
2026-07-01T17:39:36.028643,2026-07-01T17:39:36.034985+00:00,85.5,500,bid,AverageAlmonds,YieldingYams,2713922
2026-07-01T17:39:36.202668,2026-07-01T17:39:36.210638+00:00,85.4,2,ask,Kelvin Chan,WavyWalnuts,2713924
2026-07-01T17:39:36.202668,2026-07-01T17:39:36.210638+00:00,85.4,198,ask,YieldingYams,WavyWalnuts,2713925
2026-07-01T17:39:37.109940,2026-07-01T17:39:37.118378+00:00,85.5,20,bid,BrilliantBurritos,YieldingYams,2713939
2026-07-01T17:39:37.264102,2026-07-01T17:39:37.274138+00:00,85.5,500,bid,AverageAlmonds,YieldingYams,2713942
2026-07-01T17:39:38.629015,2026-07-01T17:39:38.639761+00:00,85.5,200,ask,YieldingYams,WavyWalnuts,2713964
2026-07-01T17:39:39.484455,2026-07-01T17:39:39.496058+00:00,85.6,20,bid,BrilliantBurritos,YieldingYams,2713975
2026-07-01T17:39:39.586609,2026-07-01T17:39:39.590468+00:00,85.6,23,bid,Xuanyu Liu,YieldingYams,2713981
2026-07-01T17:39:39.838324,2026-07-01T17:39:39.841297+00:00,85.5,200,ask,AverageAlmonds,WavyWalnuts,2713992
2026-07-01T17:39:39.999155,2026-07-01T17:39:40.006046+00:00,85.5,300,ask,AverageAlmonds,YieldingYams,2713996
2026-07-01T17:39:40.021256,2026-07-01T17:39:40.024972+00:00,85.5,12,bid,Xuanyu Liu,YieldingYams,2713999
2026-07-01T17:39:40.269807,2026-07-01T17:39:40.277291+00:00,85.5,313,bid,AverageAlmonds,YieldingYams,2714002
2026-07-01T17:39:41.315890,2026-07-01T17:39:41.325023+00:00,85.6,200,bid,YieldingYams,WavyWalnuts,2714020
2026-07-01T17:39:41.315890,2026-07-01T17:39:41.325023+00:00,85.7,4,bid,YieldingYams,Kelvin Chan,2714021
2026-07-01T17:39:43.948111,2026-07-01T17:39:43.941937+00:00,85.8,2,bid,YieldingYams,Kelvin Chan,2714081
2026-07-01T17:39:44.442157,2026-07-01T17:39:44.445918+00:00,85.8,1,ask,YieldingYams,Xuanyu Liu,2714097
2026-07-01T17:39:44.563618,2026-07-01T17:39:44.567208+00:00,85.8,1,ask,YieldingYams,Xuanyu Liu,2714103
2026-07-01T17:39:45.594388,2026-07-01T17:39:45.598774+00:00,85.8,1,ask,WavyWalnuts,Xuanyu Liu,2714129
2026-07-01T17:39:46.574706,2026-07-01T17:39:46.583952+00:00,85.9,1,bid,YieldingYams,Kelvin Chan,2714154
2026-07-01T17:39:46.574706,2026-07-01T17:39:46.583952+00:00,86.0,200,bid,YieldingYams,WavyWalnuts,2714155
2026-07-01T17:39:46.937594,2026-07-01T17:39:46.948506+00:00,86.0,424,ask,YieldingYams,AverageAlmonds,2714160
2026-07-01T17:39:47.888869,2026-07-01T17:39:47.897936+00:00,85.8,200,ask,WavyWalnuts,YieldingYams,2714177
2026-07-01T17:39:48.319783,2026-07-01T17:39:48.330557+00:00,85.8,200,bid,WavyWalnuts,YieldingYams,2714188
2026-07-01T17:39:50.524120,2026-07-01T17:39:50.527913+00:00,85.7,3,bid,Xuanyu Liu,YieldingYams,2714232
2026-07-01T17:39:50.767308,2026-07-01T17:39:50.771406+00:00,85.6,11,bid,Xuanyu Liu,WavyWalnuts,2714238
2026-07-01T17:39:53.147283,2026-07-01T17:39:53.158564+00:00,85.6,200,bid,YieldingYams,WavyWalnuts,2714284
2026-07-01T17:39:53.165416,2026-07-01T17:39:53.174061+00:00,85.6,200,ask,YieldingYams,WavyWalnuts,2714286
2026-07-01T17:39:54.375797,2026-07-01T17:39:54.387128+00:00,85.6,200,ask,YieldingYams,WavyWalnuts,2714304
2026-07-01T17:39:54.485839,2026-07-01T17:39:54.493797+00:00,85.5,500,ask,AverageAlmonds,YieldingYams,2714310
2026-07-01T17:39:54.485839,2026-07-01T17:39:54.493797+00:00,85.5,125,ask,WavyWalnuts,YieldingYams,2714311
2026-07-01T17:39:58.006474,2026-07-01T17:39:58.013739+00:00,85.6,200,ask,YieldingYams,WavyWalnuts,2714380
2026-07-01T17:40:01.807555,2026-07-01T17:40:01.812750+00:00,85.4,1,ask,Kelvin Chan,Xuanyu Liu,2714440
2026-07-01T17:40:01.807555,2026-07-01T17:40:01.812750+00:00,85.4,10,ask,YieldingYams,Xuanyu Liu,2714441
2026-07-01T17:40:02.120251,2026-07-01T17:40:02.124949+00:00,85.5,2,ask,Kelvin Chan,Xuanyu Liu,2714452
2026-07-01T17:40:02.140258,2026-07-01T17:40:02.150947+00:00,85.4,20,ask,YieldingYams,BrilliantBurritos,2714454
2026-07-01T17:40:02.201316,2026-07-01T17:40:02.205078+00:00,85.5,1,ask,Kelvin Chan,Xuanyu Liu,2714456
2026-07-01T17:40:02.264096,2026-07-01T17:40:02.267730+00:00,85.5,2,ask,Kelvin Chan,Xuanyu Liu,2714458
2026-07-01T17:40:02.364473,2026-07-01T17:40:02.368379+00:00,85.5,7,ask,YieldingYams,Xuanyu Liu,2714461
2026-07-01T17:40:05.271822,2026-07-01T17:40:05.281803+00:00,85.4,20,ask,WavyWalnuts,BrilliantBurritos,2714523
2026-07-01T17:40:06.427921,2026-07-01T17:40:06.437351+00:00,85.5,20,bid,BrilliantBurritos,YieldingYams,2714546
2026-07-01T17:40:06.500925,2026-07-01T17:40:06.507342+00:00,85.4,1,ask,Kelvin Chan,WavyWalnuts,2714552
2026-07-01T17:40:06.517834,2026-07-01T17:40:06.521509+00:00,85.4,12,bid,Xuanyu Liu,WavyWalnuts,2714554
2026-07-01T17:40:10.126378,2026-07-01T17:40:10.132456+00:00,85.4,200,bid,WavyWalnuts,YieldingYams,2714639
2026-07-01T17:40:11.337051,2026-07-01T17:40:11.358585+00:00,85.4,200,bid,WavyWalnuts,YieldingYams,2714662
2026-07-01T17:40:12.830456,2026-07-01T17:40:12.841731+00:00,85.3,200,bid,YieldingYams,WavyWalnuts,2714692
2026-07-01T17:40:13.754141,2026-07-01T17:40:13.746975+00:00,85.4,200,ask,YieldingYams,WavyWalnuts,2714719
2026-07-01T17:40:15.460533,2026-07-01T17:40:15.469033+00:00,85.3,500,ask,AverageAlmonds,YieldingYams,2714762
2026-07-01T17:40:15.777361,2026-07-01T17:40:15.788704+00:00,85.3,20,bid,BrilliantBurritos,YieldingYams,2714767
2026-07-01T17:40:16.000418,2026-07-01T17:40:16.009063+00:00,85.3,105,bid,AverageAlmonds,YieldingYams,2714771
2026-07-01T17:40:16.167902,2026-07-01T17:40:16.174239+00:00,85.3,200,ask,AverageAlmonds,WavyWalnuts,2714773
2026-07-01T17:40:17.375053,2026-07-01T17:40:17.383037+00:00,85.4,200,ask,YieldingYams,WavyWalnuts,2714803
2026-07-01T17:40:17.934706,2026-07-01T17:40:17.946403+00:00,85.6,10,bid,BrilliantBurritos,Kelvin Chan,2714822
2026-07-01T17:40:17.934706,2026-07-01T17:40:17.946403+00:00,85.6,10,bid,BrilliantBurritos,YieldingYams,2714823
2026-07-01T17:40:18.096317,2026-07-01T17:40:18.100073+00:00,85.3,11,bid,Xuanyu Liu,YieldingYams,2714827
2026-07-01T17:40:18.417260,2026-07-01T17:40:18.428330+00:00,85.3,500,bid,AverageAlmonds,YieldingYams,2714833
2026-07-01T17:40:18.580244,2026-07-01T17:40:18.587854+00:00,85.3,114,bid,WavyWalnuts,YieldingYams,2714836
2026-07-01T17:40:19.386283,2026-07-01T17:40:19.397313+00:00,85.5,200,bid,YieldingYams,WavyWalnuts,2714864
2026-07-01T17:40:19.386283,2026-07-01T17:40:19.397313+00:00,85.6,10,bid,YieldingYams,Kelvin Chan,2714865
2026-07-01T17:40:19.795121,2026-07-01T17:40:19.803756+00:00,85.6,200,ask,YieldingYams,WavyWalnuts,2714875
2026-07-01T17:40:20.727109,2026-07-01T17:40:20.731268+00:00,85.5,3,bid,Xuanyu Liu,YieldingYams,2714896
2026-07-01T17:40:21.004475,2026-07-01T17:40:21.010700+00:00,85.5,200,bid,WavyWalnuts,YieldingYams,2714898
2026-07-01T17:40:22.217729,2026-07-01T17:40:22.226278+00:00,85.6,200,bid,WavyWalnuts,YieldingYams,2714926
2026-07-01T17:40:27.265514,2026-07-01T17:40:27.274496+00:00,85.7,2,bid,YieldingYams,Kelvin Chan,2715040
2026-07-01T17:40:29.504720,2026-07-01T17:40:29.514423+00:00,85.7,200,ask,YieldingYams,WavyWalnuts,2715090
2026-07-01T17:40:32.507246,2026-07-01T17:40:32.534492+00:00,85.5,200,ask,WavyWalnuts,YieldingYams,2715141
2026-07-01T17:40:32.530626,2026-07-01T17:40:32.534492+00:00,85.5,3,bid,Xuanyu Liu,YieldingYams,2715143
2026-07-01T17:40:32.959090,2026-07-01T17:40:32.968698+00:00,85.5,422,bid,AverageAlmonds,YieldingYams,2715146
2026-07-01T17:40:33.128990,2026-07-01T17:40:33.136655+00:00,85.5,78,ask,AverageAlmonds,WavyWalnuts,2715149
2026-07-01T17:40:33.813778,2026-07-01T17:40:33.824732+00:00,85.5,122,bid,YieldingYams,WavyWalnuts,2715156
2026-07-01T17:40:33.830491,2026-07-01T17:40:33.834541+00:00,85.7,3,ask,YieldingYams,Xuanyu Liu,2715158
2026-07-01T17:40:34.336394,2026-07-01T17:40:34.346932+00:00,85.7,200,ask,YieldingYams,WavyWalnuts,2715173
2026-07-01T17:40:35.543226,2026-07-01T17:40:35.558617+00:00,85.7,200,ask,YieldingYams,WavyWalnuts,2715206
2026-07-01T17:40:36.605840,2026-07-01T17:40:36.609692+00:00,85.6,3,bid,Xuanyu Liu,YieldingYams,2715228
2026-07-01T17:40:36.749149,2026-07-01T17:40:36.763637+00:00,85.6,200,bid,WavyWalnuts,YieldingYams,2715232
2026-07-01T17:40:39.054954,2026-07-01T17:40:39.064294+00:00,85.5,10,ask,Kelvin Chan,YieldingYams,2715269
2026-07-01T17:40:39.054954,2026-07-01T17:40:39.064294+00:00,85.5,200,ask,WavyWalnuts,YieldingYams,2715270
2026-07-01T17:40:39.071407,2026-07-01T17:40:39.076970+00:00,85.5,147,bid,Chester Au,YieldingYams,2715272
2026-07-01T17:40:39.163588,2026-07-01T17:40:39.174161+00:00,85.5,200,bid,WavyWalnuts,YieldingYams,2715275
2026-07-01T17:40:40.375165,2026-07-01T17:40:40.385962+00:00,85.5,200,ask,YieldingYams,WavyWalnuts,2715302
2026-07-01T17:40:40.382749,2026-07-01T17:40:40.385962+00:00,85.5,3,ask,YieldingYams,Xuanyu Liu,2715304
2026-07-01T17:40:42.792697,2026-07-01T17:40:42.800371+00:00,85.5,200,bid,WavyWalnuts,YieldingYams,2715349
2026-07-01T17:40:42.874238,2026-07-01T17:40:42.878013+00:00,85.5,3,bid,Xuanyu Liu,YieldingYams,2715355
2026-07-01T17:40:44.000881,2026-07-01T17:40:44.009979+00:00,85.6,200,ask,YieldingYams,WavyWalnuts,2715383
2026-07-01T17:40:46.113700,2026-07-01T17:40:46.121168+00:00,85.6,20,bid,BrilliantBurritos,WavyWalnuts,2715423
2026-07-01T17:40:46.184710,2026-07-01T17:40:46.192317+00:00,85.6,53,bid,Chester Au,WavyWalnuts,2715426
2026-07-01T17:40:46.188262,2026-07-01T17:40:46.192317+00:00,85.6,11,bid,Xuanyu Liu,WavyWalnuts,2715427
2026-07-01T17:40:46.414448,2026-07-01T17:40:46.426752+00:00,85.6,200,bid,WavyWalnuts,YieldingYams,2715432
2026-07-01T17:40:46.899528,2026-07-01T17:40:46.912033+00:00,85.6,20,bid,BrilliantBurritos,YieldingYams,2715436
2026-07-01T17:40:47.704260,2026-07-01T17:40:47.715974+00:00,85.6,20,bid,BrilliantBurritos,YieldingYams,2715459
2026-07-01T17:40:48.238033,2026-07-01T17:40:48.248693+00:00,85.5,200,ask,WavyWalnuts,YieldingYams,2715465
2026-07-01T17:40:48.835271,2026-07-01T17:40:48.843131+00:00,85.5,200,bid,WavyWalnuts,YieldingYams,2715481
2026-07-01T17:40:49.545609,2026-07-01T17:40:49.563753+00:00,85.7,200,bid,YieldingYams,WavyWalnuts,2715493
2026-07-01T17:40:49.545609,2026-07-01T17:40:49.563753+00:00,85.7,425,bid,YieldingYams,AverageAlmonds,2715494
2026-07-01T17:40:50.859512,2026-07-01T17:40:50.869817+00:00,85.5,200,ask,WavyWalnuts,YieldingYams,2715508
2026-07-01T17:40:51.251220,2026-07-01T17:40:51.254166+00:00,85.4,5,ask,Kelvin Chan,WavyWalnuts,2715511
2026-07-01T17:40:52.168825,2026-07-01T17:40:52.175371+00:00,85.4,195,bid,YieldingYams,WavyWalnuts,2715531
2026-07-01T17:40:53.664921,2026-07-01T17:40:53.675009+00:00,85.5,200,bid,WavyWalnuts,YieldingYams,2715564
2026-07-01T17:40:54.800495,2026-07-01T17:40:54.804281+00:00,85.5,11,ask,YieldingYams,Xuanyu Liu,2715597
2026-07-01T17:40:56.085475,2026-07-01T17:40:56.094257+00:00,85.5,200,ask,YieldingYams,WavyWalnuts,2715609
2026-07-01T17:40:57.120224,2026-07-01T17:40:57.131761+00:00,85.4,20,ask,YieldingYams,BrilliantBurritos,2715633
2026-07-01T17:40:58.503314,2026-07-01T17:40:58.513454+00:00,85.5,200,bid,WavyWalnuts,YieldingYams,2715649
2026-07-01T17:41:00.925813,2026-07-01T17:41:00.932575+00:00,85.6,6,bid,WavyWalnuts,Kelvin Chan,2715719
2026-07-01T17:41:00.925813,2026-07-01T17:41:00.938071+00:00,85.6,194,bid,WavyWalnuts,AverageAlmonds,2715720
2026-07-01T17:41:01.334064,2026-07-01T17:41:01.340843+00:00,85.6,306,bid,YieldingYams,AverageAlmonds,2715734
2026-07-01T17:41:01.398207,2026-07-01T17:41:01.408030+00:00,85.6,319,ask,YieldingYams,AverageAlmonds,2715735
2026-07-01T17:41:01.487805,2026-07-01T17:41:01.499348+00:00,85.3,2,ask,Kelvin Chan,BrilliantBurritos,2715738
2026-07-01T17:41:02.142361,2026-07-01T17:41:02.158966+00:00,85.5,200,bid,WavyWalnuts,AverageAlmonds,2715748
2026-07-01T17:41:03.362555,2026-07-01T17:41:03.370717+00:00,85.5,200,bid,WavyWalnuts,YieldingYams,2715771
2026-07-01T17:41:04.577065,2026-07-01T17:41:04.586499+00:00,85.5,200,bid,WavyWalnuts,YieldingYams,2715796
2026-07-01T17:41:05.261115,2026-07-01T17:41:05.280314+00:00,85.5,500,bid,YieldingYams,AverageAlmonds,2715814
2026-07-01T17:41:05.261115,2026-07-01T17:41:05.280314+00:00,85.6,6,bid,YieldingYams,Kelvin Chan,2715815
2026-07-01T17:41:05.276721,2026-07-01T17:41:05.280314+00:00,85.7,6,ask,YieldingYams,Xuanyu Liu,2715817
2026-07-01T17:41:05.281152,2026-07-01T17:41:05.296013+00:00,85.7,46,ask,YieldingYams,Chester Au,2715818
2026-07-01T17:41:05.542155,2026-07-01T17:41:05.544638+00:00,85.8,20,bid,BrilliantBurritos,WavyWalnuts,2715821
2026-07-01T17:41:05.640532,2026-07-01T17:41:05.649247+00:00,85.7,67,ask,YieldingYams,AverageAlmonds,2715825
2026-07-01T17:41:05.790328,2026-07-01T17:41:05.801831+00:00,85.5,200,bid,WavyWalnuts,AverageAlmonds,2715832
2026-07-01T17:41:06.573733,2026-07-01T17:41:06.582677+00:00,85.5,500,bid,YieldingYams,AverageAlmonds,2715856
2026-07-01T17:41:06.848587,2026-07-01T17:41:06.864211+00:00,85.5,125,ask,YieldingYams,AverageAlmonds,2715859
2026-07-01T17:41:07.000603,2026-07-01T17:41:07.007717+00:00,85.5,200,bid,WavyWalnuts,AverageAlmonds,2715865
2026-07-01T17:41:07.883993,2026-07-01T17:41:07.891836+00:00,85.3,1,ask,Kelvin Chan,YieldingYams,2715883
2026-07-01T17:41:08.235818,2026-07-01T17:41:08.244020+00:00,85.2,200,bid,WavyWalnuts,YieldingYams,2715893
2026-07-01T17:41:09.450068,2026-07-01T17:41:09.464097+00:00,85.4,200,bid,WavyWalnuts,YieldingYams,2715912
2026-07-01T17:41:10.523002,2026-07-01T17:41:10.530935+00:00,85.4,500,bid,YieldingYams,AverageAlmonds,2715942
2026-07-01T17:41:11.095226,2026-07-01T17:41:11.105165+00:00,85.4,125,ask,YieldingYams,AverageAlmonds,2715948
2026-07-01T17:41:11.095226,2026-07-01T17:41:11.105165+00:00,85.4,200,ask,WavyWalnuts,AverageAlmonds,2715949
2026-07-01T17:41:11.850311,2026-07-01T17:41:11.858577+00:00,85.2,50,ask,YieldingYams,Chester Au,2715967
2026-07-01T17:41:11.873662,2026-07-01T17:41:11.882092+00:00,85.3,200,bid,WavyWalnuts,AverageAlmonds,2715968
2026-07-01T17:41:13.138112,2026-07-01T17:41:13.146874+00:00,85.3,500,bid,YieldingYams,AverageAlmonds,2715989
2026-07-01T17:41:13.500759,2026-07-01T17:41:13.509610+00:00,85.3,125,ask,YieldingYams,AverageAlmonds,2715990
2026-07-01T17:41:13.500759,2026-07-01T17:41:13.509610+00:00,85.2,200,ask,WavyWalnuts,AverageAlmonds,2715991
2026-07-01T17:41:14.453571,2026-07-01T17:41:14.458607+00:00,85.1,200,ask,WavyWalnuts,YieldingYams,2716003
2026-07-01T17:41:14.566914,2026-07-01T17:41:14.571094+00:00,85.1,17,bid,Xuanyu Liu,YieldingYams,2716006
2026-07-01T17:41:14.570468,2026-07-01T17:41:14.586390+00:00,85.1,50,bid,Chester Au,YieldingYams,2716007
2026-07-01T17:41:16.703205,2026-07-01T17:41:16.710189+00:00,85.2,200,bid,WavyWalnuts,YieldingYams,2716032
2026-07-01T17:41:17.732100,2026-07-01T17:41:17.736911+00:00,85.2,11,ask,YieldingYams,Xuanyu Liu,2716047
2026-07-01T17:41:21.010245,2026-07-01T17:41:21.017223+00:00,85.3,200,bid,YieldingYams,WavyWalnuts,2716109
2026-07-01T17:41:21.010245,2026-07-01T17:41:21.022225+00:00,85.3,425,bid,YieldingYams,AverageAlmonds,2716110
2026-07-01T17:41:22.321714,2026-07-01T17:41:22.328223+00:00,85.2,200,ask,WavyWalnuts,YieldingYams,2716141
2026-07-01T17:41:22.745087,2026-07-01T17:41:22.753636+00:00,85.2,200,bid,WavyWalnuts,YieldingYams,2716144
2026-07-01T17:41:23.958044,2026-07-01T17:41:23.969283+00:00,85.2,200,ask,YieldingYams,WavyWalnuts,2716177
2026-07-01T17:41:24.062596,2026-07-01T17:41:24.071931+00:00,85.2,150,ask,YieldingYams,Chester Au,2716182
2026-07-01T17:41:26.374004,2026-07-01T17:41:26.380554+00:00,85.2,200,ask,YieldingYams,WavyWalnuts,2716222
2026-07-01T17:41:28.750905,2026-07-01T17:41:28.758570+00:00,85.2,20,bid,BrilliantBurritos,YieldingYams,2716258
2026-07-01T17:41:31.226760,2026-07-01T17:41:31.234661+00:00,85.1,150,bid,Chester Au,WavyWalnuts,2716297
2026-07-01T17:41:31.230994,2026-07-01T17:41:31.234661+00:00,85.1,11,bid,Xuanyu Liu,WavyWalnuts,2716298
2026-07-01T17:41:31.497940,2026-07-01T17:41:31.507670+00:00,85.1,39,bid,YieldingYams,WavyWalnuts,2716304
2026-07-01T17:41:32.238579,2026-07-01T17:41:32.258587+00:00,85.2,20,bid,BrilliantBurritos,YieldingYams,2716317
2026-07-01T17:41:35.931305,2026-07-01T17:41:35.941063+00:00,85.1,20,ask,WavyWalnuts,BrilliantBurritos,2716363
2026-07-01T17:41:37.283759,2026-07-01T17:41:37.290873+00:00,85.1,200,ask,YieldingYams,WavyWalnuts,2716386
2026-07-01T17:41:39.707712,2026-07-01T17:41:39.716387+00:00,85.1,200,ask,YieldingYams,WavyWalnuts,2716427
2026-07-01T17:41:39.898707,2026-07-01T17:41:39.902447+00:00,85.1,11,ask,YieldingYams,Xuanyu Liu,2716433
2026-07-01T17:41:40.679715,2026-07-01T17:41:40.683196+00:00,85.2,3,ask,YieldingYams,Xuanyu Liu,2716445
2026-07-01T17:41:40.917753,2026-07-01T17:41:40.924439+00:00,85.3,1,bid,WavyWalnuts,Kelvin Chan,2716449
2026-07-01T17:41:42.806401,2026-07-01T17:41:42.816964+00:00,85.4,7,bid,BrilliantBurritos,Kelvin Chan,2716476
2026-07-01T17:41:42.806401,2026-07-01T17:41:42.816964+00:00,85.4,13,bid,BrilliantBurritos,YieldingYams,2716477
2026-07-01T17:41:43.364631,2026-07-01T17:41:43.368677+00:00,85.3,3,bid,Xuanyu Liu,WavyWalnuts,2716498
2026-07-01T17:41:44.555672,2026-07-01T17:41:44.564051+00:00,85.2,200,ask,YieldingYams,WavyWalnuts,2716516
2026-07-01T17:41:45.763489,2026-07-01T17:41:45.771525+00:00,85.2,200,ask,AverageAlmonds,WavyWalnuts,2716537
2026-07-01T17:41:46.207337,2026-07-01T17:41:46.214652+00:00,85.3,500,bid,AverageAlmonds,YieldingYams,2716544
2026-07-01T17:41:46.804784,2026-07-01T17:41:46.811797+00:00,85.3,125,bid,AverageAlmonds,YieldingYams,2716558
2026-07-01T17:41:46.970912,2026-07-01T17:41:46.981366+00:00,85.3,200,ask,AverageAlmonds,WavyWalnuts,2716561
2026-07-01T17:41:48.176773,2026-07-01T17:41:48.186188+00:00,85.4,5,bid,WavyWalnuts,Kelvin Chan,2716588
2026-07-01T17:41:48.542158,2026-07-01T17:41:48.549390+00:00,85.5,200,bid,YieldingYams,WavyWalnuts,2716600
2026-07-01T17:41:48.542158,2026-07-01T17:41:48.558588+00:00,85.5,5,bid,YieldingYams,Kelvin Chan,2716601
2026-07-01T17:41:50.593721,2026-07-01T17:41:50.601113+00:00,85.6,200,bid,WavyWalnuts,YieldingYams,2716647
2026-07-01T17:41:51.181703,2026-07-01T17:41:51.185027+00:00,85.4,11,bid,Xuanyu Liu,YieldingYams,2716655
2026-07-01T17:41:51.194182,2026-07-01T17:41:51.195133+00:00,85.4,46,bid,Chester Au,YieldingYams,2716658
2026-07-01T17:41:51.664762,2026-07-01T17:41:51.674406+00:00,85.4,500,bid,AverageAlmonds,YieldingYams,2716671
2026-07-01T17:41:51.802773,2026-07-01T17:41:51.811159+00:00,85.4,68,bid,WavyWalnuts,YieldingYams,2716677
2026-07-01T17:41:53.016619,2026-07-01T17:41:53.023229+00:00,85.5,200,ask,YieldingYams,WavyWalnuts,2716699
2026-07-01T17:41:54.225565,2026-07-01T17:41:54.242539+00:00,85.6,1,bid,WavyWalnuts,Kelvin Chan,2716714
2026-07-01T17:41:54.238944,2026-07-01T17:41:54.242539+00:00,85.6,11,ask,WavyWalnuts,Xuanyu Liu,2716716
2026-07-01T17:41:55.116785,2026-07-01T17:41:55.120934+00:00,85.7,3,ask,YieldingYams,Xuanyu Liu,2716740
2026-07-01T17:41:55.698283,2026-07-01T17:41:55.705229+00:00,85.7,20,ask,YieldingYams,BrilliantBurritos,2716756
2026-07-01T17:41:56.647060,2026-07-01T17:41:56.654142+00:00,85.9,200,bid,WavyWalnuts,YieldingYams,2716785
2026-07-01T17:41:57.857989,2026-07-01T17:41:57.868690+00:00,85.8,200,ask,YieldingYams,WavyWalnuts,2716803
2026-07-01T17:41:57.974844,2026-07-01T17:41:57.986311+00:00,86.0,20,bid,BrilliantBurritos,AverageAlmonds,2716805
2026-07-01T17:41:59.080986,2026-07-01T17:41:59.084899+00:00,85.8,3,bid,Xuanyu Liu,YieldingYams,2716839
2026-07-01T17:41:59.090432,2026-07-01T17:41:59.094225+00:00,85.8,11,bid,Xuanyu Liu,YieldingYams,2716841
2026-07-01T17:42:02.701996,2026-07-01T17:42:02.711975+00:00,85.7,200,ask,YieldingYams,WavyWalnuts,2716908
2026-07-01T17:42:03.341001,2026-07-01T17:42:03.358599+00:00,85.7,20,bid,BrilliantBurritos,YieldingYams,2716920
2026-07-01T17:42:04.312490,2026-07-01T17:42:04.332964+00:00,85.6,200,ask,WavyWalnuts,YieldingYams,2716932
2026-07-01T17:42:04.328846,2026-07-01T17:42:04.332964+00:00,85.6,12,bid,Xuanyu Liu,YieldingYams,2716934
2026-07-01T17:42:05.121140,2026-07-01T17:42:05.129371+00:00,85.6,200,bid,WavyWalnuts,YieldingYams,2716948
2026-07-01T17:42:05.248803,2026-07-01T17:42:05.252763+00:00,85.5,12,ask,YieldingYams,Xuanyu Liu,2716953
2026-07-01T17:42:05.629516,2026-07-01T17:42:05.639820+00:00,85.8,200,bid,YieldingYams,WavyWalnuts,2716960
2026-07-01T17:42:05.645747,2026-07-01T17:42:05.649398+00:00,85.8,14,ask,YieldingYams,Xuanyu Liu,2716962
2026-07-01T17:42:06.077830,2026-07-01T17:42:06.084142+00:00,85.9,1,bid,BrilliantBurritos,Kelvin Chan,2716971
2026-07-01T17:42:06.332101,2026-07-01T17:42:06.341846+00:00,85.8,200,ask,YieldingYams,WavyWalnuts,2716981
2026-07-01T17:42:07.545420,2026-07-01T17:42:07.547561+00:00,85.7,200,bid,WavyWalnuts,YieldingYams,2717004
2026-07-01T17:42:10.868736,2026-07-01T17:42:10.877553+00:00,85.7,200,ask,WavyWalnuts,YieldingYams,2717073
2026-07-01T17:42:16.030406,2026-07-01T17:42:16.038918+00:00,85.5,200,ask,YieldingYams,WavyWalnuts,2717205
2026-07-01T17:42:18.031666,2026-07-01T17:42:18.043195+00:00,85.5,20,bid,BrilliantBurritos,WavyWalnuts,2717246
2026-07-01T17:42:19.510151,2026-07-01T17:42:19.517308+00:00,85.5,200,bid,WavyWalnuts,YieldingYams,2717281
2026-07-01T17:42:19.510151,2026-07-01T17:42:19.522344+00:00,85.5,300,bid,AverageAlmonds,YieldingYams,2717282
2026-07-01T17:42:19.658986,2026-07-01T17:42:19.668641+00:00,85.5,200,bid,AverageAlmonds,WavyWalnuts,2717291
2026-07-01T17:42:23.049221,2026-07-01T17:42:23.068956+00:00,85.6,20,bid,BrilliantBurritos,WavyWalnuts,2717349
2026-07-01T17:42:23.300248,2026-07-01T17:42:23.308293+00:00,85.5,200,ask,YieldingYams,WavyWalnuts,2717360
2026-07-01T17:42:24.506374,2026-07-01T17:42:24.517370+00:00,85.6,200,bid,WavyWalnuts,YieldingYams,2717376
2026-07-01T17:42:30.345461,2026-07-01T17:42:30.356872+00:00,85.6,20,bid,BrilliantBurritos,YieldingYams,2717500
2026-07-01T17:42:30.586768,2026-07-01T17:42:30.596280+00:00,85.5,200,ask,AverageAlmonds,WavyWalnuts,2717509
2026-07-01T17:42:31.680392,2026-07-01T17:42:31.690165+00:00,85.6,20,bid,BrilliantBurritos,YieldingYams,2717530
2026-07-01T17:42:33.206712,2026-07-01T17:42:33.221454+00:00,85.5,200,ask,WavyWalnuts,YieldingYams,2717550
2026-07-01T17:42:33.206712,2026-07-01T17:42:33.221454+00:00,85.4,2,ask,Kelvin Chan,YieldingYams,2717551
2026-07-01T17:42:33.206712,2026-07-01T17:42:33.221454+00:00,85.4,423,ask,AverageAlmonds,YieldingYams,2717552
2026-07-01T17:42:34.536487,2026-07-01T17:42:34.547010+00:00,85.5,106,ask,YieldingYams,Chester Au,2717597
2026-07-01T17:42:35.431168,2026-07-01T17:42:35.437936+00:00,85.5,200,ask,YieldingYams,WavyWalnuts,2717612
2026-07-01T17:42:35.826672,2026-07-01T17:42:35.837540+00:00,85.4,500,ask,AverageAlmonds,YieldingYams,2717621
2026-07-01T17:42:36.182959,2026-07-01T17:42:36.194136+00:00,85.3,20,ask,WavyWalnuts,BrilliantBurritos,2717625
2026-07-01T17:42:36.639590,2026-07-01T17:42:36.648483+00:00,85.4,125,bid,WavyWalnuts,YieldingYams,2717648
2026-07-01T17:42:37.132576,2026-07-01T17:42:37.141702+00:00,85.7,200,bid,YieldingYams,WavyWalnuts,2717655
2026-07-01T17:42:37.851596,2026-07-01T17:42:37.855826+00:00,85.7,200,ask,YieldingYams,WavyWalnuts,2717666
2026-07-01T17:42:39.754046,2026-07-01T17:42:39.758597+00:00,85.4,2,ask,Kelvin Chan,YieldingYams,2717697
2026-07-01T17:42:39.754046,2026-07-01T17:42:39.758597+00:00,85.4,200,ask,WavyWalnuts,YieldingYams,2717698
2026-07-01T17:42:40.268450,2026-07-01T17:42:40.279403+00:00,85.4,200,bid,WavyWalnuts,YieldingYams,2717704
2026-07-01T17:42:41.481761,2026-07-01T17:42:41.491382+00:00,85.5,200,ask,YieldingYams,WavyWalnuts,2717734
2026-07-01T17:42:43.924286,2026-07-01T17:42:43.933099+00:00,85.6,20,bid,BrilliantBurritos,YieldingYams,2717782
2026-07-01T17:42:46.313554,2026-07-01T17:42:46.321060+00:00,85.5,200,ask,WavyWalnuts,YieldingYams,2717829
2026-07-01T17:42:46.626660,2026-07-01T17:42:46.643614+00:00,85.4,1,ask,Kelvin Chan,BrilliantBurritos,2717831
2026-07-01T17:42:46.626660,2026-07-01T17:42:46.643614+00:00,85.4,19,ask,AverageAlmonds,BrilliantBurritos,2717832
2026-07-01T17:42:46.792485,2026-07-01T17:42:46.799301+00:00,85.5,425,bid,AverageAlmonds,YieldingYams,2717837
2026-07-01T17:42:47.529487,2026-07-01T17:42:47.539205+00:00,85.4,200,ask,YieldingYams,WavyWalnuts,2717860
2026-07-01T17:42:48.562429,2026-07-01T17:42:48.573792+00:00,85.7,20,bid,BrilliantBurritos,YieldingYams,2717879
2026-07-01T17:42:48.737874,2026-07-01T17:42:48.746704+00:00,85.5,200,ask,YieldingYams,WavyWalnuts,2717885
2026-07-01T17:42:50.128731,2026-07-01T17:42:50.140179+00:00,85.6,20,bid,BrilliantBurritos,YieldingYams,2717904
2026-07-01T17:42:52.724852,2026-07-01T17:42:52.736311+00:00,85.5,94,ask,YieldingYams,Chester Au,2717945
2026-07-01T17:42:54.204995,2026-07-01T17:42:54.214460+00:00,85.6,200,bid,YieldingYams,WavyWalnuts,2717974
2026-07-01T17:42:58.409899,2026-07-01T17:42:58.420405+00:00,85.7,200,bid,WavyWalnuts,AverageAlmonds,2718071
2026-07-01T17:42:59.616967,2026-07-01T17:42:59.625969+00:00,85.7,200,bid,WavyWalnuts,AverageAlmonds,2718097
2026-07-01T17:43:00.825358,2026-07-01T17:43:00.834475+00:00,85.7,200,bid,WavyWalnuts,AverageAlmonds,2718114
2026-07-01T17:43:01.467497,2026-07-01T17:43:01.474046+00:00,85.6,20,ask,YieldingYams,BrilliantBurritos,2718125
2026-07-01T17:43:02.770752,2026-07-01T17:43:02.782329+00:00,85.7,20,bid,BrilliantBurritos,AverageAlmonds,2718149
2026-07-01T17:43:04.448651,2026-07-01T17:43:04.463915+00:00,85.7,200,bid,WavyWalnuts,YieldingYams,2718164
2026-07-01T17:43:05.386821,2026-07-01T17:43:05.390679+00:00,85.6,14,ask,YieldingYams,Xuanyu Liu,2718178
2026-07-01T17:43:05.996629,2026-07-01T17:43:06.004790+00:00,85.7,500,bid,YieldingYams,AverageAlmonds,2718187
2026-07-01T17:43:05.996629,2026-07-01T17:43:06.004790+00:00,85.7,125,bid,YieldingYams,WavyWalnuts,2718188
2026-07-01T17:43:06.171249,2026-07-01T17:43:06.181061+00:00,85.6,200,ask,WavyWalnuts,AverageAlmonds,2718189
2026-07-01T17:43:08.622817,2026-07-01T17:43:08.629758+00:00,85.5,6,ask,Kelvin Chan,YieldingYams,2718245
2026-07-01T17:43:08.622817,2026-07-01T17:43:08.634949+00:00,85.5,200,ask,WavyWalnuts,YieldingYams,2718246
2026-07-01T17:43:09.285176,2026-07-01T17:43:09.295655+00:00,85.4,200,bid,WavyWalnuts,YieldingYams,2718259
2026-07-01T17:43:09.431825,2026-07-01T17:43:09.443087+00:00,85.2,20,ask,YieldingYams,BrilliantBurritos,2718262
2026-07-01T17:43:10.494068,2026-07-01T17:43:10.502376+00:00,85.5,200,bid,WavyWalnuts,YieldingYams,2718280
2026-07-01T17:43:11.961565,2026-07-01T17:43:11.971741+00:00,85.5,20,ask,YieldingYams,BrilliantBurritos,2718308
2026-07-01T17:43:13.863917,2026-07-01T17:43:13.874555+00:00,85.5,200,ask,WavyWalnuts,YieldingYams,2718342
2026-07-01T17:43:14.116762,2026-07-01T17:43:14.123845+00:00,85.5,200,bid,WavyWalnuts,YieldingYams,2718351
2026-07-01T17:43:15.186141,2026-07-01T17:43:15.189448+00:00,85.5,12,ask,YieldingYams,Xuanyu Liu,2718364
2026-07-01T17:43:15.329081,2026-07-01T17:43:15.338499+00:00,85.5,200,ask,YieldingYams,WavyWalnuts,2718366
2026-07-01T17:43:17.086122,2026-07-01T17:43:17.095567+00:00,85.4,2,ask,Kelvin Chan,BrilliantBurritos,2718395
2026-07-01T17:43:17.086122,2026-07-01T17:43:17.095567+00:00,85.4,18,ask,YieldingYams,BrilliantBurritos,2718396
2026-07-01T17:43:17.751173,2026-07-01T17:43:17.764068+00:00,85.4,200,ask,YieldingYams,WavyWalnuts,2718408
2026-07-01T17:43:18.964476,2026-07-01T17:43:18.974397+00:00,85.5,200,ask,YieldingYams,WavyWalnuts,2718441
2026-07-01T17:43:21.772062,2026-07-01T17:43:21.783445+00:00,85.5,200,ask,WavyWalnuts,YieldingYams,2718484
2026-07-01T17:43:23.815241,2026-07-01T17:43:23.825020+00:00,85.5,200,ask,YieldingYams,WavyWalnuts,2718535
2026-07-01T17:43:24.413429,2026-07-01T17:43:24.417362+00:00,85.5,12,bid,Xuanyu Liu,YieldingYams,2718538
2026-07-01T17:43:25.704267,2026-07-01T17:43:25.727068+00:00,85.4,2,ask,Kelvin Chan,YieldingYams,2718573
2026-07-01T17:43:25.704267,2026-07-01T17:43:25.727068+00:00,85.4,200,ask,WavyWalnuts,YieldingYams,2718574
2026-07-01T17:43:25.723324,2026-07-01T17:43:25.727068+00:00,85.4,11,bid,Xuanyu Liu,YieldingYams,2718576
2026-07-01T17:43:27.439172,2026-07-01T17:43:27.458578+00:00,85.4,7,ask,Kelvin Chan,WavyWalnuts,2718608
2026-07-01T17:43:27.439172,2026-07-01T17:43:27.458578+00:00,85.3,193,ask,YieldingYams,WavyWalnuts,2718609
2026-07-01T17:43:28.325985,2026-07-01T17:43:28.335474+00:00,85.3,6,ask,Kelvin Chan,YieldingYams,2718628
2026-07-01T17:43:28.325985,2026-07-01T17:43:28.335474+00:00,85.2,500,ask,AverageAlmonds,YieldingYams,2718629
2026-07-01T17:43:28.573287,2026-07-01T17:43:28.581853+00:00,85.2,119,bid,AverageAlmonds,YieldingYams,2718632
2026-07-01T17:43:29.634161,2026-07-01T17:43:29.652024+00:00,85.3,200,bid,YieldingYams,WavyWalnuts,2718659
2026-07-01T17:43:29.648751,2026-07-01T17:43:29.652024+00:00,85.5,11,ask,YieldingYams,Xuanyu Liu,2718661
2026-07-01T17:43:29.855724,2026-07-01T17:43:29.863624+00:00,85.5,200,ask,YieldingYams,WavyWalnuts,2718664
2026-07-01T17:43:30.964877,2026-07-01T17:43:30.969228+00:00,85.4,14,bid,Xuanyu Liu,YieldingYams,2718677
2026-07-01T17:43:31.060986,2026-07-01T17:43:31.070343+00:00,85.4,200,bid,WavyWalnuts,YieldingYams,2718678
2026-07-01T17:43:31.591254,2026-07-01T17:43:31.599954+00:00,85.4,411,bid,AverageAlmonds,YieldingYams,2718686
2026-07-01T17:43:31.917336,2026-07-01T17:43:31.926785+00:00,85.4,20,ask,AverageAlmonds,BrilliantBurritos,2718691
2026-07-01T17:43:32.272828,2026-07-01T17:43:32.279693+00:00,85.5,200,ask,YieldingYams,WavyWalnuts,2718704
2026-07-01T17:43:33.484667,2026-07-01T17:43:33.493997+00:00,85.5,200,ask,YieldingYams,WavyWalnuts,2718719
2026-07-01T17:43:34.510835,2026-07-01T17:43:34.522187+00:00,85.5,20,bid,BrilliantBurritos,YieldingYams,2718730
2026-07-01T17:43:36.152893,2026-07-01T17:43:36.154624+00:00,85.3,20,ask,YieldingYams,BrilliantBurritos,2718758
2026-07-01T17:43:37.025017,2026-07-01T17:43:37.028816+00:00,85.3,3,ask,Kelvin Chan,Xuanyu Liu,2718774
2026-07-01T17:43:38.943406,2026-07-01T17:43:38.963615+00:00,85.4,20,bid,BrilliantBurritos,WavyWalnuts,2718790
2026-07-01T17:43:40.769586,2026-07-01T17:43:40.773214+00:00,85.4,11,ask,WavyWalnuts,Xuanyu Liu,2718828
2026-07-01T17:43:41.951681,2026-07-01T17:43:41.964398+00:00,85.5,200,bid,WavyWalnuts,YieldingYams,2718854
2026-07-01T17:43:42.763764,2026-07-01T17:43:42.767035+00:00,85.5,12,ask,YieldingYams,Xuanyu Liu,2718875
2026-07-01T17:43:43.163091,2026-07-01T17:43:43.169710+00:00,85.5,200,ask,YieldingYams,WavyWalnuts,2718879
2026-07-01T17:43:44.370419,2026-07-01T17:43:44.379449+00:00,85.4,200,bid,WavyWalnuts,YieldingYams,2718905
2026-07-01T17:43:45.577260,2026-07-01T17:43:45.585214+00:00,85.5,200,bid,WavyWalnuts,YieldingYams,2718920
2026-07-01T17:43:47.996775,2026-07-01T17:43:48.003467+00:00,85.4,200,ask,YieldingYams,WavyWalnuts,2718960
2026-07-01T17:43:49.206113,2026-07-01T17:43:49.212673+00:00,85.4,200,ask,YieldingYams,WavyWalnuts,2718982
2026-07-01T17:43:49.294429,2026-07-01T17:43:49.315019+00:00,85.4,500,ask,AverageAlmonds,YieldingYams,2718986
2026-07-01T17:43:49.294429,2026-07-01T17:43:49.315019+00:00,85.3,1,ask,Kelvin Chan,YieldingYams,2718987
2026-07-01T17:43:49.311052,2026-07-01T17:43:49.315019+00:00,85.3,12,bid,Xuanyu Liu,YieldingYams,2718989
2026-07-01T17:43:49.700188,2026-07-01T17:43:49.704671+00:00,85.3,14,bid,Xuanyu Liu,YieldingYams,2718999
2026-07-01T17:43:49.740870,2026-07-01T17:43:49.758929+00:00,85.3,98,bid,AverageAlmonds,YieldingYams,2719002
2026-07-01T17:43:50.371474,2026-07-01T17:43:50.379512+00:00,85.4,20,ask,AverageAlmonds,BrilliantBurritos,2719014
2026-07-01T17:43:51.624706,2026-07-01T17:43:51.631811+00:00,85.5,200,bid,WavyWalnuts,YieldingYams,2719042
2026-07-01T17:43:52.462104,2026-07-01T17:43:52.473796+00:00,85.4,20,ask,YieldingYams,BrilliantBurritos,2719065
2026-07-01T17:43:52.836095,2026-07-01T17:43:52.858627+00:00,85.6,7,bid,WavyWalnuts,Kelvin Chan,2719074
2026-07-01T17:43:52.836095,2026-07-01T17:43:52.858627+00:00,85.6,193,bid,WavyWalnuts,YieldingYams,2719075
2026-07-01T17:43:53.233722,2026-07-01T17:43:53.237735+00:00,85.5,3,ask,YieldingYams,Xuanyu Liu,2719085
2026-07-01T17:43:54.527228,2026-07-01T17:43:54.533911+00:00,85.6,11,bid,YieldingYams,Kelvin Chan,2719120
2026-07-01T17:43:54.527228,2026-07-01T17:43:54.549838+00:00,85.6,200,bid,YieldingYams,WavyWalnuts,2719121
2026-07-01T17:43:54.545380,2026-07-01T17:43:54.549838+00:00,85.6,11,ask,YieldingYams,Xuanyu Liu,2719123
2026-07-01T17:43:55.272937,2026-07-01T17:43:55.281850+00:00,85.6,200,ask,YieldingYams,WavyWalnuts,2719135
2026-07-01T17:43:55.301168,2026-07-01T17:43:55.312531+00:00,85.6,20,ask,YieldingYams,BrilliantBurritos,2719136
2026-07-01T17:43:55.839953,2026-07-01T17:43:55.847473+00:00,85.5,200,ask,WavyWalnuts,YieldingYams,2719145
2026-07-01T17:43:55.859510,2026-07-01T17:43:55.862989+00:00,85.4,11,bid,Xuanyu Liu,YieldingYams,2719148
2026-07-01T17:43:56.477066,2026-07-01T17:43:56.484474+00:00,85.4,200,bid,WavyWalnuts,YieldingYams,2719157
2026-07-01T17:43:57.638436,2026-07-01T17:43:57.658552+00:00,85.4,500,bid,AverageAlmonds,YieldingYams,2719181
2026-07-01T17:43:57.685021,2026-07-01T17:43:57.694916+00:00,85.4,125,bid,WavyWalnuts,YieldingYams,2719183
2026-07-01T17:43:58.898754,2026-07-01T17:43:58.906891+00:00,85.6,200,ask,YieldingYams,WavyWalnuts,2719198
2026-07-01T17:43:59.781748,2026-07-01T17:43:59.785162+00:00,85.6,1,bid,Xuanyu Liu,YieldingYams,2719219
2026-07-01T17:44:01.079501,2026-07-01T17:44:01.090288+00:00,85.5,200,ask,WavyWalnuts,YieldingYams,2719253
2026-07-01T17:44:01.096153,2026-07-01T17:44:01.099767+00:00,85.5,2,bid,Xuanyu Liu,YieldingYams,2719255
2026-07-01T17:44:02.360357,2026-07-01T17:44:02.364278+00:00,85.4,14,ask,YieldingYams,Xuanyu Liu,2719290
2026-07-01T17:44:03.742679,2026-07-01T17:44:03.745948+00:00,85.5,12,ask,WavyWalnuts,Xuanyu Liu,2719325
2026-07-01T17:44:04.954820,2026-07-01T17:44:04.958580+00:00,85.6,200,bid,WavyWalnuts,YieldingYams,2719350
2026-07-01T17:44:05.034528,2026-07-01T17:44:05.038018+00:00,85.6,11,ask,YieldingYams,Xuanyu Liu,2719354
2026-07-01T17:44:05.964254,2026-07-01T17:44:05.974164+00:00,85.7,3,bid,BrilliantBurritos,Kelvin Chan,2719380
2026-07-01T17:44:06.328695,2026-07-01T17:44:06.338465+00:00,85.7,10,bid,YieldingYams,Kelvin Chan,2719383
2026-07-01T17:44:06.328695,2026-07-01T17:44:06.338465+00:00,85.8,500,bid,YieldingYams,AverageAlmonds,2719384
2026-07-01T17:44:06.328695,2026-07-01T17:44:06.338465+00:00,85.8,115,bid,YieldingYams,WavyWalnuts,2719385
2026-07-01T17:44:07.375342,2026-07-01T17:44:07.384688+00:00,85.7,6,bid,WavyWalnuts,Kelvin Chan,2719402
2026-07-01T17:44:07.375342,2026-07-01T17:44:07.384688+00:00,85.8,194,bid,WavyWalnuts,AverageAlmonds,2719403
2026-07-01T17:44:08.588127,2026-07-01T17:44:08.596302+00:00,85.7,200,bid,WavyWalnuts,YieldingYams,2719430
2026-07-01T17:44:09.796261,2026-07-01T17:44:09.803390+00:00,85.7,200,bid,WavyWalnuts,YieldingYams,2719457
2026-07-01T17:44:11.588923,2026-07-01T17:44:11.600391+00:00,85.6,200,ask,WavyWalnuts,YieldingYams,2719486
2026-07-01T17:44:12.209356,2026-07-01T17:44:12.216368+00:00,85.6,200,bid,WavyWalnuts,YieldingYams,2719500
2026-07-01T17:44:12.898454,2026-07-01T17:44:12.904816+00:00,85.7,1,bid,YieldingYams,Kelvin Chan,2719511
2026-07-01T17:44:14.209907,2026-07-01T17:44:14.220653+00:00,85.6,200,ask,WavyWalnuts,YieldingYams,2719538
2026-07-01T17:44:15.036680,2026-07-01T17:44:15.040424+00:00,85.6,11,bid,Xuanyu Liu,YieldingYams,2719555
2026-07-01T17:44:15.518840,2026-07-01T17:44:15.525779+00:00,85.6,200,bid,YieldingYams,WavyWalnuts,2719570
2026-07-01T17:44:15.845148,2026-07-01T17:44:15.846327+00:00,85.6,200,ask,YieldingYams,WavyWalnuts,2719572
2026-07-01T17:44:18.143807,2026-07-01T17:44:18.150258+00:00,85.5,200,ask,WavyWalnuts,YieldingYams,2719613
2026-07-01T17:44:18.146737,2026-07-01T17:44:18.150258+00:00,85.5,12,bid,Xuanyu Liu,YieldingYams,2719614
2026-07-01T17:44:18.155862,2026-07-01T17:44:18.159319+00:00,85.5,11,bid,Xuanyu Liu,YieldingYams,2719616
2026-07-01T17:44:18.259439,2026-07-01T17:44:18.269296+00:00,85.5,200,bid,WavyWalnuts,YieldingYams,2719621
2026-07-01T17:44:19.473911,2026-07-01T17:44:19.484674+00:00,85.5,200,bid,WavyWalnuts,YieldingYams,2719653
2026-07-01T17:44:19.538335,2026-07-01T17:44:19.538393+00:00,85.8,3,bid,BrilliantBurritos,Kelvin Chan,2719657
2026-07-01T17:44:19.538335,2026-07-01T17:44:19.538393+00:00,85.8,17,bid,BrilliantBurritos,AverageAlmonds,2719658
2026-07-01T17:44:20.641159,2026-07-01T17:44:20.658572+00:00,85.7,500,ask,YieldingYams,AverageAlmonds,2719678
2026-07-01T17:44:20.800175,2026-07-01T17:44:20.807792+00:00,85.7,200,ask,WavyWalnuts,YieldingYams,2719682
2026-07-01T17:44:21.222053,2026-07-01T17:44:21.230646+00:00,85.7,20,bid,BrilliantBurritos,YieldingYams,2719689
2026-07-01T17:44:24.285851,2026-07-01T17:44:24.295038+00:00,85.6,200,ask,WavyWalnuts,AverageAlmonds,2719768
2026-07-01T17:44:26.034014,2026-07-01T17:44:26.040997+00:00,85.6,500,bid,YieldingYams,AverageAlmonds,2719806
2026-07-01T17:44:26.695621,2026-07-01T17:44:26.702436+00:00,85.6,125,ask,YieldingYams,AverageAlmonds,2719821
2026-07-01T17:44:27.353796,2026-07-01T17:44:27.363839+00:00,85.4,1,ask,Kelvin Chan,YieldingYams,2719834
