timestamp,recv_time,price,volume,aggressor_side,buyer,seller,trade_id
2026-07-04T18:00:04.125105,2026-07-04T18:00:04.136074+00:00,136.1,200,bid,WavyWalnuts,YieldingYams,7316500
2026-07-04T18:00:04.888541,2026-07-04T18:00:04.891776+00:00,136.0,3,bid,Xuanyu Liu,YieldingYams,7316516
2026-07-04T18:00:05.332773,2026-07-04T18:00:05.340072+00:00,136.0,200,bid,WavyWalnuts,YieldingYams,7316519
2026-07-04T18:00:06.453090,2026-07-04T18:00:06.464282+00:00,135.9,500,bid,AverageAlmonds,YieldingYams,7316530
2026-07-04T18:00:06.540067,2026-07-04T18:00:06.547123+00:00,135.9,125,bid,WavyWalnuts,YieldingYams,7316534
2026-07-04T18:00:07.492734,2026-07-04T18:00:07.499962+00:00,136.1,200,bid,YieldingYams,WavyWalnuts,7316552
2026-07-04T18:00:07.751795,2026-07-04T18:00:07.758587+00:00,136.2,200,ask,YieldingYams,WavyWalnuts,7316555
2026-07-04T18:00:08.897259,2026-07-04T18:00:08.905642+00:00,136.0,500,bid,AverageAlmonds,YieldingYams,7316572
2026-07-04T18:00:08.959637,2026-07-04T18:00:08.968040+00:00,136.0,125,bid,WavyWalnuts,YieldingYams,7316575
2026-07-04T18:00:10.170251,2026-07-04T18:00:10.179325+00:00,136.1,200,ask,YieldingYams,WavyWalnuts,7316594
2026-07-04T18:00:11.377674,2026-07-04T18:00:11.386658+00:00,136.1,200,ask,YieldingYams,WavyWalnuts,7316607
2026-07-04T18:00:12.742400,2026-07-04T18:00:12.758920+00:00,136.0,200,ask,WavyWalnuts,YieldingYams,7316622
2026-07-04T18:00:14.053165,2026-07-04T18:00:14.058624+00:00,136.0,200,bid,YieldingYams,WavyWalnuts,7316640
2026-07-04T18:00:16.527738,2026-07-04T18:00:16.539359+00:00,135.9,20,ask,YieldingYams,BrilliantBurritos,7316680
2026-07-04T18:00:17.981456,2026-07-04T18:00:17.990296+00:00,136.2,20,bid,BrilliantBurritos,WavyWalnuts,7316702
2026-07-04T18:00:19.310720,2026-07-04T18:00:19.319745+00:00,136.1,200,ask,WavyWalnuts,YieldingYams,7316718
2026-07-04T18:00:20.058580,2026-07-04T18:00:20.070210+00:00,136.1,20,bid,BrilliantBurritos,YieldingYams,7316728
2026-07-04T18:00:20.599073,2026-07-04T18:00:20.610717+00:00,136.1,20,bid,BrilliantBurritos,YieldingYams,7316732
2026-07-04T18:00:22.263865,2026-07-04T18:00:22.275818+00:00,136.1,200,ask,YieldingYams,WavyWalnuts,7316756
2026-07-04T18:00:24.554433,2026-07-04T18:00:24.562717+00:00,136.1,200,bid,YieldingYams,WavyWalnuts,7316790
2026-07-04T18:00:24.680805,2026-07-04T18:00:24.690725+00:00,136.2,200,ask,YieldingYams,WavyWalnuts,7316792
2026-07-04T18:00:24.871296,2026-07-04T18:00:24.879222+00:00,136.2,20,ask,YieldingYams,BrilliantBurritos,7316797
2026-07-04T18:00:26.667643,2026-07-04T18:00:26.671117+00:00,136.0,3,ask,YieldingYams,Xuanyu Liu,7316819
2026-07-04T18:00:31.121056,2026-07-04T18:00:31.127763+00:00,136.1,200,ask,WavyWalnuts,YieldingYams,7316880
2026-07-04T18:00:35.061012,2026-07-04T18:00:35.069150+00:00,136.2,200,ask,WavyWalnuts,YieldingYams,7316932
2026-07-04T18:00:41.220082,2026-07-04T18:00:41.231811+00:00,136.5,20,bid,BrilliantBurritos,WavyWalnuts,7317023
2026-07-04T18:00:41.613782,2026-07-04T18:00:41.622040+00:00,136.4,500,bid,YieldingYams,AverageAlmonds,7317026
2026-07-04T18:00:41.639434,2026-07-04T18:00:41.646501+00:00,136.4,125,ask,YieldingYams,WavyWalnuts,7317028
2026-07-04T18:00:44.063201,2026-07-04T18:00:44.069730+00:00,136.3,200,bid,WavyWalnuts,YieldingYams,7317066
2026-07-04T18:00:44.226817,2026-07-04T18:00:44.238828+00:00,136.3,20,bid,BrilliantBurritos,YieldingYams,7317068
2026-07-04T18:00:47.689032,2026-07-04T18:00:47.696909+00:00,136.2,200,ask,YieldingYams,WavyWalnuts,7317113
2026-07-04T18:00:48.176767,2026-07-04T18:00:48.180230+00:00,136.1,3,bid,Xuanyu Liu,YieldingYams,7317119
2026-07-04T18:00:48.898684,2026-07-04T18:00:48.906818+00:00,136.1,200,bid,WavyWalnuts,YieldingYams,7317128
2026-07-04T18:00:51.977880,2026-07-04T18:00:51.981388+00:00,136.0,3,ask,WavyWalnuts,Xuanyu Liu,7317174
2026-07-04T18:00:52.097055,2026-07-04T18:00:52.105008+00:00,136.0,197,ask,WavyWalnuts,YieldingYams,7317180
2026-07-04T18:00:52.532290,2026-07-04T18:00:52.543737+00:00,136.0,200,bid,WavyWalnuts,YieldingYams,7317186
2026-07-04T18:00:53.742396,2026-07-04T18:00:53.749889+00:00,136.2,200,bid,WavyWalnuts,YieldingYams,7317207
2026-07-04T18:00:55.506632,2026-07-04T18:00:55.517850+00:00,136.0,500,ask,YieldingYams,AverageAlmonds,7317239
2026-07-04T18:00:56.030541,2026-07-04T18:00:56.037346+00:00,136.0,200,ask,WavyWalnuts,YieldingYams,7317252
2026-07-04T18:00:57.363838,2026-07-04T18:00:57.374682+00:00,135.9,200,ask,WavyWalnuts,YieldingYams,7317273
2026-07-04T18:00:57.376143,2026-07-04T18:00:57.385226+00:00,135.9,200,bid,WavyWalnuts,YieldingYams,7317274
2026-07-04T18:00:58.593079,2026-07-04T18:00:58.604786+00:00,135.7,200,ask,YieldingYams,WavyWalnuts,7317300
2026-07-04T18:00:59.801656,2026-07-04T18:00:59.808239+00:00,135.7,200,ask,YieldingYams,WavyWalnuts,7317320
2026-07-04T18:01:01.329591,2026-07-04T18:01:01.339391+00:00,135.6,20,bid,BrilliantBurritos,YieldingYams,7317339
2026-07-04T18:01:02.787547,2026-07-04T18:01:02.791015+00:00,135.3,3,ask,WavyWalnuts,Xuanyu Liu,7317359
2026-07-04T18:01:05.956261,2026-07-04T18:01:05.959944+00:00,135.2,11,ask,WavyWalnuts,Xuanyu Liu,7317408
2026-07-04T18:01:07.052357,2026-07-04T18:01:07.058599+00:00,135.3,200,bid,WavyWalnuts,YieldingYams,7317419
2026-07-04T18:01:08.260352,2026-07-04T18:01:08.269192+00:00,135.3,200,bid,WavyWalnuts,YieldingYams,7317441
2026-07-04T18:01:09.107684,2026-07-04T18:01:09.111481+00:00,135.1,12,ask,YieldingYams,Xuanyu Liu,7317454
2026-07-04T18:01:09.485084,2026-07-04T18:01:09.488827+00:00,135.2,11,ask,WavyWalnuts,Xuanyu Liu,7317462
2026-07-04T18:01:11.799904,2026-07-04T18:01:11.863706+00:00,135.2,200,ask,WavyWalnuts,YieldingYams,7317500
2026-07-04T18:01:14.117494,2026-07-04T18:01:14.121391+00:00,135.2,12,ask,YieldingYams,Xuanyu Liu,7317534
2026-07-04T18:01:14.305018,2026-07-04T18:01:14.312092+00:00,135.2,200,ask,YieldingYams,WavyWalnuts,7317541
2026-07-04T18:01:25.203415,2026-07-04T18:01:25.210838+00:00,135.1,200,bid,WavyWalnuts,YieldingYams,7317709
2026-07-04T18:01:27.512997,2026-07-04T18:01:27.520003+00:00,135.1,200,ask,WavyWalnuts,YieldingYams,7317737
2026-07-04T18:01:27.622539,2026-07-04T18:01:27.633756+00:00,135.1,200,bid,WavyWalnuts,YieldingYams,7317739
2026-07-04T18:01:28.835361,2026-07-04T18:01:28.843658+00:00,135.1,200,ask,YieldingYams,WavyWalnuts,7317754
2026-07-04T18:01:32.456650,2026-07-04T18:01:32.463636+00:00,135.2,200,bid,WavyWalnuts,YieldingYams,7317809
2026-07-04T18:01:33.735307,2026-07-04T18:01:33.743542+00:00,135.3,20,bid,BrilliantBurritos,YieldingYams,7317830
2026-07-04T18:01:34.892398,2026-07-04T18:01:34.900671+00:00,135.3,200,bid,WavyWalnuts,AverageAlmonds,7317847
2026-07-04T18:01:35.119933,2026-07-04T18:01:35.127695+00:00,135.3,20,bid,BrilliantBurritos,AverageAlmonds,7317851
2026-07-04T18:01:36.226705,2026-07-04T18:01:36.230694+00:00,135.3,35,bid,Xuanyu Liu,YieldingYams,7317876
2026-07-04T18:01:40.645148,2026-07-04T18:01:40.652625+00:00,135.3,200,ask,WavyWalnuts,YieldingYams,7317932
2026-07-04T18:01:40.681836,2026-07-04T18:01:40.685067+00:00,135.3,11,bid,Xuanyu Liu,YieldingYams,7317934
2026-07-04T18:01:41.858151,2026-07-04T18:01:41.869793+00:00,135.3,20,bid,BrilliantBurritos,YieldingYams,7317950
2026-07-04T18:01:41.958014,2026-07-04T18:01:41.969636+00:00,135.3,200,bid,YieldingYams,WavyWalnuts,7317955
2026-07-04T18:01:42.862773,2026-07-04T18:01:42.874346+00:00,135.4,20,bid,BrilliantBurritos,WavyWalnuts,7317967
2026-07-04T18:01:43.287025,2026-07-04T18:01:43.290776+00:00,135.3,3,bid,Xuanyu Liu,YieldingYams,7317974
2026-07-04T18:01:43.828068,2026-07-04T18:01:43.836845+00:00,135.1,20,ask,YieldingYams,BrilliantBurritos,7317982
2026-07-04T18:01:44.590832,2026-07-04T18:01:44.600526+00:00,135.0,200,ask,YieldingYams,WavyWalnuts,7317996
2026-07-04T18:01:45.593539,2026-07-04T18:01:45.603884+00:00,135.2,20,bid,BrilliantBurritos,YieldingYams,7318004
2026-07-04T18:01:47.012020,2026-07-04T18:01:47.019706+00:00,134.9,200,ask,YieldingYams,WavyWalnuts,7318029
2026-07-04T18:01:51.136225,2026-07-04T18:01:51.142832+00:00,134.9,200,ask,WavyWalnuts,YieldingYams,7318089
2026-07-04T18:01:55.165916,2026-07-04T18:01:55.174774+00:00,134.9,20,bid,BrilliantBurritos,WavyWalnuts,7318155
2026-07-04T18:01:57.697745,2026-07-04T18:01:57.700277+00:00,134.8,200,bid,YieldingYams,WavyWalnuts,7318185
2026-07-04T18:01:59.116488,2026-07-04T18:01:59.126452+00:00,134.8,200,bid,WavyWalnuts,YieldingYams,7318212
2026-07-04T18:02:00.325098,2026-07-04T18:02:00.332185+00:00,134.9,200,bid,WavyWalnuts,AverageAlmonds,7318228
2026-07-04T18:02:01.533528,2026-07-04T18:02:01.542451+00:00,134.8,200,bid,WavyWalnuts,YieldingYams,7318241
2026-07-04T18:02:02.743617,2026-07-04T18:02:02.751792+00:00,134.7,200,bid,WavyWalnuts,YieldingYams,7318268
2026-07-04T18:02:06.460812,2026-07-04T18:02:06.472368+00:00,134.7,20,ask,YieldingYams,BrilliantBurritos,7318323
2026-07-04T18:02:07.638081,2026-07-04T18:02:07.648554+00:00,134.8,200,ask,YieldingYams,WavyWalnuts,7318338
2026-07-04T18:02:09.309457,2026-07-04T18:02:09.319118+00:00,134.7,20,ask,YieldingYams,BrilliantBurritos,7318365
2026-07-04T18:02:11.126518,2026-07-04T18:02:11.130206+00:00,134.6,3,ask,WavyWalnuts,Xuanyu Liu,7318391
2026-07-04T18:02:12.478060,2026-07-04T18:02:12.487643+00:00,134.7,200,bid,WavyWalnuts,YieldingYams,7318402
2026-07-04T18:02:16.081460,2026-07-04T18:02:16.088835+00:00,134.8,200,bid,YieldingYams,WavyWalnuts,7318463
2026-07-04T18:02:16.108095,2026-07-04T18:02:16.117447+00:00,134.8,200,ask,YieldingYams,WavyWalnuts,7318464
2026-07-04T18:02:17.393753,2026-07-04T18:02:17.403938+00:00,134.8,200,ask,WavyWalnuts,YieldingYams,7318481
2026-07-04T18:02:19.736060,2026-07-04T18:02:19.743181+00:00,134.8,200,bid,WavyWalnuts,YieldingYams,7318517
2026-07-04T18:02:20.665230,2026-07-04T18:02:20.677016+00:00,134.6,20,ask,YieldingYams,BrilliantBurritos,7318533
2026-07-04T18:02:22.156620,2026-07-04T18:02:22.158662+00:00,134.8,200,bid,WavyWalnuts,YieldingYams,7318552
2026-07-04T18:02:26.897523,2026-07-04T18:02:26.901037+00:00,135.0,3,bid,Xuanyu Liu,WavyWalnuts,7318620
2026-07-04T18:02:26.999113,2026-07-04T18:02:27.008164+00:00,135.0,200,bid,WavyWalnuts,YieldingYams,7318621
2026-07-04T18:02:32.378589,2026-07-04T18:02:32.387467+00:00,134.9,200,ask,WavyWalnuts,AverageAlmonds,7318685
2026-07-04T18:02:33.054806,2026-07-04T18:02:33.058549+00:00,134.9,200,bid,WavyWalnuts,AverageAlmonds,7318698
2026-07-04T18:02:34.427694,2026-07-04T18:02:34.438583+00:00,134.9,200,ask,WavyWalnuts,YieldingYams,7318722
2026-07-04T18:02:34.686316,2026-07-04T18:02:34.697887+00:00,134.9,20,bid,BrilliantBurritos,YieldingYams,7318729
2026-07-04T18:02:35.739457,2026-07-04T18:02:35.746256+00:00,134.8,200,bid,YieldingYams,WavyWalnuts,7318744
2026-07-04T18:02:36.690741,2026-07-04T18:02:36.697399+00:00,134.9,200,ask,YieldingYams,WavyWalnuts,7318756
2026-07-04T18:02:37.161017,2026-07-04T18:02:37.172834+00:00,134.9,20,bid,BrilliantBurritos,YieldingYams,7318768
2026-07-04T18:02:38.389220,2026-07-04T18:02:38.392915+00:00,134.8,3,bid,Xuanyu Liu,YieldingYams,7318786
2026-07-04T18:02:39.608416,2026-07-04T18:02:39.612576+00:00,134.7,3,ask,WavyWalnuts,Xuanyu Liu,7318808
2026-07-04T18:02:40.137119,2026-07-04T18:02:40.148934+00:00,134.8,20,bid,BrilliantBurritos,YieldingYams,7318818
2026-07-04T18:02:42.133245,2026-07-04T18:02:42.144106+00:00,134.7,20,ask,WavyWalnuts,BrilliantBurritos,7318849
2026-07-04T18:02:43.622712,2026-07-04T18:02:43.632562+00:00,134.8,200,ask,WavyWalnuts,YieldingYams,7318871
2026-07-04T18:02:45.528030,2026-07-04T18:02:45.539544+00:00,134.8,20,ask,YieldingYams,BrilliantBurritos,7318893
2026-07-04T18:02:46.252774,2026-07-04T18:02:46.256111+00:00,134.9,3,ask,YieldingYams,Xuanyu Liu,7318915
2026-07-04T18:02:50.146955,2026-07-04T18:02:50.158575+00:00,135.0,20,bid,BrilliantBurritos,AverageAlmonds,7318955
2026-07-04T18:02:50.162218,2026-07-04T18:02:50.170491+00:00,135.0,480,bid,YieldingYams,AverageAlmonds,7318957
2026-07-04T18:02:50.529694,2026-07-04T18:02:50.538237+00:00,135.0,145,ask,YieldingYams,AverageAlmonds,7318959
2026-07-04T18:02:51.471904,2026-07-04T18:02:51.480602+00:00,134.8,200,ask,WavyWalnuts,YieldingYams,7318973
2026-07-04T18:02:52.404863,2026-07-04T18:02:52.411769+00:00,134.8,200,bid,WavyWalnuts,YieldingYams,7318988
2026-07-04T18:02:54.873267,2026-07-04T18:02:54.880036+00:00,134.8,20,bid,BrilliantBurritos,WavyWalnuts,7319019
2026-07-04T18:02:55.404054,2026-07-04T18:02:55.413844+00:00,134.8,180,bid,YieldingYams,WavyWalnuts,7319024
2026-07-04T18:02:57.194805,2026-07-04T18:02:57.203602+00:00,134.8,500,ask,YieldingYams,AverageAlmonds,7319049
2026-07-04T18:02:57.264218,2026-07-04T18:02:57.268234+00:00,134.9,11,ask,WavyWalnuts,Xuanyu Liu,7319053
2026-07-04T18:02:57.819346,2026-07-04T18:02:57.830639+00:00,134.9,189,ask,WavyWalnuts,AverageAlmonds,7319066
2026-07-04T18:02:59.029590,2026-07-04T18:02:59.046668+00:00,134.8,200,ask,WavyWalnuts,AverageAlmonds,7319085
2026-07-04T18:02:59.043397,2026-07-04T18:02:59.046668+00:00,134.8,11,bid,Xuanyu Liu,AverageAlmonds,7319088
2026-07-04T18:03:00.240245,2026-07-04T18:03:00.247094+00:00,134.7,500,ask,YieldingYams,AverageAlmonds,7319110
2026-07-04T18:03:00.834122,2026-07-04T18:03:00.845234+00:00,134.7,200,ask,WavyWalnuts,AverageAlmonds,7319115
2026-07-04T18:03:00.853666,2026-07-04T18:03:00.857151+00:00,134.7,3,bid,Xuanyu Liu,AverageAlmonds,7319118
2026-07-04T18:03:02.088009,2026-07-04T18:03:02.091313+00:00,134.6,3,ask,WavyWalnuts,Xuanyu Liu,7319153
2026-07-04T18:03:02.650415,2026-07-04T18:03:02.654087+00:00,134.6,197,ask,WavyWalnuts,AverageAlmonds,7319157
2026-07-04T18:03:03.278518,2026-07-04T18:03:03.308077+00:00,134.7,500,bid,YieldingYams,AverageAlmonds,7319172
2026-07-04T18:03:03.284407,2026-07-04T18:03:03.308077+00:00,134.7,22,ask,YieldingYams,Zihao Wu,7319173
2026-07-04T18:03:03.296053,2026-07-04T18:03:03.308077+00:00,134.7,103,ask,YieldingYams,WavyWalnuts,7319174
2026-07-04T18:03:04.898234,2026-07-04T18:03:04.901746+00:00,134.5,3,bid,Xuanyu Liu,AverageAlmonds,7319196
2026-07-04T18:03:05.738384,2026-07-04T18:03:05.748506+00:00,134.5,200,bid,WavyWalnuts,AverageAlmonds,7319206
2026-07-04T18:03:05.770519,2026-07-04T18:03:05.782537+00:00,134.5,20,bid,BrilliantBurritos,AverageAlmonds,7319207
2026-07-04T18:03:05.899763,2026-07-04T18:03:05.907119+00:00,134.5,280,bid,YieldingYams,AverageAlmonds,7319212
2026-07-04T18:03:06.284436,2026-07-04T18:03:06.295749+00:00,134.5,345,ask,YieldingYams,AverageAlmonds,7319217
2026-07-04T18:03:06.948133,2026-07-04T18:03:06.954189+00:00,134.4,200,bid,WavyWalnuts,AverageAlmonds,7319244
2026-07-04T18:03:08.155916,2026-07-04T18:03:08.158533+00:00,134.3,200,bid,WavyWalnuts,YieldingYams,7319259
2026-07-04T18:03:09.840547,2026-07-04T18:03:09.849800+00:00,134.4,200,ask,WavyWalnuts,YieldingYams,7319290
2026-07-04T18:03:10.218816,2026-07-04T18:03:10.230480+00:00,134.2,20,ask,YieldingYams,BrilliantBurritos,7319296
2026-07-04T18:03:10.573492,2026-07-04T18:03:10.584593+00:00,134.3,200,bid,WavyWalnuts,AverageAlmonds,7319299
2026-07-04T18:03:11.156283,2026-07-04T18:03:11.158620+00:00,134.3,500,bid,YieldingYams,AverageAlmonds,7319306
2026-07-04T18:03:11.740254,2026-07-04T18:03:11.776455+00:00,134.4,125,ask,YieldingYams,AverageAlmonds,7319312
2026-07-04T18:03:11.773021,2026-07-04T18:03:11.776455+00:00,134.2,3,bid,Xuanyu Liu,AverageAlmonds,7319316
2026-07-04T18:03:11.786838,2026-07-04T18:03:11.869544+00:00,134.2,200,bid,WavyWalnuts,AverageAlmonds,7319317
2026-07-04T18:03:12.490041,2026-07-04T18:03:12.493693+00:00,134.0,3,ask,YieldingYams,Xuanyu Liu,7319337
2026-07-04T18:03:13.552266,2026-07-04T18:03:13.558678+00:00,134.0,500,ask,YieldingYams,AverageAlmonds,7319348
2026-07-04T18:03:16.443635,2026-07-04T18:03:16.446808+00:00,133.9,3,ask,YieldingYams,Xuanyu Liu,7319395
2026-07-04T18:03:16.663011,2026-07-04T18:03:16.674914+00:00,133.9,20,ask,YieldingYams,BrilliantBurritos,7319397
2026-07-04T18:03:20.259726,2026-07-04T18:03:20.269804+00:00,134.0,200,bid,WavyWalnuts,YieldingYams,7319451
2026-07-04T18:03:20.783506,2026-07-04T18:03:20.787250+00:00,133.9,11,ask,YieldingYams,Xuanyu Liu,7319459
2026-07-04T18:03:21.678829,2026-07-04T18:03:21.687962+00:00,134.2,500,bid,YieldingYams,AverageAlmonds,7319469
2026-07-04T18:03:21.678829,2026-07-04T18:03:21.687962+00:00,134.2,125,bid,YieldingYams,WavyWalnuts,7319470
2026-07-04T18:03:22.146787,2026-07-04T18:03:22.158558+00:00,133.9,20,ask,WavyWalnuts,BrilliantBurritos,7319478
2026-07-04T18:03:22.696111,2026-07-04T18:03:22.699611+00:00,134.0,12,ask,WavyWalnuts,Xuanyu Liu,7319482
2026-07-04T18:03:23.304361,2026-07-04T18:03:23.311243+00:00,134.1,22,bid,Zihao Wu,YieldingYams,7319493
2026-07-04T18:03:24.302526,2026-07-04T18:03:24.313265+00:00,134.0,200,ask,WavyWalnuts,YieldingYams,7319505
2026-07-04T18:03:27.545273,2026-07-04T18:03:27.549021+00:00,134.0,11,ask,WavyWalnuts,Xuanyu Liu,7319553
2026-07-04T18:03:29.546651,2026-07-04T18:03:29.554576+00:00,134.0,200,ask,WavyWalnuts,YieldingYams,7319579
2026-07-04T18:03:32.183729,2026-07-04T18:03:32.187615+00:00,134.0,12,ask,YieldingYams,Xuanyu Liu,7319613
2026-07-04T18:03:32.320831,2026-07-04T18:03:32.332269+00:00,134.0,500,ask,YieldingYams,AverageAlmonds,7319614
2026-07-04T18:03:32.917333,2026-07-04T18:03:32.928282+00:00,134.0,113,ask,YieldingYams,AverageAlmonds,7319617
2026-07-04T18:03:32.917333,2026-07-04T18:03:32.928282+00:00,133.9,200,ask,WavyWalnuts,AverageAlmonds,7319618
2026-07-04T18:03:33.485013,2026-07-04T18:03:33.488679+00:00,133.7,22,ask,YieldingYams,Xuanyu Liu,7319630
2026-07-04T18:03:33.587961,2026-07-04T18:03:33.591957+00:00,133.8,12,ask,WavyWalnuts,Xuanyu Liu,7319635
2026-07-04T18:03:34.806529,2026-07-04T18:03:34.810036+00:00,133.9,11,ask,WavyWalnuts,Xuanyu Liu,7319650
2026-07-04T18:03:36.593222,2026-07-04T18:03:36.596754+00:00,134.0,45,bid,Xuanyu Liu,YieldingYams,7319672
2026-07-04T18:03:37.213878,2026-07-04T18:03:37.222431+00:00,134.0,200,bid,WavyWalnuts,YieldingYams,7319685
2026-07-04T18:03:40.853376,2026-07-04T18:03:40.869019+00:00,134.1,200,bid,WavyWalnuts,YieldingYams,7319741
2026-07-04T18:03:42.075165,2026-07-04T18:03:42.084808+00:00,134.1,200,bid,WavyWalnuts,YieldingYams,7319772
2026-07-04T18:03:43.281729,2026-07-04T18:03:43.289450+00:00,134.1,200,bid,WavyWalnuts,YieldingYams,7319788
2026-07-04T18:03:44.488716,2026-07-04T18:03:44.498007+00:00,134.1,200,bid,WavyWalnuts,YieldingYams,7319805
2026-07-04T18:03:45.695217,2026-07-04T18:03:45.705198+00:00,134.0,200,bid,WavyWalnuts,YieldingYams,7319816
2026-07-04T18:03:46.425216,2026-07-04T18:03:46.435187+00:00,134.0,20,bid,BrilliantBurritos,YieldingYams,7319829
2026-07-04T18:03:46.913799,2026-07-04T18:03:46.920975+00:00,133.9,200,bid,WavyWalnuts,YieldingYams,7319839
2026-07-04T18:03:47.481456,2026-07-04T18:03:47.489989+00:00,133.9,425,bid,AverageAlmonds,YieldingYams,7319844
2026-07-04T18:03:48.127920,2026-07-04T18:03:48.136228+00:00,134.1,200,bid,WavyWalnuts,YieldingYams,7319855
2026-07-04T18:03:51.768818,2026-07-04T18:03:51.780087+00:00,134.0,200,ask,YieldingYams,WavyWalnuts,7319897
2026-07-04T18:03:55.393903,2026-07-04T18:03:55.401479+00:00,134.1,200,bid,WavyWalnuts,YieldingYams,7319954
2026-07-04T18:03:57.813884,2026-07-04T18:03:57.823986+00:00,134.0,200,ask,YieldingYams,WavyWalnuts,7319985
2026-07-04T18:04:03.064662,2026-07-04T18:04:03.069003+00:00,134.1,12,bid,Xuanyu Liu,YieldingYams,7320057
2026-07-04T18:04:08.174371,2026-07-04T18:04:08.177614+00:00,134.1,11,bid,Xuanyu Liu,YieldingYams,7320121
2026-07-04T18:04:08.730601,2026-07-04T18:04:08.741965+00:00,134.1,200,bid,WavyWalnuts,YieldingYams,7320127
2026-07-04T18:04:09.415599,2026-07-04T18:04:09.419870+00:00,134.3,12,bid,Xuanyu Liu,WavyWalnuts,7320138
2026-07-04T18:04:09.940043,2026-07-04T18:04:09.951394+00:00,134.1,200,ask,YieldingYams,WavyWalnuts,7320153
2026-07-04T18:04:11.533484,2026-07-04T18:04:11.544373+00:00,134.3,200,bid,YieldingYams,WavyWalnuts,7320165
2026-07-04T18:04:12.864141,2026-07-04T18:04:12.867959+00:00,134.4,11,bid,Xuanyu Liu,YieldingYams,7320185
2026-07-04T18:04:15.975315,2026-07-04T18:04:15.982913+00:00,134.4,200,ask,YieldingYams,WavyWalnuts,7320230
2026-07-04T18:04:17.616944,2026-07-04T18:04:17.628637+00:00,134.5,20,bid,BrilliantBurritos,WavyWalnuts,7320249
2026-07-04T18:04:17.901248,2026-07-04T18:04:17.913146+00:00,134.4,20,ask,YieldingYams,BrilliantBurritos,7320255
2026-07-04T18:04:19.403878,2026-07-04T18:04:19.412892+00:00,134.3,200,ask,WavyWalnuts,YieldingYams,7320280
2026-07-04T18:04:23.343397,2026-07-04T18:04:23.353522+00:00,134.4,200,bid,YieldingYams,WavyWalnuts,7320330
2026-07-04T18:04:24.660154,2026-07-04T18:04:24.670186+00:00,134.4,200,ask,WavyWalnuts,YieldingYams,7320352
2026-07-04T18:04:27.284188,2026-07-04T18:04:27.294414+00:00,134.3,200,bid,YieldingYams,WavyWalnuts,7320390
2026-07-04T18:04:28.096327,2026-07-04T18:04:28.110380+00:00,134.3,200,ask,YieldingYams,WavyWalnuts,7320401
2026-07-04T18:04:31.225389,2026-07-04T18:04:31.233449+00:00,134.1,200,ask,WavyWalnuts,YieldingYams,7320444
2026-07-04T18:04:32.944763,2026-07-04T18:04:32.952318+00:00,134.1,200,bid,WavyWalnuts,YieldingYams,7320467
2026-07-04T18:04:40.424327,2026-07-04T18:04:40.428773+00:00,133.8,11,ask,YieldingYams,Xuanyu Liu,7320572
2026-07-04T18:04:46.196033,2026-07-04T18:04:46.199533+00:00,133.8,12,ask,WavyWalnuts,Xuanyu Liu,7320661
2026-07-04T18:04:47.020751,2026-07-04T18:04:47.024384+00:00,133.9,11,ask,YieldingYams,Xuanyu Liu,7320679
2026-07-04T18:04:47.492996,2026-07-04T18:04:47.502278+00:00,133.9,200,ask,YieldingYams,WavyWalnuts,7320685
2026-07-04T18:04:49.873158,2026-07-04T18:04:49.884902+00:00,134.0,20,bid,BrilliantBurritos,WavyWalnuts,7320725
2026-07-04T18:04:50.542851,2026-07-04T18:04:50.546644+00:00,134.0,11,bid,Xuanyu Liu,WavyWalnuts,7320738
2026-07-04T18:04:51.131705,2026-07-04T18:04:51.135359+00:00,133.9,12,bid,Xuanyu Liu,WavyWalnuts,7320743
2026-07-04T18:04:52.324674,2026-07-04T18:04:52.333589+00:00,133.8,200,ask,YieldingYams,WavyWalnuts,7320767
2026-07-04T18:04:53.064349,2026-07-04T18:04:53.076555+00:00,134.1,20,bid,BrilliantBurritos,YieldingYams,7320775
2026-07-04T18:04:53.543226,2026-07-04T18:04:53.546655+00:00,134.0,11,bid,Xuanyu Liu,WavyWalnuts,7320784
2026-07-04T18:04:54.979532,2026-07-04T18:04:54.989052+00:00,134.0,20,bid,BrilliantBurritos,WavyWalnuts,7320803
2026-07-04T18:04:58.795787,2026-07-04T18:04:58.802432+00:00,133.9,200,ask,WavyWalnuts,YieldingYams,7320861
2026-07-04T18:05:02.860910,2026-07-04T18:05:02.872624+00:00,134.0,20,bid,BrilliantBurritos,WavyWalnuts,7320907
2026-07-04T18:05:04.070442,2026-07-04T18:05:04.081946+00:00,134.1,200,bid,YieldingYams,WavyWalnuts,7320927
2026-07-04T18:05:04.070442,2026-07-04T18:05:04.081946+00:00,134.1,425,bid,YieldingYams,AverageAlmonds,7320928
2026-07-04T18:05:05.390931,2026-07-04T18:05:05.399591+00:00,134.0,200,ask,WavyWalnuts,YieldingYams,7320953
2026-07-04T18:05:05.638332,2026-07-04T18:05:05.647375+00:00,133.9,200,bid,WavyWalnuts,YieldingYams,7320960
2026-07-04T18:05:06.701085,2026-07-04T18:05:06.711568+00:00,133.9,500,bid,YieldingYams,AverageAlmonds,7320971
2026-07-04T18:05:06.717327,2026-07-04T18:05:06.721541+00:00,134.0,23,ask,YieldingYams,Xuanyu Liu,7320973
2026-07-04T18:05:06.764287,2026-07-04T18:05:06.770678+00:00,134.0,102,ask,YieldingYams,AverageAlmonds,7320974
2026-07-04T18:05:08.014345,2026-07-04T18:05:08.024089+00:00,133.8,200,ask,WavyWalnuts,YieldingYams,7320994
2026-07-04T18:05:08.339349,2026-07-04T18:05:08.343306+00:00,133.7,11,ask,WavyWalnuts,Xuanyu Liu,7321000
2026-07-04T18:05:11.935900,2026-07-04T18:05:11.963675+00:00,133.7,200,bid,YieldingYams,WavyWalnuts,7321061
2026-07-04T18:05:12.884834,2026-07-04T18:05:12.892026+00:00,133.7,20,ask,YieldingYams,BrilliantBurritos,7321073
2026-07-04T18:05:12.906422,2026-07-04T18:05:12.918228+00:00,133.7,200,ask,YieldingYams,WavyWalnuts,7321076
2026-07-04T18:05:18.488973,2026-07-04T18:05:18.497000+00:00,133.5,200,bid,YieldingYams,WavyWalnuts,7321169
2026-07-04T18:05:21.109864,2026-07-04T18:05:21.116510+00:00,133.5,200,ask,WavyWalnuts,YieldingYams,7321210
2026-07-04T18:05:23.715463,2026-07-04T18:05:23.726545+00:00,133.5,500,bid,AverageAlmonds,YieldingYams,7321242
2026-07-04T18:05:24.917403,2026-07-04T18:05:24.925219+00:00,133.5,200,bid,AverageAlmonds,WavyWalnuts,7321258
2026-07-04T18:05:24.917403,2026-07-04T18:05:24.925219+00:00,133.6,300,bid,AverageAlmonds,YieldingYams,7321259
2026-07-04T18:05:30.318372,2026-07-04T18:05:30.328768+00:00,133.5,500,ask,AverageAlmonds,YieldingYams,7321353
2026-07-04T18:05:30.361809,2026-07-04T18:05:30.370674+00:00,133.5,125,bid,AverageAlmonds,YieldingYams,7321355
2026-07-04T18:05:30.453192,2026-07-04T18:05:30.456893+00:00,133.5,23,ask,AverageAlmonds,Xuanyu Liu,7321360
2026-07-04T18:05:31.626171,2026-07-04T18:05:31.635810+00:00,133.6,200,bid,YieldingYams,WavyWalnuts,7321376
2026-07-04T18:05:31.641062,2026-07-04T18:05:31.644850+00:00,133.7,23,ask,YieldingYams,Xuanyu Liu,7321381
2026-07-04T18:05:31.817439,2026-07-04T18:05:31.829520+00:00,133.7,22,ask,YieldingYams,Zihao Wu,7321382
2026-07-04T18:05:32.294078,2026-07-04T18:05:32.302641+00:00,133.7,200,ask,YieldingYams,WavyWalnuts,7321389
2026-07-04T18:05:32.425658,2026-07-04T18:05:32.434533+00:00,133.9,20,bid,BrilliantBurritos,YieldingYams,7321394
2026-07-04T18:05:33.507051,2026-07-04T18:05:33.519128+00:00,133.7,200,ask,YieldingYams,WavyWalnuts,7321410
2026-07-04T18:05:33.619087,2026-07-04T18:05:33.622638+00:00,133.9,23,bid,Xuanyu Liu,YieldingYams,7321415
2026-07-04T18:05:34.635767,2026-07-04T18:05:34.647582+00:00,133.7,20,ask,YieldingYams,BrilliantBurritos,7321430
2026-07-04T18:05:36.899749,2026-07-04T18:05:36.903245+00:00,133.8,11,bid,Xuanyu Liu,YieldingYams,7321459
2026-07-04T18:05:37.025838,2026-07-04T18:05:37.035235+00:00,133.8,500,bid,AverageAlmonds,YieldingYams,7321460
2026-07-04T18:05:38.340497,2026-07-04T18:05:38.347366+00:00,133.8,200,ask,YieldingYams,WavyWalnuts,7321481
2026-07-04T18:05:38.351156,2026-07-04T18:05:38.352369+00:00,134.0,20,bid,BrilliantBurritos,YieldingYams,7321482
2026-07-04T18:05:39.886343,2026-07-04T18:05:39.889909+00:00,133.9,23,bid,Xuanyu Liu,YieldingYams,7321503
2026-07-04T18:05:40.753889,2026-07-04T18:05:40.758625+00:00,133.9,200,bid,WavyWalnuts,YieldingYams,7321511
2026-07-04T18:05:41.964330,2026-07-04T18:05:41.974467+00:00,133.8,200,ask,AverageAlmonds,WavyWalnuts,7321525
2026-07-04T18:05:42.478531,2026-07-04T18:05:42.485754+00:00,133.9,500,bid,AverageAlmonds,YieldingYams,7321526
2026-07-04T18:05:43.072617,2026-07-04T18:05:43.081237+00:00,133.9,125,bid,AverageAlmonds,YieldingYams,7321542
2026-07-04T18:05:44.889334,2026-07-04T18:05:44.896958+00:00,134.0,200,bid,AverageAlmonds,WavyWalnuts,7321560
2026-07-04T18:05:45.495081,2026-07-04T18:05:45.505081+00:00,134.1,500,bid,AverageAlmonds,YieldingYams,7321568
2026-07-04T18:05:45.584656,2026-07-04T18:05:45.593387+00:00,134.1,125,bid,WavyWalnuts,YieldingYams,7321570
2026-07-04T18:05:49.134477,2026-07-04T18:05:49.144452+00:00,134.2,200,bid,AverageAlmonds,WavyWalnuts,7321612
2026-07-04T18:05:49.134477,2026-07-04T18:05:49.144452+00:00,134.2,300,bid,AverageAlmonds,YieldingYams,7321613
2026-07-04T18:05:49.429976,2026-07-04T18:05:49.433225+00:00,134.0,11,ask,YieldingYams,Xuanyu Liu,7321623
2026-07-04T18:05:49.728319,2026-07-04T18:05:49.753813+00:00,134.2,325,bid,AverageAlmonds,YieldingYams,7321628
2026-07-04T18:05:49.750591,2026-07-04T18:05:49.753813+00:00,134.2,23,ask,AverageAlmonds,Xuanyu Liu,7321631
2026-07-04T18:05:49.981272,2026-07-04T18:05:49.989696+00:00,134.3,200,bid,YieldingYams,WavyWalnuts,7321636
2026-07-04T18:05:50.001798,2026-07-04T18:05:50.005523+00:00,134.3,11,ask,YieldingYams,Xuanyu Liu,7321641
2026-07-04T18:05:52.509556,2026-07-04T18:05:52.521025+00:00,134.4,20,bid,BrilliantBurritos,YieldingYams,7321685
2026-07-04T18:05:53.920219,2026-07-04T18:05:53.929745+00:00,134.4,200,bid,YieldingYams,WavyWalnuts,7321708
2026-07-04T18:05:54.966461,2026-07-04T18:05:54.974325+00:00,134.5,20,ask,YieldingYams,BrilliantBurritos,7321729
2026-07-04T18:05:55.667262,2026-07-04T18:05:55.675945+00:00,134.6,22,bid,Zihao Wu,WavyWalnuts,7321737
2026-07-04T18:05:57.009090,2026-07-04T18:05:57.012821+00:00,134.7,11,bid,Xuanyu Liu,WavyWalnuts,7321762
2026-07-04T18:05:58.892797,2026-07-04T18:05:58.904312+00:00,134.6,200,ask,YieldingYams,WavyWalnuts,7321788
2026-07-04T18:05:59.186463,2026-07-04T18:05:59.190873+00:00,134.7,11,bid,Xuanyu Liu,YieldingYams,7321801
2026-07-04T18:06:01.329668,2026-07-04T18:06:01.333830+00:00,134.6,12,bid,Xuanyu Liu,WavyWalnuts,7321838
2026-07-04T18:06:01.793016,2026-07-04T18:06:01.803104+00:00,134.6,188,bid,YieldingYams,WavyWalnuts,7321848
2026-07-04T18:06:02.128116,2026-07-04T18:06:02.139763+00:00,134.8,20,bid,BrilliantBurritos,YieldingYams,7321855
2026-07-04T18:06:02.525717,2026-07-04T18:06:02.532061+00:00,134.6,200,ask,YieldingYams,WavyWalnuts,7321860
2026-07-04T18:06:03.420090,2026-07-04T18:06:03.431919+00:00,134.7,20,bid,BrilliantBurritos,YieldingYams,7321867
2026-07-04T18:06:04.426412,2026-07-04T18:06:04.434080+00:00,134.6,500,ask,AverageAlmonds,YieldingYams,7321889
2026-07-04T18:06:04.939371,2026-07-04T18:06:04.948404+00:00,134.6,125,bid,WavyWalnuts,YieldingYams,7321895
2026-07-04T18:06:09.638378,2026-07-04T18:06:09.642108+00:00,134.9,11,bid,Xuanyu Liu,WavyWalnuts,7321980
2026-07-04T18:06:12.307969,2026-07-04T18:06:12.314861+00:00,134.9,200,bid,YieldingYams,WavyWalnuts,7322031
2026-07-04T18:06:14.603489,2026-07-04T18:06:14.611784+00:00,134.9,200,ask,YieldingYams,WavyWalnuts,7322071
2026-07-04T18:06:14.764017,2026-07-04T18:06:14.767836+00:00,135.0,12,bid,Xuanyu Liu,AverageAlmonds,7322074
2026-07-04T18:06:15.175544,2026-07-04T18:06:15.179242+00:00,134.9,11,bid,Xuanyu Liu,AverageAlmonds,7322077
2026-07-04T18:06:18.236933,2026-07-04T18:06:18.245513+00:00,134.8,200,ask,YieldingYams,WavyWalnuts,7322118
2026-07-04T18:06:21.867821,2026-07-04T18:06:21.874681+00:00,134.8,200,ask,YieldingYams,WavyWalnuts,7322172
2026-07-04T18:06:27.937923,2026-07-04T18:06:27.941732+00:00,135.0,11,ask,WavyWalnuts,Xuanyu Liu,7322251
2026-07-04T18:06:29.587527,2026-07-04T18:06:29.594585+00:00,135.1,20,bid,BrilliantBurritos,WavyWalnuts,7322281
2026-07-04T18:06:30.633542,2026-07-04T18:06:30.637306+00:00,135.2,14,bid,Xuanyu Liu,YieldingYams,7322299
2026-07-04T18:06:32.774292,2026-07-04T18:06:32.780852+00:00,135.1,200,ask,YieldingYams,WavyWalnuts,7322330
2026-07-04T18:06:34.602053,2026-07-04T18:06:34.612951+00:00,135.1,200,ask,WavyWalnuts,YieldingYams,7322353
2026-07-04T18:06:34.727566,2026-07-04T18:06:34.735588+00:00,134.8,20,ask,AverageAlmonds,BrilliantBurritos,7322357
2026-07-04T18:06:38.851080,2026-07-04T18:06:38.853259+00:00,135.1,200,bid,WavyWalnuts,YieldingYams,7322405
2026-07-04T18:06:39.336635,2026-07-04T18:06:39.343469+00:00,134.9,20,ask,YieldingYams,BrilliantBurritos,7322411
2026-07-04T18:06:40.066460,2026-07-04T18:06:40.074874+00:00,135.2,200,bid,WavyWalnuts,YieldingYams,7322428
2026-07-04T18:06:41.307316,2026-07-04T18:06:41.314357+00:00,135.1,200,ask,YieldingYams,WavyWalnuts,7322448
2026-07-04T18:06:43.802576,2026-07-04T18:06:43.806518+00:00,135.0,3,bid,Xuanyu Liu,YieldingYams,7322480
2026-07-04T18:06:47.714792,2026-07-04T18:06:47.723185+00:00,135.1,200,bid,YieldingYams,WavyWalnuts,7322526
2026-07-04T18:06:49.087675,2026-07-04T18:06:49.094320+00:00,135.2,200,bid,AverageAlmonds,WavyWalnuts,7322549
2026-07-04T18:06:49.087675,2026-07-04T18:06:49.099635+00:00,135.2,300,bid,AverageAlmonds,YieldingYams,7322550
2026-07-04T18:06:49.684047,2026-07-04T18:06:49.692687+00:00,135.2,325,bid,AverageAlmonds,YieldingYams,7322559
2026-07-04T18:06:50.999363,2026-07-04T18:06:51.009775+00:00,135.2,200,ask,YieldingYams,WavyWalnuts,7322577
2026-07-04T18:06:52.208137,2026-07-04T18:06:52.215808+00:00,135.2,200,ask,YieldingYams,WavyWalnuts,7322593
2026-07-04T18:06:52.801749,2026-07-04T18:06:52.806091+00:00,135.4,6,bid,Xuanyu Liu,YieldingYams,7322612
2026-07-04T18:06:53.909702,2026-07-04T18:06:53.917928+00:00,135.3,500,bid,AverageAlmonds,YieldingYams,7322628
2026-07-04T18:06:54.281103,2026-07-04T18:06:54.289613+00:00,135.3,200,bid,YieldingYams,WavyWalnuts,7322635
2026-07-04T18:06:56.948993,2026-07-04T18:06:56.958611+00:00,135.4,500,bid,AverageAlmonds,YieldingYams,7322675
2026-07-04T18:06:57.543203,2026-07-04T18:06:57.553620+00:00,135.4,125,bid,AverageAlmonds,YieldingYams,7322690
2026-07-04T18:06:57.543203,2026-07-04T18:06:57.553620+00:00,135.4,200,bid,AverageAlmonds,WavyWalnuts,7322691
2026-07-04T18:06:58.249439,2026-07-04T18:06:58.257727+00:00,135.5,200,ask,YieldingYams,WavyWalnuts,7322702
2026-07-04T18:06:59.455857,2026-07-04T18:06:59.458576+00:00,135.5,200,ask,YieldingYams,WavyWalnuts,7322714
2026-07-04T18:07:00.665002,2026-07-04T18:07:00.675551+00:00,135.5,200,ask,AverageAlmonds,WavyWalnuts,7322735
2026-07-04T18:07:01.872550,2026-07-04T18:07:01.884146+00:00,135.5,200,ask,AverageAlmonds,WavyWalnuts,7322751
2026-07-04T18:07:03.081872,2026-07-04T18:07:03.088594+00:00,135.4,200,ask,YieldingYams,WavyWalnuts,7322769
2026-07-04T18:07:04.297149,2026-07-04T18:07:04.307667+00:00,135.4,200,ask,YieldingYams,WavyWalnuts,7322790
2026-07-04T18:07:04.571453,2026-07-04T18:07:04.583407+00:00,135.6,20,bid,BrilliantBurritos,YieldingYams,7322791
2026-07-04T18:07:05.507877,2026-07-04T18:07:05.515424+00:00,135.5,200,ask,AverageAlmonds,WavyWalnuts,7322802
2026-07-04T18:07:06.023625,2026-07-04T18:07:06.033612+00:00,135.6,500,bid,AverageAlmonds,YieldingYams,7322805
2026-07-04T18:07:10.011865,2026-07-04T18:07:10.019959+00:00,135.7,200,bid,YieldingYams,WavyWalnuts,7322846
2026-07-04T18:07:12.909334,2026-07-04T18:07:12.919383+00:00,135.7,20,bid,BrilliantBurritos,YieldingYams,7322884
2026-07-04T18:07:15.272826,2026-07-04T18:07:15.284053+00:00,135.7,200,bid,YieldingYams,WavyWalnuts,7322915
2026-07-04T18:07:15.289181,2026-07-04T18:07:15.292479+00:00,135.7,3,ask,YieldingYams,Xuanyu Liu,7322917
2026-07-04T18:07:16.416834,2026-07-04T18:07:16.427021+00:00,135.7,200,ask,YieldingYams,WavyWalnuts,7322942
2026-07-04T18:07:28.399439,2026-07-04T18:07:28.402582+00:00,135.7,3,ask,YieldingYams,Xuanyu Liu,7323121
2026-07-04T18:07:32.173380,2026-07-04T18:07:32.183720+00:00,135.7,200,bid,WavyWalnuts,AverageAlmonds,7323170
2026-07-04T18:07:33.918128,2026-07-04T18:07:33.921935+00:00,135.6,3,ask,WavyWalnuts,Xuanyu Liu,7323195
2026-07-04T18:07:37.572032,2026-07-04T18:07:37.578708+00:00,135.6,20,ask,YieldingYams,BrilliantBurritos,7323278
2026-07-04T18:07:38.072640,2026-07-04T18:07:38.084023+00:00,135.6,20,ask,WavyWalnuts,BrilliantBurritos,7323290
2026-07-04T18:07:40.214636,2026-07-04T18:07:40.225433+00:00,135.6,200,ask,WavyWalnuts,YieldingYams,7323316
2026-07-04T18:07:40.647750,2026-07-04T18:07:40.664072+00:00,135.5,200,bid,WavyWalnuts,YieldingYams,7323324
2026-07-04T18:07:41.857632,2026-07-04T18:07:41.869294+00:00,135.5,200,ask,YieldingYams,WavyWalnuts,7323341
2026-07-04T18:07:43.066675,2026-07-04T18:07:43.076267+00:00,135.5,200,ask,YieldingYams,WavyWalnuts,7323365
2026-07-04T18:07:45.461750,2026-07-04T18:07:45.468697+00:00,135.5,200,bid,YieldingYams,WavyWalnuts,7323407
2026-07-04T18:07:45.461750,2026-07-04T18:07:45.474097+00:00,135.7,425,bid,YieldingYams,AverageAlmonds,7323408
2026-07-04T18:07:46.595331,2026-07-04T18:07:46.599825+00:00,135.4,3,ask,WavyWalnuts,Xuanyu Liu,7323430
2026-07-04T18:07:51.529354,2026-07-04T18:07:51.541098+00:00,135.4,200,bid,WavyWalnuts,YieldingYams,7323494
2026-07-04T18:07:53.944324,2026-07-04T18:07:53.958668+00:00,135.3,200,bid,WavyWalnuts,YieldingYams,7323530
2026-07-04T18:07:55.092318,2026-07-04T18:07:55.104056+00:00,135.5,20,bid,BrilliantBurritos,YieldingYams,7323550
2026-07-04T18:07:56.114246,2026-07-04T18:07:56.118323+00:00,135.2,23,ask,WavyWalnuts,Xuanyu Liu,7323564
2026-07-04T18:07:56.200347,2026-07-04T18:07:56.211961+00:00,135.2,20,ask,WavyWalnuts,BrilliantBurritos,7323566
2026-07-04T18:07:57.590384,2026-07-04T18:07:57.594683+00:00,135.3,11,ask,WavyWalnuts,Xuanyu Liu,7323583
2026-07-04T18:08:03.610042,2026-07-04T18:08:03.617052+00:00,135.3,200,bid,WavyWalnuts,YieldingYams,7323661
2026-07-04T18:08:06.419817,2026-07-04T18:08:06.430395+00:00,135.3,200,ask,WavyWalnuts,YieldingYams,7323701
2026-07-04T18:08:09.041376,2026-07-04T18:08:09.058622+00:00,135.3,200,bid,YieldingYams,WavyWalnuts,7323732
2026-07-04T18:08:11.661735,2026-07-04T18:08:11.669522+00:00,135.3,200,bid,YieldingYams,WavyWalnuts,7323776
2026-07-04T18:08:11.971138,2026-07-04T18:08:11.975731+00:00,135.5,11,bid,Xuanyu Liu,YieldingYams,7323780
2026-07-04T18:08:12.088561,2026-07-04T18:08:12.095459+00:00,135.3,200,ask,YieldingYams,WavyWalnuts,7323782
2026-07-04T18:08:12.991086,2026-07-04T18:08:12.994661+00:00,135.2,26,bid,Xuanyu Liu,YieldingYams,7323792
2026-07-04T18:08:13.295832,2026-07-04T18:08:13.306149+00:00,135.2,200,bid,WavyWalnuts,YieldingYams,7323802
2026-07-04T18:08:16.900755,2026-07-04T18:08:16.922180+00:00,135.4,200,bid,YieldingYams,WavyWalnuts,7323853
2026-07-04T18:08:16.917959,2026-07-04T18:08:16.922180+00:00,135.4,14,ask,YieldingYams,Xuanyu Liu,7323855
2026-07-04T18:08:18.220870,2026-07-04T18:08:18.229688+00:00,135.4,200,ask,WavyWalnuts,YieldingYams,7323872
2026-07-04T18:08:22.904525,2026-07-04T18:08:22.917539+00:00,135.4,20,bid,BrilliantBurritos,WavyWalnuts,7323918
2026-07-04T18:08:22.986478,2026-07-04T18:08:22.994938+00:00,135.4,200,bid,WavyWalnuts,YieldingYams,7323922
2026-07-04T18:08:24.196627,2026-07-04T18:08:24.205037+00:00,135.5,200,bid,WavyWalnuts,YieldingYams,7323928
2026-07-04T18:08:24.771113,2026-07-04T18:08:24.774413+00:00,135.4,12,ask,YieldingYams,Xuanyu Liu,7323941
2026-07-04T18:08:27.663135,2026-07-04T18:08:27.671230+00:00,135.4,20,ask,WavyWalnuts,BrilliantBurritos,7323987
2026-07-04T18:08:28.690729,2026-07-04T18:08:28.698372+00:00,135.6,200,ask,WavyWalnuts,YieldingYams,7324005
2026-07-04T18:08:29.035947,2026-07-04T18:08:29.045235+00:00,135.5,200,bid,WavyWalnuts,YieldingYams,7324008
2026-07-04T18:08:32.624514,2026-07-04T18:08:32.635365+00:00,135.5,200,ask,WavyWalnuts,YieldingYams,7324062
2026-07-04T18:08:32.673557,2026-07-04T18:08:32.682731+00:00,135.5,200,bid,WavyWalnuts,YieldingYams,7324064
2026-07-04T18:08:36.571918,2026-07-04T18:08:36.583681+00:00,135.6,20,ask,WavyWalnuts,BrilliantBurritos,7324141
2026-07-04T18:08:37.232298,2026-07-04T18:08:37.236561+00:00,135.7,23,bid,Xuanyu Liu,YieldingYams,7324149
2026-07-04T18:08:37.521024,2026-07-04T18:08:37.532022+00:00,135.7,200,bid,WavyWalnuts,YieldingYams,7324158
2026-07-04T18:08:43.112283,2026-07-04T18:08:43.122488+00:00,135.8,200,bid,YieldingYams,WavyWalnuts,7324235
2026-07-04T18:08:43.360219,2026-07-04T18:08:43.371759+00:00,136.0,20,bid,BrilliantBurritos,YieldingYams,7324236
2026-07-04T18:08:43.624984,2026-07-04T18:08:43.629354+00:00,135.9,3,bid,Xuanyu Liu,WavyWalnuts,7324242
2026-07-04T18:08:45.996222,2026-07-04T18:08:46.007044+00:00,135.8,200,ask,YieldingYams,WavyWalnuts,7324276
2026-07-04T18:08:48.362738,2026-07-04T18:08:48.369173+00:00,135.8,200,ask,WavyWalnuts,YieldingYams,7324312
2026-07-04T18:08:48.380146,2026-07-04T18:08:48.384029+00:00,135.7,3,bid,Xuanyu Liu,YieldingYams,7324314
2026-07-04T18:08:48.413410,2026-07-04T18:08:48.420658+00:00,135.7,200,bid,WavyWalnuts,YieldingYams,7324315
2026-07-04T18:08:49.623324,2026-07-04T18:08:49.631973+00:00,135.7,200,bid,WavyWalnuts,YieldingYams,7324344
2026-07-04T18:08:50.278406,2026-07-04T18:08:50.285239+00:00,135.9,20,bid,BrilliantBurritos,WavyWalnuts,7324351
2026-07-04T18:08:53.275975,2026-07-04T18:08:53.279729+00:00,135.8,3,ask,WavyWalnuts,Xuanyu Liu,7324396
2026-07-04T18:08:53.533066,2026-07-04T18:08:53.544612+00:00,135.9,20,bid,BrilliantBurritos,YieldingYams,7324400
2026-07-04T18:08:54.920288,2026-07-04T18:08:54.928600+00:00,135.9,200,bid,YieldingYams,WavyWalnuts,7324422
2026-07-04T18:08:55.687824,2026-07-04T18:08:55.699345+00:00,135.9,200,ask,YieldingYams,WavyWalnuts,7324432
2026-07-04T18:08:58.103115,2026-07-04T18:08:58.110177+00:00,135.8,200,ask,YieldingYams,WavyWalnuts,7324464
2026-07-04T18:08:59.326634,2026-07-04T18:08:59.337325+00:00,136.0,200,ask,AverageAlmonds,WavyWalnuts,7324481
2026-07-04T18:09:00.183004,2026-07-04T18:09:00.194648+00:00,136.0,500,ask,AverageAlmonds,YieldingYams,7324491
2026-07-04T18:09:00.416127,2026-07-04T18:09:00.426898+00:00,136.0,125,bid,AverageAlmonds,YieldingYams,7324500
2026-07-04T18:09:02.803420,2026-07-04T18:09:02.811988+00:00,136.2,200,bid,YieldingYams,WavyWalnuts,7324537
2026-07-04T18:09:04.122418,2026-07-04T18:09:04.131124+00:00,136.2,200,ask,WavyWalnuts,YieldingYams,7324554
2026-07-04T18:09:04.122418,2026-07-04T18:09:04.131124+00:00,136.2,425,ask,AverageAlmonds,YieldingYams,7324555
2026-07-04T18:09:05.268170,2026-07-04T18:09:05.279663+00:00,136.3,200,bid,AverageAlmonds,WavyWalnuts,7324574
2026-07-04T18:09:07.078197,2026-07-04T18:09:07.084949+00:00,136.4,200,bid,AverageAlmonds,WavyWalnuts,7324600
2026-07-04T18:09:07.078197,2026-07-04T18:09:07.090591+00:00,136.4,300,bid,AverageAlmonds,YieldingYams,7324601
2026-07-04T18:09:07.702505,2026-07-04T18:09:07.709925+00:00,136.4,325,bid,AverageAlmonds,YieldingYams,7324616
2026-07-04T18:09:10.674353,2026-07-04T18:09:10.681217+00:00,136.6,200,bid,YieldingYams,WavyWalnuts,7324675
2026-07-04T18:09:11.423484,2026-07-04T18:09:11.432338+00:00,136.8,200,ask,YieldingYams,WavyWalnuts,7324682
2026-07-04T18:09:12.899547,2026-07-04T18:09:12.909224+00:00,136.7,20,bid,BrilliantBurritos,YieldingYams,7324706
2026-07-04T18:09:14.618185,2026-07-04T18:09:14.627022+00:00,136.5,200,ask,WavyWalnuts,YieldingYams,7324730
2026-07-04T18:09:18.689264,2026-07-04T18:09:18.699082+00:00,136.5,200,bid,WavyWalnuts,YieldingYams,7324797
2026-07-04T18:09:19.224033,2026-07-04T18:09:19.234615+00:00,136.5,20,bid,BrilliantBurritos,YieldingYams,7324800
2026-07-04T18:09:21.646594,2026-07-04T18:09:21.658620+00:00,136.6,500,ask,YieldingYams,AverageAlmonds,7324844
2026-07-04T18:09:22.218899,2026-07-04T18:09:22.230812+00:00,136.7,20,bid,BrilliantBurritos,WavyWalnuts,7324856
2026-07-04T18:09:24.154032,2026-07-04T18:09:24.156039+00:00,136.5,20,ask,WavyWalnuts,BrilliantBurritos,7324890
2026-07-04T18:09:24.746959,2026-07-04T18:09:24.756375+00:00,136.6,200,bid,WavyWalnuts,YieldingYams,7324898
2026-07-04T18:09:25.957567,2026-07-04T18:09:25.969199+00:00,136.5,200,ask,YieldingYams,WavyWalnuts,7324916
2026-07-04T18:09:27.100272,2026-07-04T18:09:27.110655+00:00,136.7,20,bid,BrilliantBurritos,AverageAlmonds,7324934
2026-07-04T18:09:27.950325,2026-07-04T18:09:27.954036+00:00,136.5,26,ask,WavyWalnuts,Xuanyu Liu,7324946
2026-07-04T18:09:30.104202,2026-07-04T18:09:30.112372+00:00,136.5,500,ask,YieldingYams,AverageAlmonds,7324967
2026-07-04T18:09:30.324246,2026-07-04T18:09:30.331488+00:00,136.5,200,ask,WavyWalnuts,YieldingYams,7324976
2026-07-04T18:09:31.632060,2026-07-04T18:09:31.638950+00:00,136.5,500,bid,YieldingYams,AverageAlmonds,7325000
2026-07-04T18:09:31.938040,2026-07-04T18:09:31.945264+00:00,136.5,125,ask,YieldingYams,AverageAlmonds,7325006
2026-07-04T18:09:32.940977,2026-07-04T18:09:32.948390+00:00,136.4,200,ask,WavyWalnuts,YieldingYams,7325025
2026-07-04T18:09:34.280394,2026-07-04T18:09:34.284025+00:00,136.4,34,ask,YieldingYams,Xuanyu Liu,7325040
2026-07-04T18:09:37.403489,2026-07-04T18:09:37.407317+00:00,136.4,11,bid,Xuanyu Liu,YieldingYams,7325074
2026-07-04T18:09:40.498153,2026-07-04T18:09:40.507244+00:00,136.5,200,bid,WavyWalnuts,YieldingYams,7325122
2026-07-04T18:09:41.711705,2026-07-04T18:09:41.723400+00:00,136.4,200,bid,WavyWalnuts,YieldingYams,7325142
2026-07-04T18:09:42.554739,2026-07-04T18:09:42.561998+00:00,136.6,20,bid,BrilliantBurritos,WavyWalnuts,7325164
2026-07-04T18:09:43.449096,2026-07-04T18:09:43.458579+00:00,136.5,200,bid,YieldingYams,WavyWalnuts,7325175
2026-07-04T18:09:45.347725,2026-07-04T18:09:45.355227+00:00,136.5,200,bid,WavyWalnuts,YieldingYams,7325214
2026-07-04T18:09:46.570647,2026-07-04T18:09:46.574100+00:00,136.4,12,bid,Xuanyu Liu,WavyWalnuts,7325233
2026-07-04T18:09:48.979287,2026-07-04T18:09:48.988358+00:00,136.3,200,ask,YieldingYams,WavyWalnuts,7325267
2026-07-04T18:09:52.511732,2026-07-04T18:09:52.523460+00:00,136.5,20,bid,BrilliantBurritos,WavyWalnuts,7325321
2026-07-04T18:09:55.301435,2026-07-04T18:09:55.309667+00:00,136.4,200,ask,WavyWalnuts,YieldingYams,7325368
2026-07-04T18:09:56.228963,2026-07-04T18:09:56.235902+00:00,136.4,200,bid,WavyWalnuts,YieldingYams,7325386
2026-07-04T18:09:59.868162,2026-07-04T18:09:59.871816+00:00,136.3,12,ask,WavyWalnuts,Xuanyu Liu,7325440
2026-07-04T18:10:01.877842,2026-07-04T18:10:01.882023+00:00,136.4,11,ask,YieldingYams,Xuanyu Liu,7325473
2026-07-04T18:10:02.333701,2026-07-04T18:10:02.340918+00:00,136.5,20,bid,BrilliantBurritos,AverageAlmonds,7325475
2026-07-04T18:10:03.172758,2026-07-04T18:10:03.179932+00:00,136.5,500,bid,YieldingYams,AverageAlmonds,7325495
2026-07-04T18:10:03.446553,2026-07-04T18:10:03.458609+00:00,136.5,125,ask,YieldingYams,AverageAlmonds,7325498
2026-07-04T18:10:03.478128,2026-07-04T18:10:03.484797+00:00,136.5,200,bid,WavyWalnuts,AverageAlmonds,7325499
2026-07-04T18:10:04.686114,2026-07-04T18:10:04.695835+00:00,136.4,200,bid,WavyWalnuts,AverageAlmonds,7325524
2026-07-04T18:10:05.266604,2026-07-04T18:10:05.275537+00:00,136.3,500,ask,YieldingYams,AverageAlmonds,7325536
2026-07-04T18:10:05.896015,2026-07-04T18:10:05.906233+00:00,136.3,200,bid,WavyWalnuts,YieldingYams,7325551
2026-07-04T18:10:07.106096,2026-07-04T18:10:07.116929+00:00,136.3,200,bid,WavyWalnuts,YieldingYams,7325570
2026-07-04T18:10:07.117117,2026-07-04T18:10:07.127197+00:00,136.3,500,bid,YieldingYams,AverageAlmonds,7325571
2026-07-04T18:10:07.137751,2026-07-04T18:10:07.141341+00:00,136.3,23,ask,YieldingYams,Xuanyu Liu,7325573
2026-07-04T18:10:07.669799,2026-07-04T18:10:07.679569+00:00,136.3,102,ask,YieldingYams,AverageAlmonds,7325576
2026-07-04T18:10:08.430789,2026-07-04T18:10:08.441019+00:00,136.2,200,ask,WavyWalnuts,YieldingYams,7325588
2026-07-04T18:10:11.320014,2026-07-04T18:10:11.327214+00:00,136.2,500,ask,YieldingYams,AverageAlmonds,7325626
2026-07-04T18:10:11.957507,2026-07-04T18:10:11.969599+00:00,136.2,125,ask,YieldingYams,WavyWalnuts,7325640
2026-07-04T18:10:15.004867,2026-07-04T18:10:15.015783+00:00,136.0,200,ask,WavyWalnuts,YieldingYams,7325681
2026-07-04T18:10:15.326029,2026-07-04T18:10:15.337685+00:00,136.0,20,bid,BrilliantBurritos,YieldingYams,7325685
2026-07-04T18:10:15.602801,2026-07-04T18:10:15.612578+00:00,136.0,200,bid,WavyWalnuts,YieldingYams,7325689
2026-07-04T18:10:16.828370,2026-07-04T18:10:16.831990+00:00,136.0,11,ask,WavyWalnuts,Xuanyu Liu,7325718
2026-07-04T18:10:19.231727,2026-07-04T18:10:19.243043+00:00,135.9,200,ask,YieldingYams,WavyWalnuts,7325777
2026-07-04T18:10:20.875173,2026-07-04T18:10:20.886880+00:00,135.9,20,ask,WavyWalnuts,BrilliantBurritos,7325805
2026-07-04T18:10:22.862157,2026-07-04T18:10:22.869347+00:00,135.8,200,ask,YieldingYams,WavyWalnuts,7325839
2026-07-04T18:10:25.274395,2026-07-04T18:10:25.283712+00:00,135.8,200,bid,WavyWalnuts,YieldingYams,7325883
2026-07-04T18:10:30.124140,2026-07-04T18:10:30.135233+00:00,135.9,200,bid,WavyWalnuts,YieldingYams,7325978
2026-07-04T18:10:34.665791,2026-07-04T18:10:34.675466+00:00,135.9,200,ask,WavyWalnuts,YieldingYams,7326054
2026-07-04T18:10:36.140769,2026-07-04T18:10:36.148003+00:00,135.8,500,bid,AverageAlmonds,YieldingYams,7326078
2026-07-04T18:10:36.736763,2026-07-04T18:10:36.745348+00:00,135.8,125,bid,AverageAlmonds,YieldingYams,7326086
2026-07-04T18:10:36.736763,2026-07-04T18:10:36.745348+00:00,135.9,200,bid,AverageAlmonds,WavyWalnuts,7326087
2026-07-04T18:10:37.393983,2026-07-04T18:10:37.400791+00:00,135.9,200,ask,YieldingYams,WavyWalnuts,7326098
2026-07-04T18:10:37.586843,2026-07-04T18:10:37.590525+00:00,136.1,45,bid,Xuanyu Liu,YieldingYams,7326103
2026-07-04T18:10:39.833356,2026-07-04T18:10:39.839802+00:00,136.0,200,ask,YieldingYams,WavyWalnuts,7326143
2026-07-04T18:10:41.097401,2026-07-04T18:10:41.109230+00:00,136.0,20,bid,BrilliantBurritos,WavyWalnuts,7326172
2026-07-04T18:10:42.200145,2026-07-04T18:10:42.210746+00:00,136.0,180,bid,AverageAlmonds,WavyWalnuts,7326193
2026-07-04T18:10:42.200145,2026-07-04T18:10:42.210746+00:00,136.0,320,bid,AverageAlmonds,YieldingYams,7326194
2026-07-04T18:10:42.743410,2026-07-04T18:10:42.748484+00:00,136.1,20,bid,BrilliantBurritos,WavyWalnuts,7326209
2026-07-04T18:10:43.497396,2026-07-04T18:10:43.501207+00:00,136.0,11,ask,WavyWalnuts,Xuanyu Liu,7326226
2026-07-04T18:10:46.486955,2026-07-04T18:10:46.495563+00:00,136.0,200,ask,WavyWalnuts,YieldingYams,7326267
2026-07-04T18:10:54.347322,2026-07-04T18:10:54.367207+00:00,136.0,200,bid,YieldingYams,WavyWalnuts,7326389
2026-07-04T18:10:54.363638,2026-07-04T18:10:54.367207+00:00,136.1,11,ask,YieldingYams,Xuanyu Liu,7326391
2026-07-04T18:10:54.392628,2026-07-04T18:10:54.403402+00:00,136.1,200,ask,YieldingYams,WavyWalnuts,7326392
2026-07-04T18:10:55.601739,2026-07-04T18:10:55.612563+00:00,136.1,200,ask,YieldingYams,WavyWalnuts,7326409
2026-07-04T18:10:56.504582,2026-07-04T18:10:56.509168+00:00,136.1,11,bid,Xuanyu Liu,YieldingYams,7326423
2026-07-04T18:10:56.809358,2026-07-04T18:10:56.816703+00:00,136.1,200,bid,WavyWalnuts,YieldingYams,7326428
2026-07-04T18:10:56.973779,2026-07-04T18:10:56.996064+00:00,136.0,500,ask,AverageAlmonds,YieldingYams,7326430
2026-07-04T18:10:56.992347,2026-07-04T18:10:56.996064+00:00,136.0,11,bid,Xuanyu Liu,YieldingYams,7326432
2026-07-04T18:10:57.407497,2026-07-04T18:10:57.414312+00:00,136.0,20,bid,BrilliantBurritos,YieldingYams,7326436
2026-07-04T18:10:58.019190,2026-07-04T18:10:58.028647+00:00,136.0,94,bid,WavyWalnuts,YieldingYams,7326449
2026-07-04T18:10:59.145301,2026-07-04T18:10:59.156875+00:00,136.3,20,bid,BrilliantBurritos,WavyWalnuts,7326465
2026-07-04T18:10:59.855047,2026-07-04T18:10:59.866877+00:00,136.2,20,ask,WavyWalnuts,BrilliantBurritos,7326478
2026-07-04T18:11:00.908627,2026-07-04T18:11:00.917509+00:00,136.4,200,bid,YieldingYams,WavyWalnuts,7326493
2026-07-04T18:11:00.923375,2026-07-04T18:11:00.927690+00:00,136.4,22,ask,YieldingYams,Xuanyu Liu,7326495
2026-07-04T18:11:06.157804,2026-07-04T18:11:06.169218+00:00,136.4,200,bid,YieldingYams,WavyWalnuts,7326586
2026-07-04T18:11:10.100514,2026-07-04T18:11:10.107169+00:00,136.4,200,ask,WavyWalnuts,YieldingYams,7326637
2026-07-04T18:11:10.117754,2026-07-04T18:11:10.121175+00:00,136.4,22,bid,Xuanyu Liu,YieldingYams,7326639
2026-07-04T18:11:11.935077,2026-07-04T18:11:11.969449+00:00,136.4,20,bid,BrilliantBurritos,WavyWalnuts,7326674
2026-07-04T18:11:14.973152,2026-07-04T18:11:14.984074+00:00,136.3,200,ask,YieldingYams,WavyWalnuts,7326731
2026-07-04T18:11:16.186898,2026-07-04T18:11:16.194654+00:00,136.2,200,ask,AverageAlmonds,WavyWalnuts,7326756
2026-07-04T18:11:16.668484,2026-07-04T18:11:16.679531+00:00,136.2,300,ask,AverageAlmonds,YieldingYams,7326769
2026-07-04T18:11:16.709039,2026-07-04T18:11:16.718153+00:00,136.2,325,bid,AverageAlmonds,YieldingYams,7326770
2026-07-04T18:11:19.288331,2026-07-04T18:11:19.306600+00:00,136.5,200,bid,YieldingYams,WavyWalnuts,7326791
2026-07-04T18:11:19.302909,2026-07-04T18:11:19.306600+00:00,136.7,34,ask,YieldingYams,Xuanyu Liu,7326793
2026-07-04T18:11:19.812192,2026-07-04T18:11:19.819922+00:00,136.7,200,ask,YieldingYams,WavyWalnuts,7326807
2026-07-04T18:11:21.828850,2026-07-04T18:11:21.832544+00:00,136.6,69,bid,Xuanyu Liu,YieldingYams,7326842
2026-07-04T18:11:22.236075,2026-07-04T18:11:22.242734+00:00,136.6,200,bid,WavyWalnuts,YieldingYams,7326855
2026-07-04T18:11:23.241996,2026-07-04T18:11:23.246009+00:00,136.6,19,ask,YieldingYams,Xuanyu Liu,7326875
2026-07-04T18:11:34.345363,2026-07-04T18:11:34.354636+00:00,136.9,200,ask,YieldingYams,WavyWalnuts,7327023
2026-07-04T18:11:34.566703,2026-07-04T18:11:34.578533+00:00,137.1,20,bid,BrilliantBurritos,AverageAlmonds,7327028
2026-07-04T18:11:40.305011,2026-07-04T18:11:40.312823+00:00,137.0,20,bid,BrilliantBurritos,WavyWalnuts,7327094
2026-07-04T18:11:40.867933,2026-07-04T18:11:40.871956+00:00,136.9,7,bid,Xuanyu Liu,AverageAlmonds,7327105
2026-07-04T18:11:41.616734,2026-07-04T18:11:41.628028+00:00,136.8,200,ask,YieldingYams,WavyWalnuts,7327121
2026-07-04T18:11:42.825638,2026-07-04T18:11:42.834881+00:00,136.8,200,ask,YieldingYams,WavyWalnuts,7327133
2026-07-04T18:11:44.031990,2026-07-04T18:11:44.040533+00:00,136.8,200,bid,WavyWalnuts,YieldingYams,7327160
2026-07-04T18:11:44.244094,2026-07-04T18:11:44.247506+00:00,136.8,23,ask,YieldingYams,Xuanyu Liu,7327165
2026-07-04T18:11:45.248644,2026-07-04T18:11:45.258600+00:00,136.8,200,ask,YieldingYams,WavyWalnuts,7327180
2026-07-04T18:11:47.144618,2026-07-04T18:11:47.148085+00:00,136.8,12,bid,Xuanyu Liu,WavyWalnuts,7327211
2026-07-04T18:11:48.171117,2026-07-04T18:11:48.215014+00:00,136.7,200,ask,WavyWalnuts,YieldingYams,7327229
2026-07-04T18:11:48.211552,2026-07-04T18:11:48.215014+00:00,136.7,11,bid,Xuanyu Liu,YieldingYams,7327233
2026-07-04T18:11:50.080358,2026-07-04T18:11:50.088360+00:00,136.8,200,bid,WavyWalnuts,YieldingYams,7327258
2026-07-04T18:11:51.290785,2026-07-04T18:11:51.299941+00:00,136.8,200,bid,WavyWalnuts,YieldingYams,7327280
2026-07-04T18:11:53.082006,2026-07-04T18:11:53.093649+00:00,136.8,20,bid,BrilliantBurritos,WavyWalnuts,7327317
2026-07-04T18:11:53.472069,2026-07-04T18:11:53.476508+00:00,136.8,23,bid,Xuanyu Liu,WavyWalnuts,7327322
2026-07-04T18:11:59.749289,2026-07-04T18:11:59.758589+00:00,136.5,200,bid,WavyWalnuts,AverageAlmonds,7327432
2026-07-04T18:11:59.985332,2026-07-04T18:11:59.996385+00:00,136.5,300,bid,YieldingYams,AverageAlmonds,7327435
2026-07-04T18:12:00.299622,2026-07-04T18:12:00.310401+00:00,136.5,325,ask,YieldingYams,AverageAlmonds,7327440
2026-07-04T18:12:01.297644,2026-07-04T18:12:01.316161+00:00,136.4,200,ask,WavyWalnuts,YieldingYams,7327456
2026-07-04T18:12:01.312540,2026-07-04T18:12:01.316161+00:00,136.4,3,bid,Xuanyu Liu,YieldingYams,7327458
2026-07-04T18:12:03.377898,2026-07-04T18:12:03.384459+00:00,136.4,200,bid,WavyWalnuts,YieldingYams,7327490
2026-07-04T18:12:04.586028,2026-07-04T18:12:04.595556+00:00,136.3,200,bid,WavyWalnuts,YieldingYams,7327518
2026-07-04T18:12:07.019224,2026-07-04T18:12:07.027775+00:00,136.5,200,bid,WavyWalnuts,AverageAlmonds,7327561
2026-07-04T18:12:08.239509,2026-07-04T18:12:08.246384+00:00,136.4,200,bid,WavyWalnuts,AverageAlmonds,7327581
2026-07-04T18:12:09.448554,2026-07-04T18:12:09.458557+00:00,136.3,200,bid,WavyWalnuts,YieldingYams,7327600
2026-07-04T18:12:11.773384,2026-07-04T18:12:11.863903+00:00,136.3,200,ask,WavyWalnuts,YieldingYams,7327633
2026-07-04T18:12:11.865588,2026-07-04T18:12:11.875407+00:00,136.3,200,bid,WavyWalnuts,YieldingYams,7327635
2026-07-04T18:12:13.078410,2026-07-04T18:12:13.088614+00:00,136.3,200,bid,WavyWalnuts,YieldingYams,7327651
2026-07-04T18:12:13.101639,2026-07-04T18:12:13.112353+00:00,136.4,500,bid,YieldingYams,AverageAlmonds,7327654
2026-07-04T18:12:13.118262,2026-07-04T18:12:13.121862+00:00,136.4,3,ask,YieldingYams,Xuanyu Liu,7327656
2026-07-04T18:12:13.392096,2026-07-04T18:12:13.401651+00:00,136.4,20,ask,YieldingYams,BrilliantBurritos,7327662
2026-07-04T18:12:13.607781,2026-07-04T18:12:13.615221+00:00,136.4,102,ask,YieldingYams,AverageAlmonds,7327663
2026-07-04T18:12:15.616190,2026-07-04T18:12:15.620141+00:00,136.4,3,bid,Xuanyu Liu,YieldingYams,7327698
2026-07-04T18:12:21.940475,2026-07-04T18:12:21.944912+00:00,136.4,3,bid,Xuanyu Liu,YieldingYams,7327794
2026-07-04T18:12:23.914155,2026-07-04T18:12:23.928277+00:00,136.4,500,ask,YieldingYams,AverageAlmonds,7327831
2026-07-04T18:12:23.978770,2026-07-04T18:12:23.987265+00:00,136.4,125,ask,YieldingYams,WavyWalnuts,7327832
2026-07-04T18:12:25.188221,2026-07-04T18:12:25.199456+00:00,136.3,200,bid,WavyWalnuts,YieldingYams,7327855
2026-07-04T18:12:28.848482,2026-07-04T18:12:28.851941+00:00,136.2,3,ask,YieldingYams,Xuanyu Liu,7327921
2026-07-04T18:12:31.256556,2026-07-04T18:12:31.255618+00:00,136.2,200,ask,YieldingYams,WavyWalnuts,7327970
2026-07-04T18:12:32.874624,2026-07-04T18:12:32.883569+00:00,136.2,25,ask,YieldingYams,Alan Tran,7327992
2026-07-04T18:12:34.641127,2026-07-04T18:12:34.644717+00:00,136.3,3,ask,WavyWalnuts,Xuanyu Liu,7328023
2026-07-04T18:12:34.830306,2026-07-04T18:12:34.838966+00:00,136.3,197,ask,WavyWalnuts,AverageAlmonds,7328031
2026-07-04T18:12:34.885825,2026-07-04T18:12:34.896804+00:00,136.3,200,bid,WavyWalnuts,AverageAlmonds,7328032
2026-07-04T18:12:35.384934,2026-07-04T18:12:35.394116+00:00,136.3,103,bid,YieldingYams,AverageAlmonds,7328040
2026-07-04T18:12:35.421083,2026-07-04T18:12:35.432058+00:00,136.3,500,ask,YieldingYams,AverageAlmonds,7328044
2026-07-04T18:12:36.024839,2026-07-04T18:12:36.033336+00:00,136.3,22,ask,YieldingYams,AverageAlmonds,7328052
2026-07-04T18:12:36.099642,2026-07-04T18:12:36.107742+00:00,136.3,200,bid,WavyWalnuts,AverageAlmonds,7328058
2026-07-04T18:12:37.315531,2026-07-04T18:12:37.325808+00:00,136.2,200,bid,WavyWalnuts,YieldingYams,7328078
2026-07-04T18:12:38.021622,2026-07-04T18:12:38.026114+00:00,136.1,11,ask,YieldingYams,Xuanyu Liu,7328094
2026-07-04T18:12:40.609589,2026-07-04T18:12:40.621600+00:00,136.2,20,bid,BrilliantBurritos,YieldingYams,7328132
2026-07-04T18:12:43.238786,2026-07-04T18:12:43.249297+00:00,136.1,200,ask,WavyWalnuts,YieldingYams,7328169
2026-07-04T18:12:43.370780,2026-07-04T18:12:43.379643+00:00,136.1,200,bid,WavyWalnuts,YieldingYams,7328178
2026-07-04T18:12:44.559653,2026-07-04T18:12:44.563937+00:00,136.1,23,ask,YieldingYams,Xuanyu Liu,7328196
2026-07-04T18:12:45.854213,2026-07-04T18:12:45.858541+00:00,136.2,200,bid,YieldingYams,WavyWalnuts,7328214
2026-07-04T18:12:45.864494,2026-07-04T18:12:45.868474+00:00,136.2,12,ask,YieldingYams,Xuanyu Liu,7328216
2026-07-04T18:12:46.335549,2026-07-04T18:12:46.358866+00:00,136.2,20,ask,YieldingYams,BrilliantBurritos,7328220
2026-07-04T18:12:48.478103,2026-07-04T18:12:48.489182+00:00,136.2,200,ask,WavyWalnuts,YieldingYams,7328253
2026-07-04T18:12:49.398301,2026-07-04T18:12:49.409972+00:00,136.1,20,bid,BrilliantBurritos,YieldingYams,7328275
2026-07-04T18:12:49.411349,2026-07-04T18:12:49.420382+00:00,136.1,200,bid,WavyWalnuts,YieldingYams,7328276
2026-07-04T18:12:51.092906,2026-07-04T18:12:51.106830+00:00,136.2,500,bid,YieldingYams,AverageAlmonds,7328296
2026-07-04T18:12:51.092906,2026-07-04T18:12:51.106830+00:00,136.2,125,bid,YieldingYams,WavyWalnuts,7328297
2026-07-04T18:12:52.416976,2026-07-04T18:12:52.427965+00:00,136.1,200,ask,WavyWalnuts,YieldingYams,7328327
2026-07-04T18:12:52.434650,2026-07-04T18:12:52.439235+00:00,136.0,12,bid,Xuanyu Liu,YieldingYams,7328329
2026-07-04T18:12:52.824622,2026-07-04T18:12:52.832121+00:00,136.0,20,bid,BrilliantBurritos,YieldingYams,7328335
2026-07-04T18:12:53.032184,2026-07-04T18:12:53.041535+00:00,136.0,200,bid,WavyWalnuts,YieldingYams,7328339
2026-07-04T18:12:53.737939,2026-07-04T18:12:53.741557+00:00,136.0,12,ask,YieldingYams,Xuanyu Liu,7328360
2026-07-04T18:12:54.255907,2026-07-04T18:12:54.259636+00:00,136.1,11,ask,WavyWalnuts,Xuanyu Liu,7328367
2026-07-04T18:12:55.039711,2026-07-04T18:12:55.048473+00:00,136.1,189,ask,WavyWalnuts,YieldingYams,7328384
2026-07-04T18:12:55.065150,2026-07-04T18:12:55.069210+00:00,136.0,11,bid,Xuanyu Liu,YieldingYams,7328386
2026-07-04T18:12:55.446791,2026-07-04T18:12:55.456022+00:00,136.0,200,bid,WavyWalnuts,YieldingYams,7328390
2026-07-04T18:12:56.723069,2026-07-04T18:12:56.726601+00:00,136.1,12,bid,Xuanyu Liu,YieldingYams,7328400
2026-07-04T18:12:58.994500,2026-07-04T18:12:58.998040+00:00,136.0,11,bid,Xuanyu Liu,YieldingYams,7328438
2026-07-04T18:12:59.884796,2026-07-04T18:12:59.888282+00:00,136.0,12,bid,Xuanyu Liu,YieldingYams,7328452
2026-07-04T18:13:00.291280,2026-07-04T18:13:00.299842+00:00,136.0,200,bid,WavyWalnuts,AverageAlmonds,7328458
2026-07-04T18:13:01.589249,2026-07-04T18:13:01.596260+00:00,136.0,500,bid,YieldingYams,AverageAlmonds,7328482
2026-07-04T18:13:02.051319,2026-07-04T18:13:02.058573+00:00,136.0,125,ask,YieldingYams,AverageAlmonds,7328487
2026-07-04T18:13:08.132717,2026-07-04T18:13:08.139409+00:00,135.7,200,ask,WavyWalnuts,YieldingYams,7328572
2026-07-04T18:13:08.776261,2026-07-04T18:13:08.782947+00:00,135.7,200,bid,WavyWalnuts,YieldingYams,7328577
2026-07-04T18:13:10.370203,2026-07-04T18:13:10.382106+00:00,135.6,20,ask,YieldingYams,BrilliantBurritos,7328603
2026-07-04T18:13:12.233347,2026-07-04T18:13:12.240226+00:00,135.7,20,ask,YieldingYams,BrilliantBurritos,7328629
2026-07-04T18:13:12.404309,2026-07-04T18:13:12.412613+00:00,135.7,200,ask,YieldingYams,WavyWalnuts,7328631
2026-07-04T18:13:16.023549,2026-07-04T18:13:16.035360+00:00,135.8,200,bid,YieldingYams,WavyWalnuts,7328676
2026-07-04T18:13:17.255116,2026-07-04T18:13:17.263882+00:00,135.8,200,ask,YieldingYams,WavyWalnuts,7328694
2026-07-04T18:13:17.355827,2026-07-04T18:13:17.359845+00:00,135.7,14,bid,Xuanyu Liu,YieldingYams,7328698
2026-07-04T18:13:17.437212,2026-07-04T18:13:17.448765+00:00,135.7,20,bid,BrilliantBurritos,YieldingYams,7328700
2026-07-04T18:13:17.708201,2026-07-04T18:13:17.720280+00:00,135.5,20,ask,WavyWalnuts,BrilliantBurritos,7328702
2026-07-04T18:13:18.646836,2026-07-04T18:13:18.658576+00:00,135.6,200,ask,WavyWalnuts,YieldingYams,7328716
2026-07-04T18:13:22.569736,2026-07-04T18:13:22.590572+00:00,135.7,200,bid,YieldingYams,WavyWalnuts,7328765
2026-07-04T18:13:22.587001,2026-07-04T18:13:22.590572+00:00,135.7,14,ask,YieldingYams,Xuanyu Liu,7328767
2026-07-04T18:13:23.880953,2026-07-04T18:13:23.892307+00:00,135.8,200,ask,WavyWalnuts,YieldingYams,7328795
2026-07-04T18:13:28.414488,2026-07-04T18:13:28.418263+00:00,135.6,12,ask,YieldingYams,Xuanyu Liu,7328850
2026-07-04T18:13:35.659669,2026-07-04T18:13:35.669608+00:00,135.7,200,bid,YieldingYams,WavyWalnuts,7328958
2026-07-04T18:13:37.807627,2026-07-04T18:13:37.815322+00:00,135.8,200,bid,WavyWalnuts,YieldingYams,7328998
2026-07-04T18:13:38.483585,2026-07-04T18:13:38.495177+00:00,135.6,20,ask,YieldingYams,BrilliantBurritos,7329002
2026-07-04T18:13:39.024431,2026-07-04T18:13:39.031479+00:00,135.9,200,bid,WavyWalnuts,YieldingYams,7329010
2026-07-04T18:13:41.063515,2026-07-04T18:13:41.066767+00:00,135.9,23,bid,Xuanyu Liu,YieldingYams,7329042
2026-07-04T18:13:42.219126,2026-07-04T18:13:42.227556+00:00,135.7,200,ask,WavyWalnuts,YieldingYams,7329061
2026-07-04T18:13:42.240975,2026-07-04T18:13:42.244717+00:00,135.7,3,bid,Xuanyu Liu,YieldingYams,7329066
2026-07-04T18:13:42.856852,2026-07-04T18:13:42.858562+00:00,135.6,20,ask,WavyWalnuts,BrilliantBurritos,7329076
2026-07-04T18:13:43.865028,2026-07-04T18:13:43.874201+00:00,135.7,200,bid,WavyWalnuts,YieldingYams,7329097
2026-07-04T18:13:47.465927,2026-07-04T18:13:47.474338+00:00,135.7,500,bid,AverageAlmonds,YieldingYams,7329145
2026-07-04T18:13:47.483628,2026-07-04T18:13:47.495361+00:00,135.8,200,bid,YieldingYams,WavyWalnuts,7329146
2026-07-04T18:13:47.513882,2026-07-04T18:13:47.524955+00:00,135.8,200,ask,YieldingYams,WavyWalnuts,7329147
2026-07-04T18:13:50.112676,2026-07-04T18:13:50.121234+00:00,135.9,200,bid,YieldingYams,WavyWalnuts,7329171
2026-07-04T18:13:51.416440,2026-07-04T18:13:51.424322+00:00,136.1,20,bid,BrilliantBurritos,YieldingYams,7329189
2026-07-04T18:13:51.681069,2026-07-04T18:13:51.687744+00:00,135.9,500,bid,AverageAlmonds,YieldingYams,7329195
2026-07-04T18:13:52.310273,2026-07-04T18:13:52.317793+00:00,135.9,125,bid,AverageAlmonds,YieldingYams,7329204
2026-07-04T18:13:52.738564,2026-07-04T18:13:52.746544+00:00,136.0,200,bid,YieldingYams,WavyWalnuts,7329209
2026-07-04T18:13:52.871560,2026-07-04T18:13:52.879711+00:00,136.3,8,bid,Zihao Wu,YieldingYams,7329212
2026-07-04T18:13:53.569796,2026-07-04T18:13:53.578058+00:00,136.0,200,ask,YieldingYams,WavyWalnuts,7329227
2026-07-04T18:13:54.125481,2026-07-04T18:13:54.132884+00:00,136.0,500,bid,AverageAlmonds,YieldingYams,7329234
2026-07-04T18:13:54.719731,2026-07-04T18:13:54.731106+00:00,136.0,125,bid,AverageAlmonds,YieldingYams,7329240
2026-07-04T18:13:54.785608,2026-07-04T18:13:54.794859+00:00,136.0,200,ask,AverageAlmonds,WavyWalnuts,7329244
2026-07-04T18:13:55.355996,2026-07-04T18:13:55.359330+00:00,136.2,3,ask,AverageAlmonds,Xuanyu Liu,7329256
2026-07-04T18:13:55.948969,2026-07-04T18:13:55.952469+00:00,136.3,11,ask,AverageAlmonds,Xuanyu Liu,7329268
2026-07-04T18:13:55.998849,2026-07-04T18:13:56.006940+00:00,136.3,200,ask,AverageAlmonds,WavyWalnuts,7329270
2026-07-04T18:13:57.211225,2026-07-04T18:13:57.219150+00:00,136.1,200,ask,YieldingYams,WavyWalnuts,7329281
2026-07-04T18:13:57.739256,2026-07-04T18:13:57.749739+00:00,136.3,500,bid,AverageAlmonds,YieldingYams,7329288
2026-07-04T18:13:58.419057,2026-07-04T18:13:58.429672+00:00,136.4,200,ask,YieldingYams,WavyWalnuts,7329304
2026-07-04T18:13:59.628265,2026-07-04T18:13:59.636462+00:00,136.4,200,ask,YieldingYams,WavyWalnuts,7329320
2026-07-04T18:14:00.836938,2026-07-04T18:14:00.844063+00:00,136.4,200,ask,AverageAlmonds,WavyWalnuts,7329341
2026-07-04T18:14:01.931281,2026-07-04T18:14:01.935101+00:00,136.5,11,bid,Xuanyu Liu,YieldingYams,7329358
2026-07-04T18:14:02.048405,2026-07-04T18:14:02.060067+00:00,136.3,200,ask,YieldingYams,WavyWalnuts,7329359
2026-07-04T18:14:03.256836,2026-07-04T18:14:03.258582+00:00,136.3,200,ask,AverageAlmonds,WavyWalnuts,7329383
2026-07-04T18:14:04.463920,2026-07-04T18:14:04.471801+00:00,136.3,200,ask,YieldingYams,WavyWalnuts,7329396
2026-07-04T18:14:05.192444,2026-07-04T18:14:05.204267+00:00,136.5,20,bid,BrilliantBurritos,YieldingYams,7329411
2026-07-04T18:14:06.332500,2026-07-04T18:14:06.336179+00:00,136.4,6,bid,Xuanyu Liu,YieldingYams,7329425
2026-07-04T18:14:08.463340,2026-07-04T18:14:08.472829+00:00,136.3,200,ask,WavyWalnuts,YieldingYams,7329452
2026-07-04T18:14:09.295630,2026-07-04T18:14:09.302222+00:00,136.3,200,bid,WavyWalnuts,YieldingYams,7329472
2026-07-04T18:14:09.790100,2026-07-04T18:14:09.793938+00:00,136.3,3,ask,YieldingYams,Xuanyu Liu,7329482
2026-07-04T18:14:10.510888,2026-07-04T18:14:10.521466+00:00,136.3,200,ask,YieldingYams,WavyWalnuts,7329487
2026-07-04T18:14:10.557242,2026-07-04T18:14:10.557880+00:00,136.5,20,bid,BrilliantBurritos,YieldingYams,7329490
2026-07-04T18:14:11.569484,2026-07-04T18:14:11.575950+00:00,136.2,20,ask,YieldingYams,BrilliantBurritos,7329502
2026-07-04T18:14:11.893071,2026-07-04T18:14:11.875522+00:00,136.2,20,ask,YieldingYams,BrilliantBurritos,7329513
2026-07-04T18:14:12.904168,2026-07-04T18:14:12.913107+00:00,136.2,8,ask,WavyWalnuts,Zihao Wu,7329530
2026-07-04T18:14:13.725377,2026-07-04T18:14:13.744036+00:00,136.3,200,ask,WavyWalnuts,YieldingYams,7329540
2026-07-04T18:14:13.740219,2026-07-04T18:14:13.744036+00:00,136.3,3,bid,Xuanyu Liu,YieldingYams,7329542
2026-07-04T18:14:14.137198,2026-07-04T18:14:14.143937+00:00,136.3,200,bid,WavyWalnuts,YieldingYams,7329552
2026-07-04T18:14:16.348114,2026-07-04T18:14:16.353109+00:00,136.3,200,bid,YieldingYams,WavyWalnuts,7329577
2026-07-04T18:14:16.363698,2026-07-04T18:14:16.366888+00:00,136.4,3,ask,YieldingYams,Xuanyu Liu,7329579
2026-07-04T18:14:18.978163,2026-07-04T18:14:18.982582+00:00,136.3,3,bid,Xuanyu Liu,YieldingYams,7329622
2026-07-04T18:14:18.995293,2026-07-04T18:14:18.998715+00:00,136.3,11,bid,Xuanyu Liu,YieldingYams,7329626
2026-07-04T18:14:21.603094,2026-07-04T18:14:21.611546+00:00,136.4,200,ask,WavyWalnuts,YieldingYams,7329671
2026-07-04T18:14:22.615517,2026-07-04T18:14:22.623657+00:00,136.3,200,bid,WavyWalnuts,YieldingYams,7329686
2026-07-04T18:14:23.822838,2026-07-04T18:14:23.833860+00:00,136.3,200,bid,WavyWalnuts,YieldingYams,7329701
2026-07-04T18:14:30.223826,2026-07-04T18:14:30.232077+00:00,136.1,20,ask,YieldingYams,BrilliantBurritos,7329789
2026-07-04T18:14:30.777861,2026-07-04T18:14:30.785164+00:00,136.0,200,ask,WavyWalnuts,YieldingYams,7329796
2026-07-04T18:14:30.795477,2026-07-04T18:14:30.798928+00:00,136.0,12,bid,Xuanyu Liu,YieldingYams,7329798
2026-07-04T18:14:31.043743,2026-07-04T18:14:31.058606+00:00,136.0,413,bid,AverageAlmonds,YieldingYams,7329802
2026-07-04T18:14:32.084117,2026-07-04T18:14:32.092261+00:00,136.1,200,bid,YieldingYams,WavyWalnuts,7329822
2026-07-04T18:14:36.029704,2026-07-04T18:14:36.037717+00:00,136.1,200,ask,WavyWalnuts,YieldingYams,7329872
2026-07-04T18:14:36.049748,2026-07-04T18:14:36.054292+00:00,136.1,23,bid,Xuanyu Liu,YieldingYams,7329876
2026-07-04T18:14:38.009012,2026-07-04T18:14:38.016263+00:00,136.2,25,bid,Alan Tran,WavyWalnuts,7329904
2026-07-04T18:14:40.814674,2026-07-04T18:14:40.824809+00:00,136.2,200,ask,AverageAlmonds,WavyWalnuts,7329937
2026-07-04T18:14:41.351870,2026-07-04T18:14:41.358539+00:00,136.3,500,bid,AverageAlmonds,YieldingYams,7329941
2026-07-04T18:14:41.948588,2026-07-04T18:14:41.958562+00:00,136.3,125,bid,AverageAlmonds,YieldingYams,7329949
2026-07-04T18:14:42.586637,2026-07-04T18:14:42.608249+00:00,136.4,200,bid,YieldingYams,WavyWalnuts,7329958
2026-07-04T18:14:42.604835,2026-07-04T18:14:42.608249+00:00,136.5,23,ask,YieldingYams,Xuanyu Liu,7329961
2026-07-04T18:14:43.243837,2026-07-04T18:14:43.253533+00:00,136.5,200,ask,YieldingYams,WavyWalnuts,7329968
2026-07-04T18:14:44.453765,2026-07-04T18:14:44.463773+00:00,136.3,200,ask,YieldingYams,WavyWalnuts,7329988
2026-07-04T18:14:45.237400,2026-07-04T18:14:45.248156+00:00,136.3,500,ask,AverageAlmonds,YieldingYams,7329999
2026-07-04T18:14:45.253651,2026-07-04T18:14:45.257239+00:00,136.3,1,bid,Xuanyu Liu,YieldingYams,7330001
2026-07-04T18:14:45.566060,2026-07-04T18:14:45.574061+00:00,136.3,124,bid,AverageAlmonds,YieldingYams,7330004
2026-07-04T18:14:46.543027,2026-07-04T18:14:46.547005+00:00,136.6,200,bid,YieldingYams,WavyWalnuts,7330013
2026-07-04T18:14:46.552428,2026-07-04T18:14:46.555927+00:00,136.6,24,ask,YieldingYams,Xuanyu Liu,7330015
2026-07-04T18:14:48.089742,2026-07-04T18:14:48.097494+00:00,136.6,20,bid,BrilliantBurritos,WavyWalnuts,7330038
2026-07-04T18:14:48.589395,2026-07-04T18:14:48.593546+00:00,136.6,11,bid,Xuanyu Liu,WavyWalnuts,7330046
2026-07-04T18:14:49.159249,2026-07-04T18:14:49.169382+00:00,136.6,169,bid,YieldingYams,WavyWalnuts,7330064
2026-07-04T18:14:50.475574,2026-07-04T18:14:50.486024+00:00,136.6,200,ask,WavyWalnuts,YieldingYams,7330081
2026-07-04T18:14:51.585630,2026-07-04T18:14:51.597237+00:00,136.6,20,bid,BrilliantBurritos,YieldingYams,7330103
2026-07-04T18:14:52.929968,2026-07-04T18:14:52.938017+00:00,136.6,200,bid,WavyWalnuts,YieldingYams,7330127
2026-07-04T18:14:53.817497,2026-07-04T18:14:53.820524+00:00,136.8,23,bid,Xuanyu Liu,YieldingYams,7330140
2026-07-04T18:14:55.369953,2026-07-04T18:14:55.374244+00:00,136.7,12,bid,Xuanyu Liu,WavyWalnuts,7330164
2026-07-04T18:14:55.722522,2026-07-04T18:14:55.733946+00:00,136.7,188,bid,YieldingYams,WavyWalnuts,7330169
2026-07-04T18:14:58.034571,2026-07-04T18:14:58.041480+00:00,136.7,25,bid,Alan Tran,WavyWalnuts,7330213
2026-07-04T18:15:03.046144,2026-07-04T18:15:03.058581+00:00,136.5,25,bid,Alan Tran,YieldingYams,7330286
2026-07-04T18:15:08.062478,2026-07-04T18:15:08.069469+00:00,136.4,25,bid,Alan Tran,YieldingYams,7330366
2026-07-04T18:15:08.655892,2026-07-04T18:15:08.658591+00:00,136.4,200,bid,WavyWalnuts,YieldingYams,7330376
2026-07-04T18:15:11.076684,2026-07-04T18:15:11.088370+00:00,136.5,200,bid,WavyWalnuts,YieldingYams,7330416
2026-07-04T18:15:13.074580,2026-07-04T18:15:13.082122+00:00,136.5,25,bid,Alan Tran,YieldingYams,7330440
2026-07-04T18:15:13.491370,2026-07-04T18:15:13.501929+00:00,136.5,200,bid,WavyWalnuts,YieldingYams,7330447
2026-07-04T18:15:14.083184,2026-07-04T18:15:14.086619+00:00,136.4,12,ask,YieldingYams,Xuanyu Liu,7330459
2026-07-04T18:15:14.701725,2026-07-04T18:15:14.711255+00:00,136.4,200,ask,YieldingYams,WavyWalnuts,7330470
2026-07-04T18:15:15.580082,2026-07-04T18:15:15.588256+00:00,136.2,20,ask,WavyWalnuts,BrilliantBurritos,7330482
2026-07-04T18:15:15.984729,2026-07-04T18:15:15.988438+00:00,136.2,34,ask,YieldingYams,Xuanyu Liu,7330490
2026-07-04T18:15:16.919700,2026-07-04T18:15:16.931610+00:00,136.2,20,ask,WavyWalnuts,BrilliantBurritos,7330512
2026-07-04T18:15:17.115472,2026-07-04T18:15:17.125457+00:00,136.2,200,ask,AverageAlmonds,WavyWalnuts,7330515
2026-07-04T18:15:18.279046,2026-07-04T18:15:18.285810+00:00,136.2,500,bid,AverageAlmonds,YieldingYams,7330522
2026-07-04T18:15:18.875225,2026-07-04T18:15:18.886456+00:00,136.2,125,bid,AverageAlmonds,YieldingYams,7330531
2026-07-04T18:15:20.736403,2026-07-04T18:15:20.743665+00:00,136.2,200,ask,AverageAlmonds,WavyWalnuts,7330563
2026-07-04T18:15:21.294277,2026-07-04T18:15:21.304423+00:00,136.3,500,bid,AverageAlmonds,YieldingYams,7330570
2026-07-04T18:15:21.887722,2026-07-04T18:15:21.896999+00:00,136.3,125,bid,AverageAlmonds,YieldingYams,7330587
2026-07-04T18:15:21.943440,2026-07-04T18:15:21.954913+00:00,136.3,200,ask,AverageAlmonds,WavyWalnuts,7330591
2026-07-04T18:15:22.499137,2026-07-04T18:15:22.505890+00:00,136.4,500,bid,AverageAlmonds,YieldingYams,7330598
2026-07-04T18:15:24.335619,2026-07-04T18:15:24.382033+00:00,136.4,200,bid,AverageAlmonds,WavyWalnuts,7330619
2026-07-04T18:15:24.378209,2026-07-04T18:15:24.382033+00:00,136.4,3,ask,AverageAlmonds,Xuanyu Liu,7330621
2026-07-04T18:15:25.585974,2026-07-04T18:15:25.594421+00:00,136.5,200,ask,AverageAlmonds,WavyWalnuts,7330641
2026-07-04T18:15:31.660990,2026-07-04T18:15:31.669103+00:00,136.5,200,ask,YieldingYams,WavyWalnuts,7330732
2026-07-04T18:15:32.390849,2026-07-04T18:15:32.400408+00:00,136.5,20,ask,YieldingYams,BrilliantBurritos,7330739
2026-07-04T18:15:33.062912,2026-07-04T18:15:33.070165+00:00,136.6,20,bid,BrilliantBurritos,YieldingYams,7330754
2026-07-04T18:15:33.099861,2026-07-04T18:15:33.119356+00:00,136.5,25,ask,WavyWalnuts,Alan Tran,7330757
2026-07-04T18:15:35.853381,2026-07-04T18:15:35.858644+00:00,136.7,20,bid,BrilliantBurritos,WavyWalnuts,7330801
2026-07-04T18:15:36.504264,2026-07-04T18:15:36.512340+00:00,136.6,200,ask,YieldingYams,WavyWalnuts,7330813
2026-07-04T18:15:38.116511,2026-07-04T18:15:38.130026+00:00,136.4,25,ask,YieldingYams,Alan Tran,7330845
2026-07-04T18:15:38.125884,2026-07-04T18:15:38.130026+00:00,136.4,3,ask,YieldingYams,Xuanyu Liu,7330848
2026-07-04T18:15:40.318017,2026-07-04T18:15:40.325767+00:00,136.5,200,bid,YieldingYams,WavyWalnuts,7330898
2026-07-04T18:15:41.633728,2026-07-04T18:15:41.651567+00:00,136.5,200,ask,WavyWalnuts,YieldingYams,7330917
2026-07-04T18:15:41.647922,2026-07-04T18:15:41.651567+00:00,136.5,3,bid,Xuanyu Liu,YieldingYams,7330920
2026-07-04T18:15:42.945692,2026-07-04T18:15:42.958656+00:00,136.4,200,ask,WavyWalnuts,YieldingYams,7330932
2026-07-04T18:15:43.715141,2026-07-04T18:15:43.726447+00:00,136.4,20,bid,BrilliantBurritos,YieldingYams,7330945
2026-07-04T18:15:46.890230,2026-07-04T18:15:46.900814+00:00,136.3,200,ask,WavyWalnuts,YieldingYams,7331005
2026-07-04T18:15:48.135140,2026-07-04T18:15:48.147138+00:00,136.1,25,ask,YieldingYams,Alan Tran,7331029
2026-07-04T18:15:49.516666,2026-07-04T18:15:49.526634+00:00,136.2,200,ask,WavyWalnuts,YieldingYams,7331056
2026-07-04T18:15:53.632926,2026-07-04T18:15:53.645006+00:00,136.2,20,bid,BrilliantBurritos,YieldingYams,7331113
2026-07-04T18:15:54.658462,2026-07-04T18:15:54.668952+00:00,136.2,200,bid,WavyWalnuts,YieldingYams,7331137
2026-07-04T18:15:56.141279,2026-07-04T18:15:56.152918+00:00,136.3,20,bid,BrilliantBurritos,WavyWalnuts,7331155
2026-07-04T18:15:57.083307,2026-07-04T18:15:57.094532+00:00,136.1,200,ask,YieldingYams,WavyWalnuts,7331176
2026-07-04T18:16:00.355637,2026-07-04T18:16:00.367487+00:00,136.1,20,ask,YieldingYams,BrilliantBurritos,7331211
2026-07-04T18:16:02.399275,2026-07-04T18:16:02.410836+00:00,136.3,20,bid,BrilliantBurritos,AverageAlmonds,7331250
2026-07-04T18:16:06.466174,2026-07-04T18:16:06.476372+00:00,135.8,20,ask,YieldingYams,BrilliantBurritos,7331310
2026-07-04T18:16:09.173294,2026-07-04T18:16:09.187004+00:00,136.0,200,bid,WavyWalnuts,YieldingYams,7331349
2026-07-04T18:16:10.381670,2026-07-04T18:16:10.388435+00:00,136.1,200,ask,YieldingYams,WavyWalnuts,7331361
2026-07-04T18:16:12.807301,2026-07-04T18:16:12.816157+00:00,136.1,200,ask,YieldingYams,WavyWalnuts,7331389
2026-07-04T18:16:13.856946,2026-07-04T18:16:13.868801+00:00,136.3,20,bid,BrilliantBurritos,YieldingYams,7331400
2026-07-04T18:16:16.891993,2026-07-04T18:16:16.903974+00:00,136.0,20,ask,YieldingYams,BrilliantBurritos,7331439
2026-07-04T18:16:17.653211,2026-07-04T18:16:17.655374+00:00,136.0,200,ask,YieldingYams,WavyWalnuts,7331456
2026-07-04T18:16:19.700600,2026-07-04T18:16:19.719582+00:00,136.0,200,bid,YieldingYams,WavyWalnuts,7331491
2026-07-04T18:16:19.715826,2026-07-04T18:16:19.719582+00:00,136.0,3,ask,YieldingYams,Xuanyu Liu,7331493
2026-07-04T18:16:21.011102,2026-07-04T18:16:21.021926+00:00,135.9,200,ask,WavyWalnuts,YieldingYams,7331510
2026-07-04T18:16:23.727391,2026-07-04T18:16:23.736456+00:00,135.8,200,ask,AverageAlmonds,WavyWalnuts,7331535
2026-07-04T18:16:24.058531,2026-07-04T18:16:24.070371+00:00,135.8,2,ask,AverageAlmonds,Yinxuan Li,7331537
2026-07-04T18:16:24.168073,2026-07-04T18:16:24.177416+00:00,135.8,20,ask,AverageAlmonds,BrilliantBurritos,7331539
2026-07-04T18:16:27.565781,2026-07-04T18:16:27.573836+00:00,135.9,200,bid,YieldingYams,WavyWalnuts,7331586
2026-07-04T18:16:28.185156,2026-07-04T18:16:28.196506+00:00,135.9,25,ask,YieldingYams,Alan Tran,7331592
2026-07-04T18:16:28.560151,2026-07-04T18:16:28.569966+00:00,135.9,200,ask,YieldingYams,WavyWalnuts,7331599
2026-07-04T18:16:28.875859,2026-07-04T18:16:28.885403+00:00,135.9,500,ask,AverageAlmonds,YieldingYams,7331610
2026-07-04T18:16:29.069128,2026-07-04T18:16:29.077525+00:00,135.6,1,ask,WavyWalnuts,Yinxuan Li,7331615
2026-07-04T18:16:29.088842,2026-07-04T18:16:29.099773+00:00,135.8,125,bid,AverageAlmonds,YieldingYams,7331616
2026-07-04T18:16:30.180851,2026-07-04T18:16:30.190199+00:00,136.0,200,bid,YieldingYams,WavyWalnuts,7331633
2026-07-04T18:16:33.203223,2026-07-04T18:16:33.214708+00:00,136.0,25,ask,YieldingYams,Alan Tran,7331686
2026-07-04T18:16:34.078321,2026-07-04T18:16:34.090515+00:00,136.0,25,ask,YieldingYams,Yinxuan Li,7331705
2026-07-04T18:16:34.333760,2026-07-04T18:16:34.345843+00:00,136.1,20,bid,BrilliantBurritos,YieldingYams,7331709
2026-07-04T18:16:41.974310,2026-07-04T18:16:41.984555+00:00,136.1,200,bid,YieldingYams,WavyWalnuts,7331826
2026-07-04T18:16:43.085744,2026-07-04T18:16:43.089353+00:00,136.2,3,bid,Xuanyu Liu,WavyWalnuts,7331853
2026-07-04T18:16:44.285143,2026-07-04T18:16:44.294902+00:00,136.1,200,ask,YieldingYams,WavyWalnuts,7331872
2026-07-04T18:16:47.916438,2026-07-04T18:16:47.927644+00:00,136.1,200,bid,WavyWalnuts,YieldingYams,7331924
2026-07-04T18:16:48.780274,2026-07-04T18:16:48.788028+00:00,136.2,20,bid,BrilliantBurritos,YieldingYams,7331932
2026-07-04T18:16:51.541144,2026-07-04T18:16:51.558643+00:00,136.2,200,bid,WavyWalnuts,YieldingYams,7331982
2026-07-04T18:16:52.463035,2026-07-04T18:16:52.472451+00:00,136.2,500,bid,YieldingYams,AverageAlmonds,7332000
2026-07-04T18:16:55.169657,2026-07-04T18:16:55.180148+00:00,136.2,200,bid,WavyWalnuts,YieldingYams,7332046
2026-07-04T18:16:56.379548,2026-07-04T18:16:56.388430+00:00,136.2,200,bid,WavyWalnuts,YieldingYams,7332061
2026-07-04T18:17:00.331264,2026-07-04T18:17:00.341060+00:00,136.2,200,ask,WavyWalnuts,YieldingYams,7332123
2026-07-04T18:17:02.257832,2026-07-04T18:17:02.269466+00:00,136.0,20,ask,WavyWalnuts,BrilliantBurritos,7332140
2026-07-04T18:17:04.118746,2026-07-04T18:17:04.130369+00:00,136.1,8,ask,YieldingYams,Yinxuan Li,7332169
2026-07-04T18:17:06.734398,2026-07-04T18:17:06.738082+00:00,136.0,26,ask,WavyWalnuts,Xuanyu Liu,7332202
2026-07-04T18:17:07.299237,2026-07-04T18:17:07.306250+00:00,136.1,200,bid,WavyWalnuts,YieldingYams,7332208
2026-07-04T18:17:08.508469,2026-07-04T18:17:08.516290+00:00,136.2,200,bid,WavyWalnuts,YieldingYams,7332228
2026-07-04T18:17:09.512657,2026-07-04T18:17:09.521269+00:00,136.2,500,bid,YieldingYams,AverageAlmonds,7332248
2026-07-04T18:17:09.669525,2026-07-04T18:17:09.679815+00:00,136.2,125,ask,YieldingYams,AverageAlmonds,7332251
2026-07-04T18:17:11.064042,2026-07-04T18:17:11.067647+00:00,136.1,12,bid,Xuanyu Liu,YieldingYams,7332273
2026-07-04T18:17:13.379696,2026-07-04T18:17:13.383346+00:00,136.0,11,bid,Xuanyu Liu,WavyWalnuts,7332307
2026-07-04T18:17:14.194816,2026-07-04T18:17:14.206433+00:00,136.0,20,bid,BrilliantBurritos,WavyWalnuts,7332318
2026-07-04T18:17:17.406338,2026-07-04T18:17:17.413708+00:00,135.8,200,ask,WavyWalnuts,YieldingYams,7332362
2026-07-04T18:17:18.718608,2026-07-04T18:17:18.728800+00:00,135.7,200,ask,WavyWalnuts,YieldingYams,7332374
2026-07-04T18:17:19.404672,2026-07-04T18:17:19.412230+00:00,135.5,200,bid,WavyWalnuts,YieldingYams,7332380
2026-07-04T18:17:21.140196,2026-07-04T18:17:21.151889+00:00,135.7,20,bid,BrilliantBurritos,WavyWalnuts,7332408
2026-07-04T18:17:21.842791,2026-07-04T18:17:21.846038+00:00,135.6,11,ask,WavyWalnuts,Xuanyu Liu,7332418
2026-07-04T18:17:23.059315,2026-07-04T18:17:23.062749+00:00,135.7,12,ask,WavyWalnuts,Xuanyu Liu,7332437
2026-07-04T18:17:29.105133,2026-07-04T18:17:29.108343+00:00,135.8,11,ask,WavyWalnuts,Xuanyu Liu,7332540
2026-07-04T18:17:29.209717,2026-07-04T18:17:29.220581+00:00,135.8,189,ask,WavyWalnuts,YieldingYams,7332543
2026-07-04T18:17:30.297348,2026-07-04T18:17:30.304649+00:00,135.8,200,bid,WavyWalnuts,YieldingYams,7332563
2026-07-04T18:17:31.519643,2026-07-04T18:17:31.522740+00:00,135.9,12,ask,WavyWalnuts,Xuanyu Liu,7332587
2026-07-04T18:17:34.025388,2026-07-04T18:17:34.036998+00:00,136.0,20,bid,BrilliantBurritos,YieldingYams,7332639
2026-07-04T18:17:35.224949,2026-07-04T18:17:35.229353+00:00,135.8,11,ask,YieldingYams,Xuanyu Liu,7332667
2026-07-04T18:17:36.377515,2026-07-04T18:17:36.386625+00:00,135.8,200,ask,YieldingYams,WavyWalnuts,7332681
2026-07-04T18:17:37.177233,2026-07-04T18:17:37.189099+00:00,135.9,20,bid,BrilliantBurritos,YieldingYams,7332696
2026-07-04T18:17:37.444229,2026-07-04T18:17:37.446831+00:00,135.9,20,bid,BrilliantBurritos,YieldingYams,7332700
2026-07-04T18:17:38.799440,2026-07-04T18:17:38.809643+00:00,135.9,200,bid,WavyWalnuts,YieldingYams,7332715
2026-07-04T18:17:39.739158,2026-07-04T18:17:39.742719+00:00,136.0,23,ask,YieldingYams,Xuanyu Liu,7332731
2026-07-04T18:17:41.032066,2026-07-04T18:17:41.048115+00:00,136.1,200,bid,YieldingYams,WavyWalnuts,7332752
2026-07-04T18:17:41.044972,2026-07-04T18:17:41.048115+00:00,136.1,11,ask,YieldingYams,Xuanyu Liu,7332754
2026-07-04T18:17:42.432843,2026-07-04T18:17:42.441302+00:00,136.1,200,bid,WavyWalnuts,YieldingYams,7332785
2026-07-04T18:17:45.008896,2026-07-04T18:17:45.018314+00:00,136.1,200,ask,WavyWalnuts,YieldingYams,7332827
2026-07-04T18:17:48.959434,2026-07-04T18:17:48.962987+00:00,136.1,6,ask,YieldingYams,Xuanyu Liu,7332888
2026-07-04T18:17:52.121737,2026-07-04T18:17:52.129551+00:00,136.3,200,bid,WavyWalnuts,YieldingYams,7332937
2026-07-04T18:17:54.029424,2026-07-04T18:17:54.040596+00:00,136.2,20,ask,YieldingYams,BrilliantBurritos,7332979
2026-07-04T18:17:57.383677,2026-07-04T18:17:57.393026+00:00,136.3,20,ask,YieldingYams,BrilliantBurritos,7333025
2026-07-04T18:17:58.176698,2026-07-04T18:17:58.185708+00:00,136.4,200,bid,WavyWalnuts,AverageAlmonds,7333045
2026-07-04T18:17:58.182550,2026-07-04T18:17:58.190721+00:00,136.4,20,bid,BrilliantBurritos,AverageAlmonds,7333046
2026-07-04T18:18:00.565988,2026-07-04T18:18:00.569726+00:00,136.3,29,bid,Xuanyu Liu,YieldingYams,7333090
2026-07-04T18:18:00.598504,2026-07-04T18:18:00.607117+00:00,136.3,200,bid,WavyWalnuts,YieldingYams,7333091
2026-07-04T18:18:00.774842,2026-07-04T18:18:00.778489+00:00,136.2,11,bid,Xuanyu Liu,YieldingYams,7333093
2026-07-04T18:18:01.057419,2026-07-04T18:18:01.069136+00:00,136.2,20,bid,BrilliantBurritos,YieldingYams,7333097
2026-07-04T18:18:01.809483,2026-07-04T18:18:01.820879+00:00,136.2,200,bid,WavyWalnuts,YieldingYams,7333110
2026-07-04T18:18:05.463263,2026-07-04T18:18:05.474489+00:00,136.2,200,ask,YieldingYams,WavyWalnuts,7333150
2026-07-04T18:18:06.018698,2026-07-04T18:18:06.022186+00:00,136.1,11,bid,Xuanyu Liu,YieldingYams,7333158
2026-07-04T18:18:06.669772,2026-07-04T18:18:06.679319+00:00,136.1,200,bid,WavyWalnuts,YieldingYams,7333169
2026-07-04T18:18:09.920972,2026-07-04T18:18:09.928132+00:00,136.2,200,bid,YieldingYams,WavyWalnuts,7333223
2026-07-04T18:18:17.566674,2026-07-04T18:18:17.575543+00:00,136.3,200,bid,WavyWalnuts,YieldingYams,7333315
2026-07-04T18:18:17.800789,2026-07-04T18:18:17.804653+00:00,136.3,11,ask,YieldingYams,Xuanyu Liu,7333321
2026-07-04T18:18:19.095968,2026-07-04T18:18:19.114019+00:00,136.4,200,bid,YieldingYams,WavyWalnuts,7333351
2026-07-04T18:18:19.110654,2026-07-04T18:18:19.114019+00:00,136.4,11,ask,YieldingYams,Xuanyu Liu,7333353
2026-07-04T18:18:20.333232,2026-07-04T18:18:20.340579+00:00,136.4,20,ask,YieldingYams,BrilliantBurritos,7333379
2026-07-04T18:18:20.407855,2026-07-04T18:18:20.417872+00:00,136.3,200,ask,WavyWalnuts,YieldingYams,7333382
2026-07-04T18:18:21.190709,2026-07-04T18:18:21.200840+00:00,136.3,200,bid,WavyWalnuts,YieldingYams,7333397
2026-07-04T18:18:23.052717,2026-07-04T18:18:23.055988+00:00,136.4,12,ask,YieldingYams,Xuanyu Liu,7333420
2026-07-04T18:18:25.827542,2026-07-04T18:18:25.831323+00:00,136.6,12,bid,Xuanyu Liu,YieldingYams,7333469
2026-07-04T18:18:26.980944,2026-07-04T18:18:26.984146+00:00,136.5,11,bid,Xuanyu Liu,YieldingYams,7333489
2026-07-04T18:18:27.915331,2026-07-04T18:18:27.927037+00:00,136.4,20,ask,WavyWalnuts,BrilliantBurritos,7333507
2026-07-04T18:18:28.274830,2026-07-04T18:18:28.290706+00:00,136.4,180,ask,WavyWalnuts,YieldingYams,7333509
2026-07-04T18:18:28.286880,2026-07-04T18:18:28.290706+00:00,136.4,11,bid,Xuanyu Liu,YieldingYams,7333511
2026-07-04T18:18:29.056931,2026-07-04T18:18:29.060655+00:00,136.2,11,ask,YieldingYams,Xuanyu Liu,7333527
2026-07-04T18:18:29.616539,2026-07-04T18:18:29.620112+00:00,136.3,11,ask,YieldingYams,Xuanyu Liu,7333538
2026-07-04T18:18:30.891289,2026-07-04T18:18:30.898442+00:00,136.5,200,bid,WavyWalnuts,YieldingYams,7333558
2026-07-04T18:18:30.919289,2026-07-04T18:18:30.922554+00:00,136.5,23,ask,YieldingYams,Xuanyu Liu,7333560
2026-07-04T18:18:31.424562,2026-07-04T18:18:31.432569+00:00,136.5,500,ask,YieldingYams,AverageAlmonds,7333565
2026-07-04T18:18:32.213199,2026-07-04T18:18:32.219970+00:00,136.4,200,ask,WavyWalnuts,YieldingYams,7333577
2026-07-04T18:18:32.236501,2026-07-04T18:18:32.240261+00:00,136.4,23,bid,Xuanyu Liu,YieldingYams,7333579
2026-07-04T18:18:32.757249,2026-07-04T18:18:32.768807+00:00,136.2,20,ask,YieldingYams,BrilliantBurritos,7333588
2026-07-04T18:18:34.444074,2026-07-04T18:18:34.458615+00:00,136.3,20,ask,WavyWalnuts,BrilliantBurritos,7333608
2026-07-04T18:18:36.143305,2026-07-04T18:18:36.146766+00:00,136.3,200,ask,WavyWalnuts,YieldingYams,7333624
2026-07-04T18:18:36.380487,2026-07-04T18:18:36.391964+00:00,136.1,20,ask,YieldingYams,BrilliantBurritos,7333627
2026-07-04T18:18:36.944435,2026-07-04T18:18:36.952284+00:00,136.3,200,bid,WavyWalnuts,YieldingYams,7333639
2026-07-04T18:18:37.395440,2026-07-04T18:18:37.407269+00:00,136.1,20,ask,YieldingYams,BrilliantBurritos,7333642
2026-07-04T18:18:39.382136,2026-07-04T18:18:39.386096+00:00,136.3,22,bid,Xuanyu Liu,WavyWalnuts,7333676
2026-07-04T18:18:40.094795,2026-07-04T18:18:40.101646+00:00,136.3,178,bid,YieldingYams,WavyWalnuts,7333690
2026-07-04T18:18:41.648206,2026-07-04T18:18:41.654562+00:00,136.2,20,ask,WavyWalnuts,BrilliantBurritos,7333705
2026-07-04T18:18:43.006051,2026-07-04T18:18:43.014455+00:00,136.2,200,bid,WavyWalnuts,YieldingYams,7333724
2026-07-04T18:18:43.254054,2026-07-04T18:18:43.265935+00:00,136.2,20,bid,BrilliantBurritos,YieldingYams,7333731
2026-07-04T18:18:47.851372,2026-07-04T18:18:47.856673+00:00,136.2,200,bid,WavyWalnuts,YieldingYams,7333801
2026-07-04T18:18:49.175778,2026-07-04T18:18:49.178941+00:00,136.3,12,bid,Xuanyu Liu,YieldingYams,7333823
2026-07-04T18:18:51.165078,2026-07-04T18:18:51.168606+00:00,136.3,11,bid,Xuanyu Liu,WavyWalnuts,7333864
2026-07-04T18:18:52.705272,2026-07-04T18:18:52.708959+00:00,136.2,12,bid,Xuanyu Liu,WavyWalnuts,7333886
2026-07-04T18:18:53.210134,2026-07-04T18:18:53.220444+00:00,136.2,188,bid,YieldingYams,WavyWalnuts,7333893
2026-07-04T18:18:58.059036,2026-07-04T18:18:58.069397+00:00,136.3,200,ask,WavyWalnuts,AverageAlmonds,7333968
2026-07-04T18:18:59.265535,2026-07-04T18:18:59.274332+00:00,136.3,200,ask,WavyWalnuts,AverageAlmonds,7333979
2026-07-04T18:18:59.755605,2026-07-04T18:18:59.765554+00:00,136.3,300,bid,YieldingYams,AverageAlmonds,7333987
2026-07-04T18:18:59.859671,2026-07-04T18:18:59.871098+00:00,136.3,325,ask,YieldingYams,AverageAlmonds,7333990
2026-07-04T18:19:01.065450,2026-07-04T18:19:01.072657+00:00,136.2,200,ask,WavyWalnuts,YieldingYams,7334009
2026-07-04T18:19:05.291167,2026-07-04T18:19:05.302311+00:00,136.2,20,bid,BrilliantBurritos,YieldingYams,7334057
2026-07-04T18:19:07.635625,2026-07-04T18:19:07.639449+00:00,136.2,11,bid,Xuanyu Liu,YieldingYams,7334084
2026-07-04T18:19:12.164713,2026-07-04T18:19:12.176282+00:00,136.4,20,bid,BrilliantBurritos,YieldingYams,7334141
2026-07-04T18:19:13.282565,2026-07-04T18:19:13.294195+00:00,136.4,200,bid,WavyWalnuts,YieldingYams,7334159
2026-07-04T18:19:18.344287,2026-07-04T18:19:18.358646+00:00,136.4,20,ask,YieldingYams,BrilliantBurritos,7334231
2026-07-04T18:19:20.702054,2026-07-04T18:19:20.710310+00:00,136.5,200,ask,WavyWalnuts,YieldingYams,7334266
2026-07-04T18:19:22.834349,2026-07-04T18:19:22.838150+00:00,136.3,23,ask,WavyWalnuts,Xuanyu Liu,7334298
2026-07-04T18:19:27.825321,2026-07-04T18:19:27.833708+00:00,136.3,200,ask,YieldingYams,WavyWalnuts,7334384
2026-07-04T18:19:28.126472,2026-07-04T18:19:28.138440+00:00,136.6,20,bid,BrilliantBurritos,YieldingYams,7334391
2026-07-04T18:19:28.952818,2026-07-04T18:19:28.958626+00:00,136.3,20,bid,BrilliantBurritos,YieldingYams,7334402
2026-07-04T18:19:29.170471,2026-07-04T18:19:29.175013+00:00,136.2,23,ask,WavyWalnuts,Xuanyu Liu,7334405
2026-07-04T18:19:33.685473,2026-07-04T18:19:33.694509+00:00,136.3,20,bid,BrilliantBurritos,YieldingYams,7334475
2026-07-04T18:19:33.878928,2026-07-04T18:19:33.888486+00:00,136.2,200,bid,WavyWalnuts,YieldingYams,7334478
2026-07-04T18:19:35.087719,2026-07-04T18:19:35.094992+00:00,136.2,200,bid,WavyWalnuts,YieldingYams,7334497
2026-07-04T18:19:35.337734,2026-07-04T18:19:35.349580+00:00,136.5,20,bid,BrilliantBurritos,WavyWalnuts,7334499
2026-07-04T18:19:37.508960,2026-07-04T18:19:37.519093+00:00,136.5,200,bid,WavyWalnuts,YieldingYams,7334534
2026-07-04T18:19:38.720557,2026-07-04T18:19:38.730680+00:00,136.4,200,ask,YieldingYams,WavyWalnuts,7334556
2026-07-04T18:19:41.764522,2026-07-04T18:19:41.768151+00:00,136.5,35,bid,Xuanyu Liu,WavyWalnuts,7334619
2026-07-04T18:19:42.998199,2026-07-04T18:19:43.006087+00:00,136.6,500,bid,YieldingYams,AverageAlmonds,7334637
2026-07-04T18:19:44.315464,2026-07-04T18:19:44.325949+00:00,136.6,200,ask,WavyWalnuts,YieldingYams,7334660
2026-07-04T18:19:45.995736,2026-07-04T18:19:46.004580+00:00,136.6,200,bid,WavyWalnuts,YieldingYams,7334681
2026-07-04T18:19:50.491051,2026-07-04T18:19:50.502776+00:00,136.5,20,ask,YieldingYams,BrilliantBurritos,7334736
2026-07-04T18:19:50.869561,2026-07-04T18:19:50.879538+00:00,136.7,20,bid,BrilliantBurritos,YieldingYams,7334746
2026-07-04T18:19:53.270889,2026-07-04T18:19:53.279572+00:00,136.7,200,bid,WavyWalnuts,AverageAlmonds,7334776
2026-07-04T18:19:54.952778,2026-07-04T18:19:54.958715+00:00,136.7,500,ask,YieldingYams,AverageAlmonds,7334798
2026-07-04T18:19:56.115428,2026-07-04T18:19:56.126089+00:00,136.6,200,ask,WavyWalnuts,YieldingYams,7334812
2026-07-04T18:19:56.914627,2026-07-04T18:19:56.924398+00:00,136.4,200,bid,WavyWalnuts,YieldingYams,7334820
2026-07-04T18:20:00.563003,2026-07-04T18:20:00.574823+00:00,136.4,20,bid,BrilliantBurritos,YieldingYams,7334870
2026-07-04T18:20:00.814742,2026-07-04T18:20:00.818505+00:00,136.3,23,ask,WavyWalnuts,Xuanyu Liu,7334877
2026-07-04T18:20:01.107352,2026-07-04T18:20:01.113864+00:00,136.3,20,ask,WavyWalnuts,BrilliantBurritos,7334881
2026-07-04T18:20:03.670140,2026-07-04T18:20:03.681724+00:00,136.3,20,ask,WavyWalnuts,BrilliantBurritos,7334908
2026-07-04T18:20:03.992963,2026-07-04T18:20:04.000765+00:00,136.3,180,ask,WavyWalnuts,YieldingYams,7334915
2026-07-04T18:20:07.090966,2026-07-04T18:20:07.094719+00:00,136.3,11,bid,Xuanyu Liu,WavyWalnuts,7334946
2026-07-04T18:20:10.106562,2026-07-04T18:20:10.114612+00:00,136.3,500,bid,AverageAlmonds,YieldingYams,7334996
2026-07-04T18:20:10.255147,2026-07-04T18:20:10.258548+00:00,136.3,125,bid,WavyWalnuts,YieldingYams,7334998
2026-07-04T18:20:11.495963,2026-07-04T18:20:11.499894+00:00,136.4,12,bid,Xuanyu Liu,WavyWalnuts,7335015
2026-07-04T18:20:11.852313,2026-07-04T18:20:11.864143+00:00,136.4,188,bid,YieldingYams,WavyWalnuts,7335019
2026-07-04T18:20:12.679254,2026-07-04T18:20:12.686793+00:00,136.4,200,ask,YieldingYams,WavyWalnuts,7335034
2026-07-04T18:20:13.888179,2026-07-04T18:20:13.897562+00:00,136.4,200,ask,YieldingYams,WavyWalnuts,7335056
2026-07-04T18:20:15.559613,2026-07-04T18:20:15.568663+00:00,136.4,500,bid,AverageAlmonds,YieldingYams,7335082
2026-07-04T18:20:15.783846,2026-07-04T18:20:15.792267+00:00,136.5,200,bid,YieldingYams,WavyWalnuts,7335088
2026-07-04T18:20:16.309006,2026-07-04T18:20:16.317778+00:00,136.7,200,ask,YieldingYams,WavyWalnuts,7335096
2026-07-04T18:20:17.262753,2026-07-04T18:20:17.276846+00:00,136.5,20,ask,AverageAlmonds,BrilliantBurritos,7335110
2026-07-04T18:20:22.983438,2026-07-04T18:20:22.995408+00:00,136.7,20,bid,BrilliantBurritos,WavyWalnuts,7335190
2026-07-04T18:20:23.579891,2026-07-04T18:20:23.587261+00:00,136.6,200,ask,YieldingYams,WavyWalnuts,7335200
2026-07-04T18:20:24.788999,2026-07-04T18:20:24.799377+00:00,136.7,200,bid,WavyWalnuts,YieldingYams,7335222
2026-07-04T18:20:27.458348,2026-07-04T18:20:27.469931+00:00,136.7,20,bid,BrilliantBurritos,YieldingYams,7335255
2026-07-04T18:20:28.915689,2026-07-04T18:20:28.923191+00:00,136.6,200,ask,WavyWalnuts,YieldingYams,7335279
2026-07-04T18:20:29.639289,2026-07-04T18:20:29.646395+00:00,136.6,200,bid,WavyWalnuts,YieldingYams,7335287
2026-07-04T18:20:32.074811,2026-07-04T18:20:32.078232+00:00,136.8,11,bid,Xuanyu Liu,WavyWalnuts,7335321
2026-07-04T18:20:32.392343,2026-07-04T18:20:32.396033+00:00,136.8,3,bid,Xuanyu Liu,WavyWalnuts,7335325
2026-07-04T18:20:33.269785,2026-07-04T18:20:33.280089+00:00,136.7,200,ask,YieldingYams,WavyWalnuts,7335341
2026-07-04T18:20:35.363213,2026-07-04T18:20:35.375168+00:00,136.7,20,ask,YieldingYams,BrilliantBurritos,7335369
2026-07-04T18:20:38.111547,2026-07-04T18:20:38.118365+00:00,136.8,200,ask,WavyWalnuts,YieldingYams,7335417
2026-07-04T18:20:40.732240,2026-07-04T18:20:40.740198+00:00,136.8,500,bid,YieldingYams,AverageAlmonds,7335461
2026-07-04T18:20:40.732240,2026-07-04T18:20:40.740198+00:00,136.8,125,bid,YieldingYams,WavyWalnuts,7335462
2026-07-04T18:20:43.516116,2026-07-04T18:20:43.527524+00:00,136.8,20,ask,YieldingYams,BrilliantBurritos,7335502
2026-07-04T18:20:45.242029,2026-07-04T18:20:45.250639+00:00,136.8,500,ask,YieldingYams,AverageAlmonds,7335531
2026-07-04T18:20:45.987501,2026-07-04T18:20:45.997891+00:00,136.7,200,ask,WavyWalnuts,YieldingYams,7335541
2026-07-04T18:20:47.813452,2026-07-04T18:20:47.820467+00:00,136.6,200,ask,YieldingYams,WavyWalnuts,7335575
2026-07-04T18:20:49.635999,2026-07-04T18:20:49.647457+00:00,136.5,20,ask,YieldingYams,BrilliantBurritos,7335605
2026-07-04T18:20:54.303406,2026-07-04T18:20:54.314516+00:00,136.7,500,ask,YieldingYams,AverageAlmonds,7335676
2026-07-04T18:20:54.899247,2026-07-04T18:20:54.906092+00:00,136.7,125,ask,YieldingYams,AverageAlmonds,7335685
2026-07-04T18:20:58.244138,2026-07-04T18:20:58.255734+00:00,136.6,20,ask,YieldingYams,BrilliantBurritos,7335719
2026-07-04T18:20:58.726330,2026-07-04T18:20:58.733411+00:00,136.6,200,ask,YieldingYams,WavyWalnuts,7335727
2026-07-04T18:21:01.142080,2026-07-04T18:21:01.152459+00:00,136.5,200,ask,YieldingYams,WavyWalnuts,7335758
2026-07-04T18:21:02.617010,2026-07-04T18:21:02.628710+00:00,136.6,20,bid,BrilliantBurritos,YieldingYams,7335781
2026-07-04T18:21:06.576083,2026-07-04T18:21:06.587941+00:00,136.6,20,ask,WavyWalnuts,BrilliantBurritos,7335830
2026-07-04T18:21:06.972515,2026-07-04T18:21:06.982444+00:00,136.6,180,ask,WavyWalnuts,YieldingYams,7335836
2026-07-04T18:21:10.824992,2026-07-04T18:21:10.831608+00:00,136.4,200,ask,YieldingYams,WavyWalnuts,7335906
2026-07-04T18:21:10.911220,2026-07-04T18:21:10.915228+00:00,136.5,3,bid,Xuanyu Liu,YieldingYams,7335909
2026-07-04T18:21:12.204509,2026-07-04T18:21:12.214405+00:00,136.4,500,ask,AverageAlmonds,YieldingYams,7335939
2026-07-04T18:21:12.204509,2026-07-04T18:21:12.214405+00:00,136.4,125,ask,WavyWalnuts,YieldingYams,7335940
2026-07-04T18:21:13.513138,2026-07-04T18:21:13.521501+00:00,136.6,200,bid,YieldingYams,WavyWalnuts,7335967
2026-07-04T18:21:14.537870,2026-07-04T18:21:14.549023+00:00,136.7,20,bid,BrilliantBurritos,WavyWalnuts,7335988
2026-07-04T18:21:16.687515,2026-07-04T18:21:16.691419+00:00,136.6,11,bid,Xuanyu Liu,YieldingYams,7336017
2026-07-04T18:21:18.073982,2026-07-04T18:21:18.084931+00:00,136.7,200,bid,WavyWalnuts,YieldingYams,7336038
2026-07-04T18:21:18.495091,2026-07-04T18:21:18.506588+00:00,136.7,25,bid,Alan Tran,YieldingYams,7336043
2026-07-04T18:21:21.396223,2026-07-04T18:21:21.407292+00:00,136.7,200,bid,YieldingYams,WavyWalnuts,7336101
2026-07-04T18:21:22.839163,2026-07-04T18:21:22.851094+00:00,136.7,20,ask,WavyWalnuts,BrilliantBurritos,7336129
2026-07-04T18:21:22.914480,2026-07-04T18:21:22.923766+00:00,136.8,200,bid,WavyWalnuts,YieldingYams,7336130
2026-07-04T18:21:28.825166,2026-07-04T18:21:28.838113+00:00,136.8,20,ask,YieldingYams,BrilliantBurritos,7336208
2026-07-04T18:21:28.982036,2026-07-04T18:21:28.989308+00:00,136.8,200,ask,YieldingYams,WavyWalnuts,7336213
2026-07-04T18:21:30.192099,2026-07-04T18:21:30.200528+00:00,136.7,200,ask,YieldingYams,WavyWalnuts,7336238
2026-07-04T18:21:31.894002,2026-07-04T18:21:31.905036+00:00,136.8,200,bid,YieldingYams,WavyWalnuts,7336255
2026-07-04T18:21:32.604036,2026-07-04T18:21:32.612788+00:00,136.8,200,ask,YieldingYams,WavyWalnuts,7336269
2026-07-04T18:21:33.225154,2026-07-04T18:21:33.228616+00:00,137.0,12,bid,Xuanyu Liu,YieldingYams,7336285
2026-07-04T18:21:33.514235,2026-07-04T18:21:33.521477+00:00,137.0,25,bid,Alan Tran,YieldingYams,7336288
2026-07-04T18:21:34.391719,2026-07-04T18:21:34.399810+00:00,137.0,25,bid,Yinxuan Li,YieldingYams,7336313
2026-07-04T18:21:36.909466,2026-07-04T18:21:36.913133+00:00,137.0,11,bid,Xuanyu Liu,YieldingYams,7336347
2026-07-04T18:21:37.147047,2026-07-04T18:21:37.167764+00:00,136.9,200,ask,WavyWalnuts,YieldingYams,7336353
2026-07-04T18:21:37.163953,2026-07-04T18:21:37.167764+00:00,136.9,12,bid,Xuanyu Liu,YieldingYams,7336355
2026-07-04T18:21:38.529772,2026-07-04T18:21:38.538744+00:00,136.9,25,bid,Alan Tran,WavyWalnuts,7336375
2026-07-04T18:21:39.410461,2026-07-04T18:21:39.420255+00:00,137.0,2,bid,Yinxuan Li,WavyWalnuts,7336387
2026-07-04T18:21:42.296618,2026-07-04T18:21:42.304457+00:00,136.8,200,bid,WavyWalnuts,YieldingYams,7336432
2026-07-04T18:21:43.545524,2026-07-04T18:21:43.558549+00:00,136.9,25,bid,Alan Tran,YieldingYams,7336448
2026-07-04T18:21:44.430125,2026-07-04T18:21:44.440004+00:00,136.9,25,bid,Yinxuan Li,WavyWalnuts,7336464
2026-07-04T18:21:45.158051,2026-07-04T18:21:45.169439+00:00,136.8,200,bid,AverageAlmonds,WavyWalnuts,7336474
2026-07-04T18:21:46.358410,2026-07-04T18:21:46.370083+00:00,136.8,125,bid,AverageAlmonds,YieldingYams,7336487
2026-07-04T18:21:46.459834,2026-07-04T18:21:46.463902+00:00,136.8,12,ask,AverageAlmonds,Xuanyu Liu,7336491
2026-07-04T18:21:47.140762,2026-07-04T18:21:47.158597+00:00,136.8,200,ask,AverageAlmonds,WavyWalnuts,7336510
2026-07-04T18:21:47.652680,2026-07-04T18:21:47.656465+00:00,136.9,11,ask,YieldingYams,Xuanyu Liu,7336517
2026-07-04T18:21:47.867543,2026-07-04T18:21:47.879256+00:00,137.1,20,bid,BrilliantBurritos,YieldingYams,7336519
2026-07-04T18:21:48.350576,2026-07-04T18:21:48.350104+00:00,136.9,200,ask,YieldingYams,WavyWalnuts,7336527
2026-07-04T18:21:49.447295,2026-07-04T18:21:49.458556+00:00,136.9,25,bid,Yinxuan Li,YieldingYams,7336544
2026-07-04T18:21:49.561888,2026-07-04T18:21:49.569680+00:00,136.8,200,ask,AverageAlmonds,WavyWalnuts,7336545
2026-07-04T18:21:50.772228,2026-07-04T18:21:50.782866+00:00,136.8,200,ask,YieldingYams,WavyWalnuts,7336567
2026-07-04T18:21:53.565977,2026-07-04T18:21:53.572735+00:00,137.0,25,bid,Alan Tran,YieldingYams,7336602
2026-07-04T18:21:54.402265,2026-07-04T18:21:54.411652+00:00,137.0,200,bid,WavyWalnuts,YieldingYams,7336616
2026-07-04T18:21:55.612605,2026-07-04T18:21:55.620619+00:00,136.9,200,bid,WavyWalnuts,YieldingYams,7336637
2026-07-04T18:21:58.043193,2026-07-04T18:21:58.058626+00:00,137.0,200,bid,WavyWalnuts,YieldingYams,7336673
2026-07-04T18:21:59.456594,2026-07-04T18:21:59.465001+00:00,137.0,200,ask,WavyWalnuts,YieldingYams,7336697
2026-07-04T18:21:59.463205,2026-07-04T18:21:59.470233+00:00,137.0,25,bid,Yinxuan Li,YieldingYams,7336699
2026-07-04T18:21:59.673609,2026-07-04T18:21:59.684230+00:00,137.0,400,bid,AverageAlmonds,YieldingYams,7336701
2026-07-04T18:22:01.002620,2026-07-04T18:22:01.006588+00:00,137.1,23,bid,Xuanyu Liu,WavyWalnuts,7336720
2026-07-04T18:22:01.942661,2026-07-04T18:22:01.958572+00:00,137.0,20,ask,YieldingYams,BrilliantBurritos,7336739
2026-07-04T18:22:02.466223,2026-07-04T18:22:02.478088+00:00,137.2,20,bid,BrilliantBurritos,WavyWalnuts,7336741
