timestamp,recv_time,price,volume,aggressor_side,buyer,seller,trade_id
2026-07-07T06:00:00.417614,2026-07-07T06:00:00.368015+00:00,165.8,5,bid,,,10440715
2026-07-07T06:00:00.586708,2026-07-07T06:00:00.589807+00:00,165.6,8,ask,,,10440719
2026-07-07T06:00:00.723781,2026-07-07T06:00:00.733138+00:00,165.9,20,bid,,,10440725
2026-07-07T06:00:00.959268,2026-07-07T06:00:00.970864+00:00,165.7,25,ask,,,10440729
2026-07-07T06:00:02.108990,2026-07-07T06:00:02.107239+00:00,165.8,200,bid,,,10440746
2026-07-07T06:00:02.217938,2026-07-07T06:00:02.229756+00:00,165.8,20,bid,,,10440747
2026-07-07T06:00:02.674954,2026-07-07T06:00:02.685015+00:00,165.8,405,bid,,,10440751
2026-07-07T06:00:02.674954,2026-07-07T06:00:02.685015+00:00,165.9,5,bid,,,10440752
2026-07-07T06:00:02.736531,2026-07-07T06:00:02.740915+00:00,165.9,11,ask,,,10440758
2026-07-07T06:00:02.901179,2026-07-07T06:00:02.909676+00:00,165.9,79,ask,,,10440763
2026-07-07T06:00:03.026750,2026-07-07T06:00:03.039416+00:00,165.8,25,bid,,,10440765
2026-07-07T06:00:03.267879,2026-07-07T06:00:03.276607+00:00,165.8,500,bid,,,10440771
2026-07-07T06:00:03.377371,2026-07-07T06:00:03.389320+00:00,165.7,25,ask,,,10440775
2026-07-07T06:00:03.649136,2026-07-07T06:00:03.723847+00:00,165.7,23,ask,,,10440787
2026-07-07T06:00:03.699720,2026-07-07T06:00:03.734508+00:00,165.7,10,ask,,,10440788
2026-07-07T06:00:03.848565,2026-07-07T06:00:03.852200+00:00,165.7,6,ask,,,10440791
2026-07-07T06:00:03.871994,2026-07-07T06:00:03.898472+00:00,165.8,21,bid,,,10440793
2026-07-07T06:00:04.080220,2026-07-07T06:00:04.091873+00:00,165.9,15,ask,,,10440801
2026-07-07T06:00:04.594233,2026-07-07T06:00:04.616713+00:00,165.9,5,ask,,,10440812
2026-07-07T06:00:04.638856,2026-07-07T06:00:04.646289+00:00,165.9,4,ask,,,10440818
2026-07-07T06:00:04.936804,2026-07-07T06:00:04.948172+00:00,166.0,25,bid,,,10440821
2026-07-07T06:00:05.054090,2026-07-07T06:00:05.065899+00:00,165.9,17,ask,,,10440823
2026-07-07T06:00:05.084609,2026-07-07T06:00:05.095422+00:00,166.0,500,bid,,,10440824
2026-07-07T06:00:05.165172,2026-07-07T06:00:05.174760+00:00,165.7,8,ask,,,10440827
2026-07-07T06:00:05.236275,2026-07-07T06:00:05.248161+00:00,166.0,25,bid,,,10440828
2026-07-07T06:00:05.356700,2026-07-07T06:00:05.368356+00:00,165.7,17,ask,,,10440830
2026-07-07T06:00:05.420061,2026-07-07T06:00:05.427974+00:00,165.7,8,ask,,,10440832
2026-07-07T06:00:05.540034,2026-07-07T06:00:05.550412+00:00,166.0,25,bid,,,10440833
2026-07-07T06:00:05.622577,2026-07-07T06:00:05.631917+00:00,165.9,5,ask,,,10440836
2026-07-07T06:00:05.678645,2026-07-07T06:00:05.693348+00:00,166.0,175,bid,,,10440837
2026-07-07T06:00:05.736679,2026-07-07T06:00:05.743625+00:00,166.0,200,ask,,,10440838
2026-07-07T06:00:05.782436,2026-07-07T06:00:05.794064+00:00,166.0,16,ask,,,10440839
2026-07-07T06:00:06.717565,2026-07-07T06:00:06.729477+00:00,166.2,20,bid,,,10440862
2026-07-07T06:00:06.804041,2026-07-07T06:00:06.807743+00:00,166.2,6,bid,,,10440866
2026-07-07T06:00:06.826157,2026-07-07T06:00:06.910791+00:00,166.1,500,ask,,,10440867
2026-07-07T06:00:06.903647,2026-07-07T06:00:06.910791+00:00,166.1,25,bid,,,10440869
2026-07-07T06:00:06.906601,2026-07-07T06:00:06.910791+00:00,166.1,11,bid,,,10440870
2026-07-07T06:00:06.920732,2026-07-07T06:00:06.931907+00:00,166.1,89,bid,,,10440872
2026-07-07T06:00:06.949787,2026-07-07T06:00:06.960946+00:00,166.1,200,ask,,,10440873
2026-07-07T06:00:07.141380,2026-07-07T06:00:07.158810+00:00,166.1,25,ask,,,10440875
2026-07-07T06:00:08.287211,2026-07-07T06:00:08.291423+00:00,166.2,10,ask,,,10440901
2026-07-07T06:00:09.431857,2026-07-07T06:00:09.436052+00:00,166.2,1,ask,,,10440923
2026-07-07T06:00:10.694905,2026-07-07T06:00:10.702506+00:00,166.3,5,bid,,,10440945
2026-07-07T06:00:10.766573,2026-07-07T06:00:10.777554+00:00,166.4,200,bid,,,10440947
2026-07-07T06:00:11.757512,2026-07-07T06:00:11.769372+00:00,166.5,425,ask,,,10440963
2026-07-07T06:00:11.936384,2026-07-07T06:00:11.948181+00:00,166.4,25,bid,,,10440968
2026-07-07T06:00:12.054953,2026-07-07T06:00:12.066594+00:00,166.2,5,ask,,,10440973
2026-07-07T06:00:12.054953,2026-07-07T06:00:12.066594+00:00,166.2,15,ask,,,10440974
2026-07-07T06:00:12.236277,2026-07-07T06:00:12.248224+00:00,166.4,20,bid,,,10440976
2026-07-07T06:00:12.482884,2026-07-07T06:00:12.490522+00:00,166.2,25,ask,,,10440980
2026-07-07T06:00:12.780522,2026-07-07T06:00:12.792162+00:00,166.4,25,bid,,,10440988
2026-07-07T06:00:13.041566,2026-07-07T06:00:13.058654+00:00,166.2,5,ask,,,10440992
2026-07-07T06:00:13.118335,2026-07-07T06:00:13.121587+00:00,166.3,10,bid,,,10440996
2026-07-07T06:00:13.285496,2026-07-07T06:00:13.296991+00:00,166.3,5,bid,,,10441000
2026-07-07T06:00:13.402155,2026-07-07T06:00:13.413648+00:00,166.2,10,ask,,,10441003
2026-07-07T06:00:13.593320,2026-07-07T06:00:13.600821+00:00,166.2,15,ask,,,10441004
2026-07-07T06:00:14.692819,2026-07-07T06:00:14.700785+00:00,166.4,200,bid,,,10441023
2026-07-07T06:00:14.692819,2026-07-07T06:00:14.700785+00:00,166.5,5,bid,,,10441024
2026-07-07T06:00:14.692819,2026-07-07T06:00:14.706315+00:00,166.5,420,bid,,,10441025
2026-07-07T06:00:14.751890,2026-07-07T06:00:14.758346+00:00,166.5,25,bid,,,10441028
2026-07-07T06:00:15.008741,2026-07-07T06:00:15.018495+00:00,166.2,5,ask,,,10441035
2026-07-07T06:00:15.312705,2026-07-07T06:00:15.324167+00:00,166.4,5,bid,,,10441044
2026-07-07T06:00:15.943199,2026-07-07T06:00:15.954666+00:00,166.1,5,ask,,,10441053
2026-07-07T06:00:16.189229,2026-07-07T06:00:16.200784+00:00,166.2,20,ask,,,10441061
2026-07-07T06:00:16.274319,2026-07-07T06:00:16.279025+00:00,166.3,13,bid,,,10441065
2026-07-07T06:00:16.345750,2026-07-07T06:00:16.352780+00:00,166.3,8,bid,,,10441069
2026-07-07T06:00:16.468940,2026-07-07T06:00:16.480718+00:00,166.3,20,bid,,,10441072
2026-07-07T06:00:16.512349,2026-07-07T06:00:16.523975+00:00,166.3,25,bid,,,10441075
2026-07-07T06:00:19.563468,2026-07-07T06:00:19.575363+00:00,166.2,25,ask,,,10441129
2026-07-07T06:00:21.252728,2026-07-07T06:00:21.259891+00:00,166.2,5,ask,,,10441157
2026-07-07T06:00:21.364523,2026-07-07T06:00:21.376394+00:00,166.2,25,bid,,,10441158
2026-07-07T06:00:21.381183,2026-07-07T06:00:21.392115+00:00,166.1,8,ask,,,10441161
2026-07-07T06:00:21.480607,2026-07-07T06:00:21.488591+00:00,166.2,200,bid,,,10441162
2026-07-07T06:00:22.395295,2026-07-07T06:00:22.406264+00:00,166.2,8,bid,,,10441177
2026-07-07T06:00:22.723117,2026-07-07T06:00:22.730913+00:00,166.3,20,bid,,,10441190
2026-07-07T06:00:22.802649,2026-07-07T06:00:22.814505+00:00,166.2,25,ask,,,10441192
2026-07-07T06:00:25.113430,2026-07-07T06:00:25.121771+00:00,166.3,200,bid,,,10441229
2026-07-07T06:00:25.230001,2026-07-07T06:00:25.237406+00:00,166.4,5,bid,,,10441231
2026-07-07T06:00:25.466269,2026-07-07T06:00:25.478231+00:00,166.2,25,ask,,,10441237
2026-07-07T06:00:25.825525,2026-07-07T06:00:25.832172+00:00,166.5,25,bid,,,10441244
2026-07-07T06:00:26.367622,2026-07-07T06:00:26.376017+00:00,166.5,20,bid,,,10441258
2026-07-07T06:00:26.446416,2026-07-07T06:00:26.457991+00:00,166.5,8,bid,,,10441259
2026-07-07T06:00:27.511841,2026-07-07T06:00:27.519497+00:00,166.4,5,ask,,,10441275
2026-07-07T06:00:27.593184,2026-07-07T06:00:27.602328+00:00,166.4,11,bid,,,10441277
2026-07-07T06:00:28.258903,2026-07-07T06:00:28.270361+00:00,166.4,5,bid,,,10441284
2026-07-07T06:00:28.802310,2026-07-07T06:00:28.812557+00:00,166.3,200,ask,,,10441306
2026-07-07T06:00:30.428382,2026-07-07T06:00:30.432889+00:00,166.3,10,bid,,,10441327
2026-07-07T06:00:30.577926,2026-07-07T06:00:30.585707+00:00,166.2,5,ask,,,10441331
2026-07-07T06:00:30.577926,2026-07-07T06:00:30.590760+00:00,166.1,5,ask,,,10441332
2026-07-07T06:00:30.761718,2026-07-07T06:00:30.773674+00:00,166.3,10,bid,,,10441335
2026-07-07T06:00:32.435707,2026-07-07T06:00:32.447224+00:00,166.4,200,bid,,,10441362
2026-07-07T06:00:33.753217,2026-07-07T06:00:33.765228+00:00,166.3,25,ask,,,10441379
2026-07-07T06:00:34.051718,2026-07-07T06:00:34.058254+00:00,166.4,25,bid,,,10441385
2026-07-07T06:00:34.313151,2026-07-07T06:00:34.325279+00:00,166.3,25,ask,,,10441389
2026-07-07T06:00:34.614987,2026-07-07T06:00:34.626952+00:00,166.4,25,bid,,,10441392
2026-07-07T06:00:34.765652,2026-07-07T06:00:34.774436+00:00,166.3,20,ask,,,10441398
2026-07-07T06:00:34.856636,2026-07-07T06:00:34.865123+00:00,166.4,200,bid,,,10441404
2026-07-07T06:00:34.948060,2026-07-07T06:00:34.959851+00:00,166.4,20,bid,,,10441408
2026-07-07T06:00:35.200933,2026-07-07T06:00:35.211002+00:00,166.1,10,ask,,,10441414
2026-07-07T06:00:35.320643,2026-07-07T06:00:35.324737+00:00,166.1,21,ask,,,10441419
2026-07-07T06:00:35.323704,2026-07-07T06:00:35.340467+00:00,166.1,8,ask,,,10441420
2026-07-07T06:00:35.418537,2026-07-07T06:00:35.430778+00:00,166.1,15,ask,,,10441425
2026-07-07T06:00:35.428429,2026-07-07T06:00:35.441319+00:00,166.1,25,ask,,,10441428
2026-07-07T06:00:35.436945,2026-07-07T06:00:35.446569+00:00,166.4,5,bid,,,10441429
2026-07-07T06:00:35.585939,2026-07-07T06:00:35.595987+00:00,166.4,8,bid,,,10441438
2026-07-07T06:00:35.654166,2026-07-07T06:00:35.665263+00:00,166.4,1,bid,,,10441441
2026-07-07T06:00:35.730220,2026-07-07T06:00:35.739840+00:00,166.3,25,bid,,,10441444
2026-07-07T06:00:35.847414,2026-07-07T06:00:35.857782+00:00,166.0,5,ask,,,10441450
2026-07-07T06:00:35.847414,2026-07-07T06:00:35.857782+00:00,166.0,12,ask,,,10441451
2026-07-07T06:00:35.869833,2026-07-07T06:00:35.876680+00:00,166.3,20,bid,,,10441452
2026-07-07T06:00:36.032596,2026-07-07T06:00:36.049605+00:00,166.3,17,bid,,,10441460
2026-07-07T06:00:36.099927,2026-07-07T06:00:36.109336+00:00,166.1,8,ask,,,10441466
2026-07-07T06:00:36.165704,2026-07-07T06:00:36.177425+00:00,166.1,4,ask,,,10441470
2026-07-07T06:00:36.348866,2026-07-07T06:00:36.360750+00:00,166.3,4,bid,,,10441474
2026-07-07T06:00:36.526279,2026-07-07T06:00:36.537195+00:00,166.1,4,ask,,,10441478
2026-07-07T06:00:37.283041,2026-07-07T06:00:37.290913+00:00,166.2,200,bid,,,10441491
2026-07-07T06:00:37.369522,2026-07-07T06:00:37.381315+00:00,166.2,8,bid,,,10441492
2026-07-07T06:00:38.055678,2026-07-07T06:00:38.063757+00:00,165.9,20,ask,,,10441509
2026-07-07T06:00:38.150062,2026-07-07T06:00:38.158582+00:00,165.9,8,ask,,,10441511
2026-07-07T06:00:38.495251,2026-07-07T06:00:38.506508+00:00,166.1,200,bid,,,10441513
2026-07-07T06:00:40.929973,2026-07-07T06:00:40.939537+00:00,166.1,5,bid,,,10441548
2026-07-07T06:00:40.929973,2026-07-07T06:00:40.939537+00:00,166.1,200,bid,,,10441549
2026-07-07T06:00:41.034834,2026-07-07T06:00:41.042101+00:00,166.1,25,ask,,,10441550
2026-07-07T06:00:41.171926,2026-07-07T06:00:41.179587+00:00,166.4,8,bid,,,10441557
2026-07-07T06:00:41.334917,2026-07-07T06:00:41.344433+00:00,166.4,25,bid,,,10441561
2026-07-07T06:00:41.420940,2026-07-07T06:00:41.428150+00:00,166.1,17,ask,,,10441570
2026-07-07T06:00:41.427796,2026-07-07T06:00:41.438604+00:00,166.1,8,ask,,,10441571
2026-07-07T06:00:41.601814,2026-07-07T06:00:41.613717+00:00,166.1,25,ask,,,10441576
2026-07-07T06:00:41.688767,2026-07-07T06:00:41.698139+00:00,166.4,8,bid,,,10441578
2026-07-07T06:00:41.853334,2026-07-07T06:00:41.858573+00:00,166.4,17,bid,,,10441584
2026-07-07T06:00:41.901531,2026-07-07T06:00:41.913347+00:00,166.4,25,bid,,,10441585
2026-07-07T06:00:41.943535,2026-07-07T06:00:41.955165+00:00,166.4,8,bid,,,10441587
2026-07-07T06:00:42.136066,2026-07-07T06:00:42.144697+00:00,166.1,200,ask,,,10441595
2026-07-07T06:00:42.246774,2026-07-07T06:00:42.255137+00:00,166.1,5,ask,,,10441597
2026-07-07T06:00:42.260946,2026-07-07T06:00:42.264579+00:00,166.1,34,bid,,,10441599
2026-07-07T06:00:42.283920,2026-07-07T06:00:42.292306+00:00,166.1,25,bid,,,10441601
2026-07-07T06:00:42.460948,2026-07-07T06:00:42.469050+00:00,166.1,8,bid,,,10441604
2026-07-07T06:00:43.564523,2026-07-07T06:00:43.575233+00:00,166.1,20,bid,,,10441626
2026-07-07T06:00:44.631530,2026-07-07T06:00:44.638713+00:00,166.1,20,bid,,,10441643
2026-07-07T06:00:47.971704,2026-07-07T06:00:47.976043+00:00,165.8,12,ask,,,10441681
2026-07-07T06:00:47.991983,2026-07-07T06:00:48.002306+00:00,165.8,8,ask,,,10441683
2026-07-07T06:00:48.030812,2026-07-07T06:00:48.042900+00:00,165.8,25,ask,,,10441684
2026-07-07T06:00:49.416323,2026-07-07T06:00:49.425789+00:00,165.9,200,bid,,,10441709
2026-07-07T06:00:49.553811,2026-07-07T06:00:49.565657+00:00,165.9,25,bid,,,10441712
2026-07-07T06:00:50.421412,2026-07-07T06:00:50.430250+00:00,165.7,20,ask,,,10441727
2026-07-07T06:00:50.711155,2026-07-07T06:00:50.719656+00:00,165.8,25,ask,,,10441734
2026-07-07T06:00:50.844722,2026-07-07T06:00:50.858553+00:00,165.9,5,bid,,,10441742
2026-07-07T06:00:50.844722,2026-07-07T06:00:50.858553+00:00,166.0,2,bid,,,10441743
2026-07-07T06:00:51.018444,2026-07-07T06:00:51.029977+00:00,166.0,25,bid,,,10441744
2026-07-07T06:00:52.135661,2026-07-07T06:00:52.143386+00:00,166.0,20,bid,,,10441758
2026-07-07T06:00:54.260497,2026-07-07T06:00:54.268700+00:00,166.0,20,ask,,,10441789
2026-07-07T06:00:54.837640,2026-07-07T06:00:54.847607+00:00,166.1,8,bid,,,10441805
2026-07-07T06:00:55.150548,2026-07-07T06:00:55.169125+00:00,166.1,20,bid,,,10441812
2026-07-07T06:00:55.344645,2026-07-07T06:00:55.355352+00:00,166.1,8,bid,,,10441816
2026-07-07T06:00:55.367144,2026-07-07T06:00:55.370960+00:00,166.0,10,bid,,,10441818
2026-07-07T06:00:55.485314,2026-07-07T06:00:55.489182+00:00,166.0,2,bid,,,10441820
2026-07-07T06:00:55.633375,2026-07-07T06:00:55.644951+00:00,165.9,5,ask,,,10441822
2026-07-07T06:00:55.647901,2026-07-07T06:00:55.658580+00:00,165.8,10,ask,,,10441823
2026-07-07T06:00:55.842374,2026-07-07T06:00:55.852677+00:00,166.0,10,bid,,,10441827
2026-07-07T06:00:57.468590,2026-07-07T06:00:57.472667+00:00,165.8,12,ask,,,10441859
2026-07-07T06:00:57.493850,2026-07-07T06:00:57.505099+00:00,165.9,20,bid,,,10441860
2026-07-07T06:00:57.583375,2026-07-07T06:00:57.594907+00:00,165.8,25,ask,,,10441862
2026-07-07T06:00:57.634223,2026-07-07T06:00:57.641626+00:00,165.9,8,bid,,,10441865
2026-07-07T06:00:57.896794,2026-07-07T06:00:57.904877+00:00,165.9,200,bid,,,10441872
2026-07-07T06:00:58.058241,2026-07-07T06:00:58.067637+00:00,165.9,25,bid,,,10441874
2026-07-07T06:00:58.583218,2026-07-07T06:00:58.591453+00:00,165.7,4,ask,,,10441888
2026-07-07T06:00:58.641318,2026-07-07T06:00:58.658634+00:00,165.7,8,ask,,,10441889
2026-07-07T06:01:00.323416,2026-07-07T06:01:00.334343+00:00,165.8,5,bid,,,10441909
2026-07-07T06:01:00.420183,2026-07-07T06:01:00.432035+00:00,165.8,25,ask,,,10441912
2026-07-07T06:01:00.659712,2026-07-07T06:01:00.669883+00:00,166.0,8,bid,,,10441920
2026-07-07T06:01:00.662756,2026-07-07T06:01:00.669883+00:00,166.0,25,bid,,,10441921
2026-07-07T06:01:00.923737,2026-07-07T06:01:00.928224+00:00,166.0,10,bid,,,10441934
2026-07-07T06:01:00.929616,2026-07-07T06:01:00.943976+00:00,166.0,8,bid,,,10441935
2026-07-07T06:01:01.001905,2026-07-07T06:01:01.010749+00:00,166.0,20,bid,,,10441937
2026-07-07T06:01:01.117583,2026-07-07T06:01:01.121430+00:00,166.0,2,bid,,,10441944
2026-07-07T06:01:01.273445,2026-07-07T06:01:01.280375+00:00,165.8,10,ask,,,10441946
2026-07-07T06:01:01.459613,2026-07-07T06:01:01.469097+00:00,166.0,10,bid,,,10441948
2026-07-07T06:01:02.697781,2026-07-07T06:01:02.705893+00:00,165.8,20,ask,,,10441971
2026-07-07T06:01:02.713607,2026-07-07T06:01:02.721617+00:00,165.8,6,ask,,,10441972
2026-07-07T06:01:02.751321,2026-07-07T06:01:02.756016+00:00,165.8,200,ask,,,10441976
2026-07-07T06:01:02.906518,2026-07-07T06:01:02.918113+00:00,165.8,10,ask,,,10441977
2026-07-07T06:01:02.913449,2026-07-07T06:01:02.923400+00:00,165.8,20,ask,,,10441978
2026-07-07T06:01:03.090806,2026-07-07T06:01:03.098857+00:00,166.0,10,bid,,,10441981
2026-07-07T06:01:03.128383,2026-07-07T06:01:03.137942+00:00,165.8,10,ask,,,10441985
2026-07-07T06:01:03.235681,2026-07-07T06:01:03.246949+00:00,165.8,5,ask,,,10441987
2026-07-07T06:01:03.798933,2026-07-07T06:01:03.807059+00:00,165.8,500,bid,,,10441996
2026-07-07T06:01:04.398788,2026-07-07T06:01:04.405944+00:00,165.8,120,bid,,,10442007
2026-07-07T06:01:04.398788,2026-07-07T06:01:04.411263+00:00,165.8,200,bid,,,10442008
2026-07-07T06:01:04.398788,2026-07-07T06:01:04.411263+00:00,165.8,5,bid,,,10442009
2026-07-07T06:01:04.431259,2026-07-07T06:01:04.434961+00:00,165.9,23,ask,,,10442011
2026-07-07T06:01:04.516339,2026-07-07T06:01:04.527459+00:00,165.9,25,ask,,,10442014
2026-07-07T06:01:04.526171,2026-07-07T06:01:04.537727+00:00,165.9,8,ask,,,10442016
2026-07-07T06:01:05.028381,2026-07-07T06:01:05.032528+00:00,166.0,11,ask,,,10442026
2026-07-07T06:01:05.078027,2026-07-07T06:01:05.088428+00:00,166.0,25,ask,,,10442027
2026-07-07T06:01:05.297567,2026-07-07T06:01:05.308796+00:00,166.0,25,ask,,,10442030
2026-07-07T06:01:05.399618,2026-07-07T06:01:05.406095+00:00,166.0,5,ask,,,10442034
2026-07-07T06:01:05.518294,2026-07-07T06:01:05.525450+00:00,166.0,25,ask,,,10442038
2026-07-07T06:01:05.610900,2026-07-07T06:01:05.622284+00:00,166.1,500,bid,,,10442040
2026-07-07T06:01:05.850385,2026-07-07T06:01:05.857180+00:00,166.1,200,bid,,,10442052
2026-07-07T06:01:05.855626,2026-07-07T06:01:05.871938+00:00,166.5,20,bid,,,10442053
2026-07-07T06:01:05.868312,2026-07-07T06:01:05.871938+00:00,166.2,5,ask,,,10442055
2026-07-07T06:01:05.892993,2026-07-07T06:01:05.896658+00:00,166.2,7,ask,,,10442057
2026-07-07T06:01:05.967547,2026-07-07T06:01:05.974440+00:00,166.2,20,ask,,,10442059
2026-07-07T06:01:05.975942,2026-07-07T06:01:05.984711+00:00,166.5,17,bid,,,10442061
2026-07-07T06:01:06.070626,2026-07-07T06:01:06.080061+00:00,166.2,8,ask,,,10442064
2026-07-07T06:01:06.191637,2026-07-07T06:01:06.203439+00:00,166.2,17,ask,,,10442065
2026-07-07T06:01:06.340694,2026-07-07T06:01:06.358584+00:00,166.2,3,ask,,,10442070
2026-07-07T06:01:06.374416,2026-07-07T06:01:06.381488+00:00,166.2,200,ask,,,10442071
2026-07-07T06:01:06.427892,2026-07-07T06:01:06.435750+00:00,166.2,5,ask,,,10442072
2026-07-07T06:01:06.603243,2026-07-07T06:01:06.612432+00:00,166.2,3,ask,,,10442076
2026-07-07T06:01:06.889668,2026-07-07T06:01:06.901214+00:00,166.2,8,ask,,,10442081
2026-07-07T06:01:06.981335,2026-07-07T06:01:06.985411+00:00,166.5,34,bid,,,10442093
2026-07-07T06:01:07.056535,2026-07-07T06:01:07.068040+00:00,166.5,20,bid,,,10442095
2026-07-07T06:01:07.144579,2026-07-07T06:01:07.158608+00:00,166.5,8,bid,,,10442099
2026-07-07T06:01:07.174740,2026-07-07T06:01:07.178719+00:00,166.2,31,bid,,,10442101
2026-07-07T06:01:07.225571,2026-07-07T06:01:07.236545+00:00,166.2,25,bid,,,10442104
2026-07-07T06:01:07.292468,2026-07-07T06:01:07.296677+00:00,166.1,8,ask,,,10442107
2026-07-07T06:01:07.488587,2026-07-07T06:01:07.495335+00:00,166.2,8,bid,,,10442110
2026-07-07T06:01:07.581076,2026-07-07T06:01:07.590083+00:00,166.2,200,bid,,,10442116
2026-07-07T06:01:08.698927,2026-07-07T06:01:08.710608+00:00,166.4,20,bid,,,10442129
2026-07-07T06:01:10.613322,2026-07-07T06:01:10.617488+00:00,166.1,10,ask,,,10442164
2026-07-07T06:01:10.916307,2026-07-07T06:01:10.922603+00:00,166.3,7,bid,,,10442173
2026-07-07T06:01:10.918859,2026-07-07T06:01:10.922603+00:00,166.1,1,ask,,,10442174
2026-07-07T06:01:11.619821,2026-07-07T06:01:11.627733+00:00,166.1,10,ask,,,10442180
2026-07-07T06:01:11.798538,2026-07-07T06:01:11.808454+00:00,166.3,10,bid,,,10442187
2026-07-07T06:01:11.879639,2026-07-07T06:01:11.883649+00:00,166.2,10,ask,,,10442191
2026-07-07T06:01:11.923055,2026-07-07T06:01:11.935251+00:00,166.2,7,ask,,,10442192
2026-07-07T06:01:12.207332,2026-07-07T06:01:12.211539+00:00,166.2,2,ask,,,10442195
2026-07-07T06:01:12.361012,2026-07-07T06:01:12.373233+00:00,166.2,25,ask,,,10442196
2026-07-07T06:01:12.658193,2026-07-07T06:01:12.669761+00:00,166.3,25,bid,,,10442198
2026-07-07T06:01:12.778368,2026-07-07T06:01:12.790122+00:00,166.2,20,ask,,,10442201
2026-07-07T06:01:12.959462,2026-07-07T06:01:12.971143+00:00,166.3,20,bid,,,10442206
2026-07-07T06:01:13.207157,2026-07-07T06:01:13.216142+00:00,166.2,25,ask,,,10442213
2026-07-07T06:01:13.462667,2026-07-07T06:01:13.470771+00:00,166.3,20,bid,,,10442217
2026-07-07T06:01:13.515700,2026-07-07T06:01:13.527196+00:00,166.3,25,bid,,,10442219
2026-07-07T06:01:15.025205,2026-07-07T06:01:15.036442+00:00,166.3,200,bid,,,10442249
2026-07-07T06:01:16.340384,2026-07-07T06:01:16.347616+00:00,166.3,500,ask,,,10442269
2026-07-07T06:01:16.505914,2026-07-07T06:01:16.515293+00:00,166.3,125,bid,,,10442273
2026-07-07T06:01:16.602199,2026-07-07T06:01:16.613989+00:00,166.3,25,ask,,,10442276
2026-07-07T06:01:16.715749,2026-07-07T06:01:16.727452+00:00,166.3,10,ask,,,10442278
2026-07-07T06:01:17.253614,2026-07-07T06:01:17.247778+00:00,166.3,200,ask,,,10442289
2026-07-07T06:01:17.480482,2026-07-07T06:01:17.491049+00:00,166.3,8,ask,,,10442300
2026-07-07T06:01:17.661885,2026-07-07T06:01:17.665815+00:00,166.4,11,ask,,,10442303
2026-07-07T06:01:18.460783,2026-07-07T06:01:18.469380+00:00,166.4,200,ask,,,10442324
2026-07-07T06:01:19.622216,2026-07-07T06:01:19.634190+00:00,166.6,5,bid,,,10442343
2026-07-07T06:01:19.918996,2026-07-07T06:01:19.927894+00:00,166.5,25,bid,,,10442351
2026-07-07T06:01:19.928590,2026-07-07T06:01:19.943821+00:00,166.5,15,bid,,,10442353
2026-07-07T06:01:20.172609,2026-07-07T06:01:20.179650+00:00,166.5,5,bid,,,10442358
2026-07-07T06:01:20.797745,2026-07-07T06:01:20.805972+00:00,166.5,20,bid,,,10442372
2026-07-07T06:01:21.020110,2026-07-07T06:01:21.027092+00:00,166.4,4,ask,,,10442378
2026-07-07T06:01:21.572886,2026-07-07T06:01:21.584826+00:00,166.5,200,bid,,,10442386
2026-07-07T06:01:21.776686,2026-07-07T06:01:21.788478+00:00,166.5,4,ask,,,10442389
2026-07-07T06:01:21.935823,2026-07-07T06:01:21.947445+00:00,166.5,25,ask,,,10442390
2026-07-07T06:01:22.233761,2026-07-07T06:01:22.245742+00:00,166.7,25,bid,,,10442396
2026-07-07T06:01:22.319740,2026-07-07T06:01:22.327312+00:00,166.6,20,ask,,,10442402
2026-07-07T06:01:22.792881,2026-07-07T06:01:22.812041+00:00,166.6,25,ask,,,10442412
2026-07-07T06:01:22.808575,2026-07-07T06:01:22.812041+00:00,166.6,11,ask,,,10442415
2026-07-07T06:01:22.962425,2026-07-07T06:01:22.971396+00:00,166.6,25,ask,,,10442416
2026-07-07T06:01:22.974339,2026-07-07T06:01:22.981881+00:00,166.7,11,bid,,,10442418
2026-07-07T06:01:23.032348,2026-07-07T06:01:23.044405+00:00,166.7,25,bid,,,10442419
2026-07-07T06:01:23.155100,2026-07-07T06:01:23.167029+00:00,166.6,20,ask,,,10442421
2026-07-07T06:01:23.335995,2026-07-07T06:01:23.345106+00:00,166.7,20,bid,,,10442429
2026-07-07T06:01:23.416625,2026-07-07T06:01:23.424172+00:00,166.5,20,ask,,,10442431
2026-07-07T06:01:23.707424,2026-07-07T06:01:23.719207+00:00,166.5,25,ask,,,10442433
2026-07-07T06:01:23.843085,2026-07-07T06:01:23.858596+00:00,166.5,9,ask,,,10442439
2026-07-07T06:01:24.028325,2026-07-07T06:01:24.035550+00:00,166.7,25,bid,,,10442443
2026-07-07T06:01:24.147403,2026-07-07T06:01:24.158559+00:00,166.5,20,ask,,,10442447
2026-07-07T06:01:24.329589,2026-07-07T06:01:24.338746+00:00,166.7,5,bid,,,10442450
2026-07-07T06:01:24.456880,2026-07-07T06:01:24.463853+00:00,166.5,5,ask,,,10442455
2026-07-07T06:01:24.559521,2026-07-07T06:01:24.568697+00:00,166.5,8,ask,,,10442461
2026-07-07T06:01:24.640571,2026-07-07T06:01:24.654586+00:00,166.8,20,bid,,,10442466
2026-07-07T06:01:24.890915,2026-07-07T06:01:24.903094+00:00,166.5,25,ask,,,10442471
2026-07-07T06:01:25.071498,2026-07-07T06:01:25.082137+00:00,166.7,8,bid,,,10442476
2026-07-07T06:01:25.106447,2026-07-07T06:01:25.115054+00:00,166.7,12,bid,,,10442477
2026-07-07T06:01:25.194445,2026-07-07T06:01:25.206065+00:00,166.7,25,bid,,,10442478
2026-07-07T06:01:25.316691,2026-07-07T06:01:25.328286+00:00,166.5,17,ask,,,10442480
2026-07-07T06:01:25.327056,2026-07-07T06:01:25.338782+00:00,166.5,8,ask,,,10442481
2026-07-07T06:01:25.519879,2026-07-07T06:01:25.531622+00:00,166.6,17,bid,,,10442484
2026-07-07T06:01:25.640236,2026-07-07T06:01:25.647949+00:00,166.5,12,ask,,,10442486
2026-07-07T06:01:25.831339,2026-07-07T06:01:25.843229+00:00,166.6,12,bid,,,10442488
2026-07-07T06:01:25.845536,2026-07-07T06:01:25.853625+00:00,166.4,4,ask,,,10442490
2026-07-07T06:01:25.951138,2026-07-07T06:01:25.958624+00:00,166.4,1,ask,,,10442493
2026-07-07T06:01:25.951138,2026-07-07T06:01:25.958624+00:00,166.4,7,ask,,,10442494
2026-07-07T06:01:25.967301,2026-07-07T06:01:25.974328+00:00,166.4,12,ask,,,10442495
2026-07-07T06:01:26.132006,2026-07-07T06:01:26.143869+00:00,166.6,8,bid,,,10442498
2026-07-07T06:01:26.250130,2026-07-07T06:01:26.251169+00:00,166.4,3,ask,,,10442503
2026-07-07T06:01:26.433139,2026-07-07T06:01:26.445204+00:00,166.6,3,bid,,,10442506
2026-07-07T06:01:26.680051,2026-07-07T06:01:26.689706+00:00,166.4,25,ask,,,10442513
2026-07-07T06:01:26.975881,2026-07-07T06:01:26.987617+00:00,166.6,25,bid,,,10442520
2026-07-07T06:01:27.220806,2026-07-07T06:01:27.232632+00:00,166.3,25,ask,,,10442522
2026-07-07T06:01:27.527635,2026-07-07T06:01:27.539207+00:00,166.6,25,bid,,,10442537
2026-07-07T06:01:27.900015,2026-07-07T06:01:27.911613+00:00,166.3,25,ask,,,10442547
2026-07-07T06:01:29.128014,2026-07-07T06:01:29.131545+00:00,166.4,12,ask,,,10442567
2026-07-07T06:01:29.347072,2026-07-07T06:01:29.364280+00:00,166.5,200,bid,,,10442569
2026-07-07T06:01:31.416649,2026-07-07T06:01:31.425423+00:00,166.3,20,ask,,,10442595
2026-07-07T06:01:32.973428,2026-07-07T06:01:32.985281+00:00,166.4,200,ask,,,10442620
2026-07-07T06:01:34.352622,2026-07-07T06:01:34.358577+00:00,166.5,20,bid,,,10442638
2026-07-07T06:01:34.700444,2026-07-07T06:01:34.711869+00:00,166.5,200,bid,,,10442650
2026-07-07T06:01:35.304644,2026-07-07T06:01:35.311465+00:00,166.5,5,ask,,,10442668
2026-07-07T06:01:36.594849,2026-07-07T06:01:36.605532+00:00,166.4,200,ask,,,10442688
2026-07-07T06:01:37.430909,2026-07-07T06:01:37.442598+00:00,166.5,20,bid,,,10442699
2026-07-07T06:01:38.565714,2026-07-07T06:01:38.574021+00:00,166.4,20,bid,,,10442713
2026-07-07T06:01:38.678027,2026-07-07T06:01:38.686876+00:00,166.4,8,bid,,,10442714
2026-07-07T06:01:38.772286,2026-07-07T06:01:38.784346+00:00,166.3,5,ask,,,10442716
2026-07-07T06:01:38.772286,2026-07-07T06:01:38.784346+00:00,166.3,15,ask,,,10442717
2026-07-07T06:01:39.018354,2026-07-07T06:01:39.032103+00:00,166.3,200,ask,,,10442726
2026-07-07T06:01:39.454700,2026-07-07T06:01:39.463808+00:00,166.3,11,ask,,,10442734
2026-07-07T06:01:40.764031,2026-07-07T06:01:40.767818+00:00,166.4,10,ask,,,10442754
2026-07-07T06:01:41.080561,2026-07-07T06:01:41.084386+00:00,166.4,1,ask,,,10442760
2026-07-07T06:01:41.733102,2026-07-07T06:01:41.736973+00:00,166.3,11,bid,,,10442773
2026-07-07T06:01:42.649113,2026-07-07T06:01:42.659222+00:00,166.2,200,ask,,,10442788
2026-07-07T06:01:43.858573,2026-07-07T06:01:43.868976+00:00,166.3,200,ask,,,10442811
2026-07-07T06:01:43.879169,2026-07-07T06:01:43.889994+00:00,166.3,300,ask,,,10442812
2026-07-07T06:01:44.365427,2026-07-07T06:01:44.373648+00:00,166.3,325,bid,,,10442818
2026-07-07T06:01:45.040222,2026-07-07T06:01:45.058627+00:00,166.5,5,bid,,,10442836
2026-07-07T06:01:45.053512,2026-07-07T06:01:45.069043+00:00,167.2,20,bid,,,10442839
2026-07-07T06:01:45.068641,2026-07-07T06:01:45.079631+00:00,166.3,200,ask,,,10442840
2026-07-07T06:01:45.274584,2026-07-07T06:01:45.285026+00:00,166.6,20,ask,,,10442845
2026-07-07T06:01:45.302441,2026-07-07T06:01:45.313272+00:00,166.8,3,bid,,,10442846
2026-07-07T06:01:45.613175,2026-07-07T06:01:45.621487+00:00,166.6,20,ask,,,10442854
2026-07-07T06:01:46.282664,2026-07-07T06:01:46.289816+00:00,166.6,200,ask,,,10442863
2026-07-07T06:01:47.509889,2026-07-07T06:01:47.513223+00:00,166.6,5,bid,,,10442877
2026-07-07T06:01:47.644422,2026-07-07T06:01:47.651079+00:00,166.5,5,ask,,,10442879
2026-07-07T06:01:48.058467,2026-07-07T06:01:48.079741+00:00,166.6,25,bid,,,10442885
2026-07-07T06:01:48.075701,2026-07-07T06:01:48.079741+00:00,166.6,7,bid,,,10442889
2026-07-07T06:01:48.296518,2026-07-07T06:01:48.308371+00:00,166.5,25,ask,,,10442893
2026-07-07T06:01:48.603735,2026-07-07T06:01:48.614450+00:00,166.6,25,bid,,,10442901
2026-07-07T06:01:48.651298,2026-07-07T06:01:48.658603+00:00,166.6,8,bid,,,10442903
2026-07-07T06:01:48.688039,2026-07-07T06:01:48.698227+00:00,166.6,5,bid,,,10442905
2026-07-07T06:01:48.706465,2026-07-07T06:01:48.713718+00:00,166.5,200,ask,,,10442906
2026-07-07T06:01:49.893679,2026-07-07T06:01:49.903137+00:00,166.6,25,ask,,,10442932
2026-07-07T06:01:49.917760,2026-07-07T06:01:49.927202+00:00,166.6,200,ask,,,10442934
2026-07-07T06:01:50.794997,2026-07-07T06:01:50.807018+00:00,166.8,25,bid,,,10442948
2026-07-07T06:01:50.918671,2026-07-07T06:01:50.930486+00:00,166.5,7,ask,,,10442956
2026-07-07T06:01:50.947022,2026-07-07T06:01:50.958585+00:00,166.5,20,ask,,,10442957
2026-07-07T06:01:51.290844,2026-07-07T06:01:51.295015+00:00,166.8,34,bid,,,10442970
2026-07-07T06:01:51.350507,2026-07-07T06:01:51.362149+00:00,166.8,25,bid,,,10442972
2026-07-07T06:01:51.355698,2026-07-07T06:01:51.362149+00:00,166.8,5,bid,,,10442973
2026-07-07T06:01:51.358428,2026-07-07T06:01:51.362149+00:00,166.8,10,bid,,,10442974
2026-07-07T06:01:51.432152,2026-07-07T06:01:51.439824+00:00,166.8,15,bid,,,10442976
2026-07-07T06:01:51.512526,2026-07-07T06:01:51.524273+00:00,166.6,10,ask,,,10442982
2026-07-07T06:01:51.576890,2026-07-07T06:01:51.584667+00:00,166.8,25,bid,,,10442984
2026-07-07T06:01:51.582421,2026-07-07T06:01:51.589666+00:00,166.6,17,ask,,,10442985
2026-07-07T06:01:51.700193,2026-07-07T06:01:51.712102+00:00,166.8,10,bid,,,10442991
2026-07-07T06:01:51.782218,2026-07-07T06:01:51.785810+00:00,166.7,10,ask,,,10442995
2026-07-07T06:01:51.827755,2026-07-07T06:01:51.839277+00:00,166.7,2,ask,,,10442996
2026-07-07T06:01:51.940686,2026-07-07T06:01:51.954379+00:00,166.7,8,ask,,,10442997
2026-07-07T06:01:52.009745,2026-07-07T06:01:52.019889+00:00,166.9,2,bid,,,10443000
2026-07-07T06:01:52.087553,2026-07-07T06:01:52.092223+00:00,166.7,10,ask,,,10443005
2026-07-07T06:01:52.269685,2026-07-07T06:01:52.273877+00:00,166.7,2,ask,,,10443015
2026-07-07T06:01:52.396195,2026-07-07T06:01:52.407819+00:00,166.7,25,ask,,,10443019
2026-07-07T06:01:52.689737,2026-07-07T06:01:52.700925+00:00,166.8,20,bid,,,10443023
2026-07-07T06:01:52.905736,2026-07-07T06:01:52.912463+00:00,166.8,2,bid,,,10443026
2026-07-07T06:01:52.908814,2026-07-07T06:01:52.917945+00:00,166.8,25,bid,,,10443027
2026-07-07T06:01:53.028280,2026-07-07T06:01:53.035154+00:00,166.7,12,ask,,,10443031
2026-07-07T06:01:53.207166,2026-07-07T06:01:53.218632+00:00,166.7,12,bid,,,10443033
2026-07-07T06:01:53.441355,2026-07-07T06:01:53.449191+00:00,166.7,500,bid,,,10443040
2026-07-07T06:01:53.458455,2026-07-07T06:01:53.470956+00:00,166.6,10,ask,,,10443043
2026-07-07T06:01:53.543875,2026-07-07T06:01:53.550846+00:00,166.7,113,bid,,,10443049
2026-07-07T06:01:53.636513,2026-07-07T06:01:53.648414+00:00,167.0,5,bid,,,10443051
2026-07-07T06:01:53.636513,2026-07-07T06:01:53.648414+00:00,167.0,5,bid,,,10443052
2026-07-07T06:01:53.781389,2026-07-07T06:01:53.792383+00:00,166.7,10,ask,,,10443054
2026-07-07T06:01:53.890435,2026-07-07T06:01:53.902327+00:00,166.7,25,ask,,,10443058
2026-07-07T06:01:54.191188,2026-07-07T06:01:54.200149+00:00,167.0,25,bid,,,10443068
2026-07-07T06:01:54.218811,2026-07-07T06:01:54.226962+00:00,166.8,20,ask,,,10443071
2026-07-07T06:01:54.230339,2026-07-07T06:01:54.237468+00:00,167.0,8,bid,,,10443072
2026-07-07T06:01:54.435818,2026-07-07T06:01:54.444593+00:00,167.0,12,bid,,,10443074
2026-07-07T06:01:54.735897,2026-07-07T06:01:54.747724+00:00,166.8,25,ask,,,10443075
2026-07-07T06:01:55.031622,2026-07-07T06:01:55.040820+00:00,167.0,25,bid,,,10443086
2026-07-07T06:01:55.150711,2026-07-07T06:01:55.163908+00:00,166.8,17,ask,,,10443088
2026-07-07T06:01:55.263342,2026-07-07T06:01:55.271732+00:00,166.9,8,ask,,,10443090
2026-07-07T06:01:55.330358,2026-07-07T06:01:55.341908+00:00,166.9,8,ask,,,10443093
2026-07-07T06:01:55.630723,2026-07-07T06:01:55.642283+00:00,167.0,25,bid,,,10443100
2026-07-07T06:01:56.397562,2026-07-07T06:01:56.409327+00:00,166.8,10,ask,,,10443119
2026-07-07T06:01:56.579552,2026-07-07T06:01:56.590388+00:00,167.0,10,bid,,,10443127
2026-07-07T06:01:56.945109,2026-07-07T06:01:56.958631+00:00,166.8,25,ask,,,10443129
2026-07-07T06:01:57.179589,2026-07-07T06:01:57.188312+00:00,166.9,200,ask,,,10443132
2026-07-07T06:01:57.250088,2026-07-07T06:01:57.258542+00:00,167.1,25,bid,,,10443135
2026-07-07T06:01:57.500206,2026-07-07T06:01:57.511938+00:00,166.9,25,ask,,,10443144
2026-07-07T06:01:57.700985,2026-07-07T06:01:57.707972+00:00,167.1,20,bid,,,10443149
2026-07-07T06:01:57.753718,2026-07-07T06:01:57.757305+00:00,166.9,10,ask,,,10443153
2026-07-07T06:01:58.064759,2026-07-07T06:01:58.068878+00:00,166.9,1,ask,,,10443161
2026-07-07T06:01:59.440034,2026-07-07T06:01:59.448732+00:00,167.1,8,bid,,,10443187
2026-07-07T06:01:59.604037,2026-07-07T06:01:59.615513+00:00,166.9,200,ask,,,10443192
2026-07-07T06:01:59.615055,2026-07-07T06:01:59.625986+00:00,166.9,20,ask,,,10443193
2026-07-07T06:01:59.710006,2026-07-07T06:01:59.721983+00:00,167.1,25,bid,,,10443197
2026-07-07T06:01:59.957448,2026-07-07T06:01:59.969204+00:00,166.8,5,ask,,,10443200
2026-07-07T06:01:59.957448,2026-07-07T06:01:59.969204+00:00,166.8,20,ask,,,10443201
2026-07-07T06:02:00.257643,2026-07-07T06:02:00.269075+00:00,167.1,25,bid,,,10443214
2026-07-07T06:02:00.498715,2026-07-07T06:02:00.510472+00:00,166.9,25,ask,,,10443220
2026-07-07T06:02:00.790306,2026-07-07T06:02:00.794113+00:00,166.9,11,ask,,,10443226
2026-07-07T06:02:00.813928,2026-07-07T06:02:00.825004+00:00,166.9,200,ask,,,10443227
2026-07-07T06:02:00.886142,2026-07-07T06:02:00.897961+00:00,166.9,25,ask,,,10443228
2026-07-07T06:02:01.107592,2026-07-07T06:02:01.119126+00:00,166.9,17,ask,,,10443230
2026-07-07T06:02:01.116415,2026-07-07T06:02:01.124409+00:00,167.1,3,bid,,,10443232
2026-07-07T06:02:01.205132,2026-07-07T06:02:01.216991+00:00,167.1,8,bid,,,10443237
2026-07-07T06:02:01.255912,2026-07-07T06:02:01.267845+00:00,167.1,25,bid,,,10443238
2026-07-07T06:02:01.330101,2026-07-07T06:02:01.336658+00:00,167.1,20,bid,,,10443241
2026-07-07T06:02:01.377099,2026-07-07T06:02:01.388903+00:00,167.0,12,ask,,,10443246
2026-07-07T06:02:01.462180,2026-07-07T06:02:01.474006+00:00,167.0,8,ask,,,10443249
2026-07-07T06:02:01.557522,2026-07-07T06:02:01.569021+00:00,167.1,12,bid,,,10443254
2026-07-07T06:02:01.568086,2026-07-07T06:02:01.579464+00:00,167.0,12,ask,,,10443256
2026-07-07T06:02:01.805251,2026-07-07T06:02:01.817030+00:00,167.0,25,ask,,,10443259
2026-07-07T06:02:01.944901,2026-07-07T06:02:01.958627+00:00,167.1,500,bid,,,10443262
2026-07-07T06:02:01.996169,2026-07-07T06:02:02.004167+00:00,167.1,20,bid,,,10443265
2026-07-07T06:02:02.107380,2026-07-07T06:02:02.119377+00:00,167.1,25,bid,,,10443266
2026-07-07T06:02:02.213454,2026-07-07T06:02:02.220454+00:00,166.9,20,ask,,,10443269
2026-07-07T06:02:02.361453,2026-07-07T06:02:02.373400+00:00,167.0,25,ask,,,10443273
2026-07-07T06:02:02.665784,2026-07-07T06:02:02.677592+00:00,167.2,25,bid,,,10443280
2026-07-07T06:02:02.728923,2026-07-07T06:02:02.740386+00:00,167.2,8,bid,,,10443283
2026-07-07T06:02:02.788852,2026-07-07T06:02:02.800470+00:00,167.1,14,ask,,,10443287
2026-07-07T06:02:02.855560,2026-07-07T06:02:02.858550+00:00,167.1,11,ask,,,10443289
2026-07-07T06:02:02.974667,2026-07-07T06:02:02.983380+00:00,167.2,14,bid,,,10443293
2026-07-07T06:02:02.990573,2026-07-07T06:02:02.998814+00:00,167.1,8,ask,,,10443295
2026-07-07T06:02:03.092344,2026-07-07T06:02:03.102293+00:00,167.1,6,ask,,,10443296
2026-07-07T06:02:03.271493,2026-07-07T06:02:03.283122+00:00,167.2,5,bid,,,10443300
2026-07-07T06:02:03.518026,2026-07-07T06:02:03.529726+00:00,167.1,24,ask,,,10443308
2026-07-07T06:02:03.823420,2026-07-07T06:02:03.835258+00:00,167.3,25,bid,,,10443316
2026-07-07T06:02:03.934682,2026-07-07T06:02:03.944911+00:00,167.1,17,ask,,,10443321
2026-07-07T06:02:04.020865,2026-07-07T06:02:04.030417+00:00,167.1,8,ask,,,10443325
2026-07-07T06:02:04.119798,2026-07-07T06:02:04.129093+00:00,167.3,17,bid,,,10443327
2026-07-07T06:02:04.365689,2026-07-07T06:02:04.374410+00:00,167.2,5,ask,,,10443330
2026-07-07T06:02:04.483661,2026-07-07T06:02:04.495154+00:00,167.1,3,ask,,,10443334
2026-07-07T06:02:04.526530,2026-07-07T06:02:04.534870+00:00,167.3,8,bid,,,10443335
2026-07-07T06:02:04.662524,2026-07-07T06:02:04.679345+00:00,167.3,8,bid,,,10443338
2026-07-07T06:02:06.236411,2026-07-07T06:02:06.240955+00:00,167.1,11,bid,,,10443357
2026-07-07T06:02:06.243825,2026-07-07T06:02:06.256566+00:00,167.1,5,bid,,,10443358
2026-07-07T06:02:07.128406,2026-07-07T06:02:07.132596+00:00,167.0,23,ask,,,10443376
2026-07-07T06:02:07.185753,2026-07-07T06:02:07.195085+00:00,167.0,25,ask,,,10443377
2026-07-07T06:02:07.299625,2026-07-07T06:02:07.311392+00:00,167.0,8,ask,,,10443381
2026-07-07T06:02:08.064679,2026-07-07T06:02:08.075623+00:00,167.1,5,bid,,,10443390
2026-07-07T06:02:08.064679,2026-07-07T06:02:08.075623+00:00,167.1,195,bid,,,10443391
2026-07-07T06:02:09.273730,2026-07-07T06:02:09.282794+00:00,167.0,200,bid,,,10443404
2026-07-07T06:02:10.125476,2026-07-07T06:02:10.131993+00:00,167.1,5,bid,,,10443418
2026-07-07T06:02:10.143884,2026-07-07T06:02:10.147839+00:00,167.1,11,ask,,,10443420
2026-07-07T06:02:10.236358,2026-07-07T06:02:10.240696+00:00,167.2,11,bid,,,10443425
2026-07-07T06:02:10.362931,2026-07-07T06:02:10.374416+00:00,167.2,10,bid,,,10443427
2026-07-07T06:02:10.535311,2026-07-07T06:02:10.544642+00:00,167.2,25,bid,,,10443428
2026-07-07T06:02:10.588779,2026-07-07T06:02:10.607805+00:00,167.1,20,ask,,,10443432
2026-07-07T06:02:11.436851,2026-07-07T06:02:11.444455+00:00,167.2,175,bid,,,10443448
2026-07-07T06:02:11.573802,2026-07-07T06:02:11.582471+00:00,167.2,25,ask,,,10443454
2026-07-07T06:02:14.074018,2026-07-07T06:02:14.094803+00:00,167.2,5,ask,,,10443490
2026-07-07T06:02:14.077252,2026-07-07T06:02:14.094803+00:00,167.2,25,bid,,,10443491
2026-07-07T06:02:14.091184,2026-07-07T06:02:14.094803+00:00,167.2,12,bid,,,10443494
2026-07-07T06:02:14.107153,2026-07-07T06:02:14.115566+00:00,167.2,8,bid,,,10443495
2026-07-07T06:02:14.153813,2026-07-07T06:02:14.157960+00:00,167.2,10,bid,,,10443499
2026-07-07T06:02:14.326043,2026-07-07T06:02:14.337829+00:00,167.1,10,ask,,,10443504
2026-07-07T06:02:14.428473,2026-07-07T06:02:14.436608+00:00,167.2,20,bid,,,10443507
2026-07-07T06:02:14.506601,2026-07-07T06:02:14.518432+00:00,167.2,10,bid,,,10443510
2026-07-07T06:02:14.596162,2026-07-07T06:02:14.599740+00:00,167.2,1,bid,,,10443516
2026-07-07T06:02:14.674943,2026-07-07T06:02:14.682715+00:00,167.2,5,bid,,,10443517
2026-07-07T06:02:14.761777,2026-07-07T06:02:14.770186+00:00,167.1,1,ask,,,10443519
2026-07-07T06:02:14.941837,2026-07-07T06:02:14.949061+00:00,167.2,1,bid,,,10443522
2026-07-07T06:02:15.263243,2026-07-07T06:02:15.274379+00:00,167.2,500,bid,,,10443527
2026-07-07T06:02:15.522552,2026-07-07T06:02:15.532138+00:00,167.3,25,ask,,,10443531
2026-07-07T06:02:16.540184,2026-07-07T06:02:16.549029+00:00,167.3,200,ask,,,10443551
2026-07-07T06:02:16.587605,2026-07-07T06:02:16.596046+00:00,167.5,5,bid,,,10443555
2026-07-07T06:02:16.587605,2026-07-07T06:02:16.596046+00:00,167.6,15,bid,,,10443556
2026-07-07T06:02:16.634957,2026-07-07T06:02:16.642894+00:00,167.6,8,bid,,,10443560
2026-07-07T06:02:16.802103,2026-07-07T06:02:16.812589+00:00,167.5,25,bid,,,10443563
2026-07-07T06:02:16.890729,2026-07-07T06:02:16.902418+00:00,167.3,8,ask,,,10443567
2026-07-07T06:02:16.954162,2026-07-07T06:02:16.963625+00:00,167.3,12,ask,,,10443569
2026-07-07T06:02:17.142271,2026-07-07T06:02:17.158614+00:00,167.5,12,bid,,,10443579
2026-07-07T06:02:17.510243,2026-07-07T06:02:17.521992+00:00,167.3,25,ask,,,10443593
2026-07-07T06:02:17.649501,2026-07-07T06:02:17.653707+00:00,167.5,8,bid,,,10443600
2026-07-07T06:02:17.817092,2026-07-07T06:02:17.828239+00:00,167.4,25,bid,,,10443608
2026-07-07T06:02:17.903559,2026-07-07T06:02:17.911357+00:00,167.4,20,bid,,,10443611
2026-07-07T06:02:18.194380,2026-07-07T06:02:18.206557+00:00,167.3,5,ask,,,10443613
2026-07-07T06:02:18.194380,2026-07-07T06:02:18.206557+00:00,167.3,20,ask,,,10443614
2026-07-07T06:02:18.508792,2026-07-07T06:02:18.516184+00:00,167.4,20,bid,,,10443625
2026-07-07T06:02:18.527653,2026-07-07T06:02:18.537147+00:00,167.4,25,bid,,,10443626
2026-07-07T06:02:18.649467,2026-07-07T06:02:18.663909+00:00,167.3,17,ask,,,10443629
2026-07-07T06:02:18.665101,2026-07-07T06:02:18.676866+00:00,167.3,8,ask,,,10443630
2026-07-07T06:02:18.724723,2026-07-07T06:02:18.732218+00:00,167.4,20,bid,,,10443631
2026-07-07T06:02:18.832983,2026-07-07T06:02:18.844747+00:00,167.4,17,bid,,,10443633
2026-07-07T06:02:19.202093,2026-07-07T06:02:19.213774+00:00,167.3,25,ask,,,10443643
2026-07-07T06:02:19.368737,2026-07-07T06:02:19.379756+00:00,167.4,12,bid,,,10443647
2026-07-07T06:02:19.430871,2026-07-07T06:02:19.442649+00:00,167.4,8,bid,,,10443648
2026-07-07T06:02:19.502650,2026-07-07T06:02:19.514439+00:00,167.4,25,bid,,,10443649
2026-07-07T06:02:19.620731,2026-07-07T06:02:19.632768+00:00,167.3,5,ask,,,10443652
2026-07-07T06:02:19.620731,2026-07-07T06:02:19.632768+00:00,167.2,12,ask,,,10443653
2026-07-07T06:02:19.669118,2026-07-07T06:02:19.679295+00:00,167.2,20,ask,,,10443654
2026-07-07T06:02:19.686322,2026-07-07T06:02:19.696261+00:00,167.2,8,ask,,,10443655
2026-07-07T06:02:19.800513,2026-07-07T06:02:19.810153+00:00,167.4,17,bid,,,10443658
2026-07-07T06:02:22.528573,2026-07-07T06:02:22.535230+00:00,167.3,200,bid,,,10443693
2026-07-07T06:02:22.589462,2026-07-07T06:02:22.599170+00:00,167.3,200,ask,,,10443696
2026-07-07T06:02:22.626201,2026-07-07T06:02:22.634137+00:00,167.3,25,ask,,,10443701
2026-07-07T06:02:22.707320,2026-07-07T06:02:22.719160+00:00,167.5,5,bid,,,10443703
2026-07-07T06:02:22.707320,2026-07-07T06:02:22.719160+00:00,167.5,3,bid,,,10443704
2026-07-07T06:02:23.025953,2026-07-07T06:02:23.033090+00:00,167.5,20,bid,,,10443712
2026-07-07T06:02:23.036571,2026-07-07T06:02:23.043865+00:00,167.5,25,bid,,,10443713
2026-07-07T06:02:23.731095,2026-07-07T06:02:23.740906+00:00,167.5,500,bid,,,10443727
2026-07-07T06:02:24.567603,2026-07-07T06:02:24.579002+00:00,167.6,200,bid,,,10443742
2026-07-07T06:02:24.661531,2026-07-07T06:02:24.673232+00:00,167.6,25,ask,,,10443744
2026-07-07T06:02:24.763824,2026-07-07T06:02:24.774306+00:00,167.8,5,bid,,,10443747
2026-07-07T06:02:24.763824,2026-07-07T06:02:24.774306+00:00,167.8,3,bid,,,10443748
2026-07-07T06:02:24.956407,2026-07-07T06:02:24.975415+00:00,167.8,25,bid,,,10443754
2026-07-07T06:02:28.167327,2026-07-07T06:02:28.175509+00:00,167.7,5,ask,,,10443816
2026-07-07T06:02:28.285452,2026-07-07T06:02:28.294969+00:00,167.6,3,ask,,,10443819
2026-07-07T06:02:28.291549,2026-07-07T06:02:28.299992+00:00,167.8,8,bid,,,10443820
2026-07-07T06:02:28.465837,2026-07-07T06:02:28.477478+00:00,167.8,8,bid,,,10443824
2026-07-07T06:02:28.669156,2026-07-07T06:02:28.679780+00:00,167.7,200,bid,,,10443829
2026-07-07T06:02:29.298661,2026-07-07T06:02:29.310907+00:00,167.7,8,bid,,,10443838
2026-07-07T06:02:29.312869,2026-07-07T06:02:29.321372+00:00,167.7,20,bid,,,10443839
2026-07-07T06:02:33.513258,2026-07-07T06:02:33.523897+00:00,167.7,200,bid,,,10443904
2026-07-07T06:02:33.961218,2026-07-07T06:02:33.973031+00:00,167.9,20,bid,,,10443911
2026-07-07T06:02:34.370293,2026-07-07T06:02:34.382136+00:00,167.9,20,bid,,,10443924
2026-07-07T06:02:35.549289,2026-07-07T06:02:35.553956+00:00,167.8,20,bid,,,10443937
2026-07-07T06:02:35.611090,2026-07-07T06:02:35.622574+00:00,167.8,8,bid,,,10443939
2026-07-07T06:02:38.362361,2026-07-07T06:02:38.370978+00:00,167.8,200,ask,,,10443987
2026-07-07T06:02:38.517968,2026-07-07T06:02:38.527859+00:00,167.8,25,ask,,,10443992
2026-07-07T06:02:38.749870,2026-07-07T06:02:38.758283+00:00,167.8,20,ask,,,10444002
2026-07-07T06:02:38.813137,2026-07-07T06:02:38.820456+00:00,168.0,25,bid,,,10444006
2026-07-07T06:02:38.909255,2026-07-07T06:02:38.918754+00:00,167.8,8,ask,,,10444008
2026-07-07T06:02:39.013253,2026-07-07T06:02:39.017103+00:00,167.9,11,bid,,,10444013
2026-07-07T06:02:39.372238,2026-07-07T06:02:39.379513+00:00,167.9,5,bid,,,10444015
2026-07-07T06:02:39.922817,2026-07-07T06:02:39.930118+00:00,167.9,8,bid,,,10444029
2026-07-07T06:02:40.223975,2026-07-07T06:02:40.235929+00:00,167.7,20,ask,,,10444034
2026-07-07T06:02:40.396408,2026-07-07T06:02:40.403271+00:00,167.9,5,bid,,,10444038
2026-07-07T06:02:40.800263,2026-07-07T06:02:40.804250+00:00,167.7,23,bid,,,10444043
2026-07-07T06:02:40.973506,2026-07-07T06:02:40.981122+00:00,167.7,25,bid,,,10444047
2026-07-07T06:02:41.194473,2026-07-07T06:02:41.201825+00:00,167.7,25,bid,,,10444052
2026-07-07T06:02:41.201791,2026-07-07T06:02:41.212449+00:00,167.7,8,bid,,,10444054
2026-07-07T06:02:41.306420,2026-07-07T06:02:41.313741+00:00,167.7,119,bid,,,10444056
2026-07-07T06:02:41.614251,2026-07-07T06:02:41.621039+00:00,167.8,5,ask,,,10444068
2026-07-07T06:02:41.614251,2026-07-07T06:02:41.626357+00:00,167.7,381,ask,,,10444069
2026-07-07T06:02:41.630296,2026-07-07T06:02:41.636821+00:00,167.7,8,bid,,,10444071
2026-07-07T06:02:41.902593,2026-07-07T06:02:41.911701+00:00,167.7,231,bid,,,10444074
2026-07-07T06:02:41.948607,2026-07-07T06:02:41.952317+00:00,167.7,37,ask,,,10444079
2026-07-07T06:02:41.963750,2026-07-07T06:02:41.973012+00:00,167.7,8,ask,,,10444080
2026-07-07T06:02:42.176802,2026-07-07T06:02:42.180652+00:00,167.8,3,bid,,,10444084
2026-07-07T06:02:42.344221,2026-07-07T06:02:42.354728+00:00,167.7,3,ask,,,10444091
2026-07-07T06:02:42.531527,2026-07-07T06:02:42.541140+00:00,167.8,3,bid,,,10444093
2026-07-07T06:02:42.672778,2026-07-07T06:02:42.681326+00:00,167.7,3,ask,,,10444097
2026-07-07T06:02:43.208134,2026-07-07T06:02:43.221727+00:00,167.7,20,bid,,,10444105
2026-07-07T06:02:43.344030,2026-07-07T06:02:43.348054+00:00,167.7,10,bid,,,10444107
2026-07-07T06:02:43.502849,2026-07-07T06:02:43.511097+00:00,167.6,10,ask,,,10444111
2026-07-07T06:02:43.678143,2026-07-07T06:02:43.689988+00:00,167.7,20,bid,,,10444116
2026-07-07T06:02:43.682267,2026-07-07T06:02:43.689988+00:00,167.7,10,bid,,,10444117
2026-07-07T06:02:43.800751,2026-07-07T06:02:43.812158+00:00,167.6,3,ask,,,10444123
2026-07-07T06:02:43.981421,2026-07-07T06:02:43.991262+00:00,167.7,3,bid,,,10444125
2026-07-07T06:02:44.191756,2026-07-07T06:02:44.201585+00:00,167.6,20,ask,,,10444134
2026-07-07T06:02:44.230523,2026-07-07T06:02:44.242097+00:00,167.7,137,bid,,,10444135
2026-07-07T06:02:44.412795,2026-07-07T06:02:44.419712+00:00,167.7,200,ask,,,10444137
2026-07-07T06:02:44.474389,2026-07-07T06:02:44.482265+00:00,167.7,25,ask,,,10444139
2026-07-07T06:02:45.597224,2026-07-07T06:02:45.601150+00:00,167.8,13,bid,,,10444157
2026-07-07T06:02:45.623954,2026-07-07T06:02:45.633257+00:00,167.7,5,ask,,,10444158
2026-07-07T06:02:45.642053,2026-07-07T06:02:45.646893+00:00,167.7,11,bid,,,10444160
2026-07-07T06:02:45.699966,2026-07-07T06:02:45.706912+00:00,167.7,23,bid,,,10444162
2026-07-07T06:02:46.611898,2026-07-07T06:02:46.619923+00:00,167.7,5,bid,,,10444170
2026-07-07T06:02:46.835414,2026-07-07T06:02:46.842247+00:00,167.6,200,ask,,,10444175
2026-07-07T06:02:47.755605,2026-07-07T06:02:47.763971+00:00,167.8,8,bid,,,10444185
2026-07-07T06:02:48.200911,2026-07-07T06:02:48.212575+00:00,167.6,5,ask,,,10444186
2026-07-07T06:02:49.511240,2026-07-07T06:02:49.521919+00:00,167.4,200,ask,,,10444210
2026-07-07T06:02:50.476271,2026-07-07T06:02:50.486991+00:00,167.2,20,ask,,,10444218
2026-07-07T06:02:51.456281,2026-07-07T06:02:51.460312+00:00,167.2,23,ask,,,10444237
2026-07-07T06:02:51.637302,2026-07-07T06:02:51.641057+00:00,167.3,11,ask,,,10444244
2026-07-07T06:02:51.746161,2026-07-07T06:02:51.757278+00:00,167.3,5,ask,,,10444248
2026-07-07T06:02:52.212860,2026-07-07T06:02:52.224542+00:00,167.4,500,bid,,,10444249
2026-07-07T06:02:52.567807,2026-07-07T06:02:52.575051+00:00,167.2,8,ask,,,10444261
2026-07-07T06:02:52.588647,2026-07-07T06:02:52.600387+00:00,167.2,20,ask,,,10444262
2026-07-07T06:02:52.809643,2026-07-07T06:02:52.817413+00:00,167.3,5,bid,,,10444265
2026-07-07T06:02:52.809643,2026-07-07T06:02:52.822372+00:00,167.4,125,bid,,,10444266
2026-07-07T06:02:52.844696,2026-07-07T06:02:52.848369+00:00,167.4,11,ask,,,10444270
2026-07-07T06:02:53.060106,2026-07-07T06:02:53.071801+00:00,167.4,25,ask,,,10444275
2026-07-07T06:02:53.087215,2026-07-07T06:02:53.097843+00:00,167.4,8,ask,,,10444278
2026-07-07T06:02:53.279908,2026-07-07T06:02:53.288077+00:00,167.4,25,ask,,,10444279
2026-07-07T06:02:53.289715,2026-07-07T06:02:53.298251+00:00,167.5,8,bid,,,10444281
2026-07-07T06:02:53.417387,2026-07-07T06:02:53.424161+00:00,167.5,192,bid,,,10444282
2026-07-07T06:02:53.798766,2026-07-07T06:02:53.805886+00:00,167.5,5,ask,,,10444284
2026-07-07T06:02:54.117373,2026-07-07T06:02:54.126886+00:00,167.6,200,ask,,,10444294
2026-07-07T06:02:54.140913,2026-07-07T06:02:54.158584+00:00,167.6,25,ask,,,10444295
2026-07-07T06:02:54.364870,2026-07-07T06:02:54.376120+00:00,167.6,25,ask,,,10444298
2026-07-07T06:02:55.338600,2026-07-07T06:02:55.342307+00:00,167.5,11,bid,,,10444317
2026-07-07T06:02:58.670642,2026-07-07T06:02:58.680695+00:00,167.4,200,ask,,,10444366
2026-07-07T06:02:58.880572,2026-07-07T06:02:58.890124+00:00,167.1,5,ask,,,10444370
2026-07-07T06:02:58.880572,2026-07-07T06:02:58.895590+00:00,167.1,3,ask,,,10444371
2026-07-07T06:02:58.962985,2026-07-07T06:02:58.972909+00:00,167.4,200,bid,,,10444373
2026-07-07T06:02:59.983238,2026-07-07T06:02:59.993324+00:00,167.3,5,bid,,,10444393
2026-07-07T06:03:01.049490,2026-07-07T06:03:01.053331+00:00,167.4,20,ask,,,10444409
2026-07-07T06:03:01.309431,2026-07-07T06:03:01.318838+00:00,167.5,5,bid,,,10444413
2026-07-07T06:03:03.146583,2026-07-07T06:03:03.158619+00:00,167.6,5,ask,,,10444445
2026-07-07T06:03:03.214586,2026-07-07T06:03:03.223900+00:00,167.6,20,ask,,,10444451
2026-07-07T06:03:04.134797,2026-07-07T06:03:04.146605+00:00,167.7,8,bid,,,10444470
2026-07-07T06:03:05.235943,2026-07-07T06:03:05.246879+00:00,167.6,200,ask,,,10444487
2026-07-07T06:03:06.809815,2026-07-07T06:03:06.819103+00:00,167.4,20,ask,,,10444516
2026-07-07T06:03:07.179422,2026-07-07T06:03:07.189164+00:00,167.4,8,ask,,,10444522
2026-07-07T06:03:07.441825,2026-07-07T06:03:07.449347+00:00,167.4,8,ask,,,10444527
2026-07-07T06:03:08.927421,2026-07-07T06:03:08.939359+00:00,167.4,20,ask,,,10444538
2026-07-07T06:03:11.071908,2026-07-07T06:03:11.079187+00:00,167.6,5,bid,,,10444574
2026-07-07T06:03:11.071908,2026-07-07T06:03:11.084647+00:00,167.6,195,bid,,,10444575
2026-07-07T06:03:12.283053,2026-07-07T06:03:12.290339+00:00,167.6,5,bid,,,10444590
2026-07-07T06:03:12.304371,2026-07-07T06:03:12.308128+00:00,167.6,23,ask,,,10444596
2026-07-07T06:03:12.453854,2026-07-07T06:03:12.463841+00:00,167.6,25,ask,,,10444603
2026-07-07T06:03:12.678155,2026-07-07T06:03:12.688645+00:00,167.6,23,ask,,,10444605
2026-07-07T06:03:12.688442,2026-07-07T06:03:12.698901+00:00,167.7,21,bid,,,10444607
2026-07-07T06:03:13.111514,2026-07-07T06:03:13.122858+00:00,167.6,124,ask,,,10444611
2026-07-07T06:03:13.493586,2026-07-07T06:03:13.500660+00:00,167.6,200,bid,,,10444615
2026-07-07T06:03:13.721941,2026-07-07T06:03:13.734051+00:00,167.4,5,ask,,,10444625
2026-07-07T06:03:14.000805,2026-07-07T06:03:14.012593+00:00,167.3,3,ask,,,10444629
2026-07-07T06:03:15.748937,2026-07-07T06:03:15.759239+00:00,167.7,200,bid,,,10444654
2026-07-07T06:03:15.769495,2026-07-07T06:03:15.781055+00:00,167.7,8,ask,,,10444655
2026-07-07T06:03:20.053689,2026-07-07T06:03:20.047904+00:00,167.7,20,ask,,,10444701
2026-07-07T06:03:20.071187,2026-07-07T06:03:20.081633+00:00,167.7,8,ask,,,10444702
2026-07-07T06:03:21.885787,2026-07-07T06:03:21.896643+00:00,167.7,200,ask,,,10444731
2026-07-07T06:03:21.885787,2026-07-07T06:03:21.896643+00:00,167.7,300,ask,,,10444732
2026-07-07T06:03:21.954695,2026-07-07T06:03:21.958596+00:00,167.7,200,ask,,,10444733
2026-07-07T06:03:24.297906,2026-07-07T06:03:24.309203+00:00,167.5,200,ask,,,10444779
2026-07-07T06:03:24.297906,2026-07-07T06:03:24.309203+00:00,167.5,300,ask,,,10444780
2026-07-07T06:03:24.888762,2026-07-07T06:03:24.899701+00:00,167.5,325,ask,,,10444785
2026-07-07T06:03:24.909488,2026-07-07T06:03:24.920815+00:00,167.4,200,ask,,,10444786
2026-07-07T06:03:24.909488,2026-07-07T06:03:24.920815+00:00,167.2,5,ask,,,10444787
2026-07-07T06:03:24.927161,2026-07-07T06:03:24.931924+00:00,167.1,23,bid,,,10444789
2026-07-07T06:03:25.582745,2026-07-07T06:03:25.592870+00:00,167.1,200,bid,,,10444798
2026-07-07T06:03:26.247150,2026-07-07T06:03:26.251191+00:00,167.1,40,ask,,,10444807
2026-07-07T06:03:26.354692,2026-07-07T06:03:26.358565+00:00,167.1,21,ask,,,10444809
2026-07-07T06:03:26.365484,2026-07-07T06:03:26.375105+00:00,167.3,5,bid,,,10444812
2026-07-07T06:03:26.365484,2026-07-07T06:03:26.375105+00:00,167.3,15,bid,,,10444813
2026-07-07T06:03:26.382518,2026-07-07T06:03:26.390909+00:00,167.1,3,ask,,,10444816
2026-07-07T06:03:26.586433,2026-07-07T06:03:26.594832+00:00,167.1,20,ask,,,10444820
2026-07-07T06:03:26.794642,2026-07-07T06:03:26.805588+00:00,167.3,200,bid,,,10444827
2026-07-07T06:03:26.955701,2026-07-07T06:03:26.963736+00:00,167.1,5,ask,,,10444829
2026-07-07T06:03:27.984984,2026-07-07T06:03:27.996386+00:00,167.2,5,ask,,,10444857
2026-07-07T06:03:29.010382,2026-07-07T06:03:29.019610+00:00,167.3,5,ask,,,10444870
2026-07-07T06:03:29.217629,2026-07-07T06:03:29.225807+00:00,167.4,200,bid,,,10444872
2026-07-07T06:03:29.365553,2026-07-07T06:03:29.369309+00:00,167.4,6,bid,,,10444878
2026-07-07T06:03:29.741990,2026-07-07T06:03:29.749603+00:00,167.3,500,ask,,,10444887
2026-07-07T06:03:30.341113,2026-07-07T06:03:30.367697+00:00,167.4,5,ask,,,10444895
2026-07-07T06:03:30.363971,2026-07-07T06:03:30.367697+00:00,167.3,11,bid,,,10444897
2026-07-07T06:03:30.575998,2026-07-07T06:03:30.587845+00:00,167.3,20,bid,,,10444903
2026-07-07T06:03:32.154561,2026-07-07T06:03:32.174666+00:00,167.2,5,ask,,,10444933
2026-07-07T06:03:32.170455,2026-07-07T06:03:32.174666+00:00,167.2,12,bid,,,10444935
2026-07-07T06:03:32.692454,2026-07-07T06:03:32.700232+00:00,167.2,6,bid,,,10444943
2026-07-07T06:03:32.699416,2026-07-07T06:03:32.710457+00:00,167.2,20,bid,,,10444944
2026-07-07T06:03:32.796774,2026-07-07T06:03:32.804205+00:00,167.2,500,bid,,,10444946
2026-07-07T06:03:33.992289,2026-07-07T06:03:34.002849+00:00,167.0,5,ask,,,10444964
2026-07-07T06:03:34.054031,2026-07-07T06:03:34.058605+00:00,167.0,200,bid,,,10444965
2026-07-07T06:03:35.007551,2026-07-07T06:03:35.019487+00:00,167.0,20,bid,,,10444977
2026-07-07T06:03:35.202219,2026-07-07T06:03:35.213631+00:00,166.8,500,ask,,,10444980
2026-07-07T06:03:35.437990,2026-07-07T06:03:35.445670+00:00,166.9,200,ask,,,10444987
2026-07-07T06:03:35.437990,2026-07-07T06:03:35.461034+00:00,166.8,5,ask,,,10444988
2026-07-07T06:03:35.456914,2026-07-07T06:03:35.461034+00:00,166.8,22,bid,,,10444990
2026-07-07T06:03:35.497616,2026-07-07T06:03:35.504454+00:00,166.8,25,bid,,,10444993
2026-07-07T06:03:35.508522,2026-07-07T06:03:35.520140+00:00,166.8,8,bid,,,10444995
2026-07-07T06:03:36.468532,2026-07-07T06:03:36.477410+00:00,166.8,200,bid,,,10445006
2026-07-07T06:03:36.747472,2026-07-07T06:03:36.758536+00:00,166.9,5,bid,,,10445013
2026-07-07T06:03:36.764581,2026-07-07T06:03:36.768527+00:00,166.9,34,ask,,,10445016
2026-07-07T06:03:36.780519,2026-07-07T06:03:36.789258+00:00,166.9,25,ask,,,10445017
2026-07-07T06:03:36.793015,2026-07-07T06:03:36.799713+00:00,167.0,4,bid,,,10445020
2026-07-07T06:03:37.540950,2026-07-07T06:03:37.552925+00:00,167.0,20,bid,,,10445034
2026-07-07T06:03:37.689930,2026-07-07T06:03:37.697982+00:00,166.9,200,ask,,,10445037
2026-07-07T06:03:38.074313,2026-07-07T06:03:38.077896+00:00,166.8,8,bid,,,10445047
2026-07-07T06:03:38.338442,2026-07-07T06:03:38.349548+00:00,166.7,8,ask,,,10445051
2026-07-07T06:03:38.895375,2026-07-07T06:03:38.903135+00:00,166.8,200,bid,,,10445059
2026-07-07T06:03:40.678779,2026-07-07T06:03:40.686268+00:00,166.8,200,ask,,,10445082
2026-07-07T06:03:43.157913,2026-07-07T06:03:43.169571+00:00,166.6,3,ask,,,10445128
2026-07-07T06:03:44.129894,2026-07-07T06:03:44.141579+00:00,166.7,20,ask,,,10445137
2026-07-07T06:03:45.367775,2026-07-07T06:03:45.376236+00:00,166.5,5,ask,,,10445163
2026-07-07T06:03:45.367775,2026-07-07T06:03:45.376236+00:00,166.5,15,ask,,,10445164
2026-07-07T06:03:49.772656,2026-07-07T06:03:49.781820+00:00,166.6,200,bid,,,10445236
2026-07-07T06:03:50.981846,2026-07-07T06:03:50.989711+00:00,166.6,5,bid,,,10445249
2026-07-07T06:03:51.000481,2026-07-07T06:03:51.004145+00:00,166.6,8,ask,,,10445252
2026-07-07T06:03:51.113053,2026-07-07T06:03:51.123166+00:00,166.6,24,ask,,,10445254
2026-07-07T06:03:51.156340,2026-07-07T06:03:51.164065+00:00,166.6,163,ask,,,10445256
2026-07-07T06:03:52.190465,2026-07-07T06:03:52.200443+00:00,166.4,5,bid,,,10445281
2026-07-07T06:03:53.402996,2026-07-07T06:03:53.424395+00:00,166.5,5,bid,,,10445295
2026-07-07T06:03:53.420122,2026-07-07T06:03:53.424395+00:00,166.5,11,ask,,,10445297
2026-07-07T06:03:54.562826,2026-07-07T06:03:54.574014+00:00,166.5,184,ask,,,10445311
2026-07-07T06:03:55.080467,2026-07-07T06:03:55.088323+00:00,166.4,316,bid,,,10445317
2026-07-07T06:03:55.157183,2026-07-07T06:03:55.168917+00:00,166.4,309,ask,,,10445318
2026-07-07T06:03:58.705979,2026-07-07T06:03:58.714426+00:00,166.4,20,bid,,,10445364
2026-07-07T06:04:03.045745,2026-07-07T06:04:03.058629+00:00,166.3,200,bid,,,10445423
2026-07-07T06:04:03.045745,2026-07-07T06:04:03.058629+00:00,166.3,300,bid,,,10445424
2026-07-07T06:04:03.639022,2026-07-07T06:04:03.648117+00:00,166.3,325,bid,,,10445437
2026-07-07T06:04:04.248619,2026-07-07T06:04:04.258551+00:00,166.4,200,bid,,,10445447
2026-07-07T06:04:04.334803,2026-07-07T06:04:04.345184+00:00,166.5,5,bid,,,10445449
2026-07-07T06:04:04.334803,2026-07-07T06:04:04.345184+00:00,166.5,3,bid,,,10445450
2026-07-07T06:04:05.579940,2026-07-07T06:04:05.591400+00:00,166.5,200,bid,,,10445468
2026-07-07T06:04:06.698261,2026-07-07T06:04:06.708945+00:00,166.5,200,ask,,,10445491
2026-07-07T06:04:07.264673,2026-07-07T06:04:07.274098+00:00,166.5,500,bid,,,10445497
2026-07-07T06:04:10.334633,2026-07-07T06:04:10.345911+00:00,166.5,200,ask,,,10445549
2026-07-07T06:04:10.529272,2026-07-07T06:04:10.533308+00:00,166.8,11,bid,,,10445557
2026-07-07T06:04:10.621116,2026-07-07T06:04:10.627802+00:00,166.8,20,bid,,,10445561
2026-07-07T06:04:10.705348,2026-07-07T06:04:10.714753+00:00,166.8,8,bid,,,10445563
2026-07-07T06:04:10.918710,2026-07-07T06:04:10.927706+00:00,166.8,20,bid,,,10445564
2026-07-07T06:04:11.370415,2026-07-07T06:04:11.379229+00:00,166.8,5,bid,,,10445573
2026-07-07T06:04:11.557052,2026-07-07T06:04:11.560676+00:00,166.7,12,bid,,,10445576
2026-07-07T06:04:12.398534,2026-07-07T06:04:12.407642+00:00,166.7,5,bid,,,10445585
2026-07-07T06:04:13.969784,2026-07-07T06:04:13.981116+00:00,166.7,200,ask,,,10445608
2026-07-07T06:04:14.993694,2026-07-07T06:04:15.001020+00:00,166.8,8,bid,,,10445622
2026-07-07T06:04:15.552336,2026-07-07T06:04:15.563988+00:00,166.8,2,bid,,,10445634
2026-07-07T06:04:16.392463,2026-07-07T06:04:16.399397+00:00,166.8,200,bid,,,10445641
2026-07-07T06:04:16.862774,2026-07-07T06:04:16.874463+00:00,166.6,5,ask,,,10445650
2026-07-07T06:04:19.038793,2026-07-07T06:04:19.050670+00:00,166.9,8,bid,,,10445685
2026-07-07T06:04:19.294355,2026-07-07T06:04:19.301858+00:00,166.7,8,ask,,,10445692
2026-07-07T06:04:20.016540,2026-07-07T06:04:20.019112+00:00,166.8,200,bid,,,10445704
2026-07-07T06:04:20.663588,2026-07-07T06:04:20.670651+00:00,166.8,2,bid,,,10445714
2026-07-07T06:04:21.089199,2026-07-07T06:04:21.098036+00:00,166.8,20,bid,,,10445725
2026-07-07T06:04:21.310614,2026-07-07T06:04:21.322167+00:00,166.8,8,bid,,,10445726
2026-07-07T06:04:22.616500,2026-07-07T06:04:22.636114+00:00,166.6,5,ask,,,10445742
2026-07-07T06:04:22.632103,2026-07-07T06:04:22.636114+00:00,166.6,11,bid,,,10445744
2026-07-07T06:04:22.723275,2026-07-07T06:04:22.732179+00:00,166.6,5,bid,,,10445745
2026-07-07T06:04:23.338391,2026-07-07T06:04:23.346298+00:00,166.5,8,ask,,,10445764
2026-07-07T06:04:24.853393,2026-07-07T06:04:24.858591+00:00,166.6,200,bid,,,10445781
2026-07-07T06:04:26.069578,2026-07-07T06:04:26.077198+00:00,166.5,200,ask,,,10445801
2026-07-07T06:04:26.173939,2026-07-07T06:04:26.183069+00:00,166.8,20,bid,,,10445802
2026-07-07T06:04:26.389216,2026-07-07T06:04:26.393458+00:00,166.5,23,ask,,,10445811
2026-07-07T06:04:26.424450,2026-07-07T06:04:26.435359+00:00,166.5,25,ask,,,10445812
2026-07-07T06:04:26.434336,2026-07-07T06:04:26.445561+00:00,166.8,11,bid,,,10445814
2026-07-07T06:04:26.615530,2026-07-07T06:04:26.627290+00:00,166.5,8,ask,,,10445817
2026-07-07T06:04:27.279504,2026-07-07T06:04:27.289873+00:00,166.5,200,ask,,,10445826
2026-07-07T06:04:27.516926,2026-07-07T06:04:27.524965+00:00,166.5,20,ask,,,10445833
2026-07-07T06:04:27.631418,2026-07-07T06:04:27.643292+00:00,166.5,8,ask,,,10445834
2026-07-07T06:04:28.309991,2026-07-07T06:04:28.321901+00:00,166.6,20,ask,,,10445847
2026-07-07T06:04:28.493176,2026-07-07T06:04:28.501236+00:00,166.6,200,ask,,,10445853
2026-07-07T06:04:29.077378,2026-07-07T06:04:29.088707+00:00,166.6,405,ask,,,10445858
2026-07-07T06:04:29.712512,2026-07-07T06:04:29.724664+00:00,166.4,8,ask,,,10445872
2026-07-07T06:04:30.523142,2026-07-07T06:04:30.534853+00:00,166.4,192,ask,,,10445891
2026-07-07T06:04:32.794504,2026-07-07T06:04:32.798407+00:00,166.3,11,ask,,,10445924
2026-07-07T06:04:32.947110,2026-07-07T06:04:32.958550+00:00,166.4,20,bid,,,10445930
2026-07-07T06:04:32.953362,2026-07-07T06:04:32.958550+00:00,166.3,10,ask,,,10445931
2026-07-07T06:04:33.036333,2026-07-07T06:04:33.044850+00:00,166.3,5,ask,,,10445935
2026-07-07T06:04:34.563998,2026-07-07T06:04:34.574896+00:00,166.4,5,bid,,,10445967
2026-07-07T06:04:34.580834,2026-07-07T06:04:34.584536+00:00,166.4,6,ask,,,10445969
2026-07-07T06:04:35.093622,2026-07-07T06:04:35.104600+00:00,166.4,5,ask,,,10445975
2026-07-07T06:04:35.813532,2026-07-07T06:04:35.825329+00:00,166.5,20,bid,,,10445990
2026-07-07T06:04:39.695462,2026-07-07T06:04:39.705829+00:00,166.4,200,ask,,,10446043
2026-07-07T06:04:42.204015,2026-07-07T06:04:42.215792+00:00,166.3,20,bid,,,10446086
2026-07-07T06:04:42.274168,2026-07-07T06:04:42.280804+00:00,166.3,5,bid,,,10446088
2026-07-07T06:04:42.314097,2026-07-07T06:04:42.320806+00:00,166.3,175,bid,,,10446089
2026-07-07T06:04:42.411173,2026-07-07T06:04:42.423048+00:00,166.3,20,ask,,,10446090
2026-07-07T06:04:43.030990,2026-07-07T06:04:43.042387+00:00,166.3,200,ask,,,10446107
2026-07-07T06:04:43.795994,2026-07-07T06:04:43.800289+00:00,166.2,5,bid,,,10446123
2026-07-07T06:04:44.039532,2026-07-07T06:04:44.049053+00:00,166.1,5,ask,,,10446124
2026-07-07T06:04:44.237735,2026-07-07T06:04:44.247441+00:00,166.2,200,bid,,,10446131
2026-07-07T06:04:45.446920,2026-07-07T06:04:45.458598+00:00,166.2,200,bid,,,10446147
2026-07-07T06:04:47.560959,2026-07-07T06:04:47.569250+00:00,166.2,200,ask,,,10446179
2026-07-07T06:04:47.866333,2026-07-07T06:04:47.874188+00:00,166.2,200,bid,,,10446186
2026-07-07T06:04:48.600104,2026-07-07T06:04:48.606832+00:00,166.2,8,bid,,,10446203
2026-07-07T06:04:48.684783,2026-07-07T06:04:48.691185+00:00,166.2,20,bid,,,10446208
2026-07-07T06:04:49.615785,2026-07-07T06:04:49.627658+00:00,166.2,8,ask,,,10446226
2026-07-07T06:04:50.455371,2026-07-07T06:04:50.467114+00:00,166.2,20,ask,,,10446243
2026-07-07T06:04:51.508964,2026-07-07T06:04:51.518851+00:00,166.2,200,ask,,,10446257
2026-07-07T06:04:51.725465,2026-07-07T06:04:51.729818+00:00,166.2,12,bid,,,10446262
2026-07-07T06:04:52.710432,2026-07-07T06:04:52.721695+00:00,166.2,200,bid,,,10446288
2026-07-07T06:04:54.892263,2026-07-07T06:04:54.899787+00:00,166.3,20,bid,,,10446325
2026-07-07T06:04:55.133287,2026-07-07T06:04:55.144530+00:00,166.3,200,bid,,,10446329
2026-07-07T06:04:55.152497,2026-07-07T06:04:55.163750+00:00,166.3,8,bid,,,10446331
2026-07-07T06:04:56.061138,2026-07-07T06:04:56.070397+00:00,166.3,5,ask,,,10446353
2026-07-07T06:04:59.137451,2026-07-07T06:04:59.145780+00:00,166.6,20,bid,,,10446390
2026-07-07T06:04:59.373928,2026-07-07T06:04:59.385419+00:00,166.6,180,bid,,,10446395
2026-07-07T06:05:00.143382,2026-07-07T06:05:00.164024+00:00,166.8,20,bid,,,10446412
2026-07-07T06:05:00.550934,2026-07-07T06:05:00.557763+00:00,166.7,445,ask,,,10446419
2026-07-07T06:05:00.686664,2026-07-07T06:05:00.697026+00:00,166.6,5,ask,,,10446422
2026-07-07T06:05:00.706846,2026-07-07T06:05:00.711355+00:00,166.6,8,bid,,,10446425
2026-07-07T06:05:00.749918,2026-07-07T06:05:00.759524+00:00,166.5,8,ask,,,10446426
2026-07-07T06:05:01.239440,2026-07-07T06:05:01.243699+00:00,166.6,15,bid,,,10446437
2026-07-07T06:05:01.262716,2026-07-07T06:05:01.269468+00:00,166.6,8,bid,,,10446438
2026-07-07T06:05:01.275165,2026-07-07T06:05:01.285258+00:00,166.6,20,bid,,,10446440
2026-07-07T06:05:01.790210,2026-07-07T06:05:01.797846+00:00,166.6,8,bid,,,10446448
2026-07-07T06:05:01.888272,2026-07-07T06:05:01.896872+00:00,166.6,5,bid,,,10446455
2026-07-07T06:05:02.633858,2026-07-07T06:05:02.645093+00:00,166.4,20,ask,,,10446467
2026-07-07T06:05:03.619467,2026-07-07T06:05:03.628210+00:00,166.5,5,ask,,,10446475
2026-07-07T06:05:03.619467,2026-07-07T06:05:03.628210+00:00,166.5,195,ask,,,10446476
2026-07-07T06:05:04.847406,2026-07-07T06:05:04.851169+00:00,166.6,11,bid,,,10446500
2026-07-07T06:05:04.969488,2026-07-07T06:05:04.980499+00:00,166.6,5,bid,,,10446501
2026-07-07T06:05:04.984235,2026-07-07T06:05:04.991046+00:00,166.6,25,bid,,,10446503
2026-07-07T06:05:05.206172,2026-07-07T06:05:05.213853+00:00,166.6,25,bid,,,10446505
2026-07-07T06:05:05.400534,2026-07-07T06:05:05.411765+00:00,166.6,20,bid,,,10446507
2026-07-07T06:05:05.424440,2026-07-07T06:05:05.433438+00:00,166.6,25,bid,,,10446509
2026-07-07T06:05:05.645182,2026-07-07T06:05:05.658645+00:00,166.6,25,bid,,,10446513
2026-07-07T06:05:05.867705,2026-07-07T06:05:05.878596+00:00,166.6,20,bid,,,10446518
2026-07-07T06:05:06.000558,2026-07-07T06:05:06.009395+00:00,166.5,500,ask,,,10446520
2026-07-07T06:05:06.615009,2026-07-07T06:05:06.641690+00:00,166.5,125,ask,,,10446533
2026-07-07T06:05:06.615009,2026-07-07T06:05:06.641690+00:00,166.5,5,ask,,,10446534
2026-07-07T06:05:06.637604,2026-07-07T06:05:06.641690+00:00,166.5,12,bid,,,10446536
2026-07-07T06:05:07.240866,2026-07-07T06:05:07.248686+00:00,166.4,200,ask,,,10446542
2026-07-07T06:05:07.240866,2026-07-07T06:05:07.258855+00:00,166.3,5,ask,,,10446543
2026-07-07T06:05:07.247093,2026-07-07T06:05:07.264220+00:00,166.3,200,bid,,,10446544
2026-07-07T06:05:07.611975,2026-07-07T06:05:07.616214+00:00,166.0,12,ask,,,10446550
2026-07-07T06:05:07.618153,2026-07-07T06:05:07.631453+00:00,166.0,8,ask,,,10446551
2026-07-07T06:05:08.454401,2026-07-07T06:05:08.475619+00:00,166.2,5,bid,,,10446564
2026-07-07T06:05:08.471817,2026-07-07T06:05:08.475619+00:00,166.2,22,ask,,,10446566
2026-07-07T06:05:09.108769,2026-07-07T06:05:09.120140+00:00,166.2,5,ask,,,10446575
2026-07-07T06:05:09.578583,2026-07-07T06:05:09.590403+00:00,166.4,20,bid,,,10446581
2026-07-07T06:05:10.854799,2026-07-07T06:05:10.858536+00:00,166.3,5,bid,,,10446601
2026-07-07T06:05:11.176356,2026-07-07T06:05:11.196718+00:00,166.3,200,ask,,,10446613
2026-07-07T06:05:11.193030,2026-07-07T06:05:11.196718+00:00,166.2,11,bid,,,10446615
2026-07-07T06:05:11.316337,2026-07-07T06:05:11.325511+00:00,166.1,5,ask,,,10446616
2026-07-07T06:05:11.532597,2026-07-07T06:05:11.541022+00:00,165.9,6,ask,,,10446619
2026-07-07T06:05:12.084213,2026-07-07T06:05:12.091508+00:00,166.2,200,bid,,,10446626
2026-07-07T06:05:12.790718,2026-07-07T06:05:12.799479+00:00,166.3,5,bid,,,10446641
2026-07-07T06:05:12.790718,2026-07-07T06:05:12.799479+00:00,166.3,55,bid,,,10446642
2026-07-07T06:05:12.799837,2026-07-07T06:05:12.809987+00:00,166.3,60,bid,,,10446643
2026-07-07T06:05:13.910599,2026-07-07T06:05:13.918098+00:00,166.2,11,bid,,,10446656
2026-07-07T06:05:19.140296,2026-07-07T06:05:19.158592+00:00,166.3,20,bid,,,10446730
2026-07-07T06:05:19.359033,2026-07-07T06:05:19.368892+00:00,166.2,200,ask,,,10446733
2026-07-07T06:05:20.264788,2026-07-07T06:05:20.272727+00:00,166.3,8,bid,,,10446742
2026-07-07T06:05:20.439233,2026-07-07T06:05:20.447487+00:00,166.2,5,bid,,,10446750
2026-07-07T06:05:21.782216,2026-07-07T06:05:21.789714+00:00,166.1,200,ask,,,10446771
2026-07-07T06:05:23.069774,2026-07-07T06:05:23.076943+00:00,166.2,5,bid,,,10446797
2026-07-07T06:05:23.575418,2026-07-07T06:05:23.584978+00:00,166.2,3,bid,,,10446803
2026-07-07T06:05:24.582304,2026-07-07T06:05:24.593269+00:00,166.1,8,ask,,,10446821
2026-07-07T06:05:24.629296,2026-07-07T06:05:24.638783+00:00,166.1,20,ask,,,10446822
2026-07-07T06:05:25.413793,2026-07-07T06:05:25.420892+00:00,166.2,200,bid,,,10446843
2026-07-07T06:05:26.599275,2026-07-07T06:05:26.611112+00:00,166.0,8,ask,,,10446859
2026-07-07T06:05:27.809520,2026-07-07T06:05:27.820402+00:00,166.1,200,ask,,,10446873
2026-07-07T06:05:27.809520,2026-07-07T06:05:27.820402+00:00,166.1,300,ask,,,10446874
2026-07-07T06:05:27.841306,2026-07-07T06:05:27.848041+00:00,166.1,200,ask,,,10446877
2026-07-07T06:05:30.595198,2026-07-07T06:05:30.606905+00:00,165.9,20,ask,,,10446923
2026-07-07T06:05:31.753916,2026-07-07T06:05:31.752138+00:00,165.8,20,ask,,,10446944
2026-07-07T06:05:32.979842,2026-07-07T06:05:32.990071+00:00,165.9,20,bid,,,10446964
2026-07-07T06:05:33.321079,2026-07-07T06:05:33.332721+00:00,165.8,20,ask,,,10446967
2026-07-07T06:05:34.770190,2026-07-07T06:05:34.777815+00:00,165.9,200,bid,,,10446996
2026-07-07T06:05:35.057493,2026-07-07T06:05:35.066406+00:00,165.9,425,ask,,,10447001
2026-07-07T06:05:36.304169,2026-07-07T06:05:36.315771+00:00,165.8,200,bid,,,10447018
2026-07-07T06:05:37.190839,2026-07-07T06:05:37.200848+00:00,165.8,8,bid,,,10447036
2026-07-07T06:05:38.940851,2026-07-07T06:05:38.952754+00:00,165.8,20,bid,,,10447050
2026-07-07T06:05:39.451944,2026-07-07T06:05:39.459609+00:00,165.8,8,bid,,,10447064
2026-07-07T06:05:41.482627,2026-07-07T06:05:41.493848+00:00,165.7,8,bid,,,10447097
2026-07-07T06:05:42.346216,2026-07-07T06:05:42.349852+00:00,165.7,11,bid,,,10447112
2026-07-07T06:05:42.359308,2026-07-07T06:05:42.375739+00:00,165.6,200,ask,,,10447113
2026-07-07T06:05:43.506729,2026-07-07T06:05:43.518725+00:00,165.7,8,bid,,,10447136
2026-07-07T06:05:43.593091,2026-07-07T06:05:43.597978+00:00,165.6,12,bid,,,10447139
2026-07-07T06:05:43.936968,2026-07-07T06:05:43.948730+00:00,165.5,5,ask,,,10447150
2026-07-07T06:05:43.956089,2026-07-07T06:05:43.960761+00:00,165.5,11,bid,,,10447152
2026-07-07T06:05:44.030495,2026-07-07T06:05:44.040359+00:00,165.5,3,bid,,,10447154
2026-07-07T06:05:44.261829,2026-07-07T06:05:44.271421+00:00,165.5,5,bid,,,10447156
2026-07-07T06:05:44.291978,2026-07-07T06:05:44.303527+00:00,165.5,3,bid,,,10447161
2026-07-07T06:05:44.552455,2026-07-07T06:05:44.558603+00:00,165.5,3,bid,,,10447166
2026-07-07T06:05:44.812275,2026-07-07T06:05:44.819408+00:00,165.5,3,bid,,,10447172
2026-07-07T06:05:45.072662,2026-07-07T06:05:45.080496+00:00,165.5,3,bid,,,10447176
2026-07-07T06:05:45.606568,2026-07-07T06:05:45.614120+00:00,165.6,8,bid,,,10447187
2026-07-07T06:05:45.999279,2026-07-07T06:05:46.010982+00:00,165.6,200,bid,,,10447195
2026-07-07T06:05:46.308510,2026-07-07T06:05:46.318117+00:00,165.4,20,ask,,,10447199
2026-07-07T06:05:47.914970,2026-07-07T06:05:47.926476+00:00,165.8,5,bid,,,10447219
2026-07-07T06:05:48.169620,2026-07-07T06:05:48.181566+00:00,165.9,3,bid,,,10447223
2026-07-07T06:05:48.439676,2026-07-07T06:05:48.444270+00:00,165.8,11,ask,,,10447232
2026-07-07T06:05:48.693769,2026-07-07T06:05:48.705582+00:00,165.8,20,ask,,,10447237
2026-07-07T06:05:48.914030,2026-07-07T06:05:48.925298+00:00,165.9,20,bid,,,10447239
2026-07-07T06:05:49.689717,2026-07-07T06:05:49.701421+00:00,165.8,60,ask,,,10447256
2026-07-07T06:05:49.695742,2026-07-07T06:05:49.706460+00:00,165.8,60,ask,,,10447257
2026-07-07T06:05:50.194916,2026-07-07T06:05:50.206410+00:00,165.8,80,ask,,,10447259
2026-07-07T06:05:50.212501,2026-07-07T06:05:50.216583+00:00,165.8,11,bid,,,10447261
2026-07-07T06:05:50.435973,2026-07-07T06:05:50.447736+00:00,165.8,3,bid,,,10447269
2026-07-07T06:05:50.696433,2026-07-07T06:05:50.703903+00:00,165.8,3,bid,,,10447273
2026-07-07T06:05:50.794315,2026-07-07T06:05:50.815617+00:00,165.7,5,ask,,,10447274
2026-07-07T06:05:50.811930,2026-07-07T06:05:50.815617+00:00,165.7,12,bid,,,10447276
2026-07-07T06:05:50.847658,2026-07-07T06:05:50.854692+00:00,165.7,200,bid,,,10447278
2026-07-07T06:05:50.957140,2026-07-07T06:05:50.957998+00:00,165.7,3,bid,,,10447281
2026-07-07T06:05:51.217869,2026-07-07T06:05:51.229294+00:00,165.7,3,bid,,,10447287
2026-07-07T06:05:51.238612,2026-07-07T06:05:51.258604+00:00,165.5,20,ask,,,10447288
2026-07-07T06:05:51.486121,2026-07-07T06:05:51.494431+00:00,165.8,11,bid,,,10447298
2026-07-07T06:05:53.270057,2026-07-07T06:05:53.280812+00:00,165.8,200,bid,,,10447326
2026-07-07T06:05:54.266231,2026-07-07T06:05:54.274588+00:00,165.8,8,bid,,,10447339
2026-07-07T06:05:58.120478,2026-07-07T06:05:58.131596+00:00,165.9,200,bid,,,10447404
2026-07-07T06:06:00.483816,2026-07-07T06:06:00.493600+00:00,165.7,200,ask,,,10447446
2026-07-07T06:06:00.483816,2026-07-07T06:06:00.493600+00:00,165.6,300,ask,,,10447447
2026-07-07T06:06:01.079006,2026-07-07T06:06:01.087742+00:00,165.6,5,ask,,,10447456
2026-07-07T06:06:01.752927,2026-07-07T06:06:01.758593+00:00,165.6,200,bid,,,10447465
2026-07-07T06:06:02.317324,2026-07-07T06:06:02.323904+00:00,165.6,500,bid,,,10447473
2026-07-07T06:06:02.337076,2026-07-07T06:06:02.341072+00:00,165.6,12,ask,,,10447475
2026-07-07T06:06:02.889793,2026-07-07T06:06:02.900146+00:00,165.6,113,ask,,,10447485
2026-07-07T06:06:03.626112,2026-07-07T06:06:03.652069+00:00,165.4,200,ask,,,10447496
2026-07-07T06:06:03.647758,2026-07-07T06:06:03.652069+00:00,165.4,12,bid,,,10447500
2026-07-07T06:06:04.790384,2026-07-07T06:06:04.802100+00:00,165.4,20,bid,,,10447522
2026-07-07T06:06:07.759964,2026-07-07T06:06:07.774689+00:00,165.3,20,ask,,,10447578
2026-07-07T06:06:07.771099,2026-07-07T06:06:07.774689+00:00,165.3,35,ask,,,10447580
2026-07-07T06:06:07.892455,2026-07-07T06:06:07.904070+00:00,165.3,7,ask,,,10447583
2026-07-07T06:06:08.066771,2026-07-07T06:06:08.077871+00:00,165.3,5,ask,,,10447585
2026-07-07T06:06:08.794832,2026-07-07T06:06:08.802513+00:00,165.4,20,bid,,,10447594
2026-07-07T06:06:09.025583,2026-07-07T06:06:09.036146+00:00,165.2,20,ask,,,10447601
2026-07-07T06:06:09.159575,2026-07-07T06:06:09.171585+00:00,165.2,8,ask,,,10447602
2026-07-07T06:06:11.616225,2026-07-07T06:06:11.622668+00:00,165.1,20,bid,,,10447646
2026-07-07T06:06:12.677172,2026-07-07T06:06:12.680926+00:00,165.0,12,bid,,,10447669
2026-07-07T06:06:13.201511,2026-07-07T06:06:13.213239+00:00,165.0,8,bid,,,10447673
2026-07-07T06:06:13.869175,2026-07-07T06:06:13.880132+00:00,164.9,200,ask,,,10447684
2026-07-07T06:06:15.945140,2026-07-07T06:06:15.958614+00:00,164.9,20,ask,,,10447718
2026-07-07T06:06:16.735247,2026-07-07T06:06:16.746214+00:00,164.9,200,ask,,,10447725
2026-07-07T06:06:17.293344,2026-07-07T06:06:17.302355+00:00,164.8,20,ask,,,10447738
2026-07-07T06:06:17.425671,2026-07-07T06:06:17.433408+00:00,164.9,425,bid,,,10447744
2026-07-07T06:06:17.463798,2026-07-07T06:06:17.474242+00:00,164.9,5,ask,,,10447749
2026-07-07T06:06:18.032174,2026-07-07T06:06:18.041209+00:00,165.0,200,bid,,,10447756
2026-07-07T06:06:18.491130,2026-07-07T06:06:18.499151+00:00,165.0,5,ask,,,10447770
2026-07-07T06:06:18.503537,2026-07-07T06:06:18.514544+00:00,165.0,20,ask,,,10447771
2026-07-07T06:06:19.488711,2026-07-07T06:06:19.498924+00:00,165.0,8,ask,,,10447788
2026-07-07T06:06:19.568729,2026-07-07T06:06:19.580045+00:00,165.0,20,ask,,,10447794
2026-07-07T06:06:19.902834,2026-07-07T06:06:19.923120+00:00,165.1,5,bid,,,10447801
2026-07-07T06:06:19.919309,2026-07-07T06:06:19.923120+00:00,165.1,6,ask,,,10447804
2026-07-07T06:06:20.424580,2026-07-07T06:06:20.433322+00:00,165.2,25,bid,,,10447807
2026-07-07T06:06:20.540148,2026-07-07T06:06:20.547036+00:00,165.1,5,ask,,,10447812
2026-07-07T06:06:20.585012,2026-07-07T06:06:20.596732+00:00,165.1,8,ask,,,10447814
2026-07-07T06:06:20.680789,2026-07-07T06:06:20.689300+00:00,165.1,20,ask,,,10447818
2026-07-07T06:06:21.133151,2026-07-07T06:06:21.136923+00:00,165.2,6,ask,,,10447831
2026-07-07T06:06:21.536200,2026-07-07T06:06:21.544902+00:00,165.2,20,ask,,,10447839
2026-07-07T06:06:21.749959,2026-07-07T06:06:21.758565+00:00,165.2,20,ask,,,10447846
2026-07-07T06:06:22.276179,2026-07-07T06:06:22.286376+00:00,165.3,5,bid,,,10447850
2026-07-07T06:06:22.276179,2026-07-07T06:06:22.286376+00:00,165.3,495,bid,,,10447851
2026-07-07T06:06:23.315922,2026-07-07T06:06:23.320061+00:00,165.3,11,ask,,,10447872
2026-07-07T06:06:23.881940,2026-07-07T06:06:23.889001+00:00,165.3,8,ask,,,10447884
2026-07-07T06:06:25.172275,2026-07-07T06:06:25.180310+00:00,165.3,20,bid,,,10447910
2026-07-07T06:06:25.921953,2026-07-07T06:06:25.930436+00:00,165.3,180,bid,,,10447920
2026-07-07T06:06:25.965460,2026-07-07T06:06:25.972574+00:00,165.4,200,ask,,,10447922
2026-07-07T06:06:27.174397,2026-07-07T06:06:27.181261+00:00,165.4,200,ask,,,10447938
2026-07-07T06:06:28.698739,2026-07-07T06:06:28.706323+00:00,165.3,8,ask,,,10447958
2026-07-07T06:06:31.160594,2026-07-07T06:06:31.168746+00:00,165.3,200,ask,,,10447998
2026-07-07T06:06:31.885304,2026-07-07T06:06:31.892610+00:00,165.3,60,bid,,,10448011
2026-07-07T06:06:32.335130,2026-07-07T06:06:32.342729+00:00,165.3,20,bid,,,10448022
2026-07-07T06:06:33.108496,2026-07-07T06:06:33.112329+00:00,165.1,17,ask,,,10448037
2026-07-07T06:06:33.234331,2026-07-07T06:06:33.244903+00:00,165.1,8,ask,,,10448038
2026-07-07T06:06:33.277887,2026-07-07T06:06:33.284855+00:00,165.1,20,ask,,,10448039
2026-07-07T06:06:34.354630,2026-07-07T06:06:34.363889+00:00,165.1,20,ask,,,10448053
2026-07-07T06:06:34.512356,2026-07-07T06:06:34.519343+00:00,165.1,8,ask,,,10448057
2026-07-07T06:06:36.847742,2026-07-07T06:06:36.855738+00:00,165.2,200,ask,,,10448086
2026-07-07T06:06:37.007553,2026-07-07T06:06:37.013931+00:00,165.2,5,ask,,,10448087
2026-07-07T06:06:37.811796,2026-07-07T06:06:37.819615+00:00,165.0,20,ask,,,10448097
2026-07-07T06:06:38.791490,2026-07-07T06:06:38.801247+00:00,165.0,8,ask,,,10448113
2026-07-07T06:06:39.260915,2026-07-07T06:06:39.269271+00:00,165.2,200,bid,,,10448116
2026-07-07T06:06:39.560719,2026-07-07T06:06:39.570140+00:00,164.9,8,ask,,,10448125
2026-07-07T06:06:40.341513,2026-07-07T06:06:40.350748+00:00,165.0,5,bid,,,10448134
2026-07-07T06:06:40.354991,2026-07-07T06:06:40.361662+00:00,165.1,25,ask,,,10448136
2026-07-07T06:06:40.358014,2026-07-07T06:06:40.361662+00:00,165.1,6,ask,,,10448137
2026-07-07T06:06:40.575787,2026-07-07T06:06:40.586173+00:00,165.1,25,ask,,,10448146
2026-07-07T06:06:40.794111,2026-07-07T06:06:40.801596+00:00,165.1,25,ask,,,10448153
2026-07-07T06:06:40.802213,2026-07-07T06:06:40.812017+00:00,165.1,20,ask,,,10448155
2026-07-07T06:06:40.831981,2026-07-07T06:06:40.843139+00:00,165.1,3,ask,,,10448157
2026-07-07T06:06:41.061169,2026-07-07T06:06:41.068764+00:00,165.1,10,ask,,,10448163
2026-07-07T06:06:41.942548,2026-07-07T06:06:41.954240+00:00,165.2,5,bid,,,10448175
2026-07-07T06:06:42.604012,2026-07-07T06:06:42.616049+00:00,165.1,5,ask,,,10448194
2026-07-07T06:06:42.612416,2026-07-07T06:06:42.616049+00:00,165.2,3,bid,,,10448196
2026-07-07T06:06:42.859411,2026-07-07T06:06:42.870842+00:00,165.1,3,ask,,,10448198
2026-07-07T06:06:43.590344,2026-07-07T06:06:43.601754+00:00,165.2,20,bid,,,10448212
2026-07-07T06:06:43.627170,2026-07-07T06:06:43.635180+00:00,165.2,8,bid,,,10448215
2026-07-07T06:06:43.644036,2026-07-07T06:06:43.650460+00:00,165.2,20,bid,,,10448216
2026-07-07T06:06:44.906863,2026-07-07T06:06:44.916490+00:00,165.0,5,ask,,,10448239
2026-07-07T06:06:45.161622,2026-07-07T06:06:45.173615+00:00,164.9,11,ask,,,10448244
2026-07-07T06:06:45.759868,2026-07-07T06:06:45.763881+00:00,164.9,3,ask,,,10448254
2026-07-07T06:06:45.775684,2026-07-07T06:06:45.784378+00:00,164.9,20,ask,,,10448255
2026-07-07T06:06:45.938303,2026-07-07T06:06:45.946045+00:00,164.9,8,ask,,,10448257
2026-07-07T06:06:46.291711,2026-07-07T06:06:46.303342+00:00,164.9,5,ask,,,10448264
2026-07-07T06:06:46.919768,2026-07-07T06:06:46.931203+00:00,164.9,200,ask,,,10448277
2026-07-07T06:06:47.196316,2026-07-07T06:06:47.206586+00:00,164.7,8,ask,,,10448285
2026-07-07T06:06:47.448729,2026-07-07T06:06:47.457190+00:00,164.9,20,bid,,,10448291
2026-07-07T06:06:47.961479,2026-07-07T06:06:47.973013+00:00,164.7,8,ask,,,10448300
2026-07-07T06:06:48.229075,2026-07-07T06:06:48.241008+00:00,164.9,5,bid,,,10448302
2026-07-07T06:06:48.229075,2026-07-07T06:06:48.241008+00:00,164.9,200,bid,,,10448303
2026-07-07T06:06:48.940774,2026-07-07T06:06:48.947803+00:00,164.9,200,ask,,,10448322
2026-07-07T06:06:49.230080,2026-07-07T06:06:49.238644+00:00,164.9,5,ask,,,10448328
2026-07-07T06:06:53.468439,2026-07-07T06:06:53.490977+00:00,164.9,5,bid,,,10448390
2026-07-07T06:06:53.468439,2026-07-07T06:06:53.490977+00:00,165.0,200,bid,,,10448391
2026-07-07T06:06:53.486851,2026-07-07T06:06:53.490977+00:00,165.0,17,ask,,,10448393
2026-07-07T06:06:53.500478,2026-07-07T06:06:53.511792+00:00,165.0,5,ask,,,10448394
2026-07-07T06:06:53.751631,2026-07-07T06:06:53.757015+00:00,165.2,20,bid,,,10448397
2026-07-07T06:06:58.359471,2026-07-07T06:06:58.363831+00:00,165.2,6,bid,,,10448469
2026-07-07T06:06:59.472503,2026-07-07T06:06:59.484071+00:00,165.3,20,bid,,,10448478
2026-07-07T06:07:00.017921,2026-07-07T06:07:00.037648+00:00,165.1,5,ask,,,10448492
2026-07-07T06:07:00.033627,2026-07-07T06:07:00.037648+00:00,165.1,11,bid,,,10448494
2026-07-07T06:07:01.050849,2026-07-07T06:07:01.067704+00:00,165.0,5,ask,,,10448503
2026-07-07T06:07:01.063965,2026-07-07T06:07:01.067704+00:00,165.0,12,bid,,,10448505
2026-07-07T06:07:01.091321,2026-07-07T06:07:01.102895+00:00,165.0,20,bid,,,10448507
2026-07-07T06:07:01.326078,2026-07-07T06:07:01.334244+00:00,165.0,163,bid,,,10448510
2026-07-07T06:07:02.262019,2026-07-07T06:07:02.270344+00:00,165.1,200,ask,,,10448523
2026-07-07T06:07:04.741766,2026-07-07T06:07:04.747748+00:00,165.0,5,ask,,,10448554
2026-07-07T06:07:04.741766,2026-07-07T06:07:04.747748+00:00,165.0,7,ask,,,10448555
2026-07-07T06:07:05.272863,2026-07-07T06:07:05.276638+00:00,165.1,11,ask,,,10448563
2026-07-07T06:07:05.462934,2026-07-07T06:07:05.474840+00:00,165.1,20,ask,,,10448567
2026-07-07T06:07:07.874618,2026-07-07T06:07:07.881807+00:00,165.2,5,bid,,,10448603
2026-07-07T06:07:08.309295,2026-07-07T06:07:08.319479+00:00,165.2,200,ask,,,10448608
2026-07-07T06:07:10.364297,2026-07-07T06:07:10.374421+00:00,165.1,20,ask,,,10448641
2026-07-07T06:07:11.643265,2026-07-07T06:07:11.658586+00:00,165.0,20,ask,,,10448653
2026-07-07T06:07:12.764617,2026-07-07T06:07:12.776252+00:00,164.9,20,ask,,,10448671
2026-07-07T06:07:16.641494,2026-07-07T06:07:16.653297+00:00,165.0,20,bid,,,10448724
2026-07-07T06:07:18.401028,2026-07-07T06:07:18.412320+00:00,164.8,200,ask,,,10448753
2026-07-07T06:07:19.775600,2026-07-07T06:07:19.786224+00:00,164.7,200,ask,,,10448782
2026-07-07T06:07:19.775600,2026-07-07T06:07:19.786224+00:00,164.6,5,ask,,,10448783
2026-07-07T06:07:19.775600,2026-07-07T06:07:19.786224+00:00,164.6,295,ask,,,10448784
2026-07-07T06:07:20.369327,2026-07-07T06:07:20.379591+00:00,164.6,330,ask,,,10448796
2026-07-07T06:07:20.408119,2026-07-07T06:07:20.416997+00:00,164.6,170,bid,,,10448798
2026-07-07T06:07:20.972084,2026-07-07T06:07:20.979408+00:00,164.6,30,ask,,,10448809
2026-07-07T06:07:21.016917,2026-07-07T06:07:21.033424+00:00,164.5,5,ask,,,10448810
2026-07-07T06:07:21.030087,2026-07-07T06:07:21.033424+00:00,164.4,5,bid,,,10448812
2026-07-07T06:07:21.618720,2026-07-07T06:07:21.625467+00:00,164.4,200,bid,,,10448828
2026-07-07T06:07:23.715087,2026-07-07T06:07:23.719290+00:00,164.3,11,ask,,,10448865
2026-07-07T06:07:24.407615,2026-07-07T06:07:24.418393+00:00,164.3,5,ask,,,10448880
2026-07-07T06:07:26.250695,2026-07-07T06:07:26.260855+00:00,164.3,200,ask,,,10448918
2026-07-07T06:07:27.560114,2026-07-07T06:07:27.567795+00:00,164.3,200,bid,,,10448939
2026-07-07T06:07:27.645228,2026-07-07T06:07:27.658550+00:00,164.3,425,ask,,,10448941
2026-07-07T06:07:28.223642,2026-07-07T06:07:28.230440+00:00,164.1,20,ask,,,10448949
2026-07-07T06:07:28.888876,2026-07-07T06:07:28.909867+00:00,164.1,180,ask,,,10448958
2026-07-07T06:07:28.906265,2026-07-07T06:07:28.909867+00:00,164.1,6,bid,,,10448961
2026-07-07T06:07:31.508529,2026-07-07T06:07:31.518506+00:00,164.1,200,bid,,,10449012
2026-07-07T06:07:31.508529,2026-07-07T06:07:31.518506+00:00,164.2,425,bid,,,10449013
2026-07-07T06:07:31.545748,2026-07-07T06:07:31.557319+00:00,164.2,8,bid,,,10449014
2026-07-07T06:07:32.819046,2026-07-07T06:07:32.826965+00:00,164.0,500,bid,,,10449032
2026-07-07T06:07:33.093529,2026-07-07T06:07:33.102728+00:00,164.0,125,ask,,,10449037
2026-07-07T06:07:33.698642,2026-07-07T06:07:33.708531+00:00,163.9,200,ask,,,10449044
2026-07-07T06:07:35.439318,2026-07-07T06:07:35.462368+00:00,163.8,5,ask,,,10449071
2026-07-07T06:07:35.458597,2026-07-07T06:07:35.462368+00:00,163.8,11,bid,,,10449075
2026-07-07T06:07:35.854517,2026-07-07T06:07:35.862120+00:00,163.8,20,bid,,,10449083
2026-07-07T06:07:36.159002,2026-07-07T06:07:36.168968+00:00,163.8,200,bid,,,10449095
2026-07-07T06:07:36.305384,2026-07-07T06:07:36.309469+00:00,163.8,12,bid,,,10449097
2026-07-07T06:07:36.466230,2026-07-07T06:07:36.477949+00:00,163.7,5,ask,,,10449099
2026-07-07T06:07:37.207024,2026-07-07T06:07:37.214232+00:00,163.8,20,bid,,,10449107
2026-07-07T06:07:37.352778,2026-07-07T06:07:37.364247+00:00,163.8,8,bid,,,10449108
2026-07-07T06:07:37.369205,2026-07-07T06:07:37.376551+00:00,163.8,200,bid,,,10449109
2026-07-07T06:07:37.837784,2026-07-07T06:07:37.845563+00:00,163.8,5,bid,,,10449118
2026-07-07T06:07:37.846455,2026-07-07T06:07:37.858555+00:00,163.8,20,bid,,,10449119
2026-07-07T06:07:38.578672,2026-07-07T06:07:38.586169+00:00,163.9,200,bid,,,10449134
2026-07-07T06:07:39.146116,2026-07-07T06:07:39.158565+00:00,163.8,500,ask,,,10449142
2026-07-07T06:07:39.886126,2026-07-07T06:07:39.896518+00:00,163.8,8,bid,,,10449161
2026-07-07T06:07:40.346558,2026-07-07T06:07:40.355463+00:00,163.7,200,ask,,,10449174
2026-07-07T06:07:40.994821,2026-07-07T06:07:41.004465+00:00,163.7,200,bid,,,10449182
2026-07-07T06:07:41.578788,2026-07-07T06:07:41.589009+00:00,163.6,500,ask,,,10449193
2026-07-07T06:07:41.998996,2026-07-07T06:07:42.009574+00:00,163.6,5,ask,,,10449200
2026-07-07T06:07:42.016110,2026-07-07T06:07:42.020181+00:00,163.6,11,bid,,,10449202
2026-07-07T06:07:42.200082,2026-07-07T06:07:42.203976+00:00,163.5,11,bid,,,10449210
2026-07-07T06:07:42.209430,2026-07-07T06:07:42.219660+00:00,163.5,200,bid,,,10449212
2026-07-07T06:07:42.376411,2026-07-07T06:07:42.385276+00:00,163.5,25,bid,,,10449220
2026-07-07T06:07:43.322807,2026-07-07T06:07:43.326703+00:00,163.5,11,ask,,,10449233
2026-07-07T06:07:43.417857,2026-07-07T06:07:43.428500+00:00,163.6,200,bid,,,10449238
2026-07-07T06:07:43.438046,2026-07-07T06:07:43.449655+00:00,163.5,8,ask,,,10449239
2026-07-07T06:07:44.194766,2026-07-07T06:07:44.206652+00:00,163.5,8,ask,,,10449255
2026-07-07T06:07:45.023782,2026-07-07T06:07:45.028658+00:00,163.5,10,ask,,,10449268
2026-07-07T06:07:46.398640,2026-07-07T06:07:46.407879+00:00,163.5,500,ask,,,10449291
2026-07-07T06:07:47.019724,2026-07-07T06:07:47.041171+00:00,163.5,125,ask,,,10449304
2026-07-07T06:07:47.019724,2026-07-07T06:07:47.041171+00:00,163.4,200,ask,,,10449305
2026-07-07T06:07:47.037793,2026-07-07T06:07:47.041171+00:00,163.4,10,bid,,,10449307
2026-07-07T06:07:47.733846,2026-07-07T06:07:47.743327+00:00,163.4,8,bid,,,10449323
2026-07-07T06:07:49.437943,2026-07-07T06:07:49.449604+00:00,163.3,200,ask,,,10449346
2026-07-07T06:07:49.437943,2026-07-07T06:07:49.449604+00:00,163.3,300,ask,,,10449347
2026-07-07T06:07:49.575898,2026-07-07T06:07:49.587778+00:00,163.3,20,ask,,,10449348
2026-07-07T06:07:50.342806,2026-07-07T06:07:50.352670+00:00,163.3,20,bid,,,10449360
2026-07-07T06:07:53.805943,2026-07-07T06:07:53.813563+00:00,163.4,500,bid,,,10449406
2026-07-07T06:07:54.285692,2026-07-07T06:07:54.296857+00:00,163.4,125,ask,,,10449414
2026-07-07T06:07:54.320273,2026-07-07T06:07:54.326979+00:00,163.4,200,bid,,,10449418
2026-07-07T06:07:54.760947,2026-07-07T06:07:54.767761+00:00,163.2,5,ask,,,10449425
2026-07-07T06:07:55.039041,2026-07-07T06:07:55.045978+00:00,162.6,3,ask,,,10449432
2026-07-07T06:07:55.530659,2026-07-07T06:07:55.539072+00:00,163.3,200,bid,,,10449437
2026-07-07T06:07:56.421733,2026-07-07T06:07:56.443491+00:00,163.3,5,bid,,,10449452
2026-07-07T06:07:56.439528,2026-07-07T06:07:56.443491+00:00,163.3,11,ask,,,10449455
2026-07-07T06:07:56.557576,2026-07-07T06:07:56.569268+00:00,163.5,8,bid,,,10449456
2026-07-07T06:07:56.742082,2026-07-07T06:07:56.748790+00:00,163.5,200,bid,,,10449459
2026-07-07T06:07:56.783126,2026-07-07T06:07:56.793679+00:00,163.3,20,ask,,,10449463
2026-07-07T06:07:56.813078,2026-07-07T06:07:56.824723+00:00,163.3,8,ask,,,10449464
2026-07-07T06:07:57.732731,2026-07-07T06:07:57.739790+00:00,163.4,5,bid,,,10449477
2026-07-07T06:07:57.732731,2026-07-07T06:07:57.744778+00:00,163.6,500,bid,,,10449478
2026-07-07T06:07:57.750718,2026-07-07T06:07:57.754548+00:00,163.6,29,ask,,,10449480
2026-07-07T06:07:57.838361,2026-07-07T06:07:57.849308+00:00,163.6,3,ask,,,10449483
2026-07-07T06:07:57.849888,2026-07-07T06:07:57.859731+00:00,163.6,25,ask,,,10449484
2026-07-07T06:07:57.955222,2026-07-07T06:07:57.958556+00:00,163.6,63,ask,,,10449487
2026-07-07T06:07:58.069482,2026-07-07T06:07:58.081340+00:00,163.4,25,ask,,,10449489
2026-07-07T06:07:58.290856,2026-07-07T06:07:58.301478+00:00,163.4,15,ask,,,10449493
2026-07-07T06:07:58.521568,2026-07-07T06:07:58.538154+00:00,163.6,20,bid,,,10449503
2026-07-07T06:07:58.534185,2026-07-07T06:07:58.538154+00:00,163.6,12,bid,,,10449505
2026-07-07T06:07:58.594421,2026-07-07T06:07:58.604311+00:00,163.6,8,bid,,,10449507
2026-07-07T06:07:58.825252,2026-07-07T06:07:58.837132+00:00,163.6,20,bid,,,10449511
2026-07-07T06:07:58.954626,2026-07-07T06:07:58.955702+00:00,163.6,20,bid,,,10449513
2026-07-07T06:07:59.164787,2026-07-07T06:07:59.174251+00:00,163.5,200,bid,,,10449518
2026-07-07T06:08:00.451061,2026-07-07T06:08:00.458597+00:00,163.5,20,bid,,,10449532
2026-07-07T06:08:01.193321,2026-07-07T06:08:01.205288+00:00,163.3,6,ask,,,10449550
2026-07-07T06:08:01.207041,2026-07-07T06:08:01.218612+00:00,163.5,20,bid,,,10449551
2026-07-07T06:08:04.473085,2026-07-07T06:08:04.483501+00:00,163.4,7,ask,,,10449591
2026-07-07T06:08:04.953117,2026-07-07T06:08:04.955097+00:00,163.5,20,bid,,,10449598
2026-07-07T06:08:04.985395,2026-07-07T06:08:04.997351+00:00,163.5,8,bid,,,10449599
2026-07-07T06:08:06.909229,2026-07-07T06:08:06.920006+00:00,163.5,200,bid,,,10449627
2026-07-07T06:08:07.513127,2026-07-07T06:08:07.523510+00:00,163.5,8,ask,,,10449637
2026-07-07T06:08:08.018897,2026-07-07T06:08:08.022523+00:00,163.5,6,ask,,,10449645
2026-07-07T06:08:08.158207,2026-07-07T06:08:08.169686+00:00,163.5,25,ask,,,10449648
2026-07-07T06:08:09.030660,2026-07-07T06:08:09.041183+00:00,163.4,25,ask,,,10449663
2026-07-07T06:08:09.251204,2026-07-07T06:08:09.262021+00:00,163.4,10,ask,,,10449665
2026-07-07T06:08:10.018091,2026-07-07T06:08:10.028571+00:00,163.4,20,ask,,,10449685
2026-07-07T06:08:10.459992,2026-07-07T06:08:10.471777+00:00,163.5,20,ask,,,10449693
2026-07-07T06:08:11.012329,2026-07-07T06:08:11.019384+00:00,163.5,20,ask,,,10449696
2026-07-07T06:08:13.464272,2026-07-07T06:08:13.484460+00:00,163.5,200,ask,,,10449733
2026-07-07T06:08:13.464272,2026-07-07T06:08:13.484460+00:00,163.3,5,ask,,,10449734
2026-07-07T06:08:13.480887,2026-07-07T06:08:13.484460+00:00,163.3,11,bid,,,10449736
2026-07-07T06:08:13.702390,2026-07-07T06:08:13.711839+00:00,163.3,200,bid,,,10449741
2026-07-07T06:08:13.874832,2026-07-07T06:08:13.883519+00:00,163.3,20,bid,,,10449746
2026-07-07T06:08:13.923092,2026-07-07T06:08:13.931222+00:00,163.3,25,bid,,,10449749
2026-07-07T06:08:14.041085,2026-07-07T06:08:14.052789+00:00,163.1,5,ask,,,10449753
2026-07-07T06:08:14.041085,2026-07-07T06:08:14.052789+00:00,163.0,18,ask,,,10449754
2026-07-07T06:08:14.071216,2026-07-07T06:08:14.079151+00:00,163.3,20,bid,,,10449755
2026-07-07T06:08:14.346582,2026-07-07T06:08:14.350647+00:00,163.0,17,ask,,,10449770
2026-07-07T06:08:14.513439,2026-07-07T06:08:14.521472+00:00,163.0,20,ask,,,10449774
2026-07-07T06:08:14.617534,2026-07-07T06:08:14.629438+00:00,163.0,2,ask,,,10449775
2026-07-07T06:08:14.774593,2026-07-07T06:08:14.781849+00:00,163.4,5,bid,,,10449778
2026-07-07T06:08:14.966384,2026-07-07T06:08:14.974055+00:00,163.4,5,ask,,,10449783
2026-07-07T06:08:15.253356,2026-07-07T06:08:15.265238+00:00,163.4,25,ask,,,10449785
2026-07-07T06:08:15.992693,2026-07-07T06:08:16.003026+00:00,163.4,5,ask,,,10449802
2026-07-07T06:08:16.102713,2026-07-07T06:08:16.114168+00:00,163.4,20,ask,,,10449804
2026-07-07T06:08:18.351216,2026-07-07T06:08:18.358565+00:00,163.4,20,ask,,,10449836
2026-07-07T06:08:20.012440,2026-07-07T06:08:20.021803+00:00,163.6,5,bid,,,10449860
2026-07-07T06:08:22.192044,2026-07-07T06:08:22.199596+00:00,163.6,200,ask,,,10449904
2026-07-07T06:08:23.664254,2026-07-07T06:08:23.668231+00:00,163.6,6,bid,,,10449924
2026-07-07T06:08:23.964075,2026-07-07T06:08:23.974290+00:00,163.5,5,ask,,,10449930
2026-07-07T06:08:23.964075,2026-07-07T06:08:23.974290+00:00,163.5,495,ask,,,10449931
2026-07-07T06:08:24.224664,2026-07-07T06:08:24.236514+00:00,163.5,10,ask,,,10449941
2026-07-07T06:08:24.560503,2026-07-07T06:08:24.568766+00:00,163.5,120,ask,,,10449949
2026-07-07T06:08:24.607838,2026-07-07T06:08:24.617535+00:00,163.5,200,bid,,,10449952
2026-07-07T06:08:24.796412,2026-07-07T06:08:24.808396+00:00,163.5,10,bid,,,10449954
2026-07-07T06:08:25.257677,2026-07-07T06:08:25.264384+00:00,163.4,5,ask,,,10449963
2026-07-07T06:08:25.275617,2026-07-07T06:08:25.279645+00:00,163.4,10,bid,,,10449965
2026-07-07T06:08:25.561976,2026-07-07T06:08:25.573796+00:00,163.4,20,bid,,,10449970
2026-07-07T06:08:25.815736,2026-07-07T06:08:25.823743+00:00,163.4,200,bid,,,10449972
2026-07-07T06:08:28.233001,2026-07-07T06:08:28.243263+00:00,163.5,200,bid,,,10450011
2026-07-07T06:08:28.570673,2026-07-07T06:08:28.579430+00:00,163.5,20,bid,,,10450018
2026-07-07T06:08:30.118564,2026-07-07T06:08:30.122377+00:00,163.5,1,bid,,,10450044
2026-07-07T06:08:30.726718,2026-07-07T06:08:30.734994+00:00,163.5,8,bid,,,10450051
2026-07-07T06:08:31.232375,2026-07-07T06:08:31.258999+00:00,163.4,5,ask,,,10450064
2026-07-07T06:08:31.255246,2026-07-07T06:08:31.258999+00:00,163.4,12,bid,,,10450067
2026-07-07T06:08:31.868202,2026-07-07T06:08:31.879282+00:00,163.4,200,bid,,,10450076
2026-07-07T06:08:32.445643,2026-07-07T06:08:32.467549+00:00,163.3,5,ask,,,10450087
2026-07-07T06:08:32.463894,2026-07-07T06:08:32.467549+00:00,163.3,11,bid,,,10450089
2026-07-07T06:08:32.610762,2026-07-07T06:08:32.620379+00:00,163.3,25,bid,,,10450097
2026-07-07T06:08:32.667376,2026-07-07T06:08:32.678534+00:00,163.3,25,bid,,,10450100
2026-07-07T06:08:32.889307,2026-07-07T06:08:32.897450+00:00,163.3,25,bid,,,10450107
2026-07-07T06:08:32.896536,2026-07-07T06:08:32.907865+00:00,163.3,17,bid,,,10450109
2026-07-07T06:08:33.156689,2026-07-07T06:08:33.163928+00:00,163.3,200,ask,,,10450112
2026-07-07T06:08:33.156689,2026-07-07T06:08:33.169114+00:00,163.2,5,ask,,,10450113
2026-07-07T06:08:33.239575,2026-07-07T06:08:33.249812+00:00,163.2,25,bid,,,10450115
2026-07-07T06:08:33.323544,2026-07-07T06:08:33.340611+00:00,163.0,20,ask,,,10450121
2026-07-07T06:08:33.336787,2026-07-07T06:08:33.340611+00:00,163.0,11,ask,,,10450123
2026-07-07T06:08:33.357953,2026-07-07T06:08:33.369760+00:00,163.0,20,ask,,,10450124
2026-07-07T06:08:33.502186,2026-07-07T06:08:33.514281+00:00,163.0,8,ask,,,10450126
2026-07-07T06:08:33.932532,2026-07-07T06:08:33.940804+00:00,163.0,5,ask,,,10450137
2026-07-07T06:08:34.283001,2026-07-07T06:08:34.292626+00:00,163.1,5,bid,,,10450144
2026-07-07T06:08:34.283001,2026-07-07T06:08:34.292626+00:00,163.2,195,bid,,,10450145
2026-07-07T06:08:34.468550,2026-07-07T06:08:34.490606+00:00,163.3,500,bid,,,10450149
2026-07-07T06:08:34.486133,2026-07-07T06:08:34.490606+00:00,163.3,6,ask,,,10450151
2026-07-07T06:08:34.496670,2026-07-07T06:08:34.500831+00:00,163.3,5,ask,,,10450153
2026-07-07T06:08:34.530399,2026-07-07T06:08:34.534702+00:00,163.3,1,ask,,,10450155
2026-07-07T06:08:34.571867,2026-07-07T06:08:34.581780+00:00,163.3,5,ask,,,10450156
2026-07-07T06:08:35.023018,2026-07-07T06:08:35.031696+00:00,163.4,8,bid,,,10450168
2026-07-07T06:08:35.476125,2026-07-07T06:08:35.485648+00:00,163.3,108,ask,,,10450172
2026-07-07T06:08:35.699105,2026-07-07T06:08:35.706777+00:00,163.3,25,bid,,,10450177
2026-07-07T06:08:35.785192,2026-07-07T06:08:35.795953+00:00,163.2,8,ask,,,10450182
2026-07-07T06:08:35.815856,2026-07-07T06:08:35.827440+00:00,163.2,12,ask,,,10450183
2026-07-07T06:08:36.088396,2026-07-07T06:08:36.100001+00:00,163.2,180,ask,,,10450184
2026-07-07T06:08:36.088396,2026-07-07T06:08:36.100001+00:00,163.2,5,ask,,,10450185
2026-07-07T06:08:36.387592,2026-07-07T06:08:36.399284+00:00,163.2,12,bid,,,10450191
2026-07-07T06:08:36.464187,2026-07-07T06:08:36.467829+00:00,163.2,10,bid,,,10450196
2026-07-07T06:08:36.539026,2026-07-07T06:08:36.547801+00:00,163.2,8,bid,,,10450197
2026-07-07T06:08:36.548455,2026-07-07T06:08:36.557973+00:00,163.2,8,bid,,,10450198
2026-07-07T06:08:37.022905,2026-07-07T06:08:37.034157+00:00,163.1,25,ask,,,10450204
2026-07-07T06:08:37.133636,2026-07-07T06:08:37.145462+00:00,163.1,10,ask,,,10450208
2026-07-07T06:08:37.283742,2026-07-07T06:08:37.307653+00:00,163.1,165,ask,,,10450209
2026-07-07T06:08:37.303812,2026-07-07T06:08:37.307653+00:00,163.1,2,bid,,,10450213
2026-07-07T06:08:37.707043,2026-07-07T06:08:37.718749+00:00,163.1,25,bid,,,10450218
2026-07-07T06:08:37.909094,2026-07-07T06:08:37.919300+00:00,163.1,200,bid,,,10450223
2026-07-07T06:08:38.335600,2026-07-07T06:08:38.344982+00:00,163.0,15,ask,,,10450230
2026-07-07T06:08:38.494251,2026-07-07T06:08:38.501172+00:00,163.0,5,ask,,,10450233
2026-07-07T06:08:38.513070,2026-07-07T06:08:38.517662+00:00,163.0,11,bid,,,10450235
2026-07-07T06:08:38.669577,2026-07-07T06:08:38.680795+00:00,163.0,25,bid,,,10450244
2026-07-07T06:08:38.895871,2026-07-07T06:08:38.905915+00:00,163.0,25,bid,,,10450257
2026-07-07T06:08:39.026362,2026-07-07T06:08:39.039429+00:00,163.0,25,bid,,,10450259
2026-07-07T06:08:39.333980,2026-07-07T06:08:39.346115+00:00,162.9,8,ask,,,10450269
2026-07-07T06:08:39.665096,2026-07-07T06:08:39.669776+00:00,162.9,23,ask,,,10450275
2026-07-07T06:08:39.721570,2026-07-07T06:08:39.733845+00:00,163.0,5,ask,,,10450276
2026-07-07T06:08:39.729567,2026-07-07T06:08:39.733845+00:00,163.0,11,ask,,,10450278
2026-07-07T06:08:39.812854,2026-07-07T06:08:39.824473+00:00,163.0,25,ask,,,10450281
2026-07-07T06:08:39.822450,2026-07-07T06:08:39.829584+00:00,163.1,24,bid,,,10450283
2026-07-07T06:08:40.197516,2026-07-07T06:08:40.207574+00:00,163.0,25,ask,,,10450293
2026-07-07T06:08:40.249807,2026-07-07T06:08:40.258600+00:00,163.0,20,ask,,,10450296
2026-07-07T06:08:40.300364,2026-07-07T06:08:40.312104+00:00,163.0,500,ask,,,10450298
2026-07-07T06:08:40.342635,2026-07-07T06:08:40.353791+00:00,163.0,39,ask,,,10450304
2026-07-07T06:08:40.345820,2026-07-07T06:08:40.353791+00:00,163.0,8,bid,,,10450305
2026-07-07T06:08:40.907483,2026-07-07T06:08:40.920784+00:00,163.0,25,bid,,,10450310
2026-07-07T06:08:41.041723,2026-07-07T06:08:41.050676+00:00,162.7,12,ask,,,10450317
2026-07-07T06:08:41.109564,2026-07-07T06:08:41.121256+00:00,162.7,8,ask,,,10450319
2026-07-07T06:08:41.139319,2026-07-07T06:08:41.158598+00:00,163.0,20,bid,,,10450324
2026-07-07T06:08:41.308071,2026-07-07T06:08:41.319590+00:00,163.0,20,bid,,,10450332
2026-07-07T06:08:41.353339,2026-07-07T06:08:41.358619+00:00,162.7,20,ask,,,10450335
2026-07-07T06:08:41.365494,2026-07-07T06:08:41.374657+00:00,163.0,8,bid,,,10450336
2026-07-07T06:08:41.612838,2026-07-07T06:08:41.624700+00:00,163.0,12,bid,,,10450339
2026-07-07T06:08:41.777421,2026-07-07T06:08:41.787919+00:00,162.9,20,ask,,,10450345
2026-07-07T06:08:42.252694,2026-07-07T06:08:42.264835+00:00,162.9,25,ask,,,10450350
2026-07-07T06:08:42.417990,2026-07-07T06:08:42.429544+00:00,163.0,5,bid,,,10450354
