timestamp,recv_time,price,volume,aggressor_side,buyer,seller,trade_id
2026-07-05T06:00:01.626810,2026-07-05T06:00:01.634446+00:00,137.7,200,bid,YieldingYams,WavyWalnuts,7950791
2026-07-05T06:00:02.047206,2026-07-05T06:00:02.053553+00:00,137.7,200,ask,YieldingYams,WavyWalnuts,7950797
2026-07-05T06:00:03.261035,2026-07-05T06:00:03.269385+00:00,137.6,200,ask,YieldingYams,WavyWalnuts,7950827
2026-07-05T06:00:04.322639,2026-07-05T06:00:04.326620+00:00,137.7,3,bid,Xuanyu Liu,YieldingYams,7950841
2026-07-05T06:00:06.873142,2026-07-05T06:00:06.880483+00:00,137.7,200,bid,YieldingYams,WavyWalnuts,7950870
2026-07-05T06:00:08.969601,2026-07-05T06:00:08.979250+00:00,137.7,200,ask,WavyWalnuts,AverageAlmonds,7950902
2026-07-05T06:00:13.438007,2026-07-05T06:00:13.447436+00:00,137.7,500,bid,YieldingYams,AverageAlmonds,7950960
2026-07-05T06:00:14.590933,2026-07-05T06:00:14.599985+00:00,137.7,25,ask,YieldingYams,Harold Schneider,7950975
2026-07-05T06:00:17.372175,2026-07-05T06:00:17.382405+00:00,137.5,200,ask,WavyWalnuts,YieldingYams,7951019
2026-07-05T06:00:18.698857,2026-07-05T06:00:18.707905+00:00,137.5,200,bid,YieldingYams,WavyWalnuts,7951043
2026-07-05T06:00:18.698857,2026-07-05T06:00:18.707905+00:00,137.6,425,bid,YieldingYams,AverageAlmonds,7951044
2026-07-05T06:00:20.261707,2026-07-05T06:00:20.269553+00:00,137.4,200,ask,YieldingYams,WavyWalnuts,7951075
2026-07-05T06:00:25.332935,2026-07-05T06:00:25.339796+00:00,137.7,20,bid,BrilliantBurritos,WavyWalnuts,7951149
2026-07-05T06:00:29.204872,2026-07-05T06:00:29.209049+00:00,137.7,3,ask,YieldingYams,Xuanyu Liu,7951204
2026-07-05T06:00:29.633354,2026-07-05T06:00:29.643196+00:00,137.7,15,ask,YieldingYams,Harold Schneider,7951209
2026-07-05T06:00:29.650535,2026-07-05T06:00:29.658909+00:00,137.8,2,bid,Harold Schneider,WavyWalnuts,7951210
2026-07-05T06:00:31.212541,2026-07-05T06:00:31.216336+00:00,137.8,11,ask,WavyWalnuts,Xuanyu Liu,7951234
2026-07-05T06:00:31.813833,2026-07-05T06:00:31.821521+00:00,137.8,189,ask,WavyWalnuts,YieldingYams,7951252
2026-07-05T06:00:34.666427,2026-07-05T06:00:34.676538+00:00,137.6,2,ask,WavyWalnuts,Harold Schneider,7951295
2026-07-05T06:00:34.836956,2026-07-05T06:00:34.847674+00:00,137.6,200,ask,YieldingYams,WavyWalnuts,7951302
2026-07-05T06:00:37.069949,2026-07-05T06:00:37.074042+00:00,137.7,12,ask,YieldingYams,Xuanyu Liu,7951336
2026-07-05T06:00:37.244601,2026-07-05T06:00:37.258614+00:00,137.7,20,ask,YieldingYams,BrilliantBurritos,7951337
2026-07-05T06:00:37.269231,2026-07-05T06:00:37.280753+00:00,137.7,200,ask,YieldingYams,WavyWalnuts,7951338
2026-07-05T06:00:42.293564,2026-07-05T06:00:42.300353+00:00,137.7,200,bid,YieldingYams,WavyWalnuts,7951423
2026-07-05T06:00:42.314695,2026-07-05T06:00:42.319576+00:00,137.7,11,ask,YieldingYams,Xuanyu Liu,7951425
2026-07-05T06:00:42.403829,2026-07-05T06:00:42.415681+00:00,137.7,20,ask,YieldingYams,BrilliantBurritos,7951431
2026-07-05T06:00:43.604535,2026-07-05T06:00:43.611768+00:00,137.8,200,bid,YieldingYams,WavyWalnuts,7951455
2026-07-05T06:00:45.455256,2026-07-05T06:00:45.463903+00:00,137.9,20,bid,BrilliantBurritos,YieldingYams,7951485
2026-07-05T06:00:46.229431,2026-07-05T06:00:46.249266+00:00,137.8,200,ask,WavyWalnuts,YieldingYams,7951497
2026-07-05T06:00:46.244828,2026-07-05T06:00:46.249266+00:00,137.7,23,bid,Xuanyu Liu,YieldingYams,7951499
2026-07-05T06:00:46.965536,2026-07-05T06:00:46.976787+00:00,137.7,200,bid,WavyWalnuts,YieldingYams,7951515
2026-07-05T06:00:47.732092,2026-07-05T06:00:47.743412+00:00,137.7,20,bid,BrilliantBurritos,YieldingYams,7951527
2026-07-05T06:00:49.391726,2026-07-05T06:00:49.399707+00:00,137.7,200,bid,WavyWalnuts,YieldingYams,7951550
2026-07-05T06:00:52.038583,2026-07-05T06:00:52.050638+00:00,137.6,20,ask,YieldingYams,BrilliantBurritos,7951592
2026-07-05T06:00:54.089771,2026-07-05T06:00:54.100096+00:00,137.5,200,ask,WavyWalnuts,YieldingYams,7951632
2026-07-05T06:00:54.106556,2026-07-05T06:00:54.111258+00:00,137.5,11,bid,Xuanyu Liu,YieldingYams,7951634
2026-07-05T06:00:54.251008,2026-07-05T06:00:54.258597+00:00,137.5,200,bid,WavyWalnuts,YieldingYams,7951640
2026-07-05T06:00:56.602182,2026-07-05T06:00:56.614561+00:00,137.5,20,ask,YieldingYams,BrilliantBurritos,7951670
2026-07-05T06:00:58.242591,2026-07-05T06:00:58.246784+00:00,137.6,3,bid,Xuanyu Liu,WavyWalnuts,7951689
2026-07-05T06:00:59.328353,2026-07-05T06:00:59.338431+00:00,137.5,500,ask,AverageAlmonds,YieldingYams,7951703
2026-07-05T06:00:59.328353,2026-07-05T06:00:59.338431+00:00,137.4,125,ask,WavyWalnuts,YieldingYams,7951704
2026-07-05T06:01:00.309786,2026-07-05T06:01:00.319984+00:00,137.5,200,ask,AverageAlmonds,WavyWalnuts,7951718
2026-07-05T06:01:04.628323,2026-07-05T06:01:04.632624+00:00,137.7,14,bid,Xuanyu Liu,YieldingYams,7951786
2026-07-05T06:01:04.859810,2026-07-05T06:01:04.870596+00:00,137.7,25,bid,Harold Schneider,YieldingYams,7951791
2026-07-05T06:01:04.881703,2026-07-05T06:01:04.890798+00:00,137.7,1,bid,Harold Schneider,YieldingYams,7951792
2026-07-05T06:01:04.886012,2026-07-05T06:01:04.890798+00:00,137.7,10,bid,Xuanyu Liu,YieldingYams,7951793
2026-07-05T06:01:07.215906,2026-07-05T06:01:07.224789+00:00,137.5,200,ask,WavyWalnuts,YieldingYams,7951829
2026-07-05T06:01:07.787589,2026-07-05T06:01:07.791372+00:00,137.4,21,ask,WavyWalnuts,Xuanyu Liu,7951843
2026-07-05T06:01:11.750228,2026-07-05T06:01:11.764241+00:00,137.5,20,bid,BrilliantBurritos,YieldingYams,7951895
2026-07-05T06:01:12.448290,2026-07-05T06:01:12.458580+00:00,137.5,200,bid,WavyWalnuts,YieldingYams,7951910
2026-07-05T06:01:14.898954,2026-07-05T06:01:14.903432+00:00,137.5,23,bid,Xuanyu Liu,WavyWalnuts,7951959
2026-07-05T06:01:14.919434,2026-07-05T06:01:14.929473+00:00,137.5,25,bid,Harold Schneider,WavyWalnuts,7951961
2026-07-05T06:01:15.090630,2026-07-05T06:01:15.098071+00:00,137.5,152,bid,YieldingYams,WavyWalnuts,7951965
2026-07-05T06:01:17.270111,2026-07-05T06:01:17.274139+00:00,137.4,12,ask,WavyWalnuts,Xuanyu Liu,7951993
2026-07-05T06:01:17.965300,2026-07-05T06:01:17.975689+00:00,137.4,20,ask,YieldingYams,BrilliantBurritos,7952008
2026-07-05T06:01:18.499336,2026-07-05T06:01:18.509636+00:00,137.4,200,ask,YieldingYams,WavyWalnuts,7952026
2026-07-05T06:01:20.915041,2026-07-05T06:01:20.922662+00:00,137.4,200,bid,WavyWalnuts,YieldingYams,7952064
2026-07-05T06:01:20.998510,2026-07-05T06:01:21.005432+00:00,137.4,425,bid,AverageAlmonds,YieldingYams,7952067
2026-07-05T06:01:21.021265,2026-07-05T06:01:21.025744+00:00,137.4,11,ask,AverageAlmonds,Xuanyu Liu,7952069
2026-07-05T06:01:21.348306,2026-07-05T06:01:21.358569+00:00,137.6,20,bid,BrilliantBurritos,WavyWalnuts,7952078
2026-07-05T06:01:22.125289,2026-07-05T06:01:22.133821+00:00,137.4,200,ask,AverageAlmonds,WavyWalnuts,7952088
2026-07-05T06:01:22.914247,2026-07-05T06:01:22.918533+00:00,137.4,3,ask,AverageAlmonds,Xuanyu Liu,7952109
2026-07-05T06:01:23.334111,2026-07-05T06:01:23.338331+00:00,137.5,200,ask,YieldingYams,WavyWalnuts,7952112
2026-07-05T06:01:24.542224,2026-07-05T06:01:24.558601+00:00,137.4,200,ask,AverageAlmonds,WavyWalnuts,7952141
2026-07-05T06:01:25.598721,2026-07-05T06:01:25.606366+00:00,137.5,500,ask,AverageAlmonds,YieldingYams,7952159
2026-07-05T06:01:25.835593,2026-07-05T06:01:25.842794+00:00,137.5,125,bid,AverageAlmonds,YieldingYams,7952163
2026-07-05T06:01:25.835593,2026-07-05T06:01:25.847793+00:00,137.6,200,bid,AverageAlmonds,WavyWalnuts,7952164
2026-07-05T06:01:28.215681,2026-07-05T06:01:28.226342+00:00,137.6,200,bid,YieldingYams,WavyWalnuts,7952202
2026-07-05T06:01:29.526864,2026-07-05T06:01:29.537065+00:00,137.7,200,bid,YieldingYams,WavyWalnuts,7952220
2026-07-05T06:01:29.543558,2026-07-05T06:01:29.547599+00:00,137.7,3,ask,YieldingYams,Xuanyu Liu,7952222
2026-07-05T06:01:29.968922,2026-07-05T06:01:29.986804+00:00,137.7,20,ask,YieldingYams,BrilliantBurritos,7952235
2026-07-05T06:01:29.982354,2026-07-05T06:01:29.986804+00:00,137.7,10,ask,YieldingYams,Xuanyu Liu,7952237
2026-07-05T06:01:33.022635,2026-07-05T06:01:33.031459+00:00,137.7,200,ask,YieldingYams,WavyWalnuts,7952275
2026-07-05T06:01:34.251741,2026-07-05T06:01:34.256418+00:00,137.5,10,bid,Xuanyu Liu,WavyWalnuts,7952294
2026-07-05T06:01:35.534369,2026-07-05T06:01:35.545484+00:00,137.5,200,bid,AverageAlmonds,WavyWalnuts,7952315
2026-07-05T06:01:35.572457,2026-07-05T06:01:35.576197+00:00,137.5,11,ask,AverageAlmonds,Xuanyu Liu,7952318
2026-07-05T06:01:36.657391,2026-07-05T06:01:36.669302+00:00,137.4,200,ask,YieldingYams,WavyWalnuts,7952339
2026-07-05T06:01:37.872463,2026-07-05T06:01:37.880972+00:00,137.5,200,ask,AverageAlmonds,WavyWalnuts,7952354
2026-07-05T06:01:39.988601,2026-07-05T06:01:40.001208+00:00,137.5,25,ask,AverageAlmonds,Harold Schneider,7952390
2026-07-05T06:01:40.008469,2026-07-05T06:01:40.018528+00:00,137.5,475,ask,AverageAlmonds,YieldingYams,7952392
2026-07-05T06:01:40.349621,2026-07-05T06:01:40.358621+00:00,137.5,150,bid,AverageAlmonds,YieldingYams,7952397
2026-07-05T06:01:41.331226,2026-07-05T06:01:41.335436+00:00,137.6,12,ask,YieldingYams,Xuanyu Liu,7952414
2026-07-05T06:01:41.524509,2026-07-05T06:01:41.533341+00:00,137.6,200,ask,YieldingYams,WavyWalnuts,7952419
2026-07-05T06:01:41.895057,2026-07-05T06:01:41.899267+00:00,137.6,11,ask,YieldingYams,Xuanyu Liu,7952428
2026-07-05T06:01:42.627412,2026-07-05T06:01:42.638550+00:00,137.5,500,ask,AverageAlmonds,YieldingYams,7952442
2026-07-05T06:01:42.785677,2026-07-05T06:01:42.793469+00:00,137.5,125,bid,AverageAlmonds,YieldingYams,7952444
2026-07-05T06:01:43.935371,2026-07-05T06:01:43.941924+00:00,137.6,200,bid,YieldingYams,WavyWalnuts,7952466
2026-07-05T06:01:45.012382,2026-07-05T06:01:45.024497+00:00,137.6,1,ask,YieldingYams,Harold Schneider,7952479
2026-07-05T06:01:45.264751,2026-07-05T06:01:45.268946+00:00,137.7,12,ask,YieldingYams,Xuanyu Liu,7952489
2026-07-05T06:01:45.498792,2026-07-05T06:01:45.505967+00:00,137.7,20,ask,YieldingYams,BrilliantBurritos,7952490
2026-07-05T06:01:48.813245,2026-07-05T06:01:48.824160+00:00,137.8,200,ask,YieldingYams,WavyWalnuts,7952543
2026-07-05T06:01:49.009005,2026-07-05T06:01:49.013961+00:00,137.8,22,ask,YieldingYams,Xuanyu Liu,7952557
2026-07-05T06:01:51.239117,2026-07-05T06:01:51.248631+00:00,137.8,200,ask,YieldingYams,WavyWalnuts,7952589
2026-07-05T06:01:53.141053,2026-07-05T06:01:53.158599+00:00,137.8,200,ask,WavyWalnuts,YieldingYams,7952627
2026-07-05T06:01:53.656935,2026-07-05T06:01:53.665111+00:00,137.8,200,bid,WavyWalnuts,YieldingYams,7952631
2026-07-05T06:01:56.326053,2026-07-05T06:01:56.338706+00:00,137.9,20,bid,BrilliantBurritos,WavyWalnuts,7952671
2026-07-05T06:01:57.068988,2026-07-05T06:01:57.075910+00:00,137.9,180,bid,YieldingYams,WavyWalnuts,7952682
2026-07-05T06:01:58.500102,2026-07-05T06:01:58.507869+00:00,137.9,200,ask,YieldingYams,WavyWalnuts,7952696
2026-07-05T06:02:00.997784,2026-07-05T06:02:01.005734+00:00,137.8,200,bid,YieldingYams,WavyWalnuts,7952746
2026-07-05T06:02:01.655793,2026-07-05T06:02:01.660041+00:00,138.1,11,bid,Xuanyu Liu,YieldingYams,7952756
2026-07-05T06:02:02.329098,2026-07-05T06:02:02.333431+00:00,138.0,11,bid,Xuanyu Liu,YieldingYams,7952765
2026-07-05T06:02:03.621274,2026-07-05T06:02:03.631604+00:00,137.9,200,ask,WavyWalnuts,YieldingYams,7952779
2026-07-05T06:02:03.638244,2026-07-05T06:02:03.642563+00:00,137.9,12,bid,Xuanyu Liu,YieldingYams,7952781
2026-07-05T06:02:04.819894,2026-07-05T06:02:04.824029+00:00,137.8,12,ask,WavyWalnuts,Xuanyu Liu,7952800
2026-07-05T06:02:05.209559,2026-07-05T06:02:05.220577+00:00,138.0,200,bid,AverageAlmonds,WavyWalnuts,7952806
2026-07-05T06:02:05.209559,2026-07-05T06:02:05.220577+00:00,138.0,300,bid,AverageAlmonds,YieldingYams,7952807
2026-07-05T06:02:05.801025,2026-07-05T06:02:05.807954+00:00,137.9,200,bid,AverageAlmonds,WavyWalnuts,7952812
2026-07-05T06:02:05.839231,2026-07-05T06:02:05.843435+00:00,137.9,11,ask,AverageAlmonds,Xuanyu Liu,7952815
2026-07-05T06:02:06.255396,2026-07-05T06:02:06.259212+00:00,138.0,11,ask,YieldingYams,Xuanyu Liu,7952825
2026-07-05T06:02:11.587351,2026-07-05T06:02:11.664112+00:00,138.0,20,bid,BrilliantBurritos,YieldingYams,7952917
2026-07-05T06:02:11.795138,2026-07-05T06:02:11.804079+00:00,138.0,200,bid,WavyWalnuts,YieldingYams,7952922
2026-07-05T06:02:12.462762,2026-07-05T06:02:12.474184+00:00,138.0,405,bid,AverageAlmonds,YieldingYams,7952928
2026-07-05T06:02:12.790083,2026-07-05T06:02:12.799641+00:00,138.2,200,bid,YieldingYams,WavyWalnuts,7952932
2026-07-05T06:02:13.002731,2026-07-05T06:02:13.010536+00:00,138.3,200,ask,YieldingYams,WavyWalnuts,7952936
2026-07-05T06:02:13.827329,2026-07-05T06:02:13.838945+00:00,138.5,20,bid,BrilliantBurritos,YieldingYams,7952972
2026-07-05T06:02:18.486298,2026-07-05T06:02:18.498652+00:00,138.1,20,ask,WavyWalnuts,BrilliantBurritos,7953051
2026-07-05T06:02:21.488431,2026-07-05T06:02:21.496023+00:00,138.2,200,ask,YieldingYams,WavyWalnuts,7953114
2026-07-05T06:02:22.696458,2026-07-05T06:02:22.704919+00:00,138.3,200,ask,YieldingYams,WavyWalnuts,7953132
2026-07-05T06:02:23.748885,2026-07-05T06:02:23.765808+00:00,138.4,11,bid,Xuanyu Liu,YieldingYams,7953145
2026-07-05T06:02:23.908701,2026-07-05T06:02:23.918723+00:00,138.2,200,ask,YieldingYams,WavyWalnuts,7953153
2026-07-05T06:02:24.628743,2026-07-05T06:02:24.633376+00:00,138.3,11,bid,Xuanyu Liu,YieldingYams,7953167
2026-07-05T06:02:25.629711,2026-07-05T06:02:25.639877+00:00,138.1,20,ask,WavyWalnuts,BrilliantBurritos,7953179
2026-07-05T06:02:25.937175,2026-07-05T06:02:25.941403+00:00,138.2,12,bid,Xuanyu Liu,YieldingYams,7953183
2026-07-05T06:02:26.985903,2026-07-05T06:02:26.998022+00:00,138.2,500,bid,AverageAlmonds,YieldingYams,7953200
2026-07-05T06:02:28.538227,2026-07-05T06:02:28.557212+00:00,138.3,200,bid,YieldingYams,WavyWalnuts,7953224
2026-07-05T06:02:28.552823,2026-07-05T06:02:28.557212+00:00,138.3,12,ask,YieldingYams,Xuanyu Liu,7953226
2026-07-05T06:02:28.683983,2026-07-05T06:02:28.696092+00:00,138.6,20,bid,BrilliantBurritos,YieldingYams,7953227
2026-07-05T06:02:28.758301,2026-07-05T06:02:28.770354+00:00,138.3,200,ask,YieldingYams,WavyWalnuts,7953229
2026-07-05T06:02:29.869358,2026-07-05T06:02:29.874220+00:00,138.3,12,bid,Xuanyu Liu,YieldingYams,7953248
2026-07-05T06:02:30.083941,2026-07-05T06:02:30.088224+00:00,138.2,11,bid,Xuanyu Liu,WavyWalnuts,7953253
2026-07-05T06:02:30.241064,2026-07-05T06:02:30.249505+00:00,138.2,2,bid,Harold Schneider,WavyWalnuts,7953256
2026-07-05T06:02:30.626465,2026-07-05T06:02:30.634535+00:00,138.2,187,bid,AverageAlmonds,WavyWalnuts,7953265
2026-07-05T06:02:33.241294,2026-07-05T06:02:33.245645+00:00,138.4,12,bid,Xuanyu Liu,YieldingYams,7953303
2026-07-05T06:02:35.092185,2026-07-05T06:02:35.099928+00:00,138.4,200,bid,YieldingYams,WavyWalnuts,7953331
2026-07-05T06:02:35.253116,2026-07-05T06:02:35.264980+00:00,138.4,2,ask,YieldingYams,Harold Schneider,7953335
2026-07-05T06:02:37.134891,2026-07-05T06:02:37.146811+00:00,138.4,20,bid,BrilliantBurritos,YieldingYams,7953365
2026-07-05T06:02:37.223220,2026-07-05T06:02:37.233698+00:00,138.4,200,bid,WavyWalnuts,YieldingYams,7953368
2026-07-05T06:02:40.351095,2026-07-05T06:02:40.355524+00:00,138.4,11,bid,Xuanyu Liu,YieldingYams,7953419
2026-07-05T06:02:40.895048,2026-07-05T06:02:40.905858+00:00,138.4,500,bid,AverageAlmonds,YieldingYams,7953428
2026-07-05T06:02:41.640676,2026-07-05T06:02:41.648166+00:00,138.5,200,bid,YieldingYams,WavyWalnuts,7953440
2026-07-05T06:02:42.066609,2026-07-05T06:02:42.074469+00:00,138.5,200,ask,YieldingYams,WavyWalnuts,7953448
2026-07-05T06:02:42.955343,2026-07-05T06:02:42.958627+00:00,138.4,500,ask,AverageAlmonds,YieldingYams,7953458
2026-07-05T06:02:42.977067,2026-07-05T06:02:42.982147+00:00,138.3,6,bid,Xuanyu Liu,YieldingYams,7953460
2026-07-05T06:02:43.336309,2026-07-05T06:02:43.343496+00:00,138.3,119,bid,AverageAlmonds,YieldingYams,7953466
2026-07-05T06:02:43.336309,2026-07-05T06:02:43.348721+00:00,138.4,200,bid,AverageAlmonds,WavyWalnuts,7953467
2026-07-05T06:02:45.338678,2026-07-05T06:02:45.346749+00:00,138.7,2,bid,Harold Schneider,YieldingYams,7953507
2026-07-05T06:02:46.959101,2026-07-05T06:02:46.969405+00:00,138.6,200,bid,AverageAlmonds,WavyWalnuts,7953536
2026-07-05T06:02:49.319230,2026-07-05T06:02:49.329056+00:00,138.6,200,bid,WavyWalnuts,YieldingYams,7953569
2026-07-05T06:02:49.406440,2026-07-05T06:02:49.414260+00:00,138.6,425,bid,AverageAlmonds,YieldingYams,7953573
2026-07-05T06:02:49.537774,2026-07-05T06:02:49.548406+00:00,138.8,200,bid,YieldingYams,WavyWalnuts,7953579
2026-07-05T06:02:50.358101,2026-07-05T06:02:50.370353+00:00,139.0,2,bid,Harold Schneider,YieldingYams,7953590
2026-07-05T06:02:50.529400,2026-07-05T06:02:50.539105+00:00,138.8,200,ask,YieldingYams,WavyWalnuts,7953595
2026-07-05T06:02:52.270768,2026-07-05T06:02:52.275097+00:00,138.8,3,ask,AverageAlmonds,Xuanyu Liu,7953625
2026-07-05T06:02:53.642234,2026-07-05T06:02:53.653680+00:00,138.9,500,bid,AverageAlmonds,YieldingYams,7953644
2026-07-05T06:02:54.238687,2026-07-05T06:02:54.245747+00:00,138.8,200,bid,AverageAlmonds,WavyWalnuts,7953658
2026-07-05T06:02:55.371184,2026-07-05T06:02:55.380398+00:00,138.9,200,ask,YieldingYams,WavyWalnuts,7953673
2026-07-05T06:02:55.380592,2026-07-05T06:02:55.392197+00:00,139.1,2,bid,Harold Schneider,YieldingYams,7953674
2026-07-05T06:02:56.121485,2026-07-05T06:02:56.125781+00:00,139.0,3,bid,Xuanyu Liu,YieldingYams,7953695
2026-07-05T06:03:00.210301,2026-07-05T06:03:00.217635+00:00,138.8,200,ask,YieldingYams,WavyWalnuts,7953768
2026-07-05T06:03:00.397005,2026-07-05T06:03:00.409076+00:00,139.0,2,bid,Harold Schneider,YieldingYams,7953772
2026-07-05T06:03:04.258791,2026-07-05T06:03:04.265697+00:00,138.9,20,bid,BrilliantBurritos,WavyWalnuts,7953829
2026-07-05T06:03:05.123179,2026-07-05T06:03:05.131212+00:00,138.8,200,bid,AverageAlmonds,WavyWalnuts,7953842
2026-07-05T06:03:05.294222,2026-07-05T06:03:05.298848+00:00,138.9,3,ask,YieldingYams,Xuanyu Liu,7953846
2026-07-05T06:03:05.481687,2026-07-05T06:03:05.493625+00:00,139.1,20,bid,BrilliantBurritos,YieldingYams,7953849
2026-07-05T06:03:06.583666,2026-07-05T06:03:06.593617+00:00,139.0,200,bid,YieldingYams,WavyWalnuts,7953867
2026-07-05T06:03:07.902405,2026-07-05T06:03:07.912225+00:00,138.9,200,ask,WavyWalnuts,YieldingYams,7953886
2026-07-05T06:03:12.327033,2026-07-05T06:03:12.334317+00:00,138.9,200,bid,WavyWalnuts,YieldingYams,7953951
2026-07-05T06:03:14.319140,2026-07-05T06:03:14.337774+00:00,139.1,20,bid,BrilliantBurritos,YieldingYams,7953982
2026-07-05T06:03:14.765316,2026-07-05T06:03:14.769536+00:00,138.9,3,bid,Xuanyu Liu,WavyWalnuts,7953992
2026-07-05T06:03:15.447915,2026-07-05T06:03:15.458560+00:00,138.9,25,bid,Harold Schneider,WavyWalnuts,7954003
2026-07-05T06:03:15.464655,2026-07-05T06:03:15.475338+00:00,138.9,2,bid,Harold Schneider,WavyWalnuts,7954006
2026-07-05T06:03:15.765484,2026-07-05T06:03:15.776701+00:00,138.9,170,bid,YieldingYams,WavyWalnuts,7954011
2026-07-05T06:03:18.372401,2026-07-05T06:03:18.383432+00:00,139.0,200,bid,WavyWalnuts,YieldingYams,7954051
2026-07-05T06:03:20.481684,2026-07-05T06:03:20.493335+00:00,139.0,2,bid,Harold Schneider,YieldingYams,7954075
2026-07-05T06:03:21.037249,2026-07-05T06:03:21.041267+00:00,138.9,11,bid,Xuanyu Liu,YieldingYams,7954089
2026-07-05T06:03:22.011173,2026-07-05T06:03:22.021523+00:00,138.9,200,bid,WavyWalnuts,YieldingYams,7954098
2026-07-05T06:03:23.952024,2026-07-05T06:03:23.956818+00:00,138.7,11,ask,WavyWalnuts,Xuanyu Liu,7954137
2026-07-05T06:03:24.433535,2026-07-05T06:03:24.444923+00:00,138.9,200,bid,WavyWalnuts,YieldingYams,7954139
2026-07-05T06:03:25.460905,2026-07-05T06:03:25.468021+00:00,139.1,20,bid,BrilliantBurritos,WavyWalnuts,7954158
2026-07-05T06:03:25.497917,2026-07-05T06:03:25.510358+00:00,139.1,2,bid,Harold Schneider,WavyWalnuts,7954159
2026-07-05T06:03:29.282151,2026-07-05T06:03:29.294050+00:00,138.9,200,ask,YieldingYams,WavyWalnuts,7954203
2026-07-05T06:03:30.516999,2026-07-05T06:03:30.528768+00:00,138.9,2,bid,Harold Schneider,YieldingYams,7954229
2026-07-05T06:03:31.524631,2026-07-05T06:03:31.532037+00:00,138.9,200,bid,YieldingYams,WavyWalnuts,7954244
2026-07-05T06:03:35.535958,2026-07-05T06:03:35.547754+00:00,138.9,2,bid,Harold Schneider,WavyWalnuts,7954309
2026-07-05T06:03:36.293428,2026-07-05T06:03:36.305431+00:00,138.9,20,bid,BrilliantBurritos,WavyWalnuts,7954319
2026-07-05T06:03:36.552834,2026-07-05T06:03:36.561034+00:00,138.7,200,ask,YieldingYams,WavyWalnuts,7954323
2026-07-05T06:03:37.767629,2026-07-05T06:03:37.774791+00:00,138.7,200,ask,YieldingYams,WavyWalnuts,7954339
2026-07-05T06:03:42.947764,2026-07-05T06:03:42.952132+00:00,138.6,6,ask,WavyWalnuts,Xuanyu Liu,7954411
2026-07-05T06:03:43.385820,2026-07-05T06:03:43.394876+00:00,138.6,194,ask,WavyWalnuts,YieldingYams,7954418
2026-07-05T06:03:45.040083,2026-07-05T06:03:45.047647+00:00,138.5,200,bid,WavyWalnuts,YieldingYams,7954444
2026-07-05T06:03:45.560505,2026-07-05T06:03:45.572556+00:00,138.4,25,ask,AverageAlmonds,Harold Schneider,7954448
2026-07-05T06:03:46.249693,2026-07-05T06:03:46.258591+00:00,138.5,200,bid,WavyWalnuts,YieldingYams,7954458
2026-07-05T06:03:50.593350,2026-07-05T06:03:50.604943+00:00,138.4,18,ask,YieldingYams,Harold Schneider,7954530
2026-07-05T06:03:53.531945,2026-07-05T06:03:53.542821+00:00,138.4,200,ask,YieldingYams,WavyWalnuts,7954572
2026-07-05T06:03:54.866634,2026-07-05T06:03:54.871071+00:00,138.4,23,ask,WavyWalnuts,Xuanyu Liu,7954589
2026-07-05T06:03:55.219274,2026-07-05T06:03:55.229869+00:00,138.4,177,ask,WavyWalnuts,YieldingYams,7954596
2026-07-05T06:03:55.955282,2026-07-05T06:03:55.956100+00:00,138.3,200,bid,WavyWalnuts,YieldingYams,7954608
2026-07-05T06:03:57.166016,2026-07-05T06:03:57.174461+00:00,138.5,200,bid,WavyWalnuts,YieldingYams,7954623
2026-07-05T06:03:57.865431,2026-07-05T06:03:57.869807+00:00,138.4,11,ask,YieldingYams,Xuanyu Liu,7954630
2026-07-05T06:04:01.887850,2026-07-05T06:04:01.892364+00:00,138.6,11,bid,Xuanyu Liu,WavyWalnuts,7954690
2026-07-05T06:04:02.029376,2026-07-05T06:04:02.037741+00:00,138.5,12,bid,Xuanyu Liu,WavyWalnuts,7954694
2026-07-05T06:04:08.329020,2026-07-05T06:04:08.348843+00:00,138.4,200,ask,WavyWalnuts,YieldingYams,7954784
2026-07-05T06:04:08.344420,2026-07-05T06:04:08.348843+00:00,138.3,11,bid,Xuanyu Liu,YieldingYams,7954786
2026-07-05T06:04:15.064579,2026-07-05T06:04:15.076579+00:00,138.4,20,ask,YieldingYams,BrilliantBurritos,7954885
2026-07-05T06:04:20.140451,2026-07-05T06:04:20.147346+00:00,138.5,200,ask,WavyWalnuts,YieldingYams,7954955
2026-07-05T06:04:20.179378,2026-07-05T06:04:20.187658+00:00,138.3,200,bid,WavyWalnuts,YieldingYams,7954957
2026-07-05T06:04:21.448901,2026-07-05T06:04:21.453246+00:00,138.2,200,bid,YieldingYams,WavyWalnuts,7954984
2026-07-05T06:04:21.738506,2026-07-05T06:04:21.746415+00:00,138.3,20,ask,YieldingYams,BrilliantBurritos,7954989
2026-07-05T06:04:22.595684,2026-07-05T06:04:22.602675+00:00,138.3,200,ask,YieldingYams,WavyWalnuts,7955004
2026-07-05T06:04:25.390026,2026-07-05T06:04:25.400146+00:00,138.3,200,ask,WavyWalnuts,YieldingYams,7955049
2026-07-05T06:04:27.249954,2026-07-05T06:04:27.263924+00:00,138.1,34,ask,WavyWalnuts,Xuanyu Liu,7955088
2026-07-05T06:04:28.538406,2026-07-05T06:04:28.546401+00:00,138.2,20,bid,BrilliantBurritos,YieldingYams,7955101
2026-07-05T06:04:29.317576,2026-07-05T06:04:29.328703+00:00,138.1,200,ask,WavyWalnuts,YieldingYams,7955124
2026-07-05T06:04:30.797920,2026-07-05T06:04:30.802834+00:00,138.1,10,ask,YieldingYams,Xuanyu Liu,7955159
2026-07-05T06:04:31.573606,2026-07-05T06:04:31.585533+00:00,138.2,20,bid,BrilliantBurritos,WavyWalnuts,7955170
2026-07-05T06:04:32.925225,2026-07-05T06:04:32.935007+00:00,138.2,500,bid,AverageAlmonds,YieldingYams,7955196
2026-07-05T06:04:33.249328,2026-07-05T06:04:33.272796+00:00,138.2,200,bid,YieldingYams,WavyWalnuts,7955203
2026-07-05T06:04:33.268252,2026-07-05T06:04:33.272796+00:00,138.2,2,ask,YieldingYams,Xuanyu Liu,7955207
2026-07-05T06:04:33.630017,2026-07-05T06:04:33.634224+00:00,138.4,12,bid,Xuanyu Liu,WavyWalnuts,7955222
2026-07-05T06:04:34.338309,2026-07-05T06:04:34.346462+00:00,138.2,20,ask,YieldingYams,BrilliantBurritos,7955233
2026-07-05T06:04:34.585587,2026-07-05T06:04:34.589937+00:00,138.3,11,bid,Xuanyu Liu,YieldingYams,7955236
2026-07-05T06:04:35.820019,2026-07-05T06:04:35.834385+00:00,138.3,2,bid,Harold Schneider,YieldingYams,7955260
2026-07-05T06:04:35.878389,2026-07-05T06:04:35.887680+00:00,138.3,200,bid,YieldingYams,WavyWalnuts,7955264
2026-07-05T06:04:35.982567,2026-07-05T06:04:35.990527+00:00,138.3,200,ask,YieldingYams,WavyWalnuts,7955267
2026-07-05T06:04:37.227345,2026-07-05T06:04:37.238693+00:00,138.2,200,ask,WavyWalnuts,YieldingYams,7955288
2026-07-05T06:04:38.427415,2026-07-05T06:04:38.436785+00:00,138.2,200,bid,WavyWalnuts,YieldingYams,7955305
2026-07-05T06:04:39.799317,2026-07-05T06:04:39.811337+00:00,138.4,20,bid,BrilliantBurritos,WavyWalnuts,7955325
2026-07-05T06:04:40.832669,2026-07-05T06:04:40.844888+00:00,138.3,2,ask,YieldingYams,Harold Schneider,7955332
2026-07-05T06:04:42.656205,2026-07-05T06:04:42.668199+00:00,138.4,20,bid,BrilliantBurritos,YieldingYams,7955371
2026-07-05T06:04:43.106217,2026-07-05T06:04:43.110504+00:00,138.3,11,ask,WavyWalnuts,Xuanyu Liu,7955378
2026-07-05T06:04:43.782848,2026-07-05T06:04:43.792851+00:00,138.3,200,ask,WavyWalnuts,YieldingYams,7955389
2026-07-05T06:04:44.085729,2026-07-05T06:04:44.098056+00:00,138.3,20,bid,BrilliantBurritos,YieldingYams,7955394
2026-07-05T06:04:47.416524,2026-07-05T06:04:47.423769+00:00,138.3,20,bid,BrilliantBurritos,WavyWalnuts,7955447
2026-07-05T06:04:51.646357,2026-07-05T06:04:51.655059+00:00,138.5,200,ask,WavyWalnuts,YieldingYams,7955514
2026-07-05T06:04:54.167933,2026-07-05T06:04:54.179492+00:00,138.6,200,bid,WavyWalnuts,YieldingYams,7955552
2026-07-05T06:04:55.382018,2026-07-05T06:04:55.391461+00:00,138.6,200,bid,WavyWalnuts,YieldingYams,7955567
2026-07-05T06:04:55.778866,2026-07-05T06:04:55.783482+00:00,138.8,11,bid,Xuanyu Liu,WavyWalnuts,7955577
2026-07-05T06:04:55.918241,2026-07-05T06:04:55.925832+00:00,138.8,2,bid,Harold Schneider,WavyWalnuts,7955580
2026-07-05T06:04:55.921731,2026-07-05T06:04:55.925832+00:00,138.8,10,bid,Xuanyu Liu,WavyWalnuts,7955581
2026-07-05T06:04:57.810457,2026-07-05T06:04:57.820784+00:00,138.7,200,ask,YieldingYams,WavyWalnuts,7955615
2026-07-05T06:04:58.880939,2026-07-05T06:04:58.885702+00:00,138.9,2,bid,Xuanyu Liu,YieldingYams,7955646
2026-07-05T06:04:59.514740,2026-07-05T06:04:59.524356+00:00,138.8,200,ask,WavyWalnuts,YieldingYams,7955658
2026-07-05T06:04:59.535655,2026-07-05T06:04:59.540374+00:00,138.8,11,bid,Xuanyu Liu,YieldingYams,7955662
2026-07-05T06:05:00.809496,2026-07-05T06:05:00.813307+00:00,138.7,3,bid,Xuanyu Liu,AverageAlmonds,7955686
2026-07-05T06:05:00.935971,2026-07-05T06:05:00.947951+00:00,138.7,2,bid,Harold Schneider,AverageAlmonds,7955687
2026-07-05T06:05:02.610129,2026-07-05T06:05:02.620332+00:00,138.6,200,ask,WavyWalnuts,AverageAlmonds,7955709
2026-07-05T06:05:02.610129,2026-07-05T06:05:02.620332+00:00,138.6,300,ask,YieldingYams,AverageAlmonds,7955710
2026-07-05T06:05:03.199683,2026-07-05T06:05:03.207989+00:00,138.6,325,ask,YieldingYams,AverageAlmonds,7955722
2026-07-05T06:05:03.812260,2026-07-05T06:05:03.819829+00:00,138.5,200,ask,WavyWalnuts,AverageAlmonds,7955731
2026-07-05T06:05:03.880112,2026-07-05T06:05:03.890050+00:00,138.4,200,ask,YieldingYams,WavyWalnuts,7955733
2026-07-05T06:05:05.958051,2026-07-05T06:05:05.969990+00:00,138.5,2,bid,Harold Schneider,WavyWalnuts,7955757
2026-07-05T06:05:09.940885,2026-07-05T06:05:09.948228+00:00,138.5,200,bid,WavyWalnuts,YieldingYams,7955816
2026-07-05T06:05:10.978046,2026-07-05T06:05:10.986752+00:00,138.6,2,bid,Harold Schneider,AverageAlmonds,7955835
2026-07-05T06:05:11.073189,2026-07-05T06:05:11.085173+00:00,138.5,500,ask,YieldingYams,AverageAlmonds,7955836
2026-07-05T06:05:11.662753,2026-07-05T06:05:11.669369+00:00,138.4,500,ask,YieldingYams,AverageAlmonds,7955844
2026-07-05T06:05:13.570835,2026-07-05T06:05:13.578081+00:00,138.5,200,bid,WavyWalnuts,AverageAlmonds,7955876
2026-07-05T06:05:15.317799,2026-07-05T06:05:15.325363+00:00,138.5,200,ask,WavyWalnuts,AverageAlmonds,7955904
2026-07-05T06:05:16.021560,2026-07-05T06:05:16.029145+00:00,138.6,2,bid,Harold Schneider,YieldingYams,7955918
2026-07-05T06:05:16.607253,2026-07-05T06:05:16.614615+00:00,138.4,20,ask,WavyWalnuts,BrilliantBurritos,7955930
2026-07-05T06:05:18.604364,2026-07-05T06:05:18.613922+00:00,138.4,20,ask,YieldingYams,BrilliantBurritos,7955965
2026-07-05T06:05:19.187399,2026-07-05T06:05:19.196401+00:00,138.5,200,bid,YieldingYams,WavyWalnuts,7955973
2026-07-05T06:05:20.860445,2026-07-05T06:05:20.869621+00:00,138.6,200,ask,YieldingYams,WavyWalnuts,7956003
2026-07-05T06:05:24.487478,2026-07-05T06:05:24.498093+00:00,138.5,200,ask,YieldingYams,WavyWalnuts,7956047
2026-07-05T06:05:25.029638,2026-07-05T06:05:25.041280+00:00,138.5,425,ask,YieldingYams,AverageAlmonds,7956053
2026-07-05T06:05:25.741309,2026-07-05T06:05:25.758847+00:00,138.4,200,ask,WavyWalnuts,YieldingYams,7956059
2026-07-05T06:05:26.906379,2026-07-05T06:05:26.915436+00:00,138.3,200,bid,WavyWalnuts,YieldingYams,7956089
2026-07-05T06:05:27.464695,2026-07-05T06:05:27.478506+00:00,138.3,3,ask,YieldingYams,Xuanyu Liu,7956098
2026-07-05T06:05:29.111445,2026-07-05T06:05:29.123520+00:00,138.4,20,bid,BrilliantBurritos,YieldingYams,7956128
2026-07-05T06:05:33.786584,2026-07-05T06:05:33.790657+00:00,138.2,11,ask,YieldingYams,Xuanyu Liu,7956203
2026-07-05T06:05:36.059909,2026-07-05T06:05:36.071920+00:00,138.2,10,ask,YieldingYams,Harold Schneider,7956242
2026-07-05T06:05:36.253057,2026-07-05T06:05:36.258598+00:00,138.3,200,bid,YieldingYams,WavyWalnuts,7956250
2026-07-05T06:05:38.954807,2026-07-05T06:05:38.959078+00:00,138.3,11,bid,Xuanyu Liu,AverageAlmonds,7956290
2026-07-05T06:05:39.001558,2026-07-05T06:05:39.008482+00:00,138.3,200,bid,WavyWalnuts,AverageAlmonds,7956293
2026-07-05T06:05:43.200154,2026-07-05T06:05:43.211534+00:00,138.4,200,ask,WavyWalnuts,AverageAlmonds,7956362
2026-07-05T06:05:43.296871,2026-07-05T06:05:43.302346+00:00,138.4,3,bid,Xuanyu Liu,AverageAlmonds,7956366
2026-07-05T06:05:43.788024,2026-07-05T06:05:43.798456+00:00,138.3,500,ask,YieldingYams,AverageAlmonds,7956371
2026-07-05T06:05:44.151854,2026-07-05T06:05:44.168696+00:00,138.2,200,ask,WavyWalnuts,YieldingYams,7956377
2026-07-05T06:05:44.175657,2026-07-05T06:05:44.180278+00:00,138.2,3,bid,Xuanyu Liu,YieldingYams,7956380
2026-07-05T06:05:45.042497,2026-07-05T06:05:45.051237+00:00,138.2,200,bid,WavyWalnuts,YieldingYams,7956390
2026-07-05T06:05:45.463868,2026-07-05T06:05:45.474550+00:00,138.3,500,bid,YieldingYams,AverageAlmonds,7956402
2026-07-05T06:05:45.731375,2026-07-05T06:05:45.743687+00:00,138.3,20,ask,YieldingYams,BrilliantBurritos,7956407
2026-07-05T06:05:46.198864,2026-07-05T06:05:46.206520+00:00,138.3,105,ask,YieldingYams,AverageAlmonds,7956411
2026-07-05T06:05:46.361702,2026-07-05T06:05:46.370673+00:00,138.3,20,bid,BrilliantBurritos,AverageAlmonds,7956413
2026-07-05T06:05:46.464736,2026-07-05T06:05:46.469281+00:00,138.1,3,ask,WavyWalnuts,Xuanyu Liu,7956416
2026-07-05T06:05:47.464139,2026-07-05T06:05:47.474271+00:00,138.2,200,ask,YieldingYams,WavyWalnuts,7956430
2026-07-05T06:05:49.399609,2026-07-05T06:05:49.409799+00:00,138.2,200,ask,WavyWalnuts,YieldingYams,7956454
2026-07-05T06:05:51.093453,2026-07-05T06:05:51.101317+00:00,138.1,200,bid,WavyWalnuts,YieldingYams,7956488
2026-07-05T06:05:52.304256,2026-07-05T06:05:52.314233+00:00,138.2,200,bid,WavyWalnuts,YieldingYams,7956509
2026-07-05T06:05:57.159692,2026-07-05T06:05:57.169792+00:00,138.1,200,ask,YieldingYams,WavyWalnuts,7956581
2026-07-05T06:05:59.201947,2026-07-05T06:05:59.213934+00:00,138.0,20,ask,YieldingYams,BrilliantBurritos,7956614
2026-07-05T06:06:01.274843,2026-07-05T06:06:01.284856+00:00,138.3,200,bid,YieldingYams,WavyWalnuts,7956631
2026-07-05T06:06:02.243908,2026-07-05T06:06:02.248239+00:00,138.4,14,bid,Xuanyu Liu,WavyWalnuts,7956651
2026-07-05T06:06:03.210567,2026-07-05T06:06:03.219734+00:00,138.3,200,ask,YieldingYams,WavyWalnuts,7956663
2026-07-05T06:06:06.181029,2026-07-05T06:06:06.189900+00:00,138.4,25,bid,Harold Schneider,YieldingYams,7956717
2026-07-05T06:06:06.526180,2026-07-05T06:06:06.547018+00:00,138.1,200,ask,WavyWalnuts,YieldingYams,7956726
2026-07-05T06:06:06.542166,2026-07-05T06:06:06.547018+00:00,138.1,23,bid,Xuanyu Liu,YieldingYams,7956728
2026-07-05T06:06:06.838717,2026-07-05T06:06:06.850515+00:00,138.1,200,bid,WavyWalnuts,YieldingYams,7956733
2026-07-05T06:06:10.479965,2026-07-05T06:06:10.496697+00:00,138.1,200,ask,YieldingYams,WavyWalnuts,7956790
2026-07-05T06:06:11.688282,2026-07-05T06:06:11.764594+00:00,138.2,200,bid,WavyWalnuts,YieldingYams,7956810
2026-07-05T06:06:14.960548,2026-07-05T06:06:14.964850+00:00,138.1,23,ask,WavyWalnuts,Xuanyu Liu,7956878
2026-07-05T06:06:17.092729,2026-07-05T06:06:17.109246+00:00,138.2,200,bid,YieldingYams,WavyWalnuts,7956919
2026-07-05T06:06:17.307666,2026-07-05T06:06:17.311629+00:00,138.4,12,bid,Xuanyu Liu,YieldingYams,7956923
2026-07-05T06:06:17.312621,2026-07-05T06:06:17.326920+00:00,138.4,20,bid,BrilliantBurritos,YieldingYams,7956924
2026-07-05T06:06:18.405667,2026-07-05T06:06:18.416846+00:00,138.3,200,ask,WavyWalnuts,YieldingYams,7956945
2026-07-05T06:06:18.422570,2026-07-05T06:06:18.427197+00:00,138.3,11,bid,Xuanyu Liu,YieldingYams,7956947
2026-07-05T06:06:20.198600,2026-07-05T06:06:20.206777+00:00,138.3,200,ask,YieldingYams,WavyWalnuts,7956978
2026-07-05T06:06:21.027035,2026-07-05T06:06:21.038905+00:00,138.4,500,bid,YieldingYams,AverageAlmonds,7956984
2026-07-05T06:06:21.298033,2026-07-05T06:06:21.305405+00:00,138.4,125,ask,YieldingYams,AverageAlmonds,7956986
2026-07-05T06:06:21.317991,2026-07-05T06:06:21.321792+00:00,138.4,23,bid,Xuanyu Liu,AverageAlmonds,7956988
2026-07-05T06:06:22.120051,2026-07-05T06:06:22.127090+00:00,138.4,20,bid,BrilliantBurritos,AverageAlmonds,7957005
2026-07-05T06:06:22.338192,2026-07-05T06:06:22.345953+00:00,138.2,200,ask,WavyWalnuts,YieldingYams,7957011
2026-07-05T06:06:22.617431,2026-07-05T06:06:22.628581+00:00,138.2,200,bid,WavyWalnuts,YieldingYams,7957017
2026-07-05T06:06:23.829396,2026-07-05T06:06:23.837347+00:00,138.1,200,bid,WavyWalnuts,YieldingYams,7957040
2026-07-05T06:06:24.464597,2026-07-05T06:06:24.468724+00:00,137.9,11,ask,YieldingYams,Xuanyu Liu,7957046
2026-07-05T06:06:25.059967,2026-07-05T06:06:25.064612+00:00,138.0,12,ask,WavyWalnuts,Xuanyu Liu,7957062
2026-07-05T06:06:26.226932,2026-07-05T06:06:26.238041+00:00,138.1,25,bid,Harold Schneider,YieldingYams,7957076
2026-07-05T06:06:27.576207,2026-07-05T06:06:27.580512+00:00,138.2,12,bid,Xuanyu Liu,YieldingYams,7957094
2026-07-05T06:06:30.234758,2026-07-05T06:06:30.245031+00:00,138.0,200,ask,WavyWalnuts,YieldingYams,7957135
2026-07-05T06:06:30.252012,2026-07-05T06:06:30.256714+00:00,138.0,22,bid,Xuanyu Liu,YieldingYams,7957138
2026-07-05T06:06:31.246916,2026-07-05T06:06:31.254499+00:00,138.0,25,bid,Harold Schneider,YieldingYams,7957154
2026-07-05T06:06:31.567132,2026-07-05T06:06:31.594716+00:00,138.0,200,bid,YieldingYams,WavyWalnuts,7957165
2026-07-05T06:06:31.589874,2026-07-05T06:06:31.594716+00:00,138.0,11,ask,YieldingYams,Xuanyu Liu,7957168
2026-07-05T06:06:32.312598,2026-07-05T06:06:32.322185+00:00,138.0,200,ask,YieldingYams,WavyWalnuts,7957178
2026-07-05T06:06:33.145520,2026-07-05T06:06:33.150627+00:00,137.8,11,ask,WavyWalnuts,Xuanyu Liu,7957187
2026-07-05T06:06:33.520725,2026-07-05T06:06:33.530911+00:00,137.9,200,bid,WavyWalnuts,YieldingYams,7957194
2026-07-05T06:06:33.611352,2026-07-05T06:06:33.623405+00:00,137.7,20,ask,YieldingYams,BrilliantBurritos,7957196
2026-07-05T06:06:33.947785,2026-07-05T06:06:33.952057+00:00,137.7,12,ask,YieldingYams,Xuanyu Liu,7957207
2026-07-05T06:06:34.730685,2026-07-05T06:06:34.741067+00:00,137.9,200,bid,WavyWalnuts,YieldingYams,7957213
2026-07-05T06:06:35.944374,2026-07-05T06:06:35.964017+00:00,137.9,200,bid,WavyWalnuts,YieldingYams,7957229
2026-07-05T06:06:36.835749,2026-07-05T06:06:36.839803+00:00,137.9,23,ask,YieldingYams,Xuanyu Liu,7957239
2026-07-05T06:06:37.156376,2026-07-05T06:06:37.169052+00:00,137.9,200,ask,YieldingYams,WavyWalnuts,7957247
2026-07-05T06:06:44.429197,2026-07-05T06:06:44.439209+00:00,138.1,200,ask,YieldingYams,WavyWalnuts,7957352
2026-07-05T06:06:47.300791,2026-07-05T06:06:47.308358+00:00,138.1,500,bid,YieldingYams,AverageAlmonds,7957405
2026-07-05T06:06:47.738297,2026-07-05T06:06:47.758587+00:00,138.1,20,ask,YieldingYams,BrilliantBurritos,7957406
2026-07-05T06:06:47.938957,2026-07-05T06:06:47.946281+00:00,138.1,105,ask,YieldingYams,AverageAlmonds,7957410
2026-07-05T06:06:48.066972,2026-07-05T06:06:48.074684+00:00,138.1,200,bid,WavyWalnuts,AverageAlmonds,7957413
2026-07-05T06:06:49.928301,2026-07-05T06:06:49.936784+00:00,137.8,200,ask,WavyWalnuts,YieldingYams,7957441
2026-07-05T06:06:50.494210,2026-07-05T06:06:50.505949+00:00,137.8,200,bid,WavyWalnuts,YieldingYams,7957455
2026-07-05T06:06:51.240689,2026-07-05T06:06:51.257095+00:00,137.9,500,bid,YieldingYams,AverageAlmonds,7957460
2026-07-05T06:06:51.263415,2026-07-05T06:06:51.267840+00:00,138.0,14,ask,YieldingYams,Xuanyu Liu,7957464
2026-07-05T06:06:51.580376,2026-07-05T06:06:51.592148+00:00,138.0,111,ask,YieldingYams,AverageAlmonds,7957468
2026-07-05T06:06:52.913692,2026-07-05T06:06:52.922966+00:00,137.9,200,bid,WavyWalnuts,YieldingYams,7957486
2026-07-05T06:06:54.121491,2026-07-05T06:06:54.129752+00:00,137.8,200,bid,WavyWalnuts,AverageAlmonds,7957510
2026-07-05T06:06:57.759258,2026-07-05T06:06:57.769755+00:00,137.6,20,ask,WavyWalnuts,BrilliantBurritos,7957574
2026-07-05T06:06:59.685666,2026-07-05T06:06:59.696754+00:00,137.8,20,bid,BrilliantBurritos,YieldingYams,7957603
2026-07-05T06:07:00.048763,2026-07-05T06:07:00.055093+00:00,137.7,200,ask,WavyWalnuts,AverageAlmonds,7957614
2026-07-05T06:07:00.420917,2026-07-05T06:07:00.430159+00:00,137.7,300,bid,YieldingYams,AverageAlmonds,7957618
2026-07-05T06:07:00.643891,2026-07-05T06:07:00.653356+00:00,137.7,325,ask,YieldingYams,AverageAlmonds,7957622
2026-07-05T06:07:01.731658,2026-07-05T06:07:01.743252+00:00,137.7,200,ask,WavyWalnuts,YieldingYams,7957640
2026-07-05T06:07:05.029016,2026-07-05T06:07:05.039692+00:00,137.5,200,ask,YieldingYams,WavyWalnuts,7957687
2026-07-05T06:07:05.154279,2026-07-05T06:07:05.158610+00:00,137.5,20,ask,YieldingYams,BrilliantBurritos,7957688
2026-07-05T06:07:08.809075,2026-07-05T06:07:08.813203+00:00,137.4,3,ask,WavyWalnuts,Xuanyu Liu,7957742
2026-07-05T06:07:09.600585,2026-07-05T06:07:09.607536+00:00,137.4,197,ask,WavyWalnuts,YieldingYams,7957760
2026-07-05T06:07:09.878099,2026-07-05T06:07:09.888575+00:00,137.4,200,bid,WavyWalnuts,YieldingYams,7957767
2026-07-05T06:07:10.713688,2026-07-05T06:07:10.725679+00:00,137.4,20,bid,BrilliantBurritos,YieldingYams,7957776
2026-07-05T06:07:11.359266,2026-07-05T06:07:11.371189+00:00,137.4,25,ask,YieldingYams,Harold Schneider,7957789
2026-07-05T06:07:11.387301,2026-07-05T06:07:11.391557+00:00,137.4,10,ask,YieldingYams,Xuanyu Liu,7957793
2026-07-05T06:07:14.608433,2026-07-05T06:07:14.617093+00:00,137.4,20,bid,BrilliantBurritos,YieldingYams,7957849
2026-07-05T06:07:15.135029,2026-07-05T06:07:15.139101+00:00,137.2,13,ask,WavyWalnuts,Xuanyu Liu,7957859
2026-07-05T06:07:15.948070,2026-07-05T06:07:15.958646+00:00,137.2,200,ask,YieldingYams,WavyWalnuts,7957873
2026-07-05T06:07:16.384997,2026-07-05T06:07:16.394784+00:00,137.1,25,ask,YieldingYams,Harold Schneider,7957881
2026-07-05T06:07:16.465603,2026-07-05T06:07:16.471360+00:00,137.2,10,ask,AverageAlmonds,Xuanyu Liu,7957884
2026-07-05T06:07:20.680029,2026-07-05T06:07:20.684944+00:00,137.2,1,ask,WavyWalnuts,Xuanyu Liu,7957942
2026-07-05T06:07:21.489610,2026-07-05T06:07:21.499822+00:00,137.2,500,ask,AverageAlmonds,YieldingYams,7957956
2026-07-05T06:07:21.505245,2026-07-05T06:07:21.515179+00:00,137.1,2,ask,WavyWalnuts,Harold Schneider,7957958
2026-07-05T06:07:21.837006,2026-07-05T06:07:21.845189+00:00,137.2,125,bid,AverageAlmonds,YieldingYams,7957965
2026-07-05T06:07:21.997506,2026-07-05T06:07:22.004304+00:00,137.2,200,ask,AverageAlmonds,WavyWalnuts,7957970
2026-07-05T06:07:22.816644,2026-07-05T06:07:22.820785+00:00,137.3,12,ask,YieldingYams,Xuanyu Liu,7957985
2026-07-05T06:07:25.430228,2026-07-05T06:07:25.439236+00:00,137.4,200,ask,WavyWalnuts,YieldingYams,7958024
2026-07-05T06:07:25.626295,2026-07-05T06:07:25.637067+00:00,137.4,200,bid,WavyWalnuts,YieldingYams,7958029
2026-07-05T06:07:26.397061,2026-07-05T06:07:26.409369+00:00,137.4,20,bid,BrilliantBurritos,YieldingYams,7958049
2026-07-05T06:07:26.527191,2026-07-05T06:07:26.538306+00:00,137.2,2,ask,YieldingYams,Harold Schneider,7958050
2026-07-05T06:07:27.738852,2026-07-05T06:07:27.743255+00:00,137.7,35,bid,Xuanyu Liu,WavyWalnuts,7958071
2026-07-05T06:07:28.108807,2026-07-05T06:07:28.113609+00:00,137.6,11,bid,Xuanyu Liu,WavyWalnuts,7958085
2026-07-05T06:07:30.496637,2026-07-05T06:07:30.505887+00:00,137.5,200,ask,YieldingYams,WavyWalnuts,7958125
2026-07-05T06:07:30.926609,2026-07-05T06:07:30.936993+00:00,137.5,500,ask,YieldingYams,AverageAlmonds,7958135
2026-07-05T06:07:30.965349,2026-07-05T06:07:30.969635+00:00,137.5,11,ask,YieldingYams,Xuanyu Liu,7958137
2026-07-05T06:07:31.517744,2026-07-05T06:07:31.526433+00:00,137.5,114,ask,YieldingYams,AverageAlmonds,7958143
2026-07-05T06:07:31.548414,2026-07-05T06:07:31.555322+00:00,137.3,2,ask,WavyWalnuts,Harold Schneider,7958145
2026-07-05T06:07:32.004378,2026-07-05T06:07:32.014111+00:00,137.4,200,ask,WavyWalnuts,YieldingYams,7958150
2026-07-05T06:07:32.910346,2026-07-05T06:07:32.919406+00:00,137.4,200,bid,WavyWalnuts,YieldingYams,7958169
2026-07-05T06:07:33.335153,2026-07-05T06:07:33.340100+00:00,137.4,12,ask,YieldingYams,Xuanyu Liu,7958176
2026-07-05T06:07:33.965335,2026-07-05T06:07:33.975384+00:00,137.4,500,ask,YieldingYams,AverageAlmonds,7958183
2026-07-05T06:07:34.562901,2026-07-05T06:07:34.574224+00:00,137.4,113,ask,YieldingYams,AverageAlmonds,7958188
2026-07-05T06:07:34.562901,2026-07-05T06:07:34.574224+00:00,137.4,200,ask,WavyWalnuts,AverageAlmonds,7958189
2026-07-05T06:07:35.328125,2026-07-05T06:07:35.335183+00:00,137.3,200,bid,WavyWalnuts,YieldingYams,7958203
2026-07-05T06:07:36.538797,2026-07-05T06:07:36.547358+00:00,137.2,200,bid,WavyWalnuts,YieldingYams,7958210
2026-07-05T06:07:36.566538,2026-07-05T06:07:36.578389+00:00,137.0,2,ask,YieldingYams,Harold Schneider,7958211
2026-07-05T06:07:37.287776,2026-07-05T06:07:37.291970+00:00,137.2,23,ask,YieldingYams,Xuanyu Liu,7958226
2026-07-05T06:07:39.880853,2026-07-05T06:07:39.889044+00:00,137.2,200,ask,WavyWalnuts,YieldingYams,7958264
2026-07-05T06:07:39.901335,2026-07-05T06:07:39.905803+00:00,137.2,12,bid,Xuanyu Liu,YieldingYams,7958267
2026-07-05T06:07:40.396939,2026-07-05T06:07:40.401254+00:00,137.2,11,bid,Xuanyu Liu,YieldingYams,7958276
2026-07-05T06:07:41.589794,2026-07-05T06:07:41.596810+00:00,137.2,2,ask,WavyWalnuts,Harold Schneider,7958297
2026-07-05T06:07:43.851409,2026-07-05T06:07:43.855738+00:00,137.2,12,bid,Xuanyu Liu,YieldingYams,7958338
2026-07-05T06:07:43.912048,2026-07-05T06:07:43.924201+00:00,137.2,20,bid,BrilliantBurritos,YieldingYams,7958339
2026-07-05T06:07:46.467424,2026-07-05T06:07:46.475770+00:00,137.1,200,ask,WavyWalnuts,YieldingYams,7958372
2026-07-05T06:07:46.489112,2026-07-05T06:07:46.494119+00:00,137.1,11,bid,Xuanyu Liu,YieldingYams,7958374
2026-07-05T06:07:46.611023,2026-07-05T06:07:46.622058+00:00,136.8,2,ask,YieldingYams,Harold Schneider,7958377
2026-07-05T06:07:47.459539,2026-07-05T06:07:47.464305+00:00,137.0,23,ask,WavyWalnuts,Xuanyu Liu,7958391
2026-07-05T06:07:51.632657,2026-07-05T06:07:51.640487+00:00,136.8,2,ask,YieldingYams,Harold Schneider,7958439
2026-07-05T06:07:54.160723,2026-07-05T06:07:54.172756+00:00,137.0,20,ask,WavyWalnuts,BrilliantBurritos,7958480
2026-07-05T06:07:54.709332,2026-07-05T06:07:54.719618+00:00,137.1,200,bid,WavyWalnuts,YieldingYams,7958484
2026-07-05T06:07:56.649859,2026-07-05T06:07:56.662014+00:00,137.0,2,ask,YieldingYams,Harold Schneider,7958506
2026-07-05T06:07:56.782719,2026-07-05T06:07:56.795295+00:00,137.2,20,bid,BrilliantBurritos,YieldingYams,7958507
2026-07-05T06:07:57.019753,2026-07-05T06:07:57.026399+00:00,137.0,200,ask,WavyWalnuts,YieldingYams,7958510
2026-07-05T06:07:57.125580,2026-07-05T06:07:57.136153+00:00,136.9,200,bid,WavyWalnuts,YieldingYams,7958514
2026-07-05T06:07:59.428764,2026-07-05T06:07:59.433140+00:00,136.9,23,ask,WavyWalnuts,Xuanyu Liu,7958545
2026-07-05T06:07:59.658826,2026-07-05T06:07:59.670841+00:00,136.9,200,ask,WavyWalnuts,YieldingYams,7958551
2026-07-05T06:07:59.658826,2026-07-05T06:07:59.670841+00:00,136.8,425,ask,AverageAlmonds,YieldingYams,7958552
2026-07-05T06:08:00.777797,2026-07-05T06:08:00.782715+00:00,137.0,11,ask,WavyWalnuts,Xuanyu Liu,7958567
2026-07-05T06:08:01.672066,2026-07-05T06:08:01.684327+00:00,137.0,2,ask,WavyWalnuts,Harold Schneider,7958578
2026-07-05T06:08:01.976996,2026-07-05T06:08:01.985147+00:00,137.1,200,bid,WavyWalnuts,YieldingYams,7958586
2026-07-05T06:08:05.464263,2026-07-05T06:08:05.474472+00:00,136.9,20,ask,WavyWalnuts,BrilliantBurritos,7958637
2026-07-05T06:08:05.626710,2026-07-05T06:08:05.637331+00:00,137.0,200,bid,WavyWalnuts,YieldingYams,7958641
2026-07-05T06:08:06.686830,2026-07-05T06:08:06.698586+00:00,137.0,2,ask,AverageAlmonds,Harold Schneider,7958656
2026-07-05T06:08:06.837630,2026-07-05T06:08:06.849637+00:00,137.1,200,bid,WavyWalnuts,YieldingYams,7958659
2026-07-05T06:08:10.865435,2026-07-05T06:08:10.877624+00:00,137.2,20,ask,YieldingYams,BrilliantBurritos,7958735
2026-07-05T06:08:11.706560,2026-07-05T06:08:11.768709+00:00,137.2,2,ask,YieldingYams,Harold Schneider,7958746
2026-07-05T06:08:12.753345,2026-07-05T06:08:12.755493+00:00,137.3,200,bid,YieldingYams,WavyWalnuts,7958759
2026-07-05T06:08:12.764832,2026-07-05T06:08:12.769229+00:00,137.4,11,ask,YieldingYams,Xuanyu Liu,7958761
2026-07-05T06:08:14.064045,2026-07-05T06:08:14.071413+00:00,137.5,200,bid,YieldingYams,WavyWalnuts,7958777
2026-07-05T06:08:14.082978,2026-07-05T06:08:14.087299+00:00,137.5,12,ask,YieldingYams,Xuanyu Liu,7958779
2026-07-05T06:08:14.129477,2026-07-05T06:08:14.133580+00:00,137.6,11,ask,WavyWalnuts,Xuanyu Liu,7958783
2026-07-05T06:08:15.231953,2026-07-05T06:08:15.236304+00:00,137.7,11,bid,Xuanyu Liu,YieldingYams,7958807
2026-07-05T06:08:16.683554,2026-07-05T06:08:16.690867+00:00,137.6,200,ask,WavyWalnuts,YieldingYams,7958833
2026-07-05T06:08:16.702418,2026-07-05T06:08:16.707320+00:00,137.6,12,bid,Xuanyu Liu,YieldingYams,7958835
2026-07-05T06:08:16.721116,2026-07-05T06:08:16.732970+00:00,137.4,2,ask,YieldingYams,Harold Schneider,7958836
2026-07-05T06:08:17.767345,2026-07-05T06:08:17.771865+00:00,137.5,12,ask,WavyWalnuts,Xuanyu Liu,7958855
2026-07-05T06:08:18.012156,2026-07-05T06:08:18.016401+00:00,137.6,11,ask,YieldingYams,Xuanyu Liu,7958863
2026-07-05T06:08:18.815886,2026-07-05T06:08:18.828092+00:00,137.7,20,bid,BrilliantBurritos,WavyWalnuts,7958877
2026-07-05T06:08:20.617076,2026-07-05T06:08:20.624996+00:00,137.7,500,bid,YieldingYams,AverageAlmonds,7958900
2026-07-05T06:08:21.184864,2026-07-05T06:08:21.192881+00:00,137.7,125,ask,YieldingYams,AverageAlmonds,7958912
2026-07-05T06:08:21.552334,2026-07-05T06:08:21.557213+00:00,137.7,11,bid,Xuanyu Liu,AverageAlmonds,7958924
2026-07-05T06:08:21.737303,2026-07-05T06:08:21.749455+00:00,137.6,1,ask,WavyWalnuts,Harold Schneider,7958928
2026-07-05T06:08:21.936583,2026-07-05T06:08:21.957710+00:00,137.6,199,ask,WavyWalnuts,YieldingYams,7958932
2026-07-05T06:08:21.953609,2026-07-05T06:08:21.957710+00:00,137.6,12,bid,Xuanyu Liu,YieldingYams,7958934
2026-07-05T06:08:24.556937,2026-07-05T06:08:24.558637+00:00,137.6,200,ask,WavyWalnuts,YieldingYams,7958979
2026-07-05T06:08:25.759266,2026-07-05T06:08:25.768856+00:00,137.6,20,bid,BrilliantBurritos,YieldingYams,7959002
2026-07-05T06:08:27.938488,2026-07-05T06:08:27.942534+00:00,137.8,22,bid,Xuanyu Liu,YieldingYams,7959035
2026-07-05T06:08:28.507929,2026-07-05T06:08:28.512806+00:00,137.7,12,bid,Xuanyu Liu,YieldingYams,7959052
2026-07-05T06:08:29.915144,2026-07-05T06:08:29.920307+00:00,137.6,11,bid,Xuanyu Liu,WavyWalnuts,7959062
2026-07-05T06:08:30.816854,2026-07-05T06:08:30.823998+00:00,137.4,20,ask,YieldingYams,BrilliantBurritos,7959077
2026-07-05T06:08:36.481004,2026-07-05T06:08:36.491950+00:00,137.4,20,bid,BrilliantBurritos,WavyWalnuts,7959166
2026-07-05T06:08:38.379469,2026-07-05T06:08:38.391153+00:00,137.4,200,ask,YieldingYams,WavyWalnuts,7959189
2026-07-05T06:08:39.587675,2026-07-05T06:08:39.594976+00:00,137.5,200,ask,YieldingYams,WavyWalnuts,7959201
2026-07-05T06:08:40.528507,2026-07-05T06:08:40.533011+00:00,137.5,23,bid,Xuanyu Liu,YieldingYams,7959219
2026-07-05T06:08:41.635927,2026-07-05T06:08:41.640228+00:00,137.4,3,bid,Xuanyu Liu,YieldingYams,7959238
2026-07-05T06:08:42.003369,2026-07-05T06:08:42.013295+00:00,137.4,200,bid,WavyWalnuts,YieldingYams,7959241
2026-07-05T06:08:43.227265,2026-07-05T06:08:43.232025+00:00,137.4,3,ask,WavyWalnuts,Xuanyu Liu,7959264
2026-07-05T06:08:45.393215,2026-07-05T06:08:45.402697+00:00,137.5,500,bid,AverageAlmonds,YieldingYams,7959295
2026-07-05T06:08:46.044618,2026-07-05T06:08:46.048875+00:00,137.5,11,ask,AverageAlmonds,Xuanyu Liu,7959310
2026-07-05T06:08:46.844000,2026-07-05T06:08:46.858556+00:00,137.5,200,ask,AverageAlmonds,WavyWalnuts,7959325
2026-07-05T06:08:48.199046,2026-07-05T06:08:48.208190+00:00,137.6,500,ask,AverageAlmonds,YieldingYams,7959345
2026-07-05T06:08:48.400315,2026-07-05T06:08:48.412433+00:00,137.6,125,bid,AverageAlmonds,YieldingYams,7959349
2026-07-05T06:08:49.249192,2026-07-05T06:08:49.258613+00:00,137.5,20,ask,AverageAlmonds,BrilliantBurritos,7959362
2026-07-05T06:08:49.505656,2026-07-05T06:08:49.513310+00:00,137.6,200,bid,YieldingYams,WavyWalnuts,7959366
2026-07-05T06:08:50.487199,2026-07-05T06:08:50.495106+00:00,137.7,200,ask,YieldingYams,WavyWalnuts,7959381
2026-07-05T06:08:51.791693,2026-07-05T06:08:51.803914+00:00,137.5,20,ask,WavyWalnuts,BrilliantBurritos,7959399
2026-07-05T06:08:52.673817,2026-07-05T06:08:52.685802+00:00,137.8,20,bid,BrilliantBurritos,WavyWalnuts,7959411
2026-07-05T06:08:57.377526,2026-07-05T06:08:57.396915+00:00,137.6,200,ask,WavyWalnuts,YieldingYams,7959482
2026-07-05T06:08:57.392909,2026-07-05T06:08:57.396915+00:00,137.6,11,bid,Xuanyu Liu,YieldingYams,7959484
2026-07-05T06:08:57.770615,2026-07-05T06:08:57.780975+00:00,137.6,200,bid,WavyWalnuts,YieldingYams,7959487
2026-07-05T06:08:58.099293,2026-07-05T06:08:58.110719+00:00,137.6,214,bid,AverageAlmonds,YieldingYams,7959492
2026-07-05T06:09:00.190748,2026-07-05T06:09:00.201653+00:00,137.8,200,bid,WavyWalnuts,YieldingYams,7959529
2026-07-05T06:09:00.698387,2026-07-05T06:09:00.710282+00:00,137.8,20,bid,BrilliantBurritos,YieldingYams,7959533
2026-07-05T06:09:03.839230,2026-07-05T06:09:03.849319+00:00,137.9,200,bid,WavyWalnuts,YieldingYams,7959575
2026-07-05T06:09:04.172343,2026-07-05T06:09:04.179662+00:00,137.7,20,ask,YieldingYams,BrilliantBurritos,7959583
2026-07-05T06:09:05.051520,2026-07-05T06:09:05.058583+00:00,137.9,200,bid,WavyWalnuts,YieldingYams,7959589
2026-07-05T06:09:06.595397,2026-07-05T06:09:06.599408+00:00,137.8,3,bid,Xuanyu Liu,AverageAlmonds,7959621
2026-07-05T06:09:06.610514,2026-07-05T06:09:06.620140+00:00,137.8,497,bid,YieldingYams,AverageAlmonds,7959622
2026-07-05T06:09:06.610514,2026-07-05T06:09:06.620140+00:00,137.9,128,bid,YieldingYams,WavyWalnuts,7959623
2026-07-05T06:09:07.168375,2026-07-05T06:09:07.179478+00:00,137.7,200,ask,WavyWalnuts,AverageAlmonds,7959629
2026-07-05T06:09:07.470459,2026-07-05T06:09:07.477046+00:00,137.7,200,bid,WavyWalnuts,AverageAlmonds,7959632
2026-07-05T06:09:08.384999,2026-07-05T06:09:08.395992+00:00,137.5,500,ask,YieldingYams,AverageAlmonds,7959649
2026-07-05T06:09:09.004399,2026-07-05T06:09:09.016208+00:00,137.5,125,ask,YieldingYams,AverageAlmonds,7959660
2026-07-05T06:09:09.233064,2026-07-05T06:09:09.240550+00:00,137.4,200,ask,WavyWalnuts,YieldingYams,7959661
2026-07-05T06:09:09.890305,2026-07-05T06:09:09.899509+00:00,137.4,200,bid,WavyWalnuts,YieldingYams,7959673
2026-07-05T06:09:10.828730,2026-07-05T06:09:10.840305+00:00,137.4,500,ask,YieldingYams,AverageAlmonds,7959689
2026-07-05T06:09:11.416012,2026-07-05T06:09:11.426224+00:00,137.4,125,ask,YieldingYams,AverageAlmonds,7959702
2026-07-05T06:09:11.416012,2026-07-05T06:09:11.426224+00:00,137.4,200,ask,WavyWalnuts,AverageAlmonds,7959703
2026-07-05T06:09:11.961130,2026-07-05T06:09:11.969186+00:00,137.4,20,bid,BrilliantBurritos,AverageAlmonds,7959709
2026-07-05T06:09:16.293056,2026-07-05T06:09:16.301401+00:00,137.4,500,ask,YieldingYams,AverageAlmonds,7959770
2026-07-05T06:09:17.121419,2026-07-05T06:09:17.145857+00:00,137.3,200,ask,WavyWalnuts,YieldingYams,7959782
2026-07-05T06:09:17.140559,2026-07-05T06:09:17.145857+00:00,137.3,3,bid,Xuanyu Liu,YieldingYams,7959784
2026-07-05T06:09:17.178222,2026-07-05T06:09:17.182764+00:00,137.2,11,bid,Xuanyu Liu,WavyWalnuts,7959786
2026-07-05T06:09:18.585135,2026-07-05T06:09:18.589510+00:00,137.0,11,ask,WavyWalnuts,Xuanyu Liu,7959813
2026-07-05T06:09:20.791954,2026-07-05T06:09:20.806013+00:00,137.2,200,ask,YieldingYams,WavyWalnuts,7959848
2026-07-05T06:09:22.005352,2026-07-05T06:09:22.014151+00:00,137.2,200,ask,YieldingYams,WavyWalnuts,7959863
2026-07-05T06:09:23.220574,2026-07-05T06:09:23.231849+00:00,137.1,200,ask,YieldingYams,WavyWalnuts,7959885
2026-07-05T06:09:23.705589,2026-07-05T06:09:23.710172+00:00,137.2,11,bid,Xuanyu Liu,YieldingYams,7959892
2026-07-05T06:09:23.910259,2026-07-05T06:09:23.922505+00:00,137.0,20,ask,YieldingYams,BrilliantBurritos,7959893
2026-07-05T06:09:26.863590,2026-07-05T06:09:26.871910+00:00,137.2,200,bid,WavyWalnuts,YieldingYams,7959941
2026-07-05T06:09:28.455607,2026-07-05T06:09:28.463910+00:00,137.2,20,bid,BrilliantBurritos,WavyWalnuts,7959955
2026-07-05T06:09:28.948005,2026-07-05T06:09:29.002310+00:00,137.0,200,ask,WavyWalnuts,YieldingYams,7959968
2026-07-05T06:09:28.997581,2026-07-05T06:09:29.002310+00:00,137.0,12,bid,Xuanyu Liu,YieldingYams,7959971
2026-07-05T06:09:30.501110,2026-07-05T06:09:30.508082+00:00,136.9,200,ask,AverageAlmonds,WavyWalnuts,7959992
2026-07-05T06:09:31.709439,2026-07-05T06:09:31.716795+00:00,137.0,200,ask,AverageAlmonds,WavyWalnuts,7960012
2026-07-05T06:09:32.387018,2026-07-05T06:09:32.399357+00:00,137.2,20,bid,BrilliantBurritos,YieldingYams,7960023
2026-07-05T06:09:32.621340,2026-07-05T06:09:32.626025+00:00,137.1,12,ask,AverageAlmonds,Xuanyu Liu,7960026
2026-07-05T06:09:32.900548,2026-07-05T06:09:32.904724+00:00,137.2,11,ask,YieldingYams,Xuanyu Liu,7960032
2026-07-05T06:09:32.921219,2026-07-05T06:09:32.930355+00:00,137.2,200,ask,YieldingYams,WavyWalnuts,7960034
2026-07-05T06:09:34.131912,2026-07-05T06:09:34.140487+00:00,137.2,200,ask,YieldingYams,WavyWalnuts,7960057
2026-07-05T06:09:34.350119,2026-07-05T06:09:34.354367+00:00,137.3,11,bid,Xuanyu Liu,YieldingYams,7960060
2026-07-05T06:09:35.341649,2026-07-05T06:09:35.358564+00:00,137.2,200,ask,AverageAlmonds,WavyWalnuts,7960072
2026-07-05T06:09:36.844263,2026-07-05T06:09:36.858611+00:00,137.3,200,bid,AverageAlmonds,WavyWalnuts,7960086
2026-07-05T06:09:37.767304,2026-07-05T06:09:37.775329+00:00,137.3,20,ask,AverageAlmonds,BrilliantBurritos,7960096
2026-07-05T06:09:38.145161,2026-07-05T06:09:38.154521+00:00,137.4,500,ask,AverageAlmonds,YieldingYams,7960112
2026-07-05T06:09:38.145161,2026-07-05T06:09:38.154521+00:00,137.3,125,ask,WavyWalnuts,YieldingYams,7960113
2026-07-05T06:09:41.392087,2026-07-05T06:09:41.403788+00:00,137.6,200,bid,WavyWalnuts,YieldingYams,7960149
2026-07-05T06:09:43.923348,2026-07-05T06:09:43.927476+00:00,137.3,14,ask,AverageAlmonds,Xuanyu Liu,7960185
2026-07-05T06:09:46.410011,2026-07-05T06:09:46.417847+00:00,137.2,20,ask,AverageAlmonds,BrilliantBurritos,7960229
2026-07-05T06:09:47.373195,2026-07-05T06:09:47.383072+00:00,137.2,200,ask,WavyWalnuts,YieldingYams,7960242
2026-07-05T06:09:47.373195,2026-07-05T06:09:47.383072+00:00,137.2,425,ask,AverageAlmonds,YieldingYams,7960243
2026-07-05T06:09:48.684272,2026-07-05T06:09:48.695930+00:00,137.4,200,bid,YieldingYams,WavyWalnuts,7960265
2026-07-05T06:09:49.861882,2026-07-05T06:09:49.869417+00:00,137.4,200,ask,YieldingYams,WavyWalnuts,7960284
2026-07-05T06:09:50.483679,2026-07-05T06:09:50.495713+00:00,137.5,20,bid,BrilliantBurritos,YieldingYams,7960294
2026-07-05T06:09:51.072063,2026-07-05T06:09:51.079072+00:00,137.4,200,ask,AverageAlmonds,WavyWalnuts,7960303
2026-07-05T06:09:51.992959,2026-07-05T06:09:52.002706+00:00,137.5,500,bid,AverageAlmonds,YieldingYams,7960313
2026-07-05T06:09:52.589348,2026-07-05T06:09:52.601651+00:00,137.5,125,bid,AverageAlmonds,YieldingYams,7960322
2026-07-05T06:09:52.589348,2026-07-05T06:09:52.601651+00:00,137.5,200,bid,AverageAlmonds,WavyWalnuts,7960323
2026-07-05T06:09:52.662881,2026-07-05T06:09:52.667950+00:00,137.6,3,ask,YieldingYams,Xuanyu Liu,7960328
2026-07-05T06:09:53.488820,2026-07-05T06:09:53.495993+00:00,137.6,200,ask,YieldingYams,WavyWalnuts,7960335
2026-07-05T06:09:53.977355,2026-07-05T06:09:53.982028+00:00,137.7,3,bid,Xuanyu Liu,YieldingYams,7960345
2026-07-05T06:09:54.704381,2026-07-05T06:09:54.716050+00:00,137.6,200,ask,AverageAlmonds,WavyWalnuts,7960358
2026-07-05T06:09:55.277211,2026-07-05T06:09:55.286012+00:00,137.6,500,ask,AverageAlmonds,YieldingYams,7960371
2026-07-05T06:09:55.615464,2026-07-05T06:09:55.625005+00:00,137.6,125,bid,AverageAlmonds,YieldingYams,7960375
2026-07-05T06:09:55.917674,2026-07-05T06:09:55.928028+00:00,137.6,200,ask,AverageAlmonds,WavyWalnuts,7960379
2026-07-05T06:09:57.129765,2026-07-05T06:09:57.141049+00:00,137.8,200,ask,YieldingYams,WavyWalnuts,7960406
2026-07-05T06:09:58.347205,2026-07-05T06:09:58.363983+00:00,137.7,200,ask,YieldingYams,WavyWalnuts,7960423
2026-07-05T06:09:59.556488,2026-07-05T06:09:59.566075+00:00,137.7,200,ask,YieldingYams,WavyWalnuts,7960448
2026-07-05T06:10:00.779885,2026-07-05T06:10:00.784197+00:00,137.7,3,bid,Xuanyu Liu,WavyWalnuts,7960467
2026-07-05T06:10:01.569064,2026-07-05T06:10:01.581000+00:00,137.6,20,ask,YieldingYams,BrilliantBurritos,7960479
2026-07-05T06:10:01.827845,2026-07-05T06:10:01.835497+00:00,137.7,197,bid,YieldingYams,WavyWalnuts,7960485
2026-07-05T06:10:03.148617,2026-07-05T06:10:03.158714+00:00,137.8,200,ask,WavyWalnuts,YieldingYams,7960499
2026-07-05T06:10:05.599472,2026-07-05T06:10:05.611499+00:00,137.8,200,bid,WavyWalnuts,YieldingYams,7960530
2026-07-05T06:10:08.041237,2026-07-05T06:10:08.046263+00:00,137.9,3,ask,WavyWalnuts,Xuanyu Liu,7960569
2026-07-05T06:10:08.408594,2026-07-05T06:10:08.419482+00:00,137.9,197,ask,WavyWalnuts,YieldingYams,7960576
2026-07-05T06:10:10.441510,2026-07-05T06:10:10.450505+00:00,137.8,200,ask,YieldingYams,WavyWalnuts,7960609
2026-07-05T06:10:11.652035,2026-07-05T06:10:11.664842+00:00,137.7,200,ask,YieldingYams,WavyWalnuts,7960630
2026-07-05T06:10:12.350228,2026-07-05T06:10:12.360809+00:00,137.8,500,ask,AverageAlmonds,YieldingYams,7960637
2026-07-05T06:10:12.564367,2026-07-05T06:10:12.574709+00:00,137.8,125,bid,AverageAlmonds,YieldingYams,7960642
2026-07-05T06:10:12.861032,2026-07-05T06:10:12.868387+00:00,137.8,200,ask,AverageAlmonds,WavyWalnuts,7960647
2026-07-05T06:10:14.070496,2026-07-05T06:10:14.077436+00:00,137.9,200,ask,YieldingYams,WavyWalnuts,7960673
2026-07-05T06:10:15.285522,2026-07-05T06:10:15.296277+00:00,137.8,200,ask,AverageAlmonds,WavyWalnuts,7960689
2026-07-05T06:10:16.496108,2026-07-05T06:10:16.507390+00:00,138.0,200,ask,AverageAlmonds,WavyWalnuts,7960703
2026-07-05T06:10:16.824967,2026-07-05T06:10:16.834203+00:00,138.1,500,bid,AverageAlmonds,YieldingYams,7960707
2026-07-05T06:10:17.704212,2026-07-05T06:10:17.712277+00:00,138.1,200,ask,YieldingYams,WavyWalnuts,7960722
2026-07-05T06:10:18.334174,2026-07-05T06:10:18.358553+00:00,138.1,20,ask,YieldingYams,BrilliantBurritos,7960732
2026-07-05T06:10:18.672282,2026-07-05T06:10:18.676346+00:00,138.3,3,bid,Xuanyu Liu,YieldingYams,7960739
2026-07-05T06:10:18.914264,2026-07-05T06:10:18.925527+00:00,138.1,200,ask,YieldingYams,WavyWalnuts,7960743
2026-07-05T06:10:18.955916,2026-07-05T06:10:18.960587+00:00,138.1,23,bid,Xuanyu Liu,YieldingYams,7960747
2026-07-05T06:10:19.838252,2026-07-05T06:10:19.848117+00:00,138.1,500,bid,AverageAlmonds,YieldingYams,7960764
2026-07-05T06:10:20.244200,2026-07-05T06:10:20.258565+00:00,138.2,200,bid,YieldingYams,WavyWalnuts,7960776
2026-07-05T06:10:21.555906,2026-07-05T06:10:21.558579+00:00,138.2,500,ask,AverageAlmonds,YieldingYams,7960786
2026-07-05T06:10:21.664664,2026-07-05T06:10:21.672854+00:00,138.2,125,bid,AverageAlmonds,YieldingYams,7960789
2026-07-05T06:10:22.542354,2026-07-05T06:10:22.552894+00:00,138.2,200,ask,AverageAlmonds,WavyWalnuts,7960799
2026-07-05T06:10:22.939894,2026-07-05T06:10:22.945185+00:00,138.3,12,ask,YieldingYams,Xuanyu Liu,7960806
2026-07-05T06:10:23.590714,2026-07-05T06:10:23.602707+00:00,138.3,20,ask,YieldingYams,BrilliantBurritos,7960814
2026-07-05T06:10:27.039379,2026-07-05T06:10:27.050139+00:00,138.3,25,bid,Harold Schneider,WavyWalnuts,7960865
2026-07-05T06:10:27.400283,2026-07-05T06:10:27.412069+00:00,138.2,200,ask,YieldingYams,WavyWalnuts,7960870
2026-07-05T06:10:32.077298,2026-07-05T06:10:32.087154+00:00,138.2,2,ask,YieldingYams,Harold Schneider,7960941
2026-07-05T06:10:32.089096,2026-07-05T06:10:32.097549+00:00,138.3,200,bid,YieldingYams,WavyWalnuts,7960942
2026-07-05T06:10:32.256848,2026-07-05T06:10:32.256827+00:00,138.3,200,ask,YieldingYams,WavyWalnuts,7960950
2026-07-05T06:10:32.735221,2026-07-05T06:10:32.747157+00:00,138.6,20,bid,BrilliantBurritos,YieldingYams,7960958
2026-07-05T06:10:33.048418,2026-07-05T06:10:33.055339+00:00,138.6,20,bid,BrilliantBurritos,YieldingYams,7960964
2026-07-05T06:10:35.901481,2026-07-05T06:10:35.910224+00:00,138.4,20,ask,WavyWalnuts,BrilliantBurritos,7961006
2026-07-05T06:10:36.023910,2026-07-05T06:10:36.032563+00:00,138.4,180,ask,WavyWalnuts,YieldingYams,7961008
2026-07-05T06:10:37.104647,2026-07-05T06:10:37.111618+00:00,138.4,200,bid,WavyWalnuts,YieldingYams,7961030
2026-07-05T06:10:40.880111,2026-07-05T06:10:40.884573+00:00,138.6,11,ask,WavyWalnuts,Xuanyu Liu,7961099
2026-07-05T06:10:41.265387,2026-07-05T06:10:41.275943+00:00,138.6,189,ask,WavyWalnuts,YieldingYams,7961108
2026-07-05T06:10:43.851311,2026-07-05T06:10:43.859070+00:00,138.6,20,bid,BrilliantBurritos,WavyWalnuts,7961145
2026-07-05T06:10:43.885663,2026-07-05T06:10:43.896805+00:00,138.6,180,bid,YieldingYams,WavyWalnuts,7961146
2026-07-05T06:10:45.597309,2026-07-05T06:10:45.605686+00:00,138.6,200,bid,WavyWalnuts,YieldingYams,7961176
2026-07-05T06:10:46.960103,2026-07-05T06:10:46.972100+00:00,138.6,20,bid,BrilliantBurritos,WavyWalnuts,7961197
2026-07-05T06:10:47.146724,2026-07-05T06:10:47.158616+00:00,138.4,2,ask,YieldingYams,Harold Schneider,7961200
2026-07-05T06:10:49.443124,2026-07-05T06:10:49.463936+00:00,138.4,20,ask,YieldingYams,BrilliantBurritos,7961241
2026-07-05T06:10:50.415518,2026-07-05T06:10:50.419832+00:00,138.4,3,ask,YieldingYams,Xuanyu Liu,7961252
2026-07-05T06:10:52.160675,2026-07-05T06:10:52.172413+00:00,138.5,19,ask,YieldingYams,Harold Schneider,7961280
2026-07-05T06:10:52.188669,2026-07-05T06:10:52.199835+00:00,138.5,2,ask,YieldingYams,Harold Schneider,7961282
2026-07-05T06:10:52.195544,2026-07-05T06:10:52.199835+00:00,138.5,3,ask,YieldingYams,Xuanyu Liu,7961284
2026-07-05T06:10:52.878599,2026-07-05T06:10:52.888997+00:00,138.7,200,bid,WavyWalnuts,YieldingYams,7961301
2026-07-05T06:10:53.109494,2026-07-05T06:10:53.113674+00:00,138.7,11,ask,YieldingYams,Xuanyu Liu,7961305
2026-07-05T06:10:54.358301,2026-07-05T06:10:54.368992+00:00,138.7,500,ask,YieldingYams,AverageAlmonds,7961330
2026-07-05T06:10:54.979656,2026-07-05T06:10:54.984527+00:00,138.7,11,bid,Xuanyu Liu,AverageAlmonds,7961338
2026-07-05T06:10:55.309361,2026-07-05T06:10:55.320357+00:00,138.7,200,bid,WavyWalnuts,AverageAlmonds,7961346
2026-07-05T06:10:56.427459,2026-07-05T06:10:56.439449+00:00,138.6,20,ask,YieldingYams,BrilliantBurritos,7961359
2026-07-05T06:10:56.749395,2026-07-05T06:10:56.753845+00:00,138.6,11,ask,YieldingYams,Xuanyu Liu,7961366
2026-07-05T06:10:57.038866,2026-07-05T06:10:57.042872+00:00,138.7,12,ask,YieldingYams,Xuanyu Liu,7961370
2026-07-05T06:10:57.728865,2026-07-05T06:10:57.736693+00:00,138.7,200,ask,YieldingYams,WavyWalnuts,7961379
2026-07-05T06:11:03.128604,2026-07-05T06:11:03.139565+00:00,138.6,20,ask,YieldingYams,BrilliantBurritos,7961460
2026-07-05T06:11:05.527420,2026-07-05T06:11:05.539321+00:00,138.6,20,bid,BrilliantBurritos,YieldingYams,7961496
2026-07-05T06:11:06.218555,2026-07-05T06:11:06.228953+00:00,138.5,200,ask,YieldingYams,WavyWalnuts,7961503
2026-07-05T06:11:06.239308,2026-07-05T06:11:06.243528+00:00,138.5,23,ask,YieldingYams,Xuanyu Liu,7961505
2026-07-05T06:11:07.525031,2026-07-05T06:11:07.536336+00:00,138.5,200,ask,WavyWalnuts,YieldingYams,7961523
2026-07-05T06:11:10.632648,2026-07-05T06:11:10.644892+00:00,138.4,20,bid,BrilliantBurritos,YieldingYams,7961564
2026-07-05T06:11:14.093757,2026-07-05T06:11:14.105307+00:00,138.3,200,bid,YieldingYams,WavyWalnuts,7961620
2026-07-05T06:11:14.938700,2026-07-05T06:11:14.958497+00:00,138.5,23,bid,Xuanyu Liu,YieldingYams,7961636
2026-07-05T06:11:16.721653,2026-07-05T06:11:16.729631+00:00,138.3,200,ask,WavyWalnuts,YieldingYams,7961669
2026-07-05T06:11:16.774829,2026-07-05T06:11:16.779211+00:00,138.3,23,bid,Xuanyu Liu,YieldingYams,7961672
2026-07-05T06:11:18.035699,2026-07-05T06:11:18.042515+00:00,138.2,200,ask,WavyWalnuts,YieldingYams,7961687
2026-07-05T06:11:18.055375,2026-07-05T06:11:18.059570+00:00,138.2,3,bid,Xuanyu Liu,YieldingYams,7961689
2026-07-05T06:11:18.298293,2026-07-05T06:11:18.307904+00:00,138.2,200,bid,WavyWalnuts,YieldingYams,7961695
2026-07-05T06:11:20.501730,2026-07-05T06:11:20.514189+00:00,138.2,20,ask,YieldingYams,BrilliantBurritos,7961727
2026-07-05T06:11:23.295379,2026-07-05T06:11:23.306843+00:00,138.3,200,ask,WavyWalnuts,YieldingYams,7961776
2026-07-05T06:11:25.245875,2026-07-05T06:11:25.258619+00:00,138.3,20,ask,YieldingYams,BrilliantBurritos,7961809
2026-07-05T06:11:25.569407,2026-07-05T06:11:25.581063+00:00,138.3,200,ask,YieldingYams,WavyWalnuts,7961819
2026-07-05T06:11:26.893551,2026-07-05T06:11:26.901338+00:00,138.2,20,ask,YieldingYams,BrilliantBurritos,7961840
2026-07-05T06:11:28.577193,2026-07-05T06:11:28.587723+00:00,138.4,200,ask,WavyWalnuts,YieldingYams,7961871
2026-07-05T06:11:29.211381,2026-07-05T06:11:29.221331+00:00,138.4,200,bid,WavyWalnuts,YieldingYams,7961878
2026-07-05T06:11:30.426664,2026-07-05T06:11:30.434084+00:00,138.5,200,ask,YieldingYams,WavyWalnuts,7961892
2026-07-05T06:11:32.847388,2026-07-05T06:11:32.853346+00:00,138.6,200,bid,WavyWalnuts,AverageAlmonds,7961929
2026-07-05T06:11:33.931016,2026-07-05T06:11:33.935140+00:00,138.6,14,bid,Xuanyu Liu,AverageAlmonds,7961951
2026-07-05T06:11:34.060790,2026-07-05T06:11:34.069257+00:00,138.6,200,bid,WavyWalnuts,AverageAlmonds,7961954
2026-07-05T06:11:35.131400,2026-07-05T06:11:35.138488+00:00,138.6,500,bid,YieldingYams,AverageAlmonds,7961969
2026-07-05T06:11:35.517294,2026-07-05T06:11:35.525341+00:00,138.6,125,ask,YieldingYams,AverageAlmonds,7961977
2026-07-05T06:11:35.517294,2026-07-05T06:11:35.552277+00:00,138.6,200,ask,WavyWalnuts,AverageAlmonds,7961978
2026-07-05T06:11:35.547655,2026-07-05T06:11:35.552277+00:00,138.5,12,bid,Xuanyu Liu,AverageAlmonds,7961983
2026-07-05T06:11:37.386128,2026-07-05T06:11:37.398658+00:00,138.5,20,ask,YieldingYams,BrilliantBurritos,7962009
2026-07-05T06:11:37.751360,2026-07-05T06:11:37.758558+00:00,138.6,500,bid,YieldingYams,AverageAlmonds,7962017
2026-07-05T06:11:37.751360,2026-07-05T06:11:37.758558+00:00,138.8,125,bid,YieldingYams,WavyWalnuts,7962018
2026-07-05T06:11:37.956364,2026-07-05T06:11:37.960483+00:00,138.7,11,bid,Xuanyu Liu,AverageAlmonds,7962026
2026-07-05T06:11:37.966669,2026-07-05T06:11:37.970654+00:00,138.7,12,bid,Xuanyu Liu,AverageAlmonds,7962028
2026-07-05T06:11:38.544164,2026-07-05T06:11:38.555848+00:00,138.5,200,ask,WavyWalnuts,AverageAlmonds,7962034
2026-07-05T06:11:38.565438,2026-07-05T06:11:38.570514+00:00,138.5,22,bid,Xuanyu Liu,AverageAlmonds,7962036
2026-07-05T06:11:38.898843,2026-07-05T06:11:38.907935+00:00,138.5,200,bid,WavyWalnuts,AverageAlmonds,7962039
2026-07-05T06:11:40.283102,2026-07-05T06:11:40.295059+00:00,138.5,20,bid,BrilliantBurritos,AverageAlmonds,7962068
2026-07-05T06:11:43.041297,2026-07-05T06:11:43.045634+00:00,138.5,11,ask,YieldingYams,Xuanyu Liu,7962107
2026-07-05T06:11:43.756410,2026-07-05T06:11:43.768972+00:00,138.5,200,ask,YieldingYams,WavyWalnuts,7962115
2026-07-05T06:11:46.960110,2026-07-05T06:11:46.984094+00:00,138.3,200,ask,WavyWalnuts,YieldingYams,7962158
2026-07-05T06:11:46.979972,2026-07-05T06:11:46.984094+00:00,138.2,11,bid,Xuanyu Liu,YieldingYams,7962160
2026-07-05T06:11:47.327047,2026-07-05T06:11:47.336425+00:00,138.2,25,bid,Harold Schneider,YieldingYams,7962165
2026-07-05T06:11:47.392927,2026-07-05T06:11:47.401502+00:00,138.2,200,bid,WavyWalnuts,YieldingYams,7962167
2026-07-05T06:11:49.823335,2026-07-05T06:11:49.831117+00:00,138.4,200,bid,WavyWalnuts,AverageAlmonds,7962204
2026-07-05T06:11:52.196370,2026-07-05T06:11:52.207540+00:00,138.2,200,ask,WavyWalnuts,YieldingYams,7962249
2026-07-05T06:11:52.243827,2026-07-05T06:11:52.250660+00:00,138.2,200,bid,WavyWalnuts,YieldingYams,7962253
2026-07-05T06:11:52.358727,2026-07-05T06:11:52.370468+00:00,138.2,25,bid,Harold Schneider,YieldingYams,7962258
2026-07-05T06:11:53.455917,2026-07-05T06:11:53.464198+00:00,138.2,200,bid,WavyWalnuts,YieldingYams,7962271
2026-07-05T06:11:53.523041,2026-07-05T06:11:53.527289+00:00,138.4,45,ask,YieldingYams,Xuanyu Liu,7962273
2026-07-05T06:11:54.285241,2026-07-05T06:11:54.293529+00:00,138.4,500,ask,YieldingYams,AverageAlmonds,7962291
2026-07-05T06:11:54.654585,2026-07-05T06:11:54.666994+00:00,138.5,20,bid,BrilliantBurritos,WavyWalnuts,7962295
2026-07-05T06:11:54.675294,2026-07-05T06:11:54.682971+00:00,138.4,80,ask,YieldingYams,WavyWalnuts,7962298
2026-07-05T06:11:56.064878,2026-07-05T06:11:56.076102+00:00,138.4,20,bid,BrilliantBurritos,YieldingYams,7962315
2026-07-05T06:11:56.109435,2026-07-05T06:11:56.113939+00:00,138.3,11,bid,Xuanyu Liu,AverageAlmonds,7962317
2026-07-05T06:11:56.927865,2026-07-05T06:11:56.932598+00:00,138.2,11,ask,WavyWalnuts,Xuanyu Liu,7962333
2026-07-05T06:11:57.410249,2026-07-05T06:11:57.419510+00:00,138.2,2,ask,WavyWalnuts,Harold Schneider,7962345
2026-07-05T06:11:57.415432,2026-07-05T06:11:57.419510+00:00,138.2,10,ask,WavyWalnuts,Xuanyu Liu,7962346
2026-07-05T06:11:57.433831,2026-07-05T06:11:57.445541+00:00,138.2,188,ask,WavyWalnuts,YieldingYams,7962348
2026-07-05T06:11:58.303447,2026-07-05T06:11:58.312827+00:00,138.2,200,bid,WavyWalnuts,YieldingYams,7962362
2026-07-05T06:12:00.092157,2026-07-05T06:12:00.096516+00:00,138.2,2,ask,WavyWalnuts,Xuanyu Liu,7962388
2026-07-05T06:12:02.427081,2026-07-05T06:12:02.439332+00:00,138.1,2,ask,YieldingYams,Harold Schneider,7962416
2026-07-05T06:12:04.356765,2026-07-05T06:12:04.358591+00:00,138.2,200,bid,WavyWalnuts,YieldingYams,7962451
2026-07-05T06:12:07.448814,2026-07-05T06:12:07.463815+00:00,138.2,2,ask,YieldingYams,Harold Schneider,7962492
2026-07-05T06:12:08.202861,2026-07-05T06:12:08.211848+00:00,138.3,500,bid,AverageAlmonds,YieldingYams,7962504
2026-07-05T06:12:09.254923,2026-07-05T06:12:09.259719+00:00,138.4,14,ask,YieldingYams,Xuanyu Liu,7962514
2026-07-05T06:12:10.409239,2026-07-05T06:12:10.420768+00:00,138.4,200,ask,YieldingYams,WavyWalnuts,7962530
2026-07-05T06:12:10.551011,2026-07-05T06:12:10.560100+00:00,138.4,500,ask,AverageAlmonds,YieldingYams,7962534
2026-07-05T06:12:11.871578,2026-07-05T06:12:11.879317+00:00,138.5,200,bid,YieldingYams,WavyWalnuts,7962549
2026-07-05T06:12:12.485409,2026-07-05T06:12:12.495234+00:00,138.6,25,ask,YieldingYams,Harold Schneider,7962572
2026-07-05T06:12:12.503643,2026-07-05T06:12:12.510997+00:00,138.6,2,ask,YieldingYams,Harold Schneider,7962574
2026-07-05T06:12:16.167832,2026-07-05T06:12:16.179505+00:00,138.5,20,ask,WavyWalnuts,BrilliantBurritos,7962638
2026-07-05T06:12:17.520666,2026-07-05T06:12:17.529885+00:00,138.5,17,ask,YieldingYams,Harold Schneider,7962651
2026-07-05T06:12:18.571050,2026-07-05T06:12:18.582785+00:00,138.4,20,ask,WavyWalnuts,BrilliantBurritos,7962668
2026-07-05T06:12:19.761864,2026-07-05T06:12:19.765692+00:00,138.6,3,ask,YieldingYams,Xuanyu Liu,7962681
2026-07-05T06:12:20.564039,2026-07-05T06:12:20.575859+00:00,138.6,20,ask,YieldingYams,BrilliantBurritos,7962698
2026-07-05T06:12:21.076482,2026-07-05T06:12:21.080947+00:00,138.7,7,ask,YieldingYams,Xuanyu Liu,7962705
2026-07-05T06:12:21.541026,2026-07-05T06:12:21.558602+00:00,138.7,20,ask,YieldingYams,BrilliantBurritos,7962716
2026-07-05T06:12:26.300630,2026-07-05T06:12:26.312253+00:00,138.8,200,ask,WavyWalnuts,YieldingYams,7962791
2026-07-05T06:12:27.776703,2026-07-05T06:12:27.781205+00:00,138.6,16,ask,WavyWalnuts,Xuanyu Liu,7962809
2026-07-05T06:12:28.583764,2026-07-05T06:12:28.595494+00:00,138.7,200,bid,WavyWalnuts,YieldingYams,7962820
2026-07-05T06:12:28.937227,2026-07-05T06:12:28.941058+00:00,138.7,11,ask,YieldingYams,Xuanyu Liu,7962829
2026-07-05T06:12:30.243560,2026-07-05T06:12:30.247843+00:00,138.8,12,ask,YieldingYams,Xuanyu Liu,7962845
2026-07-05T06:12:32.855337,2026-07-05T06:12:32.858588+00:00,138.8,200,ask,WavyWalnuts,YieldingYams,7962875
2026-07-05T06:12:32.876613,2026-07-05T06:12:32.880780+00:00,138.7,12,bid,Xuanyu Liu,YieldingYams,7962877
2026-07-05T06:12:33.088322,2026-07-05T06:12:33.100206+00:00,138.5,20,ask,YieldingYams,BrilliantBurritos,7962884
2026-07-05T06:12:34.165143,2026-07-05T06:12:34.176510+00:00,138.7,200,bid,YieldingYams,WavyWalnuts,7962903
2026-07-05T06:12:34.626429,2026-07-05T06:12:34.634092+00:00,138.7,200,ask,YieldingYams,WavyWalnuts,7962913
2026-07-05T06:12:35.850089,2026-07-05T06:12:35.854905+00:00,138.7,11,bid,Xuanyu Liu,WavyWalnuts,7962934
2026-07-05T06:12:40.687406,2026-07-05T06:12:40.695616+00:00,138.6,200,ask,AverageAlmonds,WavyWalnuts,7963018
2026-07-05T06:12:42.691729,2026-07-05T06:12:42.701985+00:00,138.7,2,bid,Harold Schneider,WavyWalnuts,7963040
2026-07-05T06:12:43.552744,2026-07-05T06:12:43.557724+00:00,138.8,23,bid,Xuanyu Liu,YieldingYams,7963050
2026-07-05T06:12:43.797585,2026-07-05T06:12:43.809520+00:00,138.6,20,ask,WavyWalnuts,BrilliantBurritos,7963054
2026-07-05T06:12:44.386819,2026-07-05T06:12:44.399218+00:00,138.7,20,ask,WavyWalnuts,BrilliantBurritos,7963064
2026-07-05T06:12:45.522716,2026-07-05T06:12:45.533174+00:00,138.9,200,bid,WavyWalnuts,YieldingYams,7963082
2026-07-05T06:12:50.364248,2026-07-05T06:12:50.375717+00:00,138.9,200,bid,WavyWalnuts,YieldingYams,7963145
2026-07-05T06:12:52.713872,2026-07-05T06:12:52.720449+00:00,138.7,2,ask,WavyWalnuts,Harold Schneider,7963178
2026-07-05T06:12:54.001357,2026-07-05T06:12:54.008420+00:00,139.0,200,bid,WavyWalnuts,YieldingYams,7963192
2026-07-05T06:12:56.439503,2026-07-05T06:12:56.446959+00:00,139.0,200,bid,WavyWalnuts,YieldingYams,7963227
2026-07-05T06:12:57.077518,2026-07-05T06:12:57.081665+00:00,138.9,34,ask,YieldingYams,Xuanyu Liu,7963231
2026-07-05T06:12:58.883377,2026-07-05T06:12:58.887874+00:00,139.0,12,ask,WavyWalnuts,Xuanyu Liu,7963262
2026-07-05T06:13:00.187027,2026-07-05T06:13:00.191470+00:00,139.2,12,bid,Xuanyu Liu,YieldingYams,7963275
2026-07-05T06:13:01.744674,2026-07-05T06:13:01.752814+00:00,139.1,200,ask,WavyWalnuts,YieldingYams,7963298
2026-07-05T06:13:01.759004,2026-07-05T06:13:01.763000+00:00,139.1,11,bid,Xuanyu Liu,YieldingYams,7963300
2026-07-05T06:13:03.055888,2026-07-05T06:13:03.058571+00:00,139.1,200,bid,YieldingYams,WavyWalnuts,7963317
2026-07-05T06:13:03.409027,2026-07-05T06:13:03.413202+00:00,139.1,11,ask,YieldingYams,Xuanyu Liu,7963320
2026-07-05T06:13:07.014447,2026-07-05T06:13:07.019038+00:00,138.9,11,bid,Xuanyu Liu,YieldingYams,7963377
2026-07-05T06:13:07.375791,2026-07-05T06:13:07.387359+00:00,138.9,200,bid,WavyWalnuts,YieldingYams,7963384
2026-07-05T06:13:09.626948,2026-07-05T06:13:09.636132+00:00,138.7,500,ask,AverageAlmonds,YieldingYams,7963419
2026-07-05T06:13:09.799810,2026-07-05T06:13:09.806779+00:00,138.7,125,bid,WavyWalnuts,YieldingYams,7963425
2026-07-05T06:13:10.937097,2026-07-05T06:13:10.948668+00:00,138.9,200,bid,YieldingYams,WavyWalnuts,7963446
2026-07-05T06:13:12.899100,2026-07-05T06:13:12.903241+00:00,139.2,23,bid,Xuanyu Liu,YieldingYams,7963478
2026-07-05T06:13:13.466932,2026-07-05T06:13:13.471869+00:00,139.1,3,bid,Xuanyu Liu,WavyWalnuts,7963489
2026-07-05T06:13:17.073886,2026-07-05T06:13:17.080914+00:00,139.2,200,bid,WavyWalnuts,YieldingYams,7963527
2026-07-05T06:13:17.142685,2026-07-05T06:13:17.154421+00:00,139.0,20,ask,AverageAlmonds,BrilliantBurritos,7963528
2026-07-05T06:13:18.797723,2026-07-05T06:13:18.806833+00:00,139.1,200,ask,WavyWalnuts,YieldingYams,7963557
2026-07-05T06:13:19.678871,2026-07-05T06:13:19.688566+00:00,139.1,425,bid,AverageAlmonds,YieldingYams,7963573
2026-07-05T06:13:20.104959,2026-07-05T06:13:20.113803+00:00,139.2,200,bid,YieldingYams,WavyWalnuts,7963580
2026-07-05T06:13:20.120226,2026-07-05T06:13:20.124551+00:00,139.4,26,ask,YieldingYams,Xuanyu Liu,7963582
2026-07-05T06:13:20.705828,2026-07-05T06:13:20.715161+00:00,139.4,200,ask,YieldingYams,WavyWalnuts,7963592
2026-07-05T06:13:24.043715,2026-07-05T06:13:24.055419+00:00,139.3,200,ask,WavyWalnuts,YieldingYams,7963639
2026-07-05T06:13:25.548974,2026-07-05T06:13:25.555955+00:00,139.2,200,ask,AverageAlmonds,WavyWalnuts,7963677
2026-07-05T06:13:25.730174,2026-07-05T06:13:25.738848+00:00,139.3,500,bid,AverageAlmonds,YieldingYams,7963685
2026-07-05T06:13:26.757983,2026-07-05T06:13:26.765088+00:00,139.4,200,ask,YieldingYams,WavyWalnuts,7963699
2026-07-05T06:13:28.724704,2026-07-05T06:13:28.729633+00:00,139.3,34,ask,WavyWalnuts,Xuanyu Liu,7963735
2026-07-05T06:13:30.395524,2026-07-05T06:13:30.406896+00:00,139.3,200,ask,YieldingYams,WavyWalnuts,7963767
2026-07-05T06:13:30.606248,2026-07-05T06:13:30.615240+00:00,139.3,500,ask,AverageAlmonds,YieldingYams,7963770
2026-07-05T06:13:31.173224,2026-07-05T06:13:31.180915+00:00,139.2,125,bid,AverageAlmonds,YieldingYams,7963779
2026-07-05T06:13:31.786314,2026-07-05T06:13:31.795022+00:00,139.3,200,bid,AverageAlmonds,WavyWalnuts,7963793
2026-07-05T06:13:32.811474,2026-07-05T06:13:32.820381+00:00,139.3,200,ask,YieldingYams,WavyWalnuts,7963810
2026-07-05T06:13:34.193840,2026-07-05T06:13:34.205215+00:00,139.4,200,bid,AverageAlmonds,WavyWalnuts,7963832
2026-07-05T06:13:34.193840,2026-07-05T06:13:34.205215+00:00,139.5,300,bid,AverageAlmonds,YieldingYams,7963833
2026-07-05T06:13:35.235012,2026-07-05T06:13:35.242655+00:00,139.5,200,ask,AverageAlmonds,WavyWalnuts,7963841
2026-07-05T06:13:36.448795,2026-07-05T06:13:36.458550+00:00,139.4,200,ask,AverageAlmonds,WavyWalnuts,7963865
2026-07-05T06:13:38.584211,2026-07-05T06:13:38.591461+00:00,139.5,20,ask,AverageAlmonds,BrilliantBurritos,7963893
2026-07-05T06:13:39.783770,2026-07-05T06:13:39.792373+00:00,139.6,200,bid,YieldingYams,WavyWalnuts,7963912
2026-07-05T06:13:40.072498,2026-07-05T06:13:40.084657+00:00,139.7,200,ask,YieldingYams,WavyWalnuts,7963921
2026-07-05T06:13:41.316012,2026-07-05T06:13:41.319882+00:00,139.7,34,bid,Xuanyu Liu,YieldingYams,7963938
2026-07-05T06:13:42.499987,2026-07-05T06:13:42.509218+00:00,139.7,200,bid,WavyWalnuts,YieldingYams,7963958
2026-07-05T06:13:45.093938,2026-07-05T06:13:45.104163+00:00,139.6,500,bid,AverageAlmonds,YieldingYams,7963990
2026-07-05T06:13:45.691492,2026-07-05T06:13:45.701759+00:00,139.6,125,bid,AverageAlmonds,YieldingYams,7963999
2026-07-05T06:13:47.379115,2026-07-05T06:13:47.390937+00:00,139.6,200,ask,YieldingYams,WavyWalnuts,7964025
2026-07-05T06:13:47.677466,2026-07-05T06:13:47.687319+00:00,139.7,500,ask,AverageAlmonds,YieldingYams,7964029
2026-07-05T06:13:48.130932,2026-07-05T06:13:48.138534+00:00,139.7,125,bid,AverageAlmonds,YieldingYams,7964038
2026-07-05T06:13:51.642393,2026-07-05T06:13:51.649331+00:00,139.8,200,ask,WavyWalnuts,YieldingYams,7964090
2026-07-05T06:13:53.449820,2026-07-05T06:13:53.464053+00:00,139.7,200,ask,YieldingYams,WavyWalnuts,7964118
2026-07-05T06:13:57.176091,2026-07-05T06:13:57.182775+00:00,139.8,20,bid,BrilliantBurritos,WavyWalnuts,7964169
2026-07-05T06:13:58.251050,2026-07-05T06:13:58.273493+00:00,139.8,180,bid,YieldingYams,WavyWalnuts,7964180
2026-07-05T06:13:58.269315,2026-07-05T06:13:58.273493+00:00,139.8,11,ask,YieldingYams,Xuanyu Liu,7964183
2026-07-05T06:13:59.814826,2026-07-05T06:13:59.824419+00:00,139.8,20,ask,YieldingYams,BrilliantBurritos,7964207
2026-07-05T06:14:00.730521,2026-07-05T06:14:00.737385+00:00,139.8,200,ask,YieldingYams,WavyWalnuts,7964220
2026-07-05T06:14:02.111009,2026-07-05T06:14:02.123190+00:00,139.6,20,ask,WavyWalnuts,BrilliantBurritos,7964242
2026-07-05T06:14:02.759839,2026-07-05T06:14:02.764007+00:00,139.6,12,ask,WavyWalnuts,Xuanyu Liu,7964250
2026-07-05T06:14:03.532766,2026-07-05T06:14:03.536967+00:00,139.7,11,ask,YieldingYams,Xuanyu Liu,7964265
2026-07-05T06:14:06.077016,2026-07-05T06:14:06.089079+00:00,139.8,20,bid,BrilliantBurritos,YieldingYams,7964304
2026-07-05T06:14:09.209638,2026-07-05T06:14:09.216859+00:00,139.9,200,ask,YieldingYams,WavyWalnuts,7964356
2026-07-05T06:14:10.423003,2026-07-05T06:14:10.431052+00:00,140.0,200,ask,YieldingYams,WavyWalnuts,7964380
2026-07-05T06:14:11.634876,2026-07-05T06:14:11.664235+00:00,139.9,200,ask,YieldingYams,WavyWalnuts,7964392
2026-07-05T06:14:16.637314,2026-07-05T06:14:16.648743+00:00,139.9,200,bid,YieldingYams,WavyWalnuts,7964463
2026-07-05T06:14:17.690623,2026-07-05T06:14:17.700238+00:00,139.9,200,ask,YieldingYams,WavyWalnuts,7964481
2026-07-05T06:14:18.902090,2026-07-05T06:14:18.912180+00:00,139.9,200,ask,AverageAlmonds,WavyWalnuts,7964501
2026-07-05T06:14:22.533282,2026-07-05T06:14:22.544005+00:00,139.9,200,bid,WavyWalnuts,YieldingYams,7964560
2026-07-05T06:14:24.143897,2026-07-05T06:14:24.158621+00:00,140.1,20,bid,BrilliantBurritos,WavyWalnuts,7964577
2026-07-05T06:14:24.542192,2026-07-05T06:14:24.548505+00:00,140.1,180,bid,YieldingYams,WavyWalnuts,7964588
2026-07-05T06:14:24.565501,2026-07-05T06:14:24.569812+00:00,140.1,11,ask,YieldingYams,Xuanyu Liu,7964592
2026-07-05T06:14:24.922161,2026-07-05T06:14:24.926944+00:00,140.3,11,bid,Xuanyu Liu,YieldingYams,7964602
2026-07-05T06:14:25.610790,2026-07-05T06:14:25.615042+00:00,140.2,23,bid,Xuanyu Liu,WavyWalnuts,7964621
2026-07-05T06:14:25.876566,2026-07-05T06:14:25.881445+00:00,140.1,11,bid,Xuanyu Liu,YieldingYams,7964624
2026-07-05T06:14:27.185822,2026-07-05T06:14:27.190342+00:00,140.0,12,bid,Xuanyu Liu,YieldingYams,7964638
2026-07-05T06:14:27.737724,2026-07-05T06:14:27.749754+00:00,140.0,20,bid,BrilliantBurritos,YieldingYams,7964647
2026-07-05T06:14:28.691599,2026-07-05T06:14:28.705113+00:00,140.0,200,bid,AverageAlmonds,WavyWalnuts,7964661
2026-07-05T06:14:28.691599,2026-07-05T06:14:28.705113+00:00,140.1,300,bid,AverageAlmonds,YieldingYams,7964662
2026-07-05T06:14:28.842983,2026-07-05T06:14:28.847321+00:00,139.8,12,ask,YieldingYams,Xuanyu Liu,7964665
2026-07-05T06:14:29.288916,2026-07-05T06:14:29.300573+00:00,140.1,325,bid,AverageAlmonds,YieldingYams,7964672
2026-07-05T06:14:29.320551,2026-07-05T06:14:29.325546+00:00,140.1,34,ask,AverageAlmonds,Xuanyu Liu,7964674
2026-07-05T06:14:31.949628,2026-07-05T06:14:31.954591+00:00,140.2,23,bid,Xuanyu Liu,YieldingYams,7964724
2026-07-05T06:14:35.058326,2026-07-05T06:14:35.069929+00:00,140.1,200,ask,WavyWalnuts,YieldingYams,7964753
2026-07-05T06:14:35.062325,2026-07-05T06:14:35.069929+00:00,140.0,20,ask,AverageAlmonds,BrilliantBurritos,7964754
2026-07-05T06:14:35.887315,2026-07-05T06:14:35.898729+00:00,140.1,200,bid,WavyWalnuts,YieldingYams,7964768
2026-07-05T06:14:37.687018,2026-07-05T06:14:37.698595+00:00,140.3,200,bid,YieldingYams,WavyWalnuts,7964790
2026-07-05T06:14:40.323733,2026-07-05T06:14:40.333160+00:00,140.4,200,bid,YieldingYams,WavyWalnuts,7964824
2026-07-05T06:14:40.323733,2026-07-05T06:14:40.333160+00:00,140.4,425,bid,YieldingYams,AverageAlmonds,7964825
2026-07-05T06:14:41.942997,2026-07-05T06:14:41.954951+00:00,140.3,200,bid,WavyWalnuts,YieldingYams,7964846
2026-07-05T06:14:42.953546,2026-07-05T06:14:42.963594+00:00,140.3,500,bid,YieldingYams,AverageAlmonds,7964859
2026-07-05T06:14:42.970057,2026-07-05T06:14:42.974151+00:00,140.3,2,ask,YieldingYams,Xuanyu Liu,7964862
2026-07-05T06:14:43.151971,2026-07-05T06:14:43.158567+00:00,140.5,200,bid,WavyWalnuts,YieldingYams,7964864
2026-07-05T06:14:43.839378,2026-07-05T06:14:43.858759+00:00,140.3,123,ask,YieldingYams,AverageAlmonds,7964875
2026-07-05T06:14:44.366095,2026-07-05T06:14:44.375171+00:00,140.2,200,bid,WavyWalnuts,AverageAlmonds,7964885
2026-07-05T06:14:45.597162,2026-07-05T06:14:45.605014+00:00,140.2,200,bid,WavyWalnuts,AverageAlmonds,7964896
2026-07-05T06:14:46.819497,2026-07-05T06:14:46.828609+00:00,140.3,200,bid,WavyWalnuts,YieldingYams,7964914
2026-07-05T06:14:48.052648,2026-07-05T06:14:48.056955+00:00,140.2,2,bid,Xuanyu Liu,WavyWalnuts,7964935
2026-07-05T06:14:48.689512,2026-07-05T06:14:48.697317+00:00,140.1,500,ask,YieldingYams,AverageAlmonds,7964949
2026-07-05T06:14:49.279609,2026-07-05T06:14:49.308178+00:00,140.1,125,ask,YieldingYams,AverageAlmonds,7964959
2026-07-05T06:14:49.279609,2026-07-05T06:14:49.308178+00:00,140.1,200,ask,WavyWalnuts,AverageAlmonds,7964960
2026-07-05T06:14:49.304145,2026-07-05T06:14:49.308178+00:00,140.0,23,bid,Xuanyu Liu,AverageAlmonds,7964962
2026-07-05T06:14:50.845638,2026-07-05T06:14:50.858574+00:00,139.9,200,ask,WavyWalnuts,YieldingYams,7964984
2026-07-05T06:14:51.665811,2026-07-05T06:14:51.675142+00:00,139.7,200,bid,WavyWalnuts,YieldingYams,7964994
2026-07-05T06:14:54.152809,2026-07-05T06:14:54.150769+00:00,139.6,200,ask,YieldingYams,WavyWalnuts,7965033
2026-07-05T06:14:54.697002,2026-07-05T06:14:54.707708+00:00,139.8,20,bid,BrilliantBurritos,YieldingYams,7965042
2026-07-05T06:14:56.578480,2026-07-05T06:14:56.589686+00:00,139.7,200,ask,YieldingYams,WavyWalnuts,7965069
2026-07-05T06:14:57.684236,2026-07-05T06:14:57.696351+00:00,139.4,20,ask,WavyWalnuts,BrilliantBurritos,7965087
2026-07-05T06:14:58.727931,2026-07-05T06:14:58.739278+00:00,139.5,200,ask,WavyWalnuts,YieldingYams,7965097
2026-07-05T06:14:59.554703,2026-07-05T06:14:59.557872+00:00,139.5,425,bid,AverageAlmonds,YieldingYams,7965112
2026-07-05T06:15:00.035836,2026-07-05T06:15:00.044685+00:00,139.6,200,bid,YieldingYams,WavyWalnuts,7965118
2026-07-05T06:15:00.226016,2026-07-05T06:15:00.237671+00:00,139.6,200,ask,YieldingYams,WavyWalnuts,7965124
2026-07-05T06:15:09.243118,2026-07-05T06:15:09.252140+00:00,139.8,200,bid,YieldingYams,WavyWalnuts,7965258
2026-07-05T06:15:11.134856,2026-07-05T06:15:11.142551+00:00,139.8,200,bid,WavyWalnuts,YieldingYams,7965294
2026-07-05T06:15:12.347967,2026-07-05T06:15:12.358543+00:00,139.7,200,bid,WavyWalnuts,YieldingYams,7965308
2026-07-05T06:15:12.572819,2026-07-05T06:15:12.584884+00:00,139.7,20,bid,BrilliantBurritos,YieldingYams,7965311
2026-07-05T06:15:13.188574,2026-07-05T06:15:13.197497+00:00,139.6,500,ask,AverageAlmonds,YieldingYams,7965320
2026-07-05T06:15:15.832077,2026-07-05T06:15:15.836842+00:00,139.8,12,ask,YieldingYams,Xuanyu Liu,7965354
2026-07-05T06:15:15.998755,2026-07-05T06:15:16.009110+00:00,139.8,200,ask,YieldingYams,WavyWalnuts,7965361
2026-07-05T06:15:17.154057,2026-07-05T06:15:17.161299+00:00,139.8,20,ask,YieldingYams,BrilliantBurritos,7965386
2026-07-05T06:15:18.216726,2026-07-05T06:15:18.224008+00:00,139.8,20,ask,YieldingYams,BrilliantBurritos,7965396
2026-07-05T06:15:18.429109,2026-07-05T06:15:18.438973+00:00,139.8,200,ask,YieldingYams,WavyWalnuts,7965404
2026-07-05T06:15:20.145988,2026-07-05T06:15:20.158603+00:00,139.6,500,bid,AverageAlmonds,YieldingYams,7965440
2026-07-05T06:15:20.849004,2026-07-05T06:15:20.859166+00:00,139.6,125,bid,WavyWalnuts,YieldingYams,7965453
2026-07-05T06:15:22.069427,2026-07-05T06:15:22.079845+00:00,139.8,200,ask,YieldingYams,WavyWalnuts,7965471
2026-07-05T06:15:25.866534,2026-07-05T06:15:25.870815+00:00,139.7,11,ask,YieldingYams,Xuanyu Liu,7965524
2026-07-05T06:15:26.914213,2026-07-05T06:15:26.921158+00:00,139.8,200,bid,WavyWalnuts,YieldingYams,7965543
2026-07-05T06:15:27.876448,2026-07-05T06:15:27.883426+00:00,139.6,20,ask,AverageAlmonds,BrilliantBurritos,7965552
2026-07-05T06:15:28.141581,2026-07-05T06:15:28.146188+00:00,139.8,12,ask,WavyWalnuts,Xuanyu Liu,7965563
2026-07-05T06:15:28.302357,2026-07-05T06:15:28.306757+00:00,139.8,11,ask,WavyWalnuts,Xuanyu Liu,7965570
2026-07-05T06:15:31.073101,2026-07-05T06:15:31.077263+00:00,139.9,11,ask,AverageAlmonds,Xuanyu Liu,7965615
2026-07-05T06:15:32.914924,2026-07-05T06:15:32.923508+00:00,140.0,200,bid,YieldingYams,WavyWalnuts,7965645
2026-07-05T06:15:33.399274,2026-07-05T06:15:33.411247+00:00,140.0,20,ask,YieldingYams,BrilliantBurritos,7965651
2026-07-05T06:15:36.265670,2026-07-05T06:15:36.277652+00:00,140.1,20,bid,BrilliantBurritos,YieldingYams,7965694
2026-07-05T06:15:37.658038,2026-07-05T06:15:37.669927+00:00,140.1,20,bid,BrilliantBurritos,WavyWalnuts,7965708
2026-07-05T06:15:40.114112,2026-07-05T06:15:40.123949+00:00,139.9,500,bid,AverageAlmonds,YieldingYams,7965751
2026-07-05T06:15:40.244410,2026-07-05T06:15:40.258570+00:00,139.9,125,bid,WavyWalnuts,YieldingYams,7965756
2026-07-05T06:15:42.673779,2026-07-05T06:15:42.685262+00:00,140.0,200,ask,YieldingYams,WavyWalnuts,7965788
2026-07-05T06:15:44.740578,2026-07-05T06:15:44.751449+00:00,140.2,200,bid,YieldingYams,WavyWalnuts,7965821
2026-07-05T06:15:44.758590,2026-07-05T06:15:44.763368+00:00,140.2,12,ask,YieldingYams,Xuanyu Liu,7965823
2026-07-05T06:15:47.377892,2026-07-05T06:15:47.386273+00:00,140.2,500,ask,YieldingYams,AverageAlmonds,7965851
2026-07-05T06:15:47.400409,2026-07-05T06:15:47.407328+00:00,140.1,200,ask,WavyWalnuts,YieldingYams,7965853
2026-07-05T06:15:48.008738,2026-07-05T06:15:48.013353+00:00,139.9,11,ask,YieldingYams,Xuanyu Liu,7965869
2026-07-05T06:15:48.713249,2026-07-05T06:15:48.715199+00:00,140.1,200,bid,YieldingYams,WavyWalnuts,7965876
2026-07-05T06:15:48.755108,2026-07-05T06:15:48.759788+00:00,140.1,6,ask,YieldingYams,Xuanyu Liu,7965880
2026-07-05T06:15:52.179771,2026-07-05T06:15:52.191738+00:00,139.9,20,ask,YieldingYams,BrilliantBurritos,7965928
2026-07-05T06:15:53.587820,2026-07-05T06:15:53.597798+00:00,140.2,20,bid,BrilliantBurritos,WavyWalnuts,7965948
2026-07-05T06:15:55.576970,2026-07-05T06:15:55.584221+00:00,139.9,20,ask,WavyWalnuts,BrilliantBurritos,7965968
2026-07-05T06:15:56.050641,2026-07-05T06:15:56.054888+00:00,139.9,6,bid,Xuanyu Liu,WavyWalnuts,7965979
2026-07-05T06:16:00.133576,2026-07-05T06:16:00.145775+00:00,139.8,20,bid,BrilliantBurritos,YieldingYams,7966046
2026-07-05T06:16:04.540970,2026-07-05T06:16:04.559050+00:00,139.8,200,ask,YieldingYams,WavyWalnuts,7966117
2026-07-05T06:16:06.239323,2026-07-05T06:16:06.244202+00:00,140.0,23,bid,Xuanyu Liu,YieldingYams,7966142
2026-07-05T06:16:07.148499,2026-07-05T06:16:07.156879+00:00,139.9,200,ask,WavyWalnuts,YieldingYams,7966159
2026-07-05T06:16:07.166079,2026-07-05T06:16:07.180802+00:00,139.8,22,bid,Xuanyu Liu,YieldingYams,7966161
2026-07-05T06:16:08.163804,2026-07-05T06:16:08.174258+00:00,139.8,200,bid,WavyWalnuts,YieldingYams,7966183
2026-07-05T06:16:13.006521,2026-07-05T06:16:13.016700+00:00,139.9,200,bid,WavyWalnuts,YieldingYams,7966246
2026-07-05T06:16:16.475279,2026-07-05T06:16:16.479801+00:00,140.0,12,bid,Xuanyu Liu,WavyWalnuts,7966305
2026-07-05T06:16:19.502355,2026-07-05T06:16:19.510177+00:00,140.1,200,ask,WavyWalnuts,AverageAlmonds,7966341
2026-07-05T06:16:20.272014,2026-07-05T06:16:20.279849+00:00,140.1,200,bid,WavyWalnuts,AverageAlmonds,7966353
2026-07-05T06:16:23.905180,2026-07-05T06:16:23.914530+00:00,140.1,200,bid,WavyWalnuts,YieldingYams,7966402
2026-07-05T06:16:25.695292,2026-07-05T06:16:25.707446+00:00,140.0,20,ask,YieldingYams,BrilliantBurritos,7966425
2026-07-05T06:16:26.326150,2026-07-05T06:16:26.338152+00:00,140.0,200,ask,YieldingYams,WavyWalnuts,7966438
2026-07-05T06:16:29.090129,2026-07-05T06:16:29.094941+00:00,140.3,11,bid,Xuanyu Liu,YieldingYams,7966466
2026-07-05T06:16:29.538128,2026-07-05T06:16:29.542703+00:00,140.2,12,bid,Xuanyu Liu,YieldingYams,7966474
2026-07-05T06:16:30.817728,2026-07-05T06:16:30.826444+00:00,140.2,20,bid,BrilliantBurritos,YieldingYams,7966498
2026-07-05T06:16:32.822149,2026-07-05T06:16:32.831335+00:00,140.2,500,ask,YieldingYams,AverageAlmonds,7966526
2026-07-05T06:16:33.376654,2026-07-05T06:16:33.386171+00:00,140.3,20,bid,BrilliantBurritos,WavyWalnuts,7966529
2026-07-05T06:16:33.474087,2026-07-05T06:16:33.478615+00:00,140.1,11,bid,Xuanyu Liu,YieldingYams,7966534
2026-07-05T06:16:35.084160,2026-07-05T06:16:35.096207+00:00,139.9,20,ask,YieldingYams,BrilliantBurritos,7966546
2026-07-05T06:16:38.475604,2026-07-05T06:16:38.479896+00:00,139.8,3,bid,Xuanyu Liu,WavyWalnuts,7966584
2026-07-05T06:16:38.685116,2026-07-05T06:16:38.696744+00:00,139.8,197,bid,YieldingYams,WavyWalnuts,7966585
2026-07-05T06:16:39.665662,2026-07-05T06:16:39.675579+00:00,139.8,200,ask,YieldingYams,WavyWalnuts,7966590
2026-07-05T06:16:43.304228,2026-07-05T06:16:43.315084+00:00,139.8,200,ask,YieldingYams,WavyWalnuts,7966627
2026-07-05T06:16:44.512729,2026-07-05T06:16:44.523894+00:00,139.8,200,ask,YieldingYams,WavyWalnuts,7966641
2026-07-05T06:16:45.721617,2026-07-05T06:16:45.730503+00:00,139.8,200,bid,WavyWalnuts,YieldingYams,7966654
2026-07-05T06:16:47.156199,2026-07-05T06:16:47.168665+00:00,139.8,20,ask,YieldingYams,BrilliantBurritos,7966678
2026-07-05T06:16:47.904305,2026-07-05T06:16:47.914279+00:00,139.9,500,bid,YieldingYams,AverageAlmonds,7966687
2026-07-05T06:16:48.836816,2026-07-05T06:16:48.848369+00:00,140.1,20,bid,BrilliantBurritos,YieldingYams,7966700
2026-07-05T06:16:49.219452,2026-07-05T06:16:49.230402+00:00,139.8,200,ask,WavyWalnuts,YieldingYams,7966703
2026-07-05T06:16:49.350530,2026-07-05T06:16:49.350962+00:00,139.8,200,bid,WavyWalnuts,YieldingYams,7966707
2026-07-05T06:16:50.575177,2026-07-05T06:16:50.584569+00:00,139.9,200,bid,YieldingYams,WavyWalnuts,7966728
2026-07-05T06:16:51.777181,2026-07-05T06:16:51.788647+00:00,140.0,200,ask,YieldingYams,WavyWalnuts,7966744
2026-07-05T06:16:53.777467,2026-07-05T06:16:53.782339+00:00,140.1,3,bid,Xuanyu Liu,WavyWalnuts,7966765
2026-07-05T06:16:54.509272,2026-07-05T06:16:54.519534+00:00,140.0,200,ask,WavyWalnuts,YieldingYams,7966779
2026-07-05T06:16:54.526793,2026-07-05T06:16:54.531844+00:00,140.0,11,bid,Xuanyu Liu,YieldingYams,7966781
2026-07-05T06:16:54.998339,2026-07-05T06:16:55.008346+00:00,139.8,20,ask,YieldingYams,BrilliantBurritos,7966787
2026-07-05T06:16:55.860192,2026-07-05T06:16:55.881848+00:00,140.0,200,bid,YieldingYams,WavyWalnuts,7966797
2026-07-05T06:16:55.877734,2026-07-05T06:16:55.881848+00:00,140.2,11,ask,YieldingYams,Xuanyu Liu,7966800
2026-07-05T06:16:56.626594,2026-07-05T06:16:56.638410+00:00,140.2,200,ask,YieldingYams,WavyWalnuts,7966812
2026-07-05T06:16:57.565853,2026-07-05T06:16:57.570105+00:00,140.5,11,bid,Xuanyu Liu,AverageAlmonds,7966836
2026-07-05T06:16:57.850837,2026-07-05T06:16:57.855325+00:00,140.4,12,bid,Xuanyu Liu,WavyWalnuts,7966839
2026-07-05T06:16:58.198368,2026-07-05T06:16:58.205250+00:00,140.4,25,bid,Harold Schneider,WavyWalnuts,7966841
2026-07-05T06:16:59.970685,2026-07-05T06:16:59.982476+00:00,140.4,20,bid,BrilliantBurritos,WavyWalnuts,7966867
2026-07-05T06:17:02.684632,2026-07-05T06:17:02.694027+00:00,140.3,200,ask,YieldingYams,WavyWalnuts,7966910
2026-07-05T06:17:03.972194,2026-07-05T06:17:03.976496+00:00,140.3,23,ask,WavyWalnuts,Xuanyu Liu,7966933
2026-07-05T06:17:05.040037,2026-07-05T06:17:05.047272+00:00,140.3,177,ask,WavyWalnuts,YieldingYams,7966947
2026-07-05T06:17:05.103842,2026-07-05T06:17:05.113106+00:00,140.3,200,bid,WavyWalnuts,YieldingYams,7966948
2026-07-05T06:17:06.356775,2026-07-05T06:17:06.358620+00:00,140.3,200,bid,YieldingYams,WavyWalnuts,7966969
2026-07-05T06:17:11.236753,2026-07-05T06:17:11.248834+00:00,140.2,20,ask,YieldingYams,BrilliantBurritos,7967051
2026-07-05T06:17:12.388933,2026-07-05T06:17:12.400247+00:00,140.2,200,ask,YieldingYams,WavyWalnuts,7967067
2026-07-05T06:17:13.614151,2026-07-05T06:17:13.626320+00:00,140.4,20,bid,BrilliantBurritos,YieldingYams,7967084
2026-07-05T06:17:15.368451,2026-07-05T06:17:15.380580+00:00,140.3,20,bid,BrilliantBurritos,YieldingYams,7967098
2026-07-05T06:17:22.190124,2026-07-05T06:17:22.199086+00:00,140.4,20,bid,BrilliantBurritos,YieldingYams,7967181
2026-07-05T06:17:24.406146,2026-07-05T06:17:24.418104+00:00,140.3,20,bid,BrilliantBurritos,WavyWalnuts,7967224
2026-07-05T06:17:24.545726,2026-07-05T06:17:24.554212+00:00,140.2,200,ask,YieldingYams,WavyWalnuts,7967228
2026-07-05T06:17:27.618542,2026-07-05T06:17:27.630870+00:00,139.9,20,ask,YieldingYams,BrilliantBurritos,7967268
2026-07-05T06:17:29.331226,2026-07-05T06:17:29.336134+00:00,139.8,3,ask,WavyWalnuts,Xuanyu Liu,7967305
2026-07-05T06:17:30.592147,2026-07-05T06:17:30.604245+00:00,140.0,200,bid,WavyWalnuts,YieldingYams,7967318
2026-07-05T06:17:31.803238,2026-07-05T06:17:31.812779+00:00,140.1,200,bid,WavyWalnuts,YieldingYams,7967339
2026-07-05T06:17:33.012081,2026-07-05T06:17:33.019626+00:00,140.0,200,bid,WavyWalnuts,YieldingYams,7967359
2026-07-05T06:17:37.037305,2026-07-05T06:17:37.048385+00:00,139.9,20,bid,BrilliantBurritos,YieldingYams,7967420
2026-07-05T06:17:39.067480,2026-07-05T06:17:39.075099+00:00,139.8,200,ask,YieldingYams,WavyWalnuts,7967446
2026-07-05T06:17:40.277465,2026-07-05T06:17:40.288819+00:00,139.8,200,ask,YieldingYams,WavyWalnuts,7967465
2026-07-05T06:17:43.183153,2026-07-05T06:17:43.190564+00:00,139.7,200,ask,WavyWalnuts,YieldingYams,7967515
2026-07-05T06:17:43.183153,2026-07-05T06:17:43.195538+00:00,139.7,425,ask,AverageAlmonds,YieldingYams,7967516
2026-07-05T06:17:44.495752,2026-07-05T06:17:44.505553+00:00,139.8,200,bid,YieldingYams,WavyWalnuts,7967542
2026-07-05T06:17:45.121439,2026-07-05T06:17:45.130406+00:00,139.8,200,ask,YieldingYams,WavyWalnuts,7967552
2026-07-05T06:17:47.120202,2026-07-05T06:17:47.130942+00:00,139.7,200,ask,WavyWalnuts,YieldingYams,7967583
2026-07-05T06:17:47.137394,2026-07-05T06:17:47.141911+00:00,139.6,26,bid,Xuanyu Liu,YieldingYams,7967585
2026-07-05T06:17:47.544178,2026-07-05T06:17:47.558648+00:00,139.6,200,bid,WavyWalnuts,YieldingYams,7967595
2026-07-05T06:17:48.330328,2026-07-05T06:17:48.334999+00:00,139.5,26,ask,AverageAlmonds,Xuanyu Liu,7967614
2026-07-05T06:17:49.755022,2026-07-05T06:17:49.758653+00:00,139.7,200,bid,YieldingYams,WavyWalnuts,7967637
2026-07-05T06:17:49.776421,2026-07-05T06:17:49.781241+00:00,139.8,3,ask,YieldingYams,Xuanyu Liu,7967639
2026-07-05T06:17:49.965010,2026-07-05T06:17:49.972770+00:00,139.8,200,ask,YieldingYams,WavyWalnuts,7967643
2026-07-05T06:17:50.941767,2026-07-05T06:17:50.945613+00:00,140.0,3,bid,Xuanyu Liu,YieldingYams,7967664
2026-07-05T06:17:51.192646,2026-07-05T06:17:51.197423+00:00,139.7,3,bid,Xuanyu Liu,WavyWalnuts,7967667
2026-07-05T06:17:51.903391,2026-07-05T06:17:51.911276+00:00,139.7,20,bid,BrilliantBurritos,WavyWalnuts,7967677
2026-07-05T06:17:52.402133,2026-07-05T06:17:52.411088+00:00,139.8,200,bid,WavyWalnuts,YieldingYams,7967688
2026-07-05T06:17:53.612598,2026-07-05T06:17:53.621373+00:00,139.8,200,bid,WavyWalnuts,YieldingYams,7967702
2026-07-05T06:17:54.239512,2026-07-05T06:17:54.251403+00:00,139.5,20,ask,YieldingYams,BrilliantBurritos,7967717
2026-07-05T06:17:56.067969,2026-07-05T06:17:56.072383+00:00,139.6,3,ask,WavyWalnuts,Xuanyu Liu,7967754
2026-07-05T06:17:58.734148,2026-07-05T06:17:58.746191+00:00,139.7,20,bid,BrilliantBurritos,YieldingYams,7967786
2026-07-05T06:18:04.786254,2026-07-05T06:18:04.798253+00:00,139.5,20,ask,YieldingYams,BrilliantBurritos,7967866
2026-07-05T06:18:05.755340,2026-07-05T06:18:05.764747+00:00,139.4,200,ask,YieldingYams,WavyWalnuts,7967877
2026-07-05T06:18:08.184904,2026-07-05T06:18:08.192133+00:00,139.4,200,ask,AverageAlmonds,WavyWalnuts,7967909
2026-07-05T06:18:08.228295,2026-07-05T06:18:08.236441+00:00,139.4,300,ask,AverageAlmonds,YieldingYams,7967912
2026-07-05T06:18:08.479733,2026-07-05T06:18:08.487046+00:00,139.4,325,bid,AverageAlmonds,YieldingYams,7967916
2026-07-05T06:18:10.297373,2026-07-05T06:18:10.305331+00:00,139.5,200,bid,AverageAlmonds,WavyWalnuts,7967952
2026-07-05T06:18:10.297373,2026-07-05T06:18:10.310553+00:00,139.5,300,bid,AverageAlmonds,YieldingYams,7967953
2026-07-05T06:18:11.816483,2026-07-05T06:18:11.825950+00:00,139.5,200,ask,YieldingYams,WavyWalnuts,7967973
2026-07-05T06:18:14.790261,2026-07-05T06:18:14.799159+00:00,139.6,200,bid,YieldingYams,WavyWalnuts,7968021
2026-07-05T06:18:15.727313,2026-07-05T06:18:15.739342+00:00,139.8,20,bid,BrilliantBurritos,YieldingYams,7968035
2026-07-05T06:18:18.058106,2026-07-05T06:18:18.070329+00:00,139.7,20,bid,BrilliantBurritos,YieldingYams,7968076
2026-07-05T06:18:21.364504,2026-07-05T06:18:21.374718+00:00,139.6,200,bid,YieldingYams,WavyWalnuts,7968108
2026-07-05T06:18:22.196703,2026-07-05T06:18:22.208752+00:00,139.6,20,ask,YieldingYams,BrilliantBurritos,7968118
