timestamp,recv_time,price,volume,aggressor_side,buyer,seller,trade_id
2026-07-01T21:00:01.107728,2026-07-01T21:00:01.114414+00:00,87.1,200,bid,WavyWalnuts,YieldingYams,2957483
2026-07-01T21:00:08.376268,2026-07-01T21:00:08.386469+00:00,87.3,2,bid,WavyWalnuts,Kelvin Chan,2957639
2026-07-01T21:00:08.376268,2026-07-01T21:00:08.386469+00:00,87.3,198,bid,WavyWalnuts,YieldingYams,2957640
2026-07-01T21:00:09.600613,2026-07-01T21:00:09.611198+00:00,87.4,200,bid,WavyWalnuts,AverageAlmonds,2957664
2026-07-01T21:00:10.814793,2026-07-01T21:00:10.821845+00:00,87.4,200,bid,WavyWalnuts,YieldingYams,2957684
2026-07-01T21:00:10.865497,2026-07-01T21:00:10.869334+00:00,87.3,11,ask,YieldingYams,Xuanyu Liu,2957686
2026-07-01T21:00:11.321152,2026-07-01T21:00:11.330118+00:00,87.3,500,ask,YieldingYams,AverageAlmonds,2957697
2026-07-01T21:00:11.540675,2026-07-01T21:00:11.552334+00:00,87.5,20,bid,BrilliantBurritos,YieldingYams,2957702
2026-07-01T21:00:11.914207,2026-07-01T21:00:11.920652+00:00,87.3,114,ask,YieldingYams,AverageAlmonds,2957705
2026-07-01T21:00:12.024473,2026-07-01T21:00:12.034705+00:00,87.3,200,bid,WavyWalnuts,AverageAlmonds,2957710
2026-07-01T21:00:13.242603,2026-07-01T21:00:13.258617+00:00,87.2,200,bid,WavyWalnuts,YieldingYams,2957731
2026-07-01T21:00:14.393039,2026-07-01T21:00:14.404709+00:00,87.2,20,bid,BrilliantBurritos,YieldingYams,2957760
2026-07-01T21:00:14.455366,2026-07-01T21:00:14.463631+00:00,87.2,200,bid,WavyWalnuts,YieldingYams,2957761
2026-07-01T21:00:16.067559,2026-07-01T21:00:16.078973+00:00,87.3,2,bid,YieldingYams,Kelvin Chan,2957791
2026-07-01T21:00:16.067559,2026-07-01T21:00:16.078973+00:00,87.3,200,bid,YieldingYams,WavyWalnuts,2957792
2026-07-01T21:00:17.673159,2026-07-01T21:00:17.676851+00:00,87.3,23,bid,Xuanyu Liu,YieldingYams,2957831
2026-07-01T21:00:18.991562,2026-07-01T21:00:19.001255+00:00,87.3,20,bid,BrilliantBurritos,YieldingYams,2957863
2026-07-01T21:00:19.306191,2026-07-01T21:00:19.316244+00:00,87.3,200,bid,WavyWalnuts,YieldingYams,2957868
2026-07-01T21:00:21.344686,2026-07-01T21:00:21.358601+00:00,87.2,200,ask,WavyWalnuts,YieldingYams,2957904
2026-07-01T21:00:22.652222,2026-07-01T21:00:22.663621+00:00,87.2,200,bid,YieldingYams,WavyWalnuts,2957930
2026-07-01T21:00:23.420234,2026-07-01T21:00:23.430508+00:00,87.3,200,ask,WavyWalnuts,AverageAlmonds,2957955
2026-07-01T21:00:25.272738,2026-07-01T21:00:25.280232+00:00,87.1,200,ask,WavyWalnuts,YieldingYams,2957994
2026-07-01T21:00:25.377511,2026-07-01T21:00:25.386639+00:00,87.1,200,bid,WavyWalnuts,YieldingYams,2958000
2026-07-01T21:00:26.591468,2026-07-01T21:00:26.599369+00:00,87.1,200,ask,YieldingYams,WavyWalnuts,2958015
2026-07-01T21:00:29.205083,2026-07-01T21:00:29.214347+00:00,87.1,200,ask,WavyWalnuts,YieldingYams,2958056
2026-07-01T21:00:30.213006,2026-07-01T21:00:30.223214+00:00,87.1,200,bid,WavyWalnuts,YieldingYams,2958069
2026-07-01T21:00:30.426237,2026-07-01T21:00:30.437820+00:00,87.0,3,ask,Kelvin Chan,BrilliantBurritos,2958072
2026-07-01T21:00:30.426237,2026-07-01T21:00:30.437820+00:00,87.0,17,ask,YieldingYams,BrilliantBurritos,2958073
2026-07-01T21:00:30.512309,2026-07-01T21:00:30.523696+00:00,87.2,500,bid,YieldingYams,AverageAlmonds,2958075
2026-07-01T21:00:30.512309,2026-07-01T21:00:30.523696+00:00,87.3,125,bid,YieldingYams,WavyWalnuts,2958076
2026-07-01T21:00:30.992365,2026-07-01T21:00:31.003977+00:00,87.2,20,bid,BrilliantBurritos,AverageAlmonds,2958086
2026-07-01T21:00:31.422009,2026-07-01T21:00:31.430828+00:00,87.2,200,bid,WavyWalnuts,AverageAlmonds,2958093
2026-07-01T21:00:31.908222,2026-07-01T21:00:31.912456+00:00,87.1,11,bid,Xuanyu Liu,AverageAlmonds,2958101
2026-07-01T21:00:32.633554,2026-07-01T21:00:32.641456+00:00,87.1,200,bid,WavyWalnuts,AverageAlmonds,2958117
2026-07-01T21:00:34.338607,2026-07-01T21:00:34.343342+00:00,87.0,6,ask,Kelvin Chan,Xuanyu Liu,2958144
2026-07-01T21:00:34.338607,2026-07-01T21:00:34.343342+00:00,87.0,5,ask,YieldingYams,Xuanyu Liu,2958145
2026-07-01T21:00:34.931998,2026-07-01T21:00:34.939892+00:00,87.0,200,ask,WavyWalnuts,AverageAlmonds,2958161
2026-07-01T21:00:36.262256,2026-07-01T21:00:36.269983+00:00,86.9,4,ask,Kelvin Chan,WavyWalnuts,2958179
2026-07-01T21:00:36.262256,2026-07-01T21:00:36.275230+00:00,86.9,196,ask,YieldingYams,WavyWalnuts,2958180
2026-07-01T21:00:36.386162,2026-07-01T21:00:36.395605+00:00,87.1,20,bid,BrilliantBurritos,YieldingYams,2958183
2026-07-01T21:00:37.476769,2026-07-01T21:00:37.487162+00:00,86.9,3,ask,Kelvin Chan,WavyWalnuts,2958203
2026-07-01T21:00:37.636183,2026-07-01T21:00:37.640069+00:00,86.9,1,bid,Xuanyu Liu,WavyWalnuts,2958207
2026-07-01T21:00:38.569739,2026-07-01T21:00:38.573538+00:00,86.9,2,bid,Xuanyu Liu,WavyWalnuts,2958225
2026-07-01T21:00:38.621298,2026-07-01T21:00:38.625055+00:00,86.9,1,bid,Xuanyu Liu,WavyWalnuts,2958227
2026-07-01T21:00:39.034678,2026-07-01T21:00:39.058551+00:00,86.8,2,ask,Kelvin Chan,BrilliantBurritos,2958233
2026-07-01T21:00:39.034678,2026-07-01T21:00:39.058551+00:00,86.8,18,ask,YieldingYams,BrilliantBurritos,2958234
2026-07-01T21:00:39.704682,2026-07-01T21:00:39.708674+00:00,86.9,1,bid,Xuanyu Liu,YieldingYams,2958250
2026-07-01T21:00:42.322885,2026-07-01T21:00:42.329106+00:00,86.8,200,bid,YieldingYams,WavyWalnuts,2958304
2026-07-01T21:00:43.521419,2026-07-01T21:00:43.527975+00:00,86.8,200,ask,YieldingYams,WavyWalnuts,2958322
2026-07-01T21:00:43.634871,2026-07-01T21:00:43.643998+00:00,86.7,1,ask,Kelvin Chan,YieldingYams,2958329
2026-07-01T21:00:43.634871,2026-07-01T21:00:43.643998+00:00,86.6,500,ask,AverageAlmonds,YieldingYams,2958330
2026-07-01T21:00:43.634871,2026-07-01T21:00:43.643998+00:00,86.6,124,ask,WavyWalnuts,YieldingYams,2958331
2026-07-01T21:00:49.252972,2026-07-01T21:00:49.254496+00:00,87.0,12,bid,BrilliantBurritos,Kelvin Chan,2958425
2026-07-01T21:00:49.252972,2026-07-01T21:00:49.254496+00:00,87.0,8,bid,BrilliantBurritos,YieldingYams,2958426
2026-07-01T21:00:50.195359,2026-07-01T21:00:50.204470+00:00,86.8,200,ask,WavyWalnuts,YieldingYams,2958442
2026-07-01T21:00:52.576320,2026-07-01T21:00:52.587596+00:00,86.8,20,ask,WavyWalnuts,BrilliantBurritos,2958484
2026-07-01T21:00:52.815362,2026-07-01T21:00:52.824728+00:00,86.8,180,ask,WavyWalnuts,YieldingYams,2958487
2026-07-01T21:00:52.815362,2026-07-01T21:00:52.824728+00:00,86.7,1,ask,Kelvin Chan,YieldingYams,2958488
2026-07-01T21:00:52.815362,2026-07-01T21:00:52.824728+00:00,86.7,444,ask,AverageAlmonds,YieldingYams,2958489
2026-07-01T21:00:53.564486,2026-07-01T21:00:53.574998+00:00,86.9,20,bid,BrilliantBurritos,WavyWalnuts,2958510
2026-07-01T21:00:54.398838,2026-07-01T21:00:54.407822+00:00,86.9,200,bid,WavyWalnuts,YieldingYams,2958530
2026-07-01T21:00:56.816685,2026-07-01T21:00:56.827886+00:00,86.9,200,ask,YieldingYams,WavyWalnuts,2958574
2026-07-01T21:01:00.456210,2026-07-01T21:01:00.464121+00:00,86.9,200,bid,WavyWalnuts,YieldingYams,2958637
2026-07-01T21:01:01.668306,2026-07-01T21:01:01.679521+00:00,86.9,200,ask,YieldingYams,WavyWalnuts,2958660
2026-07-01T21:01:02.001693,2026-07-01T21:01:02.012857+00:00,86.9,500,ask,AverageAlmonds,YieldingYams,2958676
2026-07-01T21:01:02.001693,2026-07-01T21:01:02.012857+00:00,86.7,2,ask,Kelvin Chan,YieldingYams,2958677
2026-07-01T21:01:02.178552,2026-07-01T21:01:02.185293+00:00,86.7,123,bid,AverageAlmonds,YieldingYams,2958684
2026-07-01T21:01:02.875964,2026-07-01T21:01:02.884222+00:00,86.9,200,ask,AverageAlmonds,WavyWalnuts,2958698
2026-07-01T21:01:03.310126,2026-07-01T21:01:03.317503+00:00,86.9,300,ask,AverageAlmonds,YieldingYams,2958701
2026-07-01T21:01:03.405888,2026-07-01T21:01:03.415940+00:00,86.9,325,bid,AverageAlmonds,YieldingYams,2958704
2026-07-01T21:01:04.650221,2026-07-01T21:01:04.669245+00:00,87.0,200,bid,YieldingYams,WavyWalnuts,2958730
2026-07-01T21:01:04.650221,2026-07-01T21:01:04.669245+00:00,87.1,5,bid,YieldingYams,Kelvin Chan,2958731
2026-07-01T21:01:08.370995,2026-07-01T21:01:08.374707+00:00,87.1,17,ask,WavyWalnuts,Xuanyu Liu,2958806
2026-07-01T21:01:08.925008,2026-07-01T21:01:08.932283+00:00,87.2,2,bid,WavyWalnuts,Kelvin Chan,2958815
2026-07-01T21:01:08.925008,2026-07-01T21:01:08.937301+00:00,87.2,198,bid,WavyWalnuts,YieldingYams,2958816
2026-07-01T21:01:09.902093,2026-07-01T21:01:09.909541+00:00,87.1,1,bid,YieldingYams,Kelvin Chan,2958830
2026-07-01T21:01:09.916242,2026-07-01T21:01:09.920086+00:00,87.2,11,ask,YieldingYams,Xuanyu Liu,2958834
2026-07-01T21:01:10.134649,2026-07-01T21:01:10.142783+00:00,87.3,200,bid,WavyWalnuts,AverageAlmonds,2958839
2026-07-01T21:01:11.225119,2026-07-01T21:01:11.251479+00:00,87.3,500,bid,YieldingYams,AverageAlmonds,2958858
2026-07-01T21:01:11.247912,2026-07-01T21:01:11.251479+00:00,87.3,3,ask,YieldingYams,Xuanyu Liu,2958860
2026-07-01T21:01:11.276649,2026-07-01T21:01:11.287946+00:00,87.3,122,ask,YieldingYams,AverageAlmonds,2958861
2026-07-01T21:01:11.344133,2026-07-01T21:01:11.358554+00:00,87.3,200,bid,WavyWalnuts,AverageAlmonds,2958863
2026-07-01T21:01:14.984048,2026-07-01T21:01:14.994160+00:00,87.1,200,bid,WavyWalnuts,YieldingYams,2958941
2026-07-01T21:01:15.098369,2026-07-01T21:01:15.109776+00:00,87.1,20,bid,BrilliantBurritos,YieldingYams,2958943
2026-07-01T21:01:15.165225,2026-07-01T21:01:15.173361+00:00,87.2,4,bid,YieldingYams,Kelvin Chan,2958944
2026-07-01T21:01:16.477636,2026-07-01T21:01:16.487079+00:00,87.3,3,bid,YieldingYams,Kelvin Chan,2958967
2026-07-01T21:01:16.477636,2026-07-01T21:01:16.487079+00:00,87.3,200,bid,YieldingYams,WavyWalnuts,2958968
2026-07-01T21:01:16.477636,2026-07-01T21:01:16.492375+00:00,87.4,422,bid,YieldingYams,AverageAlmonds,2958969
2026-07-01T21:01:17.403045,2026-07-01T21:01:17.417625+00:00,87.2,3,bid,WavyWalnuts,Kelvin Chan,2958992
2026-07-01T21:01:17.793441,2026-07-01T21:01:17.799765+00:00,87.3,197,ask,WavyWalnuts,YieldingYams,2959004
2026-07-01T21:01:18.610069,2026-07-01T21:01:18.619382+00:00,87.3,200,bid,WavyWalnuts,YieldingYams,2959019
2026-07-01T21:01:19.102032,2026-07-01T21:01:19.128619+00:00,87.4,500,bid,YieldingYams,AverageAlmonds,2959035
2026-07-01T21:01:19.124408,2026-07-01T21:01:19.128619+00:00,87.4,3,ask,YieldingYams,Xuanyu Liu,2959038
2026-07-01T21:01:19.152030,2026-07-01T21:01:19.158646+00:00,87.4,122,ask,YieldingYams,AverageAlmonds,2959040
2026-07-01T21:01:21.028289,2026-07-01T21:01:21.035620+00:00,87.3,200,bid,WavyWalnuts,YieldingYams,2959079
2026-07-01T21:01:21.730433,2026-07-01T21:01:21.740741+00:00,87.3,3,bid,YieldingYams,Kelvin Chan,2959087
2026-07-01T21:01:21.751099,2026-07-01T21:01:21.754948+00:00,87.4,3,bid,Xuanyu Liu,WavyWalnuts,2959089
2026-07-01T21:01:22.134326,2026-07-01T21:01:22.145900+00:00,87.3,20,ask,YieldingYams,BrilliantBurritos,2959100
2026-07-01T21:01:22.197195,2026-07-01T21:01:22.205969+00:00,87.3,500,ask,YieldingYams,AverageAlmonds,2959105
2026-07-01T21:01:22.788128,2026-07-01T21:01:22.796118+00:00,87.3,102,ask,YieldingYams,AverageAlmonds,2959117
2026-07-01T21:01:23.043581,2026-07-01T21:01:23.044987+00:00,87.2,200,ask,WavyWalnuts,YieldingYams,2959125
2026-07-01T21:01:24.748233,2026-07-01T21:01:24.769245+00:00,87.3,20,bid,BrilliantBurritos,YieldingYams,2959168
2026-07-01T21:01:25.663867,2026-07-01T21:01:25.674499+00:00,87.2,200,ask,WavyWalnuts,YieldingYams,2959188
2026-07-01T21:01:25.857536,2026-07-01T21:01:25.868769+00:00,87.2,200,bid,WavyWalnuts,YieldingYams,2959197
2026-07-01T21:01:26.973062,2026-07-01T21:01:26.974450+00:00,87.3,500,bid,YieldingYams,AverageAlmonds,2959208
2026-07-01T21:01:27.031539,2026-07-01T21:01:27.058595+00:00,87.3,125,ask,YieldingYams,AverageAlmonds,2959211
2026-07-01T21:01:28.279147,2026-07-01T21:01:28.286440+00:00,87.3,200,bid,WavyWalnuts,AverageAlmonds,2959241
2026-07-01T21:01:29.604597,2026-07-01T21:01:29.614341+00:00,87.1,200,ask,WavyWalnuts,YieldingYams,2959269
2026-07-01T21:01:30.696860,2026-07-01T21:01:30.705790+00:00,87.1,200,bid,WavyWalnuts,YieldingYams,2959296
2026-07-01T21:01:30.915910,2026-07-01T21:01:30.926168+00:00,87.2,200,bid,YieldingYams,WavyWalnuts,2959300
2026-07-01T21:01:30.915910,2026-07-01T21:01:30.926168+00:00,87.3,425,bid,YieldingYams,AverageAlmonds,2959301
2026-07-01T21:01:37.489234,2026-07-01T21:01:37.498636+00:00,87.0,1,ask,Kelvin Chan,YieldingYams,2959432
2026-07-01T21:01:37.489234,2026-07-01T21:01:37.498636+00:00,87.0,200,ask,WavyWalnuts,YieldingYams,2959433
2026-07-01T21:01:37.489234,2026-07-01T21:01:37.498636+00:00,87.0,424,ask,AverageAlmonds,YieldingYams,2959434
2026-07-01T21:01:38.481216,2026-07-01T21:01:38.492870+00:00,87.0,20,ask,AverageAlmonds,BrilliantBurritos,2959456
2026-07-01T21:01:38.799874,2026-07-01T21:01:38.807447+00:00,87.1,200,bid,YieldingYams,WavyWalnuts,2959462
2026-07-01T21:01:38.799874,2026-07-01T21:01:38.807447+00:00,87.2,7,bid,YieldingYams,Kelvin Chan,2959463
2026-07-01T21:01:38.818515,2026-07-01T21:01:38.821843+00:00,87.3,3,ask,YieldingYams,Xuanyu Liu,2959465
2026-07-01T21:01:39.178166,2026-07-01T21:01:39.185257+00:00,87.3,200,ask,YieldingYams,WavyWalnuts,2959473
2026-07-01T21:01:40.385728,2026-07-01T21:01:40.393532+00:00,87.1,200,ask,AverageAlmonds,WavyWalnuts,2959494
2026-07-01T21:01:40.731749,2026-07-01T21:01:40.735647+00:00,87.2,3,bid,Xuanyu Liu,YieldingYams,2959502
2026-07-01T21:01:42.810678,2026-07-01T21:01:42.821397+00:00,87.1,200,ask,YieldingYams,WavyWalnuts,2959546
2026-07-01T21:01:44.019631,2026-07-01T21:01:44.026642+00:00,87.1,200,ask,YieldingYams,WavyWalnuts,2959569
2026-07-01T21:01:44.054765,2026-07-01T21:01:44.063902+00:00,87.1,500,ask,AverageAlmonds,YieldingYams,2959570
2026-07-01T21:01:44.566559,2026-07-01T21:01:44.575127+00:00,87.1,125,bid,AverageAlmonds,YieldingYams,2959588
2026-07-01T21:01:45.361899,2026-07-01T21:01:45.370588+00:00,87.2,200,bid,YieldingYams,WavyWalnuts,2959597
2026-07-01T21:01:46.686494,2026-07-01T21:01:46.690104+00:00,87.2,3,bid,Xuanyu Liu,YieldingYams,2959631
2026-07-01T21:01:46.873468,2026-07-01T21:01:46.885013+00:00,87.2,20,bid,BrilliantBurritos,YieldingYams,2959635
2026-07-01T21:01:47.656420,2026-07-01T21:01:47.663882+00:00,87.2,200,bid,WavyWalnuts,YieldingYams,2959652
2026-07-01T21:01:48.214083,2026-07-01T21:01:48.220299+00:00,87.2,500,bid,AverageAlmonds,YieldingYams,2959667
2026-07-01T21:01:48.867515,2026-07-01T21:01:48.874475+00:00,87.2,125,bid,WavyWalnuts,YieldingYams,2959683
2026-07-01T21:01:49.290242,2026-07-01T21:01:49.299197+00:00,87.4,4,bid,YieldingYams,Kelvin Chan,2959695
2026-07-01T21:01:49.290242,2026-07-01T21:01:49.299197+00:00,87.4,200,bid,YieldingYams,WavyWalnuts,2959696
2026-07-01T21:01:54.909042,2026-07-01T21:01:54.918924+00:00,87.3,200,ask,YieldingYams,WavyWalnuts,2959794
2026-07-01T21:01:56.024224,2026-07-01T21:01:56.035663+00:00,87.3,20,ask,YieldingYams,BrilliantBurritos,2959811
2026-07-01T21:01:56.117661,2026-07-01T21:01:56.124933+00:00,87.3,200,ask,YieldingYams,WavyWalnuts,2959814
2026-07-01T21:01:57.149490,2026-07-01T21:01:57.176009+00:00,87.2,500,ask,AverageAlmonds,YieldingYams,2959830
2026-07-01T21:01:57.149490,2026-07-01T21:01:57.176009+00:00,87.0,2,ask,Kelvin Chan,YieldingYams,2959831
2026-07-01T21:01:57.172291,2026-07-01T21:01:57.176009+00:00,87.0,23,bid,Xuanyu Liu,YieldingYams,2959833
2026-07-01T21:01:57.305526,2026-07-01T21:01:57.319330+00:00,87.0,100,bid,AverageAlmonds,YieldingYams,2959837
2026-07-01T21:01:57.340197,2026-07-01T21:01:57.343886+00:00,87.3,4,ask,AverageAlmonds,Xuanyu Liu,2959842
2026-07-01T21:01:57.343004,2026-07-01T21:01:57.359439+00:00,87.3,200,ask,AverageAlmonds,WavyWalnuts,2959843
2026-07-01T21:01:58.463313,2026-07-01T21:01:58.472229+00:00,87.3,500,ask,AverageAlmonds,YieldingYams,2959871
2026-07-01T21:01:58.511370,2026-07-01T21:01:58.519459+00:00,87.2,125,bid,AverageAlmonds,YieldingYams,2959872
2026-07-01T21:01:58.551508,2026-07-01T21:01:58.563635+00:00,87.3,200,ask,AverageAlmonds,WavyWalnuts,2959873
2026-07-01T21:01:59.758218,2026-07-01T21:01:59.769361+00:00,87.3,200,ask,AverageAlmonds,WavyWalnuts,2959895
2026-07-01T21:01:59.804104,2026-07-01T21:01:59.807483+00:00,87.3,8,ask,AverageAlmonds,Xuanyu Liu,2959899
2026-07-01T21:02:00.670664,2026-07-01T21:02:00.685033+00:00,87.4,20,bid,BrilliantBurritos,YieldingYams,2959915
2026-07-01T21:02:00.974025,2026-07-01T21:02:00.984801+00:00,87.3,200,ask,AverageAlmonds,WavyWalnuts,2959918
2026-07-01T21:02:01.670934,2026-07-01T21:02:01.682574+00:00,87.3,20,ask,YieldingYams,BrilliantBurritos,2959931
2026-07-01T21:02:02.183617,2026-07-01T21:02:02.190344+00:00,87.3,200,ask,YieldingYams,WavyWalnuts,2959934
2026-07-01T21:02:02.755053,2026-07-01T21:02:02.759041+00:00,87.4,11,ask,AverageAlmonds,Xuanyu Liu,2959945
2026-07-01T21:02:03.391619,2026-07-01T21:02:03.400228+00:00,87.4,200,ask,AverageAlmonds,WavyWalnuts,2959958
2026-07-01T21:02:03.697998,2026-07-01T21:02:03.708804+00:00,87.4,300,ask,AverageAlmonds,YieldingYams,2959962
2026-07-01T21:02:03.960722,2026-07-01T21:02:03.968681+00:00,87.3,325,bid,AverageAlmonds,YieldingYams,2959966
2026-07-01T21:02:04.601043,2026-07-01T21:02:04.612038+00:00,87.4,200,ask,AverageAlmonds,WavyWalnuts,2959985
2026-07-01T21:02:05.004875,2026-07-01T21:02:05.013354+00:00,87.5,1,bid,YieldingYams,Kelvin Chan,2959992
2026-07-01T21:02:05.022520,2026-07-01T21:02:05.026097+00:00,87.5,2,ask,YieldingYams,Xuanyu Liu,2959994
2026-07-01T21:02:05.077457,2026-07-01T21:02:05.081326+00:00,87.5,1,ask,YieldingYams,Xuanyu Liu,2959997
2026-07-01T21:02:05.810927,2026-07-01T21:02:05.821792+00:00,87.5,200,ask,YieldingYams,WavyWalnuts,2960018
2026-07-01T21:02:07.626831,2026-07-01T21:02:07.636408+00:00,87.6,8,bid,YieldingYams,Kelvin Chan,2960051
2026-07-01T21:02:07.626831,2026-07-01T21:02:07.636408+00:00,87.6,200,bid,YieldingYams,WavyWalnuts,2960052
2026-07-01T21:02:08.228581,2026-07-01T21:02:08.237839+00:00,87.6,200,ask,YieldingYams,WavyWalnuts,2960063
2026-07-01T21:02:09.458810,2026-07-01T21:02:09.469154+00:00,87.4,200,ask,AverageAlmonds,WavyWalnuts,2960083
2026-07-01T21:02:10.251277,2026-07-01T21:02:10.253164+00:00,87.4,500,ask,AverageAlmonds,YieldingYams,2960096
2026-07-01T21:02:11.874133,2026-07-01T21:02:11.881834+00:00,87.4,200,ask,YieldingYams,WavyWalnuts,2960126
2026-07-01T21:02:12.599399,2026-07-01T21:02:12.608673+00:00,87.6,20,bid,BrilliantBurritos,YieldingYams,2960138
2026-07-01T21:02:14.179338,2026-07-01T21:02:14.189449+00:00,87.3,3,ask,Kelvin Chan,YieldingYams,2960167
2026-07-01T21:02:14.179338,2026-07-01T21:02:14.189449+00:00,87.3,200,ask,WavyWalnuts,YieldingYams,2960168
2026-07-01T21:02:14.179338,2026-07-01T21:02:14.189449+00:00,87.3,422,ask,AverageAlmonds,YieldingYams,2960169
2026-07-01T21:02:14.295441,2026-07-01T21:02:14.302890+00:00,87.4,200,ask,AverageAlmonds,WavyWalnuts,2960176
2026-07-01T21:02:15.508299,2026-07-01T21:02:15.519102+00:00,87.5,200,ask,YieldingYams,WavyWalnuts,2960197
2026-07-01T21:02:16.243845,2026-07-01T21:02:16.255260+00:00,87.5,20,ask,YieldingYams,BrilliantBurritos,2960215
2026-07-01T21:02:16.715750,2026-07-01T21:02:16.725466+00:00,87.6,200,ask,AverageAlmonds,WavyWalnuts,2960224
2026-07-01T21:02:16.811323,2026-07-01T21:02:16.821260+00:00,87.6,300,ask,AverageAlmonds,YieldingYams,2960229
2026-07-01T21:02:17.282724,2026-07-01T21:02:17.292159+00:00,87.6,325,bid,AverageAlmonds,YieldingYams,2960240
2026-07-01T21:02:17.926186,2026-07-01T21:02:17.936093+00:00,87.5,200,ask,YieldingYams,WavyWalnuts,2960255
2026-07-01T21:02:18.127350,2026-07-01T21:02:18.138053+00:00,87.7,3,bid,YieldingYams,Kelvin Chan,2960261
2026-07-01T21:02:19.136057,2026-07-01T21:02:19.158606+00:00,87.7,200,ask,YieldingYams,WavyWalnuts,2960281
2026-07-01T21:02:20.344216,2026-07-01T21:02:20.358615+00:00,87.7,200,ask,YieldingYams,WavyWalnuts,2960302
2026-07-01T21:02:20.765436,2026-07-01T21:02:20.776558+00:00,87.7,500,ask,AverageAlmonds,YieldingYams,2960309
2026-07-01T21:02:20.782781,2026-07-01T21:02:20.786345+00:00,87.6,3,bid,Xuanyu Liu,YieldingYams,2960311
2026-07-01T21:02:20.912496,2026-07-01T21:02:20.919720+00:00,87.6,122,bid,AverageAlmonds,YieldingYams,2960315
2026-07-01T21:02:21.561283,2026-07-01T21:02:21.569037+00:00,87.7,200,ask,AverageAlmonds,WavyWalnuts,2960328
2026-07-01T21:02:22.771658,2026-07-01T21:02:22.779150+00:00,87.8,200,ask,YieldingYams,WavyWalnuts,2960349
2026-07-01T21:02:23.981656,2026-07-01T21:02:23.988046+00:00,88.0,200,ask,YieldingYams,WavyWalnuts,2960377
2026-07-01T21:02:25.190107,2026-07-01T21:02:25.197784+00:00,87.9,200,ask,YieldingYams,WavyWalnuts,2960394
2026-07-01T21:02:26.320769,2026-07-01T21:02:26.332611+00:00,87.9,20,ask,YieldingYams,BrilliantBurritos,2960419
2026-07-01T21:02:28.827267,2026-07-01T21:02:28.835479+00:00,87.9,200,bid,WavyWalnuts,YieldingYams,2960466
2026-07-01T21:02:31.247295,2026-07-01T21:02:31.258534+00:00,87.8,500,ask,AverageAlmonds,YieldingYams,2960521
2026-07-01T21:02:31.254506,2026-07-01T21:02:31.258534+00:00,87.6,125,bid,WavyWalnuts,YieldingYams,2960522
2026-07-01T21:02:31.483895,2026-07-01T21:02:31.487385+00:00,88.0,8,bid,Xuanyu Liu,Kelvin Chan,2960532
2026-07-01T21:02:31.492914,2026-07-01T21:02:31.496423+00:00,88.1,3,bid,Xuanyu Liu,WavyWalnuts,2960534
2026-07-01T21:02:32.466939,2026-07-01T21:02:32.470552+00:00,88.0,10,bid,Xuanyu Liu,Kelvin Chan,2960559
2026-07-01T21:02:32.556134,2026-07-01T21:02:32.557341+00:00,88.1,200,ask,WavyWalnuts,YieldingYams,2960562
2026-07-01T21:02:32.575103,2026-07-01T21:02:32.579010+00:00,87.8,25,bid,Xuanyu Liu,YieldingYams,2960565
2026-07-01T21:02:33.677710,2026-07-01T21:02:33.686937+00:00,87.8,200,bid,WavyWalnuts,YieldingYams,2960588
2026-07-01T21:02:34.644084,2026-07-01T21:02:34.647861+00:00,87.8,23,ask,YieldingYams,Xuanyu Liu,2960606
2026-07-01T21:02:35.175418,2026-07-01T21:02:35.182987+00:00,88.0,200,bid,YieldingYams,WavyWalnuts,2960611
2026-07-01T21:02:35.194161,2026-07-01T21:02:35.197808+00:00,88.0,23,ask,YieldingYams,Xuanyu Liu,2960616
2026-07-01T21:02:35.932000,2026-07-01T21:02:35.943396+00:00,88.2,20,bid,BrilliantBurritos,YieldingYams,2960624
2026-07-01T21:02:39.802159,2026-07-01T21:02:39.813786+00:00,88.1,20,bid,BrilliantBurritos,YieldingYams,2960667
2026-07-01T21:02:43.038753,2026-07-01T21:02:43.048486+00:00,88.1,200,bid,YieldingYams,WavyWalnuts,2960724
2026-07-01T21:02:43.038753,2026-07-01T21:02:43.048486+00:00,88.1,425,bid,YieldingYams,AverageAlmonds,2960725
2026-07-01T21:02:43.937633,2026-07-01T21:02:43.941512+00:00,88.0,11,bid,Xuanyu Liu,AverageAlmonds,2960743
2026-07-01T21:02:45.104288,2026-07-01T21:02:45.111522+00:00,87.9,2,ask,Kelvin Chan,BrilliantBurritos,2960762
2026-07-01T21:02:46.996328,2026-07-01T21:02:47.006108+00:00,87.9,200,ask,WavyWalnuts,YieldingYams,2960798
2026-07-01T21:02:47.834226,2026-07-01T21:02:47.842284+00:00,87.8,20,bid,BrilliantBurritos,YieldingYams,2960825
2026-07-01T21:02:48.217975,2026-07-01T21:02:48.225964+00:00,87.8,200,bid,WavyWalnuts,YieldingYams,2960833
2026-07-01T21:02:49.429988,2026-07-01T21:02:49.436566+00:00,87.9,200,ask,YieldingYams,WavyWalnuts,2960858
2026-07-01T21:02:49.623875,2026-07-01T21:02:49.631982+00:00,87.8,8,ask,Kelvin Chan,YieldingYams,2960864
2026-07-01T21:02:50.469274,2026-07-01T21:02:50.477404+00:00,87.8,20,bid,BrilliantBurritos,YieldingYams,2960885
2026-07-01T21:02:51.875901,2026-07-01T21:02:51.879594+00:00,87.9,11,ask,WavyWalnuts,Xuanyu Liu,2960912
2026-07-01T21:02:52.248474,2026-07-01T21:02:52.263958+00:00,87.9,189,ask,WavyWalnuts,YieldingYams,2960915
2026-07-01T21:02:54.291846,2026-07-01T21:02:54.302349+00:00,87.7,200,ask,YieldingYams,WavyWalnuts,2960942
2026-07-01T21:02:56.195639,2026-07-01T21:02:56.202837+00:00,87.7,1,ask,Kelvin Chan,YieldingYams,2960971
2026-07-01T21:02:56.195639,2026-07-01T21:02:56.208322+00:00,87.7,200,ask,WavyWalnuts,YieldingYams,2960972
2026-07-01T21:02:56.195639,2026-07-01T21:02:56.208322+00:00,87.6,424,ask,AverageAlmonds,YieldingYams,2960973
2026-07-01T21:02:56.729489,2026-07-01T21:02:56.736713+00:00,87.7,2,ask,Kelvin Chan,WavyWalnuts,2960986
2026-07-01T21:02:57.504612,2026-07-01T21:02:57.512835+00:00,87.7,198,bid,YieldingYams,WavyWalnuts,2961005
2026-07-01T21:02:57.941529,2026-07-01T21:02:57.958778+00:00,87.7,200,ask,YieldingYams,WavyWalnuts,2961008
2026-07-01T21:02:58.819315,2026-07-01T21:02:58.830157+00:00,87.7,500,ask,AverageAlmonds,YieldingYams,2961033
2026-07-01T21:02:58.819315,2026-07-01T21:02:58.830157+00:00,87.6,125,ask,WavyWalnuts,YieldingYams,2961034
2026-07-01T21:02:59.518995,2026-07-01T21:02:59.530523+00:00,87.7,20,bid,BrilliantBurritos,WavyWalnuts,2961048
2026-07-01T21:02:59.665988,2026-07-01T21:02:59.673927+00:00,87.7,180,bid,AverageAlmonds,WavyWalnuts,2961054
2026-07-01T21:03:00.159343,2026-07-01T21:03:00.164095+00:00,87.8,3,ask,YieldingYams,Xuanyu Liu,2961066
2026-07-01T21:03:03.134263,2026-07-01T21:03:03.137839+00:00,87.7,3,ask,Kelvin Chan,Xuanyu Liu,2961129
2026-07-01T21:03:03.994099,2026-07-01T21:03:04.002225+00:00,87.7,2,ask,Kelvin Chan,WavyWalnuts,2961151
2026-07-01T21:03:03.994099,2026-07-01T21:03:04.002225+00:00,87.7,198,ask,YieldingYams,WavyWalnuts,2961152
2026-07-01T21:03:07.629467,2026-07-01T21:03:07.637506+00:00,87.8,200,bid,WavyWalnuts,YieldingYams,2961222
2026-07-01T21:03:07.671395,2026-07-01T21:03:07.682776+00:00,87.7,20,ask,YieldingYams,BrilliantBurritos,2961226
2026-07-01T21:03:12.394788,2026-07-01T21:03:12.404224+00:00,87.6,5,ask,Kelvin Chan,BrilliantBurritos,2961311
2026-07-01T21:03:12.394788,2026-07-01T21:03:12.409705+00:00,87.6,15,ask,YieldingYams,BrilliantBurritos,2961312
2026-07-01T21:03:12.467936,2026-07-01T21:03:12.479259+00:00,87.6,200,ask,YieldingYams,WavyWalnuts,2961313
2026-07-01T21:03:13.674928,2026-07-01T21:03:13.684518+00:00,87.6,6,ask,Kelvin Chan,WavyWalnuts,2961337
2026-07-01T21:03:13.674928,2026-07-01T21:03:13.684518+00:00,87.6,194,ask,YieldingYams,WavyWalnuts,2961338
2026-07-01T21:03:14.895673,2026-07-01T21:03:14.903312+00:00,87.6,4,ask,Kelvin Chan,WavyWalnuts,2961351
2026-07-01T21:03:17.255162,2026-07-01T21:03:17.263756+00:00,87.5,3,ask,Kelvin Chan,YieldingYams,2961397
2026-07-01T21:03:17.255162,2026-07-01T21:03:17.263756+00:00,87.5,200,ask,WavyWalnuts,YieldingYams,2961398
2026-07-01T21:03:17.255162,2026-07-01T21:03:17.269425+00:00,87.5,422,ask,AverageAlmonds,YieldingYams,2961399
2026-07-01T21:03:18.524070,2026-07-01T21:03:18.535369+00:00,87.5,2,ask,Kelvin Chan,WavyWalnuts,2961429
2026-07-01T21:03:18.524070,2026-07-01T21:03:18.535369+00:00,87.5,198,ask,AverageAlmonds,WavyWalnuts,2961430
2026-07-01T21:03:19.000327,2026-07-01T21:03:19.003881+00:00,87.8,3,bid,Xuanyu Liu,Kelvin Chan,2961441
2026-07-01T21:03:19.735613,2026-07-01T21:03:19.758623+00:00,87.6,200,ask,YieldingYams,WavyWalnuts,2961463
2026-07-01T21:03:19.875055,2026-07-01T21:03:19.900969+00:00,87.5,500,ask,AverageAlmonds,YieldingYams,2961465
2026-07-01T21:03:19.897377,2026-07-01T21:03:19.916441+00:00,87.5,3,bid,Xuanyu Liu,YieldingYams,2961472
2026-07-01T21:03:20.234770,2026-07-01T21:03:20.242844+00:00,87.5,122,bid,AverageAlmonds,YieldingYams,2961474
2026-07-01T21:03:21.117425,2026-07-01T21:03:21.121394+00:00,87.7,3,ask,WavyWalnuts,Xuanyu Liu,2961488
2026-07-01T21:03:21.180789,2026-07-01T21:03:21.190541+00:00,87.8,5,bid,YieldingYams,Kelvin Chan,2961492
2026-07-01T21:03:21.180789,2026-07-01T21:03:21.190541+00:00,87.9,200,bid,YieldingYams,WavyWalnuts,2961493
2026-07-01T21:03:22.993517,2026-07-01T21:03:22.999807+00:00,87.8,20,ask,WavyWalnuts,BrilliantBurritos,2961527
2026-07-01T21:03:23.805175,2026-07-01T21:03:23.811785+00:00,87.9,200,bid,YieldingYams,WavyWalnuts,2961539
2026-07-01T21:03:25.120039,2026-07-01T21:03:25.129369+00:00,87.9,200,ask,WavyWalnuts,YieldingYams,2961571
2026-07-01T21:03:25.772259,2026-07-01T21:03:25.858719+00:00,87.8,200,bid,WavyWalnuts,YieldingYams,2961585
2026-07-01T21:03:26.964972,2026-07-01T21:03:26.972603+00:00,87.9,5,bid,BrilliantBurritos,Kelvin Chan,2961610
2026-07-01T21:03:28.540413,2026-07-01T21:03:28.558559+00:00,87.9,20,ask,YieldingYams,BrilliantBurritos,2961642
2026-07-01T21:03:29.418480,2026-07-01T21:03:29.425228+00:00,87.9,200,bid,WavyWalnuts,YieldingYams,2961662
2026-07-01T21:03:30.267930,2026-07-01T21:03:30.279431+00:00,87.9,20,bid,BrilliantBurritos,YieldingYams,2961675
2026-07-01T21:03:30.629862,2026-07-01T21:03:30.639782+00:00,87.9,200,bid,WavyWalnuts,AverageAlmonds,2961684
2026-07-01T21:03:31.692731,2026-07-01T21:03:31.696369+00:00,87.7,3,bid,Xuanyu Liu,YieldingYams,2961705
2026-07-01T21:03:31.839216,2026-07-01T21:03:31.848579+00:00,87.7,200,bid,WavyWalnuts,YieldingYams,2961715
2026-07-01T21:03:33.048590,2026-07-01T21:03:33.063620+00:00,87.7,200,bid,WavyWalnuts,YieldingYams,2961743
2026-07-01T21:03:34.258238,2026-07-01T21:03:34.268682+00:00,87.7,200,bid,WavyWalnuts,YieldingYams,2961762
2026-07-01T21:03:34.310623,2026-07-01T21:03:34.314457+00:00,87.8,3,ask,YieldingYams,Xuanyu Liu,2961766
2026-07-01T21:03:34.816174,2026-07-01T21:03:34.828724+00:00,87.8,20,ask,YieldingYams,BrilliantBurritos,2961775
2026-07-01T21:03:35.468474,2026-07-01T21:03:35.476262+00:00,87.8,200,ask,YieldingYams,WavyWalnuts,2961786
2026-07-01T21:03:36.925013,2026-07-01T21:03:36.931779+00:00,87.8,200,bid,YieldingYams,WavyWalnuts,2961819
2026-07-01T21:03:37.800690,2026-07-01T21:03:37.808895+00:00,87.8,425,ask,YieldingYams,AverageAlmonds,2961837
2026-07-01T21:03:37.880461,2026-07-01T21:03:37.889838+00:00,87.8,75,bid,WavyWalnuts,AverageAlmonds,2961840
2026-07-01T21:03:38.243774,2026-07-01T21:03:38.258662+00:00,87.8,125,ask,WavyWalnuts,YieldingYams,2961849
2026-07-01T21:03:38.243774,2026-07-01T21:03:38.258662+00:00,87.6,9,ask,Kelvin Chan,YieldingYams,2961850
2026-07-01T21:03:39.089121,2026-07-01T21:03:39.097883+00:00,87.5,200,bid,WavyWalnuts,YieldingYams,2961869
2026-07-01T21:03:40.870073,2026-07-01T21:03:40.881493+00:00,87.8,200,bid,YieldingYams,WavyWalnuts,2961902
2026-07-01T21:03:42.186105,2026-07-01T21:03:42.196737+00:00,87.7,200,ask,WavyWalnuts,YieldingYams,2961927
2026-07-01T21:03:44.806122,2026-07-01T21:03:44.813937+00:00,87.6,5,ask,Kelvin Chan,YieldingYams,2961984
2026-07-01T21:03:44.806122,2026-07-01T21:03:44.813937+00:00,87.6,200,ask,WavyWalnuts,YieldingYams,2961985
2026-07-01T21:03:47.440532,2026-07-01T21:03:47.447989+00:00,87.6,200,bid,YieldingYams,WavyWalnuts,2962045
2026-07-01T21:03:47.467118,2026-07-01T21:03:47.471526+00:00,87.6,3,ask,YieldingYams,Xuanyu Liu,2962049
2026-07-01T21:03:48.775921,2026-07-01T21:03:48.785194+00:00,87.6,200,ask,YieldingYams,WavyWalnuts,2962072
2026-07-01T21:03:48.826114,2026-07-01T21:03:48.832822+00:00,87.8,8,bid,BrilliantBurritos,Kelvin Chan,2962074
2026-07-01T21:03:48.826114,2026-07-01T21:03:48.838199+00:00,87.8,12,bid,BrilliantBurritos,AverageAlmonds,2962075
2026-07-01T21:03:50.073398,2026-07-01T21:03:50.080686+00:00,87.5,2,ask,Kelvin Chan,YieldingYams,2962103
2026-07-01T21:03:50.073398,2026-07-01T21:03:50.096057+00:00,87.5,200,ask,WavyWalnuts,YieldingYams,2962104
2026-07-01T21:03:50.092100,2026-07-01T21:03:50.096057+00:00,87.5,3,bid,Xuanyu Liu,YieldingYams,2962106
2026-07-01T21:03:51.196287,2026-07-01T21:03:51.203896+00:00,87.5,200,bid,WavyWalnuts,YieldingYams,2962120
2026-07-01T21:03:51.384832,2026-07-01T21:03:51.391948+00:00,87.7,200,bid,YieldingYams,WavyWalnuts,2962121
2026-07-01T21:03:52.407156,2026-07-01T21:03:52.417876+00:00,87.7,200,ask,YieldingYams,WavyWalnuts,2962134
2026-07-01T21:03:54.008875,2026-07-01T21:03:54.016837+00:00,87.5,200,ask,WavyWalnuts,YieldingYams,2962164
2026-07-01T21:03:55.320410,2026-07-01T21:03:55.328573+00:00,87.6,200,bid,YieldingYams,WavyWalnuts,2962198
2026-07-01T21:03:57.296051,2026-07-01T21:03:57.306011+00:00,87.5,20,ask,YieldingYams,BrilliantBurritos,2962236
2026-07-01T21:04:03.174945,2026-07-01T21:04:03.185236+00:00,87.6,200,bid,YieldingYams,WavyWalnuts,2962352
2026-07-01T21:04:03.174945,2026-07-01T21:04:03.185236+00:00,87.6,425,bid,YieldingYams,AverageAlmonds,2962353
2026-07-01T21:04:06.460186,2026-07-01T21:04:06.464054+00:00,87.5,3,ask,WavyWalnuts,Xuanyu Liu,2962429
2026-07-01T21:04:06.931554,2026-07-01T21:04:06.939264+00:00,87.6,200,bid,WavyWalnuts,AverageAlmonds,2962437
2026-07-01T21:04:08.448508,2026-07-01T21:04:08.458611+00:00,87.5,200,ask,WavyWalnuts,YieldingYams,2962466
2026-07-01T21:04:10.563725,2026-07-01T21:04:10.575065+00:00,87.4,1,ask,Kelvin Chan,WavyWalnuts,2962501
2026-07-01T21:04:10.563725,2026-07-01T21:04:10.575065+00:00,87.4,199,ask,YieldingYams,WavyWalnuts,2962502
2026-07-01T21:04:11.121958,2026-07-01T21:04:11.126023+00:00,87.4,3,bid,Xuanyu Liu,YieldingYams,2962524
2026-07-01T21:04:12.983690,2026-07-01T21:04:12.995297+00:00,87.4,200,bid,WavyWalnuts,YieldingYams,2962553
2026-07-01T21:04:15.015967,2026-07-01T21:04:15.023058+00:00,87.3,6,ask,Kelvin Chan,YieldingYams,2962580
2026-07-01T21:04:15.015967,2026-07-01T21:04:15.028300+00:00,87.3,200,ask,WavyWalnuts,YieldingYams,2962581
2026-07-01T21:04:15.968101,2026-07-01T21:04:15.972805+00:00,87.2,10,ask,Kelvin Chan,Xuanyu Liu,2962600
2026-07-01T21:04:15.979284,2026-07-01T21:04:15.983859+00:00,87.1,16,ask,YieldingYams,Xuanyu Liu,2962602
2026-07-01T21:04:16.464726,2026-07-01T21:04:16.468008+00:00,87.2,9,ask,Kelvin Chan,Xuanyu Liu,2962612
2026-07-01T21:04:16.608993,2026-07-01T21:04:16.618859+00:00,87.3,200,bid,WavyWalnuts,YieldingYams,2962615
2026-07-01T21:04:16.711144,2026-07-01T21:04:16.715542+00:00,87.2,2,ask,Kelvin Chan,Xuanyu Liu,2962618
2026-07-01T21:04:16.975117,2026-07-01T21:04:16.984821+00:00,87.3,20,bid,BrilliantBurritos,YieldingYams,2962627
2026-07-01T21:04:17.641438,2026-07-01T21:04:17.646505+00:00,87.2,6,ask,Kelvin Chan,YieldingYams,2962643
2026-07-01T21:04:20.291062,2026-07-01T21:04:20.298748+00:00,87.1,7,ask,Kelvin Chan,YieldingYams,2962701
2026-07-01T21:04:20.291062,2026-07-01T21:04:20.303795+00:00,87.1,200,ask,WavyWalnuts,YieldingYams,2962702
2026-07-01T21:04:20.309534,2026-07-01T21:04:20.313241+00:00,87.1,11,bid,Xuanyu Liu,YieldingYams,2962706
2026-07-01T21:04:20.769011,2026-07-01T21:04:20.775361+00:00,87.1,407,bid,AverageAlmonds,YieldingYams,2962717
2026-07-01T21:04:21.454364,2026-07-01T21:04:21.463645+00:00,87.1,200,ask,AverageAlmonds,WavyWalnuts,2962741
2026-07-01T21:04:22.664744,2026-07-01T21:04:22.674274+00:00,87.2,200,ask,YieldingYams,WavyWalnuts,2962770
2026-07-01T21:04:22.925013,2026-07-01T21:04:22.928942+00:00,87.3,12,bid,Xuanyu Liu,YieldingYams,2962774
2026-07-01T21:04:25.529747,2026-07-01T21:04:25.537547+00:00,87.3,200,ask,WavyWalnuts,YieldingYams,2962820
2026-07-01T21:04:26.290344,2026-07-01T21:04:26.294947+00:00,87.3,200,bid,WavyWalnuts,YieldingYams,2962833
2026-07-01T21:04:28.155975,2026-07-01T21:04:28.163614+00:00,87.4,200,ask,WavyWalnuts,YieldingYams,2962860
2026-07-01T21:04:28.706820,2026-07-01T21:04:28.716262+00:00,87.4,200,bid,WavyWalnuts,YieldingYams,2962863
2026-07-01T21:04:29.918796,2026-07-01T21:04:29.929131+00:00,87.4,200,ask,YieldingYams,WavyWalnuts,2962888
2026-07-01T21:04:30.997894,2026-07-01T21:04:31.005366+00:00,87.4,20,bid,BrilliantBurritos,YieldingYams,2962900
2026-07-01T21:04:31.125622,2026-07-01T21:04:31.135423+00:00,87.4,200,bid,WavyWalnuts,YieldingYams,2962902
2026-07-01T21:04:33.390177,2026-07-01T21:04:33.401346+00:00,87.3,200,ask,WavyWalnuts,YieldingYams,2962944
2026-07-01T21:04:33.390177,2026-07-01T21:04:33.401346+00:00,87.2,425,ask,AverageAlmonds,YieldingYams,2962945
2026-07-01T21:04:34.731425,2026-07-01T21:04:34.766996+00:00,87.4,200,bid,YieldingYams,WavyWalnuts,2962970
2026-07-01T21:04:34.763371,2026-07-01T21:04:34.766996+00:00,87.4,12,ask,YieldingYams,Xuanyu Liu,2962972
2026-07-01T21:04:36.059451,2026-07-01T21:04:36.068712+00:00,87.4,200,ask,WavyWalnuts,YieldingYams,2962995
2026-07-01T21:04:36.059451,2026-07-01T21:04:36.068712+00:00,87.3,425,ask,AverageAlmonds,YieldingYams,2962996
2026-07-01T21:04:37.369984,2026-07-01T21:04:37.378371+00:00,87.4,200,bid,YieldingYams,WavyWalnuts,2963017
2026-07-01T21:04:38.380769,2026-07-01T21:04:38.391860+00:00,87.5,200,ask,YieldingYams,WavyWalnuts,2963035
2026-07-01T21:04:39.586336,2026-07-01T21:04:39.594109+00:00,87.5,200,bid,WavyWalnuts,YieldingYams,2963065
2026-07-01T21:04:40.798377,2026-07-01T21:04:40.805997+00:00,87.5,200,ask,YieldingYams,WavyWalnuts,2963084
2026-07-01T21:04:43.221722,2026-07-01T21:04:43.228707+00:00,87.6,1,bid,WavyWalnuts,Kelvin Chan,2963141
2026-07-01T21:04:43.221722,2026-07-01T21:04:43.233942+00:00,87.6,199,bid,WavyWalnuts,YieldingYams,2963142
2026-07-01T21:04:44.216020,2026-07-01T21:04:44.228698+00:00,87.6,8,bid,BrilliantBurritos,Kelvin Chan,2963162
2026-07-01T21:04:44.216020,2026-07-01T21:04:44.228698+00:00,87.6,12,bid,BrilliantBurritos,YieldingYams,2963163
2026-07-01T21:04:46.543169,2026-07-01T21:04:46.564101+00:00,87.6,2,bid,YieldingYams,Kelvin Chan,2963207
2026-07-01T21:04:46.543169,2026-07-01T21:04:46.564101+00:00,87.6,200,bid,YieldingYams,WavyWalnuts,2963208
2026-07-01T21:04:46.858110,2026-07-01T21:04:46.869276+00:00,87.6,200,ask,YieldingYams,WavyWalnuts,2963216
2026-07-01T21:04:47.877354,2026-07-01T21:04:47.880929+00:00,87.5,23,bid,Xuanyu Liu,YieldingYams,2963239
2026-07-01T21:04:52.910951,2026-07-01T21:04:52.917698+00:00,87.4,200,ask,YieldingYams,WavyWalnuts,2963346
2026-07-01T21:04:53.135532,2026-07-01T21:04:53.138829+00:00,87.4,3,bid,Xuanyu Liu,YieldingYams,2963353
2026-07-01T21:04:54.116543,2026-07-01T21:04:54.126573+00:00,87.4,200,bid,WavyWalnuts,YieldingYams,2963392
2026-07-01T21:05:02.284224,2026-07-01T21:05:02.293782+00:00,87.2,3,ask,Kelvin Chan,YieldingYams,2963531
2026-07-01T21:05:02.284224,2026-07-01T21:05:02.293782+00:00,87.2,500,ask,AverageAlmonds,YieldingYams,2963532
2026-07-01T21:05:02.532558,2026-07-01T21:05:02.541367+00:00,87.2,122,bid,AverageAlmonds,YieldingYams,2963538
2026-07-01T21:05:03.108593,2026-07-01T21:05:03.119994+00:00,87.2,20,ask,AverageAlmonds,BrilliantBurritos,2963544
2026-07-01T21:05:03.403842,2026-07-01T21:05:03.407762+00:00,87.2,3,ask,Kelvin Chan,Xuanyu Liu,2963550
2026-07-01T21:05:05.034552,2026-07-01T21:05:05.038154+00:00,87.3,11,ask,WavyWalnuts,Xuanyu Liu,2963593
2026-07-01T21:05:05.330780,2026-07-01T21:05:05.339549+00:00,87.4,20,bid,BrilliantBurritos,YieldingYams,2963599
2026-07-01T21:05:06.511972,2026-07-01T21:05:06.515565+00:00,87.4,11,bid,Xuanyu Liu,YieldingYams,2963626
2026-07-01T21:05:07.529295,2026-07-01T21:05:07.550230+00:00,87.3,200,ask,WavyWalnuts,YieldingYams,2963654
2026-07-01T21:05:07.529295,2026-07-01T21:05:07.550230+00:00,87.2,2,ask,Kelvin Chan,YieldingYams,2963655
2026-07-01T21:05:07.546199,2026-07-01T21:05:07.550230+00:00,87.2,3,bid,Xuanyu Liu,YieldingYams,2963657
2026-07-01T21:05:08.652591,2026-07-01T21:05:08.658643+00:00,87.2,200,bid,WavyWalnuts,YieldingYams,2963690
2026-07-01T21:05:08.845950,2026-07-01T21:05:08.858543+00:00,87.4,3,bid,YieldingYams,Kelvin Chan,2963696
2026-07-01T21:05:08.845950,2026-07-01T21:05:08.858543+00:00,87.5,200,bid,YieldingYams,WavyWalnuts,2963697
2026-07-01T21:05:10.161193,2026-07-01T21:05:10.170131+00:00,87.5,200,ask,WavyWalnuts,YieldingYams,2963732
2026-07-01T21:05:11.075019,2026-07-01T21:05:11.084800+00:00,87.5,200,bid,WavyWalnuts,YieldingYams,2963753
2026-07-01T21:05:11.471095,2026-07-01T21:05:11.491982+00:00,87.5,4,bid,Xuanyu Liu,Kelvin Chan,2963762
2026-07-01T21:05:11.471095,2026-07-01T21:05:11.491982+00:00,87.6,500,bid,YieldingYams,AverageAlmonds,2963763
2026-07-01T21:05:11.488229,2026-07-01T21:05:11.491982+00:00,87.7,14,ask,YieldingYams,Xuanyu Liu,2963765
2026-07-01T21:05:11.637267,2026-07-01T21:05:11.643970+00:00,87.7,107,ask,YieldingYams,AverageAlmonds,2963767
2026-07-01T21:05:11.966262,2026-07-01T21:05:11.969782+00:00,87.5,4,bid,YieldingYams,Kelvin Chan,2963778
2026-07-01T21:05:13.557917,2026-07-01T21:05:13.569308+00:00,87.6,2,bid,BrilliantBurritos,Kelvin Chan,2963820
2026-07-01T21:05:13.557917,2026-07-01T21:05:13.569308+00:00,87.6,18,bid,BrilliantBurritos,YieldingYams,2963821
2026-07-01T21:05:14.091884,2026-07-01T21:05:14.099698+00:00,87.6,200,bid,YieldingYams,WavyWalnuts,2963834
2026-07-01T21:05:14.661447,2026-07-01T21:05:14.668924+00:00,87.6,425,ask,YieldingYams,AverageAlmonds,2963846
2026-07-01T21:05:15.405568,2026-07-01T21:05:15.412093+00:00,87.5,200,ask,WavyWalnuts,YieldingYams,2963858
2026-07-01T21:05:15.423118,2026-07-01T21:05:15.426891+00:00,87.5,7,bid,Xuanyu Liu,YieldingYams,2963860
2026-07-01T21:05:15.914409,2026-07-01T21:05:15.922274+00:00,87.5,200,bid,WavyWalnuts,YieldingYams,2963865
2026-07-01T21:05:15.995079,2026-07-01T21:05:15.998861+00:00,87.5,3,bid,Xuanyu Liu,YieldingYams,2963871
2026-07-01T21:05:18.206259,2026-07-01T21:05:18.214371+00:00,87.5,20,ask,YieldingYams,BrilliantBurritos,2963914
2026-07-01T21:05:20.645651,2026-07-01T21:05:20.658601+00:00,87.6,2,bid,YieldingYams,Kelvin Chan,2963971
2026-07-01T21:05:20.645651,2026-07-01T21:05:20.658601+00:00,87.6,500,bid,YieldingYams,AverageAlmonds,2963972
2026-07-01T21:05:20.754673,2026-07-01T21:05:20.769063+00:00,87.7,200,bid,WavyWalnuts,YieldingYams,2963977
2026-07-01T21:05:21.973133,2026-07-01T21:05:21.979798+00:00,87.6,200,ask,WavyWalnuts,YieldingYams,2963994
2026-07-01T21:05:26.162390,2026-07-01T21:05:26.169199+00:00,87.6,200,ask,WavyWalnuts,AverageAlmonds,2964083
2026-07-01T21:05:26.162390,2026-07-01T21:05:26.174480+00:00,87.6,300,ask,YieldingYams,AverageAlmonds,2964084
2026-07-01T21:05:26.756764,2026-07-01T21:05:26.758595+00:00,87.6,325,ask,YieldingYams,AverageAlmonds,2964097
2026-07-01T21:05:27.206328,2026-07-01T21:05:27.227653+00:00,87.5,200,ask,WavyWalnuts,YieldingYams,2964106
2026-07-01T21:05:27.223989,2026-07-01T21:05:27.227653+00:00,87.4,3,bid,Xuanyu Liu,YieldingYams,2964108
2026-07-01T21:05:28.025075,2026-07-01T21:05:28.033371+00:00,87.4,200,bid,WavyWalnuts,YieldingYams,2964130
2026-07-01T21:05:28.516729,2026-07-01T21:05:28.527069+00:00,87.5,500,bid,YieldingYams,AverageAlmonds,2964143
2026-07-01T21:05:28.516729,2026-07-01T21:05:28.527069+00:00,87.6,125,bid,YieldingYams,WavyWalnuts,2964144
2026-07-01T21:05:28.704688,2026-07-01T21:05:28.708244+00:00,87.3,1,ask,Kelvin Chan,Xuanyu Liu,2964155
2026-07-01T21:05:29.232439,2026-07-01T21:05:29.238635+00:00,87.5,200,bid,WavyWalnuts,AverageAlmonds,2964165
2026-07-01T21:05:29.499728,2026-07-01T21:05:29.504154+00:00,87.3,2,ask,Kelvin Chan,Xuanyu Liu,2964173
2026-07-01T21:05:29.830199,2026-07-01T21:05:29.858650+00:00,87.3,3,ask,Kelvin Chan,YieldingYams,2964182
2026-07-01T21:05:30.447226,2026-07-01T21:05:30.463929+00:00,87.3,200,bid,WavyWalnuts,YieldingYams,2964198
2026-07-01T21:05:31.611148,2026-07-01T21:05:31.620507+00:00,87.3,500,ask,YieldingYams,AverageAlmonds,2964217
2026-07-01T21:05:32.205950,2026-07-01T21:05:32.212684+00:00,87.3,125,ask,YieldingYams,AverageAlmonds,2964232
2026-07-01T21:05:32.205950,2026-07-01T21:05:32.217678+00:00,87.3,200,ask,WavyWalnuts,AverageAlmonds,2964233
2026-07-01T21:05:32.870022,2026-07-01T21:05:32.879520+00:00,87.2,200,bid,WavyWalnuts,YieldingYams,2964253
2026-07-01T21:05:35.291032,2026-07-01T21:05:35.300371+00:00,87.3,200,bid,WavyWalnuts,YieldingYams,2964301
2026-07-01T21:05:36.370294,2026-07-01T21:05:36.379326+00:00,87.2,500,bid,YieldingYams,AverageAlmonds,2964328
2026-07-01T21:05:36.462810,2026-07-01T21:05:36.469567+00:00,87.3,125,ask,YieldingYams,AverageAlmonds,2964331
2026-07-01T21:05:36.498267,2026-07-01T21:05:36.507577+00:00,87.3,200,bid,WavyWalnuts,AverageAlmonds,2964332
2026-07-01T21:05:38.137080,2026-07-01T21:05:38.140463+00:00,87.2,3,bid,Xuanyu Liu,YieldingYams,2964364
2026-07-01T21:05:39.715599,2026-07-01T21:05:39.727529+00:00,87.2,20,bid,BrilliantBurritos,WavyWalnuts,2964402
2026-07-01T21:05:41.323809,2026-07-01T21:05:41.343331+00:00,87.2,23,bid,Xuanyu Liu,WavyWalnuts,2964434
2026-07-01T21:05:41.610224,2026-07-01T21:05:41.617418+00:00,87.2,200,bid,YieldingYams,WavyWalnuts,2964447
2026-07-01T21:05:42.925229,2026-07-01T21:05:42.935090+00:00,87.3,500,bid,YieldingYams,AverageAlmonds,2964469
2026-07-01T21:05:42.925229,2026-07-01T21:05:42.935090+00:00,87.3,125,bid,YieldingYams,WavyWalnuts,2964470
2026-07-01T21:05:44.241563,2026-07-01T21:05:44.270249+00:00,87.2,200,ask,WavyWalnuts,YieldingYams,2964502
2026-07-01T21:05:44.266017,2026-07-01T21:05:44.270249+00:00,87.1,11,bid,Xuanyu Liu,YieldingYams,2964508
2026-07-01T21:05:44.990512,2026-07-01T21:05:44.999800+00:00,87.1,200,bid,WavyWalnuts,YieldingYams,2964528
2026-07-01T21:05:46.209482,2026-07-01T21:05:46.218286+00:00,87.2,200,ask,YieldingYams,WavyWalnuts,2964561
2026-07-01T21:05:47.415222,2026-07-01T21:05:47.423385+00:00,87.2,200,bid,WavyWalnuts,YieldingYams,2964575
2026-07-01T21:05:47.626734,2026-07-01T21:05:47.630484+00:00,87.2,12,bid,Xuanyu Liu,YieldingYams,2964581
2026-07-01T21:05:49.790730,2026-07-01T21:05:49.800169+00:00,87.2,20,ask,WavyWalnuts,BrilliantBurritos,2964624
2026-07-01T21:05:49.831364,2026-07-01T21:05:49.833108+00:00,87.2,200,ask,YieldingYams,WavyWalnuts,2964625
2026-07-01T21:05:53.475991,2026-07-01T21:05:53.484536+00:00,87.3,2,bid,WavyWalnuts,Kelvin Chan,2964712
2026-07-01T21:05:53.475991,2026-07-01T21:05:53.484536+00:00,87.3,198,bid,WavyWalnuts,AverageAlmonds,2964713
2026-07-01T21:05:54.758664,2026-07-01T21:05:54.780595+00:00,87.3,10,bid,YieldingYams,Kelvin Chan,2964731
2026-07-01T21:05:54.758664,2026-07-01T21:05:54.780595+00:00,87.3,200,bid,YieldingYams,WavyWalnuts,2964732
2026-07-01T21:05:54.776960,2026-07-01T21:05:54.780595+00:00,87.3,12,ask,YieldingYams,Xuanyu Liu,2964735
2026-07-01T21:05:55.234297,2026-07-01T21:05:55.241363+00:00,87.3,403,ask,YieldingYams,AverageAlmonds,2964739
2026-07-01T21:05:57.379139,2026-07-01T21:05:57.389507+00:00,87.0,200,ask,WavyWalnuts,YieldingYams,2964767
2026-07-01T21:05:58.314224,2026-07-01T21:05:58.322575+00:00,87.0,200,bid,WavyWalnuts,YieldingYams,2964780
2026-07-01T21:05:59.524224,2026-07-01T21:05:59.532949+00:00,87.1,200,ask,YieldingYams,WavyWalnuts,2964795
2026-07-01T21:06:00.336692,2026-07-01T21:06:00.340446+00:00,87.2,23,bid,Xuanyu Liu,YieldingYams,2964811
2026-07-01T21:06:00.731317,2026-07-01T21:06:00.741276+00:00,87.1,200,ask,YieldingYams,WavyWalnuts,2964818
2026-07-01T21:06:00.862909,2026-07-01T21:06:00.874153+00:00,87.1,20,ask,YieldingYams,BrilliantBurritos,2964820
2026-07-01T21:06:01.325370,2026-07-01T21:06:01.328946+00:00,87.0,49,ask,Kelvin Chan,YieldingYams,2964825
2026-07-01T21:06:01.339035,2026-07-01T21:06:01.342522+00:00,87.0,23,bid,Xuanyu Liu,YieldingYams,2964828
2026-07-01T21:06:01.940104,2026-07-01T21:06:01.949474+00:00,86.9,10,ask,Kelvin Chan,WavyWalnuts,2964840
2026-07-01T21:06:03.133562,2026-07-01T21:06:03.158622+00:00,86.9,20,bid,BrilliantBurritos,WavyWalnuts,2964859
2026-07-01T21:06:03.498469,2026-07-01T21:06:03.504219+00:00,86.8,6,ask,Kelvin Chan,Xuanyu Liu,2964873
2026-07-01T21:06:03.498469,2026-07-01T21:06:03.504219+00:00,86.8,17,ask,YieldingYams,Xuanyu Liu,2964874
2026-07-01T21:06:03.611865,2026-07-01T21:06:03.615160+00:00,86.9,10,ask,Kelvin Chan,Xuanyu Liu,2964882
2026-07-01T21:06:06.571465,2026-07-01T21:06:06.580912+00:00,86.7,200,ask,WavyWalnuts,YieldingYams,2964928
2026-07-01T21:06:06.571465,2026-07-01T21:06:06.580912+00:00,86.7,425,ask,AverageAlmonds,YieldingYams,2964929
2026-07-01T21:06:06.607365,2026-07-01T21:06:06.611259+00:00,86.8,10,bid,Xuanyu Liu,WavyWalnuts,2964934
2026-07-01T21:06:06.771913,2026-07-01T21:06:06.780033+00:00,86.7,200,ask,AverageAlmonds,WavyWalnuts,2964936
2026-07-01T21:06:07.183964,2026-07-01T21:06:07.195269+00:00,86.7,20,ask,AverageAlmonds,BrilliantBurritos,2964944
2026-07-01T21:06:07.982384,2026-07-01T21:06:07.991891+00:00,86.7,200,ask,YieldingYams,WavyWalnuts,2964956
2026-07-01T21:06:09.279564,2026-07-01T21:06:09.290548+00:00,86.9,20,bid,BrilliantBurritos,WavyWalnuts,2964974
2026-07-01T21:06:10.503145,2026-07-01T21:06:10.513573+00:00,86.9,200,bid,YieldingYams,WavyWalnuts,2965004
2026-07-01T21:06:12.833972,2026-07-01T21:06:12.858699+00:00,87.0,200,bid,WavyWalnuts,YieldingYams,2965048
2026-07-01T21:06:14.043763,2026-07-01T21:06:14.036441+00:00,87.0,200,bid,WavyWalnuts,YieldingYams,2965060
2026-07-01T21:06:17.135095,2026-07-01T21:06:17.158599+00:00,86.9,20,ask,YieldingYams,BrilliantBurritos,2965128
2026-07-01T21:06:17.680283,2026-07-01T21:06:17.688479+00:00,86.9,200,ask,YieldingYams,WavyWalnuts,2965145
2026-07-01T21:06:17.697791,2026-07-01T21:06:17.709198+00:00,87.1,12,bid,BrilliantBurritos,Kelvin Chan,2965146
2026-07-01T21:06:17.697791,2026-07-01T21:06:17.709198+00:00,87.1,8,bid,BrilliantBurritos,YieldingYams,2965147
2026-07-01T21:06:19.325032,2026-07-01T21:06:19.328745+00:00,86.8,46,ask,YieldingYams,Xuanyu Liu,2965180
2026-07-01T21:06:19.689485,2026-07-01T21:06:19.692998+00:00,86.9,4,ask,YieldingYams,Xuanyu Liu,2965189
2026-07-01T21:06:20.101784,2026-07-01T21:06:20.103315+00:00,86.9,200,ask,YieldingYams,WavyWalnuts,2965192
2026-07-01T21:06:21.309552,2026-07-01T21:06:21.318683+00:00,86.9,200,bid,WavyWalnuts,YieldingYams,2965224
2026-07-01T21:06:23.597243,2026-07-01T21:06:23.608393+00:00,86.9,200,ask,WavyWalnuts,YieldingYams,2965258
2026-07-01T21:06:23.597243,2026-07-01T21:06:23.608393+00:00,86.7,4,ask,Kelvin Chan,YieldingYams,2965259
2026-07-01T21:06:23.597243,2026-07-01T21:06:23.608393+00:00,86.7,421,ask,AverageAlmonds,YieldingYams,2965260
2026-07-01T21:06:23.747043,2026-07-01T21:06:23.758601+00:00,86.7,200,ask,AverageAlmonds,WavyWalnuts,2965263
2026-07-01T21:06:24.958314,2026-07-01T21:06:24.969191+00:00,86.9,200,ask,YieldingYams,WavyWalnuts,2965282
2026-07-01T21:06:25.672508,2026-07-01T21:06:25.676215+00:00,86.9,7,ask,YieldingYams,Xuanyu Liu,2965300
2026-07-01T21:06:26.169415,2026-07-01T21:06:26.179525+00:00,86.9,200,ask,YieldingYams,WavyWalnuts,2965314
2026-07-01T21:06:26.623755,2026-07-01T21:06:26.634957+00:00,87.0,12,bid,BrilliantBurritos,Kelvin Chan,2965318
2026-07-01T21:06:26.623755,2026-07-01T21:06:26.634957+00:00,87.0,8,bid,BrilliantBurritos,YieldingYams,2965319
2026-07-01T21:06:30.170056,2026-07-01T21:06:30.177667+00:00,86.9,200,bid,YieldingYams,WavyWalnuts,2965377
2026-07-01T21:06:31.486816,2026-07-01T21:06:31.493953+00:00,86.9,500,ask,AverageAlmonds,YieldingYams,2965421
2026-07-01T21:06:31.551578,2026-07-01T21:06:31.554589+00:00,86.9,125,bid,AverageAlmonds,YieldingYams,2965422
2026-07-01T21:06:32.794942,2026-07-01T21:06:32.805496+00:00,87.0,8,bid,YieldingYams,Kelvin Chan,2965452
2026-07-01T21:06:32.794942,2026-07-01T21:06:32.805496+00:00,87.0,200,bid,YieldingYams,WavyWalnuts,2965453
2026-07-01T21:06:35.232918,2026-07-01T21:06:35.236881+00:00,87.1,23,bid,Xuanyu Liu,YieldingYams,2965511
2026-07-01T21:06:35.869990,2026-07-01T21:06:35.879389+00:00,87.0,200,ask,AverageAlmonds,WavyWalnuts,2965530
2026-07-01T21:06:36.094954,2026-07-01T21:06:36.098832+00:00,87.0,2,ask,AverageAlmonds,Xuanyu Liu,2965533
2026-07-01T21:06:36.178827,2026-07-01T21:06:36.182390+00:00,87.0,1,ask,AverageAlmonds,Xuanyu Liu,2965535
2026-07-01T21:06:36.223764,2026-07-01T21:06:36.227424+00:00,87.0,1,ask,AverageAlmonds,Xuanyu Liu,2965537
2026-07-01T21:06:36.266842,2026-07-01T21:06:36.270541+00:00,87.0,1,ask,AverageAlmonds,Xuanyu Liu,2965540
2026-07-01T21:06:36.307738,2026-07-01T21:06:36.311279+00:00,87.0,1,ask,AverageAlmonds,Xuanyu Liu,2965542
2026-07-01T21:06:36.337504,2026-07-01T21:06:36.341335+00:00,87.0,1,ask,AverageAlmonds,Xuanyu Liu,2965544
2026-07-01T21:06:37.079608,2026-07-01T21:06:37.086712+00:00,87.0,200,ask,YieldingYams,WavyWalnuts,2965560
2026-07-01T21:06:38.289080,2026-07-01T21:06:38.295591+00:00,86.9,200,ask,YieldingYams,WavyWalnuts,2965587
2026-07-01T21:06:38.850779,2026-07-01T21:06:38.863871+00:00,87.1,4,bid,BrilliantBurritos,Kelvin Chan,2965602
2026-07-01T21:06:38.850779,2026-07-01T21:06:38.863871+00:00,87.1,16,bid,BrilliantBurritos,YieldingYams,2965603
2026-07-01T21:06:39.347794,2026-07-01T21:06:39.369225+00:00,86.9,500,ask,AverageAlmonds,YieldingYams,2965609
2026-07-01T21:06:39.411697,2026-07-01T21:06:39.420222+00:00,86.9,125,bid,AverageAlmonds,YieldingYams,2965610
2026-07-01T21:06:39.498189,2026-07-01T21:06:39.504590+00:00,87.0,200,ask,AverageAlmonds,WavyWalnuts,2965615
2026-07-01T21:06:40.653385,2026-07-01T21:06:40.658585+00:00,87.1,3,bid,YieldingYams,Kelvin Chan,2965639
2026-07-01T21:06:41.915140,2026-07-01T21:06:41.925968+00:00,87.1,200,ask,YieldingYams,WavyWalnuts,2965667
2026-07-01T21:06:42.195118,2026-07-01T21:06:42.206361+00:00,87.2,4,bid,BrilliantBurritos,Kelvin Chan,2965676
2026-07-01T21:06:44.459192,2026-07-01T21:06:44.469011+00:00,87.1,20,bid,BrilliantBurritos,YieldingYams,2965723
2026-07-01T21:06:44.682160,2026-07-01T21:06:44.686532+00:00,87.0,5,ask,YieldingYams,Xuanyu Liu,2965731
2026-07-01T21:06:45.546555,2026-07-01T21:06:45.568705+00:00,87.0,200,ask,YieldingYams,WavyWalnuts,2965749
2026-07-01T21:06:47.212070,2026-07-01T21:06:47.222000+00:00,87.0,200,ask,WavyWalnuts,YieldingYams,2965776
2026-07-01T21:06:48.537062,2026-07-01T21:06:48.571242+00:00,87.0,200,bid,YieldingYams,WavyWalnuts,2965796
2026-07-01T21:06:48.537062,2026-07-01T21:06:48.571242+00:00,87.2,2,bid,YieldingYams,Kelvin Chan,2965797
2026-07-01T21:06:48.567637,2026-07-01T21:06:48.571242+00:00,87.2,5,ask,YieldingYams,Xuanyu Liu,2965801
2026-07-01T21:06:48.802880,2026-07-01T21:06:48.810529+00:00,87.4,20,bid,BrilliantBurritos,AverageAlmonds,2965812
2026-07-01T21:06:49.171121,2026-07-01T21:06:49.178288+00:00,87.2,200,ask,YieldingYams,WavyWalnuts,2965821
2026-07-01T21:06:51.182080,2026-07-01T21:06:51.186263+00:00,87.0,6,ask,YieldingYams,Xuanyu Liu,2965849
2026-07-01T21:06:51.585836,2026-07-01T21:06:51.596500+00:00,87.0,200,ask,YieldingYams,WavyWalnuts,2965858
2026-07-01T21:06:55.104885,2026-07-01T21:06:55.124082+00:00,87.1,10,bid,YieldingYams,Kelvin Chan,2965903
2026-07-01T21:06:55.104885,2026-07-01T21:06:55.124082+00:00,87.1,200,bid,YieldingYams,WavyWalnuts,2965904
2026-07-01T21:06:55.120509,2026-07-01T21:06:55.124082+00:00,87.1,3,ask,YieldingYams,Xuanyu Liu,2965906
2026-07-01T21:06:56.403089,2026-07-01T21:06:56.414282+00:00,87.1,20,ask,YieldingYams,BrilliantBurritos,2965932
2026-07-01T21:07:00.351464,2026-07-01T21:07:00.358606+00:00,87.2,6,bid,YieldingYams,Kelvin Chan,2965997
2026-07-01T21:07:00.351464,2026-07-01T21:07:00.358606+00:00,87.2,200,bid,YieldingYams,WavyWalnuts,2965998
2026-07-01T21:07:00.649639,2026-07-01T21:07:00.669247+00:00,87.3,5,bid,BrilliantBurritos,Kelvin Chan,2966002
2026-07-01T21:07:01.270238,2026-07-01T21:07:01.279667+00:00,87.3,5,bid,WavyWalnuts,Kelvin Chan,2966021
2026-07-01T21:07:01.665096,2026-07-01T21:07:01.676100+00:00,87.3,195,ask,WavyWalnuts,YieldingYams,2966031
2026-07-01T21:07:02.482580,2026-07-01T21:07:02.493985+00:00,87.2,200,bid,WavyWalnuts,YieldingYams,2966041
2026-07-01T21:07:02.980692,2026-07-01T21:07:02.990847+00:00,87.2,4,bid,YieldingYams,Kelvin Chan,2966050
2026-07-01T21:07:03.674874,2026-07-01T21:07:03.678763+00:00,87.2,14,ask,YieldingYams,Xuanyu Liu,2966063
2026-07-01T21:07:03.711137,2026-07-01T21:07:03.715340+00:00,87.3,12,ask,WavyWalnuts,Xuanyu Liu,2966066
2026-07-01T21:07:04.904268,2026-07-01T21:07:04.910563+00:00,87.4,4,bid,WavyWalnuts,Kelvin Chan,2966093
2026-07-01T21:07:04.904268,2026-07-01T21:07:04.915808+00:00,87.4,196,bid,WavyWalnuts,YieldingYams,2966094
2026-07-01T21:07:05.894184,2026-07-01T21:07:05.897720+00:00,87.3,5,bid,Xuanyu Liu,Kelvin Chan,2966118
2026-07-01T21:07:05.903105,2026-07-01T21:07:05.906561+00:00,87.4,18,bid,Xuanyu Liu,AverageAlmonds,2966120
2026-07-01T21:07:05.985728,2026-07-01T21:07:05.989557+00:00,87.3,3,bid,Xuanyu Liu,Kelvin Chan,2966122
2026-07-01T21:07:06.119825,2026-07-01T21:07:06.130286+00:00,87.3,1,bid,WavyWalnuts,Kelvin Chan,2966131
2026-07-01T21:07:06.917308,2026-07-01T21:07:06.928081+00:00,87.3,199,ask,WavyWalnuts,YieldingYams,2966150
2026-07-01T21:07:08.226251,2026-07-01T21:07:08.237443+00:00,87.3,200,bid,YieldingYams,WavyWalnuts,2966181
2026-07-01T21:07:08.538837,2026-07-01T21:07:08.558581+00:00,87.3,200,ask,YieldingYams,WavyWalnuts,2966187
2026-07-01T21:07:10.967412,2026-07-01T21:07:10.977463+00:00,87.2,200,ask,YieldingYams,WavyWalnuts,2966233
2026-07-01T21:07:13.407735,2026-07-01T21:07:13.418548+00:00,87.2,200,ask,YieldingYams,WavyWalnuts,2966295
2026-07-01T21:07:15.035817,2026-07-01T21:07:15.058592+00:00,87.0,20,ask,AverageAlmonds,BrilliantBurritos,2966324
2026-07-01T21:07:16.119258,2026-07-01T21:07:16.130594+00:00,87.1,500,ask,AverageAlmonds,YieldingYams,2966344
2026-07-01T21:07:16.119258,2026-07-01T21:07:16.130594+00:00,87.0,125,ask,WavyWalnuts,YieldingYams,2966345
2026-07-01T21:07:17.042167,2026-07-01T21:07:17.045089+00:00,87.1,200,ask,AverageAlmonds,WavyWalnuts,2966370
2026-07-01T21:07:17.913919,2026-07-01T21:07:17.926723+00:00,87.4,1,bid,BrilliantBurritos,Kelvin Chan,2966396
2026-07-01T21:07:17.913919,2026-07-01T21:07:17.926723+00:00,87.4,19,bid,BrilliantBurritos,YieldingYams,2966397
2026-07-01T21:07:18.251099,2026-07-01T21:07:18.258610+00:00,87.2,200,ask,YieldingYams,WavyWalnuts,2966400
2026-07-01T21:07:19.391655,2026-07-01T21:07:19.399840+00:00,87.2,500,bid,AverageAlmonds,YieldingYams,2966424
2026-07-01T21:07:19.447427,2026-07-01T21:07:19.458919+00:00,87.2,37,bid,Xuanyu Liu,YieldingYams,2966428
2026-07-01T21:07:19.991689,2026-07-01T21:07:19.998167+00:00,87.2,88,bid,AverageAlmonds,YieldingYams,2966441
2026-07-01T21:07:20.057351,2026-07-01T21:07:20.064028+00:00,87.3,8,bid,YieldingYams,Kelvin Chan,2966447
2026-07-01T21:07:20.057351,2026-07-01T21:07:20.069264+00:00,87.3,200,bid,YieldingYams,WavyWalnuts,2966448
2026-07-01T21:07:20.674140,2026-07-01T21:07:20.684775+00:00,87.3,200,ask,YieldingYams,WavyWalnuts,2966461
2026-07-01T21:07:21.378736,2026-07-01T21:07:21.386918+00:00,87.3,500,ask,AverageAlmonds,YieldingYams,2966474
2026-07-01T21:07:21.795147,2026-07-01T21:07:21.805028+00:00,87.3,125,bid,AverageAlmonds,YieldingYams,2966484
2026-07-01T21:07:21.886242,2026-07-01T21:07:21.889611+00:00,87.3,1,ask,AverageAlmonds,Xuanyu Liu,2966490
2026-07-01T21:07:21.939517,2026-07-01T21:07:21.942764+00:00,87.3,4,ask,AverageAlmonds,Xuanyu Liu,2966492
2026-07-01T21:07:22.212697,2026-07-01T21:07:22.216850+00:00,87.3,4,ask,AverageAlmonds,Xuanyu Liu,2966497
2026-07-01T21:07:22.270917,2026-07-01T21:07:22.275083+00:00,87.3,4,ask,AverageAlmonds,Xuanyu Liu,2966499
2026-07-01T21:07:22.339269,2026-07-01T21:07:22.343493+00:00,87.3,3,ask,AverageAlmonds,Xuanyu Liu,2966501
2026-07-01T21:07:22.686741,2026-07-01T21:07:22.712803+00:00,87.4,8,bid,YieldingYams,Kelvin Chan,2966511
2026-07-01T21:07:22.686741,2026-07-01T21:07:22.712803+00:00,87.5,200,bid,YieldingYams,WavyWalnuts,2966512
2026-07-01T21:07:22.709277,2026-07-01T21:07:22.712803+00:00,87.7,21,ask,YieldingYams,Xuanyu Liu,2966516
2026-07-01T21:07:23.095191,2026-07-01T21:07:23.101966+00:00,87.7,200,ask,YieldingYams,WavyWalnuts,2966523
2026-07-01T21:07:24.303081,2026-07-01T21:07:24.312766+00:00,87.6,200,bid,WavyWalnuts,YieldingYams,2966560
2026-07-01T21:07:25.769905,2026-07-01T21:07:25.774169+00:00,87.7,26,bid,Xuanyu Liu,YieldingYams,2966584
2026-07-01T21:07:26.627690,2026-07-01T21:07:26.632774+00:00,87.6,200,ask,WavyWalnuts,YieldingYams,2966608
2026-07-01T21:07:26.671295,2026-07-01T21:07:26.674981+00:00,87.6,11,bid,Xuanyu Liu,YieldingYams,2966613
2026-07-01T21:07:26.719155,2026-07-01T21:07:26.725576+00:00,87.6,200,bid,WavyWalnuts,YieldingYams,2966614
2026-07-01T21:07:29.153745,2026-07-01T21:07:29.163605+00:00,87.5,200,ask,YieldingYams,WavyWalnuts,2966656
2026-07-01T21:07:30.943024,2026-07-01T21:07:30.963623+00:00,87.5,20,bid,BrilliantBurritos,WavyWalnuts,2966699
2026-07-01T21:07:31.894382,2026-07-01T21:07:31.963661+00:00,87.5,200,bid,YieldingYams,WavyWalnuts,2966719
2026-07-01T21:07:37.636184,2026-07-01T21:07:37.658633+00:00,87.6,6,bid,WavyWalnuts,Kelvin Chan,2966815
2026-07-01T21:07:37.636184,2026-07-01T21:07:37.658633+00:00,87.6,194,bid,WavyWalnuts,YieldingYams,2966816
2026-07-01T21:07:39.802393,2026-07-01T21:07:39.810701+00:00,87.6,200,bid,YieldingYams,WavyWalnuts,2966853
2026-07-01T21:07:39.816670,2026-07-01T21:07:39.820855+00:00,87.6,3,ask,YieldingYams,Xuanyu Liu,2966855
2026-07-01T21:07:41.113734,2026-07-01T21:07:41.124640+00:00,87.5,200,ask,WavyWalnuts,YieldingYams,2966883
2026-07-01T21:07:41.131685,2026-07-01T21:07:41.135241+00:00,87.5,3,bid,Xuanyu Liu,YieldingYams,2966885
2026-07-01T21:07:41.770535,2026-07-01T21:07:41.779590+00:00,87.5,422,bid,AverageAlmonds,YieldingYams,2966894
2026-07-01T21:07:42.355832,2026-07-01T21:07:42.364061+00:00,87.5,20,ask,AverageAlmonds,BrilliantBurritos,2966906
2026-07-01T21:07:42.430242,2026-07-01T21:07:42.436953+00:00,87.6,200,bid,YieldingYams,WavyWalnuts,2966907
2026-07-01T21:07:42.449703,2026-07-01T21:07:42.453577+00:00,87.6,11,ask,YieldingYams,Xuanyu Liu,2966909
2026-07-01T21:07:45.058668,2026-07-01T21:07:45.070435+00:00,87.5,500,ask,AverageAlmonds,YieldingYams,2966948
2026-07-01T21:07:45.058668,2026-07-01T21:07:45.070435+00:00,87.4,3,ask,Kelvin Chan,YieldingYams,2966949
2026-07-01T21:07:45.058668,2026-07-01T21:07:45.070435+00:00,87.4,122,ask,WavyWalnuts,YieldingYams,2966950
2026-07-01T21:07:46.115570,2026-07-01T21:07:46.125490+00:00,87.5,200,ask,AverageAlmonds,WavyWalnuts,2966964
2026-07-01T21:07:47.329660,2026-07-01T21:07:47.344607+00:00,87.6,200,ask,YieldingYams,WavyWalnuts,2966987
2026-07-01T21:07:49.001433,2026-07-01T21:07:49.008127+00:00,87.6,200,bid,YieldingYams,WavyWalnuts,2967007
2026-07-01T21:07:49.754447,2026-07-01T21:07:49.764112+00:00,87.6,200,ask,YieldingYams,WavyWalnuts,2967025
2026-07-01T21:07:50.193081,2026-07-01T21:07:50.197457+00:00,87.6,23,ask,YieldingYams,Xuanyu Liu,2967035
2026-07-01T21:07:50.327600,2026-07-01T21:07:50.334862+00:00,87.4,6,ask,Kelvin Chan,YieldingYams,2967041
2026-07-01T21:07:50.327600,2026-07-01T21:07:50.340271+00:00,87.4,200,ask,WavyWalnuts,YieldingYams,2967042
2026-07-01T21:07:50.327600,2026-07-01T21:07:50.340271+00:00,87.4,419,ask,AverageAlmonds,YieldingYams,2967043
2026-07-01T21:07:50.964262,2026-07-01T21:07:50.975022+00:00,87.5,200,ask,AverageAlmonds,WavyWalnuts,2967052
2026-07-01T21:07:52.172131,2026-07-01T21:07:52.180015+00:00,87.6,200,ask,YieldingYams,WavyWalnuts,2967081
2026-07-01T21:07:54.259858,2026-07-01T21:07:54.269862+00:00,87.6,20,bid,BrilliantBurritos,YieldingYams,2967133
2026-07-01T21:07:54.273160,2026-07-01T21:07:54.280609+00:00,87.5,200,ask,WavyWalnuts,YieldingYams,2967135
2026-07-01T21:07:54.273160,2026-07-01T21:07:54.285619+00:00,87.5,425,ask,AverageAlmonds,YieldingYams,2967136
2026-07-01T21:07:54.292541,2026-07-01T21:07:54.296075+00:00,87.5,3,ask,AverageAlmonds,Xuanyu Liu,2967139
2026-07-01T21:07:56.339179,2026-07-01T21:07:56.358870+00:00,87.6,200,bid,AverageAlmonds,WavyWalnuts,2967165
2026-07-01T21:07:58.213086,2026-07-01T21:07:58.224171+00:00,87.6,500,ask,AverageAlmonds,YieldingYams,2967218
2026-07-01T21:07:59.352927,2026-07-01T21:07:59.369218+00:00,87.6,125,bid,AverageAlmonds,YieldingYams,2967238
2026-07-01T21:07:59.352927,2026-07-01T21:07:59.369218+00:00,87.6,200,bid,AverageAlmonds,WavyWalnuts,2967239
2026-07-01T21:07:59.434014,2026-07-01T21:07:59.444615+00:00,87.7,1,bid,WavyWalnuts,Kelvin Chan,2967240
2026-07-01T21:08:02.153148,2026-07-01T21:08:02.163801+00:00,87.7,200,ask,WavyWalnuts,YieldingYams,2967303
2026-07-01T21:08:02.471783,2026-07-01T21:08:02.483431+00:00,87.7,20,bid,BrilliantBurritos,YieldingYams,2967311
2026-07-01T21:08:03.069196,2026-07-01T21:08:03.079525+00:00,87.7,200,bid,WavyWalnuts,YieldingYams,2967318
2026-07-01T21:08:03.460112,2026-07-01T21:08:03.479025+00:00,87.8,2,bid,YieldingYams,Kelvin Chan,2967327
2026-07-01T21:08:03.460112,2026-07-01T21:08:03.479025+00:00,87.8,200,bid,YieldingYams,WavyWalnuts,2967328
2026-07-01T21:08:03.475803,2026-07-01T21:08:03.479025+00:00,87.8,14,ask,YieldingYams,Xuanyu Liu,2967330
2026-07-01T21:08:04.279297,2026-07-01T21:08:04.289200+00:00,87.8,200,ask,YieldingYams,WavyWalnuts,2967342
2026-07-01T21:08:05.523859,2026-07-01T21:08:05.533349+00:00,87.8,20,bid,BrilliantBurritos,YieldingYams,2967364
2026-07-01T21:08:07.156253,2026-07-01T21:08:07.169359+00:00,87.8,20,bid,BrilliantBurritos,YieldingYams,2967399
2026-07-01T21:08:08.714815,2026-07-01T21:08:08.723695+00:00,87.6,200,ask,WavyWalnuts,YieldingYams,2967438
2026-07-01T21:08:09.743545,2026-07-01T21:08:09.768956+00:00,87.6,20,bid,BrilliantBurritos,YieldingYams,2967457
2026-07-01T21:08:10.024879,2026-07-01T21:08:10.032391+00:00,87.6,200,bid,YieldingYams,WavyWalnuts,2967462
2026-07-01T21:08:10.043409,2026-07-01T21:08:10.046923+00:00,87.6,12,ask,YieldingYams,Xuanyu Liu,2967464
2026-07-01T21:08:10.106295,2026-07-01T21:08:10.110081+00:00,87.6,11,ask,YieldingYams,Xuanyu Liu,2967466
2026-07-01T21:08:11.298535,2026-07-01T21:08:11.307063+00:00,87.6,20,ask,YieldingYams,BrilliantBurritos,2967493
2026-07-01T21:08:12.652056,2026-07-01T21:08:12.664015+00:00,87.5,200,ask,WavyWalnuts,YieldingYams,2967523
2026-07-01T21:08:12.652056,2026-07-01T21:08:12.664015+00:00,87.5,425,ask,AverageAlmonds,YieldingYams,2967524
2026-07-01T21:08:12.745229,2026-07-01T21:08:12.764270+00:00,87.4,3,ask,Kelvin Chan,WavyWalnuts,2967531
2026-07-01T21:08:12.745229,2026-07-01T21:08:12.764270+00:00,87.4,197,ask,AverageAlmonds,WavyWalnuts,2967532
2026-07-01T21:08:13.373461,2026-07-01T21:08:13.384928+00:00,87.9,4,bid,BrilliantBurritos,Kelvin Chan,2967548
2026-07-01T21:08:13.373461,2026-07-01T21:08:13.384928+00:00,88.0,16,bid,BrilliantBurritos,AverageAlmonds,2967549
2026-07-01T21:08:13.956394,2026-07-01T21:08:13.993385+00:00,87.5,9,ask,Kelvin Chan,WavyWalnuts,2967559
2026-07-01T21:08:13.966013,2026-07-01T21:08:13.993385+00:00,87.5,191,bid,YieldingYams,WavyWalnuts,2967561
2026-07-01T21:08:15.163598,2026-07-01T21:08:15.174406+00:00,87.5,200,ask,YieldingYams,WavyWalnuts,2967583
2026-07-01T21:08:15.282798,2026-07-01T21:08:15.289592+00:00,87.5,9,ask,Kelvin Chan,YieldingYams,2967589
2026-07-01T21:08:15.296010,2026-07-01T21:08:15.300132+00:00,87.5,11,bid,Xuanyu Liu,YieldingYams,2967590
2026-07-01T21:08:15.471294,2026-07-01T21:08:15.482114+00:00,87.5,20,bid,BrilliantBurritos,YieldingYams,2967596
2026-07-01T21:08:16.369489,2026-07-01T21:08:16.380471+00:00,87.5,200,bid,WavyWalnuts,YieldingYams,2967607
2026-07-01T21:08:19.629590,2026-07-01T21:08:19.633713+00:00,87.5,26,bid,Xuanyu Liu,YieldingYams,2967681
2026-07-01T21:08:20.000026,2026-07-01T21:08:20.011662+00:00,87.4,8,ask,Kelvin Chan,WavyWalnuts,2967687
2026-07-01T21:08:20.000026,2026-07-01T21:08:20.011662+00:00,87.4,192,ask,AverageAlmonds,WavyWalnuts,2967688
2026-07-01T21:08:21.210132,2026-07-01T21:08:21.216885+00:00,87.4,11,ask,Kelvin Chan,WavyWalnuts,2967699
2026-07-01T21:08:21.210132,2026-07-01T21:08:21.221900+00:00,87.4,189,ask,AverageAlmonds,WavyWalnuts,2967700
2026-07-01T21:08:22.438445,2026-07-01T21:08:22.458622+00:00,87.4,8,ask,Kelvin Chan,BrilliantBurritos,2967723
2026-07-01T21:08:22.438445,2026-07-01T21:08:22.458622+00:00,87.4,12,ask,WavyWalnuts,BrilliantBurritos,2967724
2026-07-01T21:08:23.149333,2026-07-01T21:08:23.164147+00:00,87.4,188,ask,WavyWalnuts,YieldingYams,2967738
2026-07-01T21:08:24.174729,2026-07-01T21:08:24.179663+00:00,87.4,437,bid,AverageAlmonds,YieldingYams,2967751
2026-07-01T21:08:24.174729,2026-07-01T21:08:24.179663+00:00,87.4,63,bid,AverageAlmonds,WavyWalnuts,2967752
2026-07-01T21:08:24.454504,2026-07-01T21:08:24.463908+00:00,87.4,137,bid,YieldingYams,WavyWalnuts,2967759
2026-07-01T21:08:24.454504,2026-07-01T21:08:24.463908+00:00,87.6,5,bid,YieldingYams,Kelvin Chan,2967760
2026-07-01T21:08:24.730137,2026-07-01T21:08:24.734111+00:00,87.6,3,ask,YieldingYams,Xuanyu Liu,2967767
2026-07-01T21:08:24.831322,2026-07-01T21:08:24.858644+00:00,87.6,200,ask,YieldingYams,WavyWalnuts,2967768
2026-07-01T21:08:26.045018,2026-07-01T21:08:26.063672+00:00,87.6,200,bid,WavyWalnuts,YieldingYams,2967797
2026-07-01T21:08:28.126206,2026-07-01T21:08:28.130364+00:00,87.6,3,bid,Xuanyu Liu,YieldingYams,2967825
2026-07-01T21:08:28.380495,2026-07-01T21:08:28.390186+00:00,87.7,200,bid,YieldingYams,WavyWalnuts,2967831
2026-07-01T21:08:28.465216,2026-07-01T21:08:28.474218+00:00,87.7,200,ask,YieldingYams,WavyWalnuts,2967837
2026-07-01T21:08:29.676080,2026-07-01T21:08:29.684564+00:00,87.7,200,ask,YieldingYams,WavyWalnuts,2967868
2026-07-01T21:08:29.695119,2026-07-01T21:08:29.705463+00:00,87.5,500,ask,AverageAlmonds,YieldingYams,2967869
2026-07-01T21:08:29.695119,2026-07-01T21:08:29.705463+00:00,87.5,125,ask,WavyWalnuts,YieldingYams,2967870
2026-07-01T21:08:30.884318,2026-07-01T21:08:30.895643+00:00,87.6,200,ask,AverageAlmonds,WavyWalnuts,2967889
2026-07-01T21:08:32.061917,2026-07-01T21:08:32.070219+00:00,87.7,9,bid,AverageAlmonds,Kelvin Chan,2967918
2026-07-01T21:08:32.061917,2026-07-01T21:08:32.070219+00:00,87.7,491,bid,AverageAlmonds,YieldingYams,2967919
2026-07-01T21:08:32.095841,2026-07-01T21:08:32.106798+00:00,87.7,134,bid,WavyWalnuts,YieldingYams,2967922
2026-07-01T21:08:33.622848,2026-07-01T21:08:33.631503+00:00,87.9,4,bid,YieldingYams,Kelvin Chan,2967959
2026-07-01T21:08:33.622848,2026-07-01T21:08:33.631503+00:00,87.9,200,bid,YieldingYams,WavyWalnuts,2967960
2026-07-01T21:08:33.643378,2026-07-01T21:08:33.646723+00:00,88.0,3,ask,YieldingYams,Xuanyu Liu,2967962
2026-07-01T21:08:34.526242,2026-07-01T21:08:34.536983+00:00,88.0,200,ask,YieldingYams,WavyWalnuts,2967983
2026-07-01T21:08:35.384508,2026-07-01T21:08:35.388208+00:00,88.1,3,bid,Xuanyu Liu,YieldingYams,2968014
2026-07-01T21:08:38.878706,2026-07-01T21:08:38.886742+00:00,88.1,8,bid,YieldingYams,Kelvin Chan,2968095
2026-07-01T21:08:38.878706,2026-07-01T21:08:38.886742+00:00,88.1,200,bid,YieldingYams,WavyWalnuts,2968096
2026-07-01T21:08:38.878706,2026-07-01T21:08:38.892033+00:00,88.1,417,bid,YieldingYams,AverageAlmonds,2968097
2026-07-01T21:08:39.928525,2026-07-01T21:08:39.938882+00:00,88.0,200,ask,WavyWalnuts,AverageAlmonds,2968120
2026-07-01T21:08:40.569728,2026-07-01T21:08:40.580332+00:00,87.9,2,bid,WavyWalnuts,Kelvin Chan,2968132
2026-07-01T21:08:41.502476,2026-07-01T21:08:41.513288+00:00,88.0,500,bid,YieldingYams,AverageAlmonds,2968153
2026-07-01T21:08:41.727433,2026-07-01T21:08:41.736642+00:00,88.0,125,ask,YieldingYams,AverageAlmonds,2968155
2026-07-01T21:08:42.816021,2026-07-01T21:08:42.822433+00:00,87.8,200,ask,WavyWalnuts,YieldingYams,2968174
2026-07-01T21:08:45.028095,2026-07-01T21:08:45.035747+00:00,87.7,20,ask,WavyWalnuts,BrilliantBurritos,2968221
2026-07-01T21:08:45.382790,2026-07-01T21:08:45.390939+00:00,87.7,180,ask,WavyWalnuts,AverageAlmonds,2968226
2026-07-01T21:08:45.416619,2026-07-01T21:08:45.423744+00:00,87.7,200,bid,WavyWalnuts,AverageAlmonds,2968228
2026-07-01T21:08:46.632507,2026-07-01T21:08:46.640478+00:00,87.6,200,bid,WavyWalnuts,YieldingYams,2968250
2026-07-01T21:08:49.371045,2026-07-01T21:08:49.379468+00:00,87.5,2,ask,Kelvin Chan,YieldingYams,2968296
2026-07-01T21:08:49.371045,2026-07-01T21:08:49.379468+00:00,87.5,200,ask,WavyWalnuts,YieldingYams,2968297
2026-07-01T21:08:49.500120,2026-07-01T21:08:49.511717+00:00,87.5,20,bid,BrilliantBurritos,YieldingYams,2968300
2026-07-01T21:08:50.682983,2026-07-01T21:08:50.693861+00:00,87.4,2,ask,Kelvin Chan,YieldingYams,2968323
2026-07-01T21:08:50.682983,2026-07-01T21:08:50.693861+00:00,87.4,200,ask,WavyWalnuts,YieldingYams,2968324
2026-07-01T21:08:52.634386,2026-07-01T21:08:52.644217+00:00,87.4,200,bid,AverageAlmonds,WavyWalnuts,2968363
2026-07-01T21:08:53.082621,2026-07-01T21:08:53.094014+00:00,87.5,20,bid,BrilliantBurritos,YieldingYams,2968375
2026-07-01T21:08:53.309370,2026-07-01T21:08:53.320020+00:00,87.5,200,bid,YieldingYams,WavyWalnuts,2968381
2026-07-01T21:08:54.420623,2026-07-01T21:08:54.424273+00:00,87.6,3,bid,Xuanyu Liu,YieldingYams,2968397
2026-07-01T21:08:55.123067,2026-07-01T21:08:55.131443+00:00,87.6,200,bid,WavyWalnuts,YieldingYams,2968417
2026-07-01T21:08:56.759582,2026-07-01T21:08:56.764493+00:00,87.6,3,ask,YieldingYams,Xuanyu Liu,2968438
2026-07-01T21:08:57.244834,2026-07-01T21:08:57.258599+00:00,87.5,200,ask,WavyWalnuts,YieldingYams,2968456
2026-07-01T21:09:01.173269,2026-07-01T21:09:01.180258+00:00,87.5,200,bid,YieldingYams,WavyWalnuts,2968524
2026-07-01T21:09:01.800895,2026-07-01T21:09:01.812434+00:00,87.6,20,bid,BrilliantBurritos,YieldingYams,2968539
2026-07-01T21:09:02.395223,2026-07-01T21:09:02.408838+00:00,87.5,200,ask,YieldingYams,WavyWalnuts,2968545
2026-07-01T21:09:02.957454,2026-07-01T21:09:02.969019+00:00,87.5,20,bid,BrilliantBurritos,YieldingYams,2968558
2026-07-01T21:09:03.603459,2026-07-01T21:09:03.611829+00:00,87.5,200,bid,WavyWalnuts,YieldingYams,2968568
2026-07-01T21:09:07.027039,2026-07-01T21:09:07.030770+00:00,87.6,3,bid,Xuanyu Liu,WavyWalnuts,2968619
2026-07-01T21:09:07.742350,2026-07-01T21:09:07.745612+00:00,87.5,11,bid,Xuanyu Liu,YieldingYams,2968630
2026-07-01T21:09:09.039167,2026-07-01T21:09:09.074335+00:00,87.4,200,ask,WavyWalnuts,YieldingYams,2968653
2026-07-01T21:09:09.070637,2026-07-01T21:09:09.074335+00:00,87.4,12,bid,Xuanyu Liu,YieldingYams,2968655
2026-07-01T21:09:10.888139,2026-07-01T21:09:10.898841+00:00,87.3,200,ask,YieldingYams,WavyWalnuts,2968676
2026-07-01T21:09:12.094226,2026-07-01T21:09:12.101028+00:00,87.3,200,bid,WavyWalnuts,YieldingYams,2968706
2026-07-01T21:09:15.329280,2026-07-01T21:09:15.336047+00:00,87.3,20,bid,BrilliantBurritos,WavyWalnuts,2968769
2026-07-01T21:09:15.597554,2026-07-01T21:09:15.606588+00:00,87.3,180,bid,YieldingYams,WavyWalnuts,2968780
2026-07-01T21:09:15.737163,2026-07-01T21:09:15.742107+00:00,87.3,200,ask,YieldingYams,WavyWalnuts,2968786
2026-07-01T21:09:16.909331,2026-07-01T21:09:16.917652+00:00,87.2,1,ask,Kelvin Chan,YieldingYams,2968802
2026-07-01T21:09:16.909331,2026-07-01T21:09:16.917652+00:00,87.1,200,ask,WavyWalnuts,YieldingYams,2968803
2026-07-01T21:09:16.909331,2026-07-01T21:09:16.922682+00:00,87.1,424,ask,AverageAlmonds,YieldingYams,2968804
2026-07-01T21:09:18.162428,2026-07-01T21:09:18.168675+00:00,87.2,1,ask,Kelvin Chan,WavyWalnuts,2968828
2026-07-01T21:09:18.219885,2026-07-01T21:09:18.229163+00:00,87.2,199,bid,YieldingYams,WavyWalnuts,2968829
2026-07-01T21:09:21.507914,2026-07-01T21:09:21.519227+00:00,87.1,20,ask,AverageAlmonds,BrilliantBurritos,2968892
2026-07-01T21:09:22.160308,2026-07-01T21:09:22.170010+00:00,87.1,500,ask,AverageAlmonds,YieldingYams,2968902
2026-07-01T21:09:22.315115,2026-07-01T21:09:22.325518+00:00,87.1,125,bid,AverageAlmonds,YieldingYams,2968903
2026-07-01T21:09:23.467823,2026-07-01T21:09:23.488596+00:00,87.3,200,bid,YieldingYams,WavyWalnuts,2968932
2026-07-01T21:09:23.467823,2026-07-01T21:09:23.488596+00:00,87.4,12,bid,YieldingYams,Kelvin Chan,2968933
2026-07-01T21:09:23.484708,2026-07-01T21:09:23.488596+00:00,87.4,8,ask,YieldingYams,Xuanyu Liu,2968935
2026-07-01T21:09:24.195937,2026-07-01T21:09:24.205126+00:00,87.4,200,ask,YieldingYams,WavyWalnuts,2968948
2026-07-01T21:09:26.612231,2026-07-01T21:09:26.620335+00:00,87.5,10,bid,WavyWalnuts,Kelvin Chan,2968994
2026-07-01T21:09:26.612231,2026-07-01T21:09:26.620335+00:00,87.5,190,bid,WavyWalnuts,YieldingYams,2968995
2026-07-01T21:09:28.728591,2026-07-01T21:09:28.738335+00:00,87.4,200,ask,WavyWalnuts,YieldingYams,2969040
2026-07-01T21:09:28.744240,2026-07-01T21:09:28.748208+00:00,87.4,8,bid,Xuanyu Liu,YieldingYams,2969042
2026-07-01T21:09:29.030918,2026-07-01T21:09:29.063837+00:00,87.4,200,bid,WavyWalnuts,YieldingYams,2969051
2026-07-01T21:09:29.216280,2026-07-01T21:09:29.219751+00:00,87.3,12,ask,AverageAlmonds,Xuanyu Liu,2969055
2026-07-01T21:09:29.799625,2026-07-01T21:09:29.810837+00:00,87.4,20,bid,BrilliantBurritos,YieldingYams,2969069
2026-07-01T21:09:30.186555,2026-07-01T21:09:30.195427+00:00,87.4,500,bid,AverageAlmonds,YieldingYams,2969083
2026-07-01T21:09:30.240231,2026-07-01T21:09:30.242264+00:00,87.4,125,bid,WavyWalnuts,YieldingYams,2969085
2026-07-01T21:09:30.265497,2026-07-01T21:09:30.269351+00:00,87.4,11,ask,WavyWalnuts,Xuanyu Liu,2969089
2026-07-01T21:09:31.349967,2026-07-01T21:09:31.372218+00:00,87.5,9,bid,YieldingYams,Kelvin Chan,2969105
2026-07-01T21:09:31.349967,2026-07-01T21:09:31.372218+00:00,87.6,200,bid,YieldingYams,WavyWalnuts,2969106
2026-07-01T21:09:31.369036,2026-07-01T21:09:31.372218+00:00,87.6,3,ask,YieldingYams,Xuanyu Liu,2969110
2026-07-01T21:09:31.371377,2026-07-01T21:09:31.387691+00:00,87.8,20,bid,BrilliantBurritos,YieldingYams,2969111
2026-07-01T21:09:31.451791,2026-07-01T21:09:31.458597+00:00,87.6,200,ask,YieldingYams,WavyWalnuts,2969114
2026-07-01T21:09:32.662197,2026-07-01T21:09:32.669636+00:00,87.6,200,ask,YieldingYams,WavyWalnuts,2969139
2026-07-01T21:09:32.678112,2026-07-01T21:09:32.685245+00:00,87.5,500,ask,AverageAlmonds,YieldingYams,2969140
2026-07-01T21:09:32.696280,2026-07-01T21:09:32.700310+00:00,87.4,3,bid,Xuanyu Liu,YieldingYams,2969143
2026-07-01T21:09:33.223147,2026-07-01T21:09:33.232141+00:00,87.4,122,bid,AverageAlmonds,YieldingYams,2969150
2026-07-01T21:09:33.986330,2026-07-01T21:09:33.995365+00:00,87.6,200,bid,YieldingYams,WavyWalnuts,2969168
2026-07-01T21:09:35.301002,2026-07-01T21:09:35.307801+00:00,87.6,200,ask,WavyWalnuts,YieldingYams,2969193
2026-07-01T21:09:36.618459,2026-07-01T21:09:36.627358+00:00,87.6,200,bid,YieldingYams,WavyWalnuts,2969221
2026-07-01T21:09:36.618459,2026-07-01T21:09:36.627358+00:00,87.7,7,bid,YieldingYams,Kelvin Chan,2969222
2026-07-01T21:09:36.638320,2026-07-01T21:09:36.642239+00:00,87.7,3,ask,YieldingYams,Xuanyu Liu,2969225
2026-07-01T21:09:37.502333,2026-07-01T21:09:37.510915+00:00,87.7,200,ask,YieldingYams,WavyWalnuts,2969237
2026-07-01T21:09:37.939006,2026-07-01T21:09:37.958576+00:00,87.6,500,ask,AverageAlmonds,YieldingYams,2969245
2026-07-01T21:09:38.070521,2026-07-01T21:09:38.084547+00:00,87.6,125,bid,AverageAlmonds,YieldingYams,2969246
2026-07-01T21:09:39.245885,2026-07-01T21:09:39.258635+00:00,87.8,6,bid,YieldingYams,Kelvin Chan,2969274
2026-07-01T21:09:39.245885,2026-07-01T21:09:39.258635+00:00,87.8,200,bid,YieldingYams,WavyWalnuts,2969275
2026-07-01T21:09:41.872837,2026-07-01T21:09:41.881871+00:00,87.9,200,bid,YieldingYams,WavyWalnuts,2969321
2026-07-01T21:09:43.092142,2026-07-01T21:09:43.103576+00:00,88.1,20,bid,BrilliantBurritos,YieldingYams,2969337
2026-07-01T21:09:45.818028,2026-07-01T21:09:45.828778+00:00,88.0,1,bid,YieldingYams,Kelvin Chan,2969384
2026-07-01T21:09:45.818028,2026-07-01T21:09:45.828778+00:00,88.1,200,bid,YieldingYams,WavyWalnuts,2969385
2026-07-01T21:09:45.991638,2026-07-01T21:09:46.000168+00:00,88.1,200,ask,YieldingYams,WavyWalnuts,2969390
2026-07-01T21:09:48.199535,2026-07-01T21:09:48.204440+00:00,88.1,3,bid,Xuanyu Liu,WavyWalnuts,2969431
2026-07-01T21:09:49.781676,2026-07-01T21:09:49.793325+00:00,88.2,500,bid,YieldingYams,AverageAlmonds,2969457
2026-07-01T21:09:49.781676,2026-07-01T21:09:49.793325+00:00,88.2,125,bid,YieldingYams,WavyWalnuts,2969458
2026-07-01T21:09:49.887431,2026-07-01T21:09:49.899116+00:00,88.2,20,bid,BrilliantBurritos,WavyWalnuts,2969459
2026-07-01T21:09:51.093913,2026-07-01T21:09:51.100675+00:00,88.1,200,ask,WavyWalnuts,YieldingYams,2969485
2026-07-01T21:09:52.032443,2026-07-01T21:09:52.034839+00:00,88.0,200,bid,WavyWalnuts,YieldingYams,2969496
2026-07-01T21:09:52.425262,2026-07-01T21:09:52.428917+00:00,88.1,3,ask,YieldingYams,Xuanyu Liu,2969512
2026-07-01T21:09:54.489745,2026-07-01T21:09:54.494478+00:00,88.2,1,bid,Xuanyu Liu,Kelvin Chan,2969558
2026-07-01T21:09:54.489745,2026-07-01T21:09:54.494478+00:00,88.2,2,bid,Xuanyu Liu,AverageAlmonds,2969559
2026-07-01T21:09:55.425008,2026-07-01T21:09:55.436367+00:00,88.1,20,ask,YieldingYams,BrilliantBurritos,2969569
2026-07-01T21:09:56.369633,2026-07-01T21:09:56.373287+00:00,88.1,11,bid,Xuanyu Liu,YieldingYams,2969586
2026-07-01T21:09:56.879497,2026-07-01T21:09:56.890082+00:00,88.1,200,bid,WavyWalnuts,YieldingYams,2969595
2026-07-01T21:09:58.086064,2026-07-01T21:09:58.095363+00:00,88.1,1,bid,WavyWalnuts,Kelvin Chan,2969613
2026-07-01T21:09:58.086064,2026-07-01T21:09:58.095363+00:00,88.1,199,bid,WavyWalnuts,YieldingYams,2969614
2026-07-01T21:09:59.301642,2026-07-01T21:09:59.311374+00:00,88.1,200,bid,WavyWalnuts,YieldingYams,2969634
2026-07-01T21:10:01.600066,2026-07-01T21:10:01.610329+00:00,88.0,200,ask,WavyWalnuts,YieldingYams,2969682
2026-07-01T21:10:01.716843,2026-07-01T21:10:01.728287+00:00,87.9,200,bid,WavyWalnuts,YieldingYams,2969683
2026-07-01T21:10:02.936008,2026-07-01T21:10:02.964147+00:00,88.1,1,bid,WavyWalnuts,Kelvin Chan,2969711
2026-07-01T21:10:02.936008,2026-07-01T21:10:02.964147+00:00,88.2,199,bid,WavyWalnuts,YieldingYams,2969712
2026-07-01T21:10:04.175195,2026-07-01T21:10:04.178763+00:00,88.1,12,bid,Xuanyu Liu,WavyWalnuts,2969738
2026-07-01T21:10:04.238816,2026-07-01T21:10:04.247391+00:00,88.1,188,bid,YieldingYams,WavyWalnuts,2969739
2026-07-01T21:10:05.369332,2026-07-01T21:10:05.380659+00:00,88.2,200,ask,YieldingYams,WavyWalnuts,2969759
2026-07-01T21:10:06.577791,2026-07-01T21:10:06.584867+00:00,88.1,200,bid,WavyWalnuts,YieldingYams,2969784
2026-07-01T21:10:07.754003,2026-07-01T21:10:07.764199+00:00,88.2,500,ask,YieldingYams,AverageAlmonds,2969816
2026-07-01T21:10:07.791225,2026-07-01T21:10:07.797918+00:00,88.2,125,ask,YieldingYams,WavyWalnuts,2969818
2026-07-01T21:10:07.808593,2026-07-01T21:10:07.812082+00:00,88.1,11,bid,Xuanyu Liu,WavyWalnuts,2969821
2026-07-01T21:10:08.999866,2026-07-01T21:10:09.007499+00:00,88.1,200,bid,WavyWalnuts,YieldingYams,2969841
2026-07-01T21:10:13.451174,2026-07-01T21:10:13.471151+00:00,88.1,200,bid,YieldingYams,WavyWalnuts,2969935
2026-07-01T21:10:13.451174,2026-07-01T21:10:13.471151+00:00,88.2,2,bid,YieldingYams,Kelvin Chan,2969936
2026-07-01T21:10:13.467092,2026-07-01T21:10:13.471151+00:00,88.2,1,ask,YieldingYams,Xuanyu Liu,2969938
2026-07-01T21:10:13.810058,2026-07-01T21:10:13.818836+00:00,88.2,422,ask,YieldingYams,AverageAlmonds,2969949
2026-07-01T21:10:14.765848,2026-07-01T21:10:14.775686+00:00,88.1,200,ask,WavyWalnuts,YieldingYams,2969962
2026-07-01T21:10:14.783370,2026-07-01T21:10:14.787289+00:00,87.9,7,bid,Xuanyu Liu,YieldingYams,2969964
2026-07-01T21:10:15.040471,2026-07-01T21:10:15.063818+00:00,87.9,200,bid,WavyWalnuts,YieldingYams,2969968
2026-07-01T21:10:16.247843,2026-07-01T21:10:16.258553+00:00,88.0,200,bid,WavyWalnuts,YieldingYams,2969983
2026-07-01T21:10:16.697053,2026-07-01T21:10:16.701887+00:00,87.8,4,ask,Kelvin Chan,Xuanyu Liu,2969988
2026-07-01T21:10:16.697053,2026-07-01T21:10:16.701887+00:00,87.8,2,ask,YieldingYams,Xuanyu Liu,2969989
2026-07-01T21:10:17.237334,2026-07-01T21:10:17.240991+00:00,87.9,10,ask,Kelvin Chan,Xuanyu Liu,2970002
2026-07-01T21:10:17.401399,2026-07-01T21:10:17.405657+00:00,88.0,13,ask,YieldingYams,Xuanyu Liu,2970005
2026-07-01T21:10:18.773680,2026-07-01T21:10:18.784947+00:00,88.0,20,ask,YieldingYams,BrilliantBurritos,2970030
2026-07-01T21:10:21.326441,2026-07-01T21:10:21.329333+00:00,88.0,200,bid,YieldingYams,WavyWalnuts,2970078
2026-07-01T21:10:22.649585,2026-07-01T21:10:22.654281+00:00,88.0,200,ask,WavyWalnuts,YieldingYams,2970106
2026-07-01T21:10:25.302927,2026-07-01T21:10:25.311253+00:00,88.1,200,bid,YieldingYams,WavyWalnuts,2970155
2026-07-01T21:10:25.964035,2026-07-01T21:10:25.974981+00:00,88.1,200,ask,YieldingYams,WavyWalnuts,2970179
2026-07-01T21:10:27.170516,2026-07-01T21:10:27.185968+00:00,88.0,200,bid,WavyWalnuts,YieldingYams,2970209
2026-07-01T21:10:28.410297,2026-07-01T21:10:28.413972+00:00,88.0,11,ask,YieldingYams,Xuanyu Liu,2970247
2026-07-01T21:10:30.799857,2026-07-01T21:10:30.806390+00:00,88.0,200,ask,YieldingYams,WavyWalnuts,2970283
2026-07-01T21:10:34.517166,2026-07-01T21:10:34.525830+00:00,87.9,1,ask,Kelvin Chan,YieldingYams,2970346
2026-07-01T21:10:34.517166,2026-07-01T21:10:34.525830+00:00,87.9,200,ask,WavyWalnuts,YieldingYams,2970347
2026-07-01T21:10:34.517166,2026-07-01T21:10:34.531309+00:00,87.8,424,ask,AverageAlmonds,YieldingYams,2970348
2026-07-01T21:10:36.836198,2026-07-01T21:10:36.858620+00:00,87.9,1,ask,Kelvin Chan,WavyWalnuts,2970395
2026-07-01T21:10:36.836198,2026-07-01T21:10:36.858620+00:00,87.9,199,ask,YieldingYams,WavyWalnuts,2970396
2026-07-01T21:10:38.050534,2026-07-01T21:10:38.068933+00:00,87.9,200,bid,WavyWalnuts,YieldingYams,2970420
2026-07-01T21:10:40.468787,2026-07-01T21:10:40.479511+00:00,87.8,200,ask,YieldingYams,WavyWalnuts,2970466
2026-07-01T21:10:42.882358,2026-07-01T21:10:42.889893+00:00,88.0,200,bid,WavyWalnuts,YieldingYams,2970502
2026-07-01T21:10:44.304708,2026-07-01T21:10:44.316199+00:00,88.0,20,bid,BrilliantBurritos,YieldingYams,2970533
2026-07-01T21:10:45.303370,2026-07-01T21:10:45.310389+00:00,87.9,200,ask,YieldingYams,WavyWalnuts,2970553
2026-07-01T21:10:46.517658,2026-07-01T21:10:46.525796+00:00,88.0,200,bid,WavyWalnuts,YieldingYams,2970573
2026-07-01T21:10:47.728912,2026-07-01T21:10:47.738593+00:00,88.0,200,bid,WavyWalnuts,YieldingYams,2970593
2026-07-01T21:10:51.585464,2026-07-01T21:10:51.595645+00:00,88.0,500,bid,YieldingYams,AverageAlmonds,2970676
2026-07-01T21:10:51.585464,2026-07-01T21:10:51.595645+00:00,88.0,125,bid,YieldingYams,WavyWalnuts,2970677
2026-07-01T21:10:52.594892,2026-07-01T21:10:52.598784+00:00,87.9,11,bid,Xuanyu Liu,WavyWalnuts,2970700
2026-07-01T21:10:55.523182,2026-07-01T21:10:55.533944+00:00,87.8,1,ask,Kelvin Chan,YieldingYams,2970752
2026-07-01T21:10:56.206647,2026-07-01T21:10:56.216413+00:00,87.8,200,bid,WavyWalnuts,YieldingYams,2970764
2026-07-01T21:10:57.414523,2026-07-01T21:10:57.424248+00:00,87.9,200,bid,WavyWalnuts,YieldingYams,2970780
2026-07-01T21:10:58.629893,2026-07-01T21:10:58.639150+00:00,87.9,20,bid,BrilliantBurritos,YieldingYams,2970793
2026-07-01T21:10:59.481542,2026-07-01T21:10:59.491914+00:00,87.8,200,ask,WavyWalnuts,YieldingYams,2970804
2026-07-01T21:10:59.481542,2026-07-01T21:10:59.491914+00:00,87.7,425,ask,AverageAlmonds,YieldingYams,2970805
2026-07-01T21:11:00.804289,2026-07-01T21:11:00.808336+00:00,87.9,12,bid,Xuanyu Liu,YieldingYams,2970828
2026-07-01T21:11:02.275273,2026-07-01T21:11:02.278927+00:00,87.8,11,bid,Xuanyu Liu,WavyWalnuts,2970841
2026-07-01T21:11:02.291183,2026-07-01T21:11:02.299559+00:00,87.8,20,bid,BrilliantBurritos,WavyWalnuts,2970845
2026-07-01T21:11:03.410641,2026-07-01T21:11:03.420060+00:00,87.8,169,bid,YieldingYams,WavyWalnuts,2970867
2026-07-01T21:11:03.472574,2026-07-01T21:11:03.479108+00:00,87.8,200,ask,YieldingYams,WavyWalnuts,2970870
2026-07-01T21:11:04.682105,2026-07-01T21:11:04.690402+00:00,87.8,200,ask,YieldingYams,WavyWalnuts,2970889
2026-07-01T21:11:04.735289,2026-07-01T21:11:04.741892+00:00,87.8,500,ask,AverageAlmonds,YieldingYams,2970892
2026-07-01T21:11:04.891876,2026-07-01T21:11:04.900232+00:00,87.7,2,ask,Kelvin Chan,BrilliantBurritos,2970898
2026-07-01T21:11:07.673075,2026-07-01T21:11:07.679616+00:00,87.8,20,ask,AverageAlmonds,BrilliantBurritos,2970944
2026-07-01T21:11:08.320777,2026-07-01T21:11:08.329125+00:00,87.8,200,ask,AverageAlmonds,WavyWalnuts,2970964
2026-07-01T21:11:08.673831,2026-07-01T21:11:08.681375+00:00,87.8,300,ask,AverageAlmonds,YieldingYams,2970966
2026-07-01T21:11:08.687262,2026-07-01T21:11:08.691078+00:00,87.8,12,bid,Xuanyu Liu,YieldingYams,2970968
2026-07-01T21:11:08.885804,2026-07-01T21:11:08.893053+00:00,87.8,313,bid,AverageAlmonds,YieldingYams,2970971
2026-07-01T21:11:09.981102,2026-07-01T21:11:09.991467+00:00,87.9,200,bid,YieldingYams,WavyWalnuts,2970995
2026-07-01T21:11:11.734345,2026-07-01T21:11:11.742297+00:00,88.0,20,bid,BrilliantBurritos,YieldingYams,2971034
2026-07-01T21:11:11.948672,2026-07-01T21:11:11.958562+00:00,88.0,200,bid,WavyWalnuts,YieldingYams,2971042
2026-07-01T21:11:12.632319,2026-07-01T21:11:12.639740+00:00,88.1,1,bid,YieldingYams,Kelvin Chan,2971061
2026-07-01T21:11:12.632319,2026-07-01T21:11:12.644882+00:00,88.1,200,bid,YieldingYams,WavyWalnuts,2971062
2026-07-01T21:11:13.126794,2026-07-01T21:11:13.134452+00:00,88.2,7,bid,BrilliantBurritos,Kelvin Chan,2971074
2026-07-01T21:11:13.126794,2026-07-01T21:11:13.134452+00:00,88.2,13,bid,BrilliantBurritos,AverageAlmonds,2971075
2026-07-01T21:11:13.158005,2026-07-01T21:11:13.167451+00:00,88.1,200,ask,YieldingYams,WavyWalnuts,2971078
2026-07-01T21:11:13.630980,2026-07-01T21:11:13.634685+00:00,88.2,22,bid,Xuanyu Liu,AverageAlmonds,2971097
2026-07-01T21:11:13.964123,2026-07-01T21:11:13.967593+00:00,88.1,12,bid,Xuanyu Liu,YieldingYams,2971103
2026-07-01T21:11:14.386655,2026-07-01T21:11:14.390217+00:00,88.0,11,bid,Xuanyu Liu,WavyWalnuts,2971118
2026-07-01T21:11:15.253778,2026-07-01T21:11:15.258582+00:00,88.0,189,bid,YieldingYams,WavyWalnuts,2971129
2026-07-01T21:11:16.848025,2026-07-01T21:11:16.851966+00:00,88.0,34,ask,WavyWalnuts,Xuanyu Liu,2971169
2026-07-01T21:11:17.878231,2026-07-01T21:11:17.884739+00:00,88.0,166,ask,WavyWalnuts,YieldingYams,2971184
2026-07-01T21:11:17.998787,2026-07-01T21:11:18.007639+00:00,87.9,200,bid,WavyWalnuts,YieldingYams,2971185
2026-07-01T21:11:19.951907,2026-07-01T21:11:19.955525+00:00,88.0,11,bid,Xuanyu Liu,YieldingYams,2971225
2026-07-01T21:11:20.020517,2026-07-01T21:11:20.031874+00:00,88.0,20,bid,BrilliantBurritos,YieldingYams,2971228
2026-07-01T21:11:20.418804,2026-07-01T21:11:20.429267+00:00,88.0,200,bid,WavyWalnuts,YieldingYams,2971233
2026-07-01T21:11:21.627299,2026-07-01T21:11:21.636904+00:00,88.1,200,bid,WavyWalnuts,YieldingYams,2971262
2026-07-01T21:11:22.839484,2026-07-01T21:11:22.858812+00:00,88.2,200,ask,YieldingYams,WavyWalnuts,2971279
2026-07-01T21:11:23.117707,2026-07-01T21:11:23.121156+00:00,88.3,23,bid,Xuanyu Liu,AverageAlmonds,2971284
2026-07-01T21:11:24.953017,2026-07-01T21:11:24.958556+00:00,88.2,20,ask,WavyWalnuts,BrilliantBurritos,2971332
2026-07-01T21:11:27.050771,2026-07-01T21:11:27.058609+00:00,88.3,200,ask,WavyWalnuts,AverageAlmonds,2971359
2026-07-01T21:11:27.673809,2026-07-01T21:11:27.684320+00:00,88.2,200,ask,YieldingYams,WavyWalnuts,2971363
2026-07-01T21:11:34.949016,2026-07-01T21:11:34.947624+00:00,88.2,200,bid,YieldingYams,WavyWalnuts,2971478
2026-07-01T21:11:36.198122,2026-07-01T21:11:36.201659+00:00,88.3,11,ask,WavyWalnuts,Xuanyu Liu,2971505
2026-07-01T21:11:36.265932,2026-07-01T21:11:36.274212+00:00,88.3,189,ask,WavyWalnuts,YieldingYams,2971508
2026-07-01T21:11:37.389535,2026-07-01T21:11:37.397046+00:00,88.3,200,bid,WavyWalnuts,YieldingYams,2971519
2026-07-01T21:11:38.601552,2026-07-01T21:11:38.611647+00:00,88.3,200,ask,YieldingYams,WavyWalnuts,2971540
2026-07-01T21:11:38.978885,2026-07-01T21:11:38.982592+00:00,88.3,23,ask,YieldingYams,Xuanyu Liu,2971549
2026-07-01T21:11:40.203444,2026-07-01T21:11:40.212208+00:00,88.4,2,bid,YieldingYams,Kelvin Chan,2971576
2026-07-01T21:11:40.203444,2026-07-01T21:11:40.212208+00:00,88.4,200,bid,YieldingYams,WavyWalnuts,2971577
2026-07-01T21:11:40.223084,2026-07-01T21:11:40.227220+00:00,88.4,11,ask,YieldingYams,Xuanyu Liu,2971580
2026-07-01T21:11:42.833461,2026-07-01T21:11:42.868074+00:00,88.3,200,ask,WavyWalnuts,YieldingYams,2971638
2026-07-01T21:11:42.864372,2026-07-01T21:11:42.868074+00:00,88.1,11,bid,Xuanyu Liu,YieldingYams,2971640
2026-07-01T21:11:43.432929,2026-07-01T21:11:43.441132+00:00,88.1,200,bid,WavyWalnuts,YieldingYams,2971651
2026-07-01T21:11:44.013731,2026-07-01T21:11:44.025507+00:00,88.0,3,ask,Kelvin Chan,BrilliantBurritos,2971666
2026-07-01T21:11:44.013731,2026-07-01T21:11:44.025507+00:00,88.0,17,ask,AverageAlmonds,BrilliantBurritos,2971667
2026-07-01T21:11:44.370871,2026-07-01T21:11:44.374767+00:00,88.1,8,ask,Kelvin Chan,Xuanyu Liu,2971682
2026-07-01T21:11:44.637044,2026-07-01T21:11:44.640636+00:00,88.1,3,ask,AverageAlmonds,Xuanyu Liu,2971688
2026-07-01T21:11:45.326560,2026-07-01T21:11:45.331290+00:00,88.1,3,ask,Kelvin Chan,Xuanyu Liu,2971718
2026-07-01T21:11:45.326560,2026-07-01T21:11:45.331290+00:00,88.1,20,ask,WavyWalnuts,Xuanyu Liu,2971719
2026-07-01T21:11:45.464558,2026-07-01T21:11:45.468256+00:00,88.2,12,ask,YieldingYams,Xuanyu Liu,2971721
2026-07-01T21:11:48.410723,2026-07-01T21:11:48.415129+00:00,88.3,12,bid,Xuanyu Liu,YieldingYams,2971791
2026-07-01T21:11:49.503356,2026-07-01T21:11:49.506924+00:00,88.2,11,bid,Xuanyu Liu,WavyWalnuts,2971807
2026-07-01T21:11:50.041745,2026-07-01T21:11:50.058588+00:00,88.2,189,bid,AverageAlmonds,WavyWalnuts,2971812
2026-07-01T21:11:51.406954,2026-07-01T21:11:51.418165+00:00,88.3,20,bid,BrilliantBurritos,YieldingYams,2971840
2026-07-01T21:11:52.017840,2026-07-01T21:11:52.027269+00:00,88.3,200,bid,YieldingYams,WavyWalnuts,2971851
2026-07-01T21:11:57.673320,2026-07-01T21:11:57.681385+00:00,88.3,20,ask,WavyWalnuts,BrilliantBurritos,2971947
2026-07-01T21:11:59.181551,2026-07-01T21:11:59.190739+00:00,88.5,1,bid,WavyWalnuts,Kelvin Chan,2971974
2026-07-01T21:12:00.393395,2026-07-01T21:12:00.404054+00:00,88.6,200,bid,WavyWalnuts,YieldingYams,2971982
2026-07-01T21:12:01.607809,2026-07-01T21:12:01.615648+00:00,88.5,1,bid,WavyWalnuts,Kelvin Chan,2972000
2026-07-01T21:12:01.607809,2026-07-01T21:12:01.615648+00:00,88.6,199,bid,WavyWalnuts,YieldingYams,2972001
2026-07-01T21:12:02.520499,2026-07-01T21:12:02.530511+00:00,88.5,1,bid,YieldingYams,Kelvin Chan,2972013
2026-07-01T21:12:02.821481,2026-07-01T21:12:02.829786+00:00,88.7,200,bid,WavyWalnuts,YieldingYams,2972021
2026-07-01T21:12:03.836082,2026-07-01T21:12:03.858561+00:00,88.6,1,bid,YieldingYams,Kelvin Chan,2972043
2026-07-01T21:12:04.030288,2026-07-01T21:12:04.058849+00:00,88.7,200,bid,WavyWalnuts,YieldingYams,2972046
2026-07-01T21:12:07.774309,2026-07-01T21:12:07.781861+00:00,88.6,200,bid,YieldingYams,WavyWalnuts,2972126
2026-07-01T21:12:08.879503,2026-07-01T21:12:08.890867+00:00,88.6,200,ask,YieldingYams,WavyWalnuts,2972145
2026-07-01T21:12:10.399570,2026-07-01T21:12:10.406339+00:00,88.5,200,ask,WavyWalnuts,YieldingYams,2972185
2026-07-01T21:12:11.711275,2026-07-01T21:12:11.719553+00:00,88.4,200,bid,YieldingYams,WavyWalnuts,2972210
2026-07-01T21:12:13.024066,2026-07-01T21:12:13.033074+00:00,88.4,200,ask,WavyWalnuts,YieldingYams,2972240
2026-07-01T21:12:16.960282,2026-07-01T21:12:16.980651+00:00,88.4,200,bid,YieldingYams,WavyWalnuts,2972317
2026-07-01T21:12:16.977058,2026-07-01T21:12:16.980651+00:00,88.4,11,ask,YieldingYams,Xuanyu Liu,2972321
2026-07-01T21:12:18.277991,2026-07-01T21:12:18.287044+00:00,88.4,200,ask,WavyWalnuts,YieldingYams,2972350
2026-07-01T21:12:18.277991,2026-07-01T21:12:18.287044+00:00,88.4,425,ask,AverageAlmonds,YieldingYams,2972351
2026-07-01T21:12:18.556785,2026-07-01T21:12:18.558605+00:00,88.4,200,ask,AverageAlmonds,WavyWalnuts,2972358
2026-07-01T21:12:19.604062,2026-07-01T21:12:19.608145+00:00,88.6,1,ask,YieldingYams,Xuanyu Liu,2972375
2026-07-01T21:12:19.765406,2026-07-01T21:12:19.775303+00:00,88.6,200,ask,YieldingYams,WavyWalnuts,2972384
2026-07-01T21:12:20.995714,2026-07-01T21:12:20.999626+00:00,88.6,1,bid,Xuanyu Liu,WavyWalnuts,2972407
2026-07-01T21:12:22.205057,2026-07-01T21:12:22.215075+00:00,88.6,200,bid,YieldingYams,WavyWalnuts,2972432
2026-07-01T21:12:24.611159,2026-07-01T21:12:24.618323+00:00,88.6,200,bid,WavyWalnuts,YieldingYams,2972481
2026-07-01T21:12:24.838121,2026-07-01T21:12:24.846002+00:00,88.7,1,bid,YieldingYams,Kelvin Chan,2972491
2026-07-01T21:12:25.739466,2026-07-01T21:12:25.750811+00:00,88.7,20,ask,YieldingYams,BrilliantBurritos,2972508
2026-07-01T21:12:25.821013,2026-07-01T21:12:25.827480+00:00,88.7,200,ask,YieldingYams,WavyWalnuts,2972511
2026-07-01T21:12:26.408148,2026-07-01T21:12:26.414082+00:00,88.8,1,bid,Xuanyu Liu,Kelvin Chan,2972526
2026-07-01T21:12:26.408148,2026-07-01T21:12:26.414082+00:00,88.8,10,bid,Xuanyu Liu,YieldingYams,2972527
2026-07-01T21:12:26.506468,2026-07-01T21:12:26.510497+00:00,88.7,2,bid,Xuanyu Liu,Kelvin Chan,2972533
2026-07-01T21:12:26.610658,2026-07-01T21:12:26.614252+00:00,88.7,2,bid,Xuanyu Liu,Kelvin Chan,2972537
2026-07-01T21:12:26.694799,2026-07-01T21:12:26.698318+00:00,88.7,1,bid,Xuanyu Liu,Kelvin Chan,2972539
2026-07-01T21:12:26.807478,2026-07-01T21:12:26.810817+00:00,88.7,4,bid,Xuanyu Liu,Kelvin Chan,2972542
2026-07-01T21:12:27.035472,2026-07-01T21:12:27.036216+00:00,88.6,200,ask,YieldingYams,WavyWalnuts,2972549
2026-07-01T21:12:27.431359,2026-07-01T21:12:27.434932+00:00,88.7,3,bid,Xuanyu Liu,Kelvin Chan,2972553
2026-07-01T21:12:31.542592,2026-07-01T21:12:31.554047+00:00,88.5,20,bid,BrilliantBurritos,WavyWalnuts,2972646
2026-07-01T21:12:32.717347,2026-07-01T21:12:32.736469+00:00,88.5,200,bid,YieldingYams,WavyWalnuts,2972657
2026-07-01T21:12:32.732585,2026-07-01T21:12:32.736469+00:00,88.5,12,ask,YieldingYams,Xuanyu Liu,2972659
2026-07-01T21:12:32.790924,2026-07-01T21:12:32.794983+00:00,88.5,11,ask,YieldingYams,Xuanyu Liu,2972661
2026-07-01T21:12:33.092628,2026-07-01T21:12:33.100395+00:00,88.5,200,ask,YieldingYams,WavyWalnuts,2972666
2026-07-01T21:12:34.307295,2026-07-01T21:12:34.316941+00:00,88.5,200,bid,WavyWalnuts,YieldingYams,2972687
2026-07-01T21:12:35.363995,2026-07-01T21:12:35.367183+00:00,88.6,12,ask,YieldingYams,Xuanyu Liu,2972708
2026-07-01T21:12:35.522639,2026-07-01T21:12:35.532970+00:00,88.6,200,ask,YieldingYams,WavyWalnuts,2972718
2026-07-01T21:12:36.711470,2026-07-01T21:12:36.714885+00:00,88.5,12,bid,Xuanyu Liu,YieldingYams,2972739
2026-07-01T21:12:36.956095,2026-07-01T21:12:36.967514+00:00,88.3,2,ask,Kelvin Chan,BrilliantBurritos,2972741
2026-07-01T21:12:36.956095,2026-07-01T21:12:36.967514+00:00,88.3,18,ask,YieldingYams,BrilliantBurritos,2972742
2026-07-01T21:12:37.936392,2026-07-01T21:12:37.958597+00:00,88.5,200,bid,WavyWalnuts,YieldingYams,2972769
2026-07-01T21:12:38.001454,2026-07-01T21:12:38.008986+00:00,88.7,1,bid,YieldingYams,Kelvin Chan,2972773
2026-07-01T21:12:38.001454,2026-07-01T21:12:38.023712+00:00,88.7,200,bid,YieldingYams,WavyWalnuts,2972774
2026-07-01T21:12:38.019989,2026-07-01T21:12:38.023712+00:00,88.7,4,ask,YieldingYams,Xuanyu Liu,2972776
2026-07-01T21:12:39.169697,2026-07-01T21:12:39.173275+00:00,88.8,4,bid,Xuanyu Liu,WavyWalnuts,2972793
2026-07-01T21:12:39.333891,2026-07-01T21:12:39.337518+00:00,88.7,11,bid,Xuanyu Liu,YieldingYams,2972798
2026-07-01T21:12:40.359452,2026-07-01T21:12:40.369186+00:00,88.7,200,bid,WavyWalnuts,YieldingYams,2972814
2026-07-01T21:12:41.937190,2026-07-01T21:12:41.948499+00:00,88.7,1,bid,YieldingYams,Kelvin Chan,2972851
2026-07-01T21:12:41.937190,2026-07-01T21:12:41.948499+00:00,88.7,200,bid,YieldingYams,WavyWalnuts,2972852
2026-07-01T21:12:43.978804,2026-07-01T21:12:43.989859+00:00,88.7,20,bid,BrilliantBurritos,YieldingYams,2972892
2026-07-01T21:12:43.987839,2026-07-01T21:12:43.995373+00:00,88.7,200,bid,WavyWalnuts,YieldingYams,2972893
2026-07-01T21:12:45.466083,2026-07-01T21:12:45.469861+00:00,88.6,23,ask,YieldingYams,Xuanyu Liu,2972936
2026-07-01T21:12:47.203416,2026-07-01T21:12:47.223195+00:00,88.7,200,bid,YieldingYams,WavyWalnuts,2972968
2026-07-01T21:12:47.219005,2026-07-01T21:12:47.223195+00:00,88.7,11,ask,YieldingYams,Xuanyu Liu,2972970
2026-07-01T21:12:47.674177,2026-07-01T21:12:47.679132+00:00,88.8,1,bid,Xuanyu Liu,Kelvin Chan,2972984
2026-07-01T21:12:47.674177,2026-07-01T21:12:47.679132+00:00,88.8,22,bid,Xuanyu Liu,WavyWalnuts,2972985
2026-07-01T21:12:50.076055,2026-07-01T21:12:50.084558+00:00,88.7,200,ask,YieldingYams,WavyWalnuts,2973023
2026-07-01T21:12:52.436115,2026-07-01T21:12:52.445380+00:00,88.7,500,ask,YieldingYams,AverageAlmonds,2973072
2026-07-01T21:12:52.496844,2026-07-01T21:12:52.507964+00:00,88.8,2,bid,WavyWalnuts,Kelvin Chan,2973073
2026-07-01T21:12:52.496844,2026-07-01T21:12:52.507964+00:00,88.8,198,bid,WavyWalnuts,YieldingYams,2973074
2026-07-01T21:12:53.710901,2026-07-01T21:12:53.719411+00:00,88.7,200,bid,WavyWalnuts,AverageAlmonds,2973088
2026-07-01T21:12:53.774325,2026-07-01T21:12:53.785583+00:00,88.7,300,bid,YieldingYams,AverageAlmonds,2973090
2026-07-01T21:12:54.237707,2026-07-01T21:12:54.258582+00:00,88.7,325,ask,YieldingYams,AverageAlmonds,2973103
2026-07-01T21:12:55.092167,2026-07-01T21:12:55.100377+00:00,88.6,200,ask,WavyWalnuts,YieldingYams,2973120
2026-07-01T21:12:56.128598,2026-07-01T21:12:56.138271+00:00,88.5,200,bid,WavyWalnuts,YieldingYams,2973138
2026-07-01T21:12:57.718084,2026-07-01T21:12:57.728094+00:00,88.5,200,bid,YieldingYams,WavyWalnuts,2973180
2026-07-01T21:12:59.030479,2026-07-01T21:12:59.032625+00:00,88.6,200,bid,YieldingYams,WavyWalnuts,2973209
2026-07-01T21:12:59.752533,2026-07-01T21:12:59.763913+00:00,88.6,200,ask,YieldingYams,WavyWalnuts,2973217
2026-07-01T21:13:00.346729,2026-07-01T21:13:00.358578+00:00,88.5,1,ask,Kelvin Chan,YieldingYams,2973224
2026-07-01T21:13:00.860021,2026-07-01T21:13:00.874074+00:00,88.5,20,bid,BrilliantBurritos,YieldingYams,2973233
2026-07-01T21:13:00.958731,2026-07-01T21:13:00.969107+00:00,88.5,200,bid,WavyWalnuts,YieldingYams,2973234
2026-07-01T21:13:02.168252,2026-07-01T21:13:02.188430+00:00,88.7,200,bid,WavyWalnuts,YieldingYams,2973260
2026-07-01T21:13:04.487657,2026-07-01T21:13:04.491496+00:00,88.7,11,bid,Xuanyu Liu,YieldingYams,2973295
2026-07-01T21:13:05.615741,2026-07-01T21:13:05.619051+00:00,88.6,12,bid,Xuanyu Liu,YieldingYams,2973313
2026-07-01T21:13:05.795070,2026-07-01T21:13:05.801360+00:00,88.6,200,bid,WavyWalnuts,YieldingYams,2973316
2026-07-01T21:13:06.587039,2026-07-01T21:13:06.598443+00:00,88.4,4,ask,Kelvin Chan,BrilliantBurritos,2973337
2026-07-01T21:13:06.587039,2026-07-01T21:13:06.598443+00:00,88.4,16,ask,YieldingYams,BrilliantBurritos,2973338
2026-07-01T21:13:06.807366,2026-07-01T21:13:06.811393+00:00,88.5,6,ask,YieldingYams,Xuanyu Liu,2973340
2026-07-01T21:13:06.922567,2026-07-01T21:13:06.925751+00:00,88.5,6,ask,Kelvin Chan,Xuanyu Liu,2973343
2026-07-01T21:13:10.643450,2026-07-01T21:13:10.658579+00:00,88.7,200,bid,WavyWalnuts,YieldingYams,2973408
2026-07-01T21:13:10.823600,2026-07-01T21:13:10.827128+00:00,88.5,23,ask,YieldingYams,Xuanyu Liu,2973411
2026-07-01T21:13:10.869016,2026-07-01T21:13:10.872491+00:00,88.6,11,ask,YieldingYams,Xuanyu Liu,2973416
2026-07-01T21:13:13.060462,2026-07-01T21:13:13.069261+00:00,88.7,200,bid,WavyWalnuts,AverageAlmonds,2973449
