timestamp,recv_time,price,volume,aggressor_side,buyer,seller,trade_id
2026-07-01T19:59:58.739781,2026-07-01T10:00:00.123686+00:00,82.4,200,ask,,,2104646
2026-07-01T19:59:58.966484,2026-07-01T10:00:00.343634+00:00,82.3,10,ask,,,2104653
2026-07-01T19:59:59.057934,2026-07-01T10:00:00.442633+00:00,82.3,20,ask,,,2104658
2026-07-01T19:59:59.582800,2026-07-01T10:00:00.959634+00:00,82.4,500,bid,,,2104668
2026-07-01T20:00:00.484242,2026-07-01T10:00:01.872642+00:00,82.4,10,ask,,,2104696
2026-07-01T20:00:00.908727,2026-07-01T10:00:02.290634+00:00,82.2,200,bid,,,2104703
2026-07-01T20:00:02.215070,2026-07-01T10:00:03.599165+00:00,82.3,200,bid,,,2104727
2026-07-01T20:00:03.829399,2026-07-01T10:00:05.215689+00:00,82.3,20,ask,,,2104762
2026-07-01T20:00:05.577253,2026-07-01T10:00:06.964226+00:00,82.4,10,ask,,,2104811
2026-07-01T20:00:05.754047,2026-07-01T10:00:07.140225+00:00,82.5,3,bid,,,2104816
2026-07-01T20:00:05.754047,2026-07-01T10:00:07.140225+00:00,82.5,197,bid,,,2104817
2026-07-01T20:00:06.629559,2026-07-01T10:00:08.009237+00:00,82.4,500,ask,,,2104837
2026-07-01T20:00:07.227752,2026-07-01T10:00:08.613276+00:00,82.4,125,ask,,,2104851
2026-07-01T20:00:07.227752,2026-07-01T10:00:08.613276+00:00,82.4,200,ask,,,2104852
2026-07-01T20:00:09.380978,2026-07-01T10:00:10.758276+00:00,82.3,200,bid,,,2104899
2026-07-01T20:00:10.086258,2026-07-01T10:00:11.473276+00:00,82.4,200,bid,,,2104925
2026-07-01T20:00:10.086258,2026-07-01T10:00:11.473276+00:00,82.4,425,bid,,,2104926
2026-07-01T20:00:10.588084,2026-07-01T10:00:11.968276+00:00,82.4,200,bid,,,2104939
2026-07-01T20:00:11.405036,2026-07-01T10:00:12.792791+00:00,82.2,2,ask,,,2104960
2026-07-01T20:00:11.797638,2026-07-01T10:00:13.177791+00:00,82.2,200,bid,,,2104970
2026-07-01T20:00:13.755648,2026-07-01T10:00:15.146342+00:00,82.3,10,bid,,,2105032
2026-07-01T20:00:14.044306,2026-07-01T10:00:15.421351+00:00,82.2,200,ask,,,2105038
2026-07-01T20:00:17.734824,2026-07-01T10:00:19.115637+00:00,82.0,20,ask,,,2105117
2026-07-01T20:00:19.301014,2026-07-01T10:00:20.677637+00:00,82.0,6,ask,,,2105157
2026-07-01T20:00:19.342628,2026-07-01T10:00:20.721638+00:00,82.0,500,bid,,,2105163
2026-07-01T20:00:19.374220,2026-07-01T10:00:20.754638+00:00,82.0,10,bid,,,2105164
2026-07-01T20:00:20.273962,2026-07-01T10:00:21.656638+00:00,82.0,109,bid,,,2105183
2026-07-01T20:00:20.611171,2026-07-01T10:00:21.997646+00:00,82.2,200,bid,,,2105200
2026-07-01T20:00:21.485002,2026-07-01T10:00:22.871515+00:00,82.2,200,ask,,,2105221
2026-07-01T20:00:21.878568,2026-07-01T10:00:23.256516+00:00,82.2,20,ask,,,2105229
2026-07-01T20:00:22.697174,2026-07-01T10:00:24.081613+00:00,82.1,200,ask,,,2105244
2026-07-01T20:00:24.463763,2026-07-01T10:00:25.841613+00:00,82.2,10,bid,,,2105284
2026-07-01T20:00:25.992523,2026-07-01T10:00:27.370141+00:00,82.2,500,bid,,,2105319
2026-07-01T20:00:26.330602,2026-07-01T10:00:27.711149+00:00,82.2,125,bid,,,2105336
2026-07-01T20:00:27.220709,2026-07-01T10:00:28.600852+00:00,82.3,3,bid,,,2105351
2026-07-01T20:00:27.220709,2026-07-01T10:00:28.600852+00:00,82.4,200,bid,,,2105352
2026-07-01T20:00:27.257312,2026-07-01T10:00:28.633852+00:00,82.5,20,bid,,,2105353
2026-07-01T20:00:28.537442,2026-07-01T10:00:29.920370+00:00,82.3,200,ask,,,2105384
2026-07-01T20:00:30.210231,2026-07-01T10:00:31.592370+00:00,82.3,200,bid,,,2105418
2026-07-01T20:00:31.125229,2026-07-01T10:00:32.516369+00:00,82.4,10,bid,,,2105449
2026-07-01T20:00:32.050907,2026-07-01T10:00:33.428923+00:00,82.4,500,bid,,,2105462
2026-07-01T20:00:32.471380,2026-07-01T10:00:33.857936+00:00,82.4,200,bid,,,2105470
2026-07-01T20:00:33.208244,2026-07-01T10:00:34.594935+00:00,82.5,10,ask,,,2105488
2026-07-01T20:00:33.426690,2026-07-01T10:00:34.814936+00:00,82.7,20,bid,,,2105491
2026-07-01T20:00:33.602205,2026-07-01T10:00:34.990936+00:00,82.5,200,ask,,,2105493
2026-07-01T20:00:34.813018,2026-07-01T10:00:36.189937+00:00,82.4,200,bid,,,2105516
2026-07-01T20:00:35.664255,2026-07-01T10:00:37.047936+00:00,82.4,500,bid,,,2105530
2026-07-01T20:00:36.258049,2026-07-01T10:00:37.641936+00:00,82.4,125,bid,,,2105541
2026-07-01T20:00:36.405457,2026-07-01T10:00:37.784935+00:00,82.5,200,bid,,,2105547
2026-07-01T20:00:37.236822,2026-07-01T10:00:38.619505+00:00,82.5,200,ask,,,2105555
2026-07-01T20:00:38.197614,2026-07-01T10:00:39.576505+00:00,82.6,20,bid,,,2105581
2026-07-01T20:00:38.450189,2026-07-01T10:00:39.829514+00:00,82.5,12,ask,,,2105586
2026-07-01T20:00:38.859476,2026-07-01T10:00:40.247038+00:00,82.4,10,ask,,,2105593
2026-07-01T20:00:40.880517,2026-07-01T10:00:42.260039+00:00,82.4,11,ask,,,2105617
2026-07-01T20:00:40.898561,2026-07-01T10:00:42.282039+00:00,82.4,10,bid,,,2105618
2026-07-01T20:00:43.311957,2026-07-01T10:00:44.691053+00:00,82.5,200,bid,,,2105671
2026-07-01T20:00:48.159142,2026-07-01T10:00:49.541695+00:00,82.4,200,bid,,,2105768
2026-07-01T20:00:49.369743,2026-07-01T10:00:50.751695+00:00,82.5,200,ask,,,2105801
2026-07-01T20:00:50.577608,2026-07-01T10:00:51.961704+00:00,82.4,200,bid,,,2105818
2026-07-01T20:00:53.004813,2026-07-01T10:00:54.392325+00:00,82.5,200,ask,,,2105873
2026-07-01T20:00:53.670299,2026-07-01T10:00:55.052324+00:00,82.4,10,ask,,,2105884
2026-07-01T20:00:54.814090,2026-07-01T10:00:56.195885+00:00,82.4,200,ask,,,2105911
2026-07-01T20:00:56.127619,2026-07-01T10:00:57.504888+00:00,82.3,2,ask,,,2105937
2026-07-01T20:00:56.127619,2026-07-01T10:00:57.515885+00:00,82.3,200,ask,,,2105938
2026-07-01T20:00:56.127619,2026-07-01T10:00:57.515885+00:00,82.2,423,ask,,,2105939
2026-07-01T20:00:56.215689,2026-07-01T10:00:57.592887+00:00,82.2,10,ask,,,2105943
2026-07-01T20:00:57.835792,2026-07-01T10:00:59.220481+00:00,82.4,200,bid,,,2105981
2026-07-01T20:00:58.746464,2026-07-01T10:01:00.133481+00:00,82.5,200,bid,,,2106002
2026-07-01T20:01:00.075762,2026-07-01T10:01:01.452997+00:00,82.5,200,ask,,,2106034
2026-07-01T20:01:00.251705,2026-07-01T10:01:01.628998+00:00,82.5,200,bid,,,2106037
2026-07-01T20:01:01.293649,2026-07-01T10:01:02.673997+00:00,82.3,3,ask,,,2106066
2026-07-01T20:01:01.293649,2026-07-01T10:01:02.673997+00:00,82.3,17,ask,,,2106067
2026-07-01T20:01:01.301898,2026-07-01T10:01:02.684997+00:00,82.3,10,ask,,,2106068
2026-07-01T20:01:03.887431,2026-07-01T10:01:05.269534+00:00,82.5,200,bid,,,2106136
2026-07-01T20:01:05.375292,2026-07-01T10:01:06.754084+00:00,82.4,10,ask,,,2106175
2026-07-01T20:01:06.318490,2026-07-01T10:01:07.700084+00:00,82.5,200,bid,,,2106200
2026-07-01T20:01:06.393302,2026-07-01T10:01:07.777084+00:00,82.5,10,bid,,,2106201
2026-07-01T20:01:07.528269,2026-07-01T10:01:08.909885+00:00,82.4,200,ask,,,2106231
2026-07-01T20:01:07.814250,2026-07-01T10:01:09.195885+00:00,82.4,20,ask,,,2106238
2026-07-01T20:01:09.284771,2026-07-01T10:01:10.669885+00:00,82.3,2,ask,,,2106277
2026-07-01T20:01:09.952782,2026-07-01T10:01:11.340885+00:00,82.3,200,bid,,,2106293
2026-07-01T20:01:10.622632,2026-07-01T10:01:12.000896+00:00,82.2,7,ask,,,2106310
2026-07-01T20:01:10.622632,2026-07-01T10:01:12.000896+00:00,82.2,13,ask,,,2106311
2026-07-01T20:01:11.165262,2026-07-01T10:01:12.550896+00:00,82.2,200,ask,,,2106318
2026-07-01T20:01:12.167815,2026-07-01T10:01:13.551429+00:00,82.4,20,bid,,,2106336
2026-07-01T20:01:12.375608,2026-07-01T10:01:13.760427+00:00,82.3,200,ask,,,2106343
2026-07-01T20:01:12.540757,2026-07-01T10:01:13.980427+00:00,82.3,10,ask,,,2106346
2026-07-01T20:01:16.007784,2026-07-01T10:01:17.488043+00:00,82.3,200,ask,,,2106445
2026-07-01T20:01:17.123192,2026-07-01T10:01:18.532581+00:00,82.5,4,bid,,,2106468
2026-07-01T20:01:17.123192,2026-07-01T10:01:18.532581+00:00,82.5,6,bid,,,2106469
2026-07-01T20:01:18.514611,2026-07-01T10:01:19.940052+00:00,82.3,200,bid,,,2106511
2026-07-01T20:01:19.166584,2026-07-01T10:01:20.589052+00:00,82.5,3,bid,,,2106532
2026-07-01T20:01:19.166584,2026-07-01T10:01:20.589052+00:00,82.5,7,bid,,,2106533
2026-07-01T20:01:20.845084,2026-07-01T10:01:22.283052+00:00,82.3,200,ask,,,2106564
2026-07-01T20:01:21.042143,2026-07-01T10:01:22.481051+00:00,82.4,20,bid,,,2106570
2026-07-01T20:01:21.206164,2026-07-01T10:01:22.646051+00:00,82.4,10,bid,,,2106579
2026-07-01T20:01:22.056129,2026-07-01T10:01:23.492705+00:00,82.3,200,ask,,,2106590
2026-07-01T20:01:23.266683,2026-07-01T10:01:24.691212+00:00,82.3,200,ask,,,2106630
2026-07-01T20:01:23.803194,2026-07-01T10:01:25.241210+00:00,82.3,500,ask,,,2106649
2026-07-01T20:01:24.473614,2026-07-01T10:01:25.912212+00:00,82.3,125,bid,,,2106666
2026-07-01T20:01:24.473614,2026-07-01T10:01:25.912212+00:00,82.5,1,bid,,,2106667
2026-07-01T20:01:25.775323,2026-07-01T10:01:27.220764+00:00,82.5,10,bid,,,2106692
2026-07-01T20:01:27.304768,2026-07-01T10:01:28.748609+00:00,82.5,4,bid,,,2106734
2026-07-01T20:01:27.815455,2026-07-01T10:01:29.276811+00:00,82.6,16,bid,,,2106751
2026-07-01T20:01:29.319501,2026-07-01T10:01:30.761802+00:00,82.6,200,bid,,,2106787
2026-07-01T20:01:29.852398,2026-07-01T10:01:31.300802+00:00,82.6,10,bid,,,2106795
2026-07-01T20:01:30.529543,2026-07-01T10:01:31.982802+00:00,82.6,200,bid,,,2106814
2026-07-01T20:01:31.418331,2026-07-01T10:01:32.884802+00:00,82.5,500,ask,,,2106834
2026-07-01T20:01:31.743291,2026-07-01T10:01:33.214802+00:00,82.4,200,bid,,,2106853
2026-07-01T20:01:32.316139,2026-07-01T10:01:33.796742+00:00,82.4,20,bid,,,2106867
2026-07-01T20:01:32.952600,2026-07-01T10:01:34.357743+00:00,82.4,200,bid,,,2106883
2026-07-01T20:01:34.163984,2026-07-01T10:01:35.589751+00:00,82.5,200,bid,,,2106918
2026-07-01T20:01:35.664165,2026-07-01T10:01:37.128804+00:00,82.5,200,bid,,,2106946
2026-07-01T20:01:35.664165,2026-07-01T10:01:37.128804+00:00,82.6,425,bid,,,2106947
2026-07-01T20:01:38.311400,2026-07-01T10:01:39.783005+00:00,82.5,200,ask,,,2107021
2026-07-01T20:01:38.445568,2026-07-01T10:01:39.882006+00:00,82.5,10,bid,,,2107024
2026-07-01T20:01:39.621753,2026-07-01T10:01:41.025519+00:00,82.6,200,bid,,,2107050
2026-07-01T20:01:39.621753,2026-07-01T10:01:41.036520+00:00,82.6,425,bid,,,2107051
2026-07-01T20:01:40.220607,2026-07-01T10:01:41.630519+00:00,82.6,200,bid,,,2107064
2026-07-01T20:01:41.431546,2026-07-01T10:01:42.851520+00:00,82.4,200,bid,,,2107100
2026-07-01T20:01:41.930439,2026-07-01T10:01:43.346063+00:00,82.4,35,bid,,,2107120
2026-07-01T20:01:42.025231,2026-07-01T10:01:43.456063+00:00,82.4,35,bid,,,2107122
2026-07-01T20:01:42.115084,2026-07-01T10:01:43.544062+00:00,82.4,35,bid,,,2107126
2026-07-01T20:01:42.132229,2026-07-01T10:01:43.566062+00:00,82.4,25,bid,,,2107129
2026-07-01T20:01:42.205174,2026-07-01T10:01:43.632062+00:00,82.4,20,bid,,,2107132
2026-07-01T20:01:42.531792,2026-07-01T10:01:43.962061+00:00,82.6,2,bid,,,2107143
2026-07-01T20:01:42.531792,2026-07-01T10:01:43.962061+00:00,82.6,8,bid,,,2107144
2026-07-01T20:01:42.639476,2026-07-01T10:01:44.072073+00:00,82.6,200,bid,,,2107146
2026-07-01T20:01:42.815801,2026-07-01T10:01:44.248073+00:00,82.4,20,ask,,,2107149
2026-07-01T20:01:43.851715,2026-07-01T10:01:45.282073+00:00,82.6,200,bid,,,2107175
2026-07-01T20:01:44.954659,2026-07-01T10:01:46.394620+00:00,82.5,35,bid,,,2107205
2026-07-01T20:01:45.051213,2026-07-01T10:01:46.493621+00:00,82.5,18,bid,,,2107211
2026-07-01T20:01:45.065655,2026-07-01T10:01:46.504620+00:00,82.5,200,bid,,,2107213
2026-07-01T20:01:46.198273,2026-07-01T10:01:47.637621+00:00,82.6,500,bid,,,2107242
2026-07-01T20:01:46.198273,2026-07-01T10:01:47.637621+00:00,82.6,1,bid,,,2107243
2026-07-01T20:01:46.198273,2026-07-01T10:01:47.637621+00:00,82.7,124,bid,,,2107244
2026-07-01T20:01:46.527381,2026-07-01T10:01:47.967621+00:00,82.5,200,ask,,,2107253
2026-07-01T20:01:47.517204,2026-07-01T10:01:48.957378+00:00,82.5,200,ask,,,2107283
2026-07-01T20:01:47.938300,2026-07-01T10:01:49.385902+00:00,82.5,20,bid,,,2107293
2026-07-01T20:01:48.694329,2026-07-01T10:01:50.144894+00:00,82.5,200,bid,,,2107303
2026-07-01T20:01:48.828975,2026-07-01T10:01:50.254893+00:00,82.6,3,bid,,,2107307
2026-07-01T20:01:48.828975,2026-07-01T10:01:50.254893+00:00,82.6,500,bid,,,2107308
2026-07-01T20:01:48.939144,2026-07-01T10:01:50.375893+00:00,82.6,122,ask,,,2107309
2026-07-01T20:01:49.929127,2026-07-01T10:01:51.387893+00:00,82.3,154,bid,,,2107336
2026-07-01T20:01:50.138496,2026-07-01T10:01:51.585893+00:00,82.3,46,bid,,,2107349
2026-07-01T20:01:51.138377,2026-07-01T10:01:52.597273+00:00,82.3,20,ask,,,2107382
2026-07-01T20:01:51.453246,2026-07-01T10:01:52.905274+00:00,82.3,200,ask,,,2107395
2026-07-01T20:01:52.318396,2026-07-01T10:01:53.773818+00:00,82.3,200,bid,,,2107413
2026-07-01T20:01:52.460879,2026-07-01T10:01:53.916817+00:00,82.2,2,ask,,,2107419
2026-07-01T20:01:53.535029,2026-07-01T10:01:55.005831+00:00,82.4,200,ask,,,2107439
2026-07-01T20:01:53.805308,2026-07-01T10:01:55.269830+00:00,82.4,425,ask,,,2107444
2026-07-01T20:01:54.745073,2026-07-01T10:01:56.160394+00:00,82.4,200,bid,,,2107487
2026-07-01T20:01:57.747746,2026-07-01T10:01:59.200526+00:00,82.4,46,bid,,,2107540
2026-07-01T20:01:58.008348,2026-07-01T10:01:59.475526+00:00,82.4,154,bid,,,2107553
2026-07-01T20:01:58.380966,2026-07-01T10:01:59.860526+00:00,82.4,200,ask,,,2107560
2026-07-01T20:01:59.203901,2026-07-01T10:02:00.597527+00:00,82.5,10,bid,,,2107573
2026-07-01T20:02:00.123323,2026-07-01T10:02:01.521527+00:00,82.3,20,ask,,,2107590
2026-07-01T20:02:01.242644,2026-07-01T10:02:02.654535+00:00,82.4,10,bid,,,2107620
2026-07-01T20:02:01.953678,2026-07-01T10:02:03.369101+00:00,82.3,200,ask,,,2107636
2026-07-01T20:02:02.016819,2026-07-01T10:02:03.446098+00:00,82.2,200,bid,,,2107639
2026-07-01T20:02:02.162994,2026-07-01T10:02:03.578099+00:00,82.2,25,bid,,,2107642
2026-07-01T20:02:03.148649,2026-07-01T10:02:04.557098+00:00,82.1,20,ask,,,2107651
2026-07-01T20:02:03.241736,2026-07-01T10:02:04.667099+00:00,82.2,200,bid,,,2107653
2026-07-01T20:02:03.265677,2026-07-01T10:02:04.689099+00:00,82.4,200,bid,,,2107657
2026-07-01T20:02:04.455887,2026-07-01T10:02:05.877099+00:00,82.5,200,ask,,,2107669
2026-07-01T20:02:07.188043,2026-07-01T10:02:08.593227+00:00,82.5,25,bid,,,2107712
2026-07-01T20:02:07.252997,2026-07-01T10:02:08.670228+00:00,82.5,200,bid,,,2107716
2026-07-01T20:02:07.859279,2026-07-01T10:02:09.279227+00:00,82.5,20,ask,,,2107730
2026-07-01T20:02:08.082372,2026-07-01T10:02:09.499228+00:00,82.5,200,ask,,,2107734
2026-07-01T20:02:08.341489,2026-07-01T10:02:09.763226+00:00,82.5,205,ask,,,2107737
2026-07-01T20:02:09.290611,2026-07-01T10:02:10.720227+00:00,82.4,200,bid,,,2107760
2026-07-01T20:02:10.499247,2026-07-01T10:02:11.930226+00:00,82.3,200,bid,,,2107778
2026-07-01T20:02:11.726914,2026-07-01T10:02:13.162226+00:00,82.2,200,bid,,,2107816
2026-07-01T20:02:11.974695,2026-07-01T10:02:13.392764+00:00,82.0,20,ask,,,2107818
2026-07-01T20:02:12.206690,2026-07-01T10:02:13.645763+00:00,82.2,25,bid,,,2107825
2026-07-01T20:02:13.822488,2026-07-01T10:02:15.289764+00:00,82.1,200,ask,,,2107861
2026-07-01T20:02:13.822488,2026-07-01T10:02:15.289764+00:00,82.1,1,ask,,,2107862
2026-07-01T20:02:13.822488,2026-07-01T10:02:15.289764+00:00,82.1,424,ask,,,2107863
2026-07-01T20:02:14.973461,2026-07-01T10:02:16.455306+00:00,82.2,10,bid,,,2107882
2026-07-01T20:02:15.132800,2026-07-01T10:02:16.609318+00:00,82.2,190,bid,,,2107889
2026-07-01T20:02:15.364405,2026-07-01T10:02:16.851318+00:00,82.3,200,ask,,,2107899
2026-07-01T20:02:15.481199,2026-07-01T10:02:16.950319+00:00,82.5,10,bid,,,2107904
2026-07-01T20:02:17.005447,2026-07-01T10:02:18.413321+00:00,82.3,10,bid,,,2107940
2026-07-01T20:02:17.224361,2026-07-01T10:02:18.654837+00:00,82.3,25,bid,,,2107943
2026-07-01T20:02:19.007225,2026-07-01T10:02:20.469836+00:00,82.4,200,bid,,,2107987
2026-07-01T20:02:20.219509,2026-07-01T10:02:21.690857+00:00,82.4,200,bid,,,2108019
2026-07-01T20:02:20.474400,2026-07-01T10:02:21.965857+00:00,82.4,20,bid,,,2108032
2026-07-01T20:02:22.237505,2026-07-01T10:02:23.615709+00:00,82.3,25,bid,,,2108071
2026-07-01T20:02:22.637908,2026-07-01T10:02:24.022709+00:00,82.3,200,bid,,,2108079
2026-07-01T20:02:24.293880,2026-07-01T10:02:25.672709+00:00,82.3,8,ask,,,2108122
2026-07-01T20:02:24.396114,2026-07-01T10:02:25.782719+00:00,82.4,8,bid,,,2108130
2026-07-01T20:02:24.409100,2026-07-01T10:02:25.793720+00:00,82.3,8,ask,,,2108133
2026-07-01T20:02:24.515455,2026-07-01T10:02:25.903719+00:00,82.4,8,bid,,,2108139
2026-07-01T20:02:24.533567,2026-07-01T10:02:25.914720+00:00,82.3,8,ask,,,2108142
2026-07-01T20:02:24.636429,2026-07-01T10:02:26.013720+00:00,82.4,6,bid,,,2108148
2026-07-01T20:02:25.376509,2026-07-01T10:02:26.761273+00:00,82.3,8,ask,,,2108167
2026-07-01T20:02:25.486941,2026-07-01T10:02:26.871273+00:00,82.3,8,ask,,,2108174
2026-07-01T20:02:25.674312,2026-07-01T10:02:27.058273+00:00,82.3,200,ask,,,2108186
2026-07-01T20:02:25.854816,2026-07-01T10:02:27.234273+00:00,82.3,20,bid,,,2108190
2026-07-01T20:02:26.265972,2026-07-01T10:02:27.652273+00:00,82.2,1,ask,,,2108207
2026-07-01T20:02:26.265972,2026-07-01T10:02:27.652273+00:00,82.2,199,ask,,,2108208
2026-07-01T20:02:27.478428,2026-07-01T10:02:28.860858+00:00,82.3,200,ask,,,2108228
2026-07-01T20:02:27.642574,2026-07-01T10:02:29.025858+00:00,82.3,10,ask,,,2108235
2026-07-01T20:02:33.568179,2026-07-01T10:02:34.948023+00:00,82.5,200,ask,,,2108360
2026-07-01T20:02:34.641087,2026-07-01T10:02:36.026022+00:00,82.6,1,bid,,,2108383
2026-07-01T20:02:34.641087,2026-07-01T10:02:36.026022+00:00,82.6,19,bid,,,2108384
2026-07-01T20:02:34.781994,2026-07-01T10:02:36.168566+00:00,82.5,200,ask,,,2108386
2026-07-01T20:02:35.990817,2026-07-01T10:02:37.367581+00:00,82.5,200,ask,,,2108400
2026-07-01T20:02:37.199981,2026-07-01T10:02:38.587567+00:00,82.5,200,bid,,,2108433
2026-07-01T20:02:38.408142,2026-07-01T10:02:39.786100+00:00,82.5,200,bid,,,2108463
2026-07-01T20:02:38.470299,2026-07-01T10:02:39.852101+00:00,82.5,20,bid,,,2108464
2026-07-01T20:02:38.825661,2026-07-01T10:02:40.204100+00:00,82.5,500,bid,,,2108482
2026-07-01T20:02:38.825661,2026-07-01T10:02:40.215100+00:00,82.6,2,bid,,,2108483
2026-07-01T20:02:39.229421,2026-07-01T10:02:40.611101+00:00,82.6,123,ask,,,2108491
2026-07-01T20:02:40.143000,2026-07-01T10:02:41.526101+00:00,82.4,200,ask,,,2108516
2026-07-01T20:02:40.143000,2026-07-01T10:02:41.526101+00:00,82.2,4,ask,,,2108517
2026-07-01T20:02:40.280296,2026-07-01T10:02:41.658101+00:00,82.1,10,ask,,,2108522
2026-07-01T20:02:40.831500,2026-07-01T10:02:42.218698+00:00,82.2,200,bid,,,2108539
2026-07-01T20:02:43.253151,2026-07-01T10:02:44.638939+00:00,82.3,200,bid,,,2108597
2026-07-01T20:02:44.126620,2026-07-01T10:02:45.507937+00:00,82.4,35,ask,,,2108627
2026-07-01T20:02:44.215383,2026-07-01T10:02:45.595937+00:00,82.4,35,ask,,,2108633
2026-07-01T20:02:44.303849,2026-07-01T10:02:45.683937+00:00,82.4,27,ask,,,2108636
2026-07-01T20:02:44.463055,2026-07-01T10:02:45.848937+00:00,82.4,200,ask,,,2108639
2026-07-01T20:02:45.431778,2026-07-01T10:02:46.816065+00:00,82.4,50,bid,,,2108663
2026-07-01T20:02:48.101033,2026-07-01T10:02:49.489023+00:00,82.3,200,ask,,,2108718
2026-07-01T20:02:50.733623,2026-07-01T10:02:52.118025+00:00,82.3,500,bid,,,2108764
2026-07-01T20:02:51.327390,2026-07-01T10:02:52.712023+00:00,82.3,125,bid,,,2108779
2026-07-01T20:02:51.736153,2026-07-01T10:02:53.119025+00:00,82.3,200,ask,,,2108784
2026-07-01T20:02:52.023801,2026-07-01T10:02:53.404080+00:00,82.5,35,ask,,,2108798
2026-07-01T20:02:52.113651,2026-07-01T10:02:53.492081+00:00,82.5,35,ask,,,2108801
2026-07-01T20:02:52.204775,2026-07-01T10:02:53.591080+00:00,82.5,30,ask,,,2108804
2026-07-01T20:02:52.945269,2026-07-01T10:02:54.328080+00:00,82.5,200,ask,,,2108823
2026-07-01T20:02:53.490012,2026-07-01T10:02:54.878081+00:00,82.3,10,ask,,,2108836
2026-07-01T20:02:54.153389,2026-07-01T10:02:55.538079+00:00,82.3,200,ask,,,2108859
2026-07-01T20:02:54.696856,2026-07-01T10:02:56.076632+00:00,82.3,35,bid,,,2108865
2026-07-01T20:02:54.789584,2026-07-01T10:02:56.175632+00:00,82.3,35,bid,,,2108868
2026-07-01T20:02:54.879859,2026-07-01T10:02:56.263632+00:00,82.3,35,bid,,,2108872
2026-07-01T20:02:54.973053,2026-07-01T10:02:56.351631+00:00,82.3,35,bid,,,2108874
2026-07-01T20:02:55.063025,2026-07-01T10:02:56.450632+00:00,82.3,7,bid,,,2108878
2026-07-01T20:02:55.367521,2026-07-01T10:02:56.747632+00:00,82.3,200,bid,,,2108891
2026-07-01T20:02:56.580729,2026-07-01T10:02:57.968632+00:00,82.3,200,bid,,,2108924
2026-07-01T20:02:58.553863,2026-07-01T10:02:59.936635+00:00,82.3,200,bid,,,2108978
2026-07-01T20:02:58.626986,2026-07-01T10:03:00.013635+00:00,82.4,35,ask,,,2108984
2026-07-01T20:02:58.717713,2026-07-01T10:03:00.101634+00:00,82.4,35,ask,,,2108986
2026-07-01T20:02:58.810309,2026-07-01T10:03:00.189635+00:00,82.4,30,ask,,,2108988
2026-07-01T20:02:59.017819,2026-07-01T10:03:00.398634+00:00,82.4,200,ask,,,2108992
2026-07-01T20:02:59.870057,2026-07-01T10:03:01.256634+00:00,82.2,1,ask,,,2109023
2026-07-01T20:02:59.870057,2026-07-01T10:03:01.256634+00:00,82.2,200,ask,,,2109024
2026-07-01T20:03:01.000800,2026-07-01T10:03:02.378634+00:00,82.2,424,bid,,,2109047
2026-07-01T20:03:01.181498,2026-07-01T10:03:02.565633+00:00,82.3,200,bid,,,2109055
2026-07-01T20:03:01.440248,2026-07-01T10:03:02.818634+00:00,82.4,200,ask,,,2109064
2026-07-01T20:03:02.495977,2026-07-01T10:03:03.874191+00:00,82.1,1,ask,,,2109092
2026-07-01T20:03:02.495977,2026-07-01T10:03:03.885191+00:00,82.1,200,ask,,,2109093
2026-07-01T20:03:02.582922,2026-07-01T10:03:03.962191+00:00,82.1,45,bid,,,2109099
2026-07-01T20:03:02.643903,2026-07-01T10:03:04.028199+00:00,82.1,200,bid,,,2109100
2026-07-01T20:03:02.670253,2026-07-01T10:03:04.050199+00:00,82.1,73,bid,,,2109101
2026-07-01T20:03:02.682376,2026-07-01T10:03:04.061200+00:00,82.0,35,ask,,,2109103
2026-07-01T20:03:02.766832,2026-07-01T10:03:04.149199+00:00,82.1,27,bid,,,2109104
2026-07-01T20:03:02.777520,2026-07-01T10:03:04.160199+00:00,82.0,9,ask,,,2109106
2026-07-01T20:03:03.440789,2026-07-01T10:03:04.831202+00:00,82.1,79,bid,,,2109116
2026-07-01T20:03:04.800735,2026-07-01T10:03:06.183761+00:00,82.3,20,bid,,,2109145
2026-07-01T20:03:06.314380,2026-07-01T10:03:07.701760+00:00,82.3,35,ask,,,2109171
2026-07-01T20:03:06.412046,2026-07-01T10:03:07.789760+00:00,82.3,35,ask,,,2109174
2026-07-01T20:03:06.501825,2026-07-01T10:03:07.888761+00:00,82.3,35,ask,,,2109179
2026-07-01T20:03:06.597271,2026-07-01T10:03:07.976761+00:00,82.3,35,ask,,,2109183
2026-07-01T20:03:06.687659,2026-07-01T10:03:08.064760+00:00,82.3,9,ask,,,2109188
2026-07-01T20:03:07.413985,2026-07-01T10:03:08.801293+00:00,82.4,10,bid,,,2109205
2026-07-01T20:03:07.413985,2026-07-01T10:03:08.801293+00:00,82.4,25,bid,,,2109206
2026-07-01T20:03:07.506221,2026-07-01T10:03:08.889294+00:00,82.3,15,bid,,,2109208
2026-07-01T20:03:07.752416,2026-07-01T10:03:09.142294+00:00,82.2,200,ask,,,2109226
2026-07-01T20:03:07.752416,2026-07-01T10:03:09.142294+00:00,82.2,425,ask,,,2109227
2026-07-01T20:03:09.906263,2026-07-01T10:03:11.287314+00:00,82.2,200,ask,,,2109286
2026-07-01T20:03:10.384059,2026-07-01T10:03:11.770935+00:00,82.2,500,ask,,,2109295
2026-07-01T20:03:10.692398,2026-07-01T10:03:12.078936+00:00,82.2,125,bid,,,2109303
2026-07-01T20:03:10.726022,2026-07-01T10:03:12.111936+00:00,82.3,35,ask,,,2109305
2026-07-01T20:03:10.815650,2026-07-01T10:03:12.199935+00:00,82.3,35,ask,,,2109308
2026-07-01T20:03:11.160088,2026-07-01T10:03:12.551936+00:00,82.3,10,ask,,,2109321
2026-07-01T20:03:12.429705,2026-07-01T10:03:13.809475+00:00,82.4,8,bid,,,2109342
2026-07-01T20:03:14.074010,2026-07-01T10:03:15.459495+00:00,82.2,20,ask,,,2109395
2026-07-01T20:03:14.324808,2026-07-01T10:03:15.712495+00:00,82.3,200,bid,,,2109401
2026-07-01T20:03:14.745912,2026-07-01T10:03:16.130049+00:00,82.3,200,ask,,,2109405
2026-07-01T20:03:16.949002,2026-07-01T10:03:18.329098+00:00,82.3,200,bid,,,2109468
2026-07-01T20:03:17.718572,2026-07-01T10:03:19.099098+00:00,82.3,10,ask,,,2109492
2026-07-01T20:03:18.270670,2026-07-01T10:03:19.649097+00:00,82.2,200,ask,,,2109504
2026-07-01T20:03:20.744535,2026-07-01T10:03:22.124107+00:00,82.1,1,ask,,,2109544
2026-07-01T20:03:20.744535,2026-07-01T10:03:22.135107+00:00,82.1,21,ask,,,2109545
2026-07-01T20:03:20.795591,2026-07-01T10:03:22.179107+00:00,82.1,200,ask,,,2109550
2026-07-01T20:03:22.005956,2026-07-01T10:03:23.390635+00:00,82.1,3,ask,,,2109579
2026-07-01T20:03:22.005956,2026-07-01T10:03:23.390635+00:00,82.1,197,ask,,,2109580
2026-07-01T20:03:22.247092,2026-07-01T10:03:23.632635+00:00,82.1,3,ask,,,2109591
2026-07-01T20:03:22.247092,2026-07-01T10:03:23.632635+00:00,82.1,500,ask,,,2109592
2026-07-01T20:03:22.804131,2026-07-01T10:03:24.193636+00:00,82.1,122,bid,,,2109603
2026-07-01T20:03:23.219094,2026-07-01T10:03:24.600637+00:00,82.1,200,ask,,,2109612
2026-07-01T20:03:25.638754,2026-07-01T10:03:27.020215+00:00,82.0,2,ask,,,2109668
2026-07-01T20:03:25.638754,2026-07-01T10:03:27.020215+00:00,82.0,198,ask,,,2109669
2026-07-01T20:03:26.416636,2026-07-01T10:03:27.801214+00:00,82.0,150,ask,,,2109698
2026-07-01T20:03:26.849400,2026-07-01T10:03:28.230214+00:00,82.0,200,ask,,,2109708
2026-07-01T20:03:27.481487,2026-07-01T10:03:28.867750+00:00,82.0,500,ask,,,2109725
2026-07-01T20:03:27.481487,2026-07-01T10:03:28.867750+00:00,81.8,125,ask,,,2109726
2026-07-01T20:03:28.058028,2026-07-01T10:03:29.439751+00:00,82.0,200,ask,,,2109737
2026-07-01T20:03:29.912605,2026-07-01T10:03:31.298751+00:00,82.1,10,ask,,,2109777
2026-07-01T20:03:30.889125,2026-07-01T10:03:32.277771+00:00,82.1,20,ask,,,2109809
2026-07-01T20:03:31.688799,2026-07-01T10:03:33.069771+00:00,82.1,200,ask,,,2109830
2026-07-01T20:03:36.380353,2026-07-01T10:03:37.765612+00:00,82.1,20,bid,,,2109937
2026-07-01T20:03:37.742955,2026-07-01T10:03:39.129179+00:00,82.0,7,ask,,,2109963
2026-07-01T20:03:37.742955,2026-07-01T10:03:39.129179+00:00,82.0,193,ask,,,2109964
2026-07-01T20:03:37.939392,2026-07-01T10:03:39.327170+00:00,82.1,500,bid,,,2109980
2026-07-01T20:03:39.084425,2026-07-01T10:03:40.471171+00:00,82.2,35,bid,,,2109998
2026-07-01T20:03:39.182224,2026-07-01T10:03:40.570171+00:00,82.2,35,bid,,,2110000
2026-07-01T20:03:39.272100,2026-07-01T10:03:40.658171+00:00,82.2,35,bid,,,2110008
2026-07-01T20:03:39.361680,2026-07-01T10:03:40.746171+00:00,82.2,35,bid,,,2110016
2026-07-01T20:03:39.454240,2026-07-01T10:03:40.834170+00:00,82.2,10,bid,,,2110022
2026-07-01T20:03:40.377641,2026-07-01T10:03:41.758172+00:00,82.1,200,bid,,,2110038
2026-07-01T20:03:41.389568,2026-07-01T10:03:42.770170+00:00,82.1,200,ask,,,2110055
2026-07-01T20:03:41.923462,2026-07-01T10:03:43.309565+00:00,82.1,500,ask,,,2110067
2026-07-01T20:03:42.177345,2026-07-01T10:03:43.562575+00:00,82.1,125,bid,,,2110068
2026-07-01T20:03:42.597589,2026-07-01T10:03:43.980574+00:00,82.1,200,ask,,,2110090
2026-07-01T20:03:43.541882,2026-07-01T10:03:44.926099+00:00,82.1,10,ask,,,2110104
2026-07-01T20:03:45.368179,2026-07-01T10:03:46.751606+00:00,82.1,20,ask,,,2110143
2026-07-01T20:03:47.083730,2026-07-01T10:03:48.469827+00:00,82.2,10,bid,,,2110181
2026-07-01T20:03:49.192556,2026-07-01T10:03:50.570826+00:00,82.1,20,ask,,,2110215
2026-07-01T20:03:51.115879,2026-07-01T10:03:52.495934+00:00,82.3,200,bid,,,2110254
2026-07-01T20:03:51.141501,2026-07-01T10:03:52.528934+00:00,82.3,50,ask,,,2110259
2026-07-01T20:03:51.181813,2026-07-01T10:03:52.561935+00:00,82.3,59,ask,,,2110261
2026-07-01T20:03:51.311105,2026-07-01T10:03:52.693933+00:00,82.3,35,ask,,,2110271
2026-07-01T20:03:51.401358,2026-07-01T10:03:52.781934+00:00,82.3,35,ask,,,2110277
2026-07-01T20:03:51.492471,2026-07-01T10:03:52.869934+00:00,82.3,21,ask,,,2110280
2026-07-01T20:03:51.658454,2026-07-01T10:03:53.045933+00:00,82.3,10,ask,,,2110282
2026-07-01T20:03:52.429531,2026-07-01T10:03:53.815832+00:00,82.2,200,ask,,,2110304
2026-07-01T20:03:52.453399,2026-07-01T10:03:53.837833+00:00,82.1,134,bid,,,2110306
2026-07-01T20:03:53.741572,2026-07-01T10:03:55.124832+00:00,82.2,200,bid,,,2110330
2026-07-01T20:03:55.065430,2026-07-01T10:03:56.444388+00:00,82.3,200,ask,,,2110355
2026-07-01T20:03:55.590585,2026-07-01T10:03:56.972389+00:00,82.3,8,bid,,,2110371
2026-07-01T20:03:57.680766,2026-07-01T10:03:59.061955+00:00,82.2,200,bid,,,2110420
2026-07-01T20:03:58.112702,2026-07-01T10:03:59.501964+00:00,82.2,8,ask,,,2110431
2026-07-01T20:03:58.995271,2026-07-01T10:04:00.381964+00:00,82.2,200,ask,,,2110452
2026-07-01T20:03:59.006908,2026-07-01T10:04:00.392964+00:00,82.1,8,bid,,,2110454
2026-07-01T20:03:59.156655,2026-07-01T10:04:00.535964+00:00,82.1,8,bid,,,2110461
2026-07-01T20:03:59.267327,2026-07-01T10:04:00.645964+00:00,82.1,8,bid,,,2110467
2026-07-01T20:04:00.298019,2026-07-01T10:04:01.681955+00:00,82.1,20,bid,,,2110485
2026-07-01T20:04:00.765810,2026-07-01T10:04:02.143955+00:00,82.1,200,ask,,,2110493
2026-07-01T20:04:01.302235,2026-07-01T10:04:02.682955+00:00,82.1,1,ask,,,2110501
2026-07-01T20:04:03.186637,2026-07-01T10:04:04.574656+00:00,82.0,200,ask,,,2110537
2026-07-01T20:04:03.397615,2026-07-01T10:04:04.783656+00:00,82.1,500,bid,,,2110538
2026-07-01T20:04:03.987631,2026-07-01T10:04:05.377686+00:00,82.1,125,bid,,,2110554
2026-07-01T20:04:04.394965,2026-07-01T10:04:05.784677+00:00,82.1,200,ask,,,2110564
2026-07-01T20:04:04.416585,2026-07-01T10:04:05.795677+00:00,82.1,134,ask,,,2110566
2026-07-01T20:04:04.834774,2026-07-01T10:04:06.224215+00:00,82.1,10,ask,,,2110574
2026-07-01T20:04:05.546127,2026-07-01T10:04:06.928214+00:00,82.2,7,bid,,,2110587
2026-07-01T20:04:05.604430,2026-07-01T10:04:06.983215+00:00,82.2,200,ask,,,2110589
2026-07-01T20:04:06.814258,2026-07-01T10:04:08.193224+00:00,82.2,200,ask,,,2110602
2026-07-01T20:04:06.859911,2026-07-01T10:04:08.248224+00:00,82.1,500,ask,,,2110605
2026-07-01T20:04:07.003393,2026-07-01T10:04:08.390614+00:00,82.1,125,bid,,,2110607
2026-07-01T20:04:07.341842,2026-07-01T10:04:08.720614+00:00,82.1,25,ask,,,2110611
2026-07-01T20:04:08.165324,2026-07-01T10:04:09.545147+00:00,82.1,200,bid,,,2110632
2026-07-01T20:04:08.165324,2026-07-01T10:04:09.556147+00:00,82.3,7,bid,,,2110633
2026-07-01T20:04:09.230850,2026-07-01T10:04:10.612147+00:00,82.4,200,ask,,,2110659
2026-07-01T20:04:09.916426,2026-07-01T10:04:11.294148+00:00,82.3,20,bid,,,2110679
2026-07-01T20:04:10.438045,2026-07-01T10:04:11.822148+00:00,82.3,200,bid,,,2110692
2026-07-01T20:04:10.613359,2026-07-01T10:04:11.998149+00:00,82.3,20,bid,,,2110697
2026-07-01T20:04:10.799010,2026-07-01T10:04:12.185148+00:00,82.3,3,bid,,,2110703
2026-07-01T20:04:11.129577,2026-07-01T10:04:12.515149+00:00,82.3,20,ask,,,2110707
2026-07-01T20:04:11.651126,2026-07-01T10:04:13.033148+00:00,82.3,200,ask,,,2110715
2026-07-01T20:04:14.069559,2026-07-01T10:04:15.453404+00:00,82.2,200,ask,,,2110761
2026-07-01T20:04:14.959566,2026-07-01T10:04:16.343459+00:00,82.3,10,bid,,,2110781
2026-07-01T20:04:15.283811,2026-07-01T10:04:16.662460+00:00,82.1,12,ask,,,2110787
2026-07-01T20:04:15.283811,2026-07-01T10:04:16.673460+00:00,82.1,188,ask,,,2110788
2026-07-01T20:04:16.491691,2026-07-01T10:04:17.872458+00:00,82.1,200,bid,,,2110803
2026-07-01T20:04:16.991727,2026-07-01T10:04:18.378458+00:00,82.1,20,bid,,,2110813
2026-07-01T20:04:17.703108,2026-07-01T10:04:19.093470+00:00,82.2,200,bid,,,2110822
2026-07-01T20:04:18.528423,2026-07-01T10:04:19.907478+00:00,82.0,8,ask,,,2110835
2026-07-01T20:04:18.528423,2026-07-01T10:04:19.918478+00:00,82.0,12,ask,,,2110836
2026-07-01T20:04:22.547749,2026-07-01T10:04:23.936543+00:00,82.1,200,ask,,,2110939
2026-07-01T20:04:23.756842,2026-07-01T10:04:25.135068+00:00,82.0,7,ask,,,2110966
2026-07-01T20:04:23.756842,2026-07-01T10:04:25.146068+00:00,81.9,193,ask,,,2110967
2026-07-01T20:04:23.937029,2026-07-01T10:04:25.322059+00:00,81.9,500,ask,,,2110982
2026-07-01T20:04:23.957634,2026-07-01T10:04:25.344059+00:00,81.9,125,bid,,,2110983
2026-07-01T20:04:25.167762,2026-07-01T10:04:26.553120+00:00,82.0,200,bid,,,2111012
2026-07-01T20:04:26.187052,2026-07-01T10:04:27.565140+00:00,82.2,200,ask,,,2111034
2026-07-01T20:04:26.676739,2026-07-01T10:04:28.060131+00:00,82.1,20,bid,,,2111047
2026-07-01T20:04:27.393040,2026-07-01T10:04:28.774640+00:00,82.1,200,bid,,,2111064
2026-07-01T20:04:27.396184,2026-07-01T10:04:28.774640+00:00,82.1,1,bid,,,2111065
2026-07-01T20:04:27.838150,2026-07-01T10:04:29.225640+00:00,82.0,20,ask,,,2111069
2026-07-01T20:04:28.607059,2026-07-01T10:04:29.995639+00:00,82.1,200,bid,,,2111093
2026-07-01T20:04:30.523745,2026-07-01T10:04:31.909766+00:00,82.4,1,bid,,,2111122
2026-07-01T20:04:30.523745,2026-07-01T10:04:31.909766+00:00,82.4,200,bid,,,2111123
2026-07-01T20:04:30.523745,2026-07-01T10:04:31.909766+00:00,82.5,424,bid,,,2111124
2026-07-01T20:04:30.743134,2026-07-01T10:04:32.129765+00:00,82.2,20,ask,,,2111131
2026-07-01T20:04:31.859010,2026-07-01T10:04:33.240777+00:00,82.3,8,bid,,,2111161
2026-07-01T20:04:31.859010,2026-07-01T10:04:33.240777+00:00,82.4,200,bid,,,2111162
2026-07-01T20:04:32.239153,2026-07-01T10:04:33.625893+00:00,82.4,200,ask,,,2111176
2026-07-01T20:04:32.406262,2026-07-01T10:04:33.790894+00:00,82.4,25,ask,,,2111179
2026-07-01T20:04:34.661137,2026-07-01T10:04:36.045412+00:00,82.5,200,bid,,,2111228
2026-07-01T20:04:36.800444,2026-07-01T10:04:38.178982+00:00,82.4,20,ask,,,2111280
2026-07-01T20:04:37.086212,2026-07-01T10:04:38.464983+00:00,82.4,200,ask,,,2111289
2026-07-01T20:04:37.430901,2026-07-01T10:04:38.816982+00:00,82.5,2,bid,,,2111293
2026-07-01T20:04:38.293882,2026-07-01T10:04:39.674983+00:00,82.5,3,bid,,,2111316
2026-07-01T20:04:38.293882,2026-07-01T10:04:39.674983+00:00,82.5,197,bid,,,2111317
2026-07-01T20:04:41.064455,2026-07-01T10:04:42.446982+00:00,82.4,200,ask,,,2111387
2026-07-01T20:04:42.447155,2026-07-01T10:04:43.832033+00:00,82.5,2,bid,,,2111426
2026-07-01T20:04:43.395140,2026-07-01T10:04:44.781033+00:00,82.4,20,bid,,,2111439
2026-07-01T20:04:43.685677,2026-07-01T10:04:45.067042+00:00,82.4,180,bid,,,2111450
2026-07-01T20:04:44.351816,2026-07-01T10:04:45.738042+00:00,82.4,200,ask,,,2111455
2026-07-01T20:04:45.560416,2026-07-01T10:04:46.947590+00:00,82.3,200,bid,,,2111482
2026-07-01T20:04:46.770991,2026-07-01T10:04:48.157611+00:00,82.3,200,bid,,,2111508
2026-07-01T20:04:47.458493,2026-07-01T10:04:48.838369+00:00,82.3,2,bid,,,2111530
2026-07-01T20:04:47.991528,2026-07-01T10:04:49.377360+00:00,82.4,200,bid,,,2111537
2026-07-01T20:04:48.688787,2026-07-01T10:04:50.070369+00:00,82.4,35,bid,,,2111548
2026-07-01T20:04:48.811739,2026-07-01T10:04:50.191369+00:00,82.4,35,bid,,,2111551
2026-07-01T20:04:49.199736,2026-07-01T10:04:50.587360+00:00,82.5,1,bid,,,2111564
2026-07-01T20:04:49.199736,2026-07-01T10:04:50.587360+00:00,82.6,199,bid,,,2111565
2026-07-01T20:04:50.246701,2026-07-01T10:04:51.631884+00:00,82.5,1,bid,,,2111583
2026-07-01T20:04:50.409996,2026-07-01T10:04:51.796884+00:00,82.6,2,bid,,,2111585
2026-07-01T20:04:51.108935,2026-07-01T10:04:52.489875+00:00,82.6,20,ask,,,2111598
2026-07-01T20:04:51.876099,2026-07-01T10:04:53.259875+00:00,82.5,1,ask,,,2111621
2026-07-01T20:04:52.469066,2026-07-01T10:04:53.853444+00:00,82.6,2,bid,,,2111632
2026-07-01T20:04:55.007162,2026-07-01T10:04:56.393212+00:00,82.6,35,bid,,,2111693
2026-07-01T20:04:55.099769,2026-07-01T10:04:56.481212+00:00,82.6,35,bid,,,2111698
2026-07-01T20:04:55.188378,2026-07-01T10:04:56.569211+00:00,82.6,35,bid,,,2111700
2026-07-01T20:04:55.280466,2026-07-01T10:04:56.668211+00:00,82.6,3,bid,,,2111703
2026-07-01T20:04:55.410024,2026-07-01T10:04:56.789212+00:00,82.6,10,bid,,,2111708
2026-07-01T20:04:56.804512,2026-07-01T10:04:58.186211+00:00,82.8,200,bid,,,2111744
2026-07-01T20:04:56.804512,2026-07-01T10:04:58.186211+00:00,82.8,425,bid,,,2111745
2026-07-01T20:04:56.935137,2026-07-01T10:04:58.317248+00:00,82.8,10,bid,,,2111752
2026-07-01T20:04:57.479659,2026-07-01T10:04:58.867133+00:00,82.7,2,bid,,,2111759
2026-07-01T20:04:57.521630,2026-07-01T10:04:58.900133+00:00,82.6,20,ask,,,2111761
2026-07-01T20:04:57.668699,2026-07-01T10:04:59.054142+00:00,82.7,200,bid,,,2111764
2026-07-01T20:04:58.878663,2026-07-01T10:05:00.264133+00:00,82.6,200,bid,,,2111791
2026-07-01T20:04:59.424414,2026-07-01T10:05:00.805150+00:00,82.7,9,bid,,,2111814
2026-07-01T20:05:00.742634,2026-07-01T10:05:02.125148+00:00,82.7,200,ask,,,2111848
2026-07-01T20:05:02.491363,2026-07-01T10:05:03.873666+00:00,82.8,1,bid,,,2111883
2026-07-01T20:05:03.372805,2026-07-01T10:05:04.753183+00:00,82.7,200,bid,,,2111907
2026-07-01T20:05:03.718979,2026-07-01T10:05:05.105182+00:00,82.7,200,ask,,,2111921
2026-07-01T20:05:05.975981,2026-07-01T10:05:07.359741+00:00,82.5,20,ask,,,2111957
2026-07-01T20:05:07.304962,2026-07-01T10:05:08.689891+00:00,82.5,200,bid,,,2111995
2026-07-01T20:05:08.551809,2026-07-01T10:05:09.932892+00:00,82.5,200,ask,,,2112030
2026-07-01T20:05:08.637421,2026-07-01T10:05:10.020891+00:00,82.4,150,bid,,,2112035
2026-07-01T20:05:09.760739,2026-07-01T10:05:11.142891+00:00,82.4,200,bid,,,2112065
2026-07-01T20:05:10.976703,2026-07-01T10:05:12.363891+00:00,82.4,200,ask,,,2112100
2026-07-01T20:05:12.186070,2026-07-01T10:05:13.572590+00:00,82.3,2,ask,,,2112122
2026-07-01T20:05:12.186070,2026-07-01T10:05:13.572590+00:00,82.3,198,ask,,,2112123
2026-07-01T20:05:12.565997,2026-07-01T10:05:13.946590+00:00,82.3,1,ask,,,2112141
2026-07-01T20:05:12.565997,2026-07-01T10:05:13.946590+00:00,82.2,200,ask,,,2112142
2026-07-01T20:05:12.565997,2026-07-01T10:05:13.957590+00:00,82.2,424,ask,,,2112143
2026-07-01T20:05:13.877384,2026-07-01T10:05:15.266582+00:00,82.4,200,bid,,,2112170
2026-07-01T20:05:15.808812,2026-07-01T10:05:17.190492+00:00,82.4,200,ask,,,2112213
2026-07-01T20:05:16.499156,2026-07-01T10:05:17.883089+00:00,82.6,10,bid,,,2112226
2026-07-01T20:05:17.020458,2026-07-01T10:05:18.399403+00:00,82.6,200,ask,,,2112231
2026-07-01T20:05:19.439198,2026-07-01T10:05:20.819415+00:00,82.6,200,ask,,,2112284
2026-07-01T20:05:21.760720,2026-07-01T10:05:23.142414+00:00,82.7,9,bid,,,2112331
2026-07-01T20:05:21.760720,2026-07-01T10:05:23.142414+00:00,82.7,200,bid,,,2112332
2026-07-01T20:05:21.760720,2026-07-01T10:05:23.142414+00:00,82.7,416,bid,,,2112333
2026-07-01T20:05:23.110337,2026-07-01T10:05:24.494823+00:00,82.5,200,bid,,,2112364
2026-07-01T20:05:23.516191,2026-07-01T10:05:24.901823+00:00,82.4,1,ask,,,2112377
2026-07-01T20:05:23.593834,2026-07-01T10:05:24.978823+00:00,82.3,35,ask,,,2112381
2026-07-01T20:05:23.684995,2026-07-01T10:05:25.066823+00:00,82.3,13,ask,,,2112383
2026-07-01T20:05:24.256876,2026-07-01T10:05:25.649823+00:00,82.3,35,ask,,,2112394
2026-07-01T20:05:24.321328,2026-07-01T10:05:25.704823+00:00,82.5,200,bid,,,2112399
2026-07-01T20:05:24.349492,2026-07-01T10:05:25.737834+00:00,82.3,35,ask,,,2112403
2026-07-01T20:05:24.417397,2026-07-01T10:05:25.803835+00:00,82.5,30,ask,,,2112409
2026-07-01T20:05:26.739195,2026-07-01T10:05:28.124380+00:00,82.7,8,bid,,,2112451
2026-07-01T20:05:26.739195,2026-07-01T10:05:28.124380+00:00,82.7,192,bid,,,2112452
2026-07-01T20:05:27.952000,2026-07-01T10:05:29.333928+00:00,82.6,200,ask,,,2112470
2026-07-01T20:05:29.169161,2026-07-01T10:05:30.554919+00:00,82.6,200,ask,,,2112496
2026-07-01T20:05:29.806010,2026-07-01T10:05:31.192920+00:00,82.6,35,bid,,,2112512
2026-07-01T20:05:29.898177,2026-07-01T10:05:31.280920+00:00,82.6,35,bid,,,2112516
2026-07-01T20:05:29.991293,2026-07-01T10:05:31.379920+00:00,82.6,35,bid,,,2112519
2026-07-01T20:05:30.087917,2026-07-01T10:05:31.467919+00:00,82.6,13,bid,,,2112521
2026-07-01T20:05:30.282851,2026-07-01T10:05:31.665919+00:00,82.6,20,bid,,,2112523
2026-07-01T20:05:30.375544,2026-07-01T10:05:31.753919+00:00,82.6,200,bid,,,2112524
2026-07-01T20:05:30.733415,2026-07-01T10:05:32.116919+00:00,82.6,10,bid,,,2112538
2026-07-01T20:05:31.584510,2026-07-01T10:05:32.974919+00:00,82.5,200,bid,,,2112557
2026-07-01T20:05:34.008479,2026-07-01T10:05:35.394474+00:00,82.6,200,ask,,,2112602
2026-07-01T20:05:34.097286,2026-07-01T10:05:35.482474+00:00,82.7,3,bid,,,2112605
2026-07-01T20:05:34.097286,2026-07-01T10:05:35.482474+00:00,82.7,17,bid,,,2112606
2026-07-01T20:05:35.217366,2026-07-01T10:05:36.604045+00:00,82.6,200,ask,,,2112622
2026-07-01T20:05:37.613701,2026-07-01T10:05:39.000291+00:00,82.7,200,bid,,,2112676
2026-07-01T20:05:37.613701,2026-07-01T10:05:39.000291+00:00,82.8,425,bid,,,2112677
2026-07-01T20:05:40.051777,2026-07-01T10:05:41.431290+00:00,82.7,200,bid,,,2112732
2026-07-01T20:05:40.259712,2026-07-01T10:05:41.640292+00:00,82.7,500,bid,,,2112738
2026-07-01T20:05:40.259712,2026-07-01T10:05:41.651292+00:00,82.8,6,bid,,,2112739
2026-07-01T20:05:40.296329,2026-07-01T10:05:41.684290+00:00,82.8,119,ask,,,2112742
2026-07-01T20:05:40.412203,2026-07-01T10:05:41.794290+00:00,82.4,2,ask,,,2112744
2026-07-01T20:05:41.262730,2026-07-01T10:05:42.641291+00:00,82.7,200,bid,,,2112770
2026-07-01T20:05:41.574026,2026-07-01T10:05:42.960291+00:00,82.5,2,ask,,,2112774
2026-07-01T20:05:41.591050,2026-07-01T10:05:42.971290+00:00,82.4,31,bid,,,2112777
2026-07-01T20:05:41.621986,2026-07-01T10:05:43.004290+00:00,82.4,2,bid,,,2112778
2026-07-01T20:05:41.992476,2026-07-01T10:05:43.378291+00:00,82.4,25,bid,,,2112793
2026-07-01T20:05:44.898072,2026-07-01T10:05:46.281673+00:00,82.5,200,bid,,,2112861
2026-07-01T20:05:45.683131,2026-07-01T10:05:47.062673+00:00,82.5,45,bid,,,2112890
2026-07-01T20:05:46.108448,2026-07-01T10:05:47.491673+00:00,82.5,200,bid,,,2112897
2026-07-01T20:05:47.285746,2026-07-01T10:05:48.668764+00:00,82.4,2,ask,,,2112923
2026-07-01T20:05:47.285746,2026-07-01T10:05:48.668764+00:00,82.4,18,ask,,,2112924
2026-07-01T20:05:49.736634,2026-07-01T10:05:51.121766+00:00,82.5,200,ask,,,2112986
2026-07-01T20:05:50.946778,2026-07-01T10:05:52.331764+00:00,82.5,200,ask,,,2113010
2026-07-01T20:05:52.014950,2026-07-01T10:05:53.398845+00:00,82.7,25,bid,,,2113042
2026-07-01T20:05:52.551637,2026-07-01T10:05:53.937844+00:00,82.7,25,bid,,,2113061
2026-07-01T20:05:52.789798,2026-07-01T10:05:54.168846+00:00,82.7,20,bid,,,2113064
2026-07-01T20:05:53.363511,2026-07-01T10:05:54.751844+00:00,82.6,200,ask,,,2113074
2026-07-01T20:05:53.606108,2026-07-01T10:05:54.993844+00:00,82.5,20,ask,,,2113078
2026-07-01T20:05:54.595210,2026-07-01T10:05:55.983845+00:00,82.6,5,bid,,,2113095
2026-07-01T20:05:54.735524,2026-07-01T10:05:56.126439+00:00,82.6,195,bid,,,2113099
2026-07-01T20:05:55.264852,2026-07-01T10:05:56.643450+00:00,82.7,20,ask,,,2113110
2026-07-01T20:05:57.030379,2026-07-01T10:05:58.414397+00:00,82.8,25,bid,,,2113140
2026-07-01T20:05:57.567445,2026-07-01T10:05:58.953398+00:00,82.8,25,bid,,,2113159
2026-07-01T20:05:57.720738,2026-07-01T10:05:59.107397+00:00,82.6,20,ask,,,2113160
2026-07-01T20:05:59.270802,2026-07-01T10:06:00.658410+00:00,82.6,20,ask,,,2113181
2026-07-01T20:05:59.413237,2026-07-01T10:06:00.801409+00:00,82.8,200,bid,,,2113191
2026-07-01T20:05:59.981910,2026-07-01T10:06:01.362409+00:00,83.0,200,bid,,,2113200
2026-07-01T20:05:59.981910,2026-07-01T10:06:01.362409+00:00,83.0,425,bid,,,2113201
2026-07-01T20:06:01.296958,2026-07-01T10:06:02.682409+00:00,82.9,200,ask,,,2113216
2026-07-01T20:06:03.050416,2026-07-01T10:06:04.430514+00:00,82.8,200,bid,,,2113249
2026-07-01T20:06:05.248349,2026-07-01T10:06:06.629561+00:00,82.7,6,ask,,,2113300
2026-07-01T20:06:06.688043,2026-07-01T10:06:08.070562+00:00,82.6,9,ask,,,2113347
2026-07-01T20:06:07.886434,2026-07-01T10:06:09.269227+00:00,82.6,191,bid,,,2113360
2026-07-01T20:06:07.912614,2026-07-01T10:06:09.291227+00:00,82.6,50,ask,,,2113364
2026-07-01T20:06:07.921924,2026-07-01T10:06:09.302227+00:00,82.6,200,ask,,,2113365
2026-07-01T20:06:09.132557,2026-07-01T10:06:10.514228+00:00,82.6,184,ask,,,2113391
2026-07-01T20:06:09.206242,2026-07-01T10:06:10.591229+00:00,82.5,5,ask,,,2113396
2026-07-01T20:06:09.206242,2026-07-01T10:06:10.591229+00:00,82.5,500,ask,,,2113397
2026-07-01T20:06:09.206242,2026-07-01T10:06:10.591229+00:00,82.4,120,ask,,,2113398
2026-07-01T20:06:10.521337,2026-07-01T10:06:11.900227+00:00,82.6,200,bid,,,2113433
2026-07-01T20:06:10.592342,2026-07-01T10:06:11.977227+00:00,82.7,100,ask,,,2113439
2026-07-01T20:06:10.618420,2026-07-01T10:06:11.999227+00:00,82.7,35,ask,,,2113442
2026-07-01T20:06:10.710290,2026-07-01T10:06:12.098227+00:00,82.7,35,ask,,,2113448
2026-07-01T20:06:10.799736,2026-07-01T10:06:12.186227+00:00,82.7,26,ask,,,2113452
2026-07-01T20:06:10.975015,2026-07-01T10:06:12.362227+00:00,82.8,35,bid,,,2113466
2026-07-01T20:06:11.065324,2026-07-01T10:06:12.450228+00:00,82.8,14,bid,,,2113471
2026-07-01T20:06:11.562282,2026-07-01T10:06:12.945227+00:00,82.7,200,ask,,,2113488
2026-07-01T20:06:11.847957,2026-07-01T10:06:13.231227+00:00,82.5,5,ask,,,2113495
2026-07-01T20:06:11.847957,2026-07-01T10:06:13.231227+00:00,82.5,200,ask,,,2113496
2026-07-01T20:06:12.592894,2026-07-01T10:06:13.979346+00:00,82.5,25,bid,,,2113514
2026-07-01T20:06:12.768156,2026-07-01T10:06:14.155346+00:00,82.5,200,bid,,,2113519
2026-07-01T20:06:13.160187,2026-07-01T10:06:14.540346+00:00,82.7,200,bid,,,2113527
2026-07-01T20:06:13.978208,2026-07-01T10:06:15.365346+00:00,82.7,200,ask,,,2113539
2026-07-01T20:06:15.185152,2026-07-01T10:06:16.563316+00:00,82.6,200,bid,,,2113571
2026-07-01T20:06:17.345238,2026-07-01T10:06:18.730315+00:00,82.5,50,ask,,,2113630
2026-07-01T20:06:17.390037,2026-07-01T10:06:18.774316+00:00,82.6,20,bid,,,2113633
2026-07-01T20:06:17.420049,2026-07-01T10:06:18.807317+00:00,82.5,100,ask,,,2113637
2026-07-01T20:06:17.609110,2026-07-01T10:06:18.994316+00:00,82.5,2,ask,,,2113641
2026-07-01T20:06:18.431728,2026-07-01T10:06:19.819327+00:00,82.5,200,ask,,,2113681
2026-07-01T20:06:18.431728,2026-07-01T10:06:19.819327+00:00,82.5,425,ask,,,2113682
2026-07-01T20:06:18.821336,2026-07-01T10:06:20.204328+00:00,82.5,75,ask,,,2113686
2026-07-01T20:06:19.000705,2026-07-01T10:06:20.380328+00:00,82.5,125,bid,,,2113690
2026-07-01T20:06:19.753887,2026-07-01T10:06:21.139327+00:00,82.7,28,ask,,,2113716
2026-07-01T20:06:20.038189,2026-07-01T10:06:21.425327+00:00,82.7,200,ask,,,2113720
2026-07-01T20:06:22.474172,2026-07-01T10:06:23.856101+00:00,82.4,8,ask,,,2113771
2026-07-01T20:06:22.474172,2026-07-01T10:06:23.856101+00:00,82.4,192,ask,,,2113772
2026-07-01T20:06:23.673117,2026-07-01T10:06:25.055103+00:00,82.5,11,ask,,,2113802
2026-07-01T20:06:23.683553,2026-07-01T10:06:25.066102+00:00,82.4,200,bid,,,2113805
2026-07-01T20:06:23.688575,2026-07-01T10:06:25.077103+00:00,82.4,35,bid,,,2113806
2026-07-01T20:06:23.780674,2026-07-01T10:06:25.165101+00:00,82.4,35,bid,,,2113811
2026-07-01T20:06:23.882272,2026-07-01T10:06:25.264103+00:00,82.4,344,bid,,,2113814
2026-07-01T20:06:24.014316,2026-07-01T10:06:25.396103+00:00,82.6,33,bid,,,2113823
2026-07-01T20:06:24.182652,2026-07-01T10:06:25.572101+00:00,82.6,20,bid,,,2113829
2026-07-01T20:06:24.900859,2026-07-01T10:06:26.286636+00:00,82.5,35,bid,,,2113850
2026-07-01T20:06:24.993719,2026-07-01T10:06:26.374635+00:00,82.5,25,bid,,,2113861
2026-07-01T20:06:26.860417,2026-07-01T10:06:28.244149+00:00,82.5,35,ask,,,2113906
2026-07-01T20:06:26.960421,2026-07-01T10:06:28.342692+00:00,82.5,35,ask,,,2113910
2026-07-01T20:06:27.051421,2026-07-01T10:06:28.441693+00:00,82.5,35,ask,,,2113913
2026-07-01T20:06:27.065136,2026-07-01T10:06:28.452693+00:00,82.5,25,ask,,,2113914
2026-07-01T20:06:27.139766,2026-07-01T10:06:28.518694+00:00,82.5,20,ask,,,2113918
2026-07-01T20:06:27.605400,2026-07-01T10:06:28.991693+00:00,82.5,200,ask,,,2113934
2026-07-01T20:06:27.605400,2026-07-01T10:06:28.991693+00:00,82.5,425,ask,,,2113935
2026-07-01T20:06:27.635359,2026-07-01T10:06:29.024693+00:00,82.5,2,ask,,,2113938
2026-07-01T20:06:27.766243,2026-07-01T10:06:29.145692+00:00,82.7,20,bid,,,2113939
2026-07-01T20:06:28.914147,2026-07-01T10:06:30.300712+00:00,82.6,200,bid,,,2113967
2026-07-01T20:06:29.738554,2026-07-01T10:06:31.125704+00:00,82.8,200,ask,,,2113997
2026-07-01T20:06:29.872694,2026-07-01T10:06:31.257712+00:00,82.8,10,ask,,,2114005
2026-07-01T20:06:30.953599,2026-07-01T10:06:32.335704+00:00,82.7,200,ask,,,2114032
2026-07-01T20:06:32.161996,2026-07-01T10:06:33.545245+00:00,82.6,200,ask,,,2114068
2026-07-01T20:06:32.848923,2026-07-01T10:06:34.227246+00:00,82.5,500,ask,,,2114081
2026-07-01T20:06:32.864213,2026-07-01T10:06:34.249245+00:00,82.5,48,bid,,,2114083
2026-07-01T20:06:32.940740,2026-07-01T10:06:34.326246+00:00,82.5,35,bid,,,2114085
2026-07-01T20:06:33.035997,2026-07-01T10:06:34.425254+00:00,82.5,35,bid,,,2114089
2026-07-01T20:06:33.126011,2026-07-01T10:06:34.513246+00:00,82.5,7,bid,,,2114093
2026-07-01T20:06:33.223881,2026-07-01T10:06:34.612245+00:00,82.4,8,ask,,,2114101
2026-07-01T20:06:33.223881,2026-07-01T10:06:34.612245+00:00,82.4,27,ask,,,2114102
2026-07-01T20:06:33.315162,2026-07-01T10:06:34.700246+00:00,82.4,35,ask,,,2114105
2026-07-01T20:06:33.405544,2026-07-01T10:06:34.788245+00:00,82.4,35,ask,,,2114108
2026-07-01T20:06:33.495772,2026-07-01T10:06:34.876245+00:00,82.4,12,ask,,,2114110
2026-07-01T20:06:34.193041,2026-07-01T10:06:35.580246+00:00,82.6,200,bid,,,2114128
2026-07-01T20:06:34.586621,2026-07-01T10:06:35.976245+00:00,82.7,200,ask,,,2114148
2026-07-01T20:06:38.124086,2026-07-01T10:06:39.507018+00:00,82.7,200,bid,,,2114244
2026-07-01T20:06:38.216134,2026-07-01T10:06:39.595017+00:00,82.7,200,ask,,,2114247
2026-07-01T20:06:39.514975,2026-07-01T10:06:40.904018+00:00,82.7,35,bid,,,2114295
2026-07-01T20:06:39.611226,2026-07-01T10:06:41.003268+00:00,82.7,35,bid,,,2114299
2026-07-01T20:06:39.709143,2026-07-01T10:06:41.091268+00:00,82.7,35,bid,,,2114309
2026-07-01T20:06:39.797450,2026-07-01T10:06:41.179268+00:00,82.7,35,bid,,,2114311
2026-07-01T20:06:39.891969,2026-07-01T10:06:41.278268+00:00,82.7,10,bid,,,2114316
2026-07-01T20:06:41.876967,2026-07-01T10:06:43.257784+00:00,82.7,200,ask,,,2114353
2026-07-01T20:06:42.070458,2026-07-01T10:06:43.455322+00:00,82.7,500,ask,,,2114361
2026-07-01T20:06:42.070458,2026-07-01T10:06:43.455322+00:00,82.6,125,ask,,,2114362
2026-07-01T20:06:42.671364,2026-07-01T10:06:44.060323+00:00,82.7,2,ask,,,2114368
2026-07-01T20:06:43.087254,2026-07-01T10:06:44.467324+00:00,82.7,200,ask,,,2114377
2026-07-01T20:06:44.693820,2026-07-01T10:06:46.076402+00:00,82.9,200,bid,,,2114427
2026-07-01T20:06:44.693820,2026-07-01T10:06:46.076402+00:00,82.9,8,bid,,,2114428
2026-07-01T20:06:45.499474,2026-07-01T10:06:46.879411+00:00,83.0,8,bid,,,2114438
2026-07-01T20:06:45.521652,2026-07-01T10:06:46.901412+00:00,83.0,4,ask,,,2114440
2026-07-01T20:06:46.017635,2026-07-01T10:06:47.396412+00:00,83.0,188,ask,,,2114461
2026-07-01T20:06:46.088637,2026-07-01T10:06:47.473412+00:00,83.0,31,bid,,,2114464
2026-07-01T20:06:46.707863,2026-07-01T10:06:48.089411+00:00,83.0,200,bid,,,2114478
2026-07-01T20:06:47.681353,2026-07-01T10:06:49.068063+00:00,82.9,2,ask,,,2114495
2026-07-01T20:06:47.916726,2026-07-01T10:06:49.299064+00:00,83.0,8,bid,,,2114498
2026-07-01T20:06:47.954843,2026-07-01T10:06:49.343064+00:00,83.0,4,ask,,,2114500
2026-07-01T20:06:49.133576,2026-07-01T10:06:50.520064+00:00,83.0,200,ask,,,2114540
2026-07-01T20:06:50.340042,2026-07-01T10:06:51.719064+00:00,83.0,200,bid,,,2114567
2026-07-01T20:06:51.273543,2026-07-01T10:06:52.654064+00:00,82.9,500,ask,,,2114587
2026-07-01T20:06:51.548770,2026-07-01T10:06:52.929064+00:00,82.9,125,bid,,,2114593
2026-07-01T20:06:51.548770,2026-07-01T10:06:52.940065+00:00,83.0,3,bid,,,2114594
2026-07-01T20:06:52.694663,2026-07-01T10:06:54.082551+00:00,83.0,2,ask,,,2114632
2026-07-01T20:06:52.763049,2026-07-01T10:06:54.148551+00:00,83.0,200,ask,,,2114633
2026-07-01T20:06:53.140079,2026-07-01T10:06:54.522551+00:00,83.0,10,ask,,,2114645
2026-07-01T20:06:53.971299,2026-07-01T10:06:55.358551+00:00,83.0,200,ask,,,2114663
2026-07-01T20:06:54.166451,2026-07-01T10:06:55.545552+00:00,83.0,10,ask,,,2114666
2026-07-01T20:06:55.220088,2026-07-01T10:06:56.601283+00:00,83.0,200,ask,,,2114691
2026-07-01T20:06:55.344253,2026-07-01T10:06:56.733283+00:00,83.0,425,bid,,,2114694
2026-07-01T20:06:55.980619,2026-07-01T10:06:57.371283+00:00,83.0,48,ask,,,2114705
2026-07-01T20:06:55.984001,2026-07-01T10:06:57.371283+00:00,83.0,52,ask,,,2114706
2026-07-01T20:06:56.389588,2026-07-01T10:06:57.778282+00:00,83.0,200,ask,,,2114716
2026-07-01T20:06:56.527000,2026-07-01T10:06:57.910283+00:00,83.1,1,bid,,,2114721
2026-07-01T20:06:57.602046,2026-07-01T10:06:58.988366+00:00,83.2,200,ask,,,2114734
2026-07-01T20:06:57.701254,2026-07-01T10:06:59.087366+00:00,83.2,2,ask,,,2114741
2026-07-01T20:06:58.809585,2026-07-01T10:07:00.198379+00:00,83.2,200,ask,,,2114765
2026-07-01T20:06:59.147220,2026-07-01T10:07:00.528380+00:00,83.3,500,bid,,,2114770
2026-07-01T20:06:59.823147,2026-07-01T10:07:01.210378+00:00,83.4,20,bid,,,2114792
2026-07-01T20:07:00.019727,2026-07-01T10:07:01.408378+00:00,83.3,125,ask,,,2114801
2026-07-01T20:07:00.455317,2026-07-01T10:07:01.837379+00:00,83.0,75,bid,,,2114812
2026-07-01T20:07:02.440397,2026-07-01T10:07:03.828478+00:00,83.2,200,ask,,,2114842
2026-07-01T20:07:06.072354,2026-07-01T10:07:07.458028+00:00,83.1,200,bid,,,2114922
2026-07-01T20:07:07.014357,2026-07-01T10:07:08.403501+00:00,83.2,1,bid,,,2114956
2026-07-01T20:07:07.283126,2026-07-01T10:07:08.667502+00:00,83.2,200,ask,,,2114959
2026-07-01T20:07:08.023204,2026-07-01T10:07:09.404501+00:00,83.2,121,ask,,,2114980
2026-07-01T20:07:09.708541,2026-07-01T10:07:11.098502+00:00,83.1,200,ask,,,2115040
2026-07-01T20:07:10.920102,2026-07-01T10:07:12.308501+00:00,83.1,200,ask,,,2115058
2026-07-01T20:07:12.264510,2026-07-01T10:07:13.650659+00:00,82.9,4,ask,,,2115107
2026-07-01T20:07:12.264510,2026-07-01T10:07:13.650659+00:00,82.9,500,ask,,,2115108
2026-07-01T20:07:12.264510,2026-07-01T10:07:13.650659+00:00,82.9,121,ask,,,2115109
2026-07-01T20:07:13.348914,2026-07-01T10:07:14.739185+00:00,83.0,6,ask,,,2115133
2026-07-01T20:07:13.575129,2026-07-01T10:07:14.959184+00:00,83.0,194,bid,,,2115139
2026-07-01T20:07:13.575129,2026-07-01T10:07:14.959184+00:00,83.3,3,bid,,,2115140
2026-07-01T20:07:14.282559,2026-07-01T10:07:15.663185+00:00,83.4,35,bid,,,2115158
2026-07-01T20:07:14.379271,2026-07-01T10:07:15.762185+00:00,83.4,15,bid,,,2115163
2026-07-01T20:07:14.561155,2026-07-01T10:07:15.949185+00:00,83.3,200,ask,,,2115166
2026-07-01T20:07:14.949470,2026-07-01T10:07:16.333779+00:00,83.3,35,bid,,,2115185
2026-07-01T20:07:15.040339,2026-07-01T10:07:16.421779+00:00,83.3,35,bid,,,2115187
2026-07-01T20:07:15.131758,2026-07-01T10:07:16.520779+00:00,83.3,30,bid,,,2115191
2026-07-01T20:07:15.482379,2026-07-01T10:07:16.861792+00:00,83.3,20,bid,,,2115194
2026-07-01T20:07:16.206844,2026-07-01T10:07:17.587791+00:00,83.4,7,bid,,,2115216
2026-07-01T20:07:16.206844,2026-07-01T10:07:17.587791+00:00,83.4,200,bid,,,2115217
2026-07-01T20:07:16.206844,2026-07-01T10:07:17.598791+00:00,83.4,418,bid,,,2115218
2026-07-01T20:07:17.522762,2026-07-01T10:07:18.907153+00:00,83.2,200,ask,,,2115258
2026-07-01T20:07:18.187335,2026-07-01T10:07:19.567152+00:00,83.1,200,bid,,,2115274
2026-07-01T20:07:22.758953,2026-07-01T10:07:24.142248+00:00,83.1,200,bid,,,2115355
2026-07-01T20:07:23.722657,2026-07-01T10:07:25.110248+00:00,83.2,27,bid,,,2115383
2026-07-01T20:07:24.089612,2026-07-01T10:07:25.473248+00:00,83.1,122,bid,,,2115398
2026-07-01T20:07:24.232329,2026-07-01T10:07:25.616248+00:00,83.1,200,bid,,,2115400
2026-07-01T20:07:31.500046,2026-07-01T10:07:32.885518+00:00,83.1,200,ask,,,2115564
2026-07-01T20:07:31.993370,2026-07-01T10:07:33.380535+00:00,83.0,6,ask,,,2115581
2026-07-01T20:07:32.706281,2026-07-01T10:07:34.084535+00:00,83.0,200,bid,,,2115591
2026-07-01T20:07:33.914914,2026-07-01T10:07:35.294535+00:00,83.2,200,bid,,,2115622
2026-07-01T20:07:34.638647,2026-07-01T10:07:36.020544+00:00,83.1,35,ask,,,2115645
2026-07-01T20:07:34.756537,2026-07-01T10:07:36.141089+00:00,83.1,35,ask,,,2115650
2026-07-01T20:07:34.848502,2026-07-01T10:07:36.229089+00:00,83.1,35,ask,,,2115654
2026-07-01T20:07:35.123907,2026-07-01T10:07:36.504089+00:00,83.3,1,bid,,,2115663
2026-07-01T20:07:35.123907,2026-07-01T10:07:36.515089+00:00,83.3,199,bid,,,2115664
2026-07-01T20:07:35.682259,2026-07-01T10:07:37.065089+00:00,83.1,20,ask,,,2115670
2026-07-01T20:07:36.336633,2026-07-01T10:07:37.725098+00:00,83.2,200,bid,,,2115694
2026-07-01T20:07:36.456289,2026-07-01T10:07:37.835098+00:00,83.2,35,bid,,,2115696
2026-07-01T20:07:36.548156,2026-07-01T10:07:37.934089+00:00,83.2,35,bid,,,2115698
2026-07-01T20:07:36.637293,2026-07-01T10:07:38.022091+00:00,83.2,35,bid,,,2115702
2026-07-01T20:07:37.292192,2026-07-01T10:07:38.681086+00:00,83.2,35,ask,,,2115721
2026-07-01T20:07:37.388714,2026-07-01T10:07:38.769086+00:00,83.2,20,ask,,,2115730
2026-07-01T20:07:37.679729,2026-07-01T10:07:39.066086+00:00,83.2,20,ask,,,2115739
2026-07-01T20:07:38.572575,2026-07-01T10:07:39.957086+00:00,83.3,4,bid,,,2115749
2026-07-01T20:07:38.572575,2026-07-01T10:07:39.957086+00:00,83.3,500,bid,,,2115750
2026-07-01T20:07:38.775114,2026-07-01T10:07:40.155097+00:00,83.4,200,bid,,,2115759
2026-07-01T20:07:38.943229,2026-07-01T10:07:40.331097+00:00,83.3,121,ask,,,2115764
2026-07-01T20:07:39.986045,2026-07-01T10:07:41.365098+00:00,83.2,200,bid,,,2115781
2026-07-01T20:07:42.421328,2026-07-01T10:07:43.806148+00:00,83.2,200,bid,,,2115836
2026-07-01T20:07:43.633804,2026-07-01T10:07:45.015665+00:00,83.2,200,ask,,,2115864
2026-07-01T20:07:45.132277,2026-07-01T10:07:46.511676+00:00,83.1,200,ask,,,2115897
2026-07-01T20:07:46.143674,2026-07-01T10:07:47.523218+00:00,83.0,35,ask,,,2115915
2026-07-01T20:07:46.247502,2026-07-01T10:07:47.633218+00:00,83.0,35,ask,,,2115921
2026-07-01T20:07:46.339585,2026-07-01T10:07:47.721214+00:00,83.0,35,ask,,,2115925
2026-07-01T20:07:46.428617,2026-07-01T10:07:47.809209+00:00,83.0,17,ask,,,2115932
2026-07-01T20:07:46.457674,2026-07-01T10:07:47.842209+00:00,83.1,27,ask,,,2115934
2026-07-01T20:07:47.278576,2026-07-01T10:07:48.666676+00:00,83.1,200,ask,,,2115953
2026-07-01T20:07:47.689766,2026-07-01T10:07:49.073677+00:00,83.1,10,ask,,,2115958
2026-07-01T20:07:48.198706,2026-07-01T10:07:49.579678+00:00,82.9,2,ask,,,2115972
2026-07-01T20:07:48.198706,2026-07-01T10:07:49.579678+00:00,82.9,8,ask,,,2115973
2026-07-01T20:07:49.065472,2026-07-01T10:07:50.448677+00:00,83.1,200,bid,,,2115991
2026-07-01T20:07:49.695719,2026-07-01T10:07:51.075677+00:00,83.1,200,ask,,,2116006
2026-07-01T20:07:51.698077,2026-07-01T10:07:53.080688+00:00,83.0,200,ask,,,2116043
2026-07-01T20:07:52.114914,2026-07-01T10:07:53.498227+00:00,83.0,200,bid,,,2116048
2026-07-01T20:07:53.031209,2026-07-01T10:07:54.422228+00:00,83.0,95,ask,,,2116069
2026-07-01T20:07:53.326627,2026-07-01T10:07:54.708227+00:00,83.0,200,ask,,,2116073
2026-07-01T20:07:54.323425,2026-07-01T10:07:55.709227+00:00,82.9,200,ask,,,2116088
2026-07-01T20:07:54.323425,2026-07-01T10:07:55.709227+00:00,82.9,425,ask,,,2116089
2026-07-01T20:07:54.709542,2026-07-01T10:07:56.093811+00:00,83.0,200,bid,,,2116096
2026-07-01T20:07:55.740765,2026-07-01T10:07:57.128325+00:00,83.0,200,ask,,,2116130
2026-07-01T20:07:56.294275,2026-07-01T10:07:57.677843+00:00,83.1,10,bid,,,2116137
2026-07-01T20:07:57.725338,2026-07-01T10:07:59.107955+00:00,83.0,500,bid,,,2116157
2026-07-01T20:07:58.264713,2026-07-01T10:07:59.646954+00:00,83.0,200,bid,,,2116169
2026-07-01T20:07:58.890870,2026-07-01T10:08:00.273955+00:00,83.1,20,ask,,,2116181
2026-07-01T20:07:59.370166,2026-07-01T10:08:00.757956+00:00,83.1,200,ask,,,2116190
2026-07-01T20:07:59.963366,2026-07-01T10:08:01.351757+00:00,83.1,20,bid,,,2116206
2026-07-01T20:08:02.143307,2026-07-01T10:08:03.528985+00:00,83.1,20,bid,,,2116258
2026-07-01T20:08:02.901950,2026-07-01T10:08:04.287986+00:00,83.1,10,bid,,,2116268
2026-07-01T20:08:04.822042,2026-07-01T10:08:06.201560+00:00,82.9,4,ask,,,2116314
2026-07-01T20:08:04.822042,2026-07-01T10:08:06.212560+00:00,82.9,200,ask,,,2116315
2026-07-01T20:08:04.822042,2026-07-01T10:08:06.212560+00:00,82.9,421,ask,,,2116316
2026-07-01T20:08:05.426910,2026-07-01T10:08:06.806048+00:00,83.0,200,ask,,,2116329
2026-07-01T20:08:06.634404,2026-07-01T10:08:08.016062+00:00,83.1,200,ask,,,2116349
2026-07-01T20:08:07.844241,2026-07-01T10:08:09.236603+00:00,83.1,200,ask,,,2116387
2026-07-01T20:08:08.127464,2026-07-01T10:08:09.511118+00:00,83.2,5,bid,,,2116391
2026-07-01T20:08:09.057291,2026-07-01T10:08:10.446118+00:00,83.1,200,ask,,,2116412
2026-07-01T20:08:10.266110,2026-07-01T10:08:11.645118+00:00,83.2,200,ask,,,2116450
2026-07-01T20:08:11.476245,2026-07-01T10:08:12.854640+00:00,83.2,200,ask,,,2116474
2026-07-01T20:08:12.200576,2026-07-01T10:08:13.580191+00:00,83.2,20,ask,,,2116478
2026-07-01T20:08:12.699476,2026-07-01T10:08:14.086189+00:00,83.2,200,ask,,,2116494
2026-07-01T20:08:13.915195,2026-07-01T10:08:15.307189+00:00,83.1,200,ask,,,2116520
2026-07-01T20:08:17.525407,2026-07-01T10:08:18.914380+00:00,83.1,20,ask,,,2116615
2026-07-01T20:08:17.540771,2026-07-01T10:08:18.925380+00:00,83.3,200,bid,,,2116616
2026-07-01T20:08:18.751467,2026-07-01T10:08:20.135380+00:00,83.3,200,ask,,,2116650
2026-07-01T20:08:19.965466,2026-07-01T10:08:21.344693+00:00,83.2,200,bid,,,2116670
2026-07-01T20:08:20.577028,2026-07-01T10:08:21.960693+00:00,83.3,200,bid,,,2116684
2026-07-01T20:08:21.176511,2026-07-01T10:08:22.565692+00:00,83.3,200,ask,,,2116699
2026-07-01T20:08:22.383332,2026-07-01T10:08:23.763917+00:00,83.2,200,bid,,,2116737
2026-07-01T20:08:22.674213,2026-07-01T10:08:24.060917+00:00,83.2,20,bid,,,2116741
2026-07-01T20:08:24.807490,2026-07-01T10:08:26.194470+00:00,83.1,5,ask,,,2116782
2026-07-01T20:08:24.807490,2026-07-01T10:08:26.194470+00:00,83.1,195,ask,,,2116783
2026-07-01T20:08:26.018149,2026-07-01T10:08:27.404470+00:00,83.1,200,bid,,,2116814
2026-07-01T20:08:27.235290,2026-07-01T10:08:28.624589+00:00,83.1,200,ask,,,2116839
2026-07-01T20:08:29.405057,2026-07-01T10:08:30.791598+00:00,83.1,20,ask,,,2116885
2026-07-01T20:08:29.733684,2026-07-01T10:08:31.121598+00:00,83.2,5,ask,,,2116900
2026-07-01T20:08:29.775132,2026-07-01T10:08:31.154599+00:00,83.4,1,bid,,,2116901
2026-07-01T20:08:29.775132,2026-07-01T10:08:31.165599+00:00,83.4,200,bid,,,2116902
2026-07-01T20:08:30.220297,2026-07-01T10:08:31.605589+00:00,83.6,10,bid,,,2116913
2026-07-01T20:08:30.220297,2026-07-01T10:08:31.605589+00:00,83.6,25,bid,,,2116914
2026-07-01T20:08:30.315676,2026-07-01T10:08:31.704590+00:00,83.6,17,bid,,,2116916
2026-07-01T20:08:30.885047,2026-07-01T10:08:32.265590+00:00,83.5,200,ask,,,2116932
2026-07-01T20:08:31.128151,2026-07-01T10:08:32.518589+00:00,83.4,35,bid,,,2116940
2026-07-01T20:08:31.217339,2026-07-01T10:08:32.606590+00:00,83.4,35,bid,,,2116944
2026-07-01T20:08:31.309010,2026-07-01T10:08:32.694590+00:00,83.4,30,bid,,,2116946
2026-07-01T20:08:33.715098,2026-07-01T10:08:35.103712+00:00,83.4,200,bid,,,2117038
2026-07-01T20:08:33.737326,2026-07-01T10:08:35.125712+00:00,83.5,35,ask,,,2117040
2026-07-01T20:08:33.827343,2026-07-01T10:08:35.213712+00:00,83.5,35,ask,,,2117046
2026-07-01T20:08:33.917382,2026-07-01T10:08:35.301711+00:00,83.5,35,ask,,,2117048
2026-07-01T20:08:34.010121,2026-07-01T10:08:35.389712+00:00,83.5,35,ask,,,2117051
2026-07-01T20:08:34.099203,2026-07-01T10:08:35.477712+00:00,83.5,10,ask,,,2117056
2026-07-01T20:08:34.513017,2026-07-01T10:08:35.895711+00:00,83.5,200,ask,,,2117058
2026-07-01T20:08:35.725581,2026-07-01T10:08:37.105244+00:00,83.2,200,ask,,,2117093
2026-07-01T20:08:36.589100,2026-07-01T10:08:37.973763+00:00,83.4,35,bid,,,2117113
2026-07-01T20:08:36.678105,2026-07-01T10:08:38.061762+00:00,83.4,35,bid,,,2117115
2026-07-01T20:08:36.769608,2026-07-01T10:08:38.160762+00:00,83.4,35,bid,,,2117123
2026-07-01T20:08:36.861518,2026-07-01T10:08:38.248763+00:00,83.4,35,bid,,,2117126
2026-07-01T20:08:36.953444,2026-07-01T10:08:38.336762+00:00,83.3,10,bid,,,2117130
2026-07-01T20:08:38.324760,2026-07-01T10:08:39.713584+00:00,83.3,20,ask,,,2117168
2026-07-01T20:08:39.351549,2026-07-01T10:08:40.736583+00:00,83.4,4,bid,,,2117189
2026-07-01T20:08:39.351549,2026-07-01T10:08:40.736583+00:00,83.4,196,bid,,,2117190
2026-07-01T20:08:40.316101,2026-07-01T10:08:41.704596+00:00,83.4,4,bid,,,2117214
2026-07-01T20:08:40.562204,2026-07-01T10:08:41.946596+00:00,83.5,200,bid,,,2117222
2026-07-01T20:08:41.611926,2026-07-01T10:08:42.991596+00:00,83.4,500,bid,,,2117250
2026-07-01T20:08:42.706815,2026-07-01T10:08:44.091210+00:00,83.4,20,ask,,,2117275
2026-07-01T20:08:43.195254,2026-07-01T10:08:44.575210+00:00,83.3,20,ask,,,2117283
2026-07-01T20:08:44.830340,2026-07-01T10:08:46.214231+00:00,83.4,10,bid,,,2117334
2026-07-01T20:08:45.449998,2026-07-01T10:08:46.830240+00:00,83.4,20,ask,,,2117346
2026-07-01T20:08:47.380136,2026-07-01T10:08:48.765297+00:00,83.5,1,bid,,,2117378
2026-07-01T20:08:47.380136,2026-07-01T10:08:48.765297+00:00,83.5,9,bid,,,2117379
2026-07-01T20:08:48.200603,2026-07-01T10:08:49.589615+00:00,83.4,200,ask,,,2117400
2026-07-01T20:08:48.259183,2026-07-01T10:08:49.644616+00:00,83.4,35,bid,,,2117402
2026-07-01T20:08:49.035734,2026-07-01T10:08:50.425616+00:00,83.4,200,bid,,,2117417
2026-07-01T20:08:49.200961,2026-07-01T10:08:50.579616+00:00,83.4,147,bid,,,2117421
2026-07-01T20:08:49.408684,2026-07-01T10:08:50.788616+00:00,83.4,10,bid,,,2117430
2026-07-01T20:08:49.510762,2026-07-01T10:08:50.898616+00:00,83.5,7,bid,,,2117431
2026-07-01T20:08:49.915857,2026-07-01T10:08:51.305616+00:00,83.6,10,bid,,,2117442
2026-07-01T20:08:50.252356,2026-07-01T10:08:51.635617+00:00,83.5,200,ask,,,2117444
2026-07-01T20:08:53.880405,2026-07-01T10:08:55.265166+00:00,83.6,3,bid,,,2117526
2026-07-01T20:08:53.880405,2026-07-01T10:08:55.265166+00:00,83.6,197,bid,,,2117527
2026-07-01T20:08:55.090506,2026-07-01T10:08:56.474735+00:00,83.6,3,bid,,,2117554
2026-07-01T20:08:55.090506,2026-07-01T10:08:56.474735+00:00,83.6,197,bid,,,2117555
2026-07-01T20:08:56.304423,2026-07-01T10:08:57.695641+00:00,83.6,6,bid,,,2117571
2026-07-01T20:08:56.304423,2026-07-01T10:08:57.695641+00:00,83.6,194,bid,,,2117572
2026-07-01T20:08:57.090134,2026-07-01T10:08:58.476641+00:00,83.5,500,ask,,,2117592
2026-07-01T20:08:57.527714,2026-07-01T10:08:58.916641+00:00,83.4,200,bid,,,2117603
2026-07-01T20:08:57.826591,2026-07-01T10:08:59.213641+00:00,83.4,25,bid,,,2117610
2026-07-01T20:08:58.135644,2026-07-01T10:08:59.521641+00:00,83.2,3,ask,,,2117619
2026-07-01T20:08:58.135644,2026-07-01T10:08:59.521641+00:00,83.2,17,ask,,,2117620
2026-07-01T20:08:58.738377,2026-07-01T10:09:00.126641+00:00,83.5,200,bid,,,2117643
2026-07-01T20:08:59.966758,2026-07-01T10:09:01.347641+00:00,83.5,200,bid,,,2117670
2026-07-01T20:09:01.179107,2026-07-01T10:09:02.568641+00:00,83.5,200,ask,,,2117689
2026-07-01T20:09:01.371355,2026-07-01T10:09:02.755642+00:00,83.6,3,bid,,,2117701
2026-07-01T20:09:01.371355,2026-07-01T10:09:02.755642+00:00,83.6,500,bid,,,2117702
2026-07-01T20:09:01.424455,2026-07-01T10:09:02.810642+00:00,83.6,35,ask,,,2117704
2026-07-01T20:09:01.513428,2026-07-01T10:09:02.898642+00:00,83.6,15,ask,,,2117713
2026-07-01T20:09:01.897100,2026-07-01T10:09:03.283641+00:00,83.7,5,bid,,,2117724
2026-07-01T20:09:01.920115,2026-07-01T10:09:03.305641+00:00,83.8,35,bid,,,2117726
2026-07-01T20:09:01.939472,2026-07-01T10:09:03.326687+00:00,83.6,72,ask,,,2117727
2026-07-01T20:09:01.966439,2026-07-01T10:09:03.348223+00:00,83.6,38,bid,,,2117730
2026-07-01T20:09:02.043425,2026-07-01T10:09:03.425223+00:00,83.3,5,ask,,,2117731
2026-07-01T20:09:02.043425,2026-07-01T10:09:03.425223+00:00,83.3,25,ask,,,2117732
2026-07-01T20:09:02.092149,2026-07-01T10:09:03.480222+00:00,83.3,10,ask,,,2117733
2026-07-01T20:09:02.683356,2026-07-01T10:09:04.063223+00:00,83.4,200,ask,,,2117755
2026-07-01T20:09:02.683356,2026-07-01T10:09:04.074223+00:00,83.3,5,ask,,,2117756
2026-07-01T20:09:02.691714,2026-07-01T10:09:04.074223+00:00,83.3,35,bid,,,2117757
2026-07-01T20:09:02.782092,2026-07-01T10:09:04.162223+00:00,83.3,10,bid,,,2117760
2026-07-01T20:09:03.593134,2026-07-01T10:09:04.987232+00:00,83.3,200,bid,,,2117778
2026-07-01T20:09:03.698049,2026-07-01T10:09:05.086223+00:00,83.2,4,ask,,,2117783
2026-07-01T20:09:04.128763,2026-07-01T10:09:05.515234+00:00,83.5,10,bid,,,2117798
2026-07-01T20:09:04.805048,2026-07-01T10:09:06.185811+00:00,83.5,200,bid,,,2117810
2026-07-01T20:09:06.013446,2026-07-01T10:09:07.398802+00:00,83.4,200,bid,,,2117834
2026-07-01T20:09:07.931699,2026-07-01T10:09:09.312500+00:00,83.3,2,ask,,,2117866
2026-07-01T20:09:07.931699,2026-07-01T10:09:09.323500+00:00,83.3,200,ask,,,2117867
2026-07-01T20:09:08.262333,2026-07-01T10:09:09.642501+00:00,83.2,50,ask,,,2117886
2026-07-01T20:09:08.433078,2026-07-01T10:09:09.818501+00:00,83.3,200,bid,,,2117895
2026-07-01T20:09:10.574396,2026-07-01T10:09:11.963501+00:00,83.3,35,ask,,,2117955
2026-07-01T20:09:10.667989,2026-07-01T10:09:12.051500+00:00,83.3,35,ask,,,2117963
2026-07-01T20:09:10.760850,2026-07-01T10:09:12.172500+00:00,83.3,30,ask,,,2117968
2026-07-01T20:09:10.872596,2026-07-01T10:09:12.271500+00:00,83.3,200,ask,,,2117969
2026-07-01T20:09:12.865185,2026-07-01T10:09:14.251072+00:00,83.3,2,ask,,,2118007
2026-07-01T20:09:14.488031,2026-07-01T10:09:15.868064+00:00,83.4,500,bid,,,2118041
2026-07-01T20:09:14.623633,2026-07-01T10:09:16.011063+00:00,83.4,35,ask,,,2118043
2026-07-01T20:09:14.662078,2026-07-01T10:09:16.044063+00:00,83.4,90,ask,,,2118044
2026-07-01T20:09:15.710534,2026-07-01T10:09:17.099170+00:00,83.4,200,bid,,,2118079
2026-07-01T20:09:16.705682,2026-07-01T10:09:18.089170+00:00,83.3,20,bid,,,2118095
2026-07-01T20:09:16.765692,2026-07-01T10:09:18.155170+00:00,83.2,1,ask,,,2118096
2026-07-01T20:09:16.921168,2026-07-01T10:09:18.309170+00:00,83.3,200,bid,,,2118102
2026-07-01T20:09:17.273665,2026-07-01T10:09:18.660258+00:00,83.2,2,ask,,,2118116
2026-07-01T20:09:17.780594,2026-07-01T10:09:19.166258+00:00,83.1,7,ask,,,2118124
2026-07-01T20:09:17.877062,2026-07-01T10:09:19.265258+00:00,83.1,2,ask,,,2118128
2026-07-01T20:09:20.556498,2026-07-01T10:09:21.937845+00:00,83.2,1,ask,,,2118198
2026-07-01T20:09:21.772064,2026-07-01T10:09:23.158845+00:00,83.1,200,ask,,,2118216
2026-07-01T20:09:22.345591,2026-07-01T10:09:23.730285+00:00,83.1,6,ask,,,2118230
2026-07-01T20:09:22.888250,2026-07-01T10:09:24.269285+00:00,83.0,2,ask,,,2118238
2026-07-01T20:09:23.657639,2026-07-01T10:09:25.039285+00:00,83.0,9,ask,,,2118256
2026-07-01T20:09:23.657639,2026-07-01T10:09:25.039285+00:00,83.0,200,ask,,,2118257
2026-07-01T20:09:24.084719,2026-07-01T10:09:25.468286+00:00,82.9,50,ask,,,2118265
2026-07-01T20:09:24.192365,2026-07-01T10:09:25.578287+00:00,82.9,200,ask,,,2118268
2026-07-01T20:09:24.692341,2026-07-01T10:09:26.073288+00:00,83.0,20,bid,,,2118280
2026-07-01T20:09:24.854722,2026-07-01T10:09:26.238301+00:00,82.9,7,ask,,,2118292
2026-07-01T20:09:24.854722,2026-07-01T10:09:26.238301+00:00,82.9,93,ask,,,2118293
2026-07-01T20:09:27.379032,2026-07-01T10:09:28.766639+00:00,83.0,500,bid,,,2118339
2026-07-01T20:09:27.628739,2026-07-01T10:09:29.052164+00:00,83.0,200,bid,,,2118345
2026-07-01T20:09:27.818897,2026-07-01T10:09:29.239164+00:00,83.1,200,ask,,,2118349
2026-07-01T20:09:27.894978,2026-07-01T10:09:29.283165+00:00,83.1,2,ask,,,2118350
2026-07-01T20:09:29.187200,2026-07-01T10:09:30.570165+00:00,83.1,500,bid,,,2118371
2026-07-01T20:09:29.819566,2026-07-01T10:09:31.208165+00:00,83.1,125,bid,,,2118380
2026-07-01T20:09:29.819566,2026-07-01T10:09:31.208165+00:00,83.1,200,bid,,,2118381
2026-07-01T20:09:30.235809,2026-07-01T10:09:31.615165+00:00,83.1,175,ask,,,2118401
2026-07-01T20:09:30.253726,2026-07-01T10:09:31.637165+00:00,83.1,25,bid,,,2118402
2026-07-01T20:09:30.275816,2026-07-01T10:09:31.659164+00:00,83.3,42,ask,,,2118404
2026-07-01T20:09:31.443859,2026-07-01T10:09:32.836164+00:00,83.3,20,ask,,,2118432
2026-07-01T20:09:31.453240,2026-07-01T10:09:32.836164+00:00,83.3,200,ask,,,2118433
2026-07-01T20:09:32.901967,2026-07-01T10:09:34.287256+00:00,83.0,2,ask,,,2118483
2026-07-01T20:09:35.506520,2026-07-01T10:09:36.893429+00:00,83.2,200,bid,,,2118553
2026-07-01T20:09:37.913589,2026-07-01T10:09:39.300944+00:00,83.2,2,ask,,,2118616
2026-07-01T20:09:39.445876,2026-07-01T10:09:40.917944+00:00,83.3,200,ask,,,2118665
2026-07-01T20:09:39.929116,2026-07-01T10:09:41.313464+00:00,83.2,200,bid,,,2118674
2026-07-01T20:09:41.138504,2026-07-01T10:09:42.523463+00:00,83.2,200,bid,,,2118702
2026-07-01T20:09:42.095694,2026-07-01T10:09:43.491560+00:00,83.1,10,ask,,,2118722
2026-07-01T20:09:42.924022,2026-07-01T10:09:44.305628+00:00,83.1,25,ask,,,2118734
2026-07-01T20:09:42.938456,2026-07-01T10:09:44.327628+00:00,83.1,2,ask,,,2118736
2026-07-01T20:09:44.687769,2026-07-01T10:09:46.076234+00:00,83.2,200,ask,,,2118795
2026-07-01T20:09:45.282988,2026-07-01T10:09:46.670235+00:00,83.1,20,ask,,,2118813
2026-07-01T20:09:45.984727,2026-07-01T10:09:47.374236+00:00,83.1,200,ask,,,2118832
2026-07-01T20:09:47.949340,2026-07-01T10:09:49.331876+00:00,83.0,25,ask,,,2118872
2026-07-01T20:09:47.959309,2026-07-01T10:09:49.342876+00:00,83.0,1,ask,,,2118874
2026-07-01T20:09:48.674015,2026-07-01T10:09:50.057876+00:00,83.0,10,ask,,,2118902
2026-07-01T20:09:49.614446,2026-07-01T10:09:51.003995+00:00,83.0,200,ask,,,2118917
2026-07-01T20:09:50.207890,2026-07-01T10:09:51.597876+00:00,83.0,10,ask,,,2118948
2026-07-01T20:09:50.604718,2026-07-01T10:09:51.993875+00:00,83.1,20,bid,,,2118971
2026-07-01T20:09:52.031518,2026-07-01T10:09:53.411924+00:00,83.1,200,bid,,,2118991
2026-07-01T20:09:54.449539,2026-07-01T10:09:55.831924+00:00,83.1,200,bid,,,2119060
2026-07-01T20:09:55.658039,2026-07-01T10:09:57.040981+00:00,83.2,200,bid,,,2119085
2026-07-01T20:09:56.870843,2026-07-01T10:09:58.250981+00:00,83.2,200,ask,,,2119116
2026-07-01T20:09:57.068180,2026-07-01T10:09:58.447538+00:00,83.3,20,bid,,,2119120
2026-07-01T20:09:57.971331,2026-07-01T10:09:59.360547+00:00,83.2,25,ask,,,2119142
2026-07-01T20:09:58.080967,2026-07-01T10:09:59.470539+00:00,83.2,200,ask,,,2119145
2026-07-01T20:09:58.830204,2026-07-01T10:10:00.218538+00:00,83.2,10,ask,,,2119158
2026-07-01T20:10:00.348022,2026-07-01T10:10:01.736538+00:00,83.3,20,bid,,,2119210
2026-07-01T20:10:00.456368,2026-07-01T10:10:01.846538+00:00,83.2,200,ask,,,2119216
2026-07-01T20:10:01.764613,2026-07-01T10:10:03.144539+00:00,83.2,200,bid,,,2119246
2026-07-01T20:10:02.993686,2026-07-01T10:10:04.376007+00:00,83.2,25,ask,,,2119272
2026-07-01T20:10:03.076710,2026-07-01T10:10:04.464006+00:00,83.2,200,ask,,,2119276
2026-07-01T20:10:04.135529,2026-07-01T10:10:05.520006+00:00,83.2,200,bid,,,2119291
2026-07-01T20:10:04.392193,2026-07-01T10:10:05.773005+00:00,83.3,6,bid,,,2119306
2026-07-01T20:10:04.392193,2026-07-01T10:10:05.784005+00:00,83.4,200,bid,,,2119307
2026-07-01T20:10:05.346440,2026-07-01T10:10:06.729800+00:00,83.4,200,ask,,,2119326
2026-07-01T20:10:05.717813,2026-07-01T10:10:07.103800+00:00,83.2,200,ask,,,2119332
2026-07-01T20:10:05.751134,2026-07-01T10:10:07.136800+00:00,83.1,20,bid,,,2119335
2026-07-01T20:10:06.163019,2026-07-01T10:10:07.554800+00:00,83.1,405,bid,,,2119351
2026-07-01T20:10:07.023628,2026-07-01T10:10:08.412801+00:00,83.3,6,bid,,,2119377
2026-07-01T20:10:08.126005,2026-07-01T10:10:09.512800+00:00,83.4,3,bid,,,2119400
2026-07-01T20:10:08.126005,2026-07-01T10:10:09.512800+00:00,83.4,17,bid,,,2119401
2026-07-01T20:10:09.521315,2026-07-01T10:10:10.909175+00:00,83.3,10,ask,,,2119450
2026-07-01T20:10:09.996573,2026-07-01T10:10:11.382174+00:00,83.3,20,ask,,,2119460
2026-07-01T20:10:10.958269,2026-07-01T10:10:12.339173+00:00,83.4,3,bid,,,2119476
2026-07-01T20:10:10.958269,2026-07-01T10:10:12.350174+00:00,83.4,200,bid,,,2119477
2026-07-01T20:10:11.865651,2026-07-01T10:10:13.252182+00:00,83.4,20,ask,,,2119503
2026-07-01T20:10:12.603010,2026-07-01T10:10:13.989279+00:00,83.5,9,bid,,,2119517
2026-07-01T20:10:12.603010,2026-07-01T10:10:13.989279+00:00,83.5,191,bid,,,2119518
2026-07-01T20:10:13.012836,2026-07-01T10:10:14.396279+00:00,83.4,25,ask,,,2119530
2026-07-01T20:10:13.305861,2026-07-01T10:10:14.693279+00:00,83.4,20,ask,,,2119534
2026-07-01T20:10:13.597117,2026-07-01T10:10:14.979279+00:00,83.4,10,ask,,,2119542
2026-07-01T20:10:13.831847,2026-07-01T10:10:15.221279+00:00,83.4,200,ask,,,2119549
2026-07-01T20:10:15.951634,2026-07-01T10:10:17.332832+00:00,83.5,7,bid,,,2119596
2026-07-01T20:10:15.951634,2026-07-01T10:10:17.343834+00:00,83.5,13,bid,,,2119597
2026-07-01T20:10:17.520107,2026-07-01T10:10:18.905854+00:00,83.6,4,bid,,,2119628
2026-07-01T20:10:18.212890,2026-07-01T10:10:19.598853+00:00,83.6,10,ask,,,2119657
2026-07-01T20:10:22.309722,2026-07-01T10:10:23.689904+00:00,83.6,200,ask,,,2119768
2026-07-01T20:10:23.036541,2026-07-01T10:10:24.415902+00:00,83.5,25,ask,,,2119780
2026-07-01T20:10:25.237274,2026-07-01T10:10:26.621450+00:00,83.5,20,ask,,,2119809
2026-07-01T20:10:25.938469,2026-07-01T10:10:27.325033+00:00,83.5,200,ask,,,2119825
2026-07-01T20:10:26.691464,2026-07-01T10:10:28.073024+00:00,83.4,200,ask,,,2119842
2026-07-01T20:10:27.142796,2026-07-01T10:10:28.524102+00:00,83.4,200,bid,,,2119851
2026-07-01T20:10:28.054590,2026-07-01T10:10:29.437122+00:00,83.4,25,ask,,,2119876
2026-07-01T20:10:28.461577,2026-07-01T10:10:29.844122+00:00,83.5,10,bid,,,2119883
2026-07-01T20:10:30.646131,2026-07-01T10:10:32.033125+00:00,83.5,200,bid,,,2119929
2026-07-01T20:10:33.193300,2026-07-01T10:10:34.573718+00:00,83.6,200,ask,,,2119974
2026-07-01T20:10:35.077128,2026-07-01T10:10:36.465270+00:00,83.6,10,bid,,,2120027
2026-07-01T20:10:37.225155,2026-07-01T10:10:38.609373+00:00,83.7,1,bid,,,2120107
2026-07-01T20:10:37.225155,2026-07-01T10:10:38.609373+00:00,83.7,200,bid,,,2120108
2026-07-01T20:10:38.037192,2026-07-01T10:10:39.423402+00:00,83.7,200,ask,,,2120112
2026-07-01T20:10:38.087264,2026-07-01T10:10:39.467403+00:00,83.8,2,bid,,,2120120
2026-07-01T20:10:38.537968,2026-07-01T10:10:39.918394+00:00,83.6,200,ask,,,2120133
2026-07-01T20:10:39.241754,2026-07-01T10:10:40.622393+00:00,83.6,200,bid,,,2120145
2026-07-01T20:10:40.953761,2026-07-01T10:10:42.338394+00:00,83.7,8,ask,,,2120194
2026-07-01T20:10:41.063505,2026-07-01T10:10:42.448394+00:00,83.7,8,ask,,,2120202
2026-07-01T20:10:41.162041,2026-07-01T10:10:42.547393+00:00,83.7,184,ask,,,2120211
2026-07-01T20:10:42.192631,2026-07-01T10:10:43.581393+00:00,83.7,10,bid,,,2120229
2026-07-01T20:10:42.535186,2026-07-01T10:10:43.922394+00:00,83.6,7,ask,,,2120238
2026-07-01T20:10:43.112056,2026-07-01T10:10:44.494394+00:00,83.7,2,bid,,,2120253
2026-07-01T20:10:46.760479,2026-07-01T10:10:48.147433+00:00,83.7,10,bid,,,2120320
2026-07-01T20:10:48.121367,2026-07-01T10:10:49.511541+00:00,83.7,2,bid,,,2120348
2026-07-01T20:10:48.285823,2026-07-01T10:10:49.676541+00:00,83.7,10,bid,,,2120351
2026-07-01T20:10:51.318540,2026-07-01T10:10:52.701540+00:00,83.6,10,ask,,,2120435
2026-07-01T20:10:51.338748,2026-07-01T10:10:52.723540+00:00,83.7,200,bid,,,2120438
2026-07-01T20:10:52.822624,2026-07-01T10:10:54.208190+00:00,83.8,2,bid,,,2120459
2026-07-01T20:10:52.822624,2026-07-01T10:10:54.208190+00:00,83.8,18,bid,,,2120460
2026-07-01T20:10:53.131215,2026-07-01T10:10:54.516190+00:00,83.8,2,bid,,,2120477
2026-07-01T20:10:53.377798,2026-07-01T10:10:54.758190+00:00,83.7,500,ask,,,2120485
2026-07-01T20:10:53.973723,2026-07-01T10:10:55.363190+00:00,83.7,125,ask,,,2120496
2026-07-01T20:10:54.025803,2026-07-01T10:10:55.407189+00:00,83.7,35,bid,,,2120499
2026-07-01T20:10:54.117300,2026-07-01T10:10:55.506190+00:00,83.7,35,bid,,,2120503
2026-07-01T20:10:54.206000,2026-07-01T10:10:55.594190+00:00,83.7,35,bid,,,2120507
2026-07-01T20:10:54.297011,2026-07-01T10:10:55.682190+00:00,83.6,200,ask,,,2120517
2026-07-01T20:10:54.297227,2026-07-01T10:10:55.682190+00:00,83.6,35,bid,,,2120518
2026-07-01T20:10:54.321073,2026-07-01T10:10:55.704190+00:00,83.6,7,bid,,,2120521
2026-07-01T20:10:54.971602,2026-07-01T10:10:56.352732+00:00,83.6,200,bid,,,2120534
2026-07-01T20:10:56.187636,2026-07-01T10:10:57.573732+00:00,83.6,200,ask,,,2120554
2026-07-01T20:10:57.397167,2026-07-01T10:10:58.783381+00:00,83.7,200,ask,,,2120599
2026-07-01T20:10:58.225008,2026-07-01T10:10:59.608381+00:00,83.7,425,ask,,,2120615
2026-07-01T20:10:58.254294,2026-07-01T10:10:59.652381+00:00,83.5,1,ask,,,2120616
2026-07-01T20:10:58.254294,2026-07-01T10:10:59.652381+00:00,83.4,200,ask,,,2120617
2026-07-01T20:10:58.277481,2026-07-01T10:10:59.663381+00:00,83.4,100,bid,,,2120620
2026-07-01T20:10:58.601173,2026-07-01T10:10:59.982381+00:00,83.4,200,bid,,,2120624
2026-07-01T20:10:59.812027,2026-07-01T10:11:01.192380+00:00,83.5,10,ask,,,2120649
2026-07-01T20:11:03.151290,2026-07-01T10:11:04.538380+00:00,83.6,1,bid,,,2120722
2026-07-01T20:11:04.561958,2026-07-01T10:11:05.946381+00:00,83.6,10,bid,,,2120758
2026-07-01T20:11:04.840514,2026-07-01T10:11:06.220939+00:00,83.5,200,ask,,,2120769
2026-07-01T20:11:05.864647,2026-07-01T10:11:07.243938+00:00,83.5,200,bid,,,2120787
2026-07-01T20:11:06.157732,2026-07-01T10:11:07.540472+00:00,83.6,500,bid,,,2120799
2026-07-01T20:11:06.712428,2026-07-01T10:11:08.101481+00:00,83.6,125,ask,,,2120814
2026-07-01T20:11:09.088121,2026-07-01T10:11:10.477734+00:00,83.4,2,ask,,,2120873
2026-07-01T20:11:10.100092,2026-07-01T10:11:11.489733+00:00,83.4,200,bid,,,2120902
2026-07-01T20:11:10.708197,2026-07-01T10:11:12.094734+00:00,83.4,200,ask,,,2120915
2026-07-01T20:11:11.917084,2026-07-01T10:11:13.304392+00:00,83.5,200,bid,,,2120946
2026-07-01T20:11:12.142214,2026-07-01T10:11:13.524402+00:00,83.4,1,ask,,,2120955
2026-07-01T20:11:12.142214,2026-07-01T10:11:13.524402+00:00,83.4,499,ask,,,2120956
2026-07-01T20:11:13.546390,2026-07-01T10:11:14.932403+00:00,83.4,20,ask,,,2120977
2026-07-01T20:11:14.043383,2026-07-01T10:11:15.427402+00:00,83.4,180,ask,,,2120992
2026-07-01T20:11:14.111797,2026-07-01T10:11:15.493402+00:00,83.4,35,bid,,,2120993
2026-07-01T20:11:14.204807,2026-07-01T10:11:15.591921+00:00,83.4,25,bid,,,2120997
2026-07-01T20:11:14.340343,2026-07-01T10:11:15.723920+00:00,83.4,200,bid,,,2121005
2026-07-01T20:11:14.740186,2026-07-01T10:11:16.119465+00:00,83.4,10,bid,,,2121020
2026-07-01T20:11:15.353224,2026-07-01T10:11:16.735464+00:00,83.5,500,bid,,,2121032
2026-07-01T20:11:15.370397,2026-07-01T10:11:16.757464+00:00,83.5,48,ask,,,2121034
2026-07-01T20:11:15.782198,2026-07-01T10:11:17.164465+00:00,83.5,77,ask,,,2121042
2026-07-01T20:11:18.177312,2026-07-01T10:11:19.562563+00:00,83.4,25,bid,,,2121100
2026-07-01T20:11:18.784981,2026-07-01T10:11:20.165564+00:00,83.4,10,bid,,,2121110
2026-07-01T20:11:19.294377,2026-07-01T10:11:20.682565+00:00,83.4,10,bid,,,2121123
2026-07-01T20:11:20.612693,2026-07-01T10:11:21.995564+00:00,83.3,1,ask,,,2121147
2026-07-01T20:11:20.612693,2026-07-01T10:11:21.995564+00:00,83.3,200,ask,,,2121148
2026-07-01T20:11:20.663426,2026-07-01T10:11:22.050563+00:00,83.3,82,bid,,,2121152
2026-07-01T20:11:21.624694,2026-07-01T10:11:23.007563+00:00,83.3,200,bid,,,2121175
2026-07-01T20:11:21.923972,2026-07-01T10:11:23.304089+00:00,83.4,200,bid,,,2121183
2026-07-01T20:11:21.943697,2026-07-01T10:11:23.325625+00:00,83.4,99,ask,,,2121185
2026-07-01T20:11:22.834451,2026-07-01T10:11:24.216625+00:00,83.4,200,ask,,,2121196
2026-07-01T20:11:23.243820,2026-07-01T10:11:24.634625+00:00,83.3,200,ask,,,2121209
2026-07-01T20:11:23.340302,2026-07-01T10:11:24.722625+00:00,83.0,10,ask,,,2121215
2026-07-01T20:11:28.444710,2026-07-01T10:11:29.827892+00:00,83.2,12,bid,,,2121300
2026-07-01T20:11:29.866282,2026-07-01T10:11:31.250905+00:00,83.0,106,bid,,,2121324
2026-07-01T20:11:31.224830,2026-07-01T10:11:32.604906+00:00,83.0,35,ask,,,2121350
2026-07-01T20:11:31.301402,2026-07-01T10:11:32.692907+00:00,83.0,200,ask,,,2121351
2026-07-01T20:11:31.314983,2026-07-01T10:11:32.703906+00:00,83.0,15,ask,,,2121353
2026-07-01T20:11:31.842215,2026-07-01T10:11:33.231919+00:00,83.0,20,ask,,,2121364
2026-07-01T20:11:33.560910,2026-07-01T10:11:34.948919+00:00,82.9,4,ask,,,2121384
2026-07-01T20:11:33.560910,2026-07-01T10:11:34.948919+00:00,82.9,16,ask,,,2121385
2026-07-01T20:11:34.522386,2026-07-01T10:11:35.901919+00:00,83.0,4,bid,,,2121401
2026-07-01T20:11:34.652822,2026-07-01T10:11:36.132469+00:00,83.0,4,bid,,,2121405
2026-07-01T20:11:35.098833,2026-07-01T10:11:36.561470+00:00,82.9,9,ask,,,2121413
2026-07-01T20:11:35.098833,2026-07-01T10:11:36.561470+00:00,82.9,200,ask,,,2121414
2026-07-01T20:11:35.171591,2026-07-01T10:11:36.936469+00:00,82.9,35,bid,,,2121418
2026-07-01T20:11:35.273549,2026-07-01T10:11:36.936469+00:00,82.9,15,bid,,,2121422
2026-07-01T20:11:35.539804,2026-07-01T10:11:36.958469+00:00,82.9,3,bid,,,2121432
2026-07-01T20:11:36.135341,2026-07-01T10:11:37.536471+00:00,82.9,200,bid,,,2121439
2026-07-01T20:11:38.562999,2026-07-01T10:11:39.946008+00:00,82.8,5,ask,,,2121483
2026-07-01T20:11:38.562999,2026-07-01T10:11:39.946008+00:00,82.8,195,ask,,,2121484
2026-07-01T20:11:39.774738,2026-07-01T10:11:41.156008+00:00,82.9,200,ask,,,2121515
2026-07-01T20:11:40.456615,2026-07-01T10:11:41.838008+00:00,83.1,8,bid,,,2121532
2026-07-01T20:11:40.456615,2026-07-01T10:11:41.849008+00:00,83.1,12,bid,,,2121533
2026-07-01T20:11:42.927322,2026-07-01T10:11:44.312572+00:00,83.1,6,bid,,,2121586
2026-07-01T20:11:42.927322,2026-07-01T10:11:44.312572+00:00,83.1,14,bid,,,2121587
2026-07-01T20:11:44.977374,2026-07-01T10:11:46.359640+00:00,83.1,10,bid,,,2121630
2026-07-01T20:11:46.913773,2026-07-01T10:11:48.306157+00:00,83.1,200,bid,,,2121670
2026-07-01T20:11:47.427937,2026-07-01T10:11:48.812158+00:00,83.2,20,bid,,,2121679
2026-07-01T20:11:47.833292,2026-07-01T10:11:49.219158+00:00,83.2,20,bid,,,2121685
2026-07-01T20:11:49.540688,2026-07-01T10:11:50.932159+00:00,83.2,10,bid,,,2121734
2026-07-01T20:11:50.318510,2026-07-01T10:11:51.706158+00:00,83.2,500,ask,,,2121749
2026-07-01T20:11:50.854391,2026-07-01T10:11:52.529158+00:00,83.1,200,ask,,,2121768
2026-07-01T20:11:51.878518,2026-07-01T10:11:53.408797+00:00,83.0,200,ask,,,2121791
2026-07-01T20:11:53.724405,2026-07-01T10:11:55.110795+00:00,83.1,20,bid,,,2121827
2026-07-01T20:11:56.097081,2026-07-01T10:11:57.601736+00:00,83.0,200,ask,,,2121876
2026-07-01T20:11:56.710133,2026-07-01T10:11:58.096737+00:00,83.0,200,bid,,,2121888
2026-07-01T20:11:56.836631,2026-07-01T10:11:58.217736+00:00,82.9,20,ask,,,2121890
2026-07-01T20:11:58.732154,2026-07-01T10:12:00.164482+00:00,82.9,1,ask,,,2121937
2026-07-01T20:11:58.732154,2026-07-01T10:12:00.164482+00:00,82.9,200,ask,,,2121938
2026-07-01T20:11:59.034223,2026-07-01T10:12:00.428495+00:00,82.9,20,bid,,,2121946
2026-07-01T20:11:59.133520,2026-07-01T10:12:00.559382+00:00,82.8,200,ask,,,2121948
2026-07-01T20:11:59.256865,2026-07-01T10:12:00.647381+00:00,82.8,35,ask,,,2121952
2026-07-01T20:11:59.347099,2026-07-01T10:12:00.757382+00:00,82.8,35,ask,,,2121954
2026-07-01T20:11:59.437656,2026-07-01T10:12:00.834159+00:00,82.8,35,ask,,,2121956
2026-07-01T20:11:59.526993,2026-07-01T10:12:00.910691+00:00,82.8,35,ask,,,2121958
2026-07-01T20:11:59.617769,2026-07-01T10:12:01.020690+00:00,82.8,10,ask,,,2121966
2026-07-01T20:12:01.643745,2026-07-01T10:12:03.028152+00:00,82.8,10,ask,,,2122026
2026-07-01T20:12:03.176713,2026-07-01T10:12:04.565862+00:00,82.7,10,ask,,,2122068
2026-07-01T20:12:04.235114,2026-07-01T10:12:05.622919+00:00,82.8,200,bid,,,2122088
2026-07-01T20:12:05.195879,2026-07-01T10:12:06.584464+00:00,82.8,200,ask,,,2122119
2026-07-01T20:12:05.558531,2026-07-01T10:12:06.947706+00:00,82.8,35,ask,,,2122126
2026-07-01T20:12:05.648638,2026-07-01T10:12:07.035706+00:00,82.8,15,ask,,,2122129
2026-07-01T20:12:06.403771,2026-07-01T10:12:07.794224+00:00,82.8,200,ask,,,2122148
2026-07-01T20:12:07.017457,2026-07-01T10:12:08.423044+00:00,82.7,20,ask,,,2122166
2026-07-01T20:12:07.269917,2026-07-01T10:12:08.654043+00:00,82.8,500,bid,,,2122168
2026-07-01T20:12:07.741324,2026-07-01T10:12:09.127562+00:00,82.7,10,ask,,,2122173
2026-07-01T20:12:07.866587,2026-07-01T10:12:09.248562+00:00,82.8,125,bid,,,2122178
2026-07-01T20:12:07.866587,2026-07-01T10:12:09.259563+00:00,82.8,200,bid,,,2122179
2026-07-01T20:12:07.928958,2026-07-01T10:12:09.314562+00:00,82.9,100,ask,,,2122182
2026-07-01T20:12:07.992496,2026-07-01T10:12:09.380262+00:00,82.9,20,ask,,,2122187
2026-07-01T20:12:08.231272,2026-07-01T10:12:09.622051+00:00,82.9,25,ask,,,2122192
2026-07-01T20:12:08.821600,2026-07-01T10:12:10.201328+00:00,82.9,200,ask,,,2122203
2026-07-01T20:12:10.031155,2026-07-01T10:12:11.413116+00:00,82.8,200,ask,,,2122225
2026-07-01T20:12:10.888659,2026-07-01T10:12:12.270633+00:00,82.9,500,bid,,,2122262
2026-07-01T20:12:10.996464,2026-07-01T10:12:12.380634+00:00,82.9,20,bid,,,2122263
2026-07-01T20:12:11.849199,2026-07-01T10:12:13.234431+00:00,82.8,1,ask,,,2122287
2026-07-01T20:12:11.849199,2026-07-01T10:12:13.234431+00:00,82.8,70,ask,,,2122288
2026-07-01T20:12:11.871240,2026-07-01T10:12:13.256431+00:00,82.9,200,bid,,,2122289
2026-07-01T20:12:14.866932,2026-07-01T10:12:16.250875+00:00,82.9,200,ask,,,2122368
2026-07-01T20:12:16.075606,2026-07-01T10:12:17.464420+00:00,82.9,200,ask,,,2122401
2026-07-01T20:12:19.770905,2026-07-01T10:12:21.156067+00:00,82.8,9,ask,,,2122491
2026-07-01T20:12:19.770905,2026-07-01T10:12:21.156067+00:00,82.8,500,ask,,,2122492
2026-07-01T20:12:19.770905,2026-07-01T10:12:21.156067+00:00,82.8,116,ask,,,2122493
2026-07-01T20:12:20.909854,2026-07-01T10:12:22.298625+00:00,82.9,200,ask,,,2122508
2026-07-01T20:12:23.746669,2026-07-01T10:12:25.129515+00:00,83.1,200,bid,,,2122582
2026-07-01T20:12:25.070068,2026-07-01T10:12:26.459953+00:00,83.1,200,ask,,,2122611
2026-07-01T20:12:26.391069,2026-07-01T10:12:27.779839+00:00,83.1,200,bid,,,2122641
2026-07-01T20:12:26.954808,2026-07-01T10:12:28.341163+00:00,83.2,200,ask,,,2122655
2026-07-01T20:12:29.027285,2026-07-01T10:12:30.418450+00:00,83.2,1,bid,,,2122712
2026-07-01T20:12:29.027285,2026-07-01T10:12:30.418450+00:00,83.2,200,bid,,,2122713
2026-07-01T20:12:29.370626,2026-07-01T10:12:30.757707+00:00,83.2,200,ask,,,2122720
2026-07-01T20:12:30.833570,2026-07-01T10:12:32.271587+00:00,83.2,35,bid,,,2122750
2026-07-01T20:12:30.923367,2026-07-01T10:12:32.311587+00:00,83.2,35,bid,,,2122752
2026-07-01T20:12:31.014748,2026-07-01T10:12:32.404588+00:00,83.2,35,bid,,,2122754
2026-07-01T20:12:31.106817,2026-07-01T10:12:32.536587+00:00,83.2,35,bid,,,2122759
2026-07-01T20:12:31.196962,2026-07-01T10:12:32.580652+00:00,83.2,10,bid,,,2122761
2026-07-01T20:12:32.977609,2026-07-01T10:12:34.364810+00:00,83.3,10,bid,,,2122821
2026-07-01T20:12:34.282690,2026-07-01T10:12:35.666120+00:00,83.2,200,ask,,,2122851
2026-07-01T20:12:36.299380,2026-07-01T10:12:37.687592+00:00,83.3,1,bid,,,2122881
2026-07-01T20:12:36.299380,2026-07-01T10:12:37.687592+00:00,83.3,19,bid,,,2122882
2026-07-01T20:12:36.632411,2026-07-01T10:12:38.017593+00:00,83.3,200,bid,,,2122885
2026-07-01T20:12:36.987310,2026-07-01T10:12:38.369679+00:00,83.3,35,ask,,,2122894
2026-07-01T20:12:37.152546,2026-07-01T10:12:38.534198+00:00,83.4,35,bid,,,2122901
2026-07-01T20:12:37.241830,2026-07-01T10:12:38.622196+00:00,83.4,35,bid,,,2122903
2026-07-01T20:12:37.332964,2026-07-01T10:12:38.720772+00:00,83.4,15,bid,,,2122905
2026-07-01T20:12:38.091069,2026-07-01T10:12:39.479036+00:00,83.4,10,bid,,,2122928
2026-07-01T20:12:38.215436,2026-07-01T10:12:39.600036+00:00,83.4,200,bid,,,2122938
2026-07-01T20:12:39.534106,2026-07-01T10:12:40.919128+00:00,83.4,200,ask,,,2122964
2026-07-01T20:12:40.273941,2026-07-01T10:12:41.656129+00:00,83.4,200,bid,,,2122980
2026-07-01T20:12:40.851596,2026-07-01T10:12:42.238602+00:00,83.5,500,bid,,,2123006
2026-07-01T20:12:40.889096,2026-07-01T10:12:42.271613+00:00,83.5,35,ask,,,2123008
2026-07-01T20:12:41.174754,2026-07-01T10:12:42.557614+00:00,83.5,90,ask,,,2123011
2026-07-01T20:12:42.178114,2026-07-01T10:12:43.558811+00:00,83.3,200,ask,,,2123039
2026-07-01T20:12:43.570760,2026-07-01T10:12:44.959928+00:00,83.3,35,bid,,,2123074
2026-07-01T20:12:46.332499,2026-07-01T10:12:47.725729+00:00,83.1,200,ask,,,2123147
2026-07-01T20:12:47.521489,2026-07-01T10:12:48.912760+00:00,83.0,6,ask,,,2123180
2026-07-01T20:12:47.521489,2026-07-01T10:12:48.912760+00:00,83.0,14,ask,,,2123181
2026-07-01T20:12:51.173249,2026-07-01T10:12:52.562794+00:00,83.2,200,bid,,,2123266
2026-07-01T20:12:52.084698,2026-07-01T10:12:53.467716+00:00,83.2,500,bid,,,2123283
2026-07-01T20:12:52.382909,2026-07-01T10:12:53.764416+00:00,83.2,125,bid,,,2123290
2026-07-01T20:12:52.571891,2026-07-01T10:12:53.973415+00:00,83.2,8,ask,,,2123305
2026-07-01T20:12:52.690336,2026-07-01T10:12:54.083415+00:00,83.4,1,bid,,,2123320
2026-07-01T20:12:52.690336,2026-07-01T10:12:54.083415+00:00,83.4,200,bid,,,2123321
2026-07-01T20:12:52.745221,2026-07-01T10:12:54.127415+00:00,83.4,8,ask,,,2123328
2026-07-01T20:12:52.858538,2026-07-01T10:12:54.247932+00:00,83.4,40,ask,,,2123336
2026-07-01T20:12:53.594360,2026-07-01T10:12:54.982360+00:00,83.5,200,bid,,,2123356
2026-07-01T20:12:55.322067,2026-07-01T10:12:56.708940+00:00,83.4,200,ask,,,2123395
2026-07-01T20:12:56.156428,2026-07-01T10:12:57.544939+00:00,83.3,35,bid,,,2123410
2026-07-01T20:12:56.245451,2026-07-01T10:12:57.632940+00:00,83.3,5,bid,,,2123413
2026-07-01T20:12:56.633893,2026-07-01T10:12:58.017940+00:00,83.3,160,bid,,,2123432
2026-07-01T20:12:57.226344,2026-07-01T10:12:58.612006+00:00,83.3,200,ask,,,2123443
2026-07-01T20:12:57.973083,2026-07-01T10:12:59.359532+00:00,83.3,55,bid,,,2123460
2026-07-01T20:12:58.295779,2026-07-01T10:12:59.678047+00:00,83.3,25,bid,,,2123467
2026-07-01T20:12:58.305663,2026-07-01T10:12:59.689047+00:00,83.3,10,bid,,,2123468
2026-07-01T20:12:58.435284,2026-07-01T10:12:59.820580+00:00,83.3,200,bid,,,2123470
2026-07-01T20:12:59.885982,2026-07-01T10:13:01.271256+00:00,83.4,20,bid,,,2123494
2026-07-01T20:13:01.900017,2026-07-01T10:13:03.283427+00:00,83.3,200,ask,,,2123545
2026-07-01T20:13:02.087318,2026-07-01T10:13:03.481527+00:00,83.2,145,bid,,,2123547
2026-07-01T20:13:03.212867,2026-07-01T10:13:04.592537+00:00,83.2,55,bid,,,2123580
2026-07-01T20:13:03.271748,2026-07-01T10:13:04.658537+00:00,83.2,200,ask,,,2123586
2026-07-01T20:13:05.689834,2026-07-01T10:13:07.076690+00:00,83.2,200,bid,,,2123634
2026-07-01T20:13:08.109006,2026-07-01T10:13:09.491265+00:00,83.4,200,bid,,,2123687
2026-07-01T20:13:08.477563,2026-07-01T10:13:09.865264+00:00,83.5,1,bid,,,2123697
2026-07-01T20:13:08.477563,2026-07-01T10:13:09.865264+00:00,83.5,500,bid,,,2123698
2026-07-01T20:13:08.492085,2026-07-01T10:13:09.887265+00:00,83.5,20,ask,,,2123702
2026-07-01T20:13:08.526258,2026-07-01T10:13:09.909264+00:00,83.5,35,ask,,,2123707
2026-07-01T20:13:08.615775,2026-07-01T10:13:09.997265+00:00,83.5,28,ask,,,2123710
2026-07-01T20:13:08.781160,2026-07-01T10:13:10.162264+00:00,83.6,35,bid,,,2123716
2026-07-01T20:13:09.048085,2026-07-01T10:13:10.437265+00:00,83.5,41,ask,,,2123722
2026-07-01T20:13:09.319294,2026-07-01T10:13:10.701264+00:00,83.4,10,bid,,,2123726
2026-07-01T20:13:09.406524,2026-07-01T10:13:10.789264+00:00,83.4,10,ask,,,2123728
2026-07-01T20:13:12.434862,2026-07-01T10:13:13.819583+00:00,83.5,9,bid,,,2123785
2026-07-01T20:13:14.164511,2026-07-01T10:13:15.544898+00:00,83.5,200,ask,,,2123818
2026-07-01T20:13:15.376614,2026-07-01T10:13:16.759365+00:00,83.4,200,bid,,,2123840
2026-07-01T20:13:16.010655,2026-07-01T10:13:17.396167+00:00,83.2,7,ask,,,2123854
2026-07-01T20:13:16.399096,2026-07-01T10:13:17.781167+00:00,83.4,100,ask,,,2123874
2026-07-01T20:13:16.590421,2026-07-01T10:13:17.978849+00:00,83.4,200,ask,,,2123877
2026-07-01T20:13:17.694817,2026-07-01T10:13:19.077887+00:00,83.3,3,ask,,,2123902
2026-07-01T20:13:17.797220,2026-07-01T10:13:19.187886+00:00,83.3,200,bid,,,2123904
2026-07-01T20:13:19.034340,2026-07-01T10:13:20.417541+00:00,83.4,35,ask,,,2123932
2026-07-01T20:13:19.037751,2026-07-01T10:13:20.417541+00:00,83.4,200,ask,,,2123933
2026-07-01T20:13:19.123819,2026-07-01T10:13:20.507541+00:00,83.4,35,ask,,,2123936
2026-07-01T20:13:19.218785,2026-07-01T10:13:20.606542+00:00,83.4,32,ask,,,2123938
2026-07-01T20:13:19.560203,2026-07-01T10:13:20.947556+00:00,83.4,10,ask,,,2123944
2026-07-01T20:13:20.250418,2026-07-01T10:13:21.640090+00:00,83.4,200,ask,,,2123959
2026-07-01T20:13:21.633416,2026-07-01T10:13:23.013264+00:00,83.4,200,ask,,,2123993
2026-07-01T20:13:22.945837,2026-07-01T10:13:24.333365+00:00,83.5,200,bid,,,2124018
2026-07-01T20:13:24.681061,2026-07-01T10:13:26.061882+00:00,83.4,35,ask,,,2124066
2026-07-01T20:13:24.788355,2026-07-01T10:13:26.171437+00:00,83.4,12,ask,,,2124070
2026-07-01T20:13:25.084213,2026-07-01T10:13:26.468437+00:00,83.5,200,bid,,,2124075
2026-07-01T20:13:26.137089,2026-07-01T10:13:27.525953+00:00,83.4,10,ask,,,2124096
2026-07-01T20:13:26.317921,2026-07-01T10:13:27.701953+00:00,83.5,61,ask,,,2124102
2026-07-01T20:13:26.744351,2026-07-01T10:13:28.130952+00:00,83.5,20,ask,,,2124109
2026-07-01T20:13:26.891364,2026-07-01T10:13:28.273953+00:00,83.5,119,ask,,,2124115
2026-07-01T20:13:27.504899,2026-07-01T10:13:28.890066+00:00,83.5,200,bid,,,2124128
2026-07-01T20:13:31.132185,2026-07-01T10:13:32.519257+00:00,83.5,200,bid,,,2124215
2026-07-01T20:13:32.232657,2026-07-01T10:13:33.617827+00:00,83.5,20,bid,,,2124249
2026-07-01T20:13:32.342047,2026-07-01T10:13:33.727828+00:00,83.5,200,bid,,,2124250
2026-07-01T20:13:35.973908,2026-07-01T10:13:37.357355+00:00,83.5,200,bid,,,2124322
2026-07-01T20:13:37.037150,2026-07-01T10:13:38.423931+00:00,83.4,20,ask,,,2124341
2026-07-01T20:13:37.185515,2026-07-01T10:13:38.566930+00:00,83.5,200,bid,,,2124342
2026-07-01T20:13:39.613917,2026-07-01T10:13:40.997930+00:00,83.5,200,bid,,,2124381
2026-07-01T20:13:40.852489,2026-07-01T10:13:42.240445+00:00,83.5,39,ask,,,2124406
2026-07-01T20:13:42.676649,2026-07-01T10:13:44.065495+00:00,83.5,200,ask,,,2124441
2026-07-01T20:13:43.247706,2026-07-01T10:13:44.637009+00:00,83.5,200,bid,,,2124446
2026-07-01T20:13:43.632823,2026-07-01T10:13:45.022010+00:00,83.5,35,bid,,,2124458
2026-07-01T20:13:43.724142,2026-07-01T10:13:45.121009+00:00,83.5,35,bid,,,2124465
2026-07-01T20:13:43.829017,2026-07-01T10:13:45.220009+00:00,83.5,35,bid,,,2124472
2026-07-01T20:13:44.458079,2026-07-01T10:13:45.847009+00:00,83.6,200,ask,,,2124488
2026-07-01T20:13:45.385215,2026-07-01T10:13:46.770572+00:00,83.6,20,ask,,,2124513
2026-07-01T20:13:45.669285,2026-07-01T10:13:47.056572+00:00,83.6,200,ask,,,2124524
2026-07-01T20:13:46.885946,2026-07-01T10:13:48.266573+00:00,83.6,200,ask,,,2124542
2026-07-01T20:13:48.905195,2026-07-01T10:13:50.289140+00:00,83.5,20,bid,,,2124583
2026-07-01T20:13:50.551885,2026-07-01T10:13:51.939140+00:00,83.7,2,bid,,,2124627
2026-07-01T20:13:50.551885,2026-07-01T10:13:51.939140+00:00,83.7,200,bid,,,2124628
2026-07-01T20:13:51.728898,2026-07-01T10:13:53.115992+00:00,83.7,200,ask,,,2124653
2026-07-01T20:13:53.141840,2026-07-01T10:13:54.523993+00:00,83.7,50,bid,,,2124701
2026-07-01T20:13:54.150855,2026-07-01T10:13:55.535511+00:00,83.5,200,ask,,,2124728
2026-07-01T20:13:54.493547,2026-07-01T10:13:55.876511+00:00,83.4,200,ask,,,2124739
2026-07-01T20:13:54.515724,2026-07-01T10:13:55.898511+00:00,83.4,22,bid,,,2124740
2026-07-01T20:13:55.387959,2026-07-01T10:13:56.778087+00:00,83.4,10,bid,,,2124763
2026-07-01T20:13:58.078630,2026-07-01T10:13:59.462181+00:00,83.4,200,bid,,,2124823
2026-07-01T20:14:00.961864,2026-07-01T10:14:02.344193+00:00,83.6,10,bid,,,2124881
2026-07-01T20:14:02.592624,2026-07-01T10:14:03.974627+00:00,83.7,150,bid,,,2124934
2026-07-01T20:14:03.684562,2026-07-01T10:14:05.074143+00:00,83.6,200,ask,,,2124952
2026-07-01T20:14:03.702949,2026-07-01T10:14:05.085144+00:00,83.5,50,bid,,,2124954
2026-07-01T20:14:03.833120,2026-07-01T10:14:05.217142+00:00,83.5,200,bid,,,2124957
2026-07-01T20:14:04.347140,2026-07-01T10:14:05.734143+00:00,83.5,20,bid,,,2124966
2026-07-01T20:14:07.461967,2026-07-01T10:14:08.846800+00:00,83.6,200,bid,,,2125008
2026-07-01T20:14:07.624730,2026-07-01T10:14:09.011809+00:00,83.6,500,bid,,,2125015
2026-07-01T20:14:07.749491,2026-07-01T10:14:09.132801+00:00,83.7,125,ask,,,2125019
2026-07-01T20:14:08.719059,2026-07-01T10:14:10.100809+00:00,83.4,20,ask,,,2125053
2026-07-01T20:14:09.604832,2026-07-01T10:14:10.991801+00:00,83.5,500,ask,,,2125075
2026-07-01T20:14:09.879688,2026-07-01T10:14:11.266801+00:00,83.5,125,ask,,,2125089
2026-07-01T20:14:10.208534,2026-07-01T10:14:11.596801+00:00,83.4,20,ask,,,2125098
2026-07-01T20:14:10.246722,2026-07-01T10:14:11.629802+00:00,83.4,180,ask,,,2125099
2026-07-01T20:14:11.086728,2026-07-01T10:14:12.476799+00:00,83.4,200,bid,,,2125104
2026-07-01T20:14:12.881531,2026-07-01T10:14:14.271072+00:00,83.4,200,bid,,,2125145
2026-07-01T20:14:13.378327,2026-07-01T10:14:14.766073+00:00,83.5,25,bid,,,2125164
2026-07-01T20:14:14.455173,2026-07-01T10:14:15.843588+00:00,83.4,200,ask,,,2125190
2026-07-01T20:14:14.455173,2026-07-01T10:14:15.843588+00:00,83.4,300,ask,,,2125191
2026-07-01T20:14:14.712320,2026-07-01T10:14:16.096146+00:00,83.4,200,ask,,,2125196
2026-07-01T20:14:15.046554,2026-07-01T10:14:16.437147+00:00,83.4,125,ask,,,2125206
2026-07-01T20:14:15.918653,2026-07-01T10:14:17.306146+00:00,83.2,200,bid,,,2125218
2026-07-01T20:14:17.128943,2026-07-01T10:14:18.515749+00:00,83.3,200,bid,,,2125245
2026-07-01T20:14:18.076729,2026-07-01T10:14:19.475750+00:00,83.3,20,bid,,,2125256
2026-07-01T20:14:18.340777,2026-07-01T10:14:19.728749+00:00,83.3,200,ask,,,2125259
2026-07-01T20:14:20.740439,2026-07-01T10:14:22.126750+00:00,83.4,200,bid,,,2125307
2026-07-01T20:14:21.113628,2026-07-01T10:14:22.500749+00:00,83.5,200,ask,,,2125313
2026-07-01T20:14:22.089303,2026-07-01T10:14:23.478753+00:00,83.5,20,bid,,,2125333
2026-07-01T20:14:23.520607,2026-07-01T10:14:24.908754+00:00,83.5,200,ask,,,2125355
2026-07-01T20:14:26.282376,2026-07-01T10:14:27.669311+00:00,83.5,8,bid,,,2125411
2026-07-01T20:14:26.396021,2026-07-01T10:14:27.779312+00:00,83.5,8,bid,,,2125418
2026-07-01T20:14:34.058960,2026-07-01T10:14:35.449107+00:00,83.4,200,ask,,,2125624
