timestamp,recv_time,price,volume,aggressor_side,buyer,seller,trade_id
2026-07-04T16:00:03.400033,2026-07-04T16:00:03.411954+00:00,140.1,20,ask,YieldingYams,BrilliantBurritos,7194739
2026-07-04T16:00:04.077820,2026-07-04T16:00:04.089472+00:00,140.0,20,ask,YieldingYams,BrilliantBurritos,7194749
2026-07-04T16:00:06.408441,2026-07-04T16:00:06.417469+00:00,140.2,200,ask,WavyWalnuts,AverageAlmonds,7194785
2026-07-04T16:00:06.408441,2026-07-04T16:00:06.417469+00:00,140.2,300,ask,YieldingYams,AverageAlmonds,7194786
2026-07-04T16:00:10.210554,2026-07-04T16:00:10.217586+00:00,140.1,200,ask,WavyWalnuts,YieldingYams,7194845
2026-07-04T16:00:10.782432,2026-07-04T16:00:10.790550+00:00,140.1,200,bid,WavyWalnuts,YieldingYams,7194851
2026-07-04T16:00:12.513259,2026-07-04T16:00:12.519627+00:00,140.2,20,ask,YieldingYams,BrilliantBurritos,7194877
2026-07-04T16:00:12.837514,2026-07-04T16:00:12.846695+00:00,140.4,200,bid,YieldingYams,WavyWalnuts,7194881
2026-07-04T16:00:14.152738,2026-07-04T16:00:14.161657+00:00,140.4,200,ask,WavyWalnuts,YieldingYams,7194896
2026-07-04T16:00:15.497441,2026-07-04T16:00:15.505909+00:00,140.3,200,ask,WavyWalnuts,YieldingYams,7194921
2026-07-04T16:00:16.830188,2026-07-04T16:00:16.840860+00:00,140.4,200,bid,WavyWalnuts,AverageAlmonds,7194945
2026-07-04T16:00:18.511142,2026-07-04T16:00:18.522557+00:00,140.2,200,ask,WavyWalnuts,AverageAlmonds,7194970
2026-07-04T16:00:19.255368,2026-07-04T16:00:19.258547+00:00,140.2,200,bid,WavyWalnuts,AverageAlmonds,7194979
2026-07-04T16:00:19.715812,2026-07-04T16:00:19.722923+00:00,140.1,500,ask,YieldingYams,AverageAlmonds,7194984
2026-07-04T16:00:20.319728,2026-07-04T16:00:20.331411+00:00,140.1,125,ask,YieldingYams,AverageAlmonds,7194992
2026-07-04T16:00:20.466046,2026-07-04T16:00:20.474051+00:00,140.1,200,bid,WavyWalnuts,AverageAlmonds,7194993
2026-07-04T16:00:21.674948,2026-07-04T16:00:21.686677+00:00,140.1,200,bid,WavyWalnuts,YieldingYams,7195005
2026-07-04T16:00:25.181355,2026-07-04T16:00:25.193254+00:00,140.0,20,ask,YieldingYams,BrilliantBurritos,7195036
2026-07-04T16:00:25.305506,2026-07-04T16:00:25.314615+00:00,140.1,200,bid,WavyWalnuts,AverageAlmonds,7195042
2026-07-04T16:00:26.001004,2026-07-04T16:00:26.009005+00:00,140.1,500,bid,YieldingYams,AverageAlmonds,7195056
2026-07-04T16:00:27.320739,2026-07-04T16:00:27.327296+00:00,140.0,200,ask,WavyWalnuts,YieldingYams,7195082
2026-07-04T16:00:27.723775,2026-07-04T16:00:27.734139+00:00,140.0,200,bid,WavyWalnuts,YieldingYams,7195095
2026-07-04T16:00:28.645531,2026-07-04T16:00:28.649157+00:00,139.9,3,ask,YieldingYams,Xuanyu Liu,7195113
2026-07-04T16:00:29.964940,2026-07-04T16:00:29.969166+00:00,140.0,10,ask,YieldingYams,Xuanyu Liu,7195144
2026-07-04T16:00:30.859931,2026-07-04T16:00:30.863868+00:00,140.2,10,bid,Xuanyu Liu,WavyWalnuts,7195162
2026-07-04T16:00:32.598334,2026-07-04T16:00:32.601971+00:00,140.1,3,bid,Xuanyu Liu,YieldingYams,7195181
2026-07-04T16:00:34.881565,2026-07-04T16:00:34.891589+00:00,140.0,20,ask,WavyWalnuts,BrilliantBurritos,7195221
2026-07-04T16:00:35.211722,2026-07-04T16:00:35.215466+00:00,140.1,3,ask,YieldingYams,Xuanyu Liu,7195230
2026-07-04T16:00:36.216769,2026-07-04T16:00:36.227851+00:00,140.1,200,ask,YieldingYams,WavyWalnuts,7195244
2026-07-04T16:00:37.442273,2026-07-04T16:00:37.446070+00:00,140.1,3,bid,Xuanyu Liu,WavyWalnuts,7195257
2026-07-04T16:00:38.635971,2026-07-04T16:00:38.649553+00:00,139.9,200,ask,YieldingYams,WavyWalnuts,7195274
2026-07-04T16:00:40.435736,2026-07-04T16:00:40.447877+00:00,140.0,200,bid,YieldingYams,WavyWalnuts,7195310
2026-07-04T16:00:40.453342,2026-07-04T16:00:40.456992+00:00,140.1,26,ask,YieldingYams,Xuanyu Liu,7195312
2026-07-04T16:00:41.048942,2026-07-04T16:00:41.054829+00:00,140.1,200,ask,YieldingYams,WavyWalnuts,7195328
2026-07-04T16:00:41.173234,2026-07-04T16:00:41.182601+00:00,140.3,20,bid,BrilliantBurritos,YieldingYams,7195330
2026-07-04T16:00:43.539142,2026-07-04T16:00:43.543471+00:00,140.1,12,bid,Xuanyu Liu,YieldingYams,7195363
2026-07-04T16:00:44.377166,2026-07-04T16:00:44.384248+00:00,140.0,200,ask,WavyWalnuts,YieldingYams,7195375
2026-07-04T16:00:44.398148,2026-07-04T16:00:44.402045+00:00,139.9,14,bid,Xuanyu Liu,YieldingYams,7195380
2026-07-04T16:00:44.683663,2026-07-04T16:00:44.693152+00:00,139.9,200,bid,WavyWalnuts,YieldingYams,7195390
2026-07-04T16:00:44.990545,2026-07-04T16:00:44.994044+00:00,139.8,3,ask,AverageAlmonds,Xuanyu Liu,7195395
2026-07-04T16:00:45.135649,2026-07-04T16:00:45.161542+00:00,139.9,211,bid,AverageAlmonds,YieldingYams,7195398
2026-07-04T16:00:45.157880,2026-07-04T16:00:45.161542+00:00,139.9,11,ask,AverageAlmonds,Xuanyu Liu,7195400
2026-07-04T16:00:45.915712,2026-07-04T16:00:45.923907+00:00,140.0,200,ask,YieldingYams,WavyWalnuts,7195414
2026-07-04T16:00:48.171427,2026-07-04T16:00:48.181819+00:00,140.2,500,bid,AverageAlmonds,YieldingYams,7195459
2026-07-04T16:00:48.371676,2026-07-04T16:00:48.383655+00:00,140.2,20,bid,BrilliantBurritos,WavyWalnuts,7195461
2026-07-04T16:00:48.771725,2026-07-04T16:00:48.779604+00:00,140.2,180,bid,AverageAlmonds,WavyWalnuts,7195462
2026-07-04T16:00:49.634339,2026-07-04T16:00:49.644007+00:00,140.2,200,bid,YieldingYams,WavyWalnuts,7195488
2026-07-04T16:00:50.767465,2026-07-04T16:00:50.771637+00:00,140.3,11,bid,Xuanyu Liu,WavyWalnuts,7195510
2026-07-04T16:00:56.800025,2026-07-04T16:00:56.811591+00:00,140.0,200,ask,YieldingYams,WavyWalnuts,7195640
2026-07-04T16:00:58.447980,2026-07-04T16:00:58.459129+00:00,140.1,200,bid,AverageAlmonds,WavyWalnuts,7195672
2026-07-04T16:00:59.212703,2026-07-04T16:00:59.220947+00:00,140.1,200,ask,YieldingYams,WavyWalnuts,7195680
2026-07-04T16:01:00.279822,2026-07-04T16:01:00.289590+00:00,140.1,500,bid,AverageAlmonds,YieldingYams,7195696
2026-07-04T16:01:00.876305,2026-07-04T16:01:00.884078+00:00,140.1,125,bid,AverageAlmonds,YieldingYams,7195711
2026-07-04T16:01:00.876305,2026-07-04T16:01:00.889369+00:00,140.1,200,bid,AverageAlmonds,WavyWalnuts,7195712
2026-07-04T16:01:00.902206,2026-07-04T16:01:00.905739+00:00,140.3,34,ask,AverageAlmonds,Xuanyu Liu,7195715
2026-07-04T16:01:01.471191,2026-07-04T16:01:01.474574+00:00,140.4,12,ask,YieldingYams,Xuanyu Liu,7195724
2026-07-04T16:01:01.626302,2026-07-04T16:01:01.637546+00:00,140.4,200,ask,YieldingYams,WavyWalnuts,7195731
2026-07-04T16:01:02.834327,2026-07-04T16:01:02.852046+00:00,140.6,200,ask,YieldingYams,WavyWalnuts,7195751
2026-07-04T16:01:03.928721,2026-07-04T16:01:03.932252+00:00,140.8,12,bid,Xuanyu Liu,YieldingYams,7195765
2026-07-04T16:01:04.043248,2026-07-04T16:01:04.053162+00:00,140.6,200,ask,YieldingYams,WavyWalnuts,7195767
2026-07-04T16:01:04.097253,2026-07-04T16:01:04.100803+00:00,140.5,34,bid,Xuanyu Liu,YieldingYams,7195769
2026-07-04T16:01:05.127735,2026-07-04T16:01:05.138409+00:00,140.5,500,bid,AverageAlmonds,YieldingYams,7195784
2026-07-04T16:01:05.393135,2026-07-04T16:01:05.403707+00:00,140.5,200,bid,YieldingYams,WavyWalnuts,7195786
2026-07-04T16:01:05.763841,2026-07-04T16:01:05.767654+00:00,140.5,11,ask,YieldingYams,Xuanyu Liu,7195801
2026-07-04T16:01:06.707726,2026-07-04T16:01:06.714931+00:00,140.6,200,bid,YieldingYams,WavyWalnuts,7195818
2026-07-04T16:01:06.726387,2026-07-04T16:01:06.730295+00:00,140.6,12,ask,YieldingYams,Xuanyu Liu,7195820
2026-07-04T16:01:09.591902,2026-07-04T16:01:09.598856+00:00,140.5,20,ask,WavyWalnuts,BrilliantBurritos,7195865
2026-07-04T16:01:09.952694,2026-07-04T16:01:09.958666+00:00,140.6,500,bid,AverageAlmonds,YieldingYams,7195873
2026-07-04T16:01:10.544183,2026-07-04T16:01:10.558580+00:00,140.6,125,bid,AverageAlmonds,YieldingYams,7195885
2026-07-04T16:01:11.717728,2026-07-04T16:01:11.729047+00:00,140.7,20,ask,YieldingYams,BrilliantBurritos,7195910
2026-07-04T16:01:11.989603,2026-07-04T16:01:12.058627+00:00,140.6,22,ask,WavyWalnuts,Zihao Wu,7195917
2026-07-04T16:01:12.388163,2026-07-04T16:01:12.399037+00:00,140.7,500,bid,AverageAlmonds,YieldingYams,7195923
2026-07-04T16:01:12.508651,2026-07-04T16:01:12.527808+00:00,140.7,125,bid,WavyWalnuts,YieldingYams,7195926
2026-07-04T16:01:12.524289,2026-07-04T16:01:12.527808+00:00,140.7,11,ask,WavyWalnuts,Xuanyu Liu,7195930
2026-07-04T16:01:13.267569,2026-07-04T16:01:13.274701+00:00,140.9,200,bid,YieldingYams,WavyWalnuts,7195941
2026-07-04T16:01:13.285226,2026-07-04T16:01:13.288855+00:00,140.9,23,ask,YieldingYams,Xuanyu Liu,7195943
2026-07-04T16:01:13.408160,2026-07-04T16:01:13.411906+00:00,141.1,6,bid,Xuanyu Liu,YieldingYams,7195946
2026-07-04T16:01:15.212305,2026-07-04T16:01:15.216056+00:00,140.9,5,bid,Xuanyu Liu,YieldingYams,7195972
2026-07-04T16:01:17.206870,2026-07-04T16:01:17.228723+00:00,140.8,200,ask,WavyWalnuts,YieldingYams,7196012
2026-07-04T16:01:17.224437,2026-07-04T16:01:17.228723+00:00,140.8,12,bid,Xuanyu Liu,YieldingYams,7196014
2026-07-04T16:01:17.837748,2026-07-04T16:01:17.845251+00:00,140.8,413,bid,AverageAlmonds,YieldingYams,7196026
2026-07-04T16:01:18.437999,2026-07-04T16:01:18.447468+00:00,140.9,200,bid,AverageAlmonds,WavyWalnuts,7196034
2026-07-04T16:01:23.763478,2026-07-04T16:01:23.784381+00:00,141.0,200,ask,WavyWalnuts,YieldingYams,7196105
2026-07-04T16:01:23.780708,2026-07-04T16:01:23.784381+00:00,141.0,11,bid,Xuanyu Liu,YieldingYams,7196107
2026-07-04T16:01:26.305424,2026-07-04T16:01:26.314180+00:00,141.0,200,bid,AverageAlmonds,WavyWalnuts,7196146
2026-07-04T16:01:26.910125,2026-07-04T16:01:26.917413+00:00,141.1,500,bid,AverageAlmonds,YieldingYams,7196156
2026-07-04T16:01:27.507854,2026-07-04T16:01:27.515950+00:00,141.0,200,bid,AverageAlmonds,WavyWalnuts,7196168
2026-07-04T16:01:27.507854,2026-07-04T16:01:27.520940+00:00,141.1,125,bid,AverageAlmonds,YieldingYams,7196169
2026-07-04T16:01:27.695436,2026-07-04T16:01:27.706135+00:00,141.2,175,ask,AverageAlmonds,YieldingYams,7196173
2026-07-04T16:01:29.004695,2026-07-04T16:01:29.012884+00:00,141.3,200,bid,YieldingYams,WavyWalnuts,7196200
2026-07-04T16:01:30.334605,2026-07-04T16:01:30.337970+00:00,141.4,12,bid,Xuanyu Liu,YieldingYams,7196223
2026-07-04T16:01:31.033816,2026-07-04T16:01:31.037422+00:00,141.4,11,bid,Xuanyu Liu,YieldingYams,7196233
2026-07-04T16:01:31.628673,2026-07-04T16:01:31.647195+00:00,141.3,200,ask,WavyWalnuts,YieldingYams,7196247
2026-07-04T16:01:31.643581,2026-07-04T16:01:31.647195+00:00,141.3,3,bid,Xuanyu Liu,YieldingYams,7196249
2026-07-04T16:01:31.877455,2026-07-04T16:01:31.884210+00:00,141.3,200,bid,WavyWalnuts,YieldingYams,7196252
2026-07-04T16:01:32.014457,2026-07-04T16:01:32.026461+00:00,141.3,22,bid,Zihao Wu,YieldingYams,7196253
2026-07-04T16:01:32.967419,2026-07-04T16:01:32.974292+00:00,141.3,500,ask,YieldingYams,AverageAlmonds,7196274
2026-07-04T16:01:33.562611,2026-07-04T16:01:33.572938+00:00,141.3,125,ask,YieldingYams,AverageAlmonds,7196292
2026-07-04T16:01:33.562611,2026-07-04T16:01:33.572938+00:00,141.3,200,ask,WavyWalnuts,AverageAlmonds,7196293
2026-07-04T16:01:34.263912,2026-07-04T16:01:34.267691+00:00,140.9,14,ask,YieldingYams,Xuanyu Liu,7196316
2026-07-04T16:01:34.293745,2026-07-04T16:01:34.304135+00:00,141.2,200,bid,WavyWalnuts,YieldingYams,7196317
2026-07-04T16:01:34.391476,2026-07-04T16:01:34.402977+00:00,141.2,20,bid,BrilliantBurritos,YieldingYams,7196318
2026-07-04T16:01:36.708793,2026-07-04T16:01:36.716152+00:00,141.2,200,bid,WavyWalnuts,YieldingYams,7196359
2026-07-04T16:01:37.831091,2026-07-04T16:01:37.834703+00:00,141.2,11,bid,Xuanyu Liu,AverageAlmonds,7196374
2026-07-04T16:01:41.537721,2026-07-04T16:01:41.545588+00:00,141.2,200,bid,WavyWalnuts,AverageAlmonds,7196436
2026-07-04T16:01:42.067367,2026-07-04T16:01:42.074473+00:00,141.1,500,ask,YieldingYams,AverageAlmonds,7196447
2026-07-04T16:01:43.280288,2026-07-04T16:01:43.290375+00:00,141.0,200,ask,WavyWalnuts,AverageAlmonds,7196470
2026-07-04T16:01:43.408882,2026-07-04T16:01:43.418190+00:00,141.0,300,bid,YieldingYams,AverageAlmonds,7196477
2026-07-04T16:01:43.871264,2026-07-04T16:01:43.878149+00:00,141.1,325,ask,YieldingYams,AverageAlmonds,7196481
2026-07-04T16:01:45.082307,2026-07-04T16:01:45.106928+00:00,140.9,200,ask,WavyWalnuts,AverageAlmonds,7196513
2026-07-04T16:01:45.103421,2026-07-04T16:01:45.106928+00:00,140.9,3,bid,Xuanyu Liu,AverageAlmonds,7196515
2026-07-04T16:01:46.039515,2026-07-04T16:01:46.047873+00:00,140.9,200,bid,YieldingYams,WavyWalnuts,7196536
2026-07-04T16:01:46.039515,2026-07-04T16:01:46.058612+00:00,140.9,425,bid,YieldingYams,AverageAlmonds,7196537
2026-07-04T16:01:51.131930,2026-07-04T16:01:51.142350+00:00,140.8,200,ask,WavyWalnuts,AverageAlmonds,7196631
2026-07-04T16:01:51.201915,2026-07-04T16:01:51.210493+00:00,140.8,200,bid,WavyWalnuts,AverageAlmonds,7196634
2026-07-04T16:01:52.410956,2026-07-04T16:01:52.422054+00:00,140.8,200,bid,WavyWalnuts,AverageAlmonds,7196658
2026-07-04T16:01:52.587492,2026-07-04T16:01:52.595126+00:00,140.8,300,bid,YieldingYams,AverageAlmonds,7196660
2026-07-04T16:01:52.934754,2026-07-04T16:01:52.944735+00:00,140.8,325,ask,YieldingYams,AverageAlmonds,7196662
2026-07-04T16:01:53.367310,2026-07-04T16:01:53.378779+00:00,140.0,22,ask,AverageAlmonds,Zihao Wu,7196673
2026-07-04T16:01:54.787752,2026-07-04T16:01:54.798183+00:00,140.6,200,ask,WavyWalnuts,AverageAlmonds,7196701
2026-07-04T16:01:55.207308,2026-07-04T16:01:55.218287+00:00,140.5,200,ask,WavyWalnuts,YieldingYams,7196710
2026-07-04T16:01:59.141580,2026-07-04T16:01:59.150359+00:00,140.4,200,ask,WavyWalnuts,YieldingYams,7196787
2026-07-04T16:02:01.759036,2026-07-04T16:02:01.768952+00:00,140.5,200,bid,YieldingYams,WavyWalnuts,7196825
2026-07-04T16:02:01.759036,2026-07-04T16:02:01.768952+00:00,140.5,425,bid,YieldingYams,AverageAlmonds,7196826
2026-07-04T16:02:02.733102,2026-07-04T16:02:02.744854+00:00,140.6,20,bid,BrilliantBurritos,WavyWalnuts,7196838
2026-07-04T16:02:05.714220,2026-07-04T16:02:05.724415+00:00,140.2,200,ask,YieldingYams,WavyWalnuts,7196875
2026-07-04T16:02:05.956336,2026-07-04T16:02:05.960281+00:00,140.2,3,ask,YieldingYams,Xuanyu Liu,7196882
2026-07-04T16:02:08.317960,2026-07-04T16:02:08.329036+00:00,140.2,200,ask,WavyWalnuts,YieldingYams,7196908
2026-07-04T16:02:09.321246,2026-07-04T16:02:09.332982+00:00,140.2,20,bid,BrilliantBurritos,YieldingYams,7196922
2026-07-04T16:02:12.251474,2026-07-04T16:02:12.260434+00:00,140.2,200,bid,YieldingYams,WavyWalnuts,7196962
2026-07-04T16:02:12.285503,2026-07-04T16:02:12.290329+00:00,140.2,11,ask,YieldingYams,Xuanyu Liu,7196964
2026-07-04T16:02:13.877146,2026-07-04T16:02:13.889034+00:00,140.1,20,ask,WavyWalnuts,BrilliantBurritos,7196990
2026-07-04T16:02:15.407798,2026-07-04T16:02:15.417662+00:00,140.2,22,bid,Zihao Wu,WavyWalnuts,7197015
2026-07-04T16:02:16.616502,2026-07-04T16:02:16.622957+00:00,140.1,200,ask,YieldingYams,WavyWalnuts,7197037
2026-07-04T16:02:17.495124,2026-07-04T16:02:17.503415+00:00,140.2,500,bid,YieldingYams,AverageAlmonds,7197054
2026-07-04T16:02:17.781471,2026-07-04T16:02:17.789488+00:00,140.2,125,ask,YieldingYams,AverageAlmonds,7197060
2026-07-04T16:02:17.801339,2026-07-04T16:02:17.805199+00:00,140.1,11,bid,Xuanyu Liu,AverageAlmonds,7197062
2026-07-04T16:02:17.823092,2026-07-04T16:02:17.834558+00:00,140.1,200,bid,WavyWalnuts,AverageAlmonds,7197063
2026-07-04T16:02:18.820263,2026-07-04T16:02:18.824020+00:00,139.9,11,ask,YieldingYams,Xuanyu Liu,7197086
2026-07-04T16:02:20.130929,2026-07-04T16:02:20.134946+00:00,140.0,12,ask,YieldingYams,Xuanyu Liu,7197105
2026-07-04T16:02:20.198132,2026-07-04T16:02:20.209252+00:00,140.0,500,ask,YieldingYams,AverageAlmonds,7197108
2026-07-04T16:02:21.428982,2026-07-04T16:02:21.439298+00:00,139.9,200,ask,WavyWalnuts,YieldingYams,7197128
2026-07-04T16:02:22.117517,2026-07-04T16:02:22.127566+00:00,139.9,20,bid,BrilliantBurritos,YieldingYams,7197138
2026-07-04T16:02:23.841893,2026-07-04T16:02:23.854698+00:00,139.8,20,ask,WavyWalnuts,BrilliantBurritos,7197165
2026-07-04T16:02:26.280598,2026-07-04T16:02:26.289925+00:00,140.1,200,bid,WavyWalnuts,YieldingYams,7197211
2026-07-04T16:02:27.494576,2026-07-04T16:02:27.512840+00:00,140.0,200,ask,YieldingYams,WavyWalnuts,7197238
2026-07-04T16:02:28.070607,2026-07-04T16:02:28.074585+00:00,140.2,26,bid,Xuanyu Liu,YieldingYams,7197256
2026-07-04T16:02:29.298547,2026-07-04T16:02:29.307874+00:00,140.1,200,bid,YieldingYams,WavyWalnuts,7197284
2026-07-04T16:02:29.771090,2026-07-04T16:02:29.779101+00:00,140.1,20,ask,YieldingYams,BrilliantBurritos,7197290
2026-07-04T16:02:35.862560,2026-07-04T16:02:35.874134+00:00,140.0,200,ask,WavyWalnuts,YieldingYams,7197397
2026-07-04T16:02:38.382760,2026-07-04T16:02:38.389550+00:00,139.9,200,ask,AverageAlmonds,WavyWalnuts,7197448
2026-07-04T16:02:39.595366,2026-07-04T16:02:39.606236+00:00,140.0,200,ask,YieldingYams,WavyWalnuts,7197470
2026-07-04T16:02:42.007743,2026-07-04T16:02:42.017422+00:00,140.0,200,bid,WavyWalnuts,YieldingYams,7197499
2026-07-04T16:02:45.645600,2026-07-04T16:02:45.658553+00:00,140.1,200,bid,WavyWalnuts,YieldingYams,7197553
2026-07-04T16:02:46.203373,2026-07-04T16:02:46.210364+00:00,140.1,425,bid,AverageAlmonds,YieldingYams,7197560
2026-07-04T16:02:46.224954,2026-07-04T16:02:46.228817+00:00,140.1,3,ask,AverageAlmonds,Xuanyu Liu,7197564
2026-07-04T16:02:46.822309,2026-07-04T16:02:46.831798+00:00,140.3,20,bid,BrilliantBurritos,WavyWalnuts,7197573
2026-07-04T16:02:47.649782,2026-07-04T16:02:47.660961+00:00,140.1,200,ask,WavyWalnuts,YieldingYams,7197598
2026-07-04T16:02:47.649782,2026-07-04T16:02:47.660961+00:00,140.1,425,ask,AverageAlmonds,YieldingYams,7197599
2026-07-04T16:02:48.091113,2026-07-04T16:02:48.095339+00:00,140.2,5,ask,AverageAlmonds,Xuanyu Liu,7197613
2026-07-04T16:02:50.259740,2026-07-04T16:02:50.263832+00:00,140.2,18,ask,YieldingYams,Xuanyu Liu,7197647
2026-07-04T16:02:50.267829,2026-07-04T16:02:50.295115+00:00,140.3,200,bid,YieldingYams,WavyWalnuts,7197648
2026-07-04T16:02:50.290907,2026-07-04T16:02:50.295115+00:00,140.4,23,ask,YieldingYams,Xuanyu Liu,7197650
2026-07-04T16:02:50.508755,2026-07-04T16:02:50.517543+00:00,140.4,200,ask,YieldingYams,WavyWalnuts,7197652
2026-07-04T16:02:53.365563,2026-07-04T16:02:53.368980+00:00,140.5,23,bid,Xuanyu Liu,YieldingYams,7197703
2026-07-04T16:02:54.129448,2026-07-04T16:02:54.136620+00:00,140.5,200,bid,WavyWalnuts,YieldingYams,7197717
2026-07-04T16:02:55.491661,2026-07-04T16:02:55.502115+00:00,140.7,20,bid,BrilliantBurritos,WavyWalnuts,7197746
2026-07-04T16:02:56.561644,2026-07-04T16:02:56.569059+00:00,140.6,200,ask,YieldingYams,WavyWalnuts,7197773
2026-07-04T16:02:58.126651,2026-07-04T16:02:58.134155+00:00,140.6,200,bid,YieldingYams,WavyWalnuts,7197796
2026-07-04T16:02:58.980849,2026-07-04T16:02:58.989530+00:00,140.7,200,ask,YieldingYams,WavyWalnuts,7197808
2026-07-04T16:03:02.917551,2026-07-04T16:03:02.921037+00:00,140.5,11,ask,WavyWalnuts,Xuanyu Liu,7197874
2026-07-04T16:03:05.831341,2026-07-04T16:03:05.843449+00:00,140.4,20,ask,YieldingYams,BrilliantBurritos,7197931
2026-07-04T16:03:08.633169,2026-07-04T16:03:08.645362+00:00,140.5,20,ask,YieldingYams,BrilliantBurritos,7197987
2026-07-04T16:03:10.778121,2026-07-04T16:03:10.786499+00:00,140.7,20,bid,BrilliantBurritos,WavyWalnuts,7198025
2026-07-04T16:03:13.032918,2026-07-04T16:03:13.044774+00:00,140.7,20,bid,BrilliantBurritos,WavyWalnuts,7198057
2026-07-04T16:03:15.881559,2026-07-04T16:03:15.891990+00:00,140.4,200,ask,WavyWalnuts,AverageAlmonds,7198123
2026-07-04T16:03:15.881559,2026-07-04T16:03:15.891990+00:00,140.4,300,ask,YieldingYams,AverageAlmonds,7198124
2026-07-04T16:03:16.477593,2026-07-04T16:03:16.489286+00:00,140.4,325,ask,YieldingYams,AverageAlmonds,7198136
2026-07-04T16:03:16.477593,2026-07-04T16:03:16.489286+00:00,140.4,175,ask,WavyWalnuts,AverageAlmonds,7198137
2026-07-04T16:03:16.964067,2026-07-04T16:03:16.976262+00:00,140.5,20,bid,BrilliantBurritos,YieldingYams,7198144
2026-07-04T16:03:17.081403,2026-07-04T16:03:17.091533+00:00,140.4,25,ask,WavyWalnuts,AverageAlmonds,7198146
2026-07-04T16:03:17.081403,2026-07-04T16:03:17.091533+00:00,140.3,475,ask,YieldingYams,AverageAlmonds,7198147
2026-07-04T16:03:17.699934,2026-07-04T16:03:17.709639+00:00,140.3,150,ask,YieldingYams,AverageAlmonds,7198158
2026-07-04T16:03:17.699934,2026-07-04T16:03:17.709639+00:00,140.3,200,ask,WavyWalnuts,AverageAlmonds,7198159
2026-07-04T16:03:17.728307,2026-07-04T16:03:17.733094+00:00,140.2,34,bid,Xuanyu Liu,AverageAlmonds,7198161
2026-07-04T16:03:17.836344,2026-07-04T16:03:17.840559+00:00,140.1,3,bid,Xuanyu Liu,YieldingYams,7198167
2026-07-04T16:03:18.360491,2026-07-04T16:03:18.369343+00:00,140.1,200,bid,WavyWalnuts,YieldingYams,7198185
2026-07-04T16:03:19.123583,2026-07-04T16:03:19.131631+00:00,140.0,500,bid,YieldingYams,AverageAlmonds,7198201
2026-07-04T16:03:19.998417,2026-07-04T16:03:20.001978+00:00,140.0,3,ask,YieldingYams,Xuanyu Liu,7198220
2026-07-04T16:03:20.130184,2026-07-04T16:03:20.137358+00:00,140.0,122,ask,YieldingYams,AverageAlmonds,7198226
2026-07-04T16:03:20.130184,2026-07-04T16:03:20.142788+00:00,140.0,200,ask,WavyWalnuts,AverageAlmonds,7198227
2026-07-04T16:03:21.987710,2026-07-04T16:03:21.996413+00:00,139.8,200,ask,YieldingYams,WavyWalnuts,7198255
2026-07-04T16:03:24.387672,2026-07-04T16:03:24.398157+00:00,139.8,200,ask,WavyWalnuts,AverageAlmonds,7198304
2026-07-04T16:03:26.679034,2026-07-04T16:03:26.690831+00:00,139.8,20,bid,BrilliantBurritos,YieldingYams,7198340
2026-07-04T16:03:29.649664,2026-07-04T16:03:29.658571+00:00,139.8,200,ask,WavyWalnuts,YieldingYams,7198382
2026-07-04T16:03:32.893247,2026-07-04T16:03:32.904414+00:00,139.7,200,bid,WavyWalnuts,YieldingYams,7198445
2026-07-04T16:03:35.314976,2026-07-04T16:03:35.326614+00:00,139.7,200,ask,YieldingYams,WavyWalnuts,7198477
2026-07-04T16:03:37.582193,2026-07-04T16:03:37.594013+00:00,139.5,20,ask,WavyWalnuts,BrilliantBurritos,7198517
2026-07-04T16:03:40.144331,2026-07-04T16:03:40.152024+00:00,139.5,200,bid,YieldingYams,WavyWalnuts,7198571
2026-07-04T16:03:40.804703,2026-07-04T16:03:40.816416+00:00,139.7,45,bid,Zihao Wu,WavyWalnuts,7198579
2026-07-04T16:03:40.893358,2026-07-04T16:03:40.897363+00:00,139.6,46,ask,YieldingYams,Xuanyu Liu,7198585
2026-07-04T16:03:41.454713,2026-07-04T16:03:41.472117+00:00,139.7,200,bid,YieldingYams,WavyWalnuts,7198599
2026-07-04T16:03:41.468795,2026-07-04T16:03:41.472117+00:00,139.7,11,ask,YieldingYams,Xuanyu Liu,7198601
2026-07-04T16:03:45.000049,2026-07-04T16:03:45.006800+00:00,139.7,200,ask,YieldingYams,WavyWalnuts,7198658
2026-07-04T16:03:48.632916,2026-07-04T16:03:48.642373+00:00,139.8,200,bid,WavyWalnuts,YieldingYams,7198701
2026-07-04T16:03:53.480493,2026-07-04T16:03:53.489170+00:00,139.9,200,bid,WavyWalnuts,AverageAlmonds,7198770
2026-07-04T16:03:54.558026,2026-07-04T16:03:54.569238+00:00,139.9,500,bid,YieldingYams,AverageAlmonds,7198791
2026-07-04T16:03:54.669548,2026-07-04T16:03:54.677330+00:00,139.9,125,ask,YieldingYams,AverageAlmonds,7198794
2026-07-04T16:03:55.452963,2026-07-04T16:03:55.463991+00:00,139.9,20,bid,BrilliantBurritos,AverageAlmonds,7198811
2026-07-04T16:03:55.886950,2026-07-04T16:03:55.897658+00:00,139.8,200,ask,WavyWalnuts,YieldingYams,7198819
2026-07-04T16:03:55.910549,2026-07-04T16:03:55.918861+00:00,139.8,200,bid,WavyWalnuts,YieldingYams,7198820
2026-07-04T16:03:57.125221,2026-07-04T16:03:57.135020+00:00,139.8,200,bid,WavyWalnuts,YieldingYams,7198851
2026-07-04T16:04:00.234941,2026-07-04T16:04:00.246704+00:00,139.9,20,ask,WavyWalnuts,BrilliantBurritos,7198915
2026-07-04T16:04:00.738178,2026-07-04T16:04:00.741691+00:00,140.1,11,bid,Xuanyu Liu,AverageAlmonds,7198923
2026-07-04T16:04:00.762423,2026-07-04T16:04:00.772981+00:00,140.1,200,bid,WavyWalnuts,AverageAlmonds,7198927
2026-07-04T16:04:00.979908,2026-07-04T16:04:00.989645+00:00,139.9,45,ask,YieldingYams,Zihao Wu,7198930
2026-07-04T16:04:03.185421,2026-07-04T16:04:03.193240+00:00,140.1,200,ask,YieldingYams,WavyWalnuts,7198972
2026-07-04T16:04:05.162677,2026-07-04T16:04:05.174612+00:00,140.0,20,ask,WavyWalnuts,BrilliantBurritos,7199007
2026-07-04T16:04:08.022367,2026-07-04T16:04:08.032819+00:00,140.2,200,bid,WavyWalnuts,AverageAlmonds,7199050
2026-07-04T16:04:13.436930,2026-07-04T16:04:13.445053+00:00,140.3,200,ask,WavyWalnuts,AverageAlmonds,7199140
2026-07-04T16:04:14.325102,2026-07-04T16:04:14.337014+00:00,140.1,20,ask,WavyWalnuts,BrilliantBurritos,7199160
2026-07-04T16:04:14.694870,2026-07-04T16:04:14.701710+00:00,140.3,20,bid,BrilliantBurritos,WavyWalnuts,7199163
2026-07-04T16:04:15.627379,2026-07-04T16:04:15.631222+00:00,140.3,12,bid,Xuanyu Liu,WavyWalnuts,7199180
2026-07-04T16:04:16.494437,2026-07-04T16:04:16.504156+00:00,140.1,200,ask,YieldingYams,WavyWalnuts,7199198
2026-07-04T16:04:16.878515,2026-07-04T16:04:16.882576+00:00,140.2,11,bid,Xuanyu Liu,YieldingYams,7199202
2026-07-04T16:04:17.718995,2026-07-04T16:04:17.722865+00:00,140.1,12,bid,Xuanyu Liu,WavyWalnuts,7199222
2026-07-04T16:04:18.512821,2026-07-04T16:04:18.524822+00:00,140.1,20,bid,BrilliantBurritos,WavyWalnuts,7199233
2026-07-04T16:04:19.508322,2026-07-04T16:04:19.516739+00:00,140.0,200,ask,WavyWalnuts,YieldingYams,7199250
2026-07-04T16:04:21.982884,2026-07-04T16:04:21.987126+00:00,140.1,11,bid,Xuanyu Liu,YieldingYams,7199302
2026-07-04T16:04:23.460001,2026-07-04T16:04:23.464137+00:00,140.0,3,bid,Xuanyu Liu,YieldingYams,7199327
2026-07-04T16:04:23.701981,2026-07-04T16:04:23.713354+00:00,140.0,500,bid,AverageAlmonds,YieldingYams,7199332
2026-07-04T16:04:23.767666,2026-07-04T16:04:23.778043+00:00,140.0,122,bid,WavyWalnuts,YieldingYams,7199334
2026-07-04T16:04:27.393900,2026-07-04T16:04:27.403459+00:00,140.2,200,bid,WavyWalnuts,YieldingYams,7199405
2026-07-04T16:04:27.464059,2026-07-04T16:04:27.475414+00:00,140.2,48,bid,Alan Niu,YieldingYams,7199406
2026-07-04T16:04:28.672698,2026-07-04T16:04:28.679780+00:00,140.2,200,bid,YieldingYams,WavyWalnuts,7199420
2026-07-04T16:04:29.386142,2026-07-04T16:04:29.394326+00:00,140.2,43,ask,YieldingYams,Alan Niu,7199432
2026-07-04T16:04:29.597343,2026-07-04T16:04:29.605215+00:00,140.2,5,ask,YieldingYams,Alan Niu,7199437
2026-07-04T16:04:31.134401,2026-07-04T16:04:31.141686+00:00,140.4,20,bid,BrilliantBurritos,YieldingYams,7199475
2026-07-04T16:04:31.480941,2026-07-04T16:04:31.484910+00:00,140.3,3,bid,Xuanyu Liu,YieldingYams,7199485
2026-07-04T16:04:32.229661,2026-07-04T16:04:32.240574+00:00,140.3,200,bid,WavyWalnuts,YieldingYams,7199495
2026-07-04T16:04:36.550206,2026-07-04T16:04:36.554029+00:00,140.3,3,ask,YieldingYams,Xuanyu Liu,7199576
2026-07-04T16:04:38.794407,2026-07-04T16:04:38.806568+00:00,140.3,20,bid,BrilliantBurritos,YieldingYams,7199616
2026-07-04T16:04:39.161404,2026-07-04T16:04:39.170123+00:00,140.2,500,ask,AverageAlmonds,YieldingYams,7199621
2026-07-04T16:04:39.437366,2026-07-04T16:04:39.445381+00:00,140.2,125,bid,AverageAlmonds,YieldingYams,7199622
2026-07-04T16:04:39.507541,2026-07-04T16:04:39.517758+00:00,140.3,200,ask,AverageAlmonds,WavyWalnuts,7199627
2026-07-04T16:04:41.856320,2026-07-04T16:04:41.867188+00:00,140.3,500,bid,AverageAlmonds,YieldingYams,7199669
2026-07-04T16:04:42.451577,2026-07-04T16:04:42.448394+00:00,140.3,125,bid,AverageAlmonds,YieldingYams,7199682
2026-07-04T16:04:43.113878,2026-07-04T16:04:43.121614+00:00,140.4,200,bid,YieldingYams,WavyWalnuts,7199691
2026-07-04T16:04:43.142092,2026-07-04T16:04:43.145661+00:00,140.5,3,ask,WavyWalnuts,Xuanyu Liu,7199696
2026-07-04T16:04:43.151138,2026-07-04T16:04:43.154802+00:00,140.5,11,ask,WavyWalnuts,Xuanyu Liu,7199698
2026-07-04T16:04:47.343630,2026-07-04T16:04:47.347286+00:00,140.5,12,ask,WavyWalnuts,Xuanyu Liu,7199772
2026-07-04T16:04:47.416094,2026-07-04T16:04:47.424979+00:00,140.5,20,ask,WavyWalnuts,BrilliantBurritos,7199774
2026-07-04T16:04:49.684313,2026-07-04T16:04:49.695951+00:00,140.3,200,ask,WavyWalnuts,YieldingYams,7199810
2026-07-04T16:04:50.320910,2026-07-04T16:04:50.332849+00:00,140.1,20,ask,YieldingYams,BrilliantBurritos,7199816
2026-07-04T16:04:51.338701,2026-07-04T16:04:51.346829+00:00,140.2,20,ask,YieldingYams,BrilliantBurritos,7199836
2026-07-04T16:04:55.234949,2026-07-04T16:04:55.242016+00:00,140.3,200,bid,WavyWalnuts,YieldingYams,7199898
2026-07-04T16:05:00.166614,2026-07-04T16:05:00.178061+00:00,140.3,200,ask,WavyWalnuts,YieldingYams,7199976
2026-07-04T16:05:00.799764,2026-07-04T16:05:00.810568+00:00,140.3,20,bid,BrilliantBurritos,YieldingYams,7199992
2026-07-04T16:05:01.289095,2026-07-04T16:05:01.300405+00:00,140.3,200,bid,WavyWalnuts,YieldingYams,7200009
2026-07-04T16:05:02.503517,2026-07-04T16:05:02.513282+00:00,140.2,200,ask,AverageAlmonds,WavyWalnuts,7200030
2026-07-04T16:05:04.265002,2026-07-04T16:05:04.275055+00:00,140.3,200,bid,AverageAlmonds,WavyWalnuts,7200052
2026-07-04T16:05:04.265002,2026-07-04T16:05:04.275055+00:00,140.3,300,bid,AverageAlmonds,YieldingYams,7200053
2026-07-04T16:05:04.857502,2026-07-04T16:05:04.868877+00:00,140.3,325,bid,AverageAlmonds,YieldingYams,7200061
2026-07-04T16:05:07.568010,2026-07-04T16:05:07.571660+00:00,140.7,23,bid,Xuanyu Liu,YieldingYams,7200114
2026-07-04T16:05:09.340756,2026-07-04T16:05:09.348232+00:00,140.7,200,bid,YieldingYams,WavyWalnuts,7200143
2026-07-04T16:05:09.779120,2026-07-04T16:05:09.787141+00:00,140.8,200,ask,YieldingYams,WavyWalnuts,7200151
2026-07-04T16:05:12.198258,2026-07-04T16:05:12.207654+00:00,140.8,200,bid,WavyWalnuts,YieldingYams,7200198
2026-07-04T16:05:13.423029,2026-07-04T16:05:13.427055+00:00,140.9,11,ask,WavyWalnuts,Xuanyu Liu,7200221
2026-07-04T16:05:14.624451,2026-07-04T16:05:14.635299+00:00,141.0,200,bid,WavyWalnuts,YieldingYams,7200249
2026-07-04T16:05:16.565956,2026-07-04T16:05:16.577616+00:00,140.9,20,ask,WavyWalnuts,BrilliantBurritos,7200280
2026-07-04T16:05:20.961749,2026-07-04T16:05:20.973602+00:00,141.1,20,bid,BrilliantBurritos,YieldingYams,7200375
2026-07-04T16:05:23.110155,2026-07-04T16:05:23.116974+00:00,140.9,200,ask,YieldingYams,WavyWalnuts,7200397
2026-07-04T16:05:23.480847,2026-07-04T16:05:23.492763+00:00,141.1,20,bid,BrilliantBurritos,YieldingYams,7200403
2026-07-04T16:05:23.763096,2026-07-04T16:05:23.774308+00:00,140.9,500,ask,AverageAlmonds,YieldingYams,7200415
2026-07-04T16:05:24.237628,2026-07-04T16:05:24.245549+00:00,140.9,125,bid,AverageAlmonds,YieldingYams,7200426
2026-07-04T16:05:25.071210,2026-07-04T16:05:25.082928+00:00,141.0,200,bid,YieldingYams,WavyWalnuts,7200440
2026-07-04T16:05:25.522671,2026-07-04T16:05:25.532125+00:00,141.2,200,ask,YieldingYams,WavyWalnuts,7200445
2026-07-04T16:05:26.213187,2026-07-04T16:05:26.224733+00:00,141.2,20,ask,YieldingYams,BrilliantBurritos,7200456
2026-07-04T16:05:28.448068,2026-07-04T16:05:28.451872+00:00,141.1,23,ask,WavyWalnuts,Xuanyu Liu,7200507
2026-07-04T16:05:29.717273,2026-07-04T16:05:29.729733+00:00,141.3,26,bid,Zihao Wu,YieldingYams,7200534
2026-07-04T16:05:31.568615,2026-07-04T16:05:31.578106+00:00,141.3,200,bid,WavyWalnuts,YieldingYams,7200573
2026-07-04T16:05:32.778108,2026-07-04T16:05:32.785418+00:00,141.3,200,bid,WavyWalnuts,AverageAlmonds,7200591
2026-07-04T16:05:33.987846,2026-07-04T16:05:33.994975+00:00,141.2,200,bid,WavyWalnuts,AverageAlmonds,7200617
2026-07-04T16:05:34.245693,2026-07-04T16:05:34.258755+00:00,141.2,300,bid,YieldingYams,AverageAlmonds,7200622
2026-07-04T16:05:35.160840,2026-07-04T16:05:35.164391+00:00,141.1,23,bid,Xuanyu Liu,AverageAlmonds,7200638
2026-07-04T16:05:35.200107,2026-07-04T16:05:35.207190+00:00,141.1,152,bid,WavyWalnuts,AverageAlmonds,7200640
2026-07-04T16:05:35.557151,2026-07-04T16:05:35.557583+00:00,141.3,48,ask,WavyWalnuts,YieldingYams,7200649
2026-07-04T16:05:35.574858,2026-07-04T16:05:35.578159+00:00,140.9,14,bid,Xuanyu Liu,YieldingYams,7200651
2026-07-04T16:05:35.843755,2026-07-04T16:05:35.855219+00:00,140.9,20,bid,BrilliantBurritos,YieldingYams,7200658
2026-07-04T16:05:36.414373,2026-07-04T16:05:36.423696+00:00,140.9,200,bid,WavyWalnuts,YieldingYams,7200665
2026-07-04T16:05:37.623593,2026-07-04T16:05:37.634211+00:00,141.0,200,bid,WavyWalnuts,YieldingYams,7200686
2026-07-04T16:05:37.948777,2026-07-04T16:05:37.952894+00:00,140.8,37,ask,YieldingYams,Xuanyu Liu,7200704
2026-07-04T16:05:38.698715,2026-07-04T16:05:38.706292+00:00,140.8,20,ask,YieldingYams,BrilliantBurritos,7200714
2026-07-04T16:05:38.831968,2026-07-04T16:05:38.838888+00:00,140.9,200,bid,WavyWalnuts,AverageAlmonds,7200721
2026-07-04T16:05:39.183597,2026-07-04T16:05:39.190291+00:00,140.9,50,bid,Alan Niu,AverageAlmonds,7200725
2026-07-04T16:05:39.209131,2026-07-04T16:05:39.213360+00:00,140.9,34,bid,Xuanyu Liu,AverageAlmonds,7200727
2026-07-04T16:05:39.417210,2026-07-04T16:05:39.427582+00:00,140.8,34,ask,YieldingYams,Alan Niu,7200732
2026-07-04T16:05:40.039011,2026-07-04T16:05:40.049883+00:00,141.0,200,bid,WavyWalnuts,YieldingYams,7200743
2026-07-04T16:05:40.825481,2026-07-04T16:05:40.833392+00:00,141.0,500,bid,YieldingYams,AverageAlmonds,7200765
2026-07-04T16:05:41.130646,2026-07-04T16:05:41.139983+00:00,141.0,1,ask,YieldingYams,Alan Niu,7200775
2026-07-04T16:05:41.200009,2026-07-04T16:05:41.224816+00:00,141.0,124,ask,YieldingYams,AverageAlmonds,7200777
2026-07-04T16:05:41.221040,2026-07-04T16:05:41.224816+00:00,141.0,3,bid,Xuanyu Liu,AverageAlmonds,7200779
2026-07-04T16:05:41.346104,2026-07-04T16:05:41.354229+00:00,140.9,3,ask,WavyWalnuts,Alan Niu,7200782
2026-07-04T16:05:42.332364,2026-07-04T16:05:42.339848+00:00,140.9,20,ask,WavyWalnuts,BrilliantBurritos,7200795
2026-07-04T16:05:43.285083,2026-07-04T16:05:43.294390+00:00,140.9,12,ask,WavyWalnuts,Alan Niu,7200810
2026-07-04T16:05:43.440491,2026-07-04T16:05:43.448306+00:00,141.0,500,bid,YieldingYams,AverageAlmonds,7200815
2026-07-04T16:05:43.440491,2026-07-04T16:05:43.458544+00:00,141.1,125,bid,YieldingYams,WavyWalnuts,7200816
2026-07-04T16:05:43.662256,2026-07-04T16:05:43.668951+00:00,141.0,200,bid,WavyWalnuts,AverageAlmonds,7200817
2026-07-04T16:05:44.764476,2026-07-04T16:05:44.768024+00:00,140.9,26,ask,YieldingYams,Xuanyu Liu,7200835
2026-07-04T16:05:44.773686,2026-07-04T16:05:44.783521+00:00,141.1,20,bid,BrilliantBurritos,AverageAlmonds,7200836
2026-07-04T16:05:46.373816,2026-07-04T16:05:46.385768+00:00,140.9,20,ask,WavyWalnuts,BrilliantBurritos,7200857
2026-07-04T16:05:46.667118,2026-07-04T16:05:46.674923+00:00,140.9,180,ask,WavyWalnuts,AverageAlmonds,7200859
2026-07-04T16:05:46.695696,2026-07-04T16:05:46.699638+00:00,140.9,12,bid,Xuanyu Liu,AverageAlmonds,7200861
2026-07-04T16:05:47.292330,2026-07-04T16:05:47.300214+00:00,140.9,200,bid,WavyWalnuts,AverageAlmonds,7200877
2026-07-04T16:05:47.378126,2026-07-04T16:05:47.387844+00:00,140.9,300,bid,YieldingYams,AverageAlmonds,7200878
2026-07-04T16:05:47.859277,2026-07-04T16:05:47.869370+00:00,140.9,325,ask,YieldingYams,AverageAlmonds,7200881
2026-07-04T16:05:48.692277,2026-07-04T16:05:48.711489+00:00,140.9,200,ask,WavyWalnuts,YieldingYams,7200899
2026-07-04T16:05:48.707835,2026-07-04T16:05:48.711489+00:00,140.8,11,bid,Xuanyu Liu,YieldingYams,7200901
2026-07-04T16:05:49.717600,2026-07-04T16:05:49.725854+00:00,140.8,200,bid,WavyWalnuts,YieldingYams,7200922
2026-07-04T16:05:50.735817,2026-07-04T16:05:50.747454+00:00,140.7,26,ask,YieldingYams,Zihao Wu,7200930
2026-07-04T16:05:50.928721,2026-07-04T16:05:50.938082+00:00,140.8,200,bid,WavyWalnuts,AverageAlmonds,7200935
2026-07-04T16:05:53.942868,2026-07-04T16:05:53.954024+00:00,140.7,200,ask,WavyWalnuts,YieldingYams,7200985
2026-07-04T16:05:55.784196,2026-07-04T16:05:55.795588+00:00,140.6,200,ask,YieldingYams,WavyWalnuts,7201019
2026-07-04T16:05:56.931624,2026-07-04T16:05:56.935800+00:00,140.5,11,ask,YieldingYams,Xuanyu Liu,7201039
2026-07-04T16:05:57.402817,2026-07-04T16:05:57.413984+00:00,140.7,20,bid,BrilliantBurritos,YieldingYams,7201045
2026-07-04T16:05:58.199854,2026-07-04T16:05:58.208279+00:00,140.7,200,bid,WavyWalnuts,YieldingYams,7201056
2026-07-04T16:06:03.135386,2026-07-04T16:06:03.154831+00:00,140.6,200,ask,WavyWalnuts,YieldingYams,7201134
2026-07-04T16:06:03.151118,2026-07-04T16:06:03.154831+00:00,140.5,14,bid,Xuanyu Liu,YieldingYams,7201136
2026-07-04T16:06:03.209414,2026-07-04T16:06:03.212927+00:00,140.5,3,bid,Xuanyu Liu,YieldingYams,7201140
2026-07-04T16:06:03.571824,2026-07-04T16:06:03.582753+00:00,140.5,25,bid,Alan Tran,YieldingYams,7201154
2026-07-04T16:06:04.243407,2026-07-04T16:06:04.252286+00:00,140.5,200,bid,WavyWalnuts,YieldingYams,7201167
2026-07-04T16:06:04.327757,2026-07-04T16:06:04.335367+00:00,140.5,50,bid,Alan Niu,YieldingYams,7201170
2026-07-04T16:06:05.776785,2026-07-04T16:06:05.780823+00:00,140.7,3,ask,YieldingYams,Xuanyu Liu,7201192
2026-07-04T16:06:07.875156,2026-07-04T16:06:07.884907+00:00,140.8,200,ask,YieldingYams,WavyWalnuts,7201227
2026-07-04T16:06:09.710668,2026-07-04T16:06:09.722084+00:00,140.9,200,bid,YieldingYams,WavyWalnuts,7201281
2026-07-04T16:06:09.710668,2026-07-04T16:06:09.722084+00:00,140.9,425,bid,YieldingYams,AverageAlmonds,7201282
2026-07-04T16:06:12.335958,2026-07-04T16:06:12.345885+00:00,140.7,200,ask,WavyWalnuts,YieldingYams,7201329
2026-07-04T16:06:12.711310,2026-07-04T16:06:12.720093+00:00,140.7,200,bid,WavyWalnuts,YieldingYams,7201340
2026-07-04T16:06:17.609556,2026-07-04T16:06:17.617102+00:00,140.6,200,ask,WavyWalnuts,YieldingYams,7201427
2026-07-04T16:06:18.782205,2026-07-04T16:06:18.791087+00:00,140.6,200,bid,WavyWalnuts,YieldingYams,7201447
2026-07-04T16:06:21.395263,2026-07-04T16:06:21.404716+00:00,140.6,44,bid,Alan Niu,WavyWalnuts,7201496
2026-07-04T16:06:23.627087,2026-07-04T16:06:23.634791+00:00,140.6,200,bid,WavyWalnuts,YieldingYams,7201541
2026-07-04T16:06:26.110506,2026-07-04T16:06:26.117697+00:00,140.6,20,ask,AverageAlmonds,BrilliantBurritos,7201570
2026-07-04T16:06:27.261648,2026-07-04T16:06:27.270163+00:00,140.8,200,bid,WavyWalnuts,YieldingYams,7201585
2026-07-04T16:06:32.105126,2026-07-04T16:06:32.115548+00:00,140.6,200,ask,YieldingYams,WavyWalnuts,7201677
2026-07-04T16:06:33.316478,2026-07-04T16:06:33.327636+00:00,140.7,200,ask,AverageAlmonds,WavyWalnuts,7201698
2026-07-04T16:06:33.323930,2026-07-04T16:06:33.332826+00:00,140.7,300,ask,AverageAlmonds,YieldingYams,7201699
2026-07-04T16:06:33.880291,2026-07-04T16:06:33.887881+00:00,140.7,325,bid,AverageAlmonds,YieldingYams,7201712
2026-07-04T16:06:34.567392,2026-07-04T16:06:34.575991+00:00,140.7,49,ask,AverageAlmonds,Alan Niu,7201721
2026-07-04T16:06:35.939643,2026-07-04T16:06:35.946339+00:00,140.9,200,bid,YieldingYams,WavyWalnuts,7201744
2026-07-04T16:06:36.488927,2026-07-04T16:06:36.500575+00:00,141.0,20,ask,YieldingYams,BrilliantBurritos,7201752
2026-07-04T16:06:38.612639,2026-07-04T16:06:38.620671+00:00,140.9,25,ask,WavyWalnuts,Alan Tran,7201791
2026-07-04T16:06:39.866090,2026-07-04T16:06:39.877634+00:00,141.0,200,bid,YieldingYams,WavyWalnuts,7201810
2026-07-04T16:06:40.094756,2026-07-04T16:06:40.101782+00:00,141.0,45,ask,YieldingYams,Alan Niu,7201821
2026-07-04T16:06:42.571052,2026-07-04T16:06:42.581059+00:00,140.9,22,ask,YieldingYams,Zihao Wu,7201870
2026-07-04T16:06:43.799497,2026-07-04T16:06:43.810867+00:00,141.0,200,bid,YieldingYams,WavyWalnuts,7201894
2026-07-04T16:06:49.505669,2026-07-04T16:06:49.516850+00:00,141.3,20,bid,BrilliantBurritos,YieldingYams,7202014
2026-07-04T16:06:55.592721,2026-07-04T16:06:55.603322+00:00,141.2,200,ask,WavyWalnuts,YieldingYams,7202105
2026-07-04T16:06:56.347827,2026-07-04T16:06:56.358572+00:00,141.1,200,bid,WavyWalnuts,YieldingYams,7202122
2026-07-04T16:06:59.558044,2026-07-04T16:06:59.568958+00:00,141.1,200,bid,YieldingYams,WavyWalnuts,7202174
2026-07-04T16:07:00.869112,2026-07-04T16:07:00.878715+00:00,141.2,200,bid,YieldingYams,WavyWalnuts,7202193
2026-07-04T16:07:02.672272,2026-07-04T16:07:02.684182+00:00,141.3,22,bid,Zihao Wu,YieldingYams,7202227
2026-07-04T16:07:08.474713,2026-07-04T16:07:08.484564+00:00,141.2,200,bid,WavyWalnuts,AverageAlmonds,7202316
2026-07-04T16:07:10.843066,2026-07-04T16:07:10.847421+00:00,141.0,200,ask,WavyWalnuts,AverageAlmonds,7202354
2026-07-04T16:07:11.339915,2026-07-04T16:07:11.349636+00:00,141.0,300,bid,YieldingYams,AverageAlmonds,7202358
2026-07-04T16:07:12.048245,2026-07-04T16:07:12.058618+00:00,141.0,325,ask,YieldingYams,AverageAlmonds,7202371
2026-07-04T16:07:12.101296,2026-07-04T16:07:12.116541+00:00,141.0,175,bid,WavyWalnuts,AverageAlmonds,7202374
2026-07-04T16:07:12.644529,2026-07-04T16:07:12.652129+00:00,141.1,25,ask,WavyWalnuts,AverageAlmonds,7202376
2026-07-04T16:07:12.889298,2026-07-04T16:07:12.892934+00:00,140.8,3,ask,YieldingYams,Xuanyu Liu,7202380
2026-07-04T16:07:13.312731,2026-07-04T16:07:13.323721+00:00,141.0,200,bid,WavyWalnuts,YieldingYams,7202393
2026-07-04T16:07:13.495143,2026-07-04T16:07:13.506817+00:00,141.0,20,bid,BrilliantBurritos,YieldingYams,7202394
2026-07-04T16:07:14.524367,2026-07-04T16:07:14.531057+00:00,140.9,200,bid,WavyWalnuts,AverageAlmonds,7202409
2026-07-04T16:07:15.739644,2026-07-04T16:07:15.747452+00:00,140.9,200,bid,WavyWalnuts,AverageAlmonds,7202437
2026-07-04T16:07:16.584671,2026-07-04T16:07:16.591980+00:00,140.9,500,bid,YieldingYams,AverageAlmonds,7202449
2026-07-04T16:07:16.602610,2026-07-04T16:07:16.607021+00:00,141.0,11,ask,YieldingYams,Xuanyu Liu,7202451
2026-07-04T16:07:16.894879,2026-07-04T16:07:16.902002+00:00,141.0,114,ask,YieldingYams,AverageAlmonds,7202455
2026-07-04T16:07:16.951029,2026-07-04T16:07:16.955376+00:00,140.9,200,bid,WavyWalnuts,AverageAlmonds,7202458
2026-07-04T16:07:17.859641,2026-07-04T16:07:17.871513+00:00,140.1,20,ask,AverageAlmonds,BrilliantBurritos,7202475
2026-07-04T16:07:17.893460,2026-07-04T16:07:17.902060+00:00,140.9,500,bid,YieldingYams,AverageAlmonds,7202476
2026-07-04T16:07:18.105583,2026-07-04T16:07:18.114518+00:00,140.9,125,ask,YieldingYams,AverageAlmonds,7202478
2026-07-04T16:07:18.159807,2026-07-04T16:07:18.169802+00:00,140.8,200,bid,WavyWalnuts,AverageAlmonds,7202480
2026-07-04T16:07:19.217611,2026-07-04T16:07:19.221392+00:00,140.6,23,ask,YieldingYams,Xuanyu Liu,7202493
2026-07-04T16:07:19.392036,2026-07-04T16:07:19.396472+00:00,140.7,12,ask,WavyWalnuts,Xuanyu Liu,7202499
2026-07-04T16:07:19.974026,2026-07-04T16:07:19.984759+00:00,140.8,20,bid,BrilliantBurritos,AverageAlmonds,7202513
2026-07-04T16:07:20.511912,2026-07-04T16:07:20.521389+00:00,140.7,188,ask,WavyWalnuts,YieldingYams,7202527
2026-07-04T16:07:20.575783,2026-07-04T16:07:20.582710+00:00,140.7,200,bid,WavyWalnuts,YieldingYams,7202529
2026-07-04T16:07:21.820533,2026-07-04T16:07:21.828526+00:00,140.6,500,bid,YieldingYams,AverageAlmonds,7202549
2026-07-04T16:07:21.820533,2026-07-04T16:07:21.833507+00:00,140.7,125,bid,YieldingYams,WavyWalnuts,7202550
2026-07-04T16:07:22.323284,2026-07-04T16:07:22.327173+00:00,140.7,12,bid,Xuanyu Liu,WavyWalnuts,7202555
2026-07-04T16:07:23.147295,2026-07-04T16:07:23.151081+00:00,140.6,11,bid,Xuanyu Liu,YieldingYams,7202569
2026-07-04T16:07:27.560662,2026-07-04T16:07:27.570330+00:00,140.5,20,bid,BrilliantBurritos,WavyWalnuts,7202656
2026-07-04T16:07:28.406624,2026-07-04T16:07:28.414123+00:00,140.4,200,ask,WavyWalnuts,AverageAlmonds,7202672
2026-07-04T16:07:30.982762,2026-07-04T16:07:30.994625+00:00,140.5,200,bid,YieldingYams,WavyWalnuts,7202717
2026-07-04T16:07:30.982762,2026-07-04T16:07:30.994625+00:00,140.5,425,bid,YieldingYams,AverageAlmonds,7202718
2026-07-04T16:07:31.460260,2026-07-04T16:07:31.469057+00:00,140.4,200,bid,WavyWalnuts,AverageAlmonds,7202724
2026-07-04T16:07:32.645005,2026-07-04T16:07:32.656405+00:00,140.2,500,ask,YieldingYams,AverageAlmonds,7202748
2026-07-04T16:07:32.670399,2026-07-04T16:07:32.677724+00:00,140.4,200,bid,WavyWalnuts,YieldingYams,7202749
2026-07-04T16:07:33.131398,2026-07-04T16:07:33.142879+00:00,140.2,20,ask,YieldingYams,BrilliantBurritos,7202759
2026-07-04T16:07:33.267812,2026-07-04T16:07:33.271458+00:00,140.3,12,bid,Xuanyu Liu,AverageAlmonds,7202766
2026-07-04T16:07:33.879075,2026-07-04T16:07:33.883010+00:00,140.1,14,bid,Xuanyu Liu,AverageAlmonds,7202773
2026-07-04T16:07:33.883579,2026-07-04T16:07:33.898718+00:00,140.1,200,bid,WavyWalnuts,AverageAlmonds,7202774
2026-07-04T16:07:35.092771,2026-07-04T16:07:35.102472+00:00,140.2,200,bid,WavyWalnuts,AverageAlmonds,7202798
2026-07-04T16:07:36.864079,2026-07-04T16:07:36.874715+00:00,140.2,200,ask,WavyWalnuts,AverageAlmonds,7202832
2026-07-04T16:07:39.936859,2026-07-04T16:07:39.946148+00:00,140.0,200,bid,WavyWalnuts,YieldingYams,7202885
2026-07-04T16:07:41.164293,2026-07-04T16:07:41.168321+00:00,140.0,3,ask,WavyWalnuts,Xuanyu Liu,7202910
2026-07-04T16:07:41.462692,2026-07-04T16:07:41.474428+00:00,140.0,197,ask,WavyWalnuts,YieldingYams,7202916
2026-07-04T16:07:41.608109,2026-07-04T16:07:41.617816+00:00,139.9,20,bid,BrilliantBurritos,YieldingYams,7202917
2026-07-04T16:07:42.363250,2026-07-04T16:07:42.374503+00:00,139.9,200,bid,WavyWalnuts,YieldingYams,7202932
2026-07-04T16:07:44.801734,2026-07-04T16:07:44.806227+00:00,139.9,11,ask,WavyWalnuts,Xuanyu Liu,7202975
2026-07-04T16:07:46.715696,2026-07-04T16:07:46.736639+00:00,139.8,200,ask,WavyWalnuts,YieldingYams,7202996
2026-07-04T16:07:46.732547,2026-07-04T16:07:46.736639+00:00,139.7,11,bid,Xuanyu Liu,YieldingYams,7202998
2026-07-04T16:07:47.202879,2026-07-04T16:07:47.212402+00:00,139.7,200,bid,WavyWalnuts,YieldingYams,7203007
2026-07-04T16:07:50.647904,2026-07-04T16:07:50.657421+00:00,140.0,20,bid,BrilliantBurritos,WavyWalnuts,7203076
2026-07-04T16:07:55.675139,2026-07-04T16:07:55.685771+00:00,139.9,200,ask,YieldingYams,WavyWalnuts,7203152
2026-07-04T16:08:02.437309,2026-07-04T16:08:02.444127+00:00,139.8,200,bid,YieldingYams,WavyWalnuts,7203253
2026-07-04T16:08:02.464110,2026-07-04T16:08:02.467805+00:00,139.8,11,ask,YieldingYams,Xuanyu Liu,7203255
2026-07-04T16:08:02.953577,2026-07-04T16:08:02.958584+00:00,139.8,200,ask,YieldingYams,WavyWalnuts,7203261
2026-07-04T16:08:03.443381,2026-07-04T16:08:03.446883+00:00,140.0,14,bid,Xuanyu Liu,YieldingYams,7203269
2026-07-04T16:08:06.366693,2026-07-04T16:08:06.373940+00:00,139.6,200,ask,WavyWalnuts,YieldingYams,7203313
2026-07-04T16:08:06.366693,2026-07-04T16:08:06.379209+00:00,139.5,425,ask,AverageAlmonds,YieldingYams,7203314
2026-07-04T16:08:08.070812,2026-07-04T16:08:08.079909+00:00,139.6,20,ask,YieldingYams,BrilliantBurritos,7203336
2026-07-04T16:08:10.295823,2026-07-04T16:08:10.306643+00:00,139.7,200,bid,YieldingYams,WavyWalnuts,7203384
2026-07-04T16:08:11.441778,2026-07-04T16:08:11.448809+00:00,139.8,200,ask,YieldingYams,WavyWalnuts,7203414
2026-07-04T16:08:11.941293,2026-07-04T16:08:11.963730+00:00,139.8,20,bid,BrilliantBurritos,YieldingYams,7203421
2026-07-04T16:08:18.163829,2026-07-04T16:08:18.175050+00:00,140.1,200,bid,YieldingYams,WavyWalnuts,7203522
2026-07-04T16:08:21.133357,2026-07-04T16:08:21.141050+00:00,140.3,200,ask,YieldingYams,WavyWalnuts,7203565
2026-07-04T16:08:21.273418,2026-07-04T16:08:21.285088+00:00,140.3,20,ask,YieldingYams,BrilliantBurritos,7203566
2026-07-04T16:08:23.547176,2026-07-04T16:08:23.555692+00:00,140.1,200,ask,YieldingYams,WavyWalnuts,7203611
2026-07-04T16:08:24.758703,2026-07-04T16:08:24.768894+00:00,140.1,200,ask,YieldingYams,WavyWalnuts,7203628
2026-07-04T16:08:25.965936,2026-07-04T16:08:25.974335+00:00,140.1,200,ask,YieldingYams,WavyWalnuts,7203651
2026-07-04T16:08:28.798568,2026-07-04T16:08:28.802002+00:00,140.0,14,ask,WavyWalnuts,Xuanyu Liu,7203689
2026-07-04T16:08:30.805440,2026-07-04T16:08:30.816645+00:00,140.1,200,bid,WavyWalnuts,YieldingYams,7203742
2026-07-04T16:08:31.274954,2026-07-04T16:08:31.278344+00:00,140.1,1,ask,YieldingYams,Xuanyu Liu,7203749
2026-07-04T16:08:31.906223,2026-07-04T16:08:31.909479+00:00,140.3,1,bid,Xuanyu Liu,WavyWalnuts,7203752
2026-07-04T16:08:32.017828,2026-07-04T16:08:32.025564+00:00,140.1,200,ask,YieldingYams,WavyWalnuts,7203760
2026-07-04T16:08:32.594451,2026-07-04T16:08:32.599533+00:00,140.1,14,bid,Xuanyu Liu,YieldingYams,7203775
2026-07-04T16:08:33.245029,2026-07-04T16:08:33.249042+00:00,140.0,3,ask,WavyWalnuts,Xuanyu Liu,7203796
2026-07-04T16:08:35.753101,2026-07-04T16:08:35.765028+00:00,139.9,20,ask,AverageAlmonds,BrilliantBurritos,7203829
2026-07-04T16:08:36.504840,2026-07-04T16:08:36.513222+00:00,140.0,200,bid,YieldingYams,WavyWalnuts,7203842
2026-07-04T16:08:36.519340,2026-07-04T16:08:36.523416+00:00,140.0,11,ask,YieldingYams,Xuanyu Liu,7203844
2026-07-04T16:08:39.280459,2026-07-04T16:08:39.291533+00:00,140.0,200,ask,YieldingYams,WavyWalnuts,7203905
2026-07-04T16:08:39.381749,2026-07-04T16:08:39.390869+00:00,140.2,20,bid,BrilliantBurritos,YieldingYams,7203907
2026-07-04T16:08:41.464671,2026-07-04T16:08:41.468031+00:00,140.0,50,ask,YieldingYams,Xuanyu Liu,7203944
2026-07-04T16:08:43.093951,2026-07-04T16:08:43.097518+00:00,140.1,7,ask,YieldingYams,Xuanyu Liu,7203963
2026-07-04T16:08:43.194585,2026-07-04T16:08:43.205296+00:00,140.1,22,ask,YieldingYams,Zihao Wu,7203965
2026-07-04T16:08:44.130466,2026-07-04T16:08:44.140995+00:00,140.3,20,bid,BrilliantBurritos,YieldingYams,7203978
2026-07-04T16:08:44.391333,2026-07-04T16:08:44.398499+00:00,140.1,200,ask,WavyWalnuts,YieldingYams,7203983
2026-07-04T16:08:47.011395,2026-07-04T16:08:47.021547+00:00,140.0,200,ask,WavyWalnuts,YieldingYams,7204021
2026-07-04T16:08:50.902147,2026-07-04T16:08:50.905749+00:00,140.2,11,bid,Xuanyu Liu,YieldingYams,7204085
2026-07-04T16:08:50.983269,2026-07-04T16:08:50.986936+00:00,140.1,11,bid,Xuanyu Liu,YieldingYams,7204089
2026-07-04T16:08:52.601596,2026-07-04T16:08:52.611363+00:00,140.1,200,ask,YieldingYams,WavyWalnuts,7204107
2026-07-04T16:08:53.810503,2026-07-04T16:08:53.820800+00:00,140.0,200,ask,YieldingYams,WavyWalnuts,7204131
2026-07-04T16:09:03.579674,2026-07-04T16:09:03.583681+00:00,140.1,23,bid,Xuanyu Liu,WavyWalnuts,7204276
2026-07-04T16:09:03.674212,2026-07-04T16:09:03.682726+00:00,140.1,22,bid,Zihao Wu,WavyWalnuts,7204279
2026-07-04T16:09:04.656784,2026-07-04T16:09:04.658567+00:00,140.1,155,bid,AverageAlmonds,WavyWalnuts,7204293
2026-07-04T16:09:05.790759,2026-07-04T16:09:05.802583+00:00,140.1,20,ask,AverageAlmonds,BrilliantBurritos,7204311
2026-07-04T16:09:06.464139,2026-07-04T16:09:06.474689+00:00,140.2,500,bid,AverageAlmonds,YieldingYams,7204325
2026-07-04T16:09:08.024344,2026-07-04T16:09:08.036057+00:00,140.3,200,ask,WavyWalnuts,YieldingYams,7204359
2026-07-04T16:09:08.056107,2026-07-04T16:09:08.068040+00:00,140.2,20,ask,AverageAlmonds,BrilliantBurritos,7204360
2026-07-04T16:09:08.343682,2026-07-04T16:09:08.355240+00:00,140.3,200,bid,WavyWalnuts,YieldingYams,7204364
2026-07-04T16:09:09.905345,2026-07-04T16:09:09.909102+00:00,140.5,26,bid,Xuanyu Liu,WavyWalnuts,7204384
2026-07-04T16:09:11.543484,2026-07-04T16:09:11.563854+00:00,140.5,20,bid,BrilliantBurritos,YieldingYams,7204414
2026-07-04T16:09:11.952470,2026-07-04T16:09:11.964971+00:00,140.4,500,ask,AverageAlmonds,YieldingYams,7204429
2026-07-04T16:09:12.518893,2026-07-04T16:09:12.525761+00:00,140.4,125,bid,AverageAlmonds,YieldingYams,7204438
2026-07-04T16:09:13.275903,2026-07-04T16:09:13.280520+00:00,140.5,3,ask,YieldingYams,Xuanyu Liu,7204454
2026-07-04T16:09:14.400618,2026-07-04T16:09:14.412018+00:00,140.5,200,ask,YieldingYams,WavyWalnuts,7204473
2026-07-04T16:09:18.032571,2026-07-04T16:09:18.041324+00:00,140.5,200,bid,WavyWalnuts,YieldingYams,7204538
2026-07-04T16:09:22.700998,2026-07-04T16:09:22.712727+00:00,140.4,20,ask,YieldingYams,BrilliantBurritos,7204614
2026-07-04T16:09:25.304605,2026-07-04T16:09:25.314656+00:00,140.6,200,bid,WavyWalnuts,YieldingYams,7204657
2026-07-04T16:09:26.347188,2026-07-04T16:09:26.353776+00:00,140.5,500,ask,AverageAlmonds,YieldingYams,7204680
2026-07-04T16:09:26.515422,2026-07-04T16:09:26.526275+00:00,140.5,125,bid,WavyWalnuts,YieldingYams,7204682
2026-07-04T16:09:28.966645,2026-07-04T16:09:28.974632+00:00,140.5,200,ask,YieldingYams,WavyWalnuts,7204717
2026-07-04T16:09:29.666735,2026-07-04T16:09:29.678236+00:00,140.7,20,bid,BrilliantBurritos,YieldingYams,7204727
2026-07-04T16:09:33.812518,2026-07-04T16:09:33.822112+00:00,140.4,200,ask,YieldingYams,WavyWalnuts,7204792
2026-07-04T16:09:34.236118,2026-07-04T16:09:34.239980+00:00,140.4,3,bid,Xuanyu Liu,YieldingYams,7204799
2026-07-04T16:09:36.235338,2026-07-04T16:09:36.245494+00:00,140.3,200,ask,AverageAlmonds,WavyWalnuts,7204824
2026-07-04T16:09:36.856856,2026-07-04T16:09:36.856375+00:00,140.3,500,ask,AverageAlmonds,YieldingYams,7204833
2026-07-04T16:09:37.317945,2026-07-04T16:09:37.326599+00:00,140.3,125,bid,AverageAlmonds,YieldingYams,7204840
2026-07-04T16:09:37.443242,2026-07-04T16:09:37.450260+00:00,140.4,200,ask,AverageAlmonds,WavyWalnuts,7204845
2026-07-04T16:09:38.665498,2026-07-04T16:09:38.669134+00:00,140.5,3,bid,Xuanyu Liu,WavyWalnuts,7204864
2026-07-04T16:09:38.807369,2026-07-04T16:09:38.818400+00:00,140.5,25,bid,Alan Tran,WavyWalnuts,7204867
2026-07-04T16:09:39.476608,2026-07-04T16:09:39.483961+00:00,140.5,172,bid,YieldingYams,WavyWalnuts,7204882
2026-07-04T16:09:39.846517,2026-07-04T16:09:39.858582+00:00,140.8,50,bid,Alan Niu,YieldingYams,7204891
2026-07-04T16:09:39.866969,2026-07-04T16:09:39.874014+00:00,140.6,200,ask,YieldingYams,WavyWalnuts,7204893
2026-07-04T16:09:42.292809,2026-07-04T16:09:42.304333+00:00,140.6,200,ask,YieldingYams,WavyWalnuts,7204933
2026-07-04T16:09:45.926493,2026-07-04T16:09:45.933821+00:00,140.7,200,ask,YieldingYams,WavyWalnuts,7204987
2026-07-04T16:09:47.651699,2026-07-04T16:09:47.658580+00:00,140.7,20,ask,WavyWalnuts,BrilliantBurritos,7205011
2026-07-04T16:09:48.371782,2026-07-04T16:09:48.380298+00:00,140.8,50,ask,WavyWalnuts,Alan Niu,7205025
2026-07-04T16:09:51.219324,2026-07-04T16:09:51.228355+00:00,141.0,20,bid,BrilliantBurritos,YieldingYams,7205079
2026-07-04T16:09:58.010333,2026-07-04T16:09:58.018773+00:00,140.6,200,ask,YieldingYams,WavyWalnuts,7205193
2026-07-04T16:10:00.601697,2026-07-04T16:10:00.605401+00:00,140.5,3,ask,YieldingYams,Xuanyu Liu,7205249
2026-07-04T16:10:01.449324,2026-07-04T16:10:01.463638+00:00,140.5,20,ask,YieldingYams,BrilliantBurritos,7205266
2026-07-04T16:10:03.836058,2026-07-04T16:10:03.843987+00:00,140.4,25,ask,WavyWalnuts,Alan Tran,7205306
2026-07-04T16:10:04.586483,2026-07-04T16:10:04.612208+00:00,140.6,200,bid,AverageAlmonds,WavyWalnuts,7205324
2026-07-04T16:10:04.608970,2026-07-04T16:10:04.612208+00:00,140.6,3,ask,AverageAlmonds,Xuanyu Liu,7205326
2026-07-04T16:10:08.915930,2026-07-04T16:10:08.924801+00:00,140.6,200,ask,AverageAlmonds,WavyWalnuts,7205397
2026-07-04T16:10:09.009885,2026-07-04T16:10:09.017918+00:00,140.6,20,ask,AverageAlmonds,BrilliantBurritos,7205399
2026-07-04T16:10:10.096887,2026-07-04T16:10:10.102445+00:00,140.5,11,ask,AverageAlmonds,Xuanyu Liu,7205429
2026-07-04T16:10:11.361998,2026-07-04T16:10:11.371975+00:00,140.5,200,ask,YieldingYams,WavyWalnuts,7205458
2026-07-04T16:10:12.364417,2026-07-04T16:10:12.368573+00:00,140.7,23,ask,YieldingYams,Xuanyu Liu,7205479
2026-07-04T16:10:12.570198,2026-07-04T16:10:12.577980+00:00,140.7,200,ask,YieldingYams,WavyWalnuts,7205484
2026-07-04T16:10:13.779219,2026-07-04T16:10:13.789791+00:00,140.6,200,ask,YieldingYams,WavyWalnuts,7205508
2026-07-04T16:10:17.624920,2026-07-04T16:10:17.628614+00:00,140.6,12,ask,YieldingYams,Xuanyu Liu,7205571
2026-07-04T16:10:18.626566,2026-07-04T16:10:18.637318+00:00,140.6,200,ask,YieldingYams,WavyWalnuts,7205587
2026-07-04T16:10:22.788696,2026-07-04T16:10:22.792228+00:00,140.6,11,ask,WavyWalnuts,Xuanyu Liu,7205684
2026-07-04T16:10:23.104052,2026-07-04T16:10:23.115521+00:00,140.6,20,ask,WavyWalnuts,BrilliantBurritos,7205691
2026-07-04T16:10:25.789476,2026-07-04T16:10:25.794401+00:00,140.7,11,ask,AverageAlmonds,Xuanyu Liu,7205743
2026-07-04T16:10:28.294253,2026-07-04T16:10:28.302432+00:00,140.7,200,bid,WavyWalnuts,YieldingYams,7205782
2026-07-04T16:10:29.501012,2026-07-04T16:10:29.510775+00:00,140.6,200,bid,WavyWalnuts,YieldingYams,7205798
2026-07-04T16:10:30.747356,2026-07-04T16:10:30.754288+00:00,140.5,200,bid,YieldingYams,WavyWalnuts,7205821
2026-07-04T16:10:31.916798,2026-07-04T16:10:31.923740+00:00,140.5,200,ask,YieldingYams,WavyWalnuts,7205836
2026-07-04T16:10:34.209793,2026-07-04T16:10:34.221420+00:00,140.4,20,ask,AverageAlmonds,BrilliantBurritos,7205878
2026-07-04T16:10:35.559676,2026-07-04T16:10:35.563157+00:00,140.5,11,bid,Xuanyu Liu,WavyWalnuts,7205916
2026-07-04T16:10:37.343710,2026-07-04T16:10:37.347539+00:00,140.4,11,bid,Xuanyu Liu,YieldingYams,7205946
2026-07-04T16:10:38.639518,2026-07-04T16:10:38.646658+00:00,140.3,200,ask,WavyWalnuts,YieldingYams,7205976
2026-07-04T16:10:38.639518,2026-07-04T16:10:38.658643+00:00,140.3,425,ask,AverageAlmonds,YieldingYams,7205977
2026-07-04T16:10:41.587625,2026-07-04T16:10:41.599383+00:00,140.5,200,bid,WavyWalnuts,YieldingYams,7206023
2026-07-04T16:10:44.875838,2026-07-04T16:10:44.879779+00:00,140.6,12,bid,Xuanyu Liu,WavyWalnuts,7206108
2026-07-04T16:10:44.906424,2026-07-04T16:10:44.915140+00:00,140.6,20,bid,BrilliantBurritos,WavyWalnuts,7206109
2026-07-04T16:10:45.201946,2026-07-04T16:10:45.211103+00:00,140.6,168,bid,YieldingYams,WavyWalnuts,7206118
2026-07-04T16:10:45.732001,2026-07-04T16:10:45.742796+00:00,140.6,457,ask,YieldingYams,AverageAlmonds,7206125
2026-07-04T16:10:46.511178,2026-07-04T16:10:46.530634+00:00,140.4,200,ask,WavyWalnuts,YieldingYams,7206143
2026-07-04T16:10:46.526742,2026-07-04T16:10:46.530634+00:00,140.4,23,bid,Xuanyu Liu,YieldingYams,7206145
2026-07-04T16:10:48.096739,2026-07-04T16:10:48.100930+00:00,140.3,12,ask,YieldingYams,Xuanyu Liu,7206165
2026-07-04T16:10:51.258090,2026-07-04T16:10:51.269010+00:00,140.5,200,bid,WavyWalnuts,YieldingYams,7206238
2026-07-04T16:10:53.053968,2026-07-04T16:10:53.063756+00:00,140.5,200,ask,WavyWalnuts,YieldingYams,7206264
2026-07-04T16:10:53.671564,2026-07-04T16:10:53.681186+00:00,140.5,200,bid,WavyWalnuts,YieldingYams,7206267
2026-07-04T16:10:53.892862,2026-07-04T16:10:53.904939+00:00,140.5,20,bid,BrilliantBurritos,YieldingYams,7206275
2026-07-04T16:10:54.366958,2026-07-04T16:10:54.375278+00:00,140.5,500,bid,YieldingYams,AverageAlmonds,7206279
2026-07-04T16:10:54.816990,2026-07-04T16:10:54.828415+00:00,140.6,125,ask,YieldingYams,AverageAlmonds,7206286
2026-07-04T16:10:56.027298,2026-07-04T16:10:56.038817+00:00,140.4,200,ask,WavyWalnuts,AverageAlmonds,7206309
2026-07-04T16:10:56.086602,2026-07-04T16:10:56.096522+00:00,140.4,200,bid,WavyWalnuts,AverageAlmonds,7206312
2026-07-04T16:10:57.543314,2026-07-04T16:10:57.547231+00:00,140.4,12,bid,Xuanyu Liu,AverageAlmonds,7206333
2026-07-04T16:10:57.838337,2026-07-04T16:10:57.847342+00:00,140.3,500,ask,YieldingYams,AverageAlmonds,7206342
2026-07-04T16:10:58.309162,2026-07-04T16:10:58.312875+00:00,140.3,11,bid,Xuanyu Liu,YieldingYams,7206351
2026-07-04T16:10:59.623175,2026-07-04T16:10:59.627658+00:00,140.2,3,bid,Xuanyu Liu,YieldingYams,7206369
2026-07-04T16:10:59.734178,2026-07-04T16:10:59.741897+00:00,140.2,200,bid,WavyWalnuts,YieldingYams,7206372
2026-07-04T16:11:02.692711,2026-07-04T16:11:02.702462+00:00,140.2,500,ask,YieldingYams,AverageAlmonds,7206422
2026-07-04T16:11:03.288402,2026-07-04T16:11:03.295488+00:00,140.2,125,ask,YieldingYams,AverageAlmonds,7206436
2026-07-04T16:11:03.767573,2026-07-04T16:11:03.779373+00:00,140.1,20,ask,WavyWalnuts,BrilliantBurritos,7206444
2026-07-04T16:11:04.565556,2026-07-04T16:11:04.576544+00:00,140.2,200,bid,WavyWalnuts,YieldingYams,7206464
2026-07-04T16:11:04.861983,2026-07-04T16:11:04.868948+00:00,140.2,500,bid,YieldingYams,AverageAlmonds,7206469
2026-07-04T16:11:05.126908,2026-07-04T16:11:05.138336+00:00,140.2,125,ask,YieldingYams,AverageAlmonds,7206471
2026-07-04T16:11:05.774678,2026-07-04T16:11:05.781296+00:00,140.1,200,bid,WavyWalnuts,AverageAlmonds,7206493
2026-07-04T16:11:07.485211,2026-07-04T16:11:07.492906+00:00,140.1,200,bid,YieldingYams,WavyWalnuts,7206527
2026-07-04T16:11:07.545435,2026-07-04T16:11:07.558575+00:00,140.1,425,ask,YieldingYams,AverageAlmonds,7206528
2026-07-04T16:11:08.196614,2026-07-04T16:11:08.205526+00:00,140.2,200,bid,WavyWalnuts,AverageAlmonds,7206539
2026-07-04T16:11:08.394286,2026-07-04T16:11:08.406152+00:00,139.4,22,ask,AverageAlmonds,Zihao Wu,7206545
2026-07-04T16:11:09.406982,2026-07-04T16:11:09.416351+00:00,140.1,200,bid,WavyWalnuts,YieldingYams,7206557
2026-07-04T16:11:10.264679,2026-07-04T16:11:10.268505+00:00,139.9,26,ask,YieldingYams,Xuanyu Liu,7206584
2026-07-04T16:11:10.620466,2026-07-04T16:11:10.631113+00:00,140.0,200,bid,WavyWalnuts,AverageAlmonds,7206592
2026-07-04T16:11:11.451693,2026-07-04T16:11:11.455337+00:00,140.0,12,bid,Xuanyu Liu,AverageAlmonds,7206609
2026-07-04T16:11:11.841816,2026-07-04T16:11:11.868705+00:00,140.0,200,bid,WavyWalnuts,AverageAlmonds,7206613
2026-07-04T16:11:12.759818,2026-07-04T16:11:12.769375+00:00,140.0,500,bid,YieldingYams,AverageAlmonds,7206628
2026-07-04T16:11:12.992065,2026-07-04T16:11:12.999632+00:00,140.0,125,ask,YieldingYams,AverageAlmonds,7206631
2026-07-04T16:11:13.052234,2026-07-04T16:11:13.057744+00:00,140.0,200,bid,WavyWalnuts,AverageAlmonds,7206634
2026-07-04T16:11:14.811725,2026-07-04T16:11:14.820049+00:00,139.9,200,ask,WavyWalnuts,AverageAlmonds,7206664
2026-07-04T16:11:15.467911,2026-07-04T16:11:15.476593+00:00,139.9,200,bid,WavyWalnuts,AverageAlmonds,7206675
2026-07-04T16:11:17.852004,2026-07-04T16:11:17.860474+00:00,139.8,200,ask,WavyWalnuts,AverageAlmonds,7206712
2026-07-04T16:11:17.852004,2026-07-04T16:11:17.860474+00:00,139.8,300,ask,YieldingYams,AverageAlmonds,7206713
2026-07-04T16:11:18.036078,2026-07-04T16:11:18.046508+00:00,139.7,200,ask,WavyWalnuts,YieldingYams,7206718
2026-07-04T16:11:19.344803,2026-07-04T16:11:19.358550+00:00,139.7,500,bid,YieldingYams,AverageAlmonds,7206740
2026-07-04T16:11:19.344803,2026-07-04T16:11:19.358550+00:00,139.7,125,bid,YieldingYams,WavyWalnuts,7206741
2026-07-04T16:11:20.508170,2026-07-04T16:11:20.519822+00:00,139.7,20,bid,BrilliantBurritos,AverageAlmonds,7206757
2026-07-04T16:11:20.659227,2026-07-04T16:11:20.666499+00:00,139.5,200,ask,WavyWalnuts,YieldingYams,7206760
2026-07-04T16:11:20.677232,2026-07-04T16:11:20.680982+00:00,139.5,11,bid,Xuanyu Liu,YieldingYams,7206762
2026-07-04T16:11:21.971321,2026-07-04T16:11:21.981554+00:00,139.4,200,ask,WavyWalnuts,YieldingYams,7206773
2026-07-04T16:11:25.298189,2026-07-04T16:11:25.304752+00:00,139.4,20,bid,BrilliantBurritos,YieldingYams,7206847
2026-07-04T16:11:28.496682,2026-07-04T16:11:28.508574+00:00,139.4,22,bid,Zihao Wu,WavyWalnuts,7206890
2026-07-04T16:11:28.541809,2026-07-04T16:11:28.550292+00:00,139.4,178,bid,YieldingYams,WavyWalnuts,7206894
2026-07-04T16:11:28.795271,2026-07-04T16:11:28.803099+00:00,139.4,200,ask,YieldingYams,WavyWalnuts,7206899
2026-07-04T16:11:29.852579,2026-07-04T16:11:29.859546+00:00,139.2,200,ask,WavyWalnuts,YieldingYams,7206920
2026-07-04T16:11:29.999839,2026-07-04T16:11:30.010746+00:00,139.2,200,bid,WavyWalnuts,YieldingYams,7206923
2026-07-04T16:11:30.453821,2026-07-04T16:11:30.465473+00:00,139.2,20,bid,BrilliantBurritos,YieldingYams,7206932
2026-07-04T16:11:33.812846,2026-07-04T16:11:33.834791+00:00,139.4,200,bid,YieldingYams,WavyWalnuts,7206975
2026-07-04T16:11:33.831103,2026-07-04T16:11:33.834791+00:00,139.4,11,ask,YieldingYams,Xuanyu Liu,7206978
2026-07-04T16:11:34.832454,2026-07-04T16:11:34.841354+00:00,139.4,200,ask,YieldingYams,WavyWalnuts,7207006
2026-07-04T16:11:37.128874,2026-07-04T16:11:37.135781+00:00,139.3,20,bid,BrilliantBurritos,YieldingYams,7207037
2026-07-04T16:11:39.675332,2026-07-04T16:11:39.678741+00:00,139.1,11,bid,Xuanyu Liu,WavyWalnuts,7207088
2026-07-04T16:11:40.359029,2026-07-04T16:11:40.369859+00:00,139.1,189,bid,YieldingYams,WavyWalnuts,7207100
2026-07-04T16:11:44.546841,2026-07-04T16:11:44.553077+00:00,139.2,200,bid,WavyWalnuts,YieldingYams,7207165
2026-07-04T16:11:46.964987,2026-07-04T16:11:46.972462+00:00,139.2,200,bid,WavyWalnuts,YieldingYams,7207212
2026-07-04T16:11:48.419551,2026-07-04T16:11:48.431522+00:00,139.2,20,bid,BrilliantBurritos,YieldingYams,7207244
2026-07-04T16:11:52.336765,2026-07-04T16:11:52.343460+00:00,139.1,200,ask,WavyWalnuts,AverageAlmonds,7207304
2026-07-04T16:11:53.025477,2026-07-04T16:11:53.033619+00:00,139.1,200,bid,WavyWalnuts,AverageAlmonds,7207317
2026-07-04T16:11:54.241288,2026-07-04T16:11:54.250243+00:00,139.1,200,bid,WavyWalnuts,YieldingYams,7207343
2026-07-04T16:11:54.792347,2026-07-04T16:11:54.800295+00:00,139.2,500,bid,YieldingYams,AverageAlmonds,7207353
2026-07-04T16:11:55.363597,2026-07-04T16:11:55.374236+00:00,139.2,125,ask,YieldingYams,AverageAlmonds,7207363
2026-07-04T16:11:55.450188,2026-07-04T16:11:55.458659+00:00,139.1,200,bid,WavyWalnuts,AverageAlmonds,7207372
2026-07-04T16:11:56.674499,2026-07-04T16:11:56.678003+00:00,138.9,11,ask,WavyWalnuts,Xuanyu Liu,7207393
2026-07-04T16:11:57.785599,2026-07-04T16:11:57.796031+00:00,138.9,189,ask,WavyWalnuts,AverageAlmonds,7207407
2026-07-04T16:12:01.355027,2026-07-04T16:12:01.368012+00:00,138.7,200,ask,WavyWalnuts,YieldingYams,7207463
2026-07-04T16:12:01.364187,2026-07-04T16:12:01.368012+00:00,138.7,14,bid,Xuanyu Liu,YieldingYams,7207465
2026-07-04T16:12:02.182923,2026-07-04T16:12:02.190997+00:00,138.7,20,bid,BrilliantBurritos,YieldingYams,7207475
2026-07-04T16:12:02.706299,2026-07-04T16:12:02.715468+00:00,138.9,200,bid,WavyWalnuts,AverageAlmonds,7207480
2026-07-04T16:12:03.835709,2026-07-04T16:12:03.843740+00:00,138.7,500,ask,YieldingYams,AverageAlmonds,7207499
2026-07-04T16:12:03.972824,2026-07-04T16:12:03.979960+00:00,138.8,200,ask,WavyWalnuts,YieldingYams,7207501
2026-07-04T16:12:05.123806,2026-07-04T16:12:05.135512+00:00,138.5,200,bid,WavyWalnuts,YieldingYams,7207523
2026-07-04T16:12:06.268364,2026-07-04T16:12:06.279473+00:00,138.6,500,ask,YieldingYams,AverageAlmonds,7207537
2026-07-04T16:12:06.591901,2026-07-04T16:12:06.601391+00:00,138.7,200,ask,WavyWalnuts,YieldingYams,7207540
2026-07-04T16:12:07.540491,2026-07-04T16:12:07.549063+00:00,138.5,200,bid,WavyWalnuts,YieldingYams,7207564
2026-07-04T16:12:08.748455,2026-07-04T16:12:08.763716+00:00,138.6,200,bid,WavyWalnuts,YieldingYams,7207585
2026-07-04T16:12:11.192595,2026-07-04T16:12:11.200007+00:00,138.5,200,bid,WavyWalnuts,AverageAlmonds,7207624
2026-07-04T16:12:11.424191,2026-07-04T16:12:11.434048+00:00,138.5,41,bid,Alan Niu,AverageAlmonds,7207632
2026-07-04T16:12:13.622389,2026-07-04T16:12:13.629437+00:00,138.6,200,bid,WavyWalnuts,YieldingYams,7207666
2026-07-04T16:12:17.198076,2026-07-04T16:12:17.202043+00:00,138.5,3,bid,Xuanyu Liu,AverageAlmonds,7207727
2026-07-04T16:12:17.741154,2026-07-04T16:12:17.746409+00:00,138.5,20,bid,BrilliantBurritos,AverageAlmonds,7207743
2026-07-04T16:12:18.204006,2026-07-04T16:12:18.211347+00:00,138.5,48,bid,Alan Niu,WavyWalnuts,7207753
2026-07-04T16:12:18.480744,2026-07-04T16:12:18.489874+00:00,138.3,200,ask,YieldingYams,WavyWalnuts,7207761
2026-07-04T16:12:18.988458,2026-07-04T16:12:18.995430+00:00,138.4,25,bid,Alan Tran,AverageAlmonds,7207766
2026-07-04T16:12:22.328523,2026-07-04T16:12:22.335442+00:00,138.6,500,bid,YieldingYams,AverageAlmonds,7207816
2026-07-04T16:12:22.585973,2026-07-04T16:12:22.596799+00:00,138.6,125,ask,YieldingYams,AverageAlmonds,7207822
2026-07-04T16:12:23.638354,2026-07-04T16:12:23.645705+00:00,138.5,200,ask,WavyWalnuts,YieldingYams,7207835
2026-07-04T16:12:24.395855,2026-07-04T16:12:24.405351+00:00,138.5,50,bid,Alan Niu,YieldingYams,7207846
2026-07-04T16:12:24.547038,2026-07-04T16:12:24.557136+00:00,138.5,200,bid,WavyWalnuts,YieldingYams,7207849
2026-07-04T16:12:25.033943,2026-07-04T16:12:25.044307+00:00,138.5,500,ask,YieldingYams,AverageAlmonds,7207859
2026-07-04T16:12:27.250224,2026-07-04T16:12:27.258576+00:00,138.6,20,bid,BrilliantBurritos,AverageAlmonds,7207890
2026-07-04T16:12:28.477876,2026-07-04T16:12:28.489006+00:00,138.6,41,bid,Alan Niu,WavyWalnuts,7207905
2026-07-04T16:12:29.351063,2026-07-04T16:12:29.354770+00:00,138.5,3,ask,YieldingYams,Xuanyu Liu,7207917
2026-07-04T16:12:29.394125,2026-07-04T16:12:29.405698+00:00,138.5,200,ask,YieldingYams,WavyWalnuts,7207920
2026-07-04T16:12:31.496358,2026-07-04T16:12:31.503817+00:00,138.5,200,bid,YieldingYams,WavyWalnuts,7207971
2026-07-04T16:12:31.814094,2026-07-04T16:12:31.825186+00:00,138.5,200,ask,YieldingYams,WavyWalnuts,7207982
2026-07-04T16:12:32.825970,2026-07-04T16:12:32.829538+00:00,138.5,3,bid,Xuanyu Liu,YieldingYams,7208010
2026-07-04T16:12:34.009367,2026-07-04T16:12:34.016502+00:00,138.5,25,bid,Alan Tran,YieldingYams,7208034
2026-07-04T16:12:34.013639,2026-07-04T16:12:34.021997+00:00,138.3,2,ask,YieldingYams,Alan Tran,7208035
2026-07-04T16:12:34.920708,2026-07-04T16:12:34.928764+00:00,138.4,20,bid,Alan Niu,YieldingYams,7208045
2026-07-04T16:12:35.665981,2026-07-04T16:12:35.670239+00:00,138.2,3,ask,YieldingYams,Xuanyu Liu,7208050
2026-07-04T16:12:39.356294,2026-07-04T16:12:39.363738+00:00,138.3,200,bid,YieldingYams,WavyWalnuts,7208110
2026-07-04T16:12:39.356294,2026-07-04T16:12:39.368969+00:00,138.4,425,bid,YieldingYams,AverageAlmonds,7208111
2026-07-04T16:12:40.667815,2026-07-04T16:12:40.675690+00:00,138.2,200,ask,WavyWalnuts,YieldingYams,7208130
2026-07-04T16:12:40.686464,2026-07-04T16:12:40.690190+00:00,138.2,3,bid,Xuanyu Liu,YieldingYams,7208132
2026-07-04T16:12:41.491081,2026-07-04T16:12:41.499057+00:00,138.2,200,bid,WavyWalnuts,YieldingYams,7208146
2026-07-04T16:12:42.012604,2026-07-04T16:12:42.016505+00:00,138.3,3,ask,YieldingYams,Xuanyu Liu,7208149
2026-07-04T16:12:43.316979,2026-07-04T16:12:43.326596+00:00,138.4,200,bid,WavyWalnuts,AverageAlmonds,7208174
2026-07-04T16:12:43.316979,2026-07-04T16:12:43.326596+00:00,138.4,425,bid,YieldingYams,AverageAlmonds,7208175
2026-07-04T16:12:43.910651,2026-07-04T16:12:43.918443+00:00,138.4,200,bid,YieldingYams,WavyWalnuts,7208182
2026-07-04T16:12:47.439626,2026-07-04T16:12:47.446552+00:00,138.2,200,ask,WavyWalnuts,AverageAlmonds,7208238
2026-07-04T16:12:47.532688,2026-07-04T16:12:47.540043+00:00,138.2,200,bid,WavyWalnuts,AverageAlmonds,7208242
2026-07-04T16:12:49.039795,2026-07-04T16:12:49.046887+00:00,138.0,2,ask,YieldingYams,Alan Tran,7208281
2026-07-04T16:12:49.733863,2026-07-04T16:12:49.741052+00:00,138.0,50,ask,YieldingYams,Alan Niu,7208292
2026-07-04T16:12:50.457495,2026-07-04T16:12:50.469644+00:00,138.1,20,bid,BrilliantBurritos,WavyWalnuts,7208303
2026-07-04T16:12:51.005560,2026-07-04T16:12:51.013086+00:00,138.0,41,ask,YieldingYams,Alan Niu,7208315
2026-07-04T16:12:52.446058,2026-07-04T16:12:52.463632+00:00,138.0,20,bid,BrilliantBurritos,WavyWalnuts,7208343
2026-07-04T16:12:52.484006,2026-07-04T16:12:52.490689+00:00,138.0,180,bid,YieldingYams,WavyWalnuts,7208345
2026-07-04T16:12:53.884177,2026-07-04T16:12:53.896305+00:00,138.0,20,ask,YieldingYams,BrilliantBurritos,7208371
2026-07-04T16:12:53.991270,2026-07-04T16:12:53.999919+00:00,138.0,50,ask,YieldingYams,Alan Niu,7208373
2026-07-04T16:12:54.049833,2026-07-04T16:12:54.058640+00:00,138.0,25,ask,YieldingYams,Alan Tran,7208374
2026-07-04T16:12:54.061529,2026-07-04T16:12:54.070028+00:00,138.0,2,ask,YieldingYams,Alan Tran,7208376
2026-07-04T16:12:54.797539,2026-07-04T16:12:54.808351+00:00,138.0,200,ask,YieldingYams,WavyWalnuts,7208393
2026-07-04T16:12:56.135000,2026-07-04T16:12:56.143436+00:00,137.9,50,ask,YieldingYams,Alan Niu,7208415
2026-07-04T16:12:57.722533,2026-07-04T16:12:57.733277+00:00,137.9,200,ask,WavyWalnuts,YieldingYams,7208431
2026-07-04T16:12:58.425603,2026-07-04T16:12:58.435515+00:00,137.9,200,bid,WavyWalnuts,YieldingYams,7208441
2026-07-04T16:12:59.069858,2026-07-04T16:12:59.081662+00:00,137.9,2,ask,YieldingYams,Alan Tran,7208457
2026-07-04T16:12:59.620821,2026-07-04T16:12:59.632499+00:00,137.9,20,ask,YieldingYams,BrilliantBurritos,7208468
2026-07-04T16:12:59.634038,2026-07-04T16:12:59.643209+00:00,138.0,200,bid,WavyWalnuts,AverageAlmonds,7208469
2026-07-04T16:13:00.346825,2026-07-04T16:13:00.358602+00:00,138.0,500,bid,YieldingYams,AverageAlmonds,7208487
2026-07-04T16:13:00.369625,2026-07-04T16:13:00.378069+00:00,138.0,9,ask,YieldingYams,Alan Niu,7208488
2026-07-04T16:13:00.740825,2026-07-04T16:13:00.752022+00:00,138.0,116,ask,YieldingYams,AverageAlmonds,7208498
2026-07-04T16:13:01.281505,2026-07-04T16:13:01.293825+00:00,137.8,20,ask,WavyWalnuts,BrilliantBurritos,7208506
2026-07-04T16:13:01.657219,2026-07-04T16:13:01.663710+00:00,137.8,180,ask,WavyWalnuts,YieldingYams,7208515
2026-07-04T16:13:02.965426,2026-07-04T16:13:02.972312+00:00,137.7,200,bid,YieldingYams,WavyWalnuts,7208535
2026-07-04T16:13:04.079869,2026-07-04T16:13:04.091797+00:00,137.7,2,ask,YieldingYams,Alan Tran,7208560
2026-07-04T16:13:04.172136,2026-07-04T16:13:04.175819+00:00,137.7,3,ask,YieldingYams,Xuanyu Liu,7208563
2026-07-04T16:13:05.674312,2026-07-04T16:13:05.685091+00:00,137.7,200,ask,YieldingYams,WavyWalnuts,7208593
2026-07-04T16:13:06.881568,2026-07-04T16:13:06.889524+00:00,137.7,200,ask,YieldingYams,WavyWalnuts,7208617
2026-07-04T16:13:09.089844,2026-07-04T16:13:09.101940+00:00,137.6,25,ask,YieldingYams,Alan Tran,7208649
2026-07-04T16:13:09.101985,2026-07-04T16:13:09.112125+00:00,137.6,2,ask,YieldingYams,Alan Tran,7208651
2026-07-04T16:13:11.714799,2026-07-04T16:13:11.723762+00:00,137.7,200,bid,WavyWalnuts,YieldingYams,7208699
2026-07-04T16:13:12.922326,2026-07-04T16:13:12.930626+00:00,137.8,200,ask,YieldingYams,WavyWalnuts,7208730
2026-07-04T16:13:14.109793,2026-07-04T16:13:14.121652+00:00,137.7,2,ask,YieldingYams,Alan Tran,7208753
2026-07-04T16:13:14.130159,2026-07-04T16:13:14.138155+00:00,137.7,200,ask,YieldingYams,WavyWalnuts,7208754
2026-07-04T16:13:15.352158,2026-07-04T16:13:15.355853+00:00,137.7,3,bid,Xuanyu Liu,WavyWalnuts,7208780
2026-07-04T16:13:15.681266,2026-07-04T16:13:15.693085+00:00,137.7,20,bid,BrilliantBurritos,WavyWalnuts,7208788
2026-07-04T16:13:16.834424,2026-07-04T16:13:16.838791+00:00,137.5,3,ask,YieldingYams,Xuanyu Liu,7208811
2026-07-04T16:13:17.209358,2026-07-04T16:13:17.221009+00:00,137.5,22,ask,YieldingYams,Zihao Wu,7208818
2026-07-04T16:13:22.496762,2026-07-04T16:13:22.508497+00:00,137.6,20,ask,WavyWalnuts,BrilliantBurritos,7208902
2026-07-04T16:13:22.594103,2026-07-04T16:13:22.605463+00:00,137.7,200,bid,WavyWalnuts,YieldingYams,7208903
2026-07-04T16:13:23.806666,2026-07-04T16:13:23.817730+00:00,137.7,200,ask,YieldingYams,WavyWalnuts,7208925
2026-07-04T16:13:29.194628,2026-07-04T16:13:29.206136+00:00,138.0,200,bid,YieldingYams,WavyWalnuts,7209004
2026-07-04T16:13:29.865745,2026-07-04T16:13:29.872470+00:00,138.1,200,ask,YieldingYams,WavyWalnuts,7209016
2026-07-04T16:13:31.077671,2026-07-04T16:13:31.087560+00:00,138.1,200,ask,YieldingYams,WavyWalnuts,7209036
2026-07-04T16:13:32.317278,2026-07-04T16:13:32.321807+00:00,138.1,3,bid,Xuanyu Liu,WavyWalnuts,7209052
2026-07-04T16:13:33.046223,2026-07-04T16:13:33.053412+00:00,138.1,20,bid,BrilliantBurritos,WavyWalnuts,7209064
2026-07-04T16:13:33.121269,2026-07-04T16:13:33.128965+00:00,138.1,177,bid,YieldingYams,WavyWalnuts,7209066
2026-07-04T16:13:34.807803,2026-07-04T16:13:34.816640+00:00,138.3,20,bid,BrilliantBurritos,WavyWalnuts,7209095
2026-07-04T16:13:37.214570,2026-07-04T16:13:37.226509+00:00,138.5,20,bid,BrilliantBurritos,YieldingYams,7209143
2026-07-04T16:13:37.865668,2026-07-04T16:13:37.877514+00:00,138.4,22,bid,Zihao Wu,AverageAlmonds,7209158
2026-07-04T16:13:38.374396,2026-07-04T16:13:38.385177+00:00,138.3,20,ask,YieldingYams,BrilliantBurritos,7209163
2026-07-04T16:13:43.597546,2026-07-04T16:13:43.605243+00:00,138.4,200,ask,WavyWalnuts,YieldingYams,7209252
2026-07-04T16:13:46.215971,2026-07-04T16:13:46.226194+00:00,138.4,200,ask,WavyWalnuts,YieldingYams,7209294
2026-07-04T16:13:47.951696,2026-07-04T16:13:47.966181+00:00,138.3,20,ask,WavyWalnuts,BrilliantBurritos,7209331
2026-07-04T16:13:48.005036,2026-07-04T16:13:48.028549+00:00,138.4,200,bid,WavyWalnuts,AverageAlmonds,7209332
2026-07-04T16:13:48.747527,2026-07-04T16:13:48.758565+00:00,138.4,20,bid,BrilliantBurritos,AverageAlmonds,7209352
2026-07-04T16:13:51.453308,2026-07-04T16:13:51.464144+00:00,138.3,200,bid,YieldingYams,WavyWalnuts,7209394
2026-07-04T16:13:51.453308,2026-07-04T16:13:51.464144+00:00,138.4,425,bid,YieldingYams,AverageAlmonds,7209395
2026-07-04T16:13:52.763930,2026-07-04T16:13:52.769415+00:00,138.3,200,ask,WavyWalnuts,YieldingYams,7209420
2026-07-04T16:13:52.838299,2026-07-04T16:13:52.847331+00:00,138.2,200,bid,WavyWalnuts,YieldingYams,7209425
2026-07-04T16:13:53.662600,2026-07-04T16:13:53.674468+00:00,138.2,20,bid,BrilliantBurritos,YieldingYams,7209434
2026-07-04T16:13:54.052311,2026-07-04T16:13:54.056293+00:00,138.2,200,bid,WavyWalnuts,YieldingYams,7209441
2026-07-04T16:13:54.787010,2026-07-04T16:13:54.791101+00:00,138.2,3,ask,YieldingYams,Xuanyu Liu,7209455
2026-07-04T16:13:55.238461,2026-07-04T16:13:55.246459+00:00,138.2,500,ask,YieldingYams,AverageAlmonds,7209476
2026-07-04T16:13:55.383976,2026-07-04T16:13:55.392668+00:00,138.2,200,ask,WavyWalnuts,YieldingYams,7209480
2026-07-04T16:13:56.470532,2026-07-04T16:13:56.479965+00:00,138.0,200,bid,WavyWalnuts,YieldingYams,7209499
2026-07-04T16:13:56.704691,2026-07-04T16:13:56.708499+00:00,137.9,11,ask,YieldingYams,Xuanyu Liu,7209503
2026-07-04T16:13:56.829842,2026-07-04T16:13:56.841400+00:00,137.9,20,ask,YieldingYams,BrilliantBurritos,7209504
2026-07-04T16:13:57.678019,2026-07-04T16:13:57.685162+00:00,138.1,200,bid,WavyWalnuts,YieldingYams,7209538
2026-07-04T16:13:57.974659,2026-07-04T16:13:57.983988+00:00,138.1,20,bid,BrilliantBurritos,YieldingYams,7209543
2026-07-04T16:13:58.017024,2026-07-04T16:13:58.021233+00:00,138.0,12,ask,YieldingYams,Xuanyu Liu,7209546
2026-07-04T16:13:58.901816,2026-07-04T16:13:58.905773+00:00,138.1,11,ask,WavyWalnuts,Xuanyu Liu,7209573
2026-07-04T16:13:59.312742,2026-07-04T16:13:59.319259+00:00,138.1,189,ask,WavyWalnuts,YieldingYams,7209576
2026-07-04T16:13:59.364163,2026-07-04T16:13:59.372604+00:00,137.9,20,ask,YieldingYams,BrilliantBurritos,7209577
2026-07-04T16:14:02.524345,2026-07-04T16:14:02.530901+00:00,138.0,200,ask,YieldingYams,WavyWalnuts,7209644
2026-07-04T16:14:04.939371,2026-07-04T16:14:04.947213+00:00,138.2,200,bid,WavyWalnuts,YieldingYams,7209685
2026-07-04T16:14:07.414995,2026-07-04T16:14:07.418972+00:00,138.2,11,bid,Xuanyu Liu,YieldingYams,7209730
2026-07-04T16:14:08.474221,2026-07-04T16:14:08.496888+00:00,138.0,200,ask,WavyWalnuts,YieldingYams,7209742
2026-07-04T16:14:08.492979,2026-07-04T16:14:08.496888+00:00,138.0,23,bid,Xuanyu Liu,YieldingYams,7209745
2026-07-04T16:14:08.574381,2026-07-04T16:14:08.585365+00:00,138.0,200,bid,WavyWalnuts,YieldingYams,7209747
2026-07-04T16:14:09.783418,2026-07-04T16:14:09.794971+00:00,137.5,22,ask,AverageAlmonds,Zihao Wu,7209768
2026-07-04T16:14:09.789034,2026-07-04T16:14:09.800191+00:00,138.0,200,ask,YieldingYams,WavyWalnuts,7209769
2026-07-04T16:14:10.626523,2026-07-04T16:14:10.630383+00:00,138.0,23,ask,YieldingYams,Xuanyu Liu,7209789
2026-07-04T16:14:12.788239,2026-07-04T16:14:12.797809+00:00,138.0,500,ask,YieldingYams,AverageAlmonds,7209834
2026-07-04T16:14:13.448061,2026-07-04T16:14:13.458568+00:00,138.1,20,bid,BrilliantBurritos,AverageAlmonds,7209845
2026-07-04T16:14:13.727053,2026-07-04T16:14:13.738436+00:00,137.9,200,ask,WavyWalnuts,YieldingYams,7209847
2026-07-04T16:14:16.949961,2026-07-04T16:14:16.953661+00:00,137.8,11,ask,WavyWalnuts,Xuanyu Liu,7209904
2026-07-04T16:14:21.880808,2026-07-04T16:14:21.887651+00:00,137.7,200,ask,YieldingYams,WavyWalnuts,7209963
2026-07-04T16:14:22.188520,2026-07-04T16:14:22.195600+00:00,137.8,20,bid,BrilliantBurritos,AverageAlmonds,7209970
2026-07-04T16:14:22.456946,2026-07-04T16:14:22.469047+00:00,137.7,425,ask,YieldingYams,AverageAlmonds,7209974
2026-07-04T16:14:22.888564,2026-07-04T16:14:22.897443+00:00,137.5,200,ask,WavyWalnuts,YieldingYams,7209984
2026-07-04T16:14:23.084794,2026-07-04T16:14:23.096590+00:00,137.5,200,bid,WavyWalnuts,YieldingYams,7209988
2026-07-04T16:14:26.739146,2026-07-04T16:14:26.743032+00:00,137.4,11,bid,Xuanyu Liu,WavyWalnuts,7210078
2026-07-04T16:14:28.899797,2026-07-04T16:14:28.911859+00:00,137.5,20,bid,BrilliantBurritos,WavyWalnuts,7210113
2026-07-04T16:14:29.962326,2026-07-04T16:14:29.974040+00:00,137.6,22,bid,Zihao Wu,WavyWalnuts,7210131
2026-07-04T16:14:30.763333,2026-07-04T16:14:30.770340+00:00,137.5,200,bid,YieldingYams,WavyWalnuts,7210151
2026-07-04T16:14:39.922677,2026-07-04T16:14:39.934000+00:00,137.4,200,bid,YieldingYams,WavyWalnuts,7210297
2026-07-04T16:14:40.048093,2026-07-04T16:14:40.058575+00:00,137.4,200,ask,YieldingYams,WavyWalnuts,7210299
2026-07-04T16:14:42.474503,2026-07-04T16:14:42.484967+00:00,137.5,200,bid,WavyWalnuts,YieldingYams,7210354
2026-07-04T16:14:47.349998,2026-07-04T16:14:47.358557+00:00,137.5,20,ask,YieldingYams,BrilliantBurritos,7210429
2026-07-04T16:14:50.312107,2026-07-04T16:14:50.323474+00:00,137.6,200,bid,AverageAlmonds,WavyWalnuts,7210478
2026-07-04T16:14:53.366120,2026-07-04T16:14:53.374902+00:00,137.7,200,ask,YieldingYams,WavyWalnuts,7210508
2026-07-04T16:14:54.579291,2026-07-04T16:14:54.588079+00:00,137.7,200,ask,AverageAlmonds,WavyWalnuts,7210525
2026-07-04T16:14:55.162537,2026-07-04T16:14:55.174213+00:00,137.8,500,bid,AverageAlmonds,YieldingYams,7210537
2026-07-04T16:14:55.789031,2026-07-04T16:14:55.800292+00:00,137.9,200,ask,YieldingYams,WavyWalnuts,7210549
2026-07-04T16:14:56.998221,2026-07-04T16:14:57.009523+00:00,137.9,200,ask,YieldingYams,WavyWalnuts,7210569
2026-07-04T16:14:58.206017,2026-07-04T16:14:58.215190+00:00,137.9,200,ask,YieldingYams,WavyWalnuts,7210589
2026-07-04T16:14:58.324337,2026-07-04T16:14:58.328275+00:00,138.0,12,bid,Xuanyu Liu,YieldingYams,7210592
2026-07-04T16:15:00.656757,2026-07-04T16:15:00.661137+00:00,137.9,11,bid,Xuanyu Liu,WavyWalnuts,7210634
2026-07-04T16:15:03.925862,2026-07-04T16:15:03.937641+00:00,137.7,20,ask,YieldingYams,BrilliantBurritos,7210684
2026-07-04T16:15:05.478603,2026-07-04T16:15:05.486111+00:00,137.8,200,ask,YieldingYams,WavyWalnuts,7210707
2026-07-04T16:15:10.094550,2026-07-04T16:15:10.101322+00:00,138.0,200,bid,YieldingYams,WavyWalnuts,7210781
2026-07-04T16:15:12.722525,2026-07-04T16:15:12.732275+00:00,138.1,200,bid,YieldingYams,WavyWalnuts,7210838
2026-07-04T16:15:12.749269,2026-07-04T16:15:12.758591+00:00,138.1,425,ask,YieldingYams,AverageAlmonds,7210840
2026-07-04T16:15:12.786949,2026-07-04T16:15:12.791352+00:00,138.0,3,bid,Xuanyu Liu,WavyWalnuts,7210842
2026-07-04T16:15:14.036390,2026-07-04T16:15:14.056203+00:00,137.9,200,ask,WavyWalnuts,YieldingYams,7210854
2026-07-04T16:15:14.052464,2026-07-04T16:15:14.056203+00:00,137.7,3,bid,Xuanyu Liu,YieldingYams,7210856
2026-07-04T16:15:14.229046,2026-07-04T16:15:14.241829+00:00,137.7,25,bid,Alan Tran,YieldingYams,7210866
2026-07-04T16:15:15.183914,2026-07-04T16:15:15.195607+00:00,137.7,200,bid,WavyWalnuts,YieldingYams,7210895
2026-07-04T16:15:15.262339,2026-07-04T16:15:15.270491+00:00,137.7,50,bid,Alan Niu,YieldingYams,7210897
2026-07-04T16:15:16.767872,2026-07-04T16:15:16.775757+00:00,137.8,20,bid,BrilliantBurritos,YieldingYams,7210927
2026-07-04T16:15:17.088143,2026-07-04T16:15:17.092126+00:00,137.6,3,ask,WavyWalnuts,Xuanyu Liu,7210935
2026-07-04T16:15:19.533613,2026-07-04T16:15:19.541641+00:00,137.6,50,ask,WavyWalnuts,Alan Niu,7210976
2026-07-04T16:15:20.615884,2026-07-04T16:15:20.626290+00:00,137.8,200,bid,YieldingYams,WavyWalnuts,7210996
2026-07-04T16:15:22.432044,2026-07-04T16:15:22.439497+00:00,137.9,200,bid,WavyWalnuts,YieldingYams,7211049
2026-07-04T16:15:25.884137,2026-07-04T16:15:25.894927+00:00,138.0,200,ask,WavyWalnuts,YieldingYams,7211113
2026-07-04T16:15:27.757783,2026-07-04T16:15:27.769960+00:00,137.9,20,ask,WavyWalnuts,BrilliantBurritos,7211136
2026-07-04T16:15:28.488729,2026-07-04T16:15:28.496715+00:00,138.0,200,bid,WavyWalnuts,YieldingYams,7211157
2026-07-04T16:15:29.249797,2026-07-04T16:15:29.258602+00:00,138.0,25,ask,YieldingYams,Alan Tran,7211165
2026-07-04T16:15:29.696782,2026-07-04T16:15:29.704992+00:00,138.0,200,ask,YieldingYams,WavyWalnuts,7211181
2026-07-04T16:15:32.126398,2026-07-04T16:15:32.134377+00:00,138.0,200,bid,WavyWalnuts,YieldingYams,7211218
2026-07-04T16:15:32.250607,2026-07-04T16:15:32.258577+00:00,138.0,50,bid,Alan Niu,YieldingYams,7211221
2026-07-04T16:15:32.257045,2026-07-04T16:15:32.263623+00:00,138.0,20,bid,BrilliantBurritos,YieldingYams,7211222
2026-07-04T16:15:33.732061,2026-07-04T16:15:33.742979+00:00,138.1,200,bid,YieldingYams,WavyWalnuts,7211241
2026-07-04T16:15:33.957274,2026-07-04T16:15:33.965901+00:00,138.1,50,ask,YieldingYams,Alan Niu,7211252
2026-07-04T16:15:34.372896,2026-07-04T16:15:34.381533+00:00,138.2,50,bid,Alan Niu,AverageAlmonds,7211258
2026-07-04T16:15:34.541247,2026-07-04T16:15:34.549033+00:00,138.1,200,ask,YieldingYams,WavyWalnuts,7211260
2026-07-04T16:15:36.487097,2026-07-04T16:15:36.498664+00:00,138.1,50,bid,Alan Niu,WavyWalnuts,7211285
2026-07-04T16:15:39.393417,2026-07-04T16:15:39.410356+00:00,138.1,200,bid,WavyWalnuts,YieldingYams,7211337
2026-07-04T16:15:40.293924,2026-07-04T16:15:40.303014+00:00,138.0,500,bid,YieldingYams,AverageAlmonds,7211358
2026-07-04T16:15:40.364752,2026-07-04T16:15:40.376341+00:00,138.2,20,ask,YieldingYams,BrilliantBurritos,7211359
2026-07-04T16:15:40.565603,2026-07-04T16:15:40.598965+00:00,138.2,105,ask,YieldingYams,AverageAlmonds,7211361
2026-07-04T16:15:40.594712,2026-07-04T16:15:40.598965+00:00,138.0,14,bid,Xuanyu Liu,AverageAlmonds,7211363
2026-07-04T16:15:40.606488,2026-07-04T16:15:40.614238+00:00,138.0,200,bid,WavyWalnuts,AverageAlmonds,7211364
2026-07-04T16:15:40.961740,2026-07-04T16:15:40.969877+00:00,138.0,86,bid,Alan Niu,AverageAlmonds,7211373
2026-07-04T16:15:42.409127,2026-07-04T16:15:42.413761+00:00,137.9,11,ask,YieldingYams,Xuanyu Liu,7211397
2026-07-04T16:15:42.908160,2026-07-04T16:15:42.915899+00:00,137.9,50,ask,YieldingYams,Alan Niu,7211407
2026-07-04T16:15:44.249847,2026-07-04T16:15:44.253721+00:00,138.0,3,ask,YieldingYams,Xuanyu Liu,7211424
2026-07-04T16:15:45.426390,2026-07-04T16:15:45.437680+00:00,138.0,500,ask,YieldingYams,AverageAlmonds,7211436
2026-07-04T16:15:45.547242,2026-07-04T16:15:45.570892+00:00,138.0,200,ask,WavyWalnuts,YieldingYams,7211438
2026-07-04T16:15:45.567184,2026-07-04T16:15:45.570892+00:00,137.9,3,bid,Xuanyu Liu,YieldingYams,7211442
2026-07-04T16:15:46.661908,2026-07-04T16:15:46.671484+00:00,137.9,200,bid,WavyWalnuts,YieldingYams,7211464
2026-07-04T16:15:46.966090,2026-07-04T16:15:46.974239+00:00,138.1,50,bid,Alan Niu,AverageAlmonds,7211473
2026-07-04T16:15:49.132769,2026-07-04T16:15:49.139983+00:00,137.8,50,ask,YieldingYams,Alan Niu,7211505
2026-07-04T16:15:49.585329,2026-07-04T16:15:49.596889+00:00,138.0,20,bid,BrilliantBurritos,WavyWalnuts,7211518
2026-07-04T16:15:50.799141,2026-07-04T16:15:50.802769+00:00,137.9,3,ask,YieldingYams,Xuanyu Liu,7211543
2026-07-04T16:15:52.724404,2026-07-04T16:15:52.728450+00:00,137.8,3,bid,Xuanyu Liu,WavyWalnuts,7211584
2026-07-04T16:15:55.159913,2026-07-04T16:15:55.163598+00:00,137.8,3,ask,WavyWalnuts,Xuanyu Liu,7211642
2026-07-04T16:15:55.499302,2026-07-04T16:15:55.511198+00:00,137.8,50,ask,WavyWalnuts,Alan Niu,7211651
2026-07-04T16:15:56.350417,2026-07-04T16:15:56.358600+00:00,138.0,200,bid,WavyWalnuts,YieldingYams,7211664
2026-07-04T16:15:59.768217,2026-07-04T16:15:59.779446+00:00,137.9,50,ask,YieldingYams,Alan Niu,7211751
2026-07-04T16:15:59.979871,2026-07-04T16:15:59.987312+00:00,138.0,200,ask,YieldingYams,WavyWalnuts,7211753
2026-07-04T16:16:01.188935,2026-07-04T16:16:01.196225+00:00,138.0,200,ask,YieldingYams,WavyWalnuts,7211782
2026-07-04T16:16:02.396822,2026-07-04T16:16:02.407169+00:00,137.9,200,bid,WavyWalnuts,YieldingYams,7211797
2026-07-04T16:16:03.689122,2026-07-04T16:16:03.697094+00:00,137.9,20,ask,YieldingYams,BrilliantBurritos,7211821
2026-07-04T16:16:06.695119,2026-07-04T16:16:06.705845+00:00,137.8,20,bid,BrilliantBurritos,YieldingYams,7211869
2026-07-04T16:16:07.239488,2026-07-04T16:16:07.247779+00:00,137.8,200,bid,WavyWalnuts,YieldingYams,7211879
2026-07-04T16:16:09.167956,2026-07-04T16:16:09.176915+00:00,138.0,200,ask,WavyWalnuts,YieldingYams,7211916
2026-07-04T16:16:10.813479,2026-07-04T16:16:10.817427+00:00,138.0,3,bid,Xuanyu Liu,YieldingYams,7211949
2026-07-04T16:16:10.868390,2026-07-04T16:16:10.876465+00:00,138.0,200,bid,WavyWalnuts,YieldingYams,7211952
2026-07-04T16:16:11.726122,2026-07-04T16:16:11.736367+00:00,138.0,20,bid,BrilliantBurritos,YieldingYams,7211969
2026-07-04T16:16:12.075512,2026-07-04T16:16:12.085423+00:00,138.2,200,bid,WavyWalnuts,AverageAlmonds,7211976
2026-07-04T16:16:14.413127,2026-07-04T16:16:14.420865+00:00,138.2,500,bid,YieldingYams,AverageAlmonds,7212013
2026-07-04T16:16:14.413127,2026-07-04T16:16:14.426428+00:00,138.3,125,bid,YieldingYams,WavyWalnuts,7212014
2026-07-04T16:16:16.124643,2026-07-04T16:16:16.132343+00:00,137.9,20,ask,YieldingYams,BrilliantBurritos,7212050
2026-07-04T16:16:16.919414,2026-07-04T16:16:16.930003+00:00,137.9,200,ask,YieldingYams,WavyWalnuts,7212062
2026-07-04T16:16:17.191844,2026-07-04T16:16:17.195434+00:00,137.9,3,ask,YieldingYams,Xuanyu Liu,7212073
2026-07-04T16:16:18.188058,2026-07-04T16:16:18.199132+00:00,137.9,36,ask,YieldingYams,Alan Niu,7212093
2026-07-04T16:16:19.357646,2026-07-04T16:16:19.369366+00:00,137.9,200,ask,YieldingYams,WavyWalnuts,7212108
2026-07-04T16:16:21.147855,2026-07-04T16:16:21.156242+00:00,137.8,20,ask,WavyWalnuts,BrilliantBurritos,7212142
2026-07-04T16:16:21.771124,2026-07-04T16:16:21.779252+00:00,138.0,200,bid,WavyWalnuts,YieldingYams,7212150
2026-07-04T16:16:23.588280,2026-07-04T16:16:23.597296+00:00,138.0,500,bid,YieldingYams,AverageAlmonds,7212184
2026-07-04T16:16:24.145346,2026-07-04T16:16:24.152688+00:00,138.0,125,ask,YieldingYams,AverageAlmonds,7212195
2026-07-04T16:16:24.758038,2026-07-04T16:16:24.769327+00:00,137.9,200,ask,WavyWalnuts,AverageAlmonds,7212210
2026-07-04T16:16:24.765706,2026-07-04T16:16:24.774901+00:00,137.9,20,bid,BrilliantBurritos,AverageAlmonds,7212211
2026-07-04T16:16:25.217895,2026-07-04T16:16:25.229731+00:00,137.6,20,ask,YieldingYams,BrilliantBurritos,7212218
2026-07-04T16:16:27.820168,2026-07-04T16:16:27.830663+00:00,137.7,200,ask,YieldingYams,WavyWalnuts,7212275
2026-07-04T16:16:27.954283,2026-07-04T16:16:27.968999+00:00,137.7,20,ask,YieldingYams,BrilliantBurritos,7212279
2026-07-04T16:16:31.283512,2026-07-04T16:16:31.290548+00:00,137.8,50,bid,Alan Niu,YieldingYams,7212334
2026-07-04T16:16:35.082438,2026-07-04T16:16:35.090435+00:00,137.8,200,ask,YieldingYams,WavyWalnuts,7212411
2026-07-04T16:16:40.671774,2026-07-04T16:16:40.678446+00:00,137.7,200,bid,YieldingYams,WavyWalnuts,7212520
2026-07-04T16:16:41.140481,2026-07-04T16:16:41.148253+00:00,137.7,200,ask,YieldingYams,WavyWalnuts,7212526
2026-07-04T16:16:42.004981,2026-07-04T16:16:42.013398+00:00,137.5,44,ask,WavyWalnuts,Alan Niu,7212542
2026-07-04T16:16:43.359503,2026-07-04T16:16:43.368043+00:00,137.5,20,ask,WavyWalnuts,BrilliantBurritos,7212561
2026-07-04T16:16:46.024276,2026-07-04T16:16:46.035343+00:00,137.5,200,ask,AverageAlmonds,WavyWalnuts,7212596
2026-07-04T16:16:49.911083,2026-07-04T16:16:49.920261+00:00,137.4,6,ask,YieldingYams,Alan Niu,7212661
2026-07-04T16:16:49.917289,2026-07-04T16:16:49.925301+00:00,137.4,20,ask,YieldingYams,BrilliantBurritos,7212662
2026-07-04T16:16:51.139693,2026-07-04T16:16:51.146426+00:00,137.5,200,bid,YieldingYams,WavyWalnuts,7212676
2026-07-04T16:16:52.107341,2026-07-04T16:16:52.118816+00:00,137.5,20,ask,YieldingYams,BrilliantBurritos,7212691
2026-07-04T16:16:52.981055,2026-07-04T16:16:52.992770+00:00,137.7,20,bid,BrilliantBurritos,WavyWalnuts,7212707
2026-07-04T16:16:53.771775,2026-07-04T16:16:53.775947+00:00,137.7,3,ask,YieldingYams,Xuanyu Liu,7212722
2026-07-04T16:16:57.530760,2026-07-04T16:16:57.540448+00:00,137.7,20,ask,WavyWalnuts,BrilliantBurritos,7212779
2026-07-04T16:16:57.684097,2026-07-04T16:16:57.690454+00:00,137.7,180,ask,WavyWalnuts,YieldingYams,7212783
2026-07-04T16:16:57.701774,2026-07-04T16:16:57.705881+00:00,137.6,3,bid,Xuanyu Liu,YieldingYams,7212785
2026-07-04T16:16:58.131160,2026-07-04T16:16:58.140732+00:00,137.6,200,bid,WavyWalnuts,YieldingYams,7212789
2026-07-04T16:16:59.344780,2026-07-04T16:16:59.358617+00:00,137.7,200,ask,YieldingYams,WavyWalnuts,7212804
2026-07-04T16:17:10.866631,2026-07-04T16:17:10.876161+00:00,137.8,20,ask,YieldingYams,BrilliantBurritos,7212980
2026-07-04T16:17:11.480084,2026-07-04T16:17:11.484137+00:00,137.9,3,ask,WavyWalnuts,Xuanyu Liu,7212991
2026-07-04T16:17:12.127665,2026-07-04T16:17:12.134287+00:00,137.9,197,ask,WavyWalnuts,YieldingYams,7213003
2026-07-04T16:17:12.671391,2026-07-04T16:17:12.679798+00:00,137.9,200,bid,WavyWalnuts,YieldingYams,7213013
2026-07-04T16:17:13.487430,2026-07-04T16:17:13.498979+00:00,137.8,45,ask,YieldingYams,Zihao Wu,7213025
2026-07-04T16:17:14.134421,2026-07-04T16:17:14.138176+00:00,138.1,3,bid,Xuanyu Liu,YieldingYams,7213034
2026-07-04T16:17:17.346097,2026-07-04T16:17:17.358604+00:00,138.0,20,bid,BrilliantBurritos,YieldingYams,7213081
2026-07-04T16:17:17.366898,2026-07-04T16:17:17.377654+00:00,137.9,200,ask,WavyWalnuts,YieldingYams,7213082
2026-07-04T16:17:18.747517,2026-07-04T16:17:18.755100+00:00,138.1,200,bid,WavyWalnuts,YieldingYams,7213117
2026-07-04T16:17:19.991265,2026-07-04T16:17:19.995234+00:00,138.0,3,ask,WavyWalnuts,Xuanyu Liu,7213142
2026-07-04T16:17:22.614567,2026-07-04T16:17:22.625548+00:00,138.1,200,bid,YieldingYams,WavyWalnuts,7213178
2026-07-04T16:17:23.925581,2026-07-04T16:17:23.932677+00:00,138.3,500,bid,YieldingYams,AverageAlmonds,7213211
2026-07-04T16:17:23.925581,2026-07-04T16:17:23.937890+00:00,138.3,125,bid,YieldingYams,WavyWalnuts,7213212
2026-07-04T16:17:28.452842,2026-07-04T16:17:28.458558+00:00,137.9,200,ask,YieldingYams,WavyWalnuts,7213296
2026-07-04T16:17:33.119186,2026-07-04T16:17:33.126323+00:00,137.9,200,bid,YieldingYams,WavyWalnuts,7213370
2026-07-04T16:17:34.419091,2026-07-04T16:17:34.430715+00:00,138.0,425,ask,YieldingYams,AverageAlmonds,7213404
2026-07-04T16:17:34.439452,2026-07-04T16:17:34.446725+00:00,137.9,200,ask,WavyWalnuts,YieldingYams,7213408
2026-07-04T16:17:34.529722,2026-07-04T16:17:34.538720+00:00,137.9,45,bid,Zihao Wu,YieldingYams,7213414
2026-07-04T16:17:39.372007,2026-07-04T16:17:39.379138+00:00,137.8,200,ask,YieldingYams,WavyWalnuts,7213494
2026-07-04T16:17:39.675270,2026-07-04T16:17:39.682143+00:00,137.9,500,bid,YieldingYams,AverageAlmonds,7213499
2026-07-04T16:17:39.693016,2026-07-04T16:17:39.696815+00:00,137.9,5,ask,YieldingYams,Xuanyu Liu,7213501
2026-07-04T16:17:40.580972,2026-07-04T16:17:40.588246+00:00,137.9,120,ask,YieldingYams,WavyWalnuts,7213516
2026-07-04T16:17:43.006161,2026-07-04T16:17:43.015912+00:00,137.8,200,bid,WavyWalnuts,YieldingYams,7213556
2026-07-04T16:17:43.271418,2026-07-04T16:17:43.283182+00:00,137.6,20,ask,YieldingYams,BrilliantBurritos,7213562
2026-07-04T16:17:44.913291,2026-07-04T16:17:44.923876+00:00,137.7,200,ask,WavyWalnuts,YieldingYams,7213585
2026-07-04T16:17:44.930117,2026-07-04T16:17:44.934104+00:00,137.6,5,bid,Xuanyu Liu,YieldingYams,7213587
2026-07-04T16:17:45.856028,2026-07-04T16:17:45.859947+00:00,137.5,11,ask,WavyWalnuts,Xuanyu Liu,7213614
2026-07-04T16:17:48.839582,2026-07-04T16:17:48.846495+00:00,137.5,200,bid,YieldingYams,WavyWalnuts,7213674
2026-07-04T16:17:50.312772,2026-07-04T16:17:50.324679+00:00,137.4,20,ask,WavyWalnuts,BrilliantBurritos,7213714
2026-07-04T16:17:51.494382,2026-07-04T16:17:51.503260+00:00,137.5,200,ask,WavyWalnuts,YieldingYams,7213735
2026-07-04T16:17:52.689502,2026-07-04T16:17:52.696417+00:00,137.5,200,bid,WavyWalnuts,YieldingYams,7213761
2026-07-04T16:17:53.247774,2026-07-04T16:17:53.255599+00:00,137.6,20,bid,BrilliantBurritos,YieldingYams,7213767
2026-07-04T16:17:54.129753,2026-07-04T16:17:54.133517+00:00,137.5,12,ask,YieldingYams,Xuanyu Liu,7213776
2026-07-04T16:17:54.388170,2026-07-04T16:17:54.398974+00:00,137.5,500,ask,YieldingYams,AverageAlmonds,7213777
2026-07-04T16:17:54.977382,2026-07-04T16:17:54.986299+00:00,137.5,113,ask,YieldingYams,AverageAlmonds,7213798
2026-07-04T16:17:56.818748,2026-07-04T16:17:56.827694+00:00,137.4,200,ask,WavyWalnuts,AverageAlmonds,7213827
2026-07-04T16:17:56.818748,2026-07-04T16:17:56.827694+00:00,137.4,300,ask,YieldingYams,AverageAlmonds,7213828
2026-07-04T16:17:57.415446,2026-07-04T16:17:57.441594+00:00,137.4,325,ask,YieldingYams,AverageAlmonds,7213838
2026-07-04T16:17:57.437373,2026-07-04T16:17:57.441594+00:00,137.3,12,bid,Xuanyu Liu,AverageAlmonds,7213841
2026-07-04T16:17:57.533031,2026-07-04T16:17:57.543898+00:00,137.3,163,bid,WavyWalnuts,AverageAlmonds,7213843
2026-07-04T16:17:58.018062,2026-07-04T16:17:58.046440+00:00,137.3,37,ask,WavyWalnuts,AverageAlmonds,7213852
2026-07-04T16:17:58.042467,2026-07-04T16:17:58.046440+00:00,137.2,11,bid,Xuanyu Liu,AverageAlmonds,7213854
2026-07-04T16:17:58.744002,2026-07-04T16:17:58.751547+00:00,137.1,200,bid,WavyWalnuts,AverageAlmonds,7213876
2026-07-04T16:18:02.267654,2026-07-04T16:18:02.274084+00:00,137.0,200,ask,WavyWalnuts,AverageAlmonds,7213929
2026-07-04T16:18:07.212401,2026-07-04T16:18:07.221017+00:00,137.0,200,bid,YieldingYams,WavyWalnuts,7214023
2026-07-04T16:18:07.225561,2026-07-04T16:18:07.239289+00:00,137.0,200,ask,YieldingYams,WavyWalnuts,7214024
2026-07-04T16:18:07.234906,2026-07-04T16:18:07.239289+00:00,137.0,23,ask,YieldingYams,Xuanyu Liu,7214026
2026-07-04T16:18:08.437020,2026-07-04T16:18:08.446944+00:00,137.0,200,ask,YieldingYams,WavyWalnuts,7214035
2026-07-04T16:18:09.644060,2026-07-04T16:18:09.653180+00:00,136.9,200,bid,WavyWalnuts,YieldingYams,7214070
2026-07-04T16:18:10.856353,2026-07-04T16:18:10.858327+00:00,137.1,200,bid,WavyWalnuts,YieldingYams,7214093
2026-07-04T16:18:11.165880,2026-07-04T16:18:11.169717+00:00,137.0,11,ask,YieldingYams,Xuanyu Liu,7214103
2026-07-04T16:18:11.659563,2026-07-04T16:18:11.671219+00:00,137.0,20,ask,YieldingYams,BrilliantBurritos,7214115
2026-07-04T16:18:12.066304,2026-07-04T16:18:12.076586+00:00,137.1,200,bid,WavyWalnuts,AverageAlmonds,7214118
2026-07-04T16:18:12.461881,2026-07-04T16:18:12.469108+00:00,137.1,300,bid,YieldingYams,AverageAlmonds,7214128
2026-07-04T16:18:12.536071,2026-07-04T16:18:12.544362+00:00,137.1,325,ask,YieldingYams,AverageAlmonds,7214131
2026-07-04T16:18:12.699155,2026-07-04T16:18:12.710816+00:00,136.2,45,ask,AverageAlmonds,Zihao Wu,7214139
2026-07-04T16:18:12.758382,2026-07-04T16:18:12.765766+00:00,136.2,20,ask,AverageAlmonds,BrilliantBurritos,7214141
2026-07-04T16:18:13.276507,2026-07-04T16:18:13.286113+00:00,137.0,200,bid,WavyWalnuts,AverageAlmonds,7214150
2026-07-04T16:18:14.539348,2026-07-04T16:18:14.551180+00:00,136.9,20,ask,WavyWalnuts,BrilliantBurritos,7214172
2026-07-04T16:18:16.401720,2026-07-04T16:18:16.422086+00:00,136.9,200,ask,WavyWalnuts,YieldingYams,7214203
2026-07-04T16:18:16.418040,2026-07-04T16:18:16.422086+00:00,136.9,11,bid,Xuanyu Liu,YieldingYams,7214205
2026-07-04T16:18:18.119371,2026-07-04T16:18:18.130252+00:00,137.0,200,bid,WavyWalnuts,AverageAlmonds,7214232
2026-07-04T16:18:19.327188,2026-07-04T16:18:19.336550+00:00,136.8,200,bid,WavyWalnuts,YieldingYams,7214250
2026-07-04T16:18:21.749656,2026-07-04T16:18:21.760591+00:00,136.9,200,bid,WavyWalnuts,YieldingYams,7214286
2026-07-04T16:18:22.159650,2026-07-04T16:18:22.171243+00:00,136.9,20,bid,BrilliantBurritos,YieldingYams,7214291
2026-07-04T16:18:22.982784,2026-07-04T16:18:22.986094+00:00,136.9,11,ask,YieldingYams,Xuanyu Liu,7214309
2026-07-04T16:18:24.052374,2026-07-04T16:18:24.058588+00:00,136.9,500,ask,YieldingYams,AverageAlmonds,7214327
2026-07-04T16:18:24.643797,2026-07-04T16:18:24.651968+00:00,136.9,200,ask,WavyWalnuts,AverageAlmonds,7214340
2026-07-04T16:18:24.643797,2026-07-04T16:18:24.651968+00:00,136.8,300,ask,YieldingYams,AverageAlmonds,7214341
2026-07-04T16:18:25.245825,2026-07-04T16:18:25.258605+00:00,136.8,325,ask,YieldingYams,AverageAlmonds,7214345
2026-07-04T16:18:25.383327,2026-07-04T16:18:25.394413+00:00,136.8,175,bid,WavyWalnuts,AverageAlmonds,7214348
2026-07-04T16:18:25.605962,2026-07-04T16:18:25.625757+00:00,136.8,25,ask,WavyWalnuts,YieldingYams,7214356
2026-07-04T16:18:25.621624,2026-07-04T16:18:25.625757+00:00,136.6,23,bid,Xuanyu Liu,YieldingYams,7214358
2026-07-04T16:18:26.594298,2026-07-04T16:18:26.602689+00:00,136.6,200,bid,WavyWalnuts,YieldingYams,7214378
2026-07-04T16:18:26.910290,2026-07-04T16:18:26.918193+00:00,136.6,20,bid,BrilliantBurritos,YieldingYams,7214387
2026-07-04T16:18:26.981171,2026-07-04T16:18:26.984816+00:00,136.5,23,ask,YieldingYams,Xuanyu Liu,7214390
2026-07-04T16:18:28.226325,2026-07-04T16:18:28.237530+00:00,136.7,500,bid,YieldingYams,AverageAlmonds,7214412
2026-07-04T16:18:28.243413,2026-07-04T16:18:28.247541+00:00,136.7,23,ask,YieldingYams,Xuanyu Liu,7214414
2026-07-04T16:18:29.341604,2026-07-04T16:18:29.348489+00:00,136.8,21,bid,Xuanyu Liu,AverageAlmonds,7214425
2026-07-04T16:18:29.370545,2026-07-04T16:18:29.374188+00:00,136.8,21,bid,Alan Niu,AverageAlmonds,7214428
2026-07-04T16:18:29.554751,2026-07-04T16:18:29.558607+00:00,136.6,21,ask,WavyWalnuts,Alan Niu,7214437
2026-07-04T16:18:30.114178,2026-07-04T16:18:30.117577+00:00,136.7,2,bid,Xuanyu Liu,YieldingYams,7214449
2026-07-04T16:18:32.782731,2026-07-04T16:18:32.790880+00:00,136.7,45,bid,Zihao Wu,WavyWalnuts,7214502
2026-07-04T16:18:33.464070,2026-07-04T16:18:33.471523+00:00,136.7,155,bid,YieldingYams,WavyWalnuts,7214525
2026-07-04T16:18:33.922954,2026-07-04T16:18:33.934681+00:00,136.9,20,bid,BrilliantBurritos,AverageAlmonds,7214531
2026-07-04T16:18:35.078824,2026-07-04T16:18:35.086118+00:00,136.8,200,ask,YieldingYams,WavyWalnuts,7214559
