timestamp,recv_time,price,volume,aggressor_side,buyer,seller,trade_id
2026-07-10T00:00:01.134720,2026-07-10T00:00:01.141621+00:00,110.4,200,bid,YieldingYams,WavyWalnuts,14439394
2026-07-10T00:00:02.253217,2026-07-10T00:00:02.258571+00:00,110.5,10,bid,WavyWalnuts,Kelvin Chan,14439419
2026-07-10T00:00:02.253217,2026-07-10T00:00:02.258571+00:00,110.5,4,bid,WavyWalnuts,Xinhong Shan,14439420
2026-07-10T00:00:02.253217,2026-07-10T00:00:02.269568+00:00,110.5,186,bid,WavyWalnuts,AverageAlmonds,14439421
2026-07-10T00:00:05.087763,2026-07-10T00:00:05.094123+00:00,110.5,5,bid,YieldingYams,Xinhong Shan,14439468
2026-07-10T00:00:05.898650,2026-07-10T00:00:05.905638+00:00,110.6,5,bid,WavyWalnuts,Xinhong Shan,14439487
2026-07-10T00:00:06.405826,2026-07-10T00:00:06.417219+00:00,110.6,195,ask,WavyWalnuts,YieldingYams,14439497
2026-07-10T00:00:06.405826,2026-07-10T00:00:06.417219+00:00,110.5,5,ask,Xinhong Shan,YieldingYams,14439498
2026-07-10T00:00:07.084537,2026-07-10T00:00:07.096048+00:00,110.5,20,bid,BrilliantBurritos,YieldingYams,14439510
2026-07-10T00:00:07.109453,2026-07-10T00:00:07.121135+00:00,110.5,200,bid,WavyWalnuts,YieldingYams,14439511
2026-07-10T00:00:07.719847,2026-07-10T00:00:07.731082+00:00,110.5,5,bid,YieldingYams,Xinhong Shan,14439529
2026-07-10T00:00:07.719847,2026-07-10T00:00:07.731082+00:00,110.5,8,bid,YieldingYams,Kelvin Chan,14439530
2026-07-10T00:00:08.495511,2026-07-10T00:00:08.507261+00:00,110.7,10,bid,BrilliantBurritos,Kelvin Chan,14439548
2026-07-10T00:00:08.502836,2026-07-10T00:00:08.512523+00:00,110.8,40,bid,Andy Garg,YieldingYams,14439549
2026-07-10T00:00:10.342581,2026-07-10T00:00:10.349274+00:00,110.7,9,bid,YieldingYams,Kelvin Chan,14439575
2026-07-10T00:00:10.342581,2026-07-10T00:00:10.354577+00:00,110.7,5,bid,YieldingYams,Xinhong Shan,14439576
2026-07-10T00:00:11.124651,2026-07-10T00:00:11.136077+00:00,110.7,500,ask,YieldingYams,AverageAlmonds,14439598
2026-07-10T00:00:11.658948,2026-07-10T00:00:11.669093+00:00,110.7,5,ask,Xinhong Shan,YieldingYams,14439608
2026-07-10T00:00:11.658948,2026-07-10T00:00:11.669093+00:00,110.6,200,ask,WavyWalnuts,YieldingYams,14439609
2026-07-10T00:00:11.674831,2026-07-10T00:00:11.678661+00:00,110.6,14,bid,Xuanyu Liu,YieldingYams,14439611
2026-07-10T00:00:12.787982,2026-07-10T00:00:12.799510+00:00,110.5,20,ask,WavyWalnuts,BrilliantBurritos,14439636
2026-07-10T00:00:13.181412,2026-07-10T00:00:13.188053+00:00,110.6,5,bid,WavyWalnuts,Xinhong Shan,14439645
2026-07-10T00:00:14.804807,2026-07-10T00:00:14.811420+00:00,110.7,5,bid,Andy Garg,Xinhong Shan,14439674
2026-07-10T00:00:14.804807,2026-07-10T00:00:14.816762+00:00,110.7,35,bid,Andy Garg,YieldingYams,14439675
2026-07-10T00:00:15.600160,2026-07-10T00:00:15.608160+00:00,110.7,200,bid,WavyWalnuts,YieldingYams,14439693
2026-07-10T00:00:16.810327,2026-07-10T00:00:16.819206+00:00,110.7,40,bid,WavyWalnuts,Andy Garg,14439707
2026-07-10T00:00:16.810327,2026-07-10T00:00:16.819206+00:00,110.7,5,bid,WavyWalnuts,Xinhong Shan,14439708
2026-07-10T00:00:16.831553,2026-07-10T00:00:16.835949+00:00,110.7,3,ask,WavyWalnuts,Xuanyu Liu,14439712
2026-07-10T00:00:17.812378,2026-07-10T00:00:17.817112+00:00,110.8,3,bid,Xuanyu Liu,Kelvin Chan,14439728
2026-07-10T00:00:19.083537,2026-07-10T00:00:19.090904+00:00,110.8,40,bid,Andy Garg,YieldingYams,14439764
2026-07-10T00:00:20.796465,2026-07-10T00:00:20.807171+00:00,110.7,5,ask,Xinhong Shan,AverageAlmonds,14439794
2026-07-10T00:00:20.796465,2026-07-10T00:00:20.807171+00:00,110.7,200,ask,WavyWalnuts,AverageAlmonds,14439795
2026-07-10T00:00:21.236517,2026-07-10T00:00:21.247825+00:00,110.7,40,bid,Andy Garg,AverageAlmonds,14439808
2026-07-10T00:00:24.793283,2026-07-10T00:00:24.801428+00:00,110.7,5,bid,YieldingYams,Xinhong Shan,14439866
2026-07-10T00:00:24.793283,2026-07-10T00:00:24.806639+00:00,110.7,500,bid,YieldingYams,AverageAlmonds,14439867
2026-07-10T00:00:25.045581,2026-07-10T00:00:25.052086+00:00,110.7,120,ask,YieldingYams,AverageAlmonds,14439876
2026-07-10T00:00:25.295685,2026-07-10T00:00:25.302484+00:00,110.7,200,bid,WavyWalnuts,AverageAlmonds,14439890
2026-07-10T00:00:26.105651,2026-07-10T00:00:26.114579+00:00,110.6,5,ask,Xinhong Shan,YieldingYams,14439899
2026-07-10T00:00:26.267894,2026-07-10T00:00:26.274672+00:00,110.5,52,bid,Lachy Miller,YieldingYams,14439904
2026-07-10T00:00:26.476836,2026-07-10T00:00:26.488461+00:00,110.5,5,bid,Lachy Miller,YieldingYams,14439914
2026-07-10T00:00:26.503375,2026-07-10T00:00:26.511724+00:00,110.5,200,bid,WavyWalnuts,YieldingYams,14439916
2026-07-10T00:00:27.723998,2026-07-10T00:00:27.732389+00:00,110.5,5,bid,WavyWalnuts,Xinhong Shan,14439941
2026-07-10T00:00:29.504210,2026-07-10T00:00:29.513268+00:00,110.6,5,bid,BrilliantBurritos,Xinhong Shan,14439972
2026-07-10T00:00:31.355866,2026-07-10T00:00:31.358551+00:00,110.6,200,bid,WavyWalnuts,YieldingYams,14439994
2026-07-10T00:00:32.661525,2026-07-10T00:00:32.673146+00:00,110.6,5,bid,YieldingYams,Xinhong Shan,14440019
2026-07-10T00:00:32.661525,2026-07-10T00:00:32.673146+00:00,110.6,200,bid,YieldingYams,WavyWalnuts,14440020
2026-07-10T00:00:32.661525,2026-07-10T00:00:32.673146+00:00,110.7,420,bid,YieldingYams,AverageAlmonds,14440021
2026-07-10T00:00:33.788698,2026-07-10T00:00:33.795906+00:00,110.5,5,ask,Xinhong Shan,WavyWalnuts,14440039
2026-07-10T00:00:33.788698,2026-07-10T00:00:33.801174+00:00,110.4,3,ask,Kelvin Chan,WavyWalnuts,14440040
2026-07-10T00:00:33.811714,2026-07-10T00:00:33.816571+00:00,110.4,14,bid,Xuanyu Liu,WavyWalnuts,14440046
2026-07-10T00:00:33.900473,2026-07-10T00:00:33.908628+00:00,110.4,67,bid,Lachy Miller,WavyWalnuts,14440049
2026-07-10T00:00:33.976128,2026-07-10T00:00:33.983535+00:00,110.4,111,bid,YieldingYams,WavyWalnuts,14440052
2026-07-10T00:00:35.001103,2026-07-10T00:00:35.007544+00:00,110.5,200,ask,YieldingYams,WavyWalnuts,14440065
2026-07-10T00:00:35.292317,2026-07-10T00:00:35.299967+00:00,110.5,5,ask,Xinhong Shan,YieldingYams,14440069
2026-07-10T00:00:36.002428,2026-07-10T00:00:36.011683+00:00,110.5,40,bid,Andy Garg,YieldingYams,14440078
2026-07-10T00:00:37.919959,2026-07-10T00:00:37.926840+00:00,110.5,5,bid,YieldingYams,Xinhong Shan,14440108
2026-07-10T00:00:37.940852,2026-07-10T00:00:37.945684+00:00,110.5,11,ask,YieldingYams,Xuanyu Liu,14440110
2026-07-10T00:00:40.543663,2026-07-10T00:00:40.552347+00:00,110.5,5,ask,Xinhong Shan,YieldingYams,14440168
2026-07-10T00:00:40.543663,2026-07-10T00:00:40.552347+00:00,110.4,2,ask,Kelvin Chan,YieldingYams,14440169
2026-07-10T00:00:40.543663,2026-07-10T00:00:40.558572+00:00,110.4,200,ask,WavyWalnuts,YieldingYams,14440170
2026-07-10T00:00:41.856179,2026-07-10T00:00:41.857689+00:00,110.4,5,bid,YieldingYams,Xinhong Shan,14440192
2026-07-10T00:00:42.325602,2026-07-10T00:00:42.336989+00:00,110.5,25,bid,Lachy Miller,WavyWalnuts,14440198
2026-07-10T00:00:43.137601,2026-07-10T00:00:43.141920+00:00,110.5,11,bid,Xuanyu Liu,WavyWalnuts,14440213
2026-07-10T00:00:43.453151,2026-07-10T00:00:43.464752+00:00,110.5,20,bid,BrilliantBurritos,WavyWalnuts,14440216
2026-07-10T00:00:44.264457,2026-07-10T00:00:44.276194+00:00,110.5,20,bid,BrilliantBurritos,YieldingYams,14440218
2026-07-10T00:00:44.486186,2026-07-10T00:00:44.497549+00:00,110.5,5,bid,YieldingYams,Xinhong Shan,14440223
2026-07-10T00:00:44.682590,2026-07-10T00:00:44.691300+00:00,110.5,200,ask,YieldingYams,WavyWalnuts,14440229
2026-07-10T00:00:45.889975,2026-07-10T00:00:45.896521+00:00,110.5,200,ask,AverageAlmonds,WavyWalnuts,14440244
2026-07-10T00:00:46.700687,2026-07-10T00:00:46.712548+00:00,110.5,5,ask,Xinhong Shan,BrilliantBurritos,14440262
2026-07-10T00:00:46.700687,2026-07-10T00:00:46.712548+00:00,110.5,15,ask,AverageAlmonds,BrilliantBurritos,14440263
2026-07-10T00:00:47.101895,2026-07-10T00:00:47.110068+00:00,110.5,200,ask,AverageAlmonds,WavyWalnuts,14440267
2026-07-10T00:00:47.452015,2026-07-10T00:00:47.458625+00:00,110.6,5,bid,AverageAlmonds,Xinhong Shan,14440270
2026-07-10T00:00:47.452015,2026-07-10T00:00:47.458625+00:00,110.6,495,bid,AverageAlmonds,YieldingYams,14440271
2026-07-10T00:00:48.047560,2026-07-10T00:00:48.083172+00:00,110.6,130,bid,AverageAlmonds,YieldingYams,14440277
2026-07-10T00:00:48.047560,2026-07-10T00:00:48.083172+00:00,110.6,5,bid,AverageAlmonds,Xinhong Shan,14440278
2026-07-10T00:00:48.079314,2026-07-10T00:00:48.083172+00:00,110.6,11,ask,AverageAlmonds,Xuanyu Liu,14440282
2026-07-10T00:00:48.321092,2026-07-10T00:00:48.328163+00:00,110.6,200,ask,AverageAlmonds,WavyWalnuts,14440285
2026-07-10T00:00:48.418963,2026-07-10T00:00:48.446079+00:00,110.7,10,bid,YieldingYams,Kelvin Chan,14440290
2026-07-10T00:00:48.441636,2026-07-10T00:00:48.446079+00:00,110.7,3,ask,YieldingYams,Xuanyu Liu,14440292
2026-07-10T00:00:48.682666,2026-07-10T00:00:48.689920+00:00,110.7,40,ask,YieldingYams,Andy Garg,14440301
2026-07-10T00:00:49.541003,2026-07-10T00:00:49.549397+00:00,110.7,200,ask,YieldingYams,WavyWalnuts,14440317
2026-07-10T00:00:49.732927,2026-07-10T00:00:49.742802+00:00,110.7,5,ask,Xinhong Shan,YieldingYams,14440320
2026-07-10T00:00:50.751897,2026-07-10T00:00:50.758640+00:00,110.7,200,bid,WavyWalnuts,YieldingYams,14440338
2026-07-10T00:00:51.686796,2026-07-10T00:00:51.696276+00:00,110.7,5,bid,BrilliantBurritos,Xinhong Shan,14440349
2026-07-10T00:00:51.966211,2026-07-10T00:00:51.977384+00:00,110.6,5,ask,Xinhong Shan,WavyWalnuts,14440356
2026-07-10T00:00:51.966211,2026-07-10T00:00:51.977384+00:00,110.6,195,ask,YieldingYams,WavyWalnuts,14440357
2026-07-10T00:00:52.354103,2026-07-10T00:00:52.358625+00:00,110.6,5,ask,Xinhong Shan,YieldingYams,14440364
2026-07-10T00:00:52.377037,2026-07-10T00:00:52.380892+00:00,110.6,3,bid,Xuanyu Liu,YieldingYams,14440370
2026-07-10T00:00:53.060122,2026-07-10T00:00:53.072181+00:00,110.5,6,ask,Kelvin Chan,Andy Garg,14440386
2026-07-10T00:00:53.060122,2026-07-10T00:00:53.072181+00:00,110.5,34,ask,AverageAlmonds,Andy Garg,14440387
2026-07-10T00:00:53.175430,2026-07-10T00:00:53.184189+00:00,110.6,200,bid,WavyWalnuts,YieldingYams,14440388
2026-07-10T00:00:53.512466,2026-07-10T00:00:53.521108+00:00,110.6,417,bid,AverageAlmonds,YieldingYams,14440396
2026-07-10T00:00:53.512466,2026-07-10T00:00:53.521108+00:00,110.6,5,bid,AverageAlmonds,Xinhong Shan,14440397
2026-07-10T00:00:53.663878,2026-07-10T00:00:53.670846+00:00,110.8,3,bid,YieldingYams,Kelvin Chan,14440399
2026-07-10T00:00:53.663878,2026-07-10T00:00:53.685718+00:00,110.8,200,bid,YieldingYams,WavyWalnuts,14440400
2026-07-10T00:00:53.681985,2026-07-10T00:00:53.685718+00:00,110.8,3,ask,YieldingYams,Xuanyu Liu,14440403
2026-07-10T00:00:53.757970,2026-07-10T00:00:53.765844+00:00,110.8,50,ask,YieldingYams,Lachy Miller,14440405
2026-07-10T00:00:54.393399,2026-07-10T00:00:54.404486+00:00,110.8,200,ask,YieldingYams,WavyWalnuts,14440415
2026-07-10T00:00:55.111676,2026-07-10T00:00:55.122957+00:00,110.8,40,ask,YieldingYams,Andy Garg,14440434
2026-07-10T00:00:57.628487,2026-07-10T00:00:57.635863+00:00,110.8,40,ask,Andy Garg,YieldingYams,14440483
2026-07-10T00:00:57.628487,2026-07-10T00:00:57.640910+00:00,110.8,5,ask,Xinhong Shan,YieldingYams,14440484
2026-07-10T00:00:57.647607,2026-07-10T00:00:57.651309+00:00,110.8,3,bid,Xuanyu Liu,YieldingYams,14440486
2026-07-10T00:00:57.774842,2026-07-10T00:00:57.786382+00:00,110.8,25,bid,Lachy Miller,YieldingYams,14440490
2026-07-10T00:00:58.997478,2026-07-10T00:00:59.006179+00:00,110.8,5,bid,YieldingYams,Xinhong Shan,14440507
2026-07-10T00:00:59.053225,2026-07-10T00:00:59.057484+00:00,110.8,3,ask,YieldingYams,Xuanyu Liu,14440512
2026-07-10T00:01:02.957580,2026-07-10T00:01:02.967303+00:00,110.9,5,bid,YieldingYams,Xinhong Shan,14440569
2026-07-10T00:01:02.957580,2026-07-10T00:01:02.967303+00:00,110.9,200,bid,YieldingYams,WavyWalnuts,14440570
2026-07-10T00:01:02.993475,2026-07-10T00:01:03.005135+00:00,110.9,5,ask,YieldingYams,Lachy Miller,14440571
2026-07-10T00:01:04.275405,2026-07-10T00:01:04.286059+00:00,110.9,5,ask,Xinhong Shan,YieldingYams,14440599
2026-07-10T00:01:04.275405,2026-07-10T00:01:04.286059+00:00,110.9,200,ask,WavyWalnuts,YieldingYams,14440600
2026-07-10T00:01:05.409168,2026-07-10T00:01:05.416093+00:00,110.8,20,ask,WavyWalnuts,Lachy Miller,14440612
2026-07-10T00:01:05.550682,2026-07-10T00:01:05.556688+00:00,110.8,40,ask,WavyWalnuts,Andy Garg,14440620
2026-07-10T00:01:05.587914,2026-07-10T00:01:05.596920+00:00,110.9,5,bid,YieldingYams,Xinhong Shan,14440622
2026-07-10T00:01:09.515713,2026-07-10T00:01:09.523047+00:00,110.9,5,ask,Xinhong Shan,YieldingYams,14440696
2026-07-10T00:01:09.515713,2026-07-10T00:01:09.528307+00:00,110.8,200,ask,WavyWalnuts,YieldingYams,14440697
2026-07-10T00:01:10.825109,2026-07-10T00:01:10.833947+00:00,110.8,200,bid,YieldingYams,WavyWalnuts,14440722
2026-07-10T00:01:10.825109,2026-07-10T00:01:10.833947+00:00,110.8,5,bid,YieldingYams,Xinhong Shan,14440723
2026-07-10T00:01:12.549493,2026-07-10T00:01:12.564052+00:00,110.8,200,ask,YieldingYams,WavyWalnuts,14440759
2026-07-10T00:01:13.988605,2026-07-10T00:01:13.995125+00:00,111.0,4,bid,Andy Garg,Kelvin Chan,14440790
2026-07-10T00:01:13.988605,2026-07-10T00:01:14.000614+00:00,111.0,34,bid,Andy Garg,YieldingYams,14440791
2026-07-10T00:01:14.759248,2026-07-10T00:01:14.766259+00:00,111.0,200,bid,YieldingYams,WavyWalnuts,14440799
2026-07-10T00:01:14.759248,2026-07-10T00:01:14.771500+00:00,111.0,3,bid,YieldingYams,Kelvin Chan,14440800
2026-07-10T00:01:14.759248,2026-07-10T00:01:14.771500+00:00,111.0,5,bid,YieldingYams,Xinhong Shan,14440801
2026-07-10T00:01:14.961283,2026-07-10T00:01:14.968841+00:00,111.1,38,bid,WavyWalnuts,Andy Garg,14440805
2026-07-10T00:01:14.981257,2026-07-10T00:01:14.985293+00:00,111.1,3,ask,WavyWalnuts,Xuanyu Liu,14440807
2026-07-10T00:01:15.036671,2026-07-10T00:01:15.048245+00:00,111.1,25,ask,WavyWalnuts,Lachy Miller,14440808
2026-07-10T00:01:16.083848,2026-07-10T00:01:16.091041+00:00,111.1,134,ask,WavyWalnuts,YieldingYams,14440828
2026-07-10T00:01:16.083848,2026-07-10T00:01:16.096018+00:00,111.1,5,ask,Xinhong Shan,YieldingYams,14440829
2026-07-10T00:01:16.170146,2026-07-10T00:01:16.179298+00:00,111.0,200,bid,WavyWalnuts,YieldingYams,14440834
2026-07-10T00:01:17.385606,2026-07-10T00:01:17.395263+00:00,111.0,200,bid,WavyWalnuts,YieldingYams,14440867
2026-07-10T00:01:17.398508,2026-07-10T00:01:17.405991+00:00,111.0,5,bid,YieldingYams,Xinhong Shan,14440868
2026-07-10T00:01:17.398508,2026-07-10T00:01:17.424177+00:00,111.2,1,bid,YieldingYams,Kelvin Chan,14440869
2026-07-10T00:01:17.398508,2026-07-10T00:01:17.424177+00:00,111.2,40,bid,YieldingYams,Andy Garg,14440870
2026-07-10T00:01:17.419813,2026-07-10T00:01:17.424177+00:00,111.2,11,ask,YieldingYams,Xuanyu Liu,14440874
2026-07-10T00:01:17.452421,2026-07-10T00:01:17.464023+00:00,111.2,20,ask,YieldingYams,Lachy Miller,14440877
2026-07-10T00:01:18.002811,2026-07-10T00:01:18.006553+00:00,111.3,14,bid,Xuanyu Liu,WavyWalnuts,14440892
2026-07-10T00:01:18.612074,2026-07-10T00:01:18.619728+00:00,111.2,200,ask,YieldingYams,WavyWalnuts,14440914
2026-07-10T00:01:18.726084,2026-07-10T00:01:18.734210+00:00,111.2,40,ask,Andy Garg,YieldingYams,14440920
2026-07-10T00:01:18.726084,2026-07-10T00:01:18.734210+00:00,111.2,5,ask,Xinhong Shan,YieldingYams,14440921
2026-07-10T00:01:18.746923,2026-07-10T00:01:18.750609+00:00,111.1,3,bid,Xuanyu Liu,YieldingYams,14440923
2026-07-10T00:01:18.847587,2026-07-10T00:01:18.853684+00:00,111.1,40,bid,Andy Garg,YieldingYams,14440926
2026-07-10T00:01:18.867170,2026-07-10T00:01:18.878723+00:00,111.1,43,bid,Lachy Miller,YieldingYams,14440927
2026-07-10T00:01:21.211477,2026-07-10T00:01:21.215360+00:00,111.0,3,ask,Xinhong Shan,Xuanyu Liu,14440973
2026-07-10T00:01:21.303522,2026-07-10T00:01:21.313079+00:00,111.0,2,ask,Xinhong Shan,Andy Garg,14440977
2026-07-10T00:01:21.303522,2026-07-10T00:01:21.313079+00:00,111.0,38,ask,WavyWalnuts,Andy Garg,14440978
2026-07-10T00:01:21.365164,2026-07-10T00:01:21.375893+00:00,111.1,2,bid,YieldingYams,Kelvin Chan,14440981
2026-07-10T00:01:21.365164,2026-07-10T00:01:21.375893+00:00,111.1,5,bid,YieldingYams,Xinhong Shan,14440982
2026-07-10T00:01:22.679135,2026-07-10T00:01:22.690847+00:00,111.2,2,bid,YieldingYams,Kelvin Chan,14440999
2026-07-10T00:01:22.679135,2026-07-10T00:01:22.690847+00:00,111.2,5,bid,YieldingYams,Xinhong Shan,14441000
2026-07-10T00:01:22.679135,2026-07-10T00:01:22.690847+00:00,111.3,40,bid,YieldingYams,Andy Garg,14441001
2026-07-10T00:01:22.679135,2026-07-10T00:01:22.696115+00:00,111.3,200,bid,YieldingYams,WavyWalnuts,14441002
2026-07-10T00:01:22.679135,2026-07-10T00:01:22.696115+00:00,111.3,378,bid,YieldingYams,AverageAlmonds,14441003
2026-07-10T00:01:22.901994,2026-07-10T00:01:22.913368+00:00,111.1,5,ask,Xinhong Shan,BrilliantBurritos,14441010
2026-07-10T00:01:23.177719,2026-07-10T00:01:23.189976+00:00,111.0,20,ask,WavyWalnuts,BrilliantBurritos,14441018
2026-07-10T00:01:23.469742,2026-07-10T00:01:23.474037+00:00,111.2,3,ask,WavyWalnuts,Xuanyu Liu,14441029
2026-07-10T00:01:23.487373,2026-07-10T00:01:23.494476+00:00,111.2,23,ask,WavyWalnuts,Lachy Miller,14441030
2026-07-10T00:01:27.933445,2026-07-10T00:01:27.943023+00:00,111.2,5,ask,Xinhong Shan,YieldingYams,14441110
2026-07-10T00:01:27.933445,2026-07-10T00:01:27.943023+00:00,111.2,200,ask,WavyWalnuts,YieldingYams,14441111
2026-07-10T00:01:27.945914,2026-07-10T00:01:27.953489+00:00,111.1,5,bid,Xinhong Shan,YieldingYams,14441112
2026-07-10T00:01:28.611411,2026-07-10T00:01:28.617825+00:00,111.1,415,bid,AverageAlmonds,YieldingYams,14441119
2026-07-10T00:01:28.611411,2026-07-10T00:01:28.623318+00:00,111.1,85,bid,AverageAlmonds,WavyWalnuts,14441120
2026-07-10T00:01:29.204890,2026-07-10T00:01:29.214278+00:00,111.1,115,bid,AverageAlmonds,WavyWalnuts,14441125
2026-07-10T00:01:29.204890,2026-07-10T00:01:29.214278+00:00,111.1,5,bid,AverageAlmonds,Xinhong Shan,14441126
2026-07-10T00:01:29.241710,2026-07-10T00:01:29.253259+00:00,111.3,6,bid,YieldingYams,Kelvin Chan,14441127
2026-07-10T00:01:30.714832,2026-07-10T00:01:30.725327+00:00,111.4,3,bid,WavyWalnuts,Kelvin Chan,14441149
2026-07-10T00:01:30.714832,2026-07-10T00:01:30.725327+00:00,111.4,5,bid,WavyWalnuts,Xinhong Shan,14441150
2026-07-10T00:01:30.714832,2026-07-10T00:01:30.725327+00:00,111.4,192,bid,WavyWalnuts,YieldingYams,14441151
2026-07-10T00:01:31.860848,2026-07-10T00:01:31.868217+00:00,111.4,5,bid,YieldingYams,Xinhong Shan,14441167
2026-07-10T00:01:31.879123,2026-07-10T00:01:31.882976+00:00,111.4,5,ask,YieldingYams,Xuanyu Liu,14441169
2026-07-10T00:01:31.930973,2026-07-10T00:01:31.940584+00:00,111.4,200,ask,YieldingYams,WavyWalnuts,14441171
2026-07-10T00:01:33.137146,2026-07-10T00:01:33.146246+00:00,111.5,1,bid,WavyWalnuts,Kelvin Chan,14441206
2026-07-10T00:01:33.137146,2026-07-10T00:01:33.146246+00:00,111.5,199,bid,WavyWalnuts,AverageAlmonds,14441207
2026-07-10T00:01:34.480715,2026-07-10T00:01:34.486862+00:00,111.4,5,ask,Xinhong Shan,YieldingYams,14441222
2026-07-10T00:01:35.786813,2026-07-10T00:01:35.796095+00:00,111.3,5,ask,Xinhong Shan,BrilliantBurritos,14441243
2026-07-10T00:01:36.775107,2026-07-10T00:01:36.783353+00:00,111.3,200,ask,YieldingYams,WavyWalnuts,14441256
2026-07-10T00:01:39.200682,2026-07-10T00:01:39.207438+00:00,111.3,5,ask,Xinhong Shan,WavyWalnuts,14441287
2026-07-10T00:01:39.200682,2026-07-10T00:01:39.212662+00:00,111.3,195,ask,YieldingYams,WavyWalnuts,14441288
2026-07-10T00:01:40.230195,2026-07-10T00:01:40.235078+00:00,111.3,5,ask,Xinhong Shan,Xuanyu Liu,14441303
2026-07-10T00:01:40.241719,2026-07-10T00:01:40.246162+00:00,111.2,1,ask,YieldingYams,Xuanyu Liu,14441305
2026-07-10T00:01:40.349859,2026-07-10T00:01:40.356018+00:00,111.2,25,ask,YieldingYams,Lachy Miller,14441306
2026-07-10T00:01:42.373094,2026-07-10T00:01:42.381284+00:00,111.2,5,ask,Xinhong Shan,YieldingYams,14441336
2026-07-10T00:01:42.833912,2026-07-10T00:01:42.842683+00:00,111.1,5,ask,Xinhong Shan,WavyWalnuts,14441341
2026-07-10T00:01:43.163482,2026-07-10T00:01:43.174518+00:00,111.1,195,bid,AverageAlmonds,WavyWalnuts,14441346
2026-07-10T00:01:43.383840,2026-07-10T00:01:43.387840+00:00,111.1,23,ask,AverageAlmonds,Xuanyu Liu,14441353
2026-07-10T00:01:43.565525,2026-07-10T00:01:43.571892+00:00,111.1,49,ask,AverageAlmonds,Lachy Miller,14441355
2026-07-10T00:01:44.044578,2026-07-10T00:01:44.058612+00:00,111.1,5,ask,Xinhong Shan,WavyWalnuts,14441365
2026-07-10T00:01:44.369317,2026-07-10T00:01:44.380404+00:00,111.1,195,bid,AverageAlmonds,WavyWalnuts,14441368
2026-07-10T00:01:46.309140,2026-07-10T00:01:46.315858+00:00,111.1,200,ask,WavyWalnuts,YieldingYams,14441399
2026-07-10T00:01:46.309140,2026-07-10T00:01:46.320859+00:00,111.1,5,ask,Xinhong Shan,YieldingYams,14441400
2026-07-10T00:01:46.309140,2026-07-10T00:01:46.320859+00:00,111.1,1,ask,Kelvin Chan,YieldingYams,14441401
2026-07-10T00:01:46.309140,2026-07-10T00:01:46.320859+00:00,111.1,419,ask,AverageAlmonds,YieldingYams,14441402
2026-07-10T00:01:46.441675,2026-07-10T00:01:46.458573+00:00,111.2,5,bid,BrilliantBurritos,Xinhong Shan,14441407
2026-07-10T00:01:47.402538,2026-07-10T00:01:47.406483+00:00,111.2,12,ask,AverageAlmonds,Xuanyu Liu,14441422
2026-07-10T00:01:47.620120,2026-07-10T00:01:47.630185+00:00,111.3,200,bid,YieldingYams,WavyWalnuts,14441427
2026-07-10T00:01:47.620120,2026-07-10T00:01:47.630185+00:00,111.3,5,bid,YieldingYams,Xinhong Shan,14441428
2026-07-10T00:01:47.636003,2026-07-10T00:01:47.640218+00:00,111.3,11,ask,YieldingYams,Xuanyu Liu,14441430
2026-07-10T00:01:48.881796,2026-07-10T00:01:48.892275+00:00,111.3,200,ask,YieldingYams,WavyWalnuts,14441450
2026-07-10T00:01:48.933883,2026-07-10T00:01:48.944950+00:00,111.3,5,ask,Xinhong Shan,YieldingYams,14441452
2026-07-10T00:01:48.933883,2026-07-10T00:01:48.944950+00:00,111.2,500,ask,AverageAlmonds,YieldingYams,14441453
2026-07-10T00:01:49.211110,2026-07-10T00:01:49.220492+00:00,111.2,120,bid,AverageAlmonds,YieldingYams,14441461
2026-07-10T00:01:51.562850,2026-07-10T00:01:51.574500+00:00,111.3,5,ask,Xinhong Shan,YieldingYams,14441506
2026-07-10T00:01:52.871242,2026-07-10T00:01:52.879073+00:00,111.3,5,bid,YieldingYams,Xinhong Shan,14441523
2026-07-10T00:01:54.928683,2026-07-10T00:01:54.939908+00:00,111.3,200,ask,YieldingYams,WavyWalnuts,14441560
2026-07-10T00:01:55.492797,2026-07-10T00:01:55.503225+00:00,111.3,5,ask,Xinhong Shan,YieldingYams,14441571
2026-07-10T00:02:00.765241,2026-07-10T00:02:00.775518+00:00,111.2,5,ask,Xinhong Shan,YieldingYams,14441672
2026-07-10T00:02:00.996845,2026-07-10T00:02:01.005976+00:00,111.2,200,bid,WavyWalnuts,YieldingYams,14441678
2026-07-10T00:02:01.491428,2026-07-10T00:02:01.501144+00:00,111.2,20,bid,BrilliantBurritos,YieldingYams,14441686
2026-07-10T00:02:02.207777,2026-07-10T00:02:02.214844+00:00,111.2,5,bid,WavyWalnuts,Xinhong Shan,14441693
2026-07-10T00:02:02.207777,2026-07-10T00:02:02.220298+00:00,111.2,195,bid,WavyWalnuts,YieldingYams,14441694
2026-07-10T00:02:03.419320,2026-07-10T00:02:03.428526+00:00,111.2,5,bid,WavyWalnuts,Xinhong Shan,14441716
2026-07-10T00:02:05.516105,2026-07-10T00:02:05.520623+00:00,111.2,23,ask,WavyWalnuts,Xuanyu Liu,14441755
2026-07-10T00:02:11.259522,2026-07-10T00:02:11.271220+00:00,111.3,5,bid,YieldingYams,Xinhong Shan,14441874
2026-07-10T00:02:13.887313,2026-07-10T00:02:13.894195+00:00,111.4,200,bid,YieldingYams,WavyWalnuts,14441922
2026-07-10T00:02:13.887313,2026-07-10T00:02:13.899237+00:00,111.4,5,bid,YieldingYams,Xinhong Shan,14441923
2026-07-10T00:02:14.332379,2026-07-10T00:02:14.340532+00:00,111.4,200,ask,YieldingYams,WavyWalnuts,14441936
2026-07-10T00:02:14.958861,2026-07-10T00:02:14.966683+00:00,111.5,1,bid,Xuanyu Liu,Kelvin Chan,14441945
2026-07-10T00:02:14.958861,2026-07-10T00:02:14.966683+00:00,111.5,5,bid,Xuanyu Liu,Xinhong Shan,14441946
2026-07-10T00:02:14.958861,2026-07-10T00:02:14.966683+00:00,111.5,17,bid,Xuanyu Liu,AverageAlmonds,14441947
2026-07-10T00:02:17.838771,2026-07-10T00:02:17.845525+00:00,111.4,200,ask,WavyWalnuts,YieldingYams,14442002
2026-07-10T00:02:17.838771,2026-07-10T00:02:17.850552+00:00,111.4,5,ask,Xinhong Shan,YieldingYams,14442003
2026-07-10T00:02:17.857553,2026-07-10T00:02:17.862473+00:00,111.3,23,bid,Xuanyu Liu,YieldingYams,14442005
2026-07-10T00:02:17.963289,2026-07-10T00:02:17.972191+00:00,111.3,200,bid,WavyWalnuts,YieldingYams,14442006
2026-07-10T00:02:18.199143,2026-07-10T00:02:18.205397+00:00,111.1,2,ask,Kelvin Chan,Xuanyu Liu,14442013
2026-07-10T00:02:18.199143,2026-07-10T00:02:18.205397+00:00,111.1,10,ask,YieldingYams,Xuanyu Liu,14442014
2026-07-10T00:02:18.273542,2026-07-10T00:02:18.277911+00:00,111.2,10,ask,Kelvin Chan,Xuanyu Liu,14442016
2026-07-10T00:02:18.318721,2026-07-10T00:02:18.322839+00:00,111.2,1,ask,Kelvin Chan,Xuanyu Liu,14442018
2026-07-10T00:02:19.159369,2026-07-10T00:02:19.181648+00:00,111.3,5,bid,YieldingYams,Xinhong Shan,14442029
2026-07-10T00:02:19.159369,2026-07-10T00:02:19.181648+00:00,111.4,500,bid,YieldingYams,AverageAlmonds,14442030
2026-07-10T00:02:19.177430,2026-07-10T00:02:19.181648+00:00,111.4,23,ask,YieldingYams,Xuanyu Liu,14442032
2026-07-10T00:02:20.115844,2026-07-10T00:02:20.126235+00:00,111.4,97,ask,YieldingYams,AverageAlmonds,14442048
2026-07-10T00:02:20.115844,2026-07-10T00:02:20.126235+00:00,111.4,5,ask,Xinhong Shan,AverageAlmonds,14442049
2026-07-10T00:02:20.481101,2026-07-10T00:02:20.490531+00:00,111.3,200,ask,WavyWalnuts,YieldingYams,14442061
2026-07-10T00:02:20.481101,2026-07-10T00:02:20.490531+00:00,111.3,5,ask,Xinhong Shan,YieldingYams,14442062
2026-07-10T00:02:21.286920,2026-07-10T00:02:21.290407+00:00,111.3,12,bid,Xuanyu Liu,YieldingYams,14442090
2026-07-10T00:02:24.444870,2026-07-10T00:02:24.462911+00:00,111.2,2,ask,Kelvin Chan,YieldingYams,14442156
2026-07-10T00:02:24.444870,2026-07-10T00:02:24.462911+00:00,111.2,5,ask,Xinhong Shan,YieldingYams,14442157
2026-07-10T00:02:24.458764,2026-07-10T00:02:24.462911+00:00,111.2,45,bid,Xuanyu Liu,YieldingYams,14442161
2026-07-10T00:02:24.468481,2026-07-10T00:02:24.472697+00:00,111.2,12,bid,Xuanyu Liu,YieldingYams,14442163
2026-07-10T00:02:25.248380,2026-07-10T00:02:25.258601+00:00,111.1,10,ask,Kelvin Chan,WavyWalnuts,14442169
2026-07-10T00:02:25.248380,2026-07-10T00:02:25.258601+00:00,111.1,5,ask,Xinhong Shan,WavyWalnuts,14442170
2026-07-10T00:02:25.248380,2026-07-10T00:02:25.258601+00:00,111.0,185,ask,YieldingYams,WavyWalnuts,14442171
2026-07-10T00:02:27.066713,2026-07-10T00:02:27.088911+00:00,111.1,6,ask,Kelvin Chan,YieldingYams,14442203
2026-07-10T00:02:27.066713,2026-07-10T00:02:27.088911+00:00,111.1,5,ask,Xinhong Shan,YieldingYams,14442204
2026-07-10T00:02:27.085121,2026-07-10T00:02:27.088911+00:00,111.1,11,bid,Xuanyu Liu,YieldingYams,14442208
2026-07-10T00:02:27.676721,2026-07-10T00:02:27.680146+00:00,111.0,6,ask,Kelvin Chan,Xuanyu Liu,14442224
2026-07-10T00:02:27.685508,2026-07-10T00:02:27.688885+00:00,111.0,5,ask,Kelvin Chan,Xuanyu Liu,14442226
2026-07-10T00:02:27.780931,2026-07-10T00:02:27.784608+00:00,111.0,5,ask,Xinhong Shan,Xuanyu Liu,14442229
2026-07-10T00:02:30.090885,2026-07-10T00:02:30.108779+00:00,111.0,4,bid,WavyWalnuts,Xinhong Shan,14442274
2026-07-10T00:02:30.104852,2026-07-10T00:02:30.108779+00:00,111.0,7,ask,WavyWalnuts,Xuanyu Liu,14442276
2026-07-10T00:02:31.312595,2026-07-10T00:02:31.321595+00:00,111.0,5,ask,Xinhong Shan,WavyWalnuts,14442295
2026-07-10T00:02:33.732557,2026-07-10T00:02:33.743883+00:00,110.9,4,ask,Kelvin Chan,WavyWalnuts,14442336
2026-07-10T00:02:33.732557,2026-07-10T00:02:33.743883+00:00,110.9,4,ask,Xinhong Shan,WavyWalnuts,14442337
2026-07-10T00:02:33.732557,2026-07-10T00:02:33.743883+00:00,110.9,192,ask,YieldingYams,WavyWalnuts,14442338
2026-07-10T00:02:34.052834,2026-07-10T00:02:34.056790+00:00,110.9,11,ask,YieldingYams,Xuanyu Liu,14442344
2026-07-10T00:02:34.945245,2026-07-10T00:02:34.953325+00:00,110.9,200,ask,YieldingYams,WavyWalnuts,14442359
2026-07-10T00:02:36.155095,2026-07-10T00:02:36.156599+00:00,110.9,5,ask,Kelvin Chan,WavyWalnuts,14442380
2026-07-10T00:02:36.155095,2026-07-10T00:02:36.169087+00:00,110.9,4,ask,Xinhong Shan,WavyWalnuts,14442381
2026-07-10T00:02:37.277381,2026-07-10T00:02:37.284417+00:00,110.9,20,bid,BrilliantBurritos,WavyWalnuts,14442400
2026-07-10T00:02:38.574516,2026-07-10T00:02:38.585512+00:00,110.9,4,bid,WavyWalnuts,Xinhong Shan,14442419
2026-07-10T00:02:39.787856,2026-07-10T00:02:39.794361+00:00,111.0,200,bid,WavyWalnuts,YieldingYams,14442439
2026-07-10T00:02:40.997267,2026-07-10T00:02:41.006709+00:00,111.0,4,bid,WavyWalnuts,Xinhong Shan,14442458
2026-07-10T00:02:40.997267,2026-07-10T00:02:41.006709+00:00,111.0,196,bid,WavyWalnuts,YieldingYams,14442459
2026-07-10T00:02:44.157136,2026-07-10T00:02:44.163686+00:00,111.0,4,bid,YieldingYams,Xinhong Shan,14442510
2026-07-10T00:02:44.157136,2026-07-10T00:02:44.168864+00:00,111.0,200,bid,YieldingYams,WavyWalnuts,14442511
2026-07-10T00:02:44.157136,2026-07-10T00:02:44.168864+00:00,111.1,11,bid,YieldingYams,Kelvin Chan,14442512
2026-07-10T00:02:44.631666,2026-07-10T00:02:44.640342+00:00,111.1,200,ask,YieldingYams,WavyWalnuts,14442526
2026-07-10T00:02:45.416653,2026-07-10T00:02:45.428322+00:00,111.1,20,ask,YieldingYams,BrilliantBurritos,14442536
2026-07-10T00:02:45.474477,2026-07-10T00:02:45.483141+00:00,111.1,5,ask,Xinhong Shan,YieldingYams,14442537
2026-07-10T00:02:45.839648,2026-07-10T00:02:45.848758+00:00,111.0,200,bid,WavyWalnuts,YieldingYams,14442541
2026-07-10T00:02:46.801449,2026-07-10T00:02:46.810433+00:00,111.0,4,bid,YieldingYams,Xinhong Shan,14442564
2026-07-10T00:02:47.054276,2026-07-10T00:02:47.058621+00:00,111.1,200,ask,YieldingYams,WavyWalnuts,14442572
2026-07-10T00:02:48.122503,2026-07-10T00:02:48.131422+00:00,111.1,5,ask,Xinhong Shan,YieldingYams,14442594
2026-07-10T00:02:49.817430,2026-07-10T00:02:49.821372+00:00,111.0,34,bid,Xuanyu Liu,YieldingYams,14442616
2026-07-10T00:02:50.687084,2026-07-10T00:02:50.694980+00:00,110.9,4,ask,Xinhong Shan,WavyWalnuts,14442641
2026-07-10T00:02:50.687084,2026-07-10T00:02:50.694980+00:00,110.8,1,ask,Kelvin Chan,WavyWalnuts,14442642
2026-07-10T00:02:50.687084,2026-07-10T00:02:50.700389+00:00,110.8,195,ask,YieldingYams,WavyWalnuts,14442643
2026-07-10T00:02:50.761605,2026-07-10T00:02:50.765419+00:00,110.9,3,bid,Xuanyu Liu,YieldingYams,14442646
2026-07-10T00:02:51.588600,2026-07-10T00:02:51.595224+00:00,110.9,20,bid,BrilliantBurritos,YieldingYams,14442658
2026-07-10T00:02:51.899467,2026-07-10T00:02:51.906142+00:00,110.8,40,ask,Andy Garg,WavyWalnuts,14442669
2026-07-10T00:02:51.899467,2026-07-10T00:02:51.911439+00:00,110.8,4,ask,Xinhong Shan,WavyWalnuts,14442670
2026-07-10T00:02:51.899467,2026-07-10T00:02:51.911439+00:00,110.8,156,ask,AverageAlmonds,WavyWalnuts,14442671
2026-07-10T00:02:52.054769,2026-07-10T00:02:52.058586+00:00,110.8,344,ask,AverageAlmonds,YieldingYams,14442675
2026-07-10T00:02:52.170976,2026-07-10T00:02:52.179222+00:00,110.8,281,bid,AverageAlmonds,YieldingYams,14442677
2026-07-10T00:02:53.372908,2026-07-10T00:02:53.381150+00:00,110.9,4,bid,YieldingYams,Xinhong Shan,14442709
2026-07-10T00:02:53.372908,2026-07-10T00:02:53.386349+00:00,110.9,200,bid,YieldingYams,WavyWalnuts,14442710
2026-07-10T00:02:54.320354,2026-07-10T00:02:54.327331+00:00,111.0,200,ask,YieldingYams,WavyWalnuts,14442731
2026-07-10T00:02:54.695527,2026-07-10T00:02:54.703710+00:00,111.0,4,ask,Xinhong Shan,YieldingYams,14442740
2026-07-10T00:02:54.695527,2026-07-10T00:02:54.703710+00:00,110.9,500,ask,AverageAlmonds,YieldingYams,14442741
2026-07-10T00:02:55.209611,2026-07-10T00:02:55.216025+00:00,110.9,121,bid,AverageAlmonds,YieldingYams,14442749
2026-07-10T00:02:55.527006,2026-07-10T00:02:55.534855+00:00,110.9,200,ask,AverageAlmonds,WavyWalnuts,14442757
2026-07-10T00:02:56.735918,2026-07-10T00:02:56.742871+00:00,111.0,200,ask,YieldingYams,WavyWalnuts,14442794
2026-07-10T00:02:57.320389,2026-07-10T00:02:57.329236+00:00,111.0,4,ask,Xinhong Shan,YieldingYams,14442803
2026-07-10T00:02:57.657856,2026-07-10T00:02:57.669367+00:00,111.0,40,bid,Andy Garg,YieldingYams,14442809
2026-07-10T00:02:57.945494,2026-07-10T00:02:57.958613+00:00,110.9,4,ask,Xinhong Shan,WavyWalnuts,14442815
2026-07-10T00:02:57.945494,2026-07-10T00:02:57.958613+00:00,110.9,196,ask,AverageAlmonds,WavyWalnuts,14442816
2026-07-10T00:02:58.429814,2026-07-10T00:02:58.441398+00:00,110.9,20,ask,AverageAlmonds,BrilliantBurritos,14442828
2026-07-10T00:02:59.157317,2026-07-10T00:02:59.164972+00:00,111.0,200,bid,WavyWalnuts,YieldingYams,14442842
2026-07-10T00:02:59.788491,2026-07-10T00:02:59.799931+00:00,111.0,20,bid,BrilliantBurritos,YieldingYams,14442849
2026-07-10T00:03:00.892834,2026-07-10T00:03:00.904120+00:00,110.9,40,ask,YieldingYams,Andy Garg,14442867
2026-07-10T00:03:01.280124,2026-07-10T00:03:01.289649+00:00,111.0,4,bid,YieldingYams,Xinhong Shan,14442875
2026-07-10T00:03:02.596742,2026-07-10T00:03:02.604061+00:00,111.1,200,bid,YieldingYams,WavyWalnuts,14442903
2026-07-10T00:03:02.596742,2026-07-10T00:03:02.609300+00:00,111.1,4,bid,YieldingYams,Xinhong Shan,14442904
2026-07-10T00:03:02.784355,2026-07-10T00:03:02.795560+00:00,111.1,200,ask,YieldingYams,WavyWalnuts,14442908
2026-07-10T00:03:03.913308,2026-07-10T00:03:03.921090+00:00,111.1,4,ask,Xinhong Shan,YieldingYams,14442937
2026-07-10T00:03:03.922894,2026-07-10T00:03:03.934089+00:00,111.0,99,bid,Lachy Miller,YieldingYams,14442938
2026-07-10T00:03:03.980167,2026-07-10T00:03:03.991737+00:00,111.0,40,bid,Andy Garg,YieldingYams,14442942
2026-07-10T00:03:04.132487,2026-07-10T00:03:04.139319+00:00,111.0,6,bid,Lachy Miller,YieldingYams,14442943
2026-07-10T00:03:05.203524,2026-07-10T00:03:05.214331+00:00,110.8,2,ask,Kelvin Chan,WavyWalnuts,14442959
2026-07-10T00:03:05.203524,2026-07-10T00:03:05.214331+00:00,110.8,198,ask,YieldingYams,WavyWalnuts,14442960
2026-07-10T00:03:05.394526,2026-07-10T00:03:05.406070+00:00,111.0,4,bid,Andy Garg,Xinhong Shan,14442966
2026-07-10T00:03:05.436437,2026-07-10T00:03:05.448159+00:00,110.9,20,ask,YieldingYams,BrilliantBurritos,14442967
2026-07-10T00:03:06.214483,2026-07-10T00:03:06.226206+00:00,110.9,40,ask,YieldingYams,Andy Garg,14442991
2026-07-10T00:03:06.415717,2026-07-10T00:03:06.427154+00:00,110.9,200,ask,YieldingYams,WavyWalnuts,14442995
2026-07-10T00:03:06.543369,2026-07-10T00:03:06.552802+00:00,110.9,4,ask,Xinhong Shan,YieldingYams,14443001
2026-07-10T00:03:08.294481,2026-07-10T00:03:08.301454+00:00,110.8,20,ask,WavyWalnuts,BrilliantBurritos,14443029
2026-07-10T00:03:10.049793,2026-07-10T00:03:10.058578+00:00,110.9,4,bid,WavyWalnuts,Xinhong Shan,14443067
2026-07-10T00:03:10.470915,2026-07-10T00:03:10.481409+00:00,110.9,196,ask,WavyWalnuts,YieldingYams,14443082
2026-07-10T00:03:10.470915,2026-07-10T00:03:10.481409+00:00,110.8,1,ask,Kelvin Chan,YieldingYams,14443083
2026-07-10T00:03:10.470915,2026-07-10T00:03:10.481409+00:00,110.8,4,ask,Xinhong Shan,YieldingYams,14443084
2026-07-10T00:03:10.470915,2026-07-10T00:03:10.486793+00:00,110.8,424,ask,AverageAlmonds,YieldingYams,14443085
2026-07-10T00:03:12.545274,2026-07-10T00:03:12.554653+00:00,110.9,4,ask,YieldingYams,Andy Garg,14443118
2026-07-10T00:03:13.377652,2026-07-10T00:03:13.387361+00:00,111.0,500,bid,AverageAlmonds,YieldingYams,14443132
2026-07-10T00:03:14.405570,2026-07-10T00:03:14.412950+00:00,111.0,4,bid,YieldingYams,Xinhong Shan,14443150
2026-07-10T00:03:14.405570,2026-07-10T00:03:14.418131+00:00,111.1,200,bid,YieldingYams,WavyWalnuts,14443151
2026-07-10T00:03:14.564551,2026-07-10T00:03:14.575737+00:00,111.1,6,ask,YieldingYams,Lachy Miller,14443157
2026-07-10T00:03:20.966992,2026-07-10T00:03:20.974161+00:00,111.2,2,bid,Andy Garg,Kelvin Chan,14443291
2026-07-10T00:03:20.966992,2026-07-10T00:03:20.979151+00:00,111.2,4,bid,Andy Garg,Xinhong Shan,14443292
2026-07-10T00:03:20.966992,2026-07-10T00:03:20.979151+00:00,111.2,34,bid,Andy Garg,WavyWalnuts,14443293
2026-07-10T00:03:22.273352,2026-07-10T00:03:22.284577+00:00,111.1,4,ask,Xinhong Shan,YieldingYams,14443326
2026-07-10T00:03:22.273352,2026-07-10T00:03:22.284577+00:00,111.1,200,ask,WavyWalnuts,YieldingYams,14443327
2026-07-10T00:03:23.588138,2026-07-10T00:03:23.596892+00:00,111.0,200,ask,WavyWalnuts,YieldingYams,14443350
2026-07-10T00:03:23.588138,2026-07-10T00:03:23.596892+00:00,111.0,4,ask,Xinhong Shan,YieldingYams,14443351
2026-07-10T00:03:23.588138,2026-07-10T00:03:23.602155+00:00,110.9,421,ask,AverageAlmonds,YieldingYams,14443352
2026-07-10T00:03:25.276629,2026-07-10T00:03:25.283674+00:00,111.0,40,ask,WavyWalnuts,Andy Garg,14443397
2026-07-10T00:03:27.534824,2026-07-10T00:03:27.543264+00:00,111.1,4,bid,YieldingYams,Xinhong Shan,14443432
2026-07-10T00:03:27.534824,2026-07-10T00:03:27.543264+00:00,111.1,200,bid,YieldingYams,WavyWalnuts,14443433
2026-07-10T00:03:27.534824,2026-07-10T00:03:27.558896+00:00,111.2,2,bid,YieldingYams,Kelvin Chan,14443434
2026-07-10T00:03:27.554925,2026-07-10T00:03:27.558896+00:00,111.2,3,ask,YieldingYams,Xuanyu Liu,14443436
2026-07-10T00:03:28.849405,2026-07-10T00:03:28.858607+00:00,111.3,11,bid,YieldingYams,Kelvin Chan,14443456
2026-07-10T00:03:28.849405,2026-07-10T00:03:28.858607+00:00,111.3,4,bid,YieldingYams,Xinhong Shan,14443457
2026-07-10T00:03:29.439523,2026-07-10T00:03:29.447814+00:00,111.3,200,ask,YieldingYams,WavyWalnuts,14443477
2026-07-10T00:03:30.648233,2026-07-10T00:03:30.658608+00:00,111.3,200,ask,YieldingYams,WavyWalnuts,14443500
2026-07-10T00:03:33.065992,2026-07-10T00:03:33.081749+00:00,111.4,1,bid,WavyWalnuts,Kelvin Chan,14443532
2026-07-10T00:03:33.065992,2026-07-10T00:03:33.081749+00:00,111.4,4,bid,WavyWalnuts,Xinhong Shan,14443533
2026-07-10T00:03:33.065992,2026-07-10T00:03:33.081749+00:00,111.4,195,bid,WavyWalnuts,YieldingYams,14443534
2026-07-10T00:03:34.091288,2026-07-10T00:03:34.102693+00:00,111.4,4,bid,YieldingYams,Xinhong Shan,14443554
2026-07-10T00:03:34.091288,2026-07-10T00:03:34.102693+00:00,111.4,500,bid,YieldingYams,AverageAlmonds,14443555
2026-07-10T00:03:34.305544,2026-07-10T00:03:34.317063+00:00,111.5,20,ask,WavyWalnuts,BrilliantBurritos,14443559
2026-07-10T00:03:34.554155,2026-07-10T00:03:34.584981+00:00,111.5,180,ask,WavyWalnuts,AverageAlmonds,14443566
2026-07-10T00:03:34.554155,2026-07-10T00:03:34.584981+00:00,111.4,121,ask,YieldingYams,AverageAlmonds,14443567
2026-07-10T00:03:34.580834,2026-07-10T00:03:34.584981+00:00,111.4,3,bid,Xuanyu Liu,AverageAlmonds,14443570
2026-07-10T00:03:35.162716,2026-07-10T00:03:35.173919+00:00,111.3,4,ask,Xinhong Shan,AverageAlmonds,14443578
2026-07-10T00:03:35.484004,2026-07-10T00:03:35.492806+00:00,111.3,200,bid,WavyWalnuts,AverageAlmonds,14443580
2026-07-10T00:03:35.865826,2026-07-10T00:03:35.876734+00:00,111.3,40,bid,Andy Garg,AverageAlmonds,14443587
2026-07-10T00:03:36.693244,2026-07-10T00:03:36.702494+00:00,111.4,6,bid,WavyWalnuts,Kelvin Chan,14443596
2026-07-10T00:03:36.693244,2026-07-10T00:03:36.702494+00:00,111.4,194,bid,WavyWalnuts,YieldingYams,14443597
2026-07-10T00:03:37.904357,2026-07-10T00:03:37.913110+00:00,111.4,5,bid,WavyWalnuts,Kelvin Chan,14443618
2026-07-10T00:03:37.904357,2026-07-10T00:03:37.918296+00:00,111.4,195,bid,WavyWalnuts,AverageAlmonds,14443619
2026-07-10T00:03:38.811656,2026-07-10T00:03:38.819197+00:00,111.3,4,ask,Xinhong Shan,AverageAlmonds,14443631
2026-07-10T00:03:39.118877,2026-07-10T00:03:39.125565+00:00,111.3,200,bid,WavyWalnuts,AverageAlmonds,14443638
2026-07-10T00:03:39.336293,2026-07-10T00:03:39.348024+00:00,111.3,296,bid,YieldingYams,AverageAlmonds,14443640
2026-07-10T00:03:39.336293,2026-07-10T00:03:39.348024+00:00,111.3,4,bid,YieldingYams,Xinhong Shan,14443641
2026-07-10T00:03:40.330656,2026-07-10T00:03:40.341547+00:00,111.3,200,ask,YieldingYams,WavyWalnuts,14443659
2026-07-10T00:03:42.156173,2026-07-10T00:03:42.166131+00:00,111.4,3,bid,Andy Garg,Kelvin Chan,14443686
2026-07-10T00:03:42.156173,2026-07-10T00:03:42.166131+00:00,111.4,4,bid,Andy Garg,Xinhong Shan,14443687
2026-07-10T00:03:42.156173,2026-07-10T00:03:42.171300+00:00,111.4,33,bid,Andy Garg,YieldingYams,14443688
2026-07-10T00:03:42.753288,2026-07-10T00:03:42.758583+00:00,111.4,200,bid,WavyWalnuts,YieldingYams,14443704
2026-07-10T00:03:43.275984,2026-07-10T00:03:43.283214+00:00,111.4,3,bid,YieldingYams,Kelvin Chan,14443712
2026-07-10T00:03:43.275984,2026-07-10T00:03:43.288585+00:00,111.4,4,bid,YieldingYams,Xinhong Shan,14443713
2026-07-10T00:03:43.980317,2026-07-10T00:03:43.989540+00:00,111.4,200,ask,YieldingYams,WavyWalnuts,14443730
2026-07-10T00:03:45.191174,2026-07-10T00:03:45.197612+00:00,111.4,5,ask,Xinhong Shan,WavyWalnuts,14443752
2026-07-10T00:03:47.610865,2026-07-10T00:03:47.620662+00:00,111.3,4,ask,Xinhong Shan,WavyWalnuts,14443785
2026-07-10T00:03:48.820054,2026-07-10T00:03:48.828283+00:00,111.2,4,ask,Kelvin Chan,WavyWalnuts,14443801
2026-07-10T00:03:48.820054,2026-07-10T00:03:48.828283+00:00,111.2,4,ask,Xinhong Shan,WavyWalnuts,14443802
2026-07-10T00:03:52.466297,2026-07-10T00:03:52.476550+00:00,111.2,4,bid,YieldingYams,Xinhong Shan,14443869
2026-07-10T00:03:55.096232,2026-07-10T00:03:55.105129+00:00,111.2,4,ask,Xinhong Shan,YieldingYams,14443923
2026-07-10T00:03:55.096232,2026-07-10T00:03:55.105129+00:00,111.2,200,ask,WavyWalnuts,YieldingYams,14443924
2026-07-10T00:03:57.317971,2026-07-10T00:03:57.328747+00:00,111.1,1,ask,Kelvin Chan,WavyWalnuts,14443965
2026-07-10T00:03:57.317971,2026-07-10T00:03:57.328747+00:00,111.1,4,ask,Xinhong Shan,WavyWalnuts,14443966
2026-07-10T00:03:59.741355,2026-07-10T00:03:59.751064+00:00,111.0,10,ask,Kelvin Chan,WavyWalnuts,14444003
2026-07-10T00:03:59.741355,2026-07-10T00:03:59.751064+00:00,111.0,190,ask,YieldingYams,WavyWalnuts,14444004
2026-07-10T00:04:00.351897,2026-07-10T00:04:00.358584+00:00,111.0,4,ask,Xinhong Shan,YieldingYams,14444015
2026-07-10T00:04:00.351897,2026-07-10T00:04:00.358584+00:00,111.0,11,ask,Kelvin Chan,YieldingYams,14444016
2026-07-10T00:04:00.351897,2026-07-10T00:04:00.358584+00:00,110.9,500,ask,AverageAlmonds,YieldingYams,14444017
2026-07-10T00:04:00.376469,2026-07-10T00:04:00.380540+00:00,110.9,3,bid,Xuanyu Liu,YieldingYams,14444019
2026-07-10T00:04:00.489241,2026-07-10T00:04:00.495971+00:00,110.9,7,bid,Lachy Miller,YieldingYams,14444021
2026-07-10T00:04:00.585120,2026-07-10T00:04:00.593581+00:00,110.9,100,bid,AverageAlmonds,YieldingYams,14444028
2026-07-10T00:04:00.585120,2026-07-10T00:04:00.593581+00:00,110.9,4,bid,AverageAlmonds,Xinhong Shan,14444029
2026-07-10T00:04:02.163236,2026-07-10T00:04:02.173977+00:00,110.9,5,ask,Kelvin Chan,WavyWalnuts,14444061
2026-07-10T00:04:02.163236,2026-07-10T00:04:02.173977+00:00,110.9,4,ask,Xinhong Shan,WavyWalnuts,14444062
2026-07-10T00:04:02.163236,2026-07-10T00:04:02.173977+00:00,110.9,191,ask,YieldingYams,WavyWalnuts,14444063
2026-07-10T00:04:04.235580,2026-07-10T00:04:04.242954+00:00,111.0,500,bid,AverageAlmonds,YieldingYams,14444107
2026-07-10T00:04:04.281835,2026-07-10T00:04:04.289236+00:00,111.0,200,bid,YieldingYams,WavyWalnuts,14444111
2026-07-10T00:04:04.281835,2026-07-10T00:04:04.304161+00:00,111.0,4,bid,YieldingYams,Xinhong Shan,14444112
2026-07-10T00:04:04.300143,2026-07-10T00:04:04.304161+00:00,111.1,3,ask,YieldingYams,Xuanyu Liu,14444114
2026-07-10T00:04:04.580070,2026-07-10T00:04:04.588357+00:00,111.1,200,ask,YieldingYams,WavyWalnuts,14444118
2026-07-10T00:04:05.609382,2026-07-10T00:04:05.617178+00:00,111.1,4,ask,Xinhong Shan,YieldingYams,14444138
2026-07-10T00:04:06.385469,2026-07-10T00:04:06.396862+00:00,111.1,40,bid,Andy Garg,YieldingYams,14444153
2026-07-10T00:04:06.648316,2026-07-10T00:04:06.663950+00:00,111.1,500,bid,AverageAlmonds,YieldingYams,14444157
2026-07-10T00:04:06.918084,2026-07-10T00:04:06.928348+00:00,111.1,200,bid,YieldingYams,WavyWalnuts,14444162
2026-07-10T00:04:06.918084,2026-07-10T00:04:06.928348+00:00,111.1,4,bid,YieldingYams,Xinhong Shan,14444163
2026-07-10T00:04:07.467528,2026-07-10T00:04:07.474708+00:00,111.1,20,ask,YieldingYams,BrilliantBurritos,14444177
2026-07-10T00:04:08.230808,2026-07-10T00:04:08.242141+00:00,111.1,4,ask,Xinhong Shan,YieldingYams,14444188
2026-07-10T00:04:08.230808,2026-07-10T00:04:08.242141+00:00,111.1,500,ask,AverageAlmonds,YieldingYams,14444189
2026-07-10T00:04:09.417175,2026-07-10T00:04:09.429049+00:00,111.1,121,bid,WavyWalnuts,YieldingYams,14444208
2026-07-10T00:04:09.417175,2026-07-10T00:04:09.429049+00:00,111.1,4,bid,WavyWalnuts,Xinhong Shan,14444209
2026-07-10T00:04:11.847443,2026-07-10T00:04:11.854049+00:00,111.3,1,bid,WavyWalnuts,Kelvin Chan,14444259
2026-07-10T00:04:11.847443,2026-07-10T00:04:11.859080+00:00,111.3,4,bid,WavyWalnuts,Xinhong Shan,14444260
2026-07-10T00:04:13.481572,2026-07-10T00:04:13.491629+00:00,111.3,4,ask,Xinhong Shan,YieldingYams,14444287
2026-07-10T00:04:13.481572,2026-07-10T00:04:13.491629+00:00,111.3,200,ask,WavyWalnuts,YieldingYams,14444288
2026-07-10T00:04:13.498443,2026-07-10T00:04:13.502577+00:00,111.2,3,bid,Xuanyu Liu,YieldingYams,14444290
2026-07-10T00:04:13.528851,2026-07-10T00:04:13.540493+00:00,111.2,43,bid,Lachy Miller,YieldingYams,14444291
2026-07-10T00:04:13.947830,2026-07-10T00:04:13.958709+00:00,111.0,20,ask,YieldingYams,BrilliantBurritos,14444302
2026-07-10T00:04:14.265315,2026-07-10T00:04:14.272663+00:00,111.2,200,bid,WavyWalnuts,YieldingYams,14444306
2026-07-10T00:04:14.791425,2026-07-10T00:04:14.798280+00:00,111.2,4,bid,YieldingYams,Xinhong Shan,14444317
2026-07-10T00:04:16.685108,2026-07-10T00:04:16.691737+00:00,111.2,4,ask,Xinhong Shan,WavyWalnuts,14444355
2026-07-10T00:04:17.898669,2026-07-10T00:04:17.906492+00:00,111.1,4,ask,Xinhong Shan,WavyWalnuts,14444385
2026-07-10T00:04:17.898669,2026-07-10T00:04:17.911960+00:00,111.1,196,ask,YieldingYams,WavyWalnuts,14444386
2026-07-10T00:04:18.208461,2026-07-10T00:04:18.220072+00:00,111.2,4,bid,BrilliantBurritos,Xinhong Shan,14444390
2026-07-10T00:04:18.721938,2026-07-10T00:04:18.732935+00:00,111.1,4,ask,Xinhong Shan,YieldingYams,14444407
2026-07-10T00:04:18.738804,2026-07-10T00:04:18.742933+00:00,111.1,11,bid,Xuanyu Liu,YieldingYams,14444409
2026-07-10T00:04:23.661731,2026-07-10T00:04:23.669125+00:00,111.1,20,bid,BrilliantBurritos,YieldingYams,14444495
2026-07-10T00:04:23.947317,2026-07-10T00:04:23.958645+00:00,111.0,4,ask,Xinhong Shan,WavyWalnuts,14444500
2026-07-10T00:04:25.161334,2026-07-10T00:04:25.169089+00:00,110.9,1,ask,Kelvin Chan,WavyWalnuts,14444530
2026-07-10T00:04:25.161334,2026-07-10T00:04:25.174137+00:00,110.9,4,ask,Xinhong Shan,WavyWalnuts,14444531
2026-07-10T00:04:25.161334,2026-07-10T00:04:25.174137+00:00,110.9,195,ask,AverageAlmonds,WavyWalnuts,14444532
2026-07-10T00:04:25.447145,2026-07-10T00:04:25.454762+00:00,111.0,4,bid,AverageAlmonds,Xinhong Shan,14444541
2026-07-10T00:04:28.799457,2026-07-10T00:04:28.808423+00:00,111.0,4,ask,Xinhong Shan,WavyWalnuts,14444601
2026-07-10T00:04:28.799457,2026-07-10T00:04:28.808423+00:00,111.0,196,ask,AverageAlmonds,WavyWalnuts,14444602
2026-07-10T00:04:31.537125,2026-07-10T00:04:31.544485+00:00,111.0,20,bid,BrilliantBurritos,WavyWalnuts,14444660
2026-07-10T00:04:33.635273,2026-07-10T00:04:33.642360+00:00,111.0,4,bid,WavyWalnuts,Xinhong Shan,14444700
2026-07-10T00:04:34.930416,2026-07-10T00:04:34.941638+00:00,111.0,40,ask,YieldingYams,Andy Garg,14444725
2026-07-10T00:04:38.947974,2026-07-10T00:04:38.958613+00:00,111.2,20,bid,BrilliantBurritos,YieldingYams,14444803
2026-07-10T00:04:40.739801,2026-07-10T00:04:40.743624+00:00,111.1,11,ask,WavyWalnuts,Xuanyu Liu,14444818
2026-07-10T00:04:40.893116,2026-07-10T00:04:40.900184+00:00,111.2,200,bid,WavyWalnuts,YieldingYams,14444824
2026-07-10T00:04:42.104446,2026-07-10T00:04:42.112591+00:00,111.2,4,bid,WavyWalnuts,Xinhong Shan,14444838
2026-07-10T00:04:42.124337,2026-07-10T00:04:42.128662+00:00,111.2,3,ask,WavyWalnuts,Xuanyu Liu,14444840
2026-07-10T00:04:42.339164,2026-07-10T00:04:42.349474+00:00,111.2,193,ask,WavyWalnuts,YieldingYams,14444844
2026-07-10T00:04:42.339164,2026-07-10T00:04:42.349474+00:00,111.1,4,ask,Xinhong Shan,YieldingYams,14444845
2026-07-10T00:04:43.313580,2026-07-10T00:04:43.324458+00:00,111.1,200,bid,WavyWalnuts,YieldingYams,14444870
2026-07-10T00:04:43.994122,2026-07-10T00:04:44.005813+00:00,111.0,45,ask,YieldingYams,Lachy Miller,14444878
2026-07-10T00:04:44.962288,2026-07-10T00:04:44.968685+00:00,111.0,200,ask,WavyWalnuts,YieldingYams,14444897
2026-07-10T00:04:44.962288,2026-07-10T00:04:44.974045+00:00,111.0,425,ask,AverageAlmonds,YieldingYams,14444898
2026-07-10T00:04:45.094626,2026-07-10T00:04:45.106207+00:00,111.0,40,ask,AverageAlmonds,Andy Garg,14444903
2026-07-10T00:04:45.458941,2026-07-10T00:04:45.469004+00:00,111.1,4,bid,Andy Garg,Xinhong Shan,14444916
2026-07-10T00:04:45.734226,2026-07-10T00:04:45.743691+00:00,111.0,4,ask,Xinhong Shan,WavyWalnuts,14444924
2026-07-10T00:04:45.734226,2026-07-10T00:04:45.743691+00:00,110.9,1,ask,Kelvin Chan,WavyWalnuts,14444925
2026-07-10T00:04:45.734226,2026-07-10T00:04:45.749005+00:00,110.9,195,ask,AverageAlmonds,WavyWalnuts,14444926
2026-07-10T00:04:46.945902,2026-07-10T00:04:46.953760+00:00,111.0,200,ask,YieldingYams,WavyWalnuts,14444953
2026-07-10T00:04:47.586429,2026-07-10T00:04:47.595874+00:00,111.0,4,ask,Xinhong Shan,YieldingYams,14444968
2026-07-10T00:04:47.586429,2026-07-10T00:04:47.595874+00:00,110.9,1,ask,Kelvin Chan,YieldingYams,14444969
2026-07-10T00:04:47.586429,2026-07-10T00:04:47.614277+00:00,110.9,40,ask,Andy Garg,YieldingYams,14444970
2026-07-10T00:04:47.586429,2026-07-10T00:04:47.614277+00:00,110.9,500,ask,AverageAlmonds,YieldingYams,14444971
2026-07-10T00:04:47.609631,2026-07-10T00:04:47.614277+00:00,110.9,3,bid,Xuanyu Liu,YieldingYams,14444974
2026-07-10T00:04:47.828684,2026-07-10T00:04:47.837442+00:00,110.9,77,bid,AverageAlmonds,YieldingYams,14444979
2026-07-10T00:04:48.904757,2026-07-10T00:04:48.914090+00:00,111.1,200,bid,YieldingYams,WavyWalnuts,14445003
2026-07-10T00:04:48.904757,2026-07-10T00:04:48.919086+00:00,111.2,4,bid,YieldingYams,Xinhong Shan,14445004
2026-07-10T00:04:48.925174,2026-07-10T00:04:48.929185+00:00,111.2,3,ask,YieldingYams,Xuanyu Liu,14445006
2026-07-10T00:04:49.365893,2026-07-10T00:04:49.372026+00:00,111.2,200,ask,YieldingYams,WavyWalnuts,14445017
2026-07-10T00:04:50.572708,2026-07-10T00:04:50.581908+00:00,111.3,1,bid,WavyWalnuts,Kelvin Chan,14445039
2026-07-10T00:04:50.572708,2026-07-10T00:04:50.581908+00:00,111.3,4,bid,WavyWalnuts,Xinhong Shan,14445040
2026-07-10T00:04:50.572708,2026-07-10T00:04:50.587235+00:00,111.3,195,bid,WavyWalnuts,YieldingYams,14445041
2026-07-10T00:04:51.528584,2026-07-10T00:04:51.535708+00:00,111.3,8,bid,YieldingYams,Kelvin Chan,14445059
2026-07-10T00:04:51.528584,2026-07-10T00:04:51.541231+00:00,111.3,4,bid,YieldingYams,Xinhong Shan,14445060
2026-07-10T00:04:51.621824,2026-07-10T00:04:51.631674+00:00,111.3,5,ask,YieldingYams,Lachy Miller,14445063
2026-07-10T00:04:51.788189,2026-07-10T00:04:51.798497+00:00,111.3,200,ask,YieldingYams,WavyWalnuts,14445069
2026-07-10T00:04:52.404792,2026-07-10T00:04:52.416454+00:00,111.5,20,bid,BrilliantBurritos,YieldingYams,14445075
2026-07-10T00:04:52.995523,2026-07-10T00:04:53.003226+00:00,111.3,4,ask,Xinhong Shan,WavyWalnuts,14445096
2026-07-10T00:04:52.995523,2026-07-10T00:04:53.003226+00:00,111.3,196,ask,YieldingYams,WavyWalnuts,14445097
2026-07-10T00:04:53.427371,2026-07-10T00:04:53.431076+00:00,111.5,3,bid,Xuanyu Liu,YieldingYams,14445111
2026-07-10T00:04:53.440353,2026-07-10T00:04:53.451837+00:00,111.5,25,bid,Lachy Miller,YieldingYams,14445112
2026-07-10T00:04:53.860526,2026-07-10T00:04:53.870433+00:00,111.5,40,bid,Andy Garg,YieldingYams,14445122
2026-07-10T00:04:54.206084,2026-07-10T00:04:54.216465+00:00,111.3,200,ask,YieldingYams,WavyWalnuts,14445137
2026-07-10T00:04:54.669427,2026-07-10T00:04:54.686711+00:00,111.3,20,ask,YieldingYams,BrilliantBurritos,14445141
2026-07-10T00:04:55.464867,2026-07-10T00:04:55.471617+00:00,111.4,200,bid,YieldingYams,WavyWalnuts,14445163
2026-07-10T00:04:56.064157,2026-07-10T00:04:56.075683+00:00,111.5,4,bid,Andy Garg,Xinhong Shan,14445180
2026-07-10T00:04:56.064157,2026-07-10T00:04:56.075683+00:00,111.5,36,bid,Andy Garg,AverageAlmonds,14445181
2026-07-10T00:04:56.779731,2026-07-10T00:04:56.789759+00:00,111.4,4,ask,Xinhong Shan,YieldingYams,14445194
2026-07-10T00:04:57.771245,2026-07-10T00:04:57.780563+00:00,111.3,40,ask,WavyWalnuts,Andy Garg,14445211
2026-07-10T00:04:58.087731,2026-07-10T00:04:58.097251+00:00,111.4,4,bid,YieldingYams,Xinhong Shan,14445213
2026-07-10T00:04:58.087731,2026-07-10T00:04:58.097251+00:00,111.4,4,bid,YieldingYams,Kelvin Chan,14445214
2026-07-10T00:04:59.355604,2026-07-10T00:04:59.353342+00:00,111.4,500,ask,YieldingYams,AverageAlmonds,14445234
2026-07-10T00:04:59.401669,2026-07-10T00:04:59.422314+00:00,111.4,4,ask,Xinhong Shan,YieldingYams,14445238
2026-07-10T00:05:01.483370,2026-07-10T00:05:01.494184+00:00,111.4,200,bid,WavyWalnuts,YieldingYams,14445284
2026-07-10T00:05:02.022392,2026-07-10T00:05:02.032187+00:00,111.3,4,ask,Xinhong Shan,YieldingYams,14445297
2026-07-10T00:05:02.697527,2026-07-10T00:05:02.708866+00:00,111.3,200,bid,WavyWalnuts,YieldingYams,14445312
2026-07-10T00:05:03.958385,2026-07-10T00:05:03.969974+00:00,111.3,40,bid,Andy Garg,YieldingYams,14445341
2026-07-10T00:05:04.469811,2026-07-10T00:05:04.481223+00:00,111.3,25,bid,Lachy Miller,YieldingYams,14445351
2026-07-10T00:05:04.646690,2026-07-10T00:05:04.670394+00:00,111.2,200,ask,WavyWalnuts,YieldingYams,14445353
2026-07-10T00:05:04.646690,2026-07-10T00:05:04.670394+00:00,111.2,4,ask,Xinhong Shan,YieldingYams,14445354
2026-07-10T00:05:04.666685,2026-07-10T00:05:04.670394+00:00,111.2,11,bid,Xuanyu Liu,YieldingYams,14445357
2026-07-10T00:05:05.116031,2026-07-10T00:05:05.122476+00:00,111.1,2,ask,Kelvin Chan,BrilliantBurritos,14445362
2026-07-10T00:05:05.116031,2026-07-10T00:05:05.127716+00:00,111.1,198,ask,AverageAlmonds,WavyWalnuts,14445363
2026-07-10T00:05:05.702391,2026-07-10T00:05:05.714198+00:00,111.1,2,ask,Kelvin Chan,WavyWalnuts,14445370
2026-07-10T00:05:05.702391,2026-07-10T00:05:05.714198+00:00,111.1,4,ask,Xinhong Shan,BrilliantBurritos,14445371
2026-07-10T00:05:05.959125,2026-07-10T00:05:05.970336+00:00,111.2,4,bid,YieldingYams,Xinhong Shan,14445375
2026-07-10T00:05:06.086696,2026-07-10T00:05:06.098342+00:00,111.2,20,ask,YieldingYams,BrilliantBurritos,14445378
2026-07-10T00:05:07.272288,2026-07-10T00:05:07.278572+00:00,111.3,200,bid,YieldingYams,WavyWalnuts,14445404
2026-07-10T00:05:07.272288,2026-07-10T00:05:07.283897+00:00,111.3,4,bid,YieldingYams,Xinhong Shan,14445405
2026-07-10T00:05:07.538507,2026-07-10T00:05:07.545549+00:00,111.3,200,ask,YieldingYams,WavyWalnuts,14445411
2026-07-10T00:05:07.881212,2026-07-10T00:05:07.892860+00:00,111.3,40,ask,YieldingYams,Andy Garg,14445422
2026-07-10T00:05:08.591163,2026-07-10T00:05:08.597880+00:00,111.3,4,ask,Xinhong Shan,YieldingYams,14445432
2026-07-10T00:05:08.746463,2026-07-10T00:05:08.755302+00:00,111.2,200,bid,WavyWalnuts,YieldingYams,14445437
2026-07-10T00:05:09.505492,2026-07-10T00:05:09.516534+00:00,111.2,20,bid,BrilliantBurritos,YieldingYams,14445453
2026-07-10T00:05:09.899803,2026-07-10T00:05:09.908345+00:00,111.2,4,bid,YieldingYams,Xinhong Shan,14445462
2026-07-10T00:05:12.524936,2026-07-10T00:05:12.536255+00:00,111.3,4,bid,YieldingYams,Xinhong Shan,14445513
2026-07-10T00:05:12.524936,2026-07-10T00:05:12.536255+00:00,111.3,200,bid,YieldingYams,WavyWalnuts,14445514
2026-07-10T00:05:12.970191,2026-07-10T00:05:12.979485+00:00,111.3,20,ask,YieldingYams,BrilliantBurritos,14445520
2026-07-10T00:05:13.582523,2026-07-10T00:05:13.593206+00:00,111.3,200,ask,YieldingYams,WavyWalnuts,14445535
2026-07-10T00:05:13.911414,2026-07-10T00:05:13.918889+00:00,111.3,4,ask,Xinhong Shan,AverageAlmonds,14445542
2026-07-10T00:05:16.460821,2026-07-10T00:05:16.471847+00:00,111.2,36,ask,Andy Garg,YieldingYams,14445591
2026-07-10T00:05:16.460821,2026-07-10T00:05:16.471847+00:00,111.2,4,ask,Xinhong Shan,YieldingYams,14445592
2026-07-10T00:05:16.477957,2026-07-10T00:05:16.482356+00:00,111.2,5,bid,Xuanyu Liu,YieldingYams,14445594
2026-07-10T00:05:17.774423,2026-07-10T00:05:17.785047+00:00,111.1,1,ask,Kelvin Chan,YieldingYams,14445624
2026-07-10T00:05:17.774423,2026-07-10T00:05:17.785047+00:00,111.1,4,ask,Xinhong Shan,YieldingYams,14445625
2026-07-10T00:05:17.850202,2026-07-10T00:05:17.856590+00:00,111.1,20,bid,BrilliantBurritos,YieldingYams,14445626
2026-07-10T00:05:21.715523,2026-07-10T00:05:21.726461+00:00,110.9,200,ask,WavyWalnuts,YieldingYams,14445699
2026-07-10T00:05:21.715523,2026-07-10T00:05:21.731777+00:00,110.9,4,ask,Xinhong Shan,YieldingYams,14445700
2026-07-10T00:05:21.882476,2026-07-10T00:05:21.886975+00:00,110.8,2,ask,Kelvin Chan,Xuanyu Liu,14445705
2026-07-10T00:05:22.046598,2026-07-10T00:05:22.056558+00:00,110.9,200,bid,WavyWalnuts,YieldingYams,14445715
2026-07-10T00:05:23.002573,2026-07-10T00:05:23.006610+00:00,110.8,3,ask,Kelvin Chan,Xuanyu Liu,14445740
2026-07-10T00:05:23.027098,2026-07-10T00:05:23.034265+00:00,110.9,3,bid,YieldingYams,Xinhong Shan,14445741
2026-07-10T00:05:23.045387,2026-07-10T00:05:23.049865+00:00,110.9,11,ask,YieldingYams,Xuanyu Liu,14445743
2026-07-10T00:05:23.606458,2026-07-10T00:05:23.617977+00:00,110.9,40,ask,YieldingYams,Andy Garg,14445750
2026-07-10T00:05:23.813989,2026-07-10T00:05:23.817821+00:00,111.0,3,ask,Kelvin Chan,Xuanyu Liu,14445753
2026-07-10T00:05:24.464103,2026-07-10T00:05:24.472458+00:00,111.1,3,bid,WavyWalnuts,Xinhong Shan,14445763
2026-07-10T00:05:24.517048,2026-07-10T00:05:24.528265+00:00,111.1,35,ask,WavyWalnuts,Lachy Miller,14445764
2026-07-10T00:05:25.391169,2026-07-10T00:05:25.401862+00:00,111.1,162,ask,WavyWalnuts,AverageAlmonds,14445774
2026-07-10T00:05:25.391169,2026-07-10T00:05:25.401862+00:00,111.1,4,ask,Xinhong Shan,AverageAlmonds,14445775
2026-07-10T00:05:25.408943,2026-07-10T00:05:25.412901+00:00,111.1,3,bid,Xuanyu Liu,AverageAlmonds,14445777
2026-07-10T00:05:25.529868,2026-07-10T00:05:25.541461+00:00,111.1,10,bid,Lachy Miller,AverageAlmonds,14445778
2026-07-10T00:05:25.655695,2026-07-10T00:05:25.680869+00:00,111.0,2,ask,Kelvin Chan,YieldingYams,14445784
2026-07-10T00:05:25.677053,2026-07-10T00:05:25.680869+00:00,111.0,11,bid,Xuanyu Liu,YieldingYams,14445786
2026-07-10T00:05:25.838807,2026-07-10T00:05:25.850229+00:00,111.0,40,bid,Andy Garg,YieldingYams,14445790
2026-07-10T00:05:27.824496,2026-07-10T00:05:27.832309+00:00,110.9,2,ask,Kelvin Chan,AverageAlmonds,14445810
2026-07-10T00:05:27.824496,2026-07-10T00:05:27.837549+00:00,110.9,498,ask,YieldingYams,AverageAlmonds,14445811
2026-07-10T00:05:28.095786,2026-07-10T00:05:28.104609+00:00,110.9,127,ask,YieldingYams,WavyWalnuts,14445822
2026-07-10T00:05:28.095786,2026-07-10T00:05:28.104609+00:00,110.9,3,ask,Xinhong Shan,WavyWalnuts,14445823
2026-07-10T00:05:28.115635,2026-07-10T00:05:28.119606+00:00,110.9,12,bid,Xuanyu Liu,WavyWalnuts,14445825
2026-07-10T00:05:28.322928,2026-07-10T00:05:28.326604+00:00,110.8,3,ask,Xinhong Shan,Xuanyu Liu,14445829
2026-07-10T00:05:28.332158,2026-07-10T00:05:28.336040+00:00,110.7,20,ask,WavyWalnuts,Xuanyu Liu,14445831
2026-07-10T00:05:28.387263,2026-07-10T00:05:28.390785+00:00,110.8,2,ask,Kelvin Chan,Xuanyu Liu,14445833
2026-07-10T00:05:28.918408,2026-07-10T00:05:28.922086+00:00,110.8,1,ask,Kelvin Chan,Xuanyu Liu,14445841
2026-07-10T00:05:29.458008,2026-07-10T00:05:29.469574+00:00,110.8,1,ask,Kelvin Chan,BrilliantBurritos,14445855
2026-07-10T00:05:29.458008,2026-07-10T00:05:29.469574+00:00,110.8,3,ask,Xinhong Shan,BrilliantBurritos,14445856
2026-07-10T00:05:31.731827,2026-07-10T00:05:31.739402+00:00,110.8,2,ask,Kelvin Chan,WavyWalnuts,14445895
2026-07-10T00:05:31.731827,2026-07-10T00:05:31.744650+00:00,110.7,198,ask,YieldingYams,WavyWalnuts,14445896
2026-07-10T00:05:33.671980,2026-07-10T00:05:33.679351+00:00,110.6,1,ask,Kelvin Chan,BrilliantBurritos,14445933
2026-07-10T00:05:33.671980,2026-07-10T00:05:33.684744+00:00,110.6,19,ask,YieldingYams,BrilliantBurritos,14445934
2026-07-10T00:05:34.701230,2026-07-10T00:05:34.708421+00:00,110.6,40,ask,YieldingYams,Andy Garg,14445954
2026-07-10T00:05:34.728241,2026-07-10T00:05:34.739373+00:00,110.6,40,ask,YieldingYams,Andy Garg,14445956
2026-07-10T00:05:34.755657,2026-07-10T00:05:34.758570+00:00,110.6,25,ask,YieldingYams,Lachy Miller,14445958
2026-07-10T00:05:34.820650,2026-07-10T00:05:34.841890+00:00,110.7,3,bid,YieldingYams,Xinhong Shan,14445961
2026-07-10T00:05:34.820650,2026-07-10T00:05:34.841890+00:00,110.8,200,bid,YieldingYams,WavyWalnuts,14445962
2026-07-10T00:05:34.837952,2026-07-10T00:05:34.841890+00:00,110.8,14,ask,YieldingYams,Xuanyu Liu,14445964
2026-07-10T00:05:34.885285,2026-07-10T00:05:34.896403+00:00,110.8,40,ask,YieldingYams,Andy Garg,14445965
2026-07-10T00:05:35.358315,2026-07-10T00:05:35.365471+00:00,110.8,200,ask,YieldingYams,WavyWalnuts,14445980
2026-07-10T00:05:36.137703,2026-07-10T00:05:36.148847+00:00,110.8,3,ask,Xinhong Shan,YieldingYams,14445991
2026-07-10T00:05:36.586470,2026-07-10T00:05:36.598604+00:00,110.8,20,bid,BrilliantBurritos,YieldingYams,14446002
2026-07-10T00:05:37.754670,2026-07-10T00:05:37.760233+00:00,110.8,3,bid,Xuanyu Liu,Xinhong Shan,14446015
2026-07-10T00:05:37.754670,2026-07-10T00:05:37.760233+00:00,110.8,11,bid,Xuanyu Liu,YieldingYams,14446016
2026-07-10T00:05:37.776429,2026-07-10T00:05:37.789080+00:00,110.8,200,bid,WavyWalnuts,YieldingYams,14446017
2026-07-10T00:05:38.795155,2026-07-10T00:05:38.804772+00:00,110.8,3,bid,YieldingYams,Xinhong Shan,14446029
2026-07-10T00:05:40.106252,2026-07-10T00:05:40.112760+00:00,110.9,200,bid,YieldingYams,WavyWalnuts,14446052
2026-07-10T00:05:40.106252,2026-07-10T00:05:40.117961+00:00,110.9,3,bid,YieldingYams,Xinhong Shan,14446053
2026-07-10T00:05:40.548809,2026-07-10T00:05:40.558587+00:00,110.9,422,ask,YieldingYams,AverageAlmonds,14446060
2026-07-10T00:05:40.548809,2026-07-10T00:05:40.558587+00:00,110.9,78,ask,WavyWalnuts,AverageAlmonds,14446061
2026-07-10T00:05:41.144306,2026-07-10T00:05:41.155252+00:00,110.9,122,ask,WavyWalnuts,AverageAlmonds,14446076
2026-07-10T00:05:41.144306,2026-07-10T00:05:41.155252+00:00,110.9,3,ask,Xinhong Shan,AverageAlmonds,14446077
2026-07-10T00:05:41.406394,2026-07-10T00:05:41.415690+00:00,110.8,200,bid,WavyWalnuts,AverageAlmonds,14446089
2026-07-10T00:05:41.417448,2026-07-10T00:05:41.425947+00:00,110.7,6,ask,Kelvin Chan,YieldingYams,14446090
2026-07-10T00:05:42.614789,2026-07-10T00:05:42.623940+00:00,110.7,200,bid,WavyWalnuts,YieldingYams,14446105
2026-07-10T00:05:43.824496,2026-07-10T00:05:43.833727+00:00,110.7,3,bid,WavyWalnuts,Xinhong Shan,14446126
2026-07-10T00:05:43.824496,2026-07-10T00:05:43.833727+00:00,110.8,197,bid,WavyWalnuts,YieldingYams,14446127
2026-07-10T00:05:44.038404,2026-07-10T00:05:44.045029+00:00,110.8,500,bid,YieldingYams,AverageAlmonds,14446133
2026-07-10T00:05:44.066754,2026-07-10T00:05:44.070731+00:00,110.8,14,ask,YieldingYams,Xuanyu Liu,14446136
2026-07-10T00:05:44.188685,2026-07-10T00:05:44.199486+00:00,110.8,111,ask,YieldingYams,AverageAlmonds,14446139
2026-07-10T00:05:44.420757,2026-07-10T00:05:44.430477+00:00,110.6,7,ask,Kelvin Chan,Lachy Miller,14446147
2026-07-10T00:05:44.420757,2026-07-10T00:05:44.430477+00:00,110.6,3,ask,Xinhong Shan,Lachy Miller,14446148
2026-07-10T00:05:45.246336,2026-07-10T00:05:45.258546+00:00,110.7,6,ask,WavyWalnuts,Lachy Miller,14446164
2026-07-10T00:05:45.365309,2026-07-10T00:05:45.425610+00:00,110.7,194,ask,WavyWalnuts,YieldingYams,14446167
2026-07-10T00:05:45.365309,2026-07-10T00:05:45.425610+00:00,110.6,9,ask,Kelvin Chan,YieldingYams,14446168
2026-07-10T00:05:45.420637,2026-07-10T00:05:45.425610+00:00,110.6,11,bid,Xuanyu Liu,YieldingYams,14446174
2026-07-10T00:05:46.254246,2026-07-10T00:05:46.258149+00:00,110.6,200,bid,WavyWalnuts,YieldingYams,14446195
2026-07-10T00:05:47.242156,2026-07-10T00:05:47.245867+00:00,110.6,3,bid,Xuanyu Liu,Xinhong Shan,14446211
2026-07-10T00:05:47.979214,2026-07-10T00:05:47.991028+00:00,110.8,20,bid,BrilliantBurritos,YieldingYams,14446223
2026-07-10T00:05:48.000818,2026-07-10T00:05:48.024296+00:00,110.7,200,ask,WavyWalnuts,YieldingYams,14446225
2026-07-10T00:05:48.000818,2026-07-10T00:05:48.024296+00:00,110.7,3,ask,Xinhong Shan,YieldingYams,14446226
2026-07-10T00:05:48.671113,2026-07-10T00:05:48.679267+00:00,110.7,200,bid,WavyWalnuts,YieldingYams,14446240
2026-07-10T00:05:49.316482,2026-07-10T00:05:49.327379+00:00,110.7,3,bid,YieldingYams,Xinhong Shan,14446255
2026-07-10T00:05:50.626410,2026-07-10T00:05:50.633819+00:00,110.8,4,bid,YieldingYams,Kelvin Chan,14446267
2026-07-10T00:05:50.626410,2026-07-10T00:05:50.639053+00:00,110.8,3,bid,YieldingYams,Xinhong Shan,14446268
2026-07-10T00:05:51.455832,2026-07-10T00:05:51.458559+00:00,110.8,500,ask,YieldingYams,AverageAlmonds,14446274
2026-07-10T00:05:51.943072,2026-07-10T00:05:51.950539+00:00,110.8,4,ask,Xinhong Shan,YieldingYams,14446285
2026-07-10T00:05:51.943072,2026-07-10T00:05:51.955542+00:00,110.7,200,ask,WavyWalnuts,YieldingYams,14446286
2026-07-10T00:05:51.943072,2026-07-10T00:05:51.955542+00:00,110.5,5,ask,Kelvin Chan,YieldingYams,14446287
2026-07-10T00:05:51.943072,2026-07-10T00:05:51.955542+00:00,110.5,40,ask,Andy Garg,YieldingYams,14446288
2026-07-10T00:05:51.964627,2026-07-10T00:05:51.968594+00:00,110.5,3,bid,Xuanyu Liu,YieldingYams,14446290
2026-07-10T00:05:52.076464,2026-07-10T00:05:52.084005+00:00,110.5,13,bid,Lachy Miller,YieldingYams,14446295
2026-07-10T00:05:53.076637,2026-07-10T00:05:53.086242+00:00,110.5,40,bid,Andy Garg,YieldingYams,14446321
2026-07-10T00:05:53.298903,2026-07-10T00:05:53.305858+00:00,110.5,200,bid,YieldingYams,WavyWalnuts,14446325
2026-07-10T00:05:53.298903,2026-07-10T00:05:53.311131+00:00,110.5,3,bid,YieldingYams,Xinhong Shan,14446326
2026-07-10T00:05:53.451092,2026-07-10T00:05:53.458543+00:00,110.8,40,bid,Andy Garg,AverageAlmonds,14446330
2026-07-10T00:05:53.513094,2026-07-10T00:05:53.522712+00:00,110.6,200,ask,YieldingYams,WavyWalnuts,14446332
2026-07-10T00:05:54.723979,2026-07-10T00:05:54.735183+00:00,110.6,4,ask,Xinhong Shan,WavyWalnuts,14446357
2026-07-10T00:05:55.933267,2026-07-10T00:05:55.940769+00:00,110.5,3,ask,Xinhong Shan,WavyWalnuts,14446372
2026-07-10T00:05:55.933267,2026-07-10T00:05:55.945986+00:00,110.4,197,ask,YieldingYams,WavyWalnuts,14446373
2026-07-10T00:05:58.348557,2026-07-10T00:05:58.356034+00:00,110.6,200,bid,WavyWalnuts,YieldingYams,14446416
2026-07-10T00:05:59.532588,2026-07-10T00:05:59.540013+00:00,110.5,1,ask,Kelvin Chan,Andy Garg,14446432
2026-07-10T00:05:59.532588,2026-07-10T00:05:59.545246+00:00,110.5,39,ask,YieldingYams,Andy Garg,14446433
2026-07-10T00:06:00.772976,2026-07-10T00:06:00.779431+00:00,110.6,200,bid,WavyWalnuts,YieldingYams,14446457
2026-07-10T00:06:01.514567,2026-07-10T00:06:01.525969+00:00,110.5,3,ask,Xinhong Shan,Andy Garg,14446470
2026-07-10T00:06:01.514567,2026-07-10T00:06:01.525969+00:00,110.5,37,ask,YieldingYams,Andy Garg,14446471
2026-07-10T00:06:01.981962,2026-07-10T00:06:01.991156+00:00,110.6,3,bid,WavyWalnuts,Xinhong Shan,14446474
2026-07-10T00:06:01.981962,2026-07-10T00:06:01.991156+00:00,110.7,12,bid,WavyWalnuts,Kelvin Chan,14446475
2026-07-10T00:06:01.981962,2026-07-10T00:06:01.996686+00:00,110.7,185,bid,WavyWalnuts,YieldingYams,14446476
2026-07-10T00:06:03.783599,2026-07-10T00:06:03.793568+00:00,110.5,200,ask,WavyWalnuts,YieldingYams,14446508
2026-07-10T00:06:03.783599,2026-07-10T00:06:03.793568+00:00,110.5,3,ask,Xinhong Shan,YieldingYams,14446509
2026-07-10T00:06:03.783599,2026-07-10T00:06:03.798837+00:00,110.5,422,ask,AverageAlmonds,YieldingYams,14446510
2026-07-10T00:06:03.836277,2026-07-10T00:06:03.847894+00:00,110.5,20,ask,AverageAlmonds,BrilliantBurritos,14446511
2026-07-10T00:06:04.511744,2026-07-10T00:06:04.523278+00:00,110.6,3,bid,Lachy Miller,WavyWalnuts,14446520
2026-07-10T00:06:05.097661,2026-07-10T00:06:05.109391+00:00,110.6,197,bid,YieldingYams,WavyWalnuts,14446529
2026-07-10T00:06:05.097661,2026-07-10T00:06:05.109391+00:00,110.7,8,bid,YieldingYams,Kelvin Chan,14446530
2026-07-10T00:06:05.097661,2026-07-10T00:06:05.109391+00:00,110.7,3,bid,YieldingYams,Xinhong Shan,14446531
2026-07-10T00:06:05.120931,2026-07-10T00:06:05.125300+00:00,110.7,3,ask,YieldingYams,Xuanyu Liu,14446533
2026-07-10T00:06:05.621473,2026-07-10T00:06:05.629188+00:00,110.7,200,ask,YieldingYams,WavyWalnuts,14446537
2026-07-10T00:06:06.417397,2026-07-10T00:06:06.428617+00:00,110.7,3,ask,Xinhong Shan,YieldingYams,14446546
2026-07-10T00:06:06.731101,2026-07-10T00:06:06.742393+00:00,110.7,20,bid,BrilliantBurritos,YieldingYams,14446560
2026-07-10T00:06:06.829564,2026-07-10T00:06:06.838152+00:00,110.7,200,bid,WavyWalnuts,YieldingYams,14446565
2026-07-10T00:06:07.984668,2026-07-10T00:06:07.995815+00:00,110.7,3,bid,Andy Garg,Xinhong Shan,14446590
2026-07-10T00:06:08.040487,2026-07-10T00:06:08.050434+00:00,110.8,4,bid,WavyWalnuts,Kelvin Chan,14446592
2026-07-10T00:06:08.040487,2026-07-10T00:06:08.050434+00:00,110.8,196,bid,WavyWalnuts,YieldingYams,14446593
2026-07-10T00:06:13.351906,2026-07-10T00:06:13.358566+00:00,110.7,3,ask,Xinhong Shan,Andy Garg,14446684
2026-07-10T00:06:13.351906,2026-07-10T00:06:13.358566+00:00,110.7,37,ask,YieldingYams,Andy Garg,14446685
2026-07-10T00:06:17.724871,2026-07-10T00:06:17.735433+00:00,110.7,3,ask,Xinhong Shan,WavyWalnuts,14446769
2026-07-10T00:06:17.724871,2026-07-10T00:06:17.735433+00:00,110.6,197,ask,YieldingYams,WavyWalnuts,14446770
2026-07-10T00:06:19.233926,2026-07-10T00:06:19.241340+00:00,110.6,20,ask,YieldingYams,BrilliantBurritos,14446801
2026-07-10T00:06:20.824903,2026-07-10T00:06:20.833516+00:00,110.6,200,ask,WavyWalnuts,YieldingYams,14446828
2026-07-10T00:06:23.405397,2026-07-10T00:06:23.413977+00:00,110.5,20,bid,BrilliantBurritos,YieldingYams,14446892
2026-07-10T00:06:23.440151,2026-07-10T00:06:23.450380+00:00,110.5,200,bid,YieldingYams,WavyWalnuts,14446894
2026-07-10T00:06:23.440151,2026-07-10T00:06:23.450380+00:00,110.5,3,bid,YieldingYams,Xinhong Shan,14446895
2026-07-10T00:06:24.741541,2026-07-10T00:06:24.753081+00:00,110.5,422,ask,YieldingYams,AverageAlmonds,14446921
2026-07-10T00:06:24.741541,2026-07-10T00:06:24.753081+00:00,110.5,3,ask,Xinhong Shan,AverageAlmonds,14446922
2026-07-10T00:06:24.977079,2026-07-10T00:06:24.988148+00:00,110.5,75,bid,WavyWalnuts,AverageAlmonds,14446924
2026-07-10T00:06:24.977079,2026-07-10T00:06:24.988148+00:00,110.5,125,bid,WavyWalnuts,YieldingYams,14446925
2026-07-10T00:06:25.426300,2026-07-10T00:06:25.437808+00:00,110.4,1,ask,Kelvin Chan,Andy Garg,14446949
2026-07-10T00:06:26.067692,2026-07-10T00:06:26.079031+00:00,110.5,3,bid,YieldingYams,Xinhong Shan,14446963
2026-07-10T00:06:26.067692,2026-07-10T00:06:26.079031+00:00,110.5,500,bid,YieldingYams,AverageAlmonds,14446964
2026-07-10T00:06:26.190804,2026-07-10T00:06:26.198619+00:00,110.6,122,ask,YieldingYams,WavyWalnuts,14446967
2026-07-10T00:06:27.381858,2026-07-10T00:06:27.391678+00:00,110.4,200,ask,WavyWalnuts,YieldingYams,14446979
2026-07-10T00:06:27.381858,2026-07-10T00:06:27.391678+00:00,110.4,3,ask,Xinhong Shan,YieldingYams,14446980
2026-07-10T00:06:27.381858,2026-07-10T00:06:27.391678+00:00,110.4,2,ask,Kelvin Chan,YieldingYams,14446981
2026-07-10T00:06:27.397933,2026-07-10T00:06:27.407717+00:00,110.4,200,bid,WavyWalnuts,YieldingYams,14446982
2026-07-10T00:06:28.189254,2026-07-10T00:06:28.206254+00:00,110.4,20,bid,BrilliantBurritos,YieldingYams,14447002
2026-07-10T00:06:28.694090,2026-07-10T00:06:28.704382+00:00,110.4,3,bid,YieldingYams,Xinhong Shan,14447013
2026-07-10T00:06:30.006632,2026-07-10T00:06:30.013825+00:00,110.5,500,bid,YieldingYams,AverageAlmonds,14447040
2026-07-10T00:06:30.006632,2026-07-10T00:06:30.019116+00:00,110.5,125,bid,YieldingYams,WavyWalnuts,14447041
2026-07-10T00:06:31.324180,2026-07-10T00:06:31.330927+00:00,110.4,3,ask,Xinhong Shan,YieldingYams,14447070
2026-07-10T00:06:32.240887,2026-07-10T00:06:32.251729+00:00,110.4,200,bid,WavyWalnuts,YieldingYams,14447093
2026-07-10T00:06:32.641927,2026-07-10T00:06:32.648968+00:00,110.4,3,bid,YieldingYams,Xinhong Shan,14447102
2026-07-10T00:06:32.641927,2026-07-10T00:06:32.658622+00:00,110.5,500,bid,YieldingYams,AverageAlmonds,14447103
2026-07-10T00:06:33.226924,2026-07-10T00:06:33.233204+00:00,110.5,122,ask,YieldingYams,AverageAlmonds,14447115
2026-07-10T00:06:33.226924,2026-07-10T00:06:33.238653+00:00,110.5,3,ask,Xinhong Shan,AverageAlmonds,14447116
2026-07-10T00:06:34.655752,2026-07-10T00:06:34.663751+00:00,110.4,200,bid,WavyWalnuts,YieldingYams,14447149
2026-07-10T00:06:34.734879,2026-07-10T00:06:34.738467+00:00,110.4,3,bid,Xuanyu Liu,YieldingYams,14447157
2026-07-10T00:06:34.823368,2026-07-10T00:06:34.839972+00:00,110.4,40,bid,Andy Garg,YieldingYams,14447160
2026-07-10T00:06:35.267284,2026-07-10T00:06:35.274259+00:00,110.4,3,bid,YieldingYams,Xinhong Shan,14447168
2026-07-10T00:06:35.267284,2026-07-10T00:06:35.279555+00:00,110.5,500,bid,YieldingYams,AverageAlmonds,14447169
2026-07-10T00:06:35.267284,2026-07-10T00:06:35.279555+00:00,110.6,4,bid,YieldingYams,Kelvin Chan,14447170
2026-07-10T00:06:35.267284,2026-07-10T00:06:35.279555+00:00,110.6,118,bid,YieldingYams,WavyWalnuts,14447171
2026-07-10T00:06:35.314718,2026-07-10T00:06:35.326408+00:00,110.6,20,bid,BrilliantBurritos,WavyWalnuts,14447172
2026-07-10T00:06:35.320828,2026-07-10T00:06:35.331606+00:00,110.6,40,bid,Andy Garg,WavyWalnuts,14447173
2026-07-10T00:06:35.786304,2026-07-10T00:06:35.797691+00:00,110.5,25,bid,Lachy Miller,AverageAlmonds,14447179
2026-07-10T00:06:37.192770,2026-07-10T00:06:37.202901+00:00,110.5,20,bid,BrilliantBurritos,YieldingYams,14447200
2026-07-10T00:06:38.293572,2026-07-10T00:06:38.301524+00:00,110.5,200,bid,WavyWalnuts,YieldingYams,14447223
2026-07-10T00:06:39.209879,2026-07-10T00:06:39.216344+00:00,110.4,3,ask,Xinhong Shan,YieldingYams,14447237
2026-07-10T00:06:41.578188,2026-07-10T00:06:41.589828+00:00,110.4,38,bid,Andy Garg,YieldingYams,14447295
2026-07-10T00:06:43.138815,2026-07-10T00:06:43.158958+00:00,110.4,3,bid,YieldingYams,Xinhong Shan,14447321
2026-07-10T00:06:43.138815,2026-07-10T00:06:43.158958+00:00,110.5,500,bid,YieldingYams,AverageAlmonds,14447322
2026-07-10T00:06:43.138815,2026-07-10T00:06:43.158958+00:00,110.5,122,bid,YieldingYams,WavyWalnuts,14447323
2026-07-10T00:06:43.644872,2026-07-10T00:06:43.658659+00:00,110.3,20,ask,WavyWalnuts,BrilliantBurritos,14447331
2026-07-10T00:06:45.561747,2026-07-10T00:06:45.569036+00:00,110.5,20,bid,BrilliantBurritos,YieldingYams,14447367
2026-07-10T00:06:46.764762,2026-07-10T00:06:46.771447+00:00,110.4,200,ask,YieldingYams,WavyWalnuts,14447388
2026-07-10T00:06:47.267637,2026-07-10T00:06:47.279145+00:00,110.4,3,ask,Xinhong Shan,BrilliantBurritos,14447397
2026-07-10T00:06:47.267637,2026-07-10T00:06:47.279145+00:00,110.4,17,ask,YieldingYams,BrilliantBurritos,14447398
2026-07-10T00:06:49.697037,2026-07-10T00:06:49.707750+00:00,110.5,3,bid,YieldingYams,Xinhong Shan,14447446
2026-07-10T00:06:49.697037,2026-07-10T00:06:49.707750+00:00,110.6,1,bid,YieldingYams,Kelvin Chan,14447447
2026-07-10T00:06:49.697037,2026-07-10T00:06:49.707750+00:00,110.6,200,bid,YieldingYams,WavyWalnuts,14447448
2026-07-10T00:06:49.697037,2026-07-10T00:06:49.707750+00:00,110.6,421,bid,YieldingYams,AverageAlmonds,14447449
2026-07-10T00:06:51.012668,2026-07-10T00:06:51.027350+00:00,110.4,200,ask,WavyWalnuts,YieldingYams,14447477
2026-07-10T00:06:51.012668,2026-07-10T00:06:51.027350+00:00,110.4,3,ask,Xinhong Shan,YieldingYams,14447478
2026-07-10T00:06:51.599351,2026-07-10T00:06:51.608282+00:00,110.4,200,bid,WavyWalnuts,YieldingYams,14447493
2026-07-10T00:06:52.324702,2026-07-10T00:06:52.336149+00:00,110.4,3,bid,YieldingYams,Xinhong Shan,14447503
2026-07-10T00:06:52.324702,2026-07-10T00:06:52.336149+00:00,110.5,1,bid,YieldingYams,Kelvin Chan,14447504
2026-07-10T00:06:52.814464,2026-07-10T00:06:52.823367+00:00,110.5,200,ask,YieldingYams,WavyWalnuts,14447509
2026-07-10T00:06:53.639624,2026-07-10T00:06:53.658780+00:00,110.5,3,ask,Xinhong Shan,YieldingYams,14447523
2026-07-10T00:06:54.021486,2026-07-10T00:06:54.030505+00:00,110.5,200,bid,WavyWalnuts,YieldingYams,14447536
2026-07-10T00:06:55.231589,2026-07-10T00:06:55.240140+00:00,110.5,3,bid,WavyWalnuts,Xinhong Shan,14447546
2026-07-10T00:06:55.231589,2026-07-10T00:06:55.240140+00:00,110.5,197,bid,WavyWalnuts,AverageAlmonds,14447547
2026-07-10T00:06:56.222378,2026-07-10T00:06:56.232036+00:00,110.4,500,ask,YieldingYams,AverageAlmonds,14447567
2026-07-10T00:06:56.260823,2026-07-10T00:06:56.271238+00:00,110.4,3,ask,Xinhong Shan,YieldingYams,14447568
2026-07-10T00:06:56.739535,2026-07-10T00:06:56.750862+00:00,110.3,30,ask,WavyWalnuts,Andy Garg,14447593
2026-07-10T00:06:57.572541,2026-07-10T00:06:57.582190+00:00,110.3,170,ask,WavyWalnuts,YieldingYams,14447602
2026-07-10T00:06:58.862148,2026-07-10T00:06:58.869166+00:00,110.3,200,bid,WavyWalnuts,YieldingYams,14447629
2026-07-10T00:06:58.882839,2026-07-10T00:06:58.890080+00:00,110.3,3,bid,YieldingYams,Xinhong Shan,14447631
2026-07-10T00:06:58.882839,2026-07-10T00:06:58.895288+00:00,110.4,500,bid,YieldingYams,AverageAlmonds,14447632
2026-07-10T00:06:59.261025,2026-07-10T00:06:59.269251+00:00,110.4,122,ask,YieldingYams,AverageAlmonds,14447643
2026-07-10T00:07:00.069694,2026-07-10T00:07:00.080563+00:00,110.3,200,bid,WavyWalnuts,AverageAlmonds,14447657
2026-07-10T00:07:01.507000,2026-07-10T00:07:01.516330+00:00,110.3,3,bid,YieldingYams,Xinhong Shan,14447681
2026-07-10T00:07:01.507000,2026-07-10T00:07:01.516330+00:00,110.4,500,bid,YieldingYams,AverageAlmonds,14447682
2026-07-10T00:07:01.507000,2026-07-10T00:07:01.521575+00:00,110.4,122,bid,YieldingYams,WavyWalnuts,14447683
2026-07-10T00:07:01.709425,2026-07-10T00:07:01.720371+00:00,110.2,3,ask,Xinhong Shan,BrilliantBurritos,14447687
2026-07-10T00:07:01.709425,2026-07-10T00:07:01.720371+00:00,110.2,17,ask,WavyWalnuts,BrilliantBurritos,14447688
2026-07-10T00:07:02.500258,2026-07-10T00:07:02.504225+00:00,110.3,3,ask,Xinhong Shan,AverageAlmonds,14447706
2026-07-10T00:07:02.907266,2026-07-10T00:07:02.914434+00:00,110.3,197,ask,WavyWalnuts,AverageAlmonds,14447713
2026-07-10T00:07:02.907266,2026-07-10T00:07:02.919709+00:00,110.3,3,ask,WavyWalnuts,Xuanyu Liu,14447714
2026-07-10T00:07:03.059133,2026-07-10T00:07:03.070752+00:00,110.2,1,ask,Kelvin Chan,Andy Garg,14447720
2026-07-10T00:07:03.059133,2026-07-10T00:07:03.070752+00:00,110.2,36,ask,YieldingYams,Andy Garg,14447721
2026-07-10T00:07:03.696456,2026-07-10T00:07:03.703737+00:00,110.2,200,ask,YieldingYams,WavyWalnuts,14447735
2026-07-10T00:07:04.908071,2026-07-10T00:07:04.918924+00:00,110.2,1,ask,Kelvin Chan,WavyWalnuts,14447749
2026-07-10T00:07:07.345701,2026-07-10T00:07:07.354253+00:00,110.1,1,ask,Kelvin Chan,WavyWalnuts,14447807
2026-07-10T00:07:07.345701,2026-07-10T00:07:07.354253+00:00,110.1,199,ask,YieldingYams,WavyWalnuts,14447808
2026-07-10T00:07:09.278234,2026-07-10T00:07:09.287600+00:00,110.1,20,ask,WavyWalnuts,BrilliantBurritos,14447847
2026-07-10T00:07:09.660774,2026-07-10T00:07:09.669666+00:00,110.1,25,ask,WavyWalnuts,Lachy Miller,14447852
2026-07-10T00:07:09.769943,2026-07-10T00:07:09.779594+00:00,110.2,3,bid,WavyWalnuts,Xinhong Shan,14447861
2026-07-10T00:07:09.769943,2026-07-10T00:07:09.779594+00:00,110.2,197,bid,WavyWalnuts,YieldingYams,14447862
2026-07-10T00:07:10.983826,2026-07-10T00:07:10.991000+00:00,110.2,3,bid,WavyWalnuts,Xinhong Shan,14447880
2026-07-10T00:07:10.983826,2026-07-10T00:07:10.996286+00:00,110.2,197,bid,WavyWalnuts,YieldingYams,14447881
2026-07-10T00:07:11.185626,2026-07-10T00:07:11.198737+00:00,110.2,20,bid,Andy Garg,YieldingYams,14447891
2026-07-10T00:07:11.988073,2026-07-10T00:07:11.996346+00:00,110.2,3,bid,YieldingYams,Xinhong Shan,14447894
2026-07-10T00:07:15.831977,2026-07-10T00:07:15.838175+00:00,110.3,200,ask,YieldingYams,WavyWalnuts,14447988
2026-07-10T00:07:15.928802,2026-07-10T00:07:15.935621+00:00,110.4,8,bid,YieldingYams,Kelvin Chan,14447989
2026-07-10T00:07:15.928802,2026-07-10T00:07:15.940640+00:00,110.4,3,bid,YieldingYams,Xinhong Shan,14447990
2026-07-10T00:07:15.928802,2026-07-10T00:07:15.940640+00:00,110.5,500,bid,YieldingYams,AverageAlmonds,14447991
2026-07-10T00:07:15.985064,2026-07-10T00:07:15.989229+00:00,110.5,3,ask,YieldingYams,Xuanyu Liu,14447996
2026-07-10T00:07:16.130633,2026-07-10T00:07:16.142125+00:00,110.5,40,ask,YieldingYams,Andy Garg,14447997
2026-07-10T00:07:16.212705,2026-07-10T00:07:16.223517+00:00,110.5,71,ask,YieldingYams,AverageAlmonds,14447999
2026-07-10T00:07:16.212705,2026-07-10T00:07:16.223517+00:00,110.5,3,ask,Xinhong Shan,AverageAlmonds,14448000
2026-07-10T00:07:16.310810,2026-07-10T00:07:16.322299+00:00,110.1,1,ask,Kelvin Chan,Andy Garg,14448003
2026-07-10T00:07:17.065642,2026-07-10T00:07:17.071159+00:00,110.1,3,bid,Xuanyu Liu,WavyWalnuts,14448025
2026-07-10T00:07:17.604890,2026-07-10T00:07:17.616216+00:00,110.0,3,ask,Xinhong Shan,BrilliantBurritos,14448033
2026-07-10T00:07:17.604890,2026-07-10T00:07:17.616216+00:00,110.0,17,ask,YieldingYams,BrilliantBurritos,14448034
2026-07-10T00:07:18.553039,2026-07-10T00:07:18.558603+00:00,110.1,3,bid,YieldingYams,Xinhong Shan,14448064
2026-07-10T00:07:21.172322,2026-07-10T00:07:21.183347+00:00,110.2,3,bid,YieldingYams,Xinhong Shan,14448106
2026-07-10T00:07:21.172322,2026-07-10T00:07:21.183347+00:00,110.3,200,bid,YieldingYams,WavyWalnuts,14448107
2026-07-10T00:07:21.851220,2026-07-10T00:07:21.858630+00:00,110.3,32,ask,YieldingYams,Andy Garg,14448127
2026-07-10T00:07:27.945991,2026-07-10T00:07:27.958580+00:00,110.3,3,ask,Xinhong Shan,WavyWalnuts,14448242
2026-07-10T00:07:27.945991,2026-07-10T00:07:27.958580+00:00,110.3,197,ask,YieldingYams,WavyWalnuts,14448243
2026-07-10T00:07:28.053908,2026-07-10T00:07:28.065622+00:00,110.4,3,bid,Andy Garg,Xinhong Shan,14448248
2026-07-10T00:07:28.053908,2026-07-10T00:07:28.065622+00:00,110.4,3,bid,Andy Garg,Kelvin Chan,14448249
2026-07-10T00:07:30.256590,2026-07-10T00:07:30.268114+00:00,110.4,10,bid,Andy Garg,Kelvin Chan,14448294
2026-07-10T00:07:30.256590,2026-07-10T00:07:30.268114+00:00,110.4,3,bid,Andy Garg,Xinhong Shan,14448295
2026-07-10T00:07:30.381890,2026-07-10T00:07:30.391513+00:00,110.5,200,bid,WavyWalnuts,YieldingYams,14448299
2026-07-10T00:07:32.252642,2026-07-10T00:07:32.264040+00:00,110.5,9,bid,WavyWalnuts,Kelvin Chan,14448325
2026-07-10T00:07:32.252642,2026-07-10T00:07:32.264040+00:00,110.5,11,bid,BrilliantBurritos,WavyWalnuts,14448326
2026-07-10T00:07:32.798776,2026-07-10T00:07:32.809016+00:00,110.5,9,bid,BrilliantBurritos,Kelvin Chan,14448332
2026-07-10T00:07:32.798776,2026-07-10T00:07:32.809016+00:00,110.5,4,bid,WavyWalnuts,Xinhong Shan,14448333
2026-07-10T00:07:33.279550,2026-07-10T00:07:33.287882+00:00,110.6,20,bid,BrilliantBurritos,YieldingYams,14448338
2026-07-10T00:07:34.008743,2026-07-10T00:07:34.017393+00:00,110.6,200,bid,WavyWalnuts,YieldingYams,14448347
2026-07-10T00:07:34.316621,2026-07-10T00:07:34.322986+00:00,110.6,7,bid,YieldingYams,Kelvin Chan,14448354
2026-07-10T00:07:34.316621,2026-07-10T00:07:34.328475+00:00,110.6,4,bid,YieldingYams,Xinhong Shan,14448355
2026-07-10T00:07:37.644780,2026-07-10T00:07:37.658586+00:00,110.7,2,bid,WavyWalnuts,Kelvin Chan,14448430
2026-07-10T00:07:37.644780,2026-07-10T00:07:37.658586+00:00,110.7,4,bid,WavyWalnuts,Xinhong Shan,14448431
2026-07-10T00:07:38.010491,2026-07-10T00:07:38.017628+00:00,110.7,194,ask,WavyWalnuts,AverageAlmonds,14448440
2026-07-10T00:07:38.010491,2026-07-10T00:07:38.022856+00:00,110.7,4,ask,Xinhong Shan,AverageAlmonds,14448441
2026-07-10T00:07:38.247450,2026-07-10T00:07:38.253274+00:00,110.7,302,bid,YieldingYams,AverageAlmonds,14448444
2026-07-10T00:07:38.572015,2026-07-10T00:07:38.578815+00:00,110.8,4,bid,BrilliantBurritos,Xinhong Shan,14448448
2026-07-10T00:07:38.859356,2026-07-10T00:07:38.870283+00:00,110.7,200,ask,YieldingYams,WavyWalnuts,14448455
2026-07-10T00:07:39.561371,2026-07-10T00:07:39.569100+00:00,110.7,4,ask,Xinhong Shan,YieldingYams,14448462
2026-07-10T00:07:39.561371,2026-07-10T00:07:39.574123+00:00,110.5,200,ask,WavyWalnuts,YieldingYams,14448463
2026-07-10T00:07:39.726458,2026-07-10T00:07:39.734575+00:00,110.5,75,bid,Lachy Miller,YieldingYams,14448465
2026-07-10T00:07:39.878401,2026-07-10T00:07:39.889588+00:00,110.5,40,bid,Andy Garg,YieldingYams,14448471
2026-07-10T00:07:40.063055,2026-07-10T00:07:40.074252+00:00,110.5,200,bid,WavyWalnuts,YieldingYams,14448476
2026-07-10T00:07:40.812379,2026-07-10T00:07:40.820108+00:00,110.5,40,bid,Andy Garg,YieldingYams,14448493
2026-07-10T00:07:40.871286,2026-07-10T00:07:40.879918+00:00,110.5,4,bid,YieldingYams,Xinhong Shan,14448499
2026-07-10T00:07:41.082657,2026-07-10T00:07:41.093867+00:00,110.5,20,ask,YieldingYams,BrilliantBurritos,14448502
2026-07-10T00:07:42.503312,2026-07-10T00:07:42.507235+00:00,110.5,3,bid,Xuanyu Liu,WavyWalnuts,14448525
2026-07-10T00:07:42.941918,2026-07-10T00:07:42.949622+00:00,110.5,24,bid,Lachy Miller,WavyWalnuts,14448536
2026-07-10T00:07:42.998887,2026-07-10T00:07:43.007516+00:00,110.5,5,bid,Andy Garg,WavyWalnuts,14448539
2026-07-10T00:07:43.328245,2026-07-10T00:07:43.337336+00:00,110.4,8,ask,Kelvin Chan,Andy Garg,14448549
2026-07-10T00:07:43.328245,2026-07-10T00:07:43.337336+00:00,110.4,4,ask,YieldingYams,Andy Garg,14448550
2026-07-10T00:07:48.539976,2026-07-10T00:07:48.551191+00:00,110.5,4,bid,WavyWalnuts,Xinhong Shan,14448649
2026-07-10T00:07:48.539976,2026-07-10T00:07:48.551191+00:00,110.6,196,bid,WavyWalnuts,YieldingYams,14448650
2026-07-10T00:07:53.396010,2026-07-10T00:07:53.406922+00:00,110.6,4,bid,WavyWalnuts,Xinhong Shan,14448763
2026-07-10T00:07:54.155126,2026-07-10T00:07:54.166529+00:00,110.6,40,ask,WavyWalnuts,Andy Garg,14448785
2026-07-10T00:07:54.612727,2026-07-10T00:07:54.620427+00:00,110.6,4,ask,Xinhong Shan,WavyWalnuts,14448794
2026-07-10T00:07:55.829611,2026-07-10T00:07:55.836916+00:00,110.5,4,ask,Xinhong Shan,WavyWalnuts,14448825
2026-07-10T00:07:55.829611,2026-07-10T00:07:55.842154+00:00,110.5,196,ask,YieldingYams,WavyWalnuts,14448826
2026-07-10T00:07:56.614074,2026-07-10T00:07:56.622424+00:00,110.5,4,ask,Xinhong Shan,YieldingYams,14448845
2026-07-10T00:07:57.244400,2026-07-10T00:07:57.258604+00:00,110.5,38,bid,Andy Garg,YieldingYams,14448856
2026-07-10T00:07:58.258173,2026-07-10T00:07:58.269202+00:00,110.4,3,ask,Kelvin Chan,WavyWalnuts,14448883
2026-07-10T00:07:58.258173,2026-07-10T00:07:58.269202+00:00,110.4,4,ask,Xinhong Shan,WavyWalnuts,14448884
2026-07-10T00:08:00.244934,2026-07-10T00:08:00.250596+00:00,110.4,4,bid,Xuanyu Liu,Xinhong Shan,14448912
2026-07-10T00:08:00.244934,2026-07-10T00:08:00.250596+00:00,110.4,19,bid,Xuanyu Liu,WavyWalnuts,14448913
2026-07-10T00:08:00.316775,2026-07-10T00:08:00.326481+00:00,110.4,30,bid,Andy Garg,WavyWalnuts,14448914
2026-07-10T00:08:01.858193,2026-07-10T00:08:01.866872+00:00,110.3,40,ask,Andy Garg,YieldingYams,14448932
2026-07-10T00:08:01.858193,2026-07-10T00:08:01.885382+00:00,110.3,200,ask,WavyWalnuts,YieldingYams,14448933
2026-07-10T00:08:01.858193,2026-07-10T00:08:01.885382+00:00,110.3,4,ask,Xinhong Shan,YieldingYams,14448934
2026-07-10T00:08:01.881497,2026-07-10T00:08:01.885382+00:00,110.3,5,bid,Xuanyu Liu,YieldingYams,14448938
2026-07-10T00:08:03.169885,2026-07-10T00:08:03.179896+00:00,110.3,4,bid,YieldingYams,Xinhong Shan,14448961
2026-07-10T00:08:03.169885,2026-07-10T00:08:03.179896+00:00,110.3,200,bid,YieldingYams,WavyWalnuts,14448962
2026-07-10T00:08:06.508225,2026-07-10T00:08:06.512316+00:00,110.3,4,ask,Xinhong Shan,Xuanyu Liu,14449013
2026-07-10T00:08:06.518200,2026-07-10T00:08:06.522310+00:00,110.2,1,ask,Kelvin Chan,Xuanyu Liu,14449015
2026-07-10T00:08:06.746539,2026-07-10T00:08:06.751363+00:00,110.3,12,ask,WavyWalnuts,Xuanyu Liu,14449023
2026-07-10T00:08:10.356030,2026-07-10T00:08:10.358599+00:00,110.4,4,bid,WavyWalnuts,Xinhong Shan,14449090
2026-07-10T00:08:10.610251,2026-07-10T00:08:10.617409+00:00,110.4,40,ask,WavyWalnuts,Andy Garg,14449096
2026-07-10T00:08:11.565274,2026-07-10T00:08:11.574903+00:00,110.5,3,bid,WavyWalnuts,Kelvin Chan,14449114
2026-07-10T00:08:11.565274,2026-07-10T00:08:11.574903+00:00,110.5,4,bid,WavyWalnuts,Xinhong Shan,14449115
2026-07-10T00:08:11.565274,2026-07-10T00:08:11.574903+00:00,110.5,193,bid,WavyWalnuts,YieldingYams,14449116
2026-07-10T00:08:12.780068,2026-07-10T00:08:12.787692+00:00,110.5,11,bid,WavyWalnuts,Kelvin Chan,14449134
2026-07-10T00:08:12.784859,2026-07-10T00:08:12.801356+00:00,110.5,4,ask,WavyWalnuts,Xinhong Shan,14449135
2026-07-10T00:08:12.797278,2026-07-10T00:08:12.801356+00:00,110.5,5,ask,WavyWalnuts,Xuanyu Liu,14449136
2026-07-10T00:08:12.823177,2026-07-10T00:08:12.827202+00:00,110.5,5,ask,WavyWalnuts,Xuanyu Liu,14449138
2026-07-10T00:08:14.942207,2026-07-10T00:08:14.952894+00:00,110.5,500,ask,YieldingYams,AverageAlmonds,14449166
2026-07-10T00:08:15.209819,2026-07-10T00:08:15.220799+00:00,110.6,2,bid,WavyWalnuts,Kelvin Chan,14449172
2026-07-10T00:08:15.209819,2026-07-10T00:08:15.220799+00:00,110.6,4,bid,WavyWalnuts,Xinhong Shan,14449173
2026-07-10T00:08:15.209819,2026-07-10T00:08:15.220799+00:00,110.6,194,bid,WavyWalnuts,YieldingYams,14449174
2026-07-10T00:08:15.566013,2026-07-10T00:08:15.574253+00:00,110.5,4,ask,Xinhong Shan,AverageAlmonds,14449176
2026-07-10T00:08:17.389441,2026-07-10T00:08:17.401662+00:00,110.4,20,ask,YieldingYams,BrilliantBurritos,14449214
2026-07-10T00:08:17.589311,2026-07-10T00:08:17.599364+00:00,110.4,4,ask,Xinhong Shan,YieldingYams,14449221
2026-07-10T00:08:17.634699,2026-07-10T00:08:17.644619+00:00,110.4,200,bid,WavyWalnuts,YieldingYams,14449223
2026-07-10T00:08:20.056668,2026-07-10T00:08:20.055227+00:00,110.4,200,bid,WavyWalnuts,AverageAlmonds,14449260
2026-07-10T00:08:22.840172,2026-07-10T00:08:22.855105+00:00,110.3,500,ask,YieldingYams,AverageAlmonds,14449306
2026-07-10T00:08:22.863225,2026-07-10T00:08:22.870892+00:00,110.3,4,ask,Xinhong Shan,YieldingYams,14449307
2026-07-10T00:08:22.863225,2026-07-10T00:08:22.870892+00:00,110.3,200,ask,WavyWalnuts,YieldingYams,14449308
2026-07-10T00:08:23.701917,2026-07-10T00:08:23.712917+00:00,110.3,200,bid,WavyWalnuts,YieldingYams,14449321
2026-07-10T00:08:24.178131,2026-07-10T00:08:24.191266+00:00,110.3,500,bid,YieldingYams,AverageAlmonds,14449328
2026-07-10T00:08:24.178131,2026-07-10T00:08:24.191266+00:00,110.3,4,bid,YieldingYams,Xinhong Shan,14449329
2026-07-10T00:08:24.641709,2026-07-10T00:08:24.648082+00:00,110.4,121,ask,YieldingYams,AverageAlmonds,14449347
2026-07-10T00:08:25.493340,2026-07-10T00:08:25.501667+00:00,110.2,1,ask,Kelvin Chan,YieldingYams,14449361
2026-07-10T00:08:25.493340,2026-07-10T00:08:25.501667+00:00,110.2,4,ask,Xinhong Shan,YieldingYams,14449362
2026-07-10T00:08:25.615449,2026-07-10T00:08:25.619314+00:00,110.2,22,bid,Xuanyu Liu,YieldingYams,14449365
2026-07-10T00:08:28.117424,2026-07-10T00:08:28.143926+00:00,110.1,40,ask,Andy Garg,YieldingYams,14449410
2026-07-10T00:08:28.117424,2026-07-10T00:08:28.143926+00:00,110.1,4,ask,Kelvin Chan,YieldingYams,14449411
2026-07-10T00:08:28.117424,2026-07-10T00:08:28.143926+00:00,110.1,4,ask,Xinhong Shan,YieldingYams,14449412
2026-07-10T00:08:28.139941,2026-07-10T00:08:28.143926+00:00,110.1,11,bid,Xuanyu Liu,YieldingYams,14449414
2026-07-10T00:08:32.172385,2026-07-10T00:08:32.179873+00:00,110.1,4,bid,WavyWalnuts,Xinhong Shan,14449480
2026-07-10T00:08:35.800637,2026-07-10T00:08:35.808652+00:00,110.2,4,bid,WavyWalnuts,Xinhong Shan,14449544
2026-07-10T00:08:35.992651,2026-07-10T00:08:36.002870+00:00,110.2,196,ask,WavyWalnuts,YieldingYams,14449551
2026-07-10T00:08:41.243439,2026-07-10T00:08:41.263680+00:00,110.2,4,bid,YieldingYams,Xinhong Shan,14449633
2026-07-10T00:08:41.243439,2026-07-10T00:08:41.263680+00:00,110.2,200,bid,YieldingYams,WavyWalnuts,14449634
2026-07-10T00:08:41.259871,2026-07-10T00:08:41.263680+00:00,110.2,5,ask,YieldingYams,Xuanyu Liu,14449637
2026-07-10T00:08:41.308367,2026-07-10T00:08:41.312231+00:00,110.2,6,ask,YieldingYams,Xuanyu Liu,14449639
2026-07-10T00:08:42.213446,2026-07-10T00:08:42.223404+00:00,110.2,40,ask,YieldingYams,Andy Garg,14449661
2026-07-10T00:08:43.865077,2026-07-10T00:08:43.884835+00:00,110.3,4,bid,YieldingYams,Xinhong Shan,14449690
2026-07-10T00:08:43.880817,2026-07-10T00:08:43.884835+00:00,110.3,12,ask,YieldingYams,Xuanyu Liu,14449692
2026-07-10T00:08:44.361913,2026-07-10T00:08:44.371409+00:00,110.3,40,ask,YieldingYams,Andy Garg,14449704
2026-07-10T00:08:45.174801,2026-07-10T00:08:45.183246+00:00,110.4,1,bid,YieldingYams,Kelvin Chan,14449721
2026-07-10T00:08:45.174801,2026-07-10T00:08:45.183246+00:00,110.4,500,bid,YieldingYams,AverageAlmonds,14449722
2026-07-10T00:08:45.174801,2026-07-10T00:08:45.199554+00:00,110.4,4,bid,YieldingYams,Xinhong Shan,14449723
2026-07-10T00:08:45.195323,2026-07-10T00:08:45.199554+00:00,110.4,5,ask,YieldingYams,Xuanyu Liu,14449726
2026-07-10T00:08:45.212992,2026-07-10T00:08:45.220440+00:00,110.4,115,ask,YieldingYams,AverageAlmonds,14449727
2026-07-10T00:08:45.212992,2026-07-10T00:08:45.225630+00:00,110.3,200,ask,WavyWalnuts,AverageAlmonds,14449728
2026-07-10T00:08:45.212992,2026-07-10T00:08:45.225630+00:00,110.3,4,ask,Xinhong Shan,AverageAlmonds,14449729
2026-07-10T00:08:45.769584,2026-07-10T00:08:45.779170+00:00,110.1,3,ask,Kelvin Chan,BrilliantBurritos,14449741
2026-07-10T00:08:45.769584,2026-07-10T00:08:45.779170+00:00,110.1,17,ask,Andy Garg,BrilliantBurritos,14449742
2026-07-10T00:08:45.866177,2026-07-10T00:08:45.870034+00:00,110.2,5,bid,Xuanyu Liu,AverageAlmonds,14449745
2026-07-10T00:08:46.488286,2026-07-10T00:08:46.499118+00:00,110.3,200,bid,YieldingYams,WavyWalnuts,14449756
2026-07-10T00:08:46.488286,2026-07-10T00:08:46.499118+00:00,110.3,4,bid,YieldingYams,Xinhong Shan,14449757
2026-07-10T00:08:46.488286,2026-07-10T00:08:46.499118+00:00,110.3,421,bid,YieldingYams,AverageAlmonds,14449758
2026-07-10T00:08:46.700364,2026-07-10T00:08:46.709424+00:00,110.3,79,bid,WavyWalnuts,AverageAlmonds,14449763
2026-07-10T00:08:47.047293,2026-07-10T00:08:47.058864+00:00,110.3,121,ask,WavyWalnuts,AverageAlmonds,14449769
2026-07-10T00:08:47.047293,2026-07-10T00:08:47.058864+00:00,110.3,4,ask,Xinhong Shan,AverageAlmonds,14449770
2026-07-10T00:08:47.911669,2026-07-10T00:08:47.918323+00:00,110.2,200,bid,WavyWalnuts,YieldingYams,14449787
2026-07-10T00:08:48.616607,2026-07-10T00:08:48.625411+00:00,110.1,4,ask,Kelvin Chan,Andy Garg,14449798
2026-07-10T00:08:48.616607,2026-07-10T00:08:48.625411+00:00,110.1,4,ask,Xinhong Shan,Andy Garg,14449799
2026-07-10T00:08:49.704053,2026-07-10T00:08:49.715651+00:00,110.2,4,bid,BrilliantBurritos,Xinhong Shan,14449812
2026-07-10T00:08:49.704053,2026-07-10T00:08:49.715651+00:00,110.2,16,bid,BrilliantBurritos,YieldingYams,14449813
2026-07-10T00:08:51.047691,2026-07-10T00:08:51.051741+00:00,110.1,11,ask,WavyWalnuts,Xuanyu Liu,14449834
2026-07-10T00:08:51.547818,2026-07-10T00:08:51.555232+00:00,110.2,4,bid,WavyWalnuts,Xinhong Shan,14449847
2026-07-10T00:08:51.566128,2026-07-10T00:08:51.570328+00:00,110.2,3,ask,WavyWalnuts,Xuanyu Liu,14449850
2026-07-10T00:08:53.083286,2026-07-10T00:08:53.091154+00:00,110.3,91,ask,YieldingYams,Lachy Miller,14449876
2026-07-10T00:08:56.426652,2026-07-10T00:08:56.433308+00:00,110.4,1,bid,WavyWalnuts,Kelvin Chan,14449936
2026-07-10T00:08:56.426652,2026-07-10T00:08:56.438576+00:00,110.4,4,bid,WavyWalnuts,Xinhong Shan,14449937
2026-07-10T00:08:56.426652,2026-07-10T00:08:56.438576+00:00,110.5,195,bid,WavyWalnuts,YieldingYams,14449938
2026-07-10T00:08:56.966771,2026-07-10T00:08:56.976203+00:00,110.4,1,bid,YieldingYams,Kelvin Chan,14449950
2026-07-10T00:08:59.048660,2026-07-10T00:08:59.060180+00:00,110.4,4,ask,Xinhong Shan,Andy Garg,14449984
2026-07-10T00:08:59.048660,2026-07-10T00:08:59.060180+00:00,110.4,36,ask,YieldingYams,Andy Garg,14449985
2026-07-10T00:08:59.588783,2026-07-10T00:08:59.599828+00:00,110.5,1,bid,YieldingYams,Kelvin Chan,14450000
2026-07-10T00:08:59.588783,2026-07-10T00:08:59.599828+00:00,110.5,4,bid,YieldingYams,Xinhong Shan,14450001
2026-07-10T00:08:59.766226,2026-07-10T00:08:59.776241+00:00,110.5,8,ask,YieldingYams,Lachy Miller,14450002
2026-07-10T00:09:00.067281,2026-07-10T00:09:00.076994+00:00,110.5,200,ask,YieldingYams,WavyWalnuts,14450010
2026-07-10T00:09:00.905627,2026-07-10T00:09:00.912532+00:00,110.5,4,ask,Xinhong Shan,YieldingYams,14450020
2026-07-10T00:09:01.272847,2026-07-10T00:09:01.282744+00:00,110.5,200,bid,WavyWalnuts,YieldingYams,14450032
2026-07-10T00:09:01.344663,2026-07-10T00:09:01.356017+00:00,110.5,20,bid,BrilliantBurritos,YieldingYams,14450033
2026-07-10T00:09:02.483272,2026-07-10T00:09:02.490906+00:00,110.4,200,bid,WavyWalnuts,YieldingYams,14450066
2026-07-10T00:09:03.521512,2026-07-10T00:09:03.530257+00:00,110.4,4,bid,YieldingYams,Xinhong Shan,14450084
2026-07-10T00:09:03.521512,2026-07-10T00:09:03.530257+00:00,110.5,40,bid,YieldingYams,Andy Garg,14450085
2026-07-10T00:09:03.548808,2026-07-10T00:09:03.553081+00:00,110.5,3,ask,YieldingYams,Xuanyu Liu,14450087
2026-07-10T00:09:03.584211,2026-07-10T00:09:03.595807+00:00,110.5,50,ask,YieldingYams,Lachy Miller,14450088
2026-07-10T00:09:04.903769,2026-07-10T00:09:04.913808+00:00,110.5,4,ask,Xinhong Shan,WavyWalnuts,14450122
2026-07-10T00:09:04.903769,2026-07-10T00:09:04.913808+00:00,110.5,196,ask,YieldingYams,WavyWalnuts,14450123
2026-07-10T00:09:07.453417,2026-07-10T00:09:07.458603+00:00,110.6,1,bid,YieldingYams,Kelvin Chan,14450179
2026-07-10T00:09:07.453417,2026-07-10T00:09:07.458603+00:00,110.6,200,bid,YieldingYams,WavyWalnuts,14450180
2026-07-10T00:09:07.453417,2026-07-10T00:09:07.458603+00:00,110.6,4,bid,YieldingYams,Xinhong Shan,14450181
2026-07-10T00:09:09.940773,2026-07-10T00:09:09.954500+00:00,110.7,3,bid,Xuanyu Liu,Xinhong Shan,14450241
2026-07-10T00:09:10.077160,2026-07-10T00:09:10.084960+00:00,110.7,1,bid,YieldingYams,Xinhong Shan,14450244
2026-07-10T00:09:10.077160,2026-07-10T00:09:10.084960+00:00,110.7,200,bid,YieldingYams,WavyWalnuts,14450245
2026-07-10T00:09:15.800136,2026-07-10T00:09:15.807119+00:00,110.7,200,ask,YieldingYams,WavyWalnuts,14450341
2026-07-10T00:09:16.319511,2026-07-10T00:09:16.323558+00:00,110.7,14,ask,YieldingYams,Xuanyu Liu,14450351
2026-07-10T00:09:16.418899,2026-07-10T00:09:16.430380+00:00,110.7,25,ask,YieldingYams,Lachy Miller,14450352
2026-07-10T00:09:16.444401,2026-07-10T00:09:16.451273+00:00,110.7,9,ask,YieldingYams,Andy Garg,14450354
2026-07-10T00:09:16.620659,2026-07-10T00:09:16.630764+00:00,110.7,40,ask,YieldingYams,Andy Garg,14450356
2026-07-10T00:09:19.423054,2026-07-10T00:09:19.433560+00:00,110.8,5,bid,WavyWalnuts,Xinhong Shan,14450414
2026-07-10T00:09:19.423054,2026-07-10T00:09:19.433560+00:00,110.9,195,bid,WavyWalnuts,YieldingYams,14450415
2026-07-10T00:09:20.563780,2026-07-10T00:09:20.584215+00:00,110.7,5,ask,Xinhong Shan,YieldingYams,14450437
2026-07-10T00:09:20.580201,2026-07-10T00:09:20.584215+00:00,110.7,11,bid,Xuanyu Liu,YieldingYams,14450439
2026-07-10T00:09:20.632427,2026-07-10T00:09:20.642131+00:00,110.7,200,bid,WavyWalnuts,YieldingYams,14450441
2026-07-10T00:09:21.843033,2026-07-10T00:09:21.854430+00:00,110.7,200,bid,WavyWalnuts,YieldingYams,14450464
2026-07-10T00:09:21.873696,2026-07-10T00:09:21.884654+00:00,110.7,5,bid,YieldingYams,Xinhong Shan,14450465
2026-07-10T00:09:22.221457,2026-07-10T00:09:22.232955+00:00,110.8,1,bid,Andy Garg,Kelvin Chan,14450473
2026-07-10T00:09:24.493624,2026-07-10T00:09:24.504315+00:00,110.8,5,bid,YieldingYams,Xinhong Shan,14450512
2026-07-10T00:09:24.493624,2026-07-10T00:09:24.504315+00:00,110.8,200,bid,YieldingYams,WavyWalnuts,14450513
2026-07-10T00:09:26.607228,2026-07-10T00:09:26.618942+00:00,110.9,20,bid,BrilliantBurritos,YieldingYams,14450555
2026-07-10T00:09:26.693073,2026-07-10T00:09:26.700003+00:00,110.9,200,bid,WavyWalnuts,YieldingYams,14450559
2026-07-10T00:09:28.748461,2026-07-10T00:09:28.753349+00:00,110.9,1,bid,Xuanyu Liu,Kelvin Chan,14450596
2026-07-10T00:09:28.748461,2026-07-10T00:09:28.753349+00:00,110.9,2,bid,Xuanyu Liu,Xinhong Shan,14450597
2026-07-10T00:09:28.829205,2026-07-10T00:09:28.838367+00:00,110.8,5,ask,Xinhong Shan,AverageAlmonds,14450602
2026-07-10T00:09:28.829205,2026-07-10T00:09:28.838367+00:00,110.8,495,ask,YieldingYams,AverageAlmonds,14450603
2026-07-10T00:09:29.112168,2026-07-10T00:09:29.121060+00:00,110.9,5,bid,WavyWalnuts,Xinhong Shan,14450609
2026-07-10T00:09:29.427356,2026-07-10T00:09:29.437065+00:00,110.9,195,ask,WavyWalnuts,AverageAlmonds,14450616
2026-07-10T00:09:29.427356,2026-07-10T00:09:29.437065+00:00,110.8,130,ask,YieldingYams,AverageAlmonds,14450617
2026-07-10T00:09:29.427356,2026-07-10T00:09:29.442535+00:00,110.8,5,ask,Xinhong Shan,AverageAlmonds,14450618
2026-07-10T00:09:29.742450,2026-07-10T00:09:29.749343+00:00,110.7,40,ask,Andy Garg,YieldingYams,14450626
2026-07-10T00:09:29.857463,2026-07-10T00:09:29.869051+00:00,110.7,62,bid,Lachy Miller,YieldingYams,14450628
2026-07-10T00:09:30.324181,2026-07-10T00:09:30.334726+00:00,110.7,200,bid,WavyWalnuts,YieldingYams,14450640
2026-07-10T00:09:30.702930,2026-07-10T00:09:30.714610+00:00,110.7,40,bid,Andy Garg,YieldingYams,14450648
2026-07-10T00:09:31.051196,2026-07-10T00:09:31.052775+00:00,110.7,5,bid,YieldingYams,Xinhong Shan,14450650
2026-07-10T00:09:31.533467,2026-07-10T00:09:31.544899+00:00,110.9,200,bid,WavyWalnuts,YieldingYams,14450658
2026-07-10T00:09:32.747253,2026-07-10T00:09:32.758630+00:00,110.9,5,bid,WavyWalnuts,Xinhong Shan,14450669
