timestamp,recv_time,price,volume,aggressor_side,buyer,seller,trade_id
2026-07-01T19:43:36.766028,2026-07-01T09:43:38.143374+00:00,82.5,200,bid,,,2081959
2026-07-01T19:43:37.981008,2026-07-01T09:43:39.358437+00:00,82.4,200,ask,,,2081977
2026-07-01T19:43:39.191761,2026-07-01T09:43:40.568448+00:00,82.4,200,ask,,,2082005
2026-07-01T19:43:40.063621,2026-07-01T09:43:41.448448+00:00,82.4,20,ask,,,2082019
2026-07-01T19:43:40.412894,2026-07-01T09:43:41.789448+00:00,82.4,200,ask,,,2082027
2026-07-01T19:43:41.621232,2026-07-01T09:43:42.999459+00:00,82.3,200,bid,,,2082046
2026-07-01T19:43:43.203747,2026-07-01T09:43:44.581815+00:00,82.4,10,bid,,,2082100
2026-07-01T19:43:43.414559,2026-07-01T09:43:44.790815+00:00,82.3,2,ask,,,2082108
2026-07-01T19:43:43.414559,2026-07-01T09:43:44.790815+00:00,82.3,200,ask,,,2082109
2026-07-01T19:43:46.473716,2026-07-01T09:43:47.848376+00:00,82.4,200,bid,,,2082168
2026-07-01T19:43:47.687048,2026-07-01T09:43:49.069119+00:00,82.4,200,bid,,,2082194
2026-07-01T19:43:49.978045,2026-07-01T09:43:51.356035+00:00,82.4,200,ask,,,2082247
2026-07-01T19:43:51.376762,2026-07-01T09:43:52.752549+00:00,82.3,10,bid,,,2082276
2026-07-01T19:43:52.608076,2026-07-01T09:43:53.983280+00:00,82.2,2,ask,,,2082300
2026-07-01T19:43:52.608076,2026-07-01T09:43:53.994280+00:00,82.2,500,ask,,,2082301
2026-07-01T19:43:52.608076,2026-07-01T09:43:53.994280+00:00,82.2,123,ask,,,2082302
2026-07-01T19:43:53.918452,2026-07-01T09:43:55.295466+00:00,82.3,200,bid,,,2082341
2026-07-01T19:43:54.307135,2026-07-01T09:43:55.680465+00:00,82.4,20,ask,,,2082346
2026-07-01T19:43:54.962320,2026-07-01T09:43:56.340005+00:00,82.5,3,bid,,,2082365
2026-07-01T19:43:54.962320,2026-07-01T09:43:56.340005+00:00,82.5,197,bid,,,2082366
2026-07-01T19:43:56.223876,2026-07-01T09:43:57.604248+00:00,82.3,35,ask,,,2082392
2026-07-01T19:43:56.315600,2026-07-01T09:43:57.692248+00:00,82.3,35,ask,,,2082398
2026-07-01T19:43:56.408402,2026-07-01T09:43:57.791248+00:00,82.3,28,ask,,,2082402
2026-07-01T19:43:56.450460,2026-07-01T09:43:57.824248+00:00,82.4,10,bid,,,2082405
2026-07-01T19:43:57.805638,2026-07-01T09:43:59.187806+00:00,82.3,20,ask,,,2082439
2026-07-01T19:43:58.038763,2026-07-01T09:43:59.418806+00:00,82.3,35,ask,,,2082442
2026-07-01T19:43:58.131562,2026-07-01T09:43:59.506806+00:00,82.3,35,ask,,,2082447
2026-07-01T19:43:58.227837,2026-07-01T09:43:59.605806+00:00,82.3,10,ask,,,2082449
2026-07-01T19:43:58.605947,2026-07-01T09:43:59.979806+00:00,82.3,200,ask,,,2082454
2026-07-01T19:44:01.028515,2026-07-01T09:44:02.410806+00:00,82.4,200,bid,,,2082511
2026-07-01T19:44:04.686983,2026-07-01T09:44:06.062357+00:00,82.4,200,ask,,,2082581
2026-07-01T19:44:05.700359,2026-07-01T09:44:07.073914+00:00,82.6,20,bid,,,2082598
2026-07-01T19:44:08.408524,2026-07-01T09:44:09.801623+00:00,82.4,200,ask,,,2082661
2026-07-01T19:44:11.048608,2026-07-01T09:44:12.431621+00:00,82.4,200,bid,,,2082720
2026-07-01T19:44:12.748662,2026-07-01T09:44:14.124149+00:00,82.4,10,ask,,,2082746
2026-07-01T19:44:13.674580,2026-07-01T09:44:15.048148+00:00,82.5,200,ask,,,2082770
2026-07-01T19:44:14.367411,2026-07-01T09:44:15.741148+00:00,82.3,200,bid,,,2082794
2026-07-01T19:44:14.539261,2026-07-01T09:44:15.917148+00:00,82.3,225,bid,,,2082800
2026-07-01T19:44:15.578812,2026-07-01T09:44:16.961699+00:00,82.5,200,ask,,,2082830
2026-07-01T19:44:17.322979,2026-07-01T09:44:18.701802+00:00,82.3,10,ask,,,2082857
2026-07-01T19:44:18.003623,2026-07-01T09:44:19.383793+00:00,82.5,200,bid,,,2082880
2026-07-01T19:44:20.235385,2026-07-01T09:44:21.616793+00:00,82.6,2,bid,,,2082940
2026-07-01T19:44:22.861666,2026-07-01T09:44:24.235757+00:00,82.5,200,ask,,,2083009
2026-07-01T19:44:23.973324,2026-07-01T09:44:25.346759+00:00,82.7,1,bid,,,2083026
2026-07-01T19:44:23.973324,2026-07-01T09:44:25.357759+00:00,82.7,9,bid,,,2083027
2026-07-01T19:44:24.731495,2026-07-01T09:44:26.105328+00:00,82.5,20,ask,,,2083054
2026-07-01T19:44:24.988957,2026-07-01T09:44:26.369326+00:00,82.6,10,bid,,,2083059
2026-07-01T19:44:26.499558,2026-07-01T09:44:27.876326+00:00,82.6,200,bid,,,2083091
2026-07-01T19:44:28.935997,2026-07-01T09:44:30.317868+00:00,82.6,200,ask,,,2083165
2026-07-01T19:44:31.574447,2026-07-01T09:44:32.948868+00:00,82.7,2,bid,,,2083227
2026-07-01T19:44:31.574447,2026-07-01T09:44:32.948868+00:00,82.7,8,bid,,,2083228
2026-07-01T19:44:33.346040,2026-07-01T09:44:34.719399+00:00,82.6,200,ask,,,2083271
2026-07-01T19:44:33.496972,2026-07-01T09:44:34.873399+00:00,82.5,20,ask,,,2083276
2026-07-01T19:44:34.605181,2026-07-01T09:44:35.983914+00:00,82.6,10,bid,,,2083300
2026-07-01T19:44:35.036232,2026-07-01T09:44:36.412968+00:00,82.5,200,ask,,,2083311
2026-07-01T19:44:37.456104,2026-07-01T09:44:38.835110+00:00,82.6,200,bid,,,2083357
2026-07-01T19:44:38.654636,2026-07-01T09:44:40.037110+00:00,82.7,6,bid,,,2083386
2026-07-01T19:44:38.668354,2026-07-01T09:44:40.059110+00:00,82.6,200,ask,,,2083387
2026-07-01T19:44:39.134166,2026-07-01T09:44:40.510109+00:00,82.8,35,bid,,,2083398
2026-07-01T19:44:39.165066,2026-07-01T09:44:40.543109+00:00,82.8,4,bid,,,2083400
2026-07-01T19:44:39.224060,2026-07-01T09:44:40.598109+00:00,82.8,35,bid,,,2083402
2026-07-01T19:44:39.317133,2026-07-01T09:44:40.697109+00:00,82.8,35,bid,,,2083407
2026-07-01T19:44:39.406731,2026-07-01T09:44:40.785110+00:00,82.8,35,bid,,,2083410
2026-07-01T19:44:39.499827,2026-07-01T09:44:40.873110+00:00,82.8,10,bid,,,2083412
2026-07-01T19:44:39.879760,2026-07-01T09:44:41.258110+00:00,82.6,200,ask,,,2083429
2026-07-01T19:44:39.916649,2026-07-01T09:44:41.291109+00:00,82.6,28,bid,,,2083430
2026-07-01T19:44:39.931698,2026-07-01T09:44:41.313109+00:00,82.6,100,bid,,,2083432
2026-07-01T19:44:40.016605,2026-07-01T09:44:41.390109+00:00,82.4,4,ask,,,2083433
2026-07-01T19:44:40.016605,2026-07-01T09:44:41.412109+00:00,82.4,24,ask,,,2083434
2026-07-01T19:44:44.740278,2026-07-01T09:44:46.120253+00:00,82.5,20,ask,,,2083531
2026-07-01T19:44:47.142569,2026-07-01T09:44:48.517301+00:00,82.4,7,ask,,,2083607
2026-07-01T19:44:47.142569,2026-07-01T09:44:48.517301+00:00,82.4,193,ask,,,2083608
2026-07-01T19:44:48.369534,2026-07-01T09:44:49.749301+00:00,82.4,6,ask,,,2083637
2026-07-01T19:44:48.369534,2026-07-01T09:44:49.749301+00:00,82.4,194,ask,,,2083638
2026-07-01T19:44:48.466211,2026-07-01T09:44:49.848302+00:00,82.5,500,bid,,,2083639
2026-07-01T19:44:48.608439,2026-07-01T09:44:49.991300+00:00,82.5,100,bid,,,2083642
2026-07-01T19:44:48.612433,2026-07-01T09:44:49.991300+00:00,82.5,25,bid,,,2083643
2026-07-01T19:44:49.106177,2026-07-01T09:44:50.488302+00:00,82.7,2,bid,,,2083657
2026-07-01T19:44:49.581885,2026-07-01T09:44:50.961301+00:00,82.8,200,ask,,,2083669
2026-07-01T19:44:50.692030,2026-07-01T09:44:52.072317+00:00,82.7,25,bid,,,2083692
2026-07-01T19:44:50.793048,2026-07-01T09:44:52.171317+00:00,82.6,200,ask,,,2083693
2026-07-01T19:44:55.697825,2026-07-01T09:44:57.075079+00:00,82.7,500,bid,,,2083792
2026-07-01T19:44:55.697825,2026-07-01T09:44:57.075079+00:00,82.7,125,bid,,,2083793
2026-07-01T19:44:57.012160,2026-07-01T09:44:58.394663+00:00,82.5,200,ask,,,2083813
2026-07-01T19:44:57.319094,2026-07-01T09:44:58.695662+00:00,82.4,8,ask,,,2083817
2026-07-01T19:44:57.319094,2026-07-01T09:44:58.706662+00:00,82.4,12,ask,,,2083818
2026-07-01T19:45:00.386750,2026-07-01T09:45:01.764184+00:00,82.5,10,bid,,,2083905
2026-07-01T19:45:00.712694,2026-07-01T09:45:02.094183+00:00,82.5,25,bid,,,2083908
2026-07-01T19:45:00.792376,2026-07-01T09:45:02.171184+00:00,82.4,4,ask,,,2083911
2026-07-01T19:45:00.966714,2026-07-01T09:45:02.347184+00:00,82.3,200,ask,,,2083915
2026-07-01T19:45:00.966714,2026-07-01T09:45:02.347184+00:00,82.3,425,ask,,,2083916
2026-07-01T19:45:01.696546,2026-07-01T09:45:03.073182+00:00,82.4,200,ask,,,2083934
2026-07-01T19:45:02.911242,2026-07-01T09:45:04.293339+00:00,82.5,200,ask,,,2083970
2026-07-01T19:45:04.949477,2026-07-01T09:45:06.327425+00:00,82.4,4,ask,,,2084019
2026-07-01T19:45:04.949477,2026-07-01T09:45:06.327425+00:00,82.4,500,ask,,,2084020
2026-07-01T19:45:05.338348,2026-07-01T09:45:06.712425+00:00,82.4,121,bid,,,2084035
2026-07-01T19:45:06.261377,2026-07-01T09:45:07.636426+00:00,82.5,200,bid,,,2084057
2026-07-01T19:45:06.345224,2026-07-01T09:45:07.724425+00:00,82.6,12,ask,,,2084060
2026-07-01T19:45:10.205300,2026-07-01T09:45:11.586280+00:00,82.8,2,bid,,,2084152
2026-07-01T19:45:10.205300,2026-07-01T09:45:11.586280+00:00,82.8,500,bid,,,2084153
2026-07-01T19:45:10.205300,2026-07-01T09:45:11.586280+00:00,82.8,123,bid,,,2084154
2026-07-01T19:45:16.795066,2026-07-01T09:45:18.174374+00:00,82.7,5,bid,,,2084286
2026-07-01T19:45:16.816677,2026-07-01T09:45:18.196374+00:00,82.7,35,ask,,,2084290
2026-07-01T19:45:16.911657,2026-07-01T09:45:18.295008+00:00,82.7,35,ask,,,2084294
2026-07-01T19:45:17.004868,2026-07-01T09:45:18.383009+00:00,82.7,35,ask,,,2084303
2026-07-01T19:45:18.681406,2026-07-01T09:45:20.060008+00:00,82.7,200,ask,,,2084350
2026-07-01T19:45:19.494175,2026-07-01T09:45:20.874019+00:00,82.6,35,bid,,,2084366
2026-07-01T19:45:19.591995,2026-07-01T09:45:20.973019+00:00,82.6,24,bid,,,2084370
2026-07-01T19:45:19.887368,2026-07-01T09:45:21.270028+00:00,82.6,200,bid,,,2084373
2026-07-01T19:45:20.329272,2026-07-01T09:45:21.710028+00:00,82.5,9,ask,,,2084384
2026-07-01T19:45:20.498979,2026-07-01T09:45:21.875019+00:00,82.5,9,ask,,,2084395
2026-07-01T19:45:20.689569,2026-07-01T09:45:22.062020+00:00,82.6,20,bid,,,2084406
2026-07-01T19:45:20.763342,2026-07-01T09:45:22.150019+00:00,82.6,21,ask,,,2084411
2026-07-01T19:45:21.098397,2026-07-01T09:45:22.480019+00:00,82.6,200,ask,,,2084417
2026-07-01T19:45:24.224181,2026-07-01T09:45:25.604020+00:00,82.5,200,bid,,,2084494
2026-07-01T19:45:24.676664,2026-07-01T09:45:26.055019+00:00,82.5,300,ask,,,2084505
2026-07-01T19:45:24.729984,2026-07-01T09:45:26.109137+00:00,82.5,200,bid,,,2084507
2026-07-01T19:45:25.140508,2026-07-01T09:45:26.516136+00:00,82.5,20,bid,,,2084515
2026-07-01T19:45:25.433080,2026-07-01T09:45:26.813137+00:00,82.5,105,bid,,,2084524
2026-07-01T19:45:25.984295,2026-07-01T09:45:27.363136+00:00,82.6,200,bid,,,2084539
2026-07-01T19:45:29.926425,2026-07-01T09:45:31.310791+00:00,82.8,1,bid,,,2084607
2026-07-01T19:45:29.926425,2026-07-01T09:45:31.310791+00:00,82.9,200,bid,,,2084608
2026-07-01T19:45:29.926425,2026-07-01T09:45:31.310791+00:00,82.9,424,bid,,,2084609
2026-07-01T19:45:30.776112,2026-07-01T09:45:32.157469+00:00,82.8,4,bid,,,2084627
2026-07-01T19:45:30.828394,2026-07-01T09:45:32.212469+00:00,82.9,2,ask,,,2084629
2026-07-01T19:45:30.918607,2026-07-01T09:45:32.300468+00:00,82.9,2,ask,,,2084636
2026-07-01T19:45:31.014968,2026-07-01T09:45:32.388470+00:00,82.9,1,ask,,,2084644
2026-07-01T19:45:31.244858,2026-07-01T09:45:32.619470+00:00,82.9,191,ask,,,2084653
2026-07-01T19:45:31.985964,2026-07-01T09:45:33.366657+00:00,82.7,200,bid,,,2084670
2026-07-01T19:45:33.030393,2026-07-01T09:45:34.411638+00:00,82.7,35,ask,,,2084691
2026-07-01T19:45:33.122155,2026-07-01T09:45:34.499636+00:00,82.7,35,ask,,,2084694
2026-07-01T19:45:33.197870,2026-07-01T09:45:34.576637+00:00,82.8,3,bid,,,2084695
2026-07-01T19:45:33.215068,2026-07-01T09:45:34.598637+00:00,82.8,3,ask,,,2084698
2026-07-01T19:45:33.220113,2026-07-01T09:45:34.598637+00:00,82.8,77,ask,,,2084699
2026-07-01T19:45:33.868980,2026-07-01T09:45:35.247637+00:00,82.8,117,ask,,,2084715
2026-07-01T19:45:36.488397,2026-07-01T09:45:37.867717+00:00,82.7,200,ask,,,2084776
2026-07-01T19:45:40.428534,2026-07-01T09:45:41.804713+00:00,82.7,200,ask,,,2084864
2026-07-01T19:45:41.738887,2026-07-01T09:45:43.113714+00:00,82.7,200,bid,,,2084890
2026-07-01T19:45:42.899475,2026-07-01T09:45:44.278954+00:00,82.8,200,ask,,,2084917
2026-07-01T19:45:44.360173,2026-07-01T09:45:45.741962+00:00,82.8,200,bid,,,2084943
2026-07-01T19:45:45.643855,2026-07-01T09:45:47.017499+00:00,82.8,123,ask,,,2084982
2026-07-01T19:45:45.757045,2026-07-01T09:45:47.138500+00:00,82.7,25,ask,,,2084984
2026-07-01T19:45:45.963353,2026-07-01T09:45:47.336499+00:00,82.7,10,ask,,,2084991
2026-07-01T19:45:47.740297,2026-07-01T09:45:49.120759+00:00,82.8,200,bid,,,2085032
2026-07-01T19:45:48.372002,2026-07-01T09:45:49.747772+00:00,82.8,20,bid,,,2085042
2026-07-01T19:45:48.949422,2026-07-01T09:45:50.330771+00:00,82.8,200,bid,,,2085067
2026-07-01T19:45:50.161349,2026-07-01T09:45:51.540771+00:00,82.7,200,ask,,,2085091
2026-07-01T19:45:50.777635,2026-07-01T09:45:52.156771+00:00,82.7,25,ask,,,2085106
2026-07-01T19:45:53.455226,2026-07-01T09:45:54.828809+00:00,82.6,20,ask,,,2085161
2026-07-01T19:45:53.562191,2026-07-01T09:45:54.938809+00:00,82.6,180,ask,,,2085165
2026-07-01T19:45:54.883291,2026-07-01T09:45:56.258358+00:00,82.7,200,bid,,,2085186
2026-07-01T19:45:55.011153,2026-07-01T09:45:56.390358+00:00,82.7,200,ask,,,2085188
2026-07-01T19:45:56.110758,2026-07-01T09:45:57.490358+00:00,82.7,10,ask,,,2085219
2026-07-01T19:45:56.204873,2026-07-01T09:45:57.589360+00:00,82.6,200,ask,,,2085226
2026-07-01T19:45:56.352415,2026-07-01T09:45:57.732358+00:00,82.6,20,bid,,,2085228
2026-07-01T19:45:57.512701,2026-07-01T09:45:58.885822+00:00,82.7,200,bid,,,2085257
2026-07-01T19:46:00.742023,2026-07-01T09:46:02.120834+00:00,82.7,10,ask,,,2085331
2026-07-01T19:46:04.692479,2026-07-01T09:46:06.068982+00:00,82.8,200,ask,,,2085425
2026-07-01T19:46:06.687922,2026-07-01T09:46:08.069779+00:00,82.9,2,bid,,,2085470
2026-07-01T19:46:06.687922,2026-07-01T09:46:08.069779+00:00,82.9,200,bid,,,2085471
2026-07-01T19:46:07.110336,2026-07-01T09:46:08.486646+00:00,82.9,200,ask,,,2085484
2026-07-01T19:46:08.000314,2026-07-01T09:46:09.377645+00:00,82.8,500,ask,,,2085507
2026-07-01T19:46:08.439674,2026-07-01T09:46:09.817644+00:00,82.8,125,bid,,,2085518
2026-07-01T19:46:08.439674,2026-07-01T09:46:09.817644+00:00,82.8,200,bid,,,2085519
2026-07-01T19:46:09.530732,2026-07-01T09:46:10.906645+00:00,82.8,200,ask,,,2085545
2026-07-01T19:46:10.618639,2026-07-01T09:46:11.995644+00:00,82.9,1,bid,,,2085569
2026-07-01T19:46:10.740376,2026-07-01T09:46:12.127644+00:00,83.0,200,ask,,,2085573
2026-07-01T19:46:11.843735,2026-07-01T09:46:13.227644+00:00,83.0,20,ask,,,2085587
2026-07-01T19:46:11.950044,2026-07-01T09:46:13.325656+00:00,83.0,200,ask,,,2085594
2026-07-01T19:46:13.250455,2026-07-01T09:46:14.623657+00:00,83.1,3,bid,,,2085630
2026-07-01T19:46:14.863180,2026-07-01T09:46:16.240684+00:00,83.2,10,bid,,,2085668
2026-07-01T19:46:15.908066,2026-07-01T09:46:17.285683+00:00,83.0,200,ask,,,2085701
2026-07-01T19:46:15.949261,2026-07-01T09:46:17.329683+00:00,83.0,35,bid,,,2085702
2026-07-01T19:46:16.039311,2026-07-01T09:46:17.417684+00:00,83.0,35,bid,,,2085705
2026-07-01T19:46:16.130219,2026-07-01T09:46:17.505684+00:00,83.0,35,bid,,,2085710
2026-07-01T19:46:16.222069,2026-07-01T09:46:17.604684+00:00,83.0,2,bid,,,2085713
2026-07-01T19:46:17.896246,2026-07-01T09:46:19.275246+00:00,82.9,10,ask,,,2085752
2026-07-01T19:46:18.002906,2026-07-01T09:46:19.385246+00:00,83.0,35,ask,,,2085754
2026-07-01T19:46:18.101414,2026-07-01T09:46:19.484246+00:00,83.0,15,ask,,,2085756
2026-07-01T19:46:20.138937,2026-07-01T09:46:21.519259+00:00,83.0,20,ask,,,2085796
2026-07-01T19:46:21.457509,2026-07-01T09:46:22.839258+00:00,83.1,10,bid,,,2085838
2026-07-01T19:46:22.870566,2026-07-01T09:46:24.246803+00:00,83.0,200,ask,,,2085858
2026-07-01T19:46:24.077327,2026-07-01T09:46:25.458795+00:00,83.0,200,bid,,,2085880
2026-07-01T19:46:24.360225,2026-07-01T09:46:25.733795+00:00,83.0,35,bid,,,2085884
2026-07-01T19:46:24.453395,2026-07-01T09:46:25.832795+00:00,83.0,35,bid,,,2085886
2026-07-01T19:46:24.544951,2026-07-01T09:46:25.920794+00:00,83.0,30,bid,,,2085892
2026-07-01T19:46:25.297918,2026-07-01T09:46:26.679364+00:00,83.0,200,bid,,,2085904
2026-07-01T19:46:26.447847,2026-07-01T09:46:27.823364+00:00,83.1,2,bid,,,2085923
2026-07-01T19:46:28.322376,2026-07-01T09:46:29.703758+00:00,83.1,2,bid,,,2085959
2026-07-01T19:46:29.085269,2026-07-01T09:46:30.462759+00:00,83.1,200,bid,,,2085978
2026-07-01T19:46:30.401010,2026-07-01T09:46:31.782758+00:00,83.0,200,ask,,,2086000
2026-07-01T19:46:30.512640,2026-07-01T09:46:31.892758+00:00,83.0,20,bid,,,2086003
2026-07-01T19:46:33.014779,2026-07-01T09:46:34.389579+00:00,82.9,5,ask,,,2086052
2026-07-01T19:46:33.014779,2026-07-01T09:46:34.400580+00:00,82.9,15,ask,,,2086053
2026-07-01T19:46:33.044304,2026-07-01T09:46:34.422579+00:00,83.0,200,bid,,,2086058
2026-07-01T19:46:33.769342,2026-07-01T09:46:35.148579+00:00,83.0,200,ask,,,2086068
2026-07-01T19:46:34.976543,2026-07-01T09:46:36.357638+00:00,83.0,200,bid,,,2086096
2026-07-01T19:46:38.610646,2026-07-01T09:46:39.987038+00:00,83.1,200,bid,,,2086172
2026-07-01T19:46:39.826663,2026-07-01T09:46:41.207419+00:00,83.0,200,ask,,,2086190
2026-07-01T19:46:41.673131,2026-07-01T09:46:43.055418+00:00,82.9,2,ask,,,2086233
2026-07-01T19:46:41.673131,2026-07-01T09:46:43.055418+00:00,82.9,18,ask,,,2086234
2026-07-01T19:46:42.237656,2026-07-01T09:46:43.616509+00:00,83.1,200,bid,,,2086245
2026-07-01T19:46:42.676897,2026-07-01T09:46:44.056519+00:00,83.1,150,ask,,,2086268
2026-07-01T19:46:43.474234,2026-07-01T09:46:44.848530+00:00,83.1,200,ask,,,2086283
2026-07-01T19:46:44.682642,2026-07-01T09:46:46.058529+00:00,83.1,200,bid,,,2086312
2026-07-01T19:46:45.898118,2026-07-01T09:46:47.279070+00:00,83.0,200,bid,,,2086342
2026-07-01T19:46:46.535569,2026-07-01T09:46:47.917070+00:00,83.1,7,ask,,,2086354
2026-07-01T19:46:47.114521,2026-07-01T09:46:48.488650+00:00,83.1,200,ask,,,2086362
2026-07-01T19:46:48.291929,2026-07-01T09:46:49.665649+00:00,83.1,20,ask,,,2086384
2026-07-01T19:46:49.531163,2026-07-01T09:46:50.908649+00:00,83.2,1,bid,,,2086411
2026-07-01T19:46:49.531163,2026-07-01T09:46:50.908649+00:00,83.2,199,bid,,,2086412
2026-07-01T19:46:50.744303,2026-07-01T09:46:52.118821+00:00,83.1,200,bid,,,2086439
2026-07-01T19:46:51.170273,2026-07-01T09:46:52.547821+00:00,83.0,20,ask,,,2086444
2026-07-01T19:46:54.102484,2026-07-01T09:46:55.476920+00:00,83.0,200,ask,,,2086510
2026-07-01T19:46:54.393573,2026-07-01T09:46:55.773920+00:00,83.0,200,bid,,,2086529
2026-07-01T19:46:55.143439,2026-07-01T09:46:56.521484+00:00,83.0,20,bid,,,2086544
2026-07-01T19:47:00.469391,2026-07-01T09:47:01.844607+00:00,83.0,200,bid,,,2086656
2026-07-01T19:47:01.611118,2026-07-01T09:47:02.988608+00:00,83.1,35,bid,,,2086685
2026-07-01T19:47:01.680979,2026-07-01T09:47:03.054608+00:00,83.1,200,bid,,,2086689
2026-07-01T19:47:01.703748,2026-07-01T09:47:03.087608+00:00,83.1,35,bid,,,2086690
2026-07-01T19:47:01.794677,2026-07-01T09:47:03.175607+00:00,83.1,35,bid,,,2086695
2026-07-01T19:47:01.889663,2026-07-01T09:47:03.274608+00:00,83.1,35,bid,,,2086705
2026-07-01T19:47:01.988035,2026-07-01T09:47:03.362608+00:00,83.0,33,ask,,,2086712
2026-07-01T19:47:04.629484,2026-07-01T09:47:06.003619+00:00,83.1,500,bid,,,2086781
2026-07-01T19:47:04.767402,2026-07-01T09:47:06.146153+00:00,83.1,125,ask,,,2086783
2026-07-01T19:47:06.545920,2026-07-01T09:47:07.928153+00:00,82.9,200,ask,,,2086826
2026-07-01T19:47:10.183660,2026-07-01T09:47:11.558693+00:00,83.0,200,bid,,,2086914
2026-07-01T19:47:12.495720,2026-07-01T09:47:13.879348+00:00,83.0,200,bid,,,2086965
2026-07-01T19:47:12.674418,2026-07-01T09:47:14.055348+00:00,83.0,425,ask,,,2086967
2026-07-01T19:47:12.674418,2026-07-01T09:47:14.055348+00:00,83.0,75,ask,,,2086968
2026-07-01T19:47:13.264406,2026-07-01T09:47:14.648856+00:00,83.0,125,ask,,,2086995
2026-07-01T19:47:13.814028,2026-07-01T09:47:15.198855+00:00,82.7,200,bid,,,2087007
2026-07-01T19:47:14.822904,2026-07-01T09:47:16.199421+00:00,82.7,20,bid,,,2087020
2026-07-01T19:47:15.025168,2026-07-01T09:47:16.408421+00:00,82.7,200,bid,,,2087025
2026-07-01T19:47:15.157197,2026-07-01T09:47:16.540421+00:00,82.8,35,ask,,,2087035
2026-07-01T19:47:15.247088,2026-07-01T09:47:16.627936+00:00,82.8,35,ask,,,2087038
2026-07-01T19:47:15.341681,2026-07-01T09:47:16.715936+00:00,82.8,30,ask,,,2087043
2026-07-01T19:47:16.070299,2026-07-01T09:47:17.452936+00:00,82.8,10,ask,,,2087058
2026-07-01T19:47:16.240507,2026-07-01T09:47:17.617936+00:00,82.8,200,ask,,,2087065
2026-07-01T19:47:17.448313,2026-07-01T09:47:18.829012+00:00,82.7,200,ask,,,2087086
2026-07-01T19:47:17.472584,2026-07-01T09:47:18.851013+00:00,82.9,20,bid,,,2087087
2026-07-01T19:47:18.603856,2026-07-01T09:47:19.984013+00:00,82.8,20,ask,,,2087103
2026-07-01T19:47:18.656211,2026-07-01T09:47:20.039012+00:00,82.8,200,ask,,,2087104
2026-07-01T19:47:20.369809,2026-07-01T09:47:21.743325+00:00,82.9,200,bid,,,2087143
2026-07-01T19:47:20.624067,2026-07-01T09:47:22.007324+00:00,83.0,10,bid,,,2087151
2026-07-01T19:47:21.144241,2026-07-01T09:47:22.524325+00:00,82.9,425,ask,,,2087157
2026-07-01T19:47:21.144241,2026-07-01T09:47:22.524325+00:00,82.9,75,ask,,,2087158
2026-07-01T19:47:21.685287,2026-07-01T09:47:23.063325+00:00,82.9,125,ask,,,2087167
2026-07-01T19:47:22.279226,2026-07-01T09:47:23.657446+00:00,82.8,200,ask,,,2087181
2026-07-01T19:47:23.042544,2026-07-01T09:47:24.416446+00:00,82.8,35,bid,,,2087195
2026-07-01T19:47:23.134313,2026-07-01T09:47:24.515445+00:00,82.8,35,bid,,,2087199
2026-07-01T19:47:23.225528,2026-07-01T09:47:24.603445+00:00,82.8,35,bid,,,2087205
2026-07-01T19:47:23.317351,2026-07-01T09:47:24.691446+00:00,82.8,35,bid,,,2087208
2026-07-01T19:47:23.413314,2026-07-01T09:47:24.790446+00:00,82.8,7,bid,,,2087212
2026-07-01T19:47:23.488288,2026-07-01T09:47:24.867446+00:00,82.7,1,ask,,,2087214
2026-07-01T19:47:23.830103,2026-07-01T09:47:25.208447+00:00,82.6,35,ask,,,2087219
2026-07-01T19:47:23.930967,2026-07-01T09:47:25.307447+00:00,82.6,35,ask,,,2087223
2026-07-01T19:47:24.022938,2026-07-01T09:47:25.406445+00:00,82.6,35,ask,,,2087231
2026-07-01T19:47:24.114492,2026-07-01T09:47:25.494446+00:00,82.6,35,ask,,,2087235
2026-07-01T19:47:24.203852,2026-07-01T09:47:25.582447+00:00,82.6,10,ask,,,2087240
2026-07-01T19:47:24.292462,2026-07-01T09:47:25.670446+00:00,82.7,8,bid,,,2087244
2026-07-01T19:47:24.426804,2026-07-01T09:47:25.802445+00:00,82.7,8,bid,,,2087260
2026-07-01T19:47:24.700575,2026-07-01T09:47:26.076993+00:00,82.6,200,ask,,,2087274
2026-07-01T19:47:25.631403,2026-07-01T09:47:27.011757+00:00,82.7,500,ask,,,2087290
2026-07-01T19:47:27.460367,2026-07-01T09:47:28.837308+00:00,82.8,20,bid,,,2087323
2026-07-01T19:47:30.893062,2026-07-01T09:47:32.269328+00:00,82.8,200,bid,,,2087393
2026-07-01T19:47:30.893062,2026-07-01T09:47:32.269328+00:00,83.0,7,bid,,,2087394
2026-07-01T19:47:30.893062,2026-07-01T09:47:32.280328+00:00,83.0,418,bid,,,2087395
2026-07-01T19:47:34.151471,2026-07-01T09:47:35.534806+00:00,82.9,20,bid,,,2087458
2026-07-01T19:47:38.049132,2026-07-01T09:47:39.427622+00:00,83.0,5,bid,,,2087547
2026-07-01T19:47:38.049132,2026-07-01T09:47:39.427622+00:00,83.0,195,bid,,,2087548
2026-07-01T19:47:39.260065,2026-07-01T09:47:40.637622+00:00,83.0,9,bid,,,2087575
2026-07-01T19:47:40.195821,2026-07-01T09:47:41.572622+00:00,83.0,191,ask,,,2087593
2026-07-01T19:47:43.467933,2026-07-01T09:47:44.848966+00:00,83.1,2,bid,,,2087665
2026-07-01T19:47:43.467933,2026-07-01T09:47:44.848966+00:00,83.1,6,bid,,,2087666
2026-07-01T19:47:43.604322,2026-07-01T09:47:44.980965+00:00,83.0,8,bid,,,2087678
2026-07-01T19:47:43.715232,2026-07-01T09:47:45.090977+00:00,83.0,8,bid,,,2087686
2026-07-01T19:47:43.831645,2026-07-01T09:47:45.211977+00:00,83.0,6,bid,,,2087695
2026-07-01T19:47:44.132287,2026-07-01T09:47:45.508985+00:00,83.0,200,bid,,,2087703
2026-07-01T19:47:46.671245,2026-07-01T09:47:48.049494+00:00,83.0,35,bid,,,2087755
2026-07-01T19:47:46.763134,2026-07-01T09:47:48.137494+00:00,83.0,35,bid,,,2087757
2026-07-01T19:47:46.815657,2026-07-01T09:47:48.192494+00:00,83.0,130,bid,,,2087759
2026-07-01T19:47:47.401690,2026-07-01T09:47:48.786008+00:00,83.1,5,bid,,,2087780
2026-07-01T19:47:47.827102,2026-07-01T09:47:49.204019+00:00,83.2,200,bid,,,2087792
2026-07-01T19:47:47.912709,2026-07-01T09:47:49.292019+00:00,83.2,5,bid,,,2087794
2026-07-01T19:47:49.441584,2026-07-01T09:47:50.821019+00:00,83.2,500,bid,,,2087821
2026-07-01T19:47:49.598879,2026-07-01T09:47:50.975029+00:00,83.2,125,ask,,,2087825
2026-07-01T19:47:49.898871,2026-07-01T09:47:51.282564+00:00,83.2,35,bid,,,2087835
2026-07-01T19:47:49.990080,2026-07-01T09:47:51.370563+00:00,83.2,35,bid,,,2087838
2026-07-01T19:47:50.079219,2026-07-01T09:47:51.458564+00:00,83.2,10,bid,,,2087842
2026-07-01T19:47:51.458013,2026-07-01T09:47:52.833556+00:00,83.2,200,bid,,,2087877
2026-07-01T19:47:52.560208,2026-07-01T09:47:53.944133+00:00,83.2,20,bid,,,2087902
2026-07-01T19:47:52.667967,2026-07-01T09:47:54.043132+00:00,83.1,200,bid,,,2087905
2026-07-01T19:47:53.880829,2026-07-01T09:47:55.264133+00:00,83.1,200,bid,,,2087928
2026-07-01T19:47:53.962790,2026-07-01T09:47:55.341132+00:00,83.1,20,bid,,,2087931
2026-07-01T19:47:54.483769,2026-07-01T09:47:55.858132+00:00,83.1,10,bid,,,2087945
2026-07-01T19:47:54.715665,2026-07-01T09:47:56.099672+00:00,83.0,109,bid,,,2087954
2026-07-01T19:47:55.089145,2026-07-01T09:47:56.462672+00:00,83.0,200,bid,,,2087964
2026-07-01T19:47:57.517222,2026-07-01T09:47:58.892290+00:00,83.0,200,bid,,,2088025
2026-07-01T19:47:58.073116,2026-07-01T09:47:59.453290+00:00,82.9,6,ask,,,2088036
2026-07-01T19:47:58.073116,2026-07-01T09:47:59.453290+00:00,82.9,494,ask,,,2088037
2026-07-01T19:47:58.134524,2026-07-01T09:47:59.508289+00:00,82.9,20,ask,,,2088042
2026-07-01T19:47:58.649802,2026-07-01T09:48:00.025290+00:00,82.7,91,bid,,,2088058
2026-07-01T19:47:58.728559,2026-07-01T09:48:00.102290+00:00,82.7,200,bid,,,2088062
2026-07-01T19:47:59.939434,2026-07-01T09:48:01.323290+00:00,82.8,200,bid,,,2088097
2026-07-01T19:48:02.359092,2026-07-01T09:48:03.743289+00:00,82.8,200,bid,,,2088147
2026-07-01T19:48:02.555441,2026-07-01T09:48:03.930290+00:00,82.8,300,bid,,,2088151
2026-07-01T19:48:02.917206,2026-07-01T09:48:04.293290+00:00,82.8,325,ask,,,2088153
2026-07-01T19:48:03.878298,2026-07-01T09:48:05.261290+00:00,82.7,4,ask,,,2088174
2026-07-01T19:48:03.878298,2026-07-01T09:48:05.261290+00:00,82.7,200,ask,,,2088175
2026-07-01T19:48:04.783083,2026-07-01T09:48:06.162938+00:00,82.6,200,bid,,,2088200
2026-07-01T19:48:05.206176,2026-07-01T09:48:06.580456+00:00,82.8,150,ask,,,2088210
2026-07-01T19:48:05.338951,2026-07-01T09:48:06.723456+00:00,82.8,475,ask,,,2088218
2026-07-01T19:48:06.023470,2026-07-01T09:48:07.405456+00:00,82.6,2,ask,,,2088229
2026-07-01T19:48:06.047106,2026-07-01T09:48:07.427456+00:00,82.5,35,ask,,,2088232
2026-07-01T19:48:06.139173,2026-07-01T09:48:07.515456+00:00,82.5,35,ask,,,2088236
2026-07-01T19:48:06.231897,2026-07-01T09:48:07.614456+00:00,82.5,28,ask,,,2088240
2026-07-01T19:48:07.204261,2026-07-01T09:48:08.582533+00:00,82.6,2,ask,,,2088247
2026-07-01T19:48:07.204261,2026-07-01T09:48:08.582533+00:00,82.5,198,ask,,,2088248
2026-07-01T19:48:07.418347,2026-07-01T09:48:08.802533+00:00,82.7,20,bid,,,2088259
2026-07-01T19:48:07.821931,2026-07-01T09:48:09.209533+00:00,82.6,2,ask,,,2088273
2026-07-01T19:48:07.842215,2026-07-01T09:48:09.220533+00:00,82.5,1,bid,,,2088275
2026-07-01T19:48:08.412237,2026-07-01T09:48:09.792533+00:00,82.5,200,bid,,,2088281
2026-07-01T19:48:09.632420,2026-07-01T09:48:11.013534+00:00,82.6,20,bid,,,2088310
2026-07-01T19:48:13.256200,2026-07-01T09:48:14.632152+00:00,82.6,1,ask,,,2088384
2026-07-01T19:48:13.256200,2026-07-01T09:48:14.632152+00:00,82.6,199,ask,,,2088385
2026-07-01T19:48:14.503155,2026-07-01T09:48:15.886173+00:00,82.7,200,ask,,,2088413
2026-07-01T19:48:15.634863,2026-07-01T09:48:17.018732+00:00,82.7,425,ask,,,2088440
2026-07-01T19:48:15.685555,2026-07-01T09:48:17.062731+00:00,82.5,1,ask,,,2088442
2026-07-01T19:48:15.723180,2026-07-01T09:48:17.106732+00:00,82.4,200,bid,,,2088443
2026-07-01T19:48:16.203398,2026-07-01T09:48:17.579732+00:00,82.2,9,ask,,,2088453
2026-07-01T19:48:16.932871,2026-07-01T09:48:18.315278+00:00,82.4,200,bid,,,2088466
2026-07-01T19:48:18.079167,2026-07-01T09:48:19.459280+00:00,82.5,5,ask,,,2088491
2026-07-01T19:48:24.038416,2026-07-01T09:48:25.413303+00:00,82.4,4,ask,,,2088618
2026-07-01T19:48:24.038416,2026-07-01T09:48:25.413303+00:00,82.4,31,ask,,,2088619
2026-07-01T19:48:24.151514,2026-07-01T09:48:25.534301+00:00,82.4,35,ask,,,2088629
2026-07-01T19:48:24.241900,2026-07-01T09:48:25.622302+00:00,82.4,9,ask,,,2088631
2026-07-01T19:48:24.925425,2026-07-01T09:48:26.303873+00:00,82.5,200,bid,,,2088643
2026-07-01T19:48:24.941020,2026-07-01T09:48:26.325873+00:00,82.5,49,ask,,,2088645
2026-07-01T19:48:25.437356,2026-07-01T09:48:26.820872+00:00,82.5,200,ask,,,2088661
2026-07-01T19:48:26.645079,2026-07-01T09:48:28.030872+00:00,82.5,200,bid,,,2088685
2026-07-01T19:48:29.063827,2026-07-01T09:48:30.439682+00:00,82.5,200,bid,,,2088729
2026-07-01T19:48:30.272962,2026-07-01T09:48:31.649693+00:00,82.6,200,bid,,,2088753
2026-07-01T19:48:31.484553,2026-07-01T09:48:32.859693+00:00,82.7,200,bid,,,2088785
2026-07-01T19:48:31.539248,2026-07-01T09:48:32.925693+00:00,82.7,500,bid,,,2088789
2026-07-01T19:48:31.993087,2026-07-01T09:48:33.375389+00:00,82.7,125,ask,,,2088800
2026-07-01T19:48:32.351087,2026-07-01T09:48:33.727380+00:00,82.4,4,ask,,,2088807
2026-07-01T19:48:32.692302,2026-07-01T09:48:34.067871+00:00,82.6,200,bid,,,2088819
2026-07-01T19:48:32.867510,2026-07-01T09:48:34.243870+00:00,82.6,300,bid,,,2088827
2026-07-01T19:48:32.879117,2026-07-01T09:48:34.254870+00:00,82.6,6,ask,,,2088829
2026-07-01T19:48:33.803778,2026-07-01T09:48:35.178872+00:00,82.6,319,ask,,,2088846
2026-07-01T19:48:33.899991,2026-07-01T09:48:35.288870+00:00,82.6,181,bid,,,2088848
2026-07-01T19:48:34.186659,2026-07-01T09:48:35.563870+00:00,82.6,19,ask,,,2088854
2026-07-01T19:48:34.186659,2026-07-01T09:48:35.563870+00:00,82.4,7,ask,,,2088855
2026-07-01T19:48:35.108288,2026-07-01T09:48:36.487444+00:00,82.4,200,bid,,,2088876
2026-07-01T19:48:36.245664,2026-07-01T09:48:37.620444+00:00,82.5,500,ask,,,2088893
2026-07-01T19:48:36.265292,2026-07-01T09:48:37.642443+00:00,82.7,8,bid,,,2088894
2026-07-01T19:48:36.265292,2026-07-01T09:48:37.642443+00:00,82.7,12,bid,,,2088895
2026-07-01T19:48:36.320193,2026-07-01T09:48:37.697443+00:00,82.5,125,ask,,,2088898
2026-07-01T19:48:37.530774,2026-07-01T09:48:38.906475+00:00,82.4,200,bid,,,2088930
2026-07-01T19:48:38.385008,2026-07-01T09:48:39.769466+00:00,82.4,20,bid,,,2088951
2026-07-01T19:48:42.068232,2026-07-01T09:48:43.442982+00:00,82.4,200,bid,,,2089041
2026-07-01T19:48:43.394327,2026-07-01T09:48:44.777505+00:00,82.4,200,ask,,,2089067
2026-07-01T19:48:46.048621,2026-07-01T09:48:47.427309+00:00,82.4,200,bid,,,2089118
2026-07-01T19:48:49.992011,2026-07-01T09:48:51.375119+00:00,82.4,200,bid,,,2089179
2026-07-01T19:48:51.356156,2026-07-01T09:48:52.739119+00:00,82.4,200,ask,,,2089215
2026-07-01T19:48:56.555198,2026-07-01T09:48:57.940756+00:00,82.4,500,bid,,,2089320
2026-07-01T19:48:56.794189,2026-07-01T09:48:58.171756+00:00,82.4,125,ask,,,2089325
2026-07-01T19:48:57.873434,2026-07-01T09:48:59.249075+00:00,82.3,200,ask,,,2089352
2026-07-01T19:48:57.873434,2026-07-01T09:48:59.249075+00:00,82.2,2,ask,,,2089353
2026-07-01T19:48:58.154231,2026-07-01T09:48:59.535074+00:00,82.2,200,bid,,,2089367
2026-07-01T19:48:58.333266,2026-07-01T09:48:59.711075+00:00,82.0,10,ask,,,2089371
2026-07-01T19:49:01.290591,2026-07-01T09:49:02.670157+00:00,82.3,20,bid,,,2089433
2026-07-01T19:49:03.006293,2026-07-01T09:49:04.385705+00:00,82.1,200,ask,,,2089472
2026-07-01T19:49:03.701174,2026-07-01T09:49:05.082704+00:00,82.1,20,bid,,,2089486
2026-07-01T19:49:04.454368,2026-07-01T09:49:05.830704+00:00,82.0,200,bid,,,2089512
2026-07-01T19:49:06.636229,2026-07-01T09:49:08.019281+00:00,82.0,200,ask,,,2089556
2026-07-01T19:49:07.845192,2026-07-01T09:49:09.228811+00:00,82.0,1,ask,,,2089584
2026-07-01T19:49:08.394489,2026-07-01T09:49:09.778814+00:00,81.9,200,ask,,,2089591
2026-07-01T19:49:09.056038,2026-07-01T09:49:10.438813+00:00,81.8,200,ask,,,2089609
2026-07-01T19:49:10.043698,2026-07-01T09:49:11.417812+00:00,82.0,20,bid,,,2089632
2026-07-01T19:49:10.270340,2026-07-01T09:49:11.648327+00:00,81.8,200,ask,,,2089640
2026-07-01T19:49:11.480026,2026-07-01T09:49:12.858327+00:00,81.9,200,ask,,,2089667
2026-07-01T19:49:12.691691,2026-07-01T09:49:14.068036+00:00,81.9,200,ask,,,2089687
2026-07-01T19:49:16.318910,2026-07-01T09:49:17.697594+00:00,81.9,1,ask,,,2089757
2026-07-01T19:49:16.341033,2026-07-01T09:49:17.719594+00:00,81.9,200,bid,,,2089758
2026-07-01T19:49:17.551524,2026-07-01T09:49:18.929142+00:00,81.9,200,bid,,,2089786
2026-07-01T19:49:18.947495,2026-07-01T09:49:20.326157+00:00,81.8,200,ask,,,2089825
2026-07-01T19:49:21.178746,2026-07-01T09:49:22.559332+00:00,81.8,200,bid,,,2089873
2026-07-01T19:49:21.920416,2026-07-01T09:49:23.296331+00:00,81.7,20,bid,,,2089885
2026-07-01T19:49:22.386773,2026-07-01T09:49:23.771431+00:00,81.7,200,bid,,,2089898
2026-07-01T19:49:23.605011,2026-07-01T09:49:24.981037+00:00,81.7,200,ask,,,2089927
2026-07-01T19:49:26.744417,2026-07-01T09:49:28.126552+00:00,81.8,20,bid,,,2090007
2026-07-01T19:49:28.118482,2026-07-01T09:49:29.501099+00:00,81.7,1,ask,,,2090036
2026-07-01T19:49:28.118482,2026-07-01T09:49:29.501099+00:00,81.7,200,ask,,,2090037
2026-07-01T19:49:28.445936,2026-07-01T09:49:29.831101+00:00,81.7,200,bid,,,2090054
2026-07-01T19:49:29.662718,2026-07-01T09:49:31.041102+00:00,81.8,200,ask,,,2090083
2026-07-01T19:49:31.677965,2026-07-01T09:49:33.054103+00:00,81.8,10,ask,,,2090138
2026-07-01T19:49:32.101850,2026-07-01T09:49:33.482483+00:00,81.8,200,ask,,,2090145
2026-07-01T19:49:33.711359,2026-07-01T09:49:35.088483+00:00,81.7,2,ask,,,2090186
2026-07-01T19:49:33.711359,2026-07-01T09:49:35.088483+00:00,81.7,8,ask,,,2090187
2026-07-01T19:49:37.839903,2026-07-01T09:49:39.215579+00:00,81.7,10,ask,,,2090278
2026-07-01T19:49:38.168949,2026-07-01T09:49:39.545578+00:00,81.8,200,bid,,,2090287
2026-07-01T19:49:38.665686,2026-07-01T09:49:40.040579+00:00,81.8,500,bid,,,2090304
2026-07-01T19:49:39.188643,2026-07-01T09:49:40.568580+00:00,81.8,125,ask,,,2090312
2026-07-01T19:49:39.847364,2026-07-01T09:49:41.228094+00:00,81.8,20,bid,,,2090326
2026-07-01T19:49:39.979043,2026-07-01T09:49:41.360094+00:00,81.7,200,ask,,,2090334
2026-07-01T19:49:43.021306,2026-07-01T09:49:44.395267+00:00,81.7,200,bid,,,2090386
2026-07-01T19:49:44.232930,2026-07-01T09:49:45.616276+00:00,81.7,200,bid,,,2090408
2026-07-01T19:49:45.442524,2026-07-01T09:49:46.825830+00:00,81.6,200,bid,,,2090428
2026-07-01T19:49:46.539447,2026-07-01T09:49:47.914822+00:00,81.6,500,bid,,,2090444
2026-07-01T19:49:46.652416,2026-07-01T09:49:48.035821+00:00,81.8,200,bid,,,2090447
2026-07-01T19:49:47.057999,2026-07-01T09:49:48.443469+00:00,81.6,125,ask,,,2090459
2026-07-01T19:49:47.863608,2026-07-01T09:49:49.246498+00:00,81.6,200,bid,,,2090479
2026-07-01T19:49:49.591928,2026-07-01T09:49:50.973489+00:00,81.5,10,ask,,,2090513
2026-07-01T19:49:49.925478,2026-07-01T09:49:51.303498+00:00,81.5,20,ask,,,2090521
2026-07-01T19:49:51.502456,2026-07-01T09:49:52.887489+00:00,81.5,200,ask,,,2090546
2026-07-01T19:49:52.721673,2026-07-01T09:49:54.097196+00:00,81.5,200,bid,,,2090565
2026-07-01T19:49:54.417953,2026-07-01T09:49:55.801710+00:00,81.4,3,ask,,,2090608
2026-07-01T19:49:54.417953,2026-07-01T09:49:55.801710+00:00,81.4,200,ask,,,2090609
2026-07-01T19:49:54.417953,2026-07-01T09:49:55.801710+00:00,81.2,422,ask,,,2090610
2026-07-01T19:49:54.787613,2026-07-01T09:49:56.163981+00:00,81.4,4,ask,,,2090617
2026-07-01T19:49:55.301781,2026-07-01T09:49:56.680981+00:00,81.3,6,ask,,,2090633
2026-07-01T19:49:55.677593,2026-07-01T09:49:57.054990+00:00,81.3,20,ask,,,2090637
2026-07-01T19:49:57.574204,2026-07-01T09:49:58.958544+00:00,81.4,200,bid,,,2090688
2026-07-01T19:49:57.928142,2026-07-01T09:49:59.310536+00:00,81.4,20,bid,,,2090697
2026-07-01T19:49:59.702744,2026-07-01T09:50:01.081537+00:00,81.5,200,bid,,,2090730
2026-07-01T19:49:59.999201,2026-07-01T09:50:01.378536+00:00,81.5,200,ask,,,2090733
2026-07-01T19:50:01.210129,2026-07-01T09:50:02.594535+00:00,81.4,200,ask,,,2090763
2026-07-01T19:50:01.417148,2026-07-01T09:50:02.792536+00:00,81.4,10,ask,,,2090766
2026-07-01T19:50:02.372969,2026-07-01T09:50:03.749719+00:00,81.3,4,ask,,,2090789
2026-07-01T19:50:02.372969,2026-07-01T09:50:03.749719+00:00,81.3,200,ask,,,2090790
2026-07-01T19:50:02.416282,2026-07-01T09:50:03.793719+00:00,81.3,200,bid,,,2090791
2026-07-01T19:50:03.626361,2026-07-01T09:50:05.003719+00:00,81.3,200,bid,,,2090831
2026-07-01T19:50:03.694837,2026-07-01T09:50:05.069719+00:00,81.5,200,bid,,,2090832
2026-07-01T19:50:04.635741,2026-07-01T09:50:06.015718+00:00,81.6,425,ask,,,2090854
2026-07-01T19:50:05.006740,2026-07-01T09:50:06.389257+00:00,81.5,200,bid,,,2090857
2026-07-01T19:50:06.044630,2026-07-01T09:50:07.423256+00:00,81.5,200,ask,,,2090887
2026-07-01T19:50:07.081938,2026-07-01T09:50:08.466970+00:00,81.5,500,ask,,,2090904
2026-07-01T19:50:07.257686,2026-07-01T09:50:08.631971+00:00,81.5,125,ask,,,2090907
2026-07-01T19:50:09.010837,2026-07-01T09:50:10.391963+00:00,81.4,10,bid,,,2090953
2026-07-01T19:50:10.026234,2026-07-01T09:50:11.403481+00:00,81.3,10,ask,,,2090976
2026-07-01T19:50:11.583328,2026-07-01T09:50:12.965511+00:00,81.2,2,ask,,,2091020
2026-07-01T19:50:11.583328,2026-07-01T09:50:12.965511+00:00,81.2,200,ask,,,2091021
2026-07-01T19:50:12.494128,2026-07-01T09:50:13.878643+00:00,81.2,423,bid,,,2091035
2026-07-01T19:50:12.494128,2026-07-01T09:50:13.878643+00:00,81.2,77,bid,,,2091036
2026-07-01T19:50:12.892018,2026-07-01T09:50:14.274642+00:00,81.2,123,bid,,,2091049
2026-07-01T19:50:13.325227,2026-07-01T09:50:14.714642+00:00,81.5,200,ask,,,2091051
2026-07-01T19:50:16.118776,2026-07-01T09:50:17.497191+00:00,81.4,10,bid,,,2091121
2026-07-01T19:50:17.672413,2026-07-01T09:50:19.051191+00:00,81.5,20,bid,,,2091166
2026-07-01T19:50:18.159630,2026-07-01T09:50:19.535192+00:00,81.5,10,bid,,,2091182
2026-07-01T19:50:19.385848,2026-07-01T09:50:20.767191+00:00,81.5,200,bid,,,2091207
2026-07-01T19:50:20.039423,2026-07-01T09:50:21.416192+00:00,81.4,20,ask,,,2091219
2026-07-01T19:50:22.084260,2026-07-01T09:50:23.462044+00:00,81.4,200,bid,,,2091261
2026-07-01T19:50:25.285235,2026-07-01T09:50:26.662640+00:00,81.5,20,bid,,,2091309
2026-07-01T19:50:26.031212,2026-07-01T09:50:27.410640+00:00,81.4,200,ask,,,2091324
2026-07-01T19:50:29.972164,2026-07-01T09:50:31.349737+00:00,81.3,200,ask,,,2091392
2026-07-01T19:50:30.292316,2026-07-01T09:50:31.668737+00:00,81.3,200,bid,,,2091402
2026-07-01T19:50:31.887660,2026-07-01T09:50:33.263227+00:00,81.3,10,ask,,,2091438
2026-07-01T19:50:32.600911,2026-07-01T09:50:33.978322+00:00,81.5,200,bid,,,2091447
2026-07-01T19:50:32.711205,2026-07-01T09:50:34.088322+00:00,81.5,200,ask,,,2091451
2026-07-01T19:50:34.956843,2026-07-01T09:50:36.342195+00:00,81.5,10,bid,,,2091494
2026-07-01T19:50:36.208412,2026-07-01T09:50:37.585196+00:00,81.4,20,ask,,,2091537
2026-07-01T19:50:37.017754,2026-07-01T09:50:38.398799+00:00,81.6,5,bid,,,2091550
2026-07-01T19:50:37.017754,2026-07-01T09:50:38.398799+00:00,81.6,5,bid,,,2091551
2026-07-01T19:50:37.866812,2026-07-01T09:50:39.245798+00:00,81.5,200,ask,,,2091570
2026-07-01T19:50:39.050163,2026-07-01T09:50:40.433809+00:00,81.5,10,bid,,,2091595
2026-07-01T19:50:40.507866,2026-07-01T09:50:41.885809+00:00,81.5,200,bid,,,2091623
2026-07-01T19:50:40.507866,2026-07-01T09:50:41.885809+00:00,81.6,425,bid,,,2091624
2026-07-01T19:50:41.823327,2026-07-01T09:50:43.205825+00:00,81.4,200,ask,,,2091646
2026-07-01T19:50:43.145762,2026-07-01T09:50:44.525825+00:00,81.4,200,bid,,,2091672
2026-07-01T19:50:43.603887,2026-07-01T09:50:44.987824+00:00,81.4,200,ask,,,2091679
2026-07-01T19:50:43.653085,2026-07-01T09:50:45.031824+00:00,81.6,1,bid,,,2091680
2026-07-01T19:50:43.653085,2026-07-01T09:50:45.031824+00:00,81.6,9,bid,,,2091681
2026-07-01T19:50:44.811842,2026-07-01T09:50:46.186505+00:00,81.5,200,bid,,,2091712
2026-07-01T19:50:45.767793,2026-07-01T09:50:47.143503+00:00,81.5,2,bid,,,2091731
2026-07-01T19:50:47.078168,2026-07-01T09:50:48.462813+00:00,81.6,200,bid,,,2091759
2026-07-01T19:50:47.234168,2026-07-01T09:50:48.616813+00:00,81.6,200,ask,,,2091761
2026-07-01T19:50:47.721443,2026-07-01T09:50:49.100813+00:00,81.7,10,bid,,,2091779
2026-07-01T19:50:48.441653,2026-07-01T09:50:49.815814+00:00,81.5,200,bid,,,2091786
2026-07-01T19:50:48.995866,2026-07-01T09:50:50.377261+00:00,81.5,20,bid,,,2091809
2026-07-01T19:50:49.653618,2026-07-01T09:50:51.037261+00:00,81.5,200,bid,,,2091824
2026-07-01T19:50:50.864973,2026-07-01T09:50:52.247261+00:00,81.6,2,bid,,,2091849
2026-07-01T19:50:50.864973,2026-07-01T09:50:52.247261+00:00,81.6,198,bid,,,2091850
2026-07-01T19:50:52.075189,2026-07-01T09:50:53.449326+00:00,81.6,200,bid,,,2091871
2026-07-01T19:50:53.290495,2026-07-01T09:50:54.670324+00:00,81.6,1,bid,,,2091902
2026-07-01T19:50:53.290495,2026-07-01T09:50:54.670324+00:00,81.6,199,bid,,,2091903
2026-07-01T19:50:55.720955,2026-07-01T09:50:57.101873+00:00,81.4,200,ask,,,2091958
2026-07-01T19:50:56.936247,2026-07-01T09:50:58.311411+00:00,81.5,200,ask,,,2091989
2026-07-01T19:50:58.562248,2026-07-01T09:50:59.938772+00:00,81.5,500,ask,,,2092035
2026-07-01T19:50:58.876863,2026-07-01T09:51:00.257773+00:00,81.5,200,ask,,,2092037
2026-07-01T19:50:59.761208,2026-07-01T09:51:01.137772+00:00,81.4,200,ask,,,2092058
2026-07-01T19:51:00.187101,2026-07-01T09:51:01.566773+00:00,81.4,300,bid,,,2092063
2026-07-01T19:51:00.357663,2026-07-01T09:51:01.742773+00:00,81.5,325,ask,,,2092066
2026-07-01T19:51:00.558949,2026-07-01T09:51:01.940773+00:00,81.4,175,bid,,,2092075
2026-07-01T19:51:00.956724,2026-07-01T09:51:02.336772+00:00,81.4,25,ask,,,2092085
2026-07-01T19:51:01.499468,2026-07-01T09:51:02.875773+00:00,81.2,2,ask,,,2092096
2026-07-01T19:51:01.519754,2026-07-01T09:51:02.897773+00:00,81.2,153,bid,,,2092102
2026-07-01T19:51:01.645401,2026-07-01T09:51:03.029772+00:00,81.2,3,bid,,,2092106
2026-07-01T19:51:01.755174,2026-07-01T09:51:03.139773+00:00,81.2,4,bid,,,2092112
2026-07-01T19:51:01.772725,2026-07-01T09:51:03.150773+00:00,81.2,200,bid,,,2092115
2026-07-01T19:51:02.443856,2026-07-01T09:51:03.820263+00:00,81.2,10,bid,,,2092129
2026-07-01T19:51:02.983288,2026-07-01T09:51:04.359263+00:00,81.2,200,bid,,,2092141
2026-07-01T19:51:03.830862,2026-07-01T09:51:05.206254+00:00,81.1,7,ask,,,2092153
2026-07-01T19:51:03.830862,2026-07-01T09:51:05.217253+00:00,81.1,13,ask,,,2092154
2026-07-01T19:51:04.770394,2026-07-01T09:51:06.151825+00:00,81.2,4,ask,,,2092171
2026-07-01T19:51:08.110211,2026-07-01T09:51:09.488339+00:00,81.1,1,ask,,,2092238
2026-07-01T19:51:09.043888,2026-07-01T09:51:10.423337+00:00,81.1,1,ask,,,2092261
2026-07-01T19:51:09.373417,2026-07-01T09:51:10.753349+00:00,81.0,200,ask,YieldingYams,WavyWalnuts,2092265
2026-07-01T19:51:09.373417,2026-07-01T09:51:10.753349+00:00,81.0,6,ask,,,2092266
2026-07-01T19:51:09.385924,2026-07-01T09:51:10.775350+00:00,81.0,35,bid,,,2092267
2026-07-01T19:51:09.484353,2026-07-01T09:51:10.863349+00:00,81.0,35,bid,,,2092269
2026-07-01T19:51:09.574378,2026-07-01T09:51:10.951349+00:00,81.0,35,bid,,,2092273
2026-07-01T19:51:09.667444,2026-07-01T09:51:11.050349+00:00,81.0,35,bid,,,2092275
2026-07-01T19:51:09.757318,2026-07-01T09:51:11.138349+00:00,81.0,10,bid,,,2092279
2026-07-01T19:51:10.259280,2026-07-01T09:51:11.644350+00:00,80.9,200,ask,,,2092284
2026-07-01T19:51:10.784217,2026-07-01T09:51:12.161349+00:00,80.9,5,ask,,,2092301
2026-07-01T19:51:10.784217,2026-07-01T09:51:12.161349+00:00,80.9,15,ask,,,2092302
2026-07-01T19:51:12.676010,2026-07-01T09:51:14.053436+00:00,81.0,2,ask,,,2092343
2026-07-01T19:51:13.743870,2026-07-01T09:51:15.120436+00:00,80.8,20,ask,,,2092362
2026-07-01T19:51:14.613261,2026-07-01T09:51:15.989436+00:00,81.0,200,bid,YieldingYams,WavyWalnuts,2092382
2026-07-01T19:51:14.613261,2026-07-01T09:51:15.989436+00:00,81.0,425,bid,,,2092383
2026-07-01T19:51:15.925251,2026-07-01T09:51:17.308980+00:00,80.8,200,ask,,,2092405
2026-07-01T19:51:16.358725,2026-07-01T09:51:17.738000+00:00,80.8,20,bid,,,2092411
2026-07-01T19:51:17.150726,2026-07-01T09:51:18.529531+00:00,80.8,10,bid,,,2092424
2026-07-01T19:51:17.236056,2026-07-01T09:51:18.617532+00:00,80.8,200,bid,,,2092427
2026-07-01T19:51:17.513855,2026-07-01T09:51:18.892531+00:00,80.9,200,ask,,,2092432
2026-07-01T19:51:18.527425,2026-07-01T09:51:19.904531+00:00,80.9,225,ask,,,2092448
2026-07-01T19:51:18.583879,2026-07-01T09:51:19.959531+00:00,80.8,27,bid,,,2092452
2026-07-01T19:51:18.721309,2026-07-01T09:51:20.102531+00:00,80.8,200,bid,,,2092455
2026-07-01T19:51:18.841495,2026-07-01T09:51:20.223532+00:00,80.6,20,ask,,,2092456
2026-07-01T19:51:19.202019,2026-07-01T09:51:20.586531+00:00,80.8,10,bid,,,2092465
2026-07-01T19:51:21.147182,2026-07-01T09:51:22.522543+00:00,80.9,200,bid,,,2092497
2026-07-01T19:51:23.789789,2026-07-01T09:51:25.173061+00:00,80.7,1,ask,,,2092572
2026-07-01T19:51:23.789789,2026-07-01T09:51:25.173061+00:00,80.7,200,ask,,,2092573
2026-07-01T19:51:25.985418,2026-07-01T09:51:27.361606+00:00,80.6,1,ask,,,2092630
2026-07-01T19:51:27.276635,2026-07-01T09:51:28.658546+00:00,80.7,20,bid,,,2092655
2026-07-01T19:51:27.739863,2026-07-01T09:51:29.120547+00:00,80.7,200,bid,,,2092665
2026-07-01T19:51:28.405115,2026-07-01T09:51:29.780547+00:00,80.8,200,bid,,,2092682
2026-07-01T19:51:32.651943,2026-07-01T09:51:34.032592+00:00,80.9,20,bid,,,2092788
2026-07-01T19:51:33.070667,2026-07-01T09:51:34.450592+00:00,80.8,200,ask,,,2092793
2026-07-01T19:51:33.070667,2026-07-01T09:51:34.450592+00:00,80.8,300,ask,,,2092794
2026-07-01T19:51:33.665675,2026-07-01T09:51:35.044593+00:00,80.8,325,ask,,,2092802
2026-07-01T19:51:34.061472,2026-07-01T09:51:35.440592+00:00,80.8,44,bid,,,2092808
2026-07-01T19:51:36.116784,2026-07-01T09:51:37.497144+00:00,80.7,25,bid,,,2092852
2026-07-01T19:51:36.899168,2026-07-01T09:51:38.278144+00:00,80.6,1,ask,,,2092877
2026-07-01T19:51:36.899168,2026-07-01T09:51:38.288684+00:00,80.5,199,ask,,,2092878
2026-07-01T19:51:39.331913,2026-07-01T09:51:40.708200+00:00,80.5,200,ask,,,2092939
2026-07-01T19:51:39.753479,2026-07-01T09:51:41.137201+00:00,80.4,500,bid,,,2092944
2026-07-01T19:51:40.337037,2026-07-01T09:51:41.720200+00:00,80.4,125,bid,,,2092959
2026-07-01T19:51:43.483146,2026-07-01T09:51:44.866741+00:00,80.5,200,bid,,,2093012
2026-07-01T19:51:46.136533,2026-07-01T09:51:47.516826+00:00,80.6,25,bid,,,2093087
2026-07-01T19:51:46.602259,2026-07-01T09:51:47.978824+00:00,80.6,200,bid,,,2093095
2026-07-01T19:51:51.407846,2026-07-01T09:51:52.784527+00:00,80.5,2,ask,,,2093186
2026-07-01T19:51:51.407846,2026-07-01T09:51:52.795527+00:00,80.5,200,ask,,,2093187
2026-07-01T19:51:53.139716,2026-07-01T09:51:54.522095+00:00,80.4,2,ask,,,2093240
2026-07-01T19:51:53.139716,2026-07-01T09:51:54.522095+00:00,80.4,33,ask,,,2093241
2026-07-01T19:51:53.232739,2026-07-01T09:51:54.610097+00:00,80.4,35,ask,,,2093244
2026-07-01T19:51:53.322459,2026-07-01T09:51:54.698095+00:00,80.4,35,ask,,,2093246
2026-07-01T19:51:53.411520,2026-07-01T09:51:54.786095+00:00,80.4,35,ask,,,2093251
2026-07-01T19:51:53.499925,2026-07-01T09:51:54.885095+00:00,80.4,10,ask,,,2093253
2026-07-01T19:51:53.885811,2026-07-01T09:51:55.270095+00:00,80.5,200,bid,,,2093264
2026-07-01T19:51:54.196341,2026-07-01T09:51:55.578096+00:00,80.4,3,ask,,,2093280
2026-07-01T19:51:54.196341,2026-07-01T09:51:55.578096+00:00,80.4,7,ask,,,2093281
2026-07-01T19:51:57.592669,2026-07-01T09:51:58.977699+00:00,80.5,35,bid,,,2093372
2026-07-01T19:51:57.692700,2026-07-01T09:51:59.076699+00:00,80.5,21,bid,,,2093375
2026-07-01T19:51:58.596602,2026-07-01T09:51:59.978699+00:00,80.5,20,bid,,,2093390
2026-07-01T19:51:59.315574,2026-07-01T09:52:00.693698+00:00,80.5,200,ask,,,2093404
2026-07-01T19:51:59.383244,2026-07-01T09:52:00.759698+00:00,80.4,4,ask,,,2093405
2026-07-01T19:51:59.933487,2026-07-01T09:52:01.309707+00:00,80.5,200,bid,,,2093421
2026-07-01T19:52:00.687037,2026-07-01T09:52:02.068707+00:00,80.5,35,ask,,,2093435
2026-07-01T19:52:00.777274,2026-07-01T09:52:02.156708+00:00,80.5,35,ask,,,2093438
2026-07-01T19:52:00.870067,2026-07-01T09:52:02.255707+00:00,80.5,13,ask,,,2093440
2026-07-01T19:52:01.156343,2026-07-01T09:52:02.541698+00:00,80.5,25,ask,,,2093447
2026-07-01T19:52:01.166306,2026-07-01T09:52:02.541698+00:00,80.6,2,bid,,,2093449
2026-07-01T19:52:02.166904,2026-07-01T09:52:03.552950+00:00,80.5,20,ask,,,2093469
2026-07-01T19:52:02.370406,2026-07-01T09:52:03.750950+00:00,80.5,200,ask,,,2093481
2026-07-01T19:52:04.788846,2026-07-01T09:52:06.170011+00:00,80.4,200,ask,,,2093532
2026-07-01T19:52:05.762520,2026-07-01T09:52:07.149020+00:00,80.5,500,bid,,,2093553
2026-07-01T19:52:06.007517,2026-07-01T09:52:07.391020+00:00,80.5,200,ask,,,2093555
2026-07-01T19:52:06.171199,2026-07-01T09:52:07.556011+00:00,80.6,2,bid,,,2093558
2026-07-01T19:52:07.251110,2026-07-01T09:52:08.635104+00:00,80.5,500,ask,,,2093590
2026-07-01T19:52:07.265257,2026-07-01T09:52:08.646104+00:00,80.5,20,bid,,,2093591
2026-07-01T19:52:07.565236,2026-07-01T09:52:08.943104+00:00,80.5,105,bid,,,2093593
2026-07-01T19:52:08.431842,2026-07-01T09:52:09.812104+00:00,80.5,200,ask,,,2093614
2026-07-01T19:52:08.561689,2026-07-01T09:52:09.944104+00:00,80.6,4,bid,,,2093622
2026-07-01T19:52:09.643853,2026-07-01T09:52:11.022104+00:00,80.6,200,ask,,,2093643
2026-07-01T19:52:10.864753,2026-07-01T09:52:12.243106+00:00,80.6,200,ask,,,2093671
2026-07-01T19:52:10.988169,2026-07-01T09:52:12.364105+00:00,80.6,20,ask,,,2093675
2026-07-01T19:52:11.181544,2026-07-01T09:52:12.562118+00:00,80.7,2,bid,,,2093685
2026-07-01T19:52:12.083270,2026-07-01T09:52:13.463237+00:00,80.6,200,ask,,,2093708
2026-07-01T19:52:14.507015,2026-07-01T09:52:15.883237+00:00,80.6,200,bid,,,2093774
2026-07-01T19:52:15.717705,2026-07-01T09:52:17.103318+00:00,80.5,200,bid,,,2093805
2026-07-01T19:52:16.191958,2026-07-01T09:52:17.576317+00:00,80.5,2,bid,,,2093816
2026-07-01T19:52:18.951301,2026-07-01T09:52:20.325860+00:00,80.6,10,ask,,,2093874
2026-07-01T19:52:19.105226,2026-07-01T09:52:20.490860+00:00,80.7,6,bid,,,2093878
2026-07-01T19:52:20.426903,2026-07-01T09:52:21.810871+00:00,80.8,200,ask,,,2093908
2026-07-01T19:52:20.560935,2026-07-01T09:52:21.942871+00:00,80.7,200,ask,,,2093912
2026-07-01T19:52:21.770624,2026-07-01T09:52:23.152880+00:00,80.7,200,ask,,,2093948
2026-07-01T19:52:24.555650,2026-07-01T09:52:25.935436+00:00,80.6,10,ask,,,2094018
2026-07-01T19:52:25.398096,2026-07-01T09:52:26.781798+00:00,80.8,4,bid,,,2094029
2026-07-01T19:52:25.398096,2026-07-01T09:52:26.781798+00:00,80.8,196,bid,,,2094030
2026-07-01T19:52:25.743583,2026-07-01T09:52:27.122810+00:00,80.8,500,ask,,,2094044
2026-07-01T19:52:26.211272,2026-07-01T09:52:27.595810+00:00,80.8,25,ask,,,2094054
2026-07-01T19:52:26.376372,2026-07-01T09:52:27.760809+00:00,80.8,100,ask,,,2094057
2026-07-01T19:52:27.023588,2026-07-01T09:52:28.408934+00:00,80.6,200,ask,,,2094075
2026-07-01T19:52:27.632860,2026-07-01T09:52:29.013943+00:00,80.6,20,bid,,,2094086
2026-07-01T19:52:30.250957,2026-07-01T09:52:31.631934+00:00,80.6,200,bid,,,2094150
2026-07-01T19:52:30.452999,2026-07-01T09:52:31.829934+00:00,80.5,1,ask,,,2094155
2026-07-01T19:52:30.452999,2026-07-01T09:52:31.829934+00:00,80.5,19,ask,,,2094156
2026-07-01T19:52:32.308614,2026-07-01T09:52:33.688468+00:00,80.6,200,ask,,,2094207
2026-07-01T19:52:32.668872,2026-07-01T09:52:34.051467+00:00,80.5,200,bid,,,2094221
2026-07-01T19:52:35.100160,2026-07-01T09:52:36.482042+00:00,80.5,200,ask,,,2094271
2026-07-01T19:52:37.330543,2026-07-01T09:52:38.713106+00:00,80.4,3,ask,,,2094320
2026-07-01T19:52:37.330543,2026-07-01T09:52:38.713106+00:00,80.4,17,ask,,,2094321
2026-07-01T19:52:37.651130,2026-07-01T09:52:39.031624+00:00,80.5,200,ask,,,2094325
2026-07-01T19:52:38.968184,2026-07-01T09:52:40.351624+00:00,80.6,200,bid,,,2094363
2026-07-01T19:52:38.993444,2026-07-01T09:52:40.373623+00:00,80.6,100,ask,,,2094365
2026-07-01T19:52:39.807095,2026-07-01T09:52:41.187633+00:00,80.6,10,ask,,,2094387
2026-07-01T19:52:39.945629,2026-07-01T09:52:41.330624+00:00,80.6,200,ask,,,2094390
2026-07-01T19:52:41.153992,2026-07-01T09:52:42.529633+00:00,80.5,200,bid,,,2094416
2026-07-01T19:52:42.365592,2026-07-01T09:52:43.750730+00:00,80.6,200,bid,,,2094454
2026-07-01T19:52:43.574257,2026-07-01T09:52:44.960247+00:00,80.7,1,bid,,,2094470
2026-07-01T19:52:43.574257,2026-07-01T09:52:44.960247+00:00,80.7,199,bid,,,2094471
2026-07-01T19:52:43.850465,2026-07-01T09:52:45.235247+00:00,80.5,10,ask,,,2094480
2026-07-01T19:52:44.785973,2026-07-01T09:52:46.169572+00:00,80.7,5,bid,,,2094500
2026-07-01T19:52:44.785973,2026-07-01T09:52:46.169572+00:00,80.7,195,bid,,,2094501
2026-07-01T19:52:46.253914,2026-07-01T09:52:47.632572+00:00,80.6,8,ask,,,2094539
2026-07-01T19:52:47.214398,2026-07-01T09:52:48.589680+00:00,80.6,200,ask,,,2094570
2026-07-01T19:52:47.434678,2026-07-01T09:52:48.809680+00:00,80.6,10,ask,,,2094573
2026-07-01T19:52:49.635041,2026-07-01T09:52:51.020196+00:00,80.7,4,bid,,,2094642
2026-07-01T19:52:49.635041,2026-07-01T09:52:51.020196+00:00,80.7,196,bid,,,2094643
2026-07-01T19:52:50.846109,2026-07-01T09:52:52.229738+00:00,80.6,200,bid,,,2094667
2026-07-01T19:52:51.803368,2026-07-01T09:52:53.186739+00:00,80.6,425,bid,,,2094688
2026-07-01T19:52:52.063401,2026-07-01T09:52:53.449307+00:00,80.6,75,ask,,,2094706
2026-07-01T19:52:52.126016,2026-07-01T09:52:53.504306+00:00,80.6,125,bid,,,2094708
2026-07-01T19:52:52.126016,2026-07-01T09:52:53.515307+00:00,80.7,8,bid,,,2094709
2026-07-01T19:52:52.146067,2026-07-01T09:52:53.526307+00:00,80.8,4,ask,,,2094711
2026-07-01T19:52:52.174868,2026-07-01T09:52:53.559307+00:00,80.8,96,ask,,,2094716
2026-07-01T19:52:52.518272,2026-07-01T09:52:53.900309+00:00,80.8,10,ask,,,2094732
2026-07-01T19:52:53.277833,2026-07-01T09:52:54.659055+00:00,80.8,200,ask,,,2094741
2026-07-01T19:52:53.487770,2026-07-01T09:52:54.868054+00:00,80.7,35,bid,,,2094750
2026-07-01T19:52:53.581352,2026-07-01T09:52:54.967055+00:00,80.7,15,bid,,,2094755
2026-07-01T19:52:54.816291,2026-07-01T09:52:56.198617+00:00,80.7,200,bid,,,2094790
2026-07-01T19:52:56.480860,2026-07-01T09:52:57.859617+00:00,80.7,35,ask,,,2094833
2026-07-01T19:52:56.572497,2026-07-01T09:52:57.947617+00:00,80.7,15,ask,,,2094835
2026-07-01T19:52:56.612936,2026-07-01T09:52:57.991616+00:00,80.8,10,bid,,,2094839
2026-07-01T19:52:56.648822,2026-07-01T09:52:58.035616+00:00,80.8,190,bid,,,2094840
2026-07-01T19:52:56.648822,2026-07-01T09:52:58.035616+00:00,80.8,310,bid,,,2094841
2026-07-01T19:52:59.322709,2026-07-01T09:53:00.707786+00:00,80.8,200,ask,,,2094892
2026-07-01T19:53:00.530029,2026-07-01T09:53:01.906786+00:00,80.8,200,bid,,,2094913
2026-07-01T19:53:01.737886,2026-07-01T09:53:03.116785+00:00,80.9,2,bid,,,2094934
2026-07-01T19:53:01.737886,2026-07-01T09:53:03.116785+00:00,80.9,198,bid,,,2094935
2026-07-01T19:53:07.365501,2026-07-01T09:53:08.747703+00:00,80.9,10,bid,,,2095068
2026-07-01T19:53:09.254803,2026-07-01T09:53:10.639208+00:00,80.8,20,ask,,,2095111
2026-07-01T19:53:09.406119,2026-07-01T09:53:10.782208+00:00,80.9,10,bid,,,2095115
2026-07-01T19:53:10.225441,2026-07-01T09:53:11.607208+00:00,80.9,200,bid,,,2095135
2026-07-01T19:53:10.545827,2026-07-01T09:53:11.926208+00:00,80.9,4,bid,,,2095145
2026-07-01T19:53:11.449269,2026-07-01T09:53:12.839209+00:00,81.0,7,bid,,,2095160
2026-07-01T19:53:11.449269,2026-07-01T09:53:12.839209+00:00,81.0,3,bid,,,2095161
2026-07-01T19:53:11.865737,2026-07-01T09:53:13.251209+00:00,80.9,200,ask,,,2095173
2026-07-01T19:53:11.961843,2026-07-01T09:53:13.338749+00:00,80.9,10,bid,,,2095174
2026-07-01T19:53:12.240844,2026-07-01T09:53:13.624748+00:00,80.9,150,bid,,,2095183
2026-07-01T19:53:12.651039,2026-07-01T09:53:14.031758+00:00,80.9,200,bid,,,2095193
2026-07-01T19:53:13.176438,2026-07-01T09:53:14.559757+00:00,81.0,4,bid,,,2095206
2026-07-01T19:53:13.864699,2026-07-01T09:53:15.252768+00:00,81.0,200,ask,,,2095219
2026-07-01T19:53:15.071150,2026-07-01T09:53:16.451769+00:00,81.0,200,bid,,,2095255
2026-07-01T19:53:15.797023,2026-07-01T09:53:17.177768+00:00,81.0,7,bid,,,2095269
2026-07-01T19:53:17.061021,2026-07-01T09:53:18.442321+00:00,81.0,10,ask,,,2095302
2026-07-01T19:53:17.491505,2026-07-01T09:53:18.872982+00:00,81.0,200,ask,,,2095310
2026-07-01T19:53:18.781029,2026-07-01T09:53:20.159982+00:00,81.0,35,bid,,,2095340
2026-07-01T19:53:18.874038,2026-07-01T09:53:20.258983+00:00,81.0,35,bid,,,2095344
2026-07-01T19:53:18.964736,2026-07-01T09:53:20.346991+00:00,81.0,35,bid,,,2095346
2026-07-01T19:53:19.059263,2026-07-01T09:53:20.445982+00:00,81.0,28,bid,,,2095350
2026-07-01T19:53:19.085398,2026-07-01T09:53:20.467982+00:00,81.0,10,bid,,,2095353
2026-07-01T19:53:19.762176,2026-07-01T09:53:21.138982+00:00,81.0,57,bid,,,2095378
2026-07-01T19:53:21.071450,2026-07-01T09:53:22.447982+00:00,81.1,2,bid,,,2095410
2026-07-01T19:53:22.325680,2026-07-01T09:53:23.702063+00:00,81.1,200,ask,,,2095427
2026-07-01T19:53:24.891954,2026-07-01T09:53:26.275691+00:00,81.2,4,bid,,,2095492
2026-07-01T19:53:24.891954,2026-07-01T09:53:26.275691+00:00,81.2,46,bid,,,2095493
2026-07-01T19:53:24.945904,2026-07-01T09:53:26.330692+00:00,81.2,44,bid,,,2095496
2026-07-01T19:53:25.958035,2026-07-01T09:53:27.342700+00:00,81.2,4,bid,,,2095511
2026-07-01T19:53:25.958035,2026-07-01T09:53:27.342700+00:00,81.2,196,bid,,,2095512
2026-07-01T19:53:26.348298,2026-07-01T09:53:27.727700+00:00,81.2,25,bid,,,2095526
2026-07-01T19:53:26.814570,2026-07-01T09:53:28.189700+00:00,81.2,20,bid,,,2095530
2026-07-01T19:53:28.987319,2026-07-01T09:53:30.368962+00:00,81.2,2,bid,,,2095575
2026-07-01T19:53:28.987319,2026-07-01T09:53:30.368962+00:00,81.3,200,bid,,,2095576
2026-07-01T19:53:28.987319,2026-07-01T09:53:30.368962+00:00,81.3,423,bid,,,2095577
2026-07-01T19:53:29.597566,2026-07-01T09:53:30.984977+00:00,81.3,200,bid,,,2095590
2026-07-01T19:53:30.805625,2026-07-01T09:53:32.183977+00:00,81.1,200,bid,,,2095618
2026-07-01T19:53:31.220716,2026-07-01T09:53:32.601976+00:00,81.1,10,bid,,,2095626
2026-07-01T19:53:31.365040,2026-07-01T09:53:32.744977+00:00,81.1,25,bid,,,2095638
2026-07-01T19:53:31.609053,2026-07-01T09:53:32.986978+00:00,81.2,1,bid,,,2095646
2026-07-01T19:53:32.020460,2026-07-01T09:53:33.404078+00:00,81.3,200,bid,,,2095653
2026-07-01T19:53:33.230832,2026-07-01T09:53:34.614078+00:00,81.3,3,bid,,,2095682
2026-07-01T19:53:33.230832,2026-07-01T09:53:34.614078+00:00,81.3,197,bid,,,2095683
2026-07-01T19:53:34.458189,2026-07-01T09:53:35.835077+00:00,81.2,200,ask,,,2095704
2026-07-01T19:53:34.901153,2026-07-01T09:53:36.285665+00:00,81.2,20,ask,,,2095715
2026-07-01T19:53:36.377289,2026-07-01T09:53:37.759656+00:00,81.2,25,bid,,,2095754
2026-07-01T19:53:37.530910,2026-07-01T09:53:38.914172+00:00,81.3,20,bid,,,2095773
2026-07-01T19:53:38.079384,2026-07-01T09:53:39.464172+00:00,81.3,20,bid,,,2095800
2026-07-01T19:53:38.185070,2026-07-01T09:53:39.563172+00:00,81.3,500,bid,,,2095802
2026-07-01T19:53:38.185070,2026-07-01T09:53:39.563172+00:00,81.3,1,bid,,,2095803
2026-07-01T19:53:39.509112,2026-07-01T09:53:40.894172+00:00,81.3,200,ask,,,2095824
2026-07-01T19:53:39.776835,2026-07-01T09:53:41.158172+00:00,81.1,20,ask,,,2095830
2026-07-01T19:53:42.125048,2026-07-01T09:53:43.502172+00:00,81.1,200,bid,,,2095903
2026-07-01T19:53:42.935358,2026-07-01T09:53:44.316690+00:00,81.1,200,ask,,,2095914
2026-07-01T19:53:43.437588,2026-07-01T09:53:44.822689+00:00,81.0,6,ask,,,2095920
2026-07-01T19:53:43.437588,2026-07-01T09:53:44.822689+00:00,81.0,500,ask,,,2095921
2026-07-01T19:53:43.437588,2026-07-01T09:53:44.822689+00:00,80.9,119,ask,,,2095922
2026-07-01T19:53:44.481359,2026-07-01T09:53:45.867690+00:00,81.1,200,bid,,,2095936
2026-07-01T19:53:47.210224,2026-07-01T09:53:48.594935+00:00,81.0,5,ask,,,2095997
2026-07-01T19:53:47.210224,2026-07-01T09:53:48.594935+00:00,81.0,15,ask,,,2095998
2026-07-01T19:53:47.793963,2026-07-01T09:53:49.177936+00:00,81.1,200,ask,,,2096009
2026-07-01T19:53:51.314568,2026-07-01T09:53:52.697035+00:00,81.1,200,ask,,,2096090
2026-07-01T19:53:51.403920,2026-07-01T09:53:52.785036+00:00,81.1,25,bid,,,2096092
2026-07-01T19:53:51.490639,2026-07-01T09:53:52.873036+00:00,81.1,10,bid,,,2096097
2026-07-01T19:53:52.377469,2026-07-01T09:53:53.753124+00:00,81.1,390,bid,,,2096120
2026-07-01T19:53:52.625847,2026-07-01T09:53:54.006124+00:00,81.2,200,bid,,,2096136
2026-07-01T19:53:52.625847,2026-07-01T09:53:54.006124+00:00,81.3,1,bid,,,2096137
2026-07-01T19:53:52.637331,2026-07-01T09:53:54.017124+00:00,81.4,200,ask,,,2096138
2026-07-01T19:53:53.854689,2026-07-01T09:53:55.237596+00:00,81.4,200,ask,,,2096158
2026-07-01T19:53:55.064454,2026-07-01T09:53:56.446691+00:00,81.1,200,ask,,,2096202
2026-07-01T19:53:56.419757,2026-07-01T09:53:57.799699+00:00,81.2,25,bid,,,2096237
2026-07-01T19:53:58.695575,2026-07-01T09:54:00.075938+00:00,81.1,200,ask,,,2096310
2026-07-01T19:53:59.905154,2026-07-01T09:54:01.285938+00:00,81.1,200,ask,,,2096334
2026-07-01T19:54:01.114428,2026-07-01T09:54:02.495938+00:00,81.1,200,ask,,,2096362
2026-07-01T19:54:01.835498,2026-07-01T09:54:03.210939+00:00,81.1,500,ask,,,2096371
2026-07-01T19:54:02.042278,2026-07-01T09:54:03.419970+00:00,81.0,125,bid,,,2096379
2026-07-01T19:54:02.323568,2026-07-01T09:54:03.705969+00:00,81.2,200,ask,,,2096387
2026-07-01T19:54:04.755263,2026-07-01T09:54:06.136514+00:00,81.4,200,ask,,,2096432
2026-07-01T19:54:05.780650,2026-07-01T09:54:07.159515+00:00,81.3,19,ask,,,2096450
2026-07-01T19:54:05.780650,2026-07-01T09:54:07.159515+00:00,81.3,500,ask,,,2096451
2026-07-01T19:54:05.961465,2026-07-01T09:54:07.346516+00:00,81.3,106,bid,,,2096455
2026-07-01T19:54:07.089783,2026-07-01T09:54:08.467178+00:00,81.6,200,bid,,,2096487
2026-07-01T19:54:07.243598,2026-07-01T09:54:08.621179+00:00,81.6,20,ask,,,2096490
2026-07-01T19:54:08.392423,2026-07-01T09:54:09.776178+00:00,81.6,200,ask,,,2096507
2026-07-01T19:54:09.601554,2026-07-01T09:54:10.986178+00:00,81.6,200,bid,,,2096529
2026-07-01T19:54:10.092688,2026-07-01T09:54:11.481179+00:00,81.6,8,ask,,,2096540
2026-07-01T19:54:10.202399,2026-07-01T09:54:11.580178+00:00,81.6,8,ask,,,2096549
2026-07-01T19:54:10.309125,2026-07-01T09:54:11.690178+00:00,81.6,8,ask,,,2096557
2026-07-01T19:54:10.417704,2026-07-01T09:54:11.800179+00:00,81.6,8,ask,,,2096565
2026-07-01T19:54:11.769572,2026-07-01T09:54:13.153178+00:00,81.6,8,ask,,,2096597
2026-07-01T19:54:11.876622,2026-07-01T09:54:13.252178+00:00,81.6,6,ask,,,2096603
2026-07-01T19:54:17.900951,2026-07-01T09:54:19.279023+00:00,81.6,20,ask,,,2096717
2026-07-01T19:54:18.913579,2026-07-01T09:54:20.291023+00:00,81.6,200,ask,,,2096728
2026-07-01T19:54:19.308264,2026-07-01T09:54:20.686538+00:00,81.6,200,bid,,,2096733
2026-07-01T19:54:20.256792,2026-07-01T09:54:21.632547+00:00,81.7,3,bid,,,2096750
2026-07-01T19:54:20.280881,2026-07-01T09:54:21.665547+00:00,81.7,100,ask,,,2096752
2026-07-01T19:54:20.339452,2026-07-01T09:54:21.720547+00:00,81.7,35,ask,,,2096758
2026-07-01T19:54:20.429008,2026-07-01T09:54:21.808547+00:00,81.7,35,ask,,,2096763
2026-07-01T19:54:20.521779,2026-07-01T09:54:21.907547+00:00,81.7,35,ask,,,2096765
2026-07-01T19:54:20.611361,2026-07-01T09:54:21.995538+00:00,81.7,35,ask,,,2096769
2026-07-01T19:54:20.704345,2026-07-01T09:54:22.083538+00:00,81.7,12,ask,,,2096772
2026-07-01T19:54:20.794978,2026-07-01T09:54:22.171538+00:00,81.7,1,ask,,,2096775
2026-07-01T19:54:20.885151,2026-07-01T09:54:22.270537+00:00,81.7,1,ask,,,2096778
2026-07-01T19:54:21.472597,2026-07-01T09:54:22.853538+00:00,81.7,25,ask,,,2096791
2026-07-01T19:54:21.483895,2026-07-01T09:54:22.864538+00:00,81.8,2,bid,,,2096793
2026-07-01T19:54:21.631536,2026-07-01T09:54:23.007538+00:00,81.7,20,bid,,,2096799
2026-07-01T19:54:23.794839,2026-07-01T09:54:25.174663+00:00,81.6,20,ask,,,2096849
2026-07-01T19:54:25.384465,2026-07-01T09:54:26.769722+00:00,81.7,200,ask,,,2096888
2026-07-01T19:54:26.491293,2026-07-01T09:54:27.869751+00:00,81.8,2,bid,,,2096918
2026-07-01T19:54:26.826412,2026-07-01T09:54:28.210741+00:00,81.6,200,ask,,,2096933
2026-07-01T19:54:26.854390,2026-07-01T09:54:28.232742+00:00,81.6,100,bid,,,2096939
2026-07-01T19:54:30.234579,2026-07-01T09:54:31.619950+00:00,81.6,200,ask,,,2096990
2026-07-01T19:54:30.524800,2026-07-01T09:54:31.905888+00:00,81.7,500,bid,,,2096998
2026-07-01T19:54:31.446544,2026-07-01T09:54:32.829887+00:00,81.7,200,ask,,,2097023
2026-07-01T19:54:31.501255,2026-07-01T09:54:32.884888+00:00,81.8,1,bid,,,2097029
2026-07-01T19:54:31.501255,2026-07-01T09:54:32.884888+00:00,81.9,1,bid,,,2097030
2026-07-01T19:54:32.088336,2026-07-01T09:54:33.466987+00:00,81.8,1,bid,,,2097046
2026-07-01T19:54:32.666150,2026-07-01T09:54:34.049502+00:00,81.8,200,ask,,,2097063
2026-07-01T19:54:32.936509,2026-07-01T09:54:34.313502+00:00,81.9,500,bid,,,2097074
2026-07-01T19:54:33.880038,2026-07-01T09:54:35.259502+00:00,82.0,200,ask,,,2097113
2026-07-01T19:54:35.087084,2026-07-01T09:54:36.468559+00:00,82.0,200,ask,,,2097143
2026-07-01T19:54:35.369947,2026-07-01T09:54:36.754559+00:00,82.1,6,bid,,,2097146
2026-07-01T19:54:35.369947,2026-07-01T09:54:36.754559+00:00,82.1,494,bid,,,2097147
2026-07-01T19:54:36.294115,2026-07-01T09:54:37.678559+00:00,82.0,200,ask,,,2097172
2026-07-01T19:54:36.511295,2026-07-01T09:54:37.887559+00:00,82.1,2,bid,,,2097178
2026-07-01T19:54:37.333404,2026-07-01T09:54:38.722558+00:00,82.0,500,ask,,,2097193
2026-07-01T19:54:37.404191,2026-07-01T09:54:38.788559+00:00,82.0,2,bid,,,2097195
2026-07-01T19:54:37.502311,2026-07-01T09:54:38.887558+00:00,81.9,200,ask,,,2097200
2026-07-01T19:54:37.773818,2026-07-01T09:54:39.162567+00:00,82.0,123,bid,,,2097207
2026-07-01T19:54:38.640464,2026-07-01T09:54:40.020558+00:00,82.1,2,bid,,,2097223
2026-07-01T19:54:38.728003,2026-07-01T09:54:40.108558+00:00,82.2,200,ask,,,2097227
2026-07-01T19:54:39.940475,2026-07-01T09:54:41.329559+00:00,82.2,200,ask,,,2097244
2026-07-01T19:54:40.817372,2026-07-01T09:54:42.198558+00:00,82.1,500,bid,,,2097265
2026-07-01T19:54:41.262861,2026-07-01T09:54:42.638560+00:00,82.1,200,bid,,,2097272
2026-07-01T19:54:42.355024,2026-07-01T09:54:43.738735+00:00,82.1,200,ask,,,2097295
2026-07-01T19:54:42.575409,2026-07-01T09:54:43.958736+00:00,82.1,500,ask,,,2097298
2026-07-01T19:54:42.617848,2026-07-01T09:54:44.002736+00:00,82.1,125,bid,,,2097299
2026-07-01T19:54:43.274299,2026-07-01T09:54:44.651736+00:00,82.2,2,ask,,,2097318
2026-07-01T19:54:43.563037,2026-07-01T09:54:44.948735+00:00,82.2,200,ask,,,2097320
2026-07-01T19:54:44.774373,2026-07-01T09:54:46.158317+00:00,82.2,200,ask,,,2097341
2026-07-01T19:54:45.189968,2026-07-01T09:54:46.576316+00:00,82.2,500,ask,,,2097350
2026-07-01T19:54:45.656980,2026-07-01T09:54:47.038317+00:00,82.2,125,bid,,,2097372
2026-07-01T19:54:45.983786,2026-07-01T09:54:47.368330+00:00,82.2,200,ask,,,2097378
2026-07-01T19:54:46.531192,2026-07-01T09:54:47.907329+00:00,82.5,2,bid,,,2097389
2026-07-01T19:54:47.191972,2026-07-01T09:54:48.567424+00:00,82.3,200,ask,,,2097399
2026-07-01T19:54:49.074078,2026-07-01T09:54:50.455424+00:00,82.2,20,ask,,,2097438
2026-07-01T19:54:49.610010,2026-07-01T09:54:50.994423+00:00,82.4,200,bid,,,2097456
2026-07-01T19:54:52.650538,2026-07-01T09:54:54.029135+00:00,82.3,10,ask,,,2097528
2026-07-01T19:54:54.459656,2026-07-01T09:54:55.844135+00:00,82.4,200,bid,,,2097557
2026-07-01T19:54:55.667088,2026-07-01T09:54:57.053212+00:00,82.4,200,bid,,,2097592
2026-07-01T19:54:56.561316,2026-07-01T09:54:57.943732+00:00,82.3,25,ask,,,2097617
2026-07-01T19:54:57.384941,2026-07-01T09:54:58.767716+00:00,82.3,100,ask,,,2097640
2026-07-01T19:54:58.369032,2026-07-01T09:54:59.746235+00:00,82.5,200,bid,,,2097658
2026-07-01T19:54:59.251245,2026-07-01T09:55:00.637234+00:00,82.5,10,ask,,,2097671
2026-07-01T19:54:59.293788,2026-07-01T09:55:00.670234+00:00,82.7,200,bid,YieldingYams,WavyWalnuts,2097672
2026-07-01T19:54:59.894034,2026-07-01T09:55:01.275243+00:00,82.5,100,ask,,,2097692
2026-07-01T19:55:01.587814,2026-07-01T09:55:02.969234+00:00,82.5,2,bid,,,2097731
2026-07-01T19:55:01.721769,2026-07-01T09:55:03.101234+00:00,82.5,200,bid,,,2097736
2026-07-01T19:55:03.729550,2026-07-01T09:55:05.112720+00:00,82.5,20,bid,,,2097776
2026-07-01T19:55:04.140178,2026-07-01T09:55:05.530720+00:00,82.4,200,ask,,,2097788
2026-07-01T19:55:06.561888,2026-07-01T09:55:07.941733+00:00,82.3,200,ask,,,2097827
2026-07-01T19:55:06.598699,2026-07-01T09:55:07.974734+00:00,82.3,25,ask,,,2097828
2026-07-01T19:55:08.657117,2026-07-01T09:55:10.041487+00:00,82.4,200,bid,,,2097852
2026-07-01T19:55:08.976681,2026-07-01T09:55:10.360487+00:00,82.4,200,ask,,,2097867
2026-07-01T19:55:10.186539,2026-07-01T09:55:11.570057+00:00,82.5,1,bid,,,2097881
2026-07-01T19:55:10.186539,2026-07-01T09:55:11.570057+00:00,82.5,199,bid,,,2097882
2026-07-01T19:55:10.496080,2026-07-01T09:55:11.878054+00:00,82.5,7,bid,,,2097887
2026-07-01T19:55:11.619178,2026-07-01T09:55:13.000055+00:00,82.4,25,ask,,,2097914
2026-07-01T19:55:11.630455,2026-07-01T09:55:13.011054+00:00,82.5,2,bid,,,2097917
2026-07-01T19:55:11.695462,2026-07-01T09:55:13.077055+00:00,82.5,198,bid,,,2097918
2026-07-01T19:55:12.609392,2026-07-01T09:55:13.990167+00:00,82.5,200,ask,,,2097937
2026-07-01T19:55:13.817312,2026-07-01T09:55:15.199685+00:00,82.5,200,ask,,,2097966
2026-07-01T19:55:14.042652,2026-07-01T09:55:15.419685+00:00,82.5,10,ask,,,2097970
2026-07-01T19:55:15.492209,2026-07-01T09:55:16.882726+00:00,82.5,200,ask,,,2097988
2026-07-01T19:55:15.492209,2026-07-01T09:55:16.882726+00:00,82.4,425,ask,,,2097989
2026-07-01T19:55:16.231483,2026-07-01T09:55:17.608725+00:00,82.4,200,ask,,,2098004
2026-07-01T19:55:17.438802,2026-07-01T09:55:18.817130+00:00,82.5,200,ask,,,2098024
2026-07-01T19:55:18.126142,2026-07-01T09:55:19.510131+00:00,82.5,500,ask,,,2098033
2026-07-01T19:55:18.346790,2026-07-01T09:55:19.730130+00:00,82.4,125,bid,,,2098038
2026-07-01T19:55:18.604249,2026-07-01T09:55:19.983132+00:00,82.5,10,ask,,,2098049
2026-07-01T19:55:18.648258,2026-07-01T09:55:20.027132+00:00,82.5,200,ask,,,2098050
2026-07-01T19:55:19.858771,2026-07-01T09:55:21.237131+00:00,82.6,200,ask,,,2098090
2026-07-01T19:55:20.140346,2026-07-01T09:55:21.523130+00:00,82.6,10,ask,,,2098096
2026-07-01T19:55:21.652763,2026-07-01T09:55:23.030130+00:00,82.6,25,ask,,,2098139
2026-07-01T19:55:22.700952,2026-07-01T09:55:24.085349+00:00,82.6,10,ask,,,2098161
2026-07-01T19:55:23.377278,2026-07-01T09:55:24.756349+00:00,82.6,190,ask,,,2098178
2026-07-01T19:55:23.377278,2026-07-01T09:55:24.756349+00:00,82.6,435,ask,,,2098179
2026-07-01T19:55:23.494668,2026-07-01T09:55:24.877349+00:00,82.6,65,ask,,,2098183
2026-07-01T19:55:23.802310,2026-07-01T09:55:25.185349+00:00,82.6,135,bid,,,2098195
2026-07-01T19:55:24.416299,2026-07-01T09:55:25.801349+00:00,82.7,3,bid,,,2098201
2026-07-01T19:55:24.687346,2026-07-01T09:55:26.065349+00:00,82.8,3,bid,,,2098207
2026-07-01T19:55:24.706531,2026-07-01T09:55:26.086887+00:00,82.8,200,ask,,,2098208
2026-07-01T19:55:25.917677,2026-07-01T09:55:27.296402+00:00,82.8,200,ask,,,2098246
2026-07-01T19:55:26.671367,2026-07-01T09:55:28.055402+00:00,82.8,2,bid,,,2098266
2026-07-01T19:55:27.317811,2026-07-01T09:55:28.703618+00:00,82.7,500,ask,,,2098283
2026-07-01T19:55:27.317811,2026-07-01T09:55:28.703618+00:00,82.7,125,ask,,,2098284
2026-07-01T19:55:29.270908,2026-07-01T09:55:30.650133+00:00,82.8,200,bid,,,2098315
2026-07-01T19:55:29.543319,2026-07-01T09:55:30.925133+00:00,82.9,2,bid,,,2098324
2026-07-01T19:55:29.543319,2026-07-01T09:55:30.925133+00:00,82.9,198,bid,,,2098325
2026-07-01T19:55:29.943103,2026-07-01T09:55:31.321133+00:00,83.0,200,bid,,,2098342
2026-07-01T19:55:31.704459,2026-07-01T09:55:33.092133+00:00,83.0,16,ask,,,2098380
2026-07-01T19:55:32.570099,2026-07-01T09:55:33.949401+00:00,83.1,1,bid,,,2098397
2026-07-01T19:55:32.570099,2026-07-01T09:55:33.949401+00:00,83.1,500,bid,,,2098398
2026-07-01T19:55:32.887553,2026-07-01T09:55:34.268411+00:00,83.1,124,ask,,,2098402
2026-07-01T19:55:33.950770,2026-07-01T09:55:35.335403+00:00,82.9,8,bid,,,2098432
2026-07-01T19:55:34.058803,2026-07-01T09:55:35.434402+00:00,82.9,8,bid,,,2098440
2026-07-01T19:55:34.166629,2026-07-01T09:55:35.555402+00:00,82.9,7,bid,,,2098448
2026-07-01T19:55:34.759475,2026-07-01T09:55:36.137939+00:00,82.8,23,ask,,,2098463
2026-07-01T19:55:35.208475,2026-07-01T09:55:36.588949+00:00,82.9,1,bid,,,2098472
2026-07-01T19:55:35.208475,2026-07-01T09:55:36.588949+00:00,83.0,200,bid,,,2098473
2026-07-01T19:55:35.208475,2026-07-01T09:55:36.588949+00:00,83.0,424,bid,,,2098474
2026-07-01T19:55:37.068258,2026-07-01T09:55:38.448672+00:00,82.8,10,ask,,,2098508
2026-07-01T19:55:40.472511,2026-07-01T09:55:41.858061+00:00,82.9,200,bid,,,2098572
2026-07-01T19:55:40.492785,2026-07-01T09:55:41.869061+00:00,82.9,500,bid,,,2098573
2026-07-01T19:55:40.769916,2026-07-01T09:55:42.155070+00:00,82.9,125,ask,,,2098582
2026-07-01T19:55:41.140530,2026-07-01T09:55:42.518061+00:00,82.4,10,ask,,,2098593
2026-07-01T19:55:41.804338,2026-07-01T09:55:43.189070+00:00,82.8,200,ask,,,2098606
2026-07-01T19:55:42.248614,2026-07-01T09:55:43.629162+00:00,82.4,20,ask,,,2098613
2026-07-01T19:55:42.893723,2026-07-01T09:55:44.278163+00:00,82.6,200,bid,,,2098629
2026-07-01T19:55:44.223107,2026-07-01T09:55:45.599172+00:00,82.6,10,ask,,,2098657
2026-07-01T19:55:45.743638,2026-07-01T09:55:47.127768+00:00,82.7,1,bid,,,2098685
2026-07-01T19:55:45.743638,2026-07-01T09:55:47.127768+00:00,82.7,200,bid,,,2098686
2026-07-01T19:55:46.520686,2026-07-01T09:55:47.898770+00:00,82.8,200,ask,,,2098709
2026-07-01T19:55:47.729224,2026-07-01T09:55:49.108434+00:00,82.8,200,ask,,,2098743
2026-07-01T19:55:48.316285,2026-07-01T09:55:49.702446+00:00,82.9,10,bid,,,2098758
2026-07-01T19:55:48.826164,2026-07-01T09:55:50.208455+00:00,82.7,20,bid,,,2098774
2026-07-01T19:55:51.384048,2026-07-01T09:55:52.760447+00:00,82.7,10,ask,,,2098819
2026-07-01T19:55:52.318799,2026-07-01T09:55:53.705986+00:00,82.8,6,bid,,,2098832
2026-07-01T19:55:52.318799,2026-07-01T09:55:53.705986+00:00,82.9,200,bid,,,2098833
2026-07-01T19:55:53.780547,2026-07-01T09:55:55.168987+00:00,82.9,200,bid,,,2098869
2026-07-01T19:55:53.815908,2026-07-01T09:55:55.201987+00:00,82.8,20,ask,,,2098870
2026-07-01T19:55:54.995001,2026-07-01T09:55:56.379050+00:00,82.9,200,ask,,,2098899
2026-07-01T19:55:56.288906,2026-07-01T09:55:57.666042+00:00,82.9,200,ask,,,2098924
2026-07-01T19:55:57.483327,2026-07-01T09:55:58.864680+00:00,82.7,10,ask,,,2098948
2026-07-01T19:55:57.600475,2026-07-01T09:55:58.985681+00:00,82.9,200,bid,WavyWalnuts,YieldingYams,2098951
2026-07-01T19:55:59.832004,2026-07-01T09:56:01.207694+00:00,83.0,5,bid,,,2098987
2026-07-01T19:55:59.832004,2026-07-01T09:56:01.218694+00:00,83.0,195,bid,,,2098988
2026-07-01T19:56:01.047701,2026-07-01T09:56:02.428835+00:00,83.0,200,bid,,,2099017
2026-07-01T19:56:01.538399,2026-07-01T09:56:02.923835+00:00,83.0,3,bid,,,2099040
2026-07-01T19:56:01.538399,2026-07-01T09:56:02.923835+00:00,83.0,500,bid,,,2099041
2026-07-01T19:56:02.857268,2026-07-01T09:56:04.242132+00:00,82.9,200,ask,,,2099065
2026-07-01T19:56:03.472348,2026-07-01T09:56:04.858123+00:00,82.8,200,bid,,,2099077
2026-07-01T19:56:06.650111,2026-07-01T09:56:08.036699+00:00,82.8,10,bid,,,2099159
2026-07-01T19:56:06.790876,2026-07-01T09:56:08.171690+00:00,82.7,200,ask,,,2099164
2026-07-01T19:56:06.790876,2026-07-01T09:56:08.171690+00:00,82.6,4,ask,,,2099165
2026-07-01T19:56:07.103857,2026-07-01T09:56:08.489263+00:00,82.6,200,bid,,,2099171
2026-07-01T19:56:09.416286,2026-07-01T09:56:10.799263+00:00,82.8,200,bid,,,2099236
2026-07-01T19:56:10.474960,2026-07-01T09:56:11.854779+00:00,82.9,425,ask,,,2099255
2026-07-01T19:56:10.716213,2026-07-01T09:56:12.096778+00:00,82.8,10,ask,,,2099263
2026-07-01T19:56:10.725857,2026-07-01T09:56:12.107778+00:00,82.8,190,ask,,,2099264
2026-07-01T19:56:10.725857,2026-07-01T09:56:12.107778+00:00,82.7,5,ask,,,2099265
2026-07-01T19:56:10.732865,2026-07-01T09:56:12.118778+00:00,82.7,200,bid,,,2099266
2026-07-01T19:56:11.941561,2026-07-01T09:56:13.328046+00:00,82.7,200,bid,,,2099297
2026-07-01T19:56:13.156402,2026-07-01T09:56:14.538046+00:00,82.9,200,ask,WavyWalnuts,YieldingYams,2099315
2026-07-01T19:56:13.367661,2026-07-01T09:56:14.747048+00:00,83.0,20,bid,,,2099320
2026-07-01T19:56:14.367325,2026-07-01T09:56:15.748047+00:00,82.8,200,ask,,,2099341
2026-07-01T19:56:14.583006,2026-07-01T09:56:15.968046+00:00,83.0,20,bid,BrilliantBurritos,WavyWalnuts,2099344
2026-07-01T19:56:17.289100,2026-07-01T09:56:18.672436+00:00,82.9,200,bid,,,2099437
2026-07-01T19:56:17.370660,2026-07-01T09:56:18.749436+00:00,82.9,10,ask,,,2099439
2026-07-01T19:56:19.218410,2026-07-01T09:56:20.597436+00:00,82.9,200,bid,,,2099486
2026-07-01T19:56:21.025330,2026-07-01T09:56:22.412516+00:00,82.8,20,ask,,,2099522
2026-07-01T19:56:21.640943,2026-07-01T09:56:23.017527+00:00,82.8,200,ask,,,2099539
2026-07-01T19:56:23.838598,2026-07-01T09:56:25.217620+00:00,82.8,200,bid,,,2099579
2026-07-01T19:56:25.155056,2026-07-01T09:56:26.537158+00:00,82.8,200,ask,,,2099603
2026-07-01T19:56:25.538341,2026-07-01T09:56:26.922225+00:00,82.6,1,ask,,,2099611
2026-07-01T19:56:25.538341,2026-07-01T09:56:26.922225+00:00,82.6,9,ask,,,2099612
2026-07-01T19:56:26.479767,2026-07-01T09:56:27.857225+00:00,82.7,10,ask,,,2099640
2026-07-01T19:56:26.485250,2026-07-01T09:56:27.868224+00:00,82.7,200,bid,,,2099641
2026-07-01T19:56:30.499546,2026-07-01T09:56:31.884338+00:00,82.9,8,bid,,,2099742
2026-07-01T19:56:30.615064,2026-07-01T09:56:31.994339+00:00,82.9,8,bid,,,2099749
2026-07-01T19:56:31.764320,2026-07-01T09:56:33.149339+00:00,82.8,200,ask,,,2099770
2026-07-01T19:56:36.175504,2026-07-01T09:56:37.559428+00:00,82.9,10,bid,,,2099879
2026-07-01T19:56:37.005331,2026-07-01T09:56:38.383973+00:00,82.8,500,ask,,,2099905
2026-07-01T19:56:37.087550,2026-07-01T09:56:38.471973+00:00,82.8,125,bid,,,2099910
2026-07-01T19:56:37.836543,2026-07-01T09:56:39.219984+00:00,82.9,20,ask,,,2099926
2026-07-01T19:56:39.640451,2026-07-01T09:56:41.023985+00:00,82.9,200,ask,,,2099981
2026-07-01T19:56:39.825549,2026-07-01T09:56:41.210983+00:00,82.9,200,bid,,,2099984
2026-07-01T19:56:40.557285,2026-07-01T09:56:41.936984+00:00,82.8,20,ask,,,2099999
2026-07-01T19:56:42.266958,2026-07-01T09:56:43.652638+00:00,82.9,200,bid,,,2100053
2026-07-01T19:56:42.266958,2026-07-01T09:56:43.652638+00:00,83.1,1,bid,,,2100054
2026-07-01T19:56:42.293118,2026-07-01T09:56:43.674638+00:00,83.3,10,bid,,,2100056
2026-07-01T19:56:43.471189,2026-07-01T09:56:44.851638+00:00,83.1,200,ask,,,2100077
2026-07-01T19:56:46.198998,2026-07-01T09:56:47.579716+00:00,83.0,200,bid,,,2100117
2026-07-01T19:56:46.198998,2026-07-01T09:56:47.579716+00:00,83.1,3,bid,,,2100118
2026-07-01T19:56:46.776058,2026-07-01T09:56:48.162717+00:00,83.1,20,ask,,,2100136
2026-07-01T19:56:47.114296,2026-07-01T09:56:48.503051+00:00,83.1,200,ask,,,2100144
2026-07-01T19:56:47.927440,2026-07-01T09:56:49.306052+00:00,82.8,9,ask,,,2100163
2026-07-01T19:56:47.927440,2026-07-01T09:56:49.306052+00:00,82.8,11,ask,,,2100164
2026-07-01T19:56:48.851651,2026-07-01T09:56:50.230052+00:00,82.9,6,bid,,,2100174
2026-07-01T19:56:51.464199,2026-07-01T09:56:52.848051+00:00,82.9,200,bid,,,2100235
2026-07-01T19:56:51.586823,2026-07-01T09:56:52.969051+00:00,82.9,20,ask,,,2100237
2026-07-01T19:56:53.030416,2026-07-01T09:56:54.409548+00:00,82.8,6,ask,,,2100262
2026-07-01T19:56:53.030416,2026-07-01T09:56:54.409548+00:00,82.8,4,ask,,,2100263
2026-07-01T19:56:55.603459,2026-07-01T09:56:56.983093+00:00,82.8,6,ask,,,2100324
2026-07-01T19:56:55.603459,2026-07-01T09:56:56.983093+00:00,82.8,194,ask,,,2100325
2026-07-01T19:57:00.536297,2026-07-01T09:57:01.921150+00:00,82.8,20,ask,,,2100431
2026-07-01T19:57:00.671493,2026-07-01T09:57:02.053149+00:00,82.9,500,bid,,,2100438
2026-07-01T19:57:00.671493,2026-07-01T09:57:02.053149+00:00,82.9,125,bid,,,2100439
2026-07-01T19:57:01.681000,2026-07-01T09:57:03.065150+00:00,82.9,200,bid,,,2100465
2026-07-01T19:57:03.043324,2026-07-01T09:57:04.428666+00:00,82.7,5,ask,,,2100487
2026-07-01T19:57:03.043324,2026-07-01T09:57:04.428666+00:00,82.7,15,ask,,,2100488
2026-07-01T19:57:04.615908,2026-07-01T09:57:06.001666+00:00,82.8,200,bid,,,2100518
2026-07-01T19:57:05.307777,2026-07-01T09:57:06.694353+00:00,82.8,200,ask,,,2100525
2026-07-01T19:57:05.499309,2026-07-01T09:57:06.881353+00:00,83.0,3,bid,,,2100533
2026-07-01T19:57:05.499309,2026-07-01T09:57:06.881353+00:00,83.0,17,bid,,,2100534
2026-07-01T19:57:06.515523,2026-07-01T09:57:07.893353+00:00,82.7,8,ask,,,2100553
2026-07-01T19:57:07.724155,2026-07-01T09:57:09.103452+00:00,82.7,200,bid,,,2100576
2026-07-01T19:57:09.888048,2026-07-01T09:57:11.270474+00:00,82.6,8,ask,,,2100608
2026-07-01T19:57:09.888048,2026-07-01T09:57:11.281473+00:00,82.6,200,ask,,,2100609
2026-07-01T19:57:09.888048,2026-07-01T09:57:11.281473+00:00,82.6,417,ask,,,2100610
2026-07-01T19:57:11.358833,2026-07-01T09:57:12.747986+00:00,82.7,200,ask,,,2100641
2026-07-01T19:57:11.944308,2026-07-01T09:57:13.331071+00:00,82.9,10,bid,,,2100660
2026-07-01T19:57:12.566312,2026-07-01T09:57:13.947071+00:00,82.7,200,bid,,,2100676
2026-07-01T19:57:12.834974,2026-07-01T09:57:14.222071+00:00,82.7,425,bid,,,2100683
2026-07-01T19:57:13.824715,2026-07-01T09:57:15.201072+00:00,82.8,200,bid,,,2100698
2026-07-01T19:57:13.824715,2026-07-01T09:57:15.212072+00:00,83.0,1,bid,,,2100699
2026-07-01T19:57:13.978752,2026-07-01T09:57:15.355071+00:00,83.2,10,bid,,,2100704
2026-07-01T19:57:14.983737,2026-07-01T09:57:16.366616+00:00,83.0,200,ask,,,2100731
2026-07-01T19:57:15.719164,2026-07-01T09:57:17.103616+00:00,82.8,20,bid,,,2100747
2026-07-01T19:57:16.189968,2026-07-01T09:57:17.565607+00:00,82.8,200,bid,,,2100757
2026-07-01T19:57:16.527211,2026-07-01T09:57:17.906609+00:00,82.9,10,bid,,,2100762
2026-07-01T19:57:17.217592,2026-07-01T09:57:18.599148+00:00,82.9,20,bid,,,2100781
2026-07-01T19:57:17.809510,2026-07-01T09:57:19.193147+00:00,82.9,200,bid,,,2100788
2026-07-01T19:57:17.836055,2026-07-01T09:57:19.215148+00:00,82.9,20,ask,,,2100791
2026-07-01T19:57:18.607189,2026-07-01T09:57:19.985168+00:00,82.9,200,ask,,,2100808
2026-07-01T19:57:19.584048,2026-07-01T09:57:20.964158+00:00,82.9,10,bid,,,2100835
2026-07-01T19:57:19.816844,2026-07-01T09:57:21.195159+00:00,82.9,200,bid,,,2100845
2026-07-01T19:57:22.681041,2026-07-01T09:57:24.065210+00:00,82.8,20,ask,,,2100906
2026-07-01T19:57:24.411052,2026-07-01T09:57:25.792210+00:00,82.9,200,bid,,,2100944
2026-07-01T19:57:25.695058,2026-07-01T09:57:27.078744+00:00,83.0,1,bid,,,2100978
2026-07-01T19:57:26.208303,2026-07-01T09:57:27.595743+00:00,83.0,9,bid,,,2100998
2026-07-01T19:57:28.296777,2026-07-01T09:57:29.684438+00:00,83.0,200,bid,,,2101043
2026-07-01T19:57:29.505403,2026-07-01T09:57:30.883459+00:00,83.0,2,bid,,,2101078
2026-07-01T19:57:29.505403,2026-07-01T09:57:30.883459+00:00,83.0,198,bid,,,2101079
2026-07-01T19:57:31.292829,2026-07-01T09:57:32.675970+00:00,83.0,2,bid,,,2101111
2026-07-01T19:57:31.292829,2026-07-01T09:57:32.675970+00:00,83.0,8,bid,,,2101112
2026-07-01T19:57:31.630070,2026-07-01T09:57:33.005970+00:00,82.9,500,ask,,,2101121
2026-07-01T19:57:32.336835,2026-07-01T09:57:33.720576+00:00,82.9,20,ask,,,2101141
2026-07-01T19:57:32.829372,2026-07-01T09:57:34.215591+00:00,82.9,180,ask,,,2101148
2026-07-01T19:57:32.845089,2026-07-01T09:57:34.237589+00:00,82.9,10,bid,,,2101150
2026-07-01T19:57:34.342795,2026-07-01T09:57:35.722105+00:00,82.9,200,bid,,,2101180
2026-07-01T19:57:34.941923,2026-07-01T09:57:36.326638+00:00,82.9,500,bid,,,2101192
2026-07-01T19:57:34.941923,2026-07-01T09:57:36.326638+00:00,83.0,2,bid,,,2101193
2026-07-01T19:57:34.941923,2026-07-01T09:57:36.326638+00:00,83.0,123,bid,,,2101194
2026-07-01T19:57:35.157087,2026-07-01T09:57:36.535638+00:00,82.6,7,ask,,,2101201
2026-07-01T19:57:36.524111,2026-07-01T09:57:37.910154+00:00,82.9,20,bid,,,2101235
2026-07-01T19:57:37.083571,2026-07-01T09:57:38.470373+00:00,82.8,200,ask,,,2101248
2026-07-01T19:57:38.885930,2026-07-01T09:57:40.262897+00:00,82.7,3,ask,,,2101293
2026-07-01T19:57:38.885930,2026-07-01T09:57:40.273898+00:00,82.7,200,ask,,,2101294
2026-07-01T19:57:38.909149,2026-07-01T09:57:40.295889+00:00,82.7,297,bid,,,2101296
2026-07-01T19:57:39.179951,2026-07-01T09:57:40.559888+00:00,82.7,200,ask,,,2101304
2026-07-01T19:57:40.086643,2026-07-01T09:57:41.472888+00:00,82.7,128,ask,,,2101328
2026-07-01T19:57:40.240978,2026-07-01T09:57:41.626888+00:00,82.6,6,ask,,,2101337
2026-07-01T19:57:41.594190,2026-07-01T09:57:42.979889+00:00,82.6,200,bid,,,2101366
2026-07-01T19:57:43.012752,2026-07-01T09:57:44.398351+00:00,82.5,8,ask,,,2101392
2026-07-01T19:57:43.012752,2026-07-01T09:57:44.398351+00:00,82.5,2,ask,,,2101393
2026-07-01T19:57:44.031230,2026-07-01T09:57:45.410342+00:00,82.7,200,bid,,,2101408
2026-07-01T19:57:48.104277,2026-07-01T09:57:49.490397+00:00,82.7,200,bid,,,2101501
2026-07-01T19:57:48.104277,2026-07-01T09:57:49.490397+00:00,82.8,7,bid,,,2101502
2026-07-01T19:57:48.104277,2026-07-01T09:57:49.490397+00:00,82.8,418,bid,,,2101503
2026-07-01T19:57:50.738771,2026-07-01T09:57:52.118930+00:00,82.5,1,ask,,,2101550
2026-07-01T19:57:53.363074,2026-07-01T09:57:54.747482+00:00,82.4,1,ask,,,2101606
2026-07-01T19:57:53.363074,2026-07-01T09:57:54.747482+00:00,82.4,200,ask,,,2101607
2026-07-01T19:57:54.899972,2026-07-01T09:57:56.277481+00:00,82.4,20,ask,,,2101638
2026-07-01T19:57:55.096366,2026-07-01T09:57:56.475480+00:00,82.6,10,bid,,,2101641
2026-07-01T19:57:58.624671,2026-07-01T09:58:00.006398+00:00,82.4,200,ask,,,2101726
2026-07-01T19:57:59.765118,2026-07-01T09:58:01.150397+00:00,82.3,200,bid,,,2101751
2026-07-01T19:58:03.399828,2026-07-01T09:58:04.779356+00:00,82.5,200,bid,,,2101832
2026-07-01T19:58:05.198262,2026-07-01T09:58:06.582910+00:00,82.4,200,ask,,,2101873
2026-07-01T19:58:06.123108,2026-07-01T09:58:07.506909+00:00,82.4,20,bid,,,2101890
2026-07-01T19:58:06.529353,2026-07-01T09:58:07.913910+00:00,82.3,5,ask,,,2101906
2026-07-01T19:58:06.529353,2026-07-01T09:58:07.913910+00:00,82.3,200,ask,,,2101907
2026-07-01T19:58:06.872646,2026-07-01T09:58:08.254910+00:00,82.3,10,bid,,,2101920
2026-07-01T19:58:07.842696,2026-07-01T09:58:09.221876+00:00,82.3,200,bid,,,2101947
2026-07-01T19:58:08.240175,2026-07-01T09:58:09.617877+00:00,82.4,200,ask,,,2101950
2026-07-01T19:58:10.943394,2026-07-01T09:58:12.324888+00:00,82.5,10,bid,,,2102025
2026-07-01T19:58:11.824517,2026-07-01T09:58:13.204888+00:00,82.3,200,ask,,,2102033
2026-07-01T19:58:11.841670,2026-07-01T09:58:13.226888+00:00,82.3,100,bid,,,2102035
2026-07-01T19:58:11.849451,2026-07-01T09:58:13.226888+00:00,82.3,35,bid,,,2102036
2026-07-01T19:58:11.908270,2026-07-01T09:58:13.292889+00:00,82.3,25,bid,,,2102039
2026-07-01T19:58:11.939413,2026-07-01T09:58:13.325158+00:00,82.3,35,bid,,,2102040
2026-07-01T19:58:12.036172,2026-07-01T09:58:13.413158+00:00,82.3,35,bid,,,2102046
2026-07-01T19:58:12.130988,2026-07-01T09:58:13.512158+00:00,82.3,20,bid,,,2102055
2026-07-01T19:58:13.090991,2026-07-01T09:58:14.469365+00:00,82.3,175,bid,,,2102075
2026-07-01T19:58:13.188692,2026-07-01T09:58:14.568365+00:00,82.4,35,ask,,,2102078
2026-07-01T19:58:13.282038,2026-07-01T09:58:14.667365+00:00,82.4,35,ask,,,2102085
2026-07-01T19:58:13.373818,2026-07-01T09:58:14.755364+00:00,82.4,35,ask,,,2102094
2026-07-01T19:58:13.465356,2026-07-01T09:58:14.843365+00:00,82.4,20,ask,,,2102098
2026-07-01T19:58:14.312300,2026-07-01T09:58:15.701377+00:00,82.4,200,ask,,,2102117
2026-07-01T19:58:15.523346,2026-07-01T09:58:16.900389+00:00,82.2,2,ask,,,2102141
2026-07-01T19:58:15.523346,2026-07-01T09:58:16.911387+00:00,82.2,18,ask,,,2102142
2026-07-01T19:58:15.760003,2026-07-01T09:58:17.142390+00:00,82.3,200,bid,,,2102149
2026-07-01T19:58:17.937562,2026-07-01T09:58:19.319965+00:00,82.4,200,bid,,,2102208
2026-07-01T19:58:18.868162,2026-07-01T09:58:20.254976+00:00,82.3,20,ask,,,2102222
2026-07-01T19:58:19.151253,2026-07-01T09:58:20.529975+00:00,82.3,200,ask,,,2102227
2026-07-01T19:58:21.620254,2026-07-01T09:58:23.005393+00:00,82.4,20,bid,,,2102293
2026-07-01T19:58:24.681434,2026-07-01T09:58:26.064960+00:00,82.3,20,bid,,,2102367
2026-07-01T19:58:28.884473,2026-07-01T09:58:30.260555+00:00,82.1,200,bid,,,2102464
2026-07-01T19:58:30.036209,2026-07-01T09:58:31.415071+00:00,82.1,200,ask,,,2102504
2026-07-01T19:58:31.242780,2026-07-01T09:58:32.625072+00:00,82.1,200,bid,,,2102521
2026-07-01T19:58:31.581675,2026-07-01T09:58:32.966071+00:00,82.0,20,ask,,,2102535
2026-07-01T19:58:32.453523,2026-07-01T09:58:33.835071+00:00,82.2,200,bid,,,2102553
2026-07-01T19:58:33.669561,2026-07-01T09:58:35.056081+00:00,82.2,200,bid,,,2102577
2026-07-01T19:58:35.444666,2026-07-01T09:58:36.826150+00:00,82.1,200,ask,,,2102620
2026-07-01T19:58:36.992799,2026-07-01T09:58:38.377264+00:00,82.0,20,ask,,,2102662
2026-07-01T19:58:37.350067,2026-07-01T09:58:38.729265+00:00,82.0,35,bid,,,2102673
2026-07-01T19:58:37.439572,2026-07-01T09:58:38.817264+00:00,82.0,35,bid,,,2102675
2026-07-01T19:58:37.527948,2026-07-01T09:58:38.905264+00:00,82.0,35,bid,,,2102678
2026-07-01T19:58:37.621409,2026-07-01T09:58:39.004264+00:00,82.0,95,bid,,,2102682
2026-07-01T19:58:37.722340,2026-07-01T09:58:39.103265+00:00,82.1,35,bid,,,2102686
2026-07-01T19:58:40.725101,2026-07-01T09:58:42.105780+00:00,82.0,1,ask,,,2102762
2026-07-01T19:58:42.132320,2026-07-01T09:58:43.513408+00:00,82.0,20,bid,,,2102789
2026-07-01T19:58:42.563735,2026-07-01T09:58:43.942408+00:00,82.0,20,bid,,,2102802
2026-07-01T19:58:44.571421,2026-07-01T09:58:45.954927+00:00,82.1,200,bid,,,2102852
2026-07-01T19:58:44.672791,2026-07-01T09:58:46.053928+00:00,82.1,100,ask,,,2102854
2026-07-01T19:58:44.706370,2026-07-01T09:58:46.086477+00:00,82.1,50,ask,,,2102857
2026-07-01T19:58:45.308908,2026-07-01T09:58:46.691478+00:00,82.1,20,ask,,,2102867
2026-07-01T19:58:45.965974,2026-07-01T09:58:47.351478+00:00,82.1,200,ask,,,2102887
2026-07-01T19:58:49.412316,2026-07-01T09:58:50.794184+00:00,82.1,200,ask,,,2102973
2026-07-01T19:58:50.619617,2026-07-01T09:58:52.004184+00:00,82.0,200,ask,,,2103011
2026-07-01T19:58:51.049515,2026-07-01T09:58:52.433184+00:00,82.0,90,ask,,,2103023
2026-07-01T19:58:51.206233,2026-07-01T09:58:52.598184+00:00,82.0,500,ask,,,2103026
2026-07-01T19:58:51.484971,2026-07-01T09:58:52.862184+00:00,82.0,10,bid,,,2103029
2026-07-01T19:58:51.826162,2026-07-01T09:58:53.203184+00:00,82.0,115,bid,,,2103036
2026-07-01T19:58:51.826162,2026-07-01T09:58:53.214184+00:00,82.2,2,bid,,,2103037
2026-07-01T19:58:51.903131,2026-07-01T09:58:53.280184+00:00,82.2,20,ask,,,2103038
2026-07-01T19:58:51.951205,2026-07-01T09:58:53.334104+00:00,82.2,25,ask,,,2103042
2026-07-01T19:58:53.041430,2026-07-01T09:58:54.423104+00:00,82.2,200,ask,,,2103079
2026-07-01T19:58:53.527182,2026-07-01T09:58:54.907104+00:00,82.2,10,ask,,,2103087
2026-07-01T19:58:55.132414,2026-07-01T09:58:56.512657+00:00,82.3,2,bid,,,2103131
2026-07-01T19:58:57.763445,2026-07-01T09:58:59.141221+00:00,82.2,200,ask,,,2103194
2026-07-01T19:58:58.554103,2026-07-01T09:58:59.933220+00:00,82.1,20,ask,,,2103209
2026-07-01T19:59:00.300393,2026-07-01T09:59:01.693232+00:00,82.1,200,ask,,,2103250
2026-07-01T19:59:00.433472,2026-07-01T09:59:01.814232+00:00,82.2,35,bid,,,2103252
2026-07-01T19:59:00.528176,2026-07-01T09:59:01.913232+00:00,82.2,35,bid,,,2103255
2026-07-01T19:59:00.650269,2026-07-01T09:59:02.034233+00:00,82.2,35,bid,,,2103261
2026-07-01T19:59:00.751053,2026-07-01T09:59:02.133232+00:00,82.2,35,bid,,,2103263
2026-07-01T19:59:00.842689,2026-07-01T09:59:02.221232+00:00,82.2,10,bid,,,2103265
2026-07-01T19:59:02.725287,2026-07-01T09:59:04.112278+00:00,82.0,200,bid,,,2103307
2026-07-01T19:59:03.829736,2026-07-01T09:59:05.212278+00:00,82.1,20,bid,,,2103337
2026-07-01T19:59:04.333127,2026-07-01T09:59:05.718278+00:00,82.1,200,bid,,,2103350
2026-07-01T19:59:04.385383,2026-07-01T09:59:05.773278+00:00,82.1,35,ask,,,2103352
2026-07-01T19:59:04.474603,2026-07-01T09:59:05.861278+00:00,82.1,35,ask,,,2103355
2026-07-01T19:59:04.563221,2026-07-01T09:59:05.949278+00:00,82.1,30,ask,,,2103357
2026-07-01T19:59:05.652962,2026-07-01T09:59:07.037852+00:00,82.1,200,ask,,,2103377
2026-07-01T19:59:06.969577,2026-07-01T09:59:08.358490+00:00,82.1,200,bid,,,2103417
2026-07-01T19:59:07.574875,2026-07-01T09:59:08.952490+00:00,82.2,200,ask,,,2103430
2026-07-01T19:59:09.616647,2026-07-01T09:59:10.998482+00:00,82.1,200,bid,,,2103477
2026-07-01T19:59:10.001480,2026-07-01T09:59:11.386482+00:00,82.1,200,ask,,,2103487
2026-07-01T19:59:10.226796,2026-07-01T09:59:11.606494+00:00,82.2,10,bid,,,2103488
2026-07-01T19:59:11.208559,2026-07-01T09:59:12.585494+00:00,82.1,200,bid,,,2103510
2026-07-01T19:59:13.971448,2026-07-01T09:59:15.356529+00:00,82.1,20,ask,,,2103571
2026-07-01T19:59:16.211312,2026-07-01T09:59:17.589107+00:00,82.2,200,ask,,,2103621
2026-07-01T19:59:18.276774,2026-07-01T09:59:19.656431+00:00,82.1,20,ask,,,2103674
2026-07-01T19:59:20.824608,2026-07-01T09:59:22.208913+00:00,82.1,10,ask,,,2103730
2026-07-01T19:59:21.463833,2026-07-01T09:59:22.846911+00:00,82.2,200,bid,,,2103743
2026-07-01T19:59:21.487287,2026-07-01T09:59:22.868911+00:00,82.2,35,ask,,,2103745
2026-07-01T19:59:21.583086,2026-07-01T09:59:22.967911+00:00,82.2,15,ask,,,2103749
2026-07-01T19:59:22.790147,2026-07-01T09:59:24.166449+00:00,82.2,35,bid,,,2103782
2026-07-01T19:59:22.880491,2026-07-01T09:59:24.265449+00:00,82.2,35,bid,,,2103785
2026-07-01T19:59:22.971045,2026-07-01T09:59:24.353449+00:00,82.2,29,bid,,,2103788
2026-07-01T19:59:24.550466,2026-07-01T09:59:25.937449+00:00,82.1,200,ask,,,2103826
2026-07-01T19:59:25.758943,2026-07-01T09:59:27.135985+00:00,82.1,200,ask,,,2103858
2026-07-01T19:59:29.398655,2026-07-01T09:59:30.776910+00:00,82.2,35,ask,,,2103944
2026-07-01T19:59:29.488613,2026-07-01T09:59:30.875477+00:00,82.2,35,ask,,,2103948
2026-07-01T19:59:29.577918,2026-07-01T09:59:30.963477+00:00,82.2,29,ask,,,2103950
2026-07-01T19:59:31.956714,2026-07-01T09:59:33.338756+00:00,82.2,200,bid,,,2104004
2026-07-01T19:59:33.023486,2026-07-01T09:59:34.405755+00:00,82.3,2,bid,,,2104030
2026-07-01T19:59:33.023486,2026-07-01T09:59:34.405755+00:00,82.4,198,bid,,,2104031
2026-07-01T19:59:33.238920,2026-07-01T09:59:34.625755+00:00,82.2,20,ask,,,2104039
2026-07-01T19:59:33.327045,2026-07-01T09:59:34.713756+00:00,82.3,10,bid,,,2104048
2026-07-01T19:59:34.647110,2026-07-01T09:59:36.033755+00:00,82.4,10,bid,,,2104073
2026-07-01T19:59:34.647110,2026-07-01T09:59:36.033755+00:00,82.4,500,bid,,,2104074
2026-07-01T19:59:34.647110,2026-07-01T09:59:36.033755+00:00,82.5,115,bid,,,2104075
2026-07-01T19:59:35.443964,2026-07-01T09:59:36.825318+00:00,82.4,200,bid,,,2104096
2026-07-01T19:59:35.744289,2026-07-01T09:59:37.122319+00:00,82.0,1,ask,,,2104098
2026-07-01T19:59:35.744289,2026-07-01T09:59:37.122319+00:00,81.9,19,ask,,,2104099
2026-07-01T19:59:37.871769,2026-07-01T09:59:39.256289+00:00,82.4,8,bid,,,2104149
2026-07-01T19:59:37.871769,2026-07-01T09:59:39.256289+00:00,82.4,192,bid,,,2104150
2026-07-01T19:59:38.590683,2026-07-01T09:59:39.970900+00:00,82.4,9,bid,,,2104171
2026-07-01T19:59:40.300381,2026-07-01T09:59:41.686919+00:00,82.5,9,bid,,,2104213
2026-07-01T19:59:40.300381,2026-07-01T09:59:41.686919+00:00,82.5,191,bid,,,2104214
2026-07-01T19:59:41.513410,2026-07-01T09:59:42.896910+00:00,82.4,4,bid,,,2104249
2026-07-01T19:59:41.513410,2026-07-01T09:59:42.896910+00:00,82.5,196,bid,,,2104250
2026-07-01T19:59:45.157990,2026-07-01T09:59:46.540572+00:00,82.5,2,bid,,,2104319
2026-07-01T19:59:45.424096,2026-07-01T09:59:46.804572+00:00,82.5,198,ask,,,2104331
2026-07-01T19:59:46.372806,2026-07-01T09:59:47.750572+00:00,82.4,200,ask,,,2104358
2026-07-01T19:59:46.697255,2026-07-01T09:59:48.080572+00:00,82.3,10,ask,,,2104368
2026-07-01T19:59:47.579557,2026-07-01T09:59:48.960185+00:00,82.4,200,bid,,,2104379
2026-07-01T19:59:48.720259,2026-07-01T09:59:50.104184+00:00,82.4,20,bid,,,2104411
2026-07-01T19:59:48.793756,2026-07-01T09:59:50.170184+00:00,82.4,200,bid,,,2104418
2026-07-01T19:59:49.087804,2026-07-01T09:59:50.467185+00:00,82.4,500,bid,,,2104426
2026-07-01T19:59:50.404314,2026-07-01T09:59:51.787184+00:00,82.3,200,ask,,,2104449
2026-07-01T19:59:51.212608,2026-07-01T09:59:52.590184+00:00,82.2,200,bid,,,2104472
2026-07-01T19:59:51.281440,2026-07-01T09:59:52.667184+00:00,82.1,2,ask,,,2104478
2026-07-01T19:59:51.794359,2026-07-01T09:59:53.173185+00:00,82.3,8,ask,,,2104488
2026-07-01T19:59:55.641770,2026-07-01T09:59:57.023035+00:00,82.3,200,bid,,,2104575
2026-07-01T19:59:56.944164,2026-07-01T09:59:58.320702+00:00,82.3,10,ask,,,2104608
