timestamp,recv_time,price,volume,aggressor_side,buyer,seller,trade_id
2026-07-15T20:24:25.090442,2026-07-15T20:24:25.098616+00:00,67.0,200,bid,,,5401275
2026-07-15T20:24:25.136098,2026-07-15T20:24:25.138953+00:00,67.0,2,bid,,,5401279
2026-07-15T20:24:26.178130,2026-07-15T20:24:26.181590+00:00,67.1,2,bid,,,5401301
2026-07-15T20:24:26.306018,2026-07-15T20:24:26.313928+00:00,66.9,6,ask,,,5401305
2026-07-15T20:24:26.306018,2026-07-15T20:24:26.313928+00:00,66.9,194,ask,,,5401306
2026-07-15T20:24:27.197079,2026-07-15T20:24:27.206845+00:00,67.0,2,ask,,,5401321
2026-07-15T20:24:27.522166,2026-07-15T20:24:27.525756+00:00,67.0,200,ask,,,5401325
2026-07-15T20:24:28.066623,2026-07-15T20:24:28.070254+00:00,67.0,500,ask,,,5401334
2026-07-15T20:24:28.229665,2026-07-15T20:24:28.235125+00:00,67.0,2,bid,,,5401339
2026-07-15T20:24:28.259140,2026-07-15T20:24:28.266352+00:00,67.0,123,bid,,,5401340
2026-07-15T20:24:28.731653,2026-07-15T20:24:28.741559+00:00,67.0,200,ask,,,5401354
2026-07-15T20:24:29.265753,2026-07-15T20:24:29.274783+00:00,67.0,2,ask,,,5401372
2026-07-15T20:24:29.270761,2026-07-15T20:24:29.274783+00:00,67.4,10,bid,,,5401373
2026-07-15T20:24:29.442629,2026-07-15T20:24:29.450437+00:00,67.3,20,bid,,,5401374
2026-07-15T20:24:29.818172,2026-07-15T20:24:29.826960+00:00,67.3,5,bid,,,5401378
2026-07-15T20:24:29.948658,2026-07-15T20:24:29.961060+00:00,67.1,200,ask,,,5401380
2026-07-15T20:24:30.296195,2026-07-15T20:24:30.303197+00:00,67.3,2,bid,,,5401388
2026-07-15T20:24:31.326839,2026-07-15T20:24:31.329524+00:00,67.2,2,bid,,,5401409
2026-07-15T20:24:32.346241,2026-07-15T20:24:32.356131+00:00,67.1,2,ask,,,5401423
2026-07-15T20:24:32.368932,2026-07-15T20:24:32.376918+00:00,67.1,200,ask,,,5401426
2026-07-15T20:24:33.376571,2026-07-15T20:24:33.385225+00:00,67.1,2,bid,,,5401444
2026-07-15T20:24:33.576035,2026-07-15T20:24:33.582592+00:00,67.1,200,bid,,,5401448
2026-07-15T20:24:33.705327,2026-07-15T20:24:33.707344+00:00,67.1,423,bid,,,5401451
2026-07-15T20:24:33.965467,2026-07-15T20:24:33.967304+00:00,67.1,5,ask,,,5401458
2026-07-15T20:24:34.394966,2026-07-15T20:24:34.404924+00:00,67.1,2,ask,,,5401464
2026-07-15T20:24:34.687909,2026-07-15T20:24:34.696578+00:00,67.3,25,ask,,,5401470
2026-07-15T20:24:34.789650,2026-07-15T20:24:34.800915+00:00,67.3,25,ask,,,5401473
2026-07-15T20:24:34.797966,2026-07-15T20:24:34.800915+00:00,67.3,200,ask,,,5401474
2026-07-15T20:24:34.824726,2026-07-15T20:24:34.840468+00:00,67.3,26,ask,,,5401478
2026-07-15T20:24:34.851630,2026-07-15T20:24:34.861469+00:00,67.3,24,ask,,,5401481
2026-07-15T20:24:34.861115,2026-07-15T20:24:34.871884+00:00,67.3,24,ask,,,5401483
2026-07-15T20:24:34.888940,2026-07-15T20:24:34.892736+00:00,67.3,24,ask,,,5401486
2026-07-15T20:24:35.007739,2026-07-15T20:24:35.018241+00:00,67.4,5,bid,,,5401490
2026-07-15T20:24:35.416862,2026-07-15T20:24:35.424743+00:00,67.3,2,ask,,,5401500
2026-07-15T20:24:35.989295,2026-07-15T20:24:35.999769+00:00,67.3,76,ask,,,5401514
2026-07-15T20:24:36.034414,2026-07-15T20:24:36.041748+00:00,67.1,5,ask,,,5401517
2026-07-15T20:24:36.443426,2026-07-15T20:24:36.448744+00:00,67.1,2,ask,,,5401523
2026-07-15T20:24:37.223980,2026-07-15T20:24:37.231635+00:00,67.2,200,bid,,,5401538
2026-07-15T20:24:37.304084,2026-07-15T20:24:37.315244+00:00,67.1,500,ask,,,5401540
2026-07-15T20:24:37.340816,2026-07-15T20:24:37.346735+00:00,67.1,125,bid,,,5401541
2026-07-15T20:24:37.340816,2026-07-15T20:24:37.346735+00:00,67.1,18,bid,,,5401542
2026-07-15T20:24:37.473646,2026-07-15T20:24:37.482312+00:00,67.1,2,ask,,,5401545
2026-07-15T20:24:38.496885,2026-07-15T20:24:38.503460+00:00,67.1,2,ask,,,5401554
2026-07-15T20:24:38.611128,2026-07-15T20:24:38.618713+00:00,67.2,200,bid,,,5401555
2026-07-15T20:24:39.111715,2026-07-15T20:24:39.121406+00:00,67.2,5,ask,,,5401565
2026-07-15T20:24:39.529562,2026-07-15T20:24:39.539390+00:00,67.2,2,ask,,,5401572
2026-07-15T20:24:40.553422,2026-07-15T20:24:40.558682+00:00,67.1,2,ask,,,5401590
2026-07-15T20:24:41.280660,2026-07-15T20:24:41.290606+00:00,67.2,20,bid,,,5401596
2026-07-15T20:24:41.594459,2026-07-15T20:24:41.604665+00:00,67.1,2,ask,,,5401599
2026-07-15T20:24:42.615271,2026-07-15T20:24:42.618982+00:00,67.1,2,ask,,,5401615
2026-07-15T20:24:43.298635,2026-07-15T20:24:43.302146+00:00,67.2,3,bid,,,5401626
2026-07-15T20:24:43.321587,2026-07-15T20:24:43.323221+00:00,67.2,16,ask,,,5401629
2026-07-15T20:24:43.640912,2026-07-15T20:24:43.647573+00:00,67.2,2,ask,,,5401632
2026-07-15T20:24:43.862008,2026-07-15T20:24:43.864108+00:00,67.2,179,ask,,,5401636
2026-07-15T20:24:43.862008,2026-07-15T20:24:43.874645+00:00,67.1,446,ask,,,5401637
2026-07-15T20:24:44.509387,2026-07-15T20:24:44.511870+00:00,67.1,200,ask,,,5401649
2026-07-15T20:24:44.659906,2026-07-15T20:24:44.669483+00:00,67.1,2,ask,,,5401652
2026-07-15T20:24:45.200098,2026-07-15T20:24:45.205777+00:00,67.3,30,ask,,,5401664
2026-07-15T20:24:45.255744,2026-07-15T20:24:45.259540+00:00,67.3,34,ask,,,5401667
2026-07-15T20:24:45.278445,2026-07-15T20:24:45.280660+00:00,67.3,5,ask,,,5401671
2026-07-15T20:24:45.448918,2026-07-15T20:24:45.459134+00:00,67.3,20,ask,,,5401678
2026-07-15T20:24:45.466588,2026-07-15T20:24:45.469600+00:00,67.3,4,ask,,,5401680
2026-07-15T20:24:45.681187,2026-07-15T20:24:45.688196+00:00,67.3,25,ask,,,5401685
2026-07-15T20:24:45.698725,2026-07-15T20:24:45.709143+00:00,67.3,2,ask,,,5401688
2026-07-15T20:24:45.718935,2026-07-15T20:24:45.730037+00:00,67.3,200,ask,,,5401689
2026-07-15T20:24:46.069441,2026-07-15T20:24:46.075009+00:00,67.3,20,ask,,,5401694
2026-07-15T20:24:46.213311,2026-07-15T20:24:46.216978+00:00,67.3,38,ask,,,5401703
2026-07-15T20:24:46.508217,2026-07-15T20:24:46.510990+00:00,67.3,80,ask,,,5401708
2026-07-15T20:24:46.575922,2026-07-15T20:24:46.584628+00:00,67.3,5,bid,,,5401712
2026-07-15T20:24:46.730538,2026-07-15T20:24:46.741836+00:00,67.2,2,ask,,,5401717
2026-07-15T20:24:46.928589,2026-07-15T20:24:46.931259+00:00,67.3,200,bid,,,5401722
2026-07-15T20:24:47.751142,2026-07-15T20:24:47.760837+00:00,67.1,2,ask,,,5401731
2026-07-15T20:24:47.821224,2026-07-15T20:24:47.823451+00:00,67.3,20,bid,,,5401732
2026-07-15T20:24:48.771631,2026-07-15T20:24:48.776709+00:00,67.3,2,ask,,,5401739
2026-07-15T20:24:49.136673,2026-07-15T20:24:49.144399+00:00,67.4,200,bid,,,5401745
2026-07-15T20:24:49.173985,2026-07-15T20:24:49.175725+00:00,67.4,25,ask,,,5401746
2026-07-15T20:24:49.261923,2026-07-15T20:24:49.270165+00:00,67.4,20,ask,,,5401749
2026-07-15T20:24:49.667203,2026-07-15T20:24:49.678927+00:00,67.4,5,ask,,,5401755
2026-07-15T20:24:49.791364,2026-07-15T20:24:49.794021+00:00,67.4,25,ask,,,5401758
2026-07-15T20:24:49.806258,2026-07-15T20:24:49.815046+00:00,67.4,2,ask,,,5401761
2026-07-15T20:24:49.878106,2026-07-15T20:24:49.881442+00:00,67.4,20,ask,,,5401762
2026-07-15T20:24:50.034444,2026-07-15T20:24:50.038383+00:00,67.4,65,ask,,,5401766
2026-07-15T20:24:50.227255,2026-07-15T20:24:50.229665+00:00,67.4,15,ask,,,5401775
2026-07-15T20:24:50.452512,2026-07-15T20:24:50.459580+00:00,67.4,200,ask,,,5401779
2026-07-15T20:24:50.452512,2026-07-15T20:24:50.459580+00:00,67.4,80,ask,,,5401780
2026-07-15T20:24:50.699569,2026-07-15T20:24:50.701000+00:00,67.4,5,bid,,,5401787
2026-07-15T20:24:51.584159,2026-07-15T20:24:51.592356+00:00,67.4,20,bid,,,5401811
2026-07-15T20:24:51.730239,2026-07-15T20:24:51.738373+00:00,67.2,5,ask,,,5401814
2026-07-15T20:24:51.775418,2026-07-15T20:24:51.780394+00:00,67.4,200,ask,,,5401815
2026-07-15T20:24:51.806568,2026-07-15T20:24:51.812036+00:00,67.4,65,ask,,,5401817
2026-07-15T20:24:51.826827,2026-07-15T20:24:51.833092+00:00,67.4,23,ask,,,5401818
2026-07-15T20:24:51.844524,2026-07-15T20:24:51.854158+00:00,67.4,2,ask,,,5401821
2026-07-15T20:24:52.055168,2026-07-15T20:24:52.063436+00:00,67.4,15,ask,,,5401824
2026-07-15T20:24:52.404395,2026-07-15T20:24:52.409383+00:00,67.4,20,ask,,,5401828
2026-07-15T20:24:52.867294,2026-07-15T20:24:52.870664+00:00,67.4,2,ask,,,5401840
2026-07-15T20:24:52.994403,2026-07-15T20:24:52.996629+00:00,67.4,200,ask,,,5401843
2026-07-15T20:24:53.120776,2026-07-15T20:24:53.123215+00:00,67.4,80,ask,,,5401846
2026-07-15T20:24:53.637038,2026-07-15T20:24:53.643030+00:00,67.4,20,bid,,,5401857
2026-07-15T20:24:53.889873,2026-07-15T20:24:53.895207+00:00,67.2,2,ask,,,5401866
2026-07-15T20:24:54.455506,2026-07-15T20:24:54.457707+00:00,67.4,50,ask,,,5401878
2026-07-15T20:24:54.476471,2026-07-15T20:24:54.478791+00:00,67.4,16,ask,,,5401880
2026-07-15T20:24:54.642313,2026-07-15T20:24:54.646069+00:00,67.4,28,ask,,,5401882
2026-07-15T20:24:54.956117,2026-07-15T20:24:54.967837+00:00,67.4,2,ask,,,5401885
2026-07-15T20:24:55.749322,2026-07-15T20:24:55.752698+00:00,67.4,20,ask,,,5401897
2026-07-15T20:24:55.822960,2026-07-15T20:24:55.826766+00:00,67.4,5,bid,,,5401899
2026-07-15T20:24:55.999310,2026-07-15T20:24:56.005125+00:00,67.3,2,ask,,,5401903
2026-07-15T20:24:56.937422,2026-07-15T20:24:56.946763+00:00,67.4,50,bid,,,5401910
2026-07-15T20:24:56.967809,2026-07-15T20:24:56.978830+00:00,67.4,25,bid,,,5401914
2026-07-15T20:24:57.028162,2026-07-15T20:24:57.031563+00:00,67.4,90,bid,,,5401917
2026-07-15T20:24:57.043240,2026-07-15T20:24:57.052795+00:00,67.3,2,ask,,,5401919
2026-07-15T20:24:57.077285,2026-07-15T20:24:57.084809+00:00,67.5,200,bid,,,5401924
2026-07-15T20:24:57.077285,2026-07-15T20:24:57.084809+00:00,67.5,425,bid,,,5401925
2026-07-15T20:24:57.222730,2026-07-15T20:24:57.232951+00:00,67.5,25,bid,,,5401928
2026-07-15T20:24:57.313083,2026-07-15T20:24:57.317050+00:00,67.5,28,bid,,,5401930
2026-07-15T20:24:57.317999,2026-07-15T20:24:57.327615+00:00,67.5,22,bid,,,5401931
2026-07-15T20:24:57.380497,2026-07-15T20:24:57.390936+00:00,67.6,3,bid,,,5401936
2026-07-15T20:24:57.867409,2026-07-15T20:24:57.871864+00:00,67.4,22,bid,,,5401942
2026-07-15T20:24:59.106616,2026-07-15T20:24:59.108011+00:00,67.4,20,bid,,,5401954
2026-07-15T20:25:00.301106,2026-07-15T20:25:00.306094+00:00,67.3,71,ask,,,5401962
2026-07-15T20:25:00.369889,2026-07-15T20:25:00.380325+00:00,67.3,25,ask,,,5401963
2026-07-15T20:25:00.385746,2026-07-15T20:25:00.401417+00:00,67.3,15,ask,,,5401967
2026-07-15T20:25:00.472487,2026-07-15T20:25:00.475153+00:00,67.3,25,ask,,,5401968
2026-07-15T20:25:00.497289,2026-07-15T20:25:00.507107+00:00,67.3,20,ask,,,5401972
2026-07-15T20:25:00.926053,2026-07-15T20:25:00.938552+00:00,67.3,5,ask,,,5401988
2026-07-15T20:25:01.077537,2026-07-15T20:25:01.085443+00:00,67.3,25,ask,,,5401989
2026-07-15T20:25:01.089056,2026-07-15T20:25:01.096034+00:00,67.3,2,ask,,,5401991
2026-07-15T20:25:01.950115,2026-07-15T20:25:01.956097+00:00,67.4,5,bid,,,5402001
2026-07-15T20:25:02.108852,2026-07-15T20:25:02.110393+00:00,67.3,2,ask,,,5402007
2026-07-15T20:25:02.353057,2026-07-15T20:25:02.362604+00:00,67.3,78,ask,,,5402011
2026-07-15T20:25:02.353057,2026-07-15T20:25:02.362604+00:00,67.3,2,ask,,,5402012
2026-07-15T20:25:02.353057,2026-07-15T20:25:02.362604+00:00,67.2,200,ask,,,5402013
2026-07-15T20:25:02.353057,2026-07-15T20:25:02.362604+00:00,67.2,345,ask,,,5402014
2026-07-15T20:25:02.711207,2026-07-15T20:25:02.717801+00:00,67.3,20,ask,,,5402015
2026-07-15T20:25:03.138324,2026-07-15T20:25:03.143715+00:00,67.2,2,ask,,,5402021
2026-07-15T20:25:03.305076,2026-07-15T20:25:03.311551+00:00,67.3,25,bid,,,5402023
2026-07-15T20:25:03.404446,2026-07-15T20:25:03.427710+00:00,67.3,25,bid,,,5402029
2026-07-15T20:25:03.667123,2026-07-15T20:25:03.669965+00:00,67.3,130,bid,,,5402032
2026-07-15T20:25:03.927820,2026-07-15T20:25:03.932135+00:00,67.3,200,ask,,,5402037
2026-07-15T20:25:04.046088,2026-07-15T20:25:04.059304+00:00,67.5,5,bid,,,5402041
2026-07-15T20:25:04.164519,2026-07-15T20:25:04.175339+00:00,67.3,2,ask,,,5402043
2026-07-15T20:25:04.176410,2026-07-15T20:25:04.186036+00:00,67.5,10,bid,,,5402047
2026-07-15T20:25:05.229965,2026-07-15T20:25:05.232270+00:00,67.3,2,ask,,,5402060
2026-07-15T20:25:06.258677,2026-07-15T20:25:06.260352+00:00,67.3,2,ask,,,5402080
2026-07-15T20:25:06.294393,2026-07-15T20:25:06.302523+00:00,67.4,200,bid,,,5402082
2026-07-15T20:25:06.348137,2026-07-15T20:25:06.355174+00:00,67.4,200,ask,,,5402083
2026-07-15T20:25:07.284715,2026-07-15T20:25:07.289832+00:00,67.4,2,ask,,,5402096
2026-07-15T20:25:07.609883,2026-07-15T20:25:07.619227+00:00,67.4,34,ask,,,5402104
2026-07-15T20:25:07.609883,2026-07-15T20:25:07.619227+00:00,67.4,20,ask,,,5402105
2026-07-15T20:25:08.305236,2026-07-15T20:25:08.313290+00:00,67.3,2,ask,,,5402123
2026-07-15T20:25:08.768203,2026-07-15T20:25:08.774939+00:00,67.4,200,bid,,,5402130
2026-07-15T20:25:09.327186,2026-07-15T20:25:09.338342+00:00,67.3,2,ask,,,5402138
2026-07-15T20:25:10.247117,2026-07-15T20:25:10.255803+00:00,67.3,200,ask,,,5402144
2026-07-15T20:25:10.247117,2026-07-15T20:25:10.255803+00:00,67.3,20,ask,,,5402145
2026-07-15T20:25:10.348284,2026-07-15T20:25:10.350071+00:00,67.3,40,bid,,,5402148
2026-07-15T20:25:10.370024,2026-07-15T20:25:10.371407+00:00,67.3,2,bid,,,5402151
2026-07-15T20:25:11.195884,2026-07-15T20:25:11.201017+00:00,67.3,200,bid,,,5402157
2026-07-15T20:25:11.296237,2026-07-15T20:25:11.338493+00:00,67.3,5,bid,,,5402161
2026-07-15T20:25:11.399384,2026-07-15T20:25:11.402157+00:00,67.3,10,bid,,,5402167
2026-07-15T20:25:11.405237,2026-07-15T20:25:11.412756+00:00,67.3,2,bid,,,5402168
2026-07-15T20:25:12.435973,2026-07-15T20:25:12.438470+00:00,67.3,2,bid,,,5402185
2026-07-15T20:25:12.869807,2026-07-15T20:25:12.880705+00:00,67.3,198,bid,,,5402196
2026-07-15T20:25:12.869807,2026-07-15T20:25:12.880705+00:00,67.4,427,bid,,,5402197
2026-07-15T20:25:13.426075,2026-07-15T20:25:13.437141+00:00,67.1,20,ask,,,5402203
2026-07-15T20:25:13.459674,2026-07-15T20:25:13.468608+00:00,67.1,2,ask,,,5402204
2026-07-15T20:25:14.479179,2026-07-15T20:25:14.480688+00:00,67.2,14,ask,,,5402222
2026-07-15T20:25:14.493534,2026-07-15T20:25:14.501784+00:00,67.2,2,ask,,,5402225
2026-07-15T20:25:15.116057,2026-07-15T20:25:15.123900+00:00,67.2,20,ask,,,5402234
2026-07-15T20:25:15.549479,2026-07-15T20:25:15.556417+00:00,67.2,2,ask,,,5402246
2026-07-15T20:25:16.041848,2026-07-15T20:25:16.048882+00:00,67.3,200,bid,,,5402254
2026-07-15T20:25:16.572209,2026-07-15T20:25:16.583545+00:00,67.2,2,ask,,,5402262
2026-07-15T20:25:17.254080,2026-07-15T20:25:17.262530+00:00,67.3,200,bid,,,5402280
2026-07-15T20:25:17.623447,2026-07-15T20:25:17.629810+00:00,67.2,2,ask,,,5402284
2026-07-15T20:25:18.464353,2026-07-15T20:25:18.473228+00:00,67.3,200,bid,,,5402293
2026-07-15T20:25:18.676380,2026-07-15T20:25:18.677973+00:00,67.2,2,ask,,,5402298
2026-07-15T20:25:19.481240,2026-07-15T20:25:19.504781+00:00,67.3,500,bid,,,5402308
2026-07-15T20:25:19.515596,2026-07-15T20:25:19.526045+00:00,67.3,25,ask,,,5402313
2026-07-15T20:25:19.611816,2026-07-15T20:25:19.620649+00:00,67.3,25,ask,,,5402316
2026-07-15T20:25:19.709105,2026-07-15T20:25:19.717507+00:00,67.4,50,ask,,,5402326
2026-07-15T20:25:19.712708,2026-07-15T20:25:19.717507+00:00,67.4,50,ask,,,5402327
2026-07-15T20:25:19.719888,2026-07-15T20:25:19.728238+00:00,67.5,3,bid,,,5402329
2026-07-15T20:25:19.728901,2026-07-15T20:25:19.738955+00:00,67.5,2,bid,,,5402330
2026-07-15T20:25:19.759022,2026-07-15T20:25:19.770812+00:00,67.4,100,ask,,,5402331
2026-07-15T20:25:19.759022,2026-07-15T20:25:19.770812+00:00,67.3,75,ask,,,5402332
2026-07-15T20:25:19.780697,2026-07-15T20:25:19.791818+00:00,67.3,3,bid,,,5402333
2026-07-15T20:25:19.807177,2026-07-15T20:25:19.812825+00:00,67.3,3,bid,,,5402335
2026-07-15T20:25:19.833154,2026-07-15T20:25:19.844037+00:00,67.3,1,bid,,,5402336
2026-07-15T20:25:20.752156,2026-07-15T20:25:20.759354+00:00,67.2,2,bid,,,5402349
2026-07-15T20:25:20.895991,2026-07-15T20:25:20.905722+00:00,67.1,200,bid,,,5402350
2026-07-15T20:25:21.779019,2026-07-15T20:25:21.785418+00:00,67.1,2,bid,,,5402361
2026-07-15T20:25:22.110078,2026-07-15T20:25:22.115549+00:00,67.1,61,bid,,,5402365
2026-07-15T20:25:22.299133,2026-07-15T20:25:22.305030+00:00,67.2,40,bid,,,5402368
2026-07-15T20:25:22.351933,2026-07-15T20:25:22.357320+00:00,67.2,25,bid,,,5402370
2026-07-15T20:25:22.445323,2026-07-15T20:25:22.451523+00:00,67.2,25,bid,,,5402373
2026-07-15T20:25:22.809767,2026-07-15T20:25:22.818305+00:00,67.2,2,bid,,,5402381
2026-07-15T20:25:23.835917,2026-07-15T20:25:23.838560+00:00,67.2,2,bid,,,5402395
2026-07-15T20:25:24.860652,2026-07-15T20:25:24.871239+00:00,67.2,2,bid,,,5402410
2026-07-15T20:25:25.892488,2026-07-15T20:25:25.903679+00:00,67.1,2,ask,,,5402427
2026-07-15T20:25:26.038417,2026-07-15T20:25:26.049600+00:00,67.1,59,ask,,,5402428
2026-07-15T20:25:26.038417,2026-07-15T20:25:26.049600+00:00,67.1,20,ask,,,5402429
2026-07-15T20:25:26.038417,2026-07-15T20:25:26.049600+00:00,67.1,200,ask,,,5402430
2026-07-15T20:25:26.913807,2026-07-15T20:25:26.918520+00:00,67.1,2,bid,,,5402447
2026-07-15T20:25:26.955966,2026-07-15T20:25:26.960428+00:00,67.1,200,bid,,,5402448
2026-07-15T20:25:27.353809,2026-07-15T20:25:27.386495+00:00,67.3,200,bid,,,5402461
2026-07-15T20:25:27.409846,2026-07-15T20:25:27.426230+00:00,67.3,28,ask,,,5402470
2026-07-15T20:25:27.431847,2026-07-15T20:25:27.436989+00:00,67.3,25,ask,,,5402473
2026-07-15T20:25:27.510659,2026-07-15T20:25:27.521194+00:00,67.3,29,ask,,,5402479
2026-07-15T20:25:27.526638,2026-07-15T20:25:27.531732+00:00,67.3,25,ask,,,5402480
2026-07-15T20:25:27.640194,2026-07-15T20:25:27.647072+00:00,67.3,25,ask,,,5402482
2026-07-15T20:25:27.711014,2026-07-15T20:25:27.720445+00:00,67.3,4,ask,,,5402485
2026-07-15T20:25:27.813857,2026-07-15T20:25:27.825028+00:00,67.3,23,ask,,,5402488
2026-07-15T20:25:27.936726,2026-07-15T20:25:27.939845+00:00,67.3,25,ask,,,5402489
2026-07-15T20:25:27.955468,2026-07-15T20:25:27.961081+00:00,67.3,2,ask,,,5402492
2026-07-15T20:25:27.968562,2026-07-15T20:25:27.971854+00:00,67.3,30,ask,,,5402493
2026-07-15T20:25:28.169130,2026-07-15T20:25:28.170916+00:00,67.3,200,ask,,,5402496
2026-07-15T20:25:28.585030,2026-07-15T20:25:28.590345+00:00,67.3,9,ask,,,5402500
2026-07-15T20:25:28.585030,2026-07-15T20:25:28.590345+00:00,67.3,21,ask,,,5402501
2026-07-15T20:25:28.679182,2026-07-15T20:25:28.699019+00:00,67.3,43,ask,,,5402508
2026-07-15T20:25:28.679182,2026-07-15T20:25:28.699019+00:00,67.3,14,ask,,,5402509
2026-07-15T20:25:28.699931,2026-07-15T20:25:28.709717+00:00,67.2,25,bid,,,5402512
2026-07-15T20:25:28.719037,2026-07-15T20:25:28.731025+00:00,67.2,73,bid,,,5402516
2026-07-15T20:25:28.743929,2026-07-15T20:25:28.752098+00:00,67.2,42,bid,,,5402517
2026-07-15T20:25:28.975238,2026-07-15T20:25:28.976990+00:00,67.2,2,bid,,,5402528
2026-07-15T20:25:29.432550,2026-07-15T20:25:29.441809+00:00,67.1,200,bid,,,5402536
2026-07-15T20:25:29.432550,2026-07-15T20:25:29.441809+00:00,67.1,8,bid,,,5402537
2026-07-15T20:25:29.464045,2026-07-15T20:25:29.473543+00:00,67.1,20,ask,,,5402539
2026-07-15T20:25:30.005018,2026-07-15T20:25:30.007152+00:00,67.2,2,bid,,,5402553
2026-07-15T20:25:30.345907,2026-07-15T20:25:30.355009+00:00,67.1,20,ask,,,5402554
2026-07-15T20:25:31.305747,2026-07-15T20:25:31.313505+00:00,67.2,78,bid,,,5402577
2026-07-15T20:25:31.810134,2026-07-15T20:25:31.816747+00:00,67.2,200,ask,,,5402579
2026-07-15T20:25:32.630967,2026-07-15T20:25:32.640644+00:00,67.2,20,ask,,,5402600
2026-07-15T20:25:33.017697,2026-07-15T20:25:33.028190+00:00,67.2,200,bid,,,5402604
2026-07-15T20:25:34.136637,2026-07-15T20:25:34.141146+00:00,67.1,18,ask,,,5402617
2026-07-15T20:25:35.260586,2026-07-15T20:25:35.265432+00:00,67.2,200,bid,,,5402628
2026-07-15T20:25:35.260586,2026-07-15T20:25:35.265432+00:00,67.2,18,bid,,,5402629
2026-07-15T20:25:35.311098,2026-07-15T20:25:35.318131+00:00,67.2,49,ask,,,5402631
2026-07-15T20:25:35.319932,2026-07-15T20:25:35.328673+00:00,67.2,63,ask,,,5402632
2026-07-15T20:25:35.720590,2026-07-15T20:25:35.727154+00:00,67.3,11,ask,,,5402639
2026-07-15T20:25:36.123376,2026-07-15T20:25:36.125922+00:00,67.3,25,ask,,,5402648
2026-07-15T20:25:36.336237,2026-07-15T20:25:36.345282+00:00,67.3,20,ask,,,5402651
2026-07-15T20:56:31.042399,2026-07-15T20:56:31.054079+00:00,66.1,200,bid,,,5436897
2026-07-15T20:56:31.098755,2026-07-15T20:56:31.054079+00:00,66.2,25,ask,,,5436899
2026-07-15T20:56:31.133488,2026-07-15T20:56:31.054079+00:00,66.2,37,ask,,,5436902
2026-07-15T20:56:31.195138,2026-07-15T20:56:31.210633+00:00,66.2,25,ask,,,5436903
2026-07-15T20:56:31.282291,2026-07-15T20:56:31.285833+00:00,66.2,42,ask,,,5436909
2026-07-15T20:56:31.669987,2026-07-15T20:56:31.675418+00:00,66.2,10,ask,,,5436916
2026-07-15T20:56:31.764241,2026-07-15T20:56:31.768701+00:00,66.2,14,ask,,,5436921
2026-07-15T20:56:31.780289,2026-07-15T20:56:31.789427+00:00,66.2,200,ask,,,5436922
2026-07-15T20:56:32.360846,2026-07-15T20:56:32.364399+00:00,66.2,80,ask,,,5436930
2026-07-15T20:56:32.360846,2026-07-15T20:56:32.364399+00:00,66.0,200,ask,,,5436931
2026-07-15T20:56:32.387048,2026-07-15T20:56:32.395477+00:00,66.0,51,bid,,,5436934
2026-07-15T20:56:32.414701,2026-07-15T20:56:32.416243+00:00,66.0,20,bid,,,5436936
2026-07-15T20:56:32.572202,2026-07-15T20:56:32.574070+00:00,66.0,25,bid,,,5436940
2026-07-15T20:56:32.669756,2026-07-15T20:56:32.677011+00:00,66.0,25,bid,,,5436946
2026-07-15T20:56:32.711310,2026-07-15T20:56:32.718315+00:00,65.9,10,ask,,,5436951
2026-07-15T20:56:32.716210,2026-07-15T20:56:32.718315+00:00,66.0,2,bid,,,5436952
2026-07-15T20:56:32.985881,2026-07-15T20:56:32.996197+00:00,66.0,200,bid,,,5436955
2026-07-15T20:56:33.109238,2026-07-15T20:56:33.116744+00:00,66.0,22,bid,,,5436960
2026-07-15T20:56:33.109238,2026-07-15T20:56:33.116744+00:00,66.0,80,bid,,,5436961
2026-07-15T20:56:33.109238,2026-07-15T20:56:33.116744+00:00,66.0,10,bid,,,5436962
2026-07-15T20:56:34.206481,2026-07-15T20:56:34.215681+00:00,66.0,68,ask,,,5436980
2026-07-15T20:56:34.206481,2026-07-15T20:56:34.215681+00:00,66.0,132,ask,,,5436981
2026-07-15T20:56:34.276269,2026-07-15T20:56:34.277937+00:00,66.2,20,bid,,,5436984
2026-07-15T20:56:36.296819,2026-07-15T20:56:36.307777+00:00,66.0,200,ask,,,5437014
2026-07-15T20:56:36.296819,2026-07-15T20:56:36.307777+00:00,66.0,10,ask,,,5437015
2026-07-15T20:56:36.634936,2026-07-15T20:56:36.640042+00:00,65.9,200,ask,,,5437020
2026-07-15T20:56:36.783010,2026-07-15T20:56:36.793187+00:00,65.9,50,ask,,,5437028
2026-07-15T20:56:36.798313,2026-07-15T20:56:36.803758+00:00,66.0,2,bid,,,5437030
2026-07-15T20:56:37.817033,2026-07-15T20:56:37.819996+00:00,66.0,2,bid,,,5437044
2026-07-15T20:56:37.845076,2026-07-15T20:56:37.851289+00:00,65.9,200,ask,,,5437046
2026-07-15T20:56:38.835796,2026-07-15T20:56:38.845440+00:00,66.0,2,bid,,,5437062
2026-07-15T20:56:40.855557,2026-07-15T20:56:40.860102+00:00,66.0,38,bid,,,5437093
2026-07-15T20:56:40.872091,2026-07-15T20:56:40.881065+00:00,65.9,2,ask,,,5437096
2026-07-15T20:56:41.570421,2026-07-15T20:56:41.575809+00:00,65.9,200,bid,,,5437106
2026-07-15T20:56:41.570421,2026-07-15T20:56:41.575809+00:00,65.9,61,bid,,,5437107
2026-07-15T20:56:41.905324,2026-07-15T20:56:41.918025+00:00,66.0,2,bid,,,5437119
2026-07-15T20:56:42.938541,2026-07-15T20:56:42.946372+00:00,66.0,2,bid,,,5437135
2026-07-15T20:56:43.110099,2026-07-15T20:56:43.115277+00:00,65.9,25,ask,,,5437143
2026-07-15T20:56:43.198541,2026-07-15T20:56:43.209747+00:00,65.9,42,ask,,,5437147
2026-07-15T20:56:43.212987,2026-07-15T20:56:43.220251+00:00,65.9,25,ask,,,5437150
2026-07-15T20:56:43.979306,2026-07-15T20:56:43.990090+00:00,65.9,10,ask,,,5437164
2026-07-15T20:56:45.048220,2026-07-15T20:56:45.052277+00:00,65.8,10,ask,,,5437179
2026-07-15T20:56:46.074033,2026-07-15T20:56:46.084676+00:00,65.8,2,ask,,,5437201
2026-07-15T20:56:46.794347,2026-07-15T20:56:46.811079+00:00,65.8,200,ask,,,5437207
2026-07-15T20:56:46.942065,2026-07-15T20:56:46.946596+00:00,65.8,14,bid,,,5437209
2026-07-15T20:56:47.093270,2026-07-15T20:56:47.103690+00:00,65.8,2,bid,,,5437211
2026-07-15T20:56:47.545380,2026-07-15T20:56:47.556289+00:00,65.8,200,bid,,,5437215
2026-07-15T20:56:48.106731,2026-07-15T20:56:48.111180+00:00,65.8,10,bid,,,5437221
2026-07-15T20:56:48.106731,2026-07-15T20:56:48.111180+00:00,65.9,200,bid,,,5437222
2026-07-15T20:56:48.116609,2026-07-15T20:56:48.130860+00:00,66.1,2,bid,,,5437223
2026-07-15T20:56:48.121362,2026-07-15T20:56:48.130860+00:00,66.0,25,ask,,,5437224
2026-07-15T20:56:48.286414,2026-07-15T20:56:48.289269+00:00,66.0,14,ask,,,5437231
2026-07-15T20:56:48.547885,2026-07-15T20:56:48.553495+00:00,66.0,20,ask,,,5437241
2026-07-15T20:56:48.764354,2026-07-15T20:56:48.774267+00:00,66.0,200,ask,,,5437249
2026-07-15T20:56:48.805376,2026-07-15T20:56:48.816174+00:00,66.0,18,ask,,,5437251
2026-07-15T20:56:49.066385,2026-07-15T20:56:49.069954+00:00,66.1,20,bid,,,5437257
2026-07-15T20:56:49.135927,2026-07-15T20:56:49.146551+00:00,66.0,25,ask,,,5437260
2026-07-15T20:56:49.157808,2026-07-15T20:56:49.167638+00:00,66.0,2,ask,,,5437263
2026-07-15T20:56:49.174567,2026-07-15T20:56:49.178157+00:00,66.0,20,ask,,,5437264
2026-07-15T20:56:49.434133,2026-07-15T20:56:49.447167+00:00,65.9,200,ask,,,5437269
2026-07-15T20:56:50.175995,2026-07-15T20:56:50.183398+00:00,65.9,2,bid,,,5437283
2026-07-15T20:56:50.753799,2026-07-15T20:56:50.758770+00:00,65.9,200,bid,,,5437296
2026-07-15T20:56:51.199610,2026-07-15T20:56:51.209793+00:00,66.0,200,bid,,,5437305
2026-07-15T20:56:51.214743,2026-07-15T20:56:51.220511+00:00,65.9,2,ask,,,5437307
2026-07-15T20:56:51.346503,2026-07-15T20:56:51.348378+00:00,65.9,4,ask,,,5437314
2026-07-15T20:56:52.239015,2026-07-15T20:56:52.240634+00:00,65.9,2,ask,,,5437326
2026-07-15T20:56:52.591842,2026-07-15T20:56:52.599855+00:00,65.9,16,ask,,,5437333
2026-07-15T20:56:52.591842,2026-07-15T20:56:52.599855+00:00,65.9,32,ask,,,5437334
2026-07-15T20:56:52.709432,2026-07-15T20:56:52.715782+00:00,65.9,65,ask,,,5437338
2026-07-15T20:56:52.720086,2026-07-15T20:56:52.726399+00:00,65.9,5,ask,,,5437340
2026-07-15T20:56:52.745215,2026-07-15T20:56:52.747619+00:00,65.9,6,ask,,,5437342
2026-07-15T20:56:52.963625,2026-07-15T20:56:52.969388+00:00,65.9,20,ask,,,5437346
2026-07-15T20:56:53.257840,2026-07-15T20:56:53.265739+00:00,65.9,25,ask,,,5437356
2026-07-15T20:56:53.272783,2026-07-15T20:56:53.276497+00:00,65.9,2,ask,,,5437359
2026-07-15T20:56:53.555515,2026-07-15T20:56:53.560223+00:00,65.9,10,ask,,,5437362
2026-07-15T20:56:54.313144,2026-07-15T20:56:54.315601+00:00,66.0,2,bid,,,5437367
2026-07-15T20:56:54.704085,2026-07-15T20:56:54.713675+00:00,66.0,198,bid,,,5437376
2026-07-15T20:56:54.860532,2026-07-15T20:56:54.870705+00:00,66.1,200,ask,,,5437378
2026-07-15T20:56:54.866011,2026-07-15T20:56:54.870705+00:00,66.1,20,ask,,,5437379
2026-07-15T20:56:55.332591,2026-07-15T20:56:55.343026+00:00,66.1,16,ask,,,5437383
2026-07-15T20:56:55.911262,2026-07-15T20:56:55.913594+00:00,66.2,14,bid,,,5437401
2026-07-15T20:56:56.020194,2026-07-15T20:56:56.028714+00:00,66.1,80,ask,,,5437403
2026-07-15T20:56:56.057289,2026-07-15T20:56:56.060533+00:00,66.0,53,bid,,,5437406
2026-07-15T20:56:56.080008,2026-07-15T20:56:56.081929+00:00,66.0,25,bid,,,5437407
2026-07-15T20:56:56.139749,2026-07-15T20:56:56.146221+00:00,66.0,14,bid,,,5437410
2026-07-15T20:56:56.175863,2026-07-15T20:56:56.177843+00:00,66.0,25,bid,,,5437412
2026-07-15T20:56:56.269645,2026-07-15T20:56:56.272433+00:00,66.0,25,bid,,,5437414
2026-07-15T20:56:56.374492,2026-07-15T20:56:56.377630+00:00,66.0,100,bid,,,5437417
2026-07-15T20:56:57.355102,2026-07-15T20:56:57.364549+00:00,66.0,80,bid,,,5437436
2026-07-15T20:56:57.355102,2026-07-15T20:56:57.364549+00:00,66.0,200,bid,,,5437437
2026-07-15T20:56:58.487661,2026-07-15T20:56:58.497854+00:00,66.0,200,ask,,,5437458
2026-07-15T20:56:58.671479,2026-07-15T20:56:58.676335+00:00,66.0,85,ask,,,5437460
2026-07-15T20:56:58.931185,2026-07-15T20:56:58.941851+00:00,65.7,53,ask,,,5437465
2026-07-15T20:56:59.010777,2026-07-15T20:56:59.015821+00:00,65.7,25,ask,,,5437466
2026-07-15T20:56:59.109514,2026-07-15T20:56:59.120975+00:00,65.7,25,ask,,,5437469
2026-07-15T20:56:59.203415,2026-07-15T20:56:59.211408+00:00,65.8,28,ask,,,5437476
2026-07-15T20:56:59.407704,2026-07-15T20:56:59.411481+00:00,65.8,2,ask,,,5437486
2026-07-15T20:57:00.433911,2026-07-15T20:57:00.440426+00:00,65.8,2,ask,,,5437503
2026-07-15T20:57:00.914137,2026-07-15T20:57:00.923911+00:00,65.9,200,bid,,,5437510
2026-07-15T20:57:01.241341,2026-07-15T20:57:01.251168+00:00,65.8,14,ask,,,5437520
2026-07-15T20:57:01.301267,2026-07-15T20:57:01.304902+00:00,65.8,64,ask,,,5437525
2026-07-15T20:57:01.301267,2026-07-15T20:57:01.304902+00:00,65.8,500,ask,,,5437526
2026-07-15T20:57:01.301267,2026-07-15T20:57:01.315539+00:00,65.8,20,ask,,,5437527
2026-07-15T20:57:01.301267,2026-07-15T20:57:01.315539+00:00,65.8,2,ask,,,5437528
2026-07-15T20:57:01.464651,2026-07-15T20:57:01.469896+00:00,65.7,2,ask,,,5437531
2026-07-15T20:57:01.471589,2026-07-15T20:57:01.480638+00:00,65.7,10,ask,,,5437532
2026-07-15T20:57:02.122974,2026-07-15T20:57:02.131858+00:00,65.8,14,bid,,,5437551
2026-07-15T20:57:02.129197,2026-07-15T20:57:02.131858+00:00,65.8,25,bid,,,5437552
2026-07-15T20:57:02.129197,2026-07-15T20:57:02.142458+00:00,65.8,82,bid,,,5437553
2026-07-15T20:57:02.197045,2026-07-15T20:57:02.205926+00:00,66.1,25,ask,,,5437557
2026-07-15T20:57:02.211223,2026-07-15T20:57:02.216598+00:00,66.2,1,bid,,,5437560
2026-07-15T20:57:02.301296,2026-07-15T20:57:02.311470+00:00,66.1,1,ask,,,5437568
2026-07-15T20:57:02.318391,2026-07-15T20:57:02.322059+00:00,66.1,67,ask,,,5437571
2026-07-15T20:57:02.504612,2026-07-15T20:57:02.511384+00:00,65.8,2,ask,,,5437574
2026-07-15T20:57:03.352014,2026-07-15T20:57:03.361332+00:00,66.1,200,bid,,,5437586
2026-07-15T20:57:03.523242,2026-07-15T20:57:03.530065+00:00,66.0,1,ask,,,5437596
2026-07-15T20:57:03.554065,2026-07-15T20:57:03.561603+00:00,66.0,4,ask,,,5437597
2026-07-15T20:57:03.926870,2026-07-15T20:57:03.929814+00:00,66.1,34,bid,,,5437604
2026-07-15T20:57:03.926870,2026-07-15T20:57:03.940355+00:00,66.2,500,bid,,,5437605
2026-07-15T20:57:03.983077,2026-07-15T20:57:03.993106+00:00,66.2,91,ask,,,5437606
2026-07-15T20:57:05.248194,2026-07-15T20:57:05.269760+00:00,66.0,28,ask,,,5437628
2026-07-15T20:57:05.248194,2026-07-15T20:57:05.269760+00:00,66.0,20,ask,,,5437629
2026-07-15T20:57:05.832455,2026-07-15T20:57:05.834727+00:00,66.0,200,bid,,,5437640
2026-07-15T20:57:06.576937,2026-07-15T20:57:06.585674+00:00,66.0,2,ask,,,5437651
2026-07-15T20:57:06.583011,2026-07-15T20:57:06.585674+00:00,66.0,10,ask,,,5437652
2026-07-15T20:57:06.637025,2026-07-15T20:57:06.638454+00:00,66.0,20,ask,,,5437655
2026-07-15T20:57:06.669585,2026-07-15T20:57:06.680909+00:00,66.0,16,ask,,,5437657
2026-07-15T20:57:07.054120,2026-07-15T20:57:07.059570+00:00,66.0,200,ask,,,5437661
2026-07-15T20:57:07.643673,2026-07-15T20:57:07.648782+00:00,66.0,2,ask,,,5437672
2026-07-15T20:57:08.669474,2026-07-15T20:57:08.670968+00:00,66.0,2,ask,,,5437682
2026-07-15T20:57:09.190588,2026-07-15T20:57:09.198372+00:00,66.0,11,ask,,,5437691
2026-07-15T20:57:09.190588,2026-07-15T20:57:09.198372+00:00,66.0,80,ask,,,5437692
2026-07-15T20:57:09.190588,2026-07-15T20:57:09.198372+00:00,66.0,20,ask,,,5437693
2026-07-15T20:57:09.479609,2026-07-15T20:57:09.481676+00:00,66.0,200,bid,,,5437696
2026-07-15T20:57:09.688031,2026-07-15T20:57:09.696829+00:00,66.0,33,bid,,,5437705
2026-07-15T20:57:09.708879,2026-07-15T20:57:09.718220+00:00,66.0,2,bid,,,5437709
2026-07-15T20:57:11.255256,2026-07-15T20:57:11.257695+00:00,66.0,500,ask,,,5437728
2026-07-15T20:57:11.745662,2026-07-15T20:57:11.751332+00:00,66.0,25,ask,,,5437736
2026-07-15T20:57:11.756586,2026-07-15T20:57:11.762032+00:00,66.0,2,ask,,,5437738
2026-07-15T20:57:11.879421,2026-07-15T20:57:11.903725+00:00,66.0,18,ask,,,5437742
2026-07-15T20:57:11.879421,2026-07-15T20:57:11.903725+00:00,65.9,200,ask,,,5437743
2026-07-15T20:57:12.483535,2026-07-15T20:57:12.489494+00:00,65.8,20,ask,,,5437761
2026-07-15T20:57:12.774500,2026-07-15T20:57:12.782434+00:00,65.8,2,ask,,,5437764
2026-07-15T20:57:13.116976,2026-07-15T20:57:13.119016+00:00,65.9,200,bid,,,5437765
2026-07-15T20:57:13.192840,2026-07-15T20:57:13.203100+00:00,65.9,10,bid,,,5437767
2026-07-15T20:57:13.326308,2026-07-15T20:57:13.329395+00:00,66.0,20,ask,,,5437769
2026-07-15T20:57:13.793750,2026-07-15T20:57:13.801729+00:00,66.0,25,ask,,,5437777
2026-07-15T20:57:13.809138,2026-07-15T20:57:13.812348+00:00,66.0,2,ask,,,5437779
2026-07-15T20:57:13.939352,2026-07-15T20:57:13.948526+00:00,66.0,20,ask,,,5437781
2026-07-15T20:57:14.509260,2026-07-15T20:57:14.513567+00:00,66.1,500,bid,,,5437787
2026-07-15T20:57:14.509260,2026-07-15T20:57:14.513567+00:00,66.1,125,bid,,,5437788
2026-07-15T20:57:14.827864,2026-07-15T20:57:14.837830+00:00,65.9,2,ask,,,5437799
2026-07-15T20:57:15.211257,2026-07-15T20:57:15.215229+00:00,65.9,20,ask,,,5437808
2026-07-15T20:57:15.851082,2026-07-15T20:57:15.853887+00:00,65.8,2,ask,,,5437816
2026-07-15T20:57:18.015025,2026-07-15T20:57:18.020973+00:00,65.9,14,ask,,,5437860
2026-07-15T20:57:18.379767,2026-07-15T20:57:18.387617+00:00,65.9,30,ask,,,5437863
2026-07-15T20:57:18.905291,2026-07-15T20:57:18.912224+00:00,65.9,40,ask,,,5437870
2026-07-15T20:57:19.002617,2026-07-15T20:57:19.007005+00:00,65.9,10,ask,,,5437872
2026-07-15T20:57:19.768800,2026-07-15T20:57:19.780697+00:00,65.9,200,bid,,,5437885
2026-07-15T20:57:21.119252,2026-07-15T20:57:21.130579+00:00,66.1,14,bid,,,5437911
2026-07-15T20:57:21.953511,2026-07-15T20:57:21.964829+00:00,66.1,100,bid,,,5437936
2026-07-15T20:57:22.166823,2026-07-15T20:57:22.175105+00:00,66.1,20,bid,,,5437940
2026-07-15T20:57:22.406882,2026-07-15T20:57:22.416860+00:00,66.0,200,ask,,,5437945
2026-07-15T20:57:22.406882,2026-07-15T20:57:22.416860+00:00,66.0,20,ask,,,5437946
2026-07-15T20:57:22.438354,2026-07-15T20:57:22.448636+00:00,66.0,14,bid,,,5437948
2026-07-15T20:57:22.448405,2026-07-15T20:57:22.459211+00:00,66.0,25,bid,,,5437951
2026-07-15T20:57:22.544309,2026-07-15T20:57:22.553571+00:00,66.0,25,bid,,,5437956
2026-07-15T20:57:22.639816,2026-07-15T20:57:22.647601+00:00,66.0,25,bid,,,5437959
2026-07-15T20:57:22.831469,2026-07-15T20:57:22.837595+00:00,65.9,30,ask,,,5437966
2026-07-15T20:57:22.831469,2026-07-15T20:57:22.837595+00:00,65.9,61,ask,,,5437967
2026-07-15T20:57:23.731309,2026-07-15T20:57:23.738807+00:00,65.9,109,bid,,,5437980
2026-07-15T20:57:24.045416,2026-07-15T20:57:24.053592+00:00,66.0,200,ask,,,5437984
2026-07-15T20:57:24.342947,2026-07-15T20:57:24.347122+00:00,66.0,13,ask,,,5437992
2026-07-15T20:57:24.985800,2026-07-15T20:57:24.988217+00:00,66.1,2,bid,,,5437999
2026-07-15T20:57:24.992157,2026-07-15T20:57:24.998905+00:00,66.1,10,bid,,,5438000
2026-07-15T20:57:25.046798,2026-07-15T20:57:25.052952+00:00,66.0,20,ask,,,5438001
2026-07-15T20:57:26.020618,2026-07-15T20:57:26.030090+00:00,65.9,2,ask,,,5438017
2026-07-15T20:57:26.465454,2026-07-15T20:57:26.470975+00:00,66.0,200,bid,,,5438020
2026-07-15T20:57:27.047676,2026-07-15T20:57:27.058827+00:00,65.9,10,ask,,,5438026
2026-07-15T20:57:27.061775,2026-07-15T20:57:27.069502+00:00,66.0,2,bid,,,5438028
2026-07-15T20:57:27.678962,2026-07-15T20:57:27.680468+00:00,66.0,200,bid,,,5438033
2026-07-15T20:57:27.714800,2026-07-15T20:57:27.722682+00:00,66.0,38,bid,,,5438036
2026-07-15T20:57:27.931548,2026-07-15T20:57:27.936815+00:00,66.1,1,ask,,,5438039
2026-07-15T20:57:28.095943,2026-07-15T20:57:28.105124+00:00,66.1,2,ask,,,5438046
2026-07-15T20:57:28.123497,2026-07-15T20:57:28.126147+00:00,66.1,2,ask,,,5438049
2026-07-15T20:57:28.888207,2026-07-15T20:57:28.892175+00:00,66.2,200,bid,,,5438057
2026-07-15T20:57:29.162027,2026-07-15T20:57:29.165441+00:00,66.0,2,ask,,,5438064
2026-07-15T20:57:30.181071,2026-07-15T20:57:30.185074+00:00,66.1,2,bid,,,5438079
2026-07-15T20:57:31.205978,2026-07-15T20:57:31.217027+00:00,66.1,2,bid,,,5438091
2026-07-15T20:57:32.225241,2026-07-15T20:57:32.235534+00:00,66.1,2,bid,,,5438105
2026-07-15T20:57:32.536176,2026-07-15T20:57:32.540138+00:00,66.1,200,bid,,,5438110
2026-07-15T20:57:33.248975,2026-07-15T20:57:33.251578+00:00,66.0,2,ask,,,5438119
2026-07-15T20:57:33.751371,2026-07-15T20:57:33.754751+00:00,66.1,200,bid,,,5438126
2026-07-15T20:57:34.149265,2026-07-15T20:57:34.153211+00:00,66.0,20,ask,,,5438133
2026-07-15T20:57:34.294350,2026-07-15T20:57:34.301013+00:00,66.1,2,bid,,,5438135
2026-07-15T20:57:34.966732,2026-07-15T20:57:34.974889+00:00,66.1,200,bid,,,5438149
2026-07-15T20:57:35.328899,2026-07-15T20:57:35.338343+00:00,66.1,2,bid,,,5438161
2026-07-15T20:57:35.622617,2026-07-15T20:57:35.631307+00:00,66.1,500,bid,,,5438163
2026-07-15T20:57:35.622617,2026-07-15T20:57:35.631307+00:00,66.1,31,bid,,,5438164
2026-07-15T20:57:36.057405,2026-07-15T20:57:36.060936+00:00,66.1,94,ask,,,5438174
2026-07-15T20:57:36.057405,2026-07-15T20:57:36.071494+00:00,66.1,31,ask,,,5438175
2026-07-15T20:57:36.057405,2026-07-15T20:57:36.071494+00:00,66.1,49,ask,,,5438176
2026-07-15T20:57:36.057405,2026-07-15T20:57:36.071494+00:00,66.1,20,ask,,,5438177
2026-07-15T20:57:36.089749,2026-07-15T20:57:36.092699+00:00,66.0,20,bid,,,5438179
2026-07-15T20:57:36.183394,2026-07-15T20:57:36.187341+00:00,66.0,200,bid,,,5438180
2026-07-15T20:57:36.357106,2026-07-15T20:57:36.366485+00:00,66.0,2,bid,,,5438183
2026-07-15T20:57:36.957960,2026-07-15T20:57:36.969179+00:00,65.9,14,bid,,,5438197
2026-07-15T20:57:37.380840,2026-07-15T20:57:37.389856+00:00,65.9,2,bid,,,5438207
2026-07-15T20:57:37.396191,2026-07-15T20:57:37.400538+00:00,65.9,200,bid,,,5438208
2026-07-15T20:57:38.250135,2026-07-15T20:57:38.272885+00:00,65.9,80,bid,,,5438226
2026-07-15T20:57:38.250135,2026-07-15T20:57:38.272885+00:00,65.9,10,bid,,,5438227
2026-07-15T20:57:38.404814,2026-07-15T20:57:38.408716+00:00,66.0,2,bid,,,5438230
2026-07-15T20:57:38.610025,2026-07-15T20:57:38.618703+00:00,66.0,200,bid,,,5438236
2026-07-15T20:57:39.440709,2026-07-15T20:57:39.444891+00:00,66.0,2,bid,,,5438245
2026-07-15T20:57:39.719094,2026-07-15T20:57:39.727708+00:00,65.9,80,ask,,,5438249
2026-07-15T20:57:39.719094,2026-07-15T20:57:39.727708+00:00,65.9,10,ask,,,5438250
2026-07-15T20:57:39.719094,2026-07-15T20:57:39.727708+00:00,65.9,410,ask,,,5438251
2026-07-15T20:57:40.303998,2026-07-15T20:57:40.314060+00:00,65.9,215,ask,,,5438262
2026-07-15T20:57:40.388095,2026-07-15T20:57:40.398029+00:00,65.9,25,bid,,,5438265
2026-07-15T20:57:40.422726,2026-07-15T20:57:40.429670+00:00,65.9,14,bid,,,5438268
2026-07-15T20:57:40.473175,2026-07-15T20:57:40.482487+00:00,65.9,25,bid,,,5438274
2026-07-15T20:57:40.479135,2026-07-15T20:57:40.482487+00:00,65.9,2,bid,,,5438275
2026-07-15T20:57:40.720472,2026-07-15T20:57:40.723662+00:00,65.9,25,bid,,,5438280
2026-07-15T20:57:40.749455,2026-07-15T20:57:40.755292+00:00,65.9,3,bid,,,5438283
2026-07-15T20:57:40.926182,2026-07-15T20:57:40.933652+00:00,65.8,200,ask,,,5438286
2026-07-15T20:57:40.947557,2026-07-15T20:57:40.954902+00:00,65.8,6,bid,,,5438290
2026-07-15T20:57:40.958604,2026-07-15T20:57:40.965479+00:00,65.8,6,bid,,,5438292
2026-07-15T20:57:40.976109,2026-07-15T20:57:40.986530+00:00,65.8,6,bid,,,5438295
2026-07-15T20:57:40.980204,2026-07-15T20:57:40.986530+00:00,65.8,25,bid,,,5438296
2026-07-15T20:57:41.011637,2026-07-15T20:57:41.018130+00:00,65.8,6,bid,,,5438301
2026-07-15T20:57:41.023999,2026-07-15T20:57:41.028675+00:00,65.8,20,bid,,,5438302
2026-07-15T20:57:41.224334,2026-07-15T20:57:41.228399+00:00,65.8,5,bid,,,5438307
2026-07-15T20:57:41.476846,2026-07-15T20:57:41.481030+00:00,65.8,6,bid,,,5438311
2026-07-15T20:57:41.545663,2026-07-15T20:57:41.555700+00:00,65.8,25,bid,,,5438316
2026-07-15T20:57:42.057950,2026-07-15T20:57:42.067588+00:00,65.8,20,bid,,,5438319
2026-07-15T20:57:43.549122,2026-07-15T20:57:43.557660+00:00,65.7,200,ask,,,5438347
2026-07-15T20:57:43.565503,2026-07-15T20:57:43.568230+00:00,65.7,2,bid,,,5438348
2026-07-15T20:57:44.584302,2026-07-15T20:57:44.594025+00:00,65.7,2,bid,,,5438369
2026-07-15T20:57:44.861080,2026-07-15T20:57:44.866734+00:00,65.7,10,bid,,,5438374
2026-07-15T20:57:45.602416,2026-07-15T20:57:45.610059+00:00,65.7,68,ask,,,5438384
2026-07-15T20:57:45.616352,2026-07-15T20:57:45.620688+00:00,65.8,2,bid,,,5438386
2026-07-15T20:57:46.507524,2026-07-15T20:57:46.514997+00:00,65.7,6,bid,,,5438404
2026-07-15T20:57:46.516848,2026-07-15T20:57:46.525515+00:00,65.7,6,bid,,,5438406
2026-07-15T20:57:46.525348,2026-07-15T20:57:46.536019+00:00,65.7,6,bid,,,5438408
2026-07-15T20:57:46.534307,2026-07-15T20:57:46.536019+00:00,65.7,4,bid,,,5438410
2026-07-15T20:57:46.635230,2026-07-15T20:57:46.640730+00:00,65.7,20,bid,,,5438411
2026-07-15T20:57:46.659088,2026-07-15T20:57:46.661762+00:00,65.7,25,bid,,,5438415
2026-07-15T20:57:46.678249,2026-07-15T20:57:46.682961+00:00,65.7,1,bid,,,5438417
2026-07-15T20:57:47.089974,2026-07-15T20:57:47.092007+00:00,65.6,200,ask,,,5438427
2026-07-15T20:57:47.253129,2026-07-15T20:57:47.260018+00:00,65.7,20,bid,,,5438430
2026-07-15T20:57:47.582725,2026-07-15T20:57:47.590895+00:00,65.6,14,bid,,,5438434
2026-07-15T20:57:47.588516,2026-07-15T20:57:47.601428+00:00,65.6,5,bid,,,5438435
2026-07-15T20:57:47.704703,2026-07-15T20:57:47.716407+00:00,65.6,25,bid,,,5438441
2026-07-15T20:57:47.734583,2026-07-15T20:57:47.737274+00:00,65.6,3,bid,,,5438442
2026-07-15T20:57:48.824162,2026-07-15T20:57:48.827340+00:00,65.5,19,ask,,,5438457
2026-07-15T20:57:48.824162,2026-07-15T20:57:48.838010+00:00,65.5,200,ask,,,5438458
2026-07-15T20:57:48.824162,2026-07-15T20:57:48.838010+00:00,65.5,406,ask,,,5438459
2026-07-15T20:57:49.740136,2026-07-15T20:57:49.746559+00:00,65.4,53,ask,,,5438478
2026-07-15T20:57:50.137364,2026-07-15T20:57:50.146217+00:00,65.5,200,bid,,,5438485
2026-07-15T20:57:50.137364,2026-07-15T20:57:50.146217+00:00,65.5,47,bid,,,5438486
2026-07-15T20:57:50.137364,2026-07-15T20:57:50.146217+00:00,65.5,20,bid,,,5438487
2026-07-15T20:57:50.137364,2026-07-15T20:57:50.146217+00:00,65.6,20,bid,,,5438488
2026-07-15T20:57:50.221632,2026-07-15T20:57:50.230499+00:00,65.6,25,ask,,,5438491
2026-07-15T20:57:50.250689,2026-07-15T20:57:50.262170+00:00,65.6,5,ask,,,5438494
2026-07-15T20:57:50.725873,2026-07-15T20:57:50.734693+00:00,65.6,200,ask,,,5438505
2026-07-15T20:57:51.463727,2026-07-15T20:57:51.470700+00:00,65.5,200,ask,,,5438513
2026-07-15T20:57:51.463727,2026-07-15T20:57:51.470700+00:00,65.4,425,ask,,,5438514
2026-07-15T20:57:52.831432,2026-07-15T20:57:52.840132+00:00,65.6,8,bid,,,5438550
2026-07-15T20:57:52.840968,2026-07-15T20:57:52.850698+00:00,65.6,8,bid,,,5438552
2026-07-15T20:57:52.893833,2026-07-15T20:57:52.903630+00:00,65.6,8,bid,,,5438554
2026-07-15T20:57:52.912302,2026-07-15T20:57:52.914203+00:00,65.6,20,bid,,,5438555
2026-07-15T20:57:53.054468,2026-07-15T20:57:53.061621+00:00,65.6,8,bid,,,5438559
2026-07-15T20:57:53.144186,2026-07-15T20:57:53.145902+00:00,65.5,200,ask,,,5438560
2026-07-15T20:57:54.114193,2026-07-15T20:57:54.120095+00:00,65.6,8,bid,,,5438581
2026-07-15T20:57:54.122968,2026-07-15T20:57:54.130704+00:00,65.6,6,bid,,,5438583
2026-07-15T20:57:54.156362,2026-07-15T20:57:54.162271+00:00,65.6,20,bid,,,5438584
2026-07-15T20:57:54.268972,2026-07-15T20:57:54.278349+00:00,65.6,4,bid,,,5438588
2026-07-15T20:57:54.390243,2026-07-15T20:57:54.401441+00:00,65.5,1,bid,,,5438595
2026-07-15T20:57:54.406856,2026-07-15T20:57:54.412115+00:00,65.5,25,bid,,,5438597
2026-07-15T20:57:54.446560,2026-07-15T20:57:54.454529+00:00,65.5,16,bid,,,5438601
2026-07-15T20:57:54.454973,2026-07-15T20:57:54.465055+00:00,65.5,16,bid,,,5438603
2026-07-15T20:57:54.764595,2026-07-15T20:57:54.769054+00:00,65.5,20,bid,,,5438607
2026-07-15T20:57:54.897850,2026-07-15T20:57:54.905835+00:00,65.5,25,bid,,,5438609
2026-07-15T20:57:54.914854,2026-07-15T20:57:54.916476+00:00,65.5,2,bid,,,5438611
2026-07-15T20:57:55.374750,2026-07-15T20:57:55.378764+00:00,65.5,20,bid,,,5438621
2026-07-15T20:57:55.416993,2026-07-15T20:57:55.420981+00:00,65.5,75,bid,,,5438624
2026-07-15T20:57:55.416993,2026-07-15T20:57:55.431587+00:00,65.5,19,bid,,,5438625
2026-07-15T20:57:55.416993,2026-07-15T20:57:55.431587+00:00,65.5,75,bid,,,5438626
2026-07-15T20:57:55.943218,2026-07-15T20:57:55.946637+00:00,65.7,2,bid,,,5438646
2026-07-15T20:57:56.739158,2026-07-15T20:57:56.742808+00:00,65.6,200,ask,,,5438658
2026-07-15T20:57:56.962076,2026-07-15T20:57:56.973526+00:00,65.4,2,bid,,,5438662
2026-07-15T20:57:57.981595,2026-07-15T20:57:57.993574+00:00,65.4,2,bid,,,5438679
2026-07-15T20:57:58.053783,2026-07-15T20:57:58.056797+00:00,65.4,20,bid,,,5438681
2026-07-15T20:57:58.053783,2026-07-15T20:57:58.067397+00:00,65.5,30,bid,,,5438682
2026-07-15T20:57:58.053783,2026-07-15T20:57:58.067397+00:00,65.5,200,bid,,,5438683
2026-07-15T20:57:59.007035,2026-07-15T20:57:59.018151+00:00,65.6,2,bid,,,5438702
2026-07-15T20:57:59.104897,2026-07-15T20:57:59.114530+00:00,65.5,375,ask,,,5438703
2026-07-15T20:57:59.208364,2026-07-15T20:57:59.219967+00:00,65.5,125,bid,,,5438705
2026-07-15T20:57:59.376189,2026-07-15T20:57:59.421944+00:00,65.5,75,ask,,,5438706
2026-07-15T20:57:59.403008,2026-07-15T20:57:59.421944+00:00,65.2,25,bid,,,5438710
2026-07-15T20:57:59.416462,2026-07-15T20:57:59.432993+00:00,65.2,15,bid,,,5438715
2026-07-15T20:57:59.433873,2026-07-15T20:57:59.443718+00:00,65.2,15,bid,,,5438717
2026-07-15T20:57:59.444617,2026-07-15T20:57:59.454414+00:00,65.2,15,bid,,,5438719
2026-07-15T20:57:59.455291,2026-07-15T20:57:59.465055+00:00,65.2,5,bid,,,5438721
2026-07-15T20:57:59.459000,2026-07-15T20:57:59.465055+00:00,65.2,14,bid,,,5438722
2026-07-15T20:57:59.809915,2026-07-15T20:57:59.811975+00:00,65.2,40,bid,,,5438729
2026-07-15T20:58:00.057486,2026-07-15T20:58:00.063506+00:00,65.2,50,bid,,,5438740
2026-07-15T20:58:00.071791,2026-07-15T20:58:00.074041+00:00,65.2,2,bid,,,5438742
2026-07-15T20:58:00.089846,2026-07-15T20:58:00.095104+00:00,65.2,32,bid,,,5438744
2026-07-15T20:58:00.333222,2026-07-15T20:58:00.335979+00:00,65.2,8,bid,,,5438748
2026-07-15T20:58:00.419977,2026-07-15T20:58:00.430492+00:00,65.2,200,bid,,,5438751
2026-07-15T20:58:00.424001,2026-07-15T20:58:00.430492+00:00,65.2,20,bid,,,5438752
2026-07-15T20:58:00.685967,2026-07-15T20:58:00.697405+00:00,65.2,80,bid,,,5438757
2026-07-15T20:58:01.093567,2026-07-15T20:58:01.098028+00:00,65.4,2,ask,,,5438766
2026-07-15T20:58:01.633024,2026-07-15T20:58:01.636133+00:00,65.5,20,bid,,,5438772
2026-07-15T20:58:01.643944,2026-07-15T20:58:01.646643+00:00,65.4,200,ask,,,5438773
2026-07-15T20:58:02.470645,2026-07-15T20:58:02.477541+00:00,65.2,25,ask,,,5438787
2026-07-15T20:58:02.498336,2026-07-15T20:58:02.509244+00:00,65.2,3,ask,,,5438790
2026-07-15T20:58:02.566380,2026-07-15T20:58:02.572471+00:00,65.2,25,ask,,,5438792
2026-07-15T20:58:02.852625,2026-07-15T20:58:02.861804+00:00,65.4,200,bid,,,5438799
2026-07-15T20:58:03.159456,2026-07-15T20:58:03.166016+00:00,65.2,85,ask,,,5438809
2026-07-15T20:58:03.364275,2026-07-15T20:58:03.381875+00:00,65.4,42,bid,,,5438817
2026-07-15T20:58:03.364275,2026-07-15T20:58:03.381875+00:00,65.4,20,bid,,,5438818
2026-07-15T20:58:04.066697,2026-07-15T20:58:04.074581+00:00,65.4,200,ask,,,5438827
2026-07-15T20:58:04.295973,2026-07-15T20:58:04.305862+00:00,65.4,4,ask,,,5438833
2026-07-15T20:58:05.772775,2026-07-15T20:58:05.779895+00:00,65.2,20,ask,,,5438856
2026-07-15T20:58:06.215162,2026-07-15T20:58:06.220375+00:00,65.3,2,ask,,,5438862
2026-07-15T20:58:06.222377,2026-07-15T20:58:06.230917+00:00,65.3,10,ask,,,5438863
2026-07-15T20:58:07.253917,2026-07-15T20:58:07.260810+00:00,65.4,2,bid,,,5438886
2026-07-15T20:58:07.259391,2026-07-15T20:58:07.260810+00:00,65.4,10,bid,,,5438887
2026-07-15T20:58:07.269827,2026-07-15T20:58:07.271322+00:00,65.3,20,ask,,,5438888
2026-07-15T20:58:07.329594,2026-07-15T20:58:07.334559+00:00,65.3,200,ask,,,5438890
2026-07-15T20:58:07.329594,2026-07-15T20:58:07.334559+00:00,65.2,425,ask,,,5438891
2026-07-15T20:58:08.995103,2026-07-15T20:58:09.003758+00:00,65.3,25,bid,,,5438916
2026-07-15T20:58:09.049852,2026-07-15T20:58:09.056258+00:00,65.3,38,bid,,,5438919
2026-07-15T20:58:09.301237,2026-07-15T20:58:09.308734+00:00,65.3,2,bid,,,5438923
2026-07-15T20:58:09.306688,2026-07-15T20:58:09.308734+00:00,65.3,10,bid,,,5438924
2026-07-15T20:58:09.398334,2026-07-15T20:58:09.403193+00:00,65.3,125,bid,,,5438927
2026-07-15T20:58:09.398334,2026-07-15T20:58:09.403193+00:00,65.3,20,bid,,,5438928
2026-07-15T20:58:09.398334,2026-07-15T20:58:09.413725+00:00,65.3,78,bid,,,5438929
2026-07-15T20:58:09.955102,2026-07-15T20:58:09.958504+00:00,65.3,277,ask,,,5438934
2026-07-15T20:58:09.955102,2026-07-15T20:58:09.958504+00:00,65.3,42,ask,,,5438935
2026-07-15T20:58:10.330790,2026-07-15T20:58:10.337224+00:00,65.2,2,ask,,,5438946
2026-07-15T20:58:11.268952,2026-07-15T20:58:11.272360+00:00,65.3,200,bid,,,5438960
2026-07-15T20:58:11.268952,2026-07-15T20:58:11.282974+00:00,65.3,20,bid,,,5438961
2026-07-15T20:58:12.377617,2026-07-15T20:58:12.383652+00:00,65.3,10,ask,,,5438983
2026-07-15T20:58:12.441066,2026-07-15T20:58:12.448080+00:00,65.4,2,bid,,,5438985
2026-07-15T20:58:12.568554,2026-07-15T20:58:12.574448+00:00,65.3,200,ask,,,5438988
2026-07-15T20:58:12.603327,2026-07-15T20:58:12.606161+00:00,65.2,500,ask,,,5438990
2026-07-15T20:58:12.603327,2026-07-15T20:58:12.616686+00:00,65.2,125,ask,,,5438991
2026-07-15T20:58:13.477902,2026-07-15T20:58:13.488390+00:00,65.2,2,ask,,,5439008
2026-07-15T20:58:13.915039,2026-07-15T20:58:13.919564+00:00,65.3,200,bid,,,5439013
2026-07-15T20:58:14.496630,2026-07-15T20:58:14.507338+00:00,65.5,2,bid,,,5439025
2026-07-15T20:58:15.530066,2026-07-15T20:58:15.535774+00:00,65.4,2,bid,,,5439031
2026-07-15T20:58:16.556708,2026-07-15T20:58:16.566843+00:00,65.3,2,bid,,,5439044
2026-07-15T20:58:17.414665,2026-07-15T20:58:17.417354+00:00,65.2,200,ask,,,5439058
2026-07-15T20:58:17.504869,2026-07-15T20:58:17.513324+00:00,65.3,20,bid,,,5439059
2026-07-15T20:58:17.591330,2026-07-15T20:58:17.597511+00:00,65.4,2,bid,,,5439061
2026-07-15T20:58:17.915364,2026-07-15T20:58:17.923461+00:00,65.3,500,ask,,,5439065
2026-07-15T20:58:17.915364,2026-07-15T20:58:17.923461+00:00,65.2,80,ask,,,5439066
2026-07-15T20:58:18.106679,2026-07-15T20:58:18.113145+00:00,65.0,20,ask,,,5439067
2026-07-15T20:58:18.458190,2026-07-15T20:58:18.460552+00:00,65.2,45,bid,,,5439073
2026-07-15T20:58:18.458190,2026-07-15T20:58:18.471188+00:00,65.2,80,bid,,,5439074
2026-07-15T20:58:18.458190,2026-07-15T20:58:18.471188+00:00,65.2,10,bid,,,5439075
2026-07-15T20:58:18.624588,2026-07-15T20:58:18.628710+00:00,65.3,200,ask,,,5439077
2026-07-15T20:58:19.272704,2026-07-15T20:58:19.279897+00:00,65.4,25,ask,,,5439094
2026-07-15T20:58:19.658885,2026-07-15T20:58:19.668866+00:00,65.4,2,ask,,,5439107
2026-07-15T20:58:19.665634,2026-07-15T20:58:19.668866+00:00,65.4,10,ask,,,5439108
2026-07-15T20:58:20.541349,2026-07-15T20:58:20.551609+00:00,65.5,60,bid,,,5439127
2026-07-15T20:58:20.541349,2026-07-15T20:58:20.551609+00:00,65.5,200,bid,,,5439128
2026-07-15T20:58:20.697068,2026-07-15T20:58:20.708628+00:00,65.5,2,ask,,,5439131
2026-07-15T20:58:21.050443,2026-07-15T20:58:21.055542+00:00,65.6,200,bid,,,5439140
2026-07-15T20:58:21.720803,2026-07-15T20:58:21.725124+00:00,65.6,4,bid,,,5439153
2026-07-15T20:58:21.732995,2026-07-15T20:58:21.735738+00:00,65.6,2,bid,,,5439155
2026-07-15T20:58:22.754016,2026-07-15T20:58:22.761195+00:00,65.7,2,bid,,,5439178
2026-07-15T20:58:22.759121,2026-07-15T20:58:22.761195+00:00,65.7,10,bid,,,5439179
2026-07-15T20:58:23.507223,2026-07-15T20:58:23.517790+00:00,65.7,200,bid,,,5439183
2026-07-15T20:58:23.789217,2026-07-15T20:58:23.801056+00:00,65.7,2,bid,,,5439187
2026-07-15T20:58:24.505728,2026-07-15T20:58:24.514424+00:00,65.7,500,bid,,,5439198
2026-07-15T20:58:24.505728,2026-07-15T20:58:24.514424+00:00,65.8,125,bid,,,5439199
2026-07-15T20:58:24.819453,2026-07-15T20:58:24.829276+00:00,65.7,2,bid,,,5439203
2026-07-15T20:58:25.777863,2026-07-15T20:58:25.787026+00:00,65.6,60,ask,,,5439220
2026-07-15T20:58:25.777863,2026-07-15T20:58:25.787026+00:00,65.6,200,ask,,,5439221
2026-07-15T20:58:25.777863,2026-07-15T20:58:25.787026+00:00,65.6,10,ask,,,5439222
2026-07-15T20:58:25.792252,2026-07-15T20:58:25.797904+00:00,65.6,80,bid,,,5439223
2026-07-15T20:58:25.811620,2026-07-15T20:58:25.819350+00:00,65.6,20,bid,,,5439224
2026-07-15T20:58:25.856771,2026-07-15T20:58:25.861805+00:00,65.6,25,bid,,,5439226
2026-07-15T20:58:25.874251,2026-07-15T20:58:25.883087+00:00,65.6,2,bid,,,5439229
2026-07-15T20:58:26.198595,2026-07-15T20:58:26.208518+00:00,65.5,20,ask,,,5439239
2026-07-15T20:58:26.341470,2026-07-15T20:58:26.345161+00:00,65.6,4,bid,,,5439243
2026-07-15T20:58:26.420110,2026-07-15T20:58:26.430321+00:00,65.6,20,bid,,,5439244
2026-07-15T20:58:26.459376,2026-07-15T20:58:26.461771+00:00,65.6,30,bid,,,5439247
2026-07-15T20:58:26.902132,2026-07-15T20:58:26.912773+00:00,65.6,25,bid,,,5439258
2026-07-15T20:58:26.916481,2026-07-15T20:58:26.923324+00:00,65.6,2,bid,,,5439260
2026-07-15T20:58:27.029419,2026-07-15T20:58:27.039781+00:00,65.6,20,bid,,,5439261
2026-07-15T20:58:27.465188,2026-07-15T20:58:27.469974+00:00,65.6,30,bid,,,5439270
2026-07-15T20:58:27.935395,2026-07-15T20:58:27.943402+00:00,65.5,2,ask,,,5439279
2026-07-15T20:58:28.858844,2026-07-15T20:58:28.867463+00:00,65.3,20,ask,,,5439291
2026-07-15T20:58:29.559824,2026-07-15T20:58:29.570566+00:00,65.4,200,bid,,,5439299
2026-07-15T20:58:29.770946,2026-07-15T20:58:29.780137+00:00,65.4,80,bid,,,5439300
2026-07-15T20:58:29.770946,2026-07-15T20:58:29.780137+00:00,65.4,20,bid,,,5439301
2026-07-15T20:58:29.770946,2026-07-15T20:58:29.780137+00:00,65.5,200,bid,,,5439302
2026-07-15T20:58:29.770946,2026-07-15T20:58:29.780137+00:00,65.5,30,bid,,,5439303
2026-07-15T20:58:30.776121,2026-07-15T20:58:30.778815+00:00,65.5,200,ask,,,5439316
2026-07-15T20:58:31.024546,2026-07-15T20:58:31.030804+00:00,65.5,68,ask,,,5439320
2026-07-15T20:58:31.036204,2026-07-15T20:58:31.041330+00:00,65.6,2,bid,,,5439322
2026-07-15T20:58:31.094822,2026-07-15T20:58:31.104235+00:00,65.4,200,ask,,,5439323
2026-07-15T20:58:32.071960,2026-07-15T20:58:32.078122+00:00,65.4,2,bid,,,5439343
2026-07-15T20:58:32.442875,2026-07-15T20:58:32.454938+00:00,65.4,20,bid,,,5439344
2026-07-15T20:58:33.108024,2026-07-15T20:58:33.116490+00:00,65.4,4,ask,,,5439361
2026-07-15T20:58:33.123461,2026-07-15T20:58:33.127116+00:00,65.5,2,bid,,,5439363
2026-07-15T20:58:34.141398,2026-07-15T20:58:34.148682+00:00,65.6,2,bid,,,5439375
2026-07-15T20:58:35.165317,2026-07-15T20:58:35.172101+00:00,65.6,2,bid,,,5439393
2026-07-15T20:58:35.773013,2026-07-15T20:58:35.781033+00:00,65.5,20,ask,,,5439396
2026-07-15T20:58:36.191178,2026-07-15T20:58:36.201515+00:00,65.6,2,bid,,,5439401
2026-07-15T20:58:36.385502,2026-07-15T20:58:36.391524+00:00,65.6,198,bid,,,5439403
2026-07-15T20:58:36.385502,2026-07-15T20:58:36.391524+00:00,65.6,427,bid,,,5439404
2026-07-15T20:58:37.217622,2026-07-15T20:58:37.228234+00:00,65.6,2,bid,,,5439418
2026-07-15T20:58:37.707730,2026-07-15T20:58:37.714027+00:00,65.6,198,bid,,,5439425
2026-07-15T20:58:37.707730,2026-07-15T20:58:37.714027+00:00,65.6,427,bid,,,5439426
2026-07-15T20:58:37.918509,2026-07-15T20:58:37.921879+00:00,65.5,20,ask,,,5439435
2026-07-15T20:58:38.245159,2026-07-15T20:58:38.247609+00:00,65.6,2,bid,,,5439441
2026-07-15T20:58:39.021917,2026-07-15T20:58:39.023732+00:00,65.5,200,ask,,,5439453
2026-07-15T20:58:39.246013,2026-07-15T20:58:39.255056+00:00,65.4,200,bid,,,5439457
2026-07-15T20:58:39.271013,2026-07-15T20:58:39.276114+00:00,65.4,2,bid,,,5439458
2026-07-15T20:58:40.330126,2026-07-15T20:58:40.336387+00:00,65.4,2,bid,,,5439470
2026-07-15T20:58:40.381340,2026-07-15T20:58:40.389131+00:00,65.5,4,ask,,,5439474
2026-07-15T20:58:40.461283,2026-07-15T20:58:40.462927+00:00,65.5,200,ask,,,5439475
2026-07-15T20:58:41.349267,2026-07-15T20:58:41.358965+00:00,65.5,16,ask,,,5439488
2026-07-15T20:58:41.368586,2026-07-15T20:58:41.380957+00:00,65.5,2,ask,,,5439491
2026-07-15T20:58:41.676675,2026-07-15T20:58:41.686307+00:00,65.4,200,bid,,,5439492
2026-07-15T20:58:41.771173,2026-07-15T20:58:41.780904+00:00,65.4,20,bid,,,5439493
2026-07-15T20:58:42.393026,2026-07-15T20:58:42.400319+00:00,65.4,2,bid,,,5439503
2026-07-15T20:58:42.404052,2026-07-15T20:58:42.410931+00:00,65.4,2,bid,,,5439505
2026-07-15T20:58:42.962761,2026-07-15T20:58:42.967131+00:00,65.4,42,bid,,,5439511
2026-07-15T20:58:42.962761,2026-07-15T20:58:42.967131+00:00,65.4,200,bid,,,5439512
2026-07-15T20:58:43.435519,2026-07-15T20:58:43.441314+00:00,65.4,2,ask,,,5439530
2026-07-15T20:58:44.460483,2026-07-15T20:58:44.467137+00:00,65.4,2,ask,,,5439544
2026-07-15T20:58:45.499833,2026-07-15T20:58:45.507951+00:00,65.4,2,ask,,,5439558
2026-07-15T20:58:46.088330,2026-07-15T20:58:46.096167+00:00,65.3,20,ask,,,5439566
2026-07-15T20:58:46.532778,2026-07-15T20:58:46.538988+00:00,65.3,2,ask,,,5439572
2026-07-15T20:58:47.463418,2026-07-15T20:58:47.466119+00:00,65.4,8,ask,,,5439587
2026-07-15T20:58:47.606209,2026-07-15T20:58:47.614478+00:00,65.4,2,ask,,,5439594
2026-07-15T20:58:48.218390,2026-07-15T20:58:48.232213+00:00,65.5,6,bid,,,5439598
2026-07-15T20:58:48.218390,2026-07-15T20:58:48.232213+00:00,65.5,200,bid,,,5439599
2026-07-15T20:58:48.239827,2026-07-15T20:58:48.242929+00:00,65.5,25,ask,,,5439602
2026-07-15T20:58:48.249562,2026-07-15T20:58:48.253633+00:00,65.5,1,ask,,,5439603
2026-07-15T20:58:48.255359,2026-07-15T20:58:48.264368+00:00,65.6,25,bid,,,5439604
2026-07-15T20:58:48.311917,2026-07-15T20:58:48.317222+00:00,65.5,2,ask,,,5439606
2026-07-15T20:58:48.342050,2026-07-15T20:58:48.348675+00:00,65.5,25,ask,,,5439607
2026-07-15T20:58:48.434097,2026-07-15T20:58:48.443088+00:00,65.5,25,ask,,,5439611
2026-07-15T20:58:48.494123,2026-07-15T20:58:48.496174+00:00,65.5,18,ask,,,5439615
2026-07-15T20:58:48.636335,2026-07-15T20:58:48.643830+00:00,65.5,2,ask,,,5439618
2026-07-15T20:58:49.658049,2026-07-15T20:58:49.663552+00:00,65.5,2,ask,,,5439629
2026-07-15T20:58:49.665663,2026-07-15T20:58:49.674086+00:00,65.5,10,ask,,,5439630
2026-07-15T20:58:50.699336,2026-07-15T20:58:50.710651+00:00,65.5,2,ask,,,5439649
2026-07-15T20:58:50.848524,2026-07-15T20:58:50.857673+00:00,65.5,198,ask,,,5439650
2026-07-15T20:58:51.392041,2026-07-15T20:58:51.396801+00:00,65.4,200,ask,,,5439651
2026-07-15T20:58:51.720321,2026-07-15T20:58:51.724976+00:00,65.4,2,ask,,,5439663
2026-07-15T20:58:51.726720,2026-07-15T20:58:51.735647+00:00,65.4,10,ask,,,5439664
2026-07-15T20:58:52.754586,2026-07-15T20:58:52.757403+00:00,65.3,2,ask,,,5439674
2026-07-15T20:58:53.778041,2026-07-15T20:58:53.789518+00:00,65.3,2,ask,,,5439691
2026-07-15T20:58:53.830320,2026-07-15T20:58:53.842661+00:00,65.5,47,bid,,,5439696
2026-07-15T20:58:53.830320,2026-07-15T20:58:53.842661+00:00,65.5,153,bid,,,5439697
2026-07-15T20:58:54.172845,2026-07-15T20:58:54.178339+00:00,65.3,1,ask,,,5439703
2026-07-15T20:58:54.699332,2026-07-15T20:58:54.703780+00:00,65.3,7,ask,,,5439713
2026-07-15T20:58:54.805292,2026-07-15T20:58:54.809356+00:00,65.3,2,ask,,,5439718
2026-07-15T20:58:55.047934,2026-07-15T20:58:55.053692+00:00,65.4,200,bid,,,5439722
2026-07-15T20:58:55.830641,2026-07-15T20:58:55.834260+00:00,65.3,2,ask,,,5439735
2026-07-15T20:58:56.148062,2026-07-15T20:58:56.151778+00:00,65.4,25,ask,,,5439736
2026-07-15T20:58:56.226555,2026-07-15T20:58:56.236783+00:00,65.4,7,ask,,,5439739
2026-07-15T20:58:56.243565,2026-07-15T20:58:56.247557+00:00,65.4,20,ask,,,5439740
2026-07-15T20:58:56.854301,2026-07-15T20:58:56.859223+00:00,65.4,2,ask,,,5439749
2026-07-15T20:58:57.024389,2026-07-15T20:58:57.027976+00:00,65.4,2,ask,,,5439756
2026-07-15T20:58:57.063082,2026-07-15T20:58:57.070488+00:00,65.4,9,ask,,,5439758
2026-07-15T20:58:57.503057,2026-07-15T20:58:57.511760+00:00,65.5,20,ask,,,5439764
2026-07-15T20:58:57.515494,2026-07-15T20:58:57.522448+00:00,65.5,27,ask,,,5439767
2026-07-15T20:58:57.526938,2026-07-15T20:58:57.533083+00:00,65.5,25,ask,,,5439768
2026-07-15T20:58:57.895645,2026-07-15T20:58:57.901065+00:00,65.5,25,ask,,,5439776
2026-07-15T20:58:57.913062,2026-07-15T20:58:57.922192+00:00,65.5,2,ask,,,5439779
2026-07-15T20:58:58.123745,2026-07-15T20:58:58.132134+00:00,65.5,20,ask,,,5439784
2026-07-15T20:58:58.360555,2026-07-15T20:58:58.363839+00:00,65.6,20,bid,,,5439792
2026-07-15T20:58:58.699685,2026-07-15T20:58:58.701586+00:00,65.5,65,ask,,,5439795
2026-07-15T20:58:58.699685,2026-07-15T20:58:58.712146+00:00,65.5,15,ask,,,5439796
2026-07-15T20:58:58.729067,2026-07-15T20:58:58.733490+00:00,65.4,200,ask,,,5439797
2026-07-15T20:58:58.729067,2026-07-15T20:58:58.733490+00:00,65.4,65,ask,,,5439798
2026-07-15T20:58:58.934468,2026-07-15T20:58:58.941752+00:00,65.4,2,bid,,,5439805
2026-07-15T20:58:59.952926,2026-07-15T20:58:59.964470+00:00,65.4,2,bid,,,5439811
2026-07-15T20:59:00.050020,2026-07-15T20:59:00.067934+00:00,65.4,80,bid,,,5439816
2026-07-15T20:59:00.050020,2026-07-15T20:59:00.067934+00:00,65.4,200,bid,,,5439817
2026-07-15T20:59:00.082230,2026-07-15T20:59:00.089681+00:00,65.6,80,ask,,,5439822
2026-07-15T20:59:00.125679,2026-07-15T20:59:00.132267+00:00,65.6,25,ask,,,5439824
2026-07-15T20:59:00.129588,2026-07-15T20:59:00.132267+00:00,65.6,20,ask,,,5439825
2026-07-15T20:59:00.552367,2026-07-15T20:59:00.564147+00:00,65.7,20,bid,,,5439832
2026-07-15T20:59:00.645859,2026-07-15T20:59:00.647987+00:00,65.6,20,ask,,,5439833
2026-07-15T20:59:00.971828,2026-07-15T20:59:00.974636+00:00,65.6,25,ask,,,5439840
2026-07-15T20:59:00.990658,2026-07-15T20:59:00.995648+00:00,65.6,2,ask,,,5439843
2026-07-15T20:59:01.124273,2026-07-15T20:59:01.131694+00:00,65.6,173,ask,,,5439845
2026-07-15T20:59:01.124273,2026-07-15T20:59:01.131694+00:00,65.6,27,ask,,,5439846
2026-07-15T20:59:01.759619,2026-07-15T20:59:01.769604+00:00,65.5,20,bid,,,5439859
2026-07-15T20:59:02.012216,2026-07-15T20:59:02.023516+00:00,65.5,2,bid,,,5439864
2026-07-15T20:59:03.039916,2026-07-15T20:59:03.048008+00:00,65.4,2,bid,,,5439881
2026-07-15T20:59:03.045356,2026-07-15T20:59:03.048008+00:00,65.4,10,bid,,,5439882
2026-07-15T20:59:04.070950,2026-07-15T20:59:04.076686+00:00,65.3,2,ask,,,5439898
2026-07-15T20:59:05.096815,2026-07-15T20:59:05.100247+00:00,65.5,2,bid,,,5439918
2026-07-15T20:59:05.107977,2026-07-15T20:59:05.110963+00:00,65.5,10,bid,,,5439919
2026-07-15T20:59:05.325622,2026-07-15T20:59:05.362688+00:00,65.5,200,bid,,,5439923
2026-07-15T20:59:05.325622,2026-07-15T20:59:05.362688+00:00,65.5,8,bid,,,5439924
2026-07-15T20:59:05.979644,2026-07-15T20:59:05.981343+00:00,65.5,200,ask,,,5439939
2026-07-15T20:59:06.177974,2026-07-15T20:59:06.180132+00:00,65.5,2,ask,,,5439942
2026-07-15T20:59:06.645928,2026-07-15T20:59:06.653848+00:00,65.5,16,ask,,,5439954
2026-07-15T20:59:06.645928,2026-07-15T20:59:06.653848+00:00,65.5,20,ask,,,5439955
2026-07-15T20:59:06.645928,2026-07-15T20:59:06.653848+00:00,65.4,30,ask,,,5439956
2026-07-15T20:59:06.714411,2026-07-15T20:59:06.717502+00:00,65.4,25,bid,,,5439960
2026-07-15T20:59:06.794829,2026-07-15T20:59:06.801374+00:00,65.4,33,bid,,,5439963
2026-07-15T20:59:06.804960,2026-07-15T20:59:06.811945+00:00,65.4,12,bid,,,5439965
2026-07-15T20:59:06.808597,2026-07-15T20:59:06.811945+00:00,65.4,25,bid,,,5439966
2026-07-15T20:59:06.903719,2026-07-15T20:59:06.906484+00:00,65.4,25,bid,,,5439968
2026-07-15T20:59:06.996417,2026-07-15T20:59:07.002388+00:00,65.4,25,bid,,,5439970
2026-07-15T20:59:07.072851,2026-07-15T20:59:07.075887+00:00,65.4,20,bid,,,5439972
2026-07-15T20:59:07.088589,2026-07-15T20:59:07.097067+00:00,65.4,25,bid,,,5439975
2026-07-15T20:59:07.211854,2026-07-15T20:59:07.222925+00:00,65.4,25,bid,,,5439979
2026-07-15T20:59:08.410153,2026-07-15T20:59:08.418212+00:00,65.4,200,bid,,,5439996
2026-07-15T20:59:09.246573,2026-07-15T20:59:09.250391+00:00,65.4,10,bid,,,5440012
2026-07-15T20:59:09.252257,2026-07-15T20:59:09.261021+00:00,65.2,2,ask,,,5440013
2026-07-15T20:59:09.287789,2026-07-15T20:59:09.292955+00:00,65.3,65,ask,,,5440015
2026-07-15T20:59:09.312425,2026-07-15T20:59:09.314356+00:00,65.3,25,ask,,,5440018
2026-07-15T20:59:09.624382,2026-07-15T20:59:09.629916+00:00,65.5,200,bid,,,5440025
2026-07-15T20:59:10.840507,2026-07-15T20:59:10.851102+00:00,65.3,80,ask,,,5440038
2026-07-15T20:59:10.840507,2026-07-15T20:59:10.851102+00:00,65.3,45,ask,,,5440039
2026-07-15T20:59:10.840507,2026-07-15T20:59:10.851102+00:00,65.3,75,ask,,,5440040
2026-07-15T20:59:13.248703,2026-07-15T20:59:13.258621+00:00,65.2,200,ask,,,5440078
2026-07-15T20:59:13.248703,2026-07-15T20:59:13.258621+00:00,65.2,20,ask,,,5440079
2026-07-15T20:59:13.248703,2026-07-15T20:59:13.258621+00:00,65.2,405,ask,,,5440080
2026-07-15T20:59:14.559543,2026-07-15T20:59:14.563366+00:00,65.4,200,bid,,,5440098
2026-07-15T20:59:15.873211,2026-07-15T20:59:15.884328+00:00,65.4,16,ask,,,5440131
2026-07-15T20:59:15.873211,2026-07-15T20:59:15.884328+00:00,65.4,10,ask,,,5440132
2026-07-15T20:59:15.901459,2026-07-15T20:59:15.905555+00:00,65.4,30,bid,,,5440136
2026-07-15T20:59:16.345006,2026-07-15T20:59:16.349435+00:00,65.4,41,bid,,,5440144
2026-07-15T20:59:16.888582,2026-07-15T20:59:16.899469+00:00,65.4,200,bid,,,5440155
2026-07-15T20:59:17.251768,2026-07-15T20:59:17.258650+00:00,65.4,500,bid,,,5440162
2026-07-15T20:59:17.375297,2026-07-15T20:59:17.385440+00:00,65.4,2,bid,,,5440164
2026-07-15T20:59:17.381996,2026-07-15T20:59:17.385440+00:00,65.4,10,bid,,,5440165
2026-07-15T20:59:17.844104,2026-07-15T20:59:17.847730+00:00,65.4,113,bid,,,5440169
2026-07-15T20:59:18.404280,2026-07-15T20:59:18.410516+00:00,65.5,2,ask,,,5440180
2026-07-15T20:59:18.496857,2026-07-15T20:59:18.506100+00:00,65.5,198,ask,,,5440182
2026-07-15T20:59:18.496857,2026-07-15T20:59:18.506100+00:00,65.5,427,ask,,,5440183
2026-07-15T20:59:19.320904,2026-07-15T20:59:19.326999+00:00,65.5,200,ask,,,5440193
2026-07-15T20:59:20.442266,2026-07-15T20:59:20.444306+00:00,65.6,10,ask,,,5440211
2026-07-15T20:59:21.819727,2026-07-15T20:59:21.822996+00:00,65.7,20,bid,,,5440230
2026-07-15T20:59:23.505786,2026-07-15T20:59:23.509956+00:00,65.8,2,bid,,,5440266
2026-07-15T20:59:23.511144,2026-07-15T20:59:23.520712+00:00,65.8,10,bid,,,5440267
2026-07-15T20:59:23.741104,2026-07-15T20:59:23.752173+00:00,65.8,188,bid,,,5440272
2026-07-15T20:59:24.166816,2026-07-15T20:59:24.172796+00:00,65.8,200,ask,,,5440275
2026-07-15T20:59:24.571505,2026-07-15T20:59:24.582494+00:00,65.8,10,ask,,,5440279
2026-07-15T20:59:24.585415,2026-07-15T20:59:24.593097+00:00,65.8,2,ask,,,5440281
2026-07-15T20:59:25.055768,2026-07-15T20:59:25.066111+00:00,65.8,10,ask,,,5440286
2026-07-15T20:59:25.375054,2026-07-15T20:59:25.383109+00:00,65.8,200,bid,,,5440288
2026-07-15T20:59:25.492381,2026-07-15T20:59:25.499180+00:00,65.8,20,bid,,,5440291
2026-07-15T20:59:26.380541,2026-07-15T20:59:26.383279+00:00,65.8,80,bid,,,5440306
2026-07-15T20:59:26.380541,2026-07-15T20:59:26.393956+00:00,65.8,10,bid,,,5440307
2026-07-15T20:59:26.380541,2026-07-15T20:59:26.393956+00:00,65.9,500,bid,,,5440308
2026-07-15T20:59:26.589663,2026-07-15T20:59:26.594617+00:00,65.9,35,ask,,,5440313
2026-07-15T20:59:26.589663,2026-07-15T20:59:26.594617+00:00,65.9,10,ask,,,5440314
2026-07-15T20:59:26.638186,2026-07-15T20:59:26.647688+00:00,65.8,25,bid,,,5440318
2026-07-15T20:59:26.644554,2026-07-15T20:59:26.647688+00:00,65.8,2,bid,,,5440319
2026-07-15T20:59:26.669661,2026-07-15T20:59:26.679356+00:00,65.8,25,bid,,,5440322
2026-07-15T20:59:26.710510,2026-07-15T20:59:26.721634+00:00,65.8,50,bid,,,5440325
2026-07-15T20:59:26.974768,2026-07-15T20:59:26.984783+00:00,65.8,2,bid,,,5440327
2026-07-15T20:59:27.140956,2026-07-15T20:59:27.152531+00:00,65.8,20,bid,,,5440330
2026-07-15T20:59:27.467995,2026-07-15T20:59:27.478795+00:00,65.8,5,bid,,,5440339
2026-07-15T20:59:27.604345,2026-07-15T20:59:27.616015+00:00,65.8,23,bid,,,5440344
2026-07-15T20:59:27.673153,2026-07-15T20:59:27.679458+00:00,65.8,3,bid,,,5440349
2026-07-15T20:59:27.679535,2026-07-15T20:59:27.689969+00:00,65.9,2,bid,,,5440350
2026-07-15T20:59:27.749565,2026-07-15T20:59:27.753037+00:00,65.8,25,bid,,,5440353
2026-07-15T20:59:27.800609,2026-07-15T20:59:27.805629+00:00,65.8,200,bid,,,5440354
2026-07-15T20:59:28.233614,2026-07-15T20:59:28.236911+00:00,65.6,20,ask,,,5440363
2026-07-15T20:59:28.442300,2026-07-15T20:59:28.447404+00:00,65.8,20,bid,,,5440370
2026-07-15T20:59:28.697985,2026-07-15T20:59:28.709827+00:00,65.8,2,bid,,,5440374
2026-07-15T20:59:29.013503,2026-07-15T20:59:29.015355+00:00,65.9,200,bid,,,5440375
2026-07-15T20:59:29.013503,2026-07-15T20:59:29.025910+00:00,65.9,425,bid,,,5440376
2026-07-15T20:59:29.722677,2026-07-15T20:59:29.731683+00:00,66.0,2,bid,,,5440384
2026-07-15T20:59:30.239069,2026-07-15T20:59:30.247084+00:00,65.8,42,ask,,,5440392
2026-07-15T20:59:30.261109,2026-07-15T20:59:30.268491+00:00,65.8,48,bid,,,5440394
2026-07-15T20:59:30.276262,2026-07-15T20:59:30.279324+00:00,65.8,2,bid,,,5440396
2026-07-15T20:59:30.741018,2026-07-15T20:59:30.752870+00:00,65.8,2,bid,,,5440401
2026-07-15T20:59:31.792603,2026-07-15T20:59:31.795533+00:00,65.8,2,bid,,,5440409
2026-07-15T20:59:32.810883,2026-07-15T20:59:32.819450+00:00,65.8,2,bid,,,5440428
2026-07-15T20:59:32.970921,2026-07-15T20:59:32.977080+00:00,65.8,76,bid,,,5440432
2026-07-15T20:59:32.970921,2026-07-15T20:59:32.977080+00:00,65.8,200,bid,,,5440433
2026-07-15T20:59:32.970921,2026-07-15T20:59:32.977080+00:00,65.8,20,bid,,,5440434
2026-07-15T20:59:32.970921,2026-07-15T20:59:32.987615+00:00,65.8,4,bid,,,5440435
2026-07-15T20:59:33.833033,2026-07-15T20:59:33.840046+00:00,65.9,2,bid,,,5440451
2026-07-15T20:59:34.303378,2026-07-15T20:59:34.312615+00:00,65.8,3,bid,,,5440461
2026-07-15T20:59:34.491641,2026-07-15T20:59:34.502597+00:00,65.8,29,bid,,,5440474
2026-07-15T20:59:34.538307,2026-07-15T20:59:34.544905+00:00,65.8,3,bid,,,5440478
2026-07-15T20:59:34.816427,2026-07-15T20:59:34.818598+00:00,65.8,20,bid,,,5440479
2026-07-15T20:59:34.862838,2026-07-15T20:59:34.871719+00:00,65.8,25,bid,,,5440482
2026-07-15T20:59:34.868829,2026-07-15T20:59:34.871719+00:00,65.8,2,bid,,,5440483
2026-07-15T20:59:34.936658,2026-07-15T20:59:34.945426+00:00,65.8,26,bid,,,5440485
2026-07-15T20:59:35.097607,2026-07-15T20:59:35.102977+00:00,65.8,200,bid,,,5440490
2026-07-15T20:59:35.257901,2026-07-15T20:59:35.261112+00:00,65.8,10,bid,,,5440493
2026-07-15T20:59:35.466359,2026-07-15T20:59:35.471184+00:00,65.8,20,bid,,,5440496
2026-07-15T20:59:35.890247,2026-07-15T20:59:35.895391+00:00,65.9,2,bid,,,5440506
2026-07-15T20:59:36.123723,2026-07-15T20:59:36.135382+00:00,65.9,18,bid,,,5440514
2026-07-15T20:59:36.541791,2026-07-15T20:59:36.544139+00:00,65.9,3,bid,,,5440518
2026-07-15T20:59:36.910417,2026-07-15T20:59:36.912604+00:00,65.9,2,bid,,,5440525
2026-07-15T20:59:37.403662,2026-07-15T20:59:37.408979+00:00,65.9,3,bid,,,5440537
2026-07-15T20:59:37.931714,2026-07-15T20:59:37.939345+00:00,65.9,2,bid,,,5440545
2026-07-15T20:59:38.949709,2026-07-15T20:59:38.959302+00:00,65.9,2,bid,,,5440561
2026-07-15T20:59:39.544521,2026-07-15T20:59:39.555507+00:00,65.8,200,ask,,,5440573
2026-07-15T20:59:39.544521,2026-07-15T20:59:39.555507+00:00,65.8,19,ask,,,5440574
2026-07-15T20:59:39.544521,2026-07-15T20:59:39.555507+00:00,65.7,406,ask,,,5440575
2026-07-15T20:59:39.969728,2026-07-15T20:59:39.976064+00:00,66.0,2,bid,,,5440583
2026-07-15T20:59:40.017430,2026-07-15T20:59:40.028890+00:00,65.9,20,ask,,,5440588
2026-07-15T20:59:40.988619,2026-07-15T20:59:40.997109+00:00,66.0,2,bid,,,5440602
2026-07-15T20:59:42.007694,2026-07-15T20:59:42.017248+00:00,66.0,2,bid,,,5440617
2026-07-15T20:59:42.176823,2026-07-15T20:59:42.186060+00:00,66.0,198,bid,,,5440626
2026-07-15T20:59:42.176823,2026-07-15T20:59:42.186060+00:00,66.0,20,bid,,,5440627
2026-07-15T20:59:42.385463,2026-07-15T20:59:42.396007+00:00,66.0,200,ask,,,5440630
2026-07-15T20:59:43.496667,2026-07-15T20:59:43.500650+00:00,65.8,200,ask,,,5440648
2026-07-15T20:59:43.496667,2026-07-15T20:59:43.500650+00:00,65.8,425,ask,,,5440649
2026-07-15T20:59:44.361924,2026-07-15T20:59:44.374150+00:00,65.8,20,ask,,,5440662
2026-07-15T20:59:44.811610,2026-07-15T20:59:44.815293+00:00,65.9,20,bid,,,5440674
2026-07-15T20:59:47.227946,2026-07-15T20:59:47.239776+00:00,66.0,200,bid,,,5440708
2026-07-15T20:59:47.453891,2026-07-15T20:59:47.466704+00:00,66.0,8,bid,,,5440710
2026-07-15T20:59:47.526370,2026-07-15T20:59:47.530788+00:00,66.1,21,ask,,,5440714
2026-07-15T20:59:48.156278,2026-07-15T20:59:48.161181+00:00,66.1,500,ask,,,5440726
2026-07-15T20:59:48.760121,2026-07-15T20:59:48.770240+00:00,66.1,96,ask,,,5440733
2026-07-15T20:59:48.808246,2026-07-15T20:59:48.812894+00:00,66.1,31,bid,,,5440737
2026-07-15T20:59:48.812189,2026-07-15T20:59:48.835421+00:00,66.0,200,ask,,,5440738
2026-07-15T20:59:48.822453,2026-07-15T20:59:48.835421+00:00,65.9,14,bid,,,5440740
2026-07-15T20:59:48.826411,2026-07-15T20:59:48.835421+00:00,65.9,16,bid,,,5440741
2026-07-15T20:59:48.874408,2026-07-15T20:59:48.879433+00:00,65.9,6,bid,,,5440747
2026-07-15T20:59:49.657011,2026-07-15T20:59:49.659004+00:00,65.9,200,bid,,,5440757
2026-07-15T20:59:50.124481,2026-07-15T20:59:50.135253+00:00,65.9,66,bid,,,5440764
2026-07-15T20:59:50.124481,2026-07-15T20:59:50.135253+00:00,65.9,22,bid,,,5440765
2026-07-15T20:59:50.124481,2026-07-15T20:59:50.135253+00:00,65.9,14,bid,,,5440766
2026-07-15T20:59:50.124481,2026-07-15T20:59:50.135253+00:00,65.9,10,bid,,,5440767
2026-07-15T20:59:50.124481,2026-07-15T20:59:50.135253+00:00,66.0,200,bid,,,5440768
2026-07-15T20:59:50.141510,2026-07-15T20:59:50.145828+00:00,66.0,14,ask,,,5440769
2026-07-15T20:59:50.870780,2026-07-15T20:59:50.877108+00:00,66.0,200,ask,,,5440780
2026-07-15T20:59:51.454945,2026-07-15T20:59:51.473820+00:00,65.8,200,ask,,,5440798
2026-07-15T20:59:51.462879,2026-07-15T20:59:51.473820+00:00,65.8,25,bid,,,5440799
2026-07-15T20:59:51.531268,2026-07-15T20:59:51.538093+00:00,65.8,19,bid,,,5440806
2026-07-15T20:59:52.076662,2026-07-15T20:59:52.085906+00:00,65.8,200,bid,,,5440813
2026-07-15T20:59:52.774798,2026-07-15T20:59:52.793965+00:00,65.8,10,bid,,,5440823
2026-07-15T20:59:53.514660,2026-07-15T20:59:53.516863+00:00,66.0,20,bid,,,5440850
2026-07-15T20:59:54.091906,2026-07-15T20:59:54.103698+00:00,65.9,200,ask,,,5440857
2026-07-15T20:59:54.091906,2026-07-15T20:59:54.103698+00:00,65.9,35,ask,,,5440858
2026-07-15T20:59:54.091906,2026-07-15T20:59:54.103698+00:00,65.9,10,ask,,,5440859
2026-07-15T20:59:54.166678,2026-07-15T20:59:54.177191+00:00,65.9,15,bid,,,5440861
2026-07-15T20:59:54.451038,2026-07-15T20:59:54.461062+00:00,65.9,20,bid,,,5440867
2026-07-15T20:59:54.786067,2026-07-15T20:59:54.787513+00:00,65.9,30,bid,,,5440874
2026-07-15T20:59:55.432328,2026-07-15T20:59:55.440876+00:00,65.9,5,bid,,,5440883
2026-07-15T20:59:55.726813,2026-07-15T20:59:55.733754+00:00,65.8,200,ask,,,5440887
2026-07-15T20:59:56.058043,2026-07-15T20:59:56.070136+00:00,65.9,7,bid,,,5440893
2026-07-15T20:59:56.480634,2026-07-15T20:59:56.483858+00:00,65.9,5,bid,,,5440899
2026-07-15T20:59:56.555549,2026-07-15T20:59:56.558219+00:00,65.9,7,bid,,,5440904
2026-07-15T20:59:56.764885,2026-07-15T20:59:56.777536+00:00,65.8,500,ask,,,5440905
2026-07-15T20:59:56.854561,2026-07-15T20:59:56.862597+00:00,65.7,25,bid,,,5440913
2026-07-15T20:59:56.961598,2026-07-15T20:59:56.968795+00:00,65.7,44,bid,,,5440915
2026-07-15T20:59:57.248719,2026-07-15T20:59:57.259404+00:00,65.7,56,bid,,,5440918
2026-07-15T20:59:57.248719,2026-07-15T20:59:57.259404+00:00,65.7,10,bid,,,5440919
2026-07-15T20:59:57.248719,2026-07-15T20:59:57.259404+00:00,65.7,80,bid,,,5440920
2026-07-15T20:59:57.248719,2026-07-15T20:59:57.259404+00:00,65.8,200,bid,,,5440921
2026-07-15T20:59:58.143658,2026-07-15T20:59:58.147158+00:00,65.8,80,ask,,,5440941
2026-07-15T20:59:58.143658,2026-07-15T20:59:58.147158+00:00,65.8,120,ask,,,5440942
2026-07-15T20:59:58.227983,2026-07-15T20:59:58.231298+00:00,65.8,2,ask,,,5440943
2026-07-15T20:59:58.233699,2026-07-15T20:59:58.241838+00:00,65.8,10,ask,,,5440944
2026-07-15T20:59:59.261446,2026-07-15T20:59:59.265628+00:00,66.0,2,bid,,,5440955
