timestamp,recv_time,price,volume,aggressor_side,buyer,seller,trade_id
2026-07-07T03:00:00.256753,2026-07-07T03:00:00.245038+00:00,164.3,500,ask,,,10271388
2026-07-07T03:00:00.280210,2026-07-07T03:00:00.245038+00:00,164.3,125,ask,,,10271390
2026-07-07T03:00:05.119133,2026-07-07T03:00:05.127338+00:00,164.4,200,bid,,,10271450
2026-07-07T03:00:06.326766,2026-07-07T03:00:06.336801+00:00,164.4,200,bid,,,10271470
2026-07-07T03:00:07.537831,2026-07-07T03:00:07.548230+00:00,164.4,200,ask,,,10271485
2026-07-07T03:00:13.355966,2026-07-07T03:00:13.363690+00:00,164.4,200,bid,,,10271553
2026-07-07T03:00:15.977491,2026-07-07T03:00:15.984540+00:00,164.4,500,ask,,,10271581
2026-07-07T03:00:19.629999,2026-07-07T03:00:19.640021+00:00,164.3,200,ask,,,10271613
2026-07-07T03:00:19.648761,2026-07-07T03:00:19.650276+00:00,164.3,200,bid,,,10271614
2026-07-07T03:00:21.053720,2026-07-07T03:00:21.057594+00:00,164.1,20,ask,,,10271633
2026-07-07T03:00:21.231424,2026-07-07T03:00:21.240035+00:00,164.3,500,bid,,,10271635
2026-07-07T03:00:21.426149,2026-07-07T03:00:21.435386+00:00,164.3,125,ask,,,10271638
2026-07-07T03:00:27.777979,2026-07-07T03:00:27.786869+00:00,164.2,200,ask,,,10271706
2026-07-07T03:00:31.745493,2026-07-07T03:00:31.750000+00:00,164.2,6,bid,,,10271759
2026-07-07T03:00:32.971693,2026-07-07T03:00:32.980755+00:00,164.2,200,bid,,,10271772
2026-07-07T03:00:34.181054,2026-07-07T03:00:34.188426+00:00,164.3,200,bid,,,10271793
2026-07-07T03:00:40.798743,2026-07-07T03:00:40.806560+00:00,164.1,200,ask,,,10271889
2026-07-07T03:00:41.032716,2026-07-07T03:00:41.063038+00:00,164.1,20,bid,,,10271893
2026-07-07T03:00:42.873684,2026-07-07T03:00:42.881256+00:00,163.9,20,ask,,,10271916
2026-07-07T03:00:43.874217,2026-07-07T03:00:43.884483+00:00,163.9,200,ask,,,10271931
2026-07-07T03:00:44.547715,2026-07-07T03:00:44.559615+00:00,164.1,20,bid,,,10271936
2026-07-07T03:00:46.287147,2026-07-07T03:00:46.298320+00:00,164.0,200,bid,,,10271958
2026-07-07T03:00:47.494974,2026-07-07T03:00:47.503614+00:00,164.0,200,bid,,,10271968
2026-07-07T03:00:48.717945,2026-07-07T03:00:48.726216+00:00,164.0,200,bid,,,10271987
2026-07-07T03:00:49.831554,2026-07-07T03:00:49.843446+00:00,164.0,20,bid,,,10271999
2026-07-07T03:00:52.665790,2026-07-07T03:00:52.674618+00:00,163.8,200,ask,,,10272031
2026-07-07T03:00:57.364659,2026-07-07T03:00:57.368433+00:00,163.6,6,ask,,,10272084
2026-07-07T03:00:58.753109,2026-07-07T03:00:58.764608+00:00,163.8,20,ask,,,10272097
2026-07-07T03:00:59.623341,2026-07-07T03:00:59.631185+00:00,163.9,200,bid,,,10272108
2026-07-07T03:01:00.839449,2026-07-07T03:01:00.847393+00:00,163.8,200,bid,,,10272119
2026-07-07T03:01:03.169873,2026-07-07T03:01:03.179522+00:00,163.9,200,bid,,,10272144
2026-07-07T03:01:03.253862,2026-07-07T03:01:03.263890+00:00,164.0,200,ask,,,10272147
2026-07-07T03:01:04.459969,2026-07-07T03:01:04.470258+00:00,164.0,200,ask,,,10272158
2026-07-07T03:01:07.119365,2026-07-07T03:01:07.125738+00:00,163.9,200,ask,,,10272185
2026-07-07T03:01:08.088045,2026-07-07T03:01:08.096279+00:00,163.9,200,bid,,,10272206
2026-07-07T03:01:12.365416,2026-07-07T03:01:12.375404+00:00,163.8,200,bid,,,10272276
2026-07-07T03:01:15.336314,2026-07-07T03:01:15.342965+00:00,164.0,500,ask,,,10272324
2026-07-07T03:01:15.937524,2026-07-07T03:01:15.944386+00:00,164.0,125,ask,,,10272337
2026-07-07T03:01:15.937524,2026-07-07T03:01:15.949631+00:00,163.9,200,ask,,,10272338
2026-07-07T03:01:16.566598,2026-07-07T03:01:16.573973+00:00,164.0,200,bid,,,10272349
2026-07-07T03:01:18.927361,2026-07-07T03:01:18.938146+00:00,164.0,200,ask,,,10272383
2026-07-07T03:01:18.994642,2026-07-07T03:01:19.003769+00:00,164.0,200,bid,,,10272384
2026-07-07T03:01:20.235635,2026-07-07T03:01:20.243865+00:00,164.0,500,bid,,,10272402
2026-07-07T03:01:21.547451,2026-07-07T03:01:21.554849+00:00,163.9,200,ask,,,10272412
2026-07-07T03:01:22.616229,2026-07-07T03:01:22.626043+00:00,163.8,200,bid,,,10272430
2026-07-07T03:01:25.057022,2026-07-07T03:01:25.058598+00:00,163.9,200,bid,,,10272470
2026-07-07T03:01:28.099728,2026-07-07T03:01:28.106597+00:00,164.0,500,bid,,,10272501
2026-07-07T03:01:28.690002,2026-07-07T03:01:28.698940+00:00,164.0,125,ask,,,10272513
2026-07-07T03:01:34.655239,2026-07-07T03:01:34.663969+00:00,163.9,200,ask,,,10272616
2026-07-07T03:01:34.750447,2026-07-07T03:01:34.757549+00:00,163.7,200,ask,,,10272618
2026-07-07T03:01:37.147428,2026-07-07T03:01:37.148113+00:00,163.7,500,ask,,,10272647
2026-07-07T03:01:37.276186,2026-07-07T03:01:37.285094+00:00,163.5,200,ask,,,10272649
2026-07-07T03:01:42.520665,2026-07-07T03:01:42.530417+00:00,163.7,200,bid,,,10272728
2026-07-07T03:01:43.285544,2026-07-07T03:01:43.297563+00:00,163.8,20,bid,,,10272743
2026-07-07T03:01:46.227509,2026-07-07T03:01:46.238376+00:00,163.8,20,ask,,,10272789
2026-07-07T03:01:46.457731,2026-07-07T03:01:46.466380+00:00,164.0,200,bid,,,10272795
2026-07-07T03:01:46.457731,2026-07-07T03:01:46.466380+00:00,164.0,425,bid,,,10272796
2026-07-07T03:01:49.873291,2026-07-07T03:01:49.880611+00:00,163.8,20,ask,,,10272842
2026-07-07T03:01:53.007048,2026-07-07T03:01:53.018137+00:00,164.0,200,ask,,,10272886
2026-07-07T03:01:54.134336,2026-07-07T03:01:54.142559+00:00,164.0,200,bid,,,10272900
2026-07-07T03:01:54.315612,2026-07-07T03:01:54.327560+00:00,164.1,500,bid,,,10272901
2026-07-07T03:01:54.315612,2026-07-07T03:01:54.327560+00:00,164.2,125,bid,,,10272902
2026-07-07T03:01:54.326066,2026-07-07T03:01:54.338060+00:00,164.2,20,bid,,,10272903
2026-07-07T03:01:55.343349,2026-07-07T03:01:55.358959+00:00,164.0,200,bid,,,10272919
2026-07-07T03:01:55.628748,2026-07-07T03:01:55.638036+00:00,164.0,300,bid,,,10272924
2026-07-07T03:01:55.908965,2026-07-07T03:01:55.917072+00:00,164.0,325,ask,,,10272926
2026-07-07T03:01:56.552138,2026-07-07T03:01:56.558619+00:00,164.0,200,bid,,,10272933
2026-07-07T03:01:57.763607,2026-07-07T03:01:57.771263+00:00,163.8,200,bid,,,10272944
2026-07-07T03:01:58.324408,2026-07-07T03:01:58.364297+00:00,163.7,500,ask,,,10272954
2026-07-07T03:01:58.921358,2026-07-07T03:01:58.929210+00:00,163.7,125,ask,,,10272957
2026-07-07T03:01:58.972085,2026-07-07T03:01:58.981819+00:00,163.6,200,bid,,,10272958
2026-07-07T03:02:00.820718,2026-07-07T03:02:00.832480+00:00,163.8,20,bid,,,10272987
2026-07-07T03:02:01.387695,2026-07-07T03:02:01.395821+00:00,163.9,200,bid,,,10272994
2026-07-07T03:02:03.174684,2026-07-07T03:02:03.184932+00:00,163.7,500,ask,,,10273018
2026-07-07T03:02:05.290557,2026-07-07T03:02:05.302271+00:00,163.7,20,bid,,,10273043
2026-07-07T03:02:07.421731,2026-07-07T03:02:07.432237+00:00,163.5,200,ask,,,10273072
2026-07-07T03:02:07.440013,2026-07-07T03:02:07.458677+00:00,163.5,200,bid,,,10273073
2026-07-07T03:02:08.648921,2026-07-07T03:02:08.664022+00:00,163.5,200,bid,,,10273090
2026-07-07T03:02:11.763631,2026-07-07T03:02:11.775479+00:00,163.4,20,bid,,,10273135
2026-07-07T03:02:13.157783,2026-07-07T03:02:13.169567+00:00,163.3,20,bid,,,10273148
2026-07-07T03:02:13.277626,2026-07-07T03:02:13.281315+00:00,163.3,17,bid,,,10273152
2026-07-07T03:02:14.716920,2026-07-07T03:02:14.728198+00:00,163.3,200,ask,,,10273185
2026-07-07T03:02:15.982208,2026-07-07T03:02:15.987888+00:00,163.2,12,bid,,,10273197
2026-07-07T03:02:18.347444,2026-07-07T03:02:18.369629+00:00,163.2,200,ask,,,10273228
2026-07-07T03:02:18.399195,2026-07-07T03:02:18.458621+00:00,163.3,20,bid,,,10273231
2026-07-07T03:02:19.031195,2026-07-07T03:02:19.040622+00:00,163.3,20,bid,,,10273246
2026-07-07T03:02:19.557457,2026-07-07T03:02:19.569393+00:00,163.2,200,ask,,,10273247
2026-07-07T03:02:19.686779,2026-07-07T03:02:19.689972+00:00,163.3,22,bid,,,10273250
2026-07-07T03:02:20.765409,2026-07-07T03:02:20.774287+00:00,163.2,200,ask,,,10273263
2026-07-07T03:02:24.002612,2026-07-07T03:02:24.014508+00:00,163.4,20,bid,,,10273306
2026-07-07T03:02:24.954840,2026-07-07T03:02:24.953747+00:00,163.2,500,bid,,,10273320
2026-07-07T03:02:25.581429,2026-07-07T03:02:25.586413+00:00,163.2,125,bid,,,10273334
2026-07-07T03:02:33.160294,2026-07-07T03:02:33.172092+00:00,163.6,20,bid,,,10273402
2026-07-07T03:02:33.831916,2026-07-07T03:02:33.843743+00:00,163.6,20,bid,,,10273415
2026-07-07T03:02:35.331231,2026-07-07T03:02:35.340815+00:00,163.6,20,bid,,,10273434
2026-07-07T03:02:36.118856,2026-07-07T03:02:36.122878+00:00,163.5,11,ask,,,10273447
2026-07-07T03:02:36.291135,2026-07-07T03:02:36.300109+00:00,163.5,489,ask,,,10273450
2026-07-07T03:02:36.460939,2026-07-07T03:02:36.470475+00:00,163.5,136,bid,,,10273451
2026-07-07T03:02:36.527123,2026-07-07T03:02:36.530634+00:00,163.6,11,ask,,,10273453
2026-07-07T03:02:37.213964,2026-07-07T03:02:37.225590+00:00,163.9,20,bid,,,10273466
2026-07-07T03:02:37.737665,2026-07-07T03:02:37.745288+00:00,163.7,200,bid,,,10273470
2026-07-07T03:02:38.917133,2026-07-07T03:02:38.927649+00:00,163.7,425,bid,,,10273480
2026-07-07T03:02:38.954927,2026-07-07T03:02:38.958446+00:00,163.7,12,ask,,,10273485
2026-07-07T03:02:42.591594,2026-07-07T03:02:42.603075+00:00,163.6,200,ask,,,10273533
2026-07-07T03:02:43.135125,2026-07-07T03:02:43.143375+00:00,163.7,500,bid,,,10273536
2026-07-07T03:02:43.756857,2026-07-07T03:02:43.766248+00:00,163.7,125,bid,,,10273545
2026-07-07T03:02:43.779431,2026-07-07T03:02:43.782960+00:00,163.7,11,ask,,,10273547
2026-07-07T03:02:43.799978,2026-07-07T03:02:43.809046+00:00,163.7,200,ask,,,10273548
2026-07-07T03:02:44.393979,2026-07-07T03:02:44.398109+00:00,163.8,6,ask,,,10273562
2026-07-07T03:02:47.271889,2026-07-07T03:02:47.278237+00:00,163.9,20,bid,,,10273605
2026-07-07T03:02:54.690391,2026-07-07T03:02:54.697823+00:00,163.7,200,bid,,,10273706
2026-07-07T03:02:55.487262,2026-07-07T03:02:55.496311+00:00,163.6,20,ask,,,10273718
2026-07-07T03:02:55.987725,2026-07-07T03:02:55.999086+00:00,163.7,200,bid,,,10273725
2026-07-07T03:03:01.237862,2026-07-07T03:03:01.247732+00:00,163.9,200,bid,,,10273792
2026-07-07T03:03:01.840904,2026-07-07T03:03:01.858631+00:00,164.2,20,bid,,,10273802
2026-07-07T03:03:02.571266,2026-07-07T03:03:02.579826+00:00,164.1,200,bid,,,10273812
2026-07-07T03:03:03.073163,2026-07-07T03:03:03.084653+00:00,164.1,20,ask,,,10273821
2026-07-07T03:03:04.392005,2026-07-07T03:03:04.402311+00:00,164.2,200,bid,,,10273842
2026-07-07T03:03:06.812680,2026-07-07T03:03:06.822248+00:00,164.2,200,bid,,,10273870
2026-07-07T03:03:09.209021,2026-07-07T03:03:09.218077+00:00,164.2,500,ask,,,10273897
2026-07-07T03:03:10.412167,2026-07-07T03:03:10.432020+00:00,164.2,125,ask,,,10273914
2026-07-07T03:03:10.412167,2026-07-07T03:03:10.432020+00:00,164.1,200,ask,,,10273915
2026-07-07T03:03:10.428635,2026-07-07T03:03:10.432020+00:00,164.1,6,bid,,,10273917
2026-07-07T03:03:10.845912,2026-07-07T03:03:10.863852+00:00,163.9,20,ask,,,10273920
2026-07-07T03:03:11.033500,2026-07-07T03:03:11.037013+00:00,164.0,11,bid,,,10273925
2026-07-07T03:03:13.061013,2026-07-07T03:03:13.068668+00:00,163.9,200,ask,,,10273967
2026-07-07T03:03:13.074630,2026-07-07T03:03:13.078273+00:00,163.9,12,bid,,,10273969
2026-07-07T03:03:13.471840,2026-07-07T03:03:13.475251+00:00,163.6,23,ask,,,10273976
2026-07-07T03:03:14.068741,2026-07-07T03:03:14.080158+00:00,163.9,200,bid,,,10273989
2026-07-07T03:03:21.462057,2026-07-07T03:03:21.473850+00:00,163.8,20,bid,,,10274084
2026-07-07T03:03:24.799824,2026-07-07T03:03:24.811322+00:00,163.7,20,bid,,,10274115
2026-07-07T03:03:26.217337,2026-07-07T03:03:26.221233+00:00,163.6,11,bid,,,10274134
2026-07-07T03:03:27.512100,2026-07-07T03:03:27.521009+00:00,163.5,200,ask,,,10274154
2026-07-07T03:03:27.512100,2026-07-07T03:03:27.521009+00:00,163.4,425,ask,,,10274155
2026-07-07T03:03:27.892600,2026-07-07T03:03:27.900420+00:00,163.4,20,ask,,,10274161
2026-07-07T03:03:28.336595,2026-07-07T03:03:28.358666+00:00,163.8,20,bid,,,10274171
2026-07-07T03:03:29.769925,2026-07-07T03:03:29.778097+00:00,163.7,200,bid,,,10274187
2026-07-07T03:03:29.769925,2026-07-07T03:03:29.778097+00:00,163.7,300,bid,,,10274188
2026-07-07T03:03:29.810499,2026-07-07T03:03:29.818842+00:00,163.7,200,bid,,,10274190
2026-07-07T03:03:30.660318,2026-07-07T03:03:30.671717+00:00,163.8,20,ask,,,10274203
2026-07-07T03:03:31.022913,2026-07-07T03:03:31.030356+00:00,163.8,200,ask,,,10274210
2026-07-07T03:03:31.270816,2026-07-07T03:03:31.282755+00:00,163.8,20,ask,,,10274211
2026-07-07T03:03:32.756905,2026-07-07T03:03:32.763893+00:00,163.6,500,ask,,,10274229
2026-07-07T03:03:32.756905,2026-07-07T03:03:32.769348+00:00,163.6,125,ask,,,10274230
2026-07-07T03:03:33.464532,2026-07-07T03:03:33.468491+00:00,163.7,23,bid,,,10274245
2026-07-07T03:03:34.071886,2026-07-07T03:03:34.081272+00:00,163.7,177,bid,,,10274258
2026-07-07T03:03:35.738814,2026-07-07T03:03:35.750613+00:00,163.7,20,ask,,,10274272
2026-07-07T03:03:38.058737,2026-07-07T03:03:38.070455+00:00,163.6,20,ask,,,10274292
2026-07-07T03:03:39.319310,2026-07-07T03:03:39.329934+00:00,163.7,200,bid,,,10274305
2026-07-07T03:03:40.673914,2026-07-07T03:03:40.683246+00:00,163.7,500,bid,,,10274322
2026-07-07T03:03:41.267320,2026-07-07T03:03:41.274378+00:00,163.7,125,bid,,,10274329
2026-07-07T03:03:41.936342,2026-07-07T03:03:41.939549+00:00,163.9,34,bid,,,10274335
2026-07-07T03:03:44.864624,2026-07-07T03:03:44.873952+00:00,163.8,20,ask,,,10274373
2026-07-07T03:03:45.562667,2026-07-07T03:03:45.574185+00:00,163.8,200,ask,,,10274382
2026-07-07T03:03:45.896616,2026-07-07T03:03:45.900273+00:00,163.6,26,bid,,,10274384
2026-07-07T03:03:46.737204,2026-07-07T03:03:46.748294+00:00,163.6,500,bid,,,10274403
2026-07-07T03:03:47.964714,2026-07-07T03:03:47.974044+00:00,163.6,20,ask,,,10274418
2026-07-07T03:03:48.620906,2026-07-07T03:03:48.629976+00:00,163.8,20,bid,,,10274424
2026-07-07T03:03:49.190916,2026-07-07T03:03:49.200703+00:00,163.7,200,ask,,,10274433
2026-07-07T03:03:49.747459,2026-07-07T03:03:49.764190+00:00,163.8,500,bid,,,10274440
2026-07-07T03:03:50.398184,2026-07-07T03:03:50.407533+00:00,163.8,200,ask,,,10274448
2026-07-07T03:03:55.066986,2026-07-07T03:03:55.077599+00:00,163.7,200,bid,,,10274515
2026-07-07T03:03:58.864491,2026-07-07T03:03:58.875453+00:00,163.7,200,ask,,,10274563
2026-07-07T03:04:02.934820,2026-07-07T03:04:02.942147+00:00,163.8,200,ask,,,10274610
2026-07-07T03:04:05.553213,2026-07-07T03:04:05.558584+00:00,163.7,200,ask,,,10274648
2026-07-07T03:04:05.553213,2026-07-07T03:04:05.563822+00:00,163.7,425,ask,,,10274649
2026-07-07T03:04:06.112481,2026-07-07T03:04:06.116212+00:00,163.8,3,ask,,,10274661
2026-07-07T03:04:07.223202,2026-07-07T03:04:07.226975+00:00,163.8,11,ask,,,10274676
2026-07-07T03:04:09.480214,2026-07-07T03:04:09.490817+00:00,163.7,500,ask,,,10274697
2026-07-07T03:04:09.730079,2026-07-07T03:04:09.739127+00:00,163.7,125,bid,,,10274699
2026-07-07T03:04:09.767892,2026-07-07T03:04:09.778135+00:00,163.8,200,ask,,,10274701
2026-07-07T03:04:12.145981,2026-07-07T03:04:12.144046+00:00,163.9,200,bid,,,10274736
2026-07-07T03:04:12.145981,2026-07-07T03:04:12.144046+00:00,163.9,300,bid,,,10274737
2026-07-07T03:04:12.744541,2026-07-07T03:04:12.753125+00:00,163.8,200,bid,,,10274746
2026-07-07T03:04:12.744541,2026-07-07T03:04:12.753125+00:00,163.9,300,bid,,,10274747
2026-07-07T03:04:13.347095,2026-07-07T03:04:13.374551+00:00,163.9,25,bid,,,10274758
2026-07-07T03:04:13.370992,2026-07-07T03:04:13.374551+00:00,164.0,12,ask,,,10274760
2026-07-07T03:04:13.390478,2026-07-07T03:04:13.398756+00:00,164.0,200,ask,,,10274761
2026-07-07T03:04:13.402645,2026-07-07T03:04:13.409279+00:00,164.0,263,ask,,,10274763
2026-07-07T03:04:13.974880,2026-07-07T03:04:13.978970+00:00,163.9,11,ask,,,10274771
2026-07-07T03:04:14.602892,2026-07-07T03:04:14.612615+00:00,163.9,200,ask,,,10274776
2026-07-07T03:04:14.728198,2026-07-07T03:04:14.732611+00:00,164.0,12,ask,,,10274782
2026-07-07T03:04:15.807631,2026-07-07T03:04:15.811153+00:00,164.1,11,ask,,,10274795
2026-07-07T03:04:15.812747,2026-07-07T03:04:15.826855+00:00,164.1,200,ask,,,10274796
2026-07-07T03:04:17.019136,2026-07-07T03:04:17.027251+00:00,164.0,200,ask,,,10274816
2026-07-07T03:04:18.226483,2026-07-07T03:04:18.237043+00:00,164.1,200,ask,,,10274831
2026-07-07T03:04:18.991141,2026-07-07T03:04:18.999151+00:00,164.1,20,ask,,,10274840
2026-07-07T03:04:19.407937,2026-07-07T03:04:19.416348+00:00,164.2,500,bid,,,10274848
2026-07-07T03:04:19.433589,2026-07-07T03:04:19.442563+00:00,164.0,200,ask,,,10274850
2026-07-07T03:04:19.970743,2026-07-07T03:04:19.975040+00:00,164.2,23,ask,,,10274856
2026-07-07T03:04:20.672664,2026-07-07T03:04:20.679794+00:00,164.2,200,ask,,,10274869
2026-07-07T03:04:21.880059,2026-07-07T03:04:21.895539+00:00,164.2,200,ask,,,10274887
2026-07-07T03:04:23.087588,2026-07-07T03:04:23.095592+00:00,164.1,200,ask,,,10274895
2026-07-07T03:04:23.880968,2026-07-07T03:04:23.901418+00:00,164.1,500,ask,,,10274902
2026-07-07T03:04:23.897575,2026-07-07T03:04:23.901418+00:00,164.0,34,bid,,,10274904
2026-07-07T03:04:24.251020,2026-07-07T03:04:24.263675+00:00,164.0,91,bid,,,10274908
2026-07-07T03:04:24.865482,2026-07-07T03:04:24.874404+00:00,164.2,200,bid,,,10274919
2026-07-07T03:04:26.208941,2026-07-07T03:04:26.212610+00:00,164.1,22,ask,,,10274932
2026-07-07T03:04:27.821512,2026-07-07T03:04:27.825221+00:00,164.2,12,ask,,,10274949
2026-07-07T03:04:30.436180,2026-07-07T03:04:30.443259+00:00,164.2,200,bid,,,10274983
2026-07-07T03:04:30.454266,2026-07-07T03:04:30.458144+00:00,164.4,11,ask,,,10274985
2026-07-07T03:04:31.563634,2026-07-07T03:04:31.571357+00:00,164.4,200,ask,,,10274998
2026-07-07T03:04:33.963617,2026-07-07T03:04:33.974503+00:00,164.2,200,bid,,,10275041
2026-07-07T03:04:33.963617,2026-07-07T03:04:33.974503+00:00,164.2,300,bid,,,10275042
2026-07-07T03:04:34.371058,2026-07-07T03:04:34.377348+00:00,164.2,200,bid,,,10275047
2026-07-07T03:04:35.694107,2026-07-07T03:04:35.697328+00:00,164.3,6,ask,,,10275065
2026-07-07T03:04:35.766877,2026-07-07T03:04:35.777018+00:00,164.4,200,bid,,,10275066
2026-07-07T03:04:36.369709,2026-07-07T03:04:36.380341+00:00,164.6,500,bid,,,10275078
2026-07-07T03:04:36.517349,2026-07-07T03:04:36.529082+00:00,164.5,20,bid,,,10275082
2026-07-07T03:04:36.969544,2026-07-07T03:04:36.978204+00:00,164.5,180,bid,,,10275088
2026-07-07T03:04:38.830875,2026-07-07T03:04:38.840216+00:00,164.6,200,ask,,,10275122
2026-07-07T03:04:39.639553,2026-07-07T03:04:39.643292+00:00,164.6,6,bid,,,10275131
2026-07-07T03:04:42.024025,2026-07-07T03:04:42.027953+00:00,164.5,6,ask,,,10275155
2026-07-07T03:04:42.426804,2026-07-07T03:04:42.435983+00:00,164.6,500,bid,,,10275161
2026-07-07T03:04:42.466422,2026-07-07T03:04:42.474520+00:00,164.6,125,bid,,,10275162
2026-07-07T03:04:43.682896,2026-07-07T03:04:43.690454+00:00,164.7,200,ask,,,10275179
2026-07-07T03:04:44.887310,2026-07-07T03:04:44.895411+00:00,164.7,500,ask,,,10275195
2026-07-07T03:04:45.454597,2026-07-07T03:04:45.464096+00:00,164.7,125,bid,,,10275199
2026-07-07T03:04:45.454597,2026-07-07T03:04:45.464096+00:00,164.7,200,bid,,,10275200
2026-07-07T03:04:46.104858,2026-07-07T03:04:46.116003+00:00,164.7,200,ask,,,10275207
2026-07-07T03:04:47.312002,2026-07-07T03:04:47.322308+00:00,164.8,200,ask,,,10275229
2026-07-07T03:04:48.450099,2026-07-07T03:04:48.464054+00:00,164.8,20,ask,,,10275244
2026-07-07T03:04:53.375882,2026-07-07T03:04:53.385515+00:00,165.0,200,ask,,,10275318
2026-07-07T03:04:54.617792,2026-07-07T03:04:54.621725+00:00,165.1,6,bid,,,10275339
2026-07-07T03:04:55.384797,2026-07-07T03:04:55.388652+00:00,165.0,11,bid,,,10275346
2026-07-07T03:05:00.639042,2026-07-07T03:05:00.658812+00:00,164.7,200,ask,,,10275400
2026-07-07T03:05:01.849871,2026-07-07T03:05:01.864266+00:00,164.8,200,ask,,,10275414
2026-07-07T03:05:03.201435,2026-07-07T03:05:03.211885+00:00,164.7,20,ask,,,10275431
2026-07-07T03:05:03.605679,2026-07-07T03:05:03.617220+00:00,164.7,20,ask,,,10275438
2026-07-07T03:05:03.632136,2026-07-07T03:05:03.643658+00:00,164.8,200,bid,,,10275441
2026-07-07T03:05:04.020401,2026-07-07T03:05:04.032365+00:00,164.8,20,ask,,,10275447
2026-07-07T03:05:05.475534,2026-07-07T03:05:05.484170+00:00,165.1,200,bid,,,10275461
2026-07-07T03:05:05.878422,2026-07-07T03:05:05.882066+00:00,165.0,11,ask,,,10275466
2026-07-07T03:05:06.610787,2026-07-07T03:05:06.621493+00:00,165.0,20,ask,,,10275473
2026-07-07T03:05:06.703891,2026-07-07T03:05:06.708132+00:00,165.2,6,ask,,,10275478
2026-07-07T03:05:08.486501,2026-07-07T03:05:08.495738+00:00,165.2,200,bid,,,10275501
2026-07-07T03:05:09.112216,2026-07-07T03:05:09.122067+00:00,165.3,200,ask,,,10275509
2026-07-07T03:05:09.805282,2026-07-07T03:05:09.816267+00:00,165.1,20,ask,,,10275513
2026-07-07T03:05:11.763094,2026-07-07T03:05:11.772642+00:00,165.1,20,ask,,,10275534
2026-07-07T03:05:14.327051,2026-07-07T03:05:14.333832+00:00,165.1,20,bid,,,10275566
2026-07-07T03:05:15.175043,2026-07-07T03:05:15.184652+00:00,165.0,200,ask,,,10275574
2026-07-07T03:05:17.598859,2026-07-07T03:05:17.607627+00:00,165.0,200,ask,,,10275597
2026-07-07T03:05:18.830016,2026-07-07T03:05:18.841512+00:00,164.8,20,ask,,,10275614
2026-07-07T03:05:19.375305,2026-07-07T03:05:19.385246+00:00,164.9,200,bid,,,10275617
2026-07-07T03:05:20.015143,2026-07-07T03:05:20.021775+00:00,164.9,200,ask,,,10275628
2026-07-07T03:05:21.208178,2026-07-07T03:05:21.216918+00:00,165.0,500,bid,,,10275640
2026-07-07T03:05:21.621730,2026-07-07T03:05:21.629046+00:00,165.0,200,bid,,,10275642
2026-07-07T03:05:22.341241,2026-07-07T03:05:22.352970+00:00,165.1,20,ask,,,10275654
2026-07-07T03:05:25.572540,2026-07-07T03:05:25.579572+00:00,165.1,200,ask,,,10275691
2026-07-07T03:05:28.513974,2026-07-07T03:05:28.521234+00:00,164.9,20,ask,,,10275735
2026-07-07T03:05:30.925984,2026-07-07T03:05:30.936818+00:00,165.0,200,bid,,,10275773
2026-07-07T03:05:31.845345,2026-07-07T03:05:31.856729+00:00,164.8,20,ask,,,10275784
2026-07-07T03:05:34.720931,2026-07-07T03:05:34.732915+00:00,164.8,20,ask,,,10275819
2026-07-07T03:05:36.985244,2026-07-07T03:05:36.994241+00:00,164.9,200,ask,,,10275850
2026-07-07T03:05:47.872040,2026-07-07T03:05:47.879599+00:00,164.9,200,ask,,,10276006
2026-07-07T03:05:51.442139,2026-07-07T03:05:51.458614+00:00,164.7,20,ask,,,10276058
2026-07-07T03:05:54.439324,2026-07-07T03:05:54.458618+00:00,164.8,200,ask,,,10276101
2026-07-07T03:05:57.628817,2026-07-07T03:05:57.636366+00:00,164.6,20,ask,,,10276152
2026-07-07T03:05:58.792852,2026-07-07T03:05:58.803981+00:00,164.7,200,bid,,,10276171
2026-07-07T03:06:00.001199,2026-07-07T03:06:00.010292+00:00,164.7,200,bid,,,10276182
2026-07-07T03:06:01.208925,2026-07-07T03:06:01.217844+00:00,164.8,200,bid,,,10276195
2026-07-07T03:06:03.645510,2026-07-07T03:06:03.658534+00:00,164.9,200,bid,,,10276224
2026-07-07T03:06:06.275930,2026-07-07T03:06:06.282705+00:00,164.9,200,ask,,,10276262
2026-07-07T03:06:07.272180,2026-07-07T03:06:07.282753+00:00,164.7,200,bid,,,10276278
2026-07-07T03:06:08.481650,2026-07-07T03:06:08.490339+00:00,164.7,200,bid,,,10276293
2026-07-07T03:06:09.690200,2026-07-07T03:06:09.700447+00:00,164.6,200,bid,,,10276311
2026-07-07T03:06:12.826171,2026-07-07T03:06:12.834493+00:00,164.7,200,ask,,,10276341
2026-07-07T03:06:15.750705,2026-07-07T03:06:15.758594+00:00,164.8,200,bid,,,10276379
2026-07-07T03:06:18.625932,2026-07-07T03:06:18.637450+00:00,165.0,20,bid,,,10276415
2026-07-07T03:06:20.388813,2026-07-07T03:06:20.398060+00:00,164.8,20,ask,,,10276438
2026-07-07T03:06:22.010318,2026-07-07T03:06:22.018589+00:00,165.0,500,bid,,,10276456
2026-07-07T03:06:22.375455,2026-07-07T03:06:22.386484+00:00,165.0,125,ask,,,10276460
2026-07-07T03:06:23.318240,2026-07-07T03:06:23.364244+00:00,164.8,200,ask,,,10276478
2026-07-07T03:06:24.215708,2026-07-07T03:06:24.225755+00:00,164.8,200,bid,,,10276491
2026-07-07T03:06:25.933400,2026-07-07T03:06:25.942592+00:00,164.8,500,bid,,,10276512
2026-07-07T03:06:26.631314,2026-07-07T03:06:26.637711+00:00,164.8,125,ask,,,10276524
2026-07-07T03:06:27.245221,2026-07-07T03:06:27.258602+00:00,164.6,200,ask,,,10276530
2026-07-07T03:06:29.858663,2026-07-07T03:06:29.870041+00:00,164.6,200,bid,,,10276557
2026-07-07T03:06:30.269850,2026-07-07T03:06:30.280306+00:00,164.7,200,ask,,,10276567
2026-07-07T03:06:33.798078,2026-07-07T03:06:33.801223+00:00,164.6,6,bid,,,10276609
2026-07-07T03:06:33.915732,2026-07-07T03:06:33.918910+00:00,164.5,11,bid,,,10276613
2026-07-07T03:06:38.472331,2026-07-07T03:06:38.493630+00:00,164.4,20,ask,,,10276683
2026-07-07T03:06:39.059955,2026-07-07T03:06:39.069722+00:00,164.5,200,bid,,,10276695
2026-07-07T03:06:41.168326,2026-07-07T03:06:41.178175+00:00,164.6,200,bid,,,10276723
2026-07-07T03:06:41.697699,2026-07-07T03:06:41.701153+00:00,164.4,12,bid,,,10276730
2026-07-07T03:06:42.393997,2026-07-07T03:06:42.402602+00:00,164.4,200,bid,,,10276743
2026-07-07T03:06:43.604546,2026-07-07T03:06:43.612322+00:00,164.6,200,bid,,,10276758
2026-07-07T03:06:44.971662,2026-07-07T03:06:44.983169+00:00,164.7,20,bid,,,10276776
2026-07-07T03:06:49.004437,2026-07-07T03:06:49.011089+00:00,164.7,200,ask,,,10276819
2026-07-07T03:06:49.560463,2026-07-07T03:06:49.569075+00:00,164.7,300,bid,,,10276825
2026-07-07T03:06:49.600545,2026-07-07T03:06:49.608186+00:00,164.7,325,ask,,,10276827
2026-07-07T03:06:49.679808,2026-07-07T03:06:49.688945+00:00,164.7,175,bid,,,10276828
2026-07-07T03:06:50.203052,2026-07-07T03:06:50.210415+00:00,164.7,25,ask,,,10276837
2026-07-07T03:06:51.725634,2026-07-07T03:06:51.729142+00:00,164.7,34,bid,,,10276858
2026-07-07T03:06:53.309109,2026-07-07T03:06:53.363673+00:00,164.7,200,bid,,,10276880
2026-07-07T03:06:53.697845,2026-07-07T03:06:53.709593+00:00,164.7,20,bid,,,10276884
2026-07-07T03:06:53.867618,2026-07-07T03:06:53.871058+00:00,164.6,11,bid,,,10276887
2026-07-07T03:06:54.519898,2026-07-07T03:06:54.527115+00:00,164.7,200,bid,,,10276894
2026-07-07T03:06:55.728992,2026-07-07T03:06:55.737222+00:00,164.8,200,bid,,,10276908
2026-07-07T03:06:56.940306,2026-07-07T03:06:56.951504+00:00,164.8,200,bid,,,10276919
2026-07-07T03:06:58.151031,2026-07-07T03:06:58.163914+00:00,164.8,200,bid,,,10276935
2026-07-07T03:07:01.134767,2026-07-07T03:07:01.142872+00:00,164.8,20,bid,,,10276972
2026-07-07T03:07:01.371512,2026-07-07T03:07:01.377894+00:00,164.7,200,ask,,,10276977
2026-07-07T03:07:06.618334,2026-07-07T03:07:06.625593+00:00,164.6,200,bid,,,10277043
2026-07-07T03:07:09.583777,2026-07-07T03:07:09.593754+00:00,164.6,500,ask,,,10277083
2026-07-07T03:07:09.601695,2026-07-07T03:07:09.609696+00:00,164.6,20,ask,,,10277086
2026-07-07T03:07:10.270431,2026-07-07T03:07:10.279164+00:00,164.7,200,bid,,,10277095
2026-07-07T03:07:11.480011,2026-07-07T03:07:11.486886+00:00,164.6,200,bid,,,10277115
2026-07-07T03:07:13.216320,2026-07-07T03:07:13.226384+00:00,164.6,200,ask,,,10277137
2026-07-07T03:07:13.898703,2026-07-07T03:07:13.905608+00:00,164.6,200,bid,,,10277142
2026-07-07T03:07:14.427773,2026-07-07T03:07:14.434723+00:00,164.5,500,ask,,,10277149
2026-07-07T03:07:15.109895,2026-07-07T03:07:15.118610+00:00,164.4,200,bid,,,10277156
2026-07-07T03:07:16.318119,2026-07-07T03:07:16.326220+00:00,164.4,200,bid,,,10277169
2026-07-07T03:07:17.539681,2026-07-07T03:07:17.543662+00:00,164.3,11,ask,,,10277181
2026-07-07T03:07:20.890058,2026-07-07T03:07:20.893768+00:00,164.2,23,ask,,,10277231
2026-07-07T03:07:21.034754,2026-07-07T03:07:21.042195+00:00,164.2,177,ask,,,10277233
2026-07-07T03:07:21.159146,2026-07-07T03:07:21.169126+00:00,164.2,200,bid,,,10277235
2026-07-07T03:07:21.636465,2026-07-07T03:07:21.647466+00:00,164.0,20,ask,,,10277245
2026-07-07T03:07:22.341697,2026-07-07T03:07:22.381647+00:00,164.4,500,bid,,,10277254
2026-07-07T03:07:22.374422,2026-07-07T03:07:22.381647+00:00,164.4,125,ask,,,10277258
2026-07-07T03:07:28.906271,2026-07-07T03:07:28.909518+00:00,164.2,11,bid,,,10277343
2026-07-07T03:07:32.936360,2026-07-07T03:07:32.939688+00:00,164.1,11,ask,,,10277403
2026-07-07T03:07:34.141857,2026-07-07T03:07:34.145249+00:00,164.1,200,ask,,,10277416
2026-07-07T03:07:34.482701,2026-07-07T03:07:34.489222+00:00,164.0,200,bid,,,10277420
2026-07-07T03:07:38.072592,2026-07-07T03:07:38.080678+00:00,164.1,200,bid,,,10277471
2026-07-07T03:07:38.091684,2026-07-07T03:07:38.095530+00:00,164.1,11,ask,,,10277473
2026-07-07T03:07:39.275172,2026-07-07T03:07:39.284970+00:00,164.3,20,bid,,,10277492
2026-07-07T03:07:41.774078,2026-07-07T03:07:41.777839+00:00,164.1,11,bid,,,10277523
2026-07-07T03:07:44.167132,2026-07-07T03:07:44.174126+00:00,164.0,200,ask,,,10277556
2026-07-07T03:07:47.812007,2026-07-07T03:07:47.815629+00:00,164.0,11,ask,,,10277591
2026-07-07T03:07:48.537357,2026-07-07T03:07:48.563816+00:00,164.0,189,ask,,,10277599
2026-07-07T03:07:49.846794,2026-07-07T03:07:49.863780+00:00,163.9,200,ask,,,10277618
2026-07-07T03:07:49.846794,2026-07-07T03:07:49.863780+00:00,163.9,425,ask,,,10277619
2026-07-07T03:07:50.222476,2026-07-07T03:07:50.233054+00:00,163.9,200,ask,,,10277623
2026-07-07T03:07:51.432271,2026-07-07T03:07:51.440261+00:00,164.1,200,ask,,,10277645
2026-07-07T03:07:52.641823,2026-07-07T03:07:52.658580+00:00,164.0,200,ask,,,10277670
2026-07-07T03:07:53.864166,2026-07-07T03:07:53.867916+00:00,164.1,11,bid,,,10277692
2026-07-07T03:07:55.078246,2026-07-07T03:07:55.081967+00:00,164.0,11,ask,,,10277716
2026-07-07T03:07:55.109766,2026-07-07T03:07:55.117445+00:00,164.2,200,bid,,,10277717
2026-07-07T03:07:55.128402,2026-07-07T03:07:55.132372+00:00,164.2,23,ask,,,10277719
2026-07-07T03:07:56.274198,2026-07-07T03:07:56.285463+00:00,164.2,200,ask,,,10277737
2026-07-07T03:07:58.178425,2026-07-07T03:07:58.182112+00:00,164.3,23,bid,,,10277771
2026-07-07T03:08:00.344382,2026-07-07T03:08:00.353814+00:00,164.3,200,bid,,,10277798
2026-07-07T03:08:01.116141,2026-07-07T03:08:01.126734+00:00,164.3,200,ask,,,10277807
2026-07-07T03:08:05.288817,2026-07-07T03:08:05.295239+00:00,164.1,500,ask,,,10277858
2026-07-07T03:08:05.522969,2026-07-07T03:08:05.534514+00:00,164.1,20,ask,,,10277865
2026-07-07T03:08:05.641688,2026-07-07T03:08:05.658644+00:00,164.1,200,ask,,,10277867
2026-07-07T03:08:05.959487,2026-07-07T03:08:05.967011+00:00,164.0,200,bid,,,10277868
2026-07-07T03:08:06.950264,2026-07-07T03:08:06.956943+00:00,164.0,500,bid,,,10277884
2026-07-07T03:08:07.089562,2026-07-07T03:08:07.099316+00:00,164.0,125,ask,,,10277886
2026-07-07T03:08:07.701375,2026-07-07T03:08:07.712559+00:00,163.9,200,ask,,,10277895
2026-07-07T03:08:08.381391,2026-07-07T03:08:08.389640+00:00,163.8,200,bid,,,10277904
2026-07-07T03:08:08.923288,2026-07-07T03:08:08.926848+00:00,163.7,11,bid,,,10277913
2026-07-07T03:08:10.799534,2026-07-07T03:08:10.809238+00:00,163.8,200,bid,,,10277942
2026-07-07T03:08:10.901401,2026-07-07T03:08:10.904838+00:00,163.5,23,ask,,,10277945
2026-07-07T03:08:12.008327,2026-07-07T03:08:12.019824+00:00,163.7,200,bid,,,10277967
2026-07-07T03:08:13.218644,2026-07-07T03:08:13.229215+00:00,163.6,200,bid,,,10277984
2026-07-07T03:08:14.801346,2026-07-07T03:08:14.811696+00:00,163.6,500,bid,,,10278007
2026-07-07T03:08:14.949619,2026-07-07T03:08:14.957607+00:00,163.6,125,ask,,,10278008
2026-07-07T03:08:20.479690,2026-07-07T03:08:20.490792+00:00,163.4,200,ask,,,10278083
2026-07-07T03:08:22.212288,2026-07-07T03:08:22.222230+00:00,163.6,20,bid,,,10278108
2026-07-07T03:08:25.714883,2026-07-07T03:08:25.723875+00:00,163.3,20,ask,,,10278146
2026-07-07T03:08:26.574214,2026-07-07T03:08:26.584993+00:00,163.3,200,bid,,,10278154
2026-07-07T03:08:33.060251,2026-07-07T03:08:33.063771+00:00,163.4,17,ask,,,10278233
2026-07-07T03:08:33.752098,2026-07-07T03:08:33.763814+00:00,163.5,20,bid,,,10278249
2026-07-07T03:08:34.556021,2026-07-07T03:08:34.567676+00:00,163.5,20,bid,,,10278264
2026-07-07T03:08:38.643991,2026-07-07T03:08:38.651462+00:00,163.6,200,bid,,,10278316
2026-07-07T03:08:41.061234,2026-07-07T03:08:41.068358+00:00,163.6,200,bid,,,10278343
2026-07-07T03:08:42.270840,2026-07-07T03:08:42.280996+00:00,163.5,200,bid,,,10278358
2026-07-07T03:08:43.481804,2026-07-07T03:08:43.489827+00:00,163.5,200,bid,,,10278377
2026-07-07T03:08:46.240596,2026-07-07T03:08:46.247105+00:00,163.5,200,ask,,,10278406
2026-07-07T03:08:47.112621,2026-07-07T03:08:47.120684+00:00,163.4,200,bid,,,10278421
2026-07-07T03:08:50.942704,2026-07-07T03:08:50.958548+00:00,163.5,20,bid,,,10278467
2026-07-07T03:08:54.113171,2026-07-07T03:08:54.124082+00:00,163.4,200,bid,,,10278516
2026-07-07T03:08:58.027552,2026-07-07T03:08:58.035461+00:00,163.6,200,bid,,,10278563
2026-07-07T03:08:59.159395,2026-07-07T03:08:59.169532+00:00,163.5,500,ask,,,10278583
2026-07-07T03:09:02.865609,2026-07-07T03:09:02.874487+00:00,163.4,200,bid,,,10278634
2026-07-07T03:09:03.083170,2026-07-07T03:09:03.090957+00:00,163.1,20,ask,,,10278639
2026-07-07T03:09:04.637278,2026-07-07T03:09:04.641651+00:00,163.4,17,bid,,,10278658
2026-07-07T03:09:05.247833,2026-07-07T03:09:05.251519+00:00,163.4,12,bid,,,10278667
2026-07-07T03:09:05.286202,2026-07-07T03:09:05.294899+00:00,163.4,200,bid,,,10278668
2026-07-07T03:09:05.446972,2026-07-07T03:09:05.455262+00:00,163.2,20,ask,,,10278673
2026-07-07T03:09:05.934337,2026-07-07T03:09:05.943756+00:00,163.4,500,bid,,,10278681
2026-07-07T03:09:06.085859,2026-07-07T03:09:06.096765+00:00,163.7,20,bid,,,10278686
2026-07-07T03:09:06.433341,2026-07-07T03:09:06.436742+00:00,163.5,11,bid,,,10278693
2026-07-07T03:09:06.511695,2026-07-07T03:09:06.518481+00:00,163.4,20,ask,,,10278694
2026-07-07T03:09:07.246418,2026-07-07T03:09:07.262850+00:00,163.4,200,ask,,,10278698
2026-07-07T03:09:07.360950,2026-07-07T03:09:07.372619+00:00,163.1,3,ask,,,10278701
2026-07-07T03:09:07.864957,2026-07-07T03:09:07.869034+00:00,163.3,11,ask,,,10278714
2026-07-07T03:09:08.834247,2026-07-07T03:09:08.844797+00:00,163.3,189,ask,,,10278726
2026-07-07T03:09:08.834247,2026-07-07T03:09:08.844797+00:00,163.2,311,ask,,,10278727
2026-07-07T03:09:08.929635,2026-07-07T03:09:08.933510+00:00,163.4,12,ask,,,10278730
2026-07-07T03:09:09.430831,2026-07-07T03:09:09.442316+00:00,163.4,188,ask,,,10278740
2026-07-07T03:09:11.331835,2026-07-07T03:09:11.339249+00:00,163.3,200,bid,,,10278762
2026-07-07T03:09:12.903085,2026-07-07T03:09:12.914760+00:00,163.1,20,ask,,,10278785
2026-07-07T03:09:13.749285,2026-07-07T03:09:13.756012+00:00,163.1,200,ask,,,10278794
2026-07-07T03:09:14.957513,2026-07-07T03:09:14.969074+00:00,163.2,200,ask,,,10278811
2026-07-07T03:09:16.164711,2026-07-07T03:09:16.174471+00:00,163.3,200,ask,,,10278819
2026-07-07T03:09:17.192002,2026-07-07T03:09:17.203690+00:00,163.5,20,bid,,,10278844
2026-07-07T03:09:17.371305,2026-07-07T03:09:17.379520+00:00,163.2,200,ask,,,10278847
2026-07-07T03:09:18.626985,2026-07-07T03:09:18.635226+00:00,163.4,20,bid,,,10278864
2026-07-07T03:09:19.052983,2026-07-07T03:09:19.056591+00:00,163.3,12,bid,,,10278866
2026-07-07T03:09:19.263129,2026-07-07T03:09:19.270522+00:00,163.3,20,bid,,,10278869
2026-07-07T03:09:19.280509,2026-07-07T03:09:19.296384+00:00,163.1,20,ask,,,10278871
2026-07-07T03:09:19.479688,2026-07-07T03:09:19.490452+00:00,163.1,12,ask,,,10278875
2026-07-07T03:09:20.349533,2026-07-07T03:09:20.360155+00:00,163.2,20,ask,,,10278883
2026-07-07T03:09:20.352464,2026-07-07T03:09:20.365426+00:00,163.3,500,bid,,,10278884
2026-07-07T03:09:20.940880,2026-07-07T03:09:20.948069+00:00,163.3,125,ask,,,10278897
2026-07-07T03:09:20.969051,2026-07-07T03:09:20.972960+00:00,163.3,11,bid,,,10278899
2026-07-07T03:09:21.007869,2026-07-07T03:09:21.015908+00:00,163.3,200,bid,,,10278900
2026-07-07T03:09:21.555084,2026-07-07T03:09:21.558966+00:00,163.2,11,bid,,,10278905
2026-07-07T03:09:22.164877,2026-07-07T03:09:22.168724+00:00,163.1,12,bid,,,10278920
2026-07-07T03:09:22.220203,2026-07-07T03:09:22.230274+00:00,163.1,200,bid,,,10278921
2026-07-07T03:09:22.475959,2026-07-07T03:09:22.484277+00:00,163.1,20,bid,,,10278925
2026-07-07T03:09:23.430465,2026-07-07T03:09:23.464300+00:00,163.1,200,bid,,,10278939
2026-07-07T03:09:23.669871,2026-07-07T03:09:23.673640+00:00,162.9,34,ask,,,10278945
2026-07-07T03:09:23.744285,2026-07-07T03:09:23.754500+00:00,162.9,20,ask,,,10278947
2026-07-07T03:09:24.300276,2026-07-07T03:09:24.304348+00:00,163.0,12,ask,,,10278955
2026-07-07T03:09:24.640972,2026-07-07T03:09:24.650708+00:00,163.1,200,bid,,,10278959
2026-07-07T03:09:25.066586,2026-07-07T03:09:25.074940+00:00,163.0,20,ask,,,10278966
2026-07-07T03:09:25.799875,2026-07-07T03:09:25.803231+00:00,163.1,12,bid,,,10278980
2026-07-07T03:09:25.849460,2026-07-07T03:09:25.859159+00:00,163.1,200,bid,,,10278981
2026-07-07T03:09:25.913018,2026-07-07T03:09:25.922328+00:00,163.0,12,ask,,,10278982
2026-07-07T03:09:26.757804,2026-07-07T03:09:26.769181+00:00,163.0,20,ask,,,10278997
2026-07-07T03:09:27.061203,2026-07-07T03:09:27.070833+00:00,163.2,200,bid,,,10279003
2026-07-07T03:09:27.221580,2026-07-07T03:09:27.232924+00:00,163.2,15,bid,,,10279007
2026-07-07T03:09:28.269804,2026-07-07T03:09:28.277317+00:00,163.2,200,bid,,,10279017
2026-07-07T03:09:28.814235,2026-07-07T03:09:28.824756+00:00,163.3,20,bid,,,10279029
2026-07-07T03:09:29.479964,2026-07-07T03:09:29.486849+00:00,163.1,200,ask,,,10279038
2026-07-07T03:09:30.517820,2026-07-07T03:09:30.529497+00:00,163.3,20,bid,,,10279056
2026-07-07T03:09:30.816055,2026-07-07T03:09:30.826950+00:00,163.0,20,ask,,,10279069
2026-07-07T03:09:33.383831,2026-07-07T03:09:33.392096+00:00,163.2,20,bid,,,10279118
2026-07-07T03:09:34.750276,2026-07-07T03:09:34.752240+00:00,163.2,200,bid,,,10279141
2026-07-07T03:09:39.570512,2026-07-07T03:09:39.579245+00:00,163.4,20,bid,,,10279211
2026-07-07T03:09:39.788935,2026-07-07T03:09:39.799105+00:00,163.2,20,ask,,,10279215
2026-07-07T03:09:42.773383,2026-07-07T03:09:42.780334+00:00,163.2,200,ask,,,10279260
2026-07-07T03:09:43.786083,2026-07-07T03:09:43.797824+00:00,163.5,20,bid,,,10279269
2026-07-07T03:09:45.554346,2026-07-07T03:09:45.565959+00:00,163.2,20,ask,,,10279294
2026-07-07T03:09:46.136647,2026-07-07T03:09:46.145616+00:00,163.3,20,bid,,,10279301
2026-07-07T03:09:47.642762,2026-07-07T03:09:47.650862+00:00,163.3,20,bid,,,10279322
2026-07-07T03:09:49.151329,2026-07-07T03:09:49.163949+00:00,163.2,200,bid,,,10279338
2026-07-07T03:09:50.038935,2026-07-07T03:09:50.049260+00:00,163.4,200,ask,,,10279354
2026-07-07T03:09:52.110243,2026-07-07T03:09:52.113819+00:00,163.4,11,bid,,,10279386
2026-07-07T03:09:53.598664,2026-07-07T03:09:53.607163+00:00,163.1,20,ask,,,10279410
2026-07-07T03:09:54.258120,2026-07-07T03:09:54.269084+00:00,163.4,20,bid,,,10279423
2026-07-07T03:09:54.687003,2026-07-07T03:09:54.694312+00:00,163.1,20,ask,,,10279432
2026-07-07T03:09:55.700423,2026-07-07T03:09:55.707165+00:00,163.2,200,bid,,,10279450
2026-07-07T03:09:55.742318,2026-07-07T03:09:55.750709+00:00,163.2,20,ask,,,10279451
2026-07-07T03:09:56.809991,2026-07-07T03:09:56.818085+00:00,163.2,20,ask,,,10279471
2026-07-07T03:09:57.092958,2026-07-07T03:09:57.104584+00:00,163.4,20,bid,,,10279475
2026-07-07T03:09:57.233054,2026-07-07T03:09:57.241220+00:00,163.1,8,ask,,,10279478
2026-07-07T03:09:57.861373,2026-07-07T03:09:57.868757+00:00,163.3,200,bid,,,10279487
2026-07-07T03:09:57.895798,2026-07-07T03:09:57.899457+00:00,163.3,11,ask,,,10279490
2026-07-07T03:09:58.320941,2026-07-07T03:09:58.369166+00:00,163.3,289,ask,,,10279494
2026-07-07T03:09:58.512137,2026-07-07T03:09:58.522538+00:00,163.3,200,bid,,,10279495
2026-07-07T03:09:59.032819,2026-07-07T03:09:59.036561+00:00,163.2,12,ask,,,10279511
2026-07-07T03:09:59.643650,2026-07-07T03:09:59.647479+00:00,163.3,11,ask,,,10279527
2026-07-07T03:10:00.319510,2026-07-07T03:10:00.324174+00:00,163.4,6,ask,,,10279533
2026-07-07T03:10:02.170974,2026-07-07T03:10:02.174526+00:00,163.4,6,bid,,,10279556
2026-07-07T03:10:02.250689,2026-07-07T03:10:02.263956+00:00,163.4,194,bid,,,10279557
2026-07-07T03:10:03.279711,2026-07-07T03:10:03.291809+00:00,163.7,20,bid,,,10279574
2026-07-07T03:10:03.349662,2026-07-07T03:10:03.364091+00:00,163.5,200,ask,,,10279578
2026-07-07T03:10:04.870843,2026-07-07T03:10:04.881932+00:00,163.3,200,ask,,,10279595
2026-07-07T03:10:07.919914,2026-07-07T03:10:07.924077+00:00,163.3,11,bid,,,10279636
2026-07-07T03:10:08.083225,2026-07-07T03:10:08.094046+00:00,163.3,20,bid,,,10279641
2026-07-07T03:10:09.354129,2026-07-07T03:10:09.358612+00:00,163.3,200,bid,,,10279657
2026-07-07T03:10:09.354129,2026-07-07T03:10:09.358612+00:00,163.3,300,bid,,,10279658
2026-07-07T03:10:09.543703,2026-07-07T03:10:09.532696+00:00,163.3,20,bid,,,10279660
2026-07-07T03:10:10.572757,2026-07-07T03:10:10.579289+00:00,163.4,20,bid,,,10279679
2026-07-07T03:10:11.630482,2026-07-07T03:10:11.634287+00:00,163.3,23,bid,,,10279689
2026-07-07T03:10:12.391721,2026-07-07T03:10:12.399398+00:00,163.3,500,bid,,,10279700
2026-07-07T03:10:12.733823,2026-07-07T03:10:12.752355+00:00,163.4,200,bid,,,10279704
2026-07-07T03:10:12.748522,2026-07-07T03:10:12.752355+00:00,163.6,20,ask,,,10279706
2026-07-07T03:10:12.924624,2026-07-07T03:10:12.932458+00:00,163.9,20,bid,,,10279711
2026-07-07T03:10:13.032253,2026-07-07T03:10:13.041859+00:00,163.6,200,ask,,,10279714
2026-07-07T03:10:14.248250,2026-07-07T03:10:14.251682+00:00,163.6,20,bid,,,10279728
2026-07-07T03:10:15.448834,2026-07-07T03:10:15.460217+00:00,163.7,200,bid,,,10279741
2026-07-07T03:10:15.683855,2026-07-07T03:10:15.693732+00:00,163.7,20,bid,,,10279745
2026-07-07T03:10:17.796896,2026-07-07T03:10:17.807560+00:00,163.6,20,ask,,,10279777
2026-07-07T03:10:20.597539,2026-07-07T03:10:20.606069+00:00,163.7,200,bid,,,10279824
2026-07-07T03:10:21.268195,2026-07-07T03:10:21.279961+00:00,163.9,20,bid,,,10279833
2026-07-07T03:10:21.512149,2026-07-07T03:10:21.522585+00:00,163.7,200,ask,,,10279839
2026-07-07T03:10:22.085047,2026-07-07T03:10:22.096026+00:00,163.5,20,ask,,,10279850
2026-07-07T03:10:23.978656,2026-07-07T03:10:23.988770+00:00,163.6,20,ask,,,10279866
2026-07-07T03:10:25.135335,2026-07-07T03:10:25.146203+00:00,163.8,200,bid,,,10279877
2026-07-07T03:10:25.704151,2026-07-07T03:10:25.713351+00:00,163.8,425,bid,,,10279880
2026-07-07T03:10:25.850512,2026-07-07T03:10:25.853944+00:00,164.0,23,ask,,,10279883
2026-07-07T03:10:26.335783,2026-07-07T03:10:26.342345+00:00,164.0,20,ask,,,10279891
2026-07-07T03:10:26.345013,2026-07-07T03:10:26.352799+00:00,164.0,200,ask,,,10279892
2026-07-07T03:10:28.205797,2026-07-07T03:10:28.217386+00:00,164.0,20,bid,,,10279917
2026-07-07T03:10:28.764325,2026-07-07T03:10:28.772787+00:00,163.9,200,ask,,,10279923
2026-07-07T03:10:29.977913,2026-07-07T03:10:29.984882+00:00,163.9,200,ask,,,10279945
2026-07-07T03:10:30.529161,2026-07-07T03:10:30.540159+00:00,163.9,20,ask,,,10279953
2026-07-07T03:10:31.175290,2026-07-07T03:10:31.189843+00:00,164.0,20,bid,,,10279962
2026-07-07T03:10:32.013188,2026-07-07T03:10:32.024806+00:00,164.0,20,bid,,,10279978
2026-07-07T03:10:34.794424,2026-07-07T03:10:34.802487+00:00,164.0,20,ask,,,10280018
2026-07-07T03:10:34.819440,2026-07-07T03:10:34.829075+00:00,164.0,200,ask,,,10280019
2026-07-07T03:10:36.046844,2026-07-07T03:10:36.056320+00:00,164.0,200,ask,,,10280034
2026-07-07T03:10:36.678343,2026-07-07T03:10:36.687966+00:00,164.0,20,bid,,,10280040
2026-07-07T03:10:39.667726,2026-07-07T03:10:39.675425+00:00,163.8,20,ask,,,10280086
2026-07-07T03:10:43.307016,2026-07-07T03:10:43.359348+00:00,163.8,200,ask,,,10280134
2026-07-07T03:10:47.488061,2026-07-07T03:10:47.496502+00:00,164.0,500,bid,,,10280194
2026-07-07T03:10:48.108237,2026-07-07T03:10:48.117456+00:00,164.0,200,bid,,,10280203
2026-07-07T03:10:48.717455,2026-07-07T03:10:48.725107+00:00,164.1,500,bid,,,10280205
2026-07-07T03:10:49.417583,2026-07-07T03:10:49.421275+00:00,164.1,11,ask,,,10280213
2026-07-07T03:10:51.125623,2026-07-07T03:10:51.137370+00:00,164.2,500,bid,,,10280246
2026-07-07T03:10:51.724735,2026-07-07T03:10:51.733551+00:00,164.2,125,bid,,,10280249
2026-07-07T03:10:51.724735,2026-07-07T03:10:51.733551+00:00,164.3,200,bid,,,10280250
2026-07-07T03:10:53.233739,2026-07-07T03:10:53.245428+00:00,164.5,20,bid,,,10280266
2026-07-07T03:10:55.381932,2026-07-07T03:10:55.391594+00:00,164.4,200,bid,,,10280288
2026-07-07T03:10:55.420682,2026-07-07T03:10:55.424392+00:00,164.4,6,ask,,,10280291
2026-07-07T03:10:56.343167,2026-07-07T03:10:56.363903+00:00,164.6,20,bid,,,10280300
2026-07-07T03:10:58.571150,2026-07-07T03:10:58.579220+00:00,164.4,500,ask,,,10280328
2026-07-07T03:11:00.116965,2026-07-07T03:11:00.126908+00:00,164.3,20,ask,,,10280348
2026-07-07T03:11:01.186196,2026-07-07T03:11:01.194591+00:00,164.5,200,bid,,,10280357
2026-07-07T03:11:02.675503,2026-07-07T03:11:02.685748+00:00,164.5,200,ask,,,10280383
2026-07-07T03:11:03.881799,2026-07-07T03:11:03.888953+00:00,164.5,200,ask,,,10280399
2026-07-07T03:11:05.045730,2026-07-07T03:11:05.054100+00:00,164.6,500,bid,,,10280417
2026-07-07T03:11:05.108211,2026-07-07T03:11:05.111976+00:00,164.5,6,bid,,,10280420
2026-07-07T03:11:05.114519,2026-07-07T03:11:05.127208+00:00,164.5,194,bid,,,10280421
2026-07-07T03:11:06.608996,2026-07-07T03:11:06.617732+00:00,164.7,20,bid,,,10280448
2026-07-07T03:11:10.053252,2026-07-07T03:11:10.057736+00:00,164.5,20,ask,,,10280493
2026-07-07T03:11:10.349782,2026-07-07T03:11:10.358589+00:00,164.5,480,ask,,,10280498
2026-07-07T03:11:10.485022,2026-07-07T03:11:10.494900+00:00,164.5,145,bid,,,10280501
2026-07-07T03:11:11.655523,2026-07-07T03:11:11.664493+00:00,164.6,200,bid,,,10280522
2026-07-07T03:11:12.987580,2026-07-07T03:11:12.996430+00:00,164.6,500,ask,,,10280539
2026-07-07T03:11:13.527649,2026-07-07T03:11:13.536182+00:00,164.6,125,bid,,,10280549
2026-07-07T03:11:13.527649,2026-07-07T03:11:13.536182+00:00,164.7,200,bid,,,10280550
2026-07-07T03:11:15.600402,2026-07-07T03:11:15.607487+00:00,164.9,200,bid,,,10280579
2026-07-07T03:11:15.998513,2026-07-07T03:11:16.009918+00:00,165.0,200,ask,,,10280587
2026-07-07T03:11:18.218093,2026-07-07T03:11:18.228928+00:00,164.9,200,bid,,,10280623
2026-07-07T03:11:19.531046,2026-07-07T03:11:19.539600+00:00,165.0,200,bid,,,10280641
2026-07-07T03:11:23.158328,2026-07-07T03:11:23.169017+00:00,165.2,20,bid,,,10280679
2026-07-07T03:11:24.472373,2026-07-07T03:11:24.479350+00:00,165.2,200,bid,,,10280687
2026-07-07T03:11:25.683501,2026-07-07T03:11:25.691703+00:00,165.1,200,bid,,,10280704
2026-07-07T03:11:27.006016,2026-07-07T03:11:27.009713+00:00,165.1,11,bid,,,10280720
2026-07-07T03:11:29.448554,2026-07-07T03:11:29.458614+00:00,165.1,20,bid,,,10280751
2026-07-07T03:11:31.352875,2026-07-07T03:11:31.358611+00:00,165.1,200,bid,,,10280769
2026-07-07T03:11:33.707480,2026-07-07T03:11:33.714863+00:00,165.0,20,ask,,,10280802
2026-07-07T03:11:34.160411,2026-07-07T03:11:34.169339+00:00,165.0,200,ask,,,10280811
2026-07-07T03:11:36.492391,2026-07-07T03:11:36.496106+00:00,165.1,12,bid,,,10280851
2026-07-07T03:11:36.577381,2026-07-07T03:11:36.585096+00:00,165.1,200,bid,,,10280852
2026-07-07T03:11:36.847939,2026-07-07T03:11:36.858547+00:00,165.1,20,bid,,,10280853
2026-07-07T03:11:37.865842,2026-07-07T03:11:37.877562+00:00,165.1,20,bid,,,10280866
2026-07-07T03:11:42.815277,2026-07-07T03:11:42.819312+00:00,165.1,22,bid,,,10280931
2026-07-07T03:11:42.962864,2026-07-07T03:11:42.971237+00:00,165.1,20,bid,,,10280935
2026-07-07T03:11:46.584693,2026-07-07T03:11:46.593021+00:00,165.1,20,bid,,,10280985
2026-07-07T03:11:47.299093,2026-07-07T03:11:47.307287+00:00,165.1,20,bid,,,10280998
2026-07-07T03:11:48.691635,2026-07-07T03:11:48.700710+00:00,165.1,200,bid,,,10281026
2026-07-07T03:11:49.098384,2026-07-07T03:11:49.109869+00:00,164.9,20,ask,,,10281033
2026-07-07T03:11:50.690721,2026-07-07T03:11:50.699183+00:00,165.1,20,ask,,,10281058
2026-07-07T03:11:51.023265,2026-07-07T03:11:51.030872+00:00,165.2,200,bid,,,10281060
2026-07-07T03:11:51.042064,2026-07-07T03:11:51.046404+00:00,165.3,11,ask,,,10281062
2026-07-07T03:11:51.112598,2026-07-07T03:11:51.123760+00:00,165.3,200,ask,,,10281063
2026-07-07T03:11:52.091540,2026-07-07T03:11:52.103298+00:00,165.3,20,ask,,,10281074
2026-07-07T03:11:52.321944,2026-07-07T03:11:52.330708+00:00,165.3,194,ask,,,10281078
2026-07-07T03:11:53.382195,2026-07-07T03:11:53.394144+00:00,165.2,6,bid,,,10281100
2026-07-07T03:11:55.518130,2026-07-07T03:11:55.521312+00:00,165.1,30,ask,,,10281130
2026-07-07T03:11:55.596123,2026-07-07T03:11:55.604952+00:00,165.1,20,ask,,,10281131
2026-07-07T03:11:56.858583,2026-07-07T03:11:56.868981+00:00,165.2,20,ask,,,10281138
2026-07-07T03:11:57.072789,2026-07-07T03:11:57.080797+00:00,165.2,20,ask,,,10281141
2026-07-07T03:11:58.863713,2026-07-07T03:11:58.871730+00:00,165.3,20,bid,,,10281158
2026-07-07T03:11:59.587191,2026-07-07T03:11:59.596484+00:00,165.4,200,bid,,,10281167
2026-07-07T03:12:01.842918,2026-07-07T03:12:01.847653+00:00,165.3,4,ask,,,10281189
2026-07-07T03:12:02.824095,2026-07-07T03:12:02.835066+00:00,165.3,200,ask,,,10281205
2026-07-07T03:12:04.133310,2026-07-07T03:12:04.144787+00:00,165.4,200,bid,,,10281224
2026-07-07T03:12:04.164082,2026-07-07T03:12:04.167294+00:00,165.4,6,ask,,,10281228
2026-07-07T03:12:04.430341,2026-07-07T03:12:04.458612+00:00,165.4,200,ask,,,10281232
2026-07-07T03:12:05.637877,2026-07-07T03:12:05.645178+00:00,165.5,200,ask,,,10281240
2026-07-07T03:12:06.846090,2026-07-07T03:12:06.858653+00:00,165.4,200,ask,,,10281258
2026-07-07T03:12:08.053525,2026-07-07T03:12:08.064030+00:00,165.4,200,ask,,,10281270
2026-07-07T03:12:08.118433,2026-07-07T03:12:08.122261+00:00,165.6,17,bid,,,10281273
2026-07-07T03:12:09.276689,2026-07-07T03:12:09.280343+00:00,165.4,23,bid,,,10281291
2026-07-07T03:12:11.012926,2026-07-07T03:12:11.024693+00:00,165.3,20,ask,,,10281305
2026-07-07T03:12:11.333116,2026-07-07T03:12:11.336955+00:00,165.3,11,ask,,,10281314
2026-07-07T03:12:11.635196,2026-07-07T03:12:11.643644+00:00,165.4,200,bid,,,10281321
2026-07-07T03:12:11.635196,2026-07-07T03:12:11.643644+00:00,165.4,300,bid,,,10281322
2026-07-07T03:12:12.232329,2026-07-07T03:12:12.263292+00:00,165.4,200,bid,,,10281327
2026-07-07T03:12:12.259437,2026-07-07T03:12:12.263292+00:00,165.4,12,ask,,,10281329
2026-07-07T03:12:12.901668,2026-07-07T03:12:12.905428+00:00,165.5,11,ask,,,10281336
2026-07-07T03:12:14.622877,2026-07-07T03:12:14.629772+00:00,165.4,200,ask,,,10281356
2026-07-07T03:12:14.689310,2026-07-07T03:12:14.699608+00:00,165.4,425,bid,,,10281357
2026-07-07T03:12:15.930160,2026-07-07T03:12:15.938672+00:00,165.5,200,bid,,,10281374
2026-07-07T03:12:16.505867,2026-07-07T03:12:16.515101+00:00,165.7,200,ask,,,10281380
2026-07-07T03:12:23.988557,2026-07-07T03:12:23.992524+00:00,165.5,6,ask,,,10281459
2026-07-07T03:12:25.008835,2026-07-07T03:12:25.017819+00:00,165.6,200,bid,,,10281473
2026-07-07T03:12:25.116955,2026-07-07T03:12:25.120447+00:00,165.5,6,bid,,,10281476
2026-07-07T03:12:27.370160,2026-07-07T03:12:27.381997+00:00,165.4,20,ask,,,10281508
2026-07-07T03:12:31.665635,2026-07-07T03:12:31.675779+00:00,165.4,200,bid,,,10281563
2026-07-07T03:12:33.261322,2026-07-07T03:12:33.268812+00:00,165.3,20,ask,,,10281583
2026-07-07T03:12:36.937515,2026-07-07T03:12:36.944618+00:00,165.4,200,ask,,,10281634
2026-07-07T03:12:37.116859,2026-07-07T03:12:37.125324+00:00,165.4,200,bid,,,10281636
2026-07-07T03:12:37.127912,2026-07-07T03:12:37.135936+00:00,165.4,20,bid,,,10281638
2026-07-07T03:12:38.310411,2026-07-07T03:12:38.359273+00:00,165.5,500,ask,,,10281652
2026-07-07T03:12:38.903354,2026-07-07T03:12:38.913663+00:00,165.5,125,ask,,,10281657
2026-07-07T03:12:39.556246,2026-07-07T03:12:39.569205+00:00,165.4,200,ask,,,10281674
2026-07-07T03:12:40.742400,2026-07-07T03:12:40.750436+00:00,165.4,200,bid,,,10281688
2026-07-07T03:12:46.581545,2026-07-07T03:12:46.593146+00:00,165.5,20,bid,,,10281771
2026-07-07T03:12:46.834213,2026-07-07T03:12:46.845307+00:00,165.5,200,bid,,,10281773
2026-07-07T03:12:48.762087,2026-07-07T03:12:48.766407+00:00,165.6,1,ask,,,10281793
2026-07-07T03:12:48.771952,2026-07-07T03:12:48.775661+00:00,165.6,5,ask,,,10281795
2026-07-07T03:12:50.470927,2026-07-07T03:12:50.477707+00:00,165.6,200,ask,,,10281813
2026-07-07T03:12:52.405737,2026-07-07T03:12:52.409453+00:00,165.7,6,bid,,,10281836
2026-07-07T03:12:56.526742,2026-07-07T03:12:56.537968+00:00,165.7,200,bid,,,10281882
2026-07-07T03:12:59.281251,2026-07-07T03:12:59.284829+00:00,165.9,23,bid,,,10281915
2026-07-07T03:13:00.232087,2026-07-07T03:13:00.243693+00:00,166.0,20,bid,,,10281933
2026-07-07T03:13:00.574885,2026-07-07T03:13:00.578913+00:00,165.8,11,bid,,,10281937
2026-07-07T03:13:05.132768,2026-07-07T03:13:05.136446+00:00,165.9,11,bid,,,10282003
2026-07-07T03:13:05.228801,2026-07-07T03:13:05.236479+00:00,165.9,20,bid,,,10282004
2026-07-07T03:13:05.873800,2026-07-07T03:13:05.884576+00:00,165.7,20,ask,,,10282008
2026-07-07T03:13:06.504048,2026-07-07T03:13:06.511903+00:00,165.8,20,bid,,,10282020
2026-07-07T03:13:08.641012,2026-07-07T03:13:08.652215+00:00,165.8,200,bid,,,10282047
2026-07-07T03:13:11.064079,2026-07-07T03:13:11.075563+00:00,165.7,200,ask,,,10282094
2026-07-07T03:13:11.665233,2026-07-07T03:13:11.704400+00:00,166.0,20,bid,,,10282104
2026-07-07T03:13:12.275951,2026-07-07T03:13:12.285145+00:00,165.7,200,ask,,,10282111
2026-07-07T03:13:13.177425,2026-07-07T03:13:13.185950+00:00,165.9,20,bid,,,10282123
2026-07-07T03:13:14.997336,2026-07-07T03:13:15.001020+00:00,165.7,11,ask,,,10282148
2026-07-07T03:13:16.294190,2026-07-07T03:13:16.311957+00:00,165.8,200,bid,,,10282162
2026-07-07T03:13:16.308424,2026-07-07T03:13:16.311957+00:00,165.8,11,ask,,,10282164
2026-07-07T03:13:17.217690,2026-07-07T03:13:17.225638+00:00,165.8,20,ask,,,10282176
2026-07-07T03:13:18.333081,2026-07-07T03:13:18.364293+00:00,165.8,200,ask,,,10282192
2026-07-07T03:13:20.948358,2026-07-07T03:13:20.951963+00:00,165.7,23,ask,,,10282228
2026-07-07T03:13:21.053589,2026-07-07T03:13:21.058592+00:00,165.7,20,ask,,,10282232
2026-07-07T03:13:22.112829,2026-07-07T03:13:22.120259+00:00,165.7,20,bid,,,10282249
2026-07-07T03:13:25.531152,2026-07-07T03:13:25.539482+00:00,165.6,20,ask,,,10282301
2026-07-07T03:13:27.676860,2026-07-07T03:13:27.684117+00:00,165.8,20,ask,,,10282322
2026-07-07T03:13:28.109251,2026-07-07T03:13:28.116629+00:00,166.0,200,bid,,,10282332
2026-07-07T03:13:29.233145,2026-07-07T03:13:29.243075+00:00,166.0,200,ask,,,10282341
2026-07-07T03:13:29.441965,2026-07-07T03:13:29.445459+00:00,166.0,11,bid,,,10282344
2026-07-07T03:13:29.616069,2026-07-07T03:13:29.623103+00:00,165.7,11,ask,,,10282348
2026-07-07T03:13:29.828913,2026-07-07T03:13:29.839560+00:00,165.7,20,ask,,,10282356
2026-07-07T03:13:30.252594,2026-07-07T03:13:30.258543+00:00,165.7,9,ask,,,10282364
2026-07-07T03:13:30.440024,2026-07-07T03:13:30.450027+00:00,166.0,200,bid,,,10282367
2026-07-07T03:13:30.750961,2026-07-07T03:13:30.754536+00:00,165.9,11,ask,,,10282372
2026-07-07T03:13:32.238412,2026-07-07T03:13:32.250122+00:00,166.1,20,bid,,,10282389
2026-07-07T03:13:36.716541,2026-07-07T03:13:36.720148+00:00,166.1,11,bid,,,10282449
2026-07-07T03:13:37.297801,2026-07-07T03:13:37.305935+00:00,166.1,189,bid,,,10282455
2026-07-07T03:13:39.459774,2026-07-07T03:13:39.469592+00:00,166.0,500,ask,,,10282486
2026-07-07T03:13:40.618632,2026-07-07T03:13:40.630247+00:00,166.0,20,bid,,,10282502
2026-07-07T03:13:42.549104,2026-07-07T03:13:42.558624+00:00,166.0,200,bid,,,10282530
2026-07-07T03:13:43.705305,2026-07-07T03:13:43.715734+00:00,166.0,500,ask,,,10282540
2026-07-07T03:13:43.763327,2026-07-07T03:13:43.774152+00:00,166.0,125,ask,,,10282541
2026-07-07T03:13:47.816818,2026-07-07T03:13:47.828046+00:00,165.7,200,ask,,,10282596
2026-07-07T03:13:47.834322,2026-07-07T03:13:47.838167+00:00,165.7,12,bid,,,10282598
2026-07-07T03:13:48.359663,2026-07-07T03:13:48.369303+00:00,165.7,20,bid,,,10282611
2026-07-07T03:13:52.410638,2026-07-07T03:13:52.417860+00:00,165.6,20,ask,,,10282655
2026-07-07T03:13:53.030635,2026-07-07T03:13:53.038876+00:00,165.6,20,ask,,,10282663
2026-07-07T03:13:53.456562,2026-07-07T03:13:53.463646+00:00,165.7,200,bid,,,10282671
2026-07-07T03:13:55.702255,2026-07-07T03:13:55.709298+00:00,165.5,200,ask,,,10282696
2026-07-07T03:13:55.750420,2026-07-07T03:13:55.759337+00:00,165.5,20,bid,,,10282699
2026-07-07T03:13:56.162994,2026-07-07T03:13:56.174836+00:00,165.2,20,ask,,,10282710
2026-07-07T03:13:58.304657,2026-07-07T03:13:58.316113+00:00,165.3,200,ask,,,10282735
2026-07-07T03:14:00.079763,2026-07-07T03:14:00.088631+00:00,165.5,20,bid,,,10282762
2026-07-07T03:14:00.722697,2026-07-07T03:14:00.729312+00:00,165.3,200,ask,,,10282770
2026-07-07T03:14:02.058197,2026-07-07T03:14:02.061873+00:00,165.3,11,bid,,,10282782
2026-07-07T03:14:08.382537,2026-07-07T03:14:08.385769+00:00,165.4,23,bid,,,10282859
2026-07-07T03:14:08.384808,2026-07-07T03:14:08.401012+00:00,165.4,20,bid,,,10282860
2026-07-07T03:14:10.938881,2026-07-07T03:14:10.964303+00:00,165.4,20,bid,,,10282893
2026-07-07T03:14:12.453748,2026-07-07T03:14:12.465333+00:00,165.2,20,ask,,,10282909
2026-07-07T03:14:12.771706,2026-07-07T03:14:12.779174+00:00,165.2,180,ask,,,10282913
2026-07-07T03:14:12.820937,2026-07-07T03:14:12.828721+00:00,165.1,200,bid,,,10282914
2026-07-07T03:14:13.330829,2026-07-07T03:14:13.374123+00:00,165.1,245,bid,,,10282923
2026-07-07T03:14:13.370848,2026-07-07T03:14:13.374123+00:00,165.1,12,ask,,,10282926
2026-07-07T03:14:13.464446,2026-07-07T03:14:13.472051+00:00,165.3,12,bid,,,10282930
2026-07-07T03:14:14.030058,2026-07-07T03:14:14.039726+00:00,165.2,200,ask,,,10282938
2026-07-07T03:14:15.391299,2026-07-07T03:14:15.400669+00:00,165.5,200,bid,,,10282956
2026-07-07T03:14:15.408252,2026-07-07T03:14:15.412520+00:00,165.6,11,ask,,,10282958
2026-07-07T03:14:16.253399,2026-07-07T03:14:16.256181+00:00,165.6,20,ask,,,10282969
2026-07-07T03:14:16.451355,2026-07-07T03:14:16.446007+00:00,165.6,200,ask,,,10282971
2026-07-07T03:14:20.087155,2026-07-07T03:14:20.097861+00:00,165.4,200,ask,,,10283020
2026-07-07T03:14:20.648314,2026-07-07T03:14:20.673047+00:00,165.3,500,ask,,,10283025
2026-07-07T03:14:20.669679,2026-07-07T03:14:20.673047+00:00,165.3,23,bid,,,10283027
2026-07-07T03:14:21.212590,2026-07-07T03:14:21.220108+00:00,165.3,102,bid,,,10283031
2026-07-07T03:14:21.245813,2026-07-07T03:14:21.250036+00:00,165.5,46,ask,,,10283035
2026-07-07T03:14:21.297214,2026-07-07T03:14:21.307235+00:00,165.5,200,ask,,,10283036
2026-07-07T03:14:22.677673,2026-07-07T03:14:22.686808+00:00,165.3,20,ask,,,10283065
2026-07-07T03:14:23.626068,2026-07-07T03:14:23.635442+00:00,165.4,200,bid,,,10283074
2026-07-07T03:14:23.722106,2026-07-07T03:14:23.730972+00:00,165.4,200,ask,,,10283077
2026-07-07T03:14:24.248592,2026-07-07T03:14:24.252777+00:00,165.6,23,bid,,,10283084
2026-07-07T03:14:24.579390,2026-07-07T03:14:24.587629+00:00,165.5,500,ask,,,10283093
2026-07-07T03:14:24.593182,2026-07-07T03:14:24.596828+00:00,165.5,11,bid,,,10283095
2026-07-07T03:14:24.851203,2026-07-07T03:14:24.855198+00:00,165.4,22,ask,,,10283102
2026-07-07T03:14:25.668023,2026-07-07T03:14:25.679382+00:00,165.4,20,ask,,,10283112
2026-07-07T03:14:25.890399,2026-07-07T03:14:25.897178+00:00,165.5,200,bid,,,10283115
2026-07-07T03:14:25.907479,2026-07-07T03:14:25.911156+00:00,165.5,12,ask,,,10283117
2026-07-07T03:14:26.956172,2026-07-07T03:14:26.958591+00:00,165.5,12,ask,,,10283137
2026-07-07T03:14:27.347558,2026-07-07T03:14:27.338359+00:00,165.5,200,ask,,,10283144
2026-07-07T03:14:27.614365,2026-07-07T03:14:27.626264+00:00,165.5,20,ask,,,10283148
2026-07-07T03:14:28.473694,2026-07-07T03:14:28.484876+00:00,165.7,500,bid,,,10283153
2026-07-07T03:14:28.555699,2026-07-07T03:14:28.565424+00:00,165.8,200,ask,,,10283155
2026-07-07T03:14:29.765963,2026-07-07T03:14:29.774058+00:00,165.8,200,ask,,,10283169
2026-07-07T03:14:29.827687,2026-07-07T03:14:29.845343+00:00,165.8,500,ask,,,10283171
2026-07-07T03:14:30.273906,2026-07-07T03:14:30.285825+00:00,165.8,125,bid,,,10283175
2026-07-07T03:14:30.302783,2026-07-07T03:14:30.306391+00:00,165.9,11,ask,,,10283178
2026-07-07T03:14:30.973425,2026-07-07T03:14:30.981678+00:00,165.9,200,ask,,,10283197
2026-07-07T03:14:31.035730,2026-07-07T03:14:31.047542+00:00,165.9,20,ask,,,10283199
2026-07-07T03:14:31.167525,2026-07-07T03:14:31.171519+00:00,166.2,34,bid,,,10283203
2026-07-07T03:14:32.181894,2026-07-07T03:14:32.189548+00:00,165.9,200,ask,,,10283210
2026-07-07T03:14:32.466650,2026-07-07T03:14:32.469869+00:00,166.1,11,bid,,,10283217
2026-07-07T03:14:33.389631,2026-07-07T03:14:33.458692+00:00,165.9,200,ask,,,10283234
2026-07-07T03:14:33.768971,2026-07-07T03:14:33.773089+00:00,165.9,22,ask,,,10283239
2026-07-07T03:14:34.599072,2026-07-07T03:14:34.610588+00:00,165.9,200,ask,,,10283260
2026-07-07T03:14:35.806858,2026-07-07T03:14:35.816505+00:00,165.9,200,ask,,,10283279
2026-07-07T03:14:37.326491,2026-07-07T03:14:37.337838+00:00,166.0,20,bid,,,10283293
2026-07-07T03:14:37.521756,2026-07-07T03:14:37.533133+00:00,166.0,20,bid,,,10283296
2026-07-07T03:14:38.207748,2026-07-07T03:14:38.216626+00:00,166.0,20,bid,,,10283317
2026-07-07T03:14:40.316440,2026-07-07T03:14:40.323426+00:00,165.9,200,ask,,,10283332
2026-07-07T03:14:40.640300,2026-07-07T03:14:40.650926+00:00,165.9,200,bid,,,10283334
2026-07-07T03:14:42.946676,2026-07-07T03:14:42.950237+00:00,166.0,12,ask,,,10283361
2026-07-07T03:14:43.060542,2026-07-07T03:14:43.068776+00:00,166.0,200,ask,,,10283363
2026-07-07T03:14:43.072356,2026-07-07T03:14:43.079332+00:00,166.0,20,ask,,,10283364
2026-07-07T03:14:45.004208,2026-07-07T03:14:45.012198+00:00,166.0,20,bid,,,10283385
2026-07-07T03:14:46.095192,2026-07-07T03:14:46.103950+00:00,165.9,20,bid,,,10283396
2026-07-07T03:14:46.518625,2026-07-07T03:14:46.529719+00:00,165.7,20,ask,,,10283403
2026-07-07T03:14:46.709779,2026-07-07T03:14:46.716509+00:00,165.7,20,ask,,,10283407
2026-07-07T03:14:47.900083,2026-07-07T03:14:47.910646+00:00,165.8,200,bid,,,10283428
2026-07-07T03:14:48.005159,2026-07-07T03:14:48.013597+00:00,165.7,20,ask,,,10283431
2026-07-07T03:14:49.672322,2026-07-07T03:14:49.676012+00:00,165.8,11,ask,,,10283459
2026-07-07T03:14:50.198408,2026-07-07T03:14:50.210131+00:00,165.8,20,ask,,,10283466
2026-07-07T03:14:50.281655,2026-07-07T03:14:50.290652+00:00,165.9,200,bid,,,10283468
2026-07-07T03:14:50.281655,2026-07-07T03:14:50.290652+00:00,165.9,300,bid,,,10283469
2026-07-07T03:14:50.879638,2026-07-07T03:14:50.887982+00:00,165.9,200,bid,,,10283473
2026-07-07T03:14:50.879638,2026-07-07T03:14:50.887982+00:00,166.0,300,bid,,,10283474
2026-07-07T03:14:54.824203,2026-07-07T03:14:54.831814+00:00,166.1,20,ask,,,10283520
2026-07-07T03:14:59.661623,2026-07-07T03:14:59.673315+00:00,166.1,20,bid,,,10283583
2026-07-07T03:15:00.154385,2026-07-07T03:15:00.166386+00:00,166.0,20,ask,,,10283588
2026-07-07T03:15:01.200126,2026-07-07T03:15:01.210749+00:00,166.0,200,ask,,,10283599
2026-07-07T03:15:02.696975,2026-07-07T03:15:02.701194+00:00,166.2,11,bid,,,10283614
2026-07-07T03:15:04.810216,2026-07-07T03:15:04.819864+00:00,166.2,20,bid,,,10283647
2026-07-07T03:15:05.252174,2026-07-07T03:15:05.250362+00:00,165.9,200,ask,,,10283652
2026-07-07T03:15:05.264460,2026-07-07T03:15:05.268755+00:00,165.9,34,bid,,,10283654
2026-07-07T03:15:06.560824,2026-07-07T03:15:06.569312+00:00,165.9,200,bid,,,10283670
2026-07-07T03:15:06.927129,2026-07-07T03:15:06.937742+00:00,166.2,20,bid,,,10283683
2026-07-07T03:15:06.962571,2026-07-07T03:15:06.974054+00:00,166.0,20,ask,,,10283684
2026-07-07T03:15:07.244277,2026-07-07T03:15:07.252775+00:00,166.0,200,ask,,,10283686
2026-07-07T03:15:10.502869,2026-07-07T03:15:10.512865+00:00,165.9,200,bid,,,10283727
2026-07-07T03:15:10.551798,2026-07-07T03:15:10.558746+00:00,165.9,20,ask,,,10283728
2026-07-07T03:15:12.035290,2026-07-07T03:15:12.043400+00:00,165.9,20,bid,,,10283745
2026-07-07T03:15:12.461468,2026-07-07T03:15:12.472337+00:00,165.7,20,ask,,,10283752
2026-07-07T03:15:14.387102,2026-07-07T03:15:14.395521+00:00,165.9,20,bid,,,10283786
2026-07-07T03:15:15.436910,2026-07-07T03:15:15.445249+00:00,165.8,20,ask,,,10283801
2026-07-07T03:15:16.950710,2026-07-07T03:15:16.952958+00:00,165.9,200,ask,,,10283816
2026-07-07T03:15:17.561059,2026-07-07T03:15:17.569702+00:00,165.8,20,ask,,,10283828
2026-07-07T03:15:17.680346,2026-07-07T03:15:17.692226+00:00,166.0,20,bid,,,10283829
2026-07-07T03:15:18.025955,2026-07-07T03:15:18.029759+00:00,165.8,11,ask,,,10283832
2026-07-07T03:15:18.384874,2026-07-07T03:15:18.393050+00:00,165.9,200,bid,,,10283836
2026-07-07T03:15:18.406832,2026-07-07T03:15:18.411636+00:00,165.9,11,ask,,,10283838
2026-07-07T03:15:19.475688,2026-07-07T03:15:19.484715+00:00,165.9,20,ask,,,10283857
2026-07-07T03:15:21.014165,2026-07-07T03:15:21.023793+00:00,165.9,200,bid,,,10283876
2026-07-07T03:15:21.023846,2026-07-07T03:15:21.034618+00:00,166.2,12,bid,,,10283878
2026-07-07T03:15:23.152184,2026-07-07T03:15:23.158625+00:00,165.8,20,ask,,,10283911
2026-07-07T03:15:23.801606,2026-07-07T03:15:23.812502+00:00,165.9,12,ask,,,10283924
2026-07-07T03:15:27.935733,2026-07-07T03:15:27.947460+00:00,165.8,20,ask,,,10283981
2026-07-07T03:15:29.072256,2026-07-07T03:15:29.080727+00:00,165.9,200,bid,,,10284001
2026-07-07T03:15:30.012184,2026-07-07T03:15:30.023947+00:00,165.9,20,bid,,,10284014
2026-07-07T03:15:30.874401,2026-07-07T03:15:30.885996+00:00,165.7,20,ask,,,10284025
2026-07-07T03:15:32.835456,2026-07-07T03:15:32.839215+00:00,165.9,23,ask,,,10284064
2026-07-07T03:15:34.133564,2026-07-07T03:15:34.142751+00:00,166.1,200,bid,,,10284089
2026-07-07T03:15:35.684018,2026-07-07T03:15:35.694804+00:00,166.1,20,ask,,,10284117
2026-07-07T03:15:36.384159,2026-07-07T03:15:36.396110+00:00,166.2,20,bid,,,10284120
2026-07-07T03:15:36.775903,2026-07-07T03:15:36.785699+00:00,166.1,200,ask,,,10284128
2026-07-07T03:15:37.326333,2026-07-07T03:15:37.334453+00:00,165.8,20,ask,,,10284134
2026-07-07T03:15:37.347118,2026-07-07T03:15:37.363637+00:00,166.1,20,bid,,,10284135
2026-07-07T03:15:40.103172,2026-07-07T03:15:40.112267+00:00,166.1,20,ask,,,10284170
2026-07-07T03:15:42.656316,2026-07-07T03:15:42.653627+00:00,166.5,20,bid,,,10284204
2026-07-07T03:15:44.152167,2026-07-07T03:15:44.156097+00:00,166.3,11,bid,,,10284221
2026-07-07T03:15:44.834265,2026-07-07T03:15:44.842961+00:00,166.2,20,ask,,,10284237
2026-07-07T03:15:44.908619,2026-07-07T03:15:44.920276+00:00,166.3,20,bid,,,10284239
2026-07-07T03:15:45.374854,2026-07-07T03:15:45.384933+00:00,166.2,500,ask,,,10284246
2026-07-07T03:15:47.255550,2026-07-07T03:15:47.258611+00:00,166.3,20,bid,,,10284262
2026-07-07T03:15:47.305420,2026-07-07T03:15:47.315800+00:00,166.3,500,bid,,,10284263
2026-07-07T03:15:49.662634,2026-07-07T03:15:49.669294+00:00,166.3,200,bid,,,10284292
2026-07-07T03:15:49.924397,2026-07-07T03:15:49.932056+00:00,166.4,500,bid,,,10284299
2026-07-07T03:15:51.228633,2026-07-07T03:15:51.258734+00:00,166.4,20,ask,,,10284316
2026-07-07T03:15:52.545674,2026-07-07T03:15:52.554554+00:00,166.4,500,bid,,,10284331
2026-07-07T03:15:52.623845,2026-07-07T03:15:52.630557+00:00,166.4,125,ask,,,10284332
2026-07-07T03:15:52.899654,2026-07-07T03:15:52.911598+00:00,166.4,20,bid,,,10284337
2026-07-07T03:15:53.210491,2026-07-07T03:15:53.217777+00:00,166.4,20,bid,,,10284341
2026-07-07T03:15:55.166959,2026-07-07T03:15:55.175338+00:00,166.3,500,bid,,,10284362
2026-07-07T03:15:55.639043,2026-07-07T03:15:55.649043+00:00,166.3,125,ask,,,10284369
2026-07-07T03:15:55.717869,2026-07-07T03:15:55.726281+00:00,166.3,200,bid,,,10284371
2026-07-07T03:15:56.927719,2026-07-07T03:15:56.938607+00:00,166.1,200,bid,,,10284389
2026-07-07T03:15:58.136530,2026-07-07T03:15:58.145295+00:00,166.2,200,bid,,,10284401
2026-07-07T03:15:59.900466,2026-07-07T03:15:59.904165+00:00,166.1,12,bid,,,10284424
2026-07-07T03:16:00.407690,2026-07-07T03:16:00.417347+00:00,166.0,200,ask,,,10284430
2026-07-07T03:16:00.423270,2026-07-07T03:16:00.427015+00:00,165.9,22,bid,,,10284432
2026-07-07T03:16:03.023123,2026-07-07T03:16:03.029940+00:00,165.9,200,bid,,,10284461
2026-07-07T03:16:03.040372,2026-07-07T03:16:03.043925+00:00,166.0,11,ask,,,10284463
2026-07-07T03:16:03.048814,2026-07-07T03:16:03.064768+00:00,166.2,11,bid,,,10284464
2026-07-07T03:16:04.184188,2026-07-07T03:16:04.195479+00:00,166.0,200,ask,,,10284487
2026-07-07T03:16:05.393236,2026-07-07T03:16:05.400289+00:00,165.9,200,ask,,,10284506
2026-07-07T03:16:06.011245,2026-07-07T03:16:06.018876+00:00,165.8,20,ask,,,10284515
2026-07-07T03:16:06.601915,2026-07-07T03:16:06.609452+00:00,165.8,200,ask,,,10284529
2026-07-07T03:16:08.187746,2026-07-07T03:16:08.198472+00:00,165.9,20,bid,,,10284549
2026-07-07T03:16:08.355478,2026-07-07T03:16:08.369852+00:00,165.9,20,bid,,,10284555
2026-07-07T03:16:08.407388,2026-07-07T03:16:08.406749+00:00,165.9,20,bid,,,10284563
2026-07-07T03:16:09.550466,2026-07-07T03:16:09.563847+00:00,165.8,20,ask,,,10284572
2026-07-07T03:16:10.226618,2026-07-07T03:16:10.236977+00:00,165.9,200,bid,,,10284587
2026-07-07T03:16:10.229974,2026-07-07T03:16:10.236977+00:00,165.6,20,ask,,,10284588
2026-07-07T03:16:10.316171,2026-07-07T03:16:10.325140+00:00,165.9,20,bid,,,10284590
2026-07-07T03:16:12.687064,2026-07-07T03:16:12.693751+00:00,165.8,20,bid,,,10284624
2026-07-07T03:16:13.544321,2026-07-07T03:16:13.547950+00:00,165.7,11,bid,,,10284631
2026-07-07T03:16:15.072895,2026-07-07T03:16:15.079213+00:00,165.7,200,bid,,,10284659
2026-07-07T03:16:15.286726,2026-07-07T03:16:15.295814+00:00,165.4,20,ask,,,10284665
2026-07-07T03:16:16.283644,2026-07-07T03:16:16.292327+00:00,165.6,200,bid,,,10284681
2026-07-07T03:16:18.796909,2026-07-07T03:16:18.831899+00:00,165.5,200,ask,,,10284711
2026-07-07T03:16:18.796909,2026-07-07T03:16:18.831899+00:00,165.4,425,ask,,,10284712
2026-07-07T03:16:20.484829,2026-07-07T03:16:20.495322+00:00,165.6,20,bid,,,10284734
2026-07-07T03:16:21.296978,2026-07-07T03:16:21.300276+00:00,165.5,11,ask,,,10284752
2026-07-07T03:16:23.583677,2026-07-07T03:16:23.591126+00:00,165.5,200,bid,,,10284778
2026-07-07T03:16:25.348070,2026-07-07T03:16:25.363783+00:00,165.6,200,ask,,,10284797
2026-07-07T03:16:25.383056,2026-07-07T03:16:25.386663+00:00,165.5,11,bid,,,10284802
2026-07-07T03:16:26.004021,2026-07-07T03:16:26.012124+00:00,165.5,200,bid,,,10284809
2026-07-07T03:16:29.282482,2026-07-07T03:16:29.292594+00:00,165.4,200,ask,,,10284849
2026-07-07T03:16:29.635805,2026-07-07T03:16:29.646520+00:00,165.4,200,bid,,,10284855
2026-07-07T03:16:31.328171,2026-07-07T03:16:31.335120+00:00,165.4,20,ask,,,10284878
2026-07-07T03:16:31.904088,2026-07-07T03:16:31.924936+00:00,165.5,200,bid,,,10284885
2026-07-07T03:16:31.921189,2026-07-07T03:16:31.924936+00:00,165.5,11,ask,,,10284887
2026-07-07T03:16:33.216937,2026-07-07T03:16:33.227170+00:00,165.5,200,ask,,,10284907
2026-07-07T03:16:34.011576,2026-07-07T03:16:34.023400+00:00,165.5,20,bid,,,10284916
2026-07-07T03:16:34.948781,2026-07-07T03:16:34.958667+00:00,165.3,20,ask,,,10284929
2026-07-07T03:16:35.588547,2026-07-07T03:16:35.596531+00:00,165.3,20,ask,,,10284939
2026-07-07T03:16:38.463740,2026-07-07T03:16:38.479762+00:00,165.2,200,ask,,,10284974
2026-07-07T03:16:38.476208,2026-07-07T03:16:38.479762+00:00,165.2,11,bid,,,10284976
2026-07-07T03:16:39.679595,2026-07-07T03:16:39.688477+00:00,165.2,20,bid,,,10284991
2026-07-07T03:16:39.896477,2026-07-07T03:16:39.904597+00:00,165.2,2,ask,,,10284998
2026-07-07T03:16:40.298070,2026-07-07T03:16:40.302325+00:00,165.2,34,ask,,,10285008
2026-07-07T03:16:40.329277,2026-07-07T03:16:40.336882+00:00,165.2,20,ask,,,10285009
2026-07-07T03:16:40.520369,2026-07-07T03:16:40.529503+00:00,165.2,200,ask,,,10285015
2026-07-07T03:16:40.544709,2026-07-07T03:16:40.552850+00:00,165.2,20,ask,,,10285016
2026-07-07T03:16:41.817988,2026-07-07T03:16:41.826550+00:00,165.1,20,ask,,,10285035
2026-07-07T03:16:42.694940,2026-07-07T03:16:42.706469+00:00,165.3,20,bid,,,10285050
2026-07-07T03:16:45.031817,2026-07-07T03:16:45.042028+00:00,165.3,200,bid,,,10285084
2026-07-07T03:16:48.233991,2026-07-07T03:16:48.241921+00:00,165.4,20,ask,,,10285139
2026-07-07T03:16:48.990777,2026-07-07T03:16:48.999830+00:00,165.6,200,bid,,,10285149
2026-07-07T03:16:49.929855,2026-07-07T03:16:49.941337+00:00,165.7,20,bid,,,10285161
2026-07-07T03:16:50.122400,2026-07-07T03:16:50.133768+00:00,165.6,425,ask,,,10285167
2026-07-07T03:16:50.244467,2026-07-07T03:16:50.264037+00:00,165.6,75,bid,,,10285171
2026-07-07T03:16:50.308306,2026-07-07T03:16:50.327776+00:00,165.6,125,ask,,,10285174
2026-07-07T03:16:50.324182,2026-07-07T03:16:50.327776+00:00,165.3,34,bid,,,10285176
2026-07-07T03:16:50.364768,2026-07-07T03:16:50.368239+00:00,165.0,11,ask,,,10285180
2026-07-07T03:16:50.367262,2026-07-07T03:16:50.383463+00:00,165.0,20,ask,,,10285181
2026-07-07T03:16:51.451068,2026-07-07T03:16:51.458538+00:00,165.3,200,bid,,,10285190
2026-07-07T03:16:51.630054,2026-07-07T03:16:51.633847+00:00,165.1,3,ask,,,10285195
2026-07-07T03:16:52.658562,2026-07-07T03:16:52.670193+00:00,165.3,200,bid,,,10285211
2026-07-07T03:16:52.959376,2026-07-07T03:16:52.962775+00:00,165.1,20,ask,,,10285215
2026-07-07T03:16:53.537862,2026-07-07T03:16:53.547043+00:00,165.4,20,bid,,,10285226
2026-07-07T03:16:53.865343,2026-07-07T03:16:53.874278+00:00,165.4,200,bid,,,10285227
2026-07-07T03:16:54.245254,2026-07-07T03:16:54.248909+00:00,165.2,11,ask,,,10285232
2026-07-07T03:16:54.398654,2026-07-07T03:16:54.406661+00:00,165.4,20,bid,,,10285239
2026-07-07T03:16:55.672536,2026-07-07T03:16:55.680129+00:00,165.2,20,ask,,,10285255
2026-07-07T03:16:57.496588,2026-07-07T03:16:57.504933+00:00,165.2,200,bid,,,10285285
2026-07-07T03:16:58.180844,2026-07-07T03:16:58.184962+00:00,165.1,11,bid,,,10285298
2026-07-07T03:16:58.705713,2026-07-07T03:16:58.715186+00:00,165.1,200,bid,,,10285302
2026-07-07T03:16:59.915604,2026-07-07T03:16:59.922193+00:00,165.1,200,bid,,,10285322
2026-07-07T03:17:01.126827,2026-07-07T03:17:01.135145+00:00,165.3,200,bid,,,10285343
2026-07-07T03:17:01.231914,2026-07-07T03:17:01.239595+00:00,165.0,20,ask,,,10285346
2026-07-07T03:17:02.344260,2026-07-07T03:17:02.358629+00:00,165.3,200,bid,,,10285363
2026-07-07T03:17:03.314025,2026-07-07T03:17:03.358870+00:00,165.0,20,ask,,,10285373
2026-07-07T03:17:06.282160,2026-07-07T03:17:06.293619+00:00,165.3,20,ask,,,10285407
2026-07-07T03:17:07.180904,2026-07-07T03:17:07.190767+00:00,165.4,20,bid,,,10285422
2026-07-07T03:17:08.396549,2026-07-07T03:17:08.400084+00:00,165.3,12,bid,,,10285431
2026-07-07T03:17:11.879920,2026-07-07T03:17:11.883909+00:00,165.3,11,bid,,,10285478
2026-07-07T03:17:12.067128,2026-07-07T03:17:12.075888+00:00,165.4,20,bid,,,10285484
2026-07-07T03:17:13.392696,2026-07-07T03:17:13.404532+00:00,165.1,20,ask,,,10285497
2026-07-07T03:17:14.433813,2026-07-07T03:17:14.437536+00:00,165.2,11,bid,,,10285510
2026-07-07T03:17:14.559835,2026-07-07T03:17:14.571751+00:00,165.2,20,bid,,,10285512
2026-07-07T03:17:15.625253,2026-07-07T03:17:15.633355+00:00,165.1,200,bid,,,10285527
2026-07-07T03:17:16.833403,2026-07-07T03:17:16.843675+00:00,165.3,200,bid,,,10285541
2026-07-07T03:17:17.293402,2026-07-07T03:17:17.305270+00:00,165.3,20,bid,,,10285547
2026-07-07T03:17:17.850335,2026-07-07T03:17:17.853820+00:00,165.3,22,ask,,,10285555
2026-07-07T03:17:18.059819,2026-07-07T03:17:18.063400+00:00,165.4,12,ask,,,10285558
2026-07-07T03:17:18.763776,2026-07-07T03:17:18.767854+00:00,165.5,12,bid,,,10285568
2026-07-07T03:17:23.093020,2026-07-07T03:17:23.100143+00:00,165.4,200,ask,,,10285610
2026-07-07T03:17:24.053980,2026-07-07T03:17:24.064338+00:00,165.4,20,bid,,,10285625
2026-07-07T03:17:24.672945,2026-07-07T03:17:24.679775+00:00,165.4,20,bid,,,10285631
2026-07-07T03:17:25.748850,2026-07-07T03:17:25.758550+00:00,165.4,20,bid,,,10285644
2026-07-07T03:17:26.172923,2026-07-07T03:17:26.181027+00:00,165.3,20,ask,,,10285659
2026-07-07T03:17:26.811496,2026-07-07T03:17:26.820555+00:00,165.4,20,bid,,,10285666
2026-07-07T03:17:28.280082,2026-07-07T03:17:28.287524+00:00,165.3,500,ask,,,10285683
2026-07-07T03:17:32.571613,2026-07-07T03:17:32.582293+00:00,165.0,20,ask,,,10285744
2026-07-07T03:17:33.569388,2026-07-07T03:17:33.575998+00:00,165.1,200,bid,,,10285752
2026-07-07T03:17:33.771612,2026-07-07T03:17:33.779049+00:00,165.3,200,ask,,,10285755
2026-07-07T03:17:36.199441,2026-07-07T03:17:36.210753+00:00,165.3,200,ask,,,10285793
2026-07-07T03:17:36.935560,2026-07-07T03:17:36.949551+00:00,165.3,20,ask,,,10285802
2026-07-07T03:17:37.405421,2026-07-07T03:17:37.413548+00:00,165.3,200,ask,,,10285806
2026-07-07T03:17:38.057207,2026-07-07T03:17:38.068890+00:00,165.4,20,bid,,,10285819
2026-07-07T03:17:40.136611,2026-07-07T03:17:40.147137+00:00,165.3,200,ask,,,10285848
2026-07-07T03:17:40.418801,2026-07-07T03:17:40.422297+00:00,165.1,12,ask,,,10285856
2026-07-07T03:17:40.431850,2026-07-07T03:17:40.442772+00:00,165.1,20,ask,,,10285857
2026-07-07T03:17:40.645561,2026-07-07T03:17:40.658634+00:00,165.1,20,ask,,,10285858
2026-07-07T03:17:41.070571,2026-07-07T03:17:41.079314+00:00,165.2,20,bid,,,10285868
2026-07-07T03:17:41.446392,2026-07-07T03:17:41.454489+00:00,165.2,180,bid,,,10285874
2026-07-07T03:17:42.757158,2026-07-07T03:17:42.764487+00:00,165.3,200,bid,,,10285887
2026-07-07T03:17:43.422800,2026-07-07T03:17:43.413811+00:00,165.3,20,ask,,,10285901
2026-07-07T03:17:45.865589,2026-07-07T03:17:45.875301+00:00,165.4,200,bid,,,10285928
2026-07-07T03:17:47.268895,2026-07-07T03:17:47.276827+00:00,165.4,20,ask,,,10285951
2026-07-07T03:17:50.709269,2026-07-07T03:17:50.720568+00:00,165.4,200,bid,,,10286002
2026-07-07T03:17:50.845046,2026-07-07T03:17:50.858617+00:00,165.3,20,ask,,,10286004
2026-07-07T03:17:51.262855,2026-07-07T03:17:51.274513+00:00,165.4,425,bid,,,10286008
2026-07-07T03:17:51.536409,2026-07-07T03:17:51.544270+00:00,165.4,20,ask,,,10286018
2026-07-07T03:17:51.911291,2026-07-07T03:17:51.914825+00:00,165.5,11,ask,,,10286027
2026-07-07T03:17:53.237981,2026-07-07T03:17:53.244506+00:00,165.6,200,bid,,,10286040
2026-07-07T03:17:53.255282,2026-07-07T03:17:53.258837+00:00,165.6,6,ask,,,10286042
2026-07-07T03:17:53.660043,2026-07-07T03:17:53.671442+00:00,165.6,9,ask,,,10286050
2026-07-07T03:17:54.200994,2026-07-07T03:17:54.212850+00:00,165.6,20,ask,,,10286059
2026-07-07T03:17:54.826625,2026-07-07T03:17:54.838327+00:00,165.6,20,ask,,,10286066
2026-07-07T03:17:55.552956,2026-07-07T03:17:55.561070+00:00,165.6,200,ask,,,10286082
2026-07-07T03:17:56.762575,2026-07-07T03:17:56.771843+00:00,165.6,200,ask,,,10286099
2026-07-07T03:17:57.969461,2026-07-07T03:17:57.981081+00:00,165.6,200,ask,,,10286113
2026-07-07T03:17:58.554150,2026-07-07T03:17:58.564702+00:00,165.7,500,bid,,,10286121
2026-07-07T03:17:59.150671,2026-07-07T03:17:59.164133+00:00,165.7,125,bid,,,10286130
2026-07-07T03:17:59.181632,2026-07-07T03:17:59.190150+00:00,165.8,200,ask,,,10286131
2026-07-07T03:18:02.414389,2026-07-07T03:18:02.424407+00:00,165.9,200,bid,,,10286176
2026-07-07T03:18:02.803093,2026-07-07T03:18:02.811191+00:00,165.9,200,ask,,,10286185
2026-07-07T03:18:04.609469,2026-07-07T03:18:04.616434+00:00,166.0,200,bid,,,10286209
2026-07-07T03:18:05.040505,2026-07-07T03:18:05.047113+00:00,166.0,300,ask,,,10286220
2026-07-07T03:18:05.204594,2026-07-07T03:18:05.213340+00:00,166.0,325,bid,,,10286221
2026-07-07T03:18:08.236805,2026-07-07T03:18:08.258570+00:00,166.2,20,ask,,,10286254
2026-07-07T03:18:12.504900,2026-07-07T03:18:12.515484+00:00,166.2,200,ask,,,10286306
2026-07-07T03:18:12.758606,2026-07-07T03:18:12.769563+00:00,166.2,20,ask,,,10286307
2026-07-07T03:18:19.430354,2026-07-07T03:18:19.442199+00:00,165.8,20,ask,,,10286389
2026-07-07T03:18:20.784757,2026-07-07T03:18:20.794064+00:00,166.1,200,bid,,,10286409
2026-07-07T03:18:20.978472,2026-07-07T03:18:20.988013+00:00,166.1,200,ask,,,10286412
2026-07-07T03:18:23.397866,2026-07-07T03:18:23.458692+00:00,166.0,200,ask,,,10286433
2026-07-07T03:18:23.469663,2026-07-07T03:18:23.473875+00:00,166.0,17,bid,,,10286436
2026-07-07T03:18:24.802691,2026-07-07T03:18:24.812225+00:00,166.1,20,bid,,,10286449
2026-07-07T03:18:25.818605,2026-07-07T03:18:25.826568+00:00,165.9,200,ask,,,10286477
2026-07-07T03:18:27.025615,2026-07-07T03:18:27.036926+00:00,165.9,200,bid,,,10286490
2026-07-07T03:18:27.863073,2026-07-07T03:18:27.870432+00:00,166.1,20,bid,,,10286507
2026-07-07T03:18:28.264196,2026-07-07T03:18:28.267876+00:00,166.0,12,bid,,,10286513
2026-07-07T03:18:28.675015,2026-07-07T03:18:28.679229+00:00,165.9,11,bid,,,10286521
2026-07-07T03:18:29.360301,2026-07-07T03:18:29.368623+00:00,165.7,20,ask,,,10286539
2026-07-07T03:18:29.808183,2026-07-07T03:18:29.819651+00:00,165.9,20,bid,,,10286546
2026-07-07T03:18:30.679778,2026-07-07T03:18:30.683387+00:00,165.8,11,ask,,,10286563
2026-07-07T03:18:30.813762,2026-07-07T03:18:30.824257+00:00,165.9,11,bid,,,10286564
2026-07-07T03:18:31.874699,2026-07-07T03:18:31.886106+00:00,165.9,200,bid,,,10286579
2026-07-07T03:18:35.498523,2026-07-07T03:18:35.509877+00:00,165.8,11,ask,,,10286615
2026-07-07T03:18:37.390919,2026-07-07T03:18:37.394928+00:00,165.7,29,ask,,,10286640
2026-07-07T03:18:39.121856,2026-07-07T03:18:39.133361+00:00,165.9,200,bid,,,10286657
2026-07-07T03:18:40.980832,2026-07-07T03:18:40.994393+00:00,165.9,20,ask,,,10286687
2026-07-07T03:18:41.738807,2026-07-07T03:18:41.747358+00:00,166.0,200,bid,,,10286692
2026-07-07T03:18:42.778950,2026-07-07T03:18:42.788599+00:00,166.0,200,ask,,,10286702
2026-07-07T03:18:48.427329,2026-07-07T03:18:48.464033+00:00,166.0,20,bid,,,10286782
2026-07-07T03:18:51.546815,2026-07-07T03:18:51.564000+00:00,165.9,20,bid,,,10286820
2026-07-07T03:18:52.459153,2026-07-07T03:18:52.469167+00:00,165.8,200,bid,,,10286832
2026-07-07T03:18:56.186680,2026-07-07T03:18:56.195546+00:00,166.1,20,bid,,,10286884
2026-07-07T03:18:58.815318,2026-07-07T03:18:58.825715+00:00,166.0,200,ask,,,10286916
2026-07-07T03:18:59.715729,2026-07-07T03:18:59.727087+00:00,165.9,200,bid,,,10286929
2026-07-07T03:19:00.924534,2026-07-07T03:19:00.932715+00:00,166.0,200,ask,,,10286950
2026-07-07T03:19:03.413290,2026-07-07T03:19:03.464352+00:00,165.9,20,bid,,,10286985
2026-07-07T03:19:04.061681,2026-07-07T03:19:04.069092+00:00,165.8,200,ask,,,10287003
2026-07-07T03:19:04.085117,2026-07-07T03:19:04.088857+00:00,165.8,1,bid,,,10287005
2026-07-07T03:19:06.994439,2026-07-07T03:19:07.004124+00:00,165.8,200,bid,,,10287043
2026-07-07T03:19:07.235603,2026-07-07T03:19:07.242627+00:00,165.5,20,ask,,,10287050
2026-07-07T03:19:08.013756,2026-07-07T03:19:08.017890+00:00,165.8,1,ask,,,10287065
2026-07-07T03:19:11.023887,2026-07-07T03:19:11.035385+00:00,165.9,20,bid,,,10287109
2026-07-07T03:19:17.894833,2026-07-07T03:19:17.902350+00:00,165.8,200,bid,,,10287186
2026-07-07T03:19:19.102782,2026-07-07T03:19:19.111612+00:00,165.8,200,bid,,,10287201
2026-07-07T03:19:23.761420,2026-07-07T03:19:23.772315+00:00,165.9,500,bid,,,10287262
2026-07-07T03:19:23.915808,2026-07-07T03:19:23.926219+00:00,166.0,125,ask,,,10287265
2026-07-07T03:19:25.077314,2026-07-07T03:19:25.086288+00:00,165.8,200,ask,,,10287280
2026-07-07T03:19:25.151088,2026-07-07T03:19:25.163629+00:00,165.8,200,bid,,,10287282
2026-07-07T03:19:25.460587,2026-07-07T03:19:25.472243+00:00,165.8,20,bid,,,10287284
2026-07-07T03:19:31.495575,2026-07-07T03:19:31.507619+00:00,165.6,20,bid,,,10287357
2026-07-07T03:19:34.856238,2026-07-07T03:19:34.858585+00:00,165.6,200,bid,,,10287397
2026-07-07T03:19:36.643727,2026-07-07T03:19:36.664173+00:00,165.5,500,ask,,,10287417
2026-07-07T03:19:37.828640,2026-07-07T03:19:37.836234+00:00,165.4,500,ask,,,10287431
2026-07-07T03:19:39.691678,2026-07-07T03:19:39.699141+00:00,165.4,20,bid,,,10287459
2026-07-07T03:19:40.868818,2026-07-07T03:19:40.879499+00:00,165.2,200,ask,,,10287469
2026-07-07T03:19:41.621889,2026-07-07T03:19:41.633712+00:00,165.1,20,ask,,,10287479
2026-07-07T03:19:42.680456,2026-07-07T03:19:42.688464+00:00,165.1,500,ask,,,10287488
2026-07-07T03:19:50.606458,2026-07-07T03:19:50.614239+00:00,165.1,200,bid,,,10287587
2026-07-07T03:19:50.711896,2026-07-07T03:19:50.723286+00:00,164.9,20,ask,,,10287591
2026-07-07T03:19:51.832077,2026-07-07T03:19:51.841470+00:00,165.0,200,bid,,,10287607
2026-07-07T03:19:53.040346,2026-07-07T03:19:53.048675+00:00,165.1,200,bid,,,10287629
2026-07-07T03:19:55.395277,2026-07-07T03:19:55.404181+00:00,165.2,500,ask,,,10287665
2026-07-07T03:19:57.809649,2026-07-07T03:19:57.826004+00:00,165.1,20,ask,,,10287704
2026-07-07T03:19:57.861689,2026-07-07T03:19:57.870301+00:00,165.2,200,bid,,,10287706
2026-07-07T03:20:00.054241,2026-07-07T03:20:00.066044+00:00,165.1,20,ask,,,10287733
2026-07-07T03:20:02.092226,2026-07-07T03:20:02.102081+00:00,165.2,20,bid,,,10287758
2026-07-07T03:20:06.376082,2026-07-07T03:20:06.383970+00:00,165.0,20,ask,,,10287818
2026-07-07T03:20:07.496958,2026-07-07T03:20:07.505697+00:00,165.0,20,ask,,,10287836
2026-07-07T03:20:07.553795,2026-07-07T03:20:07.563960+00:00,165.0,200,ask,,,10287838
2026-07-07T03:20:08.762667,2026-07-07T03:20:08.772618+00:00,165.0,200,ask,,,10287855
2026-07-07T03:20:09.917835,2026-07-07T03:20:09.927193+00:00,165.0,20,ask,,,10287867
2026-07-07T03:20:09.974780,2026-07-07T03:20:09.982953+00:00,165.0,200,ask,,,10287871
2026-07-07T03:20:16.785524,2026-07-07T03:20:16.794757+00:00,164.9,20,bid,,,10287951
2026-07-07T03:20:17.019184,2026-07-07T03:20:17.030840+00:00,164.9,20,bid,,,10287958
2026-07-07T03:20:18.469472,2026-07-07T03:20:18.473149+00:00,164.8,6,bid,,,10287979
2026-07-07T03:20:18.653194,2026-07-07T03:20:18.656693+00:00,164.7,6,ask,,,10287983
2026-07-07T03:20:20.199945,2026-07-07T03:20:20.211669+00:00,164.8,200,bid,,,10288009
2026-07-07T03:20:21.410049,2026-07-07T03:20:21.416672+00:00,164.8,200,bid,,,10288025
2026-07-07T03:20:21.410049,2026-07-07T03:20:21.421914+00:00,164.9,300,bid,,,10288026
2026-07-07T03:20:21.998293,2026-07-07T03:20:22.007188+00:00,164.9,500,bid,,,10288034
2026-07-07T03:20:22.062773,2026-07-07T03:20:22.070545+00:00,164.7,200,ask,,,10288036
2026-07-07T03:20:22.601077,2026-07-07T03:20:22.610247+00:00,164.9,125,bid,,,10288041
2026-07-07T03:20:23.270661,2026-07-07T03:20:23.279348+00:00,164.9,200,ask,,,10288057
2026-07-07T03:20:23.388950,2026-07-07T03:20:23.396914+00:00,164.9,20,ask,,,10288060
2026-07-07T03:20:24.477715,2026-07-07T03:20:24.487406+00:00,164.9,200,ask,,,10288073
2026-07-07T03:20:28.012926,2026-07-07T03:20:28.021249+00:00,165.0,200,bid,,,10288119
2026-07-07T03:20:28.099956,2026-07-07T03:20:28.106337+00:00,165.0,200,ask,,,10288123
2026-07-07T03:20:29.760495,2026-07-07T03:20:29.772173+00:00,164.9,20,ask,,,10288148
2026-07-07T03:20:29.896185,2026-07-07T03:20:29.903410+00:00,165.0,500,bid,,,10288150
2026-07-07T03:20:30.491486,2026-07-07T03:20:30.501406+00:00,165.0,125,bid,,,10288157
2026-07-07T03:20:30.536176,2026-07-07T03:20:30.545878+00:00,165.0,200,ask,,,10288160
2026-07-07T03:20:31.951258,2026-07-07T03:20:31.964165+00:00,165.1,200,bid,,,10288176
2026-07-07T03:20:35.374570,2026-07-07T03:20:35.386221+00:00,165.1,200,ask,,,10288217
2026-07-07T03:20:39.818695,2026-07-07T03:20:39.829263+00:00,165.1,200,ask,,,10288279
2026-07-07T03:20:40.582270,2026-07-07T03:20:40.594112+00:00,165.1,20,bid,,,10288289
2026-07-07T03:20:40.770895,2026-07-07T03:20:40.782376+00:00,165.1,405,bid,,,10288290
2026-07-07T03:20:41.124450,2026-07-07T03:20:41.130835+00:00,165.2,200,bid,,,10288294
2026-07-07T03:20:42.367821,2026-07-07T03:20:42.379634+00:00,165.2,20,ask,,,10288315
2026-07-07T03:20:44.393093,2026-07-07T03:20:44.404538+00:00,165.2,20,bid,,,10288341
2026-07-07T03:20:44.730157,2026-07-07T03:20:44.739197+00:00,165.1,20,ask,,,10288348
2026-07-07T03:20:46.269467,2026-07-07T03:20:46.277439+00:00,165.2,200,bid,,,10288366
2026-07-07T03:20:48.688983,2026-07-07T03:20:48.696231+00:00,165.4,200,ask,,,10288404
2026-07-07T03:20:51.603163,2026-07-07T03:20:51.614982+00:00,165.4,200,bid,,,10288447
2026-07-07T03:20:52.310067,2026-07-07T03:20:52.318100+00:00,165.4,200,ask,,,10288456
2026-07-07T03:20:52.751014,2026-07-07T03:20:52.747305+00:00,165.4,20,ask,,,10288463
2026-07-07T03:20:54.819742,2026-07-07T03:20:54.831455+00:00,165.4,20,bid,,,10288499
2026-07-07T03:20:55.942449,2026-07-07T03:20:55.951728+00:00,165.3,200,ask,,,10288514
2026-07-07T03:20:57.148555,2026-07-07T03:20:57.164042+00:00,165.2,200,ask,,,10288535
2026-07-07T03:20:57.158869,2026-07-07T03:20:57.169259+00:00,165.5,20,bid,,,10288537
2026-07-07T03:20:58.358183,2026-07-07T03:20:58.369425+00:00,165.4,200,ask,,,10288563
2026-07-07T03:20:59.072551,2026-07-07T03:20:59.079072+00:00,165.4,20,ask,,,10288579
2026-07-07T03:21:00.787041,2026-07-07T03:21:00.795528+00:00,165.4,200,bid,,,10288594
2026-07-07T03:21:01.224295,2026-07-07T03:21:01.231448+00:00,165.4,20,ask,,,10288603
2026-07-07T03:21:02.104216,2026-07-07T03:21:02.115825+00:00,165.4,500,ask,,,10288615
2026-07-07T03:21:03.223109,2026-07-07T03:21:03.231584+00:00,165.4,125,bid,,,10288630
2026-07-07T03:21:03.410222,2026-07-07T03:21:03.458669+00:00,165.6,200,bid,,,10288634
2026-07-07T03:21:04.332426,2026-07-07T03:21:04.358602+00:00,165.6,20,ask,,,10288646
2026-07-07T03:21:06.036687,2026-07-07T03:21:06.043736+00:00,165.6,200,ask,,,10288670
2026-07-07T03:21:13.882881,2026-07-07T03:21:13.894667+00:00,165.8,20,bid,,,10288781
2026-07-07T03:21:13.897316,2026-07-07T03:21:13.904939+00:00,165.8,180,bid,,,10288782
2026-07-07T03:21:14.115777,2026-07-07T03:21:14.123726+00:00,165.8,200,ask,,,10288784
2026-07-07T03:21:16.531821,2026-07-07T03:21:16.558598+00:00,165.8,200,ask,,,10288812
2026-07-07T03:21:23.289186,2026-07-07T03:21:23.300929+00:00,166.1,20,bid,,,10288902
2026-07-07T03:21:24.354240,2026-07-07T03:21:24.364186+00:00,166.1,20,bid,,,10288920
2026-07-07T03:21:24.667952,2026-07-07T03:21:24.677169+00:00,165.9,20,ask,,,10288925
2026-07-07T03:21:26.496764,2026-07-07T03:21:26.504717+00:00,166.0,20,bid,,,10288939
2026-07-07T03:21:29.860120,2026-07-07T03:21:29.869105+00:00,165.8,200,bid,,,10288969
2026-07-07T03:21:31.071883,2026-07-07T03:21:31.079345+00:00,165.7,200,bid,,,10288989
2026-07-07T03:21:32.922631,2026-07-07T03:21:32.929540+00:00,165.8,20,ask,,,10289009
2026-07-07T03:21:33.694182,2026-07-07T03:21:33.706174+00:00,165.7,20,ask,,,10289018
2026-07-07T03:21:36.062733,2026-07-07T03:21:36.074253+00:00,165.9,20,bid,,,10289044
2026-07-07T03:21:37.532894,2026-07-07T03:21:37.540908+00:00,165.8,200,ask,,,10289051
2026-07-07T03:21:39.307457,2026-07-07T03:21:39.315767+00:00,165.8,20,ask,,,10289081
2026-07-07T03:21:40.748557,2026-07-07T03:21:40.758606+00:00,165.9,20,bid,,,10289096
2026-07-07T03:21:41.972503,2026-07-07T03:21:41.979442+00:00,165.9,200,bid,,,10289117
2026-07-07T03:21:43.180380,2026-07-07T03:21:43.190375+00:00,165.9,200,bid,,,10289131
2026-07-07T03:21:43.376128,2026-07-07T03:21:43.384734+00:00,165.9,20,bid,,,10289134
2026-07-07T03:21:44.012744,2026-07-07T03:21:44.020595+00:00,165.6,20,ask,,,10289145
2026-07-07T03:21:44.104879,2026-07-07T03:21:44.108480+00:00,165.7,6,bid,,,10289147
2026-07-07T03:21:44.388071,2026-07-07T03:21:44.394901+00:00,165.7,200,bid,,,10289150
2026-07-07T03:21:47.272346,2026-07-07T03:21:47.275940+00:00,165.7,6,ask,,,10289179
2026-07-07T03:21:47.645060,2026-07-07T03:21:47.652011+00:00,165.7,20,ask,,,10289191
2026-07-07T03:21:48.892680,2026-07-07T03:21:48.900740+00:00,165.9,4,bid,,,10289207
2026-07-07T03:21:49.742180,2026-07-07T03:21:49.758789+00:00,165.7,4,ask,,,10289215
2026-07-07T03:21:50.412729,2026-07-07T03:21:50.421023+00:00,165.8,500,bid,,,10289228
2026-07-07T03:21:50.652631,2026-07-07T03:21:50.658588+00:00,165.9,200,bid,,,10289233
2026-07-07T03:21:53.429667,2026-07-07T03:21:53.463661+00:00,165.9,200,bid,,,10289262
2026-07-07T03:21:54.111818,2026-07-07T03:21:54.118925+00:00,165.8,200,ask,,,10289270
2026-07-07T03:21:57.211674,2026-07-07T03:21:57.222627+00:00,165.9,200,bid,,,10289309
2026-07-07T03:21:57.733338,2026-07-07T03:21:57.743005+00:00,165.9,200,ask,,,10289310
2026-07-07T03:21:58.938404,2026-07-07T03:21:58.948347+00:00,165.9,200,bid,,,10289327
2026-07-07T03:22:02.210441,2026-07-07T03:22:02.222202+00:00,166.1,20,bid,,,10289366
2026-07-07T03:22:07.409678,2026-07-07T03:22:07.418407+00:00,165.8,200,ask,,,10289435
2026-07-07T03:22:09.774440,2026-07-07T03:22:09.803452+00:00,165.7,500,bid,,,10289468
2026-07-07T03:22:10.326558,2026-07-07T03:22:10.335287+00:00,165.8,200,bid,,,10289478
2026-07-07T03:22:10.341484,2026-07-07T03:22:10.348480+00:00,165.8,20,ask,,,10289479
2026-07-07T03:22:11.037210,2026-07-07T03:22:11.044998+00:00,165.8,200,ask,,,10289495
2026-07-07T03:22:14.263843,2026-07-07T03:22:14.274379+00:00,165.8,200,bid,,,10289542
2026-07-07T03:22:21.428198,2026-07-07T03:22:21.439838+00:00,165.9,20,bid,,,10289631
2026-07-07T03:22:21.930568,2026-07-07T03:22:21.938136+00:00,165.9,200,bid,,,10289633
2026-07-07T03:22:23.574627,2026-07-07T03:22:23.584469+00:00,165.9,20,bid,,,10289662
2026-07-07T03:22:24.353026,2026-07-07T03:22:24.352909+00:00,165.9,200,bid,,,10289669
2026-07-07T03:22:30.418254,2026-07-07T03:22:30.421972+00:00,166.3,6,bid,,,10289733
2026-07-07T03:22:31.312726,2026-07-07T03:22:31.320672+00:00,166.3,194,bid,,,10289746
2026-07-07T03:22:31.636808,2026-07-07T03:22:31.640376+00:00,166.4,11,bid,,,10289751
2026-07-07T03:22:31.892918,2026-07-07T03:22:31.903837+00:00,166.4,20,bid,,,10289758
2026-07-07T03:22:34.043207,2026-07-07T03:22:34.054475+00:00,166.4,20,bid,,,10289783
2026-07-07T03:22:36.256386,2026-07-07T03:22:36.264004+00:00,166.3,20,ask,,,10289820
2026-07-07T03:22:36.797718,2026-07-07T03:22:36.807799+00:00,166.4,20,bid,,,10289827
2026-07-07T03:22:37.671356,2026-07-07T03:22:37.682891+00:00,166.2,200,ask,,,10289848
2026-07-07T03:22:39.619157,2026-07-07T03:22:39.627995+00:00,166.3,20,bid,,,10289873
2026-07-07T03:22:40.091632,2026-07-07T03:22:40.101318+00:00,166.1,200,ask,,,10289878
2026-07-07T03:22:40.271234,2026-07-07T03:22:40.278931+00:00,166.3,20,bid,,,10289884
2026-07-07T03:22:42.528388,2026-07-07T03:22:42.535018+00:00,166.1,200,ask,,,10289920
2026-07-07T03:22:44.890186,2026-07-07T03:22:44.900373+00:00,166.2,200,bid,,,10289955
2026-07-07T03:22:45.754467,2026-07-07T03:22:45.765377+00:00,166.1,200,ask,,,10289971
2026-07-07T03:22:45.754467,2026-07-07T03:22:45.765377+00:00,166.1,425,ask,,,10289972
2026-07-07T03:22:47.299837,2026-07-07T03:22:47.308366+00:00,166.2,500,bid,,,10289984
2026-07-07T03:22:47.897498,2026-07-07T03:22:47.906418+00:00,166.2,125,bid,,,10289989
2026-07-07T03:22:49.012470,2026-07-07T03:22:49.020237+00:00,166.3,20,ask,,,10290007
2026-07-07T03:22:49.661117,2026-07-07T03:22:49.668803+00:00,166.4,20,bid,,,10290012
2026-07-07T03:22:49.681704,2026-07-07T03:22:49.692932+00:00,166.4,200,bid,,,10290013
2026-07-07T03:22:51.003888,2026-07-07T03:22:51.012166+00:00,166.4,200,bid,,,10290031
2026-07-07T03:22:52.214781,2026-07-07T03:22:52.225190+00:00,166.4,200,bid,,,10290051
2026-07-07T03:22:54.357734,2026-07-07T03:22:54.368932+00:00,166.5,20,bid,,,10290082
2026-07-07T03:22:57.158481,2026-07-07T03:22:57.169183+00:00,166.6,20,bid,,,10290123
2026-07-07T03:22:57.399071,2026-07-07T03:22:57.410820+00:00,166.4,20,ask,,,10290128
2026-07-07T03:23:00.131375,2026-07-07T03:23:00.138896+00:00,166.7,20,bid,,,10290159
2026-07-07T03:23:00.697682,2026-07-07T03:23:00.706627+00:00,166.6,200,bid,,,10290164
2026-07-07T03:23:03.549932,2026-07-07T03:23:03.563657+00:00,166.6,20,ask,,,10290191
2026-07-07T03:23:04.330336,2026-07-07T03:23:04.341502+00:00,166.7,200,ask,,,10290205
2026-07-07T03:23:05.540080,2026-07-07T03:23:05.549539+00:00,166.7,200,ask,,,10290221
2026-07-07T03:23:05.682561,2026-07-07T03:23:05.690485+00:00,166.7,20,ask,,,10290227
2026-07-07T03:23:06.755574,2026-07-07T03:23:06.758584+00:00,166.7,200,ask,,,10290239
2026-07-07T03:23:07.966537,2026-07-07T03:23:07.976429+00:00,166.7,200,ask,,,10290256
2026-07-07T03:23:08.047303,2026-07-07T03:23:08.056079+00:00,166.5,200,ask,,,10290257
2026-07-07T03:23:08.063702,2026-07-07T03:23:08.067146+00:00,166.5,12,bid,,,10290259
2026-07-07T03:23:08.244991,2026-07-07T03:23:08.258634+00:00,166.3,12,ask,,,10290262
2026-07-07T03:23:08.360481,2026-07-07T03:23:08.369251+00:00,166.3,20,ask,,,10290264
2026-07-07T03:23:09.170464,2026-07-07T03:23:09.182068+00:00,166.5,200,bid,,,10290274
2026-07-07T03:23:10.285040,2026-07-07T03:23:10.288482+00:00,166.3,20,ask,,,10290286
2026-07-07T03:23:16.321010,2026-07-07T03:23:16.329324+00:00,166.3,20,ask,,,10290356
2026-07-07T03:23:17.235584,2026-07-07T03:23:17.239614+00:00,166.5,23,ask,,,10290367
2026-07-07T03:23:17.618447,2026-07-07T03:23:17.626335+00:00,166.5,20,ask,,,10290373
2026-07-07T03:23:18.865105,2026-07-07T03:23:18.875548+00:00,166.5,200,ask,,,10290389
2026-07-07T03:23:20.088933,2026-07-07T03:23:20.092480+00:00,166.5,11,bid,,,10290403
2026-07-07T03:23:21.084154,2026-07-07T03:23:21.092179+00:00,166.5,20,bid,,,10290422
2026-07-07T03:23:22.483711,2026-07-07T03:23:22.487634+00:00,166.4,11,ask,,,10290444
2026-07-07T03:23:24.697396,2026-07-07T03:23:24.706125+00:00,166.3,20,ask,,,10290476
2026-07-07T03:23:25.337059,2026-07-07T03:23:25.344958+00:00,166.3,20,ask,,,10290488
2026-07-07T03:23:26.408224,2026-07-07T03:23:26.428185+00:00,166.5,200,bid,,,10290503
2026-07-07T03:23:26.424370,2026-07-07T03:23:26.428185+00:00,166.5,6,ask,,,10290505
2026-07-07T03:23:26.819385,2026-07-07T03:23:26.827165+00:00,166.5,20,ask,,,10290510
2026-07-07T03:23:27.036024,2026-07-07T03:23:27.043347+00:00,166.5,20,ask,,,10290516
2026-07-07T03:23:27.336339,2026-07-07T03:23:27.346009+00:00,166.5,200,ask,,,10290522
2026-07-07T03:23:27.724453,2026-07-07T03:23:27.735533+00:00,166.5,500,ask,,,10290529
2026-07-07T03:23:27.861459,2026-07-07T03:23:27.869047+00:00,166.4,125,bid,,,10290531
2026-07-07T03:23:28.569213,2026-07-07T03:23:28.572575+00:00,166.5,29,bid,,,10290541
2026-07-07T03:23:28.785501,2026-07-07T03:23:28.797515+00:00,166.5,20,bid,,,10290545
2026-07-07T03:23:29.002285,2026-07-07T03:23:29.010372+00:00,166.4,8,ask,,,10290553
2026-07-07T03:23:29.020832,2026-07-07T03:23:29.024297+00:00,166.4,12,ask,,,10290555
2026-07-07T03:23:29.032493,2026-07-07T03:23:29.039544+00:00,166.5,151,bid,,,10290557
2026-07-07T03:23:29.085420,2026-07-07T03:23:29.088847+00:00,166.5,8,ask,,,10290559
2026-07-07T03:23:29.211351,2026-07-07T03:23:29.222929+00:00,166.8,20,bid,,,10290561
2026-07-07T03:23:29.758161,2026-07-07T03:23:29.769304+00:00,166.5,200,ask,,,10290563
2026-07-07T03:23:30.056513,2026-07-07T03:23:30.068940+00:00,166.5,20,ask,,,10290574
2026-07-07T03:23:31.665440,2026-07-07T03:23:31.669539+00:00,166.4,9,ask,,,10290599
2026-07-07T03:23:32.179549,2026-07-07T03:23:32.187544+00:00,166.4,200,ask,,,10290606
2026-07-07T03:23:33.387560,2026-07-07T03:23:33.391929+00:00,166.5,200,bid,,,10290618
2026-07-07T03:23:36.333024,2026-07-07T03:23:36.339862+00:00,166.4,200,bid,,,10290645
2026-07-07T03:23:36.909313,2026-07-07T03:23:36.918714+00:00,166.4,300,ask,,,10290653
2026-07-07T03:23:37.407488,2026-07-07T03:23:37.418984+00:00,166.3,20,ask,,,10290659
2026-07-07T03:23:37.565890,2026-07-07T03:23:37.576368+00:00,166.4,325,bid,,,10290660
2026-07-07T03:23:37.565890,2026-07-07T03:23:37.576368+00:00,166.4,175,bid,,,10290661
2026-07-07T03:23:38.161706,2026-07-07T03:23:38.172641+00:00,166.4,25,bid,,,10290667
2026-07-07T03:23:38.230474,2026-07-07T03:23:38.237693+00:00,166.6,200,ask,,,10290668
2026-07-07T03:23:39.442947,2026-07-07T03:23:39.458627+00:00,166.6,200,ask,,,10290679
2026-07-07T03:23:40.582998,2026-07-07T03:23:40.593647+00:00,166.5,500,bid,,,10290691
2026-07-07T03:23:40.842892,2026-07-07T03:23:40.850415+00:00,166.7,200,bid,,,10290694
2026-07-07T03:23:48.942819,2026-07-07T03:23:48.952140+00:00,166.5,20,bid,,,10290817
2026-07-07T03:23:49.747982,2026-07-07T03:23:49.763960+00:00,166.3,20,ask,,,10290829
2026-07-07T03:23:51.546561,2026-07-07T03:23:51.564084+00:00,166.5,200,bid,,,10290849
2026-07-07T03:23:52.377592,2026-07-07T03:23:52.384536+00:00,166.2,20,ask,,,10290854
2026-07-07T03:23:54.872019,2026-07-07T03:23:54.883757+00:00,166.8,20,bid,,,10290880
2026-07-07T03:23:55.185998,2026-07-07T03:23:55.195260+00:00,166.8,200,bid,,,10290884
2026-07-07T03:23:56.588401,2026-07-07T03:23:56.596201+00:00,166.8,200,ask,,,10290902
2026-07-07T03:23:57.029808,2026-07-07T03:23:57.058606+00:00,166.8,20,bid,,,10290910
2026-07-07T03:23:57.878983,2026-07-07T03:23:57.890498+00:00,166.7,14,ask,,,10290922
2026-07-07T03:23:58.518862,2026-07-07T03:23:58.521580+00:00,166.8,20,bid,,,10290928
2026-07-07T03:23:58.763021,2026-07-07T03:23:58.774776+00:00,166.8,20,bid,,,10290934
2026-07-07T03:23:59.833184,2026-07-07T03:23:59.842079+00:00,166.6,20,ask,,,10290950
2026-07-07T03:24:00.797527,2026-07-07T03:24:00.809214+00:00,166.8,20,bid,,,10290963
2026-07-07T03:24:03.251326,2026-07-07T03:24:03.254794+00:00,166.8,6,bid,,,10291003
