timestamp,recv_time,price,volume,aggressor_side,buyer,seller,trade_id
2026-07-09T11:00:04.013008,2026-07-09T11:00:04.022164+00:00,117.8,20,bid,BrilliantBurritos,YieldingYams,13461153
2026-07-09T11:00:05.471777,2026-07-09T11:00:05.481724+00:00,117.7,200,bid,YieldingYams,WavyWalnuts,13461176
2026-07-09T11:00:08.106090,2026-07-09T11:00:08.113605+00:00,117.8,200,bid,YieldingYams,WavyWalnuts,13461215
2026-07-09T11:00:08.412388,2026-07-09T11:00:08.424437+00:00,117.8,20,ask,YieldingYams,BrilliantBurritos,13461223
2026-07-09T11:00:08.626429,2026-07-09T11:00:08.633576+00:00,117.8,200,ask,YieldingYams,WavyWalnuts,13461227
2026-07-09T11:00:11.057177,2026-07-09T11:00:11.070226+00:00,117.8,200,ask,YieldingYams,WavyWalnuts,13461277
2026-07-09T11:00:12.098867,2026-07-09T11:00:12.103072+00:00,117.9,11,ask,YieldingYams,Xuanyu Liu,13461300
2026-07-09T11:00:12.242363,2026-07-09T11:00:12.254188+00:00,117.9,20,ask,YieldingYams,BrilliantBurritos,13461302
2026-07-09T11:00:12.266193,2026-07-09T11:00:12.273351+00:00,117.9,200,ask,YieldingYams,WavyWalnuts,13461303
2026-07-09T11:00:14.712104,2026-07-09T11:00:14.721967+00:00,118.0,200,bid,YieldingYams,WavyWalnuts,13461338
2026-07-09T11:00:14.729666,2026-07-09T11:00:14.733745+00:00,118.1,12,ask,YieldingYams,Xuanyu Liu,13461341
2026-07-09T11:00:15.881118,2026-07-09T11:00:15.892985+00:00,118.3,20,bid,BrilliantBurritos,YieldingYams,13461354
2026-07-09T11:00:18.337851,2026-07-09T11:00:18.348720+00:00,118.1,200,ask,YieldingYams,WavyWalnuts,13461401
2026-07-09T11:00:19.315546,2026-07-09T11:00:19.326482+00:00,118.1,20,ask,YieldingYams,BrilliantBurritos,13461413
2026-07-09T11:00:19.986929,2026-07-09T11:00:19.991319+00:00,118.2,11,ask,YieldingYams,Xuanyu Liu,13461423
2026-07-09T11:00:20.757394,2026-07-09T11:00:20.769920+00:00,118.2,200,ask,YieldingYams,WavyWalnuts,13461447
2026-07-09T11:00:22.599020,2026-07-09T11:00:22.609468+00:00,118.2,500,bid,YieldingYams,AverageAlmonds,13461481
2026-07-09T11:00:22.599020,2026-07-09T11:00:22.609468+00:00,118.3,125,bid,YieldingYams,WavyWalnuts,13461482
2026-07-09T11:00:23.913358,2026-07-09T11:00:23.925345+00:00,118.2,200,ask,WavyWalnuts,YieldingYams,13461509
2026-07-09T11:00:24.021824,2026-07-09T11:00:24.026383+00:00,118.0,11,ask,YieldingYams,Xuanyu Liu,13461513
2026-07-09T11:00:24.405004,2026-07-09T11:00:24.408830+00:00,118.1,12,ask,WavyWalnuts,Xuanyu Liu,13461517
2026-07-09T11:00:25.166784,2026-07-09T11:00:25.178754+00:00,118.1,20,ask,WavyWalnuts,BrilliantBurritos,13461534
2026-07-09T11:00:26.810078,2026-07-09T11:00:26.819039+00:00,118.1,200,ask,YieldingYams,WavyWalnuts,13461559
2026-07-09T11:00:29.196889,2026-07-09T11:00:29.204335+00:00,118.0,200,ask,WavyWalnuts,YieldingYams,13461598
2026-07-09T11:00:29.229481,2026-07-09T11:00:29.239626+00:00,118.0,200,bid,WavyWalnuts,YieldingYams,13461599
2026-07-09T11:00:30.438544,2026-07-09T11:00:30.449901+00:00,118.0,200,bid,WavyWalnuts,YieldingYams,13461624
2026-07-09T11:00:31.824962,2026-07-09T11:00:31.835367+00:00,117.9,200,ask,WavyWalnuts,YieldingYams,13461642
2026-07-09T11:00:34.064840,2026-07-09T11:00:34.075580+00:00,117.9,200,bid,WavyWalnuts,YieldingYams,13461663
2026-07-09T11:00:35.277547,2026-07-09T11:00:35.287853+00:00,117.8,200,ask,YieldingYams,WavyWalnuts,13461679
2026-07-09T11:00:36.217657,2026-07-09T11:00:36.229209+00:00,117.9,500,bid,AverageAlmonds,YieldingYams,13461694
2026-07-09T11:00:36.842685,2026-07-09T11:00:36.851247+00:00,117.9,125,bid,AverageAlmonds,YieldingYams,13461701
2026-07-09T11:00:36.842685,2026-07-09T11:00:36.851247+00:00,117.9,200,bid,AverageAlmonds,WavyWalnuts,13461702
2026-07-09T11:00:43.482192,2026-07-09T11:00:43.494146+00:00,118.0,20,ask,AverageAlmonds,BrilliantBurritos,13461781
2026-07-09T11:00:43.516507,2026-07-09T11:00:43.527632+00:00,118.1,500,bid,AverageAlmonds,YieldingYams,13461782
2026-07-09T11:00:43.645710,2026-07-09T11:00:43.664232+00:00,118.1,200,bid,YieldingYams,WavyWalnuts,13461786
2026-07-09T11:00:43.742388,2026-07-09T11:00:43.764252+00:00,118.2,200,ask,YieldingYams,WavyWalnuts,13461787
2026-07-09T11:00:44.319444,2026-07-09T11:00:44.331476+00:00,118.2,20,ask,YieldingYams,BrilliantBurritos,13461794
2026-07-09T11:00:44.971120,2026-07-09T11:00:44.980781+00:00,118.1,500,ask,AverageAlmonds,YieldingYams,13461815
2026-07-09T11:00:44.971120,2026-07-09T11:00:44.980781+00:00,118.1,125,ask,WavyWalnuts,YieldingYams,13461816
2026-07-09T11:00:45.501739,2026-07-09T11:00:45.513840+00:00,118.1,20,ask,WavyWalnuts,BrilliantBurritos,13461820
2026-07-09T11:00:46.115253,2026-07-09T11:00:46.119561+00:00,118.3,12,bid,Xuanyu Liu,WavyWalnuts,13461842
2026-07-09T11:00:47.373564,2026-07-09T11:00:47.382658+00:00,118.2,200,ask,YieldingYams,WavyWalnuts,13461849
2026-07-09T11:00:47.740812,2026-07-09T11:00:47.750675+00:00,118.3,500,bid,AverageAlmonds,YieldingYams,13461861
2026-07-09T11:00:48.331614,2026-07-09T11:00:48.339848+00:00,118.3,125,bid,AverageAlmonds,YieldingYams,13461873
2026-07-09T11:00:48.582533,2026-07-09T11:00:48.591120+00:00,118.3,200,ask,AverageAlmonds,WavyWalnuts,13461876
2026-07-09T11:00:49.791580,2026-07-09T11:00:49.798998+00:00,118.5,200,ask,YieldingYams,WavyWalnuts,13461895
2026-07-09T11:00:51.000993,2026-07-09T11:00:51.007905+00:00,118.3,200,ask,YieldingYams,WavyWalnuts,13461911
2026-07-09T11:00:51.552324,2026-07-09T11:00:51.556369+00:00,118.4,11,bid,Xuanyu Liu,YieldingYams,13461923
2026-07-09T11:00:51.988033,2026-07-09T11:00:51.994948+00:00,118.4,500,bid,AverageAlmonds,YieldingYams,13461925
2026-07-09T11:00:52.232073,2026-07-09T11:00:52.236452+00:00,118.3,11,bid,Xuanyu Liu,WavyWalnuts,13461934
2026-07-09T11:00:52.581930,2026-07-09T11:00:52.589249+00:00,118.3,189,bid,AverageAlmonds,WavyWalnuts,13461937
2026-07-09T11:00:53.420175,2026-07-09T11:00:53.431984+00:00,118.4,200,ask,YieldingYams,WavyWalnuts,13461956
2026-07-09T11:00:53.640965,2026-07-09T11:00:53.648494+00:00,118.4,20,ask,YieldingYams,BrilliantBurritos,13461959
2026-07-09T11:00:55.462883,2026-07-09T11:00:55.470879+00:00,118.4,200,ask,WavyWalnuts,YieldingYams,13461980
2026-07-09T11:00:55.761694,2026-07-09T11:00:55.773946+00:00,118.4,20,bid,BrilliantBurritos,YieldingYams,13461984
2026-07-09T11:00:55.837171,2026-07-09T11:00:55.846206+00:00,118.4,200,bid,WavyWalnuts,YieldingYams,13461985
2026-07-09T11:00:56.421511,2026-07-09T11:00:56.428659+00:00,118.2,20,ask,YieldingYams,BrilliantBurritos,13461994
2026-07-09T11:00:58.091147,2026-07-09T11:00:58.105669+00:00,118.5,200,bid,YieldingYams,WavyWalnuts,13462025
2026-07-09T11:00:59.406660,2026-07-09T11:00:59.417325+00:00,118.5,200,ask,WavyWalnuts,YieldingYams,13462045
2026-07-09T11:00:59.468288,2026-07-09T11:00:59.477407+00:00,118.5,200,bid,WavyWalnuts,YieldingYams,13462047
2026-07-09T11:01:02.037196,2026-07-09T11:01:02.048928+00:00,118.5,200,bid,YieldingYams,WavyWalnuts,13462083
2026-07-09T11:01:03.823607,2026-07-09T11:01:03.835714+00:00,118.5,20,ask,YieldingYams,BrilliantBurritos,13462120
2026-07-09T11:01:04.311505,2026-07-09T11:01:04.321662+00:00,118.5,200,ask,YieldingYams,WavyWalnuts,13462125
2026-07-09T11:01:05.519128,2026-07-09T11:01:05.528204+00:00,118.6,200,bid,WavyWalnuts,YieldingYams,13462138
2026-07-09T11:01:06.011744,2026-07-09T11:01:06.016294+00:00,118.5,12,bid,Xuanyu Liu,YieldingYams,13462159
2026-07-09T11:01:07.939360,2026-07-09T11:01:07.946772+00:00,118.6,200,bid,WavyWalnuts,YieldingYams,13462176
2026-07-09T11:01:11.227157,2026-07-09T11:01:11.238384+00:00,118.5,200,ask,WavyWalnuts,YieldingYams,13462215
2026-07-09T11:01:11.227157,2026-07-09T11:01:11.238384+00:00,118.5,425,ask,AverageAlmonds,YieldingYams,13462216
2026-07-09T11:01:11.583701,2026-07-09T11:01:11.587556+00:00,118.6,11,bid,Xuanyu Liu,WavyWalnuts,13462224
2026-07-09T11:01:15.195591,2026-07-09T11:01:15.207099+00:00,118.7,200,ask,YieldingYams,WavyWalnuts,13462280
2026-07-09T11:01:16.404438,2026-07-09T11:01:16.415450+00:00,118.7,200,ask,YieldingYams,WavyWalnuts,13462298
2026-07-09T11:01:17.612270,2026-07-09T11:01:17.623994+00:00,118.5,200,bid,WavyWalnuts,YieldingYams,13462314
2026-07-09T11:01:18.035349,2026-07-09T11:01:18.045610+00:00,118.5,20,ask,YieldingYams,BrilliantBurritos,13462318
2026-07-09T11:01:18.824276,2026-07-09T11:01:18.831411+00:00,118.5,200,ask,YieldingYams,WavyWalnuts,13462330
2026-07-09T11:01:20.456501,2026-07-09T11:01:20.463613+00:00,118.6,200,bid,AverageAlmonds,WavyWalnuts,13462348
2026-07-09T11:01:21.709373,2026-07-09T11:01:21.719395+00:00,118.6,500,ask,AverageAlmonds,YieldingYams,13462367
2026-07-09T11:01:22.460869,2026-07-09T11:01:22.469122+00:00,118.6,125,bid,WavyWalnuts,YieldingYams,13462381
2026-07-09T11:01:23.017909,2026-07-09T11:01:23.027395+00:00,118.9,200,bid,YieldingYams,WavyWalnuts,13462391
2026-07-09T11:01:27.314713,2026-07-09T11:01:27.318997+00:00,118.8,23,ask,YieldingYams,Xuanyu Liu,13462457
2026-07-09T11:01:29.736368,2026-07-09T11:01:29.740415+00:00,118.8,12,bid,Xuanyu Liu,WavyWalnuts,13462485
2026-07-09T11:01:30.890607,2026-07-09T11:01:30.898425+00:00,118.8,188,bid,YieldingYams,WavyWalnuts,13462502
2026-07-09T11:01:32.207738,2026-07-09T11:01:32.215971+00:00,118.9,200,ask,WavyWalnuts,YieldingYams,13462518
2026-07-09T11:01:33.349258,2026-07-09T11:01:33.358904+00:00,118.9,200,bid,WavyWalnuts,YieldingYams,13462531
2026-07-09T11:01:33.670055,2026-07-09T11:01:33.674084+00:00,119.1,11,bid,Xuanyu Liu,WavyWalnuts,13462541
2026-07-09T11:01:34.561659,2026-07-09T11:01:34.568769+00:00,119.0,200,ask,YieldingYams,WavyWalnuts,13462547
2026-07-09T11:01:37.448150,2026-07-09T11:01:37.469374+00:00,118.9,200,bid,YieldingYams,WavyWalnuts,13462585
2026-07-09T11:01:37.464761,2026-07-09T11:01:37.469374+00:00,118.9,23,ask,YieldingYams,Xuanyu Liu,13462587
2026-07-09T11:01:38.187716,2026-07-09T11:01:38.195031+00:00,118.9,200,ask,YieldingYams,WavyWalnuts,13462600
2026-07-09T11:01:39.394611,2026-07-09T11:01:39.404274+00:00,118.8,200,bid,WavyWalnuts,YieldingYams,13462621
2026-07-09T11:01:40.505084,2026-07-09T11:01:40.517231+00:00,118.9,20,bid,BrilliantBurritos,YieldingYams,13462636
2026-07-09T11:01:42.692194,2026-07-09T11:01:42.702069+00:00,118.8,200,ask,WavyWalnuts,YieldingYams,13462670
2026-07-09T11:01:52.644550,2026-07-09T11:01:52.648676+00:00,118.8,22,ask,WavyWalnuts,Xuanyu Liu,13462810
2026-07-09T11:01:53.190256,2026-07-09T11:01:53.200768+00:00,118.8,200,ask,WavyWalnuts,YieldingYams,13462823
2026-07-09T11:01:57.720705,2026-07-09T11:01:57.733073+00:00,118.9,20,bid,BrilliantBurritos,WavyWalnuts,13462888
2026-07-09T11:01:58.983830,2026-07-09T11:01:58.988470+00:00,118.8,29,ask,YieldingYams,Xuanyu Liu,13462916
2026-07-09T11:02:02.250309,2026-07-09T11:02:02.258602+00:00,118.8,500,bid,AverageAlmonds,YieldingYams,13462955
2026-07-09T11:02:02.365579,2026-07-09T11:02:02.373355+00:00,118.9,200,bid,YieldingYams,WavyWalnuts,13462960
2026-07-09T11:02:04.265470,2026-07-09T11:02:04.269712+00:00,119.1,6,bid,Xuanyu Liu,WavyWalnuts,13462976
2026-07-09T11:02:05.444098,2026-07-09T11:02:05.455987+00:00,119.2,20,bid,BrilliantBurritos,WavyWalnuts,13462992
2026-07-09T11:02:06.016484,2026-07-09T11:02:06.027284+00:00,119.0,200,ask,YieldingYams,WavyWalnuts,13462999
2026-07-09T11:02:07.233312,2026-07-09T11:02:07.244043+00:00,119.0,200,ask,YieldingYams,WavyWalnuts,13463010
2026-07-09T11:02:07.630771,2026-07-09T11:02:07.634926+00:00,118.9,23,bid,Xuanyu Liu,YieldingYams,13463026
2026-07-09T11:02:10.287616,2026-07-09T11:02:10.293161+00:00,118.8,11,bid,Xuanyu Liu,YieldingYams,13463058
2026-07-09T11:02:10.755163,2026-07-09T11:02:10.758587+00:00,118.8,20,bid,BrilliantBurritos,YieldingYams,13463060
2026-07-09T11:02:10.871493,2026-07-09T11:02:10.879894+00:00,118.7,200,ask,AverageAlmonds,WavyWalnuts,13463064
2026-07-09T11:02:12.530352,2026-07-09T11:02:12.537460+00:00,118.7,200,bid,AverageAlmonds,WavyWalnuts,13463086
2026-07-09T11:02:14.199363,2026-07-09T11:02:14.206420+00:00,118.8,200,bid,YieldingYams,WavyWalnuts,13463111
2026-07-09T11:02:15.516068,2026-07-09T11:02:15.522746+00:00,118.9,200,ask,WavyWalnuts,YieldingYams,13463130
2026-07-09T11:02:16.482204,2026-07-09T11:02:16.494685+00:00,118.9,20,bid,BrilliantBurritos,YieldingYams,13463140
2026-07-09T11:02:16.851092,2026-07-09T11:02:16.855420+00:00,118.8,11,bid,Xuanyu Liu,YieldingYams,13463148
2026-07-09T11:02:16.916770,2026-07-09T11:02:16.920582+00:00,118.8,12,bid,Xuanyu Liu,YieldingYams,13463152
2026-07-09T11:02:18.117907,2026-07-09T11:02:18.125378+00:00,118.8,200,bid,WavyWalnuts,YieldingYams,13463170
2026-07-09T11:02:19.563122,2026-07-09T11:02:19.575348+00:00,118.8,20,ask,YieldingYams,BrilliantBurritos,13463192
2026-07-09T11:02:20.758206,2026-07-09T11:02:20.765289+00:00,118.9,200,bid,YieldingYams,WavyWalnuts,13463211
2026-07-09T11:02:24.768708,2026-07-09T11:02:24.780679+00:00,119.1,20,bid,BrilliantBurritos,WavyWalnuts,13463284
2026-07-09T11:02:27.904304,2026-07-09T11:02:27.912129+00:00,119.2,20,bid,BrilliantBurritos,AverageAlmonds,13463333
2026-07-09T11:02:28.639125,2026-07-09T11:02:28.658768+00:00,119.2,200,bid,YieldingYams,WavyWalnuts,13463350
2026-07-09T11:02:28.639125,2026-07-09T11:02:28.658768+00:00,119.2,425,bid,YieldingYams,AverageAlmonds,13463351
2026-07-09T11:02:30.203498,2026-07-09T11:02:30.213379+00:00,119.1,200,bid,WavyWalnuts,YieldingYams,13463371
2026-07-09T11:02:30.619592,2026-07-09T11:02:30.624352+00:00,118.9,12,ask,YieldingYams,Xuanyu Liu,13463383
2026-07-09T11:02:31.273670,2026-07-09T11:02:31.277716+00:00,119.0,11,ask,YieldingYams,Xuanyu Liu,13463391
2026-07-09T11:02:32.582044,2026-07-09T11:02:32.589690+00:00,119.2,200,bid,YieldingYams,WavyWalnuts,13463403
2026-07-09T11:02:32.602929,2026-07-09T11:02:32.607525+00:00,119.2,23,ask,YieldingYams,Xuanyu Liu,13463405
2026-07-09T11:02:32.618675,2026-07-09T11:02:32.628472+00:00,119.2,200,ask,YieldingYams,WavyWalnuts,13463407
2026-07-09T11:02:33.155864,2026-07-09T11:02:33.164334+00:00,119.2,202,ask,YieldingYams,AverageAlmonds,13463415
2026-07-09T11:02:33.727685,2026-07-09T11:02:33.732039+00:00,119.2,23,bid,Xuanyu Liu,AverageAlmonds,13463423
2026-07-09T11:02:33.856216,2026-07-09T11:02:33.860345+00:00,119.1,11,bid,Xuanyu Liu,WavyWalnuts,13463432
2026-07-09T11:02:33.908022,2026-07-09T11:02:33.912163+00:00,119.0,12,bid,Xuanyu Liu,YieldingYams,13463434
2026-07-09T11:02:36.262919,2026-07-09T11:02:36.270229+00:00,119.0,200,bid,WavyWalnuts,YieldingYams,13463466
2026-07-09T11:02:37.218849,2026-07-09T11:02:37.226143+00:00,119.0,20,ask,YieldingYams,BrilliantBurritos,13463483
2026-07-09T11:02:37.473258,2026-07-09T11:02:37.484957+00:00,119.0,200,ask,YieldingYams,WavyWalnuts,13463487
2026-07-09T11:02:39.114214,2026-07-09T11:02:39.124219+00:00,118.9,20,ask,YieldingYams,BrilliantBurritos,13463503
2026-07-09T11:02:40.108035,2026-07-09T11:02:40.112173+00:00,118.9,12,ask,WavyWalnuts,Xuanyu Liu,13463522
2026-07-09T11:02:41.777538,2026-07-09T11:02:41.781395+00:00,119.0,11,ask,YieldingYams,Xuanyu Liu,13463546
2026-07-09T11:02:42.320118,2026-07-09T11:02:42.330975+00:00,119.0,200,ask,YieldingYams,WavyWalnuts,13463561
2026-07-09T11:02:44.140373,2026-07-09T11:02:44.149941+00:00,118.9,20,ask,WavyWalnuts,BrilliantBurritos,13463583
2026-07-09T11:02:45.946104,2026-07-09T11:02:45.957031+00:00,118.9,200,ask,YieldingYams,WavyWalnuts,13463621
2026-07-09T11:02:47.024267,2026-07-09T11:02:47.031767+00:00,118.8,20,ask,YieldingYams,BrilliantBurritos,13463631
2026-07-09T11:02:48.503945,2026-07-09T11:02:48.515805+00:00,119.0,20,bid,BrilliantBurritos,YieldingYams,13463656
2026-07-09T11:02:49.579652,2026-07-09T11:02:49.591138+00:00,119.0,200,bid,WavyWalnuts,YieldingYams,13463682
2026-07-09T11:02:52.003966,2026-07-09T11:02:52.013025+00:00,118.9,200,bid,WavyWalnuts,YieldingYams,13463708
2026-07-09T11:02:53.213019,2026-07-09T11:02:53.220676+00:00,118.8,200,bid,WavyWalnuts,YieldingYams,13463721
2026-07-09T11:02:58.067434,2026-07-09T11:02:58.075537+00:00,119.0,200,bid,WavyWalnuts,YieldingYams,13463807
2026-07-09T11:03:01.926517,2026-07-09T11:03:01.933804+00:00,119.0,20,ask,WavyWalnuts,BrilliantBurritos,13463846
2026-07-09T11:03:05.340184,2026-07-09T11:03:05.349974+00:00,119.0,200,ask,YieldingYams,WavyWalnuts,13463895
2026-07-09T11:03:11.390830,2026-07-09T11:03:11.401180+00:00,119.1,200,bid,WavyWalnuts,YieldingYams,13463960
2026-07-09T11:03:14.983125,2026-07-09T11:03:14.987174+00:00,119.5,34,bid,Xuanyu Liu,WavyWalnuts,13464008
2026-07-09T11:03:15.579303,2026-07-09T11:03:15.584261+00:00,119.4,12,bid,Xuanyu Liu,AverageAlmonds,13464015
2026-07-09T11:03:16.164896,2026-07-09T11:03:16.174525+00:00,119.3,200,ask,WavyWalnuts,AverageAlmonds,13464021
2026-07-09T11:03:16.164896,2026-07-09T11:03:16.174525+00:00,119.3,300,ask,YieldingYams,AverageAlmonds,13464022
2026-07-09T11:03:19.788354,2026-07-09T11:03:19.813426+00:00,119.3,500,ask,YieldingYams,AverageAlmonds,13464081
2026-07-09T11:03:20.679074,2026-07-09T11:03:20.690847+00:00,119.3,20,bid,BrilliantBurritos,YieldingYams,13464097
2026-07-09T11:03:21.615089,2026-07-09T11:03:21.626323+00:00,119.2,200,ask,WavyWalnuts,AverageAlmonds,13464113
2026-07-09T11:03:21.615089,2026-07-09T11:03:21.626323+00:00,119.2,300,ask,YieldingYams,AverageAlmonds,13464114
2026-07-09T11:03:22.208906,2026-07-09T11:03:22.219478+00:00,119.2,325,ask,YieldingYams,AverageAlmonds,13464126
2026-07-09T11:03:22.232258,2026-07-09T11:03:22.236484+00:00,119.2,11,bid,Xuanyu Liu,AverageAlmonds,13464128
2026-07-09T11:03:22.533670,2026-07-09T11:03:22.538286+00:00,119.1,3,bid,Xuanyu Liu,YieldingYams,13464141
2026-07-09T11:03:24.734344,2026-07-09T11:03:24.742727+00:00,119.0,200,bid,WavyWalnuts,YieldingYams,13464173
2026-07-09T11:03:26.483025,2026-07-09T11:03:26.496175+00:00,119.1,20,bid,BrilliantBurritos,YieldingYams,13464195
2026-07-09T11:03:27.772614,2026-07-09T11:03:27.780253+00:00,119.0,200,ask,WavyWalnuts,YieldingYams,13464213
2026-07-09T11:03:27.794210,2026-07-09T11:03:27.798885+00:00,119.0,3,bid,Weiqing Shi,YieldingYams,13464217
2026-07-09T11:03:27.971434,2026-07-09T11:03:27.982325+00:00,119.0,3,bid,Xuanyu Liu,YieldingYams,13464221
2026-07-09T11:03:30.394605,2026-07-09T11:03:30.404947+00:00,118.9,200,ask,WavyWalnuts,YieldingYams,13464263
2026-07-09T11:03:31.868364,2026-07-09T11:03:31.876918+00:00,118.8,20,bid,BrilliantBurritos,YieldingYams,13464281
2026-07-09T11:03:32.008395,2026-07-09T11:03:32.015686+00:00,118.8,200,bid,WavyWalnuts,YieldingYams,13464282
2026-07-09T11:03:32.982751,2026-07-09T11:03:32.989433+00:00,118.5,3,ask,YieldingYams,Weiqing Shi,13464303
2026-07-09T11:03:33.039594,2026-07-09T11:03:33.044009+00:00,118.7,3,ask,YieldingYams,Xuanyu Liu,13464308
2026-07-09T11:03:37.003039,2026-07-09T11:03:37.009568+00:00,118.7,3,bid,Weiqing Shi,YieldingYams,13464368
2026-07-09T11:03:38.415234,2026-07-09T11:03:38.427180+00:00,118.6,20,ask,WavyWalnuts,BrilliantBurritos,13464386
2026-07-09T11:03:39.010167,2026-07-09T11:03:39.022131+00:00,118.6,3,ask,WavyWalnuts,Weiqing Shi,13464390
2026-07-09T11:03:41.703046,2026-07-09T11:03:41.710332+00:00,118.6,200,ask,YieldingYams,WavyWalnuts,13464427
2026-07-09T11:03:42.713820,2026-07-09T11:03:42.721450+00:00,118.5,20,ask,YieldingYams,BrilliantBurritos,13464440
2026-07-09T11:03:46.042548,2026-07-09T11:03:46.058615+00:00,118.7,20,ask,WavyWalnuts,BrilliantBurritos,13464488
2026-07-09T11:03:46.186248,2026-07-09T11:03:46.190804+00:00,118.8,3,ask,YieldingYams,Xuanyu Liu,13464493
2026-07-09T11:03:46.649324,2026-07-09T11:03:46.654832+00:00,118.9,3,bid,Xuanyu Liu,WavyWalnuts,13464503
2026-07-09T11:03:47.072820,2026-07-09T11:03:47.079912+00:00,118.9,3,bid,Weiqing Shi,WavyWalnuts,13464508
2026-07-09T11:03:47.480574,2026-07-09T11:03:47.489573+00:00,118.9,194,bid,YieldingYams,WavyWalnuts,13464513
2026-07-09T11:03:47.755516,2026-07-09T11:03:47.758605+00:00,118.9,200,ask,YieldingYams,WavyWalnuts,13464519
2026-07-09T11:03:48.173434,2026-07-09T11:03:48.185371+00:00,119.1,20,bid,BrilliantBurritos,YieldingYams,13464522
2026-07-09T11:03:48.810432,2026-07-09T11:03:48.815263+00:00,118.8,3,bid,Xuanyu Liu,YieldingYams,13464533
2026-07-09T11:03:48.962746,2026-07-09T11:03:48.969545+00:00,118.8,200,bid,WavyWalnuts,YieldingYams,13464536
2026-07-09T11:03:49.085377,2026-07-09T11:03:49.097122+00:00,118.8,3,bid,Weiqing Shi,YieldingYams,13464539
2026-07-09T11:03:50.117890,2026-07-09T11:03:50.122542+00:00,118.7,3,ask,YieldingYams,Xuanyu Liu,13464561
2026-07-09T11:03:51.092477,2026-07-09T11:03:51.104248+00:00,118.7,3,ask,YieldingYams,Weiqing Shi,13464576
2026-07-09T11:03:51.388294,2026-07-09T11:03:51.395037+00:00,118.9,200,bid,WavyWalnuts,YieldingYams,13464580
2026-07-09T11:03:51.904045,2026-07-09T11:03:51.912482+00:00,118.8,500,ask,YieldingYams,AverageAlmonds,13464581
2026-07-09T11:03:52.499300,2026-07-09T11:03:52.509564+00:00,118.8,125,ask,YieldingYams,AverageAlmonds,13464592
2026-07-09T11:03:52.596545,2026-07-09T11:03:52.608374+00:00,118.8,200,bid,WavyWalnuts,AverageAlmonds,13464594
2026-07-09T11:03:54.918595,2026-07-09T11:03:54.926979+00:00,118.7,200,ask,WavyWalnuts,AverageAlmonds,13464636
2026-07-09T11:03:55.613258,2026-07-09T11:03:55.622346+00:00,118.7,3,bid,Weiqing Shi,YieldingYams,13464655
2026-07-09T11:03:56.221884,2026-07-09T11:03:56.233448+00:00,118.7,200,bid,WavyWalnuts,YieldingYams,13464661
2026-07-09T11:03:56.661912,2026-07-09T11:03:56.674363+00:00,118.7,500,bid,YieldingYams,AverageAlmonds,13464666
2026-07-09T11:03:56.745034,2026-07-09T11:03:56.751947+00:00,118.9,125,ask,YieldingYams,AverageAlmonds,13464669
2026-07-09T11:03:57.429539,2026-07-09T11:03:57.437458+00:00,118.7,200,bid,WavyWalnuts,AverageAlmonds,13464678
2026-07-09T11:03:57.625405,2026-07-09T11:03:57.632283+00:00,118.7,3,bid,Weiqing Shi,AverageAlmonds,13464682
2026-07-09T11:03:58.638322,2026-07-09T11:03:58.648175+00:00,118.6,200,bid,WavyWalnuts,YieldingYams,13464692
2026-07-09T11:03:59.806494,2026-07-09T11:03:59.818323+00:00,118.5,20,ask,YieldingYams,BrilliantBurritos,13464708
2026-07-09T11:04:01.652631,2026-07-09T11:04:01.658551+00:00,118.6,3,bid,Weiqing Shi,AverageAlmonds,13464733
2026-07-09T11:04:03.485620,2026-07-09T11:04:03.495403+00:00,118.5,200,ask,YieldingYams,WavyWalnuts,13464745
2026-07-09T11:04:03.665307,2026-07-09T11:04:03.672171+00:00,118.6,3,bid,Weiqing Shi,AverageAlmonds,13464747
2026-07-09T11:04:03.805391,2026-07-09T11:04:03.818207+00:00,118.5,20,ask,YieldingYams,BrilliantBurritos,13464749
2026-07-09T11:04:04.015915,2026-07-09T11:04:04.027307+00:00,118.5,405,ask,YieldingYams,AverageAlmonds,13464754
2026-07-09T11:04:04.033582,2026-07-09T11:04:04.037716+00:00,118.5,3,bid,Xuanyu Liu,AverageAlmonds,13464756
2026-07-09T11:04:04.694495,2026-07-09T11:04:04.706583+00:00,118.4,200,bid,WavyWalnuts,YieldingYams,13464766
2026-07-09T11:04:07.681966,2026-07-09T11:04:07.691656+00:00,118.3,3,bid,Weiqing Shi,YieldingYams,13464813
2026-07-09T11:04:09.531750,2026-07-09T11:04:09.542761+00:00,118.3,200,ask,YieldingYams,WavyWalnuts,13464832
2026-07-09T11:04:10.189811,2026-07-09T11:04:10.201925+00:00,118.2,3,ask,YieldingYams,Weiqing Shi,13464844
2026-07-09T11:04:11.117807,2026-07-09T11:04:11.128869+00:00,118.3,500,ask,AverageAlmonds,YieldingYams,13464864
2026-07-09T11:04:11.258775,2026-07-09T11:04:11.268719+00:00,118.3,125,bid,AverageAlmonds,YieldingYams,13464867
2026-07-09T11:04:11.975611,2026-07-09T11:04:11.980315+00:00,118.3,3,ask,AverageAlmonds,Xuanyu Liu,13464879
2026-07-09T11:04:12.204207,2026-07-09T11:04:12.216735+00:00,118.3,3,ask,AverageAlmonds,Weiqing Shi,13464880
2026-07-09T11:04:12.251196,2026-07-09T11:04:12.258595+00:00,118.3,20,ask,AverageAlmonds,BrilliantBurritos,13464882
2026-07-09T11:04:12.424873,2026-07-09T11:04:12.432364+00:00,118.5,200,bid,YieldingYams,WavyWalnuts,13464884
2026-07-09T11:04:12.445557,2026-07-09T11:04:12.449302+00:00,118.6,14,ask,YieldingYams,Xuanyu Liu,13464887
2026-07-09T11:04:12.551158,2026-07-09T11:04:12.558619+00:00,118.8,20,bid,BrilliantBurritos,YieldingYams,13464889
2026-07-09T11:04:13.166023,2026-07-09T11:04:13.174819+00:00,118.6,200,ask,YieldingYams,WavyWalnuts,13464896
2026-07-09T11:04:14.217228,2026-07-09T11:04:14.229312+00:00,118.4,3,ask,WavyWalnuts,Weiqing Shi,13464916
2026-07-09T11:04:14.374437,2026-07-09T11:04:14.386243+00:00,118.5,200,bid,WavyWalnuts,YieldingYams,13464920
2026-07-09T11:04:16.234389,2026-07-09T11:04:16.246163+00:00,118.5,3,ask,YieldingYams,Weiqing Shi,13464954
2026-07-09T11:04:16.812860,2026-07-09T11:04:16.823203+00:00,118.6,200,ask,YieldingYams,WavyWalnuts,13464963
2026-07-09T11:04:18.246981,2026-07-09T11:04:18.258559+00:00,118.5,3,ask,WavyWalnuts,Weiqing Shi,13464991
2026-07-09T11:04:20.260597,2026-07-09T11:04:20.268991+00:00,118.5,3,ask,YieldingYams,Weiqing Shi,13465018
2026-07-09T11:04:21.465171,2026-07-09T11:04:21.469251+00:00,118.6,12,ask,YieldingYams,Xuanyu Liu,13465045
2026-07-09T11:04:22.233454,2026-07-09T11:04:22.244456+00:00,118.8,20,bid,BrilliantBurritos,YieldingYams,13465052
2026-07-09T11:04:22.927896,2026-07-09T11:04:22.938904+00:00,118.7,200,bid,YieldingYams,WavyWalnuts,13465073
2026-07-09T11:04:22.927896,2026-07-09T11:04:22.938904+00:00,118.9,425,bid,YieldingYams,AverageAlmonds,13465074
2026-07-09T11:04:26.876068,2026-07-09T11:04:26.884545+00:00,118.7,200,bid,YieldingYams,WavyWalnuts,13465148
2026-07-09T11:04:27.048149,2026-07-09T11:04:27.058627+00:00,118.7,425,ask,YieldingYams,AverageAlmonds,13465151
2026-07-09T11:04:27.727483,2026-07-09T11:04:27.743509+00:00,118.6,200,bid,WavyWalnuts,AverageAlmonds,13465159
2026-07-09T11:04:27.738969,2026-07-09T11:04:27.743509+00:00,118.6,12,bid,Xuanyu Liu,AverageAlmonds,13465161
2026-07-09T11:04:28.211197,2026-07-09T11:04:28.215097+00:00,118.5,11,bid,Xuanyu Liu,YieldingYams,13465170
2026-07-09T11:04:29.453357,2026-07-09T11:04:29.456120+00:00,118.4,200,ask,WavyWalnuts,AverageAlmonds,13465189
2026-07-09T11:04:30.955740,2026-07-09T11:04:30.959914+00:00,118.3,11,ask,WavyWalnuts,Xuanyu Liu,13465213
2026-07-09T11:04:31.359532,2026-07-09T11:04:31.370676+00:00,118.4,200,bid,WavyWalnuts,AverageAlmonds,13465218
2026-07-09T11:04:31.858489,2026-07-09T11:04:31.869053+00:00,118.3,500,ask,YieldingYams,AverageAlmonds,13465226
2026-07-09T11:04:35.588399,2026-07-09T11:04:35.595672+00:00,118.1,20,ask,WavyWalnuts,BrilliantBurritos,13465262
2026-07-09T11:04:39.838934,2026-07-09T11:04:39.847547+00:00,118.3,200,bid,WavyWalnuts,YieldingYams,13465317
2026-07-09T11:04:41.199196,2026-07-09T11:04:41.207051+00:00,118.2,20,ask,YieldingYams,BrilliantBurritos,13465332
2026-07-09T11:04:42.259365,2026-07-09T11:04:42.270742+00:00,118.3,200,bid,WavyWalnuts,YieldingYams,13465348
2026-07-09T11:04:42.670868,2026-07-09T11:04:42.675064+00:00,118.3,12,ask,YieldingYams,Xuanyu Liu,13465355
2026-07-09T11:04:43.472940,2026-07-09T11:04:43.487376+00:00,118.3,200,ask,YieldingYams,WavyWalnuts,13465374
2026-07-09T11:04:48.319756,2026-07-09T11:04:48.329459+00:00,118.4,200,ask,YieldingYams,WavyWalnuts,13465448
2026-07-09T11:04:50.386004,2026-07-09T11:04:50.393834+00:00,118.4,1,ask,YieldingYams,Yunqi Hao,13465489
2026-07-09T11:04:50.557886,2026-07-09T11:04:50.570068+00:00,118.5,200,bid,YieldingYams,WavyWalnuts,13465498
2026-07-09T11:04:50.557886,2026-07-09T11:04:50.570068+00:00,118.5,425,bid,YieldingYams,AverageAlmonds,13465499
2026-07-09T11:04:51.887649,2026-07-09T11:04:51.895443+00:00,118.4,200,ask,WavyWalnuts,YieldingYams,13465511
2026-07-09T11:04:53.202326,2026-07-09T11:04:53.210106+00:00,118.3,200,bid,YieldingYams,WavyWalnuts,13465534
2026-07-09T11:04:53.221817,2026-07-09T11:04:53.226188+00:00,118.4,11,ask,YieldingYams,Xuanyu Liu,13465536
2026-07-09T11:04:55.577826,2026-07-09T11:04:55.584993+00:00,118.4,200,bid,WavyWalnuts,YieldingYams,13465567
2026-07-09T11:04:56.270862,2026-07-09T11:04:56.275501+00:00,118.6,11,bid,Xuanyu Liu,WavyWalnuts,13465588
2026-07-09T11:04:59.775190,2026-07-09T11:04:59.785962+00:00,118.4,200,ask,WavyWalnuts,YieldingYams,13465628
2026-07-09T11:04:59.775190,2026-07-09T11:04:59.785962+00:00,118.4,425,ask,AverageAlmonds,YieldingYams,13465629
2026-07-09T11:05:00.428355,2026-07-09T11:05:00.435210+00:00,118.4,200,ask,AverageAlmonds,WavyWalnuts,13465643
2026-07-09T11:05:01.047317,2026-07-09T11:05:01.059167+00:00,118.3,20,ask,AverageAlmonds,BrilliantBurritos,13465651
2026-07-09T11:05:01.641767,2026-07-09T11:05:01.650181+00:00,118.7,200,ask,YieldingYams,WavyWalnuts,13465660
2026-07-09T11:05:02.412724,2026-07-09T11:05:02.423296+00:00,118.5,1,ask,YieldingYams,Yunqi Hao,13465669
2026-07-09T11:05:03.740291,2026-07-09T11:05:03.745083+00:00,118.6,12,bid,Xuanyu Liu,YieldingYams,13465691
2026-07-09T11:05:05.272286,2026-07-09T11:05:05.281992+00:00,118.5,200,ask,YieldingYams,WavyWalnuts,13465718
2026-07-09T11:05:06.427063,2026-07-09T11:05:06.432299+00:00,118.6,12,ask,AverageAlmonds,Xuanyu Liu,13465727
2026-07-09T11:05:07.809586,2026-07-09T11:05:07.821773+00:00,118.5,5,ask,AverageAlmonds,Weiqing Shi,13465752
2026-07-09T11:05:08.023123,2026-07-09T11:05:08.032271+00:00,118.5,5,ask,AverageAlmonds,Weiqing Shi,13465756
2026-07-09T11:05:08.235114,2026-07-09T11:05:08.257449+00:00,118.5,5,ask,YieldingYams,Weiqing Shi,13465759
2026-07-09T11:05:08.429721,2026-07-09T11:05:08.436744+00:00,118.5,1,ask,YieldingYams,Yunqi Hao,13465764
2026-07-09T11:05:08.448088,2026-07-09T11:05:08.466075+00:00,118.5,5,ask,YieldingYams,Weiqing Shi,13465766
2026-07-09T11:05:08.659234,2026-07-09T11:05:08.671162+00:00,118.5,5,ask,YieldingYams,Weiqing Shi,13465772
2026-07-09T11:05:08.811860,2026-07-09T11:05:08.820965+00:00,118.6,200,bid,AverageAlmonds,WavyWalnuts,13465775
2026-07-09T11:05:08.869896,2026-07-09T11:05:08.880903+00:00,118.6,5,ask,AverageAlmonds,Weiqing Shi,13465776
2026-07-09T11:05:08.912657,2026-07-09T11:05:08.922620+00:00,118.6,200,ask,AverageAlmonds,WavyWalnuts,13465779
2026-07-09T11:05:09.081453,2026-07-09T11:05:09.093894+00:00,118.6,5,ask,YieldingYams,Weiqing Shi,13465782
2026-07-09T11:05:09.293500,2026-07-09T11:05:09.305122+00:00,118.6,5,ask,YieldingYams,Weiqing Shi,13465786
2026-07-09T11:05:09.503817,2026-07-09T11:05:09.515803+00:00,118.6,5,ask,YieldingYams,Weiqing Shi,13465789
2026-07-09T11:05:09.715825,2026-07-09T11:05:09.727704+00:00,118.6,5,ask,AverageAlmonds,Weiqing Shi,13465791
2026-07-09T11:05:09.928023,2026-07-09T11:05:09.940124+00:00,118.6,5,ask,AverageAlmonds,Weiqing Shi,13465794
2026-07-09T11:05:10.139737,2026-07-09T11:05:10.151362+00:00,118.6,5,ask,YieldingYams,Weiqing Shi,13465803
2026-07-09T11:05:11.252534,2026-07-09T11:05:11.258610+00:00,118.7,200,bid,AverageAlmonds,WavyWalnuts,13465814
2026-07-09T11:05:11.252534,2026-07-09T11:05:11.258610+00:00,118.7,300,bid,AverageAlmonds,YieldingYams,13465815
2026-07-09T11:05:12.560354,2026-07-09T11:05:12.565619+00:00,118.7,12,bid,Xuanyu Liu,WavyWalnuts,13465839
2026-07-09T11:05:13.058990,2026-07-09T11:05:13.065542+00:00,118.7,188,bid,AverageAlmonds,WavyWalnuts,13465844
2026-07-09T11:05:15.549206,2026-07-09T11:05:15.556182+00:00,118.8,200,ask,WavyWalnuts,YieldingYams,13465878
2026-07-09T11:05:15.760643,2026-07-09T11:05:15.770767+00:00,118.8,20,bid,BrilliantBurritos,YieldingYams,13465883
2026-07-09T11:05:16.861666,2026-07-09T11:05:16.869447+00:00,118.8,200,bid,YieldingYams,WavyWalnuts,13465904
2026-07-09T11:05:17.378376,2026-07-09T11:05:17.386293+00:00,118.8,200,ask,YieldingYams,WavyWalnuts,13465910
2026-07-09T11:05:18.585998,2026-07-09T11:05:18.595539+00:00,118.9,200,bid,WavyWalnuts,YieldingYams,13465935
2026-07-09T11:05:20.451295,2026-07-09T11:05:20.458590+00:00,118.7,1,ask,YieldingYams,Yunqi Hao,13465954
2026-07-09T11:05:20.817553,2026-07-09T11:05:20.822370+00:00,118.8,12,ask,YieldingYams,Xuanyu Liu,13465965
2026-07-09T11:05:23.446047,2026-07-09T11:05:23.453667+00:00,118.9,200,ask,YieldingYams,WavyWalnuts,13466005
2026-07-09T11:05:25.866718,2026-07-09T11:05:25.874498+00:00,118.9,200,bid,WavyWalnuts,YieldingYams,13466032
2026-07-09T11:05:30.006609,2026-07-09T11:05:30.017277+00:00,118.8,500,ask,AverageAlmonds,YieldingYams,13466083
2026-07-09T11:05:30.006609,2026-07-09T11:05:30.017277+00:00,118.8,125,ask,WavyWalnuts,YieldingYams,13466084
2026-07-09T11:05:33.941161,2026-07-09T11:05:33.952106+00:00,119.1,200,bid,YieldingYams,WavyWalnuts,13466136
2026-07-09T11:05:34.312155,2026-07-09T11:05:34.317551+00:00,119.3,12,bid,Xuanyu Liu,YieldingYams,13466144
2026-07-09T11:05:34.353005,2026-07-09T11:05:34.357166+00:00,119.2,11,bid,Xuanyu Liu,WavyWalnuts,13466149
2026-07-09T11:05:36.594563,2026-07-09T11:05:36.598809+00:00,119.1,3,bid,Xuanyu Liu,YieldingYams,13466171
2026-07-09T11:05:39.182214,2026-07-09T11:05:39.191974+00:00,119.1,200,bid,WavyWalnuts,YieldingYams,13466197
2026-07-09T11:05:45.254680,2026-07-09T11:05:45.269801+00:00,119.1,200,bid,WavyWalnuts,YieldingYams,13466278
2026-07-09T11:05:48.214791,2026-07-09T11:05:48.222103+00:00,119.1,500,ask,YieldingYams,AverageAlmonds,13466319
2026-07-09T11:05:48.453602,2026-07-09T11:05:48.463859+00:00,119.0,200,ask,WavyWalnuts,YieldingYams,13466323
2026-07-09T11:05:48.880857,2026-07-09T11:05:48.889171+00:00,118.9,200,bid,WavyWalnuts,YieldingYams,13466329
2026-07-09T11:05:51.078460,2026-07-09T11:05:51.088807+00:00,119.0,500,bid,YieldingYams,AverageAlmonds,13466361
2026-07-09T11:05:51.078460,2026-07-09T11:05:51.088807+00:00,119.1,125,bid,YieldingYams,WavyWalnuts,13466362
2026-07-09T11:05:52.460856,2026-07-09T11:05:52.468921+00:00,118.9,200,ask,WavyWalnuts,AverageAlmonds,13466381
2026-07-09T11:05:52.460856,2026-07-09T11:05:52.473932+00:00,118.9,300,ask,YieldingYams,AverageAlmonds,13466382
2026-07-09T11:05:53.058155,2026-07-09T11:05:53.069450+00:00,118.9,325,ask,YieldingYams,AverageAlmonds,13466393
2026-07-09T11:05:53.701731,2026-07-09T11:05:53.710275+00:00,118.8,200,ask,WavyWalnuts,YieldingYams,13466403
2026-07-09T11:05:53.712324,2026-07-09T11:05:53.720919+00:00,118.6,200,bid,WavyWalnuts,YieldingYams,13466405
2026-07-09T11:05:54.923983,2026-07-09T11:05:54.934813+00:00,118.6,200,bid,WavyWalnuts,YieldingYams,13466413
2026-07-09T11:05:55.012803,2026-07-09T11:05:55.021070+00:00,118.8,200,bid,YieldingYams,WavyWalnuts,13466417
2026-07-09T11:05:56.138593,2026-07-09T11:05:56.147809+00:00,118.8,200,ask,YieldingYams,WavyWalnuts,13466433
2026-07-09T11:05:56.882331,2026-07-09T11:05:56.894445+00:00,118.8,20,bid,BrilliantBurritos,YieldingYams,13466444
2026-07-09T11:05:58.951079,2026-07-09T11:05:58.958554+00:00,118.6,200,ask,WavyWalnuts,YieldingYams,13466476
2026-07-09T11:05:59.588093,2026-07-09T11:05:59.592530+00:00,118.6,14,bid,Xuanyu Liu,YieldingYams,13466491
2026-07-09T11:05:59.660653,2026-07-09T11:05:59.672680+00:00,118.4,20,ask,YieldingYams,BrilliantBurritos,13466493
2026-07-09T11:06:02.893073,2026-07-09T11:06:02.899880+00:00,118.5,200,ask,WavyWalnuts,YieldingYams,13466527
2026-07-09T11:06:02.912372,2026-07-09T11:06:02.916451+00:00,118.5,12,bid,Xuanyu Liu,YieldingYams,13466529
2026-07-09T11:06:05.865899,2026-07-09T11:06:05.870618+00:00,118.4,11,bid,Xuanyu Liu,WavyWalnuts,13466575
2026-07-09T11:06:06.321755,2026-07-09T11:06:06.334782+00:00,118.4,20,bid,BrilliantBurritos,WavyWalnuts,13466583
2026-07-09T11:06:08.263328,2026-07-09T11:06:08.274258+00:00,118.3,200,bid,WavyWalnuts,YieldingYams,13466620
2026-07-09T11:06:08.898450,2026-07-09T11:06:08.909870+00:00,118.2,20,ask,AverageAlmonds,BrilliantBurritos,13466636
2026-07-09T11:06:09.478275,2026-07-09T11:06:09.488102+00:00,118.3,200,bid,WavyWalnuts,YieldingYams,13466645
2026-07-09T11:06:10.693274,2026-07-09T11:06:10.700161+00:00,118.3,200,bid,WavyWalnuts,YieldingYams,13466665
2026-07-09T11:06:10.792574,2026-07-09T11:06:10.797649+00:00,118.4,7,ask,YieldingYams,Xuanyu Liu,13466667
2026-07-09T11:06:15.557047,2026-07-09T11:06:15.556296+00:00,118.2,200,ask,YieldingYams,WavyWalnuts,13466730
2026-07-09T11:06:19.687822,2026-07-09T11:06:19.694980+00:00,118.2,500,bid,AverageAlmonds,YieldingYams,13466770
2026-07-09T11:06:20.280970,2026-07-09T11:06:20.292886+00:00,118.2,500,bid,AverageAlmonds,YieldingYams,13466774
2026-07-09T11:06:20.885498,2026-07-09T11:06:20.933402+00:00,118.1,200,bid,AverageAlmonds,WavyWalnuts,13466781
2026-07-09T11:06:20.885498,2026-07-09T11:06:20.933402+00:00,118.2,125,bid,AverageAlmonds,YieldingYams,13466782
2026-07-09T11:06:20.929118,2026-07-09T11:06:20.933402+00:00,118.2,27,ask,AverageAlmonds,Xuanyu Liu,13466785
2026-07-09T11:06:20.940074,2026-07-09T11:06:20.944661+00:00,118.2,3,ask,AverageAlmonds,Xuanyu Liu,13466787
2026-07-09T11:06:21.613830,2026-07-09T11:06:21.622317+00:00,118.2,200,ask,YieldingYams,WavyWalnuts,13466797
2026-07-09T11:06:22.386095,2026-07-09T11:06:22.393697+00:00,118.2,20,ask,YieldingYams,BrilliantBurritos,13466808
2026-07-09T11:06:22.582635,2026-07-09T11:06:22.594575+00:00,118.2,500,ask,AverageAlmonds,YieldingYams,13466813
2026-07-09T11:06:22.728751,2026-07-09T11:06:22.736259+00:00,118.2,125,bid,AverageAlmonds,YieldingYams,13466816
2026-07-09T11:06:24.539811,2026-07-09T11:06:24.551378+00:00,118.4,500,bid,AverageAlmonds,YieldingYams,13466840
2026-07-09T11:06:25.136703,2026-07-09T11:06:25.144685+00:00,118.4,125,bid,AverageAlmonds,YieldingYams,13466845
2026-07-09T11:06:25.195283,2026-07-09T11:06:25.218272+00:00,118.6,200,bid,YieldingYams,WavyWalnuts,13466846
2026-07-09T11:06:25.213760,2026-07-09T11:06:25.218272+00:00,118.6,3,ask,YieldingYams,Xuanyu Liu,13466848
2026-07-09T11:06:25.256787,2026-07-09T11:06:25.266709+00:00,118.6,200,ask,YieldingYams,WavyWalnuts,13466849
2026-07-09T11:06:28.907064,2026-07-09T11:06:28.911159+00:00,118.7,3,bid,Xuanyu Liu,WavyWalnuts,13466906
2026-07-09T11:06:29.132082,2026-07-09T11:06:29.142309+00:00,118.6,500,ask,AverageAlmonds,YieldingYams,13466909
2026-07-09T11:06:29.388142,2026-07-09T11:06:29.397522+00:00,118.6,125,bid,AverageAlmonds,YieldingYams,13466910
2026-07-09T11:06:30.439687,2026-07-09T11:06:30.451077+00:00,118.7,200,bid,YieldingYams,WavyWalnuts,13466928
2026-07-09T11:06:32.528079,2026-07-09T11:06:32.537056+00:00,119.0,200,bid,WavyWalnuts,YieldingYams,13466960
2026-07-09T11:06:33.739612,2026-07-09T11:06:33.749937+00:00,119.0,200,bid,WavyWalnuts,YieldingYams,13466980
2026-07-09T11:06:34.965391,2026-07-09T11:06:34.969610+00:00,118.9,3,ask,WavyWalnuts,Xuanyu Liu,13466998
2026-07-09T11:06:39.639765,2026-07-09T11:06:39.648639+00:00,118.9,5,ask,Xinhong Shan,YieldingYams,13467059
2026-07-09T11:06:39.639765,2026-07-09T11:06:39.658583+00:00,118.9,5,ask,Xinhong Shan,YieldingYams,13467060
2026-07-09T11:06:39.639765,2026-07-09T11:06:39.658583+00:00,118.9,5,ask,Xinhong Shan,YieldingYams,13467061
2026-07-09T11:06:39.639765,2026-07-09T11:06:39.658583+00:00,118.9,5,ask,Xinhong Shan,YieldingYams,13467062
2026-07-09T11:06:39.639765,2026-07-09T11:06:39.658583+00:00,118.9,500,ask,AverageAlmonds,YieldingYams,13467063
2026-07-09T11:06:39.639765,2026-07-09T11:06:39.658583+00:00,118.8,5,ask,Xinhong Shan,YieldingYams,13467064
2026-07-09T11:06:39.639765,2026-07-09T11:06:39.658583+00:00,118.8,100,ask,WavyWalnuts,YieldingYams,13467065
2026-07-09T11:06:40.957072,2026-07-09T11:06:40.969864+00:00,119.0,5,bid,YieldingYams,Xinhong Shan,13467087
2026-07-09T11:06:40.957072,2026-07-09T11:06:40.969864+00:00,119.0,5,bid,YieldingYams,Xinhong Shan,13467088
2026-07-09T11:06:40.957072,2026-07-09T11:06:40.969864+00:00,119.0,5,bid,YieldingYams,Xinhong Shan,13467089
2026-07-09T11:06:40.957072,2026-07-09T11:06:40.975169+00:00,119.0,5,bid,YieldingYams,Xinhong Shan,13467090
2026-07-09T11:06:40.957072,2026-07-09T11:06:40.975169+00:00,119.0,5,bid,YieldingYams,Xinhong Shan,13467091
2026-07-09T11:06:40.957072,2026-07-09T11:06:40.975169+00:00,119.0,200,bid,YieldingYams,WavyWalnuts,13467092
2026-07-09T11:06:40.957072,2026-07-09T11:06:40.975169+00:00,119.0,5,bid,YieldingYams,Xinhong Shan,13467093
2026-07-09T11:06:40.957072,2026-07-09T11:06:40.980353+00:00,119.0,5,bid,YieldingYams,Xinhong Shan,13467094
2026-07-09T11:06:40.999738,2026-07-09T11:06:41.004621+00:00,119.1,11,ask,YieldingYams,Xuanyu Liu,13467098
2026-07-09T11:06:41.022530,2026-07-09T11:06:41.030668+00:00,119.1,200,ask,YieldingYams,WavyWalnuts,13467099
2026-07-09T11:06:42.234361,2026-07-09T11:06:42.246173+00:00,119.1,179,ask,YieldingYams,WavyWalnuts,13467121
2026-07-09T11:06:42.234361,2026-07-09T11:06:42.246173+00:00,119.1,5,ask,Xinhong Shan,WavyWalnuts,13467122
2026-07-09T11:06:43.307983,2026-07-09T11:06:43.315040+00:00,119.0,500,bid,AverageAlmonds,YieldingYams,13467130
2026-07-09T11:06:43.446533,2026-07-09T11:06:43.452522+00:00,119.0,125,bid,WavyWalnuts,YieldingYams,13467134
2026-07-09T11:06:43.446533,2026-07-09T11:06:43.452522+00:00,119.0,5,bid,WavyWalnuts,Xinhong Shan,13467135
2026-07-09T11:06:44.674700,2026-07-09T11:06:44.686203+00:00,119.1,5,ask,Xinhong Shan,WavyWalnuts,13467149
2026-07-09T11:06:44.674700,2026-07-09T11:06:44.686203+00:00,119.1,195,ask,AverageAlmonds,WavyWalnuts,13467150
2026-07-09T11:06:44.903444,2026-07-09T11:06:44.912192+00:00,119.1,305,ask,AverageAlmonds,YieldingYams,13467156
2026-07-09T11:06:45.107277,2026-07-09T11:06:45.114799+00:00,119.1,320,bid,AverageAlmonds,YieldingYams,13467165
2026-07-09T11:06:45.107277,2026-07-09T11:06:45.119795+00:00,119.1,5,bid,AverageAlmonds,Xinhong Shan,13467166
2026-07-09T11:06:46.209814,2026-07-09T11:06:46.220716+00:00,119.2,5,bid,YieldingYams,Xinhong Shan,13467183
2026-07-09T11:06:46.209814,2026-07-09T11:06:46.220716+00:00,119.2,200,bid,YieldingYams,WavyWalnuts,13467184
2026-07-09T11:06:46.209814,2026-07-09T11:06:46.226066+00:00,119.2,5,bid,YieldingYams,Xinhong Shan,13467185
2026-07-09T11:06:46.209814,2026-07-09T11:06:46.226066+00:00,119.3,5,bid,YieldingYams,Xinhong Shan,13467186
2026-07-09T11:06:46.966337,2026-07-09T11:06:46.979626+00:00,119.3,20,ask,YieldingYams,BrilliantBurritos,13467200
2026-07-09T11:06:47.531623,2026-07-09T11:06:47.541955+00:00,119.3,5,ask,Xinhong Shan,YieldingYams,13467208
2026-07-09T11:06:47.531623,2026-07-09T11:06:47.541955+00:00,119.2,500,ask,AverageAlmonds,YieldingYams,13467209
2026-07-09T11:06:47.531623,2026-07-09T11:06:47.547482+00:00,119.2,120,ask,WavyWalnuts,YieldingYams,13467210
2026-07-09T11:06:49.553859,2026-07-09T11:06:49.558554+00:00,119.2,5,ask,Xinhong Shan,BrilliantBurritos,13467260
2026-07-09T11:06:49.553859,2026-07-09T11:06:49.558554+00:00,119.2,15,ask,YieldingYams,BrilliantBurritos,13467261
2026-07-09T11:06:51.461967,2026-07-09T11:06:51.483090+00:00,119.4,200,bid,YieldingYams,WavyWalnuts,13467285
2026-07-09T11:06:51.478949,2026-07-09T11:06:51.483090+00:00,119.4,12,ask,YieldingYams,Xuanyu Liu,13467287
2026-07-09T11:06:51.945020,2026-07-09T11:06:51.952312+00:00,119.4,200,ask,YieldingYams,WavyWalnuts,13467294
2026-07-09T11:06:53.444227,2026-07-09T11:06:53.450063+00:00,119.4,5,ask,Xinhong Shan,Xuanyu Liu,13467319
2026-07-09T11:06:53.444227,2026-07-09T11:06:53.450063+00:00,119.4,5,ask,Xinhong Shan,Xuanyu Liu,13467320
2026-07-09T11:06:54.083093,2026-07-09T11:06:54.094567+00:00,119.5,200,bid,YieldingYams,WavyWalnuts,13467333
2026-07-09T11:06:54.083093,2026-07-09T11:06:54.094567+00:00,119.5,5,bid,YieldingYams,Xinhong Shan,13467334
2026-07-09T11:06:54.101114,2026-07-09T11:06:54.105228+00:00,119.5,13,ask,YieldingYams,Xuanyu Liu,13467336
2026-07-09T11:06:54.379100,2026-07-09T11:06:54.384344+00:00,119.6,11,ask,WavyWalnuts,Xuanyu Liu,13467340
2026-07-09T11:06:55.577355,2026-07-09T11:06:55.585258+00:00,119.6,5,ask,Xinhong Shan,WavyWalnuts,13467350
2026-07-09T11:06:56.554553,2026-07-09T11:06:56.559012+00:00,119.6,23,bid,Xuanyu Liu,WavyWalnuts,13467367
2026-07-09T11:06:58.006755,2026-07-09T11:06:58.015737+00:00,119.5,5,ask,Xinhong Shan,YieldingYams,13467381
2026-07-09T11:06:58.006755,2026-07-09T11:06:58.015737+00:00,119.5,195,ask,YieldingYams,WavyWalnuts,13467382
2026-07-09T11:06:58.038496,2026-07-09T11:06:58.056857+00:00,119.5,5,ask,Xinhong Shan,WavyWalnuts,13467383
2026-07-09T11:06:58.052890,2026-07-09T11:06:58.056857+00:00,119.5,11,bid,Xuanyu Liu,YieldingYams,13467385
2026-07-09T11:06:59.218844,2026-07-09T11:06:59.229945+00:00,119.5,200,bid,WavyWalnuts,YieldingYams,13467412
2026-07-09T11:07:00.562050,2026-07-09T11:07:00.574114+00:00,119.5,5,bid,BrilliantBurritos,Xinhong Shan,13467429
2026-07-09T11:07:00.562050,2026-07-09T11:07:00.574114+00:00,119.5,5,bid,BrilliantBurritos,Xinhong Shan,13467430
2026-07-09T11:07:00.562050,2026-07-09T11:07:00.574114+00:00,119.5,10,bid,BrilliantBurritos,YieldingYams,13467431
2026-07-09T11:07:04.540003,2026-07-09T11:07:04.551016+00:00,119.6,500,bid,AverageAlmonds,YieldingYams,13467474
2026-07-09T11:07:06.045761,2026-07-09T11:07:06.049848+00:00,119.8,12,bid,Xuanyu Liu,WavyWalnuts,13467507
2026-07-09T11:07:06.499081,2026-07-09T11:07:06.508442+00:00,119.7,200,ask,AverageAlmonds,WavyWalnuts,13467510
2026-07-09T11:07:07.212416,2026-07-09T11:07:07.235534+00:00,119.7,500,ask,AverageAlmonds,YieldingYams,13467525
2026-07-09T11:07:07.230841,2026-07-09T11:07:07.235534+00:00,119.6,14,bid,Xuanyu Liu,YieldingYams,13467527
2026-07-09T11:07:07.544792,2026-07-09T11:07:07.558595+00:00,119.6,111,bid,AverageAlmonds,YieldingYams,13467529
2026-07-09T11:07:08.155476,2026-07-09T11:07:08.163902+00:00,119.8,200,bid,AverageAlmonds,WavyWalnuts,13467536
2026-07-09T11:07:12.448416,2026-07-09T11:07:12.454149+00:00,119.8,200,ask,WavyWalnuts,YieldingYams,13467587
2026-07-09T11:07:12.465403,2026-07-09T11:07:12.469900+00:00,119.8,3,bid,Xuanyu Liu,YieldingYams,13467589
2026-07-09T11:07:16.657836,2026-07-09T11:07:16.669577+00:00,119.8,200,bid,AverageAlmonds,WavyWalnuts,13467650
2026-07-09T11:07:16.657836,2026-07-09T11:07:16.669577+00:00,119.8,300,bid,AverageAlmonds,YieldingYams,13467651
2026-07-09T11:07:17.404656,2026-07-09T11:07:17.413507+00:00,119.8,200,bid,WavyWalnuts,YieldingYams,13467666
2026-07-09T11:07:17.728532,2026-07-09T11:07:17.733622+00:00,119.8,3,ask,YieldingYams,Xuanyu Liu,13467673
2026-07-09T11:07:18.324250,2026-07-09T11:07:18.331177+00:00,120.0,20,bid,BrilliantBurritos,YieldingYams,13467680
2026-07-09T11:07:18.617532,2026-07-09T11:07:18.626999+00:00,119.8,200,ask,YieldingYams,WavyWalnuts,13467686
2026-07-09T11:07:18.923792,2026-07-09T11:07:18.934838+00:00,120.0,20,bid,BrilliantBurritos,WavyWalnuts,13467693
2026-07-09T11:07:19.013422,2026-07-09T11:07:19.024170+00:00,119.8,500,ask,AverageAlmonds,YieldingYams,13467694
2026-07-09T11:07:19.030730,2026-07-09T11:07:19.034855+00:00,119.8,3,bid,Xuanyu Liu,YieldingYams,13467696
2026-07-09T11:07:19.674672,2026-07-09T11:07:19.684532+00:00,119.8,122,bid,AverageAlmonds,YieldingYams,13467703
2026-07-09T11:07:20.328221,2026-07-09T11:07:20.336205+00:00,119.9,200,bid,YieldingYams,WavyWalnuts,13467714
2026-07-09T11:07:21.036374,2026-07-09T11:07:21.046972+00:00,119.9,200,ask,YieldingYams,WavyWalnuts,13467721
2026-07-09T11:07:22.250284,2026-07-09T11:07:22.258758+00:00,119.8,200,ask,YieldingYams,WavyWalnuts,13467736
2026-07-09T11:07:23.421424,2026-07-09T11:07:23.431179+00:00,119.9,20,bid,BrilliantBurritos,YieldingYams,13467748
2026-07-09T11:07:23.928376,2026-07-09T11:07:23.938612+00:00,119.8,200,bid,AverageAlmonds,WavyWalnuts,13467750
2026-07-09T11:07:25.418141,2026-07-09T11:07:25.430345+00:00,119.8,20,ask,AverageAlmonds,BrilliantBurritos,13467768
2026-07-09T11:07:25.872707,2026-07-09T11:07:25.881977+00:00,119.8,200,ask,AverageAlmonds,WavyWalnuts,13467776
2026-07-09T11:07:26.881813,2026-07-09T11:07:26.890560+00:00,119.8,500,ask,AverageAlmonds,YieldingYams,13467794
2026-07-09T11:07:26.896854,2026-07-09T11:07:26.901082+00:00,119.7,11,bid,Xuanyu Liu,YieldingYams,13467796
2026-07-09T11:07:26.935193,2026-07-09T11:07:26.944460+00:00,119.7,114,bid,AverageAlmonds,YieldingYams,13467797
2026-07-09T11:07:29.513781,2026-07-09T11:07:29.522244+00:00,120.0,200,ask,WavyWalnuts,YieldingYams,13467827
2026-07-09T11:07:33.159473,2026-07-09T11:07:33.169311+00:00,119.9,200,ask,YieldingYams,WavyWalnuts,13467876
2026-07-09T11:07:34.368047,2026-07-09T11:07:34.379101+00:00,119.9,200,ask,AverageAlmonds,WavyWalnuts,13467896
2026-07-09T11:07:37.398945,2026-07-09T11:07:37.428611+00:00,120.1,200,bid,YieldingYams,WavyWalnuts,13467933
2026-07-09T11:07:37.423618,2026-07-09T11:07:37.428611+00:00,120.1,11,ask,YieldingYams,Xuanyu Liu,13467935
2026-07-09T11:07:37.736665,2026-07-09T11:07:37.740834+00:00,120.1,3,ask,YieldingYams,Xuanyu Liu,13467941
2026-07-09T11:07:38.075451,2026-07-09T11:07:38.087964+00:00,120.3,20,bid,BrilliantBurritos,YieldingYams,13467947
2026-07-09T11:07:38.470270,2026-07-09T11:07:38.480086+00:00,120.2,20,ask,WavyWalnuts,BrilliantBurritos,13467950
2026-07-09T11:07:39.215761,2026-07-09T11:07:39.226685+00:00,120.3,200,bid,WavyWalnuts,YieldingYams,13467965
2026-07-09T11:07:45.265152,2026-07-09T11:07:45.274936+00:00,120.2,200,bid,YieldingYams,WavyWalnuts,13468062
2026-07-09T11:07:46.487740,2026-07-09T11:07:46.498075+00:00,120.4,200,bid,WavyWalnuts,YieldingYams,13468077
2026-07-09T11:07:46.498281,2026-07-09T11:07:46.508340+00:00,120.4,20,bid,BrilliantBurritos,YieldingYams,13468078
2026-07-09T11:07:46.580956,2026-07-09T11:07:46.588695+00:00,120.4,500,bid,YieldingYams,AverageAlmonds,13468079
2026-07-09T11:07:46.953495,2026-07-09T11:07:46.958026+00:00,120.4,125,ask,YieldingYams,AverageAlmonds,13468081
2026-07-09T11:07:47.698649,2026-07-09T11:07:47.708642+00:00,120.3,200,bid,WavyWalnuts,AverageAlmonds,13468091
2026-07-09T11:07:48.906967,2026-07-09T11:07:48.916277+00:00,120.3,200,bid,WavyWalnuts,AverageAlmonds,13468105
2026-07-09T11:07:50.512790,2026-07-09T11:07:50.524303+00:00,120.2,500,bid,YieldingYams,AverageAlmonds,13468127
2026-07-09T11:07:50.512790,2026-07-09T11:07:50.524303+00:00,120.2,125,bid,YieldingYams,WavyWalnuts,13468128
2026-07-09T11:07:50.689181,2026-07-09T11:07:50.700404+00:00,120.2,20,bid,BrilliantBurritos,WavyWalnuts,13468133
2026-07-09T11:07:51.793874,2026-07-09T11:07:51.801740+00:00,120.1,200,ask,WavyWalnuts,AverageAlmonds,13468147
2026-07-09T11:07:52.069680,2026-07-09T11:07:52.079238+00:00,119.9,20,ask,YieldingYams,BrilliantBurritos,13468158
2026-07-09T11:07:53.595093,2026-07-09T11:07:53.599399+00:00,119.9,14,ask,WavyWalnuts,Xuanyu Liu,13468172
2026-07-09T11:07:53.739539,2026-07-09T11:07:53.751145+00:00,120.0,200,bid,WavyWalnuts,YieldingYams,13468174
2026-07-09T11:08:03.098584,2026-07-09T11:08:03.103139+00:00,119.6,46,ask,WavyWalnuts,Xuanyu Liu,13468296
2026-07-09T11:08:03.625257,2026-07-09T11:08:03.639719+00:00,119.7,20,bid,BrilliantBurritos,YieldingYams,13468305
2026-07-09T11:08:04.972941,2026-07-09T11:08:04.979997+00:00,119.6,200,ask,WavyWalnuts,YieldingYams,13468329
2026-07-09T11:08:06.508294,2026-07-09T11:08:06.520494+00:00,119.5,20,ask,YieldingYams,BrilliantBurritos,13468350
2026-07-09T11:08:07.005777,2026-07-09T11:08:07.017837+00:00,119.5,20,ask,YieldingYams,BrilliantBurritos,13468352
2026-07-09T11:08:08.254475,2026-07-09T11:08:08.267043+00:00,119.5,20,ask,WavyWalnuts,BrilliantBurritos,13468371
2026-07-09T11:08:08.915396,2026-07-09T11:08:08.923225+00:00,119.6,200,ask,WavyWalnuts,YieldingYams,13468386
2026-07-09T11:08:09.425581,2026-07-09T11:08:09.436984+00:00,119.5,20,ask,AverageAlmonds,BrilliantBurritos,13468394
2026-07-09T11:08:10.730315,2026-07-09T11:08:10.741472+00:00,119.4,200,ask,YieldingYams,WavyWalnuts,13468415
2026-07-09T11:08:11.041479,2026-07-09T11:08:11.058565+00:00,119.4,20,ask,YieldingYams,BrilliantBurritos,13468418
2026-07-09T11:08:13.591413,2026-07-09T11:08:13.602412+00:00,119.5,200,bid,AverageAlmonds,WavyWalnuts,13468462
2026-07-09T11:08:14.799811,2026-07-09T11:08:14.808340+00:00,119.6,500,bid,AverageAlmonds,YieldingYams,13468476
2026-07-09T11:08:15.393476,2026-07-09T11:08:15.400987+00:00,119.6,125,bid,AverageAlmonds,YieldingYams,13468479
2026-07-09T11:08:18.005259,2026-07-09T11:08:18.013393+00:00,119.7,200,ask,YieldingYams,WavyWalnuts,13468520
2026-07-09T11:08:18.494683,2026-07-09T11:08:18.506721+00:00,119.7,20,ask,AverageAlmonds,BrilliantBurritos,13468534
2026-07-09T11:08:22.088692,2026-07-09T11:08:22.098837+00:00,119.7,500,ask,AverageAlmonds,YieldingYams,13468582
2026-07-09T11:08:22.088692,2026-07-09T11:08:22.098837+00:00,119.6,125,ask,WavyWalnuts,YieldingYams,13468583
2026-07-09T11:08:23.398334,2026-07-09T11:08:23.407770+00:00,119.7,200,bid,YieldingYams,WavyWalnuts,13468608
2026-07-09T11:08:24.075525,2026-07-09T11:08:24.086626+00:00,119.8,200,ask,YieldingYams,WavyWalnuts,13468614
2026-07-09T11:08:25.107045,2026-07-09T11:08:25.115379+00:00,119.6,500,bid,AverageAlmonds,YieldingYams,13468628
2026-07-09T11:08:25.282184,2026-07-09T11:08:25.290968+00:00,119.6,125,bid,WavyWalnuts,YieldingYams,13468630
2026-07-09T11:08:27.520134,2026-07-09T11:08:27.528465+00:00,119.9,200,bid,AverageAlmonds,WavyWalnuts,13468675
2026-07-09T11:08:27.520134,2026-07-09T11:08:27.533679+00:00,119.9,300,bid,AverageAlmonds,YieldingYams,13468676
2026-07-09T11:08:27.671193,2026-07-09T11:08:27.683222+00:00,119.7,20,ask,WavyWalnuts,BrilliantBurritos,13468679
2026-07-09T11:08:27.702566,2026-07-09T11:08:27.714204+00:00,119.9,200,bid,WavyWalnuts,YieldingYams,13468680
2026-07-09T11:08:28.118273,2026-07-09T11:08:28.130137+00:00,119.9,125,bid,AverageAlmonds,YieldingYams,13468688
2026-07-09T11:08:28.158803,2026-07-09T11:08:28.163479+00:00,119.9,11,ask,AverageAlmonds,Xuanyu Liu,13468691
2026-07-09T11:08:28.440922,2026-07-09T11:08:28.445447+00:00,120.1,9,bid,Xuanyu Liu,WavyWalnuts,13468699
2026-07-09T11:08:32.623476,2026-07-09T11:08:32.631681+00:00,120.1,200,bid,YieldingYams,WavyWalnuts,13468764
2026-07-09T11:08:34.988721,2026-07-09T11:08:34.998573+00:00,120.1,200,ask,YieldingYams,WavyWalnuts,13468799
2026-07-09T11:08:36.197538,2026-07-09T11:08:36.205343+00:00,120.2,200,ask,YieldingYams,WavyWalnuts,13468812
2026-07-09T11:08:37.814126,2026-07-09T11:08:37.824659+00:00,120.2,500,bid,AverageAlmonds,YieldingYams,13468838
2026-07-09T11:08:37.875429,2026-07-09T11:08:37.911251+00:00,120.3,200,bid,YieldingYams,WavyWalnuts,13468842
2026-07-09T11:08:37.907023,2026-07-09T11:08:37.911251+00:00,120.3,21,ask,YieldingYams,Xuanyu Liu,13468847
2026-07-09T11:08:39.825700,2026-07-09T11:08:39.833450+00:00,120.5,200,bid,WavyWalnuts,YieldingYams,13468877
2026-07-09T11:08:41.037258,2026-07-09T11:08:41.049019+00:00,120.5,200,ask,YieldingYams,WavyWalnuts,13468891
2026-07-09T11:08:41.089663,2026-07-09T11:08:41.093841+00:00,120.7,12,bid,Xuanyu Liu,YieldingYams,13468894
2026-07-09T11:08:41.195519,2026-07-09T11:08:41.207229+00:00,120.5,20,ask,YieldingYams,BrilliantBurritos,13468895
2026-07-09T11:08:42.265065,2026-07-09T11:08:42.269482+00:00,120.6,11,bid,Xuanyu Liu,WavyWalnuts,13468917
2026-07-09T11:08:43.117333,2026-07-09T11:08:43.128631+00:00,120.6,189,bid,YieldingYams,WavyWalnuts,13468932
2026-07-09T11:08:43.443744,2026-07-09T11:08:43.451143+00:00,120.6,20,ask,YieldingYams,BrilliantBurritos,13468943
2026-07-09T11:08:44.673883,2026-07-09T11:08:44.683525+00:00,120.7,200,bid,WavyWalnuts,YieldingYams,13468967
2026-07-09T11:08:47.054276,2026-07-09T11:08:47.058639+00:00,120.7,200,bid,YieldingYams,WavyWalnuts,13469009
2026-07-09T11:08:47.054276,2026-07-09T11:08:47.058639+00:00,120.7,425,bid,YieldingYams,AverageAlmonds,13469010
2026-07-09T11:08:47.091246,2026-07-09T11:08:47.100682+00:00,120.7,75,bid,WavyWalnuts,AverageAlmonds,13469015
2026-07-09T11:08:47.514481,2026-07-09T11:08:47.545508+00:00,120.7,125,ask,WavyWalnuts,AverageAlmonds,13469023
2026-07-09T11:08:47.541054,2026-07-09T11:08:47.566239+00:00,120.6,11,bid,Xuanyu Liu,AverageAlmonds,13469026
2026-07-09T11:08:48.303241,2026-07-09T11:08:48.313767+00:00,120.6,200,bid,WavyWalnuts,AverageAlmonds,13469041
2026-07-09T11:08:48.401720,2026-07-09T11:08:48.406220+00:00,120.5,12,bid,Xuanyu Liu,YieldingYams,13469051
2026-07-09T11:08:49.517178,2026-07-09T11:08:49.528350+00:00,120.5,200,bid,WavyWalnuts,YieldingYams,13469060
2026-07-09T11:08:51.942397,2026-07-09T11:08:51.952323+00:00,120.6,200,bid,WavyWalnuts,YieldingYams,13469095
2026-07-09T11:08:53.158154,2026-07-09T11:08:53.165684+00:00,120.6,200,bid,WavyWalnuts,YieldingYams,13469113
2026-07-09T11:08:54.369508,2026-07-09T11:08:54.379624+00:00,120.6,200,bid,WavyWalnuts,YieldingYams,13469118
2026-07-09T11:08:55.558632,2026-07-09T11:08:55.570760+00:00,120.8,20,bid,BrilliantBurritos,WavyWalnuts,13469132
2026-07-09T11:08:55.580561,2026-07-09T11:08:55.591915+00:00,120.7,200,ask,YieldingYams,WavyWalnuts,13469135
2026-07-09T11:08:57.999088,2026-07-09T11:08:58.009234+00:00,120.5,200,ask,YieldingYams,WavyWalnuts,13469179
2026-07-09T11:08:58.217988,2026-07-09T11:08:58.230407+00:00,120.7,20,bid,BrilliantBurritos,YieldingYams,13469183
2026-07-09T11:09:01.514904,2026-07-09T11:09:01.523829+00:00,120.5,200,ask,WavyWalnuts,YieldingYams,13469251
2026-07-09T11:09:01.623186,2026-07-09T11:09:01.632544+00:00,120.4,200,bid,WavyWalnuts,YieldingYams,13469259
2026-07-09T11:09:04.146433,2026-07-09T11:09:04.154767+00:00,120.4,200,ask,WavyWalnuts,YieldingYams,13469285
2026-07-09T11:09:04.146433,2026-07-09T11:09:04.159944+00:00,120.3,425,ask,AverageAlmonds,YieldingYams,13469286
2026-07-09T11:09:04.952006,2026-07-09T11:09:04.958771+00:00,120.6,20,bid,BrilliantBurritos,WavyWalnuts,13469299
2026-07-09T11:09:05.457573,2026-07-09T11:09:05.479787+00:00,120.4,200,bid,YieldingYams,WavyWalnuts,13469311
2026-07-09T11:09:05.475472,2026-07-09T11:09:05.479787+00:00,120.6,23,ask,YieldingYams,Xuanyu Liu,13469313
2026-07-09T11:09:06.455281,2026-07-09T11:09:06.454865+00:00,120.6,200,ask,YieldingYams,WavyWalnuts,13469324
2026-07-09T11:09:06.788786,2026-07-09T11:09:06.792913+00:00,120.5,23,bid,Xuanyu Liu,YieldingYams,13469330
2026-07-09T11:09:09.423546,2026-07-09T11:09:09.431376+00:00,120.5,200,bid,YieldingYams,WavyWalnuts,13469367
2026-07-09T11:09:10.099724,2026-07-09T11:09:10.107538+00:00,120.5,200,ask,YieldingYams,WavyWalnuts,13469384
2026-07-09T11:09:12.051963,2026-07-09T11:09:12.058611+00:00,120.4,200,ask,WavyWalnuts,YieldingYams,13469417
2026-07-09T11:09:12.514761,2026-07-09T11:09:12.521478+00:00,120.3,200,bid,WavyWalnuts,YieldingYams,13469429
2026-07-09T11:09:12.786737,2026-07-09T11:09:12.791064+00:00,120.1,34,ask,YieldingYams,Xuanyu Liu,13469433
2026-07-09T11:09:13.376954,2026-07-09T11:09:13.381843+00:00,120.2,12,ask,YieldingYams,Xuanyu Liu,13469441
2026-07-09T11:09:22.222288,2026-07-09T11:09:22.233412+00:00,120.3,200,bid,WavyWalnuts,YieldingYams,13469573
2026-07-09T11:09:23.557752,2026-07-09T11:09:23.569847+00:00,120.2,20,ask,YieldingYams,BrilliantBurritos,13469603
2026-07-09T11:09:24.668159,2026-07-09T11:09:24.672471+00:00,120.2,6,bid,Xuanyu Liu,WavyWalnuts,13469618
2026-07-09T11:09:25.874742,2026-07-09T11:09:25.885973+00:00,120.0,200,ask,YieldingYams,WavyWalnuts,13469641
2026-07-09T11:09:27.833781,2026-07-09T11:09:27.842420+00:00,120.0,200,ask,WavyWalnuts,YieldingYams,13469675
2026-07-09T11:09:29.145571,2026-07-09T11:09:29.155945+00:00,120.0,200,bid,YieldingYams,WavyWalnuts,13469687
2026-07-09T11:09:29.526007,2026-07-09T11:09:29.530158+00:00,120.1,6,ask,WavyWalnuts,Xuanyu Liu,13469696
2026-07-09T11:09:31.932836,2026-07-09T11:09:31.940700+00:00,120.2,200,bid,WavyWalnuts,YieldingYams,13469727
2026-07-09T11:09:34.670702,2026-07-09T11:09:34.682614+00:00,120.2,20,bid,BrilliantBurritos,YieldingYams,13469771
2026-07-09T11:09:34.918274,2026-07-09T11:09:34.930376+00:00,120.2,7,bid,Stanley Cai,YieldingYams,13469774
2026-07-09T11:09:38.027997,2026-07-09T11:09:38.032928+00:00,120.0,11,ask,WavyWalnuts,Xuanyu Liu,13469826
2026-07-09T11:09:39.226237,2026-07-09T11:09:39.235627+00:00,120.1,200,bid,WavyWalnuts,YieldingYams,13469839
2026-07-09T11:09:40.441394,2026-07-09T11:09:40.452897+00:00,120.1,200,bid,WavyWalnuts,YieldingYams,13469869
2026-07-09T11:09:45.065563,2026-07-09T11:09:45.076555+00:00,119.9,20,ask,WavyWalnuts,BrilliantBurritos,13469940
2026-07-09T11:09:45.303586,2026-07-09T11:09:45.315198+00:00,119.9,200,ask,YieldingYams,WavyWalnuts,13469943
2026-07-09T11:09:46.865404,2026-07-09T11:09:46.875102+00:00,119.9,200,ask,WavyWalnuts,AverageAlmonds,13469963
2026-07-09T11:09:48.895451,2026-07-09T11:09:48.902457+00:00,119.8,200,ask,WavyWalnuts,YieldingYams,13469992
2026-07-09T11:09:48.916252,2026-07-09T11:09:48.920529+00:00,119.7,23,bid,Xuanyu Liu,YieldingYams,13469994
2026-07-09T11:09:48.930725,2026-07-09T11:09:48.941404+00:00,119.7,200,bid,WavyWalnuts,YieldingYams,13469995
2026-07-09T11:09:50.141560,2026-07-09T11:09:50.151246+00:00,119.7,200,bid,WavyWalnuts,YieldingYams,13470012
2026-07-09T11:09:50.217597,2026-07-09T11:09:50.229297+00:00,119.8,500,bid,YieldingYams,AverageAlmonds,13470016
2026-07-09T11:09:50.486328,2026-07-09T11:09:50.495431+00:00,119.8,125,ask,YieldingYams,AverageAlmonds,13470024
2026-07-09T11:09:50.678751,2026-07-09T11:09:50.690565+00:00,119.8,20,bid,BrilliantBurritos,AverageAlmonds,13470035
2026-07-09T11:09:51.533351,2026-07-09T11:09:51.541270+00:00,119.7,200,ask,WavyWalnuts,YieldingYams,13470042
2026-07-09T11:09:52.561408,2026-07-09T11:09:52.570739+00:00,119.6,200,bid,WavyWalnuts,YieldingYams,13470054
2026-07-09T11:09:53.774060,2026-07-09T11:09:53.785286+00:00,119.6,200,ask,YieldingYams,WavyWalnuts,13470072
2026-07-09T11:09:53.874937,2026-07-09T11:09:53.879871+00:00,119.8,11,bid,Xuanyu Liu,YieldingYams,13470077
2026-07-09T11:09:54.181420,2026-07-09T11:09:54.185165+00:00,119.7,11,bid,Xuanyu Liu,YieldingYams,13470087
2026-07-09T11:09:55.001784,2026-07-09T11:09:55.005556+00:00,119.6,12,bid,Xuanyu Liu,WavyWalnuts,13470096
2026-07-09T11:09:56.822400,2026-07-09T11:09:56.831672+00:00,119.4,200,ask,WavyWalnuts,YieldingYams,13470120
2026-07-09T11:09:56.838217,2026-07-09T11:09:56.842448+00:00,119.4,23,bid,Xuanyu Liu,YieldingYams,13470122
2026-07-09T11:09:57.104469,2026-07-09T11:09:57.112639+00:00,119.4,20,bid,BrilliantBurritos,YieldingYams,13470126
2026-07-09T11:09:57.405786,2026-07-09T11:09:57.416797+00:00,119.4,200,bid,WavyWalnuts,YieldingYams,13470132
2026-07-09T11:09:58.636006,2026-07-09T11:09:58.640109+00:00,119.5,12,ask,WavyWalnuts,Xuanyu Liu,13470161
2026-07-09T11:10:01.463342,2026-07-09T11:10:01.472596+00:00,119.5,20,bid,BrilliantBurritos,AverageAlmonds,13470184
2026-07-09T11:10:08.346860,2026-07-09T11:10:08.353720+00:00,119.3,200,ask,YieldingYams,WavyWalnuts,13470283
2026-07-09T11:10:08.673133,2026-07-09T11:10:08.684653+00:00,119.5,20,bid,BrilliantBurritos,YieldingYams,13470286
2026-07-09T11:10:09.797810,2026-07-09T11:10:09.801871+00:00,119.4,26,bid,Xuanyu Liu,YieldingYams,13470310
2026-07-09T11:10:11.724042,2026-07-09T11:10:11.736291+00:00,119.2,20,ask,WavyWalnuts,BrilliantBurritos,13470335
2026-07-09T11:10:13.934978,2026-07-09T11:10:13.943875+00:00,119.3,200,ask,WavyWalnuts,YieldingYams,13470360
2026-07-09T11:10:14.406056,2026-07-09T11:10:14.416193+00:00,119.2,200,bid,WavyWalnuts,YieldingYams,13470369
2026-07-09T11:10:15.619785,2026-07-09T11:10:15.629968+00:00,119.2,200,ask,YieldingYams,WavyWalnuts,13470395
2026-07-09T11:10:19.180755,2026-07-09T11:10:19.191331+00:00,119.1,200,ask,WavyWalnuts,YieldingYams,13470444
2026-07-09T11:10:21.100839,2026-07-09T11:10:21.112633+00:00,119.0,20,ask,WavyWalnuts,BrilliantBurritos,13470469
2026-07-09T11:10:21.661281,2026-07-09T11:10:21.669323+00:00,119.1,200,bid,WavyWalnuts,YieldingYams,13470481
2026-07-09T11:10:22.466779,2026-07-09T11:10:22.470925+00:00,119.2,3,bid,Xuanyu Liu,YieldingYams,13470491
2026-07-09T11:10:25.301586,2026-07-09T11:10:25.310042+00:00,119.1,200,ask,YieldingYams,WavyWalnuts,13470528
2026-07-09T11:10:25.764645,2026-07-09T11:10:25.769019+00:00,119.2,11,bid,Xuanyu Liu,YieldingYams,13470542
2026-07-09T11:10:26.530880,2026-07-09T11:10:26.535142+00:00,119.1,12,bid,Xuanyu Liu,WavyWalnuts,13470555
2026-07-09T11:10:27.727002,2026-07-09T11:10:27.734105+00:00,119.0,200,ask,YieldingYams,WavyWalnuts,13470570
2026-07-09T11:10:29.223878,2026-07-09T11:10:29.234697+00:00,119.1,20,bid,BrilliantBurritos,WavyWalnuts,13470594
2026-07-09T11:10:33.478627,2026-07-09T11:10:33.495163+00:00,118.9,20,ask,YieldingYams,BrilliantBurritos,13470656
2026-07-09T11:10:33.637326,2026-07-09T11:10:33.659010+00:00,118.9,200,ask,WavyWalnuts,YieldingYams,13470659
2026-07-09T11:10:33.654855,2026-07-09T11:10:33.659010+00:00,118.9,23,bid,Xuanyu Liu,YieldingYams,13470661
2026-07-09T11:10:33.785916,2026-07-09T11:10:33.796742+00:00,118.9,200,bid,WavyWalnuts,YieldingYams,13470664
2026-07-09T11:10:34.355951,2026-07-09T11:10:34.367120+00:00,118.9,25,bid,Jinyuan Qin,YieldingYams,13470672
2026-07-09T11:10:35.126176,2026-07-09T11:10:35.130786+00:00,118.9,12,ask,YieldingYams,Xuanyu Liu,13470693
2026-07-09T11:10:37.423591,2026-07-09T11:10:37.430480+00:00,118.9,200,ask,YieldingYams,WavyWalnuts,13470727
2026-07-09T11:10:38.631613,2026-07-09T11:10:38.640201+00:00,118.8,200,bid,WavyWalnuts,YieldingYams,13470744
2026-07-09T11:10:38.690158,2026-07-09T11:10:38.701944+00:00,118.8,5,bid,Stanley Cai,YieldingYams,13470746
2026-07-09T11:10:40.726483,2026-07-09T11:10:40.736568+00:00,118.8,200,bid,AverageAlmonds,WavyWalnuts,13470774
2026-07-09T11:10:40.726483,2026-07-09T11:10:40.736568+00:00,118.8,300,bid,AverageAlmonds,YieldingYams,13470775
2026-07-09T11:10:41.412320,2026-07-09T11:10:41.416766+00:00,118.8,12,bid,Xuanyu Liu,YieldingYams,13470787
2026-07-09T11:10:43.190152,2026-07-09T11:10:43.200915+00:00,118.9,20,bid,BrilliantBurritos,YieldingYams,13470808
2026-07-09T11:10:44.149487,2026-07-09T11:10:44.158631+00:00,118.8,200,ask,WavyWalnuts,YieldingYams,13470818
2026-07-09T11:10:44.149487,2026-07-09T11:10:44.163796+00:00,118.8,425,ask,AverageAlmonds,YieldingYams,13470819
2026-07-09T11:10:46.075806,2026-07-09T11:10:46.085106+00:00,118.9,20,ask,YieldingYams,BrilliantBurritos,13470842
2026-07-09T11:10:47.113352,2026-07-09T11:10:47.122157+00:00,118.9,200,ask,YieldingYams,WavyWalnuts,13470850
2026-07-09T11:10:47.735052,2026-07-09T11:10:47.746989+00:00,119.1,20,bid,BrilliantBurritos,YieldingYams,13470856
2026-07-09T11:10:49.179213,2026-07-09T11:10:49.190744+00:00,119.0,5,bid,Stanley Cai,YieldingYams,13470876
2026-07-09T11:10:49.451645,2026-07-09T11:10:49.458668+00:00,118.9,200,ask,WavyWalnuts,YieldingYams,13470886
2026-07-09T11:10:49.539884,2026-07-09T11:10:49.547929+00:00,118.9,200,bid,WavyWalnuts,YieldingYams,13470889
2026-07-09T11:10:54.396395,2026-07-09T11:10:54.406707+00:00,118.9,200,ask,YieldingYams,WavyWalnuts,13470953
2026-07-09T11:10:56.821566,2026-07-09T11:10:56.829036+00:00,118.9,200,ask,YieldingYams,WavyWalnuts,13470980
2026-07-09T11:10:57.942406,2026-07-09T11:10:57.963864+00:00,119.0,20,bid,BrilliantBurritos,YieldingYams,13471002
2026-07-09T11:11:01.243985,2026-07-09T11:11:01.269428+00:00,118.9,200,bid,YieldingYams,WavyWalnuts,13471054
2026-07-09T11:11:01.264971,2026-07-09T11:11:01.269428+00:00,119.0,12,ask,YieldingYams,Xuanyu Liu,13471056
2026-07-09T11:11:01.685106,2026-07-09T11:11:01.695806+00:00,119.0,200,ask,YieldingYams,WavyWalnuts,13471066
2026-07-09T11:11:01.946766,2026-07-09T11:11:01.958556+00:00,119.0,20,ask,YieldingYams,BrilliantBurritos,13471071
2026-07-09T11:11:02.053114,2026-07-09T11:11:02.058597+00:00,119.0,5,ask,YieldingYams,Stanley Cai,13471072
2026-07-09T11:11:02.894360,2026-07-09T11:11:02.900898+00:00,118.8,200,ask,YieldingYams,WavyWalnuts,13471081
2026-07-09T11:11:05.390271,2026-07-09T11:11:05.401672+00:00,118.8,20,bid,BrilliantBurritos,YieldingYams,13471121
2026-07-09T11:11:05.547731,2026-07-09T11:11:05.557435+00:00,118.8,500,bid,AverageAlmonds,YieldingYams,13471125
2026-07-09T11:11:06.505018,2026-07-09T11:11:06.509401+00:00,118.8,11,ask,YieldingYams,Xuanyu Liu,13471140
2026-07-09T11:11:07.742651,2026-07-09T11:11:07.750819+00:00,118.8,200,ask,YieldingYams,WavyWalnuts,13471158
2026-07-09T11:11:11.385339,2026-07-09T11:11:11.394096+00:00,118.7,200,ask,YieldingYams,WavyWalnuts,13471205
2026-07-09T11:11:16.232731,2026-07-09T11:11:16.241018+00:00,118.8,200,bid,WavyWalnuts,YieldingYams,13471255
2026-07-09T11:11:18.297302,2026-07-09T11:11:18.308437+00:00,118.7,200,ask,WavyWalnuts,YieldingYams,13471281
2026-07-09T11:11:18.659165,2026-07-09T11:11:18.669366+00:00,118.7,200,bid,WavyWalnuts,YieldingYams,13471289
2026-07-09T11:11:19.623544,2026-07-09T11:11:19.627749+00:00,118.6,12,ask,YieldingYams,Xuanyu Liu,13471299
2026-07-09T11:11:19.788081,2026-07-09T11:11:19.800003+00:00,118.6,10,ask,YieldingYams,Stanley Cai,13471306
2026-07-09T11:11:19.884408,2026-07-09T11:11:19.888461+00:00,118.7,11,ask,WavyWalnuts,Xuanyu Liu,13471309
2026-07-09T11:11:20.199882,2026-07-09T11:11:20.212056+00:00,118.7,10,ask,WavyWalnuts,Stanley Cai,13471310
2026-07-09T11:11:20.481477,2026-07-09T11:11:20.493738+00:00,118.7,20,ask,WavyWalnuts,BrilliantBurritos,13471312
2026-07-09T11:11:20.614053,2026-07-09T11:11:20.626198+00:00,118.7,10,ask,WavyWalnuts,Stanley Cai,13471314
2026-07-09T11:11:21.027461,2026-07-09T11:11:21.034844+00:00,118.7,8,ask,WavyWalnuts,Stanley Cai,13471323
2026-07-09T11:11:21.049614,2026-07-09T11:11:21.058572+00:00,118.7,5,ask,WavyWalnuts,Stanley Cai,13471325
2026-07-09T11:11:21.077251,2026-07-09T11:11:21.085142+00:00,118.8,3,bid,WavyWalnuts,Stanley Cai,13471327
2026-07-09T11:11:21.077251,2026-07-09T11:11:21.090520+00:00,118.8,197,bid,WavyWalnuts,YieldingYams,13471328
2026-07-09T11:11:22.240836,2026-07-09T11:11:22.245075+00:00,118.8,3,ask,YieldingYams,Xuanyu Liu,13471344
2026-07-09T11:11:24.065189,2026-07-09T11:11:24.076984+00:00,118.9,20,ask,YieldingYams,BrilliantBurritos,13471371
2026-07-09T11:11:25.778358,2026-07-09T11:11:25.786088+00:00,118.9,5,ask,YieldingYams,Jinyuan Qin,13471404
2026-07-09T11:11:26.178168,2026-07-09T11:11:26.189322+00:00,119.0,200,ask,WavyWalnuts,YieldingYams,13471411
2026-07-09T11:11:28.811300,2026-07-09T11:11:28.821795+00:00,119.1,200,bid,YieldingYams,WavyWalnuts,13471439
2026-07-09T11:11:28.811300,2026-07-09T11:11:28.821795+00:00,119.1,425,bid,YieldingYams,AverageAlmonds,13471440
2026-07-09T11:11:29.563627,2026-07-09T11:11:29.571446+00:00,119.1,200,bid,WavyWalnuts,AverageAlmonds,13471451
2026-07-09T11:11:30.772260,2026-07-09T11:11:30.779182+00:00,118.9,200,bid,WavyWalnuts,YieldingYams,13471460
2026-07-09T11:11:31.820712,2026-07-09T11:11:31.832335+00:00,119.0,20,ask,YieldingYams,Jinyuan Qin,13471480
2026-07-09T11:11:32.215375,2026-07-09T11:11:32.226087+00:00,119.1,200,ask,WavyWalnuts,AverageAlmonds,13471485
2026-07-09T11:11:33.191994,2026-07-09T11:11:33.200884+00:00,119.0,200,bid,WavyWalnuts,YieldingYams,13471498
2026-07-09T11:11:34.055016,2026-07-09T11:11:34.058591+00:00,118.9,500,bid,YieldingYams,AverageAlmonds,13471514
2026-07-09T11:11:34.617611,2026-07-09T11:11:34.627876+00:00,119.0,125,ask,YieldingYams,AverageAlmonds,13471519
2026-07-09T11:11:34.617611,2026-07-09T11:11:34.627876+00:00,119.0,200,ask,WavyWalnuts,AverageAlmonds,13471520
2026-07-09T11:11:35.678994,2026-07-09T11:11:35.687904+00:00,118.9,20,bid,BrilliantBurritos,YieldingYams,13471542
2026-07-09T11:11:37.985333,2026-07-09T11:11:37.996673+00:00,118.9,200,ask,WavyWalnuts,YieldingYams,13471567
2026-07-09T11:11:38.031538,2026-07-09T11:11:38.041173+00:00,118.8,200,bid,WavyWalnuts,YieldingYams,13471568
2026-07-09T11:11:39.293488,2026-07-09T11:11:39.302644+00:00,118.9,200,bid,YieldingYams,WavyWalnuts,13471591
2026-07-09T11:11:41.665819,2026-07-09T11:11:41.675621+00:00,118.9,200,ask,YieldingYams,WavyWalnuts,13471626
2026-07-09T11:11:42.560392,2026-07-09T11:11:42.568027+00:00,119.0,20,bid,BrilliantBurritos,YieldingYams,13471645
2026-07-09T11:11:45.828482,2026-07-09T11:11:45.839471+00:00,118.8,20,ask,YieldingYams,BrilliantBurritos,13471698
2026-07-09T11:11:46.974195,2026-07-09T11:11:46.981568+00:00,118.9,5,ask,YieldingYams,Jinyuan Qin,13471716
2026-07-09T11:11:48.944802,2026-07-09T11:11:48.955653+00:00,118.8,200,ask,YieldingYams,WavyWalnuts,13471742
2026-07-09T11:11:52.589155,2026-07-09T11:11:52.598858+00:00,118.9,200,ask,YieldingYams,WavyWalnuts,13471795
2026-07-09T11:11:56.054797,2026-07-09T11:11:56.058600+00:00,118.9,5,bid,Jinyuan Qin,WavyWalnuts,13471845
2026-07-09T11:11:57.076739,2026-07-09T11:11:57.087551+00:00,118.8,5,ask,YieldingYams,Jinyuan Qin,13471864
2026-07-09T11:11:57.082066,2026-07-09T11:11:57.092598+00:00,118.9,5,bid,Stanley Cai,AverageAlmonds,13471865
2026-07-09T11:11:57.433175,2026-07-09T11:11:57.443450+00:00,118.8,200,ask,YieldingYams,WavyWalnuts,13471870
2026-07-09T11:11:57.459888,2026-07-09T11:11:57.464354+00:00,118.9,26,bid,Xuanyu Liu,AverageAlmonds,13471872
2026-07-09T11:11:57.473464,2026-07-09T11:11:57.485232+00:00,118.9,10,bid,Stanley Cai,AverageAlmonds,13471874
2026-07-09T11:11:57.490757,2026-07-09T11:11:57.500886+00:00,118.9,5,bid,Jinyuan Qin,WavyWalnuts,13471875
2026-07-09T11:11:58.963811,2026-07-09T11:11:58.975540+00:00,118.9,200,bid,YieldingYams,WavyWalnuts,13471897
2026-07-09T11:11:58.963811,2026-07-09T11:11:58.975540+00:00,118.9,425,bid,YieldingYams,AverageAlmonds,13471898
2026-07-09T11:11:59.849947,2026-07-09T11:11:59.860457+00:00,118.9,200,bid,WavyWalnuts,AverageAlmonds,13471915
2026-07-09T11:12:01.061068,2026-07-09T11:12:01.070315+00:00,118.7,200,bid,WavyWalnuts,YieldingYams,13471931
2026-07-09T11:12:01.606046,2026-07-09T11:12:01.610783+00:00,118.6,12,ask,YieldingYams,Xuanyu Liu,13471939
2026-07-09T11:12:02.272491,2026-07-09T11:12:02.280633+00:00,118.8,200,bid,WavyWalnuts,YieldingYams,13471943
2026-07-09T11:12:02.911561,2026-07-09T11:12:02.915879+00:00,118.7,11,ask,YieldingYams,Xuanyu Liu,13471953
2026-07-09T11:12:03.503171,2026-07-09T11:12:03.507281+00:00,118.8,3,ask,WavyWalnuts,Xuanyu Liu,13471969
2026-07-09T11:12:03.779690,2026-07-09T11:12:03.783942+00:00,118.9,2,bid,Xuanyu Liu,YieldingYams,13471979
2026-07-09T11:12:04.207953,2026-07-09T11:12:04.217561+00:00,118.8,197,ask,WavyWalnuts,YieldingYams,13471988
2026-07-09T11:12:07.530587,2026-07-09T11:12:07.540825+00:00,118.7,20,ask,WavyWalnuts,BrilliantBurritos,13472021
2026-07-09T11:12:09.446702,2026-07-09T11:12:09.458624+00:00,118.8,200,ask,WavyWalnuts,YieldingYams,13472043
2026-07-09T11:12:10.046730,2026-07-09T11:12:10.051283+00:00,118.8,1,bid,Xuanyu Liu,YieldingYams,13472052
2026-07-09T11:12:10.735377,2026-07-09T11:12:10.746860+00:00,118.8,200,bid,WavyWalnuts,YieldingYams,13472066
2026-07-09T11:12:10.755383,2026-07-09T11:12:10.763991+00:00,118.9,500,bid,YieldingYams,AverageAlmonds,13472067
2026-07-09T11:12:11.946742,2026-07-09T11:12:11.958610+00:00,118.9,125,ask,YieldingYams,WavyWalnuts,13472092
2026-07-09T11:12:13.413478,2026-07-09T11:12:13.421247+00:00,118.8,200,bid,YieldingYams,WavyWalnuts,13472110
2026-07-09T11:12:16.036410,2026-07-09T11:12:16.044453+00:00,118.7,200,ask,WavyWalnuts,YieldingYams,13472157
2026-07-09T11:12:19.966558,2026-07-09T11:12:19.977836+00:00,118.7,200,bid,YieldingYams,WavyWalnuts,13472215
2026-07-09T11:12:21.181231,2026-07-09T11:12:21.188450+00:00,118.8,20,bid,BrilliantBurritos,WavyWalnuts,13472237
2026-07-09T11:12:23.107365,2026-07-09T11:12:23.119212+00:00,118.9,26,bid,Stanley Cai,YieldingYams,13472254
2026-07-09T11:12:25.944927,2026-07-09T11:12:25.958596+00:00,118.8,20,bid,BrilliantBurritos,WavyWalnuts,13472299
2026-07-09T11:12:26.474501,2026-07-09T11:12:26.483247+00:00,118.7,200,ask,YieldingYams,WavyWalnuts,13472303
2026-07-09T11:12:28.895545,2026-07-09T11:12:28.906329+00:00,118.6,200,ask,YieldingYams,WavyWalnuts,13472343
2026-07-09T11:12:30.105614,2026-07-09T11:12:30.117114+00:00,118.6,200,ask,AverageAlmonds,WavyWalnuts,13472352
2026-07-09T11:12:30.459257,2026-07-09T11:12:30.469567+00:00,118.6,500,ask,AverageAlmonds,YieldingYams,13472354
2026-07-09T11:12:30.917346,2026-07-09T11:12:30.925966+00:00,118.6,125,bid,AverageAlmonds,YieldingYams,13472362
2026-07-09T11:12:33.079086,2026-07-09T11:12:33.086305+00:00,118.7,500,ask,AverageAlmonds,YieldingYams,13472400
2026-07-09T11:12:33.358366,2026-07-09T11:12:33.370395+00:00,118.7,125,bid,AverageAlmonds,YieldingYams,13472403
2026-07-09T11:12:34.126358,2026-07-09T11:12:34.138389+00:00,118.8,20,ask,AverageAlmonds,BrilliantBurritos,13472410
2026-07-09T11:12:37.369246,2026-07-09T11:12:37.376542+00:00,118.8,200,ask,YieldingYams,WavyWalnuts,13472448
2026-07-09T11:12:38.322914,2026-07-09T11:12:38.334356+00:00,118.7,500,ask,AverageAlmonds,YieldingYams,13472458
2026-07-09T11:12:38.815356,2026-07-09T11:12:38.823354+00:00,118.7,125,bid,AverageAlmonds,YieldingYams,13472465
2026-07-09T11:12:39.629292,2026-07-09T11:12:39.636607+00:00,118.8,200,bid,YieldingYams,WavyWalnuts,13472482
2026-07-09T11:12:41.744633,2026-07-09T11:12:41.748718+00:00,119.0,34,bid,Xuanyu Liu,YieldingYams,13472511
2026-07-09T11:12:42.254423,2026-07-09T11:12:42.254283+00:00,118.9,200,ask,WavyWalnuts,YieldingYams,13472514
2026-07-09T11:12:42.264236,2026-07-09T11:12:42.268209+00:00,118.9,12,bid,Xuanyu Liu,YieldingYams,13472516
2026-07-09T11:12:42.479334,2026-07-09T11:12:42.487857+00:00,118.9,25,bid,Jinyuan Qin,YieldingYams,13472518
2026-07-09T11:12:43.429031,2026-07-09T11:12:43.440521+00:00,118.8,20,ask,WavyWalnuts,BrilliantBurritos,13472534
2026-07-09T11:12:44.902090,2026-07-09T11:12:44.911654+00:00,118.8,200,ask,WavyWalnuts,YieldingYams,13472550
2026-07-09T11:12:45.837056,2026-07-09T11:12:45.845290+00:00,118.8,200,bid,WavyWalnuts,YieldingYams,13472566
2026-07-09T11:12:46.219501,2026-07-09T11:12:46.224075+00:00,118.8,12,ask,YieldingYams,Xuanyu Liu,13472569
2026-07-09T11:12:47.324677,2026-07-09T11:12:47.336393+00:00,119.0,20,bid,BrilliantBurritos,WavyWalnuts,13472582
2026-07-09T11:12:47.436398,2026-07-09T11:12:47.440653+00:00,118.8,11,ask,YieldingYams,Xuanyu Liu,13472586
2026-07-09T11:12:48.065730,2026-07-09T11:12:48.069670+00:00,118.7,23,ask,WavyWalnuts,Xuanyu Liu,13472601
2026-07-09T11:12:48.270850,2026-07-09T11:12:48.295713+00:00,118.8,3,ask,WavyWalnuts,Xuanyu Liu,13472606
2026-07-09T11:12:48.510242,2026-07-09T11:12:48.522919+00:00,118.8,20,ask,WavyWalnuts,BrilliantBurritos,13472608
2026-07-09T11:12:48.551031,2026-07-09T11:12:48.558551+00:00,118.8,25,ask,WavyWalnuts,Jinyuan Qin,13472609
2026-07-09T11:12:48.861202,2026-07-09T11:12:48.868935+00:00,118.8,152,ask,WavyWalnuts,YieldingYams,13472617
2026-07-09T11:12:53.880729,2026-07-09T11:12:53.892925+00:00,118.7,20,ask,YieldingYams,BrilliantBurritos,13472706
2026-07-09T11:12:54.341027,2026-07-09T11:12:54.352303+00:00,118.8,200,bid,WavyWalnuts,YieldingYams,13472714
2026-07-09T11:12:54.986950,2026-07-09T11:12:54.994483+00:00,118.6,6,ask,Kelvin Chan,BrilliantBurritos,13472727
2026-07-09T11:12:54.986950,2026-07-09T11:12:54.999930+00:00,118.6,14,ask,YieldingYams,BrilliantBurritos,13472728
2026-07-09T11:12:56.735586,2026-07-09T11:12:56.746893+00:00,118.7,200,ask,WavyWalnuts,YieldingYams,13472771
2026-07-09T11:12:56.758322,2026-07-09T11:12:56.770115+00:00,118.7,200,bid,WavyWalnuts,YieldingYams,13472772
2026-07-09T11:12:59.199207,2026-07-09T11:12:59.208843+00:00,118.6,6,ask,Kelvin Chan,WavyWalnuts,13472809
2026-07-09T11:13:00.062483,2026-07-09T11:13:00.074189+00:00,118.6,20,bid,BrilliantBurritos,WavyWalnuts,13472836
2026-07-09T11:13:01.617836,2026-07-09T11:13:01.625121+00:00,118.6,200,bid,WavyWalnuts,YieldingYams,13472859
2026-07-09T11:13:05.258000,2026-07-09T11:13:05.268928+00:00,118.5,200,ask,YieldingYams,WavyWalnuts,13472913
2026-07-09T11:13:07.211726,2026-07-09T11:13:07.222001+00:00,118.4,200,ask,WavyWalnuts,YieldingYams,13472945
2026-07-09T11:13:07.673986,2026-07-09T11:13:07.683680+00:00,118.4,200,bid,WavyWalnuts,YieldingYams,13472947
2026-07-09T11:13:08.525822,2026-07-09T11:13:08.545797+00:00,118.5,61,bid,YieldingYams,Kelvin Chan,13472956
2026-07-09T11:13:08.541472,2026-07-09T11:13:08.545797+00:00,118.5,3,ask,YieldingYams,Xuanyu Liu,13472959
2026-07-09T11:13:08.894971,2026-07-09T11:13:08.902564+00:00,118.5,200,ask,YieldingYams,WavyWalnuts,13472967
2026-07-09T11:13:12.529191,2026-07-09T11:13:12.539531+00:00,118.5,200,bid,WavyWalnuts,AverageAlmonds,13473018
2026-07-09T11:13:13.684473,2026-07-09T11:13:13.695352+00:00,118.3,20,ask,YieldingYams,BrilliantBurritos,13473036
2026-07-09T11:13:13.740226,2026-07-09T11:13:13.749465+00:00,118.4,200,bid,WavyWalnuts,AverageAlmonds,13473038
2026-07-09T11:13:14.950425,2026-07-09T11:13:14.958676+00:00,118.4,200,bid,WavyWalnuts,AverageAlmonds,13473051
2026-07-09T11:13:16.177926,2026-07-09T11:13:16.186767+00:00,118.4,200,bid,WavyWalnuts,AverageAlmonds,13473077
2026-07-09T11:13:17.393613,2026-07-09T11:13:17.403965+00:00,118.3,200,ask,YieldingYams,WavyWalnuts,13473108
2026-07-09T11:13:20.353335,2026-07-09T11:13:20.358548+00:00,118.3,200,ask,WavyWalnuts,YieldingYams,13473156
2026-07-09T11:13:20.353335,2026-07-09T11:13:20.358548+00:00,118.2,3,ask,Kelvin Chan,YieldingYams,13473157
2026-07-09T11:13:21.037799,2026-07-09T11:13:21.049128+00:00,118.2,200,bid,WavyWalnuts,YieldingYams,13473171
2026-07-09T11:13:24.707946,2026-07-09T11:13:24.716040+00:00,118.1,2,ask,Kelvin Chan,WavyWalnuts,13473249
2026-07-09T11:13:24.728362,2026-07-09T11:13:24.733523+00:00,118.1,1,bid,Xuanyu Liu,WavyWalnuts,13473251
2026-07-09T11:13:28.218065,2026-07-09T11:13:28.239522+00:00,118.1,200,bid,YieldingYams,WavyWalnuts,13473312
2026-07-09T11:13:28.234457,2026-07-09T11:13:28.239522+00:00,118.1,1,ask,YieldingYams,Xuanyu Liu,13473314
2026-07-09T11:13:28.349277,2026-07-09T11:13:28.359323+00:00,118.1,200,ask,YieldingYams,WavyWalnuts,13473315
2026-07-09T11:13:29.552886,2026-07-09T11:13:29.557306+00:00,118.0,3,bid,Xuanyu Liu,YieldingYams,13473334
2026-07-09T11:13:30.873431,2026-07-09T11:13:30.880751+00:00,118.0,200,bid,AverageAlmonds,WavyWalnuts,13473366
2026-07-09T11:13:30.873431,2026-07-09T11:13:30.886331+00:00,118.0,300,bid,AverageAlmonds,YieldingYams,13473367
2026-07-09T11:13:31.965481,2026-07-09T11:13:31.977691+00:00,118.0,20,bid,BrilliantBurritos,YieldingYams,13473389
2026-07-09T11:13:32.111688,2026-07-09T11:13:32.121093+00:00,118.0,305,bid,AverageAlmonds,YieldingYams,13473394
2026-07-09T11:13:32.169146,2026-07-09T11:13:32.179897+00:00,118.1,200,bid,YieldingYams,WavyWalnuts,13473397
2026-07-09T11:13:32.326245,2026-07-09T11:13:32.338123+00:00,118.1,20,ask,YieldingYams,BrilliantBurritos,13473400
2026-07-09T11:13:33.188761,2026-07-09T11:13:33.199567+00:00,118.1,200,ask,YieldingYams,WavyWalnuts,13473416
2026-07-09T11:13:33.844792,2026-07-09T11:13:33.852004+00:00,117.9,2,ask,Kelvin Chan,BrilliantBurritos,13473425
2026-07-09T11:13:33.844792,2026-07-09T11:13:33.858594+00:00,117.9,18,ask,WavyWalnuts,BrilliantBurritos,13473426
2026-07-09T11:13:40.056810,2026-07-09T11:13:40.058605+00:00,118.2,200,bid,YieldingYams,WavyWalnuts,13473547
2026-07-09T11:13:40.078722,2026-07-09T11:13:40.083838+00:00,118.3,3,ask,YieldingYams,Xuanyu Liu,13473550
2026-07-09T11:13:40.451582,2026-07-09T11:13:40.456872+00:00,118.3,200,ask,YieldingYams,WavyWalnuts,13473555
2026-07-09T11:13:41.665132,2026-07-09T11:13:41.674902+00:00,118.1,200,bid,WavyWalnuts,YieldingYams,13473586
2026-07-09T11:13:42.885339,2026-07-09T11:13:42.896114+00:00,118.1,200,ask,YieldingYams,WavyWalnuts,13473612
2026-07-09T11:13:45.333662,2026-07-09T11:13:45.340839+00:00,118.0,2,ask,Kelvin Chan,YieldingYams,13473685
2026-07-09T11:13:45.333662,2026-07-09T11:13:45.346000+00:00,117.9,200,ask,WavyWalnuts,YieldingYams,13473686
2026-07-09T11:13:46.519712,2026-07-09T11:13:46.528973+00:00,117.9,200,bid,WavyWalnuts,YieldingYams,13473706
2026-07-09T11:13:48.256934,2026-07-09T11:13:48.260923+00:00,117.8,23,ask,WavyWalnuts,Xuanyu Liu,13473739
2026-07-09T11:13:49.066883,2026-07-09T11:13:49.076150+00:00,117.8,25,ask,WavyWalnuts,Jinyuan Qin,13473772
2026-07-09T11:13:49.312044,2026-07-09T11:13:49.321394+00:00,117.8,175,ask,WavyWalnuts,YieldingYams,13473776
2026-07-09T11:13:49.312044,2026-07-09T11:13:49.321394+00:00,117.8,450,ask,AverageAlmonds,YieldingYams,13473777
2026-07-09T11:13:50.002772,2026-07-09T11:13:50.006657+00:00,117.9,1,ask,Kelvin Chan,Xuanyu Liu,13473783
2026-07-09T11:13:50.297972,2026-07-09T11:13:50.301971+00:00,117.9,1,ask,AverageAlmonds,Xuanyu Liu,13473788
2026-07-09T11:13:53.242473,2026-07-09T11:13:53.270673+00:00,118.2,200,bid,YieldingYams,WavyWalnuts,13473846
2026-07-09T11:13:53.266316,2026-07-09T11:13:53.270673+00:00,118.2,21,ask,YieldingYams,Xuanyu Liu,13473848
2026-07-09T11:13:54.556215,2026-07-09T11:13:54.557037+00:00,118.2,200,ask,WavyWalnuts,YieldingYams,13473858
2026-07-09T11:13:57.451802,2026-07-09T11:13:57.458594+00:00,118.2,200,bid,WavyWalnuts,YieldingYams,13473901
2026-07-09T11:13:58.688447,2026-07-09T11:13:58.692616+00:00,118.2,11,ask,WavyWalnuts,Xuanyu Liu,13473917
2026-07-09T11:14:00.197271,2026-07-09T11:14:00.201676+00:00,118.1,3,ask,Kelvin Chan,Xuanyu Liu,13473939
2026-07-09T11:14:01.101721,2026-07-09T11:14:01.112247+00:00,118.1,17,ask,Kelvin Chan,WavyWalnuts,13473948
2026-07-09T11:14:01.112389,2026-07-09T11:14:01.122890+00:00,118.1,183,bid,YieldingYams,WavyWalnuts,13473949
2026-07-09T11:14:03.530581,2026-07-09T11:14:03.539392+00:00,118.1,12,ask,Kelvin Chan,WavyWalnuts,13473980
2026-07-09T11:14:04.438803,2026-07-09T11:14:04.451019+00:00,118.0,11,ask,Kelvin Chan,BrilliantBurritos,13473990
2026-07-09T11:14:04.756573,2026-07-09T11:14:04.758573+00:00,118.1,200,bid,WavyWalnuts,YieldingYams,13473995
2026-07-09T11:14:05.076098,2026-07-09T11:14:05.080913+00:00,118.2,1,ask,YieldingYams,Xuanyu Liu,13473999
2026-07-09T11:14:05.971589,2026-07-09T11:14:05.980963+00:00,118.2,200,ask,YieldingYams,WavyWalnuts,13474021
2026-07-09T11:14:07.180924,2026-07-09T11:14:07.190128+00:00,118.1,200,ask,YieldingYams,WavyWalnuts,13474050
2026-07-09T11:14:07.265737,2026-07-09T11:14:07.270861+00:00,118.3,38,bid,Xuanyu Liu,YieldingYams,13474053
2026-07-09T11:14:09.033646,2026-07-09T11:14:09.042078+00:00,118.1,200,bid,YieldingYams,WavyWalnuts,13474077
2026-07-09T11:14:11.665027,2026-07-09T11:14:11.675490+00:00,118.0,1,ask,Kelvin Chan,YieldingYams,13474136
2026-07-09T11:14:11.665027,2026-07-09T11:14:11.675490+00:00,118.0,200,ask,WavyWalnuts,YieldingYams,13474137
2026-07-09T11:14:13.264983,2026-07-09T11:14:13.275426+00:00,118.0,500,bid,AverageAlmonds,YieldingYams,13474175
2026-07-09T11:14:13.302306,2026-07-09T11:14:13.323670+00:00,118.0,125,bid,WavyWalnuts,YieldingYams,13474176
2026-07-09T11:14:13.319243,2026-07-09T11:14:13.323670+00:00,118.0,2,ask,WavyWalnuts,Xuanyu Liu,13474178
2026-07-09T11:14:13.598627,2026-07-09T11:14:13.603116+00:00,118.0,55,ask,WavyWalnuts,Xuanyu Liu,13474185
2026-07-09T11:14:14.284520,2026-07-09T11:14:14.293109+00:00,118.2,200,bid,YieldingYams,WavyWalnuts,13474205
2026-07-09T11:14:14.284520,2026-07-09T11:14:14.293109+00:00,118.2,8,bid,YieldingYams,Kelvin Chan,13474206
2026-07-09T11:14:14.305171,2026-07-09T11:14:14.311021+00:00,118.3,17,ask,YieldingYams,Xuanyu Liu,13474208
2026-07-09T11:14:14.332479,2026-07-09T11:14:14.342497+00:00,118.3,25,ask,YieldingYams,Jinyuan Qin,13474212
2026-07-09T11:14:14.516289,2026-07-09T11:14:14.527818+00:00,118.3,200,ask,YieldingYams,WavyWalnuts,13474218
2026-07-09T11:14:16.707924,2026-07-09T11:14:16.712226+00:00,118.3,17,bid,Xuanyu Liu,YieldingYams,13474263
2026-07-09T11:14:16.951403,2026-07-09T11:14:16.958576+00:00,118.4,9,bid,WavyWalnuts,Kelvin Chan,13474273
2026-07-09T11:14:16.951403,2026-07-09T11:14:16.958576+00:00,118.4,191,bid,WavyWalnuts,YieldingYams,13474274
2026-07-09T11:14:18.249839,2026-07-09T11:14:18.263595+00:00,118.3,9,bid,YieldingYams,Kelvin Chan,13474291
2026-07-09T11:14:18.249839,2026-07-09T11:14:18.263595+00:00,118.4,200,bid,YieldingYams,WavyWalnuts,13474292
2026-07-09T11:14:20.560690,2026-07-09T11:14:20.569321+00:00,118.3,200,ask,WavyWalnuts,AverageAlmonds,13474343
2026-07-09T11:14:22.187998,2026-07-09T11:14:22.198374+00:00,118.2,200,ask,WavyWalnuts,YieldingYams,13474364
2026-07-09T11:14:22.187998,2026-07-09T11:14:22.198374+00:00,118.1,1,ask,Kelvin Chan,YieldingYams,13474365
2026-07-09T11:14:22.205088,2026-07-09T11:14:22.209280+00:00,118.1,23,bid,Xuanyu Liu,YieldingYams,13474367
2026-07-09T11:14:22.791573,2026-07-09T11:14:22.801698+00:00,118.1,20,bid,BrilliantBurritos,YieldingYams,13474376
2026-07-09T11:14:24.590400,2026-07-09T11:14:24.599966+00:00,118.1,20,bid,BrilliantBurritos,WavyWalnuts,13474401
2026-07-09T11:14:24.815565,2026-07-09T11:14:24.826690+00:00,118.1,180,bid,YieldingYams,WavyWalnuts,13474407
2026-07-09T11:14:25.434610,2026-07-09T11:14:25.445211+00:00,118.1,200,ask,YieldingYams,WavyWalnuts,13474412
2026-07-09T11:14:26.012847,2026-07-09T11:14:26.024834+00:00,118.1,20,ask,YieldingYams,BrilliantBurritos,13474421
2026-07-09T11:14:28.785460,2026-07-09T11:14:28.789582+00:00,118.0,11,ask,WavyWalnuts,Xuanyu Liu,13474474
2026-07-09T11:14:29.087084,2026-07-09T11:14:29.091317+00:00,118.1,12,ask,WavyWalnuts,Xuanyu Liu,13474480
2026-07-09T11:14:30.071520,2026-07-09T11:14:30.081879+00:00,118.1,188,ask,WavyWalnuts,YieldingYams,13474495
2026-07-09T11:14:32.595448,2026-07-09T11:14:32.603546+00:00,118.0,3,ask,Kelvin Chan,BrilliantBurritos,13474537
2026-07-09T11:14:32.595448,2026-07-09T11:14:32.608886+00:00,118.0,17,ask,WavyWalnuts,BrilliantBurritos,13474538
2026-07-09T11:14:32.706595,2026-07-09T11:14:32.716121+00:00,118.2,200,bid,WavyWalnuts,YieldingYams,13474543
2026-07-09T11:14:33.917596,2026-07-09T11:14:33.926294+00:00,118.2,200,bid,WavyWalnuts,YieldingYams,13474568
2026-07-09T11:14:35.487840,2026-07-09T11:14:35.497225+00:00,118.2,20,bid,BrilliantBurritos,YieldingYams,13474591
2026-07-09T11:14:37.547504,2026-07-09T11:14:37.558566+00:00,118.2,200,ask,YieldingYams,WavyWalnuts,13474631
2026-07-09T11:14:40.566925,2026-07-09T11:14:40.575575+00:00,118.1,200,bid,YieldingYams,WavyWalnuts,13474685
2026-07-09T11:14:41.177892,2026-07-09T11:14:41.185927+00:00,118.2,200,ask,YieldingYams,WavyWalnuts,13474693
2026-07-09T11:14:43.213348,2026-07-09T11:14:43.220369+00:00,118.1,200,ask,WavyWalnuts,YieldingYams,13474715
2026-07-09T11:14:44.532030,2026-07-09T11:14:44.540446+00:00,118.0,200,ask,WavyWalnuts,YieldingYams,13474737
2026-07-09T11:14:44.808977,2026-07-09T11:14:44.819381+00:00,118.0,200,bid,WavyWalnuts,YieldingYams,13474745
2026-07-09T11:14:45.271364,2026-07-09T11:14:45.276097+00:00,117.8,17,ask,YieldingYams,Xuanyu Liu,13474754
2026-07-09T11:14:47.051799,2026-07-09T11:14:47.064105+00:00,117.9,20,ask,YieldingYams,BrilliantBurritos,13474773
2026-07-09T11:14:48.478473,2026-07-09T11:14:48.486942+00:00,118.1,200,bid,YieldingYams,WavyWalnuts,13474789
2026-07-09T11:14:49.175735,2026-07-09T11:14:49.185411+00:00,118.1,20,ask,YieldingYams,BrilliantBurritos,13474800
2026-07-09T11:14:49.651427,2026-07-09T11:14:49.663733+00:00,118.1,200,ask,YieldingYams,WavyWalnuts,13474806
2026-07-09T11:14:50.886111,2026-07-09T11:14:50.889793+00:00,118.1,6,bid,Xuanyu Liu,WavyWalnuts,13474816
2026-07-09T11:14:53.245038,2026-07-09T11:14:53.253940+00:00,118.1,500,bid,AverageAlmonds,YieldingYams,13474842
2026-07-09T11:14:53.308903,2026-07-09T11:14:53.320086+00:00,118.0,13,ask,Kelvin Chan,WavyWalnuts,13474843
2026-07-09T11:14:53.326195,2026-07-09T11:14:53.330242+00:00,118.0,11,bid,Xuanyu Liu,WavyWalnuts,13474845
2026-07-09T11:14:53.728109,2026-07-09T11:14:53.735845+00:00,118.0,176,bid,YieldingYams,WavyWalnuts,13474853
2026-07-09T11:14:54.518705,2026-07-09T11:14:54.526117+00:00,118.2,200,ask,YieldingYams,WavyWalnuts,13474870
2026-07-09T11:14:54.709758,2026-07-09T11:14:54.714016+00:00,118.4,12,bid,Xuanyu Liu,YieldingYams,13474878
2026-07-09T11:14:54.923145,2026-07-09T11:14:54.927354+00:00,118.3,3,bid,Xuanyu Liu,Kelvin Chan,13474883
2026-07-09T11:14:55.104795,2026-07-09T11:14:55.108957+00:00,118.3,8,bid,Xuanyu Liu,YieldingYams,13474889
2026-07-09T11:14:55.747297,2026-07-09T11:14:55.752286+00:00,118.1,23,bid,Xuanyu Liu,WavyWalnuts,13474899
2026-07-09T11:14:56.258569,2026-07-09T11:14:56.275844+00:00,118.1,177,bid,AverageAlmonds,WavyWalnuts,13474911
2026-07-09T11:14:56.942079,2026-07-09T11:14:56.951008+00:00,118.1,200,ask,AverageAlmonds,WavyWalnuts,13474922
2026-07-09T11:14:59.002784,2026-07-09T11:14:59.010199+00:00,118.2,500,ask,AverageAlmonds,YieldingYams,13474981
2026-07-09T11:14:59.285715,2026-07-09T11:14:59.293950+00:00,118.2,125,bid,AverageAlmonds,YieldingYams,13474986
2026-07-09T11:14:59.981574,2026-07-09T11:14:59.986228+00:00,118.2,1,ask,WavyWalnuts,Xuanyu Liu,13474996
2026-07-09T11:15:00.317755,2026-07-09T11:15:00.325276+00:00,118.3,2,bid,YieldingYams,Kelvin Chan,13475005
2026-07-09T11:15:00.336569,2026-07-09T11:15:00.340823+00:00,118.3,11,ask,YieldingYams,Xuanyu Liu,13475007
2026-07-09T11:15:01.243156,2026-07-09T11:15:01.251764+00:00,118.4,20,bid,BrilliantBurritos,WavyWalnuts,13475034
2026-07-09T11:15:01.636195,2026-07-09T11:15:01.658657+00:00,118.4,180,bid,YieldingYams,WavyWalnuts,13475042
2026-07-09T11:15:01.786414,2026-07-09T11:15:01.794978+00:00,118.4,200,ask,YieldingYams,WavyWalnuts,13475046
2026-07-09T11:15:04.230649,2026-07-09T11:15:04.237654+00:00,118.5,200,bid,WavyWalnuts,YieldingYams,13475104
2026-07-09T11:15:06.649855,2026-07-09T11:15:06.658580+00:00,118.6,200,bid,WavyWalnuts,YieldingYams,13475159
2026-07-09T11:15:07.498874,2026-07-09T11:15:07.503030+00:00,118.7,12,bid,Xuanyu Liu,YieldingYams,13475177
2026-07-09T11:15:09.090834,2026-07-09T11:15:09.100431+00:00,118.7,200,bid,WavyWalnuts,AverageAlmonds,13475200
2026-07-09T11:15:12.729740,2026-07-09T11:15:12.739610+00:00,118.6,200,bid,WavyWalnuts,YieldingYams,13475259
2026-07-09T11:15:13.775586,2026-07-09T11:15:13.779943+00:00,118.6,23,bid,Xuanyu Liu,AverageAlmonds,13475281
2026-07-09T11:15:16.118339,2026-07-09T11:15:16.126895+00:00,118.5,200,ask,WavyWalnuts,YieldingYams,13475323
2026-07-09T11:15:16.147871,2026-07-09T11:15:16.152926+00:00,118.5,11,bid,Xuanyu Liu,YieldingYams,13475326
2026-07-09T11:15:16.365177,2026-07-09T11:15:16.372911+00:00,118.5,200,bid,WavyWalnuts,YieldingYams,13475341
2026-07-09T11:15:17.575683,2026-07-09T11:15:17.585426+00:00,118.6,3,bid,WavyWalnuts,Kelvin Chan,13475367
2026-07-09T11:15:18.974910,2026-07-09T11:15:18.979057+00:00,118.6,2,ask,YieldingYams,Xuanyu Liu,13475385
2026-07-09T11:15:20.043502,2026-07-09T11:15:20.055090+00:00,118.7,2,bid,YieldingYams,Kelvin Chan,13475414
2026-07-09T11:15:21.214207,2026-07-09T11:15:21.222208+00:00,118.7,200,ask,YieldingYams,WavyWalnuts,13475435
2026-07-09T11:15:22.003272,2026-07-09T11:15:22.007386+00:00,118.7,1,ask,YieldingYams,Xuanyu Liu,13475452
2026-07-09T11:15:22.423410,2026-07-09T11:15:22.431373+00:00,118.8,200,bid,WavyWalnuts,AverageAlmonds,13475455
2026-07-09T11:15:23.541077,2026-07-09T11:15:23.549491+00:00,118.6,500,ask,YieldingYams,AverageAlmonds,13475471
2026-07-09T11:15:23.650251,2026-07-09T11:15:23.654378+00:00,118.8,20,ask,WavyWalnuts,Xuanyu Liu,13475475
2026-07-09T11:15:23.983252,2026-07-09T11:15:23.995092+00:00,118.8,180,ask,WavyWalnuts,YieldingYams,13475483
2026-07-09T11:15:24.844301,2026-07-09T11:15:24.853239+00:00,118.6,200,bid,WavyWalnuts,YieldingYams,13475500
2026-07-09T11:15:26.602373,2026-07-09T11:15:26.616410+00:00,118.6,200,ask,WavyWalnuts,YieldingYams,13475538
2026-07-09T11:15:27.264829,2026-07-09T11:15:27.274584+00:00,118.6,200,bid,WavyWalnuts,YieldingYams,13475546
2026-07-09T11:15:33.175734,2026-07-09T11:15:33.179936+00:00,118.5,12,bid,Xuanyu Liu,YieldingYams,13475625
2026-07-09T11:15:36.005749,2026-07-09T11:15:36.009780+00:00,118.3,23,ask,WavyWalnuts,Xuanyu Liu,13475667
2026-07-09T11:15:37.128426,2026-07-09T11:15:37.135677+00:00,118.3,200,ask,WavyWalnuts,YieldingYams,13475686
2026-07-09T11:15:38.437840,2026-07-09T11:15:38.448609+00:00,118.3,200,bid,YieldingYams,WavyWalnuts,13475699
2026-07-09T11:15:39.387404,2026-07-09T11:15:39.394775+00:00,118.3,200,ask,YieldingYams,WavyWalnuts,13475714
2026-07-09T11:15:39.778420,2026-07-09T11:15:39.783052+00:00,118.2,34,bid,Xuanyu Liu,YieldingYams,13475719
2026-07-09T11:15:40.143497,2026-07-09T11:15:40.147872+00:00,118.2,3,bid,Xuanyu Liu,YieldingYams,13475722
2026-07-09T11:15:40.594564,2026-07-09T11:15:40.604896+00:00,118.2,200,bid,WavyWalnuts,YieldingYams,13475729
2026-07-09T11:15:41.595198,2026-07-09T11:15:41.604978+00:00,118.0,3,ask,AverageAlmonds,Xuanyu Liu,13475738
2026-07-09T11:15:42.358202,2026-07-09T11:15:42.363433+00:00,118.0,34,ask,WavyWalnuts,Xuanyu Liu,13475746
2026-07-09T11:15:42.908489,2026-07-09T11:15:42.920401+00:00,118.1,500,bid,AverageAlmonds,YieldingYams,13475759
2026-07-09T11:15:43.506314,2026-07-09T11:15:43.517957+00:00,118.1,125,bid,AverageAlmonds,YieldingYams,13475763
2026-07-09T11:15:43.545661,2026-07-09T11:15:43.564880+00:00,118.1,12,ask,AverageAlmonds,Xuanyu Liu,13475765
2026-07-09T11:15:43.691400,2026-07-09T11:15:43.715185+00:00,118.2,200,bid,YieldingYams,WavyWalnuts,13475770
2026-07-09T11:15:43.710553,2026-07-09T11:15:43.715185+00:00,118.2,11,ask,YieldingYams,Xuanyu Liu,13475772
2026-07-09T11:15:44.234312,2026-07-09T11:15:44.242683+00:00,118.2,200,ask,YieldingYams,WavyWalnuts,13475779
2026-07-09T11:15:45.007406,2026-07-09T11:15:45.015969+00:00,118.2,500,ask,AverageAlmonds,YieldingYams,13475799
2026-07-09T11:15:45.022939,2026-07-09T11:15:45.028147+00:00,118.2,11,bid,Xuanyu Liu,YieldingYams,13475801
2026-07-09T11:15:45.465098,2026-07-09T11:15:45.470053+00:00,118.2,12,bid,Xuanyu Liu,YieldingYams,13475814
2026-07-09T11:15:46.656901,2026-07-09T11:15:46.669022+00:00,118.2,200,ask,YieldingYams,WavyWalnuts,13475830
2026-07-09T11:15:47.871770,2026-07-09T11:15:47.880532+00:00,118.1,7,ask,Kelvin Chan,WavyWalnuts,13475860
2026-07-09T11:15:47.910689,2026-07-09T11:15:47.915813+00:00,118.1,11,bid,Xuanyu Liu,WavyWalnuts,13475864
2026-07-09T11:15:48.685994,2026-07-09T11:15:48.691026+00:00,118.0,11,ask,YieldingYams,Xuanyu Liu,13475878
2026-07-09T11:15:48.990652,2026-07-09T11:15:49.020129+00:00,118.1,182,bid,YieldingYams,WavyWalnuts,13475885
2026-07-09T11:15:49.015252,2026-07-09T11:15:49.020129+00:00,118.1,12,ask,YieldingYams,Xuanyu Liu,13475888
2026-07-09T11:15:49.829799,2026-07-09T11:15:49.842388+00:00,118.2,20,bid,BrilliantBurritos,WavyWalnuts,13475905
2026-07-09T11:15:55.570203,2026-07-09T11:15:55.574616+00:00,118.1,11,ask,YieldingYams,Xuanyu Liu,13476009
2026-07-09T11:15:55.901230,2026-07-09T11:15:55.913533+00:00,118.2,20,bid,BrilliantBurritos,WavyWalnuts,13476012
2026-07-09T11:15:56.408328,2026-07-09T11:15:56.416603+00:00,118.1,200,ask,YieldingYams,WavyWalnuts,13476026
2026-07-09T11:15:56.878051,2026-07-09T11:15:56.889994+00:00,118.0,4,ask,Kelvin Chan,YieldingYams,13476039
2026-07-09T11:15:57.615558,2026-07-09T11:15:57.622327+00:00,118.0,200,bid,WavyWalnuts,YieldingYams,13476051
2026-07-09T11:16:01.317026,2026-07-09T11:16:01.324788+00:00,118.3,20,bid,BrilliantBurritos,WavyWalnuts,13476111
2026-07-09T11:16:06.104059,2026-07-09T11:16:06.111552+00:00,118.2,200,ask,YieldingYams,WavyWalnuts,13476196
2026-07-09T11:16:07.419898,2026-07-09T11:16:07.429263+00:00,118.1,7,ask,Kelvin Chan,BrilliantBurritos,13476220
2026-07-09T11:16:07.419898,2026-07-09T11:16:07.429263+00:00,118.1,13,ask,WavyWalnuts,BrilliantBurritos,13476221
2026-07-09T11:16:08.520538,2026-07-09T11:16:08.532183+00:00,118.2,200,bid,WavyWalnuts,YieldingYams,13476245
2026-07-09T11:16:12.158798,2026-07-09T11:16:12.168919+00:00,118.1,200,ask,YieldingYams,WavyWalnuts,13476296
2026-07-09T11:16:13.813096,2026-07-09T11:16:13.819951+00:00,118.1,500,bid,AverageAlmonds,YieldingYams,13476336
2026-07-09T11:16:13.986808,2026-07-09T11:16:13.997676+00:00,118.1,200,bid,YieldingYams,WavyWalnuts,13476342
2026-07-09T11:16:14.577292,2026-07-09T11:16:14.588631+00:00,118.2,200,ask,YieldingYams,WavyWalnuts,13476347
2026-07-09T11:16:15.786473,2026-07-09T11:16:15.795240+00:00,118.1,200,bid,WavyWalnuts,YieldingYams,13476376
2026-07-09T11:16:17.001991,2026-07-09T11:16:17.013659+00:00,118.1,200,bid,WavyWalnuts,YieldingYams,13476404
2026-07-09T11:16:19.475425,2026-07-09T11:16:19.479793+00:00,118.2,23,ask,WavyWalnuts,Xuanyu Liu,13476446
2026-07-09T11:16:20.595588,2026-07-09T11:16:20.602819+00:00,118.4,4,bid,YieldingYams,Kelvin Chan,13476465
2026-07-09T11:16:20.595588,2026-07-09T11:16:20.608015+00:00,118.4,200,bid,YieldingYams,WavyWalnuts,13476466
2026-07-09T11:16:21.907950,2026-07-09T11:16:21.915563+00:00,118.3,200,ask,WavyWalnuts,YieldingYams,13476495
2026-07-09T11:16:23.568222,2026-07-09T11:16:23.572422+00:00,118.2,17,ask,WavyWalnuts,Xuanyu Liu,13476545
2026-07-09T11:16:23.663713,2026-07-09T11:16:23.671772+00:00,118.2,20,ask,WavyWalnuts,BrilliantBurritos,13476548
2026-07-09T11:16:25.495796,2026-07-09T11:16:25.502871+00:00,118.3,10,bid,WavyWalnuts,Kelvin Chan,13476579
2026-07-09T11:16:25.870046,2026-07-09T11:16:25.879441+00:00,118.3,190,ask,WavyWalnuts,YieldingYams,13476585
2026-07-09T11:16:28.503327,2026-07-09T11:16:28.511501+00:00,118.2,200,ask,WavyWalnuts,YieldingYams,13476628
2026-07-09T11:16:29.816272,2026-07-09T11:16:29.826877+00:00,118.1,200,bid,YieldingYams,WavyWalnuts,13476663
2026-07-09T11:16:32.475752,2026-07-09T11:16:32.486434+00:00,118.2,200,bid,YieldingYams,WavyWalnuts,13476713
2026-07-09T11:16:32.755072,2026-07-09T11:16:32.765807+00:00,118.2,200,ask,YieldingYams,WavyWalnuts,13476721
2026-07-09T11:16:33.206422,2026-07-09T11:16:33.217611+00:00,118.2,225,ask,YieldingYams,AverageAlmonds,13476727
2026-07-09T11:16:33.817535,2026-07-09T11:16:33.923583+00:00,118.0,2,ask,Kelvin Chan,YieldingYams,13476736
2026-07-09T11:16:33.817535,2026-07-09T11:16:33.923583+00:00,118.0,200,ask,WavyWalnuts,YieldingYams,13476737
2026-07-09T11:16:33.919096,2026-07-09T11:16:33.923583+00:00,118.0,6,bid,Xuanyu Liu,YieldingYams,13476748
2026-07-09T11:16:35.140620,2026-07-09T11:16:35.152234+00:00,117.9,1,ask,Kelvin Chan,YieldingYams,13476773
2026-07-09T11:16:35.140620,2026-07-09T11:16:35.152234+00:00,117.9,200,ask,WavyWalnuts,YieldingYams,13476774
2026-07-09T11:16:35.162745,2026-07-09T11:16:35.166817+00:00,117.9,11,bid,Xuanyu Liu,YieldingYams,13476776
2026-07-09T11:16:35.167966,2026-07-09T11:16:35.182509+00:00,117.9,200,bid,WavyWalnuts,YieldingYams,13476777
2026-07-09T11:16:36.216892,2026-07-09T11:16:36.220917+00:00,117.8,2,ask,Kelvin Chan,Xuanyu Liu,13476800
2026-07-09T11:16:36.398464,2026-07-09T11:16:36.402776+00:00,117.8,9,ask,WavyWalnuts,Xuanyu Liu,13476805
