timestamp,recv_time,price,volume,aggressor_side,buyer,seller,trade_id
2026-06-30T05:00:00.013035,2026-06-29T19:00:00.801373+00:00,113.7,200,ask,,,13139638
2026-06-30T05:00:01.222502,2026-06-29T19:00:02.011068+00:00,113.8,200,ask,,,13139654
2026-06-30T05:00:01.833158,2026-06-29T19:00:02.629729+00:00,113.7,500,ask,,,13139658
2026-06-30T05:00:03.295692,2026-06-29T19:00:04.089322+00:00,113.8,20,bid,,,13139679
2026-06-30T05:00:03.636023,2026-06-29T19:00:04.427493+00:00,113.7,200,ask,,,13139684
2026-06-30T05:00:04.853087,2026-06-29T19:00:05.648744+00:00,113.6,3,ask,,,13139699
2026-06-30T05:00:04.853087,2026-06-29T19:00:05.648744+00:00,113.6,197,ask,,,13139700
2026-06-30T05:00:04.911115,2026-06-29T19:00:05.704033+00:00,113.6,20,ask,,,13139701
2026-06-30T05:00:05.762797,2026-06-29T19:00:06.557161+00:00,113.7,500,ask,,,13139718
2026-06-30T05:00:06.027743,2026-06-29T19:00:06.828428+00:00,113.7,125,bid,,,13139722
2026-06-30T05:00:06.068691,2026-06-29T19:00:06.861176+00:00,113.7,200,ask,,,13139723
2026-06-30T05:00:08.377239,2026-06-29T19:00:09.172170+00:00,113.7,200,bid,,,13139772
2026-06-30T05:00:08.496802,2026-06-29T19:00:09.292999+00:00,113.7,200,ask,,,13139773
2026-06-30T05:00:08.726187,2026-06-29T19:00:09.518839+00:00,113.9,1,bid,,,13139778
2026-06-30T05:00:08.726187,2026-06-29T19:00:09.518839+00:00,113.9,19,bid,,,13139779
2026-06-30T05:00:10.254267,2026-06-29T19:00:11.051763+00:00,113.7,500,bid,,,13139806
2026-06-30T05:00:10.851494,2026-06-29T19:00:11.648178+00:00,113.7,125,bid,,,13139809
2026-06-30T05:00:10.851494,2026-06-29T19:00:11.648178+00:00,113.7,200,bid,,,13139810
2026-06-30T05:00:10.914666,2026-06-29T19:00:11.703027+00:00,113.8,175,ask,,,13139813
2026-06-30T05:00:11.480105,2026-06-29T19:00:12.277903+00:00,113.8,25,bid,,,13139835
2026-06-30T05:00:11.480105,2026-06-29T19:00:12.277903+00:00,113.8,475,bid,,,13139836
2026-06-30T05:00:11.578113,2026-06-29T19:00:12.376544+00:00,113.6,9,ask,,,13139844
2026-06-30T05:00:11.578113,2026-06-29T19:00:12.376544+00:00,113.6,11,ask,,,13139845
2026-06-30T05:00:12.083437,2026-06-29T19:00:12.876131+00:00,113.8,150,bid,,,13139848
2026-06-30T05:00:12.122366,2026-06-29T19:00:12.919021+00:00,113.8,200,ask,,,13139849
2026-06-30T05:00:12.308523,2026-06-29T19:00:13.104201+00:00,113.9,2,bid,,,13139850
2026-06-30T05:00:13.329773,2026-06-29T19:00:14.126094+00:00,114.0,200,ask,,,13139874
2026-06-30T05:00:14.537382,2026-06-29T19:00:15.332197+00:00,113.9,200,ask,,,13139894
2026-06-30T05:00:16.114120,2026-06-29T19:00:16.909978+00:00,114.0,20,bid,,,13139917
2026-06-30T05:00:16.242428,2026-06-29T19:00:17.029768+00:00,113.8,200,ask,,,13139921
2026-06-30T05:00:16.291181,2026-06-29T19:00:17.085153+00:00,113.8,25,bid,,,13139923
2026-06-30T05:00:16.376176,2026-06-29T19:00:17.172276+00:00,113.8,25,bid,,,13139926
2026-06-30T05:00:16.501267,2026-06-29T19:00:17.292935+00:00,113.8,25,bid,,,13139934
2026-06-30T05:00:16.571090,2026-06-29T19:00:17.368830+00:00,113.8,20,bid,,,13139938
2026-06-30T05:00:16.711362,2026-06-29T19:00:17.500042+00:00,113.7,2,ask,,,13139941
2026-06-30T05:00:16.924361,2026-06-29T19:00:17.718346+00:00,113.7,2,ask,,,13139944
2026-06-30T05:00:16.949333,2026-06-29T19:00:17.740005+00:00,113.8,200,bid,,,13139945
2026-06-30T05:00:17.129236,2026-06-29T19:00:17.925174+00:00,113.7,2,ask,,,13139947
2026-06-30T05:00:17.335095,2026-06-29T19:00:18.130128+00:00,113.7,2,ask,,,13139949
2026-06-30T05:00:17.763801,2026-06-29T19:00:18.555040+00:00,113.9,2,ask,,,13139959
2026-06-30T05:00:17.969434,2026-06-29T19:00:18.761934+00:00,113.9,2,ask,,,13139964
2026-06-30T05:00:20.194811,2026-06-29T19:00:20.983239+00:00,114.0,1,bid,,,13140001
2026-06-30T05:00:20.194811,2026-06-29T19:00:20.994303+00:00,114.1,200,bid,,,13140002
2026-06-30T05:00:20.379129,2026-06-29T19:00:21.168383+00:00,114.1,25,ask,,,13140008
2026-06-30T05:00:20.388739,2026-06-29T19:00:21.178953+00:00,114.1,25,ask,,,13140011
2026-06-30T05:00:20.601133,2026-06-29T19:00:21.396341+00:00,114.1,13,ask,,,13140015
2026-06-30T05:00:20.815768,2026-06-29T19:00:21.614321+00:00,114.2,2,bid,,,13140027
2026-06-30T05:00:21.022071,2026-06-29T19:00:21.809659+00:00,114.2,2,bid,,,13140033
2026-06-30T05:00:21.162751,2026-06-29T19:00:21.962154+00:00,114.1,361,ask,,,13140035
2026-06-30T05:00:21.227503,2026-06-29T19:00:22.017463+00:00,114.1,2,bid,,,13140037
2026-06-30T05:00:21.432323,2026-06-29T19:00:22.224352+00:00,114.1,2,bid,,,13140039
2026-06-30T05:00:21.515510,2026-06-29T19:00:22.309942+00:00,114.0,200,ask,,,13140046
2026-06-30T05:00:21.607079,2026-06-29T19:00:22.397544+00:00,113.9,25,bid,,,13140049
2026-06-30T05:00:21.644373,2026-06-29T19:00:22.440860+00:00,113.9,25,bid,,,13140051
2026-06-30T05:00:21.650926,2026-06-29T19:00:22.440860+00:00,113.9,2,bid,,,13140052
2026-06-30T05:00:21.816445,2026-06-29T19:00:22.605407+00:00,113.9,8,bid,,,13140061
2026-06-30T05:00:21.855675,2026-06-29T19:00:22.648147+00:00,113.9,2,bid,,,13140062
2026-06-30T05:00:22.061072,2026-06-29T19:00:22.856321+00:00,113.9,2,bid,,,13140069
2026-06-30T05:00:22.266385,2026-06-29T19:00:23.064018+00:00,113.9,2,bid,,,13140072
2026-06-30T05:00:22.471621,2026-06-29T19:00:23.260082+00:00,113.9,2,bid,,,13140074
2026-06-30T05:00:22.677634,2026-06-29T19:00:23.468258+00:00,113.9,2,bid,,,13140077
2026-06-30T05:00:22.824497,2026-06-29T19:00:23.620679+00:00,114.0,200,bid,,,13140081
2026-06-30T05:00:22.991799,2026-06-29T19:00:23.786565+00:00,114.0,200,ask,,,13140086
2026-06-30T05:00:25.436093,2026-06-29T19:00:26.226097+00:00,114.0,200,bid,,,13140115
2026-06-30T05:00:26.763849,2026-06-29T19:00:27.571057+00:00,114.0,200,ask,,,13140132
2026-06-30T05:00:27.232057,2026-06-29T19:00:28.029740+00:00,113.8,25,ask,,,13140139
2026-06-30T05:00:27.369882,2026-06-29T19:00:28.160088+00:00,113.8,25,ask,,,13140143
2026-06-30T05:00:27.581321,2026-06-29T19:00:28.377542+00:00,113.8,20,ask,,,13140148
2026-06-30T05:00:27.855168,2026-06-29T19:00:28.649887+00:00,114.0,200,bid,,,13140155
2026-06-30T05:00:28.074399,2026-06-29T19:00:28.867810+00:00,114.0,2,bid,,,13140161
2026-06-30T05:00:29.070900,2026-06-29T19:00:29.871142+00:00,114.1,6,bid,,,13140177
2026-06-30T05:00:29.070900,2026-06-29T19:00:29.871142+00:00,114.1,194,bid,,,13140178
2026-06-30T05:00:29.277966,2026-06-29T19:00:30.067377+00:00,114.0,20,ask,,,13140184
2026-06-30T05:00:31.492060,2026-06-29T19:00:32.287303+00:00,114.1,4,bid,,,13140217
2026-06-30T05:00:32.705815,2026-06-29T19:00:33.504073+00:00,114.2,200,bid,,,13140240
2026-06-30T05:00:33.318184,2026-06-29T19:00:34.114074+00:00,114.2,5,bid,,,13140252
2026-06-30T05:00:33.318184,2026-06-29T19:00:34.114074+00:00,114.2,15,bid,,,13140253
2026-06-30T05:00:33.919370,2026-06-29T19:00:34.710123+00:00,114.2,200,bid,,,13140269
2026-06-30T05:00:34.060785,2026-06-29T19:00:34.851121+00:00,114.0,20,ask,,,13140274
2026-06-30T05:00:34.632154,2026-06-29T19:00:35.427374+00:00,114.1,4,bid,,,13140288
2026-06-30T05:00:35.135011,2026-06-29T19:00:35.927832+00:00,114.2,200,ask,,,13140296
2026-06-30T05:00:36.340322,2026-06-29T19:00:37.139782+00:00,114.1,200,bid,,,13140318
2026-06-30T05:00:39.869850,2026-06-29T19:00:40.667857+00:00,114.1,200,ask,,,13140376
2026-06-30T05:00:42.416813,2026-06-29T19:00:43.215181+00:00,114.1,200,ask,,,13140411
2026-06-30T05:00:43.318401,2026-06-29T19:00:44.107195+00:00,113.9,20,ask,,,13140416
2026-06-30T05:00:45.117319,2026-06-29T19:00:45.906186+00:00,114.0,200,bid,,,13140456
2026-06-30T05:00:46.046719,2026-06-29T19:00:46.839052+00:00,114.1,200,ask,,,13140468
2026-06-30T05:00:46.076857,2026-06-29T19:00:46.872262+00:00,114.1,1,ask,,,13140472
2026-06-30T05:00:47.719224,2026-06-29T19:00:48.515152+00:00,114.0,20,bid,,,13140496
2026-06-30T05:00:48.749464,2026-06-29T19:00:49.537769+00:00,113.9,20,bid,,,13140519
2026-06-30T05:00:49.067284,2026-06-29T19:00:49.862110+00:00,113.8,1,ask,,,13140524
2026-06-30T05:00:49.067284,2026-06-29T19:00:49.862110+00:00,113.8,200,ask,,,13140525
2026-06-30T05:00:50.377658,2026-06-29T19:00:51.170910+00:00,113.8,200,bid,,,13140557
2026-06-30T05:00:53.206183,2026-06-29T19:00:54.000790+00:00,113.9,20,bid,,,13140607
2026-06-30T05:00:56.527095,2026-06-29T19:00:57.317375+00:00,113.8,20,bid,,,13140675
2026-06-30T05:00:57.502173,2026-06-29T19:00:58.296311+00:00,113.8,200,bid,,,13140686
2026-06-30T05:00:57.502173,2026-06-29T19:00:58.296311+00:00,113.8,300,bid,,,13140687
2026-06-30T05:00:58.095739,2026-06-29T19:00:58.896371+00:00,113.8,325,bid,,,13140709
2026-06-30T05:00:58.113796,2026-06-29T19:00:58.907444+00:00,113.8,6,ask,,,13140710
2026-06-30T05:00:58.129544,2026-06-29T19:00:58.918070+00:00,113.8,169,ask,,,13140712
2026-06-30T05:00:58.237633,2026-06-29T19:00:59.027791+00:00,113.8,31,bid,,,13140714
2026-06-30T05:01:05.409155,2026-06-29T19:01:06.203903+00:00,113.8,200,bid,,,13140838
2026-06-30T05:01:06.621620,2026-06-29T19:01:07.418675+00:00,113.7,200,ask,,,13140850
2026-06-30T05:01:07.498386,2026-06-29T19:01:08.290024+00:00,113.8,20,bid,,,13140858
2026-06-30T05:01:08.424655,2026-06-29T19:01:09.227340+00:00,113.7,20,ask,,,13140871
2026-06-30T05:01:10.783092,2026-06-29T19:01:11.576440+00:00,113.9,11,bid,,,13140907
2026-06-30T05:01:10.783092,2026-06-29T19:01:11.576440+00:00,113.9,9,bid,,,13140908
2026-06-30T05:01:14.004586,2026-06-29T19:01:14.794448+00:00,113.9,200,ask,,,13140945
2026-06-30T05:01:14.004586,2026-06-29T19:01:14.805511+00:00,113.8,425,ask,,,13140946
2026-06-30T05:01:16.277588,2026-06-29T19:01:17.072916+00:00,114.0,4,bid,,,13140990
2026-06-30T05:01:16.277588,2026-06-29T19:01:17.072916+00:00,114.0,200,bid,,,13140991
2026-06-30T05:01:16.624971,2026-06-29T19:01:17.421772+00:00,114.0,296,ask,,,13140999
2026-06-30T05:01:16.624971,2026-06-29T19:01:17.421772+00:00,113.9,200,ask,,,13141000
2026-06-30T05:01:16.869356,2026-06-29T19:01:17.661680+00:00,113.9,129,bid,,,13141005
2026-06-30T05:01:17.483266,2026-06-29T19:01:18.282131+00:00,114.0,3,bid,,,13141015
2026-06-30T05:01:17.932420,2026-06-29T19:01:18.727882+00:00,114.1,200,bid,,,13141019
2026-06-30T05:01:18.744760,2026-06-29T19:01:19.543144+00:00,114.1,200,ask,,,13141034
2026-06-30T05:01:19.243775,2026-06-29T19:01:20.040983+00:00,114.0,500,ask,,,13141043
2026-06-30T05:01:19.306409,2026-06-29T19:01:20.096294+00:00,114.0,125,bid,,,13141044
2026-06-30T05:01:20.095626,2026-06-29T19:01:20.891004+00:00,114.2,2,bid,,,13141055
2026-06-30T05:01:20.100195,2026-06-29T19:01:20.891004+00:00,114.3,2,bid,,,13141056
2026-06-30T05:01:20.166494,2026-06-29T19:01:20.957372+00:00,114.3,25,bid,,,13141058
2026-06-30T05:01:20.305233,2026-06-29T19:01:21.098916+00:00,114.3,2,bid,,,13141060
2026-06-30T05:01:20.527429,2026-06-29T19:01:21.317280+00:00,114.3,2,bid,,,13141061
2026-06-30T05:01:20.732695,2026-06-29T19:01:21.524229+00:00,114.2,2,bid,,,13141067
2026-06-30T05:01:20.937055,2026-06-29T19:01:21.731180+00:00,114.3,2,bid,,,13141071
2026-06-30T05:01:21.141939,2026-06-29T19:01:21.939612+00:00,114.3,2,bid,,,13141081
2026-06-30T05:01:21.346848,2026-06-29T19:01:22.136355+00:00,114.3,2,bid,,,13141091
2026-06-30T05:01:21.551998,2026-06-29T19:01:22.343229+00:00,114.3,2,bid,,,13141093
2026-06-30T05:01:21.576251,2026-06-29T19:01:22.365363+00:00,114.3,20,bid,,,13141094
2026-06-30T05:01:21.757791,2026-06-29T19:01:22.549641+00:00,114.3,2,bid,,,13141098
2026-06-30T05:01:21.963330,2026-06-29T19:01:22.756467+00:00,114.4,2,bid,,,13141104
2026-06-30T05:01:22.168176,2026-06-29T19:01:22.962854+00:00,114.4,2,bid,,,13141106
2026-06-30T05:01:22.461030,2026-06-29T19:01:23.256947+00:00,114.4,1,bid,,,13141113
2026-06-30T05:01:24.076394,2026-06-29T19:01:24.868321+00:00,114.4,25,bid,,,13141143
2026-06-30T05:01:24.184018,2026-06-29T19:01:24.978052+00:00,114.4,25,bid,,,13141145
2026-06-30T05:01:24.286941,2026-06-29T19:01:25.077188+00:00,114.4,25,bid,,,13141148
2026-06-30T05:01:24.392894,2026-06-29T19:01:25.186431+00:00,114.4,25,bid,,,13141152
2026-06-30T05:01:26.405472,2026-06-29T19:01:27.198096+00:00,114.6,25,bid,,,13141188
2026-06-30T05:01:26.500348,2026-06-29T19:01:27.297195+00:00,114.6,25,bid,,,13141191
2026-06-30T05:01:26.616831,2026-06-29T19:01:27.416494+00:00,114.6,25,bid,,,13141193
2026-06-30T05:01:26.709624,2026-06-29T19:01:27.503074+00:00,114.6,25,bid,,,13141195
2026-06-30T05:01:26.826279,2026-06-29T19:01:27.622906+00:00,114.6,25,bid,,,13141197
2026-06-30T05:01:26.918746,2026-06-29T19:01:27.720098+00:00,114.6,25,bid,,,13141199
2026-06-30T05:01:28.427778,2026-06-29T19:01:29.224247+00:00,114.5,200,bid,,,13141221
2026-06-30T05:01:30.846139,2026-06-29T19:01:31.644184+00:00,114.4,200,ask,,,13141261
2026-06-30T05:01:32.370083,2026-06-29T19:01:33.162361+00:00,114.3,200,ask,,,13141293
2026-06-30T05:01:32.446998,2026-06-29T19:01:33.237841+00:00,114.3,25,bid,,,13141295
2026-06-30T05:01:32.538196,2026-06-29T19:01:33.336504+00:00,114.3,25,bid,,,13141297
2026-06-30T05:01:32.749391,2026-06-29T19:01:33.541909+00:00,114.3,25,bid,,,13141304
2026-06-30T05:01:36.466428,2026-06-29T19:01:37.264937+00:00,114.4,4,bid,,,13141356
2026-06-30T05:01:37.646762,2026-06-29T19:01:38.440173+00:00,114.3,200,ask,,,13141371
2026-06-30T05:01:39.893849,2026-06-29T19:01:40.686398+00:00,114.3,500,bid,,,13141399
2026-06-30T05:01:40.267694,2026-06-29T19:01:41.057195+00:00,114.4,200,bid,,,13141406
2026-06-30T05:01:40.539091,2026-06-29T19:01:41.329643+00:00,114.4,200,ask,,,13141411
2026-06-30T05:01:44.167714,2026-06-29T19:01:44.964386+00:00,114.3,200,ask,,,13141443
2026-06-30T05:01:45.373930,2026-06-29T19:01:46.173346+00:00,114.2,200,ask,,,13141465
2026-06-30T05:01:47.788875,2026-06-29T19:01:48.578546+00:00,114.4,200,bid,,,13141498
2026-06-30T05:01:51.449389,2026-06-29T19:01:52.241807+00:00,114.5,6,bid,,,13141564
2026-06-30T05:01:51.449389,2026-06-29T19:01:52.241807+00:00,114.5,194,bid,,,13141565
2026-06-30T05:01:52.872566,2026-06-29T19:01:53.669739+00:00,114.5,8,bid,,,13141584
2026-06-30T05:01:52.872566,2026-06-29T19:01:53.669739+00:00,114.5,12,bid,,,13141585
2026-06-30T05:01:53.869648,2026-06-29T19:01:54.662182+00:00,114.5,7,bid,,,13141604
2026-06-30T05:01:53.869648,2026-06-29T19:01:54.662182+00:00,114.5,193,bid,,,13141605
2026-06-30T05:01:56.012538,2026-06-29T19:01:56.804005+00:00,114.5,200,bid,,,13141642
2026-06-30T05:01:56.922786,2026-06-29T19:01:57.715124+00:00,114.6,4,bid,,,13141660
2026-06-30T05:01:56.922786,2026-06-29T19:01:57.715124+00:00,114.6,16,bid,,,13141661
2026-06-30T05:02:01.130599,2026-06-29T19:02:01.928894+00:00,114.6,2,bid,,,13141728
2026-06-30T05:02:01.130599,2026-06-29T19:02:01.928894+00:00,114.6,198,bid,,,13141729
2026-06-30T05:02:04.762701,2026-06-29T19:02:05.560739+00:00,114.6,200,bid,,,13141804
2026-06-30T05:02:06.539317,2026-06-29T19:02:07.344112+00:00,114.6,25,ask,,,13141841
2026-06-30T05:02:06.586198,2026-06-29T19:02:07.377270+00:00,114.6,500,ask,,,13141842
2026-06-30T05:02:06.616431,2026-06-29T19:02:07.408983+00:00,114.6,25,ask,,,13141845
2026-06-30T05:02:06.805531,2026-06-29T19:02:07.595962+00:00,114.6,25,ask,,,13141848
2026-06-30T05:02:06.825682,2026-06-29T19:02:07.617607+00:00,114.6,25,ask,,,13141853
2026-06-30T05:02:07.018223,2026-06-29T19:02:07.813157+00:00,114.6,3,ask,,,13141857
2026-06-30T05:02:07.153093,2026-06-29T19:02:07.955035+00:00,114.6,22,ask,,,13141863
2026-06-30T05:02:07.153093,2026-06-29T19:02:07.955035+00:00,114.5,200,ask,,,13141864
2026-06-30T05:02:07.180406,2026-06-29T19:02:07.977163+00:00,114.5,200,bid,,,13141866
2026-06-30T05:02:07.847366,2026-06-29T19:02:08.640063+00:00,114.4,6,ask,,,13141879
2026-06-30T05:02:08.034161,2026-06-29T19:02:08.827209+00:00,114.3,25,bid,,,13141882
2026-06-30T05:02:08.040002,2026-06-29T19:02:08.837833+00:00,114.3,25,bid,,,13141884
2026-06-30T05:02:08.243399,2026-06-29T19:02:09.034152+00:00,114.3,25,bid,,,13141890
2026-06-30T05:02:08.250888,2026-06-29T19:02:09.045215+00:00,114.3,25,bid,,,13141892
2026-06-30T05:02:08.561965,2026-06-29T19:02:09.359873+00:00,114.3,20,bid,,,13141905
2026-06-30T05:02:09.624833,2026-06-29T19:02:10.418358+00:00,114.3,200,bid,,,13141917
2026-06-30T05:02:13.092770,2026-06-29T19:02:13.888321+00:00,114.2,2,ask,,,13141980
2026-06-30T05:02:13.264252,2026-06-29T19:02:14.052877+00:00,114.2,200,bid,,,13141984
2026-06-30T05:02:19.333766,2026-06-29T19:02:20.127393+00:00,114.2,200,ask,,,13142090
2026-06-30T05:02:19.877588,2026-06-29T19:02:20.670000+00:00,114.3,25,ask,,,13142098
2026-06-30T05:02:19.877772,2026-06-29T19:02:20.681049+00:00,114.3,25,ask,,,13142099
2026-06-30T05:02:20.293216,2026-06-29T19:02:21.082231+00:00,114.3,25,ask,,,13142112
2026-06-30T05:02:20.295702,2026-06-29T19:02:21.093323+00:00,114.3,25,ask,,,13142113
2026-06-30T05:02:20.502728,2026-06-29T19:02:21.300723+00:00,114.3,25,ask,,,13142122
2026-06-30T05:02:20.505367,2026-06-29T19:02:21.300723+00:00,114.3,25,ask,,,13142123
2026-06-30T05:02:20.712579,2026-06-29T19:02:21.508586+00:00,114.3,25,ask,,,13142131
2026-06-30T05:02:20.716239,2026-06-29T19:02:21.508586+00:00,114.3,5,ask,,,13142132
2026-06-30T05:02:20.724080,2026-06-29T19:02:21.519643+00:00,114.4,2,bid,,,13142134
2026-06-30T05:02:20.929368,2026-06-29T19:02:21.727236+00:00,114.4,2,bid,,,13142138
2026-06-30T05:02:21.125223,2026-06-29T19:02:21.923912+00:00,114.3,2,bid,,,13142144
2026-06-30T05:02:21.134449,2026-06-29T19:02:21.923912+00:00,114.3,2,bid,,,13142145
2026-06-30T05:02:21.330266,2026-06-29T19:02:22.128853+00:00,114.3,2,bid,,,13142147
2026-06-30T05:02:21.340448,2026-06-29T19:02:22.139937+00:00,114.3,2,bid,,,13142148
2026-06-30T05:02:21.491506,2026-06-29T19:02:22.282864+00:00,114.2,20,ask,,,13142150
2026-06-30T05:02:21.539429,2026-06-29T19:02:22.337216+00:00,114.3,1,bid,,,13142152
2026-06-30T05:02:21.546211,2026-06-29T19:02:22.337216+00:00,114.3,2,bid,,,13142153
2026-06-30T05:02:21.750954,2026-06-29T19:02:22.544969+00:00,114.2,2,bid,,,13142160
2026-06-30T05:02:21.960401,2026-06-29T19:02:22.748871+00:00,114.2,2,bid,,,13142167
2026-06-30T05:02:22.166364,2026-06-29T19:02:22.956177+00:00,114.2,2,bid,,,13142173
2026-06-30T05:02:22.371961,2026-06-29T19:02:23.163123+00:00,114.2,2,bid,,,13142178
2026-06-30T05:02:22.577717,2026-06-29T19:02:23.370232+00:00,114.2,2,bid,,,13142183
2026-06-30T05:02:22.955107,2026-06-29T19:02:23.753310+00:00,114.1,7,ask,,,13142191
2026-06-30T05:02:22.955107,2026-06-29T19:02:23.753310+00:00,114.1,193,ask,,,13142192
2026-06-30T05:02:24.163057,2026-06-29T19:02:24.958507+00:00,114.2,10,ask,,,13142215
2026-06-30T05:02:24.163057,2026-06-29T19:02:24.958507+00:00,114.1,190,ask,,,13142216
2026-06-30T05:02:25.371140,2026-06-29T19:02:26.166870+00:00,114.1,200,ask,,,13142234
2026-06-30T05:02:26.578896,2026-06-29T19:02:27.375334+00:00,114.1,6,ask,,,13142259
2026-06-30T05:02:26.578896,2026-06-29T19:02:27.375334+00:00,114.1,194,ask,,,13142260
2026-06-30T05:02:27.122051,2026-06-29T19:02:27.918305+00:00,114.2,500,bid,,,13142264
2026-06-30T05:02:27.788214,2026-06-29T19:02:28.582792+00:00,114.3,200,ask,,,13142274
2026-06-30T05:02:32.629731,2026-06-29T19:02:33.423087+00:00,114.3,200,bid,,,13142338
2026-06-30T05:02:34.111253,2026-06-29T19:02:34.902929+00:00,114.4,200,ask,,,13142365
2026-06-30T05:02:36.264338,2026-06-29T19:02:37.057981+00:00,114.3,200,ask,,,13142392
2026-06-30T05:02:38.685299,2026-06-29T19:02:39.482831+00:00,114.2,200,ask,,,13142443
2026-06-30T05:02:38.702081,2026-06-29T19:02:39.493892+00:00,114.4,20,bid,,,13142444
2026-06-30T05:02:39.182009,2026-06-29T19:02:39.972128+00:00,114.4,25,bid,,,13142451
2026-06-30T05:02:39.219210,2026-06-29T19:02:40.016418+00:00,114.4,25,bid,,,13142453
2026-06-30T05:02:39.371904,2026-06-29T19:02:40.168933+00:00,114.3,500,ask,,,13142455
2026-06-30T05:02:39.391280,2026-06-29T19:02:40.180000+00:00,114.2,25,bid,,,13142458
2026-06-30T05:02:39.429866,2026-06-29T19:02:40.224196+00:00,114.2,25,bid,,,13142460
2026-06-30T05:02:39.601082,2026-06-29T19:02:40.397722+00:00,114.2,25,bid,,,13142471
2026-06-30T05:02:39.643533,2026-06-29T19:02:40.440965+00:00,114.2,25,bid,,,13142473
2026-06-30T05:02:39.836853,2026-06-29T19:02:40.627398+00:00,114.2,25,bid,,,13142480
2026-06-30T05:02:39.855205,2026-06-29T19:02:40.648592+00:00,114.3,2,ask,,,13142481
2026-06-30T05:02:39.892138,2026-06-29T19:02:40.681798+00:00,114.3,200,ask,,,13142484
2026-06-30T05:02:41.098325,2026-06-29T19:02:41.891735+00:00,114.4,200,ask,,,13142508
2026-06-30T05:02:42.304621,2026-06-29T19:02:43.097814+00:00,114.2,200,ask,,,13142531
2026-06-30T05:02:42.840379,2026-06-29T19:02:43.630005+00:00,114.5,1,bid,,,13142540
2026-06-30T05:02:42.840379,2026-06-29T19:02:43.641078+00:00,114.5,19,bid,,,13142541
2026-06-30T05:02:43.492590,2026-06-29T19:02:44.284965+00:00,114.4,500,bid,,,13142556
2026-06-30T05:02:43.684103,2026-06-29T19:02:44.479810+00:00,114.3,7,bid,,,13142561
2026-06-30T05:02:44.091687,2026-06-29T19:02:44.880932+00:00,114.3,193,bid,,,13142568
2026-06-30T05:02:44.091687,2026-06-29T19:02:44.891981+00:00,114.4,125,bid,,,13142569
2026-06-30T05:02:48.558034,2026-06-29T19:02:49.347604+00:00,114.3,500,ask,,,13142649
2026-06-30T05:02:48.558034,2026-06-29T19:02:49.358229+00:00,114.3,125,ask,,,13142650
2026-06-30T05:02:49.585494,2026-06-29T19:02:50.378173+00:00,114.3,200,ask,,,13142667
2026-06-30T05:02:50.755458,2026-06-29T19:02:51.554098+00:00,114.4,500,bid,,,13142689
2026-06-30T05:02:51.178757,2026-06-29T19:02:51.968085+00:00,114.5,1,bid,,,13142701
2026-06-30T05:02:51.178757,2026-06-29T19:02:51.978639+00:00,114.5,200,bid,,,13142702
2026-06-30T05:02:53.214238,2026-06-29T19:02:54.007041+00:00,114.6,200,ask,,,13142737
2026-06-30T05:02:55.002251,2026-06-29T19:02:55.792830+00:00,114.6,500,bid,,,13142755
2026-06-30T05:02:55.105030,2026-06-29T19:02:55.900026+00:00,114.6,1,bid,,,13142759
2026-06-30T05:02:55.105030,2026-06-29T19:02:55.900026+00:00,114.7,200,bid,,,13142760
2026-06-30T05:02:56.415844,2026-06-29T19:02:57.212963+00:00,114.8,200,bid,,,13142795
2026-06-30T05:02:57.040097,2026-06-29T19:02:57.836148+00:00,114.9,16,bid,,,13142811
2026-06-30T05:02:59.254384,2026-06-29T19:03:00.048723+00:00,115.0,200,bid,,,13142850
2026-06-30T05:03:00.256490,2026-06-29T19:03:01.048303+00:00,114.9,4,bid,,,13142866
2026-06-30T05:03:01.701700,2026-06-29T19:03:02.497660+00:00,114.7,200,ask,,,13142891
2026-06-30T05:03:02.288120,2026-06-29T19:03:03.086271+00:00,114.8,3,bid,,,13142901
2026-06-30T05:03:02.649882,2026-06-29T19:03:03.445089+00:00,114.9,20,bid,,,13142908
2026-06-30T05:03:02.908976,2026-06-29T19:03:03.707344+00:00,114.7,200,ask,,,13142914
2026-06-30T05:03:03.009859,2026-06-29T19:03:03.805022+00:00,114.7,500,ask,,,13142916
2026-06-30T05:03:03.465677,2026-06-29T19:03:04.260091+00:00,114.6,125,bid,,,13142924
2026-06-30T05:03:04.116089,2026-06-29T19:03:04.912065+00:00,114.7,200,ask,,,13142934
2026-06-30T05:03:04.321579,2026-06-29T19:03:05.118930+00:00,114.7,300,ask,,,13142938
2026-06-30T05:03:04.669938,2026-06-29T19:03:05.468335+00:00,114.7,325,bid,,,13142944
2026-06-30T05:03:05.186194,2026-06-29T19:03:05.980732+00:00,114.7,20,ask,,,13142957
2026-06-30T05:03:05.628669,2026-06-29T19:03:06.427564+00:00,114.8,3,bid,,,13142960
2026-06-30T05:03:07.751503,2026-06-29T19:03:08.540152+00:00,114.9,200,bid,,,13143003
2026-06-30T05:03:08.963090,2026-06-29T19:03:09.756823+00:00,114.9,2,bid,,,13143026
2026-06-30T05:03:08.963090,2026-06-29T19:03:09.756823+00:00,114.9,198,bid,,,13143027
2026-06-30T05:03:10.877651,2026-06-29T19:03:11.672138+00:00,114.9,200,ask,,,13143058
2026-06-30T05:03:13.176062,2026-06-29T19:03:13.969027+00:00,114.9,200,bid,,,13143102
2026-06-30T05:03:13.780232,2026-06-29T19:03:14.578459+00:00,115.0,500,bid,,,13143115
2026-06-30T05:03:14.806058,2026-06-29T19:03:15.598890+00:00,115.0,200,bid,,,13143124
2026-06-30T05:03:15.011191,2026-06-29T19:03:15.807255+00:00,115.1,200,ask,,,13143134
2026-06-30T05:03:16.467108,2026-06-29T19:03:17.264432+00:00,115.2,7,bid,,,13143165
2026-06-30T05:03:20.090128,2026-06-29T19:03:20.888452+00:00,115.1,4,bid,,,13143225
2026-06-30T05:03:20.090128,2026-06-29T19:03:20.888452+00:00,115.1,16,bid,,,13143226
2026-06-30T05:03:20.957441,2026-06-29T19:03:21.748619+00:00,115.0,20,ask,,,13143236
2026-06-30T05:03:21.101465,2026-06-29T19:03:21.902142+00:00,115.0,200,ask,,,13143246
2026-06-30T05:03:21.374071,2026-06-29T19:03:22.164378+00:00,115.0,300,ask,,,13143255
2026-06-30T05:03:25.944571,2026-06-29T19:03:26.737284+00:00,114.9,8,ask,,,13143334
2026-06-30T05:03:25.944571,2026-06-29T19:03:26.737284+00:00,114.9,192,ask,,,13143335
2026-06-30T05:03:27.941159,2026-06-29T19:03:28.738088+00:00,115.0,200,bid,,,13143365
2026-06-30T05:03:28.364244,2026-06-29T19:03:29.164962+00:00,115.0,200,ask,,,13143372
2026-06-30T05:03:31.994067,2026-06-29T19:03:32.790862+00:00,115.0,200,bid,,,13143420
2026-06-30T05:03:34.422635,2026-06-29T19:03:35.213865+00:00,114.9,200,ask,,,13143457
2026-06-30T05:03:35.635642,2026-06-29T19:03:36.434103+00:00,114.8,7,ask,,,13143481
2026-06-30T05:03:36.844022,2026-06-29T19:03:37.635015+00:00,114.7,200,bid,,,13143500
2026-06-30T05:03:36.988224,2026-06-29T19:03:37.786559+00:00,114.6,5,ask,,,13143501
2026-06-30T05:03:36.995952,2026-06-29T19:03:37.786559+00:00,114.5,2,ask,,,13143503
2026-06-30T05:03:37.166943,2026-06-29T19:03:37.981865+00:00,114.6,25,ask,,,13143508
2026-06-30T05:03:37.200636,2026-06-29T19:03:38.003991+00:00,114.6,25,ask,,,13143510
2026-06-30T05:03:37.208048,2026-06-29T19:03:38.003991+00:00,114.9,20,bid,,,13143512
2026-06-30T05:03:38.230053,2026-06-29T19:03:39.027636+00:00,114.6,20,ask,,,13143536
2026-06-30T05:03:39.222682,2026-06-29T19:03:40.019618+00:00,114.6,25,ask,,,13143548
2026-06-30T05:03:39.404509,2026-06-29T19:03:40.194164+00:00,114.5,25,ask,,,13143552
2026-06-30T05:03:39.431725,2026-06-29T19:03:40.227335+00:00,114.5,25,ask,,,13143554
2026-06-30T05:03:39.614365,2026-06-29T19:03:40.411922+00:00,114.6,2,ask,,,13143564
2026-06-30T05:03:39.640687,2026-06-29T19:03:40.434042+00:00,114.5,25,ask,,,13143566
2026-06-30T05:03:39.824450,2026-06-29T19:03:40.618844+00:00,114.5,25,ask,,,13143576
2026-06-30T05:03:39.851277,2026-06-29T19:03:40.640990+00:00,114.5,25,ask,,,13143578
2026-06-30T05:03:39.861205,2026-06-29T19:03:40.652053+00:00,114.7,2,bid,,,13143581
2026-06-30T05:03:42.845031,2026-06-29T19:03:43.635160+00:00,114.6,200,ask,,,13143629
2026-06-30T05:03:42.895327,2026-06-29T19:03:43.689106+00:00,114.6,200,bid,,,13143631
2026-06-30T05:03:45.011003,2026-06-29T19:03:45.800004+00:00,114.7,500,bid,,,13143649
2026-06-30T05:03:45.262535,2026-06-29T19:03:46.062290+00:00,114.7,125,ask,,,13143654
2026-06-30T05:03:45.262535,2026-06-29T19:03:46.062290+00:00,114.6,200,ask,,,13143655
2026-06-30T05:03:46.324349,2026-06-29T19:03:47.117962+00:00,114.5,200,ask,,,13143673
2026-06-30T05:03:48.848930,2026-06-29T19:03:49.640982+00:00,114.4,25,ask,,,13143702
2026-06-30T05:03:48.881957,2026-06-29T19:03:49.674170+00:00,114.4,25,ask,,,13143704
2026-06-30T05:03:49.057394,2026-06-29T19:03:49.848128+00:00,114.4,25,ask,,,13143708
2026-06-30T05:03:49.090805,2026-06-29T19:03:49.880863+00:00,114.4,25,ask,,,13143710
2026-06-30T05:03:49.267677,2026-06-29T19:03:50.066330+00:00,114.4,25,ask,,,13143714
2026-06-30T05:03:49.301117,2026-06-29T19:03:50.098078+00:00,114.4,20,ask,,,13143717
2026-06-30T05:03:49.480095,2026-06-29T19:03:50.272304+00:00,114.4,5,ask,,,13143721
2026-06-30T05:03:52.978959,2026-06-29T19:03:53.769863+00:00,114.4,20,ask,,,13143777
2026-06-30T05:03:53.780557,2026-06-29T19:03:54.575035+00:00,114.5,200,bid,,,13143780
2026-06-30T05:03:54.994098,2026-06-29T19:03:55.797097+00:00,114.5,200,ask,,,13143805
2026-06-30T05:03:59.446075,2026-06-29T19:04:00.245209+00:00,114.6,3,bid,,,13143868
2026-06-30T05:03:59.507869,2026-06-29T19:04:00.298105+00:00,114.6,25,ask,,,13143869
2026-06-30T05:04:00.940820,2026-06-29T19:04:01.733117+00:00,114.6,20,ask,,,13143899
2026-06-30T05:04:01.038497,2026-06-29T19:04:01.831785+00:00,114.6,200,ask,,,13143900
2026-06-30T05:04:03.341432,2026-06-29T19:04:04.138359+00:00,114.7,4,bid,,,13143933
2026-06-30T05:04:03.341432,2026-06-29T19:04:04.138359+00:00,114.7,16,bid,,,13143934
2026-06-30T05:04:04.026389,2026-06-29T19:04:04.823213+00:00,114.6,500,ask,,,13143954
2026-06-30T05:04:04.676485,2026-06-29T19:04:05.466343+00:00,114.6,125,ask,,,13143965
2026-06-30T05:04:06.072237,2026-06-29T19:04:06.869828+00:00,114.6,20,bid,,,13143992
2026-06-30T05:04:08.631358,2026-06-29T19:04:09.429924+00:00,114.6,200,ask,,,13144044
2026-06-30T05:04:11.927023,2026-06-29T19:04:12.727283+00:00,114.5,200,ask,,,13144095
2026-06-30T05:04:14.353684,2026-06-29T19:04:15.147759+00:00,114.6,7,ask,,,13144142
2026-06-30T05:04:14.358083,2026-06-29T19:04:15.147759+00:00,114.6,200,ask,,,13144143
2026-06-30T05:04:14.566404,2026-06-29T19:04:15.358491+00:00,114.6,7,ask,,,13144151
2026-06-30T05:04:15.565541,2026-06-29T19:04:16.361723+00:00,114.5,200,ask,,,13144171
2026-06-30T05:04:16.222464,2026-06-29T19:04:17.017832+00:00,114.5,20,ask,,,13144179
2026-06-30T05:04:16.500773,2026-06-29T19:04:17.299781+00:00,114.4,1,ask,,,13144183
2026-06-30T05:04:19.118705,2026-06-29T19:04:19.910169+00:00,114.4,200,bid,,,13144227
2026-06-30T05:04:20.347175,2026-06-29T19:04:21.142790+00:00,114.4,20,ask,,,13144249
2026-06-30T05:04:20.429364,2026-06-29T19:04:21.228916+00:00,114.4,200,ask,,,13144252
2026-06-30T05:04:21.611777,2026-06-29T19:04:22.407361+00:00,114.4,200,bid,,,13144276
2026-06-30T05:04:26.462852,2026-06-29T19:04:27.258377+00:00,114.4,200,bid,,,13144386
2026-06-30T05:04:29.086676,2026-06-29T19:04:29.884107+00:00,114.4,20,ask,,,13144424
2026-06-30T05:04:30.095201,2026-06-29T19:04:30.884452+00:00,114.5,200,ask,,,13144443
2026-06-30T05:04:30.993257,2026-06-29T19:04:31.787109+00:00,114.5,25,bid,,,13144456
2026-06-30T05:04:31.010471,2026-06-29T19:04:31.808231+00:00,114.5,25,bid,,,13144459
2026-06-30T05:04:31.201631,2026-06-29T19:04:31.993956+00:00,114.5,25,bid,,,13144463
2026-06-30T05:04:31.218635,2026-06-29T19:04:32.016108+00:00,114.5,25,bid,,,13144465
2026-06-30T05:04:31.414485,2026-06-29T19:04:32.210935+00:00,114.5,25,bid,,,13144471
2026-06-30T05:04:31.427958,2026-06-29T19:04:32.222027+00:00,114.5,19,bid,,,13144473
2026-06-30T05:04:32.525676,2026-06-29T19:04:33.320976+00:00,114.5,200,ask,,,13144494
2026-06-30T05:04:33.739678,2026-06-29T19:04:34.530701+00:00,114.4,200,ask,,,13144521
2026-06-30T05:04:36.137617,2026-06-29T19:04:36.935125+00:00,114.4,200,ask,,,13144563
2026-06-30T05:04:36.137617,2026-06-29T19:04:36.935125+00:00,114.3,1,ask,,,13144564
2026-06-30T05:04:36.159666,2026-06-29T19:04:36.955490+00:00,114.3,200,bid,,,13144566
2026-06-30T05:04:36.235631,2026-06-29T19:04:37.029950+00:00,114.3,25,bid,,,13144569
2026-06-30T05:04:36.245713,2026-06-29T19:04:37.041133+00:00,114.3,25,bid,,,13144572
2026-06-30T05:04:36.449181,2026-06-29T19:04:37.238847+00:00,114.3,25,bid,,,13144581
2026-06-30T05:04:36.455851,2026-06-29T19:04:37.249157+00:00,114.3,25,bid,,,13144583
2026-06-30T05:04:37.315899,2026-06-29T19:04:38.110960+00:00,114.3,124,bid,,,13144597
2026-06-30T05:04:38.860741,2026-06-29T19:04:39.657998+00:00,114.5,25,ask,,,13144625
2026-06-30T05:04:38.864400,2026-06-29T19:04:39.657998+00:00,114.5,25,ask,,,13144626
2026-06-30T05:04:39.071526,2026-06-29T19:04:39.864313+00:00,114.5,25,ask,,,13144632
2026-06-30T05:04:39.074146,2026-06-29T19:04:39.864313+00:00,114.5,25,ask,,,13144633
2026-06-30T05:04:39.082933,2026-06-29T19:04:39.875384+00:00,114.6,1,bid,,,13144636
2026-06-30T05:04:39.809105,2026-06-29T19:04:40.605410+00:00,114.5,200,ask,,,13144647
2026-06-30T05:04:41.021546,2026-06-29T19:04:41.818527+00:00,114.5,200,bid,,,13144669
2026-06-30T05:04:46.641446,2026-06-29T19:04:47.435323+00:00,114.4,200,ask,,,13144756
2026-06-30T05:04:46.641446,2026-06-29T19:04:47.435323+00:00,114.4,425,ask,,,13144757
2026-06-30T05:04:47.082173,2026-06-29T19:04:47.879972+00:00,114.4,200,ask,,,13144762
2026-06-30T05:04:48.288919,2026-06-29T19:04:49.078810+00:00,114.6,200,ask,,,13144789
2026-06-30T05:04:49.502276,2026-06-29T19:04:50.298218+00:00,114.5,200,ask,,,13144805
2026-06-30T05:04:51.893619,2026-06-29T19:04:52.693143+00:00,114.5,500,ask,,,13144844
2026-06-30T05:04:51.914657,2026-06-29T19:04:52.715269+00:00,114.5,125,bid,,,13144846
2026-06-30T05:04:54.878503,2026-06-29T19:04:55.668934+00:00,114.5,20,ask,,,13144912
2026-06-30T05:04:55.829180,2026-06-29T19:04:56.623407+00:00,114.5,500,ask,,,13144927
2026-06-30T05:04:56.096490,2026-06-29T19:04:56.894134+00:00,114.5,125,bid,,,13144938
2026-06-30T05:04:56.096490,2026-06-29T19:04:56.894134+00:00,114.6,200,bid,,,13144939
2026-06-30T05:04:56.119422,2026-06-29T19:04:56.925799+00:00,114.6,25,ask,,,13144942
2026-06-30T05:04:56.119678,2026-06-29T19:04:56.925799+00:00,114.6,25,ask,,,13144943
2026-06-30T05:04:56.350035,2026-06-29T19:04:57.143855+00:00,114.6,25,ask,,,13144951
2026-06-30T05:04:56.353307,2026-06-29T19:04:57.143855+00:00,114.6,25,ask,,,13144952
2026-06-30T05:04:56.564446,2026-06-29T19:04:57.354097+00:00,114.6,25,ask,,,13144955
2026-06-30T05:04:57.909828,2026-06-29T19:04:58.704853+00:00,114.7,1,bid,,,13144979
2026-06-30T05:04:57.909828,2026-06-29T19:04:58.704853+00:00,114.7,200,bid,,,13144980
2026-06-30T05:05:01.063891,2026-06-29T19:05:01.853311+00:00,114.7,500,ask,,,13145035
2026-06-30T05:05:01.522564,2026-06-29T19:05:02.320015+00:00,114.7,125,bid,,,13145042
2026-06-30T05:05:02.369254,2026-06-29T19:05:03.168732+00:00,114.8,200,bid,,,13145063
2026-06-30T05:05:07.630074,2026-06-29T19:05:08.422294+00:00,114.8,500,ask,,,13145127
2026-06-30T05:05:07.630074,2026-06-29T19:05:08.422294+00:00,114.7,125,ask,,,13145128
2026-06-30T05:05:08.207080,2026-06-29T19:05:09.000893+00:00,114.8,200,bid,,,13145134
2026-06-30T05:05:11.561739,2026-06-29T19:05:12.356972+00:00,115.0,3,bid,,,13145208
2026-06-30T05:05:14.921883,2026-06-29T19:05:15.719022+00:00,115.1,200,ask,,,13145273
2026-06-30T05:05:18.551360,2026-06-29T19:05:19.348039+00:00,115.2,200,bid,,,13145313
2026-06-30T05:05:19.760860,2026-06-29T19:05:20.551289+00:00,115.2,200,ask,,,13145334
2026-06-30T05:05:20.520365,2026-06-29T19:05:21.312684+00:00,115.4,20,bid,,,13145345
2026-06-30T05:05:22.059620,2026-06-29T19:05:22.854212+00:00,115.2,200,bid,,,13145366
2026-06-30T05:05:22.178845,2026-06-29T19:05:22.975025+00:00,115.2,200,ask,,,13145371
2026-06-30T05:05:25.035909,2026-06-29T19:05:25.827694+00:00,115.2,20,bid,,,13145409
2026-06-30T05:05:26.142689,2026-06-29T19:05:26.938062+00:00,115.3,5,bid,,,13145431
2026-06-30T05:05:26.142689,2026-06-29T19:05:26.938062+00:00,115.3,15,bid,,,13145432
2026-06-30T05:05:31.860603,2026-06-29T19:05:32.652861+00:00,115.3,6,bid,,,13145531
2026-06-30T05:05:31.860603,2026-06-29T19:05:32.652861+00:00,115.4,194,bid,,,13145532
2026-06-30T05:05:36.498234,2026-06-29T19:05:37.298082+00:00,115.4,5,bid,,,13145609
2026-06-30T05:05:40.458905,2026-06-29T19:05:41.249851+00:00,115.4,200,ask,,,13145687
2026-06-30T05:05:43.998349,2026-06-29T19:05:44.793382+00:00,115.3,200,ask,,,13145761
2026-06-30T05:05:45.207146,2026-06-29T19:05:46.006257+00:00,115.4,200,ask,,,13145785
2026-06-30T05:05:51.480305,2026-06-29T19:05:52.277329+00:00,115.5,20,bid,,,13145890
2026-06-30T05:05:53.568949,2026-06-29T19:05:54.368155+00:00,115.6,5,bid,,,13145924
2026-06-30T05:05:53.676714,2026-06-29T19:05:54.467316+00:00,115.6,200,ask,,,13145927
2026-06-30T05:05:55.274533,2026-06-29T19:05:56.071604+00:00,115.7,25,bid,,,13145954
2026-06-30T05:05:55.293026,2026-06-29T19:05:56.093250+00:00,115.7,25,bid,,,13145957
2026-06-30T05:05:55.485833,2026-06-29T19:05:56.278035+00:00,115.8,25,bid,,,13145967
2026-06-30T05:05:55.501676,2026-06-29T19:05:56.299695+00:00,115.8,25,bid,,,13145969
2026-06-30T05:05:55.696341,2026-06-29T19:05:56.485353+00:00,115.8,25,bid,,,13145973
2026-06-30T05:05:55.709759,2026-06-29T19:05:56.507486+00:00,115.8,25,bid,,,13145975
2026-06-30T05:05:56.198397,2026-06-29T19:05:56.996117+00:00,115.7,3,bid,,,13145980
2026-06-30T05:05:56.198397,2026-06-29T19:05:56.996117+00:00,115.7,200,bid,,,13145981
2026-06-30T05:05:56.683306,2026-06-29T19:05:57.473038+00:00,115.7,422,ask,,,13145992
2026-06-30T05:05:57.512664,2026-06-29T19:05:58.308460+00:00,115.6,200,ask,,,13145999
2026-06-30T05:05:58.545863,2026-06-29T19:05:59.341449+00:00,115.6,20,bid,,,13146030
2026-06-30T05:05:58.820243,2026-06-29T19:05:59.614281+00:00,115.5,200,ask,,,13146033
2026-06-30T05:06:02.759371,2026-06-29T19:06:03.557510+00:00,115.7,20,bid,,,13146098
2026-06-30T05:06:04.594428,2026-06-29T19:06:05.388659+00:00,115.6,200,bid,,,13146126
2026-06-30T05:06:05.523493,2026-06-29T19:06:06.314266+00:00,115.5,25,bid,,,13146151
2026-06-30T05:06:05.536113,2026-06-29T19:06:06.325322+00:00,115.5,25,bid,,,13146153
2026-06-30T05:06:05.760383,2026-06-29T19:06:06.554392+00:00,115.5,25,bid,,,13146161
2026-06-30T05:06:05.762990,2026-06-29T19:06:06.554392+00:00,115.5,25,bid,,,13146162
2026-06-30T05:06:05.974250,2026-06-29T19:06:06.771874+00:00,115.5,25,bid,,,13146168
2026-06-30T05:06:05.976729,2026-06-29T19:06:06.771874+00:00,115.5,25,bid,,,13146169
2026-06-30T05:06:06.184647,2026-06-29T19:06:06.977741+00:00,115.5,25,bid,,,13146176
2026-06-30T05:06:06.188762,2026-06-29T19:06:06.988317+00:00,115.5,25,bid,,,13146177
2026-06-30T05:06:06.936349,2026-06-29T19:06:07.728579+00:00,115.5,20,bid,,,13146193
2026-06-30T05:06:08.243408,2026-06-29T19:06:09.036397+00:00,115.5,200,bid,,,13146221
2026-06-30T05:06:11.883703,2026-06-29T19:06:12.676930+00:00,115.6,200,bid,,,13146294
2026-06-30T05:06:13.251749,2026-06-29T19:06:14.048470+00:00,115.7,500,bid,,,13146314
2026-06-30T05:06:13.251749,2026-06-29T19:06:14.048470+00:00,115.7,125,bid,,,13146315
2026-06-30T05:06:14.299877,2026-06-29T19:06:15.095017+00:00,115.7,200,bid,,,13146337
2026-06-30T05:06:14.617585,2026-06-29T19:06:15.410674+00:00,115.5,25,bid,,,13146343
2026-06-30T05:06:15.506411,2026-06-29T19:06:16.302947+00:00,115.5,200,bid,,,13146359
2026-06-30T05:06:16.720594,2026-06-29T19:06:17.516347+00:00,115.6,200,bid,,,13146382
2026-06-30T05:06:18.505419,2026-06-29T19:06:19.300647+00:00,115.6,500,bid,,,13146411
2026-06-30T05:06:19.148327,2026-06-29T19:06:19.942674+00:00,115.6,125,ask,,,13146425
2026-06-30T05:06:19.817475,2026-06-29T19:06:20.608372+00:00,115.4,3,ask,,,13146433
2026-06-30T05:06:19.817475,2026-06-29T19:06:20.608372+00:00,115.4,200,ask,,,13146434
2026-06-30T05:06:20.022624,2026-06-29T19:06:20.814529+00:00,115.4,1,bid,,,13146438
2026-06-30T05:06:21.574569,2026-06-29T19:06:22.374862+00:00,115.4,200,bid,,,13146469
2026-06-30T05:06:26.381962,2026-06-29T19:06:27.177487+00:00,115.5,500,bid,,,13146567
2026-06-30T05:06:26.950876,2026-06-29T19:06:27.744436+00:00,115.5,125,ask,,,13146585
2026-06-30T05:06:31.248626,2026-06-29T19:06:32.043345+00:00,115.4,200,ask,,,13146652
2026-06-30T05:06:31.627180,2026-06-29T19:06:32.423346+00:00,115.3,1,ask,,,13146663
2026-06-30T05:06:33.671859,2026-06-29T19:06:34.471256+00:00,115.3,200,bid,,,13146713
2026-06-30T05:06:34.884224,2026-06-29T19:06:35.680117+00:00,115.2,8,ask,,,13146741
2026-06-30T05:06:36.657632,2026-06-29T19:06:37.449051+00:00,115.2,3,ask,,,13146766
2026-06-30T05:06:37.381921,2026-06-29T19:06:38.176142+00:00,115.2,20,bid,,,13146777
2026-06-30T05:06:39.715737,2026-06-29T19:06:40.519978+00:00,115.1,2,ask,,,13146832
2026-06-30T05:06:40.671889,2026-06-29T19:06:41.467752+00:00,115.0,25,ask,,,13146849
2026-06-30T05:06:40.680235,2026-06-29T19:06:41.478331+00:00,115.0,25,ask,,,13146850
2026-06-30T05:06:40.803862,2026-06-29T19:06:41.598614+00:00,115.1,198,bid,,,13146855
2026-06-30T05:06:40.890711,2026-06-29T19:06:41.687051+00:00,115.1,25,ask,,,13146859
2026-06-30T05:06:40.894832,2026-06-29T19:06:41.697650+00:00,115.1,25,ask,,,13146861
2026-06-30T05:06:42.708117,2026-06-29T19:06:43.498366+00:00,115.1,4,ask,,,13146896
2026-06-30T05:06:42.715608,2026-06-29T19:06:43.508955+00:00,115.0,25,ask,,,13146898
2026-06-30T05:06:42.720256,2026-06-29T19:06:43.520036+00:00,115.0,2,ask,,,13146899
2026-06-30T05:06:42.924831,2026-06-29T19:06:43.717192+00:00,115.0,25,ask,,,13146905
2026-06-30T05:06:42.933834,2026-06-29T19:06:43.727790+00:00,115.0,2,ask,,,13146907
2026-06-30T05:06:42.936330,2026-06-29T19:06:43.738347+00:00,115.0,25,ask,,,13146908
2026-06-30T05:06:43.138348,2026-06-29T19:06:43.930449+00:00,115.0,25,ask,,,13146915
2026-06-30T05:06:43.145493,2026-06-29T19:06:43.940631+00:00,115.0,25,ask,,,13146917
2026-06-30T05:06:43.147965,2026-06-29T19:06:43.940631+00:00,115.0,2,ask,,,13146918
2026-06-30T05:06:43.353062,2026-06-29T19:06:44.150490+00:00,115.0,2,ask,,,13146924
2026-06-30T05:06:43.557454,2026-06-29T19:06:44.357917+00:00,115.0,2,ask,,,13146927
2026-06-30T05:06:43.762893,2026-06-29T19:06:44.558279+00:00,115.0,2,ask,,,13146930
2026-06-30T05:06:43.967240,2026-06-29T19:06:45.198024+00:00,115.0,2,ask,,,13146933
2026-06-30T05:06:44.171815,2026-06-29T19:06:45.198024+00:00,115.0,2,ask,,,13146942
2026-06-30T05:06:44.377286,2026-06-29T19:06:45.260212+00:00,115.0,2,ask,,,13146944
2026-06-30T05:06:44.583175,2026-06-29T19:06:45.376044+00:00,115.0,2,ask,,,13146954
2026-06-30T05:06:44.794264,2026-06-29T19:06:45.585018+00:00,115.0,1,ask,,,13146956
2026-06-30T05:06:46.961226,2026-06-29T19:06:47.755332+00:00,115.0,25,ask,,,13146996
2026-06-30T05:06:47.002421,2026-06-29T19:06:47.798163+00:00,115.0,25,ask,,,13146999
2026-06-30T05:06:47.170661,2026-06-29T19:06:47.967556+00:00,115.1,2,ask,,,13147001
2026-06-30T05:06:47.211084,2026-06-29T19:06:48.008303+00:00,115.0,25,ask,,,13147004
2026-06-30T05:06:47.377550,2026-06-29T19:06:48.176304+00:00,115.1,25,ask,,,13147007
2026-06-30T05:06:47.424857,2026-06-29T19:06:48.217127+00:00,115.1,25,ask,,,13147009
2026-06-30T05:06:48.881486,2026-06-29T19:06:49.675049+00:00,115.2,2,bid,,,13147045
2026-06-30T05:06:49.092539,2026-06-29T19:06:49.891968+00:00,115.2,2,bid,,,13147051
2026-06-30T05:06:49.297582,2026-06-29T19:06:50.087634+00:00,115.2,2,bid,,,13147056
2026-06-30T05:06:49.503683,2026-06-29T19:06:50.295020+00:00,115.2,1,bid,,,13147063
2026-06-30T05:06:53.316142,2026-06-29T19:06:54.186696+00:00,115.2,7,ask,,,13147145
2026-06-30T05:06:54.233536,2026-06-29T19:06:55.110559+00:00,115.2,200,ask,,,13147160
2026-06-30T05:06:55.442269,2026-06-29T19:06:56.236418+00:00,115.3,200,ask,,,13147176
2026-06-30T05:06:57.808679,2026-06-29T19:06:58.602945+00:00,115.1,6,ask,,,13147215
2026-06-30T05:06:57.808679,2026-06-29T19:06:58.602945+00:00,115.1,3,ask,,,13147216
2026-06-30T05:07:02.703109,2026-06-29T19:07:03.500125+00:00,115.2,200,bid,,,13147294
2026-06-30T05:07:07.542957,2026-06-29T19:07:08.334862+00:00,115.2,200,ask,,,13147382
2026-06-30T05:07:08.758963,2026-06-29T19:07:09.557155+00:00,115.2,200,ask,,,13147401
2026-06-30T05:07:09.589366,2026-06-29T19:07:10.388116+00:00,115.2,20,ask,,,13147417
2026-06-30T05:07:12.300227,2026-06-29T19:07:13.100153+00:00,115.1,3,ask,,,13147459
2026-06-30T05:07:12.365434,2026-06-29T19:07:13.155478+00:00,115.1,25,bid,,,13147462
2026-06-30T05:07:12.389352,2026-06-29T19:07:13.187696+00:00,115.1,200,bid,,,13147467
2026-06-30T05:07:12.875734,2026-06-29T19:07:13.666067+00:00,115.1,1,bid,,,13147473
2026-06-30T05:07:12.991257,2026-06-29T19:07:13.786433+00:00,115.1,25,bid,,,13147477
2026-06-30T05:07:13.084786,2026-06-29T19:07:13.884081+00:00,115.1,1,bid,,,13147482
2026-06-30T05:07:13.596086,2026-06-29T19:07:14.385946+00:00,115.1,200,bid,,,13147493
2026-06-30T05:07:13.816581,2026-06-29T19:07:14.615143+00:00,115.2,2,ask,,,13147498
2026-06-30T05:07:14.022815,2026-06-29T19:07:14.818676+00:00,115.2,2,ask,,,13147503
2026-06-30T05:07:14.228400,2026-06-29T19:07:15.027502+00:00,115.2,2,ask,,,13147514
2026-06-30T05:07:14.433567,2026-06-29T19:07:15.233325+00:00,115.2,2,ask,,,13147518
2026-06-30T05:07:14.638421,2026-06-29T19:07:15.428830+00:00,115.2,2,ask,,,13147519
2026-06-30T05:07:14.844613,2026-06-29T19:07:15.637170+00:00,115.2,2,ask,,,13147525
2026-06-30T05:07:14.921680,2026-06-29T19:07:15.713187+00:00,115.3,200,bid,,,13147528
2026-06-30T05:07:15.050565,2026-06-29T19:07:15.844045+00:00,115.3,2,ask,,,13147532
2026-06-30T05:07:15.256928,2026-06-29T19:07:16.049894+00:00,115.3,2,ask,,,13147535
2026-06-30T05:07:15.462300,2026-06-29T19:07:16.257738+00:00,115.3,2,ask,,,13147545
2026-06-30T05:07:15.668072,2026-06-29T19:07:16.464162+00:00,115.3,2,ask,,,13147549
2026-06-30T05:07:15.874392,2026-06-29T19:07:16.669920+00:00,115.3,2,ask,,,13147553
2026-06-30T05:07:16.021502,2026-06-29T19:07:16.821907+00:00,115.3,200,ask,,,13147557
2026-06-30T05:07:16.079925,2026-06-29T19:07:16.877240+00:00,115.3,2,ask,,,13147561
2026-06-30T05:07:16.695066,2026-06-29T19:07:17.488987+00:00,115.1,2,ask,,,13147576
2026-06-30T05:07:16.900798,2026-06-29T19:07:17.697051+00:00,115.1,2,ask,,,13147581
2026-06-30T05:07:17.106692,2026-06-29T19:07:17.903005+00:00,115.1,2,ask,,,13147584
2026-06-30T05:07:17.541153,2026-06-29T19:07:18.337253+00:00,115.2,200,ask,,,13147594
2026-06-30T05:07:17.541153,2026-06-29T19:07:18.337253+00:00,115.0,2,ask,,,13147595
2026-06-30T05:07:17.700244,2026-06-29T19:07:18.499769+00:00,115.0,25,bid,,,13147601
2026-06-30T05:07:17.715830,2026-06-29T19:07:18.510832+00:00,115.0,25,bid,,,13147604
2026-06-30T05:07:17.908395,2026-06-29T19:07:18.698635+00:00,115.0,25,bid,,,13147611
2026-06-30T05:07:17.927430,2026-06-29T19:07:18.720210+00:00,115.0,25,bid,,,13147614
2026-06-30T05:07:18.118415,2026-06-29T19:07:18.918509+00:00,115.0,25,bid,,,13147617
2026-06-30T05:07:18.137511,2026-06-29T19:07:18.929509+00:00,115.0,25,bid,,,13147619
2026-06-30T05:07:18.328244,2026-06-29T19:07:19.126365+00:00,115.0,25,bid,,,13147626
2026-06-30T05:07:18.347094,2026-06-29T19:07:19.137418+00:00,115.0,25,bid,,,13147628
2026-06-30T05:07:18.440634,2026-06-29T19:07:19.235913+00:00,115.0,200,bid,,,13147632
2026-06-30T05:07:18.934824,2026-06-29T19:07:19.726051+00:00,115.1,25,ask,,,13147641
2026-06-30T05:07:18.952026,2026-06-29T19:07:19.747375+00:00,115.1,25,ask,,,13147646
2026-06-30T05:07:19.147496,2026-06-29T19:07:19.943944+00:00,115.1,25,ask,,,13147658
2026-06-30T05:07:19.162211,2026-06-29T19:07:19.955009+00:00,115.1,25,ask,,,13147662
2026-06-30T05:07:19.655516,2026-06-29T19:07:20.460824+00:00,115.1,200,ask,,,13147674
2026-06-30T05:07:22.532041,2026-06-29T19:07:23.328879+00:00,115.0,10,ask,,,13147737
2026-06-30T05:07:22.532041,2026-06-29T19:07:23.328879+00:00,115.0,10,ask,,,13147738
2026-06-30T05:07:24.493861,2026-06-29T19:07:25.288425+00:00,115.1,200,ask,,,13147784
2026-06-30T05:07:25.700155,2026-06-29T19:07:26.491173+00:00,115.1,200,ask,,,13147812
2026-06-30T05:07:26.907828,2026-06-29T19:07:27.714046+00:00,115.1,200,ask,,,13147835
2026-06-30T05:07:28.118915,2026-06-29T19:07:28.918466+00:00,115.1,200,ask,,,13147865
2026-06-30T05:07:29.297808,2026-06-29T19:07:30.097154+00:00,115.2,500,bid,,,13147884
2026-06-30T05:07:29.345071,2026-06-29T19:07:30.139921+00:00,115.2,200,ask,,,13147886
2026-06-30T05:07:30.181697,2026-06-29T19:07:30.974543+00:00,115.3,10,bid,,,13147908
2026-06-30T05:07:30.393280,2026-06-29T19:07:31.183543+00:00,115.3,11,bid,,,13147911
2026-06-30T05:07:30.399042,2026-06-29T19:07:31.194544+00:00,115.4,2,bid,,,13147912
2026-06-30T05:07:30.602304,2026-06-29T19:07:31.392543+00:00,115.3,25,bid,,,13147922
2026-06-30T05:07:30.608794,2026-06-29T19:07:31.403604+00:00,115.3,25,bid,,,13147924
2026-06-30T05:07:30.612490,2026-06-29T19:07:31.403604+00:00,115.3,2,bid,,,13147925
2026-06-30T05:07:30.812702,2026-06-29T19:07:31.612204+00:00,115.3,25,bid,,,13147930
2026-06-30T05:07:30.820823,2026-06-29T19:07:31.612204+00:00,115.3,25,bid,,,13147932
2026-06-30T05:07:30.825096,2026-06-29T19:07:31.623204+00:00,115.3,2,bid,,,13147933
2026-06-30T05:07:31.022421,2026-06-29T19:07:31.821274+00:00,115.3,4,bid,,,13147939
2026-06-30T05:07:31.029494,2026-06-29T19:07:31.821274+00:00,115.3,2,bid,,,13147940
2026-06-30T05:07:31.234334,2026-06-29T19:07:32.030122+00:00,115.3,2,bid,,,13147947
2026-06-30T05:07:31.438894,2026-06-29T19:07:32.237961+00:00,115.3,2,bid,,,13147951
2026-06-30T05:07:31.644843,2026-06-29T19:07:32.435497+00:00,115.3,2,bid,,,13147953
2026-06-30T05:07:31.861552,2026-06-29T19:07:32.654953+00:00,115.3,2,bid,,,13147956
2026-06-30T05:07:32.067195,2026-06-29T19:07:32.863406+00:00,115.3,2,bid,,,13147962
2026-06-30T05:07:32.272737,2026-06-29T19:07:33.071236+00:00,115.3,2,bid,,,13147967
2026-06-30T05:07:32.478284,2026-06-29T19:07:33.277877+00:00,115.3,2,bid,,,13147969
2026-06-30T05:07:32.684471,2026-06-29T19:07:33.474660+00:00,115.3,2,bid,,,13147971
2026-06-30T05:07:32.890490,2026-06-29T19:07:33.682213+00:00,115.3,1,bid,,,13147975
2026-06-30T05:07:34.303753,2026-06-29T19:07:35.101833+00:00,115.2,25,bid,,,13147999
2026-06-30T05:07:34.439131,2026-06-29T19:07:35.234097+00:00,115.2,23,bid,,,13148005
2026-06-30T05:07:35.426019,2026-06-29T19:07:36.218153+00:00,115.1,200,ask,,,13148023
2026-06-30T05:07:37.219431,2026-06-29T19:07:38.010130+00:00,115.2,200,bid,,,13148060
2026-06-30T05:07:37.489636,2026-06-29T19:07:38.284031+00:00,115.2,20,ask,,,13148063
2026-06-30T05:07:37.853000,2026-06-29T19:07:38.644782+00:00,115.2,200,ask,,,13148073
2026-06-30T05:07:38.655596,2026-06-29T19:07:39.445939+00:00,115.1,25,bid,,,13148092
2026-06-30T05:07:38.767347,2026-06-29T19:07:39.566469+00:00,115.1,25,bid,,,13148096
2026-06-30T05:07:38.864766,2026-06-29T19:07:39.664025+00:00,115.1,7,bid,,,13148098
2026-06-30T05:07:39.062667,2026-06-29T19:07:39.857721+00:00,115.1,200,bid,,,13148102
2026-06-30T05:07:39.605411,2026-06-29T19:07:40.404016+00:00,115.1,368,bid,,,13148111
2026-06-30T05:07:40.281812,2026-06-29T19:07:41.083140+00:00,115.3,200,ask,,,13148133
2026-06-30T05:07:41.490691,2026-06-29T19:07:42.288564+00:00,115.3,200,ask,,,13148151
2026-06-30T05:07:41.910198,2026-06-29T19:07:42.705897+00:00,115.4,2,bid,,,13148161
2026-06-30T05:07:42.597107,2026-06-29T19:07:43.391141+00:00,115.3,5,bid,,,13148175
2026-06-30T05:07:42.697064,2026-06-29T19:07:43.488678+00:00,115.3,200,bid,,,13148178
2026-06-30T05:07:43.774709,2026-06-29T19:07:44.568121+00:00,115.4,9,bid,,,13148195
2026-06-30T05:07:43.913941,2026-06-29T19:07:44.708958+00:00,115.4,200,ask,,,13148197
2026-06-30T05:07:46.399454,2026-06-29T19:07:47.199984+00:00,115.3,200,bid,,,13148234
2026-06-30T05:07:47.542943,2026-06-29T19:07:48.335626+00:00,115.3,200,ask,,,13148249
2026-06-30T05:07:50.335654,2026-06-29T19:07:51.126220+00:00,115.2,10,ask,,,13148291
2026-06-30T05:07:50.335654,2026-06-29T19:07:51.137286+00:00,115.2,200,ask,,,13148292
2026-06-30T05:07:50.335654,2026-06-29T19:07:51.137286+00:00,115.1,415,ask,,,13148293
2026-06-30T05:07:52.498036,2026-06-29T19:07:53.289581+00:00,115.4,5,bid,,,13148335
2026-06-30T05:07:52.700308,2026-06-29T19:07:53.498664+00:00,115.2,20,ask,,,13148339
2026-06-30T05:07:59.549703,2026-06-29T19:08:00.345909+00:00,115.2,20,bid,,,13148478
2026-06-30T05:07:59.657664,2026-06-29T19:08:00.455314+00:00,115.1,1,ask,,,13148485
2026-06-30T05:07:59.657664,2026-06-29T19:08:00.455314+00:00,115.1,199,ask,,,13148486
2026-06-30T05:07:59.943406,2026-06-29T19:08:00.739838+00:00,115.1,20,ask,,,13148492
2026-06-30T05:08:02.141184,2026-06-29T19:08:02.940121+00:00,115.2,200,bid,,,13148539
2026-06-30T05:08:08.121774,2026-06-29T19:08:08.918686+00:00,115.2,200,ask,,,13148641
2026-06-30T05:08:10.007540,2026-06-29T19:08:10.806466+00:00,115.2,200,bid,,,13148666
2026-06-30T05:08:13.652889,2026-06-29T19:08:14.446122+00:00,115.1,20,bid,,,13148720
2026-06-30T05:08:15.062724,2026-06-29T19:08:15.853173+00:00,115.0,20,ask,,,13148736
2026-06-30T05:08:16.569016,2026-06-29T19:08:17.362976+00:00,115.1,200,ask,,,13148749
2026-06-30T05:08:17.878751,2026-06-29T19:08:18.670292+00:00,115.2,11,bid,,,13148767
2026-06-30T05:08:17.878751,2026-06-29T19:08:18.670292+00:00,115.2,200,bid,,,13148768
2026-06-30T05:08:19.195048,2026-06-29T19:08:19.987218+00:00,115.3,200,ask,,,13148790
2026-06-30T05:08:20.213965,2026-06-29T19:08:21.008811+00:00,115.2,200,bid,,,13148805
2026-06-30T05:08:20.503628,2026-06-29T19:08:21.294396+00:00,115.3,2,bid,,,13148811
2026-06-30T05:08:21.427041,2026-06-29T19:08:22.217666+00:00,115.3,200,ask,,,13148823
2026-06-30T05:08:24.415446,2026-06-29T19:08:25.215469+00:00,115.2,200,bid,,,13148870
2026-06-30T05:08:25.775652,2026-06-29T19:08:26.573727+00:00,115.3,1,bid,,,13148887
2026-06-30T05:08:26.228561,2026-06-29T19:08:27.024727+00:00,115.3,3,bid,,,13148892
2026-06-30T05:08:26.269034,2026-06-29T19:08:27.068727+00:00,115.3,200,ask,,,13148894
2026-06-30T05:08:27.477008,2026-06-29T19:08:28.268332+00:00,115.3,200,bid,,,13148925
2026-06-30T05:08:28.058321,2026-06-29T19:08:28.851725+00:00,115.3,425,bid,,,13148933
2026-06-30T05:08:28.373019,2026-06-29T19:08:29.170794+00:00,115.4,4,bid,,,13148941
2026-06-30T05:08:28.373019,2026-06-29T19:08:29.170794+00:00,115.5,200,bid,,,13148942
2026-06-30T05:08:31.114450,2026-06-29T19:08:31.907285+00:00,115.6,3,bid,,,13148989
2026-06-30T05:08:33.802084,2026-06-29T19:08:34.595705+00:00,115.6,1,bid,,,13149039
2026-06-30T05:08:34.469262,2026-06-29T19:08:35.264508+00:00,115.7,20,bid,,,13149047
2026-06-30T05:08:34.912994,2026-06-29T19:08:35.703750+00:00,115.4,500,ask,,,13149052
2026-06-30T05:08:34.912994,2026-06-29T19:08:35.714750+00:00,115.4,125,ask,,,13149053
2026-06-30T05:08:37.176368,2026-06-29T19:08:37.972101+00:00,115.5,200,ask,,,13149083
2026-06-30T05:08:39.595877,2026-06-29T19:08:40.391917+00:00,115.6,5,bid,,,13149123
2026-06-30T05:08:39.595877,2026-06-29T19:08:40.391917+00:00,115.6,195,bid,,,13149124
2026-06-30T05:08:42.015591,2026-06-29T19:08:42.812021+00:00,115.5,200,ask,,,13149173
2026-06-30T05:08:43.223793,2026-06-29T19:08:44.018825+00:00,115.5,200,ask,,,13149188
2026-06-30T05:08:44.429961,2026-06-29T19:08:45.230087+00:00,115.5,200,bid,,,13149205
2026-06-30T05:08:46.167517,2026-06-29T19:08:46.967529+00:00,115.6,20,bid,,,13149239
2026-06-30T05:08:48.125981,2026-06-29T19:08:48.922947+00:00,115.5,25,ask,,,13149275
2026-06-30T05:08:48.231230,2026-06-29T19:08:49.030991+00:00,115.5,25,ask,,,13149281
2026-06-30T05:08:48.334671,2026-06-29T19:08:49.128629+00:00,115.5,25,ask,,,13149285
2026-06-30T05:08:48.441302,2026-06-29T19:08:49.238830+00:00,115.5,9,ask,,,13149287
2026-06-30T05:08:49.347188,2026-06-29T19:08:50.137304+00:00,115.6,25,ask,,,13149301
2026-06-30T05:08:49.457451,2026-06-29T19:08:50.258304+00:00,115.6,25,ask,,,13149307
2026-06-30T05:08:49.557407,2026-06-29T19:08:50.357380+00:00,115.6,25,ask,,,13149311
2026-06-30T05:08:49.666075,2026-06-29T19:08:50.456574+00:00,115.6,8,ask,,,13149317
2026-06-30T05:08:56.577028,2026-06-29T19:08:57.375978+00:00,115.6,200,ask,,,13149464
2026-06-30T05:08:56.637595,2026-06-29T19:08:57.428769+00:00,115.6,20,ask,,,13149465
2026-06-30T05:08:57.246582,2026-06-29T19:08:58.040857+00:00,115.6,500,ask,,,13149474
2026-06-30T05:08:58.554579,2026-06-29T19:08:59.354233+00:00,115.7,200,bid,,,13149497
2026-06-30T05:08:58.790651,2026-06-29T19:08:59.584876+00:00,115.7,25,ask,,,13149505
2026-06-30T05:08:58.890828,2026-06-29T19:08:59.682877+00:00,115.7,25,ask,,,13149508
2026-06-30T05:08:58.999978,2026-06-29T19:08:59.791389+00:00,115.7,25,ask,,,13149513
2026-06-30T05:08:59.100293,2026-06-29T19:08:59.893519+00:00,115.7,25,ask,,,13149516
2026-06-30T05:08:59.208302,2026-06-29T19:09:00.003247+00:00,115.7,25,ask,,,13149522
2026-06-30T05:08:59.314635,2026-06-29T19:09:00.111764+00:00,115.7,25,ask,,,13149525
2026-06-30T05:08:59.818403,2026-06-29T19:09:00.609935+00:00,115.7,25,ask,,,13149531
2026-06-30T05:09:00.237855,2026-06-29T19:09:01.037881+00:00,115.7,2,bid,,,13149540
2026-06-30T05:09:00.443412,2026-06-29T19:09:01.235038+00:00,115.7,2,bid,,,13149543
2026-06-30T05:09:00.855348,2026-06-29T19:09:01.647815+00:00,115.7,2,bid,,,13149558
2026-06-30T05:09:01.060564,2026-06-29T19:09:01.855633+00:00,115.7,2,bid,,,13149562
2026-06-30T05:09:01.265301,2026-06-29T19:09:02.063566+00:00,115.7,2,bid,,,13149566
2026-06-30T05:09:01.406644,2026-06-29T19:09:02.205869+00:00,115.7,200,bid,,,13149574
2026-06-30T05:09:01.471021,2026-06-29T19:09:02.271151+00:00,115.7,2,bid,,,13149575
2026-06-30T05:09:01.676699,2026-06-29T19:09:02.467885+00:00,115.7,2,bid,,,13149579
2026-06-30T05:09:01.881114,2026-06-29T19:09:02.675097+00:00,115.7,2,bid,,,13149584
2026-06-30T05:09:02.086232,2026-06-29T19:09:02.882773+00:00,115.7,2,bid,,,13149594
2026-06-30T05:09:05.043389,2026-06-29T19:09:05.844267+00:00,115.6,200,ask,,,13149646
2026-06-30T05:09:05.468937,2026-06-29T19:09:06.265395+00:00,115.6,20,ask,,,13149651
2026-06-30T05:09:06.146956,2026-06-29T19:09:06.940046+00:00,115.8,1,bid,,,13149663
2026-06-30T05:09:06.146956,2026-06-29T19:09:06.940046+00:00,115.8,19,bid,,,13149664
2026-06-30T05:09:08.704131,2026-06-29T19:09:09.496231+00:00,115.6,18,ask,,,13149713
2026-06-30T05:09:08.740741,2026-06-29T19:09:09.540232+00:00,115.6,25,ask,,,13149715
2026-06-30T05:09:08.949781,2026-06-29T19:09:09.749443+00:00,115.6,25,ask,,,13149723
2026-06-30T05:09:11.095847,2026-06-29T19:09:11.893343+00:00,115.6,1,ask,,,13149766
2026-06-30T05:09:11.095847,2026-06-29T19:09:11.893343+00:00,115.6,199,ask,,,13149767
2026-06-30T05:09:12.305983,2026-06-29T19:09:13.100515+00:00,115.6,200,ask,,,13149794
2026-06-30T05:09:14.079302,2026-06-29T19:09:14.870453+00:00,115.6,200,bid,,,13149823
2026-06-30T05:09:15.929727,2026-06-29T19:09:16.726509+00:00,115.8,200,bid,,,13149863
2026-06-30T05:09:16.976095,2026-06-29T19:09:17.767550+00:00,115.6,5,ask,,,13149875
2026-06-30T05:09:19.856899,2026-06-29T19:09:20.656468+00:00,115.7,20,bid,,,13149943
2026-06-30T05:09:20.792835,2026-06-29T19:09:21.591908+00:00,115.6,4,ask,,,13149957
2026-06-30T05:09:22.165553,2026-06-29T19:09:22.960373+00:00,115.6,200,bid,,,13149988
2026-06-30T05:09:26.837204,2026-06-29T19:09:27.637699+00:00,115.7,200,ask,,,13150090
2026-06-30T05:09:28.721983,2026-06-29T19:09:29.523369+00:00,115.7,200,ask,,,13150114
2026-06-30T05:09:29.948465,2026-06-29T19:09:30.745871+00:00,115.7,20,bid,,,13150136
2026-06-30T05:09:31.338947,2026-06-29T19:09:32.139812+00:00,115.7,200,ask,,,13150148
2026-06-30T05:09:31.632252,2026-06-29T19:09:32.424617+00:00,115.7,425,bid,,,13150157
2026-06-30T05:09:31.855577,2026-06-29T19:09:32.656234+00:00,115.9,1,bid,,,13150163
2026-06-30T05:09:32.646400,2026-06-29T19:09:33.437423+00:00,115.8,200,ask,,,13150175
2026-06-30T05:09:34.094720,2026-06-29T19:09:34.894443+00:00,115.8,200,ask,,,13150209
2026-06-30T05:09:34.481980,2026-06-29T19:09:35.277316+00:00,115.8,20,ask,,,13150213
2026-06-30T05:09:35.228045,2026-06-29T19:09:36.029198+00:00,115.8,1,ask,,,13150226
2026-06-30T05:09:35.636707,2026-06-29T19:09:36.433102+00:00,115.7,1,ask,,,13150239
2026-06-30T05:09:48.592631,2026-06-29T19:09:49.388805+00:00,115.9,200,bid,,,13150447
2026-06-30T05:09:48.592631,2026-06-29T19:09:49.388805+00:00,115.9,300,bid,,,13150448
2026-06-30T05:09:51.369515,2026-06-29T19:09:52.160220+00:00,115.8,20,ask,,,13150486
2026-06-30T05:09:53.498255,2026-06-29T19:09:54.295920+00:00,115.8,200,ask,,,13150526
2026-06-30T05:09:54.704249,2026-06-29T19:09:55.498585+00:00,115.8,200,bid,,,13150553
2026-06-30T05:09:54.910092,2026-06-29T19:09:55.707435+00:00,116.0,1,bid,,,13150561
2026-06-30T05:09:54.910092,2026-06-29T19:09:55.707435+00:00,116.1,200,bid,,,13150562
2026-06-30T05:09:55.911312,2026-06-29T19:09:56.702147+00:00,116.1,200,ask,,,13150580
2026-06-30T05:10:02.676156,2026-06-29T19:10:03.469632+00:00,116.2,20,ask,,,13150720
2026-06-30T05:10:02.781291,2026-06-29T19:10:03.578332+00:00,116.2,180,ask,,,13150721
2026-06-30T05:10:06.103962,2026-06-29T19:10:06.898131+00:00,116.1,1,ask,,,13150786
2026-06-30T05:10:06.828399,2026-06-29T19:10:07.619096+00:00,116.1,200,ask,,,13150807
2026-06-30T05:10:06.961277,2026-06-29T19:10:07.762221+00:00,116.2,1,bid,,,13150813
2026-06-30T05:10:09.336251,2026-06-29T19:10:10.128537+00:00,116.1,200,bid,,,13150860
2026-06-30T05:10:10.452085,2026-06-29T19:10:11.250881+00:00,116.2,200,bid,,,13150870
2026-06-30T05:10:11.660235,2026-06-29T19:10:12.452217+00:00,116.0,200,bid,,,13150886
2026-06-30T05:10:15.885695,2026-06-29T19:10:16.682640+00:00,115.9,1,ask,,,13150984
2026-06-30T05:10:16.007518,2026-06-29T19:10:16.803150+00:00,115.8,20,ask,,,13150987
2026-06-30T05:10:20.785971,2026-06-29T19:10:21.576953+00:00,116.1,20,bid,,,13151077
2026-06-30T05:10:21.895625,2026-06-29T19:10:22.687988+00:00,116.0,500,ask,,,13151099
2026-06-30T05:10:28.602070,2026-06-29T19:10:29.394046+00:00,116.1,200,bid,,,13151256
2026-06-30T05:10:29.032563,2026-06-29T19:10:29.828307+00:00,116.1,500,bid,,,13151259
2026-06-30T05:10:29.185795,2026-06-29T19:10:29.981796+00:00,116.1,125,ask,,,13151261
2026-06-30T05:10:30.344000,2026-06-29T19:10:31.135170+00:00,116.0,200,ask,,,13151289
2026-06-30T05:10:31.024044,2026-06-29T19:10:31.820807+00:00,115.9,2,ask,,,13151301
2026-06-30T05:10:31.652802,2026-06-29T19:10:32.445607+00:00,115.9,198,bid,,,13151312
2026-06-30T05:10:33.458936,2026-06-29T19:10:34.257447+00:00,115.9,200,bid,,,13151349
2026-06-30T05:10:36.897644,2026-06-29T19:10:37.694328+00:00,115.8,1,ask,,,13151419
2026-06-30T05:10:37.601736,2026-06-29T19:10:38.399644+00:00,115.8,20,bid,,,13151432
2026-06-30T05:10:40.752258,2026-06-29T19:10:41.547724+00:00,115.9,200,bid,,,13151487
2026-06-30T05:10:41.963913,2026-06-29T19:10:42.759702+00:00,116.0,200,bid,,,13151506
2026-06-30T05:10:43.462291,2026-06-29T19:10:44.257523+00:00,115.9,200,ask,,,13151532
2026-06-30T05:10:44.379022,2026-06-29T19:10:45.170994+00:00,115.9,200,bid,,,13151549
2026-06-30T05:10:44.773830,2026-06-29T19:10:45.568639+00:00,116.0,500,bid,,,13151559
2026-06-30T05:10:44.912186,2026-06-29T19:10:45.708012+00:00,116.0,125,ask,,,13151565
2026-06-30T05:10:45.591620,2026-06-29T19:10:46.384965+00:00,115.9,200,bid,,,13151574
2026-06-30T05:10:47.392968,2026-06-29T19:10:48.194232+00:00,115.8,200,bid,,,13151610
2026-06-30T05:10:50.440057,2026-06-29T19:10:51.234363+00:00,115.7,1,ask,,,13151658
2026-06-30T05:10:50.440057,2026-06-29T19:10:51.234363+00:00,115.7,199,ask,,,13151659
2026-06-30T05:10:52.638227,2026-06-29T19:10:53.436414+00:00,115.6,8,ask,,,13151709
2026-06-30T05:10:54.079216,2026-06-29T19:10:54.883291+00:00,115.5,8,ask,,,13151747
2026-06-30T05:10:54.079216,2026-06-29T19:10:54.883291+00:00,115.5,192,ask,,,13151748
2026-06-30T05:10:55.258276,2026-06-29T19:10:56.063047+00:00,115.3,200,ask,,,13151775
2026-06-30T05:10:57.701447,2026-06-29T19:10:58.498007+00:00,115.2,200,ask,,,13151812
2026-06-30T05:11:00.119871,2026-06-29T19:11:00.911108+00:00,115.2,200,ask,,,13151858
2026-06-30T05:11:01.801502,2026-06-29T19:11:02.597029+00:00,115.2,200,bid,,,13151888
2026-06-30T05:11:03.123489,2026-06-29T19:11:03.921865+00:00,115.3,1,ask,,,13151916
2026-06-30T05:11:03.123489,2026-06-29T19:11:03.921865+00:00,115.3,200,ask,,,13151917
2026-06-30T05:11:04.433288,2026-06-29T19:11:05.228303+00:00,115.3,200,bid,,,13151939
2026-06-30T05:11:04.433288,2026-06-29T19:11:05.228303+00:00,115.3,425,bid,,,13151940
2026-06-30T05:11:05.746732,2026-06-29T19:11:06.545210+00:00,115.2,200,ask,,,13151964
2026-06-30T05:11:07.059973,2026-06-29T19:11:07.851731+00:00,115.1,1,ask,,,13151992
2026-06-30T05:11:07.256457,2026-06-29T19:11:08.048803+00:00,115.1,20,bid,,,13151997
2026-06-30T05:11:12.473127,2026-06-29T19:11:13.269119+00:00,115.1,20,bid,,,13152103
2026-06-30T05:11:13.965157,2026-06-29T19:11:14.766185+00:00,115.1,20,bid,,,13152123
2026-06-30T05:11:17.012156,2026-06-29T19:11:17.806256+00:00,115.0,20,ask,,,13152152
2026-06-30T05:11:17.071296,2026-06-29T19:11:17.870725+00:00,115.2,200,bid,,,13152154
2026-06-30T05:11:19.493297,2026-06-29T19:11:20.288863+00:00,115.2,200,ask,,,13152193
2026-06-30T05:11:20.059543,2026-06-29T19:11:20.860318+00:00,115.2,20,ask,,,13152196
2026-06-30T05:11:21.921751,2026-06-29T19:11:22.724012+00:00,115.3,3,bid,,,13152227
2026-06-30T05:11:21.921751,2026-06-29T19:11:22.724012+00:00,115.3,197,bid,,,13152228
2026-06-30T05:11:22.048784,2026-06-29T19:11:22.844272+00:00,115.3,20,bid,,,13152233
2026-06-30T05:11:23.129978,2026-06-29T19:11:23.922177+00:00,115.3,3,bid,,,13152242
2026-06-30T05:11:29.384840,2026-06-29T19:11:30.178130+00:00,115.4,1,bid,,,13152348
2026-06-30T05:11:29.739509,2026-06-29T19:11:30.540457+00:00,115.4,500,ask,,,13152354
2026-06-30T05:11:30.336181,2026-06-29T19:11:31.130389+00:00,115.4,124,ask,,,13152369
2026-06-30T05:11:30.336181,2026-06-29T19:11:31.130389+00:00,115.3,200,ask,,,13152370
2026-06-30T05:11:30.386308,2026-06-29T19:11:31.185558+00:00,115.3,176,bid,,,13152376
2026-06-30T05:11:30.939390,2026-06-29T19:11:31.742562+00:00,115.3,24,ask,,,13152389
2026-06-30T05:11:32.151910,2026-06-29T19:11:32.948221+00:00,115.2,10,ask,,,13152422
2026-06-30T05:11:32.151910,2026-06-29T19:11:32.948221+00:00,115.2,200,ask,,,13152423
2026-06-30T05:11:32.151910,2026-06-29T19:11:32.948221+00:00,115.2,290,ask,,,13152424
2026-06-30T05:11:32.747942,2026-06-29T19:11:33.547599+00:00,115.2,335,ask,,,13152439
2026-06-30T05:11:32.798423,2026-06-29T19:11:33.590739+00:00,115.2,165,bid,,,13152441
2026-06-30T05:11:33.314122,2026-06-29T19:11:34.108329+00:00,115.2,35,ask,,,13152454
2026-06-30T05:11:34.008899,2026-06-29T19:11:34.808368+00:00,115.0,200,bid,,,13152470
2026-06-30T05:11:35.216320,2026-06-29T19:11:36.016848+00:00,115.2,200,bid,,,13152497
2026-06-30T05:11:38.148845,2026-06-29T19:11:38.947584+00:00,115.2,20,bid,,,13152548
2026-06-30T05:11:40.622186,2026-06-29T19:11:41.414919+00:00,115.1,500,ask,,,13152588
2026-06-30T05:11:41.170856,2026-06-29T19:11:41.973058+00:00,115.1,200,ask,,,13152601
2026-06-30T05:11:41.254255,2026-06-29T19:11:42.049381+00:00,114.8,200,bid,,,13152604
2026-06-30T05:11:42.485032,2026-06-29T19:11:43.285109+00:00,114.8,200,bid,,,13152631
2026-06-30T05:11:43.711441,2026-06-29T19:11:44.511055+00:00,115.0,200,ask,,,13152658
2026-06-30T05:11:43.821164,2026-06-29T19:11:44.619704+00:00,115.0,1,ask,,,13152664
2026-06-30T05:11:46.237096,2026-06-29T19:11:47.030482+00:00,114.8,25,bid,,,13152712
2026-06-30T05:11:46.304797,2026-06-29T19:11:47.096854+00:00,114.8,25,bid,,,13152714
2026-06-30T05:11:47.752843,2026-06-29T19:11:48.548608+00:00,114.7,200,bid,,,13152740
2026-06-30T05:11:47.921012,2026-06-29T19:11:48.723114+00:00,114.9,5,ask,,,13152743
2026-06-30T05:11:48.245795,2026-06-29T19:11:49.038613+00:00,114.9,5,ask,,,13152747
2026-06-30T05:11:48.270349,2026-06-29T19:11:49.071820+00:00,114.7,2,ask,,,13152749
2026-06-30T05:11:48.475397,2026-06-29T19:11:49.267744+00:00,114.7,2,ask,,,13152752
2026-06-30T05:11:48.558130,2026-06-29T19:11:49.355143+00:00,114.7,200,ask,,,13152758
2026-06-30T05:11:48.680461,2026-06-29T19:11:49.475170+00:00,114.7,2,ask,,,13152761
2026-06-30T05:11:48.886162,2026-06-29T19:11:49.682657+00:00,114.7,2,ask,,,13152767
2026-06-30T05:11:49.091004,2026-06-29T19:11:49.890898+00:00,114.7,2,ask,,,13152768
2026-06-30T05:11:49.148712,2026-06-29T19:11:49.945898+00:00,114.8,3,ask,,,13152772
2026-06-30T05:11:49.295478,2026-06-29T19:11:50.089045+00:00,114.8,2,ask,,,13152778
2026-06-30T05:11:49.500841,2026-06-29T19:11:50.298290+00:00,114.7,2,ask,,,13152781
2026-06-30T05:11:49.732888,2026-06-29T19:11:50.529359+00:00,114.8,2,ask,,,13152786
2026-06-30T05:11:49.937587,2026-06-29T19:11:50.738332+00:00,114.7,2,ask,,,13152792
2026-06-30T05:11:50.142859,2026-06-29T19:11:50.935639+00:00,114.7,2,ask,,,13152798
2026-06-30T05:11:52.994599,2026-06-29T19:11:53.796959+00:00,114.9,200,bid,,,13152849
2026-06-30T05:11:53.003886,2026-06-29T19:11:53.796959+00:00,115.1,10,bid,,,13152850
2026-06-30T05:11:53.003886,2026-06-29T19:11:53.796959+00:00,115.1,10,bid,,,13152851
2026-06-30T05:11:53.332896,2026-06-29T19:11:54.125052+00:00,115.0,425,ask,,,13152860
2026-06-30T05:11:54.306161,2026-06-29T19:11:55.107151+00:00,114.8,200,ask,,,13152874
2026-06-30T05:11:54.306161,2026-06-29T19:11:55.107151+00:00,114.8,8,ask,,,13152875
2026-06-30T05:11:54.358872,2026-06-29T19:11:55.151151+00:00,114.8,25,bid,,,13152878
2026-06-30T05:11:54.373333,2026-06-29T19:11:55.173151+00:00,114.8,25,bid,,,13152880
2026-06-30T05:11:54.573478,2026-06-29T19:11:55.371253+00:00,114.8,25,bid,,,13152884
2026-06-30T05:11:54.577188,2026-06-29T19:11:55.371253+00:00,114.6,2,ask,,,13152885
2026-06-30T05:11:54.607968,2026-06-29T19:11:55.404253+00:00,114.8,200,bid,,,13152887
2026-06-30T05:11:54.781792,2026-06-29T19:11:55.580304+00:00,114.7,2,ask,,,13152888
2026-06-30T05:11:54.987228,2026-06-29T19:11:55.788721+00:00,114.7,2,ask,,,13152893
2026-06-30T05:11:55.192746,2026-06-29T19:11:55.987534+00:00,114.7,2,ask,,,13152897
2026-06-30T05:11:55.397919,2026-06-29T19:11:56.195433+00:00,114.7,2,ask,,,13152901
2026-06-30T05:11:55.603496,2026-06-29T19:11:56.401022+00:00,114.7,1,ask,,,13152906
2026-06-30T05:11:55.603496,2026-06-29T19:11:56.401022+00:00,114.6,1,ask,,,13152907
2026-06-30T05:11:55.809435,2026-06-29T19:11:56.608538+00:00,114.8,2,ask,,,13152914
2026-06-30T05:11:56.014192,2026-06-29T19:11:56.806374+00:00,114.8,2,ask,,,13152915
2026-06-30T05:11:56.220574,2026-06-29T19:11:57.015234+00:00,114.8,2,ask,,,13152920
2026-06-30T05:11:56.427207,2026-06-29T19:11:57.222995+00:00,114.8,1,ask,,,13152925
2026-06-30T05:11:59.118121,2026-06-29T19:11:59.918302+00:00,114.9,20,bid,,,13152967
2026-06-30T05:11:59.412503,2026-06-29T19:12:00.214325+00:00,114.9,20,bid,,,13152969
2026-06-30T05:12:02.175143,2026-06-29T19:12:02.969506+00:00,114.8,200,ask,,,13153031
2026-06-30T05:12:02.619266,2026-06-29T19:12:03.417629+00:00,114.8,20,bid,,,13153040
2026-06-30T05:12:07.439965,2026-06-29T19:12:08.238544+00:00,114.7,2,ask,,,13153142
2026-06-30T05:12:07.439965,2026-06-29T19:12:08.238544+00:00,114.7,200,ask,,,13153143
2026-06-30T05:12:09.159039,2026-06-29T19:12:09.952960+00:00,114.7,200,ask,,,13153171
2026-06-30T05:12:12.678398,2026-06-29T19:12:13.475178+00:00,114.8,200,bid,,,13153232
2026-06-30T05:12:17.416273,2026-06-29T19:12:18.209038+00:00,114.8,20,bid,,,13153317
2026-06-30T05:12:17.635740,2026-06-29T19:12:18.427970+00:00,114.8,200,bid,,,13153320
2026-06-30T05:12:18.222026,2026-06-29T19:12:19.017804+00:00,114.8,25,ask,,,13153335
2026-06-30T05:12:18.272416,2026-06-29T19:12:19.072035+00:00,114.8,25,ask,,,13153338
2026-06-30T05:12:18.482451,2026-06-29T19:12:19.279035+00:00,114.8,6,ask,,,13153340
2026-06-30T05:12:18.846692,2026-06-29T19:12:19.642263+00:00,114.9,1,bid,,,13153351
2026-06-30T05:12:20.034784,2026-06-29T19:12:20.828826+00:00,114.9,20,ask,,,13153373
2026-06-30T05:12:20.564894,2026-06-29T19:12:21.362386+00:00,114.9,200,ask,,,13153385
2026-06-30T05:12:23.194184,2026-06-29T19:12:23.992871+00:00,114.8,200,ask,,,13153439
2026-06-30T05:12:23.677938,2026-06-29T19:12:24.474420+00:00,114.8,200,bid,,,13153454
2026-06-30T05:12:24.848069,2026-06-29T19:12:25.648353+00:00,114.8,3,ask,,,13153481
2026-06-30T05:12:27.303389,2026-06-29T19:12:28.105387+00:00,114.8,200,ask,,,13153531
2026-06-30T05:12:27.667609,2026-06-29T19:12:28.464411+00:00,115.0,3,bid,,,13153541
2026-06-30T05:12:27.667609,2026-06-29T19:12:28.464411+00:00,115.0,22,bid,,,13153542
2026-06-30T05:12:27.775420,2026-06-29T19:12:28.573091+00:00,115.0,25,bid,,,13153544
2026-06-30T05:12:31.112389,2026-06-29T19:12:31.910963+00:00,114.7,20,ask,,,13153613
2026-06-30T05:12:32.164468,2026-06-29T19:12:32.968886+00:00,114.7,200,ask,,,13153632
2026-06-30T05:12:33.997021,2026-06-29T19:12:34.792354+00:00,114.8,25,bid,,,13153662
2026-06-30T05:12:34.096102,2026-06-29T19:12:34.891430+00:00,114.8,23,bid,,,13153667
2026-06-30T05:12:38.926458,2026-06-29T19:12:39.723236+00:00,114.6,5,ask,,,13153770
2026-06-30T05:12:38.926458,2026-06-29T19:12:39.723236+00:00,114.6,200,ask,,,13153771
2026-06-30T05:12:39.508814,2026-06-29T19:12:40.305484+00:00,114.6,20,bid,,,13153781
2026-06-30T05:12:40.216718,2026-06-29T19:12:41.019270+00:00,114.6,25,bid,,,13153801
2026-06-30T05:12:40.315293,2026-06-29T19:12:41.107748+00:00,114.6,25,bid,,,13153805
2026-06-30T05:12:40.425326,2026-06-29T19:12:41.227903+00:00,114.6,25,bid,,,13153808
2026-06-30T05:12:40.524199,2026-06-29T19:12:41.326411+00:00,114.6,25,bid,,,13153810
2026-06-30T05:12:40.572538,2026-06-29T19:12:41.368659+00:00,114.6,125,bid,,,13153811
2026-06-30T05:12:41.547272,2026-06-29T19:12:42.339954+00:00,114.7,200,bid,,,13153819
2026-06-30T05:12:44.171110,2026-06-29T19:12:44.972484+00:00,114.7,500,ask,,,13153858
2026-06-30T05:12:44.212489,2026-06-29T19:12:45.005608+00:00,114.7,125,bid,,,13153864
2026-06-30T05:12:44.212489,2026-06-29T19:12:45.016608+00:00,114.8,2,bid,,,13153865
2026-06-30T05:12:44.212489,2026-06-29T19:12:45.016608+00:00,114.8,200,bid,,,13153866
2026-06-30T05:12:47.945377,2026-06-29T19:12:48.744242+00:00,114.7,25,bid,,,13153928
2026-06-30T05:12:48.046919,2026-06-29T19:12:48.841914+00:00,114.7,25,bid,,,13153931
2026-06-30T05:12:48.153196,2026-06-29T19:12:48.951558+00:00,114.7,25,bid,,,13153936
2026-06-30T05:12:48.255585,2026-06-29T19:12:49.050144+00:00,114.7,25,bid,,,13153938
2026-06-30T05:12:48.363503,2026-06-29T19:12:49.157715+00:00,114.7,1,bid,,,13153941
2026-06-30T05:12:49.410923,2026-06-29T19:12:50.209915+00:00,114.6,200,ask,,,13153965
2026-06-30T05:12:49.410923,2026-06-29T19:12:50.209915+00:00,114.5,425,ask,,,13153966
2026-06-30T05:12:50.720830,2026-06-29T19:12:51.514705+00:00,114.6,200,bid,,,13153981
2026-06-30T05:12:54.313739,2026-06-29T19:12:55.107615+00:00,114.6,20,ask,,,13154031
2026-06-30T05:12:57.290279,2026-06-29T19:12:58.082722+00:00,114.8,2,bid,,,13154080
2026-06-30T05:12:59.910384,2026-06-29T19:13:00.707102+00:00,114.9,2,bid,,,13154126
2026-06-30T05:12:59.910384,2026-06-29T19:13:00.707102+00:00,115.0,200,bid,,,13154127
2026-06-30T05:12:59.989065,2026-06-29T19:13:00.784220+00:00,115.0,25,ask,,,13154133
2026-06-30T05:13:00.011879,2026-06-29T19:13:00.817338+00:00,115.0,200,ask,,,13154135
2026-06-30T05:13:00.081086,2026-06-29T19:13:00.883193+00:00,115.0,25,ask,,,13154136
2026-06-30T05:13:02.435273,2026-06-29T19:13:03.231989+00:00,115.0,200,bid,,,13154180
2026-06-30T05:13:02.535429,2026-06-29T19:13:03.329636+00:00,115.0,1,bid,,,13154182
2026-06-30T05:13:05.905909,2026-06-29T19:13:06.699362+00:00,115.1,25,ask,,,13154240
2026-06-30T05:13:05.994128,2026-06-29T19:13:06.787848+00:00,115.1,175,ask,,,13154244
2026-06-30T05:13:06.060863,2026-06-29T19:13:06.853331+00:00,115.1,200,bid,,,13154246
2026-06-30T05:13:06.119767,2026-06-29T19:13:06.918670+00:00,115.1,2,bid,,,13154247
2026-06-30T05:13:06.325776,2026-06-29T19:13:07.125875+00:00,115.1,2,bid,,,13154250
2026-06-30T05:13:06.737457,2026-06-29T19:13:07.529186+00:00,115.1,2,bid,,,13154266
2026-06-30T05:13:06.942953,2026-06-29T19:13:07.736368+00:00,115.1,2,bid,,,13154268
2026-06-30T05:13:07.148568,2026-06-29T19:13:07.943542+00:00,115.1,2,bid,,,13154275
2026-06-30T05:13:07.354266,2026-06-29T19:13:08.150646+00:00,115.1,2,bid,,,13154277
2026-06-30T05:13:07.559795,2026-06-29T19:13:08.359225+00:00,115.1,2,bid,,,13154283
2026-06-30T05:13:07.769162,2026-06-29T19:13:08.577798+00:00,115.1,2,bid,,,13154294
2026-06-30T05:13:07.973998,2026-06-29T19:13:08.774783+00:00,115.0,2,bid,,,13154301
2026-06-30T05:13:10.894777,2026-06-29T19:13:11.687341+00:00,114.8,200,ask,,,13154346
2026-06-30T05:13:14.513855,2026-06-29T19:13:15.314611+00:00,114.9,200,bid,,,13154426
2026-06-30T05:13:16.258225,2026-06-29T19:13:17.053833+00:00,114.7,20,ask,,,13154462
2026-06-30T05:13:16.947171,2026-06-29T19:13:17.740814+00:00,114.9,200,bid,,,13154475
2026-06-30T05:13:18.154857,2026-06-29T19:13:18.952134+00:00,114.8,200,bid,,,13154497
2026-06-30T05:13:18.201783,2026-06-29T19:13:19.007382+00:00,114.8,25,bid,,,13154499
2026-06-30T05:13:18.238629,2026-06-29T19:13:19.039623+00:00,114.8,25,bid,,,13154501
2026-06-30T05:13:18.259302,2026-06-29T19:13:19.061721+00:00,114.8,250,bid,,,13154504
2026-06-30T05:13:18.730536,2026-06-29T19:13:19.529377+00:00,114.9,375,ask,,,13154513
2026-06-30T05:13:18.813572,2026-06-29T19:13:19.605943+00:00,114.8,25,bid,,,13154516
2026-06-30T05:13:18.849980,2026-06-29T19:13:19.648777+00:00,114.8,25,bid,,,13154518
2026-06-30T05:13:19.033093,2026-06-29T19:13:19.824347+00:00,114.8,25,bid,,,13154522
2026-06-30T05:13:19.243396,2026-06-29T19:13:20.044190+00:00,114.8,7,bid,,,13154529
2026-06-30T05:13:19.435421,2026-06-29T19:13:20.231439+00:00,114.7,7,ask,,,13154539
2026-06-30T05:13:19.566987,2026-06-29T19:13:20.362582+00:00,114.6,200,ask,,,13154543
2026-06-30T05:13:20.576325,2026-06-29T19:13:21.373003+00:00,114.6,200,bid,,,13154556
2026-06-30T05:13:21.789645,2026-06-29T19:13:22.585471+00:00,114.6,200,ask,,,13154586
2026-06-30T05:13:21.919848,2026-06-29T19:13:22.716157+00:00,114.8,20,bid,,,13154588
2026-06-30T05:13:23.000376,2026-06-29T19:13:23.805708+00:00,114.5,200,ask,,,13154610
2026-06-30T05:13:27.845308,2026-06-29T19:13:28.641940+00:00,114.5,2,ask,,,13154703
2026-06-30T05:13:27.875192,2026-06-29T19:13:28.675070+00:00,114.5,3,bid,,,13154705
2026-06-30T05:13:28.084142,2026-06-29T19:13:28.880652+00:00,114.5,3,bid,,,13154707
2026-06-30T05:13:28.292998,2026-06-29T19:13:29.088078+00:00,114.5,3,bid,,,13154712
2026-06-30T05:13:29.055924,2026-06-29T19:13:29.853549+00:00,114.4,6,ask,,,13154730
2026-06-30T05:13:29.055924,2026-06-29T19:13:29.853549+00:00,114.4,194,ask,,,13154731
2026-06-30T05:13:30.068004,2026-06-29T19:13:30.865188+00:00,114.5,5,ask,,,13154752
2026-06-30T05:13:30.263258,2026-06-29T19:13:31.060111+00:00,114.3,200,bid,,,13154757
2026-06-30T05:13:31.069386,2026-06-29T19:13:31.867362+00:00,114.2,25,ask,,,13154778
2026-06-30T05:13:31.102383,2026-06-29T19:13:31.899924+00:00,114.2,25,ask,,,13154782
2026-06-30T05:13:32.701546,2026-06-29T19:13:33.494915+00:00,114.6,200,ask,,,13154818
2026-06-30T05:13:33.907828,2026-06-29T19:13:34.706294+00:00,114.6,200,bid,,,13154842
2026-06-30T05:13:34.009118,2026-06-29T19:13:34.804150+00:00,114.7,8,bid,,,13154845
2026-06-30T05:13:36.629842,2026-06-29T19:13:37.431721+00:00,114.8,3,bid,,,13154900
2026-06-30T05:13:36.629842,2026-06-29T19:13:37.431721+00:00,114.8,200,bid,,,13154901
2026-06-30T05:13:37.552691,2026-06-29T19:13:38.347954+00:00,114.9,200,ask,,,13154914
2026-06-30T05:13:40.495891,2026-06-29T19:13:41.292830+00:00,114.8,25,ask,,,13154977
2026-06-30T05:13:40.544986,2026-06-29T19:13:41.347663+00:00,114.8,25,ask,,,13154981
2026-06-30T05:13:40.709451,2026-06-29T19:13:41.511414+00:00,114.8,25,ask,,,13154991
2026-06-30T05:13:40.777448,2026-06-29T19:13:41.577719+00:00,114.8,25,ask,,,13154995
2026-06-30T05:13:40.922217,2026-06-29T19:13:41.718396+00:00,114.8,25,ask,,,13154998
2026-06-30T05:13:40.986447,2026-06-29T19:13:41.784620+00:00,114.8,25,ask,,,13155000
2026-06-30T05:13:41.334586,2026-06-29T19:13:42.134298+00:00,114.8,25,ask,,,13155012
2026-06-30T05:13:41.397515,2026-06-29T19:13:42.198674+00:00,114.8,25,ask,,,13155015
2026-06-30T05:13:41.544270,2026-06-29T19:13:42.340233+00:00,114.8,25,ask,,,13155020
2026-06-30T05:13:41.605924,2026-06-29T19:13:42.406562+00:00,114.8,25,ask,,,13155022
2026-06-30T05:13:44.237243,2026-06-29T19:13:45.037768+00:00,114.9,20,bid,,,13155062
2026-06-30T05:13:44.807778,2026-06-29T19:13:45.609497+00:00,114.9,4,bid,,,13155079
2026-06-30T05:13:44.807778,2026-06-29T19:13:45.609497+00:00,114.9,196,bid,,,13155080
2026-06-30T05:13:46.594398,2026-06-29T19:13:47.400269+00:00,115.0,200,ask,,,13155108
2026-06-30T05:13:46.723998,2026-06-29T19:13:47.521442+00:00,114.9,20,ask,,,13155109
2026-06-30T05:13:46.770637,2026-06-29T19:13:47.576784+00:00,114.9,25,ask,,,13155111
2026-06-30T05:13:46.824182,2026-06-29T19:13:47.620090+00:00,114.9,25,ask,,,13155113
2026-06-30T05:13:46.978695,2026-06-29T19:13:47.773062+00:00,114.9,25,ask,,,13155117
2026-06-30T05:13:47.139472,2026-06-29T19:13:47.937137+00:00,115.0,300,bid,,,13155125
2026-06-30T05:13:49.892943,2026-06-29T19:13:50.690894+00:00,115.0,20,ask,,,13155177
2026-06-30T05:13:50.901179,2026-06-29T19:13:51.706067+00:00,115.1,1,bid,,,13155192
2026-06-30T05:13:50.901179,2026-06-29T19:13:51.706067+00:00,115.1,199,bid,,,13155193
2026-06-30T05:13:51.859377,2026-06-29T19:13:52.665913+00:00,115.1,2,bid,,,13155206
2026-06-30T05:13:51.859377,2026-06-29T19:13:52.665913+00:00,115.1,18,bid,,,13155207
2026-06-30T05:13:52.660277,2026-06-29T19:13:53.452928+00:00,115.0,200,ask,,,13155225
2026-06-30T05:13:52.660277,2026-06-29T19:13:53.463993+00:00,115.0,300,ask,,,13155226
2026-06-30T05:13:53.250320,2026-06-29T19:13:54.044125+00:00,115.0,325,ask,,,13155234
2026-06-30T05:13:53.319748,2026-06-29T19:13:54.120515+00:00,115.0,175,bid,,,13155237
2026-06-30T05:13:53.696008,2026-06-29T19:13:54.492015+00:00,115.0,25,ask,,,13155250
2026-06-30T05:13:56.329554,2026-06-29T19:13:57.121075+00:00,114.7,200,ask,,,13155301
2026-06-30T05:13:56.947261,2026-06-29T19:13:57.745150+00:00,114.6,6,ask,,,13155314
2026-06-30T05:14:00.265666,2026-06-29T19:14:01.070065+00:00,114.5,2,ask,,,13155363
2026-06-30T05:14:00.265666,2026-06-29T19:14:01.070065+00:00,114.5,200,ask,,,13155364
2026-06-30T05:14:00.749458,2026-06-29T19:14:01.550981+00:00,114.4,20,ask,,,13155371
2026-06-30T05:14:01.782529,2026-06-29T19:14:02.577397+00:00,114.6,200,bid,,,13155395
2026-06-30T05:14:04.207086,2026-06-29T19:14:05.001759+00:00,114.6,200,ask,,,13155443
2026-06-30T05:14:05.419956,2026-06-29T19:14:06.220032+00:00,114.6,200,bid,,,13155469
2026-06-30T05:14:07.846661,2026-06-29T19:14:08.641844+00:00,114.8,200,bid,,,13155517
2026-06-30T05:14:08.128965,2026-06-29T19:14:08.937887+00:00,114.9,3,bid,,,13155526
2026-06-30T05:14:09.059538,2026-06-29T19:14:09.853111+00:00,114.9,200,ask,,,13155536
2026-06-30T05:14:12.692845,2026-06-29T19:14:13.486987+00:00,114.9,200,bid,,,13155598
2026-06-30T05:14:13.906687,2026-06-29T19:14:14.707912+00:00,115.0,1,bid,,,13155629
2026-06-30T05:14:13.906687,2026-06-29T19:14:14.707912+00:00,115.0,199,bid,,,13155630
2026-06-30T05:14:16.007409,2026-06-29T19:14:16.800253+00:00,115.0,200,ask,,,13155679
2026-06-30T05:14:16.323781,2026-06-29T19:14:17.117536+00:00,115.0,200,bid,,,13155687
2026-06-30T05:14:17.532528,2026-06-29T19:14:18.329759+00:00,115.1,1,bid,,,13155710
2026-06-30T05:14:22.025058,2026-06-29T19:14:22.824145+00:00,115.0,20,ask,,,13155797
2026-06-30T05:14:22.589504,2026-06-29T19:14:23.402406+00:00,115.1,200,bid,,,13155808
2026-06-30T05:14:22.942267,2026-06-29T19:14:23.741819+00:00,115.1,20,ask,,,13155817
2026-06-30T05:14:23.631799,2026-06-29T19:14:24.428028+00:00,115.1,200,ask,,,13155836
2026-06-30T05:14:26.056301,2026-06-29T19:14:26.848552+00:00,115.0,200,bid,,,13155873
2026-06-30T05:14:26.454651,2026-06-29T19:14:27.252988+00:00,114.8,20,ask,,,13155878
2026-06-30T05:14:27.867888,2026-06-29T19:14:28.671665+00:00,115.0,25,bid,,,13155905
2026-06-30T05:14:27.911502,2026-06-29T19:14:28.704821+00:00,115.0,25,bid,,,13155907
2026-06-30T05:14:28.077640,2026-06-29T19:14:28.878853+00:00,115.0,25,bid,,,13155912
2026-06-30T05:14:28.121503,2026-06-29T19:14:28.923093+00:00,115.0,25,bid,,,13155914
2026-06-30T05:14:28.288212,2026-06-29T19:14:29.087487+00:00,115.0,25,bid,,,13155917
2026-06-30T05:14:29.167540,2026-06-29T19:14:29.970838+00:00,114.9,200,ask,,,13155951
2026-06-30T05:14:29.319411,2026-06-29T19:14:30.113975+00:00,114.8,25,bid,,,13155953
2026-06-30T05:14:29.331852,2026-06-29T19:14:30.124975+00:00,114.8,25,bid,,,13155956
2026-06-30T05:14:29.532323,2026-06-29T19:14:30.334064+00:00,114.8,25,bid,,,13155958
2026-06-30T05:14:29.536220,2026-06-29T19:14:30.334064+00:00,114.7,2,ask,,,13155959
2026-06-30T05:14:29.582168,2026-06-29T19:14:30.378133+00:00,114.8,350,bid,,,13155962
2026-06-30T05:14:29.740533,2026-06-29T19:14:30.543220+00:00,114.9,2,ask,,,13155967
2026-06-30T05:14:29.946733,2026-06-29T19:14:30.741305+00:00,114.9,2,ask,,,13155974
2026-06-30T05:14:30.162209,2026-06-29T19:14:30.960706+00:00,114.9,2,ask,,,13155983
2026-06-30T05:14:30.369642,2026-06-29T19:14:31.167482+00:00,114.9,2,ask,,,13155985
2026-06-30T05:14:30.574568,2026-06-29T19:14:31.376623+00:00,114.9,2,ask,,,13155992
2026-06-30T05:14:30.812413,2026-06-29T19:14:31.604301+00:00,114.9,2,ask,,,13155994
2026-06-30T05:14:31.020519,2026-06-29T19:14:31.821069+00:00,114.9,2,ask,,,13155995
2026-06-30T05:14:31.227414,2026-06-29T19:14:32.019031+00:00,114.9,2,ask,,,13155999
2026-06-30T05:14:31.432989,2026-06-29T19:14:32.227638+00:00,114.9,2,ask,,,13156004
2026-06-30T05:14:31.639875,2026-06-29T19:14:32.435900+00:00,114.9,2,ask,,,13156006
2026-06-30T05:14:33.094070,2026-06-29T19:14:33.896715+00:00,115.0,200,bid,,,13156035
2026-06-30T05:14:34.287130,2026-06-29T19:14:35.087642+00:00,115.2,1,bid,,,13156062
2026-06-30T05:14:34.287130,2026-06-29T19:14:35.087642+00:00,115.2,24,bid,,,13156063
2026-06-30T05:14:34.350064,2026-06-29T19:14:35.142779+00:00,115.2,19,bid,,,13156066
2026-06-30T05:14:34.407745,2026-06-29T19:14:35.208778+00:00,115.1,200,ask,,,13156072
2026-06-30T05:14:35.100114,2026-06-29T19:14:35.902254+00:00,115.1,25,bid,,,13156080
2026-06-30T05:14:35.165264,2026-06-29T19:14:35.957491+00:00,115.1,25,bid,,,13156083
2026-06-30T05:14:35.308621,2026-06-29T19:14:36.111279+00:00,115.1,25,bid,,,13156090
2026-06-30T05:14:35.374281,2026-06-29T19:14:36.166572+00:00,115.1,19,bid,,,13156094
2026-06-30T05:14:35.544727,2026-06-29T19:14:36.339355+00:00,114.9,20,ask,,,13156098
2026-06-30T05:14:35.719368,2026-06-29T19:14:36.515641+00:00,115.1,200,bid,,,13156107
2026-06-30T05:14:35.719368,2026-06-29T19:14:36.515641+00:00,115.1,3,bid,,,13156108
2026-06-30T05:14:35.740485,2026-06-29T19:14:36.537741+00:00,115.2,200,ask,,,13156111
2026-06-30T05:14:37.035855,2026-06-29T19:14:37.835619+00:00,115.1,200,ask,,,13156135
2026-06-30T05:14:38.154491,2026-06-29T19:14:38.947967+00:00,115.0,200,bid,,,13156150
2026-06-30T05:14:39.658042,2026-06-29T19:14:40.460157+00:00,115.0,200,ask,,,13156183
2026-06-30T05:14:40.522578,2026-06-29T19:14:41.315939+00:00,114.9,9,ask,,,13156197
2026-06-30T05:14:40.535497,2026-06-29T19:14:41.348183+00:00,114.8,2,ask,,,13156200
2026-06-30T05:14:40.587523,2026-06-29T19:14:41.380823+00:00,114.8,25,ask,,,13156203
2026-06-30T05:14:40.739926,2026-06-29T19:14:41.534493+00:00,114.8,25,ask,,,13156208
2026-06-30T05:14:40.748836,2026-06-29T19:14:41.545567+00:00,114.8,2,ask,,,13156210
2026-06-30T05:14:40.797467,2026-06-29T19:14:41.599899+00:00,114.8,17,ask,,,13156211
2026-06-30T05:14:40.953386,2026-06-29T19:14:41.753209+00:00,114.8,2,ask,,,13156217
2026-06-30T05:14:41.158077,2026-06-29T19:14:41.961035+00:00,114.8,2,ask,,,13156219
2026-06-30T05:14:41.214520,2026-06-29T19:14:42.016243+00:00,114.9,4,bid,,,13156221
2026-06-30T05:14:41.571213,2026-06-29T19:14:42.365337+00:00,114.8,2,ask,,,13156224
2026-06-30T05:14:41.776951,2026-06-29T19:14:42.571444+00:00,114.8,2,ask,,,13156229
2026-06-30T05:14:41.981840,2026-06-29T19:14:42.778031+00:00,114.8,2,ask,,,13156238
2026-06-30T05:14:42.278826,2026-06-29T19:14:43.074981+00:00,115.0,200,bid,,,13156245
2026-06-30T05:14:44.215255,2026-06-29T19:14:45.008171+00:00,114.9,200,ask,,,13156279
2026-06-30T05:14:47.526803,2026-06-29T19:14:48.329082+00:00,114.8,4,ask,,,13156332
2026-06-30T05:14:47.526803,2026-06-29T19:14:48.329082+00:00,114.8,200,ask,,,13156333
2026-06-30T05:14:47.738942,2026-06-29T19:14:48.537265+00:00,114.8,421,bid,,,13156341
2026-06-30T05:14:47.845031,2026-06-29T19:14:48.646274+00:00,114.8,79,ask,,,13156343
2026-06-30T05:14:48.333553,2026-06-29T19:14:49.135304+00:00,114.8,121,bid,,,13156348
2026-06-30T05:14:48.997301,2026-06-29T19:14:49.790025+00:00,115.1,25,ask,,,13156367
2026-06-30T05:14:49.033044,2026-06-29T19:14:49.834227+00:00,115.1,25,ask,,,13156369
2026-06-30T05:14:49.054473,2026-06-29T19:14:49.856356+00:00,115.1,200,ask,,,13156373
2026-06-30T05:14:49.206439,2026-06-29T19:14:50.008795+00:00,115.1,25,ask,,,13156378
2026-06-30T05:14:49.244849,2026-06-29T19:14:50.041797+00:00,115.1,25,ask,,,13156380
2026-06-30T05:14:49.416517,2026-06-29T19:14:50.216941+00:00,115.1,25,ask,,,13156386
2026-06-30T05:14:49.457247,2026-06-29T19:14:50.249941+00:00,115.1,24,ask,,,13156389
2026-06-30T05:14:50.031365,2026-06-29T19:14:50.833604+00:00,115.2,3,bid,,,13156416
2026-06-30T05:14:50.035534,2026-06-29T19:14:50.833604+00:00,115.3,2,bid,,,13156417
2026-06-30T05:14:50.244092,2026-06-29T19:14:51.041795+00:00,115.0,25,bid,,,13156423
2026-06-30T05:14:50.247959,2026-06-29T19:14:51.041795+00:00,115.0,2,bid,,,13156424
2026-06-30T05:14:50.271207,2026-06-29T19:14:51.063908+00:00,114.9,25,bid,,,13156427
2026-06-30T05:14:50.456819,2026-06-29T19:14:51.258960+00:00,114.9,25,bid,,,13156432
2026-06-30T05:14:50.460780,2026-06-29T19:14:51.258960+00:00,114.9,2,bid,,,13156433
2026-06-30T05:14:50.479896,2026-06-29T19:14:51.281071+00:00,114.9,25,bid,,,13156435
2026-06-30T05:14:50.668891,2026-06-29T19:14:51.467564+00:00,114.9,25,bid,,,13156442
2026-06-30T05:14:50.674947,2026-06-29T19:14:51.467564+00:00,114.9,2,bid,,,13156443
2026-06-30T05:14:50.879406,2026-06-29T19:14:51.677988+00:00,114.9,2,bid,,,13156447
2026-06-30T05:14:51.084707,2026-06-29T19:14:51.885596+00:00,114.9,2,bid,,,13156450
2026-06-30T05:14:51.288759,2026-06-29T19:14:52.081011+00:00,114.9,2,bid,,,13156455
2026-06-30T05:14:51.493000,2026-06-29T19:14:52.288724+00:00,114.9,2,bid,,,13156466
2026-06-30T05:14:51.697961,2026-06-29T19:14:52.496752+00:00,114.9,2,bid,,,13156467
2026-06-30T05:14:51.904223,2026-06-29T19:14:52.704184+00:00,114.9,2,bid,,,13156468
2026-06-30T05:14:52.109740,2026-06-29T19:14:52.910567+00:00,114.9,1,bid,,,13156479
2026-06-30T05:14:52.767090,2026-06-29T19:14:53.565303+00:00,114.8,4,ask,,,13156489
2026-06-30T05:14:53.892897,2026-06-29T19:14:54.688693+00:00,114.8,200,bid,,,13156509
2026-06-30T05:14:55.119770,2026-06-29T19:14:55.917441+00:00,114.9,25,ask,,,13156532
2026-06-30T05:14:55.292515,2026-06-29T19:14:56.091817+00:00,114.9,18,ask,,,13156534
2026-06-30T05:14:56.509403,2026-06-29T19:14:57.308231+00:00,115.0,25,bid,,,13156561
2026-06-30T05:14:56.536416,2026-06-29T19:14:57.329873+00:00,115.0,25,bid,,,13156564
2026-06-30T05:14:56.697173,2026-06-29T19:14:57.494105+00:00,114.9,200,ask,,,13156567
2026-06-30T05:15:01.141038,2026-06-29T19:15:01.944468+00:00,115.0,200,bid,,,13156640
2026-06-30T05:15:02.350389,2026-06-29T19:15:03.144493+00:00,114.9,200,ask,,,13156664
2026-06-30T05:15:02.729711,2026-06-29T19:15:03.525952+00:00,115.0,25,bid,,,13156672
2026-06-30T05:15:02.757508,2026-06-29T19:15:03.558164+00:00,115.0,25,bid,,,13156674
2026-06-30T05:15:02.940017,2026-06-29T19:15:03.732981+00:00,115.0,25,bid,,,13156680
2026-06-30T05:15:02.967088,2026-06-29T19:15:03.766043+00:00,115.0,21,bid,,,13156682
2026-06-30T05:15:03.148043,2026-06-29T19:15:03.949468+00:00,115.0,25,bid,,,13156687
2026-06-30T05:15:03.563244,2026-06-29T19:15:04.366317+00:00,114.9,200,ask,,,13156700
2026-06-30T05:15:04.775783,2026-06-29T19:15:05.571014+00:00,114.9,200,ask,,,13156736
2026-06-30T05:15:05.989914,2026-06-29T19:15:06.787583+00:00,115.0,200,ask,,,13156762
2026-06-30T05:15:09.620165,2026-06-29T19:15:10.412206+00:00,114.9,200,bid,,,13156823
2026-06-30T05:15:10.830285,2026-06-29T19:15:11.629915+00:00,114.9,200,bid,,,13156845
2026-06-30T05:15:11.165536,2026-06-29T19:15:11.967307+00:00,114.9,25,ask,,,13156847
2026-06-30T05:15:11.186084,2026-06-29T19:15:11.977936+00:00,114.9,25,ask,,,13156849
2026-06-30T05:15:11.375407,2026-06-29T19:15:12.176488+00:00,114.9,25,ask,,,13156852
2026-06-30T05:15:11.399139,2026-06-29T19:15:12.197638+00:00,114.9,25,ask,,,13156855
2026-06-30T05:15:12.048688,2026-06-29T19:15:12.848304+00:00,114.9,200,ask,,,13156865
2026-06-30T05:15:12.267581,2026-06-29T19:15:13.064183+00:00,115.1,20,bid,,,13156870
2026-06-30T05:15:12.426148,2026-06-29T19:15:13.227280+00:00,114.9,500,ask,,,13156879
2026-06-30T05:15:12.553511,2026-06-29T19:15:13.346463+00:00,114.9,125,bid,,,13156881
2026-06-30T05:15:15.391802,2026-06-29T19:15:16.187242+00:00,115.2,20,bid,,,13156932
2026-06-30T05:15:15.681005,2026-06-29T19:15:16.481772+00:00,115.0,200,ask,,,13156940
2026-06-30T05:15:18.099868,2026-06-29T19:15:18.902203+00:00,115.1,9,bid,,,13156988
2026-06-30T05:15:18.099868,2026-06-29T19:15:18.902203+00:00,115.1,191,bid,,,13156989
2026-06-30T05:15:18.971165,2026-06-29T19:15:19.775231+00:00,115.1,10,bid,,,13157003
2026-06-30T05:15:20.290330,2026-06-29T19:15:21.087409+00:00,115.3,200,bid,,,13157029
2026-06-30T05:15:20.290330,2026-06-29T19:15:21.087409+00:00,115.3,8,bid,,,13157030
2026-06-30T05:15:20.400379,2026-06-29T19:15:21.197532+00:00,115.3,25,ask,,,13157034
2026-06-30T05:15:20.430158,2026-06-29T19:15:21.230605+00:00,115.3,25,ask,,,13157038
2026-06-30T05:15:20.608222,2026-06-29T19:15:21.406987+00:00,115.3,25,ask,,,13157043
2026-06-30T05:15:20.663896,2026-06-29T19:15:21.460871+00:00,115.3,25,ask,,,13157046
2026-06-30T05:15:20.818983,2026-06-29T19:15:21.615467+00:00,115.3,25,ask,,,13157052
2026-06-30T05:15:20.875256,2026-06-29T19:15:21.670135+00:00,115.3,25,ask,,,13157056
2026-06-30T05:15:21.600878,2026-06-29T19:15:22.400878+00:00,115.3,200,ask,,,13157069
2026-06-30T05:15:21.728124,2026-06-29T19:15:22.523449+00:00,115.2,200,bid,,,13157074
2026-06-30T05:15:21.834492,2026-06-29T19:15:22.633236+00:00,115.2,25,bid,,,13157078
2026-06-30T05:15:21.960797,2026-06-29T19:15:22.754499+00:00,115.2,25,bid,,,13157083
2026-06-30T05:15:22.941892,2026-06-29T19:15:23.743980+00:00,115.2,200,ask,,,13157103
2026-06-30T05:15:27.780607,2026-06-29T19:15:28.579675+00:00,115.1,200,ask,,,13157174
2026-06-30T05:15:30.662706,2026-06-29T19:15:31.460818+00:00,115.2,20,ask,,,13157227
2026-06-30T05:15:32.086076,2026-06-29T19:15:32.890256+00:00,115.1,200,ask,,,13157251
2026-06-30T05:15:33.827891,2026-06-29T19:15:34.626792+00:00,115.0,1,ask,,,13157280
2026-06-30T05:15:36.269731,2026-06-29T19:15:37.063606+00:00,115.1,25,ask,,,13157339
2026-06-30T05:15:36.392241,2026-06-29T19:15:37.194942+00:00,115.1,25,ask,,,13157342
2026-06-30T05:15:36.479164,2026-06-29T19:15:37.271942+00:00,115.1,25,ask,,,13157347
2026-06-30T05:15:36.602582,2026-06-29T19:15:37.404092+00:00,115.1,25,ask,,,13157350
2026-06-30T05:15:36.687394,2026-06-29T19:15:37.491349+00:00,115.1,25,ask,,,13157354
2026-06-30T05:15:36.813749,2026-06-29T19:15:37.612528+00:00,115.1,25,ask,,,13157360
2026-06-30T05:15:37.022737,2026-06-29T19:15:37.820656+00:00,115.1,25,ask,,,13157365
2026-06-30T05:15:37.035824,2026-06-29T19:15:37.842655+00:00,115.2,2,bid,,,13157367
2026-06-30T05:15:37.240153,2026-06-29T19:15:38.040754+00:00,115.2,2,bid,,,13157368
2026-06-30T05:15:37.332393,2026-06-29T19:15:38.128754+00:00,115.1,25,ask,,,13157371
2026-06-30T05:15:37.451325,2026-06-29T19:15:38.249754+00:00,115.1,2,bid,,,13157378
2026-06-30T05:15:37.656465,2026-06-29T19:15:38.458414+00:00,115.1,2,bid,,,13157379
2026-06-30T05:15:37.862543,2026-06-29T19:15:38.656487+00:00,115.1,1,bid,,,13157381
2026-06-30T05:15:38.709518,2026-06-29T19:15:39.503215+00:00,115.0,25,bid,,,13157399
2026-06-30T05:15:38.873663,2026-06-29T19:15:39.668301+00:00,115.0,25,bid,,,13157404
2026-06-30T05:15:38.918782,2026-06-29T19:15:39.712301+00:00,115.0,25,bid,,,13157406
2026-06-30T05:15:39.082176,2026-06-29T19:15:39.876524+00:00,115.0,25,bid,,,13157412
2026-06-30T05:15:39.129916,2026-06-29T19:15:39.931524+00:00,115.0,25,bid,,,13157414
2026-06-30T05:15:39.736519,2026-06-29T19:15:40.531524+00:00,114.9,2,ask,,,13157426
2026-06-30T05:15:39.736519,2026-06-29T19:15:40.531524+00:00,114.9,18,ask,,,13157427
2026-06-30T05:15:39.895795,2026-06-29T19:15:40.696766+00:00,114.8,200,ask,,,13157430
2026-06-30T05:15:40.003928,2026-06-29T19:15:40.806766+00:00,114.9,10,ask,,,13157436
2026-06-30T05:15:41.643718,2026-06-29T19:15:42.437844+00:00,114.9,500,bid,,,13157465
2026-06-30T05:15:42.242898,2026-06-29T19:15:43.040994+00:00,114.9,125,bid,,,13157476
2026-06-30T05:15:42.292883,2026-06-29T19:15:43.085193+00:00,114.9,25,ask,,,13157478
2026-06-30T05:15:42.340131,2026-06-29T19:15:43.139959+00:00,115.0,25,ask,,,13157481
2026-06-30T05:15:42.506407,2026-06-29T19:15:43.305559+00:00,115.0,25,ask,,,13157484
2026-06-30T05:15:42.560450,2026-06-29T19:15:43.360672+00:00,115.0,25,ask,,,13157487
2026-06-30T05:15:42.712295,2026-06-29T19:15:43.513768+00:00,115.0,9,ask,,,13157493
2026-06-30T05:15:42.772070,2026-06-29T19:15:43.568949+00:00,115.0,25,ask,,,13157495
2026-06-30T05:15:44.087168,2026-06-29T19:15:44.886226+00:00,115.1,500,bid,,,13157522
2026-06-30T05:15:44.678996,2026-06-29T19:15:45.490818+00:00,115.1,125,bid,,,13157530
2026-06-30T05:15:45.387279,2026-06-29T19:15:46.227987+00:00,115.2,2,ask,,,13157543
2026-06-30T05:15:53.236614,2026-06-29T19:15:54.069544+00:00,115.2,200,ask,,,13157680
2026-06-30T05:15:54.220571,2026-06-29T19:15:55.016989+00:00,115.2,20,ask,,,13157691
2026-06-30T05:15:54.437502,2026-06-29T19:15:55.236783+00:00,115.3,5,bid,,,13157696
2026-06-30T05:15:54.449964,2026-06-29T19:15:55.247782+00:00,115.3,200,ask,,,13157698
2026-06-30T05:16:00.496622,2026-06-29T19:16:01.294407+00:00,115.4,200,bid,,,13157811
2026-06-30T05:16:01.704979,2026-06-29T19:16:02.505035+00:00,115.7,200,bid,,,13157832
2026-06-30T05:16:03.948211,2026-06-29T19:16:04.741408+00:00,115.7,20,bid,,,13157876
2026-06-30T05:16:04.926094,2026-06-29T19:16:05.729838+00:00,115.7,200,bid,,,13157896
2026-06-30T05:16:04.926094,2026-06-29T19:16:05.729838+00:00,115.7,425,bid,,,13157897
2026-06-30T05:16:05.331426,2026-06-29T19:16:06.125434+00:00,115.7,200,bid,,,13157905
2026-06-30T05:16:06.543426,2026-06-29T19:16:07.346435+00:00,115.6,200,bid,,,13157938
2026-06-30T05:16:06.864964,2026-06-29T19:16:07.665435+00:00,115.6,20,bid,,,13157946
2026-06-30T05:16:08.855733,2026-06-29T19:16:09.656765+00:00,115.6,200,bid,,,13157983
2026-06-30T05:16:08.855733,2026-06-29T19:16:09.656765+00:00,115.6,2,bid,,,13157984
2026-06-30T05:16:10.035103,2026-06-29T19:16:10.833340+00:00,115.6,20,ask,,,13158003
2026-06-30T05:16:10.709814,2026-06-29T19:16:11.504341+00:00,115.5,500,ask,,,13158012
2026-06-30T05:16:11.309581,2026-06-29T19:16:12.109571+00:00,115.5,125,ask,,,13158027
2026-06-30T05:16:11.493943,2026-06-29T19:16:12.296572+00:00,115.3,200,ask,,,13158035
2026-06-30T05:16:11.493943,2026-06-29T19:16:12.296572+00:00,115.2,10,ask,,,13158036
2026-06-30T05:16:11.583167,2026-06-29T19:16:12.384572+00:00,115.2,25,bid,,,13158040
2026-06-30T05:16:11.649068,2026-06-29T19:16:12.450571+00:00,115.2,25,bid,,,13158043
2026-06-30T05:16:11.797708,2026-06-29T19:16:12.593573+00:00,115.2,25,bid,,,13158050
2026-06-30T05:16:11.857609,2026-06-29T19:16:12.659571+00:00,115.2,25,bid,,,13158055
2026-06-30T05:16:12.005722,2026-06-29T19:16:12.802571+00:00,115.1,2,ask,,,13158061
2026-06-30T05:16:12.212951,2026-06-29T19:16:13.011088+00:00,115.1,1,ask,,,13158065
2026-06-30T05:16:12.417450,2026-06-29T19:16:13.220087+00:00,115.1,6,ask,,,13158074
2026-06-30T05:16:12.424739,2026-06-29T19:16:13.220087+00:00,115.0,2,ask,,,13158076
2026-06-30T05:16:12.463062,2026-06-29T19:16:13.264087+00:00,115.0,25,ask,,,13158077
2026-06-30T05:16:12.597903,2026-06-29T19:16:13.396087+00:00,115.2,200,bid,,,13158081
2026-06-30T05:16:12.629307,2026-06-29T19:16:13.429087+00:00,115.0,22,ask,,,13158082
2026-06-30T05:16:12.634634,2026-06-29T19:16:13.429087+00:00,115.0,2,ask,,,13158084
2026-06-30T05:16:12.672568,2026-06-29T19:16:13.473087+00:00,115.0,25,ask,,,13158085
2026-06-30T05:16:12.837772,2026-06-29T19:16:13.638087+00:00,115.3,2,ask,,,13158088
2026-06-30T05:16:13.043351,2026-06-29T19:16:13.836087+00:00,115.3,2,ask,,,13158091
2026-06-30T05:16:13.248117,2026-06-29T19:16:14.045195+00:00,115.3,2,ask,,,13158097
2026-06-30T05:16:13.453555,2026-06-29T19:16:14.254197+00:00,115.3,2,ask,,,13158106
2026-06-30T05:16:13.658040,2026-06-29T19:16:14.452197+00:00,115.3,2,ask,,,13158118
2026-06-30T05:16:13.864312,2026-06-29T19:16:14.661197+00:00,115.3,2,ask,,,13158122
2026-06-30T05:16:14.069865,2026-06-29T19:16:14.869295+00:00,115.3,2,ask,,,13158123
2026-06-30T05:16:14.274890,2026-06-29T19:16:15.067331+00:00,115.3,1,ask,,,13158124
2026-06-30T05:16:15.423379,2026-06-29T19:16:16.222378+00:00,115.3,5,ask,,,13158145
2026-06-30T05:16:19.347777,2026-06-29T19:16:20.148708+00:00,115.5,9,bid,,,13158221
2026-06-30T05:16:19.347777,2026-06-29T19:16:20.148708+00:00,115.5,200,bid,,,13158222
2026-06-30T05:16:19.347777,2026-06-29T19:16:20.148708+00:00,115.5,416,bid,,,13158223
2026-06-30T05:16:22.210772,2026-06-29T19:16:23.007246+00:00,115.4,500,ask,,,13158279
2026-06-30T05:16:22.268810,2026-06-29T19:16:23.062246+00:00,115.5,6,bid,,,13158288
2026-06-30T05:16:22.268810,2026-06-29T19:16:23.073353+00:00,115.6,194,bid,,,13158289
2026-06-30T05:16:22.805876,2026-06-29T19:16:23.601673+00:00,115.4,125,ask,,,13158298
2026-06-30T05:16:23.479116,2026-06-29T19:16:24.283741+00:00,115.3,200,bid,,,13158308
2026-06-30T05:16:23.846853,2026-06-29T19:16:24.646741+00:00,115.2,2,ask,,,13158314
2026-06-30T05:16:24.689028,2026-06-29T19:16:25.482959+00:00,115.2,200,bid,,,13158335
2026-06-30T05:16:25.897822,2026-06-29T19:16:26.693053+00:00,115.2,200,bid,,,13158357
2026-06-30T05:16:26.503852,2026-06-29T19:16:27.298120+00:00,115.2,1,ask,,,13158371
2026-06-30T05:16:26.714936,2026-06-29T19:16:27.507514+00:00,115.2,1,ask,,,13158373
2026-06-30T05:16:26.923636,2026-06-29T19:16:27.716215+00:00,115.2,1,ask,,,13158375
2026-06-30T05:16:30.116475,2026-06-29T19:16:30.909768+00:00,115.2,20,ask,,,13158436
2026-06-30T05:16:31.273479,2026-06-29T19:16:32.076455+00:00,115.2,200,ask,,,13158452
2026-06-30T05:16:31.273479,2026-06-29T19:16:32.076455+00:00,115.2,300,ask,,,13158453
2026-06-30T05:16:31.871646,2026-06-29T19:16:32.667919+00:00,115.2,325,ask,,,13158461
2026-06-30T05:16:31.871646,2026-06-29T19:16:32.667919+00:00,115.1,7,ask,,,13158462
2026-06-30T05:16:31.948759,2026-06-29T19:16:32.745329+00:00,115.1,168,bid,,,13158469
2026-06-30T05:16:32.485282,2026-06-29T19:16:33.278009+00:00,115.1,32,ask,,,13158484
2026-06-30T05:16:32.485282,2026-06-29T19:16:33.288139+00:00,115.1,7,ask,,,13158485
2026-06-30T05:16:34.921024,2026-06-29T19:16:35.716236+00:00,115.0,6,ask,,,13158533
2026-06-30T05:16:34.921024,2026-06-29T19:16:35.716236+00:00,115.0,494,ask,,,13158534
2026-06-30T05:16:35.862720,2026-06-29T19:16:36.661352+00:00,114.8,7,ask,,,13158546
