timestamp,recv_time,price,volume,aggressor_side,buyer,seller,trade_id
2026-07-06T10:00:00.127802,2026-07-06T10:00:00.038711+00:00,153.4,3,bid,Kaleb Liu,YieldingYams,9388612
2026-07-06T10:00:01.143180,2026-07-06T10:00:01.161824+00:00,153.4,3,ask,YieldingYams,Kaleb Liu,9388625
2026-07-06T10:00:02.890028,2026-07-06T10:00:02.902171+00:00,153.4,20,ask,YieldingYams,BrilliantBurritos,9388645
2026-07-06T10:00:05.178115,2026-07-06T10:00:05.187234+00:00,153.6,3,bid,Kaleb Liu,WavyWalnuts,9388684
2026-07-06T10:00:05.370374,2026-07-06T10:00:05.376691+00:00,153.6,11,bid,Xuanyu Liu,WavyWalnuts,9388688
2026-07-06T10:00:05.639630,2026-07-06T10:00:05.641566+00:00,153.5,200,ask,YieldingYams,WavyWalnuts,9388695
2026-07-06T10:00:05.739785,2026-07-06T10:00:05.743737+00:00,153.5,11,bid,Xuanyu Liu,YieldingYams,9388700
2026-07-06T10:00:06.121884,2026-07-06T10:00:06.130503+00:00,153.5,500,bid,AverageAlmonds,YieldingYams,9388705
2026-07-06T10:00:06.192145,2026-07-06T10:00:06.203258+00:00,153.5,8,bid,Kaleb Liu,YieldingYams,9388709
2026-07-06T10:00:06.745031,2026-07-06T10:00:06.753096+00:00,153.5,106,bid,AverageAlmonds,YieldingYams,9388714
2026-07-06T10:00:07.031419,2026-07-06T10:00:07.040827+00:00,153.6,200,bid,YieldingYams,WavyWalnuts,9388718
2026-07-06T10:00:07.205625,2026-07-06T10:00:07.217609+00:00,153.6,10,ask,YieldingYams,Kaleb Liu,9388720
2026-07-06T10:00:08.221345,2026-07-06T10:00:08.233431+00:00,153.6,1,ask,YieldingYams,Kaleb Liu,9388738
2026-07-06T10:00:10.254008,2026-07-06T10:00:10.265740+00:00,153.6,3,bid,Kaleb Liu,WavyWalnuts,9388763
2026-07-06T10:00:11.268480,2026-07-06T10:00:11.284642+00:00,153.5,3,ask,YieldingYams,Kaleb Liu,9388776
2026-07-06T10:00:12.286392,2026-07-06T10:00:12.295588+00:00,153.7,7,bid,Kaleb Liu,WavyWalnuts,9388791
2026-07-06T10:00:12.902802,2026-07-06T10:00:12.914416+00:00,153.7,200,bid,WavyWalnuts,YieldingYams,9388800
2026-07-06T10:00:14.948184,2026-07-06T10:00:14.954573+00:00,153.6,200,ask,WavyWalnuts,YieldingYams,9388824
2026-07-06T10:00:14.948184,2026-07-06T10:00:14.954573+00:00,153.6,425,ask,AverageAlmonds,YieldingYams,9388825
2026-07-06T10:00:15.311191,2026-07-06T10:00:15.323206+00:00,153.6,6,ask,AverageAlmonds,Kaleb Liu,9388831
2026-07-06T10:00:15.819893,2026-07-06T10:00:15.831316+00:00,153.7,200,bid,AverageAlmonds,WavyWalnuts,9388836
2026-07-06T10:00:16.326097,2026-07-06T10:00:16.332950+00:00,153.7,1,ask,AverageAlmonds,Kaleb Liu,9388845
2026-07-06T10:00:16.537492,2026-07-06T10:00:16.547292+00:00,153.7,200,ask,AverageAlmonds,WavyWalnuts,9388853
2026-07-06T10:00:17.341247,2026-07-06T10:00:17.352882+00:00,153.9,3,bid,Kaleb Liu,YieldingYams,9388866
2026-07-06T10:00:17.624545,2026-07-06T10:00:17.633027+00:00,153.8,500,bid,AverageAlmonds,YieldingYams,9388871
2026-07-06T10:00:17.748074,2026-07-06T10:00:17.758638+00:00,153.6,200,ask,YieldingYams,WavyWalnuts,9388872
2026-07-06T10:00:18.222014,2026-07-06T10:00:18.231274+00:00,153.8,125,bid,AverageAlmonds,YieldingYams,9388883
2026-07-06T10:00:18.356894,2026-07-06T10:00:18.366116+00:00,153.8,3,ask,AverageAlmonds,Kaleb Liu,9388887
2026-07-06T10:00:18.956290,2026-07-06T10:00:18.958546+00:00,153.9,200,ask,AverageAlmonds,WavyWalnuts,9388892
2026-07-06T10:00:20.165627,2026-07-06T10:00:20.172842+00:00,153.8,200,ask,AverageAlmonds,WavyWalnuts,9388906
2026-07-06T10:00:21.375462,2026-07-06T10:00:21.387344+00:00,153.8,200,ask,YieldingYams,WavyWalnuts,9388919
2026-07-06T10:00:21.392677,2026-07-06T10:00:21.403187+00:00,154.0,3,bid,Kaleb Liu,YieldingYams,9388922
2026-07-06T10:00:22.585332,2026-07-06T10:00:22.597039+00:00,153.7,200,ask,YieldingYams,WavyWalnuts,9388941
2026-07-06T10:00:23.412025,2026-07-06T10:00:23.423840+00:00,153.8,4,bid,Kaleb Liu,YieldingYams,9388955
2026-07-06T10:00:23.421206,2026-07-06T10:00:23.434485+00:00,153.8,8,bid,Zhangyue Shen,YieldingYams,9388957
2026-07-06T10:00:23.729747,2026-07-06T10:00:23.739859+00:00,153.8,500,bid,AverageAlmonds,YieldingYams,9388961
2026-07-06T10:00:24.275911,2026-07-06T10:00:24.283494+00:00,153.8,200,bid,AverageAlmonds,WavyWalnuts,9388967
2026-07-06T10:00:24.437566,2026-07-06T10:00:24.442063+00:00,153.9,22,ask,AverageAlmonds,Xuanyu Liu,9388971
2026-07-06T10:00:25.019178,2026-07-06T10:00:25.028798+00:00,153.9,200,ask,AverageAlmonds,WavyWalnuts,9388981
2026-07-06T10:00:25.433644,2026-07-06T10:00:25.440671+00:00,153.9,6,ask,AverageAlmonds,Kaleb Liu,9388984
2026-07-06T10:00:25.468143,2026-07-06T10:00:25.480024+00:00,153.9,294,ask,AverageAlmonds,YieldingYams,9388987
2026-07-06T10:00:25.511561,2026-07-06T10:00:25.522447+00:00,153.9,331,bid,AverageAlmonds,YieldingYams,9388989
2026-07-06T10:00:26.229899,2026-07-06T10:00:26.240661+00:00,153.8,200,ask,AverageAlmonds,WavyWalnuts,9388997
2026-07-06T10:00:26.445546,2026-07-06T10:00:26.457240+00:00,153.8,1,ask,AverageAlmonds,Kaleb Liu,9389002
2026-07-06T10:00:26.588023,2026-07-06T10:00:26.599829+00:00,153.8,20,ask,AverageAlmonds,BrilliantBurritos,9389006
2026-07-06T10:00:27.440838,2026-07-06T10:00:27.451148+00:00,154.0,200,ask,YieldingYams,WavyWalnuts,9389016
2026-07-06T10:00:28.653952,2026-07-06T10:00:28.658590+00:00,154.0,200,ask,YieldingYams,WavyWalnuts,9389033
2026-07-06T10:00:29.479329,2026-07-06T10:00:29.488738+00:00,154.2,3,bid,Kaleb Liu,YieldingYams,9389051
2026-07-06T10:00:30.716427,2026-07-06T10:00:30.720454+00:00,154.2,22,bid,Xuanyu Liu,WavyWalnuts,9389068
2026-07-06T10:00:31.497000,2026-07-06T10:00:31.508872+00:00,154.2,8,bid,Kaleb Liu,WavyWalnuts,9389083
2026-07-06T10:00:31.579164,2026-07-06T10:00:31.590445+00:00,154.2,8,bid,Zhangyue Shen,WavyWalnuts,9389087
2026-07-06T10:00:34.105493,2026-07-06T10:00:34.114324+00:00,154.1,7,ask,YieldingYams,Zhangyue Shen,9389127
2026-07-06T10:00:34.585382,2026-07-06T10:00:34.597043+00:00,154.1,500,ask,YieldingYams,AverageAlmonds,9389133
2026-07-06T10:00:34.643538,2026-07-06T10:00:34.650079+00:00,154.1,200,ask,WavyWalnuts,YieldingYams,9389135
2026-07-06T10:00:35.176818,2026-07-06T10:00:35.183964+00:00,154.0,200,ask,WavyWalnuts,AverageAlmonds,9389146
2026-07-06T10:00:36.528643,2026-07-06T10:00:36.540636+00:00,154.0,9,bid,Kaleb Liu,AverageAlmonds,9389165
2026-07-06T10:00:36.658341,2026-07-06T10:00:36.669352+00:00,153.9,8,ask,WavyWalnuts,Zhangyue Shen,9389169
2026-07-06T10:00:37.022523,2026-07-06T10:00:37.033291+00:00,153.9,192,ask,WavyWalnuts,AverageAlmonds,9389173
2026-07-06T10:00:37.022523,2026-07-06T10:00:37.033291+00:00,153.9,308,ask,YieldingYams,AverageAlmonds,9389174
2026-07-06T10:00:37.075646,2026-07-06T10:00:37.087789+00:00,153.9,20,ask,YieldingYams,BrilliantBurritos,9389175
2026-07-06T10:00:37.109739,2026-07-06T10:00:37.114026+00:00,153.9,22,ask,YieldingYams,Xuanyu Liu,9389177
2026-07-06T10:00:37.618467,2026-07-06T10:00:37.629769+00:00,153.9,500,ask,YieldingYams,AverageAlmonds,9389187
2026-07-06T10:00:38.226377,2026-07-06T10:00:38.237875+00:00,153.9,125,ask,YieldingYams,AverageAlmonds,9389196
2026-07-06T10:00:38.226377,2026-07-06T10:00:38.237875+00:00,153.8,200,ask,WavyWalnuts,AverageAlmonds,9389197
2026-07-06T10:00:38.363074,2026-07-06T10:00:38.372610+00:00,153.8,175,bid,WavyWalnuts,AverageAlmonds,9389201
2026-07-06T10:00:38.590559,2026-07-06T10:00:38.600540+00:00,153.8,25,ask,WavyWalnuts,YieldingYams,9389204
2026-07-06T10:00:38.607466,2026-07-06T10:00:38.611937+00:00,153.6,22,bid,Xuanyu Liu,YieldingYams,9389207
2026-07-06T10:00:39.576628,2026-07-06T10:00:39.585855+00:00,153.6,200,bid,WavyWalnuts,YieldingYams,9389227
2026-07-06T10:00:42.007281,2026-07-06T10:00:42.019156+00:00,153.6,200,ask,YieldingYams,WavyWalnuts,9389263
2026-07-06T10:00:43.435494,2026-07-06T10:00:43.439629+00:00,153.2,22,ask,YieldingYams,Xuanyu Liu,9389290
2026-07-06T10:00:43.854210,2026-07-06T10:00:43.858245+00:00,153.3,12,ask,YieldingYams,Xuanyu Liu,9389302
2026-07-06T10:00:44.587278,2026-07-06T10:00:44.599315+00:00,153.3,19,ask,YieldingYams,Kaleb Liu,9389308
2026-07-06T10:00:45.076252,2026-07-06T10:00:45.084773+00:00,153.6,20,bid,BrilliantBurritos,YieldingYams,9389316
2026-07-06T10:00:45.602903,2026-07-06T10:00:45.614828+00:00,153.3,1,ask,WavyWalnuts,Kaleb Liu,9389322
2026-07-06T10:00:45.654794,2026-07-06T10:00:45.658324+00:00,153.4,11,ask,WavyWalnuts,Xuanyu Liu,9389325
2026-07-06T10:00:49.087596,2026-07-06T10:00:49.091664+00:00,153.4,200,ask,WavyWalnuts,YieldingYams,9389382
2026-07-06T10:00:52.575690,2026-07-06T10:00:52.587535+00:00,153.4,20,bid,BrilliantBurritos,YieldingYams,9389423
2026-07-06T10:00:52.903898,2026-07-06T10:00:52.915540+00:00,153.4,200,bid,WavyWalnuts,YieldingYams,9389426
2026-07-06T10:00:56.037774,2026-07-06T10:00:56.042574+00:00,153.7,11,bid,Xuanyu Liu,YieldingYams,9389468
2026-07-06T10:01:00.921770,2026-07-06T10:01:00.926502+00:00,153.8,6,ask,YieldingYams,Xuanyu Liu,9389520
2026-07-06T10:01:05.006009,2026-07-06T10:01:05.013964+00:00,154.0,200,bid,WavyWalnuts,YieldingYams,9389577
2026-07-06T10:01:07.201954,2026-07-06T10:01:07.206695+00:00,154.1,6,bid,Xuanyu Liu,WavyWalnuts,9389599
2026-07-06T10:01:15.392863,2026-07-06T10:01:15.413248+00:00,154.0,200,bid,YieldingYams,WavyWalnuts,9389715
2026-07-06T10:01:15.408467,2026-07-06T10:01:15.413248+00:00,154.0,17,ask,YieldingYams,Xuanyu Liu,9389717
2026-07-06T10:01:15.904280,2026-07-06T10:01:15.911706+00:00,154.0,200,ask,YieldingYams,WavyWalnuts,9389724
2026-07-06T10:01:16.470396,2026-07-06T10:01:16.482317+00:00,154.0,20,ask,YieldingYams,BrilliantBurritos,9389730
2026-07-06T10:01:17.315539,2026-07-06T10:01:17.326754+00:00,154.1,20,bid,BrilliantBurritos,WavyWalnuts,9389736
2026-07-06T10:01:18.219583,2026-07-06T10:01:18.223224+00:00,154.1,6,bid,Xuanyu Liu,WavyWalnuts,9389752
2026-07-06T10:01:19.531373,2026-07-06T10:01:19.541221+00:00,154.1,200,ask,YieldingYams,WavyWalnuts,9389764
2026-07-06T10:01:24.362325,2026-07-06T10:01:24.370097+00:00,154.2,200,bid,WavyWalnuts,YieldingYams,9389831
2026-07-06T10:01:25.911069,2026-07-06T10:01:25.922545+00:00,154.2,200,ask,WavyWalnuts,YieldingYams,9389853
2026-07-06T10:01:26.783846,2026-07-06T10:01:26.793231+00:00,154.1,200,bid,WavyWalnuts,YieldingYams,9389866
2026-07-06T10:01:27.665601,2026-07-06T10:01:27.677525+00:00,154.3,20,bid,BrilliantBurritos,YieldingYams,9389881
2026-07-06T10:01:28.301865,2026-07-06T10:01:28.313437+00:00,154.1,20,ask,WavyWalnuts,BrilliantBurritos,9389899
2026-07-06T10:01:30.021936,2026-07-06T10:01:30.034199+00:00,154.1,20,ask,YieldingYams,BrilliantBurritos,9389917
2026-07-06T10:01:32.833681,2026-07-06T10:01:32.841025+00:00,154.2,200,bid,WavyWalnuts,YieldingYams,9389964
2026-07-06T10:01:37.593637,2026-07-06T10:01:37.602449+00:00,154.2,500,bid,AverageAlmonds,YieldingYams,9390015
2026-07-06T10:01:38.189727,2026-07-06T10:01:38.199636+00:00,154.3,200,bid,AverageAlmonds,WavyWalnuts,9390021
2026-07-06T10:01:40.099777,2026-07-06T10:01:40.104091+00:00,154.2,11,bid,Xuanyu Liu,WavyWalnuts,9390051
2026-07-06T10:01:41.218226,2026-07-06T10:01:41.229234+00:00,154.2,189,bid,AverageAlmonds,WavyWalnuts,9390067
2026-07-06T10:01:43.719159,2026-07-06T10:01:43.729050+00:00,154.3,200,ask,AverageAlmonds,WavyWalnuts,9390107
2026-07-06T10:01:44.947127,2026-07-06T10:01:44.951219+00:00,154.3,12,bid,Xuanyu Liu,WavyWalnuts,9390129
2026-07-06T10:01:45.055169,2026-07-06T10:01:45.066912+00:00,154.3,3,bid,Kaleb Liu,WavyWalnuts,9390132
2026-07-06T10:01:45.594455,2026-07-06T10:01:45.602187+00:00,154.3,185,bid,YieldingYams,WavyWalnuts,9390142
2026-07-06T10:01:46.085992,2026-07-06T10:01:46.095082+00:00,154.3,3,ask,YieldingYams,Kaleb Liu,9390148
2026-07-06T10:01:46.143020,2026-07-06T10:01:46.149728+00:00,154.3,200,ask,YieldingYams,WavyWalnuts,9390151
2026-07-06T10:01:47.100533,2026-07-06T10:01:47.112752+00:00,154.2,3,bid,Kaleb Liu,YieldingYams,9390161
2026-07-06T10:01:47.349355,2026-07-06T10:01:47.360973+00:00,154.2,200,bid,WavyWalnuts,YieldingYams,9390166
2026-07-06T10:01:47.765621,2026-07-06T10:01:47.778103+00:00,154.2,20,bid,BrilliantBurritos,YieldingYams,9390173
2026-07-06T10:01:48.563955,2026-07-06T10:01:48.575124+00:00,154.2,200,bid,WavyWalnuts,YieldingYams,9390188
2026-07-06T10:01:49.776674,2026-07-06T10:01:49.787909+00:00,154.2,200,bid,WavyWalnuts,YieldingYams,9390204
2026-07-06T10:01:52.163669,2026-07-06T10:01:52.174646+00:00,154.0,3,ask,WavyWalnuts,Kaleb Liu,9390230
2026-07-06T10:01:53.033642,2026-07-06T10:01:53.037792+00:00,154.1,22,bid,Xuanyu Liu,WavyWalnuts,9390245
2026-07-06T10:01:53.177623,2026-07-06T10:01:53.189511+00:00,154.1,11,bid,Kaleb Liu,WavyWalnuts,9390248
2026-07-06T10:01:53.469148,2026-07-06T10:01:53.480546+00:00,154.1,200,bid,YieldingYams,WavyWalnuts,9390254
2026-07-06T10:01:55.861295,2026-07-06T10:01:55.869338+00:00,154.1,200,ask,YieldingYams,WavyWalnuts,9390284
2026-07-06T10:01:56.832973,2026-07-06T10:01:56.841562+00:00,154.3,7,bid,Zhangyue Shen,YieldingYams,9390296
2026-07-06T10:01:58.493869,2026-07-06T10:01:58.502838+00:00,154.3,20,bid,BrilliantBurritos,WavyWalnuts,9390308
2026-07-06T10:01:58.843552,2026-07-06T10:01:58.853132+00:00,154.3,8,bid,Zhangyue Shen,WavyWalnuts,9390312
2026-07-06T10:01:59.041307,2026-07-06T10:01:59.053115+00:00,154.1,20,ask,YieldingYams,BrilliantBurritos,9390317
2026-07-06T10:01:59.499119,2026-07-06T10:01:59.510572+00:00,154.2,200,ask,AverageAlmonds,WavyWalnuts,9390321
2026-07-06T10:02:00.996023,2026-07-06T10:02:00.999709+00:00,154.2,23,bid,Xuanyu Liu,WavyWalnuts,9390338
2026-07-06T10:02:01.184004,2026-07-06T10:02:01.194885+00:00,154.2,177,bid,AverageAlmonds,WavyWalnuts,9390339
2026-07-06T10:02:02.240963,2026-07-06T10:02:02.253237+00:00,154.2,9,bid,Kaleb Liu,WavyWalnuts,9390348
2026-07-06T10:02:02.657887,2026-07-06T10:02:02.669138+00:00,154.2,191,bid,YieldingYams,WavyWalnuts,9390355
2026-07-06T10:02:02.883794,2026-07-06T10:02:02.895677+00:00,154.4,20,ask,YieldingYams,BrilliantBurritos,9390359
2026-07-06T10:02:03.151881,2026-07-06T10:02:03.154947+00:00,154.5,8,bid,Zhangyue Shen,WavyWalnuts,9390364
2026-07-06T10:02:04.409988,2026-07-06T10:02:04.421101+00:00,154.3,8,ask,YieldingYams,Zhangyue Shen,9390383
2026-07-06T10:02:05.751363,2026-07-06T10:02:05.755580+00:00,154.5,26,bid,Xuanyu Liu,WavyWalnuts,9390396
2026-07-06T10:02:05.925649,2026-07-06T10:02:05.935812+00:00,154.5,8,bid,Zhangyue Shen,WavyWalnuts,9390401
2026-07-06T10:02:07.183345,2026-07-06T10:02:07.195320+00:00,154.4,8,bid,Zhangyue Shen,WavyWalnuts,9390423
2026-07-06T10:02:10.412299,2026-07-06T10:02:10.421562+00:00,154.1,200,ask,YieldingYams,WavyWalnuts,9390451
2026-07-06T10:02:11.314049,2026-07-06T10:02:11.326002+00:00,154.2,6,bid,Kaleb Liu,YieldingYams,9390467
2026-07-06T10:02:11.850340,2026-07-06T10:02:11.858622+00:00,154.1,200,bid,YieldingYams,WavyWalnuts,9390471
2026-07-06T10:02:12.829457,2026-07-06T10:02:12.837183+00:00,154.1,200,ask,YieldingYams,WavyWalnuts,9390483
2026-07-06T10:02:13.170576,2026-07-06T10:02:13.181386+00:00,154.0,500,ask,AverageAlmonds,YieldingYams,9390486
2026-07-06T10:02:13.297805,2026-07-06T10:02:13.305319+00:00,154.0,125,bid,AverageAlmonds,YieldingYams,9390487
2026-07-06T10:02:13.345747,2026-07-06T10:02:13.358562+00:00,154.0,26,ask,AverageAlmonds,Kaleb Liu,9390490
2026-07-06T10:02:13.516272,2026-07-06T10:02:13.524238+00:00,154.9,8,bid,Zhangyue Shen,AverageAlmonds,9390496
2026-07-06T10:02:14.034880,2026-07-06T10:02:14.044712+00:00,154.9,8,bid,Zhangyue Shen,AverageAlmonds,9390506
2026-07-06T10:02:14.360415,2026-07-06T10:02:14.372114+00:00,154.2,26,bid,Kaleb Liu,WavyWalnuts,9390510
2026-07-06T10:02:14.489079,2026-07-06T10:02:14.499445+00:00,154.2,174,bid,YieldingYams,WavyWalnuts,9390512
2026-07-06T10:02:15.066818,2026-07-06T10:02:15.075678+00:00,154.5,8,bid,Zhangyue Shen,YieldingYams,9390522
2026-07-06T10:02:17.136009,2026-07-06T10:02:17.145674+00:00,154.2,8,ask,AverageAlmonds,Zhangyue Shen,9390552
2026-07-06T10:02:17.554432,2026-07-06T10:02:17.558552+00:00,154.3,200,bid,AverageAlmonds,WavyWalnuts,9390558
2026-07-06T10:02:17.893314,2026-07-06T10:02:17.905325+00:00,154.3,8,ask,AverageAlmonds,Zhangyue Shen,9390567
2026-07-06T10:02:18.400715,2026-07-06T10:02:18.404918+00:00,154.3,14,ask,WavyWalnuts,Xuanyu Liu,9390573
2026-07-06T10:02:18.438912,2026-07-06T10:02:18.447732+00:00,154.3,186,ask,WavyWalnuts,YieldingYams,9390575
2026-07-06T10:02:18.438912,2026-07-06T10:02:18.447732+00:00,154.3,439,ask,AverageAlmonds,YieldingYams,9390576
2026-07-06T10:02:18.663438,2026-07-06T10:02:18.675581+00:00,154.3,8,ask,AverageAlmonds,Zhangyue Shen,9390579
2026-07-06T10:02:19.361694,2026-07-06T10:02:19.369438+00:00,154.4,200,bid,AverageAlmonds,WavyWalnuts,9390590
2026-07-06T10:02:19.390674,2026-07-06T10:02:19.395479+00:00,154.4,12,ask,AverageAlmonds,Xuanyu Liu,9390593
2026-07-06T10:02:19.979181,2026-07-06T10:02:19.989489+00:00,154.4,7,ask,AverageAlmonds,Zhangyue Shen,9390605
2026-07-06T10:02:20.085552,2026-07-06T10:02:20.097415+00:00,154.4,200,ask,YieldingYams,WavyWalnuts,9390608
2026-07-06T10:02:20.637508,2026-07-06T10:02:20.641590+00:00,154.5,11,ask,AverageAlmonds,Xuanyu Liu,9390616
2026-07-06T10:02:21.065806,2026-07-06T10:02:21.074550+00:00,154.5,489,ask,AverageAlmonds,YieldingYams,9390621
2026-07-06T10:02:21.198752,2026-07-06T10:02:21.206880+00:00,154.5,136,bid,AverageAlmonds,YieldingYams,9390623
2026-07-06T10:02:21.269094,2026-07-06T10:02:21.276127+00:00,154.5,8,ask,AverageAlmonds,Zhangyue Shen,9390625
2026-07-06T10:02:21.295882,2026-07-06T10:02:21.303200+00:00,154.5,200,ask,AverageAlmonds,WavyWalnuts,9390626
2026-07-06T10:02:22.504573,2026-07-06T10:02:22.513733+00:00,154.6,200,ask,YieldingYams,WavyWalnuts,9390643
2026-07-06T10:02:23.158472,2026-07-06T10:02:23.162433+00:00,154.8,11,bid,Xuanyu Liu,YieldingYams,9390657
2026-07-06T10:02:23.313691,2026-07-06T10:02:23.324389+00:00,154.8,8,bid,Zhangyue Shen,YieldingYams,9390660
2026-07-06T10:02:23.699754,2026-07-06T10:02:23.722401+00:00,154.5,500,ask,AverageAlmonds,YieldingYams,9390666
2026-07-06T10:02:23.718714,2026-07-06T10:02:23.722401+00:00,154.5,26,bid,Xuanyu Liu,YieldingYams,9390669
2026-07-06T10:02:24.213745,2026-07-06T10:02:24.220909+00:00,154.5,99,bid,AverageAlmonds,YieldingYams,9390676
2026-07-06T10:02:24.213745,2026-07-06T10:02:24.226566+00:00,154.5,200,bid,AverageAlmonds,WavyWalnuts,9390677
2026-07-06T10:02:24.439109,2026-07-06T10:02:24.451233+00:00,154.5,26,ask,AverageAlmonds,Kaleb Liu,9390681
2026-07-06T10:02:24.729311,2026-07-06T10:02:24.733116+00:00,154.5,3,ask,AverageAlmonds,Xuanyu Liu,9390690
2026-07-06T10:02:25.228249,2026-07-06T10:02:25.240373+00:00,154.6,20,bid,BrilliantBurritos,WavyWalnuts,9390700
2026-07-06T10:02:25.470407,2026-07-06T10:02:25.479502+00:00,154.6,11,bid,Kaleb Liu,WavyWalnuts,9390705
2026-07-06T10:02:25.496240,2026-07-06T10:02:25.500323+00:00,154.5,3,ask,YieldingYams,Xuanyu Liu,9390708
2026-07-06T10:02:25.637243,2026-07-06T10:02:25.648958+00:00,154.5,8,ask,YieldingYams,Zhangyue Shen,9390710
2026-07-06T10:02:27.351721,2026-07-06T10:02:27.364486+00:00,154.4,200,ask,YieldingYams,WavyWalnuts,9390727
2026-07-06T10:02:27.625828,2026-07-06T10:02:27.636430+00:00,154.4,500,ask,AverageAlmonds,YieldingYams,9390735
2026-07-06T10:02:27.893019,2026-07-06T10:02:27.896706+00:00,154.3,20,ask,AverageAlmonds,Xuanyu Liu,9390740
2026-07-06T10:02:27.910363,2026-07-06T10:02:27.922795+00:00,154.3,8,ask,AverageAlmonds,Zhangyue Shen,9390743
2026-07-06T10:02:28.495603,2026-07-06T10:02:28.507533+00:00,154.4,9,bid,Kaleb Liu,YieldingYams,9390749
2026-07-06T10:02:28.518842,2026-07-06T10:02:28.523142+00:00,154.3,1,ask,AverageAlmonds,Xuanyu Liu,9390752
2026-07-06T10:02:28.677852,2026-07-06T10:02:28.690160+00:00,154.3,8,ask,AverageAlmonds,Zhangyue Shen,9390755
2026-07-06T10:02:28.936472,2026-07-06T10:02:28.957735+00:00,154.5,200,bid,YieldingYams,WavyWalnuts,9390759
2026-07-06T10:02:28.953631,2026-07-06T10:02:28.957735+00:00,154.5,22,ask,YieldingYams,Xuanyu Liu,9390761
2026-07-06T10:02:29.510556,2026-07-06T10:02:29.522483+00:00,154.7,13,bid,Kaleb Liu,YieldingYams,9390773
2026-07-06T10:02:30.210920,2026-07-06T10:02:30.220906+00:00,154.5,8,ask,YieldingYams,Zhangyue Shen,9390790
2026-07-06T10:02:32.485145,2026-07-06T10:02:32.495532+00:00,154.8,8,bid,Zhangyue Shen,YieldingYams,9390831
2026-07-06T10:02:36.937104,2026-07-06T10:02:36.944317+00:00,154.9,500,ask,YieldingYams,AverageAlmonds,9390888
2026-07-06T10:02:37.531559,2026-07-06T10:02:37.542123+00:00,154.9,125,ask,YieldingYams,AverageAlmonds,9390895
2026-07-06T10:02:37.531559,2026-07-06T10:02:37.542123+00:00,154.8,200,ask,WavyWalnuts,AverageAlmonds,9390896
2026-07-06T10:02:39.435808,2026-07-06T10:02:39.444426+00:00,154.8,500,bid,YieldingYams,AverageAlmonds,9390916
2026-07-06T10:02:39.966888,2026-07-06T10:02:39.975370+00:00,154.8,125,ask,YieldingYams,AverageAlmonds,9390920
2026-07-06T10:02:41.900272,2026-07-06T10:02:41.910835+00:00,154.7,200,bid,WavyWalnuts,YieldingYams,9390948
2026-07-06T10:02:42.387329,2026-07-06T10:02:42.395782+00:00,154.6,500,ask,YieldingYams,AverageAlmonds,9390958
2026-07-06T10:02:42.982141,2026-07-06T10:02:42.993040+00:00,154.6,125,ask,YieldingYams,AverageAlmonds,9390969
2026-07-06T10:02:43.110131,2026-07-06T10:02:43.121842+00:00,154.5,200,bid,WavyWalnuts,AverageAlmonds,9390972
2026-07-06T10:02:43.614248,2026-07-06T10:02:43.622098+00:00,154.3,5,ask,YieldingYams,Kaleb Liu,9390978
2026-07-06T10:02:44.321352,2026-07-06T10:02:44.331846+00:00,154.5,200,bid,WavyWalnuts,AverageAlmonds,9390997
2026-07-06T10:02:45.433285,2026-07-06T10:02:45.440813+00:00,154.3,500,ask,YieldingYams,AverageAlmonds,9391007
2026-07-06T10:02:45.532000,2026-07-06T10:02:45.539635+00:00,154.5,200,bid,WavyWalnuts,YieldingYams,9391009
2026-07-06T10:02:45.541508,2026-07-06T10:02:45.550213+00:00,154.3,8,ask,YieldingYams,Zhangyue Shen,9391010
2026-07-06T10:02:46.028837,2026-07-06T10:02:46.039652+00:00,154.2,500,ask,YieldingYams,AverageAlmonds,9391015
2026-07-06T10:02:46.628441,2026-07-06T10:02:46.636096+00:00,154.2,125,ask,YieldingYams,AverageAlmonds,9391027
2026-07-06T10:02:46.743199,2026-07-06T10:02:46.750535+00:00,154.2,200,bid,WavyWalnuts,AverageAlmonds,9391030
2026-07-06T10:02:47.953399,2026-07-06T10:02:47.961669+00:00,153.9,200,bid,WavyWalnuts,YieldingYams,9391045
2026-07-06T10:02:49.162945,2026-07-06T10:02:49.171606+00:00,153.9,200,bid,WavyWalnuts,YieldingYams,9391063
2026-07-06T10:02:50.373282,2026-07-06T10:02:50.381467+00:00,153.9,200,bid,WavyWalnuts,YieldingYams,9391088
2026-07-06T10:02:54.917466,2026-07-06T10:02:54.927136+00:00,154.0,20,bid,BrilliantBurritos,YieldingYams,9391159
2026-07-06T10:02:57.732168,2026-07-06T10:02:57.739544+00:00,154.3,8,bid,Zhangyue Shen,YieldingYams,9391186
2026-07-06T10:02:59.999544,2026-07-06T10:03:00.011331+00:00,154.3,8,bid,Zhangyue Shen,YieldingYams,9391221
2026-07-06T10:03:00.457779,2026-07-06T10:03:00.480196+00:00,154.1,200,ask,WavyWalnuts,YieldingYams,9391228
2026-07-06T10:03:00.475875,2026-07-06T10:03:00.480196+00:00,154.1,23,bid,Xuanyu Liu,YieldingYams,9391230
2026-07-06T10:03:02.064348,2026-07-06T10:03:02.076380+00:00,154.3,8,bid,Zhangyue Shen,WavyWalnuts,9391255
2026-07-06T10:03:03.735859,2026-07-06T10:03:03.747760+00:00,154.3,20,bid,BrilliantBurritos,YieldingYams,9391277
2026-07-06T10:03:04.074650,2026-07-06T10:03:04.086932+00:00,154.1,8,ask,YieldingYams,Zhangyue Shen,9391286
2026-07-06T10:03:05.287217,2026-07-06T10:03:05.296234+00:00,154.2,20,bid,BrilliantBurritos,WavyWalnuts,9391303
2026-07-06T10:03:10.404446,2026-07-06T10:03:10.415712+00:00,154.1,8,bid,Zhangyue Shen,YieldingYams,9391371
2026-07-06T10:03:10.950627,2026-07-06T10:03:10.957499+00:00,154.1,200,bid,WavyWalnuts,YieldingYams,9391374
2026-07-06T10:03:12.161822,2026-07-06T10:03:12.169618+00:00,154.1,200,bid,WavyWalnuts,YieldingYams,9391392
2026-07-06T10:03:13.621549,2026-07-06T10:03:13.628646+00:00,154.1,200,bid,YieldingYams,WavyWalnuts,9391410
2026-07-06T10:03:18.495545,2026-07-06T10:03:18.506130+00:00,154.2,8,ask,YieldingYams,Zhangyue Shen,9391465
2026-07-06T10:03:18.896836,2026-07-06T10:03:18.900774+00:00,154.3,11,ask,YieldingYams,Xuanyu Liu,9391475
2026-07-06T10:03:20.921831,2026-07-06T10:03:20.930952+00:00,154.5,20,bid,BrilliantBurritos,AverageAlmonds,9391501
2026-07-06T10:03:21.025891,2026-07-06T10:03:21.035752+00:00,154.5,8,bid,Zhangyue Shen,AverageAlmonds,9391503
2026-07-06T10:03:24.267054,2026-07-06T10:03:24.278529+00:00,154.4,200,bid,WavyWalnuts,AverageAlmonds,9391537
2026-07-06T10:03:25.320436,2026-07-06T10:03:25.332872+00:00,154.4,8,bid,Zhangyue Shen,AverageAlmonds,9391549
2026-07-06T10:03:26.613808,2026-07-06T10:03:26.622635+00:00,154.3,200,ask,WavyWalnuts,AverageAlmonds,9391565
2026-07-06T10:03:26.628931,2026-07-06T10:03:26.632926+00:00,154.3,11,bid,Xuanyu Liu,AverageAlmonds,9391567
2026-07-06T10:03:27.314870,2026-07-06T10:03:27.326957+00:00,154.2,20,ask,YieldingYams,BrilliantBurritos,9391576
2026-07-06T10:03:30.319184,2026-07-06T10:03:30.327991+00:00,154.4,200,bid,WavyWalnuts,AverageAlmonds,9391600
2026-07-06T10:03:33.964945,2026-07-06T10:03:33.975679+00:00,154.3,200,ask,YieldingYams,WavyWalnuts,9391643
2026-07-06T10:03:34.360182,2026-07-06T10:03:34.372158+00:00,154.5,8,bid,Zhangyue Shen,YieldingYams,9391646
2026-07-06T10:03:35.094488,2026-07-06T10:03:35.103737+00:00,154.5,20,bid,BrilliantBurritos,YieldingYams,9391655
2026-07-06T10:03:37.134677,2026-07-06T10:03:37.149559+00:00,154.2,8,ask,YieldingYams,Zhangyue Shen,9391677
2026-07-06T10:03:37.779566,2026-07-06T10:03:37.791766+00:00,154.2,20,ask,WavyWalnuts,BrilliantBurritos,9391689
2026-07-06T10:03:38.157583,2026-07-06T10:03:38.169312+00:00,154.4,8,bid,Zhangyue Shen,YieldingYams,9391697
2026-07-06T10:03:38.810006,2026-07-06T10:03:38.818094+00:00,154.3,200,ask,YieldingYams,WavyWalnuts,9391704
2026-07-06T10:03:39.958456,2026-07-06T10:03:39.969977+00:00,154.1,8,ask,YieldingYams,Zhangyue Shen,9391727
2026-07-06T10:03:40.464158,2026-07-06T10:03:40.476124+00:00,154.1,8,ask,YieldingYams,Zhangyue Shen,9391736
2026-07-06T10:03:43.666244,2026-07-06T10:03:43.670389+00:00,154.2,11,ask,WavyWalnuts,Xuanyu Liu,9391775
2026-07-06T10:03:45.748811,2026-07-06T10:03:45.758544+00:00,154.4,8,bid,Zhangyue Shen,YieldingYams,9391804
2026-07-06T10:03:47.064819,2026-07-06T10:03:47.068966+00:00,154.2,34,ask,WavyWalnuts,Xuanyu Liu,9391817
2026-07-06T10:03:47.281036,2026-07-06T10:03:47.288133+00:00,154.3,200,bid,WavyWalnuts,YieldingYams,9391818
2026-07-06T10:03:48.418671,2026-07-06T10:03:48.422943+00:00,154.3,8,ask,AverageAlmonds,Xuanyu Liu,9391836
2026-07-06T10:03:49.708299,2026-07-06T10:03:49.719723+00:00,154.4,200,ask,AverageAlmonds,WavyWalnuts,9391848
2026-07-06T10:03:50.575039,2026-07-06T10:03:50.583844+00:00,154.5,8,ask,YieldingYams,Zhangyue Shen,9391855
2026-07-06T10:03:51.687568,2026-07-06T10:03:51.698368+00:00,154.6,200,bid,YieldingYams,WavyWalnuts,9391866
2026-07-06T10:03:52.693258,2026-07-06T10:03:52.702283+00:00,154.6,8,ask,YieldingYams,Zhangyue Shen,9391877
2026-07-06T10:03:53.499895,2026-07-06T10:03:53.503907+00:00,154.6,8,bid,Xuanyu Liu,YieldingYams,9391892
2026-07-06T10:03:53.751404,2026-07-06T10:03:53.753465+00:00,154.5,8,ask,WavyWalnuts,Zhangyue Shen,9391897
2026-07-06T10:03:54.545799,2026-07-06T10:03:54.554238+00:00,154.5,8,ask,YieldingYams,Zhangyue Shen,9391914
2026-07-06T10:03:58.959032,2026-07-06T10:03:58.969410+00:00,154.7,20,ask,YieldingYams,BrilliantBurritos,9391976
2026-07-06T10:03:59.397054,2026-07-06T10:03:59.407969+00:00,154.7,200,ask,YieldingYams,WavyWalnuts,9391980
2026-07-06T10:04:00.305802,2026-07-06T10:04:00.317608+00:00,154.8,20,bid,BrilliantBurritos,YieldingYams,9391991
2026-07-06T10:04:00.863553,2026-07-06T10:04:00.872313+00:00,154.7,200,bid,YieldingYams,WavyWalnuts,9392001
2026-07-06T10:04:01.817904,2026-07-06T10:04:01.825480+00:00,154.8,200,ask,YieldingYams,WavyWalnuts,9392010
2026-07-06T10:04:04.454694,2026-07-06T10:04:04.459700+00:00,154.6,12,ask,YieldingYams,Xuanyu Liu,9392045
2026-07-06T10:04:05.373521,2026-07-06T10:04:05.380202+00:00,154.6,28,ask,WavyWalnuts,Kaleb Liu,9392061
2026-07-06T10:04:09.570879,2026-07-06T10:04:09.580084+00:00,154.8,20,bid,BrilliantBurritos,YieldingYams,9392127
2026-07-06T10:04:11.374916,2026-07-06T10:04:11.376305+00:00,154.6,200,bid,YieldingYams,WavyWalnuts,9392155
2026-07-06T10:04:13.937199,2026-07-06T10:04:13.947287+00:00,154.6,200,ask,YieldingYams,WavyWalnuts,9392193
2026-07-06T10:04:15.148113,2026-07-06T10:04:15.158616+00:00,154.6,200,bid,WavyWalnuts,YieldingYams,9392208
2026-07-06T10:04:18.716085,2026-07-06T10:04:18.720231+00:00,154.8,23,bid,Xuanyu Liu,WavyWalnuts,9392247
2026-07-06T10:04:19.529838,2026-07-06T10:04:19.541749+00:00,154.8,7,bid,Kaleb Liu,WavyWalnuts,9392255
2026-07-06T10:04:19.999276,2026-07-06T10:04:20.008981+00:00,154.7,200,ask,YieldingYams,WavyWalnuts,9392263
2026-07-06T10:04:20.252037,2026-07-06T10:04:20.263723+00:00,155.0,8,bid,Zhangyue Shen,YieldingYams,9392266
2026-07-06T10:04:20.507657,2026-07-06T10:04:20.516610+00:00,154.7,8,ask,YieldingYams,Zhangyue Shen,9392270
2026-07-06T10:04:20.545959,2026-07-06T10:04:20.558581+00:00,154.7,6,ask,YieldingYams,Kaleb Liu,9392272
2026-07-06T10:04:20.763804,2026-07-06T10:04:20.775969+00:00,154.9,6,bid,Zhangyue Shen,YieldingYams,9392276
2026-07-06T10:04:21.559425,2026-07-06T10:04:21.571332+00:00,154.9,2,bid,Kaleb Liu,YieldingYams,9392282
2026-07-06T10:04:22.359249,2026-07-06T10:04:22.369366+00:00,155.0,20,bid,BrilliantBurritos,WavyWalnuts,9392292
2026-07-06T10:04:22.577915,2026-07-06T10:04:22.589292+00:00,154.8,3,ask,WavyWalnuts,Kaleb Liu,9392294
2026-07-06T10:04:24.507816,2026-07-06T10:04:24.519916+00:00,155.0,20,bid,BrilliantBurritos,YieldingYams,9392316
2026-07-06T10:04:24.596151,2026-07-06T10:04:24.607763+00:00,154.9,7,bid,Kaleb Liu,YieldingYams,9392317
2026-07-06T10:04:24.790923,2026-07-06T10:04:24.802946+00:00,154.8,6,ask,WavyWalnuts,Zhangyue Shen,9392320
2026-07-06T10:04:25.044352,2026-07-06T10:04:25.048370+00:00,154.9,11,bid,Xuanyu Liu,YieldingYams,9392327
2026-07-06T10:04:25.307205,2026-07-06T10:04:25.319251+00:00,154.9,8,bid,Zhangyue Shen,YieldingYams,9392333
2026-07-06T10:04:25.626258,2026-07-06T10:04:25.637972+00:00,154.9,4,bid,Kaleb Liu,YieldingYams,9392338
2026-07-06T10:04:28.417017,2026-07-06T10:04:28.426056+00:00,154.9,20,bid,BrilliantBurritos,YieldingYams,9392363
2026-07-06T10:04:29.640871,2026-07-06T10:04:29.649998+00:00,154.9,8,ask,YieldingYams,Zhangyue Shen,9392384
2026-07-06T10:04:29.656304,2026-07-06T10:04:29.668310+00:00,155.0,4,bid,Kaleb Liu,WavyWalnuts,9392385
2026-07-06T10:04:30.675699,2026-07-06T10:04:30.686542+00:00,155.1,5,bid,Kaleb Liu,WavyWalnuts,9392400
2026-07-06T10:04:31.418453,2026-07-06T10:04:31.427207+00:00,155.2,8,bid,Zhangyue Shen,YieldingYams,9392409
2026-07-06T10:04:32.479586,2026-07-06T10:04:32.483719+00:00,155.1,12,bid,Xuanyu Liu,YieldingYams,9392423
2026-07-06T10:04:33.316963,2026-07-06T10:04:33.325004+00:00,155.1,200,bid,WavyWalnuts,YieldingYams,9392443
2026-07-06T10:04:33.689497,2026-07-06T10:04:33.699520+00:00,155.1,8,bid,Zhangyue Shen,YieldingYams,9392448
2026-07-06T10:04:36.978498,2026-07-06T10:04:36.988765+00:00,154.9,8,ask,YieldingYams,Zhangyue Shen,9392489
2026-07-06T10:04:39.021965,2026-07-06T10:04:39.029835+00:00,155.1,200,bid,YieldingYams,WavyWalnuts,9392515
2026-07-06T10:04:42.039647,2026-07-06T10:04:42.047872+00:00,155.3,8,bid,Zhangyue Shen,WavyWalnuts,9392547
2026-07-06T10:04:42.999268,2026-07-06T10:04:43.006322+00:00,155.2,200,ask,YieldingYams,WavyWalnuts,9392562
2026-07-06T10:04:44.232222,2026-07-06T10:04:44.237249+00:00,155.4,19,bid,Xuanyu Liu,WavyWalnuts,9392575
2026-07-06T10:04:44.238349,2026-07-06T10:04:44.242766+00:00,155.4,4,bid,Xuanyu Liu,WavyWalnuts,9392576
2026-07-06T10:04:44.294312,2026-07-06T10:04:44.298256+00:00,155.3,11,bid,Xuanyu Liu,YieldingYams,9392578
2026-07-06T10:04:44.312641,2026-07-06T10:04:44.324119+00:00,155.3,8,bid,Zhangyue Shen,YieldingYams,9392579
2026-07-06T10:04:45.082209,2026-07-06T10:04:45.094625+00:00,155.1,8,ask,WavyWalnuts,Zhangyue Shen,9392590
2026-07-06T10:04:45.592014,2026-07-06T10:04:45.600280+00:00,155.2,8,bid,Zhangyue Shen,WavyWalnuts,9392597
2026-07-06T10:04:46.900661,2026-07-06T10:04:46.908801+00:00,155.3,200,bid,YieldingYams,WavyWalnuts,9392607
2026-07-06T10:04:46.921983,2026-07-06T10:04:46.926656+00:00,155.3,7,ask,YieldingYams,Xuanyu Liu,9392609
2026-07-06T10:04:47.117085,2026-07-06T10:04:47.124491+00:00,155.5,7,bid,Zhangyue Shen,AverageAlmonds,9392612
2026-07-06T10:04:47.842106,2026-07-06T10:04:47.850767+00:00,155.3,200,ask,YieldingYams,WavyWalnuts,9392621
2026-07-06T10:04:48.360806,2026-07-06T10:04:48.370217+00:00,155.3,500,ask,YieldingYams,AverageAlmonds,9392624
2026-07-06T10:04:48.954102,2026-07-06T10:04:48.958563+00:00,155.3,125,ask,YieldingYams,AverageAlmonds,9392630
2026-07-06T10:04:49.050935,2026-07-06T10:04:49.058581+00:00,155.3,200,bid,WavyWalnuts,AverageAlmonds,9392632
2026-07-06T10:04:50.275637,2026-07-06T10:04:50.279534+00:00,155.3,4,ask,WavyWalnuts,Xuanyu Liu,9392644
2026-07-06T10:04:50.428342,2026-07-06T10:04:50.440387+00:00,155.4,4,bid,Zhangyue Shen,YieldingYams,9392646
2026-07-06T10:04:53.469316,2026-07-06T10:04:53.479447+00:00,155.3,200,ask,WavyWalnuts,YieldingYams,9392688
2026-07-06T10:04:55.347336,2026-07-06T10:04:55.359188+00:00,155.3,20,bid,BrilliantBurritos,AverageAlmonds,9392714
2026-07-06T10:04:56.744579,2026-07-06T10:04:56.748810+00:00,155.1,12,ask,YieldingYams,Xuanyu Liu,9392731
2026-07-06T10:04:57.125297,2026-07-06T10:04:57.137441+00:00,155.1,20,ask,YieldingYams,BrilliantBurritos,9392741
2026-07-06T10:04:57.404892,2026-07-06T10:04:57.412978+00:00,155.1,200,ask,WavyWalnuts,YieldingYams,9392747
2026-07-06T10:04:57.530583,2026-07-06T10:04:57.539144+00:00,155.1,200,bid,WavyWalnuts,YieldingYams,9392750
2026-07-06T10:04:57.545252,2026-07-06T10:04:57.554586+00:00,154.8,4,ask,YieldingYams,Zhangyue Shen,9392751
2026-07-06T10:04:58.741834,2026-07-06T10:04:58.751371+00:00,155.0,200,bid,WavyWalnuts,YieldingYams,9392766
2026-07-06T10:05:00.352622,2026-07-06T10:05:00.364837+00:00,155.0,8,bid,Zhangyue Shen,YieldingYams,9392788
2026-07-06T10:05:01.174114,2026-07-06T10:05:01.183480+00:00,155.0,200,bid,WavyWalnuts,YieldingYams,9392800
2026-07-06T10:05:02.643835,2026-07-06T10:05:02.654416+00:00,155.0,200,ask,WavyWalnuts,YieldingYams,9392816
2026-07-06T10:05:06.599095,2026-07-06T10:05:06.610749+00:00,154.9,20,bid,BrilliantBurritos,YieldingYams,9392869
2026-07-06T10:05:09.207643,2026-07-06T10:05:09.216735+00:00,154.7,200,ask,WavyWalnuts,YieldingYams,9392898
2026-07-06T10:05:09.207643,2026-07-06T10:05:09.216735+00:00,154.7,425,ask,AverageAlmonds,YieldingYams,9392899
2026-07-06T10:05:09.891290,2026-07-06T10:05:09.903556+00:00,154.9,8,bid,Zhangyue Shen,WavyWalnuts,9392906
2026-07-06T10:05:10.880111,2026-07-06T10:05:10.890991+00:00,154.8,200,ask,YieldingYams,WavyWalnuts,9392921
2026-07-06T10:05:12.087479,2026-07-06T10:05:12.098204+00:00,154.8,200,ask,YieldingYams,WavyWalnuts,9392938
2026-07-06T10:05:12.162726,2026-07-06T10:05:12.174199+00:00,155.1,8,bid,Zhangyue Shen,YieldingYams,9392942
2026-07-06T10:05:13.294950,2026-07-06T10:05:13.303733+00:00,154.9,200,ask,YieldingYams,WavyWalnuts,9392965
2026-07-06T10:05:14.209421,2026-07-06T10:05:14.217101+00:00,155.2,8,bid,Zhangyue Shen,YieldingYams,9392972
2026-07-06T10:05:14.437502,2026-07-06T10:05:14.450050+00:00,155.2,20,bid,BrilliantBurritos,YieldingYams,9392978
2026-07-06T10:05:14.475136,2026-07-06T10:05:14.479637+00:00,155.1,12,bid,Xuanyu Liu,YieldingYams,9392981
2026-07-06T10:05:15.001018,2026-07-06T10:05:15.008187+00:00,155.1,6,bid,Kaleb Liu,YieldingYams,9392992
2026-07-06T10:05:17.248993,2026-07-06T10:05:17.258592+00:00,155.2,8,bid,Zhangyue Shen,WavyWalnuts,9393021
2026-07-06T10:05:18.355843,2026-07-06T10:05:18.368216+00:00,155.0,20,ask,YieldingYams,BrilliantBurritos,9393038
2026-07-06T10:05:19.282092,2026-07-06T10:05:19.289074+00:00,155.2,8,bid,Zhangyue Shen,WavyWalnuts,9393052
2026-07-06T10:05:19.725938,2026-07-06T10:05:19.729946+00:00,155.1,11,bid,Xuanyu Liu,YieldingYams,9393056
2026-07-06T10:05:20.050911,2026-07-06T10:05:20.058600+00:00,155.1,7,bid,Kaleb Liu,YieldingYams,9393064
2026-07-06T10:05:21.315275,2026-07-06T10:05:21.327162+00:00,155.2,8,bid,Zhangyue Shen,WavyWalnuts,9393084
2026-07-06T10:05:22.361094,2026-07-06T10:05:22.372865+00:00,155.2,200,bid,YieldingYams,WavyWalnuts,9393099
2026-07-06T10:05:22.714220,2026-07-06T10:05:22.725998+00:00,155.2,20,ask,YieldingYams,BrilliantBurritos,9393108
2026-07-06T10:05:22.974190,2026-07-06T10:05:22.982744+00:00,155.2,200,ask,YieldingYams,WavyWalnuts,9393110
2026-07-06T10:05:23.342514,2026-07-06T10:05:23.349680+00:00,155.3,8,bid,Zhangyue Shen,AverageAlmonds,9393117
2026-07-06T10:05:23.411762,2026-07-06T10:05:23.423904+00:00,155.3,20,bid,BrilliantBurritos,AverageAlmonds,9393118
2026-07-06T10:05:23.516543,2026-07-06T10:05:23.520559+00:00,155.3,3,bid,Xuanyu Liu,AverageAlmonds,9393123
2026-07-06T10:05:23.861289,2026-07-06T10:05:23.869598+00:00,155.3,8,bid,Zhangyue Shen,AverageAlmonds,9393130
2026-07-06T10:05:25.111782,2026-07-06T10:05:25.123921+00:00,155.2,67,bid,Kaleb Liu,WavyWalnuts,9393149
2026-07-06T10:05:25.629914,2026-07-06T10:05:25.642270+00:00,155.2,8,bid,Zhangyue Shen,YieldingYams,9393158
2026-07-06T10:05:27.652148,2026-07-06T10:05:27.658547+00:00,155.2,7,bid,Zhangyue Shen,AverageAlmonds,9393183
2026-07-06T10:05:27.743956,2026-07-06T10:05:27.752200+00:00,155.1,200,ask,WavyWalnuts,AverageAlmonds,9393184
2026-07-06T10:05:28.123768,2026-07-06T10:05:28.136092+00:00,154.9,20,ask,YieldingYams,BrilliantBurritos,9393187
2026-07-06T10:05:28.914670,2026-07-06T10:05:28.922119+00:00,154.9,200,ask,WavyWalnuts,YieldingYams,9393195
2026-07-06T10:05:28.974250,2026-07-06T10:05:28.978162+00:00,154.9,3,bid,Xuanyu Liu,YieldingYams,9393198
2026-07-06T10:05:28.978546,2026-07-06T10:05:28.993854+00:00,154.9,35,bid,Tanishq Panjwani,YieldingYams,9393199
2026-07-06T10:05:29.022682,2026-07-06T10:05:29.035068+00:00,154.9,200,bid,WavyWalnuts,YieldingYams,9393204
2026-07-06T10:05:29.076180,2026-07-06T10:05:29.083753+00:00,154.9,35,bid,Tanishq Panjwani,YieldingYams,9393207
2026-07-06T10:05:29.164546,2026-07-06T10:05:29.176629+00:00,154.9,35,bid,Tanishq Panjwani,YieldingYams,9393210
2026-07-06T10:05:29.254388,2026-07-06T10:05:29.266283+00:00,154.9,35,bid,Tanishq Panjwani,YieldingYams,9393212
2026-07-06T10:05:29.343359,2026-07-06T10:05:29.358555+00:00,154.9,5,bid,Tanishq Panjwani,YieldingYams,9393215
2026-07-06T10:05:30.245657,2026-07-06T10:05:30.249836+00:00,155.0,35,ask,YieldingYams,Tanishq Panjwani,9393221
2026-07-06T10:05:30.245845,2026-07-06T10:05:30.265132+00:00,155.0,3,ask,YieldingYams,Xuanyu Liu,9393222
2026-07-06T10:05:30.334695,2026-07-06T10:05:30.345358+00:00,155.0,35,ask,YieldingYams,Tanishq Panjwani,9393225
2026-07-06T10:05:30.424841,2026-07-06T10:05:30.436447+00:00,155.0,27,ask,YieldingYams,Tanishq Panjwani,9393227
2026-07-06T10:05:31.032202,2026-07-06T10:05:31.045058+00:00,155.1,20,bid,BrilliantBurritos,WavyWalnuts,9393237
2026-07-06T10:05:31.450956,2026-07-06T10:05:31.458565+00:00,155.0,200,ask,YieldingYams,WavyWalnuts,9393244
2026-07-06T10:05:32.843609,2026-07-06T10:05:32.853869+00:00,154.9,200,ask,WavyWalnuts,YieldingYams,9393265
2026-07-06T10:05:35.164781,2026-07-06T10:05:35.174915+00:00,154.8,35,ask,WavyWalnuts,Tanishq Panjwani,9393292
2026-07-06T10:05:35.253721,2026-07-06T10:05:35.258556+00:00,154.8,13,ask,WavyWalnuts,Tanishq Panjwani,9393295
2026-07-06T10:05:35.463063,2026-07-06T10:05:35.474477+00:00,154.8,152,ask,WavyWalnuts,YieldingYams,9393298
2026-07-06T10:05:36.294378,2026-07-06T10:05:36.302239+00:00,154.8,200,bid,WavyWalnuts,YieldingYams,9393323
2026-07-06T10:05:37.187062,2026-07-06T10:05:37.199101+00:00,154.6,20,ask,YieldingYams,BrilliantBurritos,9393333
2026-07-06T10:05:39.056916,2026-07-06T10:05:39.063942+00:00,154.7,20,ask,WavyWalnuts,BrilliantBurritos,9393351
2026-07-06T10:05:43.315707,2026-07-06T10:05:43.325543+00:00,154.8,200,ask,WavyWalnuts,YieldingYams,9393415
2026-07-06T10:05:43.567897,2026-07-06T10:05:43.576454+00:00,154.8,200,bid,WavyWalnuts,YieldingYams,9393421
2026-07-06T10:05:47.832181,2026-07-06T10:05:47.841117+00:00,155.0,20,bid,BrilliantBurritos,WavyWalnuts,9393482
2026-07-06T10:05:48.232007,2026-07-06T10:05:48.243791+00:00,155.0,5,bid,Richard Zhang,WavyWalnuts,9393486
2026-07-06T10:05:49.646256,2026-07-06T10:05:49.658635+00:00,154.8,6,ask,YieldingYams,Zhangyue Shen,9393506
2026-07-06T10:05:51.292032,2026-07-06T10:05:51.302849+00:00,155.0,5,bid,Richard Zhang,WavyWalnuts,9393530
2026-07-06T10:05:53.264787,2026-07-06T10:05:53.276114+00:00,154.9,200,bid,WavyWalnuts,YieldingYams,9393565
2026-07-06T10:05:53.562631,2026-07-06T10:05:53.571600+00:00,154.7,20,ask,YieldingYams,BrilliantBurritos,9393568
2026-07-06T10:05:53.693777,2026-07-06T10:05:53.705947+00:00,154.9,8,bid,Zhangyue Shen,YieldingYams,9393570
2026-07-06T10:05:55.826921,2026-07-06T10:05:55.839002+00:00,154.9,20,ask,YieldingYams,BrilliantBurritos,9393604
2026-07-06T10:05:57.441455,2026-07-06T10:05:57.452758+00:00,155.1,5,bid,Richard Zhang,YieldingYams,9393626
2026-07-06T10:06:02.955806,2026-07-06T10:06:02.958617+00:00,155.0,200,ask,YieldingYams,WavyWalnuts,9393688
2026-07-06T10:06:05.087031,2026-07-06T10:06:05.098931+00:00,154.9,20,ask,YieldingYams,BrilliantBurritos,9393712
2026-07-06T10:06:10.855883,2026-07-06T10:06:10.858669+00:00,155.0,200,bid,YieldingYams,WavyWalnuts,9393780
2026-07-06T10:06:11.056734,2026-07-06T10:06:11.058646+00:00,155.2,20,bid,BrilliantBurritos,YieldingYams,9393784
2026-07-06T10:06:13.321188,2026-07-06T10:06:13.333235+00:00,155.2,20,bid,BrilliantBurritos,YieldingYams,9393808
2026-07-06T10:06:13.874647,2026-07-06T10:06:13.885228+00:00,155.2,200,ask,YieldingYams,WavyWalnuts,9393818
2026-07-06T10:06:15.082713,2026-07-06T10:06:15.093485+00:00,155.2,200,ask,YieldingYams,WavyWalnuts,9393839
2026-07-06T10:06:17.421089,2026-07-06T10:06:17.431697+00:00,155.4,200,bid,YieldingYams,WavyWalnuts,9393872
2026-07-06T10:06:17.421089,2026-07-06T10:06:17.431697+00:00,155.4,425,bid,YieldingYams,AverageAlmonds,9393873
2026-07-06T10:06:17.817987,2026-07-06T10:06:17.829627+00:00,155.4,5,bid,Richard Zhang,AverageAlmonds,9393882
2026-07-06T10:06:21.359611,2026-07-06T10:06:21.368690+00:00,155.2,200,bid,YieldingYams,WavyWalnuts,9393928
2026-07-06T10:06:25.967077,2026-07-06T10:06:25.975359+00:00,155.3,200,ask,YieldingYams,WavyWalnuts,9393987
2026-07-06T10:06:26.035610,2026-07-06T10:06:26.047639+00:00,155.3,20,ask,YieldingYams,BrilliantBurritos,9393988
2026-07-06T10:06:27.173820,2026-07-06T10:06:27.183346+00:00,155.2,200,ask,YieldingYams,WavyWalnuts,9394000
2026-07-06T10:06:27.983011,2026-07-06T10:06:27.993348+00:00,155.3,5,bid,Richard Zhang,YieldingYams,9394009
2026-07-06T10:06:29.004705,2026-07-06T10:06:29.019859+00:00,155.3,5,bid,Richard Zhang,YieldingYams,9394025
2026-07-06T10:06:32.058468,2026-07-06T10:06:32.069226+00:00,155.2,5,ask,YieldingYams,Richard Zhang,9394064
2026-07-06T10:06:32.285378,2026-07-06T10:06:32.297506+00:00,155.2,20,ask,YieldingYams,BrilliantBurritos,9394067
2026-07-06T10:06:34.094048,2026-07-06T10:06:34.105311+00:00,155.5,5,bid,Richard Zhang,WavyWalnuts,9394083
2026-07-06T10:06:35.115226,2026-07-06T10:06:35.126780+00:00,155.4,5,ask,YieldingYams,Richard Zhang,9394102
2026-07-06T10:06:35.650748,2026-07-06T10:06:35.659320+00:00,155.4,200,ask,YieldingYams,WavyWalnuts,9394105
2026-07-06T10:06:36.863852,2026-07-06T10:06:36.875257+00:00,155.4,200,ask,YieldingYams,WavyWalnuts,9394120
2026-07-06T10:06:37.202280,2026-07-06T10:06:37.213438+00:00,155.6,5,bid,Richard Zhang,YieldingYams,9394125
2026-07-06T10:06:38.075698,2026-07-06T10:06:38.087275+00:00,155.4,200,ask,YieldingYams,WavyWalnuts,9394131
2026-07-06T10:06:40.498998,2026-07-06T10:06:40.507193+00:00,155.4,200,ask,YieldingYams,WavyWalnuts,9394162
2026-07-06T10:06:41.110465,2026-07-06T10:06:41.115138+00:00,155.4,3,bid,Xuanyu Liu,YieldingYams,9394170
2026-07-06T10:06:42.544166,2026-07-06T10:06:42.553211+00:00,155.4,20,bid,BrilliantBurritos,YieldingYams,9394185
2026-07-06T10:06:44.123381,2026-07-06T10:06:44.134141+00:00,155.3,200,bid,WavyWalnuts,YieldingYams,9394203
2026-07-06T10:06:45.017050,2026-07-06T10:06:45.021539+00:00,155.3,3,ask,YieldingYams,Xuanyu Liu,9394211
2026-07-06T10:06:47.755569,2026-07-06T10:06:47.758626+00:00,155.3,200,bid,WavyWalnuts,YieldingYams,9394243
2026-07-06T10:06:48.962570,2026-07-06T10:06:48.969951+00:00,155.4,200,bid,WavyWalnuts,YieldingYams,9394252
2026-07-06T10:06:50.172430,2026-07-06T10:06:50.179102+00:00,155.4,200,bid,WavyWalnuts,YieldingYams,9394265
2026-07-06T10:06:51.383400,2026-07-06T10:06:51.390894+00:00,155.4,200,ask,YieldingYams,WavyWalnuts,9394279
2026-07-06T10:06:52.468812,2026-07-06T10:06:52.479823+00:00,155.7,5,bid,Richard Zhang,YieldingYams,9394299
2026-07-06T10:06:53.827639,2026-07-06T10:06:53.831585+00:00,155.6,3,bid,Xuanyu Liu,WavyWalnuts,9394331
2026-07-06T10:06:53.889898,2026-07-06T10:06:53.902260+00:00,155.6,35,bid,Tanishq Panjwani,WavyWalnuts,9394332
2026-07-06T10:06:53.981086,2026-07-06T10:06:53.993161+00:00,155.6,35,bid,Tanishq Panjwani,WavyWalnuts,9394334
2026-07-06T10:06:54.071705,2026-07-06T10:06:54.083785+00:00,155.6,27,bid,Tanishq Panjwani,WavyWalnuts,9394338
2026-07-06T10:06:54.503560,2026-07-06T10:06:54.512775+00:00,155.6,5,bid,Richard Zhang,WavyWalnuts,9394343
2026-07-06T10:06:57.588964,2026-07-06T10:06:57.600020+00:00,155.6,5,ask,WavyWalnuts,Richard Zhang,9394392
2026-07-06T10:06:58.491162,2026-07-06T10:06:58.501871+00:00,155.7,35,bid,Tanishq Panjwani,YieldingYams,9394402
2026-07-06T10:06:58.579719,2026-07-06T10:06:58.591321+00:00,155.7,35,bid,Tanishq Panjwani,YieldingYams,9394404
2026-07-06T10:06:58.667925,2026-07-06T10:06:58.676643+00:00,155.7,10,bid,Tanishq Panjwani,YieldingYams,9394407
2026-07-06T10:06:59.109358,2026-07-06T10:06:59.117727+00:00,155.5,20,ask,WavyWalnuts,BrilliantBurritos,9394410
2026-07-06T10:06:59.365789,2026-07-06T10:06:59.375174+00:00,155.5,20,ask,WavyWalnuts,BrilliantBurritos,9394416
2026-07-06T10:06:59.486097,2026-07-06T10:06:59.490402+00:00,155.6,11,bid,Xuanyu Liu,YieldingYams,9394418
2026-07-06T10:06:59.873336,2026-07-06T10:06:59.883385+00:00,155.6,200,bid,WavyWalnuts,YieldingYams,9394430
2026-07-06T10:07:01.081395,2026-07-06T10:07:01.091222+00:00,155.7,200,bid,WavyWalnuts,AverageAlmonds,9394438
2026-07-06T10:07:02.191685,2026-07-06T10:07:02.205954+00:00,155.8,20,bid,BrilliantBurritos,AverageAlmonds,9394450
2026-07-06T10:07:03.400778,2026-07-06T10:07:03.410919+00:00,155.7,200,ask,WavyWalnuts,YieldingYams,9394462
2026-07-06T10:07:03.495142,2026-07-06T10:07:03.502802+00:00,155.7,200,bid,WavyWalnuts,YieldingYams,9394464
2026-07-06T10:07:07.781965,2026-07-06T10:07:07.790731+00:00,155.7,5,ask,YieldingYams,Richard Zhang,9394520
2026-07-06T10:07:11.848867,2026-07-06T10:07:11.863652+00:00,155.7,5,ask,WavyWalnuts,Richard Zhang,9394569
2026-07-06T10:07:12.905017,2026-07-06T10:07:12.915086+00:00,156.0,5,bid,Richard Zhang,WavyWalnuts,9394583
2026-07-06T10:07:15.246557,2026-07-06T10:07:15.258577+00:00,156.0,200,bid,YieldingYams,WavyWalnuts,9394619
2026-07-06T10:07:15.246557,2026-07-06T10:07:15.258577+00:00,156.0,425,bid,YieldingYams,AverageAlmonds,9394620
2026-07-06T10:07:16.103995,2026-07-06T10:07:16.125621+00:00,155.8,200,ask,WavyWalnuts,AverageAlmonds,9394638
2026-07-06T10:07:16.571860,2026-07-06T10:07:16.577343+00:00,155.7,11,ask,YieldingYams,Xuanyu Liu,9394645
2026-07-06T10:07:16.725842,2026-07-06T10:07:16.736564+00:00,155.7,500,ask,YieldingYams,AverageAlmonds,9394650
2026-07-06T10:07:17.317250,2026-07-06T10:07:17.328165+00:00,155.7,114,ask,YieldingYams,AverageAlmonds,9394662
2026-07-06T10:07:17.317250,2026-07-06T10:07:17.328165+00:00,155.7,200,ask,WavyWalnuts,AverageAlmonds,9394663
2026-07-06T10:07:17.575605,2026-07-06T10:07:17.585124+00:00,154.9,8,ask,AverageAlmonds,Zhangyue Shen,9394671
2026-07-06T10:07:17.878342,2026-07-06T10:07:17.882419+00:00,155.5,3,ask,YieldingYams,Xuanyu Liu,9394679
2026-07-06T10:07:19.256835,2026-07-06T10:07:19.267279+00:00,155.6,200,bid,WavyWalnuts,YieldingYams,9394706
2026-07-06T10:07:20.468760,2026-07-06T10:07:20.476085+00:00,155.6,200,bid,WavyWalnuts,YieldingYams,9394718
2026-07-06T10:07:23.117571,2026-07-06T10:07:23.127489+00:00,155.4,200,ask,WavyWalnuts,YieldingYams,9394759
2026-07-06T10:07:25.613219,2026-07-06T10:07:25.620505+00:00,155.2,35,ask,WavyWalnuts,Tanishq Panjwani,9394784
2026-07-06T10:07:25.701098,2026-07-06T10:07:25.709224+00:00,155.2,35,ask,WavyWalnuts,Tanishq Panjwani,9394786
2026-07-06T10:07:25.798570,2026-07-06T10:07:25.810384+00:00,155.2,35,ask,WavyWalnuts,Tanishq Panjwani,9394788
2026-07-06T10:07:25.889128,2026-07-06T10:07:25.896787+00:00,155.2,35,ask,WavyWalnuts,Tanishq Panjwani,9394793
2026-07-06T10:07:25.981572,2026-07-06T10:07:25.991511+00:00,155.2,18,ask,WavyWalnuts,Tanishq Panjwani,9394798
2026-07-06T10:07:26.170966,2026-07-06T10:07:26.183148+00:00,155.4,8,bid,Zhangyue Shen,YieldingYams,9394802
2026-07-06T10:07:27.864610,2026-07-06T10:07:27.876636+00:00,155.4,20,bid,BrilliantBurritos,YieldingYams,9394821
2026-07-06T10:07:28.207149,2026-07-06T10:07:28.225416+00:00,155.2,8,ask,YieldingYams,Zhangyue Shen,9394829
2026-07-06T10:07:28.938553,2026-07-06T10:07:28.950462+00:00,155.4,200,bid,WavyWalnuts,YieldingYams,9394842
2026-07-06T10:07:30.148199,2026-07-06T10:07:30.157081+00:00,155.3,200,bid,WavyWalnuts,YieldingYams,9394858
2026-07-06T10:07:30.625804,2026-07-06T10:07:30.633776+00:00,155.3,425,bid,AverageAlmonds,YieldingYams,9394861
2026-07-06T10:07:30.647226,2026-07-06T10:07:30.654421+00:00,155.3,19,ask,AverageAlmonds,Tanishq Panjwani,9394863
2026-07-06T10:07:41.863685,2026-07-06T10:07:41.875535+00:00,155.5,8,bid,Zhangyue Shen,YieldingYams,9395001
2026-07-06T10:07:41.975106,2026-07-06T10:07:41.982172+00:00,155.3,20,ask,WavyWalnuts,BrilliantBurritos,9395003
2026-07-06T10:07:42.808718,2026-07-06T10:07:42.816744+00:00,155.3,200,ask,WavyWalnuts,YieldingYams,9395017
2026-07-06T10:07:43.487550,2026-07-06T10:07:43.495828+00:00,155.3,200,bid,WavyWalnuts,YieldingYams,9395029
2026-07-06T10:07:44.701865,2026-07-06T10:07:44.712113+00:00,155.4,200,ask,YieldingYams,WavyWalnuts,9395057
2026-07-06T10:07:45.432093,2026-07-06T10:07:45.442384+00:00,155.3,500,ask,AverageAlmonds,YieldingYams,9395063
2026-07-06T10:07:45.739727,2026-07-06T10:07:45.748507+00:00,155.3,125,bid,AverageAlmonds,YieldingYams,9395066
2026-07-06T10:07:46.350451,2026-07-06T10:07:46.361903+00:00,155.4,200,bid,AverageAlmonds,WavyWalnuts,9395078
2026-07-06T10:07:47.126306,2026-07-06T10:07:47.133606+00:00,155.4,200,ask,YieldingYams,WavyWalnuts,9395089
2026-07-06T10:07:47.179918,2026-07-06T10:07:47.191998+00:00,155.4,8,ask,YieldingYams,Zhangyue Shen,9395090
2026-07-06T10:07:48.336593,2026-07-06T10:07:48.345169+00:00,155.5,200,ask,AverageAlmonds,WavyWalnuts,9395104
2026-07-06T10:07:49.376269,2026-07-06T10:07:49.387237+00:00,155.5,500,ask,AverageAlmonds,YieldingYams,9395118
2026-07-06T10:07:49.395502,2026-07-06T10:07:49.403006+00:00,155.4,125,bid,AverageAlmonds,YieldingYams,9395119
2026-07-06T10:07:50.034307,2026-07-06T10:07:50.044472+00:00,155.5,8,bid,Zhangyue Shen,WavyWalnuts,9395128
2026-07-06T10:07:50.687246,2026-07-06T10:07:50.694438+00:00,155.5,192,bid,YieldingYams,WavyWalnuts,9395133
2026-07-06T10:07:51.308714,2026-07-06T10:07:51.320665+00:00,155.6,8,ask,YieldingYams,Zhangyue Shen,9395149
2026-07-06T10:07:51.960664,2026-07-06T10:07:51.971018+00:00,155.6,200,ask,YieldingYams,WavyWalnuts,9395154
2026-07-06T10:07:52.001571,2026-07-06T10:07:52.010218+00:00,155.5,500,ask,AverageAlmonds,YieldingYams,9395156
2026-07-06T10:07:52.095850,2026-07-06T10:07:52.103417+00:00,155.3,8,ask,WavyWalnuts,Zhangyue Shen,9395161
2026-07-06T10:07:52.395818,2026-07-06T10:07:52.403444+00:00,155.5,125,bid,AverageAlmonds,YieldingYams,9395165
2026-07-06T10:07:53.138438,2026-07-06T10:07:53.150300+00:00,155.6,3,ask,AverageAlmonds,Zhangyue Shen,9395184
2026-07-06T10:07:53.410914,2026-07-06T10:07:53.419075+00:00,155.6,8,ask,AverageAlmonds,Zhangyue Shen,9395189
2026-07-06T10:07:54.075097,2026-07-06T10:07:54.079166+00:00,155.6,3,ask,WavyWalnuts,Xuanyu Liu,9395201
2026-07-06T10:07:54.379741,2026-07-06T10:07:54.390470+00:00,155.7,200,bid,WavyWalnuts,YieldingYams,9395205
2026-07-06T10:07:54.438185,2026-07-06T10:07:54.458820+00:00,155.6,2,ask,AverageAlmonds,Kaleb Liu,9395209
2026-07-06T10:07:54.632699,2026-07-06T10:07:54.636666+00:00,155.7,11,ask,YieldingYams,Xuanyu Liu,9395214
2026-07-06T10:07:54.692888,2026-07-06T10:07:54.699741+00:00,155.7,8,ask,YieldingYams,Zhangyue Shen,9395216
2026-07-06T10:07:55.462084,2026-07-06T10:07:55.468904+00:00,155.7,4,ask,YieldingYams,Kaleb Liu,9395226
2026-07-06T10:07:55.480206,2026-07-06T10:07:55.484165+00:00,155.9,11,bid,Xuanyu Liu,YieldingYams,9395229
2026-07-06T10:07:55.712288,2026-07-06T10:07:55.720836+00:00,155.7,8,ask,YieldingYams,Zhangyue Shen,9395236
2026-07-06T10:07:57.281573,2026-07-06T10:07:57.291455+00:00,155.8,200,ask,WavyWalnuts,YieldingYams,9395250
2026-07-06T10:07:58.012316,2026-07-06T10:07:58.024312+00:00,155.8,200,bid,WavyWalnuts,YieldingYams,9395260
2026-07-06T10:07:58.176288,2026-07-06T10:07:58.188628+00:00,155.8,20,bid,BrilliantBurritos,YieldingYams,9395261
2026-07-06T10:07:58.860668,2026-07-06T10:07:58.872664+00:00,156.0,20,bid,BrilliantBurritos,WavyWalnuts,9395273
2026-07-06T10:08:01.218735,2026-07-06T10:08:01.230700+00:00,155.8,200,ask,WavyWalnuts,YieldingYams,9395304
2026-07-06T10:08:02.034314,2026-07-06T10:08:02.044923+00:00,155.7,8,ask,AverageAlmonds,Zhangyue Shen,9395307
2026-07-06T10:08:02.530663,2026-07-06T10:08:02.542624+00:00,155.8,200,bid,YieldingYams,WavyWalnuts,9395318
2026-07-06T10:08:02.861705,2026-07-06T10:08:02.870075+00:00,155.8,200,ask,YieldingYams,WavyWalnuts,9395324
2026-07-06T10:08:03.525638,2026-07-06T10:08:03.533139+00:00,156.0,6,bid,Kaleb Liu,YieldingYams,9395330
2026-07-06T10:08:03.552351,2026-07-06T10:08:03.564328+00:00,155.8,6,ask,YieldingYams,Zhangyue Shen,9395332
2026-07-06T10:08:04.071076,2026-07-06T10:08:04.080355+00:00,155.7,200,ask,YieldingYams,WavyWalnuts,9395343
2026-07-06T10:08:05.037213,2026-07-06T10:08:05.049249+00:00,155.8,20,ask,AverageAlmonds,BrilliantBurritos,9395347
2026-07-06T10:08:06.474063,2026-07-06T10:08:06.481536+00:00,155.8,500,ask,AverageAlmonds,YieldingYams,9395363
2026-07-06T10:08:06.747651,2026-07-06T10:08:06.751820+00:00,155.7,11,ask,WavyWalnuts,Xuanyu Liu,9395367
2026-07-06T10:08:06.830630,2026-07-06T10:08:06.838256+00:00,155.7,10,ask,WavyWalnuts,Zhangyue Shen,9395370
2026-07-06T10:08:06.934584,2026-07-06T10:08:06.942557+00:00,155.8,125,bid,AverageAlmonds,YieldingYams,9395371
2026-07-06T10:08:06.969816,2026-07-06T10:08:06.974552+00:00,155.8,12,ask,AverageAlmonds,Xuanyu Liu,9395375
2026-07-06T10:08:07.602215,2026-07-06T10:08:07.611193+00:00,155.8,8,ask,AverageAlmonds,Zhangyue Shen,9395393
2026-07-06T10:08:07.706448,2026-07-06T10:08:07.715412+00:00,155.8,200,ask,AverageAlmonds,WavyWalnuts,9395395
2026-07-06T10:08:07.797369,2026-07-06T10:08:07.801776+00:00,156.0,23,ask,YieldingYams,Xuanyu Liu,9395397
2026-07-06T10:08:08.918602,2026-07-06T10:08:08.928751+00:00,156.0,200,ask,YieldingYams,WavyWalnuts,9395411
2026-07-06T10:08:09.865114,2026-07-06T10:08:09.869394+00:00,156.2,23,bid,Xuanyu Liu,YieldingYams,9395436
2026-07-06T10:08:10.143215,2026-07-06T10:08:10.147393+00:00,156.1,12,bid,Xuanyu Liu,WavyWalnuts,9395439
2026-07-06T10:08:11.724039,2026-07-06T10:08:11.731944+00:00,156.1,200,bid,YieldingYams,WavyWalnuts,9395457
2026-07-06T10:08:12.546293,2026-07-06T10:08:12.555901+00:00,156.1,200,ask,YieldingYams,WavyWalnuts,9395471
2026-07-06T10:08:12.564641,2026-07-06T10:08:12.575745+00:00,156.1,8,ask,YieldingYams,Zhangyue Shen,9395472
2026-07-06T10:08:13.754914,2026-07-06T10:08:13.768998+00:00,156.1,200,bid,WavyWalnuts,YieldingYams,9395488
