timestamp,recv_time,price,volume,aggressor_side,buyer,seller,trade_id
2026-07-01T20:59:58.957761,2026-07-01T11:00:00.353448+00:00,87.3,7,ask,,,2187738
2026-07-01T20:59:58.957761,2026-07-01T11:00:00.353448+00:00,87.3,1,ask,,,2187739
2026-07-01T20:59:59.033998,2026-07-01T11:00:00.430244+00:00,87.3,20,ask,,,2187747
2026-07-01T20:59:59.084947,2026-07-01T11:00:00.485716+00:00,87.3,8,ask,,,2187749
2026-07-01T20:59:59.425869,2026-07-01T11:00:00.824718+00:00,87.3,10,ask,,,2187771
2026-07-01T21:00:00.166335,2026-07-01T11:00:01.569719+00:00,87.4,200,bid,,,2187780
2026-07-01T21:00:01.333607,2026-07-01T11:00:02.726210+00:00,87.3,8,ask,,,2187807
2026-07-01T21:00:01.377315,2026-07-01T11:00:03.085546+00:00,87.3,200,bid,,,2187808
2026-07-01T21:00:02.211386,2026-07-01T11:00:03.609994+00:00,87.3,2,bid,,,2187816
2026-07-01T21:00:04.904510,2026-07-01T11:00:06.308732+00:00,87.3,20,ask,,,2187895
2026-07-01T21:00:05.015481,2026-07-01T11:00:06.407731+00:00,87.5,200,bid,,,2187896
2026-07-01T21:00:05.296898,2026-07-01T11:00:06.692221+00:00,87.5,103,ask,,,2187900
2026-07-01T21:00:06.016202,2026-07-01T11:00:07.415115+00:00,87.5,10,ask,,,2187923
2026-07-01T21:00:06.226233,2026-07-01T11:00:07.622734+00:00,87.5,200,ask,,,2187927
2026-07-01T21:00:07.188680,2026-07-01T11:00:08.586948+00:00,87.4,20,bid,,,2187951
2026-07-01T21:00:07.221245,2026-07-01T11:00:08.619949+00:00,87.4,2,bid,,,2187952
2026-07-01T21:00:08.045401,2026-07-01T11:00:09.443223+00:00,87.5,10,bid,,,2187976
2026-07-01T21:00:10.528214,2026-07-01T11:00:12.150746+00:00,87.5,200,bid,,,2188026
2026-07-01T21:00:10.545621,2026-07-01T11:00:12.150746+00:00,87.6,97,ask,,,2188028
2026-07-01T21:00:12.233995,2026-07-01T11:00:13.629590+00:00,87.6,2,bid,,,2188053
2026-07-01T21:00:13.153543,2026-07-01T11:00:14.549721+00:00,87.5,200,ask,,,2188077
2026-07-01T21:00:13.487030,2026-07-01T11:00:14.889122+00:00,87.5,200,bid,,,2188083
2026-07-01T21:00:14.154050,2026-07-01T11:00:15.555646+00:00,87.5,10,bid,,,2188090
2026-07-01T21:00:15.907813,2026-07-01T11:00:17.304048+00:00,87.6,200,bid,,,2188125
2026-07-01T21:00:17.078413,2026-07-01T11:00:18.494814+00:00,87.5,500,bid,,,2188148
2026-07-01T21:00:17.130723,2026-07-01T11:00:18.549328+00:00,87.5,125,ask,,,2188152
2026-07-01T21:00:17.241251,2026-07-01T11:00:18.637762+00:00,87.5,1,bid,,,2188156
2026-07-01T21:00:18.392306,2026-07-01T11:00:19.787192+00:00,87.4,200,ask,,,2188170
2026-07-01T21:00:18.409478,2026-07-01T11:00:19.809191+00:00,87.3,100,bid,,,2188172
2026-07-01T21:00:18.776106,2026-07-01T11:00:20.181415+00:00,87.3,35,bid,,,2188174
2026-07-01T21:00:18.864453,2026-07-01T11:00:20.257502+00:00,87.3,50,bid,,,2188176
2026-07-01T21:00:18.868861,2026-07-01T11:00:20.268502+00:00,87.3,35,bid,,,2188177
2026-07-01T21:00:18.959090,2026-07-01T11:00:20.358548+00:00,87.3,30,bid,,,2188181
2026-07-01T21:00:19.546585,2026-07-01T11:00:20.938640+00:00,87.3,175,bid,,,2188190
2026-07-01T21:00:19.698321,2026-07-01T11:00:21.102521+00:00,87.5,200,bid,,,2188197
2026-07-01T21:00:19.698321,2026-07-01T11:00:21.102521+00:00,87.6,425,bid,,,2188198
2026-07-01T21:00:20.208264,2026-07-01T11:00:21.606287+00:00,87.6,20,bid,,,2188204
2026-07-01T21:00:23.595726,2026-07-01T11:00:24.987819+00:00,87.4,20,ask,,,2188254
2026-07-01T21:00:24.385540,2026-07-01T11:00:25.785653+00:00,87.5,9,bid,,,2188268
2026-07-01T21:00:24.427036,2026-07-01T11:00:25.829653+00:00,87.5,35,ask,,,2188270
2026-07-01T21:00:24.518408,2026-07-01T11:00:25.916781+00:00,87.5,35,ask,,,2188272
2026-07-01T21:00:24.611606,2026-07-01T11:00:26.014781+00:00,87.5,30,ask,,,2188274
2026-07-01T21:00:24.949804,2026-07-01T11:00:26.345300+00:00,87.6,8,bid,,,2188281
2026-07-01T21:00:24.949804,2026-07-01T11:00:26.345300+00:00,87.6,500,bid,,,2188282
2026-07-01T21:00:25.097929,2026-07-01T11:00:26.498774+00:00,87.7,35,bid,,,2188293
2026-07-01T21:00:25.156676,2026-07-01T11:00:26.553317+00:00,87.7,15,bid,,,2188297
2026-07-01T21:00:25.503878,2026-07-01T11:00:26.903985+00:00,87.6,117,ask,,,2188299
2026-07-01T21:00:25.503878,2026-07-01T11:00:26.903985+00:00,87.5,91,ask,,,2188300
2026-07-01T21:00:25.527397,2026-07-01T11:00:26.925500+00:00,87.5,100,bid,,,2188302
2026-07-01T21:00:26.283662,2026-07-01T11:00:27.679836+00:00,87.4,200,ask,,,2188313
2026-07-01T21:00:26.807399,2026-07-01T11:00:28.203906+00:00,87.3,200,bid,,,2188326
2026-07-01T21:00:27.140077,2026-07-01T11:00:28.533303+00:00,87.3,20,bid,,,2188329
2026-07-01T21:00:30.448486,2026-07-01T11:00:31.841859+00:00,87.4,200,ask,,,2188393
2026-07-01T21:00:31.658168,2026-07-01T11:00:33.055799+00:00,87.4,200,bid,,,2188429
2026-07-01T21:00:34.156107,2026-07-01T11:00:35.549010+00:00,87.5,500,bid,,,2188479
2026-07-01T21:00:34.183586,2026-07-01T11:00:35.582010+00:00,87.5,35,ask,,,2188481
2026-07-01T21:00:34.283294,2026-07-01T11:00:35.680805+00:00,87.5,50,ask,,,2188484
2026-07-01T21:00:34.460809,2026-07-01T11:00:35.865806+00:00,87.5,15,ask,,,2188488
2026-07-01T21:00:34.596112,2026-07-01T11:00:35.997807+00:00,87.5,25,ask,,,2188491
2026-07-01T21:00:35.471204,2026-07-01T11:00:36.866217+00:00,87.3,2,ask,,,2188519
2026-07-01T21:00:35.471204,2026-07-01T11:00:36.866217+00:00,87.3,200,ask,,,2188520
2026-07-01T21:00:37.718986,2026-07-01T11:00:39.297474+00:00,87.3,200,ask,,,2188572
2026-07-01T21:00:38.091336,2026-07-01T11:00:39.495389+00:00,87.2,4,ask,,,2188581
2026-07-01T21:00:38.091336,2026-07-01T11:00:39.495389+00:00,87.1,500,ask,,,2188582
2026-07-01T21:00:39.404189,2026-07-01T11:00:40.797181+00:00,87.2,200,bid,,,2188616
2026-07-01T21:00:40.141227,2026-07-01T11:00:41.541058+00:00,87.3,200,ask,,,2188631
2026-07-01T21:00:40.494588,2026-07-01T11:00:41.892334+00:00,87.3,10,ask,,,2188636
2026-07-01T21:00:40.748118,2026-07-01T11:00:42.144328+00:00,87.2,2,ask,,,2188646
2026-07-01T21:00:40.748118,2026-07-01T11:00:42.144328+00:00,87.1,200,ask,,,2188647
2026-07-01T21:00:40.748118,2026-07-01T11:00:42.154830+00:00,87.1,423,ask,,,2188648
2026-07-01T21:00:41.349760,2026-07-01T11:00:42.746823+00:00,87.2,3,ask,,,2188663
2026-07-01T21:00:41.859680,2026-07-01T11:00:43.259824+00:00,87.2,197,bid,,,2188672
2026-07-01T21:00:42.079851,2026-07-01T11:00:43.477509+00:00,87.3,57,ask,,,2188677
2026-07-01T21:00:42.272304,2026-07-01T11:00:43.664766+00:00,87.3,25,ask,,,2188685
2026-07-01T21:00:43.771177,2026-07-01T11:00:45.163841+00:00,87.3,200,ask,,,2188728
2026-07-01T21:00:44.045766,2026-07-01T11:00:45.447832+00:00,87.3,10,ask,,,2188734
2026-07-01T21:00:48.679833,2026-07-01T11:00:50.078843+00:00,87.2,200,bid,,,2188844
2026-07-01T21:00:49.995493,2026-07-01T11:00:51.392845+00:00,87.2,200,ask,,,2188872
2026-07-01T21:00:50.923429,2026-07-01T11:00:52.317339+00:00,87.2,425,bid,,,2188894
2026-07-01T21:00:51.192266,2026-07-01T11:00:52.590400+00:00,87.3,20,bid,,,2188900
2026-07-01T21:00:51.303777,2026-07-01T11:00:52.699916+00:00,87.3,180,bid,,,2188901
2026-07-01T21:00:51.324786,2026-07-01T11:00:52.721916+00:00,87.3,143,ask,,,2188904
2026-07-01T21:00:52.114390,2026-07-01T11:00:53.508851+00:00,87.3,10,ask,,,2188931
2026-07-01T21:00:52.617318,2026-07-01T11:00:54.012368+00:00,87.4,200,ask,,,2188938
2026-07-01T21:00:53.466233,2026-07-01T11:00:54.867854+00:00,87.4,200,bid,,,2188955
2026-07-01T21:00:54.679785,2026-07-01T11:00:56.074924+00:00,87.5,200,bid,,,2188985
2026-07-01T21:00:55.898230,2026-07-01T11:00:57.293448+00:00,87.5,200,ask,,,2189010
2026-07-01T21:00:59.175404,2026-07-01T11:01:00.576262+00:00,87.6,4,bid,,,2189089
2026-07-01T21:00:59.175404,2026-07-01T11:01:00.576262+00:00,87.6,500,bid,,,2189090
2026-07-01T21:00:59.419433,2026-07-01T11:01:00.819482+00:00,87.6,121,ask,,,2189099
2026-07-01T21:01:00.030199,2026-07-01T11:01:01.432450+00:00,87.5,200,ask,,,2189108
2026-07-01T21:01:03.182033,2026-07-01T11:01:04.576222+00:00,87.3,5,ask,,,2189169
2026-07-01T21:01:03.182033,2026-07-01T11:01:04.576222+00:00,87.3,195,ask,,,2189170
2026-07-01T21:01:04.845356,2026-07-01T11:01:06.238135+00:00,87.3,4,ask,,,2189209
2026-07-01T21:01:04.845356,2026-07-01T11:01:06.249136+00:00,87.3,6,ask,,,2189210
2026-07-01T21:01:05.354124,2026-07-01T11:01:06.750388+00:00,87.3,10,ask,,,2189222
2026-07-01T21:01:06.876154,2026-07-01T11:01:08.269573+00:00,87.3,10,bid,,,2189262
2026-07-01T21:01:08.366375,2026-07-01T11:01:09.760894+00:00,87.2,3,ask,,,2189294
2026-07-01T21:01:08.366375,2026-07-01T11:01:09.760894+00:00,87.2,500,ask,,,2189295
2026-07-01T21:01:08.366375,2026-07-01T11:01:09.771894+00:00,87.2,122,ask,,,2189296
2026-07-01T21:01:08.406673,2026-07-01T11:01:09.804454+00:00,87.4,10,bid,,,2189297
2026-07-01T21:01:11.029609,2026-07-01T11:01:12.423967+00:00,87.4,200,bid,,,2189351
2026-07-01T21:01:11.663724,2026-07-01T11:01:13.058902+00:00,87.4,200,ask,,,2189370
2026-07-01T21:01:12.311462,2026-07-01T11:01:13.715846+00:00,87.4,25,ask,,,2189376
2026-07-01T21:01:15.505978,2026-07-01T11:01:16.899327+00:00,87.3,10,ask,,,2189440
2026-07-01T21:01:15.930341,2026-07-01T11:01:17.327431+00:00,87.4,20,bid,,,2189450
2026-07-01T21:01:18.926856,2026-07-01T11:01:20.320477+00:00,87.2,3,ask,,,2189515
2026-07-01T21:01:18.926856,2026-07-01T11:01:20.320477+00:00,87.2,200,ask,,,2189516
2026-07-01T21:01:18.926856,2026-07-01T11:01:20.331477+00:00,87.2,422,ask,,,2189517
2026-07-01T21:01:21.647330,2026-07-01T11:01:23.045653+00:00,87.3,10,bid,,,2189566
2026-07-01T21:01:22.599600,2026-07-01T11:01:24.002403+00:00,87.3,200,bid,,,2189582
2026-07-01T21:01:23.807712,2026-07-01T11:01:25.203365+00:00,87.4,200,bid,,,2189610
2026-07-01T21:01:25.554761,2026-07-01T11:01:26.964029+00:00,87.3,20,ask,,,2189657
2026-07-01T21:01:26.814780,2026-07-01T11:01:28.218002+00:00,87.4,200,ask,,,2189678
2026-07-01T21:01:27.445178,2026-07-01T11:01:28.842478+00:00,87.3,200,bid,,,2189696
2026-07-01T21:01:27.728581,2026-07-01T11:01:29.127945+00:00,87.3,10,bid,,,2189698
2026-07-01T21:01:30.763654,2026-07-01T11:01:32.159516+00:00,87.4,200,ask,,,2189769
2026-07-01T21:01:30.779718,2026-07-01T11:01:32.181517+00:00,87.4,10,bid,,,2189771
2026-07-01T21:01:31.079386,2026-07-01T11:01:32.478470+00:00,87.3,200,ask,,,2189775
2026-07-01T21:01:32.336793,2026-07-01T11:01:33.732361+00:00,87.4,25,ask,,,2189800
2026-07-01T21:01:35.180523,2026-07-01T11:01:36.580964+00:00,87.4,20,bid,,,2189866
2026-07-01T21:01:35.992818,2026-07-01T11:01:37.389483+00:00,87.4,200,bid,,,2189881
2026-07-01T21:01:37.201435,2026-07-01T11:01:38.603940+00:00,87.5,200,bid,,,2189907
2026-07-01T21:01:38.415913,2026-07-01T11:01:39.817006+00:00,87.5,200,bid,,,2189937
2026-07-01T21:01:39.630584,2026-07-01T11:01:41.025189+00:00,87.4,200,ask,,,2189964
2026-07-01T21:01:40.839935,2026-07-01T11:01:42.242116+00:00,87.5,200,bid,,,2189987
2026-07-01T21:01:42.669940,2026-07-01T11:01:44.072984+00:00,87.5,200,ask,,,2190021
2026-07-01T21:01:45.335259,2026-07-01T11:01:46.734050+00:00,87.5,20,bid,,,2190094
2026-07-01T21:01:47.509971,2026-07-01T11:01:48.912511+00:00,87.5,10,bid,,,2190149
2026-07-01T21:01:48.108023,2026-07-01T11:01:49.505166+00:00,87.4,200,ask,,,2190165
2026-07-01T21:01:50.545639,2026-07-01T11:01:51.945908+00:00,87.4,200,ask,,,2190210
2026-07-01T21:01:51.753526,2026-07-01T11:01:53.148759+00:00,87.3,200,bid,,,2190234
2026-07-01T21:01:52.366330,2026-07-01T11:01:53.762504+00:00,87.4,3,ask,,,2190246
2026-07-01T21:01:53.167811,2026-07-01T11:01:54.562553+00:00,87.5,200,bid,,,2190256
2026-07-01T21:01:53.167811,2026-07-01T11:01:54.562553+00:00,87.6,2,bid,,,2190257
2026-07-01T21:01:53.167811,2026-07-01T11:01:54.573551+00:00,87.6,423,bid,,,2190258
2026-07-01T21:01:54.496471,2026-07-01T11:01:55.899503+00:00,87.5,35,bid,,,2190298
2026-07-01T21:01:54.585711,2026-07-01T11:01:55.986844+00:00,87.5,35,bid,,,2190301
2026-07-01T21:01:54.679248,2026-07-01T11:01:56.075016+00:00,87.5,13,bid,,,2190308
2026-07-01T21:01:58.464166,2026-07-01T11:01:59.892528+00:00,87.4,8,ask,,,2190399
2026-07-01T21:01:58.572317,2026-07-01T11:01:59.991442+00:00,87.4,8,ask,,,2190405
2026-07-01T21:01:58.686240,2026-07-01T11:02:00.079088+00:00,87.4,8,ask,,,2190412
2026-07-01T21:01:58.798011,2026-07-01T11:02:00.200087+00:00,87.4,6,ask,,,2190418
2026-07-01T21:02:00.182602,2026-07-01T11:02:01.590741+00:00,87.5,35,bid,,,2190466
2026-07-01T21:02:00.194407,2026-07-01T11:02:01.590741+00:00,87.5,50,bid,,,2190468
2026-07-01T21:02:00.275577,2026-07-01T11:02:01.667883+00:00,87.5,24,bid,,,2190472
2026-07-01T21:02:00.732234,2026-07-01T11:02:02.128722+00:00,87.5,10,bid,,,2190480
2026-07-01T21:02:02.644761,2026-07-01T11:02:04.045037+00:00,87.4,200,ask,,,2190540
2026-07-01T21:02:03.851891,2026-07-01T11:02:05.250050+00:00,87.5,200,bid,,,2190563
2026-07-01T21:02:04.994428,2026-07-01T11:02:06.390041+00:00,87.3,1,ask,,,2190594
2026-07-01T21:02:05.061570,2026-07-01T11:02:06.455600+00:00,87.3,200,bid,,,2190596
2026-07-01T21:02:06.277593,2026-07-01T11:02:07.679514+00:00,87.3,200,bid,,,2190623
2026-07-01T21:02:12.912391,2026-07-01T11:02:14.316062+00:00,87.2,4,ask,,,2190807
2026-07-01T21:02:12.912391,2026-07-01T11:02:14.316062+00:00,87.2,200,ask,,,2190808
2026-07-01T21:02:12.948502,2026-07-01T11:02:14.349062+00:00,87.1,150,bid,,,2190812
2026-07-01T21:02:14.780590,2026-07-01T11:02:16.183633+00:00,87.1,200,ask,,,2190862
2026-07-01T21:02:15.550872,2026-07-01T11:02:16.952648+00:00,87.2,3,ask,,,2190887
2026-07-01T21:02:17.840332,2026-07-01T11:02:19.241571+00:00,87.2,20,bid,,,2190931
2026-07-01T21:02:18.409718,2026-07-01T11:02:19.811430+00:00,87.2,200,bid,,,2190949
2026-07-01T21:02:19.518977,2026-07-01T11:02:20.918078+00:00,87.1,1,ask,,,2190982
2026-07-01T21:02:19.618429,2026-07-01T11:02:21.017078+00:00,87.1,200,bid,,,2190989
2026-07-01T21:02:22.158033,2026-07-01T11:02:23.555751+00:00,87.2,200,ask,,,2191038
2026-07-01T21:02:23.263469,2026-07-01T11:02:24.662239+00:00,87.2,200,bid,,,2191067
2026-07-01T21:02:25.061337,2026-07-01T11:02:26.463690+00:00,87.2,10,ask,,,2191100
2026-07-01T21:02:28.103983,2026-07-01T11:02:29.497558+00:00,87.2,200,ask,,,2191151
2026-07-01T21:02:28.974763,2026-07-01T11:02:30.373092+00:00,87.3,20,bid,,,2191167
2026-07-01T21:02:31.326443,2026-07-01T11:02:32.729807+00:00,87.1,200,bid,,,2191204
2026-07-01T21:02:31.822956,2026-07-01T11:02:33.223691+00:00,87.1,146,ask,,,2191222
2026-07-01T21:02:33.948319,2026-07-01T11:02:35.349114+00:00,87.2,200,bid,,,2191275
2026-07-01T21:02:34.142900,2026-07-01T11:02:35.535118+00:00,87.3,200,ask,,,2191278
2026-07-01T21:02:35.349638,2026-07-01T11:02:36.750577+00:00,87.2,200,bid,,,2191318
2026-07-01T21:02:37.889962,2026-07-01T11:02:39.284583+00:00,87.1,200,ask,,,2191378
2026-07-01T21:02:37.889962,2026-07-01T11:02:39.284583+00:00,87.0,2,ask,,,2191379
2026-07-01T21:02:37.909596,2026-07-01T11:02:39.306385+00:00,87.0,1,bid,,,2191381
2026-07-01T21:02:38.161723,2026-07-01T11:02:39.557703+00:00,86.9,5,ask,,,2191388
2026-07-01T21:02:38.201829,2026-07-01T11:02:39.601701+00:00,86.9,42,ask,,,2191390
2026-07-01T21:02:38.451462,2026-07-01T11:02:39.854522+00:00,86.9,100,ask,,,2191394
2026-07-01T21:02:38.829919,2026-07-01T11:02:40.225178+00:00,87.0,20,bid,,,2191397
2026-07-01T21:02:39.202275,2026-07-01T11:02:40.597932+00:00,87.0,200,bid,,,2191408
2026-07-01T21:02:40.089219,2026-07-01T11:02:41.483638+00:00,87.2,20,bid,,,2191432
2026-07-01T21:02:40.547069,2026-07-01T11:02:41.942769+00:00,87.0,200,ask,,,2191446
2026-07-01T21:02:40.547069,2026-07-01T11:02:41.953767+00:00,87.0,425,ask,,,2191447
2026-07-01T21:02:43.168487,2026-07-01T11:02:44.563747+00:00,87.0,200,ask,,,2191507
2026-07-01T21:02:43.168487,2026-07-01T11:02:44.563747+00:00,87.0,425,ask,,,2191508
2026-07-01T21:02:44.475838,2026-07-01T11:02:45.878725+00:00,87.1,200,bid,,,2191551
2026-07-01T21:02:45.009410,2026-07-01T11:02:46.410561+00:00,87.1,200,ask,,,2191560
2026-07-01T21:02:45.980682,2026-07-01T11:02:47.377723+00:00,87.0,500,bid,,,2191582
2026-07-01T21:02:46.217980,2026-07-01T11:02:47.618146+00:00,87.0,125,bid,,,2191586
2026-07-01T21:02:49.270930,2026-07-01T11:02:50.667265+00:00,87.1,20,ask,,,2191653
2026-07-01T21:02:51.043639,2026-07-01T11:02:52.436839+00:00,87.1,500,ask,,,2191699
2026-07-01T21:02:51.063977,2026-07-01T11:02:52.458838+00:00,87.1,125,bid,,,2191702
2026-07-01T21:02:53.660601,2026-07-01T11:02:55.062301+00:00,87.3,2,bid,,,2191763
2026-07-01T21:02:53.660601,2026-07-01T11:02:55.062301+00:00,87.3,200,bid,,,2191764
2026-07-01T21:02:54.708171,2026-07-01T11:02:56.107835+00:00,87.3,200,ask,,,2191788
2026-07-01T21:02:56.924494,2026-07-01T11:02:58.326275+00:00,87.3,10,bid,,,2191843
2026-07-01T21:02:57.138165,2026-07-01T11:02:58.533653+00:00,87.3,35,bid,,,2191849
2026-07-01T21:02:57.209437,2026-07-01T11:02:58.610666+00:00,87.3,50,bid,,,2191851
2026-07-01T21:02:57.232211,2026-07-01T11:02:58.632677+00:00,87.3,35,bid,,,2191856
2026-07-01T21:02:57.334943,2026-07-01T11:02:58.730484+00:00,87.3,30,bid,,,2191858
2026-07-01T21:02:58.345103,2026-07-01T11:02:59.749017+00:00,87.2,200,ask,,,2191879
2026-07-01T21:03:00.542194,2026-07-01T11:03:01.938238+00:00,87.3,200,ask,,,2191935
2026-07-01T21:03:02.833845,2026-07-01T11:03:04.229451+00:00,87.2,20,ask,,,2191985
2026-07-01T21:03:03.509805,2026-07-01T11:03:04.910829+00:00,87.3,50,bid,,,2192002
2026-07-01T21:03:03.522349,2026-07-01T11:03:04.921829+00:00,87.3,35,bid,,,2192004
2026-07-01T21:03:03.613796,2026-07-01T11:03:05.009222+00:00,87.3,26,bid,,,2192006
2026-07-01T21:03:03.710535,2026-07-01T11:03:05.107311+00:00,87.3,39,bid,,,2192010
2026-07-01T21:03:04.394431,2026-07-01T11:03:05.794399+00:00,87.3,200,bid,,,2192021
2026-07-01T21:03:08.025238,2026-07-01T11:03:09.426111+00:00,87.4,200,ask,,,2192093
2026-07-01T21:03:09.235719,2026-07-01T11:03:10.628666+00:00,87.3,200,ask,,,2192123
2026-07-01T21:03:09.850734,2026-07-01T11:03:11.253733+00:00,87.4,50,bid,,,2192145
2026-07-01T21:03:09.979786,2026-07-01T11:03:11.374768+00:00,87.4,3,bid,,,2192147
2026-07-01T21:03:10.768293,2026-07-01T11:03:12.173367+00:00,87.2,200,ask,,,2192168
2026-07-01T21:03:10.768293,2026-07-01T11:03:12.173367+00:00,87.1,7,ask,,,2192169
2026-07-01T21:03:10.789313,2026-07-01T11:03:12.184368+00:00,87.1,51,bid,,,2192171
2026-07-01T21:03:10.851106,2026-07-01T11:03:12.250377+00:00,87.1,5,bid,,,2192176
2026-07-01T21:03:11.017396,2026-07-01T11:03:12.414894+00:00,87.0,20,ask,,,2192185
2026-07-01T21:03:11.652809,2026-07-01T11:03:13.049535+00:00,87.1,200,bid,,,2192199
2026-07-01T21:03:13.413605,2026-07-01T11:03:14.806185+00:00,87.2,200,bid,,,2192242
2026-07-01T21:03:14.541404,2026-07-01T11:03:15.934714+00:00,87.2,20,ask,,,2192271
2026-07-01T21:03:14.730516,2026-07-01T11:03:16.131884+00:00,87.2,200,ask,,,2192284
2026-07-01T21:03:15.094903,2026-07-01T11:03:16.492263+00:00,87.0,2,ask,,,2192296
2026-07-01T21:03:15.278897,2026-07-01T11:03:16.677523+00:00,87.1,200,bid,,,2192298
2026-07-01T21:03:16.506105,2026-07-01T11:03:17.905378+00:00,87.1,50,bid,,,2192328
2026-07-01T21:03:16.643622,2026-07-01T11:03:18.040896+00:00,87.1,10,bid,,,2192336
2026-07-01T21:03:18.915333,2026-07-01T11:03:20.313659+00:00,87.0,4,ask,,,2192390
2026-07-01T21:03:18.915333,2026-07-01T11:03:20.313659+00:00,87.0,196,ask,,,2192391
2026-07-01T21:03:19.854934,2026-07-01T11:03:21.255098+00:00,87.0,20,ask,,,2192407
2026-07-01T21:03:19.987248,2026-07-01T11:03:21.386296+00:00,87.0,5,ask,,,2192417
2026-07-01T21:03:21.333307,2026-07-01T11:03:23.026726+00:00,87.0,200,bid,,,2192444
2026-07-01T21:03:22.475258,2026-07-01T11:03:23.873124+00:00,87.0,25,bid,,,2192474
2026-07-01T21:03:24.985571,2026-07-01T11:03:26.383774+00:00,87.0,200,ask,,,2192517
2026-07-01T21:03:26.555987,2026-07-01T11:03:27.958354+00:00,87.1,200,bid,,,2192554
2026-07-01T21:03:26.555987,2026-07-01T11:03:27.958354+00:00,87.2,5,bid,,,2192555
2026-07-01T21:03:26.611960,2026-07-01T11:03:28.024354+00:00,87.3,35,ask,,,2192558
2026-07-01T21:03:26.717101,2026-07-01T11:03:28.112487+00:00,87.3,35,ask,,,2192570
2026-07-01T21:03:26.794032,2026-07-01T11:03:28.199618+00:00,87.3,50,ask,,,2192574
2026-07-01T21:03:26.812791,2026-07-01T11:03:28.210618+00:00,87.3,35,ask,,,2192577
2026-07-01T21:03:26.914304,2026-07-01T11:03:28.308430+00:00,87.3,35,ask,,,2192581
2026-07-01T21:03:27.005627,2026-07-01T11:03:28.406095+00:00,87.3,35,ask,,,2192586
2026-07-01T21:03:27.096404,2026-07-01T11:03:28.492256+00:00,87.3,1,ask,,,2192590
2026-07-01T21:03:27.201454,2026-07-01T11:03:28.601475+00:00,87.3,24,ask,,,2192592
2026-07-01T21:03:27.400882,2026-07-01T11:03:28.798562+00:00,87.3,170,ask,,,2192596
2026-07-01T21:03:27.490152,2026-07-01T11:03:28.886460+00:00,86.9,2,ask,,,2192598
2026-07-01T21:03:27.868932,2026-07-01T11:03:29.279705+00:00,87.0,30,bid,,,2192611
2026-07-01T21:03:31.031389,2026-07-01T11:03:32.450750+00:00,87.1,200,bid,,,2192654
2026-07-01T21:03:32.244603,2026-07-01T11:03:33.670916+00:00,87.1,200,bid,,,2192677
2026-07-01T21:03:32.501944,2026-07-01T11:03:33.922436+00:00,87.0,2,ask,,,2192679
2026-07-01T21:03:32.717818,2026-07-01T11:03:34.118242+00:00,87.1,8,bid,,,2192684
2026-07-01T21:03:33.000672,2026-07-01T11:03:34.406151+00:00,87.1,8,bid,,,2192699
2026-07-01T21:03:33.121826,2026-07-01T11:03:34.516230+00:00,87.2,200,bid,,,2192709
2026-07-01T21:03:33.121826,2026-07-01T11:03:34.516230+00:00,87.3,6,bid,,,2192710
2026-07-01T21:03:33.224883,2026-07-01T11:03:34.625199+00:00,87.4,9,bid,,,2192714
2026-07-01T21:03:33.457549,2026-07-01T11:03:34.854233+00:00,87.3,200,ask,,,2192721
2026-07-01T21:03:33.874336,2026-07-01T11:03:35.271063+00:00,87.3,219,ask,,,2192733
2026-07-01T21:03:33.887406,2026-07-01T11:03:35.293064+00:00,86.9,3,ask,,,2192734
2026-07-01T21:03:33.887406,2026-07-01T11:03:35.293064+00:00,86.9,7,ask,,,2192735
2026-07-01T21:03:35.886031,2026-07-01T11:03:37.278782+00:00,87.2,200,bid,,,2192784
2026-07-01T21:03:36.311533,2026-07-01T11:03:37.715447+00:00,87.2,8,bid,,,2192797
2026-07-01T21:03:36.431321,2026-07-01T11:03:37.825109+00:00,87.2,8,bid,,,2192805
2026-07-01T21:03:36.540341,2026-07-01T11:03:37.933071+00:00,87.2,6,bid,,,2192813
2026-07-01T21:03:37.098555,2026-07-01T11:03:38.500524+00:00,87.2,200,bid,,,2192831
2026-07-01T21:03:37.512278,2026-07-01T11:03:38.916717+00:00,87.0,2,ask,,,2192837
2026-07-01T21:03:39.522877,2026-07-01T11:03:40.924814+00:00,87.2,9,bid,,,2192889
2026-07-01T21:03:39.522877,2026-07-01T11:03:40.924814+00:00,87.2,191,bid,,,2192890
2026-07-01T21:03:41.954203,2026-07-01T11:03:43.351824+00:00,87.2,200,bid,,,2192940
2026-07-01T21:03:42.521956,2026-07-01T11:03:43.919215+00:00,87.0,1,ask,,,2192957
2026-07-01T21:03:42.521956,2026-07-01T11:03:43.919215+00:00,87.0,1,ask,,,2192958
2026-07-01T21:03:43.166199,2026-07-01T11:03:44.562683+00:00,87.2,200,bid,,,2192980
2026-07-01T21:03:43.723454,2026-07-01T11:03:45.121084+00:00,87.2,24,ask,,,2192993
2026-07-01T21:03:43.767815,2026-07-01T11:03:45.165098+00:00,87.2,50,ask,,,2192995
2026-07-01T21:03:43.892485,2026-07-01T11:03:45.295456+00:00,87.2,50,ask,,,2192997
2026-07-01T21:03:44.016861,2026-07-01T11:03:45.414675+00:00,87.2,26,ask,,,2192999
2026-07-01T21:03:45.369790,2026-07-01T11:03:46.772313+00:00,87.2,500,ask,,,2193042
2026-07-01T21:03:45.592029,2026-07-01T11:03:46.992266+00:00,87.3,8,bid,,,2193050
2026-07-01T21:03:45.958420,2026-07-01T11:03:47.355542+00:00,87.3,192,ask,,,2193065
2026-07-01T21:03:45.958420,2026-07-01T11:03:47.355542+00:00,87.2,125,ask,,,2193066
2026-07-01T21:03:47.531455,2026-07-01T11:03:48.931925+00:00,87.0,1,ask,,,2193108
2026-07-01T21:03:47.531455,2026-07-01T11:03:48.931925+00:00,87.0,1,ask,,,2193109
2026-07-01T21:03:50.232537,2026-07-01T11:03:51.633786+00:00,87.1,200,bid,,,2193165
2026-07-01T21:03:51.544563,2026-07-01T11:03:52.944532+00:00,87.1,200,ask,,,2193187
2026-07-01T21:03:51.649081,2026-07-01T11:03:53.042567+00:00,87.1,200,bid,,,2193189
2026-07-01T21:03:52.543396,2026-07-01T11:03:53.946690+00:00,87.0,2,ask,,,2193201
2026-07-01T21:03:54.156923,2026-07-01T11:03:55.557947+00:00,87.1,20,bid,,,2193241
2026-07-01T21:03:54.183098,2026-07-01T11:03:55.579952+00:00,87.1,480,bid,,,2193242
2026-07-01T21:03:54.456999,2026-07-01T11:03:55.851984+00:00,87.1,145,ask,,,2193247
2026-07-01T21:03:54.815115,2026-07-01T11:03:56.213595+00:00,87.0,4,ask,,,2193255
2026-07-01T21:03:54.815115,2026-07-01T11:03:56.213595+00:00,87.0,16,ask,,,2193256
2026-07-01T21:03:55.492438,2026-07-01T11:03:56.893216+00:00,87.0,200,ask,,,2193268
2026-07-01T21:03:55.492438,2026-07-01T11:03:56.893216+00:00,86.9,4,ask,,,2193269
2026-07-01T21:03:56.502012,2026-07-01T11:03:57.905659+00:00,86.9,200,bid,,,2193295
2026-07-01T21:03:57.551394,2026-07-01T11:03:58.952688+00:00,87.0,2,ask,,,2193324
2026-07-01T21:03:58.925781,2026-07-01T11:04:00.319507+00:00,87.0,200,ask,,,2193356
2026-07-01T21:04:00.131888,2026-07-01T11:04:01.533409+00:00,87.1,200,bid,,,2193374
2026-07-01T21:04:01.339323,2026-07-01T11:04:02.733743+00:00,87.1,200,bid,,,2193410
2026-07-01T21:04:02.042067,2026-07-01T11:04:03.445566+00:00,87.1,500,bid,,,2193426
2026-07-01T21:04:02.042067,2026-07-01T11:04:03.445566+00:00,87.2,6,bid,,,2193427
2026-07-01T21:04:02.316871,2026-07-01T11:04:03.718961+00:00,87.2,119,ask,,,2193431
2026-07-01T21:04:03.356958,2026-07-01T11:04:04.753836+00:00,87.1,200,ask,,,2193460
2026-07-01T21:04:03.769528,2026-07-01T11:04:05.168697+00:00,87.0,200,bid,,,2193474
2026-07-01T21:04:04.447135,2026-07-01T11:04:05.844162+00:00,86.8,2,ask,,,2193485
2026-07-01T21:04:04.447135,2026-07-01T11:04:05.844162+00:00,86.8,18,ask,,,2193486
2026-07-01T21:04:05.980378,2026-07-01T11:04:07.383960+00:00,87.1,200,bid,,,2193515
2026-07-01T21:04:05.980378,2026-07-01T11:04:07.383960+00:00,87.1,425,bid,,,2193516
2026-07-01T21:04:06.186213,2026-07-01T11:04:07.580237+00:00,87.1,75,bid,,,2193522
2026-07-01T21:04:06.559571,2026-07-01T11:04:07.963125+00:00,87.1,125,ask,,,2193532
2026-07-01T21:04:07.188376,2026-07-01T11:04:08.583431+00:00,87.1,20,bid,,,2193541
2026-07-01T21:04:07.294426,2026-07-01T11:04:08.694004+00:00,86.9,8,ask,,,2193546
2026-07-01T21:04:07.299893,2026-07-01T11:04:08.694004+00:00,86.9,150,bid,,,2193547
2026-07-01T21:04:07.312881,2026-07-01T11:04:08.716096+00:00,86.9,94,bid,,,2193550
2026-07-01T21:04:07.391243,2026-07-01T11:04:08.792950+00:00,86.7,35,ask,,,2193551
2026-07-01T21:04:07.402722,2026-07-01T11:04:08.803946+00:00,86.9,200,bid,,,2193552
2026-07-01T21:04:07.476130,2026-07-01T11:04:08.869361+00:00,86.7,35,ask,,,2193555
2026-07-01T21:04:07.562578,2026-07-01T11:04:08.955827+00:00,86.7,24,ask,,,2193560
2026-07-01T21:04:09.830207,2026-07-01T11:04:11.236914+00:00,87.0,200,bid,,,2193622
2026-07-01T21:04:11.038825,2026-07-01T11:04:12.438644+00:00,87.0,200,bid,,,2193637
2026-07-01T21:04:11.230179,2026-07-01T11:04:12.624317+00:00,86.8,4,ask,,,2193638
2026-07-01T21:04:12.249014,2026-07-01T11:04:13.649457+00:00,86.7,200,bid,,,2193652
2026-07-01T21:04:12.581198,2026-07-01T11:04:13.978729+00:00,86.8,2,ask,,,2193657
2026-07-01T21:04:13.247047,2026-07-01T11:04:14.643663+00:00,86.8,150,ask,,,2193673
2026-07-01T21:04:13.428784,2026-07-01T11:04:14.830435+00:00,86.8,35,ask,,,2193679
2026-07-01T21:04:13.457871,2026-07-01T11:04:14.851860+00:00,86.9,200,bid,,,2193687
2026-07-01T21:04:13.517608,2026-07-01T11:04:14.917796+00:00,86.8,21,ask,,,2193689
2026-07-01T21:04:14.839385,2026-07-01T11:04:16.236497+00:00,86.8,10,ask,,,2193713
2026-07-01T21:04:15.160284,2026-07-01T11:04:16.563613+00:00,86.9,200,bid,,,2193724
2026-07-01T21:04:15.160284,2026-07-01T11:04:16.563613+00:00,87.0,425,bid,,,2193725
2026-07-01T21:04:15.888654,2026-07-01T11:04:17.284360+00:00,86.9,200,bid,,,2193735
2026-07-01T21:04:17.100514,2026-07-01T11:04:18.494811+00:00,86.9,200,bid,,,2193755
2026-07-01T21:04:17.591385,2026-07-01T11:04:18.985870+00:00,86.8,8,ask,,,2193768
2026-07-01T21:04:17.610762,2026-07-01T11:04:19.007869+00:00,86.8,1,ask,,,2193774
2026-07-01T21:04:17.778495,2026-07-01T11:04:19.181455+00:00,86.9,500,bid,,,2193776
2026-07-01T21:04:17.801562,2026-07-01T11:04:19.202900+00:00,86.9,50,ask,,,2193778
2026-07-01T21:04:18.067721,2026-07-01T11:04:19.463916+00:00,86.9,75,ask,,,2193790
2026-07-01T21:04:19.526245,2026-07-01T11:04:20.925159+00:00,86.9,200,bid,,,2193812
2026-07-01T21:04:20.403464,2026-07-01T11:04:21.796684+00:00,86.9,500,bid,,,2193834
2026-07-01T21:04:20.474287,2026-07-01T11:04:21.872194+00:00,86.9,125,ask,,,2193836
2026-07-01T21:04:21.944358,2026-07-01T11:04:23.344746+00:00,86.7,8,ask,,,2193862
2026-07-01T21:04:22.064021,2026-07-01T11:04:23.464558+00:00,86.8,8,ask,,,2193873
2026-07-01T21:04:22.894176,2026-07-01T11:04:24.293250+00:00,86.8,192,ask,,,2193884
2026-07-01T21:04:25.655399,2026-07-01T11:04:27.058751+00:00,86.7,200,bid,,,2193946
2026-07-01T21:04:26.803627,2026-07-01T11:04:28.196479+00:00,86.7,200,ask,,,2193974
2026-07-01T21:04:28.196673,2026-07-01T11:04:29.597524+00:00,86.6,2,ask,,,2194002
2026-07-01T21:04:28.315083,2026-07-01T11:04:29.717271+00:00,86.6,5,ask,,,2194011
2026-07-01T21:04:29.396007,2026-07-01T11:04:30.789998+00:00,86.6,20,ask,,,2194037
2026-07-01T21:04:29.603032,2026-07-01T11:04:30.997698+00:00,86.6,200,ask,,,2194050
2026-07-01T21:04:30.914973,2026-07-01T11:04:32.312066+00:00,86.6,200,bid,,,2194073
2026-07-01T21:04:32.232406,2026-07-01T11:04:33.639031+00:00,86.6,200,ask,,,2194103
2026-07-01T21:04:32.232406,2026-07-01T11:04:33.639031+00:00,86.5,3,ask,,,2194104
2026-07-01T21:04:32.296493,2026-07-01T11:04:33.693820+00:00,86.5,50,bid,,,2194105
2026-07-01T21:04:32.631412,2026-07-01T11:04:34.032586+00:00,86.5,25,bid,,,2194115
2026-07-01T21:04:32.862996,2026-07-01T11:04:34.262725+00:00,86.5,200,bid,,,2194118
2026-07-01T21:04:32.873284,2026-07-01T11:04:34.273725+00:00,86.5,20,bid,,,2194119
2026-07-01T21:04:33.572321,2026-07-01T11:04:34.975588+00:00,86.4,20,ask,,,2194130
2026-07-01T21:04:34.080957,2026-07-01T11:04:35.478261+00:00,86.6,200,bid,,,2194137
2026-07-01T21:04:35.384937,2026-07-01T11:04:36.780430+00:00,86.6,50,ask,,,2194174
2026-07-01T21:04:37.490662,2026-07-01T11:04:38.892576+00:00,86.8,200,ask,,,2194219
2026-07-01T21:04:37.722430,2026-07-01T11:04:39.121791+00:00,86.7,200,bid,,,2194227
2026-07-01T21:04:38.937572,2026-07-01T11:04:40.335384+00:00,86.7,200,ask,,,2194256
2026-07-01T21:04:40.144988,2026-07-01T11:04:41.546358+00:00,86.7,200,bid,,,2194294
2026-07-01T21:04:41.664323,2026-07-01T11:04:43.063839+00:00,86.7,50,bid,,,2194334
2026-07-01T21:04:41.817724,2026-07-01T11:04:43.215736+00:00,86.7,50,bid,,,2194339
2026-07-01T21:04:42.011395,2026-07-01T11:04:43.410762+00:00,86.7,20,bid,,,2194343
2026-07-01T21:04:42.194127,2026-07-01T11:04:43.597272+00:00,86.7,10,bid,,,2194347
2026-07-01T21:04:44.536769,2026-07-01T11:04:45.935298+00:00,86.8,20,bid,,,2194415
2026-07-01T21:04:44.999734,2026-07-01T11:04:46.394338+00:00,86.8,200,bid,,,2194426
2026-07-01T21:04:47.821810,2026-07-01T11:04:49.215093+00:00,86.7,20,ask,,,2194516
2026-07-01T21:04:49.279448,2026-07-01T11:04:50.677965+00:00,86.9,2,bid,,,2194548
2026-07-01T21:04:49.279448,2026-07-01T11:04:50.677965+00:00,86.9,200,bid,,,2194549
2026-07-01T21:04:49.351692,2026-07-01T11:04:50.754620+00:00,86.9,50,ask,,,2194552
2026-07-01T21:04:49.509273,2026-07-01T11:04:50.908016+00:00,86.9,50,ask,,,2194557
2026-07-01T21:04:49.847466,2026-07-01T11:04:51.246866+00:00,86.9,200,ask,,,2194572
2026-07-01T21:04:51.902324,2026-07-01T11:04:53.296436+00:00,86.8,200,ask,,,2194616
2026-07-01T21:04:52.261264,2026-07-01T11:04:53.657019+00:00,86.7,200,bid,,,2194624
2026-07-01T21:04:53.210835,2026-07-01T11:04:54.607735+00:00,86.9,200,bid,,,2194644
2026-07-01T21:04:53.475385,2026-07-01T11:04:54.869498+00:00,87.0,200,ask,,,2194648
2026-07-01T21:04:53.674922,2026-07-01T11:04:55.077102+00:00,87.0,25,ask,,,2194651
2026-07-01T21:04:53.686640,2026-07-01T11:04:55.087656+00:00,87.1,2,bid,,,2194653
2026-07-01T21:04:54.670388,2026-07-01T11:04:56.069934+00:00,87.0,20,bid,,,2194668
2026-07-01T21:04:55.894939,2026-07-01T11:04:57.293632+00:00,86.9,200,ask,,,2194686
2026-07-01T21:04:57.144230,2026-07-01T11:04:58.540133+00:00,87.0,200,ask,,,2194708
2026-07-01T21:04:57.601761,2026-07-01T11:04:58.999128+00:00,87.0,20,bid,,,2194715
2026-07-01T21:04:58.308916,2026-07-01T11:04:59.712139+00:00,87.0,200,bid,,,2194718
2026-07-01T21:04:58.694702,2026-07-01T11:05:00.092830+00:00,87.0,2,bid,,,2194730
2026-07-01T21:05:01.079584,2026-07-01T11:05:02.478268+00:00,86.9,2,ask,,,2194766
2026-07-01T21:05:01.079584,2026-07-01T11:05:02.478268+00:00,86.9,200,ask,,,2194767
2026-07-01T21:05:01.939655,2026-07-01T11:05:03.340182+00:00,86.8,4,ask,,,2194788
2026-07-01T21:05:02.027146,2026-07-01T11:05:03.426363+00:00,86.8,50,bid,,,2194790
2026-07-01T21:05:02.210414,2026-07-01T11:05:03.612768+00:00,86.8,50,bid,,,2194795
2026-07-01T21:05:02.397098,2026-07-01T11:05:03.799247+00:00,86.8,96,bid,,,2194804
2026-07-01T21:05:03.704927,2026-07-01T11:05:05.105559+00:00,87.0,2,bid,,,2194832
2026-07-01T21:05:03.714205,2026-07-01T11:05:05.116558+00:00,87.0,200,bid,,,2194833
2026-07-01T21:05:03.909505,2026-07-01T11:05:05.311069+00:00,87.0,50,ask,,,2194840
2026-07-01T21:05:06.336014,2026-07-01T11:05:07.739881+00:00,87.1,500,bid,,,2194893
2026-07-01T21:05:06.336014,2026-07-01T11:05:07.739881+00:00,87.2,7,bid,,,2194894
2026-07-01T21:05:06.336014,2026-07-01T11:05:07.739881+00:00,87.2,118,bid,,,2194895
2026-07-01T21:05:06.493928,2026-07-01T11:05:07.902397+00:00,87.0,200,ask,,,2194902
2026-07-01T21:05:06.784280,2026-07-01T11:05:08.185982+00:00,87.0,200,bid,,,2194909
2026-07-01T21:05:07.996192,2026-07-01T11:05:09.399997+00:00,86.9,200,bid,,,2194947
2026-07-01T21:05:08.715617,2026-07-01T11:05:10.112739+00:00,86.9,2,bid,,,2194965
2026-07-01T21:05:10.414927,2026-07-01T11:05:11.816404+00:00,86.7,2,ask,,,2195009
2026-07-01T21:05:11.589431,2026-07-01T11:05:12.993360+00:00,86.6,20,ask,,,2195041
2026-07-01T21:05:12.838567,2026-07-01T11:05:14.233236+00:00,86.6,200,ask,,,2195066
2026-07-01T21:05:13.724684,2026-07-01T11:05:15.118179+00:00,86.9,2,bid,,,2195089
2026-07-01T21:05:14.201028,2026-07-01T11:05:15.598754+00:00,86.8,200,bid,,,2195104
2026-07-01T21:05:15.255316,2026-07-01T11:05:16.657327+00:00,86.9,200,ask,,,2195117
2026-07-01T21:05:16.461445,2026-07-01T11:05:17.859257+00:00,86.8,200,bid,,,2195150
2026-07-01T21:05:16.918271,2026-07-01T11:05:18.316668+00:00,86.8,50,ask,,,2195161
2026-07-01T21:05:17.685136,2026-07-01T11:05:19.078164+00:00,86.8,25,ask,,,2195179
2026-07-01T21:05:18.734725,2026-07-01T11:05:20.133216+00:00,86.8,25,ask,,,2195208
2026-07-01T21:05:21.593371,2026-07-01T11:05:22.993268+00:00,86.7,1,ask,,,2195263
2026-07-01T21:05:21.593371,2026-07-01T11:05:22.993268+00:00,86.7,19,ask,,,2195264
2026-07-01T21:05:22.540359,2026-07-01T11:05:23.943476+00:00,86.7,7,ask,,,2195286
2026-07-01T21:05:22.540359,2026-07-01T11:05:23.943476+00:00,86.7,193,ask,,,2195287
2026-07-01T21:05:23.755180,2026-07-01T11:05:25.163134+00:00,86.8,2,bid,,,2195318
2026-07-01T21:05:24.168231,2026-07-01T11:05:25.567491+00:00,86.8,20,bid,,,2195327
2026-07-01T21:05:26.010922,2026-07-01T11:05:27.410738+00:00,86.8,200,bid,,,2195374
2026-07-01T21:05:26.177495,2026-07-01T11:05:27.572228+00:00,86.8,200,ask,,,2195378
2026-07-01T21:05:26.767831,2026-07-01T11:05:28.171327+00:00,86.8,25,ask,,,2195392
2026-07-01T21:05:27.154739,2026-07-01T11:05:28.553079+00:00,86.8,10,ask,,,2195399
2026-07-01T21:05:28.602253,2026-07-01T11:05:30.006274+00:00,86.7,200,bid,,,2195430
2026-07-01T21:05:29.185915,2026-07-01T11:05:30.582978+00:00,86.6,2,ask,,,2195448
2026-07-01T21:05:29.694938,2026-07-01T11:05:31.097071+00:00,86.5,8,ask,,,2195464
2026-07-01T21:05:31.023536,2026-07-01T11:05:32.418858+00:00,86.7,200,bid,,,2195495
2026-07-01T21:05:31.249618,2026-07-01T11:05:32.683363+00:00,86.8,500,bid,,,2195506
2026-07-01T21:05:31.320691,2026-07-01T11:05:32.716647+00:00,86.8,125,ask,,,2195508
2026-07-01T21:05:31.778364,2026-07-01T11:05:33.174187+00:00,86.6,9,ask,,,2195520
2026-07-01T21:05:32.534846,2026-07-01T11:05:33.931061+00:00,86.7,200,ask,,,2195542
2026-07-01T21:05:33.443103,2026-07-01T11:05:34.844397+00:00,86.5,200,bid,,,2195559
2026-07-01T21:05:34.651903,2026-07-01T11:05:36.048318+00:00,86.5,200,bid,,,2195576
2026-07-01T21:05:36.504779,2026-07-01T11:05:37.903193+00:00,86.4,6,ask,,,2195623
2026-07-01T21:05:36.504779,2026-07-01T11:05:37.903193+00:00,86.4,200,ask,,,2195624
2026-07-01T21:05:36.504779,2026-07-01T11:05:37.903193+00:00,86.2,419,ask,,,2195625
2026-07-01T21:05:38.295136,2026-07-01T11:05:39.692739+00:00,86.5,200,bid,,,2195660
2026-07-01T21:05:39.506006,2026-07-01T11:05:40.902156+00:00,86.6,200,bid,,,2195695
2026-07-01T21:05:40.419376,2026-07-01T11:05:41.816636+00:00,86.6,20,bid,,,2195705
2026-07-01T21:05:41.599347,2026-07-01T11:05:42.996722+00:00,86.6,500,ask,,,2195729
2026-07-01T21:05:41.928992,2026-07-01T11:05:43.325041+00:00,86.6,200,bid,,,2195735
2026-07-01T21:05:43.051014,2026-07-01T11:05:44.454101+00:00,86.6,500,bid,,,2195765
2026-07-01T21:05:43.051014,2026-07-01T11:05:44.454101+00:00,86.7,2,bid,,,2195766
2026-07-01T21:05:43.435078,2026-07-01T11:05:44.836289+00:00,86.7,123,ask,,,2195778
2026-07-01T21:05:43.435078,2026-07-01T11:05:44.836289+00:00,86.6,200,ask,,,2195779
2026-07-01T21:05:44.029947,2026-07-01T11:05:45.423115+00:00,86.4,2,ask,,,2195799
2026-07-01T21:05:44.052512,2026-07-01T11:05:45.455182+00:00,86.4,97,bid,,,2195801
2026-07-01T21:05:44.347521,2026-07-01T11:05:45.751260+00:00,86.4,200,bid,,,2195803
2026-07-01T21:05:44.364107,2026-07-01T11:05:45.762259+00:00,86.4,201,bid,,,2195804
2026-07-01T21:05:44.624937,2026-07-01T11:05:46.023736+00:00,86.5,424,ask,,,2195810
2026-07-01T21:05:45.567708,2026-07-01T11:05:46.963672+00:00,86.4,200,bid,,,2195832
2026-07-01T21:05:45.684752,2026-07-01T11:05:47.085038+00:00,86.3,6,ask,,,2195835
2026-07-01T21:05:46.778520,2026-07-01T11:05:48.179477+00:00,86.3,200,bid,,,2195864
2026-07-01T21:05:48.878902,2026-07-01T11:05:50.275404+00:00,86.3,200,ask,,,2195922
2026-07-01T21:05:48.878902,2026-07-01T11:05:50.275404+00:00,86.3,300,ask,,,2195923
2026-07-01T21:05:49.472047,2026-07-01T11:05:50.870062+00:00,86.3,325,ask,,,2195941
2026-07-01T21:05:50.408170,2026-07-01T11:05:51.813667+00:00,86.2,4,ask,,,2195967
2026-07-01T21:05:50.535316,2026-07-01T11:05:51.934210+00:00,86.2,50,bid,,,2195971
2026-07-01T21:05:50.692798,2026-07-01T11:05:52.097916+00:00,86.2,50,bid,,,2195975
2026-07-01T21:05:50.935653,2026-07-01T11:05:52.338460+00:00,86.2,96,bid,,,2195989
2026-07-01T21:05:52.917182,2026-07-01T11:05:54.318539+00:00,86.2,20,bid,,,2196019
2026-07-01T21:05:55.248502,2026-07-01T11:05:56.644351+00:00,86.2,200,ask,,,2196058
2026-07-01T21:05:56.138799,2026-07-01T11:05:57.532272+00:00,86.2,425,ask,,,2196070
2026-07-01T21:05:56.175488,2026-07-01T11:05:57.575943+00:00,86.1,200,ask,,,2196072
2026-07-01T21:05:56.271216,2026-07-01T11:05:57.673736+00:00,86.1,50,bid,,,2196074
2026-07-01T21:05:56.433411,2026-07-01T11:05:57.837196+00:00,86.1,50,bid,,,2196079
2026-07-01T21:05:56.452401,2026-07-01T11:05:57.848194+00:00,86.1,200,bid,,,2196081
2026-07-01T21:05:57.484133,2026-07-01T11:05:58.878575+00:00,86.2,500,bid,,,2196094
2026-07-01T21:05:57.484133,2026-07-01T11:05:58.889575+00:00,86.3,125,bid,,,2196095
2026-07-01T21:06:00.104596,2026-07-01T11:06:01.507212+00:00,86.1,200,bid,,,2196150
2026-07-01T21:06:01.438219,2026-07-01T11:06:02.840698+00:00,86.2,103,bid,,,2196170
2026-07-01T21:06:02.725188,2026-07-01T11:06:04.129156+00:00,86.2,7,bid,,,2196208
2026-07-01T21:06:02.725188,2026-07-01T11:06:04.129156+00:00,86.2,500,bid,,,2196209
2026-07-01T21:06:02.725188,2026-07-01T11:06:04.129156+00:00,86.2,118,bid,,,2196210
2026-07-01T21:06:02.745978,2026-07-01T11:06:04.150672+00:00,86.2,25,bid,,,2196214
2026-07-01T21:06:04.040190,2026-07-01T11:06:05.441592+00:00,86.1,20,bid,,,2196232
2026-07-01T21:06:06.677124,2026-07-01T11:06:08.073815+00:00,86.1,200,ask,,,2196272
2026-07-01T21:06:09.364854,2026-07-01T11:06:10.763908+00:00,86.0,10,bid,,,2196332
2026-07-01T21:06:11.258442,2026-07-01T11:06:12.661438+00:00,86.1,200,ask,,,2196368
2026-07-01T21:06:11.927103,2026-07-01T11:06:13.330681+00:00,85.9,1,ask,,,2196377
2026-07-01T21:06:12.161509,2026-07-01T11:06:13.559502+00:00,85.8,200,bid,,,2196381
2026-07-01T21:06:12.761352,2026-07-01T11:06:14.156496+00:00,85.8,25,bid,,,2196399
2026-07-01T21:06:13.377570,2026-07-01T11:06:14.778604+00:00,85.9,200,bid,,,2196417
2026-07-01T21:06:13.431703,2026-07-01T11:06:14.833603+00:00,85.9,10,bid,,,2196420
2026-07-01T21:06:17.776770,2026-07-01T11:06:19.173202+00:00,86.1,25,bid,,,2196523
2026-07-01T21:06:18.484291,2026-07-01T11:06:19.883737+00:00,86.1,200,bid,,,2196538
2026-07-01T21:06:19.429617,2026-07-01T11:06:20.833347+00:00,86.1,200,ask,,,2196556
2026-07-01T21:06:20.641761,2026-07-01T11:06:22.045653+00:00,86.0,200,bid,,,2196592
2026-07-01T21:06:21.851878,2026-07-01T11:06:23.245825+00:00,85.9,200,bid,,,2196628
2026-07-01T21:06:23.063088,2026-07-01T11:06:24.461208+00:00,85.9,200,ask,,,2196650
2026-07-01T21:06:25.478476,2026-07-01T11:06:26.886990+00:00,85.9,200,ask,,,2196709
2026-07-01T21:06:26.200559,2026-07-01T11:06:27.598987+00:00,85.9,20,ask,,,2196727
2026-07-01T21:06:26.395799,2026-07-01T11:06:27.795699+00:00,85.8,1,ask,,,2196736
2026-07-01T21:06:26.395799,2026-07-01T11:06:27.795699+00:00,85.7,200,ask,,,2196737
2026-07-01T21:06:26.395799,2026-07-01T11:06:27.795699+00:00,85.7,424,ask,,,2196738
2026-07-01T21:06:27.795656,2026-07-01T11:06:29.196894+00:00,85.9,25,bid,,,2196776
2026-07-01T21:06:28.069089,2026-07-01T11:06:29.468346+00:00,85.9,10,bid,,,2196787
2026-07-01T21:06:30.334003,2026-07-01T11:06:31.727099+00:00,85.8,200,ask,,,2196848
2026-07-01T21:06:31.655941,2026-07-01T11:06:33.059361+00:00,86.0,8,bid,,,2196883
2026-07-01T21:06:31.655941,2026-07-01T11:06:33.059361+00:00,86.0,200,bid,,,2196884
2026-07-01T21:06:31.675120,2026-07-01T11:06:33.070335+00:00,86.1,103,ask,,,2196886
2026-07-01T21:06:32.182732,2026-07-01T11:06:33.585185+00:00,86.1,10,ask,,,2196904
2026-07-01T21:06:32.691914,2026-07-01T11:06:34.086745+00:00,86.1,10,ask,,,2196922
2026-07-01T21:06:32.810060,2026-07-01T11:06:34.207655+00:00,86.1,2,ask,,,2196924
2026-07-01T21:06:34.723310,2026-07-01T11:06:36.122434+00:00,86.1,10,bid,,,2196979
2026-07-01T21:06:35.388776,2026-07-01T11:06:36.787913+00:00,86.0,25,bid,,,2196995
2026-07-01T21:06:35.636843,2026-07-01T11:06:37.034938+00:00,86.0,175,bid,,,2197003
2026-07-01T21:06:35.654418,2026-07-01T11:06:37.057040+00:00,86.0,49,ask,,,2197005
2026-07-01T21:06:37.816587,2026-07-01T11:06:39.218083+00:00,86.0,2,ask,,,2197046
2026-07-01T21:06:40.902374,2026-07-01T11:06:42.298845+00:00,86.1,200,bid,,,2197136
2026-07-01T21:06:41.817433,2026-07-01T11:06:43.216714+00:00,86.2,1,bid,,,2197164
2026-07-01T21:06:42.429374,2026-07-01T11:06:43.829721+00:00,86.2,6,bid,,,2197181
2026-07-01T21:06:42.429374,2026-07-01T11:06:43.829721+00:00,86.2,194,bid,,,2197182
2026-07-01T21:06:42.596708,2026-07-01T11:06:43.991962+00:00,86.1,4,bid,,,2197185
2026-07-01T21:06:42.841231,2026-07-01T11:06:44.241880+00:00,86.2,25,bid,,,2197195
2026-07-01T21:06:42.928372,2026-07-01T11:06:44.329505+00:00,86.1,4,bid,,,2197200
2026-07-01T21:06:43.232420,2026-07-01T11:06:44.633788+00:00,86.1,4,bid,,,2197208
2026-07-01T21:06:44.579588,2026-07-01T11:06:45.977859+00:00,86.0,20,ask,,,2197232
2026-07-01T21:06:45.417037,2026-07-01T11:06:46.817307+00:00,86.0,2,ask,,,2197259
2026-07-01T21:06:46.164772,2026-07-01T11:06:47.568643+00:00,86.1,200,bid,,,2197269
2026-07-01T21:06:47.483201,2026-07-01T11:06:48.879635+00:00,86.0,200,ask,,,2197296
2026-07-01T21:06:47.578216,2026-07-01T11:06:48.977515+00:00,86.0,425,bid,,,2197300
2026-07-01T21:06:47.852673,2026-07-01T11:06:49.250584+00:00,86.0,2,ask,,,2197302
2026-07-01T21:06:48.498718,2026-07-01T11:06:49.895724+00:00,86.0,200,ask,,,2197315
2026-07-01T21:06:49.711507,2026-07-01T11:06:51.105901+00:00,86.1,200,ask,,,2197345
2026-07-01T21:06:50.424563,2026-07-01T11:06:51.827526+00:00,86.0,2,ask,,,2197357
2026-07-01T21:06:52.771378,2026-07-01T11:06:54.176025+00:00,86.1,200,ask,,,2197411
2026-07-01T21:06:53.637029,2026-07-01T11:06:55.037337+00:00,86.1,425,bid,,,2197430
2026-07-01T21:06:53.637029,2026-07-01T11:06:55.037337+00:00,86.1,75,bid,,,2197431
2026-07-01T21:06:54.087885,2026-07-01T11:06:55.495632+00:00,86.1,125,bid,,,2197441
2026-07-01T21:06:55.434544,2026-07-01T11:06:56.828514+00:00,86.1,2,ask,,,2197473
2026-07-01T21:06:56.711863,2026-07-01T11:06:58.112079+00:00,86.2,5,bid,,,2197493
2026-07-01T21:06:56.711863,2026-07-01T11:06:58.112079+00:00,86.2,200,bid,,,2197494
2026-07-01T21:06:56.970408,2026-07-01T11:06:58.373986+00:00,86.3,5,bid,,,2197499
2026-07-01T21:06:57.913488,2026-07-01T11:06:59.311059+00:00,86.3,2,ask,,,2197523
2026-07-01T21:06:58.047884,2026-07-01T11:06:59.452740+00:00,86.4,4,bid,,,2197530
2026-07-01T21:06:58.047884,2026-07-01T11:06:59.452740+00:00,86.4,16,bid,,,2197531
2026-07-01T21:06:59.180255,2026-07-01T11:07:00.576358+00:00,86.3,20,ask,,,2197552
2026-07-01T21:07:00.444536,2026-07-01T11:07:01.843126+00:00,86.3,2,ask,,,2197584
2026-07-01T21:07:00.597323,2026-07-01T11:07:01.995627+00:00,86.4,5,bid,,,2197585
2026-07-01T21:07:00.597323,2026-07-01T11:07:01.995627+00:00,86.4,195,bid,,,2197586
2026-07-01T21:07:00.651501,2026-07-01T11:07:02.050477+00:00,86.3,5,bid,,,2197594
2026-07-01T21:07:00.971875,2026-07-01T11:07:02.366959+00:00,86.3,10,ask,,,2197599
2026-07-01T21:07:01.968660,2026-07-01T11:07:03.373382+00:00,86.4,4,bid,,,2197617
2026-07-01T21:07:01.968660,2026-07-01T11:07:03.373382+00:00,86.4,200,bid,,,2197618
2026-07-01T21:07:02.921237,2026-07-01T11:07:04.323490+00:00,86.4,2,ask,,,2197636
2026-07-01T21:07:03.987767,2026-07-01T11:07:05.393141+00:00,86.3,20,ask,,,2197659
2026-07-01T21:07:05.450516,2026-07-01T11:07:06.853211+00:00,86.2,200,ask,,,2197701
2026-07-01T21:07:06.319098,2026-07-01T11:07:07.715037+00:00,86.2,20,ask,,,2197727
2026-07-01T21:07:08.559585,2026-07-01T11:07:09.954096+00:00,86.3,200,ask,,,2197784
2026-07-01T21:07:08.559585,2026-07-01T11:07:09.964650+00:00,86.2,425,ask,,,2197785
2026-07-01T21:07:10.295437,2026-07-01T11:07:11.696145+00:00,86.4,200,bid,,,2197816
2026-07-01T21:07:12.515071,2026-07-01T11:07:13.913648+00:00,86.3,200,ask,,,2197852
2026-07-01T21:07:12.724818,2026-07-01T11:07:14.122021+00:00,86.3,200,bid,,,2197860
2026-07-01T21:07:12.898213,2026-07-01T11:07:14.296273+00:00,86.3,20,bid,,,2197861
2026-07-01T21:07:13.941839,2026-07-01T11:07:15.343849+00:00,86.4,200,ask,,,2197875
2026-07-01T21:07:14.687085,2026-07-01T11:07:16.087763+00:00,86.4,10,ask,,,2197901
2026-07-01T21:07:19.745398,2026-07-01T11:07:21.142989+00:00,86.4,10,bid,,,2198016
2026-07-01T21:07:21.754998,2026-07-01T11:07:23.156478+00:00,86.3,50,ask,,,2198085
2026-07-01T21:07:22.405647,2026-07-01T11:07:23.800038+00:00,86.3,200,ask,,,2198105
2026-07-01T21:07:22.952962,2026-07-01T11:07:24.356504+00:00,86.3,25,ask,,,2198115
2026-07-01T21:07:23.171924,2026-07-01T11:07:24.573860+00:00,86.4,20,bid,,,2198125
2026-07-01T21:07:23.615098,2026-07-01T11:07:25.012891+00:00,86.3,200,ask,,,2198128
2026-07-01T21:07:24.394745,2026-07-01T11:07:25.799150+00:00,86.2,50,bid,,,2198153
2026-07-01T21:07:24.829503,2026-07-01T11:07:26.224027+00:00,86.2,200,bid,,,2198158
2026-07-01T21:07:25.351279,2026-07-01T11:07:26.749970+00:00,86.2,10,bid,,,2198171
2026-07-01T21:07:25.490202,2026-07-01T11:07:26.892655+00:00,86.2,25,bid,,,2198175
2026-07-01T21:07:26.043450,2026-07-01T11:07:27.439267+00:00,86.4,200,bid,,,2198188
2026-07-01T21:07:26.355808,2026-07-01T11:07:27.757806+00:00,86.3,500,ask,,,2198193
2026-07-01T21:07:27.253934,2026-07-01T11:07:28.653648+00:00,86.2,200,bid,,,2198213
2026-07-01T21:07:27.974662,2026-07-01T11:07:29.374076+00:00,86.2,25,bid,,,2198234
2026-07-01T21:07:28.467924,2026-07-01T11:07:29.876427+00:00,86.2,200,bid,,,2198246
2026-07-01T21:07:29.686119,2026-07-01T11:07:31.087641+00:00,86.2,200,ask,,,2198280
2026-07-01T21:07:30.946745,2026-07-01T11:07:32.346936+00:00,86.1,4,ask,,,2198318
2026-07-01T21:07:30.946745,2026-07-01T11:07:32.346936+00:00,86.1,200,ask,,,2198319
2026-07-01T21:07:32.131982,2026-07-01T11:07:33.536304+00:00,86.1,200,bid,,,2198339
2026-07-01T21:07:33.344527,2026-07-01T11:07:34.746310+00:00,86.2,200,bid,,,2198366
2026-07-01T21:07:34.558266,2026-07-01T11:07:35.968439+00:00,86.1,200,ask,,,2198390
2026-07-01T21:07:34.878006,2026-07-01T11:07:36.274355+00:00,86.0,5,ask,,,2198405
2026-07-01T21:07:34.878006,2026-07-01T11:07:36.274355+00:00,86.0,200,ask,,,2198406
2026-07-01T21:07:35.516564,2026-07-01T11:07:36.917419+00:00,86.0,25,bid,,,2198422
2026-07-01T21:07:35.522148,2026-07-01T11:07:36.917419+00:00,85.9,2,ask,,,2198423
2026-07-01T21:07:35.612325,2026-07-01T11:07:37.016929+00:00,86.0,5,bid,,,2198432
2026-07-01T21:07:35.762178,2026-07-01T11:07:37.158458+00:00,86.0,200,bid,,,2198438
2026-07-01T21:07:35.996195,2026-07-01T11:07:37.399973+00:00,86.0,10,bid,,,2198439
2026-07-01T21:07:36.986808,2026-07-01T11:07:38.384096+00:00,86.0,200,ask,,,2198472
2026-07-01T21:07:37.993339,2026-07-01T11:07:39.387806+00:00,86.1,25,bid,,,2198500
2026-07-01T21:07:38.645622,2026-07-01T11:07:40.043296+00:00,86.0,1,bid,,,2198505
2026-07-01T21:07:38.807205,2026-07-01T11:07:40.207788+00:00,86.0,199,bid,,,2198515
2026-07-01T21:07:40.129194,2026-07-01T11:07:41.527778+00:00,86.0,200,ask,,,2198546
2026-07-01T21:07:40.147823,2026-07-01T11:07:41.549853+00:00,86.0,101,bid,,,2198549
2026-07-01T21:07:40.244142,2026-07-01T11:07:41.647994+00:00,86.0,20,bid,,,2198554
2026-07-01T21:07:40.619967,2026-07-01T11:07:42.021250+00:00,85.9,2,ask,,,2198561
2026-07-01T21:07:41.059927,2026-07-01T11:07:42.460032+00:00,85.8,20,ask,,,2198569
2026-07-01T21:07:41.437174,2026-07-01T11:07:42.831239+00:00,85.9,198,bid,,,2198589
2026-07-01T21:07:43.014024,2026-07-01T11:07:44.416823+00:00,86.0,25,bid,,,2198623
2026-07-01T21:07:45.478822,2026-07-01T11:07:46.879133+00:00,85.9,200,ask,,,2198671
2026-07-01T21:07:45.543464,2026-07-01T11:07:46.945301+00:00,85.9,2,ask,,,2198674
2026-07-01T21:07:51.559426,2026-07-01T11:07:52.958288+00:00,85.9,200,ask,,,2198779
2026-07-01T21:07:53.272527,2026-07-01T11:07:54.672158+00:00,86.1,11,bid,,,2198820
2026-07-01T21:07:54.585000,2026-07-01T11:07:55.981671+00:00,86.1,200,ask,,,2198859
2026-07-01T21:07:54.741668,2026-07-01T11:07:56.146148+00:00,86.1,33,bid,,,2198866
2026-07-01T21:07:55.598905,2026-07-01T11:07:56.996054+00:00,86.1,25,bid,,,2198888
2026-07-01T21:07:55.896444,2026-07-01T11:07:57.290763+00:00,86.1,200,bid,,,2198895
2026-07-01T21:07:56.406348,2026-07-01T11:07:57.805058+00:00,86.1,200,ask,,,2198905
2026-07-01T21:07:56.702512,2026-07-01T11:07:58.100494+00:00,86.2,5,bid,,,2198913
2026-07-01T21:07:56.702512,2026-07-01T11:07:58.100494+00:00,86.2,5,bid,,,2198914
2026-07-01T21:07:57.240200,2026-07-01T11:07:58.635968+00:00,86.3,10,bid,,,2198930
2026-07-01T21:08:00.623504,2026-07-01T11:08:02.025731+00:00,86.2,3,bid,,,2199027
2026-07-01T21:08:00.628321,2026-07-01T11:08:02.025731+00:00,86.3,2,bid,,,2199028
2026-07-01T21:08:01.168447,2026-07-01T11:08:02.570082+00:00,86.2,4,bid,,,2199047
2026-07-01T21:08:01.315807,2026-07-01T11:08:02.712139+00:00,86.3,10,bid,,,2199051
2026-07-01T21:08:01.392846,2026-07-01T11:08:02.788717+00:00,86.3,20,bid,,,2199057
2026-07-01T21:08:03.067483,2026-07-01T11:08:04.465842+00:00,86.4,25,bid,,,2199095
2026-07-01T21:08:03.677720,2026-07-01T11:08:05.075907+00:00,86.3,200,ask,,,2199118
2026-07-01T21:08:05.640621,2026-07-01T11:08:07.041611+00:00,86.4,1,bid,,,2199166
2026-07-01T21:08:05.640621,2026-07-01T11:08:07.041611+00:00,86.4,24,bid,,,2199167
2026-07-01T21:08:05.647432,2026-07-01T11:08:07.041611+00:00,86.4,2,bid,,,2199168
2026-07-01T21:08:05.863411,2026-07-01T11:08:07.259982+00:00,86.4,20,bid,,,2199171
2026-07-01T21:08:06.420622,2026-07-01T11:08:07.815994+00:00,86.1,200,ask,,,2199187
2026-07-01T21:08:06.420622,2026-07-01T11:08:07.815994+00:00,86.1,425,ask,,,2199188
2026-07-01T21:08:07.728973,2026-07-01T11:08:09.133669+00:00,86.2,200,bid,,,2199212
2026-07-01T21:08:08.981222,2026-07-01T11:08:10.382677+00:00,86.2,10,ask,,,2199245
2026-07-01T21:08:10.661161,2026-07-01T11:08:12.056610+00:00,86.2,25,bid,,,2199294
2026-07-01T21:08:10.666032,2026-07-01T11:08:12.067610+00:00,86.2,2,bid,,,2199295
2026-07-01T21:08:10.936687,2026-07-01T11:08:12.341778+00:00,86.2,200,bid,,,2199299
2026-07-01T21:08:12.147969,2026-07-01T11:08:13.544554+00:00,86.2,200,ask,,,2199329
2026-07-01T21:08:13.095756,2026-07-01T11:08:14.497768+00:00,86.2,10,bid,,,2199354
2026-07-01T21:08:13.100426,2026-07-01T11:08:14.497768+00:00,86.1,2,ask,,,2199355
2026-07-01T21:08:13.354251,2026-07-01T11:08:14.749286+00:00,86.2,200,bid,,,2199357
2026-07-01T21:08:14.566459,2026-07-01T11:08:15.969014+00:00,86.1,200,ask,,,2199380
2026-07-01T21:08:15.779772,2026-07-01T11:08:17.178351+00:00,86.2,200,ask,,,2199407
2026-07-01T21:08:18.110458,2026-07-01T11:08:19.512885+00:00,86.2,2,ask,,,2199457
2026-07-01T21:08:20.885888,2026-07-01T11:08:22.285229+00:00,86.3,200,bid,,,2199524
2026-07-01T21:08:22.861826,2026-07-01T11:08:24.266478+00:00,86.4,1,bid,,,2199568
2026-07-01T21:08:22.861826,2026-07-01T11:08:24.266478+00:00,86.4,19,bid,,,2199569
2026-07-01T21:08:23.121243,2026-07-01T11:08:24.518987+00:00,86.3,2,ask,,,2199574
2026-07-01T21:08:24.850427,2026-07-01T11:08:26.250864+00:00,86.3,200,bid,,,2199614
2026-07-01T21:08:27.489153,2026-07-01T11:08:28.886391+00:00,86.4,6,bid,,,2199678
2026-07-01T21:08:27.916662,2026-07-01T11:08:29.311080+00:00,86.4,200,ask,,,2199688
2026-07-01T21:08:28.134702,2026-07-01T11:08:29.530379+00:00,86.4,2,ask,,,2199693
2026-07-01T21:08:29.252710,2026-07-01T11:08:30.657131+00:00,86.3,20,bid,,,2199725
2026-07-01T21:08:30.330644,2026-07-01T11:08:31.728322+00:00,86.3,200,bid,,,2199741
2026-07-01T21:08:31.545199,2026-07-01T11:08:32.942020+00:00,86.3,200,bid,,,2199772
2026-07-01T21:08:32.767187,2026-07-01T11:08:34.165209+00:00,86.4,200,ask,,,2199799
2026-07-01T21:08:33.141261,2026-07-01T11:08:34.538914+00:00,86.4,2,ask,,,2199810
2026-07-01T21:08:33.976994,2026-07-01T11:08:35.378927+00:00,86.4,200,ask,,,2199838
2026-07-01T21:08:34.078443,2026-07-01T11:08:35.477247+00:00,86.3,200,ask,,,2199842
2026-07-01T21:08:36.397206,2026-07-01T11:08:37.797970+00:00,86.3,200,ask,,,2199885
2026-07-01T21:08:38.151259,2026-07-01T11:08:39.555170+00:00,86.3,2,ask,,,2199933
2026-07-01T21:08:39.134340,2026-07-01T11:08:40.537170+00:00,86.3,36,ask,,,2199942
2026-07-01T21:08:39.371833,2026-07-01T11:08:40.767359+00:00,86.3,10,ask,,,2199956
2026-07-01T21:08:39.426093,2026-07-01T11:08:40.831945+00:00,86.4,200,bid,,,2199964
2026-07-01T21:08:39.582330,2026-07-01T11:08:40.985956+00:00,86.4,50,ask,,,2199969
2026-07-01T21:08:39.677838,2026-07-01T11:08:41.074305+00:00,86.5,2,bid,,,2199971
2026-07-01T21:08:39.677838,2026-07-01T11:08:41.074305+00:00,86.5,18,bid,,,2199972
2026-07-01T21:08:39.764183,2026-07-01T11:08:41.161914+00:00,86.4,50,ask,,,2199974
2026-07-01T21:08:42.243451,2026-07-01T11:08:43.641494+00:00,86.3,20,ask,,,2200025
2026-07-01T21:08:42.461537,2026-07-01T11:08:43.861853+00:00,86.3,200,ask,,,2200031
2026-07-01T21:08:43.161251,2026-07-01T11:08:44.562989+00:00,86.3,2,ask,,,2200057
2026-07-01T21:08:43.670828,2026-07-01T11:08:45.067567+00:00,86.4,200,ask,,,2200069
2026-07-01T21:08:44.715353,2026-07-01T11:08:46.119113+00:00,86.5,1,bid,,,2200089
2026-07-01T21:08:44.839195,2026-07-01T11:08:46.239431+00:00,86.5,20,ask,,,2200090
2026-07-01T21:08:44.888540,2026-07-01T11:08:46.282966+00:00,86.5,200,ask,,,2200095
2026-07-01T21:08:45.081617,2026-07-01T11:08:46.480519+00:00,86.5,404,ask,,,2200100
2026-07-01T21:08:46.035072,2026-07-01T11:08:47.431390+00:00,86.3,200,ask,,,2200116
2026-07-01T21:08:46.059249,2026-07-01T11:08:47.464390+00:00,86.3,50,bid,,,2200117
2026-07-01T21:08:46.103797,2026-07-01T11:08:47.507940+00:00,86.3,200,bid,,,2200119
2026-07-01T21:08:46.200014,2026-07-01T11:08:47.594942+00:00,86.3,50,bid,,,2200120
2026-07-01T21:08:46.226535,2026-07-01T11:08:47.627458+00:00,86.3,20,bid,,,2200123
2026-07-01T21:08:47.361549,2026-07-01T11:08:48.763969+00:00,86.4,200,bid,,,2200151
2026-07-01T21:08:48.176379,2026-07-01T11:08:49.573547+00:00,86.4,2,ask,,,2200175
2026-07-01T21:08:48.218290,2026-07-01T11:08:49.616987+00:00,86.4,20,ask,,,2200177
2026-07-01T21:08:48.528498,2026-07-01T11:08:49.924615+00:00,86.5,200,bid,,,2200185
2026-07-01T21:08:50.040174,2026-07-01T11:08:51.443715+00:00,86.4,200,ask,,,2200221
2026-07-01T21:08:53.193386,2026-07-01T11:08:54.588172+00:00,86.3,1,ask,,,2200287
2026-07-01T21:08:53.385627,2026-07-01T11:08:54.782848+00:00,86.3,200,ask,,,2200293
2026-07-01T21:08:56.639587,2026-07-01T11:08:58.037447+00:00,86.2,2,ask,,,2200379
2026-07-01T21:09:00.676813,2026-07-01T11:09:02.076395+00:00,86.4,200,bid,,,2200467
2026-07-01T21:09:01.895183,2026-07-01T11:09:03.293244+00:00,86.5,2,bid,,,2200501
2026-07-01T21:09:01.895183,2026-07-01T11:09:03.293244+00:00,86.5,198,bid,,,2200502
2026-07-01T21:09:05.820755,2026-07-01T11:09:07.223922+00:00,86.5,3,bid,,,2200612
2026-07-01T21:09:05.820755,2026-07-01T11:09:07.223922+00:00,86.5,200,bid,,,2200613
2026-07-01T21:09:05.820755,2026-07-01T11:09:07.223922+00:00,86.5,422,bid,,,2200614
2026-07-01T21:09:07.134367,2026-07-01T11:09:08.538665+00:00,86.4,200,ask,,,2200637
2026-07-01T21:09:10.413006,2026-07-01T11:09:11.809209+00:00,86.3,200,bid,,,2200712
2026-07-01T21:09:11.295188,2026-07-01T11:09:12.695312+00:00,86.2,20,ask,,,2200734
2026-07-01T21:09:11.627123,2026-07-01T11:09:13.032434+00:00,86.2,200,ask,,,2200742
2026-07-01T21:09:14.053272,2026-07-01T11:09:15.451941+00:00,86.1,200,ask,,,2200786
2026-07-01T21:09:16.331265,2026-07-01T11:09:17.735444+00:00,86.2,200,bid,,,2200822
2026-07-01T21:09:17.106603,2026-07-01T11:09:18.509732+00:00,86.2,50,ask,,,2200826
2026-07-01T21:09:17.158583,2026-07-01T11:09:18.564056+00:00,86.2,50,ask,,,2200828
2026-07-01T21:09:17.238785,2026-07-01T11:09:18.640693+00:00,86.2,8,ask,,,2200835
2026-07-01T21:09:17.373568,2026-07-01T11:09:18.770692+00:00,86.2,50,ask,,,2200838
2026-07-01T21:09:17.497760,2026-07-01T11:09:18.900746+00:00,86.2,50,ask,,,2200840
2026-07-01T21:09:17.650343,2026-07-01T11:09:19.053735+00:00,86.1,200,ask,,,2200846
2026-07-01T21:09:17.650343,2026-07-01T11:09:19.053735+00:00,86.1,36,ask,,,2200847
2026-07-01T21:09:21.638017,2026-07-01T11:09:23.042995+00:00,86.0,3,ask,,,2200925
2026-07-01T21:09:21.638017,2026-07-01T11:09:23.042995+00:00,86.0,200,ask,,,2200926
2026-07-01T21:09:22.523849,2026-07-01T11:09:23.926700+00:00,86.0,200,bid,,,2200939
2026-07-01T21:09:23.768636,2026-07-01T11:09:25.166627+00:00,86.1,50,ask,,,2200971
2026-07-01T21:09:23.907008,2026-07-01T11:09:25.309640+00:00,86.1,10,ask,,,2200974
2026-07-01T21:09:24.256727,2026-07-01T11:09:25.659543+00:00,86.1,140,ask,,,2200978
2026-07-01T21:09:24.256727,2026-07-01T11:09:25.659543+00:00,86.0,1,ask,,,2200979
2026-07-01T21:09:24.938943,2026-07-01T11:09:26.337754+00:00,86.0,200,bid,,,2200990
2026-07-01T21:09:28.586409,2026-07-01T11:09:29.987083+00:00,86.1,200,ask,,,2201049
2026-07-01T21:09:34.769051,2026-07-01T11:09:36.168634+00:00,86.1,200,ask,,,2201203
2026-07-01T21:09:34.788189,2026-07-01T11:09:36.190634+00:00,86.1,300,bid,,,2201205
2026-07-01T21:09:35.362353,2026-07-01T11:09:36.758433+00:00,86.1,325,ask,,,2201224
2026-07-01T21:09:36.099348,2026-07-01T11:09:37.498283+00:00,86.0,1,ask,,,2201235
2026-07-01T21:09:36.099348,2026-07-01T11:09:37.498283+00:00,86.0,200,ask,,,2201236
2026-07-01T21:09:38.280829,2026-07-01T11:09:39.683022+00:00,86.0,200,ask,,,2201292
2026-07-01T21:09:40.700997,2026-07-01T11:09:42.105619+00:00,85.9,1,ask,,,2201342
2026-07-01T21:09:40.980606,2026-07-01T11:09:42.380096+00:00,85.8,20,ask,,,2201350
2026-07-01T21:09:41.914715,2026-07-01T11:09:43.310766+00:00,85.8,200,ask,,,2201370
2026-07-01T21:09:42.679762,2026-07-01T11:09:44.075397+00:00,85.7,94,bid,,,2201392
2026-07-01T21:09:42.706676,2026-07-01T11:09:44.108554+00:00,85.7,6,bid,,,2201393
2026-07-01T21:09:42.856677,2026-07-01T11:09:44.261142+00:00,85.7,50,bid,,,2201396
2026-07-01T21:09:42.983105,2026-07-01T11:09:44.380371+00:00,85.7,50,bid,,,2201398
2026-07-01T21:09:43.129734,2026-07-01T11:09:44.532638+00:00,85.6,200,ask,,,2201404
2026-07-01T21:09:43.253401,2026-07-01T11:09:44.653674+00:00,85.7,17,bid,,,2201406
2026-07-01T21:09:43.258123,2026-07-01T11:09:44.653674+00:00,85.6,2,ask,,,2201407
2026-07-01T21:09:45.279984,2026-07-01T11:09:46.683470+00:00,85.6,200,ask,,,2201456
2026-07-01T21:09:46.754293,2026-07-01T11:09:48.151199+00:00,85.6,200,bid,,,2201496
2026-07-01T21:09:48.268129,2026-07-01T11:09:49.670675+00:00,85.6,2,ask,,,2201522
2026-07-01T21:09:49.209128,2026-07-01T11:09:50.608850+00:00,85.6,200,ask,,,2201547
2026-07-01T21:09:49.242100,2026-07-01T11:09:50.641862+00:00,85.6,50,bid,,,2201548
2026-07-01T21:09:49.380334,2026-07-01T11:09:50.783347+00:00,85.6,44,bid,,,2201551
2026-07-01T21:09:50.607744,2026-07-01T11:09:52.005633+00:00,85.7,20,bid,,,2201585
2026-07-01T21:09:53.146424,2026-07-01T11:09:54.545644+00:00,85.6,200,ask,,,2201643
2026-07-01T21:09:53.146424,2026-07-01T11:09:54.545644+00:00,85.6,425,ask,,,2201644
2026-07-01T21:09:53.278455,2026-07-01T11:09:54.676354+00:00,85.6,2,ask,,,2201649
2026-07-01T21:09:54.455347,2026-07-01T11:09:55.855002+00:00,85.8,200,bid,,,2201667
2026-07-01T21:09:58.295377,2026-07-01T11:09:59.693253+00:00,85.9,6,bid,,,2201736
2026-07-01T21:09:58.410842,2026-07-01T11:09:59.814481+00:00,85.8,200,ask,,,2201744
2026-07-01T21:09:59.827006,2026-07-01T11:10:01.230447+00:00,85.9,6,bid,,,2201761
2026-07-01T21:09:59.827006,2026-07-01T11:10:01.230447+00:00,85.9,4,bid,,,2201762
2026-07-01T21:10:00.073872,2026-07-01T11:10:01.482487+00:00,85.9,200,bid,,,2201765
2026-07-01T21:10:01.289428,2026-07-01T11:10:02.686511+00:00,85.9,200,bid,,,2201788
2026-07-01T21:10:01.875310,2026-07-01T11:10:03.275731+00:00,85.9,10,bid,,,2201798
2026-07-01T21:10:03.655706,2026-07-01T11:10:05.051881+00:00,85.9,7,bid,,,2201843
2026-07-01T21:10:03.655706,2026-07-01T11:10:05.051881+00:00,85.9,200,bid,,,2201844
2026-07-01T21:10:03.715525,2026-07-01T11:10:05.115943+00:00,85.9,200,ask,,,2201849
2026-07-01T21:10:03.907454,2026-07-01T11:10:05.311111+00:00,86.0,10,bid,,,2201853
2026-07-01T21:10:04.925286,2026-07-01T11:10:06.322070+00:00,85.9,200,ask,,,2201888
2026-07-01T21:10:04.969823,2026-07-01T11:10:06.366084+00:00,85.8,200,ask,,,2201889
2026-07-01T21:10:06.129279,2026-07-01T11:10:07.528035+00:00,85.8,200,bid,,,2201908
2026-07-01T21:10:08.555717,2026-07-01T11:10:09.961238+00:00,85.7,200,ask,,,2201973
2026-07-01T21:10:08.818259,2026-07-01T11:10:10.223213+00:00,85.9,20,bid,,,2201976
2026-07-01T21:10:11.515770,2026-07-01T11:10:12.920033+00:00,85.8,200,bid,,,2202033
2026-07-01T21:10:16.776604,2026-07-01T11:10:18.177471+00:00,85.9,200,ask,,,2202152
2026-07-01T21:10:17.013246,2026-07-01T11:10:18.416800+00:00,85.8,200,bid,,,2202155
2026-07-01T21:10:18.224872,2026-07-01T11:10:19.628784+00:00,85.9,200,ask,,,2202179
2026-07-01T21:10:18.675405,2026-07-01T11:10:20.069451+00:00,85.9,10,ask,,,2202192
2026-07-01T21:10:19.431359,2026-07-01T11:10:20.832946+00:00,85.8,20,ask,,,2202210
2026-07-01T21:10:19.437289,2026-07-01T11:10:20.832946+00:00,85.8,200,ask,,,2202211
2026-07-01T21:10:20.644639,2026-07-01T11:10:22.046357+00:00,85.8,200,ask,,,2202229
2026-07-01T21:10:22.249883,2026-07-01T11:10:23.650831+00:00,85.7,5,ask,,,2202249
2026-07-01T21:10:22.249883,2026-07-01T11:10:23.650831+00:00,85.7,15,ask,,,2202250
2026-07-01T21:10:26.004589,2026-07-01T11:10:27.409206+00:00,85.9,200,bid,,,2202347
2026-07-01T21:10:28.673687,2026-07-01T11:10:30.075779+00:00,86.0,1,bid,,,2202391
2026-07-01T21:10:28.782019,2026-07-01T11:10:30.185845+00:00,86.0,20,ask,,,2202395
2026-07-01T21:10:29.302660,2026-07-01T11:10:30.700732+00:00,86.0,10,ask,,,2202410
2026-07-01T21:10:29.981437,2026-07-01T11:10:31.378469+00:00,86.0,50,ask,,,2202426
2026-07-01T21:10:29.996153,2026-07-01T11:10:31.400132+00:00,86.1,4,bid,,,2202427
2026-07-01T21:10:29.996153,2026-07-01T11:10:31.400132+00:00,86.1,500,bid,,,2202428
2026-07-01T21:10:30.010206,2026-07-01T11:10:31.411127+00:00,86.1,100,ask,,,2202430
2026-07-01T21:10:30.384980,2026-07-01T11:10:31.782970+00:00,86.1,21,ask,,,2202434
2026-07-01T21:10:31.594753,2026-07-01T11:10:33.000234+00:00,86.0,200,bid,,,2202453
2026-07-01T21:10:36.440666,2026-07-01T11:10:37.841047+00:00,85.9,200,ask,,,2202583
2026-07-01T21:10:36.580906,2026-07-01T11:10:37.983966+00:00,85.8,200,ask,,,2202585
2026-07-01T21:10:40.467312,2026-07-01T11:10:41.870396+00:00,85.7,2,ask,,,2202672
2026-07-01T21:10:41.275208,2026-07-01T11:10:42.676496+00:00,85.7,10,ask,,,2202682
2026-07-01T21:10:41.836449,2026-07-01T11:10:43.233141+00:00,85.7,190,bid,,,2202708
2026-07-01T21:10:42.903956,2026-07-01T11:10:44.301143+00:00,85.7,20,ask,,,2202729
2026-07-01T21:10:44.901366,2026-07-01T11:10:46.306015+00:00,85.7,200,ask,,,2202769
2026-07-01T21:10:46.108841,2026-07-01T11:10:47.506418+00:00,85.7,200,bid,,,2202780
2026-07-01T21:10:52.190063,2026-07-01T11:10:53.594863+00:00,85.8,200,bid,,,2202906
2026-07-01T21:10:53.397852,2026-07-01T11:10:54.799379+00:00,85.8,200,bid,,,2202936
2026-07-01T21:10:55.053847,2026-07-01T11:10:56.456325+00:00,85.8,50,bid,,,2202977
2026-07-01T21:10:55.818012,2026-07-01T11:10:57.219477+00:00,85.8,200,bid,,,2202994
2026-07-01T21:10:57.034507,2026-07-01T11:10:58.438504+00:00,85.8,200,bid,,,2203027
2026-07-01T21:10:58.343944,2026-07-01T11:10:59.749631+00:00,85.8,20,ask,,,2203063
2026-07-01T21:10:59.460116,2026-07-01T11:11:00.861258+00:00,85.9,1,bid,,,2203098
2026-07-01T21:11:00.274819,2026-07-01T11:11:01.677608+00:00,85.9,199,ask,,,2203121
2026-07-01T21:11:00.675329,2026-07-01T11:11:02.070892+00:00,85.8,200,ask,,,2203131
2026-07-01T21:11:01.662983,2026-07-01T11:11:03.061128+00:00,85.8,50,bid,,,2203157
2026-07-01T21:11:02.906165,2026-07-01T11:11:04.305339+00:00,85.7,200,ask,,,2203175
2026-07-01T21:11:02.927991,2026-07-01T11:11:04.327286+00:00,85.7,50,bid,,,2203177
2026-07-01T21:11:04.219657,2026-07-01T11:11:05.629123+00:00,85.6,4,ask,,,2203219
2026-07-01T21:11:06.561690,2026-07-01T11:11:07.958433+00:00,85.5,3,ask,,,2203261
2026-07-01T21:11:06.561690,2026-07-01T11:11:07.969433+00:00,85.5,17,ask,,,2203262
2026-07-01T21:11:06.730286,2026-07-01T11:11:08.134097+00:00,85.5,200,ask,,,2203267
2026-07-01T21:11:10.773586,2026-07-01T11:11:12.171527+00:00,85.5,2,ask,,,2203374
2026-07-01T21:11:10.773586,2026-07-01T11:11:12.171527+00:00,85.5,200,ask,,,2203375
2026-07-01T21:11:10.773586,2026-07-01T11:11:12.182527+00:00,85.5,423,ask,,,2203376
2026-07-01T21:11:12.084743,2026-07-01T11:11:13.479452+00:00,85.6,200,bid,,,2203407
2026-07-01T21:11:13.402181,2026-07-01T11:11:14.801248+00:00,85.7,200,ask,,,2203434
2026-07-01T21:11:13.402181,2026-07-01T11:11:14.801248+00:00,85.5,2,ask,,,2203435
2026-07-01T21:11:13.444804,2026-07-01T11:11:14.845396+00:00,85.5,423,bid,,,2203439
2026-07-01T21:11:13.770823,2026-07-01T11:11:15.173171+00:00,85.5,10,ask,,,2203446
2026-07-01T21:11:14.109227,2026-07-01T11:11:15.511031+00:00,85.6,20,ask,,,2203456
2026-07-01T21:11:16.412578,2026-07-01T11:11:17.815691+00:00,85.6,200,ask,,,2203515
2026-07-01T21:11:17.619006,2026-07-01T11:11:19.015669+00:00,85.7,200,bid,,,2203537
2026-07-01T21:11:18.142312,2026-07-01T11:11:19.541863+00:00,85.5,3,ask,,,2203550
2026-07-01T21:11:18.142312,2026-07-01T11:11:19.541863+00:00,85.5,17,ask,,,2203551
2026-07-01T21:11:18.717583,2026-07-01T11:11:20.123768+00:00,85.6,50,ask,,,2203572
2026-07-01T21:11:18.865294,2026-07-01T11:11:20.266282+00:00,85.6,50,ask,,,2203575
2026-07-01T21:11:18.991877,2026-07-01T11:11:20.396993+00:00,85.6,50,ask,,,2203577
2026-07-01T21:11:19.116865,2026-07-01T11:11:20.518120+00:00,85.6,50,ask,,,2203579
2026-07-01T21:11:19.886805,2026-07-01T11:11:21.292495+00:00,85.6,10,ask,,,2203604
2026-07-01T21:11:21.273075,2026-07-01T11:11:22.673202+00:00,85.6,200,bid,,,2203630
2026-07-01T21:11:21.917435,2026-07-01T11:11:23.317803+00:00,85.6,10,ask,,,2203645
2026-07-01T21:11:22.936105,2026-07-01T11:11:24.336939+00:00,85.5,1,ask,,,2203671
2026-07-01T21:11:22.936105,2026-07-01T11:11:24.336939+00:00,85.5,9,ask,,,2203672
2026-07-01T21:11:23.760407,2026-07-01T11:11:25.158215+00:00,85.6,500,bid,,,2203694
2026-07-01T21:11:24.456019,2026-07-01T11:11:25.859342+00:00,85.5,1,ask,,,2203716
2026-07-01T21:11:24.456019,2026-07-01T11:11:25.859342+00:00,85.5,9,ask,,,2203717
2026-07-01T21:11:24.891015,2026-07-01T11:11:26.295935+00:00,85.6,200,bid,,,2203728
2026-07-01T21:11:25.587136,2026-07-01T11:11:26.986943+00:00,85.6,7,ask,,,2203738
2026-07-01T21:11:25.963047,2026-07-01T11:11:27.358611+00:00,85.7,20,bid,,,2203754
2026-07-01T21:11:26.165991,2026-07-01T11:11:27.565606+00:00,85.7,500,bid,,,2203765
2026-07-01T21:11:26.524964,2026-07-01T11:11:27.926418+00:00,85.7,200,bid,,,2203769
2026-07-01T21:11:26.524964,2026-07-01T11:11:27.926418+00:00,85.9,2,bid,,,2203770
2026-07-01T21:11:26.547296,2026-07-01T11:11:27.948194+00:00,85.9,6,ask,,,2203772
2026-07-01T21:11:27.317608,2026-07-01T11:11:28.715567+00:00,85.9,200,ask,,,2203784
2026-07-01T21:11:28.008928,2026-07-01T11:11:29.404033+00:00,85.8,500,bid,,,2203801
2026-07-01T21:11:28.592801,2026-07-01T11:11:29.994732+00:00,85.7,200,bid,,,2203811
2026-07-01T21:11:28.592801,2026-07-01T11:11:29.994732+00:00,85.8,125,bid,,,2203812
2026-07-01T21:11:28.592801,2026-07-01T11:11:29.994732+00:00,85.8,11,bid,,,2203813
2026-07-01T21:11:29.150175,2026-07-01T11:11:30.552462+00:00,85.9,11,bid,,,2203831
2026-07-01T21:11:29.168972,2026-07-01T11:11:30.574372+00:00,85.9,5,ask,,,2203834
2026-07-01T21:11:29.732135,2026-07-01T11:11:31.129832+00:00,85.9,200,ask,,,2203838
2026-07-01T21:11:30.856085,2026-07-01T11:11:32.254806+00:00,85.9,25,ask,,,2203864
2026-07-01T21:11:30.941285,2026-07-01T11:11:32.341867+00:00,85.9,200,ask,,,2203871
2026-07-01T21:11:32.086550,2026-07-01T11:11:33.484160+00:00,85.9,10,ask,,,2203898
2026-07-01T21:11:32.595150,2026-07-01T11:11:33.997040+00:00,86.0,7,bid,,,2203907
2026-07-01T21:11:32.595150,2026-07-01T11:11:33.997040+00:00,86.0,13,bid,,,2203908
2026-07-01T21:11:32.614475,2026-07-01T11:11:34.019053+00:00,85.9,10,ask,,,2203913
2026-07-01T21:11:33.121714,2026-07-01T11:11:34.521101+00:00,85.9,10,ask,,,2203920
2026-07-01T21:11:33.363456,2026-07-01T11:11:34.761071+00:00,86.0,6,bid,,,2203925
2026-07-01T21:11:33.363456,2026-07-01T11:11:34.761071+00:00,86.0,194,bid,,,2203926
2026-07-01T21:11:33.401340,2026-07-01T11:11:34.805201+00:00,85.9,25,ask,,,2203929
2026-07-01T21:11:33.517172,2026-07-01T11:11:34.914748+00:00,85.9,100,ask,,,2203934
2026-07-01T21:11:34.104063,2026-07-01T11:11:35.504399+00:00,85.9,3,ask,,,2203948
2026-07-01T21:11:34.576649,2026-07-01T11:11:35.975520+00:00,85.9,200,ask,,,2203962
2026-07-01T21:11:35.101574,2026-07-01T11:11:36.497579+00:00,85.9,3,ask,,,2203968
2026-07-01T21:11:36.654715,2026-07-01T11:11:38.051439+00:00,85.9,10,bid,,,2203997
2026-07-01T21:11:38.216594,2026-07-01T11:11:39.615181+00:00,85.9,10,ask,,,2204038
2026-07-01T21:11:38.339679,2026-07-01T11:11:39.735708+00:00,85.9,200,ask,,,2204040
2026-07-01T21:11:38.339679,2026-07-01T11:11:39.746708+00:00,85.9,425,ask,,,2204041
2026-07-01T21:11:38.460777,2026-07-01T11:11:39.866852+00:00,85.9,25,ask,,,2204046
2026-07-01T21:11:38.711633,2026-07-01T11:11:40.107486+00:00,86.0,3,bid,,,2204053
2026-07-01T21:11:39.219344,2026-07-01T11:11:40.621223+00:00,86.1,7,bid,,,2204067
2026-07-01T21:11:40.110765,2026-07-01T11:11:41.516070+00:00,86.0,200,bid,,,2204088
2026-07-01T21:11:40.110765,2026-07-01T11:11:41.516070+00:00,86.0,300,bid,,,2204089
2026-07-01T21:11:40.960070,2026-07-01T11:11:42.357606+00:00,85.9,500,ask,,,2204112
2026-07-01T21:11:41.256817,2026-07-01T11:11:42.652338+00:00,85.9,10,bid,,,2204117
2026-07-01T21:11:41.305074,2026-07-01T11:11:42.707338+00:00,85.9,115,bid,,,2204118
2026-07-01T21:11:42.272714,2026-07-01T11:11:43.669224+00:00,86.0,200,bid,,,2204138
2026-07-01T21:11:43.585267,2026-07-01T11:11:44.988849+00:00,86.1,200,ask,,,2204172
2026-07-01T21:11:45.534596,2026-07-01T11:11:46.934019+00:00,86.0,500,bid,,,2204213
2026-07-01T21:11:46.221208,2026-07-01T11:11:47.622925+00:00,86.0,200,bid,,,2204229
2026-07-01T21:11:46.221208,2026-07-01T11:11:47.622925+00:00,86.1,2,bid,,,2204230
2026-07-01T21:11:46.666402,2026-07-01T11:11:48.061880+00:00,86.1,200,ask,,,2204237
2026-07-01T21:11:47.401278,2026-07-01T11:11:48.806175+00:00,86.2,2,bid,,,2204257
2026-07-01T21:11:47.541971,2026-07-01T11:11:48.937518+00:00,85.9,200,ask,,,2204262
2026-07-01T21:11:47.541971,2026-07-01T11:11:48.947892+00:00,85.9,425,ask,,,2204263
2026-07-01T21:11:47.912379,2026-07-01T11:11:49.308182+00:00,86.1,8,bid,,,2204267
2026-07-01T21:11:48.491196,2026-07-01T11:11:49.890238+00:00,86.1,2,bid,,,2204277
2026-07-01T21:11:49.079788,2026-07-01T11:11:50.480571+00:00,86.0,200,bid,,,2204291
2026-07-01T21:11:49.438949,2026-07-01T11:11:50.841744+00:00,86.0,10,bid,,,2204298
2026-07-01T21:11:50.611000,2026-07-01T11:11:52.011628+00:00,86.0,20,bid,,,2204318
2026-07-01T21:11:50.995894,2026-07-01T11:11:52.391968+00:00,86.0,10,bid,,,2204328
2026-07-01T21:11:51.470904,2026-07-01T11:11:52.868338+00:00,86.0,170,bid,,,2204338
2026-07-01T21:11:51.503224,2026-07-01T11:11:52.900926+00:00,86.0,200,ask,,,2204339
2026-07-01T21:11:52.307826,2026-07-01T11:11:53.710984+00:00,86.1,1,bid,,,2204358
2026-07-01T21:11:52.351646,2026-07-01T11:11:53.754694+00:00,86.2,133,bid,,,2204364
2026-07-01T21:11:52.489522,2026-07-01T11:11:53.886019+00:00,86.2,15,bid,,,2204366
2026-07-01T21:11:52.711197,2026-07-01T11:11:54.114079+00:00,86.0,200,ask,,,2204375
2026-07-01T21:11:52.781752,2026-07-01T11:11:54.180213+00:00,85.9,500,ask,,,2204378
2026-07-01T21:11:52.808354,2026-07-01T11:11:54.213046+00:00,85.9,125,bid,,,2204379
2026-07-01T21:11:53.501209,2026-07-01T11:11:54.904032+00:00,86.2,2,bid,,,2204391
2026-07-01T21:11:53.919714,2026-07-01T11:11:55.318430+00:00,86.0,200,ask,,,2204403
2026-07-01T21:11:55.128145,2026-07-01T11:11:56.532985+00:00,86.0,200,ask,,,2204424
2026-07-01T21:11:55.409096,2026-07-01T11:11:56.804725+00:00,86.1,500,ask,,,2204435
2026-07-01T21:11:55.518054,2026-07-01T11:11:56.913835+00:00,86.0,50,bid,,,2204439
2026-07-01T21:11:55.665845,2026-07-01T11:11:57.066754+00:00,86.0,50,bid,,,2204443
2026-07-01T21:11:55.822656,2026-07-01T11:11:57.220046+00:00,86.0,25,bid,,,2204448
2026-07-01T21:11:58.511342,2026-07-01T11:11:59.915882+00:00,86.2,1,bid,,,2204518
2026-07-01T21:11:58.511342,2026-07-01T11:11:59.915882+00:00,86.3,1,bid,,,2204519
2026-07-01T21:11:58.710661,2026-07-01T11:12:00.112781+00:00,86.1,145,ask,,,2204525
2026-07-01T21:11:59.358078,2026-07-01T11:12:00.755419+00:00,86.1,200,ask,,,2204535
2026-07-01T21:12:00.428632,2026-07-01T11:12:01.829730+00:00,85.9,20,ask,,,2204553
2026-07-01T21:12:01.175631,2026-07-01T11:12:02.573528+00:00,86.1,200,bid,,,2204571
2026-07-01T21:12:01.819950,2026-07-01T11:12:03.225215+00:00,86.1,20,bid,,,2204586
2026-07-01T21:12:03.521338,2026-07-01T11:12:04.924437+00:00,86.3,2,bid,,,2204617
2026-07-01T21:12:03.597263,2026-07-01T11:12:05.000952+00:00,86.2,200,ask,,,2204624
2026-07-01T21:12:06.013917,2026-07-01T11:12:07.413327+00:00,86.2,200,ask,,,2204672
2026-07-01T21:12:07.937470,2026-07-01T11:12:09.337099+00:00,86.2,500,bid,,,2204718
2026-07-01T21:12:08.449774,2026-07-01T11:12:09.851935+00:00,86.2,125,bid,,,2204730
2026-07-01T21:12:08.449774,2026-07-01T11:12:09.851935+00:00,86.3,1,bid,,,2204731
2026-07-01T21:12:08.551159,2026-07-01T11:12:09.950043+00:00,86.5,2,bid,,,2204736
2026-07-01T21:12:08.563488,2026-07-01T11:12:09.960993+00:00,86.5,198,bid,,,2204737
2026-07-01T21:12:11.387723,2026-07-01T11:12:12.783901+00:00,86.6,50,bid,,,2204798
2026-07-01T21:12:11.461777,2026-07-01T11:12:12.860753+00:00,86.6,100,bid,,,2204801
2026-07-01T21:12:12.497191,2026-07-01T11:12:13.892699+00:00,86.6,1,bid,,,2204825
2026-07-01T21:12:12.497191,2026-07-01T11:12:13.903344+00:00,86.6,200,bid,,,2204826
2026-07-01T21:12:13.393989,2026-07-01T11:12:14.789080+00:00,86.6,424,ask,,,2204859
2026-07-01T21:12:13.393989,2026-07-01T11:12:14.800080+00:00,86.6,76,ask,,,2204860
2026-07-01T21:12:13.567058,2026-07-01T11:12:14.963912+00:00,86.7,2,bid,,,2204863
2026-07-01T21:12:13.809496,2026-07-01T11:12:15.214001+00:00,86.6,124,ask,,,2204866
2026-07-01T21:12:18.577549,2026-07-01T11:12:19.975664+00:00,86.5,1,bid,,,2204949
2026-07-01T21:12:18.577549,2026-07-01T11:12:19.975664+00:00,86.5,1,bid,,,2204950
2026-07-01T21:12:21.728579,2026-07-01T11:12:23.132195+00:00,86.4,200,bid,,,2205022
2026-07-01T21:12:22.964511,2026-07-01T11:12:24.365652+00:00,86.4,200,ask,,,2205051
2026-07-01T21:12:23.050119,2026-07-01T11:12:24.453231+00:00,86.2,6,ask,,,2205054
2026-07-01T21:12:23.050119,2026-07-01T11:12:24.453231+00:00,86.2,200,ask,,,2205055
2026-07-01T21:12:23.050119,2026-07-01T11:12:24.453231+00:00,86.1,419,ask,,,2205056
2026-07-01T21:12:23.589395,2026-07-01T11:12:24.987030+00:00,86.5,2,bid,,,2205071
2026-07-01T21:12:24.212663,2026-07-01T11:12:25.607643+00:00,86.3,50,ask,,,2205081
2026-07-01T21:12:24.339720,2026-07-01T11:12:25.737645+00:00,86.3,50,ask,,,2205083
2026-07-01T21:12:24.392919,2026-07-01T11:12:25.792464+00:00,86.4,45,ask,,,2205088
2026-07-01T21:12:25.379869,2026-07-01T11:12:26.775193+00:00,86.4,200,ask,,,2205116
2026-07-01T21:12:29.010513,2026-07-01T11:12:30.412551+00:00,86.4,200,ask,,,2205188
2026-07-01T21:12:29.152552,2026-07-01T11:12:30.555126+00:00,86.4,425,ask,,,2205202
2026-07-01T21:12:30.433128,2026-07-01T11:12:31.835943+00:00,86.3,50,ask,,,2205230
2026-07-01T21:12:30.634081,2026-07-01T11:12:32.032008+00:00,86.3,15,ask,,,2205241
2026-07-01T21:12:30.906098,2026-07-01T11:12:32.305760+00:00,86.4,200,bid,,,2205244
2026-07-01T21:12:30.906098,2026-07-01T11:12:32.305760+00:00,86.5,425,bid,,,2205245
2026-07-01T21:12:31.447197,2026-07-01T11:12:32.853459+00:00,86.4,85,ask,,,2205255
2026-07-01T21:12:33.529713,2026-07-01T11:12:34.933242+00:00,86.4,200,bid,,,2205292
2026-07-01T21:12:33.529713,2026-07-01T11:12:34.933242+00:00,86.5,425,bid,,,2205293
2026-07-01T21:12:33.612752,2026-07-01T11:12:35.010269+00:00,86.5,2,bid,,,2205295
2026-07-01T21:12:34.847363,2026-07-01T11:12:36.244267+00:00,86.4,200,bid,,,2205330
2026-07-01T21:12:34.847363,2026-07-01T11:12:36.244267+00:00,86.5,425,bid,,,2205331
2026-07-01T21:12:36.159095,2026-07-01T11:12:37.558932+00:00,86.3,200,ask,,,2205350
2026-07-01T21:12:37.485690,2026-07-01T11:12:38.894735+00:00,86.1,200,ask,,,2205367
2026-07-01T21:12:38.248551,2026-07-01T11:12:39.648475+00:00,86.2,3,ask,,,2205380
2026-07-01T21:12:38.621216,2026-07-01T11:12:40.020887+00:00,86.1,25,ask,,,2205392
2026-07-01T21:12:38.777268,2026-07-01T11:12:40.173881+00:00,86.1,200,ask,,,2205400
2026-07-01T21:12:39.241858,2026-07-01T11:12:40.641832+00:00,86.0,20,bid,,,2205405
2026-07-01T21:12:39.903976,2026-07-01T11:12:41.306405+00:00,86.0,200,bid,,,2205416
2026-07-01T21:12:41.115219,2026-07-01T11:12:42.517016+00:00,86.1,200,bid,,,2205438
2026-07-01T21:12:42.326447,2026-07-01T11:12:43.729231+00:00,86.1,200,ask,,,2205454
2026-07-01T21:12:46.277361,2026-07-01T11:12:47.677057+00:00,86.2,100,bid,,,2205513
2026-07-01T21:12:46.659164,2026-07-01T11:12:48.059884+00:00,86.1,200,ask,,,2205526
2026-07-01T21:12:48.387967,2026-07-01T11:12:49.786616+00:00,86.0,2,ask,,,2205558
2026-07-01T21:12:48.387967,2026-07-01T11:12:49.786616+00:00,86.0,198,ask,,,2205559
2026-07-01T21:12:49.600851,2026-07-01T11:12:51.000865+00:00,86.0,7,ask,,,2205597
2026-07-01T21:12:49.600851,2026-07-01T11:12:51.000865+00:00,86.0,193,ask,,,2205598
2026-07-01T21:12:50.602607,2026-07-01T11:12:52.006209+00:00,86.1,500,ask,,,2205621
2026-07-01T21:12:50.920579,2026-07-01T11:12:52.325010+00:00,86.1,125,bid,,,2205627
2026-07-01T21:12:50.920579,2026-07-01T11:12:52.325010+00:00,86.1,200,bid,,,2205628
2026-07-01T21:12:51.910825,2026-07-01T11:12:53.307261+00:00,86.3,3,bid,,,2205648
2026-07-01T21:12:52.026525,2026-07-01T11:12:53.426695+00:00,86.3,200,ask,,,2205654
2026-07-01T21:12:52.630606,2026-07-01T11:12:54.037282+00:00,86.5,50,bid,,,2205673
2026-07-01T21:12:52.795191,2026-07-01T11:12:54.190389+00:00,86.5,50,bid,,,2205680
2026-07-01T21:12:53.860521,2026-07-01T11:12:55.260810+00:00,86.3,20,ask,,,2205694
2026-07-01T21:12:54.446780,2026-07-01T11:12:55.851736+00:00,86.3,200,ask,,,2205711
2026-07-01T21:12:56.867605,2026-07-01T11:12:58.268872+00:00,86.4,200,bid,,,2205766
2026-07-01T21:12:59.826093,2026-07-01T11:13:01.227682+00:00,86.3,50,bid,,,2205854
2026-07-01T21:12:59.987428,2026-07-01T11:13:01.392299+00:00,86.3,50,bid,,,2205858
2026-07-01T21:13:00.635961,2026-07-01T11:13:02.037919+00:00,86.3,500,bid,,,2205868
2026-07-01T21:13:01.088284,2026-07-01T11:13:02.485720+00:00,86.3,200,bid,,,2205880
2026-07-01T21:13:01.088284,2026-07-01T11:13:02.485720+00:00,86.4,5,bid,,,2205881
2026-07-01T21:13:01.709393,2026-07-01T11:13:03.107195+00:00,86.5,200,ask,,,2205887
2026-07-01T21:13:02.907180,2026-07-01T11:13:04.308670+00:00,86.5,20,bid,,,2205913
2026-07-01T21:13:04.139078,2026-07-01T11:13:05.538823+00:00,86.4,200,ask,,,2205948
2026-07-01T21:13:07.288946,2026-07-01T11:13:08.688866+00:00,86.5,500,bid,,,2206020
2026-07-01T21:13:07.641060,2026-07-01T11:13:09.037373+00:00,86.5,200,bid,,,2206034
2026-07-01T21:13:07.730142,2026-07-01T11:13:09.135450+00:00,86.6,20,ask,,,2206035
2026-07-01T21:13:08.674318,2026-07-01T11:13:10.076979+00:00,86.7,25,bid,,,2206050
2026-07-01T21:13:08.992441,2026-07-01T11:13:10.393368+00:00,86.6,200,ask,,,2206057
2026-07-01T21:13:10.214206,2026-07-01T11:13:11.619703+00:00,86.6,78,bid,,,2206090
2026-07-01T21:13:10.262776,2026-07-01T11:13:11.663487+00:00,86.6,122,bid,,,2206092
2026-07-01T21:13:10.971857,2026-07-01T11:13:12.377262+00:00,86.7,2,bid,,,2206100
2026-07-01T21:13:10.976694,2026-07-01T11:13:12.377262+00:00,86.8,2,bid,,,2206101
2026-07-01T21:13:11.415360,2026-07-01T11:13:12.814894+00:00,86.6,200,ask,,,2206115
2026-07-01T21:13:11.530437,2026-07-01T11:13:12.932345+00:00,86.7,2,bid,,,2206116
2026-07-01T21:13:11.573176,2026-07-01T11:13:12.976300+00:00,86.7,498,ask,,,2206118
2026-07-01T21:13:12.466534,2026-07-01T11:13:13.871647+00:00,86.7,20,bid,,,2206131
2026-07-01T21:13:12.880874,2026-07-01T11:13:14.277587+00:00,86.7,200,bid,,,2206140
2026-07-01T21:13:13.836252,2026-07-01T11:13:15.240065+00:00,86.7,200,ask,,,2206166
2026-07-01T21:13:14.543546,2026-07-01T11:13:15.948435+00:00,86.7,500,bid,,,2206174
2026-07-01T21:13:15.046847,2026-07-01T11:13:16.449730+00:00,86.7,125,bid,,,2206185
2026-07-01T21:13:15.227029,2026-07-01T11:13:16.623135+00:00,86.8,1,bid,,,2206193
2026-07-01T21:13:15.984812,2026-07-01T11:13:17.389883+00:00,86.8,2,bid,,,2206205
2026-07-01T21:13:16.264563,2026-07-01T11:13:17.661637+00:00,86.7,200,ask,,,2206212
2026-07-01T21:13:18.126544,2026-07-01T11:13:19.532238+00:00,86.6,500,ask,,,2206263
2026-07-01T21:13:18.181453,2026-07-01T11:13:19.587237+00:00,86.6,125,bid,,,2206264
2026-07-01T21:13:19.437096,2026-07-01T11:13:20.842155+00:00,86.7,200,ask,,,2206291
2026-07-01T21:13:20.994525,2026-07-01T11:13:22.394892+00:00,86.8,1,bid,,,2206343
2026-07-01T21:13:20.994525,2026-07-01T11:13:22.394892+00:00,86.8,1,bid,,,2206344
2026-07-01T21:13:22.406960,2026-07-01T11:13:23.802412+00:00,86.7,200,bid,,,2206370
2026-07-01T21:13:23.522138,2026-07-01T11:13:24.924346+00:00,86.8,5,bid,,,2206395
2026-07-01T21:13:23.522138,2026-07-01T11:13:24.924346+00:00,86.8,195,bid,,,2206396
2026-07-01T21:13:24.248116,2026-07-01T11:13:25.643428+00:00,86.8,430,bid,,,2206412
2026-07-01T21:13:24.248116,2026-07-01T11:13:25.654428+00:00,86.8,4,bid,,,2206413
2026-07-01T21:13:24.673825,2026-07-01T11:13:26.070508+00:00,86.9,3,bid,,,2206431
2026-07-01T21:13:24.673825,2026-07-01T11:13:26.081060+00:00,87.0,200,bid,,,2206432
2026-07-01T21:13:24.685489,2026-07-01T11:13:26.081060+00:00,87.0,3,ask,,,2206434
2026-07-01T21:13:25.563057,2026-07-01T11:13:26.966977+00:00,87.1,20,bid,,,2206465
2026-07-01T21:13:25.986801,2026-07-01T11:13:27.392397+00:00,87.1,200,ask,,,2206471
2026-07-01T21:13:26.004510,2026-07-01T11:13:27.402932+00:00,87.1,2,bid,,,2206472
2026-07-01T21:13:27.307929,2026-07-01T11:13:28.712841+00:00,87.0,2,bid,,,2206493
2026-07-01T21:13:27.307929,2026-07-01T11:13:28.712841+00:00,87.0,1,bid,,,2206494
2026-07-01T21:13:28.374451,2026-07-01T11:13:29.780977+00:00,86.9,200,ask,,,2206528
2026-07-01T21:13:28.701500,2026-07-01T11:13:30.106129+00:00,87.0,2,bid,,,2206544
2026-07-01T21:13:28.701500,2026-07-01T11:13:30.106129+00:00,87.0,23,bid,,,2206545
2026-07-01T21:13:29.930937,2026-07-01T11:13:31.330811+00:00,86.9,200,ask,,,2206581
2026-07-01T21:13:30.789827,2026-07-01T11:13:32.193739+00:00,86.9,200,bid,,,2206596
2026-07-01T21:13:31.014639,2026-07-01T11:13:32.412841+00:00,86.9,2,bid,,,2206607
2026-07-01T21:13:32.061233,2026-07-01T11:13:33.460217+00:00,86.9,10,ask,,,2206631
2026-07-01T21:13:33.079093,2026-07-01T11:13:34.476221+00:00,86.9,10,ask,,,2206650
2026-07-01T21:13:35.639700,2026-07-01T11:13:37.039841+00:00,87.0,200,ask,,,2206696
2026-07-01T21:13:36.014252,2026-07-01T11:13:37.420524+00:00,87.0,20,ask,,,2206701
2026-07-01T21:13:36.024556,2026-07-01T11:13:37.420524+00:00,87.2,2,bid,,,2206702
2026-07-01T21:13:36.846675,2026-07-01T11:13:38.250395+00:00,86.9,200,bid,,,2206723
2026-07-01T21:13:38.061315,2026-07-01T11:13:39.461014+00:00,86.9,200,ask,,,2206749
2026-07-01T21:13:38.403985,2026-07-01T11:13:39.809737+00:00,86.9,20,ask,,,2206754
2026-07-01T21:13:39.275862,2026-07-01T11:13:40.673342+00:00,86.9,200,ask,,,2206777
2026-07-01T21:13:41.034575,2026-07-01T11:13:42.438203+00:00,86.9,2,bid,,,2206824
2026-07-01T21:13:41.218704,2026-07-01T11:13:42.622933+00:00,86.9,198,bid,,,2206831
2026-07-01T21:13:44.932233,2026-07-01T11:13:46.331187+00:00,86.9,20,ask,,,2206905
2026-07-01T21:13:46.060505,2026-07-01T11:13:47.462695+00:00,87.0,2,bid,,,2206928
2026-07-01T21:13:47.021472,2026-07-01T11:13:48.420650+00:00,87.0,200,bid,,,2206952
2026-07-01T21:13:49.645509,2026-07-01T11:13:51.045357+00:00,87.0,200,bid,,,2207003
2026-07-01T21:13:50.018948,2026-07-01T11:13:51.415677+00:00,87.0,20,ask,,,2207008
2026-07-01T21:13:50.956908,2026-07-01T11:13:52.354445+00:00,87.0,200,ask,,,2207029
2026-07-01T21:13:51.071051,2026-07-01T11:13:52.475635+00:00,87.0,2,bid,,,2207032
2026-07-01T21:13:53.573326,2026-07-01T11:13:54.977826+00:00,87.0,200,bid,,,2207105
2026-07-01T21:13:53.789174,2026-07-01T11:13:55.185439+00:00,87.2,7,bid,,,2207107
2026-07-01T21:13:53.789174,2026-07-01T11:13:55.196351+00:00,87.2,193,bid,,,2207108
2026-07-01T21:13:55.002937,2026-07-01T11:13:56.399567+00:00,87.2,7,bid,,,2207136
2026-07-01T21:13:56.080909,2026-07-01T11:13:57.480549+00:00,87.3,2,bid,,,2207163
2026-07-01T21:13:56.199185,2026-07-01T11:13:57.600698+00:00,87.2,193,ask,,,2207169
2026-07-01T21:13:57.387202,2026-07-01T11:13:58.784238+00:00,87.1,10,bid,,,2207199
2026-07-01T21:14:01.054274,2026-07-01T11:14:02.457587+00:00,87.2,1,bid,,,2207278
2026-07-01T21:14:01.054274,2026-07-01T11:14:02.457587+00:00,87.2,199,bid,,,2207279
2026-07-01T21:14:02.453344,2026-07-01T11:14:03.856982+00:00,87.1,10,ask,,,2207302
2026-07-01T21:14:03.556659,2026-07-01T11:14:04.958363+00:00,87.2,50,ask,,,2207320
2026-07-01T21:14:03.721603,2026-07-01T11:14:05.133165+00:00,87.2,50,ask,,,2207325
2026-07-01T21:14:03.737416,2026-07-01T11:14:05.144165+00:00,87.2,25,ask,,,2207326
2026-07-01T21:14:03.985474,2026-07-01T11:14:05.384899+00:00,87.2,25,ask,,,2207331
2026-07-01T21:14:04.050865,2026-07-01T11:14:05.448956+00:00,87.2,50,ask,,,2207336
2026-07-01T21:14:04.475208,2026-07-01T11:14:05.875076+00:00,87.0,6,ask,,,2207347
2026-07-01T21:14:04.475208,2026-07-01T11:14:05.875076+00:00,87.0,4,ask,,,2207348
2026-07-01T21:14:04.687766,2026-07-01T11:14:06.091250+00:00,87.2,200,bid,,,2207355
2026-07-01T21:14:05.907140,2026-07-01T11:14:07.310533+00:00,87.2,200,ask,,,2207375
2026-07-01T21:14:06.103480,2026-07-01T11:14:07.507845+00:00,87.3,1,bid,,,2207382
2026-07-01T21:14:06.512026,2026-07-01T11:14:07.913250+00:00,87.3,2,bid,,,2207388
2026-07-01T21:14:06.512026,2026-07-01T11:14:07.913250+00:00,87.3,8,bid,,,2207389
2026-07-01T21:14:08.004334,2026-07-01T11:14:09.399793+00:00,87.2,500,bid,,,2207404
2026-07-01T21:14:09.333943,2026-07-01T11:14:10.734111+00:00,87.2,200,ask,,,2207426
2026-07-01T21:14:09.333943,2026-07-01T11:14:10.734111+00:00,87.0,7,ask,,,2207427
2026-07-01T21:14:09.349216,2026-07-01T11:14:10.745111+00:00,87.0,20,bid,,,2207429
2026-07-01T21:14:09.543653,2026-07-01T11:14:10.941399+00:00,87.0,200,bid,,,2207440
2026-07-01T21:14:10.040611,2026-07-01T11:14:11.444100+00:00,87.0,10,bid,,,2207455
2026-07-01T21:14:11.669368,2026-07-01T11:14:13.071664+00:00,87.0,45,ask,,,2207485
2026-07-01T21:14:11.800249,2026-07-01T11:14:13.202767+00:00,87.0,100,ask,,,2207489
2026-07-01T21:14:11.981648,2026-07-01T11:14:13.378324+00:00,87.0,200,ask,,,2207492
2026-07-01T21:14:13.324523,2026-07-01T11:14:14.720047+00:00,87.1,200,bid,,,2207514
2026-07-01T21:14:14.054565,2026-07-01T11:14:15.451664+00:00,87.1,20,ask,,,2207529
2026-07-01T21:14:14.645171,2026-07-01T11:14:16.052795+00:00,87.1,200,ask,,,2207537
2026-07-01T21:14:14.914761,2026-07-01T11:14:16.315718+00:00,87.1,20,bid,,,2207545
2026-07-01T21:14:16.827892,2026-07-01T11:14:18.226545+00:00,87.2,200,bid,,,2207594
2026-07-01T21:14:17.344638,2026-07-01T11:14:18.741538+00:00,87.2,50,ask,,,2207607
2026-07-01T21:14:19.907144,2026-07-01T11:14:21.309455+00:00,87.2,50,bid,,,2207664
2026-07-01T21:14:20.100313,2026-07-01T11:14:21.505573+00:00,87.2,50,bid,,,2207670
2026-07-01T21:14:20.252827,2026-07-01T11:14:21.658669+00:00,87.2,33,bid,,,2207673
2026-07-01T21:14:22.519990,2026-07-01T11:14:23.920083+00:00,87.0,200,ask,,,2207706
2026-07-01T21:14:22.873955,2026-07-01T11:14:24.271601+00:00,87.0,200,bid,,,2207713
2026-07-01T21:14:23.671380,2026-07-01T11:14:25.075376+00:00,87.0,10,bid,,,2207734
2026-07-01T21:14:24.085883,2026-07-01T11:14:25.482105+00:00,87.0,200,ask,,,2207750
2026-07-01T21:14:27.691206,2026-07-01T11:14:29.087774+00:00,87.2,42,bid,,,2207815
2026-07-01T21:14:27.770186,2026-07-01T11:14:29.175787+00:00,87.2,500,bid,,,2207817
2026-07-01T21:14:27.818128,2026-07-01T11:14:29.219108+00:00,87.2,125,ask,,,2207818
2026-07-01T21:14:28.777724,2026-07-01T11:14:30.181234+00:00,87.2,25,bid,,,2207854
2026-07-01T21:14:28.782375,2026-07-01T11:14:30.181234+00:00,87.1,2,ask,,,2207855
2026-07-01T21:14:29.080080,2026-07-01T11:14:30.476936+00:00,87.1,200,ask,,,2207860
2026-07-01T21:14:29.941250,2026-07-01T11:14:31.341974+00:00,86.9,2,ask,,,2207870
2026-07-01T21:14:30.397446,2026-07-01T11:14:31.802207+00:00,87.0,200,bid,,,2207895
2026-07-01T21:14:35.763796,2026-07-01T11:14:37.160900+00:00,87.1,20,bid,,,2208039
2026-07-01T21:14:36.621652,2026-07-01T11:14:38.023155+00:00,86.9,6,ask,,,2208059
2026-07-01T21:14:36.621652,2026-07-01T11:14:38.023155+00:00,86.9,14,ask,,,2208060
2026-07-01T21:14:38.399939,2026-07-01T11:14:39.795837+00:00,87.1,20,bid,,,2208105
2026-07-01T21:14:38.810936,2026-07-01T11:14:40.211637+00:00,86.9,2,ask,,,2208111
2026-07-01T21:14:39.102666,2026-07-01T11:14:40.507206+00:00,86.9,2,ask,,,2208116
2026-07-01T21:14:39.102666,2026-07-01T11:14:40.507206+00:00,86.9,18,ask,,,2208117
2026-07-01T21:14:39.808465,2026-07-01T11:14:41.204521+00:00,86.9,200,ask,,,2208143
2026-07-01T21:14:41.018191,2026-07-01T11:14:42.418022+00:00,86.9,200,ask,,,2208177
2026-07-01T21:14:41.129081,2026-07-01T11:14:42.526915+00:00,86.9,425,ask,,,2208180
2026-07-01T21:14:43.551599,2026-07-01T11:14:44.957031+00:00,86.8,200,ask,,,2208229
2026-07-01T21:14:43.821891,2026-07-01T11:14:45.220072+00:00,86.5,2,ask,,,2208237
2026-07-01T21:14:43.900208,2026-07-01T11:14:45.296865+00:00,86.6,20,bid,,,2208238
2026-07-01T21:14:44.384005,2026-07-01T11:14:45.788636+00:00,86.6,20,bid,,,2208246
2026-07-01T21:14:44.674410,2026-07-01T11:14:46.071507+00:00,86.6,200,bid,,,2208255
2026-07-01T21:14:45.888103,2026-07-01T11:14:47.291077+00:00,86.7,200,bid,,,2208281
2026-07-01T21:14:46.521586,2026-07-01T11:14:47.922734+00:00,86.8,50,ask,,,2208300
2026-07-01T21:14:46.594260,2026-07-01T11:14:47.999729+00:00,86.8,500,ask,,,2208304
2026-07-01T21:14:46.737644,2026-07-01T11:14:48.140493+00:00,86.8,50,ask,,,2208310
2026-07-01T21:14:46.890222,2026-07-01T11:14:48.294933+00:00,86.8,25,ask,,,2208312
2026-07-01T21:14:47.498631,2026-07-01T11:14:48.893962+00:00,86.8,200,ask,,,2208318
2026-07-01T21:14:48.309304,2026-07-01T11:14:49.713058+00:00,86.8,200,bid,,,2208333
2026-07-01T21:14:48.831693,2026-07-01T11:14:50.236710+00:00,86.6,2,ask,,,2208340
2026-07-01T21:14:50.742035,2026-07-01T11:14:52.138983+00:00,86.7,4,ask,,,2208378
2026-07-01T21:14:50.742035,2026-07-01T11:14:52.138983+00:00,86.6,196,ask,,,2208379
2026-07-01T21:14:51.469660,2026-07-01T11:14:52.870837+00:00,86.7,4,ask,,,2208400
2026-07-01T21:14:51.952051,2026-07-01T11:14:53.351922+00:00,86.6,200,bid,,,2208407
2026-07-01T21:14:53.841262,2026-07-01T11:14:55.245506+00:00,86.7,2,ask,,,2208448
2026-07-01T21:14:54.096161,2026-07-01T11:14:55.496526+00:00,86.8,200,bid,,,2208452
2026-07-01T21:14:54.194033,2026-07-01T11:14:55.594134+00:00,86.8,50,ask,,,2208456
2026-07-01T21:14:54.322654,2026-07-01T11:14:55.725212+00:00,86.8,25,ask,,,2208458
2026-07-01T21:14:55.091636,2026-07-01T11:14:56.490870+00:00,86.8,350,ask,,,2208482
2026-07-01T21:14:55.588396,2026-07-01T11:14:56.994499+00:00,86.8,150,bid,,,2208490
2026-07-01T21:14:55.588396,2026-07-01T11:14:56.994499+00:00,86.8,50,bid,,,2208491
2026-07-01T21:14:56.725471,2026-07-01T11:14:58.131532+00:00,86.7,2,ask,,,2208529
2026-07-01T21:14:56.799657,2026-07-01T11:14:58.196633+00:00,86.6,200,bid,,,2208531
2026-07-01T21:14:57.095189,2026-07-01T11:14:58.491457+00:00,86.6,20,bid,,,2208538
2026-07-01T21:14:58.041253,2026-07-01T11:14:59.441565+00:00,86.6,200,bid,,,2208557
2026-07-01T21:14:58.851933,2026-07-01T11:15:00.257777+00:00,86.6,2,ask,,,2208577
2026-07-01T21:14:59.234160,2026-07-01T11:15:00.640812+00:00,86.6,200,ask,,,2208580
2026-07-01T21:15:00.442683,2026-07-01T11:15:01.841965+00:00,86.6,200,bid,,,2208607
2026-07-01T21:15:02.880613,2026-07-01T11:15:04.285252+00:00,86.6,200,bid,,,2208667
2026-07-01T21:15:03.602036,2026-07-01T11:15:04.998028+00:00,86.5,2,ask,,,2208681
2026-07-01T21:15:03.602036,2026-07-01T11:15:05.009028+00:00,86.5,8,ask,,,2208682
2026-07-01T21:15:03.609026,2026-07-01T11:15:05.009028+00:00,86.7,20,bid,,,2208683
2026-07-01T21:15:03.862848,2026-07-01T11:15:05.260144+00:00,86.5,25,ask,,,2208684
2026-07-01T21:15:03.875676,2026-07-01T11:15:05.282116+00:00,86.5,2,ask,,,2208686
2026-07-01T21:15:05.313190,2026-07-01T11:15:06.715085+00:00,86.6,55,ask,,,2208730
2026-07-01T21:15:08.156069,2026-07-01T11:15:09.552577+00:00,86.7,10,ask,,,2208798
2026-07-01T21:15:08.536596,2026-07-01T11:15:09.934278+00:00,86.8,3,bid,,,2208807
2026-07-01T21:15:08.882407,2026-07-01T11:15:10.282929+00:00,86.8,25,ask,,,2208823
2026-07-01T21:15:08.899852,2026-07-01T11:15:10.304539+00:00,86.8,1,ask,,,2208826
2026-07-01T21:15:09.828418,2026-07-01T11:15:11.245637+00:00,86.9,20,bid,,,2208850
2026-07-01T21:15:10.237809,2026-07-01T11:15:11.637829+00:00,86.7,20,ask,,,2208861
2026-07-01T21:15:11.166035,2026-07-01T11:15:12.568347+00:00,86.8,200,bid,,,2208873
2026-07-01T21:15:11.176599,2026-07-01T11:15:12.579348+00:00,86.8,25,ask,,,2208875
2026-07-01T21:15:11.352413,2026-07-01T11:15:12.754366+00:00,86.8,200,ask,,,2208877
2026-07-01T21:15:12.559031,2026-07-01T11:15:13.957077+00:00,86.7,200,bid,,,2208915
2026-07-01T21:15:14.983432,2026-07-01T11:15:16.382025+00:00,86.6,200,bid,,,2208979
2026-07-01T21:15:15.514678,2026-07-01T11:15:16.918487+00:00,86.5,1,ask,,,2208987
2026-07-01T21:15:15.514678,2026-07-01T11:15:16.918487+00:00,86.5,19,ask,,,2208988
2026-07-01T21:15:16.193225,2026-07-01T11:15:17.596286+00:00,86.6,6,ask,,,2209009
2026-07-01T21:15:16.206002,2026-07-01T11:15:17.607277+00:00,86.5,2,ask,,,2209011
2026-07-01T21:15:16.413462,2026-07-01T11:15:17.814993+00:00,86.5,200,ask,,,2209013
2026-07-01T21:15:16.848793,2026-07-01T11:15:18.251631+00:00,86.5,425,bid,,,2209028
2026-07-01T21:15:17.719671,2026-07-01T11:15:19.123612+00:00,86.6,200,bid,,,2209046
2026-07-01T21:15:18.606599,2026-07-01T11:15:20.006637+00:00,86.9,1,bid,,,2209064
2026-07-01T21:15:18.606599,2026-07-01T11:15:20.006637+00:00,86.9,19,bid,,,2209065
2026-07-01T21:15:18.615449,2026-07-01T11:15:20.017636+00:00,86.7,200,ask,,,2209066
2026-07-01T21:15:18.911211,2026-07-01T11:15:20.313388+00:00,86.7,25,ask,,,2209072
2026-07-01T21:15:20.354237,2026-07-01T11:15:21.757551+00:00,86.6,6,ask,,,2209120
2026-07-01T21:15:20.354237,2026-07-01T11:15:21.757551+00:00,86.6,200,ask,,,2209121
2026-07-01T21:15:21.215932,2026-07-01T11:15:22.621675+00:00,86.5,2,ask,,,2209146
2026-07-01T21:15:21.664483,2026-07-01T11:15:23.069459+00:00,86.7,200,bid,,,2209154
2026-07-01T21:15:22.982230,2026-07-01T11:15:24.381984+00:00,86.7,200,ask,,,2209181
2026-07-01T21:15:23.458500,2026-07-01T11:15:24.863748+00:00,86.7,200,bid,,,2209189
2026-07-01T21:15:23.479554,2026-07-01T11:15:24.885748+00:00,86.6,20,ask,,,2209193
2026-07-01T21:15:23.931998,2026-07-01T11:15:25.338157+00:00,86.7,2,bid,,,2209209
2026-07-01T21:15:24.670164,2026-07-01T11:15:26.068696+00:00,86.7,200,ask,,,2209216
2026-07-01T21:15:24.756652,2026-07-01T11:15:26.167728+00:00,86.9,5,bid,,,2209217
2026-07-01T21:15:24.756652,2026-07-01T11:15:26.167728+00:00,86.9,15,bid,,,2209218
2026-07-01T21:15:25.879547,2026-07-01T11:15:27.480615+00:00,86.7,200,ask,,,2209235
2026-07-01T21:15:26.224533,2026-07-01T11:15:27.622480+00:00,86.7,2,ask,,,2209244
2026-07-01T21:15:26.912889,2026-07-01T11:15:28.314127+00:00,86.6,2,ask,,,2209263
2026-07-01T21:15:26.912889,2026-07-01T11:15:28.314127+00:00,86.6,500,ask,,,2209264
2026-07-01T21:15:27.087555,2026-07-01T11:15:28.488902+00:00,86.6,123,bid,,,2209273
2026-07-01T21:15:28.300327,2026-07-01T11:15:29.702461+00:00,86.7,200,ask,,,2209293
2026-07-01T21:15:29.509291,2026-07-01T11:15:30.906284+00:00,86.7,200,ask,,,2209322
2026-07-01T21:15:29.533596,2026-07-01T11:15:30.939284+00:00,86.6,2,ask,,,2209323
2026-07-01T21:15:29.533596,2026-07-01T11:15:30.939284+00:00,86.5,500,ask,,,2209324
2026-07-01T21:15:29.533596,2026-07-01T11:15:30.939284+00:00,86.5,123,ask,,,2209325
2026-07-01T21:15:30.852687,2026-07-01T11:15:32.256250+00:00,86.7,200,ask,,,2209361
2026-07-01T21:15:31.234715,2026-07-01T11:15:32.637465+00:00,86.6,2,ask,,,2209371
2026-07-01T21:15:33.986504,2026-07-01T11:15:35.386779+00:00,86.8,2,bid,,,2209442
2026-07-01T21:15:34.323635,2026-07-01T11:15:35.726207+00:00,86.6,2,ask,,,2209447
2026-07-01T21:15:34.323635,2026-07-01T11:15:35.726207+00:00,86.6,18,ask,,,2209448
2026-07-01T21:15:34.340831,2026-07-01T11:15:35.737220+00:00,86.8,200,bid,,,2209449
2026-07-01T21:15:36.273846,2026-07-01T11:15:37.670941+00:00,86.7,2,ask,,,2209494
2026-07-01T21:15:37.971879,2026-07-01T11:15:39.377810+00:00,86.7,200,bid,,,2209540
2026-07-01T21:15:40.059680,2026-07-01T11:15:41.462405+00:00,86.7,200,ask,,,2209585
2026-07-01T21:15:40.394054,2026-07-01T11:15:41.799591+00:00,86.7,200,bid,,,2209592
2026-07-01T21:15:41.284568,2026-07-01T11:15:42.686622+00:00,86.6,2,ask,,,2209616
2026-07-01T21:15:41.507416,2026-07-01T11:15:42.904846+00:00,86.9,7,bid,,,2209624
2026-07-01T21:15:41.507416,2026-07-01T11:15:42.915844+00:00,86.9,3,bid,,,2209625
2026-07-01T21:15:41.607955,2026-07-01T11:15:43.014355+00:00,86.8,200,ask,,,2209628
2026-07-01T21:15:42.814733,2026-07-01T11:15:44.219717+00:00,86.8,200,bid,,,2209649
2026-07-01T21:15:43.436981,2026-07-01T11:15:44.843259+00:00,86.8,148,bid,,,2209664
2026-07-01T21:15:44.006793,2026-07-01T11:15:45.412893+00:00,86.9,8,bid,,,2209670
2026-07-01T21:15:44.010665,2026-07-01T11:15:45.412893+00:00,87.1,2,bid,,,2209671
2026-07-01T21:15:45.356369,2026-07-01T11:15:46.757396+00:00,87.0,200,ask,,,2209692
2026-07-01T21:15:46.294508,2026-07-01T11:15:47.696339+00:00,86.8,2,ask,,,2209707
2026-07-01T21:15:46.451483,2026-07-01T11:15:47.849314+00:00,86.9,8,bid,,,2209708
2026-07-01T21:15:46.451483,2026-07-01T11:15:47.849314+00:00,87.0,192,bid,,,2209709
2026-07-01T21:15:46.666530,2026-07-01T11:15:48.067866+00:00,86.9,8,bid,,,2209713
2026-07-01T21:15:46.666530,2026-07-01T11:15:48.067866+00:00,87.1,500,bid,,,2209714
2026-07-01T21:15:46.666530,2026-07-01T11:15:48.067866+00:00,87.2,117,bid,,,2209715
2026-07-01T21:15:48.875221,2026-07-01T11:15:50.276279+00:00,87.0,6,bid,,,2209757
2026-07-01T21:15:48.875221,2026-07-01T11:15:50.276279+00:00,87.0,194,bid,,,2209758
2026-07-01T21:15:49.021280,2026-07-01T11:15:50.418522+00:00,87.0,2,bid,,,2209763
2026-07-01T21:15:50.616967,2026-07-01T11:15:52.023722+00:00,87.0,4,bid,,,2209797
2026-07-01T21:15:50.616967,2026-07-01T11:15:52.023722+00:00,87.0,200,bid,,,2209798
2026-07-01T21:15:50.616967,2026-07-01T11:15:52.023722+00:00,87.0,421,bid,,,2209799
2026-07-01T21:15:51.296489,2026-07-01T11:15:52.699362+00:00,87.0,200,bid,,,2209811
2026-07-01T21:15:52.504431,2026-07-01T11:15:53.909077+00:00,86.8,200,bid,,,2209844
2026-07-01T21:15:52.942790,2026-07-01T11:15:54.344909+00:00,86.8,52,bid,,,2209858
2026-07-01T21:15:52.965694,2026-07-01T11:15:54.367136+00:00,86.8,50,bid,,,2209859
2026-07-01T21:15:53.128006,2026-07-01T11:15:54.530889+00:00,86.8,48,bid,,,2209863
2026-07-01T21:15:53.714371,2026-07-01T11:15:55.120094+00:00,86.8,200,bid,,,2209867
2026-07-01T21:15:53.796051,2026-07-01T11:15:55.196622+00:00,86.7,6,ask,,,2209868
2026-07-01T21:15:53.796051,2026-07-01T11:15:55.207622+00:00,86.7,494,ask,,,2209869
2026-07-01T21:15:54.032396,2026-07-01T11:15:55.437508+00:00,86.8,2,bid,,,2209876
2026-07-01T21:15:54.553016,2026-07-01T11:15:55.950386+00:00,86.7,8,ask,,,2209899
2026-07-01T21:15:54.709342,2026-07-01T11:15:56.113950+00:00,86.6,2,bid,,,2209904
2026-07-01T21:15:54.923141,2026-07-01T11:15:56.325115+00:00,86.6,200,bid,,,2209911
2026-07-01T21:15:54.998002,2026-07-01T11:15:56.402419+00:00,86.6,4,bid,,,2209912
2026-07-01T21:15:55.186622,2026-07-01T11:15:56.588096+00:00,86.6,4,bid,,,2209919
2026-07-01T21:15:55.438811,2026-07-01T11:15:56.840894+00:00,86.6,4,bid,,,2209924
