timestamp,recv_time,price,volume,aggressor_side,buyer,seller,trade_id
2026-07-07T18:00:00.544099,2026-07-07T18:00:00.531189+00:00,142.3,200,ask,,,11155464
2026-07-07T18:00:01.771238,2026-07-07T18:00:01.776801+00:00,142.3,11,bid,,,11155478
2026-07-07T18:00:02.878215,2026-07-07T18:00:02.884685+00:00,142.3,189,bid,,,11155492
2026-07-07T18:00:02.958668,2026-07-07T18:00:02.969213+00:00,142.4,200,ask,,,11155495
2026-07-07T18:00:03.347073,2026-07-07T18:00:03.358616+00:00,142.6,12,bid,,,11155501
2026-07-07T18:00:04.107765,2026-07-07T18:00:04.114350+00:00,142.5,12,bid,,,11155516
2026-07-07T18:00:06.505164,2026-07-07T18:00:06.515553+00:00,142.5,200,ask,,,11155542
2026-07-07T18:00:08.137328,2026-07-07T18:00:08.141233+00:00,142.4,12,bid,,,11155559
2026-07-07T18:00:08.997071,2026-07-07T18:00:09.003397+00:00,142.4,200,bid,,,11155569
2026-07-07T18:00:11.432648,2026-07-07T18:00:11.443761+00:00,142.4,12,ask,,,11155599
2026-07-07T18:00:12.247128,2026-07-07T18:00:12.253720+00:00,142.6,20,bid,,,11155609
2026-07-07T18:00:12.690075,2026-07-07T18:00:12.701691+00:00,142.3,12,ask,,,11155620
2026-07-07T18:00:12.778653,2026-07-07T18:00:12.782837+00:00,142.3,12,ask,,,11155622
2026-07-07T18:00:13.457089,2026-07-07T18:00:13.467419+00:00,142.3,12,ask,,,11155633
2026-07-07T18:00:14.130915,2026-07-07T18:00:14.142962+00:00,142.5,20,bid,,,11155636
2026-07-07T18:00:15.829046,2026-07-07T18:00:15.833659+00:00,142.2,34,ask,,,11155664
2026-07-07T18:00:15.984971,2026-07-07T18:00:15.991440+00:00,142.2,12,ask,,,11155666
2026-07-07T18:00:16.279485,2026-07-07T18:00:16.283022+00:00,142.3,4,ask,,,11155672
2026-07-07T18:00:19.208462,2026-07-07T18:00:19.216178+00:00,142.3,200,ask,,,11155718
2026-07-07T18:00:19.933236,2026-07-07T18:00:19.939953+00:00,142.3,500,bid,,,11155728
2026-07-07T18:00:19.933236,2026-07-07T18:00:19.945408+00:00,142.4,125,bid,,,11155729
2026-07-07T18:00:22.555695,2026-07-07T18:00:22.569062+00:00,142.4,200,ask,,,11155762
2026-07-07T18:00:25.173364,2026-07-07T18:00:25.180458+00:00,142.3,200,bid,,,11155789
2026-07-07T18:00:25.942595,2026-07-07T18:00:25.953958+00:00,142.3,200,ask,,,11155806
2026-07-07T18:00:26.501592,2026-07-07T18:00:26.506766+00:00,142.4,4,bid,,,11155809
2026-07-07T18:00:27.093685,2026-07-07T18:00:27.097785+00:00,142.3,12,bid,,,11155815
2026-07-07T18:00:27.673597,2026-07-07T18:00:27.685215+00:00,142.2,200,ask,,,11155820
2026-07-07T18:00:27.713744,2026-07-07T18:00:27.717546+00:00,142.2,11,bid,,,11155822
2026-07-07T18:00:30.108001,2026-07-07T18:00:30.118495+00:00,142.1,500,ask,,,11155849
2026-07-07T18:00:30.438578,2026-07-07T18:00:30.448979+00:00,142.1,200,ask,,,11155854
2026-07-07T18:00:30.459353,2026-07-07T18:00:30.463434+00:00,141.9,11,bid,,,11155856
2026-07-07T18:00:30.769606,2026-07-07T18:00:30.779807+00:00,141.9,200,bid,,,11155859
2026-07-07T18:00:31.764479,2026-07-07T18:00:31.768394+00:00,141.9,11,ask,,,11155871
2026-07-07T18:00:33.057892,2026-07-07T18:00:33.069409+00:00,142.1,200,bid,,,11155880
2026-07-07T18:00:33.057892,2026-07-07T18:00:33.069409+00:00,142.1,425,bid,,,11155881
2026-07-07T18:00:34.370148,2026-07-07T18:00:34.380655+00:00,141.9,200,ask,,,11155896
2026-07-07T18:00:36.814068,2026-07-07T18:00:36.821578+00:00,141.9,200,ask,,,11155924
2026-07-07T18:00:36.834764,2026-07-07T18:00:36.842357+00:00,142.0,12,bid,,,11155925
2026-07-07T18:00:37.376529,2026-07-07T18:00:37.386044+00:00,141.7,12,ask,,,11155930
2026-07-07T18:00:38.256693,2026-07-07T18:00:38.265277+00:00,141.9,20,bid,,,11155940
2026-07-07T18:00:38.885786,2026-07-07T18:00:38.896905+00:00,141.9,12,bid,,,11155955
2026-07-07T18:00:40.440494,2026-07-07T18:00:40.458816+00:00,141.9,200,bid,,,11155972
2026-07-07T18:00:44.426837,2026-07-07T18:00:44.463711+00:00,141.7,12,ask,,,11156016
2026-07-07T18:00:44.854053,2026-07-07T18:00:44.861042+00:00,141.7,200,ask,,,11156023
2026-07-07T18:00:45.286576,2026-07-07T18:00:45.295938+00:00,141.7,200,bid,,,11156032
2026-07-07T18:00:47.737506,2026-07-07T18:00:47.741365+00:00,141.8,11,ask,,,11156067
2026-07-07T18:00:48.326455,2026-07-07T18:00:48.338530+00:00,141.9,20,bid,,,11156072
2026-07-07T18:00:52.663379,2026-07-07T18:00:52.674928+00:00,141.6,20,ask,,,11156123
2026-07-07T18:00:52.726264,2026-07-07T18:00:52.735172+00:00,141.6,180,ask,,,11156124
2026-07-07T18:00:53.110529,2026-07-07T18:00:53.120859+00:00,141.6,445,bid,,,11156125
2026-07-07T18:00:53.779698,2026-07-07T18:00:53.788484+00:00,141.6,200,ask,,,11156136
2026-07-07T18:01:03.463856,2026-07-07T18:01:03.474225+00:00,141.6,200,ask,,,11156263
2026-07-07T18:01:04.671796,2026-07-07T18:01:04.680284+00:00,141.5,200,bid,,,11156289
2026-07-07T18:01:07.962424,2026-07-07T18:01:07.973872+00:00,141.7,20,bid,,,11156321
2026-07-07T18:01:08.891945,2026-07-07T18:01:08.903017+00:00,141.8,12,bid,,,11156338
2026-07-07T18:01:10.728836,2026-07-07T18:01:10.737937+00:00,141.8,12,bid,,,11156357
2026-07-07T18:01:11.089339,2026-07-07T18:01:11.110249+00:00,141.7,200,ask,,,11156363
2026-07-07T18:01:11.106101,2026-07-07T18:01:11.110249+00:00,141.5,22,bid,,,11156365
2026-07-07T18:01:11.955545,2026-07-07T18:01:11.957131+00:00,141.5,200,bid,,,11156375
2026-07-07T18:01:12.768447,2026-07-07T18:01:12.776010+00:00,141.8,11,bid,,,11156389
2026-07-07T18:01:13.164576,2026-07-07T18:01:13.172410+00:00,141.6,200,ask,,,11156398
2026-07-07T18:01:13.730823,2026-07-07T18:01:13.734948+00:00,141.5,12,bid,,,11156408
2026-07-07T18:01:15.972898,2026-07-07T18:01:15.976904+00:00,141.4,23,ask,,,11156438
2026-07-07T18:01:17.996868,2026-07-07T18:01:18.014967+00:00,141.4,200,ask,,,11156461
2026-07-07T18:01:18.837816,2026-07-07T18:01:18.846896+00:00,141.5,8,bid,,,11156479
2026-07-07T18:01:19.093090,2026-07-07T18:01:19.104787+00:00,141.4,12,ask,,,11156482
2026-07-07T18:01:19.208285,2026-07-07T18:01:19.217008+00:00,141.4,200,ask,,,11156484
2026-07-07T18:01:20.375286,2026-07-07T18:01:20.385376+00:00,141.5,12,bid,,,11156500
2026-07-07T18:01:20.437516,2026-07-07T18:01:20.441674+00:00,141.4,6,bid,,,11156505
2026-07-07T18:01:22.315250,2026-07-07T18:01:22.319696+00:00,141.2,6,ask,,,11156530
2026-07-07T18:01:26.805518,2026-07-07T18:01:26.817021+00:00,141.1,200,bid,,,11156601
2026-07-07T18:01:27.688466,2026-07-07T18:01:27.698493+00:00,141.1,200,ask,,,11156615
2026-07-07T18:01:29.735438,2026-07-07T18:01:29.742450+00:00,141.1,12,bid,,,11156643
2026-07-07T18:01:31.803209,2026-07-07T18:01:31.807120+00:00,141.2,11,bid,,,11156664
2026-07-07T18:01:32.089148,2026-07-07T18:01:32.095757+00:00,141.2,189,bid,,,11156671
2026-07-07T18:01:32.536124,2026-07-07T18:01:32.542753+00:00,141.2,200,ask,,,11156679
2026-07-07T18:01:32.740467,2026-07-07T18:01:32.747453+00:00,141.2,20,ask,,,11156683
2026-07-07T18:01:33.749840,2026-07-07T18:01:33.758546+00:00,141.0,200,ask,,,11156702
2026-07-07T18:01:33.798996,2026-07-07T18:01:33.809315+00:00,141.2,12,bid,,,11156704
2026-07-07T18:01:34.239221,2026-07-07T18:01:34.248473+00:00,141.0,20,ask,,,11156711
2026-07-07T18:01:34.731975,2026-07-07T18:01:34.735995+00:00,141.1,12,bid,,,11156717
2026-07-07T18:01:35.958606,2026-07-07T18:01:35.970393+00:00,140.9,20,ask,,,11156728
2026-07-07T18:01:36.832129,2026-07-07T18:01:36.840016+00:00,141.1,12,bid,,,11156746
2026-07-07T18:01:38.342233,2026-07-07T18:01:38.353965+00:00,141.0,12,bid,,,11156764
2026-07-07T18:01:38.602238,2026-07-07T18:01:38.609303+00:00,141.0,200,bid,,,11156766
2026-07-07T18:01:39.952604,2026-07-07T18:01:39.968680+00:00,141.0,200,bid,,,11156790
2026-07-07T18:01:40.375186,2026-07-07T18:01:40.386690+00:00,141.2,12,bid,,,11156796
2026-07-07T18:01:40.707303,2026-07-07T18:01:40.719430+00:00,141.2,20,bid,,,11156802
2026-07-07T18:01:41.263655,2026-07-07T18:01:41.274318+00:00,141.0,200,ask,,,11156806
2026-07-07T18:01:42.240948,2026-07-07T18:01:42.248077+00:00,141.0,200,bid,,,11156825
2026-07-07T18:01:45.689852,2026-07-07T18:01:45.703556+00:00,141.0,12,ask,,,11156866
2026-07-07T18:01:46.505890,2026-07-07T18:01:46.516616+00:00,141.1,500,bid,,,11156878
2026-07-07T18:01:46.994924,2026-07-07T18:01:47.005886+00:00,141.1,125,ask,,,11156882
2026-07-07T18:01:47.206952,2026-07-07T18:01:47.216471+00:00,141.1,12,bid,,,11156888
2026-07-07T18:01:47.726722,2026-07-07T18:01:47.739434+00:00,140.9,20,ask,,,11156896
2026-07-07T18:01:50.440325,2026-07-07T18:01:50.449503+00:00,140.9,200,ask,,,11156934
2026-07-07T18:01:50.639327,2026-07-07T18:01:50.650722+00:00,140.8,20,bid,,,11156936
2026-07-07T18:01:50.712765,2026-07-07T18:01:50.721228+00:00,140.8,200,bid,,,11156940
2026-07-07T18:01:51.765202,2026-07-07T18:01:51.769510+00:00,141.0,46,ask,,,11156950
2026-07-07T18:01:51.778471,2026-07-07T18:01:51.785272+00:00,141.0,12,ask,,,11156952
2026-07-07T18:01:51.922144,2026-07-07T18:01:51.933099+00:00,141.0,200,ask,,,11156956
2026-07-07T18:01:55.064145,2026-07-07T18:01:55.075379+00:00,141.0,12,bid,,,11156999
2026-07-07T18:01:55.557984,2026-07-07T18:01:55.566340+00:00,141.0,200,bid,,,11157007
2026-07-07T18:01:57.026298,2026-07-07T18:01:57.034163+00:00,141.1,200,bid,,,11157023
2026-07-07T18:01:57.983839,2026-07-07T18:01:57.991721+00:00,141.1,200,ask,,,11157042
2026-07-07T18:01:58.354163,2026-07-07T18:01:58.358160+00:00,141.0,23,bid,,,11157051
2026-07-07T18:01:58.599764,2026-07-07T18:01:58.611545+00:00,140.8,12,ask,,,11157054
2026-07-07T18:01:59.127581,2026-07-07T18:01:59.137184+00:00,141.0,12,bid,,,11157064
2026-07-07T18:01:59.191917,2026-07-07T18:01:59.202037+00:00,141.0,200,bid,,,11157065
2026-07-07T18:01:59.595375,2026-07-07T18:01:59.607058+00:00,141.0,20,bid,,,11157068
2026-07-07T18:02:00.418911,2026-07-07T18:02:00.423239+00:00,141.1,11,bid,,,11157077
2026-07-07T18:02:01.407812,2026-07-07T18:02:01.418388+00:00,141.1,12,bid,,,11157090
2026-07-07T18:02:01.627480,2026-07-07T18:02:01.631595+00:00,141.0,12,bid,,,11157093
2026-07-07T18:02:02.263582,2026-07-07T18:02:02.272779+00:00,141.0,188,bid,,,11157103
2026-07-07T18:02:02.666400,2026-07-07T18:02:02.674731+00:00,141.3,12,bid,,,11157108
2026-07-07T18:02:04.884460,2026-07-07T18:02:04.895418+00:00,141.0,200,ask,,,11157136
2026-07-07T18:02:07.703305,2026-07-07T18:02:07.714963+00:00,141.0,3,bid,,,11157169
2026-07-07T18:02:08.819418,2026-07-07T18:02:08.830023+00:00,140.9,200,ask,,,11157185
2026-07-07T18:02:08.836071,2026-07-07T18:02:08.839918+00:00,140.9,11,bid,,,11157187
2026-07-07T18:02:08.898465,2026-07-07T18:02:08.907609+00:00,140.9,200,bid,,,11157190
2026-07-07T18:02:10.130028,2026-07-07T18:02:10.138094+00:00,140.8,200,bid,,,11157212
2026-07-07T18:02:11.318226,2026-07-07T18:02:11.324967+00:00,141.0,200,ask,,,11157227
2026-07-07T18:02:13.739642,2026-07-07T18:02:13.751071+00:00,141.0,200,bid,,,11157263
2026-07-07T18:02:14.949742,2026-07-07T18:02:14.959852+00:00,141.1,200,bid,,,11157272
2026-07-07T18:02:18.583316,2026-07-07T18:02:18.590235+00:00,141.0,200,ask,,,11157323
2026-07-07T18:02:19.806053,2026-07-07T18:02:19.810485+00:00,141.0,12,bid,,,11157336
2026-07-07T18:02:19.813195,2026-07-07T18:02:19.826080+00:00,141.0,20,bid,,,11157337
2026-07-07T18:02:20.299021,2026-07-07T18:02:20.300897+00:00,141.0,168,bid,,,11157344
2026-07-07T18:02:20.996233,2026-07-07T18:02:21.003983+00:00,141.0,200,ask,,,11157354
2026-07-07T18:02:22.456622,2026-07-07T18:02:22.460395+00:00,140.9,23,ask,,,11157379
2026-07-07T18:02:24.572856,2026-07-07T18:02:24.591235+00:00,141.0,200,bid,,,11157397
2026-07-07T18:02:24.577714,2026-07-07T18:02:24.591235+00:00,141.0,12,ask,,,11157398
2026-07-07T18:02:24.587023,2026-07-07T18:02:24.591235+00:00,141.0,12,ask,,,11157400
2026-07-07T18:02:24.632646,2026-07-07T18:02:24.640937+00:00,141.0,200,ask,,,11157402
2026-07-07T18:02:24.802588,2026-07-07T18:02:24.814416+00:00,141.0,20,ask,,,11157404
2026-07-07T18:02:25.901966,2026-07-07T18:02:25.906095+00:00,140.9,12,bid,,,11157418
2026-07-07T18:02:26.371665,2026-07-07T18:02:26.379894+00:00,140.9,500,bid,,,11157420
2026-07-07T18:02:26.956037,2026-07-07T18:02:26.958616+00:00,140.9,113,bid,,,11157429
2026-07-07T18:02:28.145672,2026-07-07T18:02:28.163942+00:00,141.2,12,bid,,,11157444
2026-07-07T18:02:28.812388,2026-07-07T18:02:28.817072+00:00,141.1,23,ask,,,11157458
2026-07-07T18:02:28.918675,2026-07-07T18:02:28.929529+00:00,141.1,12,ask,,,11157460
2026-07-07T18:02:29.437572,2026-07-07T18:02:29.449095+00:00,141.1,12,ask,,,11157466
2026-07-07T18:02:30.955857,2026-07-07T18:02:30.967520+00:00,140.9,12,ask,,,11157489
2026-07-07T18:02:32.992436,2026-07-07T18:02:33.004160+00:00,140.9,12,ask,,,11157516
2026-07-07T18:02:34.121961,2026-07-07T18:02:34.133930+00:00,140.9,20,ask,,,11157530
2026-07-07T18:02:34.316099,2026-07-07T18:02:34.326605+00:00,140.8,200,ask,,,11157534
2026-07-07T18:02:35.138065,2026-07-07T18:02:35.142858+00:00,140.9,23,ask,,,11157551
2026-07-07T18:02:37.292930,2026-07-07T18:02:37.302274+00:00,140.9,12,ask,,,11157578
2026-07-07T18:02:38.993360,2026-07-07T18:02:39.000063+00:00,140.9,200,bid,,,11157589
2026-07-07T18:02:41.158339,2026-07-07T18:02:41.169878+00:00,140.9,20,bid,,,11157615
2026-07-07T18:02:41.332031,2026-07-07T18:02:41.339914+00:00,140.8,12,ask,,,11157618
2026-07-07T18:02:44.576273,2026-07-07T18:02:44.580522+00:00,140.9,23,bid,,,11157658
2026-07-07T18:02:45.134602,2026-07-07T18:02:45.141907+00:00,140.9,500,bid,,,11157667
2026-07-07T18:02:45.376688,2026-07-07T18:02:45.386163+00:00,140.8,12,ask,,,11157671
2026-07-07T18:02:45.639346,2026-07-07T18:02:45.649088+00:00,141.0,12,bid,,,11157674
2026-07-07T18:02:47.793012,2026-07-07T18:02:47.797213+00:00,140.9,11,ask,,,11157695
2026-07-07T18:02:48.913068,2026-07-07T18:02:48.920262+00:00,140.9,12,ask,,,11157712
2026-07-07T18:02:50.589865,2026-07-07T18:02:50.598198+00:00,141.0,500,bid,,,11157736
2026-07-07T18:02:51.315246,2026-07-07T18:02:51.325234+00:00,141.1,200,ask,,,11157745
2026-07-07T18:02:51.688097,2026-07-07T18:02:51.699189+00:00,141.2,12,bid,,,11157754
2026-07-07T18:02:52.531494,2026-07-07T18:02:52.540079+00:00,141.2,200,ask,,,11157762
2026-07-07T18:02:52.999937,2026-07-07T18:02:53.007773+00:00,141.3,500,bid,,,11157767
2026-07-07T18:02:53.475459,2026-07-07T18:02:53.482771+00:00,141.3,12,ask,,,11157777
2026-07-07T18:02:53.742395,2026-07-07T18:02:53.753811+00:00,141.3,200,ask,,,11157786
2026-07-07T18:02:53.993172,2026-07-07T18:02:54.002855+00:00,141.3,12,ask,,,11157797
2026-07-07T18:02:54.955150,2026-07-07T18:02:54.965021+00:00,141.3,200,ask,,,11157809
2026-07-07T18:02:56.253096,2026-07-07T18:02:56.264327+00:00,141.2,12,ask,,,11157828
2026-07-07T18:02:57.248372,2026-07-07T18:02:57.258596+00:00,141.3,200,bid,,,11157837
2026-07-07T18:02:57.374996,2026-07-07T18:02:57.382493+00:00,141.3,200,ask,,,11157840
2026-07-07T18:02:57.847257,2026-07-07T18:02:57.864027+00:00,141.4,500,bid,,,11157844
2026-07-07T18:02:58.587714,2026-07-07T18:02:58.596729+00:00,141.3,200,ask,,,11157866
2026-07-07T18:02:59.801146,2026-07-07T18:02:59.810472+00:00,141.4,200,ask,,,11157877
2026-07-07T18:02:59.899268,2026-07-07T18:02:59.911013+00:00,141.6,20,bid,,,11157880
2026-07-07T18:03:02.422538,2026-07-07T18:03:02.434287+00:00,141.5,20,bid,,,11157917
2026-07-07T18:03:02.588037,2026-07-07T18:03:02.595551+00:00,141.5,10,bid,,,11157921
2026-07-07T18:03:02.701772,2026-07-07T18:03:02.712917+00:00,141.5,170,bid,,,11157922
2026-07-07T18:03:03.436495,2026-07-07T18:03:03.444328+00:00,141.5,200,ask,,,11157930
2026-07-07T18:03:04.606853,2026-07-07T18:03:04.618841+00:00,141.6,12,bid,,,11157949
2026-07-07T18:03:05.249507,2026-07-07T18:03:05.256893+00:00,141.5,500,ask,,,11157968
2026-07-07T18:03:05.249507,2026-07-07T18:03:05.262079+00:00,141.4,125,ask,,,11157969
2026-07-07T18:03:05.752168,2026-07-07T18:03:05.761490+00:00,141.6,200,bid,,,11157977
2026-07-07T18:03:06.561236,2026-07-07T18:03:06.572189+00:00,141.5,200,ask,,,11157990
2026-07-07T18:03:06.561236,2026-07-07T18:03:06.572189+00:00,141.5,425,ask,,,11157991
2026-07-07T18:03:06.713871,2026-07-07T18:03:06.718110+00:00,141.7,11,bid,,,11157995
2026-07-07T18:03:07.091597,2026-07-07T18:03:07.095501+00:00,141.6,11,bid,,,11157999
2026-07-07T18:03:07.871596,2026-07-07T18:03:07.880382+00:00,141.6,189,bid,,,11158008
2026-07-07T18:03:08.284629,2026-07-07T18:03:08.291704+00:00,141.8,200,ask,,,11158015
2026-07-07T18:03:11.092680,2026-07-07T18:03:11.099079+00:00,141.7,20,ask,,,11158040
2026-07-07T18:03:11.806346,2026-07-07T18:03:11.814016+00:00,141.8,200,bid,,,11158048
2026-07-07T18:03:13.170112,2026-07-07T18:03:13.174383+00:00,141.8,12,bid,,,11158074
2026-07-07T18:03:14.219227,2026-07-07T18:03:14.230440+00:00,141.8,500,bid,,,11158081
2026-07-07T18:03:14.333231,2026-07-07T18:03:14.339577+00:00,141.8,113,bid,,,11158085
2026-07-07T18:03:14.453953,2026-07-07T18:03:14.465221+00:00,142.0,200,bid,,,11158090
2026-07-07T18:03:15.232733,2026-07-07T18:03:15.239373+00:00,142.4,12,bid,,,11158104
2026-07-07T18:03:15.543465,2026-07-07T18:03:15.549720+00:00,142.1,200,ask,,,11158108
2026-07-07T18:03:16.758354,2026-07-07T18:03:16.769620+00:00,141.9,200,ask,,,11158128
2026-07-07T18:03:17.011964,2026-07-07T18:03:17.019265+00:00,141.9,20,ask,,,11158132
2026-07-07T18:03:19.075614,2026-07-07T18:03:19.084678+00:00,142.0,500,bid,,,11158156
2026-07-07T18:03:19.559220,2026-07-07T18:03:19.571197+00:00,141.9,12,ask,,,11158162
2026-07-07T18:03:19.673740,2026-07-07T18:03:19.681250+00:00,142.0,125,bid,,,11158164
2026-07-07T18:03:19.707070,2026-07-07T18:03:19.717597+00:00,142.2,200,bid,,,11158167
2026-07-07T18:03:19.724039,2026-07-07T18:03:19.728444+00:00,142.2,12,ask,,,11158169
2026-07-07T18:03:19.823917,2026-07-07T18:03:19.833195+00:00,142.4,12,bid,,,11158170
2026-07-07T18:03:20.967277,2026-07-07T18:03:20.974348+00:00,142.3,20,bid,,,11158180
2026-07-07T18:03:21.583337,2026-07-07T18:03:21.593141+00:00,142.1,12,ask,,,11158195
2026-07-07T18:03:21.869950,2026-07-07T18:03:21.881415+00:00,142.3,20,bid,,,11158200
2026-07-07T18:03:23.601080,2026-07-07T18:03:23.612830+00:00,142.2,12,ask,,,11158223
2026-07-07T18:03:23.643198,2026-07-07T18:03:23.669403+00:00,142.3,200,bid,,,11158225
2026-07-07T18:03:23.664840,2026-07-07T18:03:23.669403+00:00,142.3,5,ask,,,11158227
2026-07-07T18:03:24.008672,2026-07-07T18:03:24.016805+00:00,142.3,200,ask,,,11158235
2026-07-07T18:03:25.621745,2026-07-07T18:03:25.633623+00:00,142.2,12,bid,,,11158258
2026-07-07T18:03:26.265820,2026-07-07T18:03:26.275234+00:00,142.1,200,ask,,,11158270
2026-07-07T18:03:27.151891,2026-07-07T18:03:27.163790+00:00,142.1,12,bid,,,11158285
2026-07-07T18:03:28.886210,2026-07-07T18:03:28.896899+00:00,142.0,200,bid,,,11158317
2026-07-07T18:03:28.936214,2026-07-07T18:03:28.940541+00:00,142.0,17,ask,,,11158321
2026-07-07T18:03:29.162689,2026-07-07T18:03:29.174436+00:00,142.0,12,ask,,,11158323
2026-07-07T18:03:31.269881,2026-07-07T18:03:31.280784+00:00,142.1,200,bid,,,11158344
2026-07-07T18:03:32.816517,2026-07-07T18:03:32.825501+00:00,142.1,200,bid,,,11158357
2026-07-07T18:03:34.207774,2026-07-07T18:03:34.216411+00:00,142.0,12,ask,,,11158379
2026-07-07T18:03:35.455799,2026-07-07T18:03:35.459696+00:00,142.1,12,ask,,,11158393
2026-07-07T18:03:35.492949,2026-07-07T18:03:35.501097+00:00,142.1,12,ask,,,11158396
2026-07-07T18:03:36.122668,2026-07-07T18:03:36.132412+00:00,142.1,200,ask,,,11158400
2026-07-07T18:03:36.764716,2026-07-07T18:03:36.774315+00:00,142.0,15,ask,,,11158408
2026-07-07T18:03:37.053630,2026-07-07T18:03:37.058567+00:00,142.0,5,ask,,,11158413
2026-07-07T18:03:38.544950,2026-07-07T18:03:38.552905+00:00,142.1,200,ask,,,11158442
2026-07-07T18:03:40.981687,2026-07-07T18:03:40.985482+00:00,142.1,12,bid,,,11158470
2026-07-07T18:03:41.989125,2026-07-07T18:03:42.000296+00:00,142.1,188,bid,,,11158479
2026-07-07T18:03:44.600816,2026-07-07T18:03:44.610422+00:00,142.2,200,bid,,,11158512
2026-07-07T18:03:44.765018,2026-07-07T18:03:44.769291+00:00,142.3,22,bid,,,11158523
2026-07-07T18:03:44.869122,2026-07-07T18:03:44.877993+00:00,142.3,12,bid,,,11158526
2026-07-07T18:03:45.139439,2026-07-07T18:03:45.146085+00:00,142.3,12,bid,,,11158530
2026-07-07T18:03:47.159198,2026-07-07T18:03:47.170659+00:00,142.2,12,ask,,,11158568
2026-07-07T18:03:48.574143,2026-07-07T18:03:48.578535+00:00,142.3,11,ask,,,11158586
2026-07-07T18:03:49.447937,2026-07-07T18:03:49.458554+00:00,142.3,200,ask,,,11158601
2026-07-07T18:03:50.087569,2026-07-07T18:03:50.094032+00:00,142.4,20,bid,,,11158610
2026-07-07T18:03:50.660893,2026-07-07T18:03:50.669331+00:00,142.3,200,ask,,,11158621
2026-07-07T18:03:53.086772,2026-07-07T18:03:53.098035+00:00,142.3,200,ask,,,11158654
2026-07-07T18:03:57.385042,2026-07-07T18:03:57.388654+00:00,142.4,11,bid,,,11158709
2026-07-07T18:03:59.043036,2026-07-07T18:03:59.058547+00:00,142.4,200,bid,,,11158732
2026-07-07T18:04:00.337816,2026-07-07T18:04:00.349495+00:00,142.4,200,ask,,,11158747
2026-07-07T18:04:00.371591,2026-07-07T18:04:00.376517+00:00,142.3,12,bid,,,11158749
2026-07-07T18:04:01.544594,2026-07-07T18:04:01.552583+00:00,142.3,200,bid,,,11158760
2026-07-07T18:04:02.073014,2026-07-07T18:04:02.079776+00:00,142.2,12,bid,,,11158768
2026-07-07T18:04:03.593078,2026-07-07T18:04:03.604785+00:00,142.2,12,bid,,,11158790
2026-07-07T18:04:05.587825,2026-07-07T18:04:05.595320+00:00,142.2,200,bid,,,11158808
2026-07-07T18:04:06.844304,2026-07-07T18:04:06.858584+00:00,142.2,20,ask,,,11158822
2026-07-07T18:04:06.938318,2026-07-07T18:04:06.948081+00:00,142.3,200,bid,,,11158827
2026-07-07T18:04:07.596573,2026-07-07T18:04:07.603659+00:00,142.4,200,ask,,,11158840
2026-07-07T18:04:07.933187,2026-07-07T18:04:07.944811+00:00,142.6,20,bid,,,11158843
2026-07-07T18:04:08.625605,2026-07-07T18:04:08.637303+00:00,142.4,12,ask,,,11158853
2026-07-07T18:04:09.583214,2026-07-07T18:04:09.587689+00:00,142.5,12,ask,,,11158865
2026-07-07T18:04:10.141689,2026-07-07T18:04:10.151658+00:00,142.8,12,bid,,,11158875
2026-07-07T18:04:12.164237,2026-07-07T18:04:12.176029+00:00,142.7,12,bid,,,11158897
2026-07-07T18:04:12.442418,2026-07-07T18:04:12.450911+00:00,142.6,200,ask,,,11158901
2026-07-07T18:04:13.509585,2026-07-07T18:04:13.514017+00:00,142.6,23,bid,,,11158917
2026-07-07T18:04:13.699015,2026-07-07T18:04:13.708738+00:00,142.6,11,bid,,,11158926
2026-07-07T18:04:13.943240,2026-07-07T18:04:13.950841+00:00,142.4,20,ask,,,11158929
2026-07-07T18:04:17.201961,2026-07-07T18:04:17.219559+00:00,142.6,20,bid,,,11158960
2026-07-07T18:04:18.507394,2026-07-07T18:04:18.518481+00:00,142.5,200,bid,,,11158976
2026-07-07T18:04:21.353630,2026-07-07T18:04:21.365119+00:00,142.5,200,bid,,,11159016
2026-07-07T18:04:21.353630,2026-07-07T18:04:21.365119+00:00,142.6,425,bid,,,11159017
2026-07-07T18:04:22.144086,2026-07-07T18:04:22.154738+00:00,142.6,200,bid,,,11159032
2026-07-07T18:04:22.163706,2026-07-07T18:04:22.174223+00:00,142.6,12,bid,,,11159033
2026-07-07T18:04:22.685673,2026-07-07T18:04:22.695275+00:00,142.5,12,bid,,,11159046
2026-07-07T18:04:23.356336,2026-07-07T18:04:23.356633+00:00,142.5,200,bid,,,11159048
2026-07-07T18:04:23.942946,2026-07-07T18:04:23.954633+00:00,142.5,12,bid,,,11159059
2026-07-07T18:04:24.567228,2026-07-07T18:04:24.578486+00:00,142.6,200,bid,,,11159068
2026-07-07T18:04:26.595227,2026-07-07T18:04:26.602169+00:00,142.5,500,bid,,,11159084
2026-07-07T18:04:26.871980,2026-07-07T18:04:26.883047+00:00,142.5,125,ask,,,11159091
2026-07-07T18:04:27.006665,2026-07-07T18:04:27.015750+00:00,142.5,15,bid,,,11159096
2026-07-07T18:04:27.269314,2026-07-07T18:04:27.279025+00:00,142.5,3,bid,,,11159099
2026-07-07T18:04:27.499003,2026-07-07T18:04:27.502892+00:00,142.4,12,bid,,,11159101
2026-07-07T18:04:27.534571,2026-07-07T18:04:27.544856+00:00,142.4,3,bid,,,11159106
2026-07-07T18:04:27.795570,2026-07-07T18:04:27.806542+00:00,142.4,3,bid,,,11159110
2026-07-07T18:04:28.375286,2026-07-07T18:04:28.386948+00:00,142.5,6,bid,,,11159122
2026-07-07T18:04:29.139008,2026-07-07T18:04:29.158622+00:00,142.5,11,bid,,,11159137
2026-07-07T18:04:29.223750,2026-07-07T18:04:29.227372+00:00,142.4,12,ask,,,11159140
2026-07-07T18:04:29.285558,2026-07-07T18:04:29.293597+00:00,142.4,500,ask,,,11159141
2026-07-07T18:04:29.430915,2026-07-07T18:04:29.434646+00:00,142.5,11,ask,,,11159143
2026-07-07T18:04:29.891196,2026-07-07T18:04:29.900361+00:00,142.5,189,ask,,,11159153
2026-07-07T18:04:29.891196,2026-07-07T18:04:29.900361+00:00,142.4,113,ask,,,11159154
2026-07-07T18:04:30.621593,2026-07-07T18:04:30.632982+00:00,142.3,200,bid,,,11159167
2026-07-07T18:04:31.127026,2026-07-07T18:04:31.136002+00:00,142.2,500,ask,,,11159172
2026-07-07T18:04:31.719606,2026-07-07T18:04:31.731251+00:00,142.2,125,ask,,,11159187
2026-07-07T18:04:31.829763,2026-07-07T18:04:31.837573+00:00,142.2,200,bid,,,11159190
2026-07-07T18:04:31.859466,2026-07-07T18:04:31.863546+00:00,142.1,11,bid,,,11159192
2026-07-07T18:04:33.038648,2026-07-07T18:04:33.048992+00:00,142.1,200,bid,,,11159204
2026-07-07T18:04:34.766319,2026-07-07T18:04:34.774204+00:00,142.1,20,ask,,,11159228
2026-07-07T18:04:35.469057,2026-07-07T18:04:35.480817+00:00,142.1,200,ask,,,11159236
2026-07-07T18:04:37.467789,2026-07-07T18:04:37.474166+00:00,141.9,12,ask,,,11159260
2026-07-07T18:04:38.994924,2026-07-07T18:04:39.010046+00:00,141.8,20,ask,,,11159278
2026-07-07T18:04:41.538814,2026-07-07T18:04:41.545731+00:00,141.8,200,bid,,,11159315
2026-07-07T18:04:41.758674,2026-07-07T18:04:41.770188+00:00,141.8,6,bid,,,11159319
2026-07-07T18:04:43.651276,2026-07-07T18:04:43.663633+00:00,141.9,200,ask,,,11159343
2026-07-07T18:04:43.958542,2026-07-07T18:04:43.966405+00:00,141.8,200,bid,,,11159347
2026-07-07T18:04:44.640865,2026-07-07T18:04:44.652765+00:00,141.6,20,ask,,,11159355
2026-07-07T18:04:46.381513,2026-07-07T18:04:46.390502+00:00,141.9,200,ask,,,11159378
2026-07-07T18:04:46.572319,2026-07-07T18:04:46.584294+00:00,142.1,20,bid,,,11159380
2026-07-07T18:04:47.906425,2026-07-07T18:04:47.918409+00:00,141.9,20,ask,,,11159394
2026-07-07T18:04:48.914755,2026-07-07T18:04:48.924833+00:00,142.0,200,ask,,,11159406
2026-07-07T18:04:50.028387,2026-07-07T18:04:50.037860+00:00,141.9,200,bid,,,11159414
2026-07-07T18:04:51.546637,2026-07-07T18:04:51.552986+00:00,142.2,500,bid,,,11159427
2026-07-07T18:04:51.546637,2026-07-07T18:04:51.552986+00:00,142.2,125,bid,,,11159428
2026-07-07T18:04:52.867802,2026-07-07T18:04:52.876929+00:00,142.1,200,ask,,,11159446
2026-07-07T18:04:53.428634,2026-07-07T18:04:53.440314+00:00,142.1,20,bid,,,11159452
2026-07-07T18:04:53.661593,2026-07-07T18:04:53.670882+00:00,142.1,200,bid,,,11159456
2026-07-07T18:04:54.773513,2026-07-07T18:04:54.777903+00:00,142.2,12,bid,,,11159477
2026-07-07T18:04:56.087937,2026-07-07T18:04:56.097233+00:00,142.1,200,ask,,,11159489
2026-07-07T18:04:57.297851,2026-07-07T18:04:57.304577+00:00,142.1,200,ask,,,11159503
2026-07-07T18:04:59.657202,2026-07-07T18:04:59.669016+00:00,142.1,12,ask,,,11159530
2026-07-07T18:05:00.931052,2026-07-07T18:05:00.942130+00:00,142.2,3,bid,,,11159547
2026-07-07T18:05:01.192833,2026-07-07T18:05:01.199926+00:00,142.2,3,bid,,,11159553
2026-07-07T18:05:01.456366,2026-07-07T18:05:01.466407+00:00,142.2,3,bid,,,11159562
2026-07-07T18:05:02.134809,2026-07-07T18:05:02.146268+00:00,142.2,200,bid,,,11159573
2026-07-07T18:05:03.343893,2026-07-07T18:05:03.352221+00:00,142.2,200,bid,,,11159593
2026-07-07T18:05:04.227873,2026-07-07T18:05:04.239639+00:00,142.4,20,bid,,,11159605
2026-07-07T18:05:04.238770,2026-07-07T18:05:04.250292+00:00,142.4,3,bid,,,11159606
2026-07-07T18:05:06.035707,2026-07-07T18:05:06.051988+00:00,142.4,500,bid,,,11159624
2026-07-07T18:05:06.219954,2026-07-07T18:05:06.229612+00:00,142.4,125,ask,,,11159632
2026-07-07T18:05:07.355016,2026-07-07T18:05:07.358620+00:00,142.4,200,ask,,,11159655
2026-07-07T18:05:11.278704,2026-07-07T18:05:11.290582+00:00,142.3,12,ask,,,11159715
2026-07-07T18:05:11.822775,2026-07-07T18:05:11.833834+00:00,142.3,200,ask,,,11159719
2026-07-07T18:05:13.032727,2026-07-07T18:05:13.043883+00:00,142.3,200,ask,,,11159734
2026-07-07T18:05:16.494007,2026-07-07T18:05:16.498755+00:00,142.3,12,ask,,,11159772
2026-07-07T18:05:16.590227,2026-07-07T18:05:16.596851+00:00,142.4,200,bid,,,11159775
2026-07-07T18:05:16.612468,2026-07-07T18:05:16.617009+00:00,142.4,11,ask,,,11159777
2026-07-07T18:05:21.856794,2026-07-07T18:05:21.860516+00:00,142.2,11,bid,,,11159846
2026-07-07T18:05:25.776134,2026-07-07T18:05:25.791387+00:00,142.2,12,ask,,,11159893
2026-07-07T18:05:25.787228,2026-07-07T18:05:25.791387+00:00,142.2,11,ask,,,11159895
2026-07-07T18:05:28.298968,2026-07-07T18:05:28.310177+00:00,142.1,12,ask,,,11159931
2026-07-07T18:05:28.773891,2026-07-07T18:05:28.782834+00:00,142.2,200,ask,,,11159938
2026-07-07T18:05:30.093977,2026-07-07T18:05:30.101261+00:00,142.1,12,ask,,,11159958
2026-07-07T18:05:31.192372,2026-07-07T18:05:31.199563+00:00,142.2,200,ask,,,11159967
2026-07-07T18:05:32.365790,2026-07-07T18:05:32.377741+00:00,142.0,12,ask,,,11159993
2026-07-07T18:05:34.387651,2026-07-07T18:05:34.399357+00:00,142.0,7,ask,,,11160025
2026-07-07T18:05:34.655920,2026-07-07T18:05:34.658615+00:00,142.0,5,ask,,,11160031
2026-07-07T18:05:35.488600,2026-07-07T18:05:35.492418+00:00,142.0,46,ask,,,11160041
2026-07-07T18:05:36.981247,2026-07-07T18:05:36.992796+00:00,142.1,20,bid,,,11160069
2026-07-07T18:05:38.162219,2026-07-07T18:05:38.174452+00:00,142.0,20,ask,,,11160081
2026-07-07T18:05:39.688086,2026-07-07T18:05:39.692096+00:00,141.9,12,bid,,,11160106
2026-07-07T18:05:39.699378,2026-07-07T18:05:39.707374+00:00,141.8,12,ask,,,11160107
2026-07-07T18:05:40.204844,2026-07-07T18:05:40.214305+00:00,141.9,188,bid,,,11160114
2026-07-07T18:05:40.755902,2026-07-07T18:05:40.758572+00:00,142.1,12,bid,,,11160120
2026-07-07T18:05:41.261227,2026-07-07T18:05:41.273240+00:00,141.9,20,ask,,,11160126
2026-07-07T18:05:43.047559,2026-07-07T18:05:43.058645+00:00,142.0,12,bid,,,11160147
2026-07-07T18:05:44.572166,2026-07-07T18:05:44.576256+00:00,141.9,11,bid,,,11160168
2026-07-07T18:05:44.818068,2026-07-07T18:05:44.826405+00:00,141.8,11,ask,,,11160172
2026-07-07T18:05:45.075485,2026-07-07T18:05:45.082709+00:00,141.9,12,bid,,,11160179
2026-07-07T18:05:47.203717,2026-07-07T18:05:47.215409+00:00,141.7,20,ask,,,11160208
2026-07-07T18:05:48.157644,2026-07-07T18:05:48.169293+00:00,141.8,200,ask,,,11160220
2026-07-07T18:05:49.151841,2026-07-07T18:05:49.158572+00:00,142.0,20,bid,,,11160232
2026-07-07T18:05:50.596173,2026-07-07T18:05:50.600012+00:00,141.8,11,bid,,,11160241
2026-07-07T18:05:50.712353,2026-07-07T18:05:50.723824+00:00,141.8,189,bid,,,11160242
2026-07-07T18:05:51.354417,2026-07-07T18:05:51.366075+00:00,142.1,12,bid,,,11160251
2026-07-07T18:05:51.792059,2026-07-07T18:05:51.801657+00:00,141.9,200,ask,,,11160258
2026-07-07T18:05:52.045415,2026-07-07T18:05:52.049273+00:00,141.9,23,bid,,,11160260
2026-07-07T18:05:53.017224,2026-07-07T18:05:53.021507+00:00,141.8,12,bid,,,11160269
2026-07-07T18:05:54.980498,2026-07-07T18:05:54.984535+00:00,141.6,12,ask,,,11160291
2026-07-07T18:05:55.217108,2026-07-07T18:05:55.225231+00:00,141.8,12,bid,,,11160299
2026-07-07T18:05:55.423890,2026-07-07T18:05:55.430458+00:00,141.8,200,bid,,,11160302
2026-07-07T18:05:55.908541,2026-07-07T18:05:55.916462+00:00,141.5,20,ask,,,11160306
2026-07-07T18:05:59.065439,2026-07-07T18:05:59.074460+00:00,141.7,200,ask,,,11160335
2026-07-07T18:05:59.756102,2026-07-07T18:05:59.757213+00:00,141.9,12,bid,,,11160346
2026-07-07T18:06:01.537208,2026-07-07T18:06:01.553623+00:00,141.6,12,ask,,,11160372
2026-07-07T18:06:01.844079,2026-07-07T18:06:01.858620+00:00,141.7,20,bid,,,11160377
2026-07-07T18:06:02.589347,2026-07-07T18:06:02.600402+00:00,141.6,188,ask,,,11160388
2026-07-07T18:06:04.569589,2026-07-07T18:06:04.581533+00:00,141.4,12,ask,,,11160427
2026-07-07T18:06:05.577110,2026-07-07T18:06:05.587714+00:00,141.5,200,bid,,,11160435
2026-07-07T18:06:06.343487,2026-07-07T18:06:06.358587+00:00,141.5,200,ask,,,11160447
2026-07-07T18:06:06.784721,2026-07-07T18:06:06.795613+00:00,141.6,500,bid,,,11160457
2026-07-07T18:06:07.198967,2026-07-07T18:06:07.210827+00:00,141.6,20,bid,,,11160462
2026-07-07T18:06:07.405019,2026-07-07T18:06:07.411739+00:00,141.6,105,bid,,,11160463
2026-07-07T18:06:07.449892,2026-07-07T18:06:07.454946+00:00,141.6,11,ask,,,11160467
2026-07-07T18:06:07.550892,2026-07-07T18:06:07.555422+00:00,141.6,200,ask,,,11160473
2026-07-07T18:06:07.590954,2026-07-07T18:06:07.602148+00:00,142.4,11,bid,,,11160474
2026-07-07T18:06:08.638459,2026-07-07T18:06:08.642236+00:00,141.7,12,ask,,,11160489
2026-07-07T18:06:08.760824,2026-07-07T18:06:08.770654+00:00,141.7,200,ask,,,11160493
2026-07-07T18:06:09.155694,2026-07-07T18:06:09.158571+00:00,141.7,288,ask,,,11160501
2026-07-07T18:06:09.210793,2026-07-07T18:06:09.219883+00:00,141.7,337,bid,,,11160503
2026-07-07T18:06:09.902805,2026-07-07T18:06:09.910355+00:00,141.6,12,ask,,,11160520
2026-07-07T18:06:09.970107,2026-07-07T18:06:09.979825+00:00,141.6,200,ask,,,11160521
2026-07-07T18:06:11.177600,2026-07-07T18:06:11.185947+00:00,141.9,200,ask,,,11160539
2026-07-07T18:06:12.387125,2026-07-07T18:06:12.394800+00:00,142.0,200,ask,,,11160560
2026-07-07T18:06:12.698658,2026-07-07T18:06:12.707969+00:00,142.3,12,bid,,,11160565
2026-07-07T18:06:13.495399,2026-07-07T18:06:13.501926+00:00,142.1,12,ask,,,11160574
2026-07-07T18:06:13.606445,2026-07-07T18:06:13.617860+00:00,142.1,200,ask,,,11160578
2026-07-07T18:06:14.776530,2026-07-07T18:06:14.788205+00:00,141.9,12,ask,,,11160606
2026-07-07T18:06:14.815321,2026-07-07T18:06:14.823147+00:00,142.0,200,bid,,,11160608
2026-07-07T18:06:16.026632,2026-07-07T18:06:16.033750+00:00,142.1,200,ask,,,11160619
2026-07-07T18:06:17.108299,2026-07-07T18:06:17.119975+00:00,142.1,20,ask,,,11160633
2026-07-07T18:06:17.236848,2026-07-07T18:06:17.243808+00:00,142.1,200,ask,,,11160639
2026-07-07T18:06:18.822872,2026-07-07T18:06:18.830829+00:00,141.9,12,ask,,,11160660
2026-07-07T18:06:19.827931,2026-07-07T18:06:19.832419+00:00,142.0,11,ask,,,11160676
2026-07-07T18:06:19.831465,2026-07-07T18:06:19.847931+00:00,142.0,12,ask,,,11160677
2026-07-07T18:06:20.898150,2026-07-07T18:06:20.902096+00:00,142.1,11,ask,,,11160692
2026-07-07T18:06:23.095484,2026-07-07T18:06:23.103779+00:00,142.3,12,bid,,,11160712
2026-07-07T18:06:31.473113,2026-07-07T18:06:31.483167+00:00,142.1,500,bid,,,11160814
2026-07-07T18:06:31.567833,2026-07-07T18:06:31.579850+00:00,142.2,12,bid,,,11160817
2026-07-07T18:06:32.229742,2026-07-07T18:06:32.236678+00:00,142.1,125,ask,,,11160827
2026-07-07T18:06:33.026876,2026-07-07T18:06:33.030907+00:00,142.0,11,bid,,,11160842
2026-07-07T18:06:33.079839,2026-07-07T18:06:33.090218+00:00,141.9,11,ask,,,11160843
2026-07-07T18:06:35.602094,2026-07-07T18:06:35.613586+00:00,142.0,11,bid,,,11160888
2026-07-07T18:06:35.857881,2026-07-07T18:06:35.869529+00:00,141.8,12,ask,,,11160891
2026-07-07T18:06:37.875135,2026-07-07T18:06:37.881422+00:00,142.0,12,bid,,,11160914
2026-07-07T18:06:39.080890,2026-07-07T18:06:39.084849+00:00,141.9,11,bid,,,11160925
2026-07-07T18:06:39.331327,2026-07-07T18:06:39.343187+00:00,141.9,20,bid,,,11160927
2026-07-07T18:06:40.276888,2026-07-07T18:06:40.283408+00:00,141.9,200,bid,,,11160942
2026-07-07T18:06:41.659765,2026-07-07T18:06:41.669841+00:00,141.9,12,bid,,,11160967
2026-07-07T18:06:41.976825,2026-07-07T18:06:41.995187+00:00,141.8,200,ask,,,11160972
2026-07-07T18:06:41.991197,2026-07-07T18:06:41.995187+00:00,141.7,23,bid,,,11160974
2026-07-07T18:06:43.910783,2026-07-07T18:06:43.921728+00:00,141.7,200,ask,,,11160991
2026-07-07T18:06:44.213555,2026-07-07T18:06:44.225118+00:00,142.0,12,bid,,,11160999
2026-07-07T18:06:46.185804,2026-07-07T18:06:46.197687+00:00,141.7,20,ask,,,11161017
2026-07-07T18:06:48.488533,2026-07-07T18:06:48.500070+00:00,141.9,12,bid,,,11161045
2026-07-07T18:06:50.531188,2026-07-07T18:06:50.540193+00:00,141.8,12,bid,,,11161071
2026-07-07T18:06:52.286091,2026-07-07T18:06:52.297650+00:00,141.7,20,ask,,,11161105
2026-07-07T18:06:52.811047,2026-07-07T18:06:52.814793+00:00,141.7,12,bid,,,11161113
2026-07-07T18:06:54.816900,2026-07-07T18:06:54.824777+00:00,141.6,12,bid,,,11161132
2026-07-07T18:06:56.028536,2026-07-07T18:06:56.036622+00:00,141.5,200,ask,,,11161154
2026-07-07T18:06:58.446456,2026-07-07T18:06:58.458494+00:00,141.6,200,ask,,,11161185
2026-07-07T18:07:00.956402,2026-07-07T18:07:00.960929+00:00,141.8,11,bid,,,11161230
2026-07-07T18:07:02.071202,2026-07-07T18:07:02.080442+00:00,141.7,200,ask,,,11161241
2026-07-07T18:07:03.277995,2026-07-07T18:07:03.288367+00:00,141.6,200,ask,,,11161265
2026-07-07T18:07:05.692751,2026-07-07T18:07:05.701287+00:00,141.6,200,ask,,,11161295
2026-07-07T18:07:10.173385,2026-07-07T18:07:10.185292+00:00,141.8,20,bid,,,11161352
2026-07-07T18:07:12.954798,2026-07-07T18:07:12.958555+00:00,141.6,200,ask,,,11161382
2026-07-07T18:07:14.832526,2026-07-07T18:07:14.841207+00:00,141.7,200,bid,,,11161411
2026-07-07T18:07:15.369755,2026-07-07T18:07:15.380298+00:00,141.7,200,ask,,,11161416
2026-07-07T18:07:16.164162,2026-07-07T18:07:16.168084+00:00,141.6,3,bid,,,11161428
2026-07-07T18:07:17.789073,2026-07-07T18:07:17.796096+00:00,141.6,200,bid,,,11161452
2026-07-07T18:07:18.996915,2026-07-07T18:07:19.005093+00:00,141.6,200,bid,,,11161470
2026-07-07T18:07:19.413555,2026-07-07T18:07:19.424082+00:00,141.6,425,bid,,,11161474
2026-07-07T18:07:20.145477,2026-07-07T18:07:20.153807+00:00,141.9,20,bid,,,11161490
2026-07-07T18:07:21.889185,2026-07-07T18:07:21.900904+00:00,141.9,20,bid,,,11161511
2026-07-07T18:07:23.834200,2026-07-07T18:07:23.844886+00:00,141.8,200,bid,,,11161534
2026-07-07T18:07:23.857507,2026-07-07T18:07:23.868846+00:00,141.6,20,ask,,,11161535
2026-07-07T18:07:25.331820,2026-07-07T18:07:25.339131+00:00,141.8,200,ask,,,11161546
2026-07-07T18:07:26.644156,2026-07-07T18:07:26.653675+00:00,141.8,200,bid,,,11161568
2026-07-07T18:07:29.425830,2026-07-07T18:07:29.430220+00:00,141.8,14,bid,,,11161603
2026-07-07T18:07:29.913054,2026-07-07T18:07:29.917141+00:00,141.6,23,bid,,,11161608
2026-07-07T18:07:31.108975,2026-07-07T18:07:31.119515+00:00,141.5,200,ask,,,11161628
2026-07-07T18:07:32.643840,2026-07-07T18:07:32.648714+00:00,141.5,11,ask,,,11161648
2026-07-07T18:07:37.850772,2026-07-07T18:07:37.857063+00:00,141.3,20,ask,,,11161707
2026-07-07T18:07:38.366755,2026-07-07T18:07:38.378035+00:00,141.4,200,bid,,,11161715
2026-07-07T18:07:38.985446,2026-07-07T18:07:38.989326+00:00,141.4,12,ask,,,11161721
2026-07-07T18:07:40.192266,2026-07-07T18:07:40.201463+00:00,141.4,20,ask,,,11161743
2026-07-07T18:07:42.142642,2026-07-07T18:07:42.146467+00:00,141.4,11,ask,,,11161779
2026-07-07T18:07:42.294309,2026-07-07T18:07:42.298746+00:00,141.4,3,ask,,,11161783
2026-07-07T18:07:44.100821,2026-07-07T18:07:44.108689+00:00,141.5,20,ask,,,11161808
2026-07-07T18:07:45.016108,2026-07-07T18:07:45.023918+00:00,141.5,200,ask,,,11161824
2026-07-07T18:07:45.643842,2026-07-07T18:07:45.655525+00:00,141.5,200,bid,,,11161832
2026-07-07T18:07:46.346131,2026-07-07T18:07:46.350095+00:00,141.5,3,ask,,,11161845
2026-07-07T18:07:46.851730,2026-07-07T18:07:46.852228+00:00,141.7,200,bid,,,11161848
2026-07-07T18:07:47.673176,2026-07-07T18:07:47.680741+00:00,141.4,12,ask,,,11161868
2026-07-07T18:07:49.269256,2026-07-07T18:07:49.280398+00:00,141.6,200,bid,,,11161887
2026-07-07T18:07:50.279514,2026-07-07T18:07:50.283499+00:00,141.7,23,ask,,,11161896
2026-07-07T18:07:50.938802,2026-07-07T18:07:50.945908+00:00,141.7,500,ask,,,11161904
2026-07-07T18:07:51.531165,2026-07-07T18:07:51.540798+00:00,141.7,102,ask,,,11161910
2026-07-07T18:07:52.908492,2026-07-07T18:07:52.912059+00:00,141.4,23,bid,,,11161926
2026-07-07T18:07:54.798244,2026-07-07T18:07:54.802485+00:00,141.3,46,ask,,,11161952
2026-07-07T18:07:55.018276,2026-07-07T18:07:55.026952+00:00,141.3,12,ask,,,11161953
2026-07-07T18:07:57.054395,2026-07-07T18:07:57.061378+00:00,141.4,12,bid,,,11161989
2026-07-07T18:07:58.188625,2026-07-07T18:07:58.195379+00:00,141.4,200,bid,,,11162004
2026-07-07T18:07:58.188625,2026-07-07T18:07:58.200613+00:00,141.4,300,bid,,,11162005
2026-07-07T18:07:59.394499,2026-07-07T18:07:59.401622+00:00,141.4,325,bid,,,11162020
2026-07-07T18:07:59.394499,2026-07-07T18:07:59.406914+00:00,141.4,175,bid,,,11162021
2026-07-07T18:07:59.430102,2026-07-07T18:07:59.439872+00:00,141.4,25,bid,,,11162022
2026-07-07T18:07:59.829515,2026-07-07T18:07:59.840194+00:00,141.7,12,bid,,,11162027
2026-07-07T18:08:00.162801,2026-07-07T18:08:00.174369+00:00,141.4,200,ask,,,11162031
2026-07-07T18:08:00.341803,2026-07-07T18:08:00.358600+00:00,141.4,12,ask,,,11162035
2026-07-07T18:08:02.588099,2026-07-07T18:08:02.596016+00:00,141.4,200,ask,,,11162066
2026-07-07T18:08:03.795591,2026-07-07T18:08:03.805350+00:00,141.5,200,bid,,,11162080
2026-07-07T18:08:04.247703,2026-07-07T18:08:04.257912+00:00,141.5,425,bid,,,11162088
2026-07-07T18:08:04.698344,2026-07-07T18:08:04.702299+00:00,141.6,11,ask,,,11162094
2026-07-07T18:08:05.012741,2026-07-07T18:08:05.019917+00:00,141.6,200,ask,,,11162097
2026-07-07T18:08:06.223816,2026-07-07T18:08:06.230072+00:00,141.6,200,ask,,,11162111
2026-07-07T18:08:07.314330,2026-07-07T18:08:07.318353+00:00,141.7,11,ask,,,11162125
2026-07-07T18:08:07.398270,2026-07-07T18:08:07.402776+00:00,141.9,11,bid,,,11162128
2026-07-07T18:08:07.450397,2026-07-07T18:08:07.454149+00:00,141.8,11,bid,,,11162130
2026-07-07T18:08:07.533517,2026-07-07T18:08:07.545402+00:00,141.7,20,ask,,,11162131
2026-07-07T18:08:08.608186,2026-07-07T18:08:08.619103+00:00,141.8,189,bid,,,11162146
2026-07-07T18:08:08.694251,2026-07-07T18:08:08.701368+00:00,141.8,12,ask,,,11162153
2026-07-07T18:08:09.868642,2026-07-07T18:08:09.879559+00:00,141.9,200,bid,,,11162160
2026-07-07T18:08:14.996289,2026-07-07T18:08:15.003852+00:00,141.8,12,ask,,,11162217
2026-07-07T18:08:15.158581,2026-07-07T18:08:15.169398+00:00,141.8,188,ask,,,11162218
2026-07-07T18:08:15.174544,2026-07-07T18:08:15.184827+00:00,141.8,312,bid,,,11162219
2026-07-07T18:08:15.194192,2026-07-07T18:08:15.199695+00:00,141.9,11,ask,,,11162223
2026-07-07T18:08:15.754383,2026-07-07T18:08:15.763818+00:00,141.9,302,ask,,,11162228
2026-07-07T18:08:15.829187,2026-07-07T18:08:15.836019+00:00,141.8,20,bid,,,11162229
2026-07-07T18:08:17.298360,2026-07-07T18:08:17.309491+00:00,141.5,12,ask,,,11162251
2026-07-07T18:08:17.799414,2026-07-07T18:08:17.809743+00:00,141.5,188,ask,,,11162261
2026-07-07T18:08:19.070950,2026-07-07T18:08:19.077954+00:00,141.4,12,ask,,,11162275
2026-07-07T18:08:20.123681,2026-07-07T18:08:20.127744+00:00,141.5,34,ask,,,11162288
2026-07-07T18:08:20.334758,2026-07-07T18:08:20.345875+00:00,141.6,12,bid,,,11162294
2026-07-07T18:08:21.347655,2026-07-07T18:08:21.351898+00:00,141.5,12,ask,,,11162304
2026-07-07T18:08:21.758898,2026-07-07T18:08:21.770728+00:00,141.5,188,ask,,,11162309
2026-07-07T18:08:22.206094,2026-07-07T18:08:22.217742+00:00,141.5,20,bid,,,11162318
2026-07-07T18:08:23.188472,2026-07-07T18:08:23.196309+00:00,141.4,200,ask,,,11162332
2026-07-07T18:08:23.381384,2026-07-07T18:08:23.389889+00:00,141.6,12,bid,,,11162336
2026-07-07T18:08:23.636428,2026-07-07T18:08:23.645944+00:00,141.4,12,ask,,,11162341
2026-07-07T18:08:26.673863,2026-07-07T18:08:26.687611+00:00,141.5,12,bid,,,11162375
2026-07-07T18:08:26.683646,2026-07-07T18:08:26.687611+00:00,141.5,11,bid,,,11162377
2026-07-07T18:08:26.825518,2026-07-07T18:08:26.834036+00:00,141.5,200,bid,,,11162382
2026-07-07T18:08:32.743225,2026-07-07T18:08:32.747726+00:00,141.5,34,bid,,,11162459
2026-07-07T18:08:33.672772,2026-07-07T18:08:33.684691+00:00,141.6,20,bid,,,11162476
2026-07-07T18:08:34.602080,2026-07-07T18:08:34.609412+00:00,141.6,20,bid,,,11162485
2026-07-07T18:08:35.503770,2026-07-07T18:08:35.513196+00:00,141.4,12,ask,,,11162496
2026-07-07T18:08:37.745749,2026-07-07T18:08:37.752195+00:00,141.4,200,bid,,,11162518
2026-07-07T18:08:40.022212,2026-07-07T18:08:40.033917+00:00,141.3,12,ask,,,11162547
2026-07-07T18:08:42.253763,2026-07-07T18:08:42.258189+00:00,141.5,12,bid,,,11162577
2026-07-07T18:08:42.283092,2026-07-07T18:08:42.294691+00:00,141.5,12,bid,,,11162578
2026-07-07T18:08:44.998205,2026-07-07T18:08:45.006823+00:00,141.3,20,ask,,,11162616
2026-07-07T18:08:47.247629,2026-07-07T18:08:47.258587+00:00,141.5,20,bid,,,11162634
2026-07-07T18:08:48.003715,2026-07-07T18:08:48.015171+00:00,141.4,200,ask,,,11162652
2026-07-07T18:08:48.825176,2026-07-07T18:08:48.836617+00:00,141.4,12,bid,,,11162665
2026-07-07T18:08:49.313995,2026-07-07T18:08:49.323236+00:00,141.4,500,bid,,,11162670
2026-07-07T18:08:49.313995,2026-07-07T18:08:49.323236+00:00,141.5,125,bid,,,11162671
2026-07-07T18:08:50.482447,2026-07-07T18:08:50.494359+00:00,141.3,20,ask,,,11162686
2026-07-07T18:08:51.656707,2026-07-07T18:08:51.668296+00:00,141.3,20,ask,,,11162699
2026-07-07T18:08:51.945948,2026-07-07T18:08:51.958548+00:00,141.3,180,ask,,,11162702
2026-07-07T18:08:57.394817,2026-07-07T18:08:57.406372+00:00,141.5,12,bid,,,11162768
2026-07-07T18:09:00.729768,2026-07-07T18:09:00.736481+00:00,141.3,200,bid,,,11162820
2026-07-07T18:09:01.682452,2026-07-07T18:09:01.693788+00:00,141.0,12,ask,,,11162832
2026-07-07T18:09:01.943058,2026-07-07T18:09:01.950437+00:00,141.3,200,bid,,,11162837
2026-07-07T18:09:03.156019,2026-07-07T18:09:03.158635+00:00,141.3,200,bid,,,11162850
2026-07-07T18:09:03.815460,2026-07-07T18:09:03.820002+00:00,141.3,23,ask,,,11162859
2026-07-07T18:09:04.380319,2026-07-07T18:09:04.384628+00:00,141.4,11,ask,,,11162863
2026-07-07T18:09:06.437285,2026-07-07T18:09:06.443555+00:00,141.4,200,ask,,,11162890
2026-07-07T18:09:06.445442,2026-07-07T18:09:06.449551+00:00,141.4,11,bid,,,11162892
2026-07-07T18:09:07.757132,2026-07-07T18:09:07.768978+00:00,141.3,12,ask,,,11162907
2026-07-07T18:09:08.012362,2026-07-07T18:09:08.019990+00:00,141.3,12,ask,,,11162913
2026-07-07T18:09:09.194801,2026-07-07T18:09:09.204024+00:00,141.5,200,bid,,,11162926
2026-07-07T18:09:10.778708,2026-07-07T18:09:10.783133+00:00,141.5,11,bid,,,11162953
2026-07-07T18:09:10.785058,2026-07-07T18:09:10.798687+00:00,141.5,12,bid,,,11162954
2026-07-07T18:09:10.845742,2026-07-07T18:09:10.853802+00:00,141.4,200,ask,,,11162955
2026-07-07T18:09:10.868761,2026-07-07T18:09:10.872617+00:00,141.4,12,bid,,,11162958
2026-07-07T18:09:12.654583,2026-07-07T18:09:12.663767+00:00,141.4,500,ask,,,11162977
2026-07-07T18:09:13.939779,2026-07-07T18:09:13.944029+00:00,141.3,12,ask,,,11162989
2026-07-07T18:09:14.028598,2026-07-07T18:09:14.040124+00:00,141.4,200,bid,,,11162990
2026-07-07T18:09:14.333548,2026-07-07T18:09:14.337419+00:00,141.4,11,ask,,,11162995
2026-07-07T18:09:16.241154,2026-07-07T18:09:16.252979+00:00,141.5,20,bid,,,11163018
2026-07-07T18:09:18.258043,2026-07-07T18:09:18.269345+00:00,141.4,200,bid,,,11163039
2026-07-07T18:09:18.770074,2026-07-07T18:09:18.781606+00:00,141.4,20,ask,,,11163045
2026-07-07T18:09:18.859748,2026-07-07T18:09:18.869039+00:00,141.4,200,ask,,,11163048
2026-07-07T18:09:20.066957,2026-07-07T18:09:20.076592+00:00,141.4,200,bid,,,11163064
2026-07-07T18:09:20.613706,2026-07-07T18:09:20.625189+00:00,141.4,12,bid,,,11163070
2026-07-07T18:09:21.812046,2026-07-07T18:09:21.823891+00:00,141.3,20,bid,,,11163081
2026-07-07T18:09:23.423010,2026-07-07T18:09:23.426553+00:00,141.4,11,bid,,,11163108
2026-07-07T18:09:24.891144,2026-07-07T18:09:24.901818+00:00,141.5,12,bid,,,11163131
2026-07-07T18:09:28.915559,2026-07-07T18:09:28.927078+00:00,141.5,12,bid,,,11163190
2026-07-07T18:09:29.712505,2026-07-07T18:09:29.716279+00:00,141.5,12,bid,,,11163207
2026-07-07T18:09:29.772204,2026-07-07T18:09:29.778266+00:00,141.4,11,bid,,,11163209
2026-07-07T18:09:31.394817,2026-07-07T18:09:31.402876+00:00,141.5,200,bid,,,11163238
2026-07-07T18:09:32.155743,2026-07-07T18:09:32.163614+00:00,141.5,200,ask,,,11163249
2026-07-07T18:09:33.274149,2026-07-07T18:09:33.285021+00:00,141.6,12,bid,,,11163266
2026-07-07T18:09:35.061963,2026-07-07T18:09:35.069232+00:00,141.5,500,bid,,,11163293
2026-07-07T18:09:36.833207,2026-07-07T18:09:36.840346+00:00,141.5,20,bid,,,11163324
2026-07-07T18:09:38.313699,2026-07-07T18:09:38.325198+00:00,141.6,12,bid,,,11163348
2026-07-07T18:09:39.275067,2026-07-07T18:09:39.285293+00:00,141.6,200,bid,,,11163362
2026-07-07T18:09:41.823549,2026-07-07T18:09:41.834082+00:00,141.7,200,bid,,,11163408
2026-07-07T18:09:42.119935,2026-07-07T18:09:42.131779+00:00,141.7,20,ask,,,11163411
2026-07-07T18:09:42.424660,2026-07-07T18:09:42.429341+00:00,141.9,26,bid,,,11163418
2026-07-07T18:09:45.852302,2026-07-07T18:09:45.862518+00:00,141.8,200,bid,,,11163472
2026-07-07T18:09:46.315982,2026-07-07T18:09:46.325608+00:00,142.1,12,bid,,,11163477
2026-07-07T18:09:47.573440,2026-07-07T18:09:47.585482+00:00,141.7,12,ask,,,11163493
2026-07-07T18:09:48.838090,2026-07-07T18:09:48.845749+00:00,142.0,3,bid,,,11163508
2026-07-07T18:09:49.358704,2026-07-07T18:09:49.368847+00:00,142.0,3,bid,,,11163519
2026-07-07T18:09:49.619861,2026-07-07T18:09:49.631485+00:00,142.0,3,bid,,,11163524
2026-07-07T18:09:49.822633,2026-07-07T18:09:49.832620+00:00,141.9,200,ask,,,11163527
2026-07-07T18:09:50.126630,2026-07-07T18:09:50.137052+00:00,141.9,9,bid,,,11163534
2026-07-07T18:09:51.889112,2026-07-07T18:09:51.898482+00:00,141.9,20,ask,,,11163553
2026-07-07T18:09:52.446664,2026-07-07T18:09:52.458563+00:00,142.0,200,bid,,,11163567
2026-07-07T18:09:52.720583,2026-07-07T18:09:52.729537+00:00,142.0,200,ask,,,11163573
2026-07-07T18:10:02.415260,2026-07-07T18:10:02.422631+00:00,142.1,200,ask,,,11163694
2026-07-07T18:10:03.623341,2026-07-07T18:10:03.632303+00:00,142.1,200,ask,,,11163709
2026-07-07T18:10:04.900060,2026-07-07T18:10:04.911850+00:00,142.0,20,ask,,,11163726
2026-07-07T18:10:06.045089,2026-07-07T18:10:06.058552+00:00,142.0,200,ask,,,11163739
2026-07-07T18:10:08.195282,2026-07-07T18:10:08.207823+00:00,142.2,200,bid,,,11163765
2026-07-07T18:10:08.195282,2026-07-07T18:10:08.207823+00:00,142.2,425,bid,,,11163766
2026-07-07T18:10:10.583160,2026-07-07T18:10:10.594646+00:00,142.2,20,bid,,,11163791
2026-07-07T18:10:13.327589,2026-07-07T18:10:13.331883+00:00,142.2,3,ask,,,11163827
2026-07-07T18:10:13.447825,2026-07-07T18:10:13.455501+00:00,142.2,197,ask,,,11163829
2026-07-07T18:10:13.988894,2026-07-07T18:10:13.993255+00:00,142.2,3,bid,,,11163836
2026-07-07T18:10:14.521743,2026-07-07T18:10:14.531718+00:00,142.2,200,bid,,,11163842
2026-07-07T18:10:15.733948,2026-07-07T18:10:15.744508+00:00,142.1,200,bid,,,11163859
2026-07-07T18:10:16.078923,2026-07-07T18:10:16.088740+00:00,142.1,300,bid,,,11163861
2026-07-07T18:10:16.243193,2026-07-07T18:10:16.253352+00:00,142.2,325,ask,,,11163862
2026-07-07T18:10:16.944843,2026-07-07T18:10:16.951387+00:00,142.0,200,bid,,,11163871
2026-07-07T18:10:17.390541,2026-07-07T18:10:17.398105+00:00,142.0,300,bid,,,11163879
2026-07-07T18:10:17.451334,2026-07-07T18:10:17.455028+00:00,142.0,325,ask,,,11163881
2026-07-07T18:10:18.702797,2026-07-07T18:10:18.709388+00:00,142.0,200,ask,,,11163898
2026-07-07T18:10:19.365949,2026-07-07T18:10:19.374217+00:00,141.8,200,bid,,,11163906
2026-07-07T18:10:21.343072,2026-07-07T18:10:21.347313+00:00,142.0,3,bid,,,11163940
2026-07-07T18:10:26.883585,2026-07-07T18:10:26.887416+00:00,141.8,3,ask,,,11164018
2026-07-07T18:10:30.161891,2026-07-07T18:10:30.169304+00:00,141.9,200,bid,,,11164062
2026-07-07T18:10:36.494433,2026-07-07T18:10:36.503394+00:00,142.0,12,ask,,,11164142
2026-07-07T18:10:37.105551,2026-07-07T18:10:37.114602+00:00,142.0,188,ask,,,11164153
2026-07-07T18:10:37.532579,2026-07-07T18:10:37.543933+00:00,142.0,200,bid,,,11164156
2026-07-07T18:10:38.745894,2026-07-07T18:10:38.755953+00:00,142.0,200,ask,,,11164170
2026-07-07T18:10:39.549987,2026-07-07T18:10:39.554069+00:00,142.0,3,ask,,,11164185
2026-07-07T18:10:39.898830,2026-07-07T18:10:39.902756+00:00,142.1,11,ask,,,11164190
2026-07-07T18:10:39.968793,2026-07-07T18:10:39.975915+00:00,142.1,200,ask,,,11164192
2026-07-07T18:10:41.076852,2026-07-07T18:10:41.084543+00:00,142.1,500,bid,,,11164203
2026-07-07T18:10:41.674392,2026-07-07T18:10:41.681974+00:00,142.0,200,bid,,,11164212
2026-07-07T18:10:41.674392,2026-07-07T18:10:41.687007+00:00,142.1,125,bid,,,11164213
2026-07-07T18:10:42.377535,2026-07-07T18:10:42.382267+00:00,142.2,12,ask,,,11164221
2026-07-07T18:10:42.387122,2026-07-07T18:10:42.397909+00:00,142.2,200,ask,,,11164222
2026-07-07T18:10:42.521649,2026-07-07T18:10:42.533835+00:00,142.2,20,ask,,,11164225
2026-07-07T18:10:42.770183,2026-07-07T18:10:42.781770+00:00,142.2,12,ask,,,11164233
2026-07-07T18:10:43.027128,2026-07-07T18:10:43.034420+00:00,142.4,6,bid,,,11164240
2026-07-07T18:10:43.595618,2026-07-07T18:10:43.606341+00:00,142.2,200,ask,,,11164251
2026-07-07T18:10:44.988077,2026-07-07T18:10:44.997561+00:00,142.2,200,bid,,,11164269
2026-07-07T18:10:46.014730,2026-07-07T18:10:46.021539+00:00,142.2,200,ask,,,11164281
2026-07-07T18:10:46.329126,2026-07-07T18:10:46.333834+00:00,142.2,12,bid,,,11164284
2026-07-07T18:10:48.871531,2026-07-07T18:10:48.876078+00:00,142.1,23,ask,,,11164318
2026-07-07T18:10:51.166667,2026-07-07T18:10:51.176530+00:00,142.1,24,ask,,,11164345
2026-07-07T18:10:51.597965,2026-07-07T18:10:51.608271+00:00,142.1,200,ask,,,11164349
2026-07-07T18:10:54.233866,2026-07-07T18:10:54.237892+00:00,142.2,12,ask,,,11164378
2026-07-07T18:10:54.244084,2026-07-07T18:10:54.258564+00:00,142.2,12,ask,,,11164380
2026-07-07T18:10:54.466404,2026-07-07T18:10:54.478168+00:00,142.3,20,bid,,,11164384
2026-07-07T18:10:55.523385,2026-07-07T18:10:55.535107+00:00,142.2,12,ask,,,11164402
2026-07-07T18:10:58.545527,2026-07-07T18:10:58.552116+00:00,142.0,12,ask,,,11164448
2026-07-07T18:10:58.982021,2026-07-07T18:10:58.990559+00:00,142.0,20,ask,,,11164461
2026-07-07T18:10:59.473261,2026-07-07T18:10:59.483030+00:00,142.1,200,bid,,,11164472
2026-07-07T18:10:59.489290,2026-07-07T18:10:59.493419+00:00,142.2,11,ask,,,11164474
2026-07-07T18:11:00.461823,2026-07-07T18:11:00.470275+00:00,142.5,20,bid,,,11164489
2026-07-07T18:11:01.510669,2026-07-07T18:11:01.517126+00:00,142.3,20,bid,,,11164503
2026-07-07T18:11:02.105838,2026-07-07T18:11:02.110297+00:00,142.3,200,bid,,,11164510
2026-07-07T18:11:02.867507,2026-07-07T18:11:02.876353+00:00,142.4,425,ask,,,11164523
2026-07-07T18:11:03.840773,2026-07-07T18:11:03.849932+00:00,142.3,12,ask,,,11164538
2026-07-07T18:11:04.273562,2026-07-07T18:11:04.285146+00:00,142.4,20,bid,,,11164547
2026-07-07T18:11:05.622822,2026-07-07T18:11:05.634567+00:00,142.2,12,ask,,,11164566
2026-07-07T18:11:06.054986,2026-07-07T18:11:06.063640+00:00,142.2,188,ask,,,11164569
2026-07-07T18:11:06.594161,2026-07-07T18:11:06.602817+00:00,142.2,200,bid,,,11164574
2026-07-07T18:11:07.366335,2026-07-07T18:11:07.375627+00:00,142.2,500,bid,,,11164590
2026-07-07T18:11:08.156797,2026-07-07T18:11:08.158560+00:00,142.2,12,ask,,,11164601
2026-07-07T18:11:08.684651,2026-07-07T18:11:08.691503+00:00,142.1,200,ask,,,11164605
2026-07-07T18:11:09.017302,2026-07-07T18:11:09.026715+00:00,142.1,200,bid,,,11164608
2026-07-07T18:11:09.994556,2026-07-07T18:11:10.004007+00:00,142.1,500,bid,,,11164628
2026-07-07T18:11:10.208751,2026-07-07T18:11:10.220250+00:00,142.1,12,ask,,,11164636
2026-07-07T18:11:11.311346,2026-07-07T18:11:11.317784+00:00,142.0,200,ask,,,11164647
2026-07-07T18:11:11.439931,2026-07-07T18:11:11.447676+00:00,142.0,200,bid,,,11164651
2026-07-07T18:11:12.653819,2026-07-07T18:11:12.657236+00:00,142.0,200,ask,,,11164664
2026-07-07T18:11:13.865394,2026-07-07T18:11:13.875380+00:00,142.0,200,ask,,,11164676
2026-07-07T18:11:14.164493,2026-07-07T18:11:14.168637+00:00,141.9,11,ask,,,11164681
2026-07-07T18:11:14.741012,2026-07-07T18:11:14.751820+00:00,141.9,3,ask,,,11164689
2026-07-07T18:11:15.001328,2026-07-07T18:11:15.008124+00:00,141.9,3,ask,,,11164693
2026-07-07T18:11:17.270288,2026-07-07T18:11:17.279993+00:00,141.9,10,ask,,,11164717
2026-07-07T18:11:17.418845,2026-07-07T18:11:17.429590+00:00,142.1,20,bid,,,11164722
2026-07-07T18:11:19.232887,2026-07-07T18:11:19.236787+00:00,142.1,12,ask,,,11164749
2026-07-07T18:11:19.247101,2026-07-07T18:11:19.267915+00:00,142.3,20,bid,,,11164750
2026-07-07T18:11:20.499773,2026-07-07T18:11:20.519492+00:00,142.2,200,bid,,,11164762
2026-07-07T18:11:20.515265,2026-07-07T18:11:20.519492+00:00,142.2,11,ask,,,11164764
2026-07-07T18:11:21.121163,2026-07-07T18:11:21.129129+00:00,142.2,200,ask,,,11164775
2026-07-07T18:11:23.672487,2026-07-07T18:11:23.676481+00:00,142.4,45,bid,,,11164807
2026-07-07T18:11:23.826811,2026-07-07T18:11:23.837622+00:00,142.4,12,bid,,,11164811
2026-07-07T18:11:24.758679,2026-07-07T18:11:24.770030+00:00,142.2,200,ask,,,11164826
2026-07-07T18:11:29.612403,2026-07-07T18:11:29.622681+00:00,142.2,200,ask,,,11164885
2026-07-07T18:11:33.644356,2026-07-07T18:11:33.655949+00:00,142.3,6,ask,,,11164929
2026-07-07T18:11:35.162848,2026-07-07T18:11:35.169300+00:00,142.4,12,bid,,,11164949
2026-07-07T18:11:35.176632,2026-07-07T18:11:35.188022+00:00,142.1,20,ask,,,11164950
2026-07-07T18:11:36.176622,2026-07-07T18:11:36.184936+00:00,142.2,200,ask,,,11164962
2026-07-07T18:11:36.176622,2026-07-07T18:11:36.184936+00:00,142.1,300,ask,,,11164963
2026-07-07T18:11:36.424595,2026-07-07T18:11:36.431726+00:00,141.9,12,ask,,,11164968
2026-07-07T18:11:36.872691,2026-07-07T18:11:36.882025+00:00,142.1,200,bid,,,11164980
2026-07-07T18:11:37.629690,2026-07-07T18:11:37.641456+00:00,141.8,20,ask,,,11164989
2026-07-07T18:11:38.083007,2026-07-07T18:11:38.091212+00:00,142.1,200,bid,,,11164994
2026-07-07T18:11:40.171711,2026-07-07T18:11:40.183370+00:00,142.0,20,ask,,,11165028
2026-07-07T18:11:41.722398,2026-07-07T18:11:41.729188+00:00,142.0,200,ask,,,11165051
2026-07-07T18:11:45.915939,2026-07-07T18:11:45.927522+00:00,141.9,20,bid,,,11165105
2026-07-07T18:11:50.744381,2026-07-07T18:11:50.758588+00:00,141.7,200,bid,,,11165171
2026-07-07T18:11:51.394763,2026-07-07T18:11:51.405079+00:00,141.7,200,ask,,,11165186
2026-07-07T18:11:53.819402,2026-07-07T18:11:53.831093+00:00,141.6,200,ask,,,11165219
2026-07-07T18:11:55.069138,2026-07-07T18:11:55.080275+00:00,141.5,20,ask,,,11165235
2026-07-07T18:11:55.301320,2026-07-07T18:11:55.305649+00:00,141.5,11,ask,,,11165241
2026-07-07T18:11:55.997271,2026-07-07T18:11:56.005730+00:00,141.6,200,bid,,,11165255
2026-07-07T18:11:56.011415,2026-07-07T18:11:56.015378+00:00,141.6,11,ask,,,11165258
2026-07-07T18:11:56.232677,2026-07-07T18:11:56.242950+00:00,141.6,200,ask,,,11165267
2026-07-07T18:11:56.895231,2026-07-07T18:11:56.904145+00:00,141.8,12,bid,,,11165274
2026-07-07T18:11:57.439639,2026-07-07T18:11:57.447208+00:00,141.5,200,ask,,,11165278
2026-07-07T18:11:58.629315,2026-07-07T18:11:58.640203+00:00,141.5,500,ask,,,11165290
2026-07-07T18:11:59.853086,2026-07-07T18:11:59.858544+00:00,141.5,125,bid,,,11165301
2026-07-07T18:12:01.063522,2026-07-07T18:12:01.074013+00:00,141.6,200,ask,,,11165320
2026-07-07T18:12:01.566677,2026-07-07T18:12:01.570776+00:00,141.9,11,bid,,,11165333
2026-07-07T18:12:02.273111,2026-07-07T18:12:02.281839+00:00,141.7,200,ask,,,11165340
2026-07-07T18:12:02.580309,2026-07-07T18:12:02.584183+00:00,141.8,11,bid,,,11165344
2026-07-07T18:12:03.494846,2026-07-07T18:12:03.498875+00:00,141.6,23,bid,,,11165358
2026-07-07T18:12:03.653942,2026-07-07T18:12:03.658554+00:00,141.6,20,bid,,,11165360
2026-07-07T18:12:03.848691,2026-07-07T18:12:03.858568+00:00,141.6,5,bid,,,11165364
2026-07-07T18:12:04.013110,2026-07-07T18:12:04.023867+00:00,141.6,152,bid,,,11165369
2026-07-07T18:12:04.798692,2026-07-07T18:12:04.803364+00:00,141.6,23,ask,,,11165386
2026-07-07T18:12:05.357590,2026-07-07T18:12:05.369177+00:00,141.6,12,ask,,,11165393
2026-07-07T18:12:05.871241,2026-07-07T18:12:05.879556+00:00,141.8,7,bid,,,11165405
2026-07-07T18:12:06.500114,2026-07-07T18:12:06.508596+00:00,141.8,200,bid,,,11165410
2026-07-07T18:12:06.516400,2026-07-07T18:12:06.520748+00:00,141.9,11,ask,,,11165412
2026-07-07T18:12:07.112233,2026-07-07T18:12:07.122350+00:00,141.9,200,ask,,,11165425
2026-07-07T18:12:08.182422,2026-07-07T18:12:08.193583+00:00,141.9,12,bid,,,11165435
2026-07-07T18:12:11.449793,2026-07-07T18:12:11.458585+00:00,141.8,12,ask,,,11165476
2026-07-07T18:12:11.745213,2026-07-07T18:12:11.755693+00:00,141.9,200,bid,,,11165479
2026-07-07T18:12:11.964915,2026-07-07T18:12:11.974519+00:00,141.9,200,ask,,,11165484
2026-07-07T18:12:14.398687,2026-07-07T18:12:14.408581+00:00,141.7,200,ask,,,11165522
2026-07-07T18:12:15.686385,2026-07-07T18:12:15.697348+00:00,141.8,200,bid,,,11165538
2026-07-07T18:12:16.829509,2026-07-07T18:12:16.836156+00:00,141.8,200,ask,,,11165552
2026-07-07T18:12:17.736269,2026-07-07T18:12:17.746980+00:00,141.6,12,ask,,,11165568
2026-07-07T18:12:20.608254,2026-07-07T18:12:20.612521+00:00,141.7,23,ask,,,11165597
2026-07-07T18:12:20.737434,2026-07-07T18:12:20.749112+00:00,141.9,20,bid,,,11165599
2026-07-07T18:12:20.951259,2026-07-07T18:12:20.959199+00:00,141.9,180,bid,,,11165603
2026-07-07T18:12:21.679770,2026-07-07T18:12:21.689124+00:00,141.9,200,ask,,,11165619
2026-07-07T18:12:22.887799,2026-07-07T18:12:22.897365+00:00,141.7,200,bid,,,11165637
2026-07-07T18:12:25.315832,2026-07-07T18:12:25.326285+00:00,141.6,200,ask,,,11165666
2026-07-07T18:12:28.964674,2026-07-07T18:12:28.968551+00:00,141.6,11,ask,,,11165705
2026-07-07T18:12:30.147284,2026-07-07T18:12:30.158763+00:00,141.6,189,ask,,,11165717
2026-07-07T18:12:31.378140,2026-07-07T18:12:31.387059+00:00,141.5,200,bid,,,11165735
2026-07-07T18:12:32.588779,2026-07-07T18:12:32.597212+00:00,141.4,200,bid,,,11165741
2026-07-07T18:12:32.926199,2026-07-07T18:12:32.938277+00:00,141.3,20,ask,,,11165742
2026-07-07T18:12:34.100202,2026-07-07T18:12:34.104063+00:00,141.4,6,ask,,,11165765
2026-07-07T18:12:35.025132,2026-07-07T18:12:35.033211+00:00,141.4,200,ask,,,11165780
2026-07-07T18:12:39.876676,2026-07-07T18:12:39.885099+00:00,141.5,200,ask,,,11165838
2026-07-07T18:12:43.282402,2026-07-07T18:12:43.285956+00:00,141.6,6,bid,,,11165882
2026-07-07T18:12:47.141338,2026-07-07T18:12:47.145899+00:00,141.5,6,ask,,,11165943
2026-07-07T18:12:47.766302,2026-07-07T18:12:47.773899+00:00,141.5,20,ask,,,11165950
2026-07-07T18:12:49.833236,2026-07-07T18:12:49.840394+00:00,141.7,200,bid,,,11165992
2026-07-07T18:12:50.748781,2026-07-07T18:12:50.753831+00:00,141.7,200,ask,,,11166003
2026-07-07T18:12:53.113025,2026-07-07T18:12:53.123934+00:00,141.6,200,ask,,,11166026
2026-07-07T18:12:53.113025,2026-07-07T18:12:53.123934+00:00,141.6,300,ask,,,11166027
2026-07-07T18:12:53.708591,2026-07-07T18:12:53.716143+00:00,141.6,325,ask,,,11166032
2026-07-07T18:12:58.012289,2026-07-07T18:12:58.019473+00:00,141.4,200,bid,,,11166088
2026-07-07T18:13:04.888136,2026-07-07T18:13:04.892046+00:00,141.4,6,bid,,,11166169
2026-07-07T18:13:06.499407,2026-07-07T18:13:06.509888+00:00,141.3,200,ask,,,11166195
2026-07-07T18:13:08.263884,2026-07-07T18:13:08.274557+00:00,141.4,200,ask,,,11166216
2026-07-07T18:13:10.509108,2026-07-07T18:13:10.516249+00:00,141.4,12,bid,,,11166240
2026-07-07T18:13:10.616797,2026-07-07T18:13:10.627587+00:00,141.4,20,bid,,,11166243
2026-07-07T18:13:11.217845,2026-07-07T18:13:11.222643+00:00,141.5,11,bid,,,11166253
2026-07-07T18:13:12.547241,2026-07-07T18:13:12.558611+00:00,141.3,200,ask,,,11166276
2026-07-07T18:13:14.549866,2026-07-07T18:13:14.559920+00:00,141.3,12,ask,,,11166299
2026-07-07T18:13:14.969342,2026-07-07T18:13:14.976248+00:00,141.3,200,ask,,,11166310
2026-07-07T18:13:15.061692,2026-07-07T18:13:15.070727+00:00,141.3,20,ask,,,11166312
2026-07-07T18:13:17.568930,2026-07-07T18:13:17.576089+00:00,141.5,12,bid,,,11166349
2026-07-07T18:13:17.572230,2026-07-07T18:13:17.576089+00:00,141.5,34,bid,,,11166350
2026-07-07T18:13:19.802371,2026-07-07T18:13:19.810356+00:00,141.4,200,ask,,,11166376
2026-07-07T18:13:21.123388,2026-07-07T18:13:21.132365+00:00,141.5,12,bid,,,11166386
2026-07-07T18:13:23.895421,2026-07-07T18:13:23.899010+00:00,141.5,23,bid,,,11166422
2026-07-07T18:13:24.019799,2026-07-07T18:13:24.031059+00:00,141.5,177,bid,,,11166425
2026-07-07T18:13:24.647859,2026-07-07T18:13:24.658615+00:00,141.6,200,ask,,,11166438
2026-07-07T18:13:25.911149,2026-07-07T18:13:25.920820+00:00,141.6,12,bid,,,11166450
2026-07-07T18:13:29.450421,2026-07-07T18:13:29.463802+00:00,141.5,12,bid,,,11166496
2026-07-07T18:13:30.409488,2026-07-07T18:13:30.414392+00:00,141.5,12,bid,,,11166505
2026-07-07T18:13:30.978627,2026-07-07T18:13:30.989981+00:00,141.6,12,bid,,,11166514
2026-07-07T18:13:35.847242,2026-07-07T18:13:35.858566+00:00,141.5,200,bid,,,11166588
2026-07-07T18:13:38.774505,2026-07-07T18:13:38.783316+00:00,141.7,12,bid,,,11166617
2026-07-07T18:13:40.829280,2026-07-07T18:13:40.840902+00:00,141.6,20,ask,,,11166639
2026-07-07T18:13:43.561562,2026-07-07T18:13:43.568896+00:00,141.8,12,bid,,,11166678
2026-07-07T18:13:44.047297,2026-07-07T18:13:44.054553+00:00,141.8,200,bid,,,11166682
2026-07-07T18:13:44.591329,2026-07-07T18:13:44.600673+00:00,141.8,12,bid,,,11166691
2026-07-07T18:13:44.924520,2026-07-07T18:13:44.933078+00:00,141.8,20,bid,,,11166696
2026-07-07T18:13:45.856725,2026-07-07T18:13:45.858110+00:00,141.7,20,ask,,,11166716
2026-07-07T18:13:46.413719,2026-07-07T18:13:46.421213+00:00,141.8,12,bid,,,11166722
2026-07-07T18:13:47.690967,2026-07-07T18:13:47.699278+00:00,141.7,200,ask,,,11166742
2026-07-07T18:13:48.898549,2026-07-07T18:13:48.907272+00:00,141.8,200,bid,,,11166757
2026-07-07T18:13:49.094324,2026-07-07T18:13:49.106070+00:00,141.8,20,ask,,,11166759
2026-07-07T18:13:49.295654,2026-07-07T18:13:49.300013+00:00,142.0,11,bid,,,11166763
2026-07-07T18:13:49.457758,2026-07-07T18:13:49.469097+00:00,142.0,12,bid,,,11166766
2026-07-07T18:13:50.345766,2026-07-07T18:13:50.349740+00:00,141.9,3,bid,,,11166777
2026-07-07T18:13:51.648980,2026-07-07T18:13:51.653326+00:00,141.8,200,ask,,,11166796
2026-07-07T18:13:51.735726,2026-07-07T18:13:51.744942+00:00,141.7,10,bid,,,11166800
2026-07-07T18:13:52.521297,2026-07-07T18:13:52.529332+00:00,141.7,200,bid,,,11166814
2026-07-07T18:13:52.749281,2026-07-07T18:13:52.753638+00:00,141.4,12,ask,,,11166817
2026-07-07T18:13:53.728463,2026-07-07T18:13:53.735064+00:00,141.8,200,bid,,,11166825
2026-07-07T18:13:55.009058,2026-07-07T18:13:55.020506+00:00,141.6,12,ask,,,11166846
2026-07-07T18:13:55.682782,2026-07-07T18:13:55.687014+00:00,141.6,14,ask,,,11166852
2026-07-07T18:13:59.110612,2026-07-07T18:13:59.118333+00:00,141.5,12,ask,,,11166889
2026-07-07T18:14:00.618587,2026-07-07T18:14:00.630773+00:00,141.7,12,bid,,,11166910
2026-07-07T18:14:00.979779,2026-07-07T18:14:00.990292+00:00,141.6,200,bid,,,11166912
2026-07-07T18:14:01.875035,2026-07-07T18:14:01.886857+00:00,141.6,20,bid,,,11166925
2026-07-07T18:14:02.201957,2026-07-07T18:14:02.206561+00:00,141.6,12,ask,,,11166928
2026-07-07T18:14:03.408467,2026-07-07T18:14:03.415241+00:00,141.6,200,ask,,,11166940
2026-07-07T18:14:03.509526,2026-07-07T18:14:03.521538+00:00,141.5,20,ask,,,11166941
2026-07-07T18:14:05.752167,2026-07-07T18:14:05.758632+00:00,141.4,20,ask,,,11166968
2026-07-07T18:14:08.141913,2026-07-07T18:14:08.158538+00:00,141.5,12,ask,,,11166989
2026-07-07T18:14:08.245964,2026-07-07T18:14:08.258581+00:00,141.6,200,bid,,,11166992
2026-07-07T18:14:08.765759,2026-07-07T18:14:08.770867+00:00,141.5,11,ask,,,11166997
2026-07-07T18:14:11.696980,2026-07-07T18:14:11.708864+00:00,141.6,12,bid,,,11167030
2026-07-07T18:14:12.438887,2026-07-07T18:14:12.447545+00:00,141.4,500,ask,,,11167040
2026-07-07T18:14:12.684376,2026-07-07T18:14:12.691002+00:00,141.4,200,ask,,,11167042
2026-07-07T18:14:12.701716,2026-07-07T18:14:12.705422+00:00,141.3,11,bid,,,11167044
2026-07-07T18:14:12.707390,2026-07-07T18:14:12.720662+00:00,141.1,20,ask,,,11167045
2026-07-07T18:14:12.715533,2026-07-07T18:14:12.725992+00:00,141.1,11,ask,,,11167046
2026-07-07T18:14:12.970363,2026-07-07T18:14:12.981812+00:00,141.3,12,bid,,,11167051
2026-07-07T18:14:13.108824,2026-07-07T18:14:13.118227+00:00,141.3,200,bid,,,11167059
2026-07-07T18:14:14.319643,2026-07-07T18:14:14.329131+00:00,141.4,200,bid,,,11167073
2026-07-07T18:14:14.854331,2026-07-07T18:14:14.855276+00:00,141.3,500,ask,,,11167078
2026-07-07T18:14:15.327308,2026-07-07T18:14:15.331270+00:00,141.3,12,bid,,,11167089
2026-07-07T18:14:15.527364,2026-07-07T18:14:15.537115+00:00,141.3,200,bid,,,11167095
2026-07-07T18:14:16.734808,2026-07-07T18:14:16.742247+00:00,141.3,200,bid,,,11167113
2026-07-07T18:14:16.778925,2026-07-07T18:14:16.790166+00:00,141.3,12,bid,,,11167115
2026-07-07T18:14:18.798144,2026-07-07T18:14:18.805892+00:00,141.3,12,ask,,,11167142
2026-07-07T18:14:20.299768,2026-07-07T18:14:20.309050+00:00,141.3,200,ask,,,11167165
2026-07-07T18:14:20.299768,2026-07-07T18:14:20.309050+00:00,141.3,300,ask,,,11167166
2026-07-07T18:14:20.948473,2026-07-07T18:14:20.952416+00:00,141.3,11,bid,,,11167175
2026-07-07T18:14:21.572490,2026-07-07T18:14:21.584040+00:00,141.3,12,bid,,,11167183
2026-07-07T18:14:21.596236,2026-07-07T18:14:21.604796+00:00,141.3,200,bid,,,11167185
2026-07-07T18:14:22.141996,2026-07-07T18:14:22.152767+00:00,141.3,11,bid,,,11167190
2026-07-07T18:14:22.806673,2026-07-07T18:14:22.814006+00:00,141.3,200,bid,,,11167203
2026-07-07T18:14:23.183968,2026-07-07T18:14:23.191456+00:00,141.3,300,bid,,,11167207
2026-07-07T18:14:23.305373,2026-07-07T18:14:23.311887+00:00,141.5,325,ask,,,11167209
2026-07-07T18:14:24.499107,2026-07-07T18:14:24.507454+00:00,141.3,200,ask,,,11167221
2026-07-07T18:14:27.123963,2026-07-07T18:14:27.133369+00:00,141.3,500,bid,,,11167256
2026-07-07T18:14:27.548874,2026-07-07T18:14:27.556192+00:00,141.3,125,ask,,,11167265
2026-07-07T18:14:33.695324,2026-07-07T18:14:33.702928+00:00,141.2,200,ask,,,11167326
2026-07-07T18:14:34.040397,2026-07-07T18:14:34.048494+00:00,141.0,20,ask,,,11167334
2026-07-07T18:14:36.049665,2026-07-07T18:14:36.058601+00:00,141.2,425,ask,,,11167349
2026-07-07T18:14:38.941397,2026-07-07T18:14:38.949893+00:00,141.0,200,ask,,,11167389
2026-07-07T18:14:40.255098,2026-07-07T18:14:40.253844+00:00,141.0,200,bid,,,11167410
2026-07-07T18:14:40.302374,2026-07-07T18:14:40.306401+00:00,141.0,23,ask,,,11167412
2026-07-07T18:14:40.564677,2026-07-07T18:14:40.572196+00:00,141.0,12,ask,,,11167417
2026-07-07T18:14:41.321359,2026-07-07T18:14:41.329747+00:00,141.0,12,ask,,,11167429
2026-07-07T18:14:43.357298,2026-07-07T18:14:43.358622+00:00,140.8,12,ask,,,11167452
2026-07-07T18:14:47.874163,2026-07-07T18:14:47.881945+00:00,140.8,12,ask,,,11167514
2026-07-07T18:14:50.669561,2026-07-07T18:14:50.677083+00:00,140.9,200,bid,,,11167544
2026-07-07T18:14:51.877253,2026-07-07T18:14:51.886950+00:00,140.9,200,bid,,,11167554
2026-07-07T18:14:52.638401,2026-07-07T18:14:52.642342+00:00,140.7,11,ask,,,11167565
2026-07-07T18:14:53.084807,2026-07-07T18:14:53.092398+00:00,140.9,200,bid,,,11167572
2026-07-07T18:14:53.911553,2026-07-07T18:14:53.919134+00:00,140.7,12,ask,,,11167590
2026-07-07T18:14:54.305732,2026-07-07T18:14:54.309799+00:00,140.8,12,ask,,,11167593
2026-07-07T18:14:56.183614,2026-07-07T18:14:56.195306+00:00,140.8,12,ask,,,11167616
2026-07-07T18:14:57.379810,2026-07-07T18:14:57.383948+00:00,141.0,11,ask,,,11167634
2026-07-07T18:14:58.215919,2026-07-07T18:14:58.227500+00:00,141.0,12,ask,,,11167649
2026-07-07T18:14:59.153697,2026-07-07T18:14:59.157776+00:00,141.0,11,ask,,,11167660
2026-07-07T18:15:00.353894,2026-07-07T18:15:00.369023+00:00,141.1,200,bid,,,11167670
2026-07-07T18:15:00.605185,2026-07-07T18:15:00.617120+00:00,140.9,20,ask,,,11167677
2026-07-07T18:15:03.045720,2026-07-07T18:15:03.057411+00:00,141.2,20,bid,,,11167718
2026-07-07T18:15:03.938454,2026-07-07T18:15:03.942667+00:00,141.1,11,bid,,,11167728
2026-07-07T18:15:04.025159,2026-07-07T18:15:04.031650+00:00,141.0,11,ask,,,11167731
2026-07-07T18:15:06.301683,2026-07-07T18:15:06.313354+00:00,141.0,12,ask,,,11167764
2026-07-07T18:15:10.494164,2026-07-07T18:15:10.500394+00:00,141.0,200,ask,,,11167806
2026-07-07T18:15:11.240947,2026-07-07T18:15:11.252110+00:00,141.0,200,bid,,,11167826
2026-07-07T18:15:11.625619,2026-07-07T18:15:11.630217+00:00,140.9,23,ask,,,11167829
2026-07-07T18:15:12.465297,2026-07-07T18:15:12.469782+00:00,141.0,11,ask,,,11167841
2026-07-07T18:15:13.656194,2026-07-07T18:15:13.663879+00:00,141.2,200,bid,,,11167851
2026-07-07T18:15:14.742024,2026-07-07T18:15:14.746121+00:00,141.3,11,bid,,,11167867
2026-07-07T18:15:15.059434,2026-07-07T18:15:15.071057+00:00,141.3,12,bid,,,11167872
2026-07-07T18:15:17.362073,2026-07-07T18:15:17.369698+00:00,141.0,20,ask,,,11167894
2026-07-07T18:15:18.346723,2026-07-07T18:15:18.358616+00:00,141.0,12,ask,,,11167909
2026-07-07T18:15:19.036846,2026-07-07T18:15:19.048324+00:00,141.2,500,bid,,,11167920
2026-07-07T18:15:19.363634,2026-07-07T18:15:19.375115+00:00,141.2,12,bid,,,11167929
2026-07-07T18:15:19.632141,2026-07-07T18:15:19.639660+00:00,141.2,113,bid,,,11167932
2026-07-07T18:15:21.098068,2026-07-07T18:15:21.101886+00:00,141.5,23,bid,,,11167953
2026-07-07T18:15:21.385609,2026-07-07T18:15:21.397514+00:00,141.5,12,bid,,,11167959
2026-07-07T18:15:22.319407,2026-07-07T18:15:22.323766+00:00,141.4,11,bid,,,11167967
2026-07-07T18:15:23.195618,2026-07-07T18:15:23.207179+00:00,141.4,12,bid,,,11167989
2026-07-07T18:15:23.340214,2026-07-07T18:15:23.351463+00:00,141.4,200,bid,,,11167992
2026-07-07T18:15:24.571203,2026-07-07T18:15:24.574886+00:00,141.4,12,bid,,,11168009
2026-07-07T18:15:24.920614,2026-07-07T18:15:24.931198+00:00,141.4,188,bid,,,11168010
2026-07-07T18:15:25.756836,2026-07-07T18:15:25.764119+00:00,141.4,200,ask,,,11168028
2026-07-07T18:15:27.545492,2026-07-07T18:15:27.555770+00:00,141.3,200,ask,,,11168043
2026-07-07T18:15:27.565332,2026-07-07T18:15:27.568894+00:00,141.3,23,bid,,,11168048
2026-07-07T18:15:27.746235,2026-07-07T18:15:27.754254+00:00,141.3,12,bid,,,11168055
2026-07-07T18:15:28.169098,2026-07-07T18:15:28.175762+00:00,141.3,200,bid,,,11168057
2026-07-07T18:15:29.755318,2026-07-07T18:15:29.758587+00:00,141.3,12,bid,,,11168079
2026-07-07T18:15:29.907834,2026-07-07T18:15:29.918280+00:00,141.3,188,bid,,,11168082
2026-07-07T18:15:30.591386,2026-07-07T18:15:30.601730+00:00,141.4,200,ask,,,11168091
2026-07-07T18:15:30.774477,2026-07-07T18:15:30.786419+00:00,141.6,12,bid,,,11168095
2026-07-07T18:15:32.051176,2026-07-07T18:15:32.058652+00:00,141.4,12,bid,,,11168110
2026-07-07T18:15:34.062615,2026-07-07T18:15:34.071442+00:00,141.2,12,ask,,,11168137
2026-07-07T18:15:35.433372,2026-07-07T18:15:35.442397+00:00,141.4,200,bid,,,11168160
2026-07-07T18:15:36.462239,2026-07-07T18:15:36.473949+00:00,141.4,20,bid,,,11168173
2026-07-07T18:15:37.081983,2026-07-07T18:15:37.092574+00:00,141.3,12,bid,,,11168190
2026-07-07T18:15:38.041331,2026-07-07T18:15:38.049344+00:00,141.3,200,bid,,,11168201
2026-07-07T18:15:39.356596,2026-07-07T18:15:39.353130+00:00,141.4,200,ask,,,11168219
2026-07-07T18:15:40.351672,2026-07-07T18:15:40.358617+00:00,141.4,12,bid,,,11168239
2026-07-07T18:15:41.499511,2026-07-07T18:15:41.510612+00:00,141.4,200,bid,,,11168249
2026-07-07T18:15:42.074749,2026-07-07T18:15:42.086403+00:00,141.5,20,bid,,,11168254
2026-07-07T18:15:43.294297,2026-07-07T18:15:43.305764+00:00,141.4,500,ask,,,11168268
2026-07-07T18:15:43.842233,2026-07-07T18:15:43.849682+00:00,141.4,125,bid,,,11168278
2026-07-07T18:15:43.932916,2026-07-07T18:15:43.940501+00:00,141.4,200,ask,,,11168282
2026-07-07T18:15:44.031387,2026-07-07T18:15:44.043211+00:00,141.4,20,ask,,,11168285
2026-07-07T18:15:46.354626,2026-07-07T18:15:46.358621+00:00,141.4,200,ask,,,11168308
2026-07-07T18:15:46.672220,2026-07-07T18:15:46.683985+00:00,141.7,11,bid,,,11168313
2026-07-07T18:15:48.773080,2026-07-07T18:15:48.779724+00:00,141.5,200,bid,,,11168330
2026-07-07T18:15:49.566089,2026-07-07T18:15:49.570535+00:00,141.5,14,bid,,,11168340
2026-07-07T18:15:51.191668,2026-07-07T18:15:51.200321+00:00,141.6,200,bid,,,11168370
2026-07-07T18:15:54.377116,2026-07-07T18:15:54.389006+00:00,141.5,20,ask,,,11168420
2026-07-07T18:15:56.426984,2026-07-07T18:15:56.437891+00:00,141.5,200,ask,,,11168451
2026-07-07T18:15:57.274593,2026-07-07T18:15:57.285940+00:00,141.5,200,bid,,,11168465
2026-07-07T18:15:57.821505,2026-07-07T18:15:57.833254+00:00,141.4,20,ask,,,11168471
2026-07-07T18:15:59.696661,2026-07-07T18:15:59.704059+00:00,141.5,200,bid,,,11168492
2026-07-07T18:16:02.982825,2026-07-07T18:16:02.993389+00:00,141.4,200,ask,,,11168517
2026-07-07T18:16:03.321474,2026-07-07T18:16:03.331983+00:00,141.3,200,bid,,,11168520
2026-07-07T18:16:06.911506,2026-07-07T18:16:06.921635+00:00,141.3,200,bid,,,11168561
2026-07-07T18:16:08.594186,2026-07-07T18:16:08.606630+00:00,141.4,12,ask,,,11168585
2026-07-07T18:16:08.603148,2026-07-07T18:16:08.606630+00:00,141.4,14,ask,,,11168587
2026-07-07T18:16:09.391807,2026-07-07T18:16:09.398258+00:00,141.4,200,ask,,,11168606
2026-07-07T18:16:09.535803,2026-07-07T18:16:09.544097+00:00,141.4,500,ask,,,11168609
2026-07-07T18:16:09.870662,2026-07-07T18:16:09.877200+00:00,141.4,125,bid,,,11168613
2026-07-07T18:16:10.842711,2026-07-07T18:16:10.849447+00:00,141.4,200,bid,,,11168627
2026-07-07T18:16:12.157632,2026-07-07T18:16:12.169015+00:00,141.3,12,ask,,,11168644
2026-07-07T18:16:14.124777,2026-07-07T18:16:14.135709+00:00,141.5,200,bid,,,11168664
2026-07-07T18:16:14.124777,2026-07-07T18:16:14.135709+00:00,141.5,300,bid,,,11168665
2026-07-07T18:16:14.224964,2026-07-07T18:16:14.232719+00:00,141.5,200,bid,,,11168668
2026-07-07T18:16:14.783055,2026-07-07T18:16:14.787017+00:00,141.6,12,ask,,,11168672
2026-07-07T18:16:14.942730,2026-07-07T18:16:14.946706+00:00,141.6,11,ask,,,11168677
2026-07-07T18:16:17.514151,2026-07-07T18:16:17.522321+00:00,141.6,12,bid,,,11168715
2026-07-07T18:16:18.344365,2026-07-07T18:16:18.352964+00:00,141.6,500,bid,,,11168731
2026-07-07T18:16:18.541120,2026-07-07T18:16:18.549133+00:00,141.4,12,ask,,,11168736
2026-07-07T18:16:18.713582,2026-07-07T18:16:18.720601+00:00,141.6,200,bid,,,11168741
2026-07-07T18:16:18.731498,2026-07-07T18:16:18.735416+00:00,141.7,12,ask,,,11168743
2026-07-07T18:16:19.073634,2026-07-07T18:16:19.081899+00:00,141.7,200,ask,,,11168749
2026-07-07T18:16:20.571015,2026-07-07T18:16:20.578225+00:00,141.5,12,ask,,,11168764
2026-07-07T18:16:21.076684,2026-07-07T18:16:21.088618+00:00,141.5,12,ask,,,11168776
2026-07-07T18:16:21.260609,2026-07-07T18:16:21.264533+00:00,141.5,11,ask,,,11168778
2026-07-07T18:16:21.872395,2026-07-07T18:16:21.881354+00:00,141.5,12,ask,,,11168786
2026-07-07T18:16:23.965456,2026-07-07T18:16:23.973476+00:00,141.6,200,bid,,,11168810
2026-07-07T18:16:23.985023,2026-07-07T18:16:23.988982+00:00,141.6,11,ask,,,11168812
2026-07-07T18:16:25.120476,2026-07-07T18:16:25.128946+00:00,141.6,200,ask,,,11168821
2026-07-07T18:16:27.549917,2026-07-07T18:16:27.553497+00:00,141.7,11,bid,,,11168858
2026-07-07T18:16:27.899990,2026-07-07T18:16:27.906908+00:00,141.7,12,bid,,,11168866
2026-07-07T18:16:29.227770,2026-07-07T18:16:29.238378+00:00,141.6,500,ask,,,11168878
2026-07-07T18:16:29.227770,2026-07-07T18:16:29.238378+00:00,141.6,125,ask,,,11168879
2026-07-07T18:16:30.174268,2026-07-07T18:16:30.183248+00:00,141.7,12,ask,,,11168889
2026-07-07T18:16:30.956072,2026-07-07T18:16:30.958623+00:00,142.0,12,bid,,,11168903
2026-07-07T18:16:31.865193,2026-07-07T18:16:31.869085+00:00,141.9,11,bid,,,11168914
2026-07-07T18:16:32.388445,2026-07-07T18:16:32.398716+00:00,141.9,200,bid,,,11168922
2026-07-07T18:16:33.994525,2026-07-07T18:16:34.003699+00:00,141.9,20,ask,,,11168942
2026-07-07T18:16:33.997914,2026-07-07T18:16:34.009399+00:00,141.9,12,ask,,,11168943
2026-07-07T18:16:34.814831,2026-07-07T18:16:34.826156+00:00,141.9,200,ask,,,11168954
2026-07-07T18:16:35.267204,2026-07-07T18:16:35.278881+00:00,141.9,12,ask,,,11168960
2026-07-07T18:16:37.815429,2026-07-07T18:16:37.827326+00:00,141.9,12,ask,,,11168987
2026-07-07T18:16:39.666190,2026-07-07T18:16:39.674302+00:00,141.9,200,ask,,,11169015
2026-07-07T18:16:40.262947,2026-07-07T18:16:40.274813+00:00,141.9,20,ask,,,11169020
2026-07-07T18:16:40.877120,2026-07-07T18:16:40.883548+00:00,141.9,200,ask,,,11169027
2026-07-07T18:16:41.580381,2026-07-07T18:16:41.599394+00:00,142.0,12,bid,,,11169043
2026-07-07T18:16:42.085794,2026-07-07T18:16:42.096699+00:00,142.0,200,bid,,,11169051
2026-07-07T18:16:43.295101,2026-07-07T18:16:43.305894+00:00,141.9,200,bid,,,11169075
2026-07-07T18:16:43.892165,2026-07-07T18:16:43.904062+00:00,142.0,20,bid,,,11169080
2026-07-07T18:16:44.504933,2026-07-07T18:16:44.558620+00:00,141.9,200,bid,,,11169095
2026-07-07T18:16:44.950029,2026-07-07T18:16:44.952725+00:00,141.9,300,bid,,,11169097
2026-07-07T18:16:45.015635,2026-07-07T18:16:45.026732+00:00,141.9,325,ask,,,11169098
2026-07-07T18:16:45.714828,2026-07-07T18:16:45.723523+00:00,141.8,200,bid,,,11169111
2026-07-07T18:16:45.863556,2026-07-07T18:16:45.874021+00:00,141.8,12,bid,,,11169114
2026-07-07T18:16:46.251432,2026-07-07T18:16:46.255694+00:00,141.7,12,bid,,,11169123
2026-07-07T18:16:46.925479,2026-07-07T18:16:46.934466+00:00,141.8,200,bid,,,11169134
2026-07-07T18:16:47.298902,2026-07-07T18:16:47.310997+00:00,141.8,20,bid,,,11169135
2026-07-07T18:16:47.576436,2026-07-07T18:16:47.579493+00:00,141.8,500,bid,,,11169138
2026-07-07T18:16:48.028857,2026-07-07T18:16:48.036954+00:00,141.8,125,ask,,,11169149
2026-07-07T18:16:48.138375,2026-07-07T18:16:48.145689+00:00,141.7,200,bid,,,11169153
2026-07-07T18:16:48.174945,2026-07-07T18:16:48.183431+00:00,141.7,12,bid,,,11169155
2026-07-07T18:16:48.692367,2026-07-07T18:16:48.702656+00:00,141.7,12,bid,,,11169158
2026-07-07T18:16:49.349141,2026-07-07T18:16:49.359777+00:00,141.7,200,bid,,,11169175
2026-07-07T18:16:49.976281,2026-07-07T18:16:49.983728+00:00,141.8,12,bid,,,11169179
2026-07-07T18:16:50.560672,2026-07-07T18:16:50.567873+00:00,141.8,200,bid,,,11169188
2026-07-07T18:16:53.006984,2026-07-07T18:16:53.015935+00:00,142.0,12,bid,,,11169227
2026-07-07T18:16:54.091237,2026-07-07T18:16:54.094357+00:00,141.9,200,ask,,,11169239
2026-07-07T18:16:54.108131,2026-07-07T18:16:54.112436+00:00,141.9,11,bid,,,11169241
2026-07-07T18:16:54.193512,2026-07-07T18:16:54.200981+00:00,141.9,200,bid,,,11169245
2026-07-07T18:16:54.264783,2026-07-07T18:16:54.276940+00:00,141.9,12,bid,,,11169248
2026-07-07T18:16:58.905168,2026-07-07T18:16:58.917093+00:00,141.8,20,ask,,,11169316
2026-07-07T18:16:59.051847,2026-07-07T18:16:59.058563+00:00,141.8,200,ask,,,11169320
2026-07-07T18:16:59.233658,2026-07-07T18:16:59.237516+00:00,141.8,11,ask,,,11169326
2026-07-07T18:16:59.321720,2026-07-07T18:16:59.329855+00:00,141.8,12,ask,,,11169327
2026-07-07T18:17:01.844659,2026-07-07T18:17:01.858544+00:00,141.6,12,ask,,,11169357
2026-07-07T18:17:03.310678,2026-07-07T18:17:03.319146+00:00,141.8,500,bid,,,11169380
2026-07-07T18:17:03.310678,2026-07-07T18:17:03.319146+00:00,141.9,125,bid,,,11169381
2026-07-07T18:17:07.157263,2026-07-07T18:17:07.169005+00:00,141.9,12,bid,,,11169423
2026-07-07T18:17:07.251447,2026-07-07T18:17:07.260670+00:00,141.9,188,bid,,,11169424
2026-07-07T18:17:07.529248,2026-07-07T18:17:07.538738+00:00,141.9,200,ask,,,11169430
2026-07-07T18:17:08.036360,2026-07-07T18:17:08.044017+00:00,141.9,237,ask,,,11169439
2026-07-07T18:17:08.669585,2026-07-07T18:17:08.673214+00:00,141.8,11,bid,,,11169449
2026-07-07T18:17:08.737120,2026-07-07T18:17:08.746968+00:00,141.8,200,bid,,,11169450
2026-07-07T18:17:08.940315,2026-07-07T18:17:08.951865+00:00,141.8,12,bid,,,11169456
2026-07-07T18:17:09.950237,2026-07-07T18:17:09.959912+00:00,141.8,200,bid,,,11169460
2026-07-07T18:17:10.472498,2026-07-07T18:17:10.476450+00:00,141.7,12,bid,,,11169469
2026-07-07T18:17:11.163443,2026-07-07T18:17:11.170957+00:00,141.7,200,bid,,,11169479
2026-07-07T18:17:12.507252,2026-07-07T18:17:12.515949+00:00,141.7,500,bid,,,11169494
2026-07-07T18:17:12.507252,2026-07-07T18:17:12.515949+00:00,141.8,125,bid,,,11169495
2026-07-07T18:17:14.513513,2026-07-07T18:17:14.522520+00:00,141.5,20,ask,,,11169522
2026-07-07T18:17:16.445626,2026-07-07T18:17:16.455139+00:00,141.7,500,bid,,,11169547
2026-07-07T18:17:16.445626,2026-07-07T18:17:16.455139+00:00,141.7,125,bid,,,11169548
2026-07-07T18:17:18.911822,2026-07-07T18:17:18.921258+00:00,141.5,200,ask,,,11169580
2026-07-07T18:17:19.075510,2026-07-07T18:17:19.084861+00:00,141.5,300,bid,,,11169584
2026-07-07T18:17:19.536962,2026-07-07T18:17:19.543826+00:00,141.6,325,ask,,,11169592
2026-07-07T18:17:20.392303,2026-07-07T18:17:20.418327+00:00,141.4,200,ask,,,11169609
2026-07-07T18:17:20.414537,2026-07-07T18:17:20.418327+00:00,141.2,14,bid,,,11169611
2026-07-07T18:17:20.880650,2026-07-07T18:17:20.889348+00:00,141.2,200,bid,,,11169618
2026-07-07T18:17:22.418514,2026-07-07T18:17:22.430480+00:00,141.3,20,ask,,,11169642
2026-07-07T18:17:24.327489,2026-07-07T18:17:24.336982+00:00,141.4,200,bid,,,11169670
2026-07-07T18:17:24.342974,2026-07-07T18:17:24.347151+00:00,141.6,26,ask,,,11169672
2026-07-07T18:17:24.536849,2026-07-07T18:17:24.540569+00:00,141.7,26,bid,,,11169678
2026-07-07T18:17:24.688798,2026-07-07T18:17:24.699557+00:00,141.6,12,ask,,,11169684
2026-07-07T18:17:25.961414,2026-07-07T18:17:25.973123+00:00,141.6,12,bid,,,11169704
2026-07-07T18:17:27.700254,2026-07-07T18:17:27.704731+00:00,141.5,3,ask,,,11169729
2026-07-07T18:17:28.012736,2026-07-07T18:17:28.019439+00:00,141.5,197,ask,,,11169732
2026-07-07T18:17:28.270339,2026-07-07T18:17:28.282049+00:00,141.5,303,bid,,,11169736
2026-07-07T18:17:28.270339,2026-07-07T18:17:28.282049+00:00,141.5,200,bid,,,11169737
2026-07-07T18:17:28.603650,2026-07-07T18:17:28.611445+00:00,141.5,122,ask,,,11169746
2026-07-07T18:17:29.585685,2026-07-07T18:17:29.595368+00:00,141.5,200,ask,,,11169757
2026-07-07T18:17:33.529098,2026-07-07T18:17:33.536841+00:00,141.4,200,ask,,,11169807
2026-07-07T18:17:33.808261,2026-07-07T18:17:33.816788+00:00,141.4,20,bid,,,11169814
2026-07-07T18:17:34.208163,2026-07-07T18:17:34.215558+00:00,141.4,200,bid,,,11169818
2026-07-07T18:17:37.476335,2026-07-07T18:17:37.498309+00:00,141.4,200,ask,,,11169852
2026-07-07T18:17:37.493986,2026-07-07T18:17:37.498309+00:00,141.4,3,bid,,,11169854
2026-07-07T18:17:38.369496,2026-07-07T18:17:38.381572+00:00,141.4,20,bid,,,11169867
2026-07-07T18:17:48.047142,2026-07-07T18:17:48.058590+00:00,141.6,200,bid,,,11169991
2026-07-07T18:17:51.236622,2026-07-07T18:17:51.248196+00:00,141.5,20,ask,,,11170038
2026-07-07T18:17:52.376375,2026-07-07T18:17:52.385474+00:00,141.6,200,bid,,,11170065
2026-07-07T18:17:53.059821,2026-07-07T18:17:53.063784+00:00,141.5,3,ask,,,11170075
2026-07-07T18:17:54.154862,2026-07-07T18:17:54.167033+00:00,141.5,12,ask,,,11170101
2026-07-07T18:17:54.796846,2026-07-07T18:17:54.807895+00:00,141.5,200,ask,,,11170112
2026-07-07T18:17:55.538953,2026-07-07T18:17:55.550478+00:00,141.8,20,bid,,,11170122
2026-07-07T18:17:56.004504,2026-07-07T18:17:56.011023+00:00,141.5,200,ask,,,11170132
2026-07-07T18:17:57.977579,2026-07-07T18:17:57.989447+00:00,141.5,20,bid,,,11170155
2026-07-07T18:17:58.419449,2026-07-07T18:17:58.428472+00:00,141.5,200,bid,,,11170160
2026-07-07T18:17:58.437553,2026-07-07T18:17:58.449191+00:00,141.3,20,ask,,,11170161
2026-07-07T18:17:59.232225,2026-07-07T18:17:59.243133+00:00,141.7,12,bid,,,11170178
2026-07-07T18:17:59.835186,2026-07-07T18:17:59.846455+00:00,141.6,200,bid,,,11170181
2026-07-07T18:17:59.852990,2026-07-07T18:17:59.857617+00:00,141.6,11,ask,,,11170183
2026-07-07T18:18:00.836401,2026-07-07T18:18:00.846543+00:00,141.6,200,ask,,,11170196
2026-07-07T18:18:02.011031,2026-07-07T18:18:02.021371+00:00,141.5,12,ask,,,11170220
2026-07-07T18:18:02.046911,2026-07-07T18:18:02.052765+00:00,141.5,200,ask,,,11170222
2026-07-07T18:18:04.045269,2026-07-07T18:18:04.048298+00:00,141.4,12,ask,,,11170248
2026-07-07T18:18:04.480718,2026-07-07T18:18:04.487801+00:00,141.5,200,bid,,,11170251
2026-07-07T18:18:04.801503,2026-07-07T18:18:04.810701+00:00,141.3,12,ask,,,11170258
2026-07-07T18:18:06.389196,2026-07-07T18:18:06.397194+00:00,141.5,200,ask,,,11170281
2026-07-07T18:18:06.816252,2026-07-07T18:18:06.823224+00:00,141.5,12,bid,,,11170291
2026-07-07T18:18:08.878448,2026-07-07T18:18:08.883252+00:00,141.5,46,ask,,,11170315
2026-07-07T18:18:10.589080,2026-07-07T18:18:10.600720+00:00,141.4,12,ask,,,11170342
2026-07-07T18:18:12.610621,2026-07-07T18:18:12.622443+00:00,141.5,12,ask,,,11170362
2026-07-07T18:18:14.662207,2026-07-07T18:18:14.668957+00:00,141.7,12,ask,,,11170385
2026-07-07T18:18:16.185108,2026-07-07T18:18:16.192511+00:00,141.6,12,ask,,,11170404
2026-07-07T18:18:16.875049,2026-07-07T18:18:16.884870+00:00,141.8,200,bid,,,11170411
2026-07-07T18:18:17.054635,2026-07-07T18:18:17.066019+00:00,141.8,425,ask,,,11170413
2026-07-07T18:18:18.464775,2026-07-07T18:18:18.476547+00:00,141.7,20,ask,,,11170433
2026-07-07T18:18:19.011510,2026-07-07T18:18:19.021006+00:00,141.9,200,bid,,,11170439
2026-07-07T18:18:19.515224,2026-07-07T18:18:19.519059+00:00,141.9,23,ask,,,11170444
2026-07-07T18:18:20.813081,2026-07-07T18:18:20.823695+00:00,141.9,200,ask,,,11170466
2026-07-07T18:18:20.972614,2026-07-07T18:18:20.980403+00:00,141.6,12,ask,,,11170472
2026-07-07T18:18:22.240849,2026-07-07T18:18:22.252192+00:00,141.7,12,ask,,,11170492
2026-07-07T18:18:26.267054,2026-07-07T18:18:26.277075+00:00,141.8,200,ask,,,11170540
2026-07-07T18:18:27.494115,2026-07-07T18:18:27.497953+00:00,141.8,12,bid,,,11170559
2026-07-07T18:18:28.132040,2026-07-07T18:18:28.143689+00:00,141.7,20,ask,,,11170561
2026-07-07T18:18:28.672486,2026-07-07T18:18:28.679261+00:00,141.8,12,bid,,,11170568
2026-07-07T18:18:28.684758,2026-07-07T18:18:28.694637+00:00,141.7,200,ask,,,11170569
2026-07-07T18:18:29.441010,2026-07-07T18:18:29.452811+00:00,141.6,12,ask,,,11170582
2026-07-07T18:18:31.100618,2026-07-07T18:18:31.108818+00:00,141.6,200,ask,,,11170600
2026-07-07T18:18:31.726557,2026-07-07T18:18:31.735131+00:00,141.6,12,ask,,,11170609
2026-07-07T18:18:32.308563,2026-07-07T18:18:32.314807+00:00,141.6,200,ask,,,11170612
2026-07-07T18:18:32.633174,2026-07-07T18:18:32.644169+00:00,141.6,300,ask,,,11170619
2026-07-07T18:18:33.517735,2026-07-07T18:18:33.525392+00:00,141.6,200,bid,,,11170632
2026-07-07T18:18:33.735724,2026-07-07T18:18:33.747298+00:00,141.5,12,ask,,,11170639
2026-07-07T18:18:35.273885,2026-07-07T18:18:35.285079+00:00,141.6,3,ask,,,11170666
2026-07-07T18:18:36.052880,2026-07-07T18:18:36.058559+00:00,141.6,7,ask,,,11170686
2026-07-07T18:18:37.631068,2026-07-07T18:18:37.640942+00:00,141.6,200,bid,,,11170695
2026-07-07T18:18:38.353836,2026-07-07T18:18:38.364119+00:00,141.6,200,ask,,,11170706
2026-07-07T18:18:40.498577,2026-07-07T18:18:40.502635+00:00,141.6,11,bid,,,11170731
2026-07-07T18:18:40.596322,2026-07-07T18:18:40.604192+00:00,141.6,12,bid,,,11170733
2026-07-07T18:18:42.120292,2026-07-07T18:18:42.127165+00:00,141.6,12,bid,,,11170764
2026-07-07T18:18:43.085541,2026-07-07T18:18:43.095482+00:00,141.6,500,bid,,,11170771
2026-07-07T18:18:43.120424,2026-07-07T18:18:43.127808+00:00,141.7,200,bid,,,11170772
2026-07-07T18:18:43.184489,2026-07-07T18:18:43.194615+00:00,141.7,200,ask,,,11170776
2026-07-07T18:18:44.915422,2026-07-07T18:18:44.926599+00:00,141.7,500,bid,,,11170796
2026-07-07T18:18:45.512493,2026-07-07T18:18:45.521879+00:00,141.7,125,bid,,,11170807
2026-07-07T18:18:45.739219,2026-07-07T18:18:45.747812+00:00,141.8,200,bid,,,11170809
2026-07-07T18:18:45.760157,2026-07-07T18:18:45.764557+00:00,141.9,11,ask,,,11170811
2026-07-07T18:18:45.921965,2026-07-07T18:18:45.928765+00:00,141.9,12,ask,,,11170819
2026-07-07T18:18:46.820133,2026-07-07T18:18:46.830588+00:00,141.9,200,ask,,,11170833
2026-07-07T18:18:47.102063,2026-07-07T18:18:47.106774+00:00,141.8,34,bid,,,11170835
2026-07-07T18:18:48.465944,2026-07-07T18:18:48.472812+00:00,141.9,12,bid,,,11170850
2026-07-07T18:18:48.906063,2026-07-07T18:18:48.917755+00:00,141.9,20,bid,,,11170859
2026-07-07T18:18:49.222339,2026-07-07T18:18:49.234003+00:00,141.9,12,bid,,,11170865
2026-07-07T18:18:50.489258,2026-07-07T18:18:50.500847+00:00,141.8,12,bid,,,11170885
2026-07-07T18:18:51.009468,2026-07-07T18:18:51.016664+00:00,141.8,188,bid,,,11170887
2026-07-07T18:18:51.674287,2026-07-07T18:18:51.685570+00:00,141.8,200,ask,,,11170895
2026-07-07T18:18:52.333460,2026-07-07T18:18:52.343884+00:00,141.9,500,ask,,,11170904
2026-07-07T18:18:52.770453,2026-07-07T18:18:52.777110+00:00,141.8,125,bid,,,11170912
2026-07-07T18:18:52.803823,2026-07-07T18:18:52.813649+00:00,141.8,12,ask,,,11170913
2026-07-07T18:18:53.640328,2026-07-07T18:18:53.649058+00:00,141.9,200,bid,,,11170920
2026-07-07T18:18:55.296807,2026-07-07T18:18:55.307998+00:00,142.0,200,ask,,,11170941
2026-07-07T18:18:57.673337,2026-07-07T18:18:57.687219+00:00,141.9,20,ask,,,11170967
2026-07-07T18:18:58.305222,2026-07-07T18:18:58.317015+00:00,141.9,20,ask,,,11170979
2026-07-07T18:18:59.439727,2026-07-07T18:18:59.450434+00:00,142.0,500,bid,,,11170992
2026-07-07T18:18:59.484121,2026-07-07T18:18:59.488247+00:00,141.9,23,ask,,,11170999
2026-07-07T18:18:59.634555,2026-07-07T18:18:59.645814+00:00,141.9,12,ask,,,11171001
2026-07-07T18:19:00.201411,2026-07-07T18:19:00.205912+00:00,142.1,15,ask,,,11171008
2026-07-07T18:19:00.407872,2026-07-07T18:19:00.416082+00:00,142.1,3,ask,,,11171014
2026-07-07T18:19:00.667740,2026-07-07T18:19:00.676759+00:00,142.1,3,ask,,,11171020
2026-07-07T18:19:00.928884,2026-07-07T18:19:00.939885+00:00,142.1,3,ask,,,11171024
2026-07-07T18:19:01.190457,2026-07-07T18:19:01.201125+00:00,142.1,3,ask,,,11171027
2026-07-07T18:19:01.445945,2026-07-07T18:19:01.457611+00:00,142.2,8,bid,,,11171033
2026-07-07T18:19:02.087599,2026-07-07T18:19:02.096550+00:00,142.1,20,ask,,,11171050
2026-07-07T18:19:02.565913,2026-07-07T18:19:02.575011+00:00,142.1,200,ask,,,11171058
2026-07-07T18:19:02.586952,2026-07-07T18:19:02.590783+00:00,142.3,4,bid,,,11171060
2026-07-07T18:19:02.833395,2026-07-07T18:19:02.837419+00:00,142.2,11,bid,,,11171066
2026-07-07T18:19:03.218670,2026-07-07T18:19:03.225833+00:00,142.2,12,bid,,,11171077
2026-07-07T18:19:06.053731,2026-07-07T18:19:06.065349+00:00,142.0,20,ask,,,11171112
2026-07-07T18:19:08.632924,2026-07-07T18:19:08.636902+00:00,142.2,11,bid,,,11171150
2026-07-07T18:19:09.508612,2026-07-07T18:19:09.520873+00:00,142.2,12,bid,,,11171159
2026-07-07T18:19:10.688189,2026-07-07T18:19:10.692884+00:00,142.1,12,bid,,,11171180
2026-07-07T18:19:11.141565,2026-07-07T18:19:11.154868+00:00,141.9,20,ask,,,11171196
2026-07-07T18:19:11.268683,2026-07-07T18:19:11.277044+00:00,142.1,12,bid,,,11171198
2026-07-07T18:19:12.096590,2026-07-07T18:19:12.100787+00:00,142.1,23,bid,,,11171207
2026-07-07T18:19:12.547935,2026-07-07T18:19:12.554223+00:00,142.1,12,bid,,,11171220
2026-07-07T18:19:13.464923,2026-07-07T18:19:13.474246+00:00,142.0,200,ask,,,11171242
2026-07-07T18:19:17.835300,2026-07-07T18:19:17.846939+00:00,142.1,12,bid,,,11171316
2026-07-07T18:19:18.549601,2026-07-07T18:19:18.556162+00:00,141.9,20,ask,,,11171326
2026-07-07T18:19:19.604146,2026-07-07T18:19:19.613718+00:00,142.0,12,bid,,,11171338
2026-07-07T18:19:19.885929,2026-07-07T18:19:19.905128+00:00,141.8,200,ask,,,11171340
2026-07-07T18:19:19.901218,2026-07-07T18:19:19.905128+00:00,141.7,14,bid,,,11171342
2026-07-07T18:19:20.124846,2026-07-07T18:19:20.132701+00:00,141.7,3,bid,,,11171351
2026-07-07T18:19:20.384470,2026-07-07T18:19:20.391175+00:00,141.7,3,bid,,,11171357
2026-07-07T18:19:20.690156,2026-07-07T18:19:20.701372+00:00,141.7,3,bid,,,11171363
2026-07-07T18:19:20.727681,2026-07-07T18:19:20.734271+00:00,141.7,200,bid,,,11171366
2026-07-07T18:19:20.950165,2026-07-07T18:19:20.958651+00:00,141.7,3,bid,,,11171371
2026-07-07T18:19:23.232624,2026-07-07T18:19:23.244510+00:00,142.0,12,bid,,,11171394
2026-07-07T18:19:23.817595,2026-07-07T18:19:23.824083+00:00,141.9,500,bid,,,11171400
2026-07-07T18:19:23.836314,2026-07-07T18:19:23.840770+00:00,141.9,3,ask,,,11171402
2026-07-07T18:19:24.272840,2026-07-07T18:19:24.284087+00:00,141.9,122,ask,,,11171408
2026-07-07T18:19:26.538626,2026-07-07T18:19:26.548290+00:00,141.7,12,bid,,,11171425
2026-07-07T18:19:26.783882,2026-07-07T18:19:26.785319+00:00,141.7,200,bid,,,11171428
2026-07-07T18:19:30.420731,2026-07-07T18:19:30.429047+00:00,141.8,200,ask,,,11171487
2026-07-07T18:19:31.629082,2026-07-07T18:19:31.639777+00:00,141.8,200,ask,,,11171503
2026-07-07T18:19:32.836328,2026-07-07T18:19:32.844637+00:00,141.8,200,bid,,,11171528
2026-07-07T18:19:36.940170,2026-07-07T18:19:36.947252+00:00,141.8,200,bid,,,11171585
2026-07-07T18:19:37.133164,2026-07-07T18:19:37.140097+00:00,141.8,20,ask,,,11171591
2026-07-07T18:19:37.499228,2026-07-07T18:19:37.503289+00:00,142.0,3,bid,,,11171594
2026-07-07T18:19:40.114325,2026-07-07T18:19:40.124339+00:00,141.8,200,bid,,,11171632
2026-07-07T18:19:40.867219,2026-07-07T18:19:40.875625+00:00,141.9,500,bid,,,11171639
2026-07-07T18:19:40.882482,2026-07-07T18:19:40.886185+00:00,141.9,14,ask,,,11171641
2026-07-07T18:19:41.236893,2026-07-07T18:19:41.247521+00:00,141.9,111,ask,,,11171651
2026-07-07T18:19:43.852399,2026-07-07T18:19:43.857531+00:00,141.9,14,bid,,,11171689
2026-07-07T18:19:44.257881,2026-07-07T18:19:44.266130+00:00,141.8,200,ask,,,11171691
2026-07-07T18:19:46.182632,2026-07-07T18:19:46.189417+00:00,141.9,200,bid,,,11171717
2026-07-07T18:19:47.427581,2026-07-07T18:19:47.438425+00:00,141.8,500,bid,,,11171729
2026-07-07T18:19:47.904255,2026-07-07T18:19:47.911281+00:00,141.8,125,ask,,,11171734
2026-07-07T18:19:48.615000,2026-07-07T18:19:48.622439+00:00,141.7,200,bid,,,11171750
2026-07-07T18:19:49.824582,2026-07-07T18:19:49.830854+00:00,141.7,200,bid,,,11171762
2026-07-07T18:19:50.053547,2026-07-07T18:19:50.058547+00:00,141.7,500,bid,,,11171763
2026-07-07T18:19:50.185478,2026-07-07T18:19:50.189410+00:00,141.7,3,ask,,,11171767
2026-07-07T18:19:50.310658,2026-07-07T18:19:50.321247+00:00,141.7,122,ask,,,11171771
2026-07-07T18:19:51.368027,2026-07-07T18:19:51.378025+00:00,141.5,200,ask,,,11171790
2026-07-07T18:19:53.294896,2026-07-07T18:19:53.299257+00:00,141.5,3,bid,,,11171811
2026-07-07T18:19:55.301012,2026-07-07T18:19:55.311185+00:00,141.4,200,ask,,,11171828
2026-07-07T18:19:57.101493,2026-07-07T18:19:57.110003+00:00,141.3,200,ask,,,11171855
2026-07-07T18:20:01.204297,2026-07-07T18:20:01.211505+00:00,141.3,20,bid,,,11171898
2026-07-07T18:20:01.851860,2026-07-07T18:20:01.864075+00:00,141.3,180,bid,,,11171902
2026-07-07T18:20:01.940607,2026-07-07T18:20:01.948886+00:00,141.3,200,ask,,,11171903
2026-07-07T18:20:03.170282,2026-07-07T18:20:03.180327+00:00,141.3,200,ask,,,11171914
2026-07-07T18:20:04.484146,2026-07-07T18:20:04.491677+00:00,141.2,200,ask,,,11171924
2026-07-07T18:20:05.566096,2026-07-07T18:20:05.574458+00:00,141.2,200,bid,,,11171938
2026-07-07T18:20:07.105391,2026-07-07T18:20:07.115145+00:00,141.3,200,ask,,,11171960
2026-07-07T18:20:08.416257,2026-07-07T18:20:08.426675+00:00,141.2,200,ask,,,11171979
2026-07-07T18:20:09.731093,2026-07-07T18:20:09.738897+00:00,141.2,200,bid,,,11171994
2026-07-07T18:20:09.757206,2026-07-07T18:20:09.761087+00:00,141.2,3,ask,,,11171997
2026-07-07T18:20:10.788139,2026-07-07T18:20:10.800028+00:00,141.2,10,ask,,,11172013
2026-07-07T18:20:12.358056,2026-07-07T18:20:12.367559+00:00,141.2,200,ask,,,11172032
2026-07-07T18:20:12.806082,2026-07-07T18:20:12.816643+00:00,141.2,12,bid,,,11172038
2026-07-07T18:20:12.961582,2026-07-07T18:20:12.972888+00:00,141.2,20,bid,,,11172042
2026-07-07T18:20:13.332848,2026-07-07T18:20:13.344372+00:00,141.1,200,ask,,,11172046
2026-07-07T18:20:13.668363,2026-07-07T18:20:13.679709+00:00,141.1,300,bid,,,11172049
2026-07-07T18:20:13.947429,2026-07-07T18:20:13.953223+00:00,141.0,3,bid,,,11172058
2026-07-07T18:20:14.048738,2026-07-07T18:20:14.059381+00:00,141.0,172,bid,,,11172061
2026-07-07T18:20:14.530240,2026-07-07T18:20:14.538750+00:00,141.1,28,ask,,,11172065
2026-07-07T18:20:15.265652,2026-07-07T18:20:15.275996+00:00,141.0,200,bid,,,11172077
2026-07-07T18:20:15.517693,2026-07-07T18:20:15.521709+00:00,140.8,3,ask,,,11172084
2026-07-07T18:20:18.685122,2026-07-07T18:20:18.689159+00:00,140.8,11,ask,,,11172126
2026-07-07T18:20:19.353561,2026-07-07T18:20:19.365182+00:00,140.8,12,ask,,,11172136
2026-07-07T18:20:20.133005,2026-07-07T18:20:20.137192+00:00,140.9,12,ask,,,11172145
2026-07-07T18:20:21.227071,2026-07-07T18:20:21.234770+00:00,140.9,188,ask,,,11172160
2026-07-07T18:20:21.326026,2026-07-07T18:20:21.333837+00:00,140.9,200,bid,,,11172166
2026-07-07T18:20:22.533292,2026-07-07T18:20:22.542567+00:00,140.9,200,bid,,,11172180
2026-07-07T18:20:23.741972,2026-07-07T18:20:23.750678+00:00,140.9,200,bid,,,11172195
2026-07-07T18:20:24.186646,2026-07-07T18:20:24.190264+00:00,140.9,11,ask,,,11172199
