timestamp,recv_time,price,volume,aggressor_side,buyer,seller,trade_id
2026-07-14T01:16:31.839636,2026-07-14T01:16:31.627923+00:00,81.9,10,ask,YieldingYams,Lam Anh Pham,2110915
2026-07-14T01:16:33.326611,2026-07-14T01:16:33.333192+00:00,82.0,3,bid,YieldingYams,Xinhong Shan,2110952
2026-07-14T01:16:33.326611,2026-07-14T01:16:33.333192+00:00,82.0,200,bid,YieldingYams,WavyWalnuts,2110953
2026-07-14T01:16:33.326611,2026-07-14T01:16:33.333192+00:00,82.1,40,bid,YieldingYams,Andy Garg,2110954
2026-07-14T01:16:33.326611,2026-07-14T01:16:33.333192+00:00,82.1,10,bid,YieldingYams,Roger Xu,2110955
2026-07-14T01:16:33.364236,2026-07-14T01:16:33.374735+00:00,82.1,25,ask,YieldingYams,Roger Xu,2110956
2026-07-14T01:16:33.962004,2026-07-14T01:16:33.968797+00:00,82.1,10,ask,YieldingYams,Andy Garg,2110972
2026-07-14T01:16:33.972045,2026-07-14T01:16:33.990055+00:00,82.2,1,bid,Dinh Nguyen,AverageAlmonds,2110974
2026-07-14T01:16:34.013042,2026-07-14T01:16:34.021148+00:00,82.1,5,ask,YieldingYams,Matthew Hanna,2110975
2026-07-14T01:16:34.531369,2026-07-14T01:16:34.542752+00:00,82.1,200,ask,YieldingYams,WavyWalnuts,2110984
2026-07-14T01:16:34.859712,2026-07-14T01:16:34.868706+00:00,81.9,3,ask,Xinhong Shan,Lam Anh Pham,2110986
2026-07-14T01:16:35.886712,2026-07-14T01:16:35.896583+00:00,81.9,1,ask,WavyWalnuts,Lam Anh Pham,2111019
2026-07-14T01:16:36.258006,2026-07-14T01:16:36.265395+00:00,82.0,5,ask,YieldingYams,Matthew Hanna,2111031
2026-07-14T01:16:36.920384,2026-07-14T01:16:36.924548+00:00,82.0,1,ask,YieldingYams,Lam Anh Pham,2111038
2026-07-14T01:16:36.950441,2026-07-14T01:16:36.956364+00:00,82.1,200,bid,WavyWalnuts,AverageAlmonds,2111041
2026-07-14T01:16:37.257697,2026-07-14T01:16:37.259903+00:00,82.1,300,bid,YieldingYams,AverageAlmonds,2111046
2026-07-14T01:16:37.257697,2026-07-14T01:16:37.270449+00:00,82.1,8,bid,YieldingYams,Kelvin Chan,2111047
2026-07-14T01:16:37.496946,2026-07-14T01:16:37.500387+00:00,82.1,317,ask,YieldingYams,AverageAlmonds,2111050
2026-07-14T01:16:37.510273,2026-07-14T01:16:37.521684+00:00,82.1,20,bid,BrilliantBurritos,AverageAlmonds,2111051
2026-07-14T01:16:38.569483,2026-07-14T01:16:38.585532+00:00,82.0,200,ask,WavyWalnuts,YieldingYams,2111071
2026-07-14T01:16:38.569483,2026-07-14T01:16:38.585532+00:00,81.9,40,ask,Andy Garg,YieldingYams,2111072
2026-07-14T01:16:38.701483,2026-07-14T01:16:38.711588+00:00,81.9,10,bid,Matthew Hanna,YieldingYams,2111075
2026-07-14T01:16:38.705261,2026-07-14T01:16:38.711588+00:00,81.9,25,bid,Roger Xu,YieldingYams,2111076
2026-07-14T01:16:38.754104,2026-07-14T01:16:38.764284+00:00,81.9,1,bid,YUNSHEN JI,YieldingYams,2111081
2026-07-14T01:16:38.957362,2026-07-14T01:16:38.963001+00:00,81.9,10,bid,Matthew Hanna,YieldingYams,2111085
2026-07-14T01:16:39.354746,2026-07-14T01:16:39.371954+00:00,81.7,2,ask,Kelvin Chan,BrilliantBurritos,2111094
2026-07-14T01:16:39.354746,2026-07-14T01:16:39.371954+00:00,81.7,18,ask,YieldingYams,BrilliantBurritos,2111095
2026-07-14T01:16:39.376341,2026-07-14T01:16:39.382748+00:00,81.9,200,bid,WavyWalnuts,YieldingYams,2111097
2026-07-14T01:16:39.385655,2026-07-14T01:16:39.393360+00:00,81.9,25,bid,Dinh Nguyen,YieldingYams,2111098
2026-07-14T01:16:39.883789,2026-07-14T01:16:39.900042+00:00,82.0,40,bid,YieldingYams,Andy Garg,2111105
2026-07-14T01:16:39.883789,2026-07-14T01:16:39.900042+00:00,82.0,10,bid,YieldingYams,Roger Xu,2111106
2026-07-14T01:16:39.968961,2026-07-14T01:16:39.974073+00:00,82.0,4,ask,YieldingYams,Lam Anh Pham,2111115
2026-07-14T01:16:39.977060,2026-07-14T01:16:39.984783+00:00,82.0,1,ask,YieldingYams,Lam Anh Pham,2111117
2026-07-14T01:16:39.986471,2026-07-14T01:16:39.995364+00:00,82.0,10,ask,YieldingYams,Matthew Hanna,2111118
2026-07-14T01:16:40.143613,2026-07-14T01:16:40.153068+00:00,82.0,20,ask,YieldingYams,Andy Garg,2111129
2026-07-14T01:16:40.206950,2026-07-14T01:16:40.216170+00:00,82.0,5,ask,YieldingYams,Matthew Hanna,2111130
2026-07-14T01:16:40.549875,2026-07-14T01:16:40.560743+00:00,82.0,500,ask,YieldingYams,AverageAlmonds,2111140
2026-07-14T01:16:40.983074,2026-07-14T01:16:40.993944+00:00,82.0,1,ask,YieldingYams,Lam Anh Pham,2111148
2026-07-14T01:16:41.148230,2026-07-14T01:16:41.151500+00:00,82.0,34,ask,YieldingYams,AverageAlmonds,2111152
2026-07-14T01:16:41.205004,2026-07-14T01:16:41.216119+00:00,81.9,200,ask,WavyWalnuts,YieldingYams,2111154
2026-07-14T01:16:42.483887,2026-07-14T01:16:42.490664+00:00,81.9,40,bid,Andy Garg,YieldingYams,2111175
2026-07-14T01:16:42.720977,2026-07-14T01:16:42.730249+00:00,81.9,26,bid,Gourab Sharma,YieldingYams,2111181
2026-07-14T01:16:42.765855,2026-07-14T01:16:42.772831+00:00,81.9,1,bid,YUNSHEN JI,YieldingYams,2111187
2026-07-14T01:16:42.826309,2026-07-14T01:16:42.836772+00:00,81.9,27,bid,Andy Garg,YieldingYams,2111189
2026-07-14T01:16:42.856425,2026-07-14T01:16:42.858137+00:00,81.9,10,bid,Matthew Hanna,YieldingYams,2111190
2026-07-14T01:16:42.861188,2026-07-14T01:16:42.868660+00:00,81.9,5,bid,Matthew Hanna,YieldingYams,2111191
2026-07-14T01:16:42.999422,2026-07-14T01:16:43.005513+00:00,81.9,10,bid,Lam Anh Pham,YieldingYams,2111198
2026-07-14T01:16:43.012176,2026-07-14T01:16:43.016085+00:00,81.8,5,ask,Kelvin Chan,WavyWalnuts,2111199
2026-07-14T01:16:43.012176,2026-07-14T01:16:43.016085+00:00,81.8,195,ask,YieldingYams,WavyWalnuts,2111200
2026-07-14T01:16:44.223657,2026-07-14T01:16:44.226934+00:00,81.9,200,ask,YieldingYams,WavyWalnuts,2111230
2026-07-14T01:16:46.649265,2026-07-14T01:16:46.655779+00:00,81.8,2,ask,Kelvin Chan,WavyWalnuts,2111270
2026-07-14T01:16:46.649265,2026-07-14T01:16:46.655779+00:00,81.8,198,ask,YieldingYams,WavyWalnuts,2111271
2026-07-14T01:16:47.859370,2026-07-14T01:16:47.871347+00:00,81.9,200,ask,YieldingYams,WavyWalnuts,2111296
2026-07-14T01:16:48.763975,2026-07-14T01:16:48.766146+00:00,81.9,5,ask,YieldingYams,Matthew Hanna,2111309
2026-07-14T01:16:48.791022,2026-07-14T01:16:48.798466+00:00,81.9,10,ask,YieldingYams,Andy Garg,2111311
2026-07-14T01:16:49.070195,2026-07-14T01:16:49.080585+00:00,81.9,200,ask,YieldingYams,WavyWalnuts,2111321
2026-07-14T01:16:49.089743,2026-07-14T01:16:49.091438+00:00,81.8,10,ask,Roger Xu,YieldingYams,2111324
2026-07-14T01:16:49.099903,2026-07-14T01:16:49.108487+00:00,81.8,10,bid,YUNSHEN JI,YieldingYams,2111327
2026-07-14T01:16:49.126020,2026-07-14T01:16:49.130018+00:00,81.8,40,bid,Andy Garg,YieldingYams,2111330
2026-07-14T01:16:49.162271,2026-07-14T01:16:49.172383+00:00,81.8,4,bid,Roger Xu,YieldingYams,2111331
2026-07-14T01:16:49.173084,2026-07-14T01:16:49.183015+00:00,81.7,2,ask,Kelvin Chan,Matthew Hanna,2111333
2026-07-14T01:16:49.173084,2026-07-14T01:16:49.183015+00:00,81.7,2,ask,WavyWalnuts,Matthew Hanna,2111334
2026-07-14T01:16:49.688303,2026-07-14T01:16:49.697414+00:00,81.7,7,ask,WavyWalnuts,YUNSHEN JI,2111345
2026-07-14T01:16:49.781719,2026-07-14T01:16:49.792960+00:00,81.8,6,bid,Andy Garg,YieldingYams,2111353
2026-07-14T01:16:49.790436,2026-07-14T01:16:49.803499+00:00,81.8,10,bid,Matthew Hanna,YieldingYams,2111354
2026-07-14T01:16:50.105288,2026-07-14T01:16:50.114922+00:00,81.7,1,ask,WavyWalnuts,Lam Anh Pham,2111360
2026-07-14T01:16:50.283144,2026-07-14T01:16:50.293433+00:00,81.8,200,bid,WavyWalnuts,YieldingYams,2111366
2026-07-14T01:16:50.821713,2026-07-14T01:16:50.823861+00:00,81.8,10,bid,Matthew Hanna,YieldingYams,2111381
2026-07-14T01:16:50.836821,2026-07-14T01:16:50.845344+00:00,81.8,17,bid,Andy Garg,YieldingYams,2111382
2026-07-14T01:16:51.110928,2026-07-14T01:16:51.113440+00:00,81.8,10,bid,Lam Anh Pham,YieldingYams,2111386
2026-07-14T01:16:51.120260,2026-07-14T01:16:51.159374+00:00,81.7,1,ask,YieldingYams,Andy Garg,2111387
2026-07-14T01:16:51.493590,2026-07-14T01:16:51.498060+00:00,81.8,200,bid,WavyWalnuts,YieldingYams,2111390
2026-07-14T01:16:51.723449,2026-07-14T01:16:51.735605+00:00,81.7,1,ask,Kelvin Chan,Andy Garg,2111394
2026-07-14T01:16:51.723449,2026-07-14T01:16:51.735605+00:00,81.7,1,ask,Kelvin Chan,Lam Anh Pham,2111395
2026-07-14T01:16:52.134477,2026-07-14T01:16:52.145152+00:00,81.7,1,ask,YieldingYams,Lam Anh Pham,2111408
2026-07-14T01:16:53.145392,2026-07-14T01:16:53.156983+00:00,81.8,3,ask,YieldingYams,Lam Anh Pham,2111431
2026-07-14T01:16:53.155634,2026-07-14T01:16:53.167876+00:00,81.8,1,ask,YieldingYams,Lam Anh Pham,2111433
2026-07-14T01:16:53.211571,2026-07-14T01:16:53.214874+00:00,81.8,40,ask,YieldingYams,Andy Garg,2111440
2026-07-14T01:16:54.061094,2026-07-14T01:16:54.069330+00:00,81.9,40,ask,WavyWalnuts,Andy Garg,2111452
2026-07-14T01:16:54.172785,2026-07-14T01:16:54.175774+00:00,81.9,1,ask,WavyWalnuts,Lam Anh Pham,2111456
2026-07-14T01:16:55.109520,2026-07-14T01:16:55.118636+00:00,82.0,1,bid,Andy Garg,YieldingYams,2111480
2026-07-14T01:16:55.127641,2026-07-14T01:16:55.129211+00:00,82.0,200,bid,WavyWalnuts,YieldingYams,2111483
2026-07-14T01:16:55.195055,2026-07-14T01:16:55.202873+00:00,81.8,1,ask,YieldingYams,Lam Anh Pham,2111487
2026-07-14T01:16:56.211714,2026-07-14T01:16:56.220835+00:00,82.0,1,ask,YieldingYams,Lam Anh Pham,2111512
2026-07-14T01:16:56.314708,2026-07-14T01:16:56.316373+00:00,82.1,6,bid,BrilliantBurritos,Kelvin Chan,2111513
2026-07-14T01:16:56.314708,2026-07-14T01:16:56.326939+00:00,82.1,14,bid,BrilliantBurritos,AverageAlmonds,2111514
2026-07-14T01:16:57.217798,2026-07-14T01:16:57.228996+00:00,82.0,1,ask,YieldingYams,Lam Anh Pham,2111549
2026-07-14T01:16:57.545094,2026-07-14T01:16:57.550211+00:00,82.1,200,bid,WavyWalnuts,AverageAlmonds,2111554
2026-07-14T01:16:58.224809,2026-07-14T01:16:58.232101+00:00,82.1,2,bid,Lam Anh Pham,Kelvin Chan,2111562
2026-07-14T01:16:59.311485,2026-07-14T01:16:59.317942+00:00,82.0,500,ask,YieldingYams,AverageAlmonds,2111581
2026-07-14T01:16:59.324687,2026-07-14T01:16:59.328738+00:00,82.1,3,bid,Andy Garg,Kelvin Chan,2111583
2026-07-14T01:16:59.324687,2026-07-14T01:16:59.328738+00:00,82.1,21,bid,Andy Garg,YieldingYams,2111584
2026-07-14T01:16:59.572635,2026-07-14T01:16:59.584542+00:00,81.9,200,ask,WavyWalnuts,YieldingYams,2111589
2026-07-14T01:16:59.572635,2026-07-14T01:16:59.584542+00:00,81.9,10,ask,Roger Xu,YieldingYams,2111590
2026-07-14T01:16:59.659309,2026-07-14T01:16:59.668834+00:00,81.9,2,bid,YUNSHEN JI,YieldingYams,2111594
2026-07-14T01:16:59.719025,2026-07-14T01:16:59.721457+00:00,81.9,10,bid,Matthew Hanna,YieldingYams,2111597
2026-07-14T01:16:59.772615,2026-07-14T01:16:59.774464+00:00,81.9,19,bid,Roger Xu,YieldingYams,2111600
2026-07-14T01:16:59.941281,2026-07-14T01:16:59.953204+00:00,81.9,10,bid,Matthew Hanna,YieldingYams,2111604
2026-07-14T01:16:59.961013,2026-07-14T01:16:59.963979+00:00,81.9,200,bid,WavyWalnuts,YieldingYams,2111606
2026-07-14T01:17:00.151037,2026-07-14T01:17:00.154278+00:00,81.9,2,bid,Matthew Hanna,YieldingYams,2111610
2026-07-14T01:17:00.217314,2026-07-14T01:17:00.227558+00:00,81.9,30,bid,YUNSHEN JI,YieldingYams,2111612
2026-07-14T01:17:00.529259,2026-07-14T01:17:00.531777+00:00,81.9,25,bid,Dinh Nguyen,YieldingYams,2111620
2026-07-14T01:17:00.786125,2026-07-14T01:17:00.795322+00:00,81.9,30,bid,YUNSHEN JI,YieldingYams,2111628
2026-07-14T01:17:00.882070,2026-07-14T01:17:00.894344+00:00,82.0,200,bid,YieldingYams,WavyWalnuts,2111629
2026-07-14T01:17:01.411929,2026-07-14T01:17:01.415072+00:00,82.1,9,bid,Andy Garg,Kelvin Chan,2111648
2026-07-14T01:17:01.411929,2026-07-14T01:17:01.415072+00:00,82.1,11,bid,Andy Garg,AverageAlmonds,2111649
2026-07-14T01:17:01.574322,2026-07-14T01:17:01.583409+00:00,82.1,10,bid,Matthew Hanna,AverageAlmonds,2111652
2026-07-14T01:17:01.650339,2026-07-14T01:17:01.657145+00:00,82.1,13,bid,Andy Garg,AverageAlmonds,2111654
2026-07-14T01:17:01.783827,2026-07-14T01:17:01.789138+00:00,82.0,10,ask,YieldingYams,Matthew Hanna,2111661
2026-07-14T01:17:01.830794,2026-07-14T01:17:01.841732+00:00,82.0,52,ask,YieldingYams,Roger Xu,2111665
2026-07-14T01:17:01.919918,2026-07-14T01:17:01.926367+00:00,82.0,30,ask,YieldingYams,YUNSHEN JI,2111669
2026-07-14T01:17:02.383728,2026-07-14T01:17:02.388300+00:00,82.0,200,bid,WavyWalnuts,YieldingYams,2111685
2026-07-14T01:17:02.624074,2026-07-14T01:17:02.634575+00:00,82.0,7,bid,Matthew Hanna,YieldingYams,2111691
2026-07-14T01:17:03.048740,2026-07-14T01:17:03.055700+00:00,81.8,20,ask,YieldingYams,BrilliantBurritos,2111696
2026-07-14T01:17:03.598503,2026-07-14T01:17:03.607205+00:00,82.0,200,ask,YieldingYams,WavyWalnuts,2111720
2026-07-14T01:17:03.609562,2026-07-14T01:17:03.618197+00:00,82.0,25,ask,YieldingYams,Andy Garg,2111722
2026-07-14T01:17:03.630945,2026-07-14T01:17:03.639741+00:00,82.0,7,ask,YieldingYams,Matthew Hanna,2111724
2026-07-14T01:17:03.639099,2026-07-14T01:17:03.650387+00:00,82.0,25,ask,YieldingYams,YUNSHEN JI,2111726
2026-07-14T01:17:03.857012,2026-07-14T01:17:03.867337+00:00,82.1,7,bid,Matthew Hanna,Kelvin Chan,2111734
2026-07-14T01:17:04.237189,2026-07-14T01:17:04.249640+00:00,82.0,7,ask,YieldingYams,YUNSHEN JI,2111743
2026-07-14T01:17:04.293261,2026-07-14T01:17:04.301757+00:00,82.1,3,bid,Lam Anh Pham,Kelvin Chan,2111746
2026-07-14T01:17:04.293261,2026-07-14T01:17:04.301757+00:00,82.1,4,bid,Lam Anh Pham,AverageAlmonds,2111747
2026-07-14T01:17:06.019032,2026-07-14T01:17:06.021881+00:00,82.1,9,bid,WavyWalnuts,Kelvin Chan,2111773
2026-07-14T01:17:06.019032,2026-07-14T01:17:06.021881+00:00,82.1,191,bid,WavyWalnuts,AverageAlmonds,2111774
2026-07-14T01:17:07.246760,2026-07-14T01:17:07.275971+00:00,82.0,200,ask,YieldingYams,WavyWalnuts,2111798
2026-07-14T01:17:07.640404,2026-07-14T01:17:07.647708+00:00,82.0,25,bid,Roger Xu,YieldingYams,2111804
2026-07-14T01:17:07.725716,2026-07-14T01:17:07.734804+00:00,82.0,1,bid,YUNSHEN JI,YieldingYams,2111807
2026-07-14T01:17:09.661431,2026-07-14T01:17:09.663950+00:00,82.0,200,bid,WavyWalnuts,YieldingYams,2111832
2026-07-14T01:17:10.053735,2026-07-14T01:17:10.061102+00:00,82.1,2,bid,YieldingYams,Kelvin Chan,2111844
2026-07-14T01:17:10.053735,2026-07-14T01:17:10.061102+00:00,82.1,500,bid,YieldingYams,AverageAlmonds,2111845
2026-07-14T01:17:10.053735,2026-07-14T01:17:10.061102+00:00,82.1,123,bid,YieldingYams,WavyWalnuts,2111846
2026-07-14T01:17:10.913926,2026-07-14T01:17:10.917107+00:00,82.0,7,ask,WavyWalnuts,Matthew Hanna,2111876
2026-07-14T01:17:11.157801,2026-07-14T01:17:11.161572+00:00,82.0,1,ask,WavyWalnuts,YUNSHEN JI,2111880
2026-07-14T01:17:11.355641,2026-07-14T01:17:11.361731+00:00,82.0,25,ask,WavyWalnuts,Roger Xu,2111890
2026-07-14T01:17:11.364547,2026-07-14T01:17:11.372317+00:00,82.0,167,ask,WavyWalnuts,YieldingYams,2111892
2026-07-14T01:17:12.073710,2026-07-14T01:17:12.076970+00:00,81.9,200,bid,WavyWalnuts,YieldingYams,2111909
2026-07-14T01:17:13.284532,2026-07-14T01:17:13.292188+00:00,81.9,200,ask,YieldingYams,WavyWalnuts,2111931
2026-07-14T01:17:14.398687,2026-07-14T01:17:14.459275+00:00,81.7,10,ask,Andy Garg,Lam Anh Pham,2111954
2026-07-14T01:17:14.584079,2026-07-14T01:17:14.659291+00:00,81.7,5,ask,YieldingYams,Matthew Hanna,2111961
2026-07-14T01:17:16.197549,2026-07-14T01:17:16.199537+00:00,81.8,10,ask,YieldingYams,Matthew Hanna,2111978
2026-07-14T01:17:16.294009,2026-07-14T01:17:16.296087+00:00,81.8,40,ask,YieldingYams,Andy Garg,2111980
2026-07-14T01:17:16.498725,2026-07-14T01:17:16.502809+00:00,81.8,17,ask,YieldingYams,Gourab Sharma,2111985
2026-07-14T01:17:16.608930,2026-07-14T01:17:16.612213+00:00,81.7,8,ask,WavyWalnuts,Matthew Hanna,2111989
2026-07-14T01:17:18.125524,2026-07-14T01:17:18.134205+00:00,81.7,200,ask,YieldingYams,WavyWalnuts,2112009
2026-07-14T01:17:18.775317,2026-07-14T01:17:18.782928+00:00,81.9,7,bid,Andy Garg,YieldingYams,2112023
2026-07-14T01:17:19.448357,2026-07-14T01:17:19.455782+00:00,81.9,10,bid,Lam Anh Pham,Kelvin Chan,2112031
2026-07-14T01:17:19.838705,2026-07-14T01:17:19.850711+00:00,81.8,20,ask,YieldingYams,BrilliantBurritos,2112035
2026-07-14T01:17:20.818783,2026-07-14T01:17:20.823337+00:00,81.8,25,ask,YieldingYams,Roger Xu,2112063
2026-07-14T01:17:20.856771,2026-07-14T01:17:20.869714+00:00,81.8,5,ask,YieldingYams,Matthew Hanna,2112069
2026-07-14T01:17:21.078113,2026-07-14T01:17:21.080396+00:00,81.8,1,ask,YieldingYams,YUNSHEN JI,2112073
2026-07-14T01:17:21.131952,2026-07-14T01:17:21.169351+00:00,81.8,25,ask,YieldingYams,Roger Xu,2112075
2026-07-14T01:17:21.329311,2026-07-14T01:17:21.334097+00:00,81.8,25,ask,YieldingYams,Dinh Nguyen,2112079
2026-07-14T01:17:21.640883,2026-07-14T01:17:21.649211+00:00,81.8,1,ask,YieldingYams,YUNSHEN JI,2112083
2026-07-14T01:17:21.836512,2026-07-14T01:17:21.869991+00:00,81.9,4,bid,YieldingYams,Kelvin Chan,2112090
2026-07-14T01:17:21.836512,2026-07-14T01:17:21.869991+00:00,81.9,40,bid,YieldingYams,Andy Garg,2112091
2026-07-14T01:17:21.836512,2026-07-14T01:17:21.869991+00:00,81.9,200,bid,YieldingYams,WavyWalnuts,2112092
2026-07-14T01:17:21.845460,2026-07-14T01:17:21.869991+00:00,81.9,12,ask,YieldingYams,Roger Xu,2112093
2026-07-14T01:17:22.518838,2026-07-14T01:17:22.527589+00:00,81.9,8,ask,YieldingYams,Andy Garg,2112110
2026-07-14T01:17:22.683605,2026-07-14T01:17:22.690762+00:00,81.9,5,ask,YieldingYams,Matthew Hanna,2112113
2026-07-14T01:17:23.153931,2026-07-14T01:17:23.170449+00:00,82.0,200,ask,WavyWalnuts,YieldingYams,2112122
2026-07-14T01:17:23.484099,2026-07-14T01:17:23.491158+00:00,81.9,10,ask,YieldingYams,Lam Anh Pham,2112127
2026-07-14T01:17:23.636728,2026-07-14T01:17:23.669916+00:00,82.0,2,bid,Dinh Nguyen,YieldingYams,2112128
2026-07-14T01:17:24.159769,2026-07-14T01:17:24.170553+00:00,82.0,200,bid,WavyWalnuts,YieldingYams,2112136
2026-07-14T01:17:24.460172,2026-07-14T01:17:24.469697+00:00,82.0,2,bid,YieldingYams,Kelvin Chan,2112142
2026-07-14T01:17:24.460172,2026-07-14T01:17:24.469697+00:00,82.1,500,bid,YieldingYams,AverageAlmonds,2112143
2026-07-14T01:17:24.460172,2026-07-14T01:17:24.469697+00:00,82.1,123,bid,YieldingYams,WavyWalnuts,2112144
2026-07-14T01:17:26.083742,2026-07-14T01:17:26.094047+00:00,82.1,2,bid,Dinh Nguyen,YieldingYams,2112175
2026-07-14T01:17:27.083383,2026-07-14T01:17:27.091975+00:00,82.0,200,bid,YieldingYams,WavyWalnuts,2112205
2026-07-14T01:17:27.360978,2026-07-14T01:17:27.370020+00:00,82.0,1,ask,YieldingYams,YUNSHEN JI,2112213
2026-07-14T01:17:27.800940,2026-07-14T01:17:27.810488+00:00,82.0,200,ask,YieldingYams,WavyWalnuts,2112218
2026-07-14T01:17:27.923303,2026-07-14T01:17:27.926842+00:00,82.0,1,ask,YieldingYams,YUNSHEN JI,2112220
2026-07-14T01:17:28.288599,2026-07-14T01:17:28.298526+00:00,82.1,2,bid,BrilliantBurritos,Kelvin Chan,2112222
2026-07-14T01:17:28.288599,2026-07-14T01:17:28.298526+00:00,82.1,18,bid,BrilliantBurritos,AverageAlmonds,2112223
2026-07-14T01:17:28.400712,2026-07-14T01:17:28.404917+00:00,81.8,40,ask,Andy Garg,YieldingYams,2112226
2026-07-14T01:17:28.400712,2026-07-14T01:17:28.404917+00:00,81.8,8,ask,Kelvin Chan,YieldingYams,2112227
2026-07-14T01:17:28.400712,2026-07-14T01:17:28.404917+00:00,81.8,200,ask,WavyWalnuts,YieldingYams,2112228
2026-07-14T01:17:28.400712,2026-07-14T01:17:28.415748+00:00,81.8,10,ask,Roger Xu,YieldingYams,2112229
2026-07-14T01:17:28.477479,2026-07-14T01:17:28.479781+00:00,81.7,5,ask,YieldingYams,Matthew Hanna,2112233
2026-07-14T01:17:28.525630,2026-07-14T01:17:28.533729+00:00,81.7,7,ask,YieldingYams,Lam Anh Pham,2112234
2026-07-14T01:17:29.007904,2026-07-14T01:17:29.015725+00:00,81.8,200,bid,WavyWalnuts,YieldingYams,2112239
2026-07-14T01:17:29.047386,2026-07-14T01:17:29.058989+00:00,81.7,2,ask,YieldingYams,Dinh Nguyen,2112240
2026-07-14T01:17:30.220172,2026-07-14T01:17:30.226549+00:00,81.8,200,bid,WavyWalnuts,YieldingYams,2112267
2026-07-14T01:17:30.292753,2026-07-14T01:17:30.301649+00:00,81.7,2,ask,Kelvin Chan,Dinh Nguyen,2112270
2026-07-14T01:17:30.975312,2026-07-14T01:17:30.978162+00:00,81.7,6,ask,Kelvin Chan,Andy Garg,2112290
2026-07-14T01:17:30.975312,2026-07-14T01:17:30.988751+00:00,81.7,15,ask,YieldingYams,Andy Garg,2112291
2026-07-14T01:17:31.022613,2026-07-14T01:17:31.030746+00:00,81.9,10,bid,YieldingYams,Roger Xu,2112292
2026-07-14T01:17:31.098695,2026-07-14T01:17:31.104700+00:00,81.9,5,ask,YieldingYams,Matthew Hanna,2112293
2026-07-14T01:17:31.409191,2026-07-14T01:17:31.412036+00:00,81.9,9,ask,YieldingYams,Gourab Sharma,2112304
2026-07-14T01:17:31.420235,2026-07-14T01:17:31.422729+00:00,81.9,54,ask,YieldingYams,Gourab Sharma,2112305
2026-07-14T01:17:31.472540,2026-07-14T01:17:31.476004+00:00,81.9,8,ask,YieldingYams,Gourab Sharma,2112308
2026-07-14T01:17:31.507213,2026-07-14T01:17:31.519034+00:00,81.9,8,ask,YieldingYams,YUNSHEN JI,2112310
2026-07-14T01:17:31.527544,2026-07-14T01:17:31.529704+00:00,81.9,21,ask,YieldingYams,Gourab Sharma,2112313
2026-07-14T01:17:31.536714,2026-07-14T01:17:31.540327+00:00,81.9,25,ask,YieldingYams,Dinh Nguyen,2112314
2026-07-14T01:17:31.743535,2026-07-14T01:17:31.751175+00:00,81.9,19,ask,YieldingYams,Andy Garg,2112320
2026-07-14T01:17:32.056142,2026-07-14T01:17:32.062411+00:00,81.9,25,ask,YieldingYams,YUNSHEN JI,2112327
2026-07-14T01:17:32.620593,2026-07-14T01:17:32.625968+00:00,81.9,30,bid,YUNSHEN JI,YieldingYams,2112341
2026-07-14T01:17:33.140009,2026-07-14T01:17:33.144235+00:00,81.8,4,ask,Kelvin Chan,Matthew Hanna,2112360
2026-07-14T01:17:33.644238,2026-07-14T01:17:33.656721+00:00,81.8,4,ask,Kelvin Chan,YieldingYams,2112365
2026-07-14T01:17:33.644238,2026-07-14T01:17:33.656721+00:00,81.8,200,ask,WavyWalnuts,YieldingYams,2112366
2026-07-14T01:17:33.755555,2026-07-14T01:17:33.763660+00:00,81.8,2,bid,YUNSHEN JI,YieldingYams,2112371
2026-07-14T01:17:34.955790,2026-07-14T01:17:34.964743+00:00,81.8,200,bid,YieldingYams,WavyWalnuts,2112392
2026-07-14T01:17:35.077729,2026-07-14T01:17:35.081341+00:00,81.8,200,ask,YieldingYams,WavyWalnuts,2112395
2026-07-14T01:17:35.202097,2026-07-14T01:17:35.206855+00:00,81.8,5,ask,YieldingYams,Matthew Hanna,2112402
2026-07-14T01:17:36.265918,2026-07-14T01:17:36.280933+00:00,81.7,3,ask,Kelvin Chan,YieldingYams,2112419
2026-07-14T01:17:36.265918,2026-07-14T01:17:36.280933+00:00,81.7,200,ask,WavyWalnuts,YieldingYams,2112420
2026-07-14T01:17:37.456581,2026-07-14T01:17:37.463495+00:00,81.6,5,ask,YieldingYams,Matthew Hanna,2112439
2026-07-14T01:17:37.500267,2026-07-14T01:17:37.506210+00:00,81.7,200,bid,WavyWalnuts,YieldingYams,2112443
2026-07-14T01:17:37.575366,2026-07-14T01:17:37.591353+00:00,81.8,10,bid,YieldingYams,Roger Xu,2112447
2026-07-14T01:17:37.575366,2026-07-14T01:17:37.591353+00:00,81.9,5,bid,YieldingYams,Roger Xu,2112448
2026-07-14T01:17:37.575366,2026-07-14T01:17:37.591353+00:00,81.9,200,bid,YieldingYams,WavyWalnuts,2112449
2026-07-14T01:17:37.671037,2026-07-14T01:17:37.677087+00:00,81.9,5,ask,YieldingYams,Matthew Hanna,2112453
2026-07-14T01:17:37.754249,2026-07-14T01:17:37.761775+00:00,81.9,8,ask,YieldingYams,YUNSHEN JI,2112456
2026-07-14T01:17:37.899415,2026-07-14T01:17:37.910138+00:00,81.9,25,ask,YieldingYams,Dinh Nguyen,2112459
2026-07-14T01:17:38.317214,2026-07-14T01:17:38.320680+00:00,81.9,30,ask,YieldingYams,YUNSHEN JI,2112467
2026-07-14T01:17:38.882478,2026-07-14T01:17:38.898803+00:00,81.9,30,ask,YieldingYams,YUNSHEN JI,2112484
2026-07-14T01:17:38.891367,2026-07-14T01:17:38.898803+00:00,81.8,200,ask,WavyWalnuts,YieldingYams,2112485
2026-07-14T01:17:39.679973,2026-07-14T01:17:39.688586+00:00,81.8,25,bid,Andy Garg,YieldingYams,2112508
2026-07-14T01:17:39.917832,2026-07-14T01:17:39.926935+00:00,81.8,200,bid,WavyWalnuts,YieldingYams,2112514
2026-07-14T01:17:40.847717,2026-07-14T01:17:40.856942+00:00,81.9,11,bid,Andy Garg,YieldingYams,2112535
2026-07-14T01:17:41.128747,2026-07-14T01:17:41.131758+00:00,81.7,2,ask,Kelvin Chan,WavyWalnuts,2112546
2026-07-14T01:17:41.128747,2026-07-14T01:17:41.131758+00:00,81.7,198,ask,YieldingYams,WavyWalnuts,2112547
2026-07-14T01:17:41.605351,2026-07-14T01:17:41.611033+00:00,81.8,10,bid,Lam Anh Pham,YieldingYams,2112556
2026-07-14T01:17:44.073017,2026-07-14T01:17:44.079338+00:00,81.9,20,bid,BrilliantBurritos,YieldingYams,2112602
2026-07-14T01:17:45.977499,2026-07-14T01:17:45.981348+00:00,81.8,200,ask,YieldingYams,WavyWalnuts,2112635
2026-07-14T01:17:46.744447,2026-07-14T01:17:46.770184+00:00,81.7,10,ask,Kelvin Chan,YieldingYams,2112646
2026-07-14T01:17:47.027881,2026-07-14T01:17:47.059128+00:00,81.7,30,bid,YUNSHEN JI,YieldingYams,2112650
2026-07-14T01:17:47.593113,2026-07-14T01:17:47.602094+00:00,81.7,30,bid,YUNSHEN JI,YieldingYams,2112664
2026-07-14T01:17:47.632853,2026-07-14T01:17:47.645579+00:00,81.6,10,ask,AverageAlmonds,Lam Anh Pham,2112668
2026-07-14T01:17:47.781895,2026-07-14T01:17:47.785303+00:00,81.7,40,bid,Andy Garg,YieldingYams,2112675
2026-07-14T01:17:48.110445,2026-07-14T01:17:48.119596+00:00,81.8,1,bid,Andy Garg,WavyWalnuts,2112689
2026-07-14T01:17:48.174489,2026-07-14T01:17:48.183947+00:00,81.8,10,bid,Matthew Hanna,WavyWalnuts,2112690
2026-07-14T01:17:48.645557,2026-07-14T01:17:48.648146+00:00,81.8,10,bid,Lam Anh Pham,YieldingYams,2112696
2026-07-14T01:17:48.977703,2026-07-14T01:17:48.981667+00:00,81.7,20,ask,WavyWalnuts,BrilliantBurritos,2112701
2026-07-14T01:17:49.605744,2026-07-14T01:17:49.616598+00:00,81.8,200,ask,YieldingYams,WavyWalnuts,2112717
2026-07-14T01:17:49.886403,2026-07-14T01:17:49.891942+00:00,81.8,30,ask,YieldingYams,YUNSHEN JI,2112724
2026-07-14T01:17:50.278760,2026-07-14T01:17:50.280864+00:00,81.8,25,ask,YieldingYams,Dinh Nguyen,2112732
2026-07-14T01:17:50.417484,2026-07-14T01:17:50.459229+00:00,81.8,5,ask,YieldingYams,Matthew Hanna,2112743
2026-07-14T01:17:50.471658,2026-07-14T01:17:50.481672+00:00,81.8,38,ask,YieldingYams,Andy Garg,2112746
2026-07-14T01:17:52.034102,2026-07-14T01:17:52.060764+00:00,81.6,7,ask,Kelvin Chan,WavyWalnuts,2112767
2026-07-14T01:17:52.043315,2026-07-14T01:17:52.060764+00:00,81.6,193,bid,YieldingYams,WavyWalnuts,2112768
2026-07-14T01:17:52.052284,2026-07-14T01:17:52.060764+00:00,81.8,2,bid,Dinh Nguyen,YieldingYams,2112769
2026-07-14T01:17:52.277825,2026-07-14T01:17:52.280786+00:00,81.8,9,bid,Matthew Hanna,YieldingYams,2112774
2026-07-14T01:17:53.317825,2026-07-14T01:17:53.320315+00:00,81.7,2,bid,Dinh Nguyen,WavyWalnuts,2112799
2026-07-14T01:17:53.335124,2026-07-14T01:17:53.341456+00:00,81.7,30,bid,YUNSHEN JI,WavyWalnuts,2112801
2026-07-14T01:17:53.361470,2026-07-14T01:17:53.373340+00:00,81.6,7,ask,Kelvin Chan,YieldingYams,2112802
2026-07-14T01:17:53.730160,2026-07-14T01:17:53.741462+00:00,81.6,42,bid,Roger Xu,YieldingYams,2112818
2026-07-14T01:17:53.904879,2026-07-14T01:17:53.911288+00:00,81.6,8,bid,YUNSHEN JI,YieldingYams,2112822
2026-07-14T01:17:54.122312,2026-07-14T01:17:54.131600+00:00,81.6,10,bid,Matthew Hanna,YieldingYams,2112825
2026-07-14T01:17:54.161737,2026-07-14T01:17:54.174001+00:00,81.6,40,bid,Andy Garg,YieldingYams,2112826
2026-07-14T01:17:54.573784,2026-07-14T01:17:54.576959+00:00,81.6,2,bid,Dinh Nguyen,YieldingYams,2112838
2026-07-14T01:17:54.671244,2026-07-14T01:17:54.682619+00:00,81.5,8,ask,Kelvin Chan,YieldingYams,2112843
2026-07-14T01:17:54.671244,2026-07-14T01:17:54.682619+00:00,81.5,500,ask,AverageAlmonds,YieldingYams,2112844
2026-07-14T01:17:54.671244,2026-07-14T01:17:54.682619+00:00,81.5,117,ask,WavyWalnuts,YieldingYams,2112845
2026-07-14T01:17:55.076266,2026-07-14T01:17:55.084898+00:00,81.7,20,bid,BrilliantBurritos,WavyWalnuts,2112852
2026-07-14T01:17:55.681641,2026-07-14T01:17:55.687926+00:00,81.6,8,ask,Kelvin Chan,WavyWalnuts,2112862
2026-07-14T01:17:55.980865,2026-07-14T01:17:55.991831+00:00,81.6,192,bid,YieldingYams,WavyWalnuts,2112868
2026-07-14T01:17:56.582596,2026-07-14T01:17:56.591204+00:00,81.6,5,ask,YieldingYams,Matthew Hanna,2112882
2026-07-14T01:17:56.747563,2026-07-14T01:17:56.753574+00:00,81.6,10,ask,YieldingYams,Lam Anh Pham,2112884
2026-07-14T01:17:57.293952,2026-07-14T01:17:57.296720+00:00,81.8,40,bid,YieldingYams,Andy Garg,2112900
2026-07-14T01:17:57.293952,2026-07-14T01:17:57.307647+00:00,81.8,200,bid,YieldingYams,WavyWalnuts,2112901
2026-07-14T01:17:57.407304,2026-07-14T01:17:57.414836+00:00,81.8,5,ask,YieldingYams,Matthew Hanna,2112907
2026-07-14T01:17:57.630106,2026-07-14T01:17:57.642828+00:00,81.9,3,bid,Matthew Hanna,Kelvin Chan,2112914
2026-07-14T01:17:57.630106,2026-07-14T01:17:57.642828+00:00,81.9,2,bid,Matthew Hanna,YieldingYams,2112915
2026-07-14T01:17:58.098387,2026-07-14T01:17:58.107460+00:00,81.8,200,ask,YieldingYams,WavyWalnuts,2112921
2026-07-14T01:17:58.322769,2026-07-14T01:17:58.327883+00:00,81.9,2,bid,Dinh Nguyen,YieldingYams,2112927
2026-07-14T01:17:58.616176,2026-07-14T01:17:58.623037+00:00,81.7,500,ask,AverageAlmonds,YieldingYams,2112930
2026-07-14T01:17:58.979657,2026-07-14T01:17:58.985025+00:00,81.7,13,bid,Roger Xu,YieldingYams,2112936
2026-07-14T01:17:59.592760,2026-07-14T01:17:59.599116+00:00,81.7,2,bid,Dinh Nguyen,YieldingYams,2112955
2026-07-14T01:17:59.899904,2026-07-14T01:17:59.903682+00:00,81.7,9,bid,Matthew Hanna,YieldingYams,2112971
2026-07-14T01:17:59.924382,2026-07-14T01:17:59.935027+00:00,81.8,200,bid,YieldingYams,WavyWalnuts,2112973
2026-07-14T01:18:00.780360,2026-07-14T01:18:00.786307+00:00,81.9,4,bid,Lam Anh Pham,Kelvin Chan,2112990
2026-07-14T01:18:00.780360,2026-07-14T01:18:00.786307+00:00,81.9,6,bid,Lam Anh Pham,WavyWalnuts,2112991
2026-07-14T01:18:00.854761,2026-07-14T01:18:00.860268+00:00,81.9,2,bid,Dinh Nguyen,WavyWalnuts,2112993
2026-07-14T01:18:01.236348,2026-07-14T01:18:01.240434+00:00,81.7,200,ask,WavyWalnuts,YieldingYams,2113001
2026-07-14T01:18:01.718992,2026-07-14T01:18:01.731035+00:00,81.7,200,bid,WavyWalnuts,YieldingYams,2113007
2026-07-14T01:18:02.111758,2026-07-14T01:18:02.122849+00:00,81.7,2,bid,Dinh Nguyen,YieldingYams,2113019
2026-07-14T01:18:02.553209,2026-07-14T01:18:02.559124+00:00,81.9,2,bid,YieldingYams,Kelvin Chan,2113026
2026-07-14T01:18:02.553209,2026-07-14T01:18:02.559124+00:00,81.9,200,bid,YieldingYams,WavyWalnuts,2113027
2026-07-14T01:18:02.553209,2026-07-14T01:18:02.559124+00:00,81.9,10,bid,YieldingYams,Roger Xu,2113028
2026-07-14T01:18:02.643236,2026-07-14T01:18:02.653957+00:00,81.9,20,ask,YieldingYams,Roger Xu,2113030
2026-07-14T01:18:02.814923,2026-07-14T01:18:02.823089+00:00,82.0,10,bid,Lam Anh Pham,AverageAlmonds,2113038
2026-07-14T01:18:02.928701,2026-07-14T01:18:02.940110+00:00,81.9,200,ask,YieldingYams,WavyWalnuts,2113043
2026-07-14T01:18:03.569216,2026-07-14T01:18:03.577637+00:00,82.0,20,bid,BrilliantBurritos,YieldingYams,2113052
2026-07-14T01:18:03.956302,2026-07-14T01:18:03.969792+00:00,81.9,20,bid,BrilliantBurritos,YieldingYams,2113056
2026-07-14T01:18:04.158266,2026-07-14T01:18:04.169965+00:00,81.8,10,ask,Roger Xu,WavyWalnuts,2113064
2026-07-14T01:18:04.158266,2026-07-14T01:18:04.169965+00:00,81.8,190,ask,YieldingYams,WavyWalnuts,2113065
2026-07-14T01:18:04.627775,2026-07-14T01:18:04.631243+00:00,81.9,2,bid,Dinh Nguyen,YieldingYams,2113078
2026-07-14T01:18:05.177739,2026-07-14T01:18:05.179486+00:00,81.8,40,ask,Andy Garg,YieldingYams,2113089
2026-07-14T01:18:05.177739,2026-07-14T01:18:05.196119+00:00,81.7,10,ask,Roger Xu,YieldingYams,2113090
2026-07-14T01:18:05.189620,2026-07-14T01:18:05.196119+00:00,81.7,7,bid,YUNSHEN JI,YieldingYams,2113092
2026-07-14T01:18:05.246400,2026-07-14T01:18:05.250220+00:00,81.7,40,bid,Andy Garg,YieldingYams,2113095
2026-07-14T01:18:05.281957,2026-07-14T01:18:05.293060+00:00,81.7,25,bid,Roger Xu,YieldingYams,2113098
2026-07-14T01:18:05.369442,2026-07-14T01:18:05.378892+00:00,81.7,200,bid,WavyWalnuts,YieldingYams,2113100
2026-07-14T01:18:05.387595,2026-07-14T01:18:05.389768+00:00,81.7,10,bid,Matthew Hanna,YieldingYams,2113102
2026-07-14T01:18:05.753816,2026-07-14T01:18:05.765297+00:00,81.7,1,bid,YUNSHEN JI,YieldingYams,2113112
2026-07-14T01:18:05.884813,2026-07-14T01:18:05.891999+00:00,81.7,1,bid,Dinh Nguyen,YieldingYams,2113114
2026-07-14T01:18:06.633033,2026-07-14T01:18:06.638171+00:00,81.9,1,bid,Matthew Hanna,Roger Xu,2113134
2026-07-14T01:18:06.864293,2026-07-14T01:18:06.870665+00:00,81.9,10,bid,Lam Anh Pham,YieldingYams,2113144
2026-07-14T01:18:06.886006,2026-07-14T01:18:06.892626+00:00,81.8,40,ask,YieldingYams,Andy Garg,2113145
2026-07-14T01:18:07.798249,2026-07-14T01:18:07.808010+00:00,81.9,200,bid,WavyWalnuts,YieldingYams,2113155
2026-07-14T01:18:08.381112,2026-07-14T01:18:08.385759+00:00,81.7,17,ask,YieldingYams,Roger Xu,2113166
2026-07-14T01:18:08.614125,2026-07-14T01:18:08.616383+00:00,81.7,3,ask,YieldingYams,YUNSHEN JI,2113170
2026-07-14T01:18:09.066954,2026-07-14T01:18:09.070046+00:00,81.8,1,ask,WavyWalnuts,YUNSHEN JI,2113184
2026-07-14T01:18:09.176398,2026-07-14T01:18:09.185528+00:00,81.8,1,ask,WavyWalnuts,Matthew Hanna,2113188
2026-07-14T01:18:09.419770,2026-07-14T01:18:09.426934+00:00,81.8,25,ask,WavyWalnuts,Roger Xu,2113193
2026-07-14T01:18:09.740418,2026-07-14T01:18:09.759354+00:00,81.8,1,ask,WavyWalnuts,YUNSHEN JI,2113204
2026-07-14T01:18:09.893829,2026-07-14T01:18:09.902286+00:00,81.8,10,ask,WavyWalnuts,Lam Anh Pham,2113206
2026-07-14T01:18:09.949802,2026-07-14T01:18:09.954676+00:00,81.8,25,ask,WavyWalnuts,Roger Xu,2113207
2026-07-14T01:18:10.062903,2026-07-14T01:18:10.070590+00:00,81.8,25,ask,WavyWalnuts,Dinh Nguyen,2113210
2026-07-14T01:18:10.302318,2026-07-14T01:18:10.313713+00:00,81.8,1,ask,YieldingYams,YUNSHEN JI,2113222
2026-07-14T01:18:10.427809,2026-07-14T01:18:10.470042+00:00,81.9,200,bid,YieldingYams,WavyWalnuts,2113226
2026-07-14T01:18:10.427809,2026-07-14T01:18:10.470042+00:00,82.0,1,bid,YieldingYams,Kelvin Chan,2113227
2026-07-14T01:18:10.427809,2026-07-14T01:18:10.470042+00:00,82.0,424,bid,YieldingYams,AverageAlmonds,2113228
2026-07-14T01:18:10.582843,2026-07-14T01:18:10.591418+00:00,82.0,2,bid,Dinh Nguyen,AverageAlmonds,2113231
2026-07-14T01:18:10.927082,2026-07-14T01:18:10.934145+00:00,81.9,3,bid,BrilliantBurritos,Kelvin Chan,2113240
2026-07-14T01:18:11.293360,2026-07-14T01:18:11.296995+00:00,81.7,5,ask,WavyWalnuts,Matthew Hanna,2113254
2026-07-14T01:18:11.745001,2026-07-14T01:18:11.752985+00:00,81.8,200,ask,WavyWalnuts,YieldingYams,2113266
2026-07-14T01:18:11.804796,2026-07-14T01:18:11.816954+00:00,81.8,2,bid,Dinh Nguyen,YieldingYams,2113267
2026-07-14T01:18:12.036003,2026-07-14T01:18:12.059535+00:00,81.8,38,bid,Roger Xu,YieldingYams,2113273
2026-07-14T01:18:13.016795,2026-07-14T01:18:13.020733+00:00,81.8,2,bid,Dinh Nguyen,YieldingYams,2113294
2026-07-14T01:18:14.234796,2026-07-14T01:18:14.260231+00:00,81.8,2,bid,Dinh Nguyen,WavyWalnuts,2113319
2026-07-14T01:18:14.358089,2026-07-14T01:18:14.370505+00:00,81.8,198,bid,YieldingYams,WavyWalnuts,2113325
2026-07-14T01:18:15.354408,2026-07-14T01:18:15.370790+00:00,81.8,5,ask,YieldingYams,Matthew Hanna,2113344
2026-07-14T01:18:15.429524,2026-07-14T01:18:15.471599+00:00,81.8,40,ask,YieldingYams,Andy Garg,2113346
2026-07-14T01:18:15.943571,2026-07-14T01:18:15.970439+00:00,81.7,1,ask,WavyWalnuts,Lam Anh Pham,2113356
2026-07-14T01:18:17.483445,2026-07-14T01:18:17.490939+00:00,81.8,200,bid,WavyWalnuts,YieldingYams,2113397
2026-07-14T01:18:17.921779,2026-07-14T01:18:17.924251+00:00,81.8,2,bid,Dinh Nguyen,YieldingYams,2113400
2026-07-14T01:18:18.693324,2026-07-14T01:18:18.700319+00:00,81.7,200,bid,WavyWalnuts,YieldingYams,2113429
2026-07-14T01:18:19.154661,2026-07-14T01:18:19.164856+00:00,81.7,2,bid,Dinh Nguyen,YieldingYams,2113437
2026-07-14T01:18:19.574535,2026-07-14T01:18:19.577255+00:00,81.7,40,bid,Andy Garg,YieldingYams,2113448
2026-07-14T01:18:19.902645,2026-07-14T01:18:19.910385+00:00,81.8,200,bid,WavyWalnuts,YieldingYams,2113454
2026-07-14T01:18:19.978999,2026-07-14T01:18:19.983863+00:00,81.8,10,bid,Lam Anh Pham,YieldingYams,2113457
2026-07-14T01:18:20.418781,2026-07-14T01:18:20.475631+00:00,81.8,2,bid,Dinh Nguyen,YieldingYams,2113461
2026-07-14T01:18:20.911132,2026-07-14T01:18:20.912771+00:00,81.9,200,bid,YieldingYams,WavyWalnuts,2113487
2026-07-14T01:18:20.911132,2026-07-14T01:18:20.923356+00:00,81.9,3,bid,YieldingYams,Kelvin Chan,2113488
2026-07-14T01:18:21.111248,2026-07-14T01:18:21.113323+00:00,81.9,200,ask,YieldingYams,WavyWalnuts,2113491
2026-07-14T01:18:22.328207,2026-07-14T01:18:22.369743+00:00,81.8,10,ask,Roger Xu,WavyWalnuts,2113511
2026-07-14T01:18:22.328207,2026-07-14T01:18:22.369743+00:00,81.8,190,ask,YieldingYams,WavyWalnuts,2113512
2026-07-14T01:18:23.716469,2026-07-14T01:18:23.723025+00:00,81.8,5,bid,Roger Xu,YieldingYams,2113543
2026-07-14T01:18:24.745498,2026-07-14T01:18:24.753712+00:00,81.8,200,bid,WavyWalnuts,YieldingYams,2113573
2026-07-14T01:18:25.955810,2026-07-14T01:18:25.965056+00:00,81.7,200,bid,WavyWalnuts,YieldingYams,2113602
2026-07-14T01:18:27.467731,2026-07-14T01:18:27.477601+00:00,81.5,2,ask,Kelvin Chan,YieldingYams,2113631
2026-07-14T01:18:27.467731,2026-07-14T01:18:27.477601+00:00,81.5,200,ask,WavyWalnuts,YieldingYams,2113632
2026-07-14T01:18:27.617608,2026-07-14T01:18:27.761519+00:00,81.5,10,bid,Matthew Hanna,YieldingYams,2113640
2026-07-14T01:18:27.733169,2026-07-14T01:18:27.761519+00:00,81.5,413,bid,AverageAlmonds,YieldingYams,2113647
2026-07-14T01:18:28.055223,2026-07-14T01:18:28.064782+00:00,81.5,5,ask,AverageAlmonds,Matthew Hanna,2113661
2026-07-14T01:18:28.059054,2026-07-14T01:18:28.064782+00:00,81.5,10,ask,AverageAlmonds,Lam Anh Pham,2113662
2026-07-14T01:18:28.347446,2026-07-14T01:18:28.357388+00:00,81.7,2,bid,Dinh Nguyen,WavyWalnuts,2113666
2026-07-14T01:18:28.775700,2026-07-14T01:18:28.787490+00:00,81.7,200,bid,YieldingYams,WavyWalnuts,2113677
2026-07-14T01:18:28.775700,2026-07-14T01:18:28.787490+00:00,81.8,10,bid,YieldingYams,Roger Xu,2113678
2026-07-14T01:18:28.970632,2026-07-14T01:18:28.980901+00:00,81.8,25,ask,YieldingYams,Roger Xu,2113689
2026-07-14T01:18:29.086861,2026-07-14T01:18:29.096242+00:00,81.8,10,ask,YieldingYams,Matthew Hanna,2113694
2026-07-14T01:18:29.089822,2026-07-14T01:18:29.096242+00:00,81.8,1,ask,YieldingYams,YUNSHEN JI,2113695
2026-07-14T01:18:29.092944,2026-07-14T01:18:29.096242+00:00,81.8,35,ask,YieldingYams,Andy Garg,2113696
2026-07-14T01:18:29.481203,2026-07-14T01:18:29.488752+00:00,81.8,20,ask,YieldingYams,Roger Xu,2113703
2026-07-14T01:18:29.588256,2026-07-14T01:18:29.593199+00:00,81.8,200,ask,YieldingYams,WavyWalnuts,2113709
2026-07-14T01:18:29.592207,2026-07-14T01:18:29.603709+00:00,81.8,25,ask,YieldingYams,Dinh Nguyen,2113710
2026-07-14T01:18:29.653043,2026-07-14T01:18:29.655849+00:00,81.8,1,ask,YieldingYams,YUNSHEN JI,2113713
2026-07-14T01:18:30.234836,2026-07-14T01:18:30.245361+00:00,81.7,1,ask,YieldingYams,YUNSHEN JI,2113730
2026-07-14T01:18:30.306158,2026-07-14T01:18:30.308636+00:00,81.7,5,ask,YieldingYams,Matthew Hanna,2113732
2026-07-14T01:18:30.424791,2026-07-14T01:18:30.470044+00:00,81.9,20,bid,BrilliantBurritos,YieldingYams,2113737
2026-07-14T01:18:30.795192,2026-07-14T01:18:30.805109+00:00,81.9,200,bid,WavyWalnuts,YieldingYams,2113745
2026-07-14T01:18:31.076818,2026-07-14T01:18:31.083077+00:00,81.7,10,ask,YieldingYams,Lam Anh Pham,2113751
2026-07-14T01:18:31.399565,2026-07-14T01:18:31.406097+00:00,81.9,2,bid,Dinh Nguyen,YieldingYams,2113756
2026-07-14T01:18:31.407406,2026-07-14T01:18:31.416593+00:00,82.0,1,bid,YieldingYams,Kelvin Chan,2113757
2026-07-14T01:18:31.407406,2026-07-14T01:18:31.416593+00:00,82.0,200,bid,YieldingYams,WavyWalnuts,2113758
2026-07-14T01:18:31.426538,2026-07-14T01:18:31.437446+00:00,82.0,1,ask,YieldingYams,YUNSHEN JI,2113760
2026-07-14T01:18:31.989714,2026-07-14T01:18:31.998132+00:00,82.0,26,ask,YieldingYams,YUNSHEN JI,2113772
2026-07-14T01:18:33.608466,2026-07-14T01:18:33.618345+00:00,82.1,62,bid,Roger Xu,AverageAlmonds,2113801
2026-07-14T01:18:33.737610,2026-07-14T01:18:33.744435+00:00,82.1,28,bid,YUNSHEN JI,AverageAlmonds,2113806
2026-07-14T01:18:33.851794,2026-07-14T01:18:33.861620+00:00,82.1,2,bid,Dinh Nguyen,WavyWalnuts,2113808
2026-07-14T01:18:34.444896,2026-07-14T01:18:34.458975+00:00,82.0,200,ask,YieldingYams,WavyWalnuts,2113829
2026-07-14T01:18:34.799066,2026-07-14T01:18:34.807706+00:00,82.0,20,ask,YieldingYams,BrilliantBurritos,2113842
2026-07-14T01:18:34.997920,2026-07-14T01:18:35.013136+00:00,82.0,405,ask,YieldingYams,AverageAlmonds,2113844
2026-07-14T01:18:35.059077,2026-07-14T01:18:35.066425+00:00,82.0,40,bid,Gourab Sharma,AverageAlmonds,2113848
2026-07-14T01:18:35.095534,2026-07-14T01:18:35.097998+00:00,82.0,2,bid,Dinh Nguyen,AverageAlmonds,2113849
2026-07-14T01:18:35.652919,2026-07-14T01:18:35.660243+00:00,82.0,200,bid,WavyWalnuts,YieldingYams,2113858
2026-07-14T01:18:36.365332,2026-07-14T01:18:36.369756+00:00,81.9,2,bid,Dinh Nguyen,AverageAlmonds,2113869
2026-07-14T01:18:36.506082,2026-07-14T01:18:36.516278+00:00,81.9,15,bid,Andy Garg,AverageAlmonds,2113875
2026-07-14T01:18:36.639517,2026-07-14T01:18:36.641874+00:00,81.9,483,bid,YieldingYams,AverageAlmonds,2113879
2026-07-14T01:18:36.739734,2026-07-14T01:18:36.741302+00:00,82.0,25,ask,YieldingYams,Roger Xu,2113889
2026-07-14T01:18:36.748275,2026-07-14T01:18:36.751870+00:00,82.0,40,ask,YieldingYams,Andy Garg,2113891
2026-07-14T01:18:36.773696,2026-07-14T01:18:36.783442+00:00,82.0,4,ask,YieldingYams,Matthew Hanna,2113892
2026-07-14T01:18:36.801909,2026-07-14T01:18:36.804658+00:00,82.0,73,ask,YieldingYams,AverageAlmonds,2113899
2026-07-14T01:18:36.855806,2026-07-14T01:18:36.857465+00:00,81.6,4,ask,Kelvin Chan,Andy Garg,2113903
2026-07-14T01:18:36.861881,2026-07-14T01:18:36.868139+00:00,81.9,200,bid,WavyWalnuts,AverageAlmonds,2113904
2026-07-14T01:18:37.132145,2026-07-14T01:18:37.142506+00:00,81.9,10,bid,Lam Anh Pham,AverageAlmonds,2113914
2026-07-14T01:18:37.586791,2026-07-14T01:18:37.594835+00:00,81.9,2,bid,Dinh Nguyen,AverageAlmonds,2113916
2026-07-14T01:18:38.071036,2026-07-14T01:18:38.081111+00:00,81.9,200,bid,WavyWalnuts,YieldingYams,2113924
2026-07-14T01:18:38.814403,2026-07-14T01:18:38.830348+00:00,81.9,2,bid,Dinh Nguyen,YieldingYams,2113938
2026-07-14T01:18:39.877536,2026-07-14T01:18:39.887279+00:00,81.9,13,bid,Roger Xu,YieldingYams,2113958
2026-07-14T01:18:40.040803,2026-07-14T01:18:40.045120+00:00,81.9,2,bid,Dinh Nguyen,YieldingYams,2113961
2026-07-14T01:18:40.486416,2026-07-14T01:18:40.492298+00:00,81.9,200,bid,WavyWalnuts,YieldingYams,2113968
2026-07-14T01:18:41.655233,2026-07-14T01:18:41.663654+00:00,81.8,40,ask,Andy Garg,AverageAlmonds,2113992
2026-07-14T01:18:41.655233,2026-07-14T01:18:41.663654+00:00,81.8,460,ask,YieldingYams,AverageAlmonds,2113993
2026-07-14T01:18:41.794266,2026-07-14T01:18:41.800946+00:00,81.9,20,bid,BrilliantBurritos,WavyWalnuts,2114003
2026-07-14T01:18:41.957963,2026-07-14T01:18:41.963738+00:00,81.8,25,bid,Roger Xu,YieldingYams,2114005
2026-07-14T01:18:42.085819,2026-07-14T01:18:42.089735+00:00,81.8,10,bid,Matthew Hanna,YieldingYams,2114012
2026-07-14T01:18:42.306759,2026-07-14T01:18:42.310132+00:00,81.8,9,bid,Matthew Hanna,YieldingYams,2114018
2026-07-14T01:18:42.477810,2026-07-14T01:18:42.480356+00:00,81.8,25,bid,Dinh Nguyen,YieldingYams,2114024
2026-07-14T01:18:43.498501,2026-07-14T01:18:43.508428+00:00,81.7,2,ask,Kelvin Chan,Roger Xu,2114035
2026-07-14T01:18:43.498501,2026-07-14T01:18:43.508428+00:00,81.7,10,ask,WavyWalnuts,Roger Xu,2114036
2026-07-14T01:18:44.114807,2026-07-14T01:18:44.121883+00:00,81.7,200,ask,YieldingYams,WavyWalnuts,2114048
2026-07-14T01:18:45.817289,2026-07-14T01:18:45.821528+00:00,81.6,200,bid,YieldingYams,WavyWalnuts,2114093
2026-07-14T01:18:46.538287,2026-07-14T01:18:46.550634+00:00,81.6,200,ask,YieldingYams,WavyWalnuts,2114113
2026-07-14T01:18:47.129785,2026-07-14T01:18:47.153492+00:00,81.5,200,ask,WavyWalnuts,YieldingYams,2114125
2026-07-14T01:18:47.129785,2026-07-14T01:18:47.153492+00:00,81.5,10,ask,Roger Xu,YieldingYams,2114126
2026-07-14T01:18:47.129785,2026-07-14T01:18:47.153492+00:00,81.4,40,ask,Andy Garg,YieldingYams,2114127
2026-07-14T01:18:47.129785,2026-07-14T01:18:47.153492+00:00,81.4,10,ask,Roger Xu,YieldingYams,2114128
2026-07-14T01:18:47.152149,2026-07-14T01:18:47.164501+00:00,81.4,25,bid,Roger Xu,YieldingYams,2114132
2026-07-14T01:18:47.188171,2026-07-14T01:18:47.197127+00:00,81.4,10,bid,Matthew Hanna,YieldingYams,2114135
2026-07-14T01:18:47.408772,2026-07-14T01:18:47.411049+00:00,81.4,10,bid,Matthew Hanna,YieldingYams,2114138
2026-07-14T01:18:47.686883,2026-07-14T01:18:47.690486+00:00,81.4,1,bid,YUNSHEN JI,YieldingYams,2114149
2026-07-14T01:18:47.803849,2026-07-14T01:18:47.806963+00:00,81.4,25,bid,Dinh Nguyen,YieldingYams,2114151
2026-07-14T01:18:49.299806,2026-07-14T01:18:49.302552+00:00,81.4,2,ask,YieldingYams,Dinh Nguyen,2114184
2026-07-14T01:18:49.744904,2026-07-14T01:18:49.754216+00:00,81.4,35,ask,YieldingYams,Roger Xu,2114191
2026-07-14T01:18:50.517804,2026-07-14T01:18:50.524733+00:00,81.4,2,ask,YieldingYams,Dinh Nguyen,2114199
2026-07-14T01:18:51.359340,2026-07-14T01:18:51.362337+00:00,81.4,40,ask,WavyWalnuts,Andy Garg,2114222
2026-07-14T01:18:51.458187,2026-07-14T01:18:51.460230+00:00,81.4,2,ask,YieldingYams,Matthew Hanna,2114227
2026-07-14T01:18:51.730871,2026-07-14T01:18:51.739035+00:00,81.4,2,ask,YieldingYams,Dinh Nguyen,2114234
2026-07-14T01:18:52.382358,2026-07-14T01:18:52.385778+00:00,81.5,200,bid,YieldingYams,WavyWalnuts,2114253
2026-07-14T01:18:52.382358,2026-07-14T01:18:52.396582+00:00,81.6,40,bid,YieldingYams,Andy Garg,2114254
2026-07-14T01:18:52.382358,2026-07-14T01:18:52.396582+00:00,81.6,10,bid,YieldingYams,Roger Xu,2114255
2026-07-14T01:18:52.413136,2026-07-14T01:18:52.418192+00:00,81.6,8,ask,YieldingYams,Roger Xu,2114257
2026-07-14T01:18:52.464387,2026-07-14T01:18:52.472874+00:00,81.6,8,ask,YieldingYams,Matthew Hanna,2114259
2026-07-14T01:18:52.600779,2026-07-14T01:18:52.612832+00:00,81.6,200,ask,YieldingYams,WavyWalnuts,2114262
2026-07-14T01:18:52.945839,2026-07-14T01:18:52.947761+00:00,81.6,2,ask,YieldingYams,Dinh Nguyen,2114273
2026-07-14T01:18:53.255793,2026-07-14T01:18:53.261651+00:00,81.8,8,bid,Lam Anh Pham,YieldingYams,2114281
2026-07-14T01:18:53.695785,2026-07-14T01:18:53.703992+00:00,81.4,40,ask,Andy Garg,YieldingYams,2114293
2026-07-14T01:18:53.695785,2026-07-14T01:18:53.703992+00:00,81.4,10,ask,Roger Xu,YieldingYams,2114294
2026-07-14T01:18:53.808050,2026-07-14T01:18:53.813020+00:00,81.4,200,bid,WavyWalnuts,YieldingYams,2114299
2026-07-14T01:18:54.208804,2026-07-14T01:18:54.214351+00:00,81.3,2,ask,AverageAlmonds,Dinh Nguyen,2114310
2026-07-14T01:18:54.276670,2026-07-14T01:18:54.279299+00:00,81.3,3,ask,AverageAlmonds,Lam Anh Pham,2114314
2026-07-14T01:18:54.280825,2026-07-14T01:18:54.290142+00:00,81.3,7,ask,AverageAlmonds,Lam Anh Pham,2114315
2026-07-14T01:18:55.005344,2026-07-14T01:18:55.027256+00:00,81.6,200,bid,YieldingYams,WavyWalnuts,2114328
2026-07-14T01:18:55.124936,2026-07-14T01:18:55.135744+00:00,81.6,5,ask,YieldingYams,Matthew Hanna,2114333
2026-07-14T01:18:55.166735,2026-07-14T01:18:55.178664+00:00,81.6,1,ask,YieldingYams,YUNSHEN JI,2114336
2026-07-14T01:18:55.444869,2026-07-14T01:18:55.470293+00:00,81.6,25,ask,YieldingYams,Dinh Nguyen,2114348
2026-07-14T01:18:56.333432,2026-07-14T01:18:56.355348+00:00,81.6,200,ask,WavyWalnuts,YieldingYams,2114367
2026-07-14T01:18:56.439604,2026-07-14T01:18:56.445270+00:00,81.4,20,ask,YieldingYams,BrilliantBurritos,2114372
2026-07-14T01:18:57.187829,2026-07-14T01:18:57.193467+00:00,81.5,2,bid,Dinh Nguyen,YieldingYams,2114393
2026-07-14T01:18:57.444303,2026-07-14T01:18:57.452674+00:00,81.5,200,bid,WavyWalnuts,YieldingYams,2114396
2026-07-14T01:18:58.442801,2026-07-14T01:18:58.448097+00:00,81.6,2,bid,Dinh Nguyen,YieldingYams,2114426
2026-07-14T01:18:59.684889,2026-07-14T01:18:59.695838+00:00,81.5,2,bid,Dinh Nguyen,YieldingYams,2114451
2026-07-14T01:18:59.869753,2026-07-14T01:18:59.878714+00:00,81.5,200,bid,WavyWalnuts,YieldingYams,2114459
2026-07-14T01:19:00.256971,2026-07-14T01:19:00.267588+00:00,81.6,10,bid,YieldingYams,Roger Xu,2114473
2026-07-14T01:19:00.256971,2026-07-14T01:19:00.267588+00:00,81.6,500,bid,YieldingYams,AverageAlmonds,2114474
2026-07-14T01:19:00.275107,2026-07-14T01:19:00.278589+00:00,81.6,25,ask,YieldingYams,Roger Xu,2114475
2026-07-14T01:19:00.370104,2026-07-14T01:19:00.381016+00:00,81.6,1,ask,YieldingYams,YUNSHEN JI,2114478
2026-07-14T01:19:00.420783,2026-07-14T01:19:00.459233+00:00,81.6,89,ask,YieldingYams,AverageAlmonds,2114479
2026-07-14T01:19:01.571558,2026-07-14T01:19:01.580157+00:00,81.5,200,ask,WavyWalnuts,YieldingYams,2114497
2026-07-14T01:19:01.571558,2026-07-14T01:19:01.580157+00:00,81.4,1,ask,Kelvin Chan,YieldingYams,2114498
2026-07-14T01:19:01.834729,2026-07-14T01:19:01.847094+00:00,81.4,38,bid,Roger Xu,YieldingYams,2114504
2026-07-14T01:19:01.981991,2026-07-14T01:19:01.987442+00:00,81.4,20,bid,BrilliantBurritos,YieldingYams,2114510
2026-07-14T01:19:02.081642,2026-07-14T01:19:02.084744+00:00,81.4,1,bid,YUNSHEN JI,YieldingYams,2114514
2026-07-14T01:19:02.162857,2026-07-14T01:19:02.170030+00:00,81.4,2,bid,Dinh Nguyen,YieldingYams,2114515
2026-07-14T01:19:02.288462,2026-07-14T01:19:02.299621+00:00,81.4,200,bid,WavyWalnuts,YieldingYams,2114517
2026-07-14T01:19:02.379386,2026-07-14T01:19:02.386310+00:00,81.2,10,ask,Andy Garg,Lam Anh Pham,2114524
2026-07-14T01:19:03.503167,2026-07-14T01:19:03.508724+00:00,81.5,200,ask,YieldingYams,WavyWalnuts,2114555
2026-07-14T01:19:03.642402,2026-07-14T01:19:03.649261+00:00,81.6,20,bid,BrilliantBurritos,AverageAlmonds,2114557
2026-07-14T01:19:04.072085,2026-07-14T01:19:04.076770+00:00,81.6,20,bid,BrilliantBurritos,AverageAlmonds,2114560
2026-07-14T01:19:04.189026,2026-07-14T01:19:04.193800+00:00,81.4,4,ask,Kelvin Chan,YieldingYams,2114566
2026-07-14T01:19:05.905518,2026-07-14T01:19:05.913907+00:00,81.4,40,bid,Andy Garg,WavyWalnuts,2114606
2026-07-14T01:19:05.914965,2026-07-14T01:19:05.924953+00:00,81.4,4,bid,Matthew Hanna,WavyWalnuts,2114611
2026-07-14T01:19:05.924011,2026-07-14T01:19:05.935960+00:00,81.4,200,bid,WavyWalnuts,YieldingYams,2114612
2026-07-14T01:19:09.438405,2026-07-14T01:19:09.443519+00:00,81.4,200,bid,YieldingYams,WavyWalnuts,2114690
2026-07-14T01:19:12.065397,2026-07-14T01:19:12.069620+00:00,81.5,200,bid,YieldingYams,WavyWalnuts,2114727
2026-07-14T01:19:12.326680,2026-07-14T01:19:12.339493+00:00,81.5,40,ask,YieldingYams,Andy Garg,2114741
2026-07-14T01:19:12.397693,2026-07-14T01:19:12.405493+00:00,81.5,5,ask,YieldingYams,Matthew Hanna,2114744
2026-07-14T01:19:12.428252,2026-07-14T01:19:12.438265+00:00,81.7,5,bid,Lam Anh Pham,Kelvin Chan,2114745
2026-07-14T01:19:12.428252,2026-07-14T01:19:12.438265+00:00,81.7,5,bid,Lam Anh Pham,YieldingYams,2114746
2026-07-14T01:19:13.187699,2026-07-14T01:19:13.192387+00:00,81.5,200,ask,YieldingYams,WavyWalnuts,2114760
2026-07-14T01:19:14.392321,2026-07-14T01:19:14.401593+00:00,81.5,200,bid,WavyWalnuts,YieldingYams,2114791
2026-07-14T01:19:14.462984,2026-07-14T01:19:14.466578+00:00,81.5,10,bid,Lam Anh Pham,YieldingYams,2114792
2026-07-14T01:19:15.417440,2026-07-14T01:19:15.422298+00:00,81.6,8,bid,BrilliantBurritos,Kelvin Chan,2114803
2026-07-14T01:19:15.992140,2026-07-14T01:19:16.001936+00:00,81.6,10,bid,BrilliantBurritos,Kelvin Chan,2114818
2026-07-14T01:19:16.807242,2026-07-14T01:19:16.809510+00:00,81.7,9,bid,WavyWalnuts,Kelvin Chan,2114829
2026-07-14T01:19:17.046821,2026-07-14T01:19:17.057127+00:00,81.7,26,ask,WavyWalnuts,Roger Xu,2114841
2026-07-14T01:19:18.017553,2026-07-14T01:19:18.024666+00:00,81.8,7,bid,WavyWalnuts,Kelvin Chan,2114861
2026-07-14T01:19:18.017553,2026-07-14T01:19:18.024666+00:00,81.8,193,bid,WavyWalnuts,AverageAlmonds,2114862
2026-07-14T01:19:18.611032,2026-07-14T01:19:18.670150+00:00,81.8,6,bid,Andy Garg,Kelvin Chan,2114880
2026-07-14T01:19:18.611032,2026-07-14T01:19:18.670150+00:00,81.8,34,bid,Andy Garg,AverageAlmonds,2114881
2026-07-14T01:19:18.638255,2026-07-14T01:19:18.670150+00:00,81.8,466,bid,YieldingYams,AverageAlmonds,2114883
2026-07-14T01:19:18.686646,2026-07-14T01:19:18.691881+00:00,82.0,10,bid,Matthew Hanna,WavyWalnuts,2114885
2026-07-14T01:19:19.187883,2026-07-14T01:19:19.208407+00:00,81.8,159,ask,YieldingYams,AverageAlmonds,2114894
2026-07-14T01:19:19.187883,2026-07-14T01:19:19.208407+00:00,81.7,10,ask,Roger Xu,AverageAlmonds,2114895
2026-07-14T01:19:19.226237,2026-07-14T01:19:19.230414+00:00,81.7,200,bid,WavyWalnuts,AverageAlmonds,2114899
2026-07-14T01:19:19.308744,2026-07-14T01:19:19.317043+00:00,81.7,10,bid,Matthew Hanna,AverageAlmonds,2114901
2026-07-14T01:19:19.461679,2026-07-14T01:19:19.467871+00:00,81.7,1,bid,YUNSHEN JI,AverageAlmonds,2114906
2026-07-14T01:19:19.534266,2026-07-14T01:19:19.544369+00:00,81.7,5,bid,Matthew Hanna,AverageAlmonds,2114907
2026-07-14T01:19:19.653747,2026-07-14T01:19:19.661369+00:00,81.7,22,bid,Roger Xu,AverageAlmonds,2114911
2026-07-14T01:19:20.030787,2026-07-14T01:19:20.040667+00:00,81.6,1,bid,YUNSHEN JI,YieldingYams,2114926
2026-07-14T01:19:20.434670,2026-07-14T01:19:20.469881+00:00,81.6,200,bid,WavyWalnuts,YieldingYams,2114939
2026-07-14T01:19:21.204607,2026-07-14T01:19:21.213184+00:00,81.4,19,ask,YieldingYams,Roger Xu,2114964
2026-07-14T01:19:21.258475,2026-07-14T01:19:21.266350+00:00,81.5,40,bid,YieldingYams,Andy Garg,2114967
2026-07-14T01:19:21.376433,2026-07-14T01:19:21.383059+00:00,81.5,10,ask,YieldingYams,Matthew Hanna,2114970
2026-07-14T01:19:21.605693,2026-07-14T01:19:21.618051+00:00,81.5,10,ask,YieldingYams,Matthew Hanna,2114976
2026-07-14T01:19:21.716518,2026-07-14T01:19:21.725978+00:00,81.5,25,ask,YieldingYams,Roger Xu,2114986
2026-07-14T01:19:21.750229,2026-07-14T01:19:21.758690+00:00,81.5,1,ask,YieldingYams,YUNSHEN JI,2114991
2026-07-14T01:19:21.817988,2026-07-14T01:19:21.821930+00:00,81.5,4,ask,YieldingYams,Matthew Hanna,2114993
2026-07-14T01:19:21.963493,2026-07-14T01:19:21.973158+00:00,81.6,34,bid,Andy Garg,YieldingYams,2115004
2026-07-14T01:19:22.431308,2026-07-14T01:19:22.442936+00:00,81.5,20,ask,YieldingYams,BrilliantBurritos,2115006
2026-07-14T01:19:23.884388,2026-07-14T01:19:23.887316+00:00,81.6,200,bid,YieldingYams,WavyWalnuts,2115037
2026-07-14T01:19:23.884388,2026-07-14T01:19:23.898475+00:00,81.7,4,bid,YieldingYams,Kelvin Chan,2115038
2026-07-14T01:19:24.087693,2026-07-14T01:19:24.093195+00:00,81.7,200,ask,YieldingYams,WavyWalnuts,2115044
2026-07-14T01:19:24.319788,2026-07-14T01:19:24.330010+00:00,81.8,12,bid,Roger Xu,AverageAlmonds,2115058
2026-07-14T01:19:24.540427,2026-07-14T01:19:24.542578+00:00,81.8,10,bid,Lam Anh Pham,AverageAlmonds,2115061
2026-07-14T01:19:24.984487,2026-07-14T01:19:24.989299+00:00,81.7,22,ask,YieldingYams,Andy Garg,2115069
2026-07-14T01:19:25.198013,2026-07-14T01:19:25.204316+00:00,81.6,10,ask,Roger Xu,YieldingYams,2115076
2026-07-14T01:19:26.534257,2026-07-14T01:19:26.536903+00:00,81.6,200,bid,WavyWalnuts,YieldingYams,2115107
2026-07-14T01:19:30.176372,2026-07-14T01:19:30.183816+00:00,81.6,200,ask,YieldingYams,WavyWalnuts,2115168
2026-07-14T01:19:31.168453,2026-07-14T01:19:31.173858+00:00,81.6,16,ask,AverageAlmonds,Andy Garg,2115189
2026-07-14T01:19:31.340217,2026-07-14T01:19:31.346743+00:00,81.6,5,ask,AverageAlmonds,Matthew Hanna,2115193
2026-07-14T01:19:31.387089,2026-07-14T01:19:31.390399+00:00,81.7,200,bid,WavyWalnuts,YieldingYams,2115196
2026-07-14T01:19:31.396196,2026-07-14T01:19:31.401331+00:00,81.6,24,ask,AverageAlmonds,Andy Garg,2115197
2026-07-14T01:19:32.604896,2026-07-14T01:19:32.615453+00:00,81.8,1,bid,Lam Anh Pham,Kelvin Chan,2115222
2026-07-14T01:19:32.618191,2026-07-14T01:19:32.626412+00:00,81.9,1,bid,Lam Anh Pham,YieldingYams,2115223
2026-07-14T01:19:32.970285,2026-07-14T01:19:32.981848+00:00,81.7,1,ask,YieldingYams,Andy Garg,2115240
2026-07-14T01:19:32.978234,2026-07-14T01:19:32.981848+00:00,81.7,5,ask,YieldingYams,Matthew Hanna,2115241
2026-07-14T01:19:33.402181,2026-07-14T01:19:33.413742+00:00,81.8,5,ask,YieldingYams,Matthew Hanna,2115249
2026-07-14T01:19:33.404852,2026-07-14T01:19:33.413742+00:00,81.8,1,ask,YieldingYams,YUNSHEN JI,2115250
2026-07-14T01:19:33.519023,2026-07-14T01:19:33.520934+00:00,81.8,17,ask,YieldingYams,Andy Garg,2115255
2026-07-14T01:19:33.611508,2026-07-14T01:19:33.618091+00:00,81.8,8,ask,YieldingYams,Matthew Hanna,2115256
2026-07-14T01:19:33.623400,2026-07-14T01:19:33.628939+00:00,81.8,10,ask,YieldingYams,Lam Anh Pham,2115257
2026-07-14T01:19:34.640466,2026-07-14T01:19:34.652760+00:00,81.9,1,bid,Lam Anh Pham,YieldingYams,2115279
2026-07-14T01:19:34.895871,2026-07-14T01:19:34.904040+00:00,81.9,20,bid,BrilliantBurritos,YieldingYams,2115285
2026-07-14T01:19:35.653527,2026-07-14T01:19:35.661070+00:00,81.9,1,bid,Lam Anh Pham,YieldingYams,2115309
2026-07-14T01:19:36.232564,2026-07-14T01:19:36.270066+00:00,81.8,200,ask,YieldingYams,WavyWalnuts,2115323
2026-07-14T01:19:36.659272,2026-07-14T01:19:36.661162+00:00,81.9,1,bid,Lam Anh Pham,Kelvin Chan,2115330
2026-07-14T01:19:36.670026,2026-07-14T01:19:36.672118+00:00,82.0,1,bid,Lam Anh Pham,YieldingYams,2115331
2026-07-14T01:19:37.658316,2026-07-14T01:19:37.663575+00:00,81.9,20,bid,BrilliantBurritos,YieldingYams,2115357
2026-07-14T01:19:37.679668,2026-07-14T01:19:37.684946+00:00,81.9,1,bid,Lam Anh Pham,YieldingYams,2115360
2026-07-14T01:19:38.656361,2026-07-14T01:19:38.658815+00:00,81.9,200,ask,YieldingYams,WavyWalnuts,2115378
2026-07-14T01:19:38.710803,2026-07-14T01:19:38.713388+00:00,82.0,1,bid,Lam Anh Pham,YieldingYams,2115380
2026-07-14T01:19:39.820966,2026-07-14T01:19:39.831030+00:00,82.0,1,bid,Andy Garg,Kelvin Chan,2115412
2026-07-14T01:19:39.820966,2026-07-14T01:19:39.831030+00:00,82.0,24,bid,Andy Garg,YieldingYams,2115413
2026-07-14T01:19:40.728111,2026-07-14T01:19:40.735611+00:00,82.0,1,bid,Lam Anh Pham,YieldingYams,2115428
2026-07-14T01:19:42.741671,2026-07-14T01:19:42.753717+00:00,82.0,1,bid,Lam Anh Pham,Kelvin Chan,2115480
2026-07-14T01:19:43.501292,2026-07-14T01:19:43.511888+00:00,82.0,3,bid,WavyWalnuts,Kelvin Chan,2115492
2026-07-14T01:19:43.919899,2026-07-14T01:19:43.925548+00:00,82.1,20,bid,BrilliantBurritos,YieldingYams,2115499
2026-07-14T01:19:44.764929,2026-07-14T01:19:44.776352+00:00,82.1,1,bid,Lam Anh Pham,YieldingYams,2115522
2026-07-14T01:19:45.779197,2026-07-14T01:19:45.788412+00:00,82.1,1,bid,Lam Anh Pham,Kelvin Chan,2115533
2026-07-14T01:19:45.926624,2026-07-14T01:19:45.930470+00:00,82.0,200,ask,YieldingYams,WavyWalnuts,2115539
2026-07-14T01:19:46.674206,2026-07-14T01:19:46.683739+00:00,82.1,1,bid,Lam Anh Pham,YieldingYams,2115562
2026-07-14T01:19:46.791631,2026-07-14T01:19:46.801343+00:00,82.1,6,bid,Lam Anh Pham,YieldingYams,2115564
2026-07-14T01:19:46.799603,2026-07-14T01:19:46.812364+00:00,82.1,1,bid,YUNSHEN JI,Kelvin Chan,2115566
2026-07-14T01:19:47.816320,2026-07-14T01:19:47.822461+00:00,82.0,1,bid,Lam Anh Pham,WavyWalnuts,2115586
2026-07-14T01:19:48.285315,2026-07-14T01:19:48.289178+00:00,82.0,38,bid,Andy Garg,WavyWalnuts,2115597
2026-07-14T01:19:48.821810,2026-07-14T01:19:48.825235+00:00,82.1,10,bid,Lam Anh Pham,WavyWalnuts,2115609
2026-07-14T01:19:48.845855,2026-07-14T01:19:48.858020+00:00,82.1,1,bid,Lam Anh Pham,WavyWalnuts,2115613
2026-07-14T01:19:49.851864,2026-07-14T01:19:49.858759+00:00,82.1,1,bid,Lam Anh Pham,YieldingYams,2115626
2026-07-14T01:19:51.979144,2026-07-14T01:19:51.990112+00:00,82.1,200,bid,WavyWalnuts,YieldingYams,2115663
2026-07-14T01:19:52.605480,2026-07-14T01:19:52.614858+00:00,82.1,78,bid,Gourab Sharma,YieldingYams,2115676
2026-07-14T01:19:52.661489,2026-07-14T01:19:52.669336+00:00,82.1,10,bid,Matthew Hanna,YieldingYams,2115679
2026-07-14T01:19:52.666791,2026-07-14T01:19:52.669336+00:00,82.1,10,bid,Matthew Hanna,YieldingYams,2115680
2026-07-14T01:19:52.733256,2026-07-14T01:19:52.745598+00:00,82.1,17,bid,Roger Xu,YieldingYams,2115685
2026-07-14T01:19:52.866515,2026-07-14T01:19:52.875645+00:00,82.3,10,bid,Lam Anh Pham,WavyWalnuts,2115691
2026-07-14T01:19:53.191136,2026-07-14T01:19:53.200907+00:00,82.1,200,ask,YieldingYams,WavyWalnuts,2115697
2026-07-14T01:19:54.324192,2026-07-14T01:19:54.331745+00:00,82.1,500,bid,AverageAlmonds,YieldingYams,2115720
2026-07-14T01:19:54.397903,2026-07-14T01:19:54.412620+00:00,82.1,125,bid,WavyWalnuts,YieldingYams,2115724
2026-07-14T01:19:54.505480,2026-07-14T01:19:54.508823+00:00,82.2,10,bid,Lam Anh Pham,WavyWalnuts,2115732
2026-07-14T01:19:54.597315,2026-07-14T01:19:54.606068+00:00,82.2,38,bid,Andy Garg,WavyWalnuts,2115736
2026-07-14T01:19:54.884018,2026-07-14T01:19:54.886817+00:00,82.2,10,bid,Matthew Hanna,WavyWalnuts,2115740
2026-07-14T01:19:54.919654,2026-07-14T01:19:54.929731+00:00,82.2,142,bid,AverageAlmonds,WavyWalnuts,2115741
2026-07-14T01:19:54.919654,2026-07-14T01:19:54.929731+00:00,82.2,1,bid,AverageAlmonds,Kelvin Chan,2115742
2026-07-14T01:19:55.610131,2026-07-14T01:19:55.613961+00:00,82.4,200,ask,YieldingYams,WavyWalnuts,2115750
2026-07-14T01:19:56.087245,2026-07-14T01:19:56.090520+00:00,82.4,40,ask,YieldingYams,Andy Garg,2115761
2026-07-14T01:19:56.821933,2026-07-14T01:19:56.824033+00:00,82.4,200,ask,YieldingYams,WavyWalnuts,2115783
2026-07-14T01:19:57.991328,2026-07-14T01:19:57.999926+00:00,82.3,10,ask,Roger Xu,YieldingYams,2115807
2026-07-14T01:19:58.209195,2026-07-14T01:19:58.221573+00:00,82.3,10,bid,Matthew Hanna,YieldingYams,2115814
2026-07-14T01:19:58.430879,2026-07-14T01:19:58.442047+00:00,82.3,7,bid,Matthew Hanna,YieldingYams,2115819
2026-07-14T01:19:58.480919,2026-07-14T01:19:58.485800+00:00,82.3,17,bid,Roger Xu,YieldingYams,2115822
2026-07-14T01:19:58.804562,2026-07-14T01:19:58.809431+00:00,82.3,3,bid,Andy Garg,YieldingYams,2115833
2026-07-14T01:19:58.842298,2026-07-14T01:19:58.852501+00:00,82.3,10,bid,Matthew Hanna,YieldingYams,2115834
2026-07-14T01:19:58.960914,2026-07-14T01:19:58.966393+00:00,82.3,25,bid,Dinh Nguyen,YieldingYams,2115837
2026-07-14T01:19:58.993673,2026-07-14T01:19:58.998950+00:00,82.3,14,bid,Roger Xu,YieldingYams,2115838
2026-07-14T01:19:59.054787,2026-07-14T01:19:59.062717+00:00,82.3,10,bid,Matthew Hanna,YieldingYams,2115841
2026-07-14T01:19:59.069501,2026-07-14T01:19:59.073604+00:00,82.3,4,bid,Matthew Hanna,YieldingYams,2115845
2026-07-14T01:19:59.123781,2026-07-14T01:19:59.126640+00:00,82.3,5,bid,YUNSHEN JI,YieldingYams,2115848
2026-07-14T01:19:59.242726,2026-07-14T01:19:59.245376+00:00,82.2,40,ask,Andy Garg,WavyWalnuts,2115855
2026-07-14T01:19:59.242726,2026-07-14T01:19:59.256090+00:00,82.2,160,ask,AverageAlmonds,WavyWalnuts,2115856
2026-07-14T01:19:59.686836,2026-07-14T01:19:59.692804+00:00,82.4,1,bid,YUNSHEN JI,YieldingYams,2115865
2026-07-14T01:20:00.252147,2026-07-14T01:20:00.256553+00:00,82.4,1,bid,YUNSHEN JI,YieldingYams,2115871
2026-07-14T01:20:00.883683,2026-07-14T01:20:00.887819+00:00,82.5,5,bid,Andy Garg,WavyWalnuts,2115893
2026-07-14T01:20:00.898175,2026-07-14T01:20:00.909277+00:00,82.5,5,bid,Matthew Hanna,WavyWalnuts,2115896
2026-07-14T01:20:00.942903,2026-07-14T01:20:00.952113+00:00,82.5,10,bid,Lam Anh Pham,WavyWalnuts,2115899
2026-07-14T01:20:00.955385,2026-07-14T01:20:00.962816+00:00,82.5,1,bid,Lam Anh Pham,WavyWalnuts,2115900
2026-07-14T01:20:01.009125,2026-07-14T01:20:01.017939+00:00,82.5,2,bid,Dinh Nguyen,WavyWalnuts,2115902
2026-07-14T01:20:01.396196,2026-07-14T01:20:01.401202+00:00,82.5,25,bid,YUNSHEN JI,WavyWalnuts,2115914
2026-07-14T01:20:01.682899,2026-07-14T01:20:01.699188+00:00,82.5,20,bid,BrilliantBurritos,YieldingYams,2115924
2026-07-14T01:20:02.060269,2026-07-14T01:20:02.069185+00:00,82.6,5,bid,Andy Garg,AverageAlmonds,2115934
2026-07-14T01:20:02.982411,2026-07-14T01:20:02.984586+00:00,82.6,10,bid,Lam Anh Pham,YieldingYams,2115950
2026-07-14T01:20:03.240633,2026-07-14T01:20:03.251081+00:00,82.5,200,ask,WavyWalnuts,YieldingYams,2115955
2026-07-14T01:20:03.694200,2026-07-14T01:20:03.697008+00:00,82.5,25,bid,YUNSHEN JI,YieldingYams,2115968
2026-07-14T01:20:05.165312,2026-07-14T01:20:05.176460+00:00,82.5,5,bid,Matthew Hanna,WavyWalnuts,2116001
2026-07-14T01:20:05.400382,2026-07-14T01:20:05.409849+00:00,82.5,25,bid,YUNSHEN JI,YieldingYams,2116016
2026-07-14T01:20:05.963166,2026-07-14T01:20:05.970203+00:00,82.4,17,bid,YUNSHEN JI,YieldingYams,2116028
2026-07-14T01:20:06.035581,2026-07-14T01:20:06.043726+00:00,82.4,3,bid,Lam Anh Pham,YieldingYams,2116030
2026-07-14T01:20:06.400889,2026-07-14T01:20:06.405731+00:00,82.4,25,bid,Dinh Nguyen,YieldingYams,2116041
2026-07-14T01:20:06.760940,2026-07-14T01:20:06.765854+00:00,82.3,25,bid,Roger Xu,WavyWalnuts,2116047
2026-07-14T01:20:07.168399,2026-07-14T01:20:07.178889+00:00,82.3,175,bid,YieldingYams,WavyWalnuts,2116054
2026-07-14T01:20:07.189168,2026-07-14T01:20:07.200082+00:00,82.5,5,bid,Matthew Hanna,YieldingYams,2116057
2026-07-14T01:20:08.877863,2026-07-14T01:20:08.882006+00:00,82.4,13,bid,Roger Xu,YieldingYams,2116094
2026-07-14T01:20:09.387387,2026-07-14T01:20:09.398211+00:00,82.3,18,ask,WavyWalnuts,Andy Garg,2116104
2026-07-14T01:20:09.795086,2026-07-14T01:20:09.797367+00:00,82.3,182,ask,WavyWalnuts,YieldingYams,2116121
2026-07-14T01:20:09.804361,2026-07-14T01:20:09.808154+00:00,82.3,25,bid,Dinh Nguyen,YieldingYams,2116122
2026-07-14T01:20:10.072482,2026-07-14T01:20:10.076920+00:00,82.3,1,bid,Lam Anh Pham,YieldingYams,2116127
2026-07-14T01:20:11.105883,2026-07-14T01:20:11.108350+00:00,82.4,200,bid,YieldingYams,WavyWalnuts,2116147
2026-07-14T01:20:11.362678,2026-07-14T01:20:11.365013+00:00,82.4,2,ask,YieldingYams,Andy Garg,2116154
2026-07-14T01:20:11.411112,2026-07-14T01:20:11.418133+00:00,82.4,20,ask,YieldingYams,BrilliantBurritos,2116155
2026-07-14T01:20:11.473648,2026-07-14T01:20:11.482058+00:00,82.4,38,ask,YieldingYams,Andy Garg,2116158
2026-07-14T01:20:11.743855,2026-07-14T01:20:11.752569+00:00,82.4,30,ask,YieldingYams,YUNSHEN JI,2116169
2026-07-14T01:20:12.312803,2026-07-14T01:20:12.321685+00:00,82.4,30,ask,YieldingYams,YUNSHEN JI,2116189
2026-07-14T01:20:12.419646,2026-07-14T01:20:12.433228+00:00,82.5,4,bid,YieldingYams,Kelvin Chan,2116192
2026-07-14T01:20:12.419646,2026-07-14T01:20:12.433228+00:00,82.5,200,bid,YieldingYams,WavyWalnuts,2116193
2026-07-14T01:20:12.457775,2026-07-14T01:20:12.465902+00:00,82.5,10,ask,YieldingYams,Matthew Hanna,2116195
2026-07-14T01:20:12.528114,2026-07-14T01:20:12.532601+00:00,82.5,75,ask,YieldingYams,Roger Xu,2116197
2026-07-14T01:20:12.553630,2026-07-14T01:20:12.565819+00:00,82.5,200,ask,YieldingYams,WavyWalnuts,2116199
2026-07-14T01:20:12.559566,2026-07-14T01:20:12.565819+00:00,82.5,2,ask,YieldingYams,Dinh Nguyen,2116200
2026-07-14T01:20:12.874665,2026-07-14T01:20:12.876520+00:00,82.5,2,ask,YieldingYams,YUNSHEN JI,2116202
2026-07-14T01:20:13.733726,2026-07-14T01:20:13.735817+00:00,82.5,40,ask,Andy Garg,YieldingYams,2116221
2026-07-14T01:20:13.733726,2026-07-14T01:20:13.777528+00:00,82.4,10,ask,Roger Xu,YieldingYams,2116222
2026-07-14T01:20:13.764135,2026-07-14T01:20:13.777528+00:00,82.4,200,bid,WavyWalnuts,YieldingYams,2116229
2026-07-14T01:20:13.855374,2026-07-14T01:20:13.864868+00:00,82.4,40,bid,Andy Garg,YieldingYams,2116237
2026-07-14T01:20:14.086332,2026-07-14T01:20:14.091560+00:00,82.3,38,ask,AverageAlmonds,Andy Garg,2116246
2026-07-14T01:20:14.100030,2026-07-14T01:20:14.102466+00:00,82.3,10,ask,AverageAlmonds,Matthew Hanna,2116247
2026-07-14T01:20:14.112729,2026-07-14T01:20:14.124286+00:00,82.3,10,ask,AverageAlmonds,Lam Anh Pham,2116248
2026-07-14T01:20:14.980037,2026-07-14T01:20:14.988096+00:00,82.4,200,bid,WavyWalnuts,YieldingYams,2116273
2026-07-14T01:20:15.127354,2026-07-14T01:20:15.132727+00:00,82.6,5,bid,Andy Garg,YieldingYams,2116279
2026-07-14T01:20:15.567899,2026-07-14T01:20:15.571433+00:00,82.6,2,bid,Dinh Nguyen,YieldingYams,2116292
2026-07-14T01:20:15.733184,2026-07-14T01:20:15.735512+00:00,82.6,5,bid,Andy Garg,YieldingYams,2116300
2026-07-14T01:20:15.769749,2026-07-14T01:20:15.778175+00:00,82.6,5,bid,Matthew Hanna,YieldingYams,2116301
2026-07-14T01:20:16.143973,2026-07-14T01:20:16.156311+00:00,82.6,10,bid,Lam Anh Pham,YieldingYams,2116308
2026-07-14T01:20:16.335347,2026-07-14T01:20:16.339591+00:00,82.4,20,ask,YieldingYams,BrilliantBurritos,2116315
2026-07-14T01:20:16.811166,2026-07-14T01:20:16.821042+00:00,82.6,2,bid,Dinh Nguyen,WavyWalnuts,2116333
2026-07-14T01:20:17.498202,2026-07-14T01:20:17.509169+00:00,82.5,25,bid,YUNSHEN JI,WavyWalnuts,2116348
2026-07-14T01:20:17.734010,2026-07-14T01:20:17.736802+00:00,82.5,3,bid,Roger Xu,WavyWalnuts,2116355
2026-07-14T01:20:17.842507,2026-07-14T01:20:17.869980+00:00,82.4,14,ask,WavyWalnuts,Andy Garg,2116362
2026-07-14T01:20:17.952972,2026-07-14T01:20:17.960817+00:00,82.4,10,ask,WavyWalnuts,Matthew Hanna,2116365
2026-07-14T01:20:18.059023,2026-07-14T01:20:18.067130+00:00,82.5,2,bid,Dinh Nguyen,WavyWalnuts,2116367
2026-07-14T01:20:18.061453,2026-07-14T01:20:18.067130+00:00,82.4,30,ask,WavyWalnuts,YUNSHEN JI,2116368
2026-07-14T01:20:18.156501,2026-07-14T01:20:18.166244+00:00,82.4,10,ask,WavyWalnuts,Lam Anh Pham,2116374
2026-07-14T01:20:19.300838,2026-07-14T01:20:19.311729+00:00,82.4,2,bid,Dinh Nguyen,WavyWalnuts,2116391
2026-07-14T01:20:19.822678,2026-07-14T01:20:19.825136+00:00,82.3,200,ask,YieldingYams,WavyWalnuts,2116406
2026-07-14T01:20:20.171309,2026-07-14T01:20:20.173922+00:00,82.5,20,bid,BrilliantBurritos,YieldingYams,2116416
2026-07-14T01:20:20.174820,2026-07-14T01:20:20.184444+00:00,82.3,5,ask,YieldingYams,Lam Anh Pham,2116417
2026-07-14T01:20:22.011115,2026-07-14T01:20:22.021074+00:00,82.3,5,ask,YieldingYams,Lam Anh Pham,2116453
2026-07-14T01:20:22.011115,2026-07-14T01:20:22.021074+00:00,82.3,5,ask,AverageAlmonds,Andy Garg,2116454
2026-07-14T01:20:22.046864,2026-07-14T01:20:22.053108+00:00,82.3,5,ask,Kelvin Chan,Matthew Hanna,2116459
2026-07-14T01:20:22.183232,2026-07-14T01:20:22.194329+00:00,82.4,4,bid,Lam Anh Pham,WavyWalnuts,2116462
2026-07-14T01:20:22.187636,2026-07-14T01:20:22.194329+00:00,82.3,5,ask,AverageAlmonds,Matthew Hanna,2116463
2026-07-14T01:20:23.193583,2026-07-14T01:20:23.200171+00:00,82.5,6,bid,Lam Anh Pham,WavyWalnuts,2116485
2026-07-14T01:20:24.205120,2026-07-14T01:20:24.212717+00:00,82.4,15,ask,WavyWalnuts,Andy Garg,2116508
2026-07-14T01:20:24.238830,2026-07-14T01:20:24.245544+00:00,82.4,10,ask,WavyWalnuts,Matthew Hanna,2116510
2026-07-14T01:20:24.658724,2026-07-14T01:20:24.667025+00:00,82.4,10,ask,WavyWalnuts,Matthew Hanna,2116525
2026-07-14T01:20:24.666849,2026-07-14T01:20:24.678134+00:00,82.4,25,ask,WavyWalnuts,Andy Garg,2116527
2026-07-14T01:20:24.709009,2026-07-14T01:20:24.722423+00:00,82.4,25,ask,WavyWalnuts,YUNSHEN JI,2116530
2026-07-14T01:20:25.277061,2026-07-14T01:20:25.289757+00:00,82.4,3,ask,WavyWalnuts,YUNSHEN JI,2116538
2026-07-14T01:20:25.893507,2026-07-14T01:20:25.904907+00:00,82.5,200,bid,WavyWalnuts,YieldingYams,2116550
2026-07-14T01:20:27.913214,2026-07-14T01:20:27.922865+00:00,82.4,7,ask,YieldingYams,Matthew Hanna,2116598
2026-07-14T01:20:28.318362,2026-07-14T01:20:28.327014+00:00,82.4,200,ask,YieldingYams,WavyWalnuts,2116606
2026-07-14T01:20:28.332855,2026-07-14T01:20:28.337864+00:00,82.5,40,bid,Andy Garg,YieldingYams,2116608
2026-07-14T01:20:30.734738,2026-07-14T01:20:30.746055+00:00,82.4,200,ask,YieldingYams,WavyWalnuts,2116656
2026-07-14T01:20:31.766110,2026-07-14T01:20:31.778264+00:00,82.5,5,ask,YieldingYams,Matthew Hanna,2116679
2026-07-14T01:20:31.945030,2026-07-14T01:20:31.952642+00:00,82.5,200,ask,YieldingYams,WavyWalnuts,2116683
2026-07-14T01:20:32.113404,2026-07-14T01:20:32.125132+00:00,82.4,38,ask,YieldingYams,Andy Garg,2116685
2026-07-14T01:20:32.220360,2026-07-14T01:20:32.232680+00:00,82.4,10,ask,YieldingYams,Lam Anh Pham,2116689
2026-07-14T01:20:33.236121,2026-07-14T01:20:33.244810+00:00,82.6,10,bid,Lam Anh Pham,YieldingYams,2116734
2026-07-14T01:20:33.457103,2026-07-14T01:20:33.461164+00:00,82.5,20,ask,WavyWalnuts,BrilliantBurritos,2116738
2026-07-14T01:20:37.324247,2026-07-14T01:20:37.329549+00:00,82.6,200,ask,WavyWalnuts,AverageAlmonds,2116819
2026-07-14T01:20:38.248117,2026-07-14T01:20:38.260134+00:00,82.5,20,ask,YieldingYams,BrilliantBurritos,2116841
2026-07-14T01:20:38.915509,2026-07-14T01:20:38.920232+00:00,82.6,15,bid,Andy Garg,WavyWalnuts,2116853
2026-07-14T01:20:39.258113,2026-07-14T01:20:39.266187+00:00,82.6,10,bid,Lam Anh Pham,YieldingYams,2116864
2026-07-14T01:20:42.051587,2026-07-14T01:20:42.061852+00:00,82.6,34,ask,WavyWalnuts,Roger Xu,2116918
2026-07-14T01:20:42.528285,2026-07-14T01:20:42.559384+00:00,82.6,20,ask,WavyWalnuts,BrilliantBurritos,2116928
2026-07-14T01:20:42.585555,2026-07-14T01:20:42.593629+00:00,82.6,146,ask,WavyWalnuts,YieldingYams,2116933
2026-07-14T01:20:43.900008,2026-07-14T01:20:43.911143+00:00,82.5,200,ask,WavyWalnuts,YieldingYams,2116962
2026-07-14T01:20:43.967173,2026-07-14T01:20:43.975140+00:00,82.5,1,bid,YUNSHEN JI,YieldingYams,2116964
2026-07-14T01:20:44.092700,2026-07-14T01:20:44.104541+00:00,82.5,10,bid,Matthew Hanna,YieldingYams,2116967
2026-07-14T01:20:45.220722,2026-07-14T01:20:45.232327+00:00,82.5,200,bid,YieldingYams,WavyWalnuts,2116990
2026-07-14T01:20:45.220722,2026-07-14T01:20:45.232327+00:00,82.7,1,bid,YieldingYams,Kelvin Chan,2116991
2026-07-14T01:20:45.220722,2026-07-14T01:20:45.232327+00:00,82.7,424,bid,YieldingYams,AverageAlmonds,2116992
2026-07-14T01:20:46.534284,2026-07-14T01:20:46.537464+00:00,82.4,10,bid,Matthew Hanna,WavyWalnuts,2117024
2026-07-14T01:20:46.750673,2026-07-14T01:20:46.758170+00:00,82.4,8,bid,Matthew Hanna,WavyWalnuts,2117034
2026-07-14T01:20:46.823199,2026-07-14T01:20:46.830445+00:00,82.4,1,bid,YUNSHEN JI,WavyWalnuts,2117039
2026-07-14T01:20:49.190762,2026-07-14T01:20:49.198112+00:00,82.3,1,ask,Kelvin Chan,BrilliantBurritos,2117093
2026-07-14T01:20:49.190762,2026-07-14T01:20:49.198112+00:00,82.3,19,ask,WavyWalnuts,BrilliantBurritos,2117094
2026-07-14T01:20:49.386654,2026-07-14T01:20:49.403453+00:00,82.4,10,bid,Matthew Hanna,YieldingYams,2117107
2026-07-14T01:20:50.482715,2026-07-14T01:20:50.491870+00:00,82.3,200,bid,YieldingYams,WavyWalnuts,2117119
2026-07-14T01:20:51.622433,2026-07-14T01:20:51.630175+00:00,82.5,10,bid,Matthew Hanna,YieldingYams,2117140
2026-07-14T01:20:52.916848,2026-07-14T01:20:52.919254+00:00,82.4,2,ask,WavyWalnuts,YUNSHEN JI,2117161
2026-07-14T01:20:53.119389,2026-07-14T01:20:53.121865+00:00,82.4,198,ask,WavyWalnuts,YieldingYams,2117170
2026-07-14T01:20:53.121636,2026-07-14T01:20:53.132734+00:00,82.3,10,bid,Roger Xu,YieldingYams,2117171
2026-07-14T01:20:53.654377,2026-07-14T01:20:53.664410+00:00,82.3,5,bid,Matthew Hanna,YieldingYams,2117188
2026-07-14T01:20:53.687093,2026-07-14T01:20:53.696598+00:00,82.3,2,bid,Andy Garg,YieldingYams,2117189
2026-07-14T01:20:53.758865,2026-07-14T01:20:53.770444+00:00,82.3,200,bid,WavyWalnuts,YieldingYams,2117190
2026-07-14T01:20:54.426568,2026-07-14T01:20:54.433375+00:00,82.4,200,bid,YieldingYams,WavyWalnuts,2117212
2026-07-14T01:20:55.736293,2026-07-14T01:20:55.740752+00:00,82.5,200,ask,WavyWalnuts,YieldingYams,2117226
2026-07-14T01:20:55.782942,2026-07-14T01:20:55.793836+00:00,82.4,1,bid,YUNSHEN JI,YieldingYams,2117232
2026-07-14T01:20:55.915056,2026-07-14T01:20:55.921398+00:00,82.3,1,ask,Kelvin Chan,Matthew Hanna,2117233
2026-07-14T01:20:56.175453,2026-07-14T01:20:56.179485+00:00,82.4,200,bid,WavyWalnuts,YieldingYams,2117245
2026-07-14T01:20:57.044906,2026-07-14T01:20:57.054603+00:00,82.5,200,bid,YieldingYams,WavyWalnuts,2117257
2026-07-14T01:20:58.593221,2026-07-14T01:20:58.603606+00:00,82.5,200,bid,WavyWalnuts,YieldingYams,2117300
2026-07-14T01:20:59.382184,2026-07-14T01:20:59.385921+00:00,82.5,5,bid,Matthew Hanna,AverageAlmonds,2117311
2026-07-14T01:20:59.389117,2026-07-14T01:20:59.396768+00:00,82.5,12,bid,Andy Garg,YieldingYams,2117312
2026-07-14T01:20:59.671564,2026-07-14T01:20:59.683853+00:00,82.5,500,bid,YieldingYams,AverageAlmonds,2117319
2026-07-14T01:20:59.730946,2026-07-14T01:20:59.737806+00:00,82.5,125,ask,YieldingYams,AverageAlmonds,2117320
2026-07-14T01:20:59.999794,2026-07-14T01:21:00.006749+00:00,82.5,5,bid,Matthew Hanna,YieldingYams,2117328
2026-07-14T01:21:00.042544,2026-07-14T01:21:00.049486+00:00,82.5,21,bid,Andy Garg,AverageAlmonds,2117329
2026-07-14T01:21:00.353888,2026-07-14T01:21:00.364444+00:00,82.4,20,ask,WavyWalnuts,BrilliantBurritos,2117338
2026-07-14T01:21:02.186423,2026-07-14T01:21:02.196079+00:00,82.5,5,bid,Andy Garg,AverageAlmonds,2117384
2026-07-14T01:21:03.193906,2026-07-14T01:21:03.204301+00:00,82.4,20,ask,YieldingYams,BrilliantBurritos,2117395
2026-07-14T01:21:03.420376,2026-07-14T01:21:03.431088+00:00,82.5,5,bid,Matthew Hanna,WavyWalnuts,2117403
2026-07-14T01:21:03.428028,2026-07-14T01:21:03.431088+00:00,82.5,200,bid,WavyWalnuts,AverageAlmonds,2117404
2026-07-14T01:21:03.935246,2026-07-14T01:21:03.939885+00:00,82.5,5,bid,Andy Garg,AverageAlmonds,2117425
2026-07-14T01:21:04.030679,2026-07-14T01:21:04.037938+00:00,82.5,5,bid,Matthew Hanna,YieldingYams,2117432
2026-07-14T01:21:04.033338,2026-07-14T01:21:04.037938+00:00,82.5,4,bid,YUNSHEN JI,YieldingYams,2117433
2026-07-14T01:21:04.224003,2026-07-14T01:21:04.234038+00:00,82.5,25,bid,Dinh Nguyen,YieldingYams,2117440
2026-07-14T01:21:04.239291,2026-07-14T01:21:04.244896+00:00,82.5,5,bid,Matthew Hanna,YieldingYams,2117441
2026-07-14T01:21:04.627093,2026-07-14T01:21:04.630422+00:00,82.5,25,bid,YUNSHEN JI,YieldingYams,2117453
2026-07-14T01:21:04.636113,2026-07-14T01:21:04.641291+00:00,82.5,200,bid,WavyWalnuts,YieldingYams,2117454
2026-07-14T01:21:04.915084,2026-07-14T01:21:04.920655+00:00,82.5,500,bid,YieldingYams,AverageAlmonds,2117464
2026-07-14T01:21:05.183710,2026-07-14T01:21:05.187154+00:00,82.5,125,ask,YieldingYams,AverageAlmonds,2117468
2026-07-14T01:21:05.183710,2026-07-14T01:21:05.187154+00:00,82.4,10,ask,Roger Xu,AverageAlmonds,2117469
2026-07-14T01:21:06.226221,2026-07-14T01:21:06.243585+00:00,82.4,200,ask,WavyWalnuts,YieldingYams,2117495
2026-07-14T01:21:06.226221,2026-07-14T01:21:06.243585+00:00,82.3,1,ask,Kelvin Chan,YieldingYams,2117496
2026-07-14T01:21:06.226221,2026-07-14T01:21:06.243585+00:00,82.3,10,ask,Roger Xu,YieldingYams,2117497
2026-07-14T01:21:06.278020,2026-07-14T01:21:06.285752+00:00,82.2,1,ask,Roger Xu,Dinh Nguyen,2117499
2026-07-14T01:21:06.402990,2026-07-14T01:21:06.413253+00:00,82.3,30,bid,YUNSHEN JI,YieldingYams,2117504
2026-07-14T01:21:06.497077,2026-07-14T01:21:06.503680+00:00,82.3,5,bid,YUNSHEN JI,YieldingYams,2117508
2026-07-14T01:21:06.694089,2026-07-14T01:21:06.704786+00:00,82.3,25,bid,Roger Xu,YieldingYams,2117511
2026-07-14T01:21:06.970976,2026-07-14T01:21:06.975379+00:00,82.3,5,bid,Matthew Hanna,YieldingYams,2117524
2026-07-14T01:21:07.048078,2026-07-14T01:21:07.050686+00:00,82.3,200,bid,WavyWalnuts,YieldingYams,2117528
2026-07-14T01:21:07.535834,2026-07-14T01:21:07.555017+00:00,82.4,40,bid,YieldingYams,Andy Garg,2117537
2026-07-14T01:21:07.725563,2026-07-14T01:21:07.732157+00:00,82.4,57,ask,YieldingYams,Roger Xu,2117545
2026-07-14T01:21:07.732270,2026-07-14T01:21:07.743118+00:00,82.4,10,ask,YieldingYams,Matthew Hanna,2117547
2026-07-14T01:21:07.951080,2026-07-14T01:21:07.959486+00:00,82.5,10,bid,Matthew Hanna,YieldingYams,2117549
2026-07-14T01:21:08.256908,2026-07-14T01:21:08.264147+00:00,82.4,200,ask,YieldingYams,WavyWalnuts,2117563
2026-07-14T01:21:08.477587,2026-07-14T01:21:08.486094+00:00,82.5,17,bid,Andy Garg,YieldingYams,2117578
2026-07-14T01:21:08.557218,2026-07-14T01:21:08.567753+00:00,82.5,5,bid,Matthew Hanna,YieldingYams,2117580
2026-07-14T01:21:09.190888,2026-07-14T01:21:09.197954+00:00,82.3,20,ask,WavyWalnuts,BrilliantBurritos,2117587
2026-07-14T01:21:09.274870,2026-07-14T01:21:09.284630+00:00,82.4,11,bid,YUNSHEN JI,YieldingYams,2117589
2026-07-14T01:21:09.284159,2026-07-14T01:21:09.295605+00:00,82.4,25,bid,Roger Xu,YieldingYams,2117593
2026-07-14T01:21:09.344099,2026-07-14T01:21:09.350095+00:00,82.4,13,bid,Andy Garg,YieldingYams,2117595
2026-07-14T01:21:09.386618,2026-07-14T01:21:09.394182+00:00,82.4,5,bid,Matthew Hanna,YieldingYams,2117599
2026-07-14T01:21:09.794015,2026-07-14T01:21:09.806743+00:00,82.4,25,bid,Dinh Nguyen,YieldingYams,2117617
2026-07-14T01:21:09.800385,2026-07-14T01:21:09.806743+00:00,82.4,25,bid,Roger Xu,YieldingYams,2117618
2026-07-14T01:21:09.837396,2026-07-14T01:21:09.839798+00:00,82.4,19,bid,YUNSHEN JI,YieldingYams,2117623
2026-07-14T01:21:10.412068,2026-07-14T01:21:10.414380+00:00,82.5,5,bid,Matthew Hanna,WavyWalnuts,2117636
2026-07-14T01:21:10.624746,2026-07-14T01:21:10.636295+00:00,82.5,5,bid,Matthew Hanna,WavyWalnuts,2117647
2026-07-14T01:21:14.295501,2026-07-14T01:21:14.308133+00:00,82.4,200,bid,WavyWalnuts,YieldingYams,2117730
2026-07-14T01:21:14.458793,2026-07-14T01:21:14.469559+00:00,82.4,20,bid,Roger Xu,YieldingYams,2117731
2026-07-14T01:21:14.520691,2026-07-14T01:21:14.532893+00:00,82.4,20,bid,BrilliantBurritos,YieldingYams,2117733
2026-07-14T01:21:17.938936,2026-07-14T01:21:17.950341+00:00,82.6,200,bid,WavyWalnuts,YieldingYams,2117798
2026-07-14T01:21:18.086877,2026-07-14T01:21:18.090920+00:00,82.7,1,bid,Roger Xu,Kelvin Chan,2117802
2026-07-14T01:21:19.131162,2026-07-14T01:21:19.137481+00:00,82.7,2,bid,Roger Xu,Kelvin Chan,2117839
2026-07-14T01:21:19.643697,2026-07-14T01:21:19.649070+00:00,82.7,2,bid,Roger Xu,YieldingYams,2117848
2026-07-14T01:21:20.024897,2026-07-14T01:21:20.031171+00:00,82.6,20,ask,WavyWalnuts,BrilliantBurritos,2117854
2026-07-14T01:21:20.362407,2026-07-14T01:21:20.371735+00:00,82.7,200,bid,WavyWalnuts,YieldingYams,2117860
2026-07-14T01:21:20.929794,2026-07-14T01:21:20.935313+00:00,82.7,1,bid,Matthew Hanna,Kelvin Chan,2117877
2026-07-14T01:21:21.137137,2026-07-14T01:21:21.147017+00:00,82.8,1,bid,Matthew Hanna,WavyWalnuts,2117884
2026-07-14T01:21:21.573929,2026-07-14T01:21:21.585279+00:00,82.6,35,ask,Andy Garg,WavyWalnuts,2117893
2026-07-14T01:21:21.573929,2026-07-14T01:21:21.585279+00:00,82.6,165,ask,YieldingYams,WavyWalnuts,2117894
2026-07-14T01:21:21.702776,2026-07-14T01:21:21.712362+00:00,82.8,12,bid,Roger Xu,YieldingYams,2117898
2026-07-14T01:21:22.023485,2026-07-14T01:21:22.025383+00:00,82.7,20,bid,Akshit Parekh,YieldingYams,2117911
2026-07-14T01:21:22.244989,2026-07-14T01:21:22.254064+00:00,82.7,20,bid,Akshit Parekh,YieldingYams,2117919
2026-07-14T01:21:22.457525,2026-07-14T01:21:22.460064+00:00,82.7,10,bid,Akshit Parekh,YieldingYams,2117926
2026-07-14T01:21:23.277809,2026-07-14T01:21:23.282568+00:00,82.7,3,bid,Akshit Parekh,WavyWalnuts,2117945
2026-07-14T01:21:23.482865,2026-07-14T01:21:23.485149+00:00,82.7,20,bid,Akshit Parekh,WavyWalnuts,2117949
2026-07-14T01:21:23.492204,2026-07-14T01:21:23.495934+00:00,82.7,3,bid,Akshit Parekh,WavyWalnuts,2117951
2026-07-14T01:21:23.697523,2026-07-14T01:21:23.707963+00:00,82.6,20,ask,YieldingYams,Akshit Parekh,2117954
2026-07-14T01:21:23.715537,2026-07-14T01:21:23.718715+00:00,82.7,3,bid,Akshit Parekh,WavyWalnuts,2117958
2026-07-14T01:21:23.920266,2026-07-14T01:21:23.932151+00:00,82.7,20,bid,Akshit Parekh,WavyWalnuts,2117964
2026-07-14T01:21:23.928089,2026-07-14T01:21:23.932151+00:00,82.7,1,bid,Akshit Parekh,WavyWalnuts,2117966
2026-07-14T01:21:24.132896,2026-07-14T01:21:24.144682+00:00,82.6,20,ask,YieldingYams,Akshit Parekh,2117971
2026-07-14T01:21:24.364521,2026-07-14T01:21:24.369348+00:00,82.6,15,ask,YieldingYams,Akshit Parekh,2117981
2026-07-14T01:21:25.201437,2026-07-14T01:21:25.204494+00:00,82.6,200,ask,YieldingYams,WavyWalnuts,2117995
2026-07-14T01:21:26.388247,2026-07-14T01:21:26.393860+00:00,82.7,5,bid,Roger Xu,YieldingYams,2118019
2026-07-14T01:21:26.406955,2026-07-14T01:21:26.415297+00:00,82.7,200,bid,WavyWalnuts,YieldingYams,2118021
2026-07-14T01:21:27.926870,2026-07-14T01:21:27.937425+00:00,82.8,6,bid,Roger Xu,Kelvin Chan,2118056
2026-07-14T01:21:27.926870,2026-07-14T01:21:27.937425+00:00,82.8,7,bid,Roger Xu,YieldingYams,2118057
2026-07-14T01:21:30.070912,2026-07-14T01:21:30.075056+00:00,82.5,200,ask,YieldingYams,WavyWalnuts,2118097
2026-07-14T01:21:30.076137,2026-07-14T01:21:30.086078+00:00,82.5,20,ask,YieldingYams,BrilliantBurritos,2118098
2026-07-14T01:21:30.433908,2026-07-14T01:21:30.437863+00:00,82.7,5,bid,Matthew Hanna,YieldingYams,2118107
2026-07-14T01:21:32.139382,2026-07-14T01:21:32.146704+00:00,82.5,20,bid,BrilliantBurritos,YieldingYams,2118139
2026-07-14T01:21:33.748936,2026-07-14T01:21:33.760562+00:00,82.5,200,ask,WavyWalnuts,YieldingYams,2118168
2026-07-14T01:21:36.124424,2026-07-14T01:21:36.128992+00:00,82.4,4,ask,Kelvin Chan,WavyWalnuts,2118219
2026-07-14T01:21:36.124424,2026-07-14T01:21:36.128992+00:00,82.4,196,ask,YieldingYams,WavyWalnuts,2118220
2026-07-14T01:21:36.334219,2026-07-14T01:21:36.346159+00:00,82.6,12,bid,Roger Xu,YieldingYams,2118227
2026-07-14T01:21:36.843662,2026-07-14T01:21:36.848648+00:00,82.5,1,bid,Roger Xu,YieldingYams,2118242
2026-07-14T01:21:37.334935,2026-07-14T01:21:37.344346+00:00,82.4,10,ask,Kelvin Chan,WavyWalnuts,2118248
2026-07-14T01:21:37.334935,2026-07-14T01:21:37.344346+00:00,82.4,190,ask,AverageAlmonds,WavyWalnuts,2118249
2026-07-14T01:21:37.479409,2026-07-14T01:21:37.483108+00:00,82.5,20,bid,BrilliantBurritos,YieldingYams,2118255
2026-07-14T01:21:40.049221,2026-07-14T01:21:40.060613+00:00,82.4,10,ask,WavyWalnuts,BrilliantBurritos,2118304
2026-07-14T01:21:40.049221,2026-07-14T01:21:40.060613+00:00,82.4,10,ask,Kelvin Chan,BrilliantBurritos,2118305
2026-07-14T01:21:44.233523,2026-07-14T01:21:44.235803+00:00,82.5,200,ask,WavyWalnuts,YieldingYams,2118415
2026-07-14T01:21:44.921729,2026-07-14T01:21:44.924157+00:00,82.5,20,bid,BrilliantBurritos,YieldingYams,2118427
2026-07-14T01:21:45.541458,2026-07-14T01:21:45.550238+00:00,82.5,200,bid,YieldingYams,WavyWalnuts,2118440
2026-07-14T01:21:46.850531,2026-07-14T01:21:46.865629+00:00,82.6,200,bid,YieldingYams,WavyWalnuts,2118462
2026-07-14T01:21:47.023909,2026-07-14T01:21:47.035318+00:00,82.6,200,ask,YieldingYams,WavyWalnuts,2118467
2026-07-14T01:21:47.046593,2026-07-14T01:21:47.056690+00:00,82.6,10,ask,YieldingYams,Matthew Hanna,2118468
2026-07-14T01:21:48.189337,2026-07-14T01:21:48.196592+00:00,82.5,200,ask,WavyWalnuts,YieldingYams,2118485
2026-07-14T01:21:48.227469,2026-07-14T01:21:48.240094+00:00,82.5,200,bid,WavyWalnuts,YieldingYams,2118487
2026-07-14T01:21:48.726388,2026-07-14T01:21:48.728188+00:00,82.5,25,bid,Roger Xu,YieldingYams,2118498
2026-07-14T01:21:49.237331,2026-07-14T01:21:49.243838+00:00,82.5,25,bid,Roger Xu,YieldingYams,2118502
2026-07-14T01:21:49.261169,2026-07-14T01:21:49.265833+00:00,82.5,20,bid,BrilliantBurritos,YieldingYams,2118504
2026-07-14T01:21:49.434546,2026-07-14T01:21:49.451665+00:00,82.5,155,bid,WavyWalnuts,YieldingYams,2118512
2026-07-14T01:21:49.496114,2026-07-14T01:21:49.517514+00:00,82.6,13,bid,YieldingYams,Kelvin Chan,2118516
2026-07-14T01:21:49.496114,2026-07-14T01:21:49.517514+00:00,82.7,200,bid,YieldingYams,WavyWalnuts,2118517
2026-07-14T01:21:49.682620,2026-07-14T01:21:49.689804+00:00,82.7,10,ask,YieldingYams,Matthew Hanna,2118522
2026-07-14T01:21:49.904676,2026-07-14T01:21:49.915013+00:00,82.7,10,ask,YieldingYams,Matthew Hanna,2118529
2026-07-14T01:21:49.935779,2026-07-14T01:21:49.947386+00:00,82.7,40,ask,YieldingYams,Andy Garg,2118531
2026-07-14T01:21:50.117777,2026-07-14T01:21:50.130867+00:00,82.7,3,ask,YieldingYams,Matthew Hanna,2118539
2026-07-14T01:21:50.162527,2026-07-14T01:21:50.174107+00:00,82.7,30,ask,YieldingYams,YUNSHEN JI,2118542
2026-07-14T01:21:50.591659,2026-07-14T01:21:50.600271+00:00,82.7,319,ask,YieldingYams,AverageAlmonds,2118548
2026-07-14T01:21:50.819771,2026-07-14T01:21:50.823885+00:00,82.5,200,ask,WavyWalnuts,YieldingYams,2118555
2026-07-14T01:21:50.819771,2026-07-14T01:21:50.823885+00:00,82.4,10,ask,Roger Xu,YieldingYams,2118556
2026-07-14T01:21:50.885016,2026-07-14T01:21:50.895057+00:00,82.3,11,ask,Kelvin Chan,Andy Garg,2118558
2026-07-14T01:21:51.315379,2026-07-14T01:21:51.317959+00:00,82.4,25,bid,Roger Xu,YieldingYams,2118566
2026-07-14T01:21:51.324593,2026-07-14T01:21:51.329000+00:00,82.4,25,bid,YUNSHEN JI,YieldingYams,2118567
2026-07-14T01:21:51.391532,2026-07-14T01:21:51.393388+00:00,82.4,20,bid,BrilliantBurritos,YieldingYams,2118569
2026-07-14T01:21:52.127972,2026-07-14T01:21:52.138415+00:00,82.5,200,bid,YieldingYams,WavyWalnuts,2118585
2026-07-14T01:21:52.863049,2026-07-14T01:21:52.868459+00:00,82.6,5,bid,Roger Xu,YieldingYams,2118606
2026-07-14T01:21:53.068949,2026-07-14T01:21:53.072270+00:00,82.5,200,ask,YieldingYams,WavyWalnuts,2118612
2026-07-14T01:21:53.082649,2026-07-14T01:21:53.094296+00:00,82.6,5,bid,YUNSHEN JI,YieldingYams,2118614
2026-07-14T01:21:53.523487,2026-07-14T01:21:53.531698+00:00,82.4,20,ask,Andy Garg,BrilliantBurritos,2118622
2026-07-14T01:21:54.760927,2026-07-14T01:21:54.776697+00:00,82.4,200,ask,WavyWalnuts,YieldingYams,2118654
2026-07-14T01:21:55.482653,2026-07-14T01:21:55.492871+00:00,82.4,200,bid,WavyWalnuts,YieldingYams,2118669
2026-07-14T01:21:56.071290,2026-07-14T01:21:56.085621+00:00,82.4,40,bid,YieldingYams,Andy Garg,2118687
2026-07-14T01:21:56.071290,2026-07-14T01:21:56.085621+00:00,82.5,200,bid,YieldingYams,WavyWalnuts,2118688
2026-07-14T01:21:56.192090,2026-07-14T01:21:56.204635+00:00,82.5,40,ask,YieldingYams,Andy Garg,2118693
2026-07-14T01:21:57.080000,2026-07-14T01:21:57.086554+00:00,82.5,10,ask,YieldingYams,Matthew Hanna,2118719
2026-07-14T01:21:57.134183,2026-07-14T01:21:57.140269+00:00,82.5,15,ask,YieldingYams,Andy Garg,2118720
2026-07-14T01:21:57.366546,2026-07-14T01:21:57.379036+00:00,82.6,17,bid,Andy Garg,WavyWalnuts,2118731
2026-07-14T01:21:57.487180,2026-07-14T01:21:57.498250+00:00,82.6,5,bid,Matthew Hanna,WavyWalnuts,2118735
2026-07-14T01:21:57.706340,2026-07-14T01:21:57.713329+00:00,82.6,20,bid,BrilliantBurritos,WavyWalnuts,2118738
2026-07-14T01:21:59.054915,2026-07-14T01:21:59.064078+00:00,82.5,200,ask,WavyWalnuts,AverageAlmonds,2118764
2026-07-14T01:22:00.007102,2026-07-14T01:22:00.016908+00:00,82.5,500,bid,YieldingYams,AverageAlmonds,2118783
2026-07-14T01:22:00.007102,2026-07-14T01:22:00.016908+00:00,82.6,125,bid,YieldingYams,WavyWalnuts,2118784
2026-07-14T01:22:01.318933,2026-07-14T01:22:01.333560+00:00,82.4,40,ask,Andy Garg,YieldingYams,2118812
2026-07-14T01:22:01.318933,2026-07-14T01:22:01.333560+00:00,82.4,200,ask,WavyWalnuts,YieldingYams,2118813
2026-07-14T01:22:01.540540,2026-07-14T01:22:01.549295+00:00,82.4,200,bid,WavyWalnuts,YieldingYams,2118823
2026-07-14T01:22:02.313830,2026-07-14T01:22:02.321520+00:00,82.4,34,bid,Andy Garg,YieldingYams,2118838
2026-07-14T01:22:02.765871,2026-07-14T01:22:02.771618+00:00,82.4,200,bid,WavyWalnuts,AverageAlmonds,2118845
2026-07-14T01:22:02.873991,2026-07-14T01:22:02.879202+00:00,82.4,20,bid,BrilliantBurritos,AverageAlmonds,2118854
2026-07-14T01:22:03.940175,2026-07-14T01:22:03.952922+00:00,82.4,500,bid,YieldingYams,AverageAlmonds,2118883
2026-07-14T01:22:03.940175,2026-07-14T01:22:03.952922+00:00,82.5,40,bid,YieldingYams,Andy Garg,2118884
2026-07-14T01:22:03.940175,2026-07-14T01:22:03.952922+00:00,82.6,10,bid,YieldingYams,Roger Xu,2118885
2026-07-14T01:22:03.948862,2026-07-14T01:22:03.963795+00:00,82.6,30,ask,YieldingYams,YUNSHEN JI,2118887
2026-07-14T01:22:04.003790,2026-07-14T01:22:04.007214+00:00,82.6,10,ask,YieldingYams,Matthew Hanna,2118892
2026-07-14T01:22:04.013196,2026-07-14T01:22:04.018147+00:00,82.6,35,ask,YieldingYams,Andy Garg,2118894
2026-07-14T01:22:04.013196,2026-07-14T01:22:04.018147+00:00,82.6,5,ask,WavyWalnuts,Andy Garg,2118895
2026-07-14T01:22:04.501655,2026-07-14T01:22:04.509050+00:00,82.6,195,ask,WavyWalnuts,AverageAlmonds,2118908
2026-07-14T01:22:04.558292,2026-07-14T01:22:04.562208+00:00,82.3,1,ask,Kelvin Chan,Andy Garg,2118914
2026-07-14T01:22:04.633445,2026-07-14T01:22:04.635868+00:00,82.3,10,ask,Andy Garg,Matthew Hanna,2118915
2026-07-14T01:22:05.122741,2026-07-14T01:22:05.132632+00:00,82.5,21,bid,Andy Garg,AverageAlmonds,2118921
2026-07-14T01:22:05.466456,2026-07-14T01:22:05.474726+00:00,82.5,19,bid,Andy Garg,AverageAlmonds,2118931
2026-07-14T01:22:05.469212,2026-07-14T01:22:05.474726+00:00,82.5,5,bid,Matthew Hanna,AverageAlmonds,2118932
2026-07-14T01:22:06.285909,2026-07-14T01:22:06.295949+00:00,82.5,5,bid,Matthew Hanna,WavyWalnuts,2118952
2026-07-14T01:22:07.603230,2026-07-14T01:22:07.612166+00:00,82.5,200,bid,WavyWalnuts,YieldingYams,2118970
2026-07-14T01:22:07.697681,2026-07-14T01:22:07.709262+00:00,82.4,10,ask,YieldingYams,Matthew Hanna,2118978
2026-07-14T01:22:07.727993,2026-07-14T01:22:07.730674+00:00,82.4,13,ask,YieldingYams,Andy Garg,2118979
2026-07-14T01:22:07.875167,2026-07-14T01:22:07.884195+00:00,82.5,500,bid,YieldingYams,AverageAlmonds,2118983
2026-07-14T01:22:07.997016,2026-07-14T01:22:08.001591+00:00,82.5,14,ask,YieldingYams,YUNSHEN JI,2118990
2026-07-14T01:22:08.816663,2026-07-14T01:22:08.820198+00:00,82.5,111,ask,YieldingYams,WavyWalnuts,2119022
2026-07-14T01:22:09.184212,2026-07-14T01:22:09.190194+00:00,82.4,200,ask,WavyWalnuts,YieldingYams,2119033
2026-07-14T01:22:09.184212,2026-07-14T01:22:09.190194+00:00,82.3,1,ask,Kelvin Chan,YieldingYams,2119034
2026-07-14T01:22:09.184212,2026-07-14T01:22:09.190194+00:00,82.3,10,ask,Roger Xu,YieldingYams,2119035
2026-07-14T01:22:09.232568,2026-07-14T01:22:09.242972+00:00,82.3,20,bid,Akshit Parekh,YieldingYams,2119036
2026-07-14T01:22:09.249348,2026-07-14T01:22:09.253682+00:00,82.3,3,bid,Akshit Parekh,YieldingYams,2119039
2026-07-14T01:22:09.453765,2026-07-14T01:22:09.455837+00:00,82.2,18,ask,Andy Garg,Akshit Parekh,2119044
2026-07-14T01:22:09.645826,2026-07-14T01:22:09.657881+00:00,82.1,10,ask,YieldingYams,Lam Anh Pham,2119047
2026-07-14T01:22:09.715226,2026-07-14T01:22:09.722163+00:00,82.3,7,bid,YUNSHEN JI,YieldingYams,2119049
2026-07-14T01:22:10.021551,2026-07-14T01:22:10.026200+00:00,82.3,200,bid,WavyWalnuts,YieldingYams,2119056
2026-07-14T01:22:10.848095,2026-07-14T01:22:10.859075+00:00,82.4,25,ask,YieldingYams,YUNSHEN JI,2119076
2026-07-14T01:22:11.816795,2026-07-14T01:22:11.827523+00:00,82.5,200,bid,YieldingYams,WavyWalnuts,2119096
2026-07-14T01:22:11.816795,2026-07-14T01:22:11.827523+00:00,82.5,425,bid,YieldingYams,AverageAlmonds,2119097
2026-07-14T01:22:11.904290,2026-07-14T01:22:11.913379+00:00,82.3,40,ask,WavyWalnuts,Andy Garg,2119104
2026-07-14T01:22:12.008967,2026-07-14T01:22:12.010654+00:00,82.3,10,ask,WavyWalnuts,Matthew Hanna,2119107
2026-07-14T01:22:12.439256,2026-07-14T01:22:12.444232+00:00,82.5,200,bid,WavyWalnuts,AverageAlmonds,2119112
2026-07-14T01:22:12.684145,2026-07-14T01:22:12.693908+00:00,82.5,10,bid,Lam Anh Pham,AverageAlmonds,2119119
2026-07-14T01:22:13.135022,2026-07-14T01:22:13.146803+00:00,82.3,2,ask,Kelvin Chan,YieldingYams,2119128
2026-07-14T01:22:13.652377,2026-07-14T01:22:13.655474+00:00,82.3,200,bid,WavyWalnuts,YieldingYams,2119138
2026-07-14T01:22:14.443650,2026-07-14T01:22:14.453000+00:00,82.2,2,ask,Kelvin Chan,YieldingYams,2119164
2026-07-14T01:22:14.864857,2026-07-14T01:22:14.871992+00:00,82.2,200,bid,WavyWalnuts,YieldingYams,2119175
2026-07-14T01:22:16.071330,2026-07-14T01:22:16.078477+00:00,82.3,200,bid,WavyWalnuts,YieldingYams,2119205
2026-07-14T01:22:16.106489,2026-07-14T01:22:16.110748+00:00,82.1,30,ask,YieldingYams,YUNSHEN JI,2119209
2026-07-14T01:22:16.703428,2026-07-14T01:22:16.714787+00:00,82.1,3,ask,YieldingYams,YUNSHEN JI,2119216
2026-07-14T01:22:17.058618,2026-07-14T01:22:17.061156+00:00,82.3,20,bid,BrilliantBurritos,AverageAlmonds,2119221
2026-07-14T01:22:17.281214,2026-07-14T01:22:17.288429+00:00,82.1,10,ask,YieldingYams,Matthew Hanna,2119230
2026-07-14T01:22:17.283598,2026-07-14T01:22:17.288429+00:00,82.3,200,bid,WavyWalnuts,YieldingYams,2119231
2026-07-14T01:22:17.569951,2026-07-14T01:22:17.572828+00:00,82.1,20,ask,YieldingYams,BrilliantBurritos,2119234
2026-07-14T01:22:17.716894,2026-07-14T01:22:17.721195+00:00,82.1,10,ask,YieldingYams,Lam Anh Pham,2119240
2026-07-14T01:22:18.255522,2026-07-14T01:22:18.265601+00:00,82.1,15,ask,YieldingYams,Andy Garg,2119259
2026-07-14T01:22:18.286399,2026-07-14T01:22:18.292403+00:00,82.1,20,ask,YieldingYams,BrilliantBurritos,2119266
2026-07-14T01:22:18.291968,2026-07-14T01:22:18.302955+00:00,82.1,10,ask,YieldingYams,Matthew Hanna,2119267
2026-07-14T01:22:18.491728,2026-07-14T01:22:18.501789+00:00,82.3,200,bid,WavyWalnuts,YieldingYams,2119269
2026-07-14T01:22:18.648553,2026-07-14T01:22:18.654428+00:00,82.2,1,ask,Kelvin Chan,Roger Xu,2119272
2026-07-14T01:22:19.705124,2026-07-14T01:22:19.707866+00:00,82.2,2,ask,Kelvin Chan,WavyWalnuts,2119284
2026-07-14T01:22:19.705124,2026-07-14T01:22:19.718436+00:00,82.2,198,ask,YieldingYams,WavyWalnuts,2119285
2026-07-14T01:22:20.747996,2026-07-14T01:22:20.758962+00:00,82.2,10,ask,YieldingYams,Lam Anh Pham,2119316
2026-07-14T01:22:22.120209,2026-07-14T01:22:22.123441+00:00,82.3,200,bid,WavyWalnuts,YieldingYams,2119342
2026-07-14T01:22:23.327693,2026-07-14T01:22:23.332494+00:00,82.4,200,bid,WavyWalnuts,AverageAlmonds,2119370
2026-07-14T01:22:24.592452,2026-07-14T01:22:24.600804+00:00,82.2,2,ask,Kelvin Chan,Andy Garg,2119401
2026-07-14T01:22:24.592452,2026-07-14T01:22:24.600804+00:00,82.2,13,ask,YieldingYams,Andy Garg,2119402
2026-07-14T01:22:24.792770,2026-07-14T01:22:24.801503+00:00,82.2,10,ask,YieldingYams,Lam Anh Pham,2119407
2026-07-14T01:22:26.951308,2026-07-14T01:22:26.955252+00:00,82.3,200,ask,YieldingYams,WavyWalnuts,2119444
2026-07-14T01:22:27.812667,2026-07-14T01:22:27.823456+00:00,82.3,10,ask,YieldingYams,Lam Anh Pham,2119469
2026-07-14T01:22:28.276257,2026-07-14T01:22:28.280527+00:00,82.4,20,bid,BrilliantBurritos,WavyWalnuts,2119477
2026-07-14T01:22:28.493808,2026-07-14T01:22:28.495751+00:00,82.3,11,ask,YieldingYams,Andy Garg,2119490
2026-07-14T01:22:28.955790,2026-07-14T01:22:28.961783+00:00,82.3,13,ask,YieldingYams,Andy Garg,2119503
2026-07-14T01:22:30.170194,2026-07-14T01:22:30.178231+00:00,82.4,200,bid,YieldingYams,WavyWalnuts,2119530
2026-07-14T01:22:30.590351,2026-07-14T01:22:30.597905+00:00,82.4,200,ask,YieldingYams,WavyWalnuts,2119534
2026-07-14T01:22:30.693134,2026-07-14T01:22:30.703674+00:00,82.4,20,ask,YieldingYams,BrilliantBurritos,2119537
2026-07-14T01:22:30.740367,2026-07-14T01:22:30.746362+00:00,82.4,37,ask,YieldingYams,Roger Xu,2119538
2026-07-14T01:22:31.181859,2026-07-14T01:22:31.190072+00:00,82.4,1,ask,YieldingYams,YUNSHEN JI,2119547
2026-07-14T01:22:31.253301,2026-07-14T01:22:31.264079+00:00,82.4,16,ask,YieldingYams,Roger Xu,2119550
2026-07-14T01:22:31.480958,2026-07-14T01:22:31.485299+00:00,82.3,200,ask,WavyWalnuts,YieldingYams,2119559
2026-07-14T01:22:31.480958,2026-07-14T01:22:31.485299+00:00,82.2,5,ask,Kelvin Chan,YieldingYams,2119560
2026-07-14T01:22:31.796598,2026-07-14T01:22:31.802369+00:00,82.2,200,bid,WavyWalnuts,YieldingYams,2119566
2026-07-14T01:22:31.854984,2026-07-14T01:22:31.865879+00:00,82.2,20,bid,Andy Garg,YieldingYams,2119572
2026-07-14T01:22:32.367681,2026-07-14T01:22:32.372691+00:00,82.2,200,bid,AverageAlmonds,YieldingYams,2119585
2026-07-14T01:22:32.787942,2026-07-14T01:22:32.796684+00:00,82.3,200,bid,YieldingYams,WavyWalnuts,2119596
2026-07-14T01:22:32.827189,2026-07-14T01:22:32.828976+00:00,82.3,19,ask,YieldingYams,Roger Xu,2119599
2026-07-14T01:22:32.850828,2026-07-14T01:22:32.861433+00:00,82.3,4,ask,YieldingYams,Lam Anh Pham,2119601
2026-07-14T01:22:33.864613,2026-07-14T01:22:33.871274+00:00,82.3,10,ask,YieldingYams,Lam Anh Pham,2119623
2026-07-14T01:22:35.406699,2026-07-14T01:22:35.417479+00:00,82.2,200,ask,WavyWalnuts,YieldingYams,2119659
2026-07-14T01:22:35.882863,2026-07-14T01:22:35.894934+00:00,82.1,6,ask,Kelvin Chan,Lam Anh Pham,2119669
2026-07-14T01:22:35.882863,2026-07-14T01:22:35.894934+00:00,82.1,4,ask,AverageAlmonds,Lam Anh Pham,2119670
2026-07-14T01:22:40.680747,2026-07-14T01:22:40.690326+00:00,82.2,12,bid,Roger Xu,WavyWalnuts,2119749
2026-07-14T01:22:41.133572,2026-07-14T01:22:41.137217+00:00,82.2,40,bid,Andy Garg,WavyWalnuts,2119756
2026-07-14T01:22:41.502252,2026-07-14T01:22:41.506509+00:00,82.1,8,ask,Kelvin Chan,WavyWalnuts,2119764
2026-07-14T01:22:41.502252,2026-07-14T01:22:41.506509+00:00,82.1,192,ask,YieldingYams,WavyWalnuts,2119765
2026-07-14T01:22:41.896891,2026-07-14T01:22:41.908234+00:00,82.3,2,bid,Lam Anh Pham,YieldingYams,2119773
2026-07-14T01:22:43.309384,2026-07-14T01:22:43.327535+00:00,82.1,8,ask,Kelvin Chan,YieldingYams,2119793
2026-07-14T01:22:43.898216,2026-07-14T01:22:43.907152+00:00,82.0,20,ask,WavyWalnuts,BrilliantBurritos,2119801
2026-07-14T01:22:43.918021,2026-07-14T01:22:43.928390+00:00,82.1,200,bid,WavyWalnuts,YieldingYams,2119803
2026-07-14T01:22:44.617858,2026-07-14T01:22:44.622924+00:00,82.0,6,ask,Kelvin Chan,YieldingYams,2119816
2026-07-14T01:22:44.886683,2026-07-14T01:22:44.898114+00:00,82.0,13,bid,Roger Xu,YieldingYams,2119819
2026-07-14T01:22:45.125959,2026-07-14T01:22:45.131872+00:00,82.0,200,bid,WavyWalnuts,YieldingYams,2119828
2026-07-14T01:22:46.335753,2026-07-14T01:22:46.345768+00:00,82.1,200,bid,WavyWalnuts,YieldingYams,2119850
2026-07-14T01:22:49.618907,2026-07-14T01:22:49.628583+00:00,82.1,20,ask,WavyWalnuts,BrilliantBurritos,2119907
2026-07-14T01:22:49.986292,2026-07-14T01:22:49.997082+00:00,82.2,200,bid,WavyWalnuts,YieldingYams,2119924
2026-07-14T01:22:50.006070,2026-07-14T01:22:50.007748+00:00,82.0,1,ask,YieldingYams,Lam Anh Pham,2119925
2026-07-14T01:22:50.012538,2026-07-14T01:22:50.018557+00:00,82.0,15,ask,YieldingYams,Andy Garg,2119926
2026-07-14T01:22:51.011953,2026-07-14T01:22:51.020193+00:00,82.0,1,ask,YieldingYams,Lam Anh Pham,2119951
2026-07-14T01:22:52.035480,2026-07-14T01:22:52.040346+00:00,82.2,4,ask,YieldingYams,Lam Anh Pham,2119979
2026-07-14T01:22:52.043878,2026-07-14T01:22:52.051252+00:00,82.2,1,ask,YieldingYams,Lam Anh Pham,2119981
2026-07-14T01:22:52.097094,2026-07-14T01:22:52.105686+00:00,82.2,25,ask,YieldingYams,Andy Garg,2119983
2026-07-14T01:22:52.161636,2026-07-14T01:22:52.170140+00:00,82.2,20,ask,YieldingYams,BrilliantBurritos,2119984
