timestamp,recv_time,price,volume,aggressor_side,buyer,seller,trade_id
2026-07-05T19:00:02.031840,2026-07-05T19:00:02.015285+00:00,160.8,20,bid,BrilliantBurritos,YieldingYams,8662611
2026-07-05T19:00:07.439137,2026-07-05T19:00:07.447822+00:00,160.5,200,bid,AverageAlmonds,WavyWalnuts,8662670
2026-07-05T19:00:07.439137,2026-07-05T19:00:07.447822+00:00,160.5,300,bid,AverageAlmonds,YieldingYams,8662671
2026-07-05T19:00:08.034328,2026-07-05T19:00:08.044628+00:00,160.6,200,bid,AverageAlmonds,WavyWalnuts,8662681
2026-07-05T19:00:08.034328,2026-07-05T19:00:08.044628+00:00,160.7,300,bid,AverageAlmonds,YieldingYams,8662682
2026-07-05T19:00:08.664423,2026-07-05T19:00:08.668140+00:00,160.6,3,ask,AverageAlmonds,Xuanyu Liu,8662688
2026-07-05T19:00:08.771110,2026-07-05T19:00:08.778244+00:00,160.6,200,ask,AverageAlmonds,WavyWalnuts,8662691
2026-07-05T19:00:09.278232,2026-07-05T19:00:09.282128+00:00,160.7,11,ask,AverageAlmonds,Xuanyu Liu,8662700
2026-07-05T19:00:09.982200,2026-07-05T19:00:09.989637+00:00,160.7,200,ask,AverageAlmonds,WavyWalnuts,8662710
2026-07-05T19:00:10.265791,2026-07-05T19:00:10.277694+00:00,160.8,20,bid,BrilliantBurritos,YieldingYams,8662714
2026-07-05T19:00:11.193980,2026-07-05T19:00:11.204863+00:00,160.8,200,ask,YieldingYams,WavyWalnuts,8662731
2026-07-05T19:00:12.185957,2026-07-05T19:00:12.192689+00:00,160.7,8,ask,AverageAlmonds,Zhangyue Shen,8662743
2026-07-05T19:00:12.392172,2026-07-05T19:00:12.404067+00:00,160.7,20,ask,YieldingYams,BrilliantBurritos,8662747
2026-07-05T19:00:12.407032,2026-07-05T19:00:12.414589+00:00,160.7,200,ask,YieldingYams,WavyWalnuts,8662749
2026-07-05T19:00:13.540945,2026-07-05T19:00:13.558611+00:00,160.8,8,bid,Zhangyue Shen,YieldingYams,8662770
2026-07-05T19:00:13.617183,2026-07-05T19:00:13.627331+00:00,160.7,200,ask,AverageAlmonds,WavyWalnuts,8662771
2026-07-05T19:00:16.048491,2026-07-05T19:00:16.058593+00:00,160.7,200,ask,AverageAlmonds,WavyWalnuts,8662804
2026-07-05T19:00:16.503979,2026-07-05T19:00:16.515595+00:00,160.8,500,bid,AverageAlmonds,YieldingYams,8662805
2026-07-05T19:00:16.977499,2026-07-05T19:00:16.981228+00:00,161.0,35,ask,YieldingYams,Xuanyu Liu,8662814
2026-07-05T19:00:17.259933,2026-07-05T19:00:17.269363+00:00,161.0,200,ask,YieldingYams,WavyWalnuts,8662821
2026-07-05T19:00:18.469417,2026-07-05T19:00:18.478976+00:00,161.0,200,ask,YieldingYams,WavyWalnuts,8662838
2026-07-05T19:00:19.178859,2026-07-05T19:00:19.183457+00:00,161.2,23,bid,Xuanyu Liu,YieldingYams,8662842
2026-07-05T19:00:19.600839,2026-07-05T19:00:19.604511+00:00,161.1,12,bid,Xuanyu Liu,YieldingYams,8662855
2026-07-05T19:00:19.676089,2026-07-05T19:00:19.684077+00:00,160.9,200,ask,YieldingYams,WavyWalnuts,8662859
2026-07-05T19:00:20.885558,2026-07-05T19:00:20.896392+00:00,160.9,200,ask,YieldingYams,WavyWalnuts,8662874
2026-07-05T19:00:21.855703,2026-07-05T19:00:21.862498+00:00,160.8,8,ask,YieldingYams,Zhangyue Shen,8662891
2026-07-05T19:00:23.631708,2026-07-05T19:00:23.638844+00:00,160.8,8,ask,AverageAlmonds,Zhangyue Shen,8662924
2026-07-05T19:00:23.793804,2026-07-05T19:00:23.805040+00:00,161.0,200,bid,AverageAlmonds,WavyWalnuts,8662926
2026-07-05T19:00:23.793804,2026-07-05T19:00:23.805040+00:00,161.0,300,bid,AverageAlmonds,YieldingYams,8662927
2026-07-05T19:00:24.139548,2026-07-05T19:00:24.158784+00:00,160.8,8,ask,YieldingYams,Zhangyue Shen,8662934
2026-07-05T19:00:24.426508,2026-07-05T19:00:24.430413+00:00,160.9,12,ask,AverageAlmonds,Xuanyu Liu,8662940
2026-07-05T19:00:25.020376,2026-07-05T19:00:25.024158+00:00,161.0,11,ask,AverageAlmonds,Xuanyu Liu,8662953
2026-07-05T19:00:25.599636,2026-07-05T19:00:25.606644+00:00,161.1,200,bid,AverageAlmonds,WavyWalnuts,8662960
2026-07-05T19:00:25.599636,2026-07-05T19:00:25.612214+00:00,161.1,300,bid,AverageAlmonds,YieldingYams,8662961
2026-07-05T19:00:29.842869,2026-07-05T19:00:29.849961+00:00,161.2,500,bid,AverageAlmonds,YieldingYams,8663009
2026-07-05T19:00:30.550444,2026-07-05T19:00:30.558793+00:00,161.2,200,ask,YieldingYams,WavyWalnuts,8663019
2026-07-05T19:00:32.708128,2026-07-05T19:00:32.719511+00:00,161.3,8,bid,Zhangyue Shen,WavyWalnuts,8663045
2026-07-05T19:00:32.965034,2026-07-05T19:00:32.972313+00:00,161.3,200,bid,WavyWalnuts,YieldingYams,8663050
2026-07-05T19:00:34.178801,2026-07-05T19:00:34.186253+00:00,161.4,200,bid,WavyWalnuts,YieldingYams,8663065
2026-07-05T19:00:34.967654,2026-07-05T19:00:34.975373+00:00,161.1,8,ask,YieldingYams,Zhangyue Shen,8663077
2026-07-05T19:00:37.816111,2026-07-05T19:00:37.825507+00:00,161.4,200,bid,WavyWalnuts,AverageAlmonds,8663108
2026-07-05T19:00:39.001533,2026-07-05T19:00:39.011780+00:00,161.4,8,bid,Zhangyue Shen,AverageAlmonds,8663128
2026-07-05T19:00:40.129154,2026-07-05T19:00:40.167942+00:00,161.3,200,ask,WavyWalnuts,AverageAlmonds,8663140
2026-07-05T19:00:40.163687,2026-07-05T19:00:40.167942+00:00,161.3,11,bid,Xuanyu Liu,AverageAlmonds,8663146
2026-07-05T19:00:40.514442,2026-07-05T19:00:40.523651+00:00,161.2,20,ask,YieldingYams,BrilliantBurritos,8663153
2026-07-05T19:00:40.554441,2026-07-05T19:00:40.556152+00:00,161.3,289,bid,YieldingYams,AverageAlmonds,8663154
2026-07-05T19:00:41.011707,2026-07-05T19:00:41.023021+00:00,161.4,8,bid,Zhangyue Shen,AverageAlmonds,8663158
2026-07-05T19:00:41.368434,2026-07-05T19:00:41.373004+00:00,161.5,26,bid,Xuanyu Liu,WavyWalnuts,8663164
2026-07-05T19:00:41.865553,2026-07-05T19:00:41.867290+00:00,161.4,200,ask,WavyWalnuts,YieldingYams,8663172
2026-07-05T19:00:43.282661,2026-07-05T19:00:43.290015+00:00,161.5,8,bid,Zhangyue Shen,WavyWalnuts,8663191
2026-07-05T19:00:43.546740,2026-07-05T19:00:43.558875+00:00,161.2,20,ask,WavyWalnuts,BrilliantBurritos,8663194
2026-07-05T19:00:45.084036,2026-07-05T19:00:45.093116+00:00,161.5,200,bid,WavyWalnuts,YieldingYams,8663210
2026-07-05T19:00:45.535694,2026-07-05T19:00:45.547150+00:00,161.2,20,ask,YieldingYams,BrilliantBurritos,8663213
2026-07-05T19:00:46.294914,2026-07-05T19:00:46.305888+00:00,161.5,200,bid,WavyWalnuts,YieldingYams,8663225
2026-07-05T19:00:46.815491,2026-07-05T19:00:46.827109+00:00,161.5,20,bid,BrilliantBurritos,YieldingYams,8663230
2026-07-05T19:00:49.800399,2026-07-05T19:00:49.840198+00:00,161.4,200,ask,WavyWalnuts,YieldingYams,8663269
2026-07-05T19:00:49.836886,2026-07-05T19:00:49.840198+00:00,161.4,3,bid,Xuanyu Liu,YieldingYams,8663272
2026-07-05T19:00:49.921608,2026-07-05T19:00:49.931387+00:00,161.4,200,bid,WavyWalnuts,YieldingYams,8663275
2026-07-05T19:00:53.555255,2026-07-05T19:00:53.569001+00:00,161.3,200,ask,YieldingYams,WavyWalnuts,8663312
2026-07-05T19:00:54.765183,2026-07-05T19:00:54.772555+00:00,161.3,200,ask,YieldingYams,WavyWalnuts,8663329
2026-07-05T19:00:55.992207,2026-07-05T19:00:55.996475+00:00,161.3,11,bid,Xuanyu Liu,WavyWalnuts,8663344
2026-07-05T19:01:02.042206,2026-07-05T19:01:02.046045+00:00,161.3,12,bid,Xuanyu Liu,WavyWalnuts,8663434
2026-07-05T19:01:02.959953,2026-07-05T19:01:02.963597+00:00,161.2,11,bid,Xuanyu Liu,YieldingYams,8663448
2026-07-05T19:01:04.270276,2026-07-05T19:01:04.274429+00:00,161.1,11,ask,YieldingYams,Xuanyu Liu,8663472
2026-07-05T19:01:04.440270,2026-07-05T19:01:04.451274+00:00,161.3,200,bid,WavyWalnuts,YieldingYams,8663476
2026-07-05T19:01:05.589061,2026-07-05T19:01:05.592498+00:00,161.2,12,ask,YieldingYams,Xuanyu Liu,8663489
2026-07-05T19:01:05.665341,2026-07-05T19:01:05.669246+00:00,161.3,11,ask,WavyWalnuts,Xuanyu Liu,8663492
2026-07-05T19:01:06.692440,2026-07-05T19:01:06.696658+00:00,161.5,23,bid,Xuanyu Liu,YieldingYams,8663506
2026-07-05T19:01:06.859102,2026-07-05T19:01:06.870702+00:00,161.5,200,bid,WavyWalnuts,YieldingYams,8663508
2026-07-05T19:01:09.162795,2026-07-05T19:01:09.174372+00:00,161.5,20,bid,BrilliantBurritos,AverageAlmonds,8663532
2026-07-05T19:01:09.800470,2026-07-05T19:01:09.803839+00:00,161.4,11,bid,Xuanyu Liu,AverageAlmonds,8663540
2026-07-05T19:01:11.669643,2026-07-05T19:01:11.673684+00:00,161.3,12,bid,Xuanyu Liu,AverageAlmonds,8663566
2026-07-05T19:01:12.906701,2026-07-05T19:01:12.915319+00:00,161.2,200,ask,YieldingYams,WavyWalnuts,8663583
2026-07-05T19:01:13.102195,2026-07-05T19:01:13.107622+00:00,161.2,23,ask,YieldingYams,Xuanyu Liu,8663594
2026-07-05T19:01:14.593945,2026-07-05T19:01:14.605794+00:00,161.2,20,ask,WavyWalnuts,BrilliantBurritos,8663610
2026-07-05T19:01:14.808517,2026-07-05T19:01:14.815402+00:00,161.2,180,ask,WavyWalnuts,YieldingYams,8663613
2026-07-05T19:01:15.319623,2026-07-05T19:01:15.329847+00:00,161.1,200,bid,WavyWalnuts,YieldingYams,8663620
2026-07-05T19:01:17.740581,2026-07-05T19:01:17.751844+00:00,161.3,200,bid,WavyWalnuts,YieldingYams,8663657
2026-07-05T19:01:20.046429,2026-07-05T19:01:20.058569+00:00,161.4,500,bid,YieldingYams,AverageAlmonds,8663678
2026-07-05T19:01:20.697880,2026-07-05T19:01:20.709377+00:00,161.4,125,ask,YieldingYams,AverageAlmonds,8663684
2026-07-05T19:01:22.686443,2026-07-05T19:01:22.696125+00:00,161.3,200,ask,WavyWalnuts,YieldingYams,8663704
2026-07-05T19:01:23.786332,2026-07-05T19:01:23.793515+00:00,161.3,20,bid,BrilliantBurritos,YieldingYams,8663709
2026-07-05T19:01:24.345536,2026-07-05T19:01:24.354088+00:00,161.2,200,ask,WavyWalnuts,AverageAlmonds,8663716
2026-07-05T19:01:25.157035,2026-07-05T19:01:25.168840+00:00,161.3,20,bid,BrilliantBurritos,YieldingYams,8663733
2026-07-05T19:01:27.349394,2026-07-05T19:01:27.353266+00:00,161.1,200,ask,WavyWalnuts,AverageAlmonds,8663764
2026-07-05T19:01:27.955456,2026-07-05T19:01:27.958633+00:00,161.0,200,ask,WavyWalnuts,AverageAlmonds,8663773
2026-07-05T19:01:27.955456,2026-07-05T19:01:27.958633+00:00,161.0,300,ask,YieldingYams,AverageAlmonds,8663774
2026-07-05T19:01:28.551773,2026-07-05T19:01:28.563913+00:00,161.0,325,ask,YieldingYams,AverageAlmonds,8663783
2026-07-05T19:01:28.570788,2026-07-05T19:01:28.574303+00:00,160.9,11,bid,Xuanyu Liu,AverageAlmonds,8663785
2026-07-05T19:01:28.623595,2026-07-05T19:01:28.630503+00:00,160.9,164,bid,WavyWalnuts,AverageAlmonds,8663787
2026-07-05T19:01:29.153891,2026-07-05T19:01:29.161626+00:00,160.9,36,ask,WavyWalnuts,AverageAlmonds,8663791
2026-07-05T19:01:29.168670,2026-07-05T19:01:29.180961+00:00,160.9,20,bid,BrilliantBurritos,AverageAlmonds,8663792
2026-07-05T19:01:29.177091,2026-07-05T19:01:29.180961+00:00,160.9,12,bid,Xuanyu Liu,AverageAlmonds,8663794
2026-07-05T19:01:29.781062,2026-07-05T19:01:29.785057+00:00,160.8,11,bid,Xuanyu Liu,AverageAlmonds,8663811
2026-07-05T19:01:29.831841,2026-07-05T19:01:29.842963+00:00,160.8,200,bid,WavyWalnuts,AverageAlmonds,8663814
2026-07-05T19:01:31.014558,2026-07-05T19:01:31.018138+00:00,160.7,11,bid,Xuanyu Liu,AverageAlmonds,8663828
2026-07-05T19:01:31.040335,2026-07-05T19:01:31.049465+00:00,160.7,200,bid,WavyWalnuts,AverageAlmonds,8663830
2026-07-05T19:01:32.064578,2026-07-05T19:01:32.068294+00:00,160.4,34,ask,YieldingYams,Xuanyu Liu,8663854
2026-07-05T19:01:32.091361,2026-07-05T19:01:32.099767+00:00,160.4,20,ask,YieldingYams,BrilliantBurritos,8663855
2026-07-05T19:01:32.250110,2026-07-05T19:01:32.258599+00:00,160.7,200,bid,WavyWalnuts,YieldingYams,8663857
2026-07-05T19:01:33.457510,2026-07-05T19:01:33.469102+00:00,160.7,200,bid,WavyWalnuts,YieldingYams,8663873
2026-07-05T19:01:34.664604,2026-07-05T19:01:34.674227+00:00,160.7,200,bid,WavyWalnuts,YieldingYams,8663892
2026-07-05T19:01:35.873147,2026-07-05T19:01:35.883158+00:00,160.7,200,bid,WavyWalnuts,YieldingYams,8663910
2026-07-05T19:01:39.523386,2026-07-05T19:01:39.531406+00:00,160.9,200,bid,WavyWalnuts,YieldingYams,8663966
2026-07-05T19:01:40.734283,2026-07-05T19:01:40.744973+00:00,160.9,200,bid,WavyWalnuts,YieldingYams,8663983
2026-07-05T19:01:41.944190,2026-07-05T19:01:41.958632+00:00,160.8,200,bid,WavyWalnuts,YieldingYams,8663997
2026-07-05T19:01:42.255991,2026-07-05T19:01:42.267544+00:00,160.8,20,bid,BrilliantBurritos,YieldingYams,8664003
2026-07-05T19:01:44.996004,2026-07-05T19:01:45.006449+00:00,160.9,200,ask,WavyWalnuts,YieldingYams,8664050
2026-07-05T19:01:45.577259,2026-07-05T19:01:45.584386+00:00,160.8,200,bid,WavyWalnuts,YieldingYams,8664059
2026-07-05T19:01:46.788321,2026-07-05T19:01:46.796009+00:00,161.0,200,bid,WavyWalnuts,YieldingYams,8664079
2026-07-05T19:01:47.446220,2026-07-05T19:01:47.458630+00:00,161.0,20,bid,BrilliantBurritos,YieldingYams,8664082
2026-07-05T19:01:48.571190,2026-07-05T19:01:48.579884+00:00,161.0,500,ask,YieldingYams,AverageAlmonds,8664104
2026-07-05T19:01:48.925566,2026-07-05T19:01:48.932152+00:00,160.9,200,ask,WavyWalnuts,YieldingYams,8664115
2026-07-05T19:01:49.203541,2026-07-05T19:01:49.212872+00:00,160.9,200,bid,WavyWalnuts,YieldingYams,8664124
2026-07-05T19:01:50.198739,2026-07-05T19:01:50.209568+00:00,160.6,20,ask,YieldingYams,BrilliantBurritos,8664136
2026-07-05T19:01:51.064130,2026-07-05T19:01:51.067889+00:00,160.9,23,ask,WavyWalnuts,Xuanyu Liu,8664151
2026-07-05T19:01:53.994868,2026-07-05T19:01:54.004737+00:00,160.9,200,ask,WavyWalnuts,AverageAlmonds,8664171
2026-07-05T19:01:54.164076,2026-07-05T19:01:54.174504+00:00,160.9,300,bid,YieldingYams,AverageAlmonds,8664172
2026-07-05T19:01:54.612346,2026-07-05T19:01:54.620224+00:00,160.9,325,ask,YieldingYams,AverageAlmonds,8664177
2026-07-05T19:01:54.612346,2026-07-05T19:01:54.620224+00:00,160.8,175,ask,WavyWalnuts,AverageAlmonds,8664178
2026-07-05T19:01:55.472135,2026-07-05T19:01:55.480311+00:00,160.8,200,ask,WavyWalnuts,YieldingYams,8664194
2026-07-05T19:01:55.485725,2026-07-05T19:01:55.488926+00:00,160.8,12,bid,Xuanyu Liu,YieldingYams,8664196
2026-07-05T19:01:57.381317,2026-07-05T19:01:57.385213+00:00,160.7,12,ask,YieldingYams,Xuanyu Liu,8664226
2026-07-05T19:01:58.086671,2026-07-05T19:01:58.095761+00:00,160.8,200,bid,YieldingYams,WavyWalnuts,8664235
2026-07-05T19:01:58.101923,2026-07-05T19:01:58.105569+00:00,160.9,14,ask,YieldingYams,Xuanyu Liu,8664237
2026-07-05T19:02:01.325113,2026-07-05T19:02:01.333975+00:00,160.8,200,ask,YieldingYams,WavyWalnuts,8664270
2026-07-05T19:02:04.636460,2026-07-05T19:02:04.646730+00:00,160.9,200,ask,WavyWalnuts,YieldingYams,8664321
2026-07-05T19:02:06.202746,2026-07-05T19:02:06.214500+00:00,160.6,20,ask,YieldingYams,BrilliantBurritos,8664340
2026-07-05T19:02:07.361186,2026-07-05T19:02:07.369396+00:00,160.7,200,bid,WavyWalnuts,YieldingYams,8664350
2026-07-05T19:02:07.636831,2026-07-05T19:02:07.644954+00:00,160.5,8,ask,AverageAlmonds,Zhangyue Shen,8664357
2026-07-05T19:02:08.577636,2026-07-05T19:02:08.586934+00:00,160.8,200,bid,WavyWalnuts,YieldingYams,8664366
2026-07-05T19:02:09.786839,2026-07-05T19:02:09.795445+00:00,160.8,200,bid,WavyWalnuts,YieldingYams,8664378
2026-07-05T19:02:15.702767,2026-07-05T19:02:15.712436+00:00,160.6,8,ask,WavyWalnuts,Zhangyue Shen,8664454
2026-07-05T19:02:17.096427,2026-07-05T19:02:17.105586+00:00,160.7,200,bid,WavyWalnuts,YieldingYams,8664469
2026-07-05T19:02:18.309366,2026-07-05T19:02:18.318232+00:00,160.8,200,bid,WavyWalnuts,YieldingYams,8664489
2026-07-05T19:02:20.358568,2026-07-05T19:02:20.369056+00:00,160.8,200,bid,YieldingYams,WavyWalnuts,8664516
2026-07-05T19:02:20.394367,2026-07-05T19:02:20.398733+00:00,160.9,3,ask,YieldingYams,Xuanyu Liu,8664519
2026-07-05T19:02:21.468762,2026-07-05T19:02:21.477843+00:00,160.9,8,ask,YieldingYams,Zhangyue Shen,8664534
2026-07-05T19:02:22.257026,2026-07-05T19:02:22.258556+00:00,160.8,8,ask,YieldingYams,Zhangyue Shen,8664551
2026-07-05T19:02:23.286049,2026-07-05T19:02:23.296491+00:00,160.8,8,ask,YieldingYams,Zhangyue Shen,8664571
2026-07-05T19:02:23.669512,2026-07-05T19:02:23.679294+00:00,160.8,20,ask,YieldingYams,BrilliantBurritos,8664575
2026-07-05T19:02:24.346499,2026-07-05T19:02:24.353095+00:00,160.9,200,ask,YieldingYams,WavyWalnuts,8664584
2026-07-05T19:02:25.561894,2026-07-05T19:02:25.570507+00:00,160.9,8,ask,YieldingYams,Zhangyue Shen,8664601
2026-07-05T19:02:27.858996,2026-07-05T19:02:27.871111+00:00,161.0,20,bid,BrilliantBurritos,WavyWalnuts,8664628
2026-07-05T19:02:28.402207,2026-07-05T19:02:28.414200+00:00,160.9,20,ask,YieldingYams,BrilliantBurritos,8664634
2026-07-05T19:02:30.878241,2026-07-05T19:02:30.889728+00:00,160.9,8,ask,YieldingYams,Zhangyue Shen,8664660
2026-07-05T19:02:31.375510,2026-07-05T19:02:31.387154+00:00,161.0,20,bid,BrilliantBurritos,AverageAlmonds,8664665
2026-07-05T19:02:31.601896,2026-07-05T19:02:31.612347+00:00,160.9,200,ask,YieldingYams,WavyWalnuts,8664669
2026-07-05T19:02:32.969579,2026-07-05T19:02:32.978049+00:00,160.8,8,ask,YieldingYams,Zhangyue Shen,8664694
2026-07-05T19:02:34.988995,2026-07-05T19:02:35.001007+00:00,160.8,8,ask,WavyWalnuts,Zhangyue Shen,8664719
2026-07-05T19:02:37.440656,2026-07-05T19:02:37.451079+00:00,160.8,200,ask,WavyWalnuts,YieldingYams,8664750
2026-07-05T19:02:37.646772,2026-07-05T19:02:37.658570+00:00,160.7,200,bid,WavyWalnuts,YieldingYams,8664754
2026-07-05T19:02:38.511019,2026-07-05T19:02:38.515296+00:00,160.5,34,ask,YieldingYams,Xuanyu Liu,8664768
2026-07-05T19:02:38.524195,2026-07-05T19:02:38.541149+00:00,160.5,8,ask,YieldingYams,Zhangyue Shen,8664769
2026-07-05T19:02:38.769173,2026-07-05T19:02:38.772650+00:00,160.6,12,ask,YieldingYams,Xuanyu Liu,8664777
2026-07-05T19:02:41.058099,2026-07-05T19:02:41.061792+00:00,160.7,8,bid,Xuanyu Liu,YieldingYams,8664800
2026-07-05T19:02:41.300471,2026-07-05T19:02:41.310112+00:00,160.5,8,ask,AverageAlmonds,Zhangyue Shen,8664807
2026-07-05T19:02:41.619301,2026-07-05T19:02:41.622805+00:00,160.6,4,bid,Xuanyu Liu,WavyWalnuts,8664820
2026-07-05T19:02:44.000248,2026-07-05T19:02:44.019497+00:00,160.5,500,ask,AverageAlmonds,YieldingYams,8664843
2026-07-05T19:02:44.015744,2026-07-05T19:02:44.019497+00:00,160.5,11,bid,Xuanyu Liu,YieldingYams,8664845
2026-07-05T19:02:44.824965,2026-07-05T19:02:44.832911+00:00,160.4,8,ask,WavyWalnuts,Zhangyue Shen,8664854
2026-07-05T19:02:46.645285,2026-07-05T19:02:46.648870+00:00,160.6,11,ask,YieldingYams,Xuanyu Liu,8664883
2026-07-05T19:02:46.858206,2026-07-05T19:02:46.865603+00:00,160.6,8,ask,YieldingYams,Zhangyue Shen,8664886
2026-07-05T19:02:47.950964,2026-07-05T19:02:47.954595+00:00,160.9,11,bid,Xuanyu Liu,WavyWalnuts,8664898
2026-07-05T19:02:50.642064,2026-07-05T19:02:50.658595+00:00,160.8,8,ask,WavyWalnuts,Zhangyue Shen,8664937
2026-07-05T19:02:50.949195,2026-07-05T19:02:50.958569+00:00,161.0,200,bid,WavyWalnuts,YieldingYams,8664946
2026-07-05T19:02:51.900217,2026-07-05T19:02:51.909676+00:00,160.8,8,ask,YieldingYams,Zhangyue Shen,8664963
2026-07-05T19:02:54.479709,2026-07-05T19:02:54.488284+00:00,160.9,200,bid,YieldingYams,WavyWalnuts,8664991
2026-07-05T19:02:57.122886,2026-07-05T19:02:57.134354+00:00,160.9,200,bid,YieldingYams,WavyWalnuts,8665029
2026-07-05T19:02:59.741522,2026-07-05T19:02:59.751780+00:00,161.0,200,ask,WavyWalnuts,YieldingYams,8665066
2026-07-05T19:02:59.741522,2026-07-05T19:02:59.751780+00:00,160.9,425,ask,AverageAlmonds,YieldingYams,8665067
2026-07-05T19:03:00.665092,2026-07-05T19:03:00.668867+00:00,161.1,12,bid,Xuanyu Liu,WavyWalnuts,8665088
2026-07-05T19:03:08.074946,2026-07-05T19:03:08.086690+00:00,161.6,20,bid,BrilliantBurritos,YieldingYams,8665167
2026-07-05T19:03:09.326268,2026-07-05T19:03:09.330118+00:00,161.6,14,bid,Xuanyu Liu,WavyWalnuts,8665184
2026-07-05T19:03:10.218724,2026-07-05T19:03:10.226640+00:00,161.6,186,bid,YieldingYams,WavyWalnuts,8665195
2026-07-05T19:03:10.324825,2026-07-05T19:03:10.335187+00:00,161.6,200,ask,YieldingYams,WavyWalnuts,8665199
2026-07-05T19:03:12.762012,2026-07-05T19:03:12.768804+00:00,161.4,200,ask,YieldingYams,WavyWalnuts,8665229
2026-07-05T19:03:13.971570,2026-07-05T19:03:13.984534+00:00,161.5,200,ask,YieldingYams,WavyWalnuts,8665260
2026-07-05T19:03:14.999316,2026-07-05T19:03:15.011126+00:00,161.4,20,ask,YieldingYams,BrilliantBurritos,8665275
2026-07-05T19:03:17.593958,2026-07-05T19:03:17.602557+00:00,161.6,200,bid,WavyWalnuts,YieldingYams,8665307
2026-07-05T19:03:19.405798,2026-07-05T19:03:19.417079+00:00,161.4,500,ask,AverageAlmonds,YieldingYams,8665319
2026-07-05T19:03:19.959285,2026-07-05T19:03:19.969116+00:00,161.4,125,bid,AverageAlmonds,YieldingYams,8665327
2026-07-05T19:03:20.712432,2026-07-05T19:03:20.719246+00:00,161.5,200,bid,YieldingYams,WavyWalnuts,8665336
2026-07-05T19:03:21.216872,2026-07-05T19:03:21.226374+00:00,161.6,200,ask,YieldingYams,WavyWalnuts,8665342
2026-07-05T19:03:22.664822,2026-07-05T19:03:22.676355+00:00,161.7,20,bid,BrilliantBurritos,YieldingYams,8665355
2026-07-05T19:03:22.786357,2026-07-05T19:03:22.790586+00:00,161.7,3,bid,Xuanyu Liu,YieldingYams,8665358
2026-07-05T19:03:23.339365,2026-07-05T19:03:23.348988+00:00,161.7,200,bid,YieldingYams,WavyWalnuts,8665369
2026-07-05T19:03:23.636275,2026-07-05T19:03:23.644595+00:00,161.9,200,ask,YieldingYams,WavyWalnuts,8665374
2026-07-05T19:03:25.929130,2026-07-05T19:03:25.940841+00:00,161.7,20,ask,YieldingYams,BrilliantBurritos,8665408
2026-07-05T19:03:25.967724,2026-07-05T19:03:25.977330+00:00,161.8,200,bid,YieldingYams,WavyWalnuts,8665412
2026-07-05T19:03:27.404150,2026-07-05T19:03:27.412966+00:00,161.8,20,ask,WavyWalnuts,BrilliantBurritos,8665440
2026-07-05T19:03:29.129979,2026-07-05T19:03:29.141026+00:00,162.0,16,bid,Zhangyue Shen,YieldingYams,8665474
2026-07-05T19:03:29.916009,2026-07-05T19:03:29.925571+00:00,161.9,200,ask,WavyWalnuts,YieldingYams,8665482
2026-07-05T19:03:29.916009,2026-07-05T19:03:29.925571+00:00,161.7,425,ask,AverageAlmonds,YieldingYams,8665483
2026-07-05T19:03:33.339018,2026-07-05T19:03:33.347851+00:00,161.9,200,ask,YieldingYams,WavyWalnuts,8665534
2026-07-05T19:03:35.187871,2026-07-05T19:03:35.191854+00:00,161.9,11,bid,Xuanyu Liu,YieldingYams,8665559
2026-07-05T19:03:38.678740,2026-07-05T19:03:38.682816+00:00,161.8,14,ask,WavyWalnuts,Xuanyu Liu,8665594
2026-07-05T19:03:39.292691,2026-07-05T19:03:39.304389+00:00,161.9,6,bid,Zhangyue Shen,YieldingYams,8665601
2026-07-05T19:03:40.420409,2026-07-05T19:03:40.437209+00:00,161.8,200,ask,WavyWalnuts,YieldingYams,8665620
2026-07-05T19:03:40.574402,2026-07-05T19:03:40.585407+00:00,161.7,8,ask,AverageAlmonds,Zhangyue Shen,8665627
2026-07-05T19:03:40.592866,2026-07-05T19:03:40.601052+00:00,161.8,200,bid,WavyWalnuts,YieldingYams,8665629
2026-07-05T19:03:42.366954,2026-07-05T19:03:42.373940+00:00,161.8,8,ask,WavyWalnuts,Zhangyue Shen,8665646
2026-07-05T19:03:44.641593,2026-07-05T19:03:44.648495+00:00,161.8,6,ask,YieldingYams,Zhangyue Shen,8665682
2026-07-05T19:03:45.658422,2026-07-05T19:03:45.669120+00:00,161.9,200,bid,YieldingYams,WavyWalnuts,8665695
2026-07-05T19:03:51.925363,2026-07-05T19:03:51.937416+00:00,162.1,20,bid,BrilliantBurritos,WavyWalnuts,8665769
2026-07-05T19:03:53.931939,2026-07-05T19:03:53.941281+00:00,162.1,200,bid,WavyWalnuts,YieldingYams,8665797
2026-07-05T19:03:56.356776,2026-07-05T19:03:56.364623+00:00,161.9,200,ask,YieldingYams,WavyWalnuts,8665828
2026-07-05T19:03:58.765952,2026-07-05T19:03:58.774308+00:00,162.0,200,bid,YieldingYams,WavyWalnuts,8665852
2026-07-05T19:03:59.992428,2026-07-05T19:04:00.003541+00:00,162.0,200,ask,YieldingYams,WavyWalnuts,8665868
2026-07-05T19:04:00.872556,2026-07-05T19:04:00.884171+00:00,162.2,20,bid,BrilliantBurritos,YieldingYams,8665890
2026-07-05T19:04:01.397023,2026-07-05T19:04:01.404185+00:00,162.1,200,ask,WavyWalnuts,YieldingYams,8665895
2026-07-05T19:04:02.409589,2026-07-05T19:04:02.418815+00:00,162.0,200,bid,WavyWalnuts,YieldingYams,8665909
2026-07-05T19:04:03.599195,2026-07-05T19:04:03.608163+00:00,162.3,8,bid,Zhangyue Shen,WavyWalnuts,8665930
2026-07-05T19:04:03.854392,2026-07-05T19:04:03.851949+00:00,162.0,4,ask,YieldingYams,Zhangyue Shen,8665936
2026-07-05T19:04:05.336591,2026-07-05T19:04:05.340220+00:00,162.0,3,bid,Xuanyu Liu,YieldingYams,8665958
2026-07-05T19:04:05.893765,2026-07-05T19:04:05.902432+00:00,162.0,8,bid,Zhangyue Shen,YieldingYams,8665963
2026-07-05T19:04:05.968599,2026-07-05T19:04:05.980121+00:00,162.0,500,bid,AverageAlmonds,YieldingYams,8665964
2026-07-05T19:04:06.048381,2026-07-05T19:04:06.058640+00:00,162.0,114,bid,WavyWalnuts,YieldingYams,8665966
2026-07-05T19:04:06.629544,2026-07-05T19:04:06.640056+00:00,162.1,86,ask,WavyWalnuts,YieldingYams,8665972
2026-07-05T19:04:07.197164,2026-07-05T19:04:07.206381+00:00,161.9,8,ask,YieldingYams,Zhangyue Shen,8665976
2026-07-05T19:04:07.725301,2026-07-05T19:04:07.737226+00:00,162.1,20,bid,BrilliantBurritos,YieldingYams,8665980
2026-07-05T19:04:07.805893,2026-07-05T19:04:07.817339+00:00,162.1,500,bid,AverageAlmonds,YieldingYams,8665982
2026-07-05T19:04:07.938445,2026-07-05T19:04:07.947506+00:00,162.2,200,bid,YieldingYams,WavyWalnuts,8665984
2026-07-05T19:04:09.667767,2026-07-05T19:04:09.675774+00:00,162.2,200,ask,AverageAlmonds,WavyWalnuts,8666003
2026-07-05T19:04:11.871714,2026-07-05T19:04:11.875290+00:00,162.2,500,ask,AverageAlmonds,YieldingYams,8666028
2026-07-05T19:04:12.005043,2026-07-05T19:04:12.014203+00:00,162.2,8,bid,Zhangyue Shen,YieldingYams,8666034
2026-07-05T19:04:12.014543,2026-07-05T19:04:12.024737+00:00,162.2,117,bid,AverageAlmonds,YieldingYams,8666035
2026-07-05T19:04:12.014543,2026-07-05T19:04:12.024737+00:00,162.3,200,bid,AverageAlmonds,WavyWalnuts,8666036
2026-07-05T19:04:12.084340,2026-07-05T19:04:12.092465+00:00,162.3,183,ask,AverageAlmonds,WavyWalnuts,8666040
2026-07-05T19:04:12.618334,2026-07-05T19:04:12.626651+00:00,162.3,17,bid,AverageAlmonds,WavyWalnuts,8666049
2026-07-05T19:04:13.291021,2026-07-05T19:04:13.297537+00:00,162.4,200,ask,YieldingYams,WavyWalnuts,8666058
2026-07-05T19:04:15.770469,2026-07-05T19:04:15.774767+00:00,162.5,11,bid,Xuanyu Liu,YieldingYams,8666083
2026-07-05T19:04:16.929608,2026-07-05T19:04:16.937297+00:00,162.4,200,ask,YieldingYams,WavyWalnuts,8666099
2026-07-05T19:04:18.372967,2026-07-05T19:04:18.379857+00:00,162.3,10,ask,YieldingYams,Zhangyue Shen,8666114
2026-07-05T19:04:19.037360,2026-07-05T19:04:19.049492+00:00,162.3,20,ask,WavyWalnuts,BrilliantBurritos,8666126
2026-07-05T19:04:19.742632,2026-07-05T19:04:19.758597+00:00,162.5,200,bid,YieldingYams,WavyWalnuts,8666138
2026-07-05T19:04:19.789644,2026-07-05T19:04:19.793310+00:00,162.5,11,ask,YieldingYams,Xuanyu Liu,8666143
2026-07-05T19:04:19.887161,2026-07-05T19:04:19.897025+00:00,162.7,8,bid,Zhangyue Shen,YieldingYams,8666145
2026-07-05T19:04:21.768941,2026-07-05T19:04:21.776506+00:00,162.4,200,bid,WavyWalnuts,YieldingYams,8666166
2026-07-05T19:04:24.948734,2026-07-05T19:04:24.955855+00:00,162.5,20,bid,BrilliantBurritos,YieldingYams,8666207
2026-07-05T19:04:24.994595,2026-07-05T19:04:25.005080+00:00,162.3,200,ask,WavyWalnuts,YieldingYams,8666208
2026-07-05T19:04:25.389480,2026-07-05T19:04:25.397852+00:00,162.3,200,bid,WavyWalnuts,YieldingYams,8666213
2026-07-05T19:04:26.990695,2026-07-05T19:04:26.999334+00:00,162.2,8,ask,YieldingYams,Zhangyue Shen,8666234
2026-07-05T19:04:27.170444,2026-07-05T19:04:27.177530+00:00,162.3,200,bid,AverageAlmonds,WavyWalnuts,8666238
2026-07-05T19:04:27.789658,2026-07-05T19:04:27.793203+00:00,162.4,3,ask,AverageAlmonds,Xuanyu Liu,8666242
2026-07-05T19:04:27.815198,2026-07-05T19:04:27.824632+00:00,162.4,200,ask,AverageAlmonds,WavyWalnuts,8666245
2026-07-05T19:04:29.026477,2026-07-05T19:04:29.035894+00:00,162.4,200,ask,YieldingYams,WavyWalnuts,8666266
2026-07-05T19:04:29.289717,2026-07-05T19:04:29.293436+00:00,162.7,14,bid,Xuanyu Liu,YieldingYams,8666272
2026-07-05T19:04:29.298673,2026-07-05T19:04:29.309101+00:00,162.7,8,bid,Zhangyue Shen,YieldingYams,8666273
2026-07-05T19:04:30.265006,2026-07-05T19:04:30.268672+00:00,162.4,28,bid,Xuanyu Liu,WavyWalnuts,8666289
2026-07-05T19:04:30.345393,2026-07-05T19:04:30.357213+00:00,162.2,20,ask,AverageAlmonds,BrilliantBurritos,8666290
2026-07-05T19:04:31.632609,2026-07-05T19:04:31.636415+00:00,162.2,5,ask,AverageAlmonds,Xuanyu Liu,8666310
2026-07-05T19:04:32.450870,2026-07-05T19:04:32.454888+00:00,162.2,11,ask,YieldingYams,Xuanyu Liu,8666318
2026-07-05T19:04:32.869306,2026-07-05T19:04:32.889588+00:00,162.3,200,bid,YieldingYams,WavyWalnuts,8666325
2026-07-05T19:04:32.886098,2026-07-05T19:04:32.889588+00:00,162.3,12,ask,YieldingYams,Xuanyu Liu,8666327
2026-07-05T19:04:36.026312,2026-07-05T19:04:36.038034+00:00,162.2,8,ask,WavyWalnuts,Zhangyue Shen,8666366
2026-07-05T19:04:36.306605,2026-07-05T19:04:36.313735+00:00,162.4,8,bid,Zhangyue Shen,WavyWalnuts,8666373
2026-07-05T19:04:36.800633,2026-07-05T19:04:36.807035+00:00,162.4,192,bid,YieldingYams,WavyWalnuts,8666382
2026-07-05T19:04:38.343093,2026-07-05T19:04:38.349958+00:00,162.5,8,bid,Zhangyue Shen,WavyWalnuts,8666405
2026-07-05T19:04:38.724708,2026-07-05T19:04:38.735683+00:00,162.5,200,bid,WavyWalnuts,YieldingYams,8666416
2026-07-05T19:04:38.898483,2026-07-05T19:04:38.910592+00:00,162.5,20,bid,BrilliantBurritos,YieldingYams,8666419
2026-07-05T19:04:39.610105,2026-07-05T19:04:39.621854+00:00,162.5,8,bid,Zhangyue Shen,YieldingYams,8666424
2026-07-05T19:04:42.035648,2026-07-05T19:04:42.056234+00:00,162.4,200,ask,WavyWalnuts,YieldingYams,8666452
2026-07-05T19:04:42.052435,2026-07-05T19:04:42.056234+00:00,162.2,23,bid,Xuanyu Liu,YieldingYams,8666454
2026-07-05T19:04:42.345162,2026-07-05T19:04:42.358758+00:00,162.2,200,bid,WavyWalnuts,YieldingYams,8666461
2026-07-05T19:04:44.422091,2026-07-05T19:04:44.432470+00:00,162.6,8,bid,Zhangyue Shen,YieldingYams,8666485
2026-07-05T19:04:47.442397,2026-07-05T19:04:47.446544+00:00,162.4,11,ask,WavyWalnuts,Xuanyu Liu,8666522
2026-07-05T19:04:48.419478,2026-07-05T19:04:48.427887+00:00,162.5,200,bid,WavyWalnuts,YieldingYams,8666531
2026-07-05T19:04:49.592501,2026-07-05T19:04:49.604291+00:00,162.6,20,bid,BrilliantBurritos,YieldingYams,8666541
2026-07-05T19:04:49.630789,2026-07-05T19:04:49.637503+00:00,162.6,200,bid,WavyWalnuts,YieldingYams,8666543
2026-07-05T19:04:50.839911,2026-07-05T19:04:50.850942+00:00,162.5,200,bid,WavyWalnuts,YieldingYams,8666557
2026-07-05T19:04:52.216731,2026-07-05T19:04:52.225086+00:00,162.6,8,bid,Zhangyue Shen,YieldingYams,8666578
2026-07-05T19:04:52.536584,2026-07-05T19:04:52.551481+00:00,162.5,200,ask,WavyWalnuts,YieldingYams,8666582
2026-07-05T19:04:53.255818,2026-07-05T19:04:53.253529+00:00,162.4,200,bid,WavyWalnuts,YieldingYams,8666589
2026-07-05T19:04:56.491983,2026-07-05T19:04:56.501406+00:00,162.6,8,bid,Zhangyue Shen,WavyWalnuts,8666625
2026-07-05T19:04:57.261955,2026-07-05T19:04:57.274111+00:00,162.5,8,bid,Zhangyue Shen,WavyWalnuts,8666635
2026-07-05T19:04:58.532525,2026-07-05T19:04:58.539152+00:00,162.5,8,bid,Zhangyue Shen,YieldingYams,8666656
2026-07-05T19:05:01.091409,2026-07-05T19:05:01.099299+00:00,162.4,8,bid,Zhangyue Shen,YieldingYams,8666688
2026-07-05T19:05:02.950910,2026-07-05T19:05:02.964735+00:00,162.3,200,ask,YieldingYams,WavyWalnuts,8666709
2026-07-05T19:05:06.828995,2026-07-05T19:05:06.836555+00:00,162.6,20,bid,BrilliantBurritos,YieldingYams,8666759
2026-07-05T19:05:07.140572,2026-07-05T19:05:07.152258+00:00,162.5,8,bid,Zhangyue Shen,YieldingYams,8666766
2026-07-05T19:05:07.266092,2026-07-05T19:05:07.269955+00:00,162.3,12,ask,WavyWalnuts,Xuanyu Liu,8666768
2026-07-05T19:05:09.617162,2026-07-05T19:05:09.621095+00:00,162.5,14,ask,YieldingYams,Xuanyu Liu,8666799
2026-07-05T19:05:10.375001,2026-07-05T19:05:10.378736+00:00,162.6,3,bid,Xuanyu Liu,WavyWalnuts,8666812
2026-07-05T19:05:11.214127,2026-07-05T19:05:11.225970+00:00,162.5,3,ask,YieldingYams,Zhangyue Shen,8666824
2026-07-05T19:05:12.389516,2026-07-05T19:05:12.401578+00:00,162.5,20,ask,YieldingYams,BrilliantBurritos,8666837
2026-07-05T19:05:13.474795,2026-07-05T19:05:13.483303+00:00,162.5,5,ask,YieldingYams,Zhangyue Shen,8666858
2026-07-05T19:05:15.980415,2026-07-05T19:05:15.992286+00:00,162.5,20,bid,BrilliantBurritos,WavyWalnuts,8666888
2026-07-05T19:05:16.306885,2026-07-05T19:05:16.316151+00:00,162.4,200,ask,YieldingYams,WavyWalnuts,8666897
2026-07-05T19:05:17.496097,2026-07-05T19:05:17.502813+00:00,162.4,500,ask,AverageAlmonds,YieldingYams,8666915
2026-07-05T19:05:17.516116,2026-07-05T19:05:17.523861+00:00,162.3,125,bid,WavyWalnuts,YieldingYams,8666918
2026-07-05T19:05:18.025887,2026-07-05T19:05:18.034543+00:00,162.5,200,bid,AverageAlmonds,WavyWalnuts,8666920
2026-07-05T19:05:18.660342,2026-07-05T19:05:18.664204+00:00,162.6,3,ask,AverageAlmonds,Xuanyu Liu,8666932
2026-07-05T19:05:18.728791,2026-07-05T19:05:18.738150+00:00,162.6,200,ask,AverageAlmonds,WavyWalnuts,8666934
2026-07-05T19:05:20.470871,2026-07-05T19:05:20.479236+00:00,162.6,200,bid,AverageAlmonds,WavyWalnuts,8666956
2026-07-05T19:05:21.149149,2026-07-05T19:05:21.153837+00:00,162.6,200,ask,AverageAlmonds,WavyWalnuts,8666967
2026-07-05T19:05:21.423554,2026-07-05T19:05:21.430011+00:00,162.6,300,ask,AverageAlmonds,YieldingYams,8666971
2026-07-05T19:05:22.280151,2026-07-05T19:05:22.289942+00:00,162.6,325,bid,AverageAlmonds,YieldingYams,8666984
2026-07-05T19:05:22.363758,2026-07-05T19:05:22.374303+00:00,162.7,175,ask,AverageAlmonds,WavyWalnuts,8666985
2026-07-05T19:05:22.729765,2026-07-05T19:05:22.732867+00:00,162.6,25,bid,YieldingYams,WavyWalnuts,8666993
2026-07-05T19:05:23.576110,2026-07-05T19:05:23.587148+00:00,162.8,200,ask,YieldingYams,WavyWalnuts,8667008
2026-07-05T19:05:25.353075,2026-07-05T19:05:25.358584+00:00,162.9,200,bid,YieldingYams,WavyWalnuts,8667023
2026-07-05T19:05:25.996651,2026-07-05T19:05:26.007193+00:00,163.0,200,ask,YieldingYams,WavyWalnuts,8667034
2026-07-05T19:05:26.128799,2026-07-05T19:05:26.139406+00:00,163.0,8,ask,YieldingYams,Zhangyue Shen,8667039
2026-07-05T19:05:27.150853,2026-07-05T19:05:27.158620+00:00,162.7,8,ask,WavyWalnuts,Zhangyue Shen,8667055
2026-07-05T19:05:28.419502,2026-07-05T19:05:28.430340+00:00,162.8,8,ask,AverageAlmonds,Zhangyue Shen,8667074
2026-07-05T19:05:29.620567,2026-07-05T19:05:29.628210+00:00,162.9,200,bid,WavyWalnuts,YieldingYams,8667092
2026-07-05T19:05:32.041023,2026-07-05T19:05:32.048849+00:00,163.1,20,bid,BrilliantBurritos,WavyWalnuts,8667124
2026-07-05T19:05:33.740473,2026-07-05T19:05:33.752214+00:00,163.2,20,bid,BrilliantBurritos,YieldingYams,8667146
2026-07-05T19:05:34.484960,2026-07-05T19:05:34.492069+00:00,163.2,8,bid,Zhangyue Shen,YieldingYams,8667157
2026-07-05T19:05:35.854981,2026-07-05T19:05:35.854634+00:00,163.1,200,bid,YieldingYams,WavyWalnuts,8667176
2026-07-05T19:05:36.282023,2026-07-05T19:05:36.293017+00:00,163.1,8,ask,YieldingYams,Zhangyue Shen,8667181
2026-07-05T19:05:39.812281,2026-07-05T19:05:39.815989+00:00,163.1,3,bid,Xuanyu Liu,YieldingYams,8667224
2026-07-05T19:05:40.783354,2026-07-05T19:05:40.792597+00:00,163.1,8,bid,Zhangyue Shen,YieldingYams,8667242
2026-07-05T19:05:42.556763,2026-07-05T19:05:42.558587+00:00,163.0,8,ask,YieldingYams,Zhangyue Shen,8667264
2026-07-05T19:05:46.166152,2026-07-05T19:05:46.177756+00:00,163.3,20,bid,BrilliantBurritos,WavyWalnuts,8667317
2026-07-05T19:05:47.082324,2026-07-05T19:05:47.094192+00:00,163.1,8,ask,YieldingYams,Zhangyue Shen,8667333
2026-07-05T19:05:51.614823,2026-07-05T19:05:51.618735+00:00,163.0,3,ask,YieldingYams,Xuanyu Liu,8667391
2026-07-05T19:05:51.621106,2026-07-05T19:05:51.634319+00:00,163.0,8,ask,YieldingYams,Zhangyue Shen,8667392
2026-07-05T19:05:53.630101,2026-07-05T19:05:53.641699+00:00,163.0,8,ask,YieldingYams,Zhangyue Shen,8667414
2026-07-05T19:05:53.823107,2026-07-05T19:05:53.832661+00:00,163.0,200,ask,YieldingYams,WavyWalnuts,8667418
2026-07-05T19:05:54.753700,2026-07-05T19:05:54.758564+00:00,162.7,20,ask,WavyWalnuts,BrilliantBurritos,8667430
2026-07-05T19:05:58.924285,2026-07-05T19:05:58.935962+00:00,162.9,8,ask,WavyWalnuts,Zhangyue Shen,8667477
2026-07-05T19:06:03.216700,2026-07-05T19:06:03.228180+00:00,163.1,8,ask,WavyWalnuts,Zhangyue Shen,8667530
2026-07-05T19:06:03.583578,2026-07-05T19:06:03.595234+00:00,163.3,20,bid,BrilliantBurritos,YieldingYams,8667538
2026-07-05T19:06:04.481155,2026-07-05T19:06:04.491321+00:00,163.3,8,bid,Zhangyue Shen,YieldingYams,8667554
2026-07-05T19:06:05.957175,2026-07-05T19:06:05.964759+00:00,163.2,200,ask,YieldingYams,WavyWalnuts,8667572
2026-07-05T19:06:06.754455,2026-07-05T19:06:06.758619+00:00,163.4,8,bid,Zhangyue Shen,YieldingYams,8667583
2026-07-05T19:06:07.337686,2026-07-05T19:06:07.346283+00:00,163.2,200,bid,YieldingYams,WavyWalnuts,8667593
2026-07-05T19:06:07.523481,2026-07-05T19:06:07.530786+00:00,163.2,8,ask,YieldingYams,Zhangyue Shen,8667596
2026-07-05T19:06:08.322774,2026-07-05T19:06:08.334448+00:00,163.2,8,ask,YieldingYams,Zhangyue Shen,8667611
2026-07-05T19:06:09.524902,2026-07-05T19:06:09.532479+00:00,163.2,500,bid,AverageAlmonds,YieldingYams,8667623
2026-07-05T19:06:09.785721,2026-07-05T19:06:09.797453+00:00,163.0,20,ask,WavyWalnuts,BrilliantBurritos,8667629
2026-07-05T19:06:10.122580,2026-07-05T19:06:10.131200+00:00,163.2,200,bid,AverageAlmonds,WavyWalnuts,8667634
2026-07-05T19:06:10.345003,2026-07-05T19:06:10.358550+00:00,163.2,8,ask,AverageAlmonds,Zhangyue Shen,8667640
2026-07-05T19:06:10.733347,2026-07-05T19:06:10.744184+00:00,163.3,500,bid,AverageAlmonds,YieldingYams,8667645
2026-07-05T19:06:11.278301,2026-07-05T19:06:11.286046+00:00,163.4,200,bid,YieldingYams,WavyWalnuts,8667655
2026-07-05T19:06:15.216223,2026-07-05T19:06:15.226381+00:00,163.6,200,bid,YieldingYams,WavyWalnuts,8667710
2026-07-05T19:06:16.223258,2026-07-05T19:06:16.234961+00:00,163.6,20,ask,YieldingYams,BrilliantBurritos,8667725
2026-07-05T19:06:18.069931,2026-07-05T19:06:18.080848+00:00,163.8,200,bid,WavyWalnuts,YieldingYams,8667753
2026-07-05T19:06:19.291797,2026-07-05T19:06:19.295514+00:00,163.8,3,ask,WavyWalnuts,Xuanyu Liu,8667773
2026-07-05T19:06:20.253031,2026-07-05T19:06:20.264769+00:00,163.8,20,ask,WavyWalnuts,BrilliantBurritos,8667786
2026-07-05T19:06:20.468517,2026-07-05T19:06:20.479470+00:00,163.8,177,ask,WavyWalnuts,YieldingYams,8667790
2026-07-05T19:06:20.484391,2026-07-05T19:06:20.495142+00:00,163.8,200,bid,WavyWalnuts,YieldingYams,8667791
2026-07-05T19:06:22.677608,2026-07-05T19:06:22.689613+00:00,164.0,20,bid,BrilliantBurritos,WavyWalnuts,8667816
2026-07-05T19:06:27.706899,2026-07-05T19:06:27.710153+00:00,163.9,4,ask,AverageAlmonds,Xuanyu Liu,8667880
2026-07-05T19:06:30.102422,2026-07-05T19:06:30.109528+00:00,163.9,500,bid,AverageAlmonds,YieldingYams,8667908
2026-07-05T19:06:30.944547,2026-07-05T19:06:30.953255+00:00,164.1,200,bid,YieldingYams,WavyWalnuts,8667916
2026-07-05T19:06:31.362852,2026-07-05T19:06:31.374287+00:00,164.1,200,ask,YieldingYams,WavyWalnuts,8667925
2026-07-05T19:06:32.691318,2026-07-05T19:06:32.695354+00:00,164.2,7,bid,Xuanyu Liu,YieldingYams,8667943
2026-07-05T19:06:33.537451,2026-07-05T19:06:33.549340+00:00,164.2,6,bid,Zhangyue Shen,YieldingYams,8667953
2026-07-05T19:06:36.205651,2026-07-05T19:06:36.215223+00:00,164.0,200,ask,WavyWalnuts,YieldingYams,8667993
2026-07-05T19:06:37.324177,2026-07-05T19:06:37.335799+00:00,163.9,8,ask,WavyWalnuts,Zhangyue Shen,8668007
2026-07-05T19:06:37.515134,2026-07-05T19:06:37.523526+00:00,163.9,200,bid,YieldingYams,WavyWalnuts,8668010
2026-07-05T19:06:39.797472,2026-07-05T19:06:39.807343+00:00,164.1,200,bid,AverageAlmonds,WavyWalnuts,8668037
2026-07-05T19:06:39.797472,2026-07-05T19:06:39.807343+00:00,164.1,300,bid,AverageAlmonds,YieldingYams,8668038
2026-07-05T19:06:40.399147,2026-07-05T19:06:40.406459+00:00,164.1,200,bid,AverageAlmonds,WavyWalnuts,8668046
2026-07-05T19:06:41.450799,2026-07-05T19:06:41.464133+00:00,164.2,500,ask,AverageAlmonds,YieldingYams,8668055
2026-07-05T19:06:41.602949,2026-07-05T19:06:41.611688+00:00,164.2,125,bid,AverageAlmonds,YieldingYams,8668056
2026-07-05T19:06:42.269503,2026-07-05T19:06:42.279770+00:00,164.2,200,ask,AverageAlmonds,WavyWalnuts,8668069
2026-07-05T19:06:44.069337,2026-07-05T19:06:44.078735+00:00,164.4,200,bid,YieldingYams,WavyWalnuts,8668092
2026-07-05T19:06:45.347704,2026-07-05T19:06:45.358550+00:00,164.6,8,bid,Zhangyue Shen,WavyWalnuts,8668113
2026-07-05T19:06:48.730562,2026-07-05T19:06:48.742378+00:00,164.4,20,ask,WavyWalnuts,BrilliantBurritos,8668151
2026-07-05T19:06:49.155018,2026-07-05T19:06:49.166654+00:00,164.6,8,bid,Zhangyue Shen,YieldingYams,8668155
2026-07-05T19:06:52.002437,2026-07-05T19:06:52.010973+00:00,164.6,200,bid,WavyWalnuts,YieldingYams,8668195
2026-07-05T19:06:54.424422,2026-07-05T19:06:54.430914+00:00,164.4,200,ask,YieldingYams,WavyWalnuts,8668224
2026-07-05T19:06:54.695109,2026-07-05T19:06:54.706802+00:00,164.3,8,ask,YieldingYams,Zhangyue Shen,8668230
2026-07-05T19:06:58.719639,2026-07-05T19:06:58.731338+00:00,164.4,8,bid,Zhangyue Shen,WavyWalnuts,8668270
2026-07-05T19:07:00.993514,2026-07-05T19:07:01.004426+00:00,164.4,8,bid,Zhangyue Shen,YieldingYams,8668302
2026-07-05T19:07:03.937259,2026-07-05T19:07:03.946257+00:00,164.2,20,bid,BrilliantBurritos,WavyWalnuts,8668356
2026-07-05T19:07:05.298116,2026-07-05T19:07:05.305621+00:00,164.2,8,ask,YieldingYams,Zhangyue Shen,8668372
2026-07-05T19:07:05.328922,2026-07-05T19:07:05.340175+00:00,164.2,200,ask,YieldingYams,WavyWalnuts,8668374
2026-07-05T19:07:06.438358,2026-07-05T19:07:06.449595+00:00,164.3,500,ask,YieldingYams,AverageAlmonds,8668386
2026-07-05T19:07:06.538436,2026-07-05T19:07:06.545622+00:00,164.3,125,ask,YieldingYams,WavyWalnuts,8668388
2026-07-05T19:07:08.957565,2026-07-05T19:07:08.968843+00:00,164.1,200,bid,WavyWalnuts,YieldingYams,8668417
2026-07-05T19:07:11.611273,2026-07-05T19:07:11.658802+00:00,163.9,8,ask,YieldingYams,Zhangyue Shen,8668451
2026-07-05T19:07:15.655728,2026-07-05T19:07:15.663819+00:00,164.0,8,ask,WavyWalnuts,Zhangyue Shen,8668501
2026-07-05T19:07:16.895664,2026-07-05T19:07:16.899663+00:00,164.1,3,ask,YieldingYams,Xuanyu Liu,8668515
2026-07-05T19:07:17.703464,2026-07-05T19:07:17.715024+00:00,164.2,20,bid,BrilliantBurritos,WavyWalnuts,8668530
2026-07-05T19:07:18.625532,2026-07-05T19:07:18.634212+00:00,164.1,200,ask,YieldingYams,WavyWalnuts,8668542
2026-07-05T19:07:20.196782,2026-07-05T19:07:20.200394+00:00,164.2,11,ask,YieldingYams,Xuanyu Liu,8668562
2026-07-05T19:07:21.057250,2026-07-05T19:07:21.061647+00:00,164.3,12,ask,WavyWalnuts,Xuanyu Liu,8668578
2026-07-05T19:07:22.265053,2026-07-05T19:07:22.269409+00:00,164.4,11,ask,WavyWalnuts,Xuanyu Liu,8668597
2026-07-05T19:07:23.451932,2026-07-05T19:07:23.468677+00:00,164.4,189,ask,WavyWalnuts,YieldingYams,8668608
2026-07-05T19:07:23.477334,2026-07-05T19:07:23.481027+00:00,164.4,11,bid,Xuanyu Liu,YieldingYams,8668612
2026-07-05T19:07:25.802105,2026-07-05T19:07:25.808982+00:00,164.3,500,ask,YieldingYams,AverageAlmonds,8668646
2026-07-05T19:07:26.530011,2026-07-05T19:07:26.534241+00:00,164.2,11,ask,WavyWalnuts,Xuanyu Liu,8668652
2026-07-05T19:07:27.002187,2026-07-05T19:07:27.013946+00:00,164.2,189,ask,WavyWalnuts,AverageAlmonds,8668653
2026-07-05T19:07:27.631724,2026-07-05T19:07:27.638996+00:00,164.1,200,ask,WavyWalnuts,AverageAlmonds,8668659
2026-07-05T19:07:28.839752,2026-07-05T19:07:28.850257+00:00,164.1,200,ask,WavyWalnuts,AverageAlmonds,8668672
2026-07-05T19:07:28.839752,2026-07-05T19:07:28.850257+00:00,164.1,300,ask,YieldingYams,AverageAlmonds,8668673
2026-07-05T19:07:29.436458,2026-07-05T19:07:29.458603+00:00,164.1,325,ask,YieldingYams,AverageAlmonds,8668683
2026-07-05T19:07:29.523469,2026-07-05T19:07:29.532825+00:00,164.1,175,bid,WavyWalnuts,AverageAlmonds,8668687
2026-07-05T19:07:30.001548,2026-07-05T19:07:30.010705+00:00,164.1,25,ask,WavyWalnuts,YieldingYams,8668691
2026-07-05T19:07:30.733482,2026-07-05T19:07:30.740686+00:00,164.0,200,bid,WavyWalnuts,YieldingYams,8668700
2026-07-05T19:07:39.195107,2026-07-05T19:07:39.198794+00:00,163.8,23,ask,WavyWalnuts,Xuanyu Liu,8668824
2026-07-05T19:07:39.207162,2026-07-05T19:07:39.214413+00:00,164.0,200,bid,WavyWalnuts,YieldingYams,8668826
2026-07-05T19:07:40.413889,2026-07-05T19:07:40.421616+00:00,164.0,200,bid,WavyWalnuts,YieldingYams,8668841
2026-07-05T19:07:41.305810,2026-07-05T19:07:41.317502+00:00,163.8,20,ask,YieldingYams,BrilliantBurritos,8668854
2026-07-05T19:07:44.718657,2026-07-05T19:07:44.730200+00:00,163.9,20,bid,BrilliantBurritos,YieldingYams,8668902
2026-07-05T19:07:48.234207,2026-07-05T19:07:48.238005+00:00,163.8,11,bid,Xuanyu Liu,AverageAlmonds,8668938
2026-07-05T19:07:48.784464,2026-07-05T19:07:48.795860+00:00,163.8,20,bid,BrilliantBurritos,AverageAlmonds,8668947
2026-07-05T19:07:51.783712,2026-07-05T19:07:51.786966+00:00,163.7,23,bid,Xuanyu Liu,YieldingYams,8668985
2026-07-05T19:07:57.345441,2026-07-05T19:07:57.353845+00:00,163.8,200,bid,WavyWalnuts,YieldingYams,8669060
2026-07-05T19:07:57.353563,2026-07-05T19:07:57.364321+00:00,163.8,8,bid,Zhangyue Shen,YieldingYams,8669061
2026-07-05T19:07:58.111382,2026-07-05T19:07:58.115349+00:00,163.7,23,bid,Xuanyu Liu,YieldingYams,8669070
2026-07-05T19:07:58.556117,2026-07-05T19:07:58.558590+00:00,163.7,200,bid,WavyWalnuts,YieldingYams,8669073
2026-07-05T19:07:59.764726,2026-07-05T19:07:59.775495+00:00,163.7,200,bid,WavyWalnuts,YieldingYams,8669090
2026-07-05T19:08:00.977927,2026-07-05T19:08:00.988333+00:00,163.8,200,bid,WavyWalnuts,AverageAlmonds,8669097
2026-07-05T19:08:01.134573,2026-07-05T19:08:01.146348+00:00,163.6,20,ask,YieldingYams,BrilliantBurritos,8669099
2026-07-05T19:08:01.543404,2026-07-05T19:08:01.547314+00:00,163.7,3,bid,Xuanyu Liu,YieldingYams,8669106
2026-07-05T19:08:02.148704,2026-07-05T19:08:02.158548+00:00,163.7,8,bid,Zhangyue Shen,YieldingYams,8669118
2026-07-05T19:08:02.187967,2026-07-05T19:08:02.197470+00:00,163.7,200,bid,WavyWalnuts,YieldingYams,8669120
2026-07-05T19:08:02.811517,2026-07-05T19:08:02.822803+00:00,163.6,500,bid,YieldingYams,AverageAlmonds,8669130
2026-07-05T19:08:03.331659,2026-07-05T19:08:03.342904+00:00,163.6,125,ask,YieldingYams,AverageAlmonds,8669135
2026-07-05T19:08:04.157533,2026-07-05T19:08:04.169183+00:00,163.6,8,bid,Zhangyue Shen,AverageAlmonds,8669141
2026-07-05T19:08:09.432973,2026-07-05T19:08:09.439454+00:00,163.5,200,bid,YieldingYams,WavyWalnuts,8669197
2026-07-05T19:08:09.727633,2026-07-05T19:08:09.737946+00:00,163.8,8,bid,Zhangyue Shen,YieldingYams,8669207
2026-07-05T19:08:12.029676,2026-07-05T19:08:12.036383+00:00,163.5,20,ask,WavyWalnuts,BrilliantBurritos,8669242
2026-07-05T19:08:13.048352,2026-07-05T19:08:13.056807+00:00,163.7,8,bid,Zhangyue Shen,YieldingYams,8669260
2026-07-05T19:08:14.315727,2026-07-05T19:08:14.322314+00:00,163.6,200,bid,WavyWalnuts,YieldingYams,8669277
2026-07-05T19:08:15.318631,2026-07-05T19:08:15.330371+00:00,163.7,8,bid,Zhangyue Shen,YieldingYams,8669288
2026-07-05T19:08:19.163248,2026-07-05T19:08:19.170208+00:00,163.7,200,bid,WavyWalnuts,YieldingYams,8669349
2026-07-05T19:08:20.215827,2026-07-05T19:08:20.227561+00:00,163.5,20,ask,YieldingYams,BrilliantBurritos,8669359
2026-07-05T19:08:20.595291,2026-07-05T19:08:20.606882+00:00,163.7,8,ask,WavyWalnuts,Zhangyue Shen,8669364
2026-07-05T19:08:20.750178,2026-07-05T19:08:20.751953+00:00,163.7,20,ask,WavyWalnuts,BrilliantBurritos,8669366
2026-07-05T19:08:23.484215,2026-07-05T19:08:23.487910+00:00,163.6,26,ask,WavyWalnuts,Xuanyu Liu,8669404
2026-07-05T19:08:27.953379,2026-07-05T19:08:27.965430+00:00,163.7,20,bid,BrilliantBurritos,WavyWalnuts,8669466
2026-07-05T19:08:29.136223,2026-07-05T19:08:29.145446+00:00,163.7,500,bid,YieldingYams,AverageAlmonds,8669473
2026-07-05T19:08:29.375298,2026-07-05T19:08:29.383174+00:00,163.7,125,ask,YieldingYams,AverageAlmonds,8669474
2026-07-05T19:08:29.659592,2026-07-05T19:08:29.671420+00:00,163.7,8,bid,Zhangyue Shen,AverageAlmonds,8669482
2026-07-05T19:08:29.916566,2026-07-05T19:08:29.928146+00:00,163.5,8,ask,WavyWalnuts,Zhangyue Shen,8669488
2026-07-05T19:08:30.444678,2026-07-05T19:08:30.470433+00:00,163.5,200,ask,WavyWalnuts,YieldingYams,8669498
2026-07-05T19:08:30.482722,2026-07-05T19:08:30.486356+00:00,163.5,12,bid,Xuanyu Liu,YieldingYams,8669505
2026-07-05T19:08:31.752611,2026-07-05T19:08:31.758621+00:00,163.5,200,bid,YieldingYams,WavyWalnuts,8669518
2026-07-05T19:08:31.752611,2026-07-05T19:08:31.758621+00:00,163.6,425,bid,YieldingYams,AverageAlmonds,8669519
2026-07-05T19:08:32.481015,2026-07-05T19:08:32.485458+00:00,163.4,11,bid,Xuanyu Liu,WavyWalnuts,8669531
2026-07-05T19:08:32.968145,2026-07-05T19:08:32.975282+00:00,163.2,8,ask,WavyWalnuts,Zhangyue Shen,8669539
2026-07-05T19:08:33.063091,2026-07-05T19:08:33.070021+00:00,163.4,189,bid,YieldingYams,WavyWalnuts,8669541
2026-07-05T19:08:33.063091,2026-07-05T19:08:33.075262+00:00,163.4,436,bid,YieldingYams,AverageAlmonds,8669542
2026-07-05T19:08:33.674571,2026-07-05T19:08:33.685378+00:00,163.3,200,bid,WavyWalnuts,AverageAlmonds,8669550
2026-07-05T19:08:34.373369,2026-07-05T19:08:34.382643+00:00,163.1,500,bid,YieldingYams,AverageAlmonds,8669557
2026-07-05T19:08:34.836261,2026-07-05T19:08:34.843529+00:00,163.2,125,ask,YieldingYams,AverageAlmonds,8669564
2026-07-05T19:08:34.882181,2026-07-05T19:08:34.890009+00:00,163.2,200,bid,WavyWalnuts,AverageAlmonds,8669567
2026-07-05T19:08:35.794621,2026-07-05T19:08:35.804115+00:00,163.2,8,bid,Zhangyue Shen,AverageAlmonds,8669581
2026-07-05T19:08:35.911288,2026-07-05T19:08:35.923102+00:00,163.0,20,ask,YieldingYams,BrilliantBurritos,8669582
2026-07-05T19:08:36.091794,2026-07-05T19:08:36.102359+00:00,163.2,200,bid,WavyWalnuts,AverageAlmonds,8669585
2026-07-05T19:08:36.133178,2026-07-05T19:08:36.137438+00:00,163.0,11,ask,YieldingYams,Xuanyu Liu,8669589
2026-07-05T19:08:36.310586,2026-07-05T19:08:36.321808+00:00,163.0,8,ask,YieldingYams,Zhangyue Shen,8669592
2026-07-05T19:08:37.301912,2026-07-05T19:08:37.312456+00:00,163.1,200,bid,WavyWalnuts,AverageAlmonds,8669608
2026-07-05T19:08:37.638319,2026-07-05T19:08:37.646355+00:00,162.9,20,ask,YieldingYams,BrilliantBurritos,8669611
2026-07-05T19:08:38.082287,2026-07-05T19:08:38.091771+00:00,162.9,8,ask,YieldingYams,Zhangyue Shen,8669619
2026-07-05T19:08:38.524990,2026-07-05T19:08:38.528707+00:00,163.1,12,ask,WavyWalnuts,Xuanyu Liu,8669635
2026-07-05T19:08:38.600128,2026-07-05T19:08:38.606706+00:00,163.1,8,ask,WavyWalnuts,Zhangyue Shen,8669638
2026-07-05T19:08:39.672345,2026-07-05T19:08:39.680615+00:00,163.1,180,ask,WavyWalnuts,AverageAlmonds,8669653
2026-07-05T19:08:39.719721,2026-07-05T19:08:39.728963+00:00,163.0,200,bid,WavyWalnuts,AverageAlmonds,8669655
2026-07-05T19:08:40.170831,2026-07-05T19:08:40.182719+00:00,163.0,20,bid,BrilliantBurritos,AverageAlmonds,8669660
2026-07-05T19:08:42.242294,2026-07-05T19:08:42.248941+00:00,163.0,500,bid,YieldingYams,AverageAlmonds,8669687
2026-07-05T19:08:42.372877,2026-07-05T19:08:42.384689+00:00,163.1,8,ask,YieldingYams,Zhangyue Shen,8669689
2026-07-05T19:08:42.694080,2026-07-05T19:08:42.704834+00:00,163.1,117,ask,YieldingYams,AverageAlmonds,8669695
2026-07-05T19:08:48.170545,2026-07-05T19:08:48.180223+00:00,162.9,20,bid,BrilliantBurritos,WavyWalnuts,8669760
2026-07-05T19:08:48.716013,2026-07-05T19:08:48.725495+00:00,162.7,8,ask,WavyWalnuts,Zhangyue Shen,8669773
2026-07-05T19:08:51.425143,2026-07-05T19:08:51.432632+00:00,162.7,200,ask,WavyWalnuts,YieldingYams,8669813
2026-07-05T19:08:51.844138,2026-07-05T19:08:51.853317+00:00,162.7,200,bid,WavyWalnuts,YieldingYams,8669820
2026-07-05T19:08:53.864090,2026-07-05T19:08:53.875789+00:00,162.8,20,ask,YieldingYams,BrilliantBurritos,8669853
2026-07-05T19:08:55.067194,2026-07-05T19:08:55.071260+00:00,163.0,12,bid,Xuanyu Liu,WavyWalnuts,8669865
2026-07-05T19:08:55.359098,2026-07-05T19:08:55.368992+00:00,163.0,188,bid,YieldingYams,WavyWalnuts,8669867
2026-07-05T19:08:55.484845,2026-07-05T19:08:55.492149+00:00,163.0,200,ask,YieldingYams,WavyWalnuts,8669869
2026-07-05T19:08:56.624574,2026-07-05T19:08:56.633847+00:00,163.0,237,ask,YieldingYams,AverageAlmonds,8669884
2026-07-05T19:08:56.709391,2026-07-05T19:08:56.713132+00:00,162.9,11,bid,Xuanyu Liu,WavyWalnuts,8669888
2026-07-05T19:08:57.464671,2026-07-05T19:08:57.468789+00:00,162.7,23,ask,YieldingYams,Xuanyu Liu,8669901
2026-07-05T19:08:57.848808,2026-07-05T19:08:57.858598+00:00,162.9,20,bid,BrilliantBurritos,WavyWalnuts,8669905
2026-07-05T19:09:01.475486,2026-07-05T19:09:01.484651+00:00,162.8,200,ask,WavyWalnuts,AverageAlmonds,8669952
2026-07-05T19:09:01.475486,2026-07-05T19:09:01.484651+00:00,162.8,300,ask,YieldingYams,AverageAlmonds,8669953
2026-07-05T19:09:02.069616,2026-07-05T19:09:02.077141+00:00,162.7,500,ask,YieldingYams,AverageAlmonds,8669963
2026-07-05T19:09:02.118111,2026-07-05T19:09:02.129977+00:00,162.7,20,ask,YieldingYams,BrilliantBurritos,8669967
2026-07-05T19:09:02.676379,2026-07-05T19:09:02.685296+00:00,162.7,105,ask,YieldingYams,AverageAlmonds,8669972
2026-07-05T19:09:02.696337,2026-07-05T19:09:02.700033+00:00,162.7,12,bid,Xuanyu Liu,AverageAlmonds,8669974
2026-07-05T19:09:03.253955,2026-07-05T19:09:03.258575+00:00,162.5,14,bid,Xuanyu Liu,YieldingYams,8669984
2026-07-05T19:09:04.595184,2026-07-05T19:09:04.598792+00:00,162.3,26,ask,WavyWalnuts,Xuanyu Liu,8670007
2026-07-05T19:09:05.160492,2026-07-05T19:09:05.168981+00:00,162.5,200,bid,WavyWalnuts,YieldingYams,8670012
2026-07-05T19:09:05.577446,2026-07-05T19:09:05.585614+00:00,162.5,20,bid,BrilliantBurritos,YieldingYams,8670019
2026-07-05T19:09:07.193554,2026-07-05T19:09:07.214861+00:00,162.7,8,bid,Zhangyue Shen,WavyWalnuts,8670052
2026-07-05T19:09:08.734878,2026-07-05T19:09:08.758568+00:00,162.5,200,ask,WavyWalnuts,AverageAlmonds,8670062
2026-07-05T19:09:08.734878,2026-07-05T19:09:08.758568+00:00,162.4,300,ask,YieldingYams,AverageAlmonds,8670063
2026-07-05T19:09:09.051331,2026-07-05T19:09:09.057829+00:00,162.6,20,bid,BrilliantBurritos,WavyWalnuts,8670068
2026-07-05T19:09:09.330894,2026-07-05T19:09:09.338432+00:00,162.4,325,ask,YieldingYams,AverageAlmonds,8670076
2026-07-05T19:09:09.330894,2026-07-05T19:09:09.343440+00:00,162.3,175,ask,WavyWalnuts,AverageAlmonds,8670077
2026-07-05T19:09:09.711076,2026-07-05T19:09:09.719813+00:00,162.3,8,ask,WavyWalnuts,Zhangyue Shen,8670086
2026-07-05T19:09:09.933397,2026-07-05T19:09:09.941003+00:00,162.3,17,ask,WavyWalnuts,AverageAlmonds,8670089
2026-07-05T19:09:09.933397,2026-07-05T19:09:09.941003+00:00,162.2,483,ask,YieldingYams,AverageAlmonds,8670090
2026-07-05T19:09:10.021958,2026-07-05T19:09:10.025710+00:00,162.4,12,bid,Xuanyu Liu,WavyWalnuts,8670094
2026-07-05T19:09:10.560891,2026-07-05T19:09:10.569429+00:00,162.2,142,ask,YieldingYams,AverageAlmonds,8670099
2026-07-05T19:09:10.582737,2026-07-05T19:09:10.586942+00:00,162.2,14,bid,Xuanyu Liu,AverageAlmonds,8670101
2026-07-05T19:09:10.919283,2026-07-05T19:09:10.923347+00:00,162.1,3,ask,WavyWalnuts,Xuanyu Liu,8670105
2026-07-05T19:09:11.171369,2026-07-05T19:09:11.179300+00:00,162.1,197,ask,WavyWalnuts,AverageAlmonds,8670109
2026-07-05T19:09:11.734148,2026-07-05T19:09:11.768732+00:00,162.1,3,bid,Zhangyue Shen,AverageAlmonds,8670119
2026-07-05T19:09:13.364638,2026-07-05T19:09:13.376623+00:00,162.0,20,bid,BrilliantBurritos,WavyWalnuts,8670139
2026-07-05T19:09:13.638370,2026-07-05T19:09:13.648437+00:00,161.9,200,ask,YieldingYams,WavyWalnuts,8670144
2026-07-05T19:09:14.848071,2026-07-05T19:09:14.858603+00:00,162.0,200,ask,YieldingYams,WavyWalnuts,8670162
2026-07-05T19:09:17.228956,2026-07-05T19:09:17.238795+00:00,161.9,200,ask,WavyWalnuts,AverageAlmonds,8670187
2026-07-05T19:09:17.228956,2026-07-05T19:09:17.238795+00:00,161.9,300,ask,YieldingYams,AverageAlmonds,8670188
2026-07-05T19:09:17.274251,2026-07-05T19:09:17.285636+00:00,161.9,3,ask,YieldingYams,Zhangyue Shen,8670191
2026-07-05T19:09:18.832657,2026-07-05T19:09:18.844419+00:00,161.8,20,bid,BrilliantBurritos,WavyWalnuts,8670209
2026-07-05T19:09:18.956561,2026-07-05T19:09:18.958586+00:00,161.8,180,bid,YieldingYams,WavyWalnuts,8670210
2026-07-05T19:09:19.251758,2026-07-05T19:09:19.258556+00:00,161.8,20,ask,YieldingYams,BrilliantBurritos,8670213
2026-07-05T19:09:21.573736,2026-07-05T19:09:21.594633+00:00,161.6,200,ask,WavyWalnuts,YieldingYams,8670256
2026-07-05T19:09:21.576670,2026-07-05T19:09:21.594633+00:00,161.5,20,bid,BrilliantBurritos,YieldingYams,8670257
2026-07-05T19:09:21.590874,2026-07-05T19:09:21.594633+00:00,161.5,3,bid,Xuanyu Liu,YieldingYams,8670260
2026-07-05T19:09:22.123293,2026-07-05T19:09:22.131940+00:00,161.5,200,bid,WavyWalnuts,YieldingYams,8670262
2026-07-05T19:09:23.331527,2026-07-05T19:09:23.340039+00:00,161.7,200,bid,WavyWalnuts,YieldingYams,8670279
2026-07-05T19:09:24.205492,2026-07-05T19:09:24.209209+00:00,161.5,3,ask,YieldingYams,Xuanyu Liu,8670291
2026-07-05T19:09:24.555387,2026-07-05T19:09:24.559177+00:00,161.6,11,ask,WavyWalnuts,Xuanyu Liu,8670296
2026-07-05T19:09:30.352458,2026-07-05T19:09:30.356092+00:00,161.7,20,ask,YieldingYams,BrilliantBurritos,8670364
2026-07-05T19:09:30.742653,2026-07-05T19:09:30.749798+00:00,161.8,200,bid,YieldingYams,WavyWalnuts,8670371
2026-07-05T19:09:30.742653,2026-07-05T19:09:30.754761+00:00,161.9,425,bid,YieldingYams,AverageAlmonds,8670372
2026-07-05T19:09:32.356457,2026-07-05T19:09:32.358604+00:00,161.7,200,ask,WavyWalnuts,AverageAlmonds,8670389
2026-07-05T19:09:33.361680,2026-07-05T19:09:33.369406+00:00,161.8,500,bid,YieldingYams,AverageAlmonds,8670401
2026-07-05T19:09:33.361680,2026-07-05T19:09:33.374386+00:00,161.8,125,bid,YieldingYams,WavyWalnuts,8670402
2026-07-05T19:09:35.391145,2026-07-05T19:09:35.399785+00:00,161.6,200,ask,WavyWalnuts,AverageAlmonds,8670418
2026-07-05T19:09:35.999735,2026-07-05T19:09:36.012718+00:00,161.5,200,ask,WavyWalnuts,AverageAlmonds,8670423
2026-07-05T19:09:36.014920,2026-07-05T19:09:36.022930+00:00,161.5,300,bid,YieldingYams,AverageAlmonds,8670424
2026-07-05T19:09:36.592675,2026-07-05T19:09:36.599949+00:00,161.6,325,ask,YieldingYams,AverageAlmonds,8670430
2026-07-05T19:09:37.837773,2026-07-05T19:09:37.848747+00:00,161.5,200,bid,WavyWalnuts,AverageAlmonds,8670447
2026-07-05T19:09:39.045796,2026-07-05T19:09:39.058609+00:00,161.6,200,bid,WavyWalnuts,AverageAlmonds,8670470
2026-07-05T19:09:42.654685,2026-07-05T19:09:42.658564+00:00,161.5,200,ask,WavyWalnuts,AverageAlmonds,8670523
2026-07-05T19:09:42.654685,2026-07-05T19:09:42.668947+00:00,161.5,300,ask,YieldingYams,AverageAlmonds,8670524
2026-07-05T19:09:43.254689,2026-07-05T19:09:43.265396+00:00,161.5,325,ask,YieldingYams,AverageAlmonds,8670529
2026-07-05T19:09:44.544024,2026-07-05T19:09:44.555727+00:00,161.4,20,ask,WavyWalnuts,BrilliantBurritos,8670548
2026-07-05T19:09:44.913561,2026-07-05T19:09:44.917955+00:00,161.4,12,ask,WavyWalnuts,Xuanyu Liu,8670554
2026-07-05T19:09:45.189714,2026-07-05T19:09:45.200006+00:00,161.4,200,ask,WavyWalnuts,YieldingYams,8670559
2026-07-05T19:09:46.321498,2026-07-05T19:09:46.328425+00:00,161.4,200,bid,WavyWalnuts,YieldingYams,8670569
2026-07-05T19:09:46.516006,2026-07-05T19:09:46.520322+00:00,161.5,34,ask,YieldingYams,Xuanyu Liu,8670575
2026-07-05T19:09:47.533013,2026-07-05T19:09:47.540108+00:00,161.5,200,ask,YieldingYams,WavyWalnuts,8670584
2026-07-05T19:09:48.200213,2026-07-05T19:09:48.211992+00:00,161.6,20,bid,BrilliantBurritos,YieldingYams,8670598
2026-07-05T19:09:48.865927,2026-07-05T19:09:48.869969+00:00,161.5,23,bid,Xuanyu Liu,WavyWalnuts,8670608
2026-07-05T19:09:49.783446,2026-07-05T19:09:49.790243+00:00,161.5,20,bid,BrilliantBurritos,WavyWalnuts,8670620
2026-07-05T19:09:49.954467,2026-07-05T19:09:49.958554+00:00,161.3,200,ask,YieldingYams,WavyWalnuts,8670624
2026-07-05T19:09:51.635143,2026-07-05T19:09:51.646560+00:00,161.4,20,ask,YieldingYams,BrilliantBurritos,8670642
2026-07-05T19:09:52.572909,2026-07-05T19:09:52.584354+00:00,161.4,20,ask,YieldingYams,BrilliantBurritos,8670650
2026-07-05T19:09:54.789393,2026-07-05T19:09:54.796145+00:00,161.3,200,ask,YieldingYams,WavyWalnuts,8670684
2026-07-05T19:09:55.244275,2026-07-05T19:09:55.248314+00:00,161.3,23,ask,YieldingYams,Xuanyu Liu,8670689
2026-07-05T19:09:56.538069,2026-07-05T19:09:56.549726+00:00,161.0,20,ask,YieldingYams,BrilliantBurritos,8670704
2026-07-05T19:09:57.953395,2026-07-05T19:09:57.964943+00:00,161.0,20,ask,WavyWalnuts,BrilliantBurritos,8670720
2026-07-05T19:09:59.638491,2026-07-05T19:09:59.648583+00:00,161.0,200,bid,WavyWalnuts,YieldingYams,8670739
2026-07-05T19:10:00.356761,2026-07-05T19:10:00.358699+00:00,160.8,20,ask,YieldingYams,BrilliantBurritos,8670746
2026-07-05T19:10:00.849427,2026-07-05T19:10:00.856677+00:00,161.0,200,bid,WavyWalnuts,YieldingYams,8670753
2026-07-05T19:10:02.063021,2026-07-05T19:10:02.075422+00:00,161.0,200,ask,YieldingYams,WavyWalnuts,8670765
2026-07-05T19:10:07.829633,2026-07-05T19:10:07.833199+00:00,161.1,11,bid,Xuanyu Liu,YieldingYams,8670828
2026-07-05T19:10:08.672240,2026-07-05T19:10:08.683184+00:00,161.1,500,bid,AverageAlmonds,YieldingYams,8670840
2026-07-05T19:10:10.120325,2026-07-05T19:10:10.130807+00:00,161.2,200,bid,YieldingYams,WavyWalnuts,8670851
2026-07-05T19:10:11.749796,2026-07-05T19:10:11.758610+00:00,161.3,200,bid,WavyWalnuts,YieldingYams,8670877
2026-07-05T19:10:13.352905,2026-07-05T19:10:13.356690+00:00,161.3,35,bid,Xuanyu Liu,YieldingYams,8670901
2026-07-05T19:10:15.162307,2026-07-05T19:10:15.174134+00:00,161.4,8,bid,Zhangyue Shen,YieldingYams,8670932
2026-07-05T19:10:15.367635,2026-07-05T19:10:15.374208+00:00,161.3,200,ask,WavyWalnuts,YieldingYams,8670935
2026-07-05T19:10:15.389904,2026-07-05T19:10:15.400332+00:00,161.3,200,bid,WavyWalnuts,YieldingYams,8670937
2026-07-05T19:10:15.939562,2026-07-05T19:10:15.949395+00:00,161.3,225,bid,AverageAlmonds,YieldingYams,8670947
2026-07-05T19:10:16.681501,2026-07-05T19:10:16.688631+00:00,161.4,8,ask,YieldingYams,Zhangyue Shen,8670955
2026-07-05T19:10:20.634648,2026-07-05T19:10:20.638399+00:00,161.7,11,bid,Xuanyu Liu,YieldingYams,8671014
2026-07-05T19:10:21.438543,2026-07-05T19:10:21.448488+00:00,161.7,200,bid,WavyWalnuts,YieldingYams,8671023
2026-07-05T19:10:25.074052,2026-07-05T19:10:25.084561+00:00,161.7,200,bid,WavyWalnuts,YieldingYams,8671071
2026-07-05T19:10:26.142801,2026-07-05T19:10:26.154416+00:00,161.5,20,ask,YieldingYams,BrilliantBurritos,8671094
2026-07-05T19:10:26.282866,2026-07-05T19:10:26.290634+00:00,161.8,200,bid,WavyWalnuts,YieldingYams,8671097
2026-07-05T19:10:26.549461,2026-07-05T19:10:26.555943+00:00,161.8,8,bid,Zhangyue Shen,YieldingYams,8671101
2026-07-05T19:10:28.750852,2026-07-05T19:10:28.757443+00:00,161.7,20,ask,WavyWalnuts,BrilliantBurritos,8671123
2026-07-05T19:10:32.082370,2026-07-05T19:10:32.091743+00:00,161.7,8,ask,YieldingYams,Zhangyue Shen,8671174
2026-07-05T19:10:34.753359,2026-07-05T19:10:34.758568+00:00,161.8,200,bid,WavyWalnuts,YieldingYams,8671213
2026-07-05T19:10:35.962865,2026-07-05T19:10:35.970134+00:00,161.6,200,bid,WavyWalnuts,YieldingYams,8671227
2026-07-05T19:10:36.380213,2026-07-05T19:10:36.383884+00:00,161.5,23,ask,YieldingYams,Xuanyu Liu,8671235
2026-07-05T19:10:37.191470,2026-07-05T19:10:37.195320+00:00,161.6,11,ask,WavyWalnuts,Xuanyu Liu,8671243
2026-07-05T19:10:41.597093,2026-07-05T19:10:41.606655+00:00,161.6,200,ask,WavyWalnuts,YieldingYams,8671296
2026-07-05T19:10:42.676621,2026-07-05T19:10:42.680692+00:00,161.5,12,ask,WavyWalnuts,Xuanyu Liu,8671309
2026-07-05T19:10:42.923240,2026-07-05T19:10:42.927178+00:00,161.6,11,ask,YieldingYams,Xuanyu Liu,8671311
2026-07-05T19:10:44.217429,2026-07-05T19:10:44.227613+00:00,161.7,200,bid,YieldingYams,WavyWalnuts,8671323
2026-07-05T19:10:44.234662,2026-07-05T19:10:44.238713+00:00,161.7,11,ask,YieldingYams,Xuanyu Liu,8671325
2026-07-05T19:10:46.848758,2026-07-05T19:10:46.859890+00:00,161.7,200,bid,YieldingYams,WavyWalnuts,8671357
2026-07-05T19:10:46.870649,2026-07-05T19:10:46.880798+00:00,161.7,200,ask,YieldingYams,WavyWalnuts,8671359
2026-07-05T19:10:50.829456,2026-07-05T19:10:50.841428+00:00,161.6,20,bid,BrilliantBurritos,YieldingYams,8671391
2026-07-05T19:10:51.364918,2026-07-05T19:10:51.369077+00:00,161.5,12,ask,WavyWalnuts,Xuanyu Liu,8671398
2026-07-05T19:10:51.710645,2026-07-05T19:10:51.721855+00:00,161.6,200,bid,WavyWalnuts,YieldingYams,8671405
2026-07-05T19:10:56.053222,2026-07-05T19:10:56.057555+00:00,161.7,11,ask,YieldingYams,Xuanyu Liu,8671456
2026-07-05T19:10:58.975559,2026-07-05T19:10:58.981918+00:00,161.5,200,ask,YieldingYams,WavyWalnuts,8671489
2026-07-05T19:11:01.286421,2026-07-05T19:11:01.293850+00:00,161.6,500,ask,AverageAlmonds,YieldingYams,8671518
2026-07-05T19:11:01.339856,2026-07-05T19:11:01.348240+00:00,161.6,125,bid,AverageAlmonds,YieldingYams,8671519
2026-07-05T19:11:03.913446,2026-07-05T19:11:03.920497+00:00,161.7,200,bid,YieldingYams,WavyWalnuts,8671548
2026-07-05T19:11:08.019434,2026-07-05T19:11:08.023547+00:00,161.6,6,ask,WavyWalnuts,Xuanyu Liu,8671604
2026-07-05T19:11:09.729821,2026-07-05T19:11:09.738904+00:00,161.6,20,bid,BrilliantBurritos,YieldingYams,8671617
2026-07-05T19:11:12.313861,2026-07-05T19:11:12.324788+00:00,161.5,200,ask,YieldingYams,WavyWalnuts,8671646
2026-07-05T19:11:18.089845,2026-07-05T19:11:18.098501+00:00,161.4,20,ask,YieldingYams,BrilliantBurritos,8671700
2026-07-05T19:11:22.308685,2026-07-05T19:11:22.320496+00:00,161.3,20,ask,WavyWalnuts,BrilliantBurritos,8671761
2026-07-05T19:11:24.920751,2026-07-05T19:11:24.933110+00:00,161.5,20,bid,BrilliantBurritos,WavyWalnuts,8671793
2026-07-05T19:11:25.934745,2026-07-05T19:11:25.946580+00:00,161.5,20,bid,BrilliantBurritos,YieldingYams,8671806
2026-07-05T19:11:26.947230,2026-07-05T19:11:26.950692+00:00,161.5,17,bid,Xuanyu Liu,WavyWalnuts,8671821
2026-07-05T19:11:31.691058,2026-07-05T19:11:31.700478+00:00,161.5,200,ask,YieldingYams,WavyWalnuts,8671873
2026-07-05T19:11:32.204080,2026-07-05T19:11:32.215499+00:00,161.7,20,bid,BrilliantBurritos,YieldingYams,8671878
2026-07-05T19:11:33.275092,2026-07-05T19:11:33.278472+00:00,161.5,23,bid,Xuanyu Liu,WavyWalnuts,8671899
2026-07-05T19:11:33.483047,2026-07-05T19:11:33.491854+00:00,161.5,8,bid,Zhangyue Shen,WavyWalnuts,8671902
2026-07-05T19:11:34.123643,2026-07-05T19:11:34.134712+00:00,161.4,200,ask,YieldingYams,WavyWalnuts,8671914
2026-07-05T19:11:34.239712,2026-07-05T19:11:34.251684+00:00,161.7,8,bid,Zhangyue Shen,YieldingYams,8671915
2026-07-05T19:11:35.335343,2026-07-05T19:11:35.344385+00:00,161.4,200,ask,YieldingYams,WavyWalnuts,8671929
2026-07-05T19:11:36.548075,2026-07-05T19:11:36.555522+00:00,161.3,200,ask,YieldingYams,WavyWalnuts,8671947
2026-07-05T19:11:37.288177,2026-07-05T19:11:37.297549+00:00,161.6,20,bid,BrilliantBurritos,YieldingYams,8671954
2026-07-05T19:11:39.015817,2026-07-05T19:11:39.027434+00:00,161.5,8,bid,Zhangyue Shen,YieldingYams,8671978
2026-07-05T19:11:39.606516,2026-07-05T19:11:39.610120+00:00,161.4,23,bid,Xuanyu Liu,YieldingYams,8671984
2026-07-05T19:11:40.648570,2026-07-05T19:11:40.654486+00:00,161.3,200,ask,WavyWalnuts,YieldingYams,8671993
2026-07-05T19:11:40.664398,2026-07-05T19:11:40.668229+00:00,161.3,11,bid,Xuanyu Liu,YieldingYams,8671995
2026-07-05T19:11:40.686089,2026-07-05T19:11:40.694319+00:00,161.3,414,bid,AverageAlmonds,YieldingYams,8671996
2026-07-05T19:11:42.594724,2026-07-05T19:11:42.601137+00:00,161.5,200,ask,AverageAlmonds,WavyWalnuts,8672016
2026-07-05T19:11:43.266298,2026-07-05T19:11:43.275356+00:00,161.5,500,ask,AverageAlmonds,YieldingYams,8672028
2026-07-05T19:11:43.541047,2026-07-05T19:11:43.552881+00:00,161.4,8,bid,Zhangyue Shen,YieldingYams,8672032
2026-07-05T19:11:43.717819,2026-07-05T19:11:43.725293+00:00,161.4,117,bid,AverageAlmonds,YieldingYams,8672036
2026-07-05T19:11:44.575133,2026-07-05T19:11:44.584902+00:00,161.6,500,ask,AverageAlmonds,YieldingYams,8672053
2026-07-05T19:11:45.216905,2026-07-05T19:11:45.228885+00:00,161.6,20,bid,BrilliantBurritos,YieldingYams,8672061
2026-07-05T19:11:45.536664,2026-07-05T19:11:45.546654+00:00,161.6,105,bid,AverageAlmonds,YieldingYams,8672065
2026-07-05T19:11:45.536664,2026-07-05T19:11:45.546654+00:00,161.6,200,bid,AverageAlmonds,WavyWalnuts,8672066
2026-07-05T19:11:45.987822,2026-07-05T19:11:45.992030+00:00,162.0,26,bid,Xuanyu Liu,YieldingYams,8672076
2026-07-05T19:11:46.166733,2026-07-05T19:11:46.174170+00:00,162.0,8,bid,Zhangyue Shen,YieldingYams,8672078
2026-07-05T19:11:46.427671,2026-07-05T19:11:46.434967+00:00,161.8,3,bid,Zhangyue Shen,WavyWalnuts,8672087
2026-07-05T19:11:46.435075,2026-07-05T19:11:46.445448+00:00,161.7,20,ask,YieldingYams,BrilliantBurritos,8672089
2026-07-05T19:11:46.689358,2026-07-05T19:11:46.700091+00:00,161.8,3,bid,Zhangyue Shen,WavyWalnuts,8672094
2026-07-05T19:11:46.951451,2026-07-05T19:11:46.956361+00:00,161.8,3,bid,Zhangyue Shen,WavyWalnuts,8672099
2026-07-05T19:11:47.194252,2026-07-05T19:11:47.204043+00:00,161.8,191,bid,YieldingYams,WavyWalnuts,8672104
2026-07-05T19:11:47.220078,2026-07-05T19:11:47.230109+00:00,161.8,8,ask,YieldingYams,Zhangyue Shen,8672106
2026-07-05T19:11:47.434925,2026-07-05T19:11:47.446295+00:00,161.8,200,ask,YieldingYams,WavyWalnuts,8672113
2026-07-05T19:11:47.915420,2026-07-05T19:11:47.926255+00:00,162.0,20,bid,BrilliantBurritos,YieldingYams,8672126
2026-07-05T19:11:47.986109,2026-07-05T19:11:47.998843+00:00,162.0,8,bid,Zhangyue Shen,YieldingYams,8672128
2026-07-05T19:11:48.509416,2026-07-05T19:11:48.519009+00:00,161.8,500,ask,AverageAlmonds,YieldingYams,8672133
2026-07-05T19:11:48.568761,2026-07-05T19:11:48.575755+00:00,161.8,125,bid,AverageAlmonds,YieldingYams,8672135
2026-07-05T19:11:50.381362,2026-07-05T19:11:50.406357+00:00,161.9,200,bid,AverageAlmonds,WavyWalnuts,8672163
2026-07-05T19:11:50.402714,2026-07-05T19:11:50.406357+00:00,161.9,3,ask,AverageAlmonds,Xuanyu Liu,8672166
2026-07-05T19:11:51.146527,2026-07-05T19:11:51.150421+00:00,162.0,7,ask,YieldingYams,Xuanyu Liu,8672180
2026-07-05T19:11:52.332158,2026-07-05T19:11:52.336116+00:00,162.2,7,bid,Xuanyu Liu,YieldingYams,8672203
2026-07-05T19:11:52.568110,2026-07-05T19:11:52.577710+00:00,162.2,8,bid,Zhangyue Shen,WavyWalnuts,8672206
2026-07-05T19:11:53.265530,2026-07-05T19:11:53.277220+00:00,162.0,20,ask,YieldingYams,BrilliantBurritos,8672221
2026-07-05T19:11:53.486953,2026-07-05T19:11:53.495037+00:00,162.1,200,ask,AverageAlmonds,WavyWalnuts,8672226
2026-07-05T19:11:55.240629,2026-07-05T19:11:55.247809+00:00,162.2,200,bid,AverageAlmonds,WavyWalnuts,8672250
2026-07-05T19:11:55.763025,2026-07-05T19:11:55.773576+00:00,162.2,20,ask,AverageAlmonds,BrilliantBurritos,8672260
2026-07-05T19:11:56.385297,2026-07-05T19:11:56.396018+00:00,162.3,200,bid,YieldingYams,WavyWalnuts,8672266
2026-07-05T19:11:57.105774,2026-07-05T19:11:57.116594+00:00,162.3,200,ask,YieldingYams,WavyWalnuts,8672282
2026-07-05T19:11:58.612684,2026-07-05T19:11:58.624334+00:00,162.3,8,ask,WavyWalnuts,Zhangyue Shen,8672303
2026-07-05T19:11:59.369417,2026-07-05T19:11:59.381358+00:00,162.5,8,bid,Zhangyue Shen,WavyWalnuts,8672315
2026-07-05T19:12:00.760027,2026-07-05T19:12:00.771660+00:00,162.3,20,ask,YieldingYams,BrilliantBurritos,8672333
2026-07-05T19:12:02.515638,2026-07-05T19:12:02.527079+00:00,162.5,200,bid,AverageAlmonds,WavyWalnuts,8672348
2026-07-05T19:12:03.119899,2026-07-05T19:12:03.126247+00:00,162.6,500,bid,AverageAlmonds,YieldingYams,8672355
2026-07-05T19:12:04.264492,2026-07-05T19:12:04.268118+00:00,162.6,11,ask,YieldingYams,Xuanyu Liu,8672369
2026-07-05T19:12:04.983094,2026-07-05T19:12:04.986700+00:00,162.7,14,bid,Xuanyu Liu,WavyWalnuts,8672383
2026-07-05T19:12:05.560310,2026-07-05T19:12:05.570196+00:00,162.7,186,bid,YieldingYams,WavyWalnuts,8672385
2026-07-05T19:12:06.876803,2026-07-05T19:12:06.883080+00:00,162.8,200,ask,WavyWalnuts,YieldingYams,8672412
2026-07-05T19:12:08.036644,2026-07-05T19:12:08.048234+00:00,162.8,20,bid,BrilliantBurritos,YieldingYams,8672426
2026-07-05T19:12:08.745707,2026-07-05T19:12:08.758608+00:00,162.8,8,bid,Zhangyue Shen,WavyWalnuts,8672431
2026-07-05T19:12:11.266720,2026-07-05T19:12:11.278071+00:00,162.8,8,bid,Zhangyue Shen,YieldingYams,8672468
2026-07-05T19:12:12.081454,2026-07-05T19:12:12.090606+00:00,162.8,20,bid,BrilliantBurritos,YieldingYams,8672481
2026-07-05T19:12:13.292928,2026-07-05T19:12:13.301171+00:00,162.8,8,bid,Zhangyue Shen,WavyWalnuts,8672498
2026-07-05T19:12:15.304966,2026-07-05T19:12:15.313093+00:00,162.8,200,ask,YieldingYams,WavyWalnuts,8672518
2026-07-05T19:12:17.325572,2026-07-05T19:12:17.337228+00:00,162.7,20,ask,WavyWalnuts,BrilliantBurritos,8672538
2026-07-05T19:12:17.726496,2026-07-05T19:12:17.734816+00:00,162.8,200,ask,AverageAlmonds,WavyWalnuts,8672546
2026-07-05T19:12:20.872448,2026-07-05T19:12:20.884029+00:00,162.8,20,bid,BrilliantBurritos,WavyWalnuts,8672585
2026-07-05T19:12:21.359877,2026-07-05T19:12:21.367328+00:00,162.8,8,bid,Zhangyue Shen,WavyWalnuts,8672599
2026-07-05T19:12:26.574432,2026-07-05T19:12:26.582202+00:00,162.8,200,bid,YieldingYams,WavyWalnuts,8672648
2026-07-05T19:12:27.416405,2026-07-05T19:12:27.424740+00:00,162.9,200,ask,YieldingYams,WavyWalnuts,8672662
2026-07-05T19:12:30.297600,2026-07-05T19:12:30.302800+00:00,162.8,3,ask,YieldingYams,Xuanyu Liu,8672716
2026-07-05T19:12:30.534193,2026-07-05T19:12:30.538083+00:00,162.9,11,ask,YieldingYams,Xuanyu Liu,8672723
2026-07-05T19:12:32.428000,2026-07-05T19:12:32.438365+00:00,162.9,8,ask,YieldingYams,Zhangyue Shen,8672744
2026-07-05T19:12:34.463865,2026-07-05T19:12:34.475487+00:00,162.9,8,ask,WavyWalnuts,Zhangyue Shen,8672765
2026-07-05T19:12:35.095279,2026-07-05T19:12:35.106873+00:00,162.8,20,ask,YieldingYams,BrilliantBurritos,8672783
2026-07-05T19:12:36.501348,2026-07-05T19:12:36.512965+00:00,162.9,8,ask,YieldingYams,Zhangyue Shen,8672801
2026-07-05T19:12:36.629506,2026-07-05T19:12:36.633328+00:00,162.9,23,ask,YieldingYams,Xuanyu Liu,8672806
2026-07-05T19:12:37.080996,2026-07-05T19:12:37.099855+00:00,163.1,200,bid,YieldingYams,WavyWalnuts,8672815
2026-07-05T19:12:37.096193,2026-07-05T19:12:37.099855+00:00,163.1,23,ask,YieldingYams,Xuanyu Liu,8672817
2026-07-05T19:12:37.270062,2026-07-05T19:12:37.279659+00:00,163.1,8,ask,YieldingYams,Zhangyue Shen,8672820
2026-07-05T19:12:38.790318,2026-07-05T19:12:38.799343+00:00,163.0,8,ask,YieldingYams,Zhangyue Shen,8672835
2026-07-05T19:12:40.824070,2026-07-05T19:12:40.835144+00:00,163.2,8,ask,WavyWalnuts,Zhangyue Shen,8672856
2026-07-05T19:12:46.112600,2026-07-05T19:12:46.123670+00:00,163.3,8,ask,WavyWalnuts,Zhangyue Shen,8672926
2026-07-05T19:12:46.647128,2026-07-05T19:12:46.658594+00:00,163.3,8,ask,WavyWalnuts,Zhangyue Shen,8672929
2026-07-05T19:12:46.713621,2026-07-05T19:12:46.724107+00:00,163.3,184,ask,WavyWalnuts,AverageAlmonds,8672931
2026-07-05T19:12:46.713621,2026-07-05T19:12:46.724107+00:00,163.3,316,ask,YieldingYams,AverageAlmonds,8672932
2026-07-05T19:12:47.307891,2026-07-05T19:12:47.333841+00:00,163.3,309,ask,YieldingYams,AverageAlmonds,8672939
2026-07-05T19:12:47.329700,2026-07-05T19:12:47.333841+00:00,163.3,8,bid,Xuanyu Liu,AverageAlmonds,8672941
2026-07-05T19:12:47.413307,2026-07-05T19:12:47.425146+00:00,163.2,8,ask,WavyWalnuts,Zhangyue Shen,8672942
2026-07-05T19:12:47.576470,2026-07-05T19:12:47.583840+00:00,163.2,192,ask,WavyWalnuts,YieldingYams,8672944
2026-07-05T19:12:47.595487,2026-07-05T19:12:47.599731+00:00,163.1,15,bid,Xuanyu Liu,YieldingYams,8672947
2026-07-05T19:12:48.008424,2026-07-05T19:12:48.016980+00:00,163.1,200,bid,WavyWalnuts,YieldingYams,8672954
2026-07-05T19:12:48.885814,2026-07-05T19:12:48.897333+00:00,163.2,500,bid,YieldingYams,AverageAlmonds,8672962
2026-07-05T19:12:48.907303,2026-07-05T19:12:48.911125+00:00,163.2,12,ask,YieldingYams,Xuanyu Liu,8672965
2026-07-05T19:12:49.137395,2026-07-05T19:12:49.146241+00:00,163.2,113,ask,YieldingYams,AverageAlmonds,8672971
2026-07-05T19:12:49.216880,2026-07-05T19:12:49.224333+00:00,163.2,200,bid,WavyWalnuts,AverageAlmonds,8672974
2026-07-05T19:12:49.332729,2026-07-05T19:12:49.344110+00:00,162.3,20,ask,AverageAlmonds,BrilliantBurritos,8672976
2026-07-05T19:12:50.959755,2026-07-05T19:12:50.968875+00:00,163.1,20,bid,BrilliantBurritos,YieldingYams,8672999
2026-07-05T19:12:51.637989,2026-07-05T19:12:51.648248+00:00,163.0,200,ask,YieldingYams,WavyWalnuts,8673012
2026-07-05T19:12:52.411959,2026-07-05T19:12:52.415871+00:00,163.1,12,bid,Xuanyu Liu,AverageAlmonds,8673021
2026-07-05T19:12:54.057105,2026-07-05T19:12:54.064161+00:00,163.0,200,ask,YieldingYams,WavyWalnuts,8673044
2026-07-05T19:12:55.145968,2026-07-05T19:12:55.157566+00:00,163.1,20,bid,BrilliantBurritos,YieldingYams,8673058
2026-07-05T19:12:55.284312,2026-07-05T19:12:55.288360+00:00,163.0,11,bid,Xuanyu Liu,WavyWalnuts,8673066
2026-07-05T19:12:55.522325,2026-07-05T19:12:55.533926+00:00,163.0,8,bid,Zhangyue Shen,WavyWalnuts,8673078
2026-07-05T19:12:58.071640,2026-07-05T19:12:58.080031+00:00,163.0,200,bid,YieldingYams,WavyWalnuts,8673102
2026-07-05T19:12:59.386390,2026-07-05T19:12:59.391380+00:00,163.1,200,bid,YieldingYams,WavyWalnuts,8673119
2026-07-05T19:13:00.102787,2026-07-05T19:13:00.113208+00:00,163.1,200,ask,YieldingYams,WavyWalnuts,8673126
2026-07-05T19:13:01.952343,2026-07-05T19:13:01.955905+00:00,163.0,11,ask,YieldingYams,Xuanyu Liu,8673152
2026-07-05T19:13:02.101157,2026-07-05T19:13:02.107526+00:00,162.9,8,ask,WavyWalnuts,Zhangyue Shen,8673157
2026-07-05T19:13:05.880413,2026-07-05T19:13:05.888132+00:00,162.9,20,ask,WavyWalnuts,BrilliantBurritos,8673209
2026-07-05T19:13:08.409425,2026-07-05T19:13:08.419727+00:00,163.0,8,ask,WavyWalnuts,Zhangyue Shen,8673243
2026-07-05T19:13:09.798282,2026-07-05T19:13:09.807181+00:00,163.2,200,bid,WavyWalnuts,AverageAlmonds,8673255
2026-07-05T19:13:11.200496,2026-07-05T19:13:11.210642+00:00,163.1,200,ask,WavyWalnuts,YieldingYams,8673268
2026-07-05T19:13:13.441514,2026-07-05T19:13:13.445837+00:00,163.2,9,ask,WavyWalnuts,Xuanyu Liu,8673303
2026-07-05T19:13:13.647490,2026-07-05T19:13:13.657271+00:00,163.2,20,ask,WavyWalnuts,BrilliantBurritos,8673306
2026-07-05T19:13:14.341403,2026-07-05T19:13:14.351096+00:00,163.4,8,bid,Zhangyue Shen,WavyWalnuts,8673320
2026-07-05T19:13:14.579543,2026-07-05T19:13:14.583041+00:00,163.4,20,bid,Xuanyu Liu,WavyWalnuts,8673330
2026-07-05T19:13:16.629604,2026-07-05T19:13:16.639045+00:00,163.4,8,bid,Zhangyue Shen,WavyWalnuts,8673356
2026-07-05T19:13:16.997843,2026-07-05T19:13:17.001690+00:00,163.3,12,bid,Xuanyu Liu,AverageAlmonds,8673360
2026-07-05T19:13:17.057104,2026-07-05T19:13:17.065139+00:00,163.3,200,bid,WavyWalnuts,AverageAlmonds,8673364
2026-07-05T19:13:18.265472,2026-07-05T19:13:18.273167+00:00,163.3,200,bid,WavyWalnuts,AverageAlmonds,8673381
2026-07-05T19:13:20.011024,2026-07-05T19:13:20.022690+00:00,163.2,200,ask,WavyWalnuts,AverageAlmonds,8673404
2026-07-05T19:13:20.676137,2026-07-05T19:13:20.684380+00:00,163.1,8,ask,YieldingYams,Zhangyue Shen,8673416
2026-07-05T19:13:21.181624,2026-07-05T19:13:21.193220+00:00,163.2,8,bid,Zhangyue Shen,AverageAlmonds,8673427
2026-07-05T19:13:23.005997,2026-07-05T19:13:23.014059+00:00,163.2,500,bid,YieldingYams,AverageAlmonds,8673446
2026-07-05T19:13:23.029008,2026-07-05T19:13:23.046634+00:00,163.3,125,ask,YieldingYams,AverageAlmonds,8673447
2026-07-05T19:13:23.194188,2026-07-05T19:13:23.203317+00:00,163.3,20,bid,BrilliantBurritos,AverageAlmonds,8673452
2026-07-05T19:13:24.203577,2026-07-05T19:13:24.215256+00:00,163.3,8,bid,Zhangyue Shen,WavyWalnuts,8673464
2026-07-05T19:13:25.222027,2026-07-05T19:13:25.233662+00:00,163.2,8,bid,Zhangyue Shen,WavyWalnuts,8673482
2026-07-05T19:13:25.864361,2026-07-05T19:13:25.872081+00:00,163.1,20,ask,WavyWalnuts,BrilliantBurritos,8673490
2026-07-05T19:13:26.322197,2026-07-05T19:13:26.326513+00:00,163.3,11,bid,Xuanyu Liu,YieldingYams,8673494
2026-07-05T19:13:29.699727,2026-07-05T19:13:29.709920+00:00,163.1,20,ask,YieldingYams,BrilliantBurritos,8673545
2026-07-05T19:13:30.438003,2026-07-05T19:13:30.442501+00:00,163.2,17,bid,Xuanyu Liu,WavyWalnuts,8673558
2026-07-05T19:13:30.529828,2026-07-05T19:13:30.540917+00:00,163.2,8,bid,Zhangyue Shen,WavyWalnuts,8673559
2026-07-05T19:13:31.536852,2026-07-05T19:13:31.548093+00:00,163.2,8,bid,Zhangyue Shen,WavyWalnuts,8673586
2026-07-05T19:13:32.203552,2026-07-05T19:13:32.214936+00:00,163.2,200,bid,YieldingYams,WavyWalnuts,8673594
2026-07-05T19:13:32.815896,2026-07-05T19:13:32.824348+00:00,163.3,200,ask,YieldingYams,WavyWalnuts,8673607
2026-07-05T19:13:33.571548,2026-07-05T19:13:33.583323+00:00,163.4,8,bid,Zhangyue Shen,YieldingYams,8673618
2026-07-05T19:13:35.590740,2026-07-05T19:13:35.600175+00:00,163.4,8,bid,Zhangyue Shen,YieldingYams,8673651
2026-07-05T19:13:37.674468,2026-07-05T19:13:37.678224+00:00,163.3,8,ask,WavyWalnuts,Xuanyu Liu,8673676
2026-07-05T19:13:37.892885,2026-07-05T19:13:37.902824+00:00,163.5,8,bid,Zhangyue Shen,YieldingYams,8673677
2026-07-05T19:13:38.211555,2026-07-05T19:13:38.215828+00:00,163.3,3,ask,WavyWalnuts,Xuanyu Liu,8673685
2026-07-05T19:13:38.412168,2026-07-05T19:13:38.423974+00:00,163.5,3,bid,Zhangyue Shen,YieldingYams,8673688
2026-07-05T19:13:38.751526,2026-07-05T19:13:38.764038+00:00,163.5,200,bid,YieldingYams,WavyWalnuts,8673689
2026-07-05T19:13:38.751526,2026-07-05T19:13:38.764038+00:00,163.5,425,bid,YieldingYams,AverageAlmonds,8673690
2026-07-05T19:13:39.680776,2026-07-05T19:13:39.687774+00:00,163.6,5,bid,Zhangyue Shen,WavyWalnuts,8673705
2026-07-05T19:13:40.063170,2026-07-05T19:13:40.070052+00:00,163.3,200,ask,WavyWalnuts,YieldingYams,8673710
2026-07-05T19:13:40.081321,2026-07-05T19:13:40.090708+00:00,163.3,200,bid,WavyWalnuts,YieldingYams,8673712
2026-07-05T19:13:40.087430,2026-07-05T19:13:40.090708+00:00,163.3,11,bid,Xuanyu Liu,YieldingYams,8673713
2026-07-05T19:13:40.188118,2026-07-05T19:13:40.199544+00:00,163.0,20,ask,YieldingYams,BrilliantBurritos,8673714
2026-07-05T19:13:40.450708,2026-07-05T19:13:40.464040+00:00,163.3,8,bid,Zhangyue Shen,YieldingYams,8673717
2026-07-05T19:13:41.290071,2026-07-05T19:13:41.298004+00:00,163.3,200,bid,WavyWalnuts,YieldingYams,8673730
2026-07-05T19:13:42.757341,2026-07-05T19:13:42.763784+00:00,163.5,8,bid,Zhangyue Shen,WavyWalnuts,8673749
2026-07-05T19:13:43.090505,2026-07-05T19:13:43.094275+00:00,163.4,11,ask,YieldingYams,Xuanyu Liu,8673754
2026-07-05T19:13:43.713644,2026-07-05T19:13:43.724987+00:00,163.4,200,ask,YieldingYams,WavyWalnuts,8673763
2026-07-05T19:13:44.008311,2026-07-05T19:13:44.012233+00:00,163.5,3,ask,YieldingYams,Xuanyu Liu,8673772
2026-07-05T19:13:44.924276,2026-07-05T19:13:44.934552+00:00,163.5,200,ask,YieldingYams,WavyWalnuts,8673781
2026-07-05T19:13:45.777178,2026-07-05T19:13:45.789013+00:00,163.4,8,ask,YieldingYams,Zhangyue Shen,8673788
2026-07-05T19:13:46.135745,2026-07-05T19:13:46.143655+00:00,163.4,200,ask,YieldingYams,WavyWalnuts,8673797
2026-07-05T19:13:48.560957,2026-07-05T19:13:48.569472+00:00,163.2,200,ask,YieldingYams,WavyWalnuts,8673823
2026-07-05T19:13:49.590586,2026-07-05T19:13:49.597226+00:00,163.4,8,bid,Zhangyue Shen,YieldingYams,8673838
2026-07-05T19:13:50.346956,2026-07-05T19:13:50.358636+00:00,163.1,8,ask,YieldingYams,Zhangyue Shen,8673849
2026-07-05T19:13:52.857059,2026-07-05T19:13:52.868764+00:00,163.3,8,bid,Zhangyue Shen,WavyWalnuts,8673886
2026-07-05T19:13:57.116662,2026-07-05T19:13:57.126662+00:00,163.1,200,ask,WavyWalnuts,YieldingYams,8673937
2026-07-05T19:13:58.940883,2026-07-05T19:13:58.952812+00:00,163.2,8,bid,Zhangyue Shen,WavyWalnuts,8673961
2026-07-05T19:13:59.739843,2026-07-05T19:13:59.750568+00:00,163.1,200,bid,YieldingYams,WavyWalnuts,8673975
2026-07-05T19:13:59.990991,2026-07-05T19:14:00.002736+00:00,163.1,20,ask,YieldingYams,BrilliantBurritos,8673976
2026-07-05T19:14:00.668333,2026-07-05T19:14:00.677896+00:00,163.1,200,ask,YieldingYams,WavyWalnuts,8673988
2026-07-05T19:14:01.748412,2026-07-05T19:14:01.759918+00:00,163.0,20,ask,AverageAlmonds,BrilliantBurritos,8673996
2026-07-05T19:14:02.367166,2026-07-05T19:14:02.379433+00:00,163.0,125,ask,WavyWalnuts,YieldingYams,8674000
2026-07-05T19:14:03.677820,2026-07-05T19:14:03.685576+00:00,163.2,200,bid,YieldingYams,WavyWalnuts,8674014
2026-07-05T19:14:03.696694,2026-07-05T19:14:03.700666+00:00,163.3,26,ask,YieldingYams,Xuanyu Liu,8674016
2026-07-05T19:14:03.765862,2026-07-05T19:14:03.773042+00:00,163.3,8,ask,YieldingYams,Zhangyue Shen,8674019
2026-07-05T19:14:04.286592,2026-07-05T19:14:04.295205+00:00,163.3,200,ask,YieldingYams,WavyWalnuts,8674024
2026-07-05T19:14:04.311878,2026-07-05T19:14:04.316181+00:00,163.5,12,bid,Xuanyu Liu,YieldingYams,8674027
2026-07-05T19:14:04.802796,2026-07-05T19:14:04.810018+00:00,163.3,20,ask,YieldingYams,BrilliantBurritos,8674037
2026-07-05T19:14:05.006880,2026-07-05T19:14:05.010661+00:00,163.2,14,bid,Xuanyu Liu,YieldingYams,8674042
2026-07-05T19:14:05.060359,2026-07-05T19:14:05.071073+00:00,163.2,8,bid,Zhangyue Shen,YieldingYams,8674046
2026-07-05T19:14:07.349649,2026-07-05T19:14:07.358541+00:00,163.2,7,bid,Zhangyue Shen,YieldingYams,8674078
2026-07-05T19:14:11.561171,2026-07-05T19:14:11.568718+00:00,162.9,200,ask,YieldingYams,WavyWalnuts,8674137
2026-07-05T19:14:13.974776,2026-07-05T19:14:13.981944+00:00,163.1,200,bid,WavyWalnuts,YieldingYams,8674169
2026-07-05T19:14:14.685354,2026-07-05T19:14:14.689429+00:00,163.2,3,bid,Xuanyu Liu,YieldingYams,8674181
2026-07-05T19:14:15.197797,2026-07-05T19:14:15.201874+00:00,163.1,11,bid,Xuanyu Liu,WavyWalnuts,8674192
2026-07-05T19:14:16.392048,2026-07-05T19:14:16.403309+00:00,163.0,200,ask,YieldingYams,WavyWalnuts,8674211
2026-07-05T19:14:17.600992,2026-07-05T19:14:17.610465+00:00,163.2,200,bid,WavyWalnuts,AverageAlmonds,8674228
2026-07-05T19:14:21.240052,2026-07-05T19:14:21.250849+00:00,163.1,200,bid,WavyWalnuts,AverageAlmonds,8674275
2026-07-05T19:14:22.037126,2026-07-05T19:14:22.047050+00:00,163.1,500,bid,YieldingYams,AverageAlmonds,8674286
2026-07-05T19:14:22.374672,2026-07-05T19:14:22.382802+00:00,163.1,125,ask,YieldingYams,AverageAlmonds,8674289
2026-07-05T19:14:22.451475,2026-07-05T19:14:22.448502+00:00,163.1,200,bid,WavyWalnuts,AverageAlmonds,8674293
2026-07-05T19:14:23.365947,2026-07-05T19:14:23.369763+00:00,162.9,12,bid,Xuanyu Liu,YieldingYams,8674308
2026-07-05T19:14:23.664328,2026-07-05T19:14:23.674956+00:00,162.9,200,bid,WavyWalnuts,YieldingYams,8674315
2026-07-05T19:14:24.199606,2026-07-05T19:14:24.207695+00:00,162.7,20,ask,YieldingYams,BrilliantBurritos,8674327
2026-07-05T19:14:24.218891,2026-07-05T19:14:24.222514+00:00,162.7,12,ask,YieldingYams,Xuanyu Liu,8674329
2026-07-05T19:14:24.675301,2026-07-05T19:14:24.679065+00:00,162.8,11,ask,YieldingYams,Xuanyu Liu,8674335
2026-07-05T19:14:24.876493,2026-07-05T19:14:24.885779+00:00,163.0,200,bid,WavyWalnuts,AverageAlmonds,8674339
2026-07-05T19:14:26.107255,2026-07-05T19:14:26.111288+00:00,162.9,3,ask,WavyWalnuts,Xuanyu Liu,8674354
2026-07-05T19:14:26.511645,2026-07-05T19:14:26.515577+00:00,163.0,3,bid,Xuanyu Liu,YieldingYams,8674358
2026-07-05T19:14:27.302868,2026-07-05T19:14:27.313530+00:00,163.0,200,bid,WavyWalnuts,YieldingYams,8674373
2026-07-05T19:14:28.517959,2026-07-05T19:14:28.529427+00:00,163.0,200,bid,WavyWalnuts,YieldingYams,8674390
2026-07-05T19:14:29.906637,2026-07-05T19:14:29.915417+00:00,163.0,200,ask,WavyWalnuts,YieldingYams,8674405
2026-07-05T19:14:31.255366,2026-07-05T19:14:31.266940+00:00,163.0,20,bid,BrilliantBurritos,WavyWalnuts,8674420
2026-07-05T19:14:33.869912,2026-07-05T19:14:33.873533+00:00,162.8,11,bid,Xuanyu Liu,YieldingYams,8674451
2026-07-05T19:14:37.798175,2026-07-05T19:14:37.802092+00:00,162.8,23,bid,Xuanyu Liu,YieldingYams,8674502
2026-07-05T19:14:40.404570,2026-07-05T19:14:40.425853+00:00,162.7,200,ask,WavyWalnuts,YieldingYams,8674524
2026-07-05T19:14:40.422152,2026-07-05T19:14:40.425853+00:00,162.6,12,bid,Xuanyu Liu,YieldingYams,8674526
2026-07-05T19:14:40.634679,2026-07-05T19:14:40.641962+00:00,162.6,200,bid,WavyWalnuts,YieldingYams,8674529
2026-07-05T19:14:43.193150,2026-07-05T19:14:43.197297+00:00,162.4,23,ask,WavyWalnuts,Xuanyu Liu,8674561
2026-07-05T19:14:44.630468,2026-07-05T19:14:44.642116+00:00,162.4,20,ask,YieldingYams,BrilliantBurritos,8674579
2026-07-05T19:14:46.550833,2026-07-05T19:14:46.557211+00:00,162.5,20,bid,BrilliantBurritos,YieldingYams,8674609
2026-07-05T19:14:49.097913,2026-07-05T19:14:49.104683+00:00,162.3,200,ask,YieldingYams,WavyWalnuts,8674638
2026-07-05T19:14:51.521356,2026-07-05T19:14:51.531465+00:00,162.1,200,ask,YieldingYams,WavyWalnuts,8674668
2026-07-05T19:14:54.830012,2026-07-05T19:14:54.837828+00:00,162.2,200,bid,YieldingYams,WavyWalnuts,8674708
2026-07-05T19:14:54.843765,2026-07-05T19:14:54.847506+00:00,162.2,12,ask,YieldingYams,Xuanyu Liu,8674710
2026-07-05T19:14:59.013155,2026-07-05T19:14:59.017307+00:00,162.0,14,ask,YieldingYams,Xuanyu Liu,8674770
2026-07-05T19:15:00.081427,2026-07-05T19:15:00.089765+00:00,162.1,200,ask,WavyWalnuts,YieldingYams,8674782
2026-07-05T19:15:01.219913,2026-07-05T19:15:01.230439+00:00,162.0,200,bid,WavyWalnuts,YieldingYams,8674793
2026-07-05T19:15:06.610537,2026-07-05T19:15:06.621710+00:00,162.0,20,bid,BrilliantBurritos,WavyWalnuts,8674859
2026-07-05T19:15:06.649600,2026-07-05T19:15:06.654032+00:00,161.9,3,ask,YieldingYams,Xuanyu Liu,8674863
2026-07-05T19:15:07.294492,2026-07-05T19:15:07.305699+00:00,161.9,200,ask,YieldingYams,WavyWalnuts,8674870
2026-07-05T19:15:07.478355,2026-07-05T19:15:07.489946+00:00,162.1,20,bid,BrilliantBurritos,YieldingYams,8674875
2026-07-05T19:15:11.717628,2026-07-05T19:15:11.758700+00:00,161.9,8,ask,YieldingYams,Zhangyue Shen,8674937
2026-07-05T19:15:15.786596,2026-07-05T19:15:15.790284+00:00,162.0,23,ask,WavyWalnuts,Xuanyu Liu,8674989
2026-07-05T19:15:15.815455,2026-07-05T19:15:15.825814+00:00,162.0,177,ask,WavyWalnuts,YieldingYams,8674990
2026-07-05T19:15:16.012192,2026-07-05T19:15:16.019204+00:00,161.8,8,ask,YieldingYams,Zhangyue Shen,8674995
2026-07-05T19:15:17.041923,2026-07-05T19:15:17.053212+00:00,161.9,8,ask,WavyWalnuts,Zhangyue Shen,8675010
2026-07-05T19:15:18.181432,2026-07-05T19:15:18.188061+00:00,162.0,200,bid,WavyWalnuts,YieldingYams,8675021
2026-07-05T19:15:19.063732,2026-07-05T19:15:19.075580+00:00,161.8,8,ask,YieldingYams,Zhangyue Shen,8675032
2026-07-05T19:15:21.812709,2026-07-05T19:15:21.821826+00:00,161.8,200,ask,YieldingYams,WavyWalnuts,8675065
2026-07-05T19:15:23.685946,2026-07-05T19:15:23.693504+00:00,161.8,500,ask,AverageAlmonds,YieldingYams,8675087
2026-07-05T19:15:24.340844,2026-07-05T19:15:24.344640+00:00,161.7,11,ask,AverageAlmonds,Xuanyu Liu,8675098
2026-07-05T19:15:24.759531,2026-07-05T19:15:24.781654+00:00,161.8,125,bid,AverageAlmonds,YieldingYams,8675100
2026-07-05T19:15:24.777942,2026-07-05T19:15:24.781654+00:00,161.8,12,ask,AverageAlmonds,Xuanyu Liu,8675102
2026-07-05T19:15:24.993111,2026-07-05T19:15:25.013088+00:00,161.9,200,bid,YieldingYams,WavyWalnuts,8675105
2026-07-05T19:15:25.009151,2026-07-05T19:15:25.013088+00:00,161.9,11,ask,YieldingYams,Xuanyu Liu,8675108
2026-07-05T19:15:26.307690,2026-07-05T19:15:26.327984+00:00,162.0,200,bid,YieldingYams,WavyWalnuts,8675119
2026-07-05T19:15:26.324138,2026-07-05T19:15:26.327984+00:00,162.0,11,ask,YieldingYams,Xuanyu Liu,8675121
2026-07-05T19:15:26.657432,2026-07-05T19:15:26.666461+00:00,162.0,200,ask,YieldingYams,WavyWalnuts,8675124
2026-07-05T19:15:27.465851,2026-07-05T19:15:27.470342+00:00,162.2,34,bid,Xuanyu Liu,YieldingYams,8675134
2026-07-05T19:15:27.567356,2026-07-05T19:15:27.574601+00:00,162.0,8,ask,YieldingYams,Zhangyue Shen,8675135
2026-07-05T19:15:27.639688,2026-07-05T19:15:27.643940+00:00,162.0,16,bid,Xuanyu Liu,YieldingYams,8675138
2026-07-05T19:15:28.350064,2026-07-05T19:15:28.364009+00:00,162.0,8,bid,Zhangyue Shen,YieldingYams,8675150
2026-07-05T19:15:29.881506,2026-07-05T19:15:29.892380+00:00,161.8,8,ask,AverageAlmonds,Zhangyue Shen,8675171
2026-07-05T19:15:30.303239,2026-07-05T19:15:30.307067+00:00,161.9,5,ask,WavyWalnuts,Xuanyu Liu,8675176
2026-07-05T19:15:31.507216,2026-07-05T19:15:31.514301+00:00,162.0,200,bid,WavyWalnuts,YieldingYams,8675203
2026-07-05T19:15:31.640013,2026-07-05T19:15:31.658605+00:00,161.8,8,ask,YieldingYams,Zhangyue Shen,8675204
2026-07-05T19:15:32.714363,2026-07-05T19:15:32.724224+00:00,162.0,200,bid,WavyWalnuts,YieldingYams,8675219
2026-07-05T19:15:33.033697,2026-07-05T19:15:33.045595+00:00,161.9,20,ask,AverageAlmonds,BrilliantBurritos,8675223
2026-07-05T19:15:33.936324,2026-07-05T19:15:33.939968+00:00,162.1,23,ask,WavyWalnuts,Xuanyu Liu,8675246
2026-07-05T19:15:34.185797,2026-07-05T19:15:34.197312+00:00,162.1,177,ask,WavyWalnuts,YieldingYams,8675248
2026-07-05T19:15:35.003889,2026-07-05T19:15:35.015374+00:00,161.9,20,ask,YieldingYams,BrilliantBurritos,8675256
2026-07-05T19:15:35.276249,2026-07-05T19:15:35.283536+00:00,161.9,20,ask,YieldingYams,BrilliantBurritos,8675262
2026-07-05T19:15:35.925226,2026-07-05T19:15:35.936326+00:00,161.9,8,ask,WavyWalnuts,Zhangyue Shen,8675268
2026-07-05T19:15:40.224666,2026-07-05T19:15:40.236297+00:00,162.0,8,ask,YieldingYams,Zhangyue Shen,8675321
2026-07-05T19:15:42.066495,2026-07-05T19:15:42.080117+00:00,162.2,200,bid,YieldingYams,WavyWalnuts,8675342
2026-07-05T19:15:42.245074,2026-07-05T19:15:42.256552+00:00,162.2,8,ask,YieldingYams,Zhangyue Shen,8675346
2026-07-05T19:15:44.692909,2026-07-05T19:15:44.702973+00:00,162.3,500,bid,YieldingYams,AverageAlmonds,8675386
2026-07-05T19:15:44.789835,2026-07-05T19:15:44.800833+00:00,162.3,8,ask,YieldingYams,Zhangyue Shen,8675392
2026-07-05T19:15:46.028247,2026-07-05T19:15:46.032658+00:00,162.2,8,bid,Xuanyu Liu,YieldingYams,8675407
2026-07-05T19:15:46.058357,2026-07-05T19:15:46.066420+00:00,162.1,8,ask,WavyWalnuts,Zhangyue Shen,8675409
2026-07-05T19:15:47.325418,2026-07-05T19:15:47.332957+00:00,162.1,200,ask,WavyWalnuts,YieldingYams,8675427
2026-07-05T19:15:48.604753,2026-07-05T19:15:48.611242+00:00,162.1,8,bid,Zhangyue Shen,YieldingYams,8675446
2026-07-05T19:15:49.945904,2026-07-05T19:15:49.969332+00:00,162.1,200,ask,WavyWalnuts,YieldingYams,8675462
2026-07-05T19:15:49.965173,2026-07-05T19:15:49.969332+00:00,162.1,4,bid,Xuanyu Liu,YieldingYams,8675464
2026-07-05T19:15:52.128682,2026-07-05T19:15:52.135969+00:00,162.1,200,ask,YieldingYams,WavyWalnuts,8675491
2026-07-05T19:15:52.700152,2026-07-05T19:15:52.710084+00:00,162.3,8,bid,Zhangyue Shen,YieldingYams,8675499
2026-07-05T19:15:54.856759,2026-07-05T19:15:54.868384+00:00,162.1,20,ask,YieldingYams,BrilliantBurritos,8675528
2026-07-05T19:15:55.065757,2026-07-05T19:15:55.069379+00:00,162.2,11,bid,Xuanyu Liu,WavyWalnuts,8675532
2026-07-05T19:15:55.205446,2026-07-05T19:15:55.216391+00:00,162.2,189,bid,YieldingYams,WavyWalnuts,8675535
2026-07-05T19:15:57.005348,2026-07-05T19:15:57.017307+00:00,162.2,7,ask,WavyWalnuts,Zhangyue Shen,8675566
2026-07-05T19:16:03.029607,2026-07-05T19:16:03.039233+00:00,162.4,200,bid,WavyWalnuts,YieldingYams,8675642
2026-07-05T19:16:05.561342,2026-07-05T19:16:05.569752+00:00,162.1,9,ask,YieldingYams,Zhangyue Shen,8675667
2026-07-05T19:16:07.058517,2026-07-05T19:16:07.070375+00:00,162.4,20,bid,BrilliantBurritos,WavyWalnuts,8675686
2026-07-05T19:16:07.570219,2026-07-05T19:16:07.576972+00:00,162.2,8,ask,WavyWalnuts,Zhangyue Shen,8675696
2026-07-05T19:16:10.297754,2026-07-05T19:16:10.309417+00:00,162.3,200,bid,WavyWalnuts,YieldingYams,8675731
2026-07-05T19:16:11.847070,2026-07-05T19:16:11.858591+00:00,162.2,8,ask,WavyWalnuts,Zhangyue Shen,8675750
2026-07-05T19:16:13.104150,2026-07-05T19:16:13.114119+00:00,162.3,8,bid,Zhangyue Shen,WavyWalnuts,8675769
2026-07-05T19:16:13.936219,2026-07-05T19:16:13.943353+00:00,162.2,200,ask,YieldingYams,WavyWalnuts,8675780
2026-07-05T19:16:16.190656,2026-07-05T19:16:16.197520+00:00,162.3,500,bid,YieldingYams,AverageAlmonds,8675810
2026-07-05T19:16:18.131101,2026-07-05T19:16:18.139950+00:00,162.1,8,ask,WavyWalnuts,Zhangyue Shen,8675844
2026-07-05T19:16:20.133188,2026-07-05T19:16:20.136847+00:00,162.2,11,ask,YieldingYams,Xuanyu Liu,8675871
2026-07-05T19:16:20.152578,2026-07-05T19:16:20.158588+00:00,162.2,8,ask,YieldingYams,Zhangyue Shen,8675872
2026-07-05T19:16:21.849003,2026-07-05T19:16:21.856688+00:00,162.2,20,ask,YieldingYams,BrilliantBurritos,8675887
2026-07-05T19:16:24.443107,2026-07-05T19:16:24.448476+00:00,162.1,8,ask,YieldingYams,Zhangyue Shen,8675922
2026-07-05T19:16:24.497138,2026-07-05T19:16:24.501100+00:00,162.1,34,ask,YieldingYams,Xuanyu Liu,8675924
2026-07-05T19:16:26.108068,2026-07-05T19:16:26.111728+00:00,162.2,12,ask,WavyWalnuts,Xuanyu Liu,8675954
2026-07-05T19:16:27.980552,2026-07-05T19:16:27.987482+00:00,162.2,200,ask,WavyWalnuts,YieldingYams,8675977
2026-07-05T19:16:29.288528,2026-07-05T19:16:29.294952+00:00,162.1,200,ask,WavyWalnuts,YieldingYams,8675998
2026-07-05T19:16:30.499165,2026-07-05T19:16:30.510865+00:00,162.1,20,bid,BrilliantBurritos,YieldingYams,8676014
2026-07-05T19:16:32.122638,2026-07-05T19:16:32.142738+00:00,162.1,20,bid,BrilliantBurritos,WavyWalnuts,8676033
2026-07-05T19:16:32.600163,2026-07-05T19:16:32.608649+00:00,162.1,200,bid,AverageAlmonds,WavyWalnuts,8676041
2026-07-05T19:16:35.775701,2026-07-05T19:16:35.785434+00:00,162.0,200,ask,YieldingYams,WavyWalnuts,8676074
2026-07-05T19:16:37.098348,2026-07-05T19:16:37.102559+00:00,162.2,23,bid,Xuanyu Liu,YieldingYams,8676088
2026-07-05T19:16:37.183160,2026-07-05T19:16:37.193525+00:00,162.2,8,bid,Zhangyue Shen,WavyWalnuts,8676092
2026-07-05T19:16:38.215883,2026-07-05T19:16:38.220264+00:00,162.1,11,bid,Xuanyu Liu,WavyWalnuts,8676105
2026-07-05T19:16:39.409054,2026-07-05T19:16:39.416064+00:00,162.0,200,ask,YieldingYams,WavyWalnuts,8676116
2026-07-05T19:16:43.294167,2026-07-05T19:16:43.305888+00:00,161.9,20,ask,YieldingYams,BrilliantBurritos,8676163
2026-07-05T19:16:43.425948,2026-07-05T19:16:43.430600+00:00,162.0,23,bid,Xuanyu Liu,WavyWalnuts,8676167
2026-07-05T19:16:43.515685,2026-07-05T19:16:43.526740+00:00,162.0,8,bid,Zhangyue Shen,WavyWalnuts,8676169
2026-07-05T19:16:46.349581,2026-07-05T19:16:46.352210+00:00,161.8,200,ask,AverageAlmonds,WavyWalnuts,8676203
2026-07-05T19:16:46.349581,2026-07-05T19:16:46.352210+00:00,161.8,425,ask,AverageAlmonds,YieldingYams,8676204
2026-07-05T19:16:46.670376,2026-07-05T19:16:46.679081+00:00,161.8,200,ask,WavyWalnuts,YieldingYams,8676208
2026-07-05T19:16:47.878935,2026-07-05T19:16:47.886877+00:00,161.9,200,ask,YieldingYams,WavyWalnuts,8676228
2026-07-05T19:16:49.086225,2026-07-05T19:16:49.095645+00:00,162.0,200,ask,YieldingYams,WavyWalnuts,8676250
2026-07-05T19:16:49.833486,2026-07-05T19:16:49.837292+00:00,162.3,23,bid,Xuanyu Liu,YieldingYams,8676266
2026-07-05T19:16:49.870297,2026-07-05T19:16:49.877200+00:00,162.3,8,bid,Zhangyue Shen,YieldingYams,8676269
2026-07-05T19:16:50.293540,2026-07-05T19:16:50.300764+00:00,162.1,200,ask,YieldingYams,WavyWalnuts,8676277
2026-07-05T19:16:51.144033,2026-07-05T19:16:51.158601+00:00,162.3,8,bid,Zhangyue Shen,YieldingYams,8676285
2026-07-05T19:16:51.597647,2026-07-05T19:16:51.616906+00:00,162.2,200,ask,WavyWalnuts,YieldingYams,8676292
2026-07-05T19:16:51.612788,2026-07-05T19:16:51.616906+00:00,162.1,3,bid,Xuanyu Liu,YieldingYams,8676295
2026-07-05T19:16:51.912601,2026-07-05T19:16:51.924263+00:00,162.1,8,bid,Zhangyue Shen,YieldingYams,8676298
2026-07-05T19:16:52.708351,2026-07-05T19:16:52.718776+00:00,162.1,200,bid,WavyWalnuts,YieldingYams,8676314
2026-07-05T19:16:53.445814,2026-07-05T19:16:53.458618+00:00,162.2,8,bid,Zhangyue Shen,YieldingYams,8676325
2026-07-05T19:16:55.217630,2026-07-05T19:16:55.226766+00:00,162.1,8,bid,Zhangyue Shen,WavyWalnuts,8676353
2026-07-05T19:16:56.341636,2026-07-05T19:16:56.352959+00:00,162.0,200,ask,YieldingYams,WavyWalnuts,8676361
2026-07-05T19:16:56.863839,2026-07-05T19:16:56.867190+00:00,162.2,3,ask,YieldingYams,Xuanyu Liu,8676368
2026-07-05T19:16:57.024376,2026-07-05T19:16:57.034397+00:00,162.4,3,bid,Zhangyue Shen,YieldingYams,8676371
2026-07-05T19:16:57.550241,2026-07-05T19:16:57.558568+00:00,162.2,200,ask,YieldingYams,WavyWalnuts,8676381
2026-07-05T19:16:58.282742,2026-07-05T19:16:58.294578+00:00,162.3,8,bid,Zhangyue Shen,YieldingYams,8676389
2026-07-05T19:16:58.786222,2026-07-05T19:16:58.790124+00:00,162.1,3,bid,Xuanyu Liu,WavyWalnuts,8676398
2026-07-05T19:17:00.331741,2026-07-05T19:17:00.342037+00:00,162.0,8,bid,Zhangyue Shen,WavyWalnuts,8676424
2026-07-05T19:17:01.883819,2026-07-05T19:17:01.891149+00:00,162.1,20,bid,BrilliantBurritos,WavyWalnuts,8676448
2026-07-05T19:17:02.371878,2026-07-05T19:17:02.382789+00:00,162.1,8,bid,Zhangyue Shen,WavyWalnuts,8676455
2026-07-05T19:17:03.407516,2026-07-05T19:17:03.414376+00:00,161.9,200,ask,WavyWalnuts,YieldingYams,8676469
2026-07-05T19:17:04.157976,2026-07-05T19:17:04.167517+00:00,161.9,8,bid,Zhangyue Shen,YieldingYams,8676476
2026-07-05T19:17:04.710081,2026-07-05T19:17:04.719772+00:00,161.9,8,bid,Zhangyue Shen,YieldingYams,8676486
2026-07-05T19:17:05.908590,2026-07-05T19:17:05.912556+00:00,161.9,3,ask,AverageAlmonds,Xuanyu Liu,8676500
2026-07-05T19:17:05.991089,2026-07-05T19:17:05.998376+00:00,162.0,3,bid,Zhangyue Shen,YieldingYams,8676503
2026-07-05T19:17:07.253835,2026-07-05T19:17:07.265667+00:00,161.9,20,bid,BrilliantBurritos,WavyWalnuts,8676522
2026-07-05T19:17:08.300194,2026-07-05T19:17:08.309935+00:00,161.9,180,bid,AverageAlmonds,WavyWalnuts,8676536
2026-07-05T19:17:09.636788,2026-07-05T19:17:09.644902+00:00,162.0,200,bid,WavyWalnuts,YieldingYams,8676559
2026-07-05T19:17:10.637939,2026-07-05T19:17:10.648373+00:00,161.9,20,ask,AverageAlmonds,BrilliantBurritos,8676573
2026-07-05T19:17:10.739919,2026-07-05T19:17:10.758623+00:00,162.1,500,bid,AverageAlmonds,YieldingYams,8676576
2026-07-05T19:17:12.054130,2026-07-05T19:17:12.055495+00:00,162.1,200,ask,YieldingYams,WavyWalnuts,8676598
2026-07-05T19:17:12.316322,2026-07-05T19:17:12.327020+00:00,162.4,8,bid,Zhangyue Shen,YieldingYams,8676606
2026-07-05T19:17:14.468719,2026-07-05T19:17:14.479819+00:00,162.1,200,ask,YieldingYams,WavyWalnuts,8676632
2026-07-05T19:17:15.208269,2026-07-05T19:17:15.228682+00:00,162.2,500,ask,AverageAlmonds,YieldingYams,8676642
2026-07-05T19:17:15.224734,2026-07-05T19:17:15.228682+00:00,162.1,3,bid,Xuanyu Liu,YieldingYams,8676644
2026-07-05T19:17:15.579513,2026-07-05T19:17:15.588087+00:00,162.1,122,bid,AverageAlmonds,YieldingYams,8676650
