timestamp,recv_time,price,volume,aggressor_side,buyer,seller,trade_id
2026-07-02T03:00:00.213154,2026-07-02T03:00:00.157846+00:00,99.1,5,bid,YieldingYams,Kelvin Chan,3407437
2026-07-02T03:00:00.213154,2026-07-02T03:00:00.157846+00:00,99.1,200,bid,YieldingYams,WavyWalnuts,3407438
2026-07-02T03:00:04.627184,2026-07-02T03:00:04.637157+00:00,99.1,200,bid,WavyWalnuts,YieldingYams,3407517
2026-07-02T03:00:07.776011,2026-07-02T03:00:07.787778+00:00,99.1,20,bid,BrilliantBurritos,WavyWalnuts,3407558
2026-07-02T03:00:08.813486,2026-07-02T03:00:08.821042+00:00,99.0,500,ask,YieldingYams,AverageAlmonds,3407569
2026-07-02T03:00:09.408601,2026-07-02T03:00:09.417491+00:00,99.0,200,ask,WavyWalnuts,AverageAlmonds,3407574
2026-07-02T03:00:09.475237,2026-07-02T03:00:09.485666+00:00,99.0,200,bid,WavyWalnuts,AverageAlmonds,3407579
2026-07-02T03:00:10.019140,2026-07-02T03:00:10.058605+00:00,98.9,500,ask,YieldingYams,AverageAlmonds,3407587
2026-07-02T03:00:10.646754,2026-07-02T03:00:10.680636+00:00,98.9,125,ask,YieldingYams,AverageAlmonds,3407593
2026-07-02T03:00:10.671824,2026-07-02T03:00:10.680636+00:00,98.8,57,bid,Chester Au,AverageAlmonds,3407596
2026-07-02T03:00:10.676521,2026-07-02T03:00:10.680636+00:00,98.8,11,bid,Xuanyu Liu,AverageAlmonds,3407597
2026-07-02T03:00:10.689847,2026-07-02T03:00:10.701662+00:00,98.8,200,bid,WavyWalnuts,AverageAlmonds,3407599
2026-07-02T03:00:11.597447,2026-07-02T03:00:11.601452+00:00,98.7,14,ask,YieldingYams,Xuanyu Liu,3407619
2026-07-02T03:00:11.899944,2026-07-02T03:00:11.906408+00:00,98.9,200,bid,WavyWalnuts,YieldingYams,3407622
2026-07-02T03:00:13.109980,2026-07-02T03:00:13.117649+00:00,98.8,200,bid,WavyWalnuts,YieldingYams,3407639
2026-07-02T03:00:13.336281,2026-07-02T03:00:13.358596+00:00,98.6,1,ask,Kelvin Chan,BrilliantBurritos,3407641
2026-07-02T03:00:13.336281,2026-07-02T03:00:13.358596+00:00,98.6,19,ask,YieldingYams,BrilliantBurritos,3407642
2026-07-02T03:00:17.235233,2026-07-02T03:00:17.259312+00:00,98.8,500,bid,YieldingYams,AverageAlmonds,3407710
2026-07-02T03:00:17.302887,2026-07-02T03:00:17.311788+00:00,98.8,125,ask,YieldingYams,AverageAlmonds,3407711
2026-07-02T03:00:18.401326,2026-07-02T03:00:18.413048+00:00,98.7,20,ask,WavyWalnuts,BrilliantBurritos,3407726
2026-07-02T03:00:18.546433,2026-07-02T03:00:18.558571+00:00,98.7,180,ask,WavyWalnuts,YieldingYams,3407731
2026-07-02T03:00:19.157625,2026-07-02T03:00:19.168957+00:00,98.7,200,bid,WavyWalnuts,YieldingYams,3407754
2026-07-02T03:00:19.854106,2026-07-02T03:00:19.864146+00:00,98.9,200,bid,YieldingYams,WavyWalnuts,3407762
2026-07-02T03:00:19.854106,2026-07-02T03:00:19.864146+00:00,98.9,425,bid,YieldingYams,AverageAlmonds,3407763
2026-07-02T03:00:21.571285,2026-07-02T03:00:21.579635+00:00,98.8,200,bid,WavyWalnuts,YieldingYams,3407791
2026-07-02T03:00:22.787096,2026-07-02T03:00:22.796030+00:00,98.8,200,bid,WavyWalnuts,YieldingYams,3407819
2026-07-02T03:00:23.778649,2026-07-02T03:00:23.788163+00:00,98.8,500,bid,YieldingYams,AverageAlmonds,3407841
2026-07-02T03:00:23.966667,2026-07-02T03:00:23.975010+00:00,98.8,125,ask,YieldingYams,AverageAlmonds,3407843
2026-07-02T03:00:31.380690,2026-07-02T03:00:31.392554+00:00,98.7,20,bid,BrilliantBurritos,YieldingYams,3407988
2026-07-02T03:00:32.480796,2026-07-02T03:00:32.489993+00:00,98.5,4,ask,Kelvin Chan,WavyWalnuts,3408019
2026-07-02T03:00:32.480796,2026-07-02T03:00:32.489993+00:00,98.5,196,ask,YieldingYams,WavyWalnuts,3408020
2026-07-02T03:00:34.255296,2026-07-02T03:00:34.263804+00:00,98.6,200,bid,YieldingYams,WavyWalnuts,3408038
2026-07-02T03:00:34.902703,2026-07-02T03:00:34.911498+00:00,98.7,200,ask,YieldingYams,WavyWalnuts,3408048
2026-07-02T03:00:35.502827,2026-07-02T03:00:35.512400+00:00,98.9,3,bid,BrilliantBurritos,Kelvin Chan,3408069
2026-07-02T03:00:35.502827,2026-07-02T03:00:35.512400+00:00,98.9,17,bid,BrilliantBurritos,YieldingYams,3408070
2026-07-02T03:00:38.187447,2026-07-02T03:00:38.196732+00:00,98.6,200,bid,YieldingYams,WavyWalnuts,3408127
2026-07-02T03:00:38.206514,2026-07-02T03:00:38.218008+00:00,98.6,20,ask,YieldingYams,BrilliantBurritos,3408128
2026-07-02T03:00:39.496649,2026-07-02T03:00:39.516489+00:00,98.5,8,ask,Kelvin Chan,YieldingYams,3408166
2026-07-02T03:00:39.496649,2026-07-02T03:00:39.516489+00:00,98.5,200,ask,WavyWalnuts,YieldingYams,3408167
2026-07-02T03:00:39.512934,2026-07-02T03:00:39.516489+00:00,98.5,3,bid,Xuanyu Liu,YieldingYams,3408171
2026-07-02T03:00:40.961351,2026-07-02T03:00:40.969237+00:00,98.4,8,ask,Kelvin Chan,WavyWalnuts,3408203
2026-07-02T03:00:40.961351,2026-07-02T03:00:40.969237+00:00,98.4,192,ask,YieldingYams,WavyWalnuts,3408204
2026-07-02T03:00:42.141640,2026-07-02T03:00:42.148984+00:00,98.5,5,ask,Kelvin Chan,YieldingYams,3408229
2026-07-02T03:00:43.213849,2026-07-02T03:00:43.218213+00:00,98.4,3,ask,WavyWalnuts,Xuanyu Liu,3408254
2026-07-02T03:00:43.381641,2026-07-02T03:00:43.391426+00:00,98.5,200,bid,WavyWalnuts,YieldingYams,3408257
2026-07-02T03:00:43.800509,2026-07-02T03:00:43.812515+00:00,98.6,20,bid,BrilliantBurritos,YieldingYams,3408261
2026-07-02T03:00:44.614538,2026-07-02T03:00:44.623343+00:00,98.5,37,ask,WavyWalnuts,Chester Au,3408275
2026-07-02T03:00:47.017894,2026-07-02T03:00:47.025574+00:00,98.5,200,ask,YieldingYams,WavyWalnuts,3408323
2026-07-02T03:00:48.683634,2026-07-02T03:00:48.691897+00:00,98.6,200,bid,YieldingYams,WavyWalnuts,3408346
2026-07-02T03:00:49.452085,2026-07-02T03:00:49.458741+00:00,98.6,20,ask,YieldingYams,BrilliantBurritos,3408367
2026-07-02T03:00:49.543833,2026-07-02T03:00:49.551584+00:00,98.6,108,ask,YieldingYams,Chester Au,3408373
2026-07-02T03:00:50.036192,2026-07-02T03:00:50.044905+00:00,98.5,200,ask,WavyWalnuts,YieldingYams,3408390
2026-07-02T03:00:51.344238,2026-07-02T03:00:51.351178+00:00,98.4,2,ask,Kelvin Chan,YieldingYams,3408418
2026-07-02T03:00:51.344238,2026-07-02T03:00:51.356207+00:00,98.4,200,ask,WavyWalnuts,YieldingYams,3408419
2026-07-02T03:00:55.276442,2026-07-02T03:00:55.287081+00:00,98.3,200,bid,YieldingYams,WavyWalnuts,3408495
2026-07-02T03:00:55.501370,2026-07-02T03:00:55.508177+00:00,98.3,200,ask,YieldingYams,WavyWalnuts,3408497
2026-07-02T03:00:56.710926,2026-07-02T03:00:56.721769+00:00,98.2,1,ask,Kelvin Chan,WavyWalnuts,3408522
2026-07-02T03:00:59.133027,2026-07-02T03:00:59.140766+00:00,98.1,200,ask,YieldingYams,WavyWalnuts,3408569
2026-07-02T03:01:01.553253,2026-07-02T03:01:01.554049+00:00,98.2,200,ask,YieldingYams,WavyWalnuts,3408625
2026-07-02T03:01:01.822906,2026-07-02T03:01:01.832669+00:00,98.1,1,ask,Kelvin Chan,YieldingYams,3408629
2026-07-02T03:01:01.822906,2026-07-02T03:01:01.832669+00:00,98.1,500,ask,AverageAlmonds,YieldingYams,3408630
2026-07-02T03:01:02.104405,2026-07-02T03:01:02.114666+00:00,98.1,124,bid,AverageAlmonds,YieldingYams,3408635
2026-07-02T03:01:02.763722,2026-07-02T03:01:02.770854+00:00,98.2,1,ask,Kelvin Chan,WavyWalnuts,3408652
2026-07-02T03:01:03.130526,2026-07-02T03:01:03.138955+00:00,98.2,199,bid,YieldingYams,WavyWalnuts,3408657
2026-07-02T03:01:03.972308,2026-07-02T03:01:03.979725+00:00,98.2,200,ask,YieldingYams,WavyWalnuts,3408676
2026-07-02T03:01:05.186467,2026-07-02T03:01:05.195824+00:00,98.2,200,bid,WavyWalnuts,YieldingYams,3408692
2026-07-02T03:01:05.298934,2026-07-02T03:01:05.302693+00:00,98.2,14,bid,Xuanyu Liu,YieldingYams,3408696
2026-07-02T03:01:05.302970,2026-07-02T03:01:05.318260+00:00,98.2,150,bid,Chester Au,YieldingYams,3408697
2026-07-02T03:01:05.777473,2026-07-02T03:01:05.784961+00:00,98.1,7,ask,Kelvin Chan,YieldingYams,3408713
2026-07-02T03:01:06.401229,2026-07-02T03:01:06.411092+00:00,98.1,200,bid,WavyWalnuts,YieldingYams,3408728
2026-07-02T03:01:08.456493,2026-07-02T03:01:08.464039+00:00,98.0,4,ask,Kelvin Chan,BrilliantBurritos,3408777
2026-07-02T03:01:08.456493,2026-07-02T03:01:08.469299+00:00,98.0,16,ask,WavyWalnuts,BrilliantBurritos,3408778
2026-07-02T03:01:08.835840,2026-07-02T03:01:08.844742+00:00,98.1,3,ask,Kelvin Chan,WavyWalnuts,3408786
2026-07-02T03:01:10.045718,2026-07-02T03:01:10.058636+00:00,98.0,3,ask,Kelvin Chan,WavyWalnuts,3408808
2026-07-02T03:01:10.045718,2026-07-02T03:01:10.058636+00:00,98.0,197,ask,YieldingYams,WavyWalnuts,3408809
2026-07-02T03:01:11.672560,2026-07-02T03:01:11.676828+00:00,98.0,2,ask,Kelvin Chan,Chester Au,3408847
2026-07-02T03:01:11.678030,2026-07-02T03:01:11.681772+00:00,97.9,14,ask,YieldingYams,Xuanyu Liu,3408848
2026-07-02T03:01:12.045873,2026-07-02T03:01:12.058661+00:00,98.0,2,ask,Kelvin Chan,Chester Au,3408854
2026-07-02T03:01:12.464786,2026-07-02T03:01:12.474613+00:00,97.9,2,ask,Kelvin Chan,WavyWalnuts,3408861
2026-07-02T03:01:13.282869,2026-07-02T03:01:13.291368+00:00,97.9,20,bid,BrilliantBurritos,WavyWalnuts,3408881
2026-07-02T03:01:14.866680,2026-07-02T03:01:14.874606+00:00,97.8,146,ask,YieldingYams,Chester Au,3408927
2026-07-02T03:01:14.948020,2026-07-02T03:01:14.957750+00:00,97.8,500,ask,AverageAlmonds,YieldingYams,3408929
2026-07-02T03:01:15.425407,2026-07-02T03:01:15.434418+00:00,97.7,125,bid,AverageAlmonds,YieldingYams,3408942
2026-07-02T03:01:15.746255,2026-07-02T03:01:15.749526+00:00,97.9,1,ask,Kelvin Chan,Xuanyu Liu,3408946
2026-07-02T03:01:16.255005,2026-07-02T03:01:16.258573+00:00,97.9,200,bid,YieldingYams,WavyWalnuts,3408953
2026-07-02T03:01:17.974188,2026-07-02T03:01:17.977970+00:00,98.1,1,bid,Xuanyu Liu,WavyWalnuts,3408991
2026-07-02T03:01:21.137742,2026-07-02T03:01:21.141165+00:00,98.2,3,bid,Xuanyu Liu,Kelvin Chan,3409053
2026-07-02T03:01:24.588052,2026-07-02T03:01:24.597833+00:00,98.2,1,bid,WavyWalnuts,Kelvin Chan,3409131
2026-07-02T03:01:25.441032,2026-07-02T03:01:25.451978+00:00,98.2,199,ask,WavyWalnuts,YieldingYams,3409154
2026-07-02T03:01:26.195550,2026-07-02T03:01:26.203205+00:00,98.2,20,bid,BrilliantBurritos,YieldingYams,3409169
2026-07-02T03:01:27.009767,2026-07-02T03:01:27.019007+00:00,98.2,4,bid,WavyWalnuts,Kelvin Chan,3409192
2026-07-02T03:01:27.519267,2026-07-02T03:01:27.524797+00:00,98.3,50,bid,Chester Au,YieldingYams,3409208
2026-07-02T03:01:27.521512,2026-07-02T03:01:27.524797+00:00,98.3,34,bid,Xuanyu Liu,YieldingYams,3409209
2026-07-02T03:01:29.432608,2026-07-02T03:01:29.443289+00:00,98.3,4,bid,WavyWalnuts,Kelvin Chan,3409247
2026-07-02T03:01:29.432608,2026-07-02T03:01:29.443289+00:00,98.3,196,bid,WavyWalnuts,YieldingYams,3409248
2026-07-02T03:01:31.002099,2026-07-02T03:01:31.005918+00:00,98.2,3,ask,WavyWalnuts,Xuanyu Liu,3409278
2026-07-02T03:01:31.007164,2026-07-02T03:01:31.011014+00:00,98.2,3,ask,WavyWalnuts,Xuanyu Liu,3409279
2026-07-02T03:01:31.012174,2026-07-02T03:01:31.016253+00:00,98.2,3,ask,WavyWalnuts,Xuanyu Liu,3409280
2026-07-02T03:01:31.017888,2026-07-02T03:01:31.021436+00:00,98.2,3,ask,WavyWalnuts,Xuanyu Liu,3409282
2026-07-02T03:01:31.044753,2026-07-02T03:01:31.056293+00:00,98.3,6,bid,BrilliantBurritos,Kelvin Chan,3409283
2026-07-02T03:01:31.044753,2026-07-02T03:01:31.056293+00:00,98.3,14,bid,BrilliantBurritos,AverageAlmonds,3409284
2026-07-02T03:01:33.004188,2026-07-02T03:01:33.011244+00:00,98.1,500,ask,YieldingYams,AverageAlmonds,3409334
2026-07-02T03:01:33.297661,2026-07-02T03:01:33.307194+00:00,98.1,200,ask,WavyWalnuts,YieldingYams,3409343
2026-07-02T03:01:33.312481,2026-07-02T03:01:33.323857+00:00,98.1,50,bid,Chester Au,YieldingYams,3409345
2026-07-02T03:01:34.273143,2026-07-02T03:01:34.280906+00:00,98.1,200,bid,WavyWalnuts,YieldingYams,3409365
2026-07-02T03:01:34.605505,2026-07-02T03:01:34.612878+00:00,98.2,500,bid,YieldingYams,AverageAlmonds,3409373
2026-07-02T03:01:34.605505,2026-07-02T03:01:34.617860+00:00,98.3,1,bid,YieldingYams,Kelvin Chan,3409374
2026-07-02T03:01:34.605505,2026-07-02T03:01:34.617860+00:00,98.3,124,bid,YieldingYams,WavyWalnuts,3409375
2026-07-02T03:01:35.104457,2026-07-02T03:01:35.116041+00:00,97.9,1,ask,Kelvin Chan,BrilliantBurritos,3409383
2026-07-02T03:01:35.496563,2026-07-02T03:01:35.500126+00:00,98.2,22,ask,WavyWalnuts,Xuanyu Liu,3409394
2026-07-02T03:01:35.916488,2026-07-02T03:01:35.926260+00:00,98.2,178,ask,WavyWalnuts,YieldingYams,3409412
2026-07-02T03:01:38.549188,2026-07-02T03:01:38.552824+00:00,98.2,3,ask,YieldingYams,Xuanyu Liu,3409466
2026-07-02T03:01:39.115744,2026-07-02T03:01:39.125359+00:00,98.3,6,bid,WavyWalnuts,Kelvin Chan,3409482
2026-07-02T03:01:39.843147,2026-07-02T03:01:39.858585+00:00,98.3,194,ask,WavyWalnuts,YieldingYams,3409495
2026-07-02T03:01:46.395874,2026-07-02T03:01:46.403108+00:00,98.2,200,bid,WavyWalnuts,YieldingYams,3409620
2026-07-02T03:01:51.622950,2026-07-02T03:01:51.632337+00:00,98.3,7,bid,YieldingYams,Kelvin Chan,3409710
2026-07-02T03:01:51.622950,2026-07-02T03:01:51.632337+00:00,98.3,500,bid,YieldingYams,AverageAlmonds,3409711
2026-07-02T03:01:51.622950,2026-07-02T03:01:51.632337+00:00,98.3,118,bid,YieldingYams,WavyWalnuts,3409712
2026-07-02T03:01:52.277174,2026-07-02T03:01:52.288695+00:00,98.1,20,ask,WavyWalnuts,BrilliantBurritos,3409728
2026-07-02T03:01:52.453534,2026-07-02T03:01:52.464006+00:00,98.2,200,bid,WavyWalnuts,AverageAlmonds,3409734
2026-07-02T03:01:59.495863,2026-07-02T03:01:59.502492+00:00,98.2,200,bid,YieldingYams,WavyWalnuts,3409874
2026-07-02T03:01:59.509624,2026-07-02T03:01:59.518429+00:00,98.2,100,ask,YieldingYams,Chester Au,3409876
2026-07-02T03:01:59.723560,2026-07-02T03:01:59.733777+00:00,98.2,200,ask,YieldingYams,WavyWalnuts,3409880
2026-07-02T03:02:02.114053,2026-07-02T03:02:02.124844+00:00,98.1,200,ask,WavyWalnuts,YieldingYams,3409919
2026-07-02T03:02:03.422405,2026-07-02T03:02:03.429660+00:00,98.1,200,bid,YieldingYams,WavyWalnuts,3409948
2026-07-02T03:02:09.979449,2026-07-02T03:02:09.988830+00:00,98.0,2,ask,Kelvin Chan,YieldingYams,3410091
2026-07-02T03:02:09.979449,2026-07-02T03:02:09.988830+00:00,98.0,200,ask,WavyWalnuts,YieldingYams,3410092
2026-07-02T03:02:11.817927,2026-07-02T03:02:11.829039+00:00,97.9,11,ask,Kelvin Chan,WavyWalnuts,3410151
2026-07-02T03:02:11.817927,2026-07-02T03:02:11.829039+00:00,97.9,189,ask,YieldingYams,WavyWalnuts,3410152
2026-07-02T03:02:13.028867,2026-07-02T03:02:13.039856+00:00,97.9,14,ask,Kelvin Chan,WavyWalnuts,3410177
2026-07-02T03:02:13.028867,2026-07-02T03:02:13.039856+00:00,97.9,186,ask,AverageAlmonds,WavyWalnuts,3410178
2026-07-02T03:02:14.240376,2026-07-02T03:02:14.246626+00:00,98.0,200,ask,YieldingYams,WavyWalnuts,3410212
2026-07-02T03:02:15.235964,2026-07-02T03:02:15.239774+00:00,98.1,3,bid,Xuanyu Liu,YieldingYams,3410235
2026-07-02T03:02:16.524241,2026-07-02T03:02:16.531569+00:00,98.1,200,bid,YieldingYams,WavyWalnuts,3410258
2026-07-02T03:02:16.659977,2026-07-02T03:02:16.668430+00:00,98.2,200,ask,YieldingYams,WavyWalnuts,3410265
2026-07-02T03:02:17.838335,2026-07-02T03:02:17.845826+00:00,98.0,200,ask,WavyWalnuts,YieldingYams,3410282
2026-07-02T03:02:17.838335,2026-07-02T03:02:17.851089+00:00,98.0,425,ask,AverageAlmonds,YieldingYams,3410283
2026-07-02T03:02:20.454382,2026-07-02T03:02:20.463735+00:00,98.1,200,ask,WavyWalnuts,YieldingYams,3410331
2026-07-02T03:02:21.489897,2026-07-02T03:02:21.502450+00:00,98.1,200,bid,WavyWalnuts,YieldingYams,3410347
2026-07-02T03:02:24.564434,2026-07-02T03:02:24.571765+00:00,98.1,20,bid,BrilliantBurritos,YieldingYams,3410400
2026-07-02T03:02:25.125187,2026-07-02T03:02:25.131333+00:00,98.1,200,bid,WavyWalnuts,YieldingYams,3410413
2026-07-02T03:02:26.333999,2026-07-02T03:02:26.342838+00:00,98.2,2,bid,WavyWalnuts,Kelvin Chan,3410432
2026-07-02T03:02:26.878335,2026-07-02T03:02:26.886562+00:00,98.2,198,ask,WavyWalnuts,AverageAlmonds,3410443
2026-07-02T03:02:26.998971,2026-07-02T03:02:27.008284+00:00,98.2,302,bid,YieldingYams,AverageAlmonds,3410447
2026-07-02T03:02:27.548421,2026-07-02T03:02:27.558616+00:00,98.3,4,bid,WavyWalnuts,Kelvin Chan,3410459
2026-07-02T03:02:27.548421,2026-07-02T03:02:27.558616+00:00,98.3,196,bid,WavyWalnuts,AverageAlmonds,3410460
2026-07-02T03:02:28.757853,2026-07-02T03:02:28.767773+00:00,98.2,200,bid,WavyWalnuts,YieldingYams,3410480
2026-07-02T03:02:29.964702,2026-07-02T03:02:29.973513+00:00,98.1,200,bid,WavyWalnuts,YieldingYams,3410506
2026-07-02T03:02:31.688193,2026-07-02T03:02:31.699500+00:00,98.0,20,ask,YieldingYams,BrilliantBurritos,3410559
2026-07-02T03:02:32.386939,2026-07-02T03:02:32.396271+00:00,97.9,4,ask,Kelvin Chan,WavyWalnuts,3410570
2026-07-02T03:02:32.386939,2026-07-02T03:02:32.396271+00:00,97.9,196,ask,YieldingYams,WavyWalnuts,3410571
2026-07-02T03:02:34.863579,2026-07-02T03:02:34.870510+00:00,98.0,200,bid,YieldingYams,WavyWalnuts,3410624
2026-07-02T03:02:37.480767,2026-07-02T03:02:37.491822+00:00,97.9,4,ask,Kelvin Chan,YieldingYams,3410686
2026-07-02T03:02:37.480767,2026-07-02T03:02:37.491822+00:00,97.9,200,ask,WavyWalnuts,YieldingYams,3410687
2026-07-02T03:02:38.792530,2026-07-02T03:02:38.804316+00:00,97.8,190,bid,YieldingYams,WavyWalnuts,3410728
2026-07-02T03:02:42.077851,2026-07-02T03:02:42.087439+00:00,97.8,1,ask,Kelvin Chan,WavyWalnuts,3410821
2026-07-02T03:02:42.077851,2026-07-02T03:02:42.087439+00:00,97.8,199,ask,YieldingYams,WavyWalnuts,3410822
2026-07-02T03:02:44.497138,2026-07-02T03:02:44.506354+00:00,97.8,200,ask,AverageAlmonds,WavyWalnuts,3410855
2026-07-02T03:02:44.853674,2026-07-02T03:02:44.858546+00:00,97.9,20,bid,BrilliantBurritos,YieldingYams,3410870
2026-07-02T03:02:45.702462,2026-07-02T03:02:45.712346+00:00,97.8,200,bid,WavyWalnuts,YieldingYams,3410886
2026-07-02T03:02:46.237165,2026-07-02T03:02:46.247867+00:00,97.8,425,bid,AverageAlmonds,YieldingYams,3410900
2026-07-02T03:02:47.983126,2026-07-02T03:02:47.992637+00:00,97.9,500,ask,AverageAlmonds,YieldingYams,3410925
2026-07-02T03:02:48.062204,2026-07-02T03:02:48.069965+00:00,97.9,125,bid,AverageAlmonds,YieldingYams,3410929
2026-07-02T03:02:49.288978,2026-07-02T03:02:49.300693+00:00,98.0,5,bid,YieldingYams,Kelvin Chan,3410960
2026-07-02T03:02:49.288978,2026-07-02T03:02:49.300693+00:00,98.0,200,bid,YieldingYams,WavyWalnuts,3410961
2026-07-02T03:02:49.323116,2026-07-02T03:02:49.330174+00:00,98.1,200,ask,YieldingYams,WavyWalnuts,3410964
2026-07-02T03:02:50.608620,2026-07-02T03:02:50.618795+00:00,98.2,200,ask,WavyWalnuts,YieldingYams,3410982
2026-07-02T03:02:51.734117,2026-07-02T03:02:51.744527+00:00,98.1,200,bid,WavyWalnuts,YieldingYams,3411008
2026-07-02T03:02:52.828875,2026-07-02T03:02:52.840415+00:00,98.2,20,ask,YieldingYams,BrilliantBurritos,3411035
2026-07-02T03:02:52.943040,2026-07-02T03:02:52.951627+00:00,98.2,200,ask,YieldingYams,WavyWalnuts,3411040
2026-07-02T03:02:54.545190,2026-07-02T03:02:54.558624+00:00,98.3,2,bid,YieldingYams,Kelvin Chan,3411054
2026-07-02T03:02:54.545190,2026-07-02T03:02:54.558624+00:00,98.3,500,bid,YieldingYams,AverageAlmonds,3411055
2026-07-02T03:02:54.725851,2026-07-02T03:02:54.735777+00:00,98.3,123,ask,YieldingYams,AverageAlmonds,3411060
2026-07-02T03:02:55.361193,2026-07-02T03:02:55.372236+00:00,98.3,200,bid,WavyWalnuts,AverageAlmonds,3411074
2026-07-02T03:02:55.832461,2026-07-02T03:02:55.846233+00:00,98.2,1,bid,Chester Au,Kelvin Chan,3411091
2026-07-02T03:02:55.870157,2026-07-02T03:02:55.873575+00:00,98.1,23,bid,Xuanyu Liu,YieldingYams,3411095
2026-07-02T03:02:55.872532,2026-07-02T03:02:55.894132+00:00,98.1,98,bid,Chester Au,YieldingYams,3411096
2026-07-02T03:02:56.081908,2026-07-02T03:02:56.093362+00:00,98.1,101,bid,Chester Au,YieldingYams,3411105
2026-07-02T03:02:56.570302,2026-07-02T03:02:56.580421+00:00,98.1,200,bid,WavyWalnuts,YieldingYams,3411112
2026-07-02T03:02:57.163484,2026-07-02T03:02:57.174238+00:00,98.2,1,bid,YieldingYams,Kelvin Chan,3411129
2026-07-02T03:02:57.163484,2026-07-02T03:02:57.174238+00:00,98.3,500,bid,YieldingYams,AverageAlmonds,3411130
2026-07-02T03:02:57.739436,2026-07-02T03:02:57.748682+00:00,98.3,124,ask,YieldingYams,AverageAlmonds,3411148
2026-07-02T03:02:57.778268,2026-07-02T03:02:57.785349+00:00,98.3,200,bid,WavyWalnuts,AverageAlmonds,3411150
2026-07-02T03:02:58.987421,2026-07-02T03:02:58.996416+00:00,98.2,200,bid,WavyWalnuts,AverageAlmonds,3411172
2026-07-02T03:03:01.094156,2026-07-02T03:03:01.105689+00:00,98.2,8,bid,YieldingYams,Kelvin Chan,3411217
2026-07-02T03:03:01.691243,2026-07-02T03:03:01.702560+00:00,98.3,8,bid,BrilliantBurritos,Kelvin Chan,3411238
2026-07-02T03:03:01.691243,2026-07-02T03:03:01.702560+00:00,98.3,12,bid,BrilliantBurritos,AverageAlmonds,3411239
2026-07-02T03:03:01.989407,2026-07-02T03:03:01.998418+00:00,98.2,500,ask,YieldingYams,AverageAlmonds,3411246
2026-07-02T03:03:02.403802,2026-07-02T03:03:02.410436+00:00,98.1,200,ask,WavyWalnuts,YieldingYams,3411255
2026-07-02T03:03:02.629512,2026-07-02T03:03:02.636640+00:00,98.1,200,bid,WavyWalnuts,YieldingYams,3411258
2026-07-02T03:03:03.635187,2026-07-02T03:03:03.646716+00:00,98.1,20,bid,BrilliantBurritos,YieldingYams,3411271
2026-07-02T03:03:03.837830,2026-07-02T03:03:03.846435+00:00,98.1,200,bid,WavyWalnuts,AverageAlmonds,3411278
2026-07-02T03:03:05.021702,2026-07-02T03:03:05.029662+00:00,98.1,500,bid,YieldingYams,AverageAlmonds,3411299
2026-07-02T03:03:05.048154,2026-07-02T03:03:05.058588+00:00,98.2,125,ask,YieldingYams,WavyWalnuts,3411301
2026-07-02T03:03:05.628174,2026-07-02T03:03:05.632062+00:00,98.0,23,ask,WavyWalnuts,Xuanyu Liu,3411311
2026-07-02T03:03:06.843434,2026-07-02T03:03:06.854156+00:00,98.0,500,ask,YieldingYams,AverageAlmonds,3411327
2026-07-02T03:03:07.442032,2026-07-02T03:03:07.458635+00:00,98.0,125,ask,YieldingYams,AverageAlmonds,3411334
2026-07-02T03:03:07.639152,2026-07-02T03:03:07.646168+00:00,97.9,200,ask,WavyWalnuts,YieldingYams,3411341
2026-07-02T03:03:11.105874,2026-07-02T03:03:11.112302+00:00,97.9,200,bid,WavyWalnuts,YieldingYams,3411399
2026-07-02T03:03:12.315865,2026-07-02T03:03:12.325237+00:00,97.9,200,bid,WavyWalnuts,YieldingYams,3411426
2026-07-02T03:03:14.599124,2026-07-02T03:03:14.610098+00:00,98.0,20,bid,BrilliantBurritos,AverageAlmonds,3411467
2026-07-02T03:03:15.961629,2026-07-02T03:03:15.969902+00:00,97.9,200,ask,YieldingYams,WavyWalnuts,3411489
2026-07-02T03:03:18.273324,2026-07-02T03:03:18.277220+00:00,98.0,3,ask,YieldingYams,Xuanyu Liu,3411541
2026-07-02T03:03:18.341882,2026-07-02T03:03:18.353492+00:00,98.0,500,ask,YieldingYams,AverageAlmonds,3411542
2026-07-02T03:03:18.377693,2026-07-02T03:03:18.386709+00:00,98.0,122,ask,YieldingYams,WavyWalnuts,3411545
2026-07-02T03:03:19.584941,2026-07-02T03:03:19.596638+00:00,97.9,200,bid,WavyWalnuts,YieldingYams,3411562
2026-07-02T03:03:20.793691,2026-07-02T03:03:20.803190+00:00,98.0,200,bid,WavyWalnuts,AverageAlmonds,3411593
2026-07-02T03:03:23.399837,2026-07-02T03:03:23.420306+00:00,97.9,200,ask,WavyWalnuts,YieldingYams,3411641
2026-07-02T03:03:23.399837,2026-07-02T03:03:23.420306+00:00,97.7,1,ask,Kelvin Chan,YieldingYams,3411642
2026-07-02T03:03:23.416436,2026-07-02T03:03:23.420306+00:00,97.7,14,bid,Xuanyu Liu,YieldingYams,3411644
2026-07-02T03:03:24.414931,2026-07-02T03:03:24.421580+00:00,97.7,200,bid,WavyWalnuts,YieldingYams,3411656
2026-07-02T03:03:24.721917,2026-07-02T03:03:24.725795+00:00,97.8,11,ask,YieldingYams,Xuanyu Liu,3411658
2026-07-02T03:03:25.623093,2026-07-02T03:03:25.633903+00:00,97.8,200,ask,YieldingYams,WavyWalnuts,3411673
2026-07-02T03:03:26.830432,2026-07-02T03:03:26.841719+00:00,97.6,200,ask,YieldingYams,WavyWalnuts,3411693
2026-07-02T03:03:28.037105,2026-07-02T03:03:28.046531+00:00,97.6,200,bid,WavyWalnuts,YieldingYams,3411718
2026-07-02T03:03:29.221689,2026-07-02T03:03:29.225285+00:00,97.6,3,ask,AverageAlmonds,Xuanyu Liu,3411733
2026-07-02T03:03:30.461385,2026-07-02T03:03:30.468935+00:00,97.6,200,ask,AverageAlmonds,WavyWalnuts,3411763
2026-07-02T03:03:31.668081,2026-07-02T03:03:31.679379+00:00,97.6,200,ask,YieldingYams,WavyWalnuts,3411780
2026-07-02T03:03:32.561316,2026-07-02T03:03:32.569120+00:00,97.7,6,bid,YieldingYams,Kelvin Chan,3411797
2026-07-02T03:03:32.889447,2026-07-02T03:03:32.897916+00:00,97.7,200,ask,YieldingYams,WavyWalnuts,3411800
2026-07-02T03:03:34.095753,2026-07-02T03:03:34.105321+00:00,97.6,200,bid,WavyWalnuts,YieldingYams,3411828
2026-07-02T03:03:34.397241,2026-07-02T03:03:34.408877+00:00,97.6,20,bid,BrilliantBurritos,YieldingYams,3411840
2026-07-02T03:03:35.304520,2026-07-02T03:03:35.313184+00:00,97.7,200,ask,YieldingYams,WavyWalnuts,3411861
2026-07-02T03:03:37.248296,2026-07-02T03:03:37.251430+00:00,97.7,26,bid,Xuanyu Liu,WavyWalnuts,3411927
2026-07-02T03:03:37.728043,2026-07-02T03:03:37.735024+00:00,97.6,200,ask,YieldingYams,WavyWalnuts,3411932
2026-07-02T03:03:40.149876,2026-07-02T03:03:40.158594+00:00,97.5,5,ask,Kelvin Chan,WavyWalnuts,3411981
2026-07-02T03:03:40.149876,2026-07-02T03:03:40.158594+00:00,97.5,195,ask,YieldingYams,WavyWalnuts,3411982
2026-07-02T03:03:41.359842,2026-07-02T03:03:41.370110+00:00,97.5,5,ask,Kelvin Chan,WavyWalnuts,3412012
2026-07-02T03:03:41.723148,2026-07-02T03:03:41.726912+00:00,97.4,12,ask,YieldingYams,Xuanyu Liu,3412021
2026-07-02T03:03:42.567964,2026-07-02T03:03:42.574518+00:00,97.4,200,ask,YieldingYams,WavyWalnuts,3412032
2026-07-02T03:03:44.451536,2026-07-02T03:03:44.474625+00:00,97.5,200,bid,YieldingYams,WavyWalnuts,3412064
2026-07-02T03:03:44.471205,2026-07-02T03:03:44.474625+00:00,97.5,11,ask,YieldingYams,Xuanyu Liu,3412067
2026-07-02T03:03:44.995923,2026-07-02T03:03:45.006275+00:00,97.5,200,ask,YieldingYams,WavyWalnuts,3412072
2026-07-02T03:03:46.727549,2026-07-02T03:03:46.731441+00:00,97.4,3,ask,YieldingYams,Xuanyu Liu,3412099
2026-07-02T03:03:47.207600,2026-07-02T03:03:47.218993+00:00,97.5,20,bid,BrilliantBurritos,WavyWalnuts,3412102
2026-07-02T03:03:48.634326,2026-07-02T03:03:48.641351+00:00,97.4,200,ask,YieldingYams,WavyWalnuts,3412127
2026-07-02T03:03:51.050606,2026-07-02T03:03:51.058740+00:00,97.3,200,ask,YieldingYams,WavyWalnuts,3412170
2026-07-02T03:03:53.055247,2026-07-02T03:03:53.058630+00:00,97.3,150,ask,WavyWalnuts,Chester Au,3412206
2026-07-02T03:03:58.326143,2026-07-02T03:03:58.334058+00:00,97.3,200,bid,WavyWalnuts,YieldingYams,3412276
2026-07-02T03:04:00.208711,2026-07-02T03:04:00.220195+00:00,97.3,50,ask,YieldingYams,Chester Au,3412303
2026-07-02T03:04:03.172944,2026-07-02T03:04:03.179236+00:00,97.4,200,ask,YieldingYams,WavyWalnuts,3412353
2026-07-02T03:04:05.588541,2026-07-02T03:04:05.596788+00:00,97.4,200,ask,YieldingYams,WavyWalnuts,3412388
2026-07-02T03:04:08.095123,2026-07-02T03:04:08.105512+00:00,97.4,200,ask,WavyWalnuts,YieldingYams,3412425
2026-07-02T03:04:08.309577,2026-07-02T03:04:08.320934+00:00,97.2,2,ask,Kelvin Chan,BrilliantBurritos,3412429
2026-07-02T03:04:08.309577,2026-07-02T03:04:08.320934+00:00,97.2,18,ask,YieldingYams,BrilliantBurritos,3412430
2026-07-02T03:04:09.402627,2026-07-02T03:04:09.410348+00:00,97.4,200,bid,YieldingYams,WavyWalnuts,3412457
2026-07-02T03:04:13.342746,2026-07-02T03:04:13.358561+00:00,97.4,200,ask,WavyWalnuts,YieldingYams,3412515
2026-07-02T03:04:13.893670,2026-07-02T03:04:13.905199+00:00,97.2,8,ask,Kelvin Chan,BrilliantBurritos,3412524
2026-07-02T03:04:13.893670,2026-07-02T03:04:13.905199+00:00,97.2,12,ask,YieldingYams,BrilliantBurritos,3412525
2026-07-02T03:04:14.071458,2026-07-02T03:04:14.079176+00:00,97.4,200,bid,WavyWalnuts,YieldingYams,3412532
2026-07-02T03:04:15.968669,2026-07-02T03:04:15.975957+00:00,97.5,2,bid,YieldingYams,Kelvin Chan,3412557
2026-07-02T03:04:15.968669,2026-07-02T03:04:15.981186+00:00,97.5,200,bid,YieldingYams,WavyWalnuts,3412558
2026-07-02T03:04:20.122017,2026-07-02T03:04:20.129608+00:00,97.6,200,bid,WavyWalnuts,YieldingYams,3412639
2026-07-02T03:04:21.484469,2026-07-02T03:04:21.487917+00:00,97.6,14,bid,Xuanyu Liu,AverageAlmonds,3412665
2026-07-02T03:04:21.486872,2026-07-02T03:04:21.503658+00:00,97.6,150,bid,Chester Au,AverageAlmonds,3412666
2026-07-02T03:04:22.512082,2026-07-02T03:04:22.520697+00:00,97.7,200,bid,YieldingYams,WavyWalnuts,3412687
2026-07-02T03:04:22.512082,2026-07-02T03:04:22.520697+00:00,97.7,425,bid,YieldingYams,AverageAlmonds,3412688
2026-07-02T03:04:23.746580,2026-07-02T03:04:23.753741+00:00,97.7,200,bid,WavyWalnuts,AverageAlmonds,3412714
2026-07-02T03:04:24.956190,2026-07-02T03:04:24.964528+00:00,97.5,200,bid,WavyWalnuts,YieldingYams,3412734
2026-07-02T03:04:25.360985,2026-07-02T03:04:25.372708+00:00,97.2,4,ask,Kelvin Chan,BrilliantBurritos,3412742
2026-07-02T03:04:25.360985,2026-07-02T03:04:25.372708+00:00,97.2,16,ask,AverageAlmonds,BrilliantBurritos,3412743
2026-07-02T03:04:26.165293,2026-07-02T03:04:26.174081+00:00,97.4,200,bid,WavyWalnuts,YieldingYams,3412764
2026-07-02T03:04:26.679749,2026-07-02T03:04:26.691235+00:00,97.4,20,ask,YieldingYams,BrilliantBurritos,3412774
2026-07-02T03:04:27.746112,2026-07-02T03:04:27.753353+00:00,97.5,200,bid,YieldingYams,WavyWalnuts,3412799
2026-07-02T03:04:29.055251,2026-07-02T03:04:29.055103+00:00,97.6,7,bid,YieldingYams,Kelvin Chan,3412822
2026-07-02T03:04:29.062559,2026-07-02T03:04:29.066248+00:00,97.6,4,ask,YieldingYams,Xuanyu Liu,3412825
2026-07-02T03:04:29.067545,2026-07-02T03:04:29.071179+00:00,97.6,4,ask,YieldingYams,Xuanyu Liu,3412826
2026-07-02T03:04:30.360314,2026-07-02T03:04:30.369656+00:00,97.6,500,ask,YieldingYams,AverageAlmonds,3412855
2026-07-02T03:04:32.199873,2026-07-02T03:04:32.211346+00:00,97.5,200,ask,WavyWalnuts,AverageAlmonds,3412881
2026-07-02T03:04:32.228264,2026-07-02T03:04:32.237357+00:00,97.5,200,bid,WavyWalnuts,AverageAlmonds,3412884
2026-07-02T03:04:33.438957,2026-07-02T03:04:33.447089+00:00,97.4,200,ask,YieldingYams,WavyWalnuts,3412906
2026-07-02T03:04:34.297258,2026-07-02T03:04:34.308343+00:00,97.5,500,bid,YieldingYams,AverageAlmonds,3412927
2026-07-02T03:04:34.597063,2026-07-02T03:04:34.605611+00:00,97.6,125,ask,YieldingYams,AverageAlmonds,3412930
2026-07-02T03:04:35.809904,2026-07-02T03:04:35.820742+00:00,97.4,200,ask,WavyWalnuts,AverageAlmonds,3412964
2026-07-02T03:04:38.252715,2026-07-02T03:04:38.258531+00:00,97.3,3,ask,Kelvin Chan,AverageAlmonds,3413012
2026-07-02T03:04:38.252715,2026-07-02T03:04:38.258531+00:00,97.3,497,ask,YieldingYams,AverageAlmonds,3413013
2026-07-02T03:04:38.276810,2026-07-02T03:04:38.285542+00:00,97.3,128,ask,YieldingYams,WavyWalnuts,3413014
2026-07-02T03:04:38.290532,2026-07-02T03:04:38.307647+00:00,97.2,6,bid,Kelvin Chan,WavyWalnuts,3413017
2026-07-02T03:04:38.299258,2026-07-02T03:04:38.307647+00:00,97.2,50,bid,Chester Au,WavyWalnuts,3413019
2026-07-02T03:04:38.303537,2026-07-02T03:04:38.307647+00:00,97.2,16,bid,Xuanyu Liu,WavyWalnuts,3413020
2026-07-02T03:04:38.749536,2026-07-02T03:04:38.758602+00:00,97.2,5,ask,Kelvin Chan,BrilliantBurritos,3413034
2026-07-02T03:04:40.528034,2026-07-02T03:04:40.533889+00:00,97.2,2,ask,Kelvin Chan,Xuanyu Liu,3413078
2026-07-02T03:04:40.528034,2026-07-02T03:04:40.533889+00:00,97.2,20,ask,WavyWalnuts,Xuanyu Liu,3413079
2026-07-02T03:04:40.690176,2026-07-02T03:04:40.697400+00:00,97.3,200,bid,WavyWalnuts,YieldingYams,3413080
2026-07-02T03:04:43.113246,2026-07-02T03:04:43.124286+00:00,97.1,200,ask,YieldingYams,WavyWalnuts,3413120
2026-07-02T03:04:44.749560,2026-07-02T03:04:44.755913+00:00,97.1,20,ask,YieldingYams,BrilliantBurritos,3413150
2026-07-02T03:04:44.765869,2026-07-02T03:04:44.777464+00:00,97.1,1,ask,Kelvin Chan,YieldingYams,3413151
2026-07-02T03:04:46.074257,2026-07-02T03:04:46.085083+00:00,97.0,3,ask,Kelvin Chan,YieldingYams,3413176
2026-07-02T03:04:47.381501,2026-07-02T03:04:47.389434+00:00,97.0,200,bid,YieldingYams,WavyWalnuts,3413215
2026-07-02T03:04:47.393286,2026-07-02T03:04:47.396802+00:00,97.1,3,ask,YieldingYams,Xuanyu Liu,3413217
2026-07-02T03:04:47.396248,2026-07-02T03:04:47.412509+00:00,97.1,100,ask,YieldingYams,Chester Au,3413218
2026-07-02T03:04:47.963582,2026-07-02T03:04:47.971127+00:00,97.1,200,ask,YieldingYams,WavyWalnuts,3413233
2026-07-02T03:04:48.704885,2026-07-02T03:04:48.708793+00:00,97.0,3,bid,Xuanyu Liu,YieldingYams,3413248
2026-07-02T03:04:55.803928,2026-07-02T03:04:55.811821+00:00,97.0,500,bid,AverageAlmonds,YieldingYams,3413438
2026-07-02T03:04:56.543909,2026-07-02T03:04:56.550208+00:00,96.9,1,ask,Kelvin Chan,BrilliantBurritos,3413444
2026-07-02T03:04:56.543909,2026-07-02T03:04:56.550208+00:00,96.9,19,ask,AverageAlmonds,BrilliantBurritos,3413445
2026-07-02T03:04:57.667403,2026-07-02T03:04:57.677565+00:00,96.9,200,ask,YieldingYams,WavyWalnuts,3413477
2026-07-02T03:04:58.876862,2026-07-02T03:04:58.883391+00:00,96.9,200,ask,AverageAlmonds,WavyWalnuts,3413502
2026-07-02T03:04:59.167871,2026-07-02T03:04:59.175576+00:00,96.9,300,ask,AverageAlmonds,YieldingYams,3413508
2026-07-02T03:04:59.413127,2026-07-02T03:04:59.420678+00:00,96.8,325,bid,AverageAlmonds,YieldingYams,3413511
2026-07-02T03:04:59.501819,2026-07-02T03:04:59.505269+00:00,96.9,3,ask,AverageAlmonds,Xuanyu Liu,3413517
2026-07-02T03:05:01.784509,2026-07-02T03:05:01.795791+00:00,97.1,3,bid,YieldingYams,Kelvin Chan,3413568
2026-07-02T03:05:01.784509,2026-07-02T03:05:01.795791+00:00,97.1,200,bid,YieldingYams,WavyWalnuts,3413569
2026-07-02T03:05:01.806588,2026-07-02T03:05:01.813747+00:00,97.1,53,ask,YieldingYams,Chester Au,3413571
2026-07-02T03:05:02.123848,2026-07-02T03:05:02.135200+00:00,97.1,20,ask,YieldingYams,BrilliantBurritos,3413579
2026-07-02T03:05:02.497287,2026-07-02T03:05:02.505959+00:00,97.1,200,ask,YieldingYams,WavyWalnuts,3413590
2026-07-02T03:05:03.111366,2026-07-02T03:05:03.114617+00:00,97.1,3,bid,Xuanyu Liu,YieldingYams,3413606
2026-07-02T03:05:03.916624,2026-07-02T03:05:03.928187+00:00,97.1,20,bid,BrilliantBurritos,YieldingYams,3413622
2026-07-02T03:05:04.401917,2026-07-02T03:05:04.413433+00:00,97.0,20,ask,AverageAlmonds,BrilliantBurritos,3413630
2026-07-02T03:05:04.915543,2026-07-02T03:05:04.925992+00:00,97.0,200,ask,YieldingYams,WavyWalnuts,3413643
2026-07-02T03:05:05.578536,2026-07-02T03:05:05.587853+00:00,97.2,2,bid,BrilliantBurritos,Kelvin Chan,3413651
2026-07-02T03:05:05.578536,2026-07-02T03:05:05.587853+00:00,97.2,18,bid,BrilliantBurritos,YieldingYams,3413652
2026-07-02T03:05:06.073511,2026-07-02T03:05:06.084611+00:00,97.0,500,bid,AverageAlmonds,YieldingYams,3413661
2026-07-02T03:05:06.122473,2026-07-02T03:05:06.132221+00:00,97.0,125,bid,WavyWalnuts,YieldingYams,3413664
2026-07-02T03:05:07.344099,2026-07-02T03:05:07.351383+00:00,97.1,200,ask,YieldingYams,WavyWalnuts,3413682
2026-07-02T03:05:08.987165,2026-07-02T03:05:08.990887+00:00,97.1,3,ask,AverageAlmonds,Xuanyu Liu,3413713
2026-07-02T03:05:09.637270,2026-07-02T03:05:09.643683+00:00,97.1,200,ask,WavyWalnuts,YieldingYams,3413722
2026-07-02T03:05:09.714728,2026-07-02T03:05:09.724469+00:00,97.1,425,bid,AverageAlmonds,YieldingYams,3413724
2026-07-02T03:05:10.943646,2026-07-02T03:05:10.964831+00:00,97.2,1,bid,YieldingYams,Kelvin Chan,3413742
2026-07-02T03:05:10.943646,2026-07-02T03:05:10.964831+00:00,97.2,200,bid,YieldingYams,WavyWalnuts,3413743
2026-07-02T03:05:10.961085,2026-07-02T03:05:10.964831+00:00,97.2,11,ask,YieldingYams,Xuanyu Liu,3413745
2026-07-02T03:05:12.176615,2026-07-02T03:05:12.179580+00:00,97.3,11,bid,WavyWalnuts,Kelvin Chan,3413774
2026-07-02T03:05:12.261172,2026-07-02T03:05:12.270862+00:00,97.3,189,ask,WavyWalnuts,YieldingYams,3413779
2026-07-02T03:05:13.569726,2026-07-02T03:05:13.577631+00:00,97.3,10,bid,YieldingYams,Kelvin Chan,3413806
2026-07-02T03:05:13.569726,2026-07-02T03:05:13.577631+00:00,97.3,200,bid,YieldingYams,WavyWalnuts,3413807
2026-07-02T03:05:13.588826,2026-07-02T03:05:13.592338+00:00,97.3,12,ask,YieldingYams,Xuanyu Liu,3413809
2026-07-02T03:05:14.571149,2026-07-02T03:05:14.580153+00:00,97.4,9,bid,BrilliantBurritos,Kelvin Chan,3413822
2026-07-02T03:05:17.007641,2026-07-02T03:05:17.017553+00:00,97.4,8,bid,WavyWalnuts,Kelvin Chan,3413861
2026-07-02T03:05:19.710811,2026-07-02T03:05:19.714828+00:00,97.5,4,bid,Xuanyu Liu,Kelvin Chan,3413902
2026-07-02T03:05:20.474099,2026-07-02T03:05:20.481147+00:00,97.6,20,bid,BrilliantBurritos,WavyWalnuts,3413918
2026-07-02T03:05:20.671365,2026-07-02T03:05:20.675352+00:00,97.5,8,bid,Xuanyu Liu,WavyWalnuts,3413929
2026-07-02T03:05:22.736015,2026-07-02T03:05:22.743572+00:00,97.5,200,bid,YieldingYams,WavyWalnuts,3413963
2026-07-02T03:05:22.736015,2026-07-02T03:05:22.748604+00:00,97.5,425,bid,YieldingYams,AverageAlmonds,3413964
2026-07-02T03:05:23.669894,2026-07-02T03:05:23.673883+00:00,97.4,11,bid,Xuanyu Liu,AverageAlmonds,3413980
2026-07-02T03:05:24.052870,2026-07-02T03:05:24.055589+00:00,97.3,200,ask,WavyWalnuts,YieldingYams,3413984
2026-07-02T03:05:24.064438,2026-07-02T03:05:24.067986+00:00,97.3,3,bid,Xuanyu Liu,YieldingYams,3413986
2026-07-02T03:05:30.351028,2026-07-02T03:05:30.357408+00:00,97.1,10,ask,YieldingYams,BrilliantBurritos,3414111
2026-07-02T03:05:30.351028,2026-07-02T03:05:30.357408+00:00,97.1,10,ask,Kelvin Chan,BrilliantBurritos,3414112
2026-07-02T03:05:32.768101,2026-07-02T03:05:32.779141+00:00,97.2,200,bid,WavyWalnuts,YieldingYams,3414149
2026-07-02T03:05:33.072841,2026-07-02T03:05:33.084327+00:00,97.2,20,bid,BrilliantBurritos,YieldingYams,3414158
2026-07-02T03:05:35.874844,2026-07-02T03:05:35.894637+00:00,97.3,200,ask,WavyWalnuts,YieldingYams,3414204
2026-07-02T03:05:35.889747,2026-07-02T03:05:35.894637+00:00,97.3,3,bid,Xuanyu Liu,YieldingYams,3414206
2026-07-02T03:05:37.182705,2026-07-02T03:05:37.189581+00:00,97.4,200,bid,YieldingYams,WavyWalnuts,3414218
2026-07-02T03:05:37.182705,2026-07-02T03:05:37.189581+00:00,97.4,1,bid,YieldingYams,Kelvin Chan,3414219
2026-07-02T03:05:40.018445,2026-07-02T03:05:40.024991+00:00,97.4,1,bid,WavyWalnuts,Kelvin Chan,3414275
2026-07-02T03:05:40.018445,2026-07-02T03:05:40.030311+00:00,97.5,199,bid,WavyWalnuts,YieldingYams,3414276
2026-07-02T03:05:41.227435,2026-07-02T03:05:41.235630+00:00,97.4,1,bid,WavyWalnuts,Kelvin Chan,3414300
2026-07-02T03:05:41.227435,2026-07-02T03:05:41.235630+00:00,97.4,199,bid,WavyWalnuts,YieldingYams,3414301
2026-07-02T03:05:45.029207,2026-07-02T03:05:45.034595+00:00,97.4,1,bid,Xuanyu Liu,Kelvin Chan,3414388
2026-07-02T03:05:45.029207,2026-07-02T03:05:45.034595+00:00,97.4,33,bid,Xuanyu Liu,YieldingYams,3414389
2026-07-02T03:05:45.033540,2026-07-02T03:05:45.050229+00:00,97.4,100,bid,Chester Au,YieldingYams,3414390
2026-07-02T03:05:46.363068,2026-07-02T03:05:46.374313+00:00,97.3,100,bid,Chester Au,YieldingYams,3414416
2026-07-02T03:05:47.221673,2026-07-02T03:05:47.233640+00:00,97.2,20,ask,WavyWalnuts,BrilliantBurritos,3414436
2026-07-02T03:05:47.239849,2026-07-02T03:05:47.258561+00:00,97.3,500,bid,AverageAlmonds,YieldingYams,3414437
2026-07-02T03:05:47.297076,2026-07-02T03:05:47.304337+00:00,97.3,25,bid,WavyWalnuts,YieldingYams,3414441
2026-07-02T03:05:47.297076,2026-07-02T03:05:47.309594+00:00,97.4,1,bid,WavyWalnuts,Kelvin Chan,3414442
2026-07-02T03:05:48.119395,2026-07-02T03:05:48.122998+00:00,97.4,4,ask,WavyWalnuts,Xuanyu Liu,3414452
2026-07-02T03:05:48.124281,2026-07-02T03:05:48.127929+00:00,97.4,4,ask,WavyWalnuts,Xuanyu Liu,3414453
2026-07-02T03:05:48.129098,2026-07-02T03:05:48.132535+00:00,97.4,4,ask,WavyWalnuts,Xuanyu Liu,3414454
2026-07-02T03:05:48.509091,2026-07-02T03:05:48.517710+00:00,97.5,200,bid,WavyWalnuts,YieldingYams,3414461
2026-07-02T03:05:51.608261,2026-07-02T03:05:51.616772+00:00,97.5,6,bid,YieldingYams,Kelvin Chan,3414536
2026-07-02T03:05:52.139377,2026-07-02T03:05:52.147825+00:00,97.5,200,ask,YieldingYams,WavyWalnuts,3414558
2026-07-02T03:05:53.344439,2026-07-02T03:05:53.353714+00:00,97.4,200,bid,WavyWalnuts,YieldingYams,3414576
2026-07-02T03:05:55.535435,2026-07-02T03:05:55.543840+00:00,97.4,200,bid,YieldingYams,WavyWalnuts,3414612
2026-07-02T03:05:55.758205,2026-07-02T03:05:55.765480+00:00,97.4,200,ask,YieldingYams,WavyWalnuts,3414614
2026-07-02T03:05:58.179282,2026-07-02T03:05:58.190647+00:00,97.2,2,ask,Kelvin Chan,WavyWalnuts,3414654
2026-07-02T03:05:58.179282,2026-07-02T03:05:58.190647+00:00,97.2,198,ask,AverageAlmonds,WavyWalnuts,3414655
2026-07-02T03:05:58.716621,2026-07-02T03:05:58.725748+00:00,97.4,20,bid,BrilliantBurritos,YieldingYams,3414668
2026-07-02T03:05:59.389206,2026-07-02T03:05:59.395802+00:00,97.3,200,ask,AverageAlmonds,WavyWalnuts,3414678
2026-07-02T03:06:00.776438,2026-07-02T03:06:00.795437+00:00,97.4,200,bid,YieldingYams,WavyWalnuts,3414701
2026-07-02T03:06:00.791768,2026-07-02T03:06:00.795437+00:00,97.5,25,ask,YieldingYams,Xuanyu Liu,3414703
2026-07-02T03:06:01.819591,2026-07-02T03:06:01.828930+00:00,97.5,200,ask,YieldingYams,WavyWalnuts,3414711
2026-07-02T03:06:02.087237,2026-07-02T03:06:02.098497+00:00,97.4,500,ask,AverageAlmonds,YieldingYams,3414718
2026-07-02T03:06:02.372858,2026-07-02T03:06:02.380958+00:00,97.4,20,bid,BrilliantBurritos,YieldingYams,3414720
2026-07-02T03:06:02.381018,2026-07-02T03:06:02.391978+00:00,97.4,105,bid,AverageAlmonds,YieldingYams,3414721
2026-07-02T03:06:03.393743,2026-07-02T03:06:03.401586+00:00,97.5,200,bid,YieldingYams,WavyWalnuts,3414743
2026-07-02T03:06:04.238114,2026-07-02T03:06:04.244816+00:00,97.5,200,ask,YieldingYams,WavyWalnuts,3414760
2026-07-02T03:06:04.394430,2026-07-02T03:06:04.404147+00:00,97.5,20,ask,YieldingYams,BrilliantBurritos,3414761
2026-07-02T03:06:05.001249,2026-07-02T03:06:05.013034+00:00,97.6,6,bid,BrilliantBurritos,Kelvin Chan,3414770
2026-07-02T03:06:08.647883,2026-07-02T03:06:08.653371+00:00,97.5,200,ask,WavyWalnuts,YieldingYams,3414846
2026-07-02T03:06:08.647883,2026-07-02T03:06:08.653371+00:00,97.5,425,ask,AverageAlmonds,YieldingYams,3414847
2026-07-02T03:06:09.129258,2026-07-02T03:06:09.133370+00:00,97.5,3,ask,AverageAlmonds,Xuanyu Liu,3414856
2026-07-02T03:06:09.132835,2026-07-02T03:06:09.148877+00:00,97.5,48,ask,AverageAlmonds,Chester Au,3414857
2026-07-02T03:06:09.895206,2026-07-02T03:06:09.906707+00:00,97.6,6,bid,BrilliantBurritos,Kelvin Chan,3414874
2026-07-02T03:06:09.895206,2026-07-02T03:06:09.906707+00:00,97.6,14,bid,BrilliantBurritos,WavyWalnuts,3414875
2026-07-02T03:06:09.954472,2026-07-02T03:06:09.963913+00:00,97.6,186,bid,YieldingYams,WavyWalnuts,3414877
2026-07-02T03:06:09.957129,2026-07-02T03:06:09.963913+00:00,97.7,7,ask,YieldingYams,Kelvin Chan,3414878
2026-07-02T03:06:10.295450,2026-07-02T03:06:10.306816+00:00,97.7,200,ask,YieldingYams,WavyWalnuts,3414881
2026-07-02T03:06:12.581356,2026-07-02T03:06:12.589966+00:00,97.6,200,ask,WavyWalnuts,YieldingYams,3414936
2026-07-02T03:06:12.591363,2026-07-02T03:06:12.595214+00:00,97.6,3,bid,Xuanyu Liu,YieldingYams,3414937
2026-07-02T03:06:14.492732,2026-07-02T03:06:14.503399+00:00,97.6,500,bid,AverageAlmonds,YieldingYams,3414972
2026-07-02T03:06:15.090541,2026-07-02T03:06:15.098238+00:00,97.6,125,bid,AverageAlmonds,YieldingYams,3414991
2026-07-02T03:06:15.128649,2026-07-02T03:06:15.140147+00:00,97.6,200,ask,AverageAlmonds,WavyWalnuts,3414992
2026-07-02T03:06:16.521508,2026-07-02T03:06:16.529793+00:00,97.6,500,ask,AverageAlmonds,YieldingYams,3415013
2026-07-02T03:06:16.521508,2026-07-02T03:06:16.529793+00:00,97.6,125,ask,WavyWalnuts,YieldingYams,3415014
2026-07-02T03:06:17.828720,2026-07-02T03:06:17.837997+00:00,97.7,200,bid,YieldingYams,WavyWalnuts,3415045
2026-07-02T03:06:18.751464,2026-07-02T03:06:18.759187+00:00,97.7,200,ask,YieldingYams,WavyWalnuts,3415064
2026-07-02T03:06:18.939382,2026-07-02T03:06:18.946768+00:00,97.7,3,ask,YieldingYams,Chester Au,3415066
2026-07-02T03:06:19.041414,2026-07-02T03:06:19.048050+00:00,97.7,3,ask,YieldingYams,Chester Au,3415070
2026-07-02T03:06:19.143083,2026-07-02T03:06:19.154502+00:00,97.6,500,ask,AverageAlmonds,YieldingYams,3415071
2026-07-02T03:06:19.305727,2026-07-02T03:06:19.312907+00:00,97.6,125,bid,AverageAlmonds,YieldingYams,3415080
2026-07-02T03:06:20.448904,2026-07-02T03:06:20.469594+00:00,97.8,2,bid,YieldingYams,Kelvin Chan,3415109
2026-07-02T03:06:20.448904,2026-07-02T03:06:20.469594+00:00,97.8,200,bid,YieldingYams,WavyWalnuts,3415110
2026-07-02T03:06:20.465713,2026-07-02T03:06:20.469594+00:00,97.9,3,ask,YieldingYams,Xuanyu Liu,3415113
2026-07-02T03:06:20.471967,2026-07-02T03:06:20.484825+00:00,97.9,146,ask,YieldingYams,Chester Au,3415114
2026-07-02T03:06:21.764912,2026-07-02T03:06:21.774757+00:00,97.8,200,ask,WavyWalnuts,YieldingYams,3415157
2026-07-02T03:06:26.026627,2026-07-02T03:06:26.037478+00:00,97.8,200,bid,WavyWalnuts,YieldingYams,3415237
2026-07-02T03:06:26.585061,2026-07-02T03:06:26.596439+00:00,97.6,12,ask,Kelvin Chan,BrilliantBurritos,3415247
2026-07-02T03:06:26.585061,2026-07-02T03:06:26.596439+00:00,97.6,8,ask,YieldingYams,BrilliantBurritos,3415248
2026-07-02T03:06:28.450530,2026-07-02T03:06:28.458632+00:00,97.7,200,ask,YieldingYams,WavyWalnuts,3415271
2026-07-02T03:06:30.944046,2026-07-02T03:06:30.958622+00:00,97.7,200,ask,WavyWalnuts,YieldingYams,3415337
2026-07-02T03:06:30.944046,2026-07-02T03:06:30.958622+00:00,97.6,7,ask,Kelvin Chan,YieldingYams,3415338
2026-07-02T03:06:30.944046,2026-07-02T03:06:30.958622+00:00,97.6,418,ask,AverageAlmonds,YieldingYams,3415339
2026-07-02T03:06:31.210770,2026-07-02T03:06:31.216260+00:00,97.9,1,bid,Xuanyu Liu,Kelvin Chan,3415349
2026-07-02T03:06:31.210770,2026-07-02T03:06:31.216260+00:00,97.9,2,bid,Xuanyu Liu,WavyWalnuts,3415350
2026-07-02T03:06:33.280344,2026-07-02T03:06:33.288104+00:00,97.8,200,ask,YieldingYams,WavyWalnuts,3415385
2026-07-02T03:06:34.493057,2026-07-02T03:06:34.500092+00:00,97.8,200,ask,YieldingYams,WavyWalnuts,3415407
2026-07-02T03:06:36.193827,2026-07-02T03:06:36.200489+00:00,97.8,200,bid,YieldingYams,WavyWalnuts,3415441
2026-07-02T03:06:36.193827,2026-07-02T03:06:36.205751+00:00,97.9,1,bid,YieldingYams,Kelvin Chan,3415442
2026-07-02T03:06:36.911324,2026-07-02T03:06:36.921313+00:00,97.9,200,ask,YieldingYams,WavyWalnuts,3415455
2026-07-02T03:06:37.577244,2026-07-02T03:06:37.588704+00:00,97.7,20,ask,YieldingYams,BrilliantBurritos,3415462
2026-07-02T03:06:38.816186,2026-07-02T03:06:38.827356+00:00,97.8,200,ask,WavyWalnuts,YieldingYams,3415487
2026-07-02T03:06:42.321988,2026-07-02T03:06:42.328902+00:00,97.8,200,bid,AverageAlmonds,WavyWalnuts,3415553
2026-07-02T03:06:43.273549,2026-07-02T03:06:43.284881+00:00,97.7,20,ask,YieldingYams,BrilliantBurritos,3415574
2026-07-02T03:06:46.696290,2026-07-02T03:06:46.707477+00:00,97.7,500,ask,AverageAlmonds,YieldingYams,3415640
2026-07-02T03:06:46.696290,2026-07-02T03:06:46.707477+00:00,97.7,125,ask,WavyWalnuts,YieldingYams,3415641
2026-07-02T03:06:50.233367,2026-07-02T03:06:50.237137+00:00,97.8,3,bid,Xuanyu Liu,YieldingYams,3415753
2026-07-02T03:06:51.397091,2026-07-02T03:06:51.408621+00:00,97.8,20,bid,BrilliantBurritos,WavyWalnuts,3415779
2026-07-02T03:06:53.258774,2026-07-02T03:06:53.270049+00:00,97.7,97,bid,Chester Au,YieldingYams,3415824
2026-07-02T03:06:55.868765,2026-07-02T03:06:55.878385+00:00,97.7,200,bid,YieldingYams,WavyWalnuts,3415880
2026-07-02T03:06:56.098153,2026-07-02T03:06:56.109834+00:00,97.9,1,bid,BrilliantBurritos,Kelvin Chan,3415884
2026-07-02T03:06:56.098153,2026-07-02T03:06:56.109834+00:00,97.9,19,bid,BrilliantBurritos,AverageAlmonds,3415885
2026-07-02T03:06:57.077438,2026-07-02T03:06:57.088976+00:00,97.7,20,ask,YieldingYams,BrilliantBurritos,3415925
2026-07-02T03:06:57.550288,2026-07-02T03:06:57.553713+00:00,97.7,11,bid,Xuanyu Liu,WavyWalnuts,3415935
2026-07-02T03:06:57.552630,2026-07-02T03:06:57.569313+00:00,97.7,103,bid,Chester Au,WavyWalnuts,3415936
2026-07-02T03:06:58.741433,2026-07-02T03:06:58.748341+00:00,97.6,2,ask,Kelvin Chan,WavyWalnuts,3415951
2026-07-02T03:06:58.741433,2026-07-02T03:06:58.753379+00:00,97.6,198,ask,YieldingYams,WavyWalnuts,3415952
2026-07-02T03:06:59.748765,2026-07-02T03:06:59.752278+00:00,97.6,11,ask,YieldingYams,Xuanyu Liu,3415969
2026-07-02T03:06:59.949959,2026-07-02T03:06:59.958571+00:00,97.6,3,ask,Kelvin Chan,WavyWalnuts,3415974
2026-07-02T03:07:02.369197,2026-07-02T03:07:02.380790+00:00,97.5,9,ask,Kelvin Chan,WavyWalnuts,3416022
2026-07-02T03:07:02.369197,2026-07-02T03:07:02.380790+00:00,97.5,191,ask,AverageAlmonds,WavyWalnuts,3416023
2026-07-02T03:07:02.431354,2026-07-02T03:07:02.438757+00:00,97.5,309,ask,AverageAlmonds,YieldingYams,3416024
2026-07-02T03:07:02.916403,2026-07-02T03:07:02.945505+00:00,97.5,316,bid,AverageAlmonds,YieldingYams,3416031
2026-07-02T03:07:02.941952,2026-07-02T03:07:02.945505+00:00,97.5,3,ask,AverageAlmonds,Xuanyu Liu,3416033
2026-07-02T03:07:03.737062,2026-07-02T03:07:03.756009+00:00,97.7,200,bid,YieldingYams,WavyWalnuts,3416062
2026-07-02T03:07:03.752526,2026-07-02T03:07:03.756009+00:00,97.8,3,ask,YieldingYams,Xuanyu Liu,3416065
2026-07-02T03:07:03.758788,2026-07-02T03:07:03.771637+00:00,97.8,136,ask,YieldingYams,Chester Au,3416066
2026-07-02T03:07:04.785240,2026-07-02T03:07:04.793215+00:00,97.8,200,ask,YieldingYams,WavyWalnuts,3416087
2026-07-02T03:07:06.006222,2026-07-02T03:07:06.010803+00:00,97.8,2,bid,Xuanyu Liu,WavyWalnuts,3416112
2026-07-02T03:07:06.037578,2026-07-02T03:07:06.041684+00:00,97.8,1,bid,Xuanyu Liu,WavyWalnuts,3416114
2026-07-02T03:07:09.004600,2026-07-02T03:07:09.014979+00:00,97.8,200,bid,YieldingYams,WavyWalnuts,3416170
2026-07-02T03:07:09.004600,2026-07-02T03:07:09.014979+00:00,97.9,3,bid,YieldingYams,Kelvin Chan,3416171
2026-07-02T03:07:09.629543,2026-07-02T03:07:09.636606+00:00,97.9,200,ask,YieldingYams,WavyWalnuts,3416184
2026-07-02T03:07:10.836197,2026-07-02T03:07:10.844840+00:00,97.8,200,bid,WavyWalnuts,YieldingYams,3416205
2026-07-02T03:07:14.478138,2026-07-02T03:07:14.486024+00:00,97.7,200,ask,YieldingYams,WavyWalnuts,3416249
2026-07-02T03:07:15.566264,2026-07-02T03:07:15.569866+00:00,97.7,14,bid,Xuanyu Liu,YieldingYams,3416260
2026-07-02T03:07:15.568792,2026-07-02T03:07:15.585089+00:00,97.7,136,bid,Chester Au,YieldingYams,3416261
2026-07-02T03:07:16.872608,2026-07-02T03:07:16.875750+00:00,97.7,11,ask,YieldingYams,Xuanyu Liu,3416276
2026-07-02T03:07:17.318958,2026-07-02T03:07:17.332170+00:00,97.8,20,bid,BrilliantBurritos,WavyWalnuts,3416284
2026-07-02T03:07:18.166057,2026-07-02T03:07:18.186675+00:00,97.8,200,bid,YieldingYams,WavyWalnuts,3416298
2026-07-02T03:07:18.183082,2026-07-02T03:07:18.186675+00:00,97.8,3,ask,YieldingYams,Xuanyu Liu,3416300
2026-07-02T03:07:19.311989,2026-07-02T03:07:19.321341+00:00,97.8,200,ask,YieldingYams,WavyWalnuts,3416315
2026-07-02T03:07:20.519978,2026-07-02T03:07:20.527899+00:00,97.7,200,bid,WavyWalnuts,YieldingYams,3416340
2026-07-02T03:07:22.098342,2026-07-02T03:07:22.108101+00:00,97.8,200,bid,YieldingYams,WavyWalnuts,3416364
2026-07-02T03:07:22.127635,2026-07-02T03:07:22.134336+00:00,97.8,150,ask,YieldingYams,Chester Au,3416367
2026-07-02T03:07:22.938322,2026-07-02T03:07:22.946683+00:00,97.8,200,ask,YieldingYams,WavyWalnuts,3416387
2026-07-02T03:07:24.699096,2026-07-02T03:07:24.709778+00:00,97.8,500,bid,AverageAlmonds,YieldingYams,3416410
2026-07-02T03:07:24.723691,2026-07-02T03:07:24.730741+00:00,97.9,2,bid,YieldingYams,Kelvin Chan,3416411
2026-07-02T03:07:24.723691,2026-07-02T03:07:24.736166+00:00,97.9,200,bid,YieldingYams,WavyWalnuts,3416412
2026-07-02T03:07:26.652179,2026-07-02T03:07:26.663616+00:00,97.9,20,ask,YieldingYams,BrilliantBurritos,3416439
2026-07-02T03:07:27.808340,2026-07-02T03:07:27.812059+00:00,97.9,3,bid,Xuanyu Liu,WavyWalnuts,3416465
2026-07-02T03:07:28.655249,2026-07-02T03:07:28.658545+00:00,97.9,197,bid,YieldingYams,WavyWalnuts,3416483
2026-07-02T03:07:28.998637,2026-07-02T03:07:29.010144+00:00,97.9,200,ask,YieldingYams,WavyWalnuts,3416492
2026-07-02T03:07:29.980439,2026-07-02T03:07:29.984322+00:00,97.8,11,bid,Xuanyu Liu,YieldingYams,3416509
2026-07-02T03:07:29.984517,2026-07-02T03:07:29.999836+00:00,97.8,53,bid,Chester Au,YieldingYams,3416510
2026-07-02T03:07:31.419116,2026-07-02T03:07:31.426998+00:00,97.8,200,bid,WavyWalnuts,YieldingYams,3416542
2026-07-02T03:07:32.629763,2026-07-02T03:07:32.640265+00:00,97.7,200,ask,YieldingYams,WavyWalnuts,3416574
2026-07-02T03:07:33.354679,2026-07-02T03:07:33.363877+00:00,97.7,20,ask,YieldingYams,BrilliantBurritos,3416594
2026-07-02T03:07:33.933536,2026-07-02T03:07:33.946552+00:00,97.7,97,bid,Chester Au,YieldingYams,3416605
2026-07-02T03:07:34.880756,2026-07-02T03:07:34.887469+00:00,97.6,6,ask,Kelvin Chan,BrilliantBurritos,3416618
2026-07-02T03:07:34.880756,2026-07-02T03:07:34.892690+00:00,97.6,14,ask,WavyWalnuts,BrilliantBurritos,3416619
2026-07-02T03:07:36.251303,2026-07-02T03:07:36.258580+00:00,97.6,3,ask,Kelvin Chan,WavyWalnuts,3416649
2026-07-02T03:07:36.251303,2026-07-02T03:07:36.258580+00:00,97.6,197,ask,YieldingYams,WavyWalnuts,3416650
2026-07-02T03:07:37.459465,2026-07-02T03:07:37.466398+00:00,97.7,200,bid,WavyWalnuts,YieldingYams,3416667
2026-07-02T03:07:40.462314,2026-07-02T03:07:40.468972+00:00,97.7,200,ask,WavyWalnuts,YieldingYams,3416706
2026-07-02T03:07:40.482622,2026-07-02T03:07:40.486509+00:00,97.7,12,bid,Xuanyu Liu,YieldingYams,3416710
2026-07-02T03:07:41.657801,2026-07-02T03:07:41.669549+00:00,97.7,20,bid,BrilliantBurritos,YieldingYams,3416732
2026-07-02T03:07:43.292926,2026-07-02T03:07:43.304446+00:00,97.6,20,ask,WavyWalnuts,BrilliantBurritos,3416758
2026-07-02T03:07:50.175585,2026-07-02T03:07:50.182839+00:00,97.6,20,ask,WavyWalnuts,BrilliantBurritos,3416882
2026-07-02T03:07:50.477520,2026-07-02T03:07:50.488820+00:00,97.6,20,ask,WavyWalnuts,BrilliantBurritos,3416889
2026-07-02T03:07:50.941357,2026-07-02T03:07:50.948366+00:00,97.7,200,ask,WavyWalnuts,YieldingYams,3416896
2026-07-02T03:07:52.249653,2026-07-02T03:07:52.258254+00:00,97.6,200,ask,WavyWalnuts,YieldingYams,3416923
2026-07-02T03:07:52.249653,2026-07-02T03:07:52.258254+00:00,97.5,10,ask,Kelvin Chan,YieldingYams,3416924
2026-07-02T03:07:52.786274,2026-07-02T03:07:52.794822+00:00,97.4,10,ask,Kelvin Chan,BrilliantBurritos,3416936
2026-07-02T03:07:53.202830,2026-07-02T03:07:53.209967+00:00,97.5,200,bid,WavyWalnuts,YieldingYams,3416943
2026-07-02T03:07:53.555660,2026-07-02T03:07:53.558933+00:00,97.3,26,ask,AverageAlmonds,Xuanyu Liu,3416948
2026-07-02T03:07:53.570329,2026-07-02T03:07:53.579769+00:00,97.5,24,ask,YieldingYams,Chester Au,3416950
2026-07-02T03:07:54.265474,2026-07-02T03:07:54.269035+00:00,97.7,3,bid,Xuanyu Liu,WavyWalnuts,3416958
2026-07-02T03:07:54.413262,2026-07-02T03:07:54.424239+00:00,97.5,200,ask,YieldingYams,WavyWalnuts,3416964
2026-07-02T03:07:54.867191,2026-07-02T03:07:54.878749+00:00,97.5,8,ask,Kelvin Chan,YieldingYams,3416977
2026-07-02T03:07:55.402863,2026-07-02T03:07:55.414478+00:00,97.5,20,bid,BrilliantBurritos,YieldingYams,3416986
2026-07-02T03:07:55.694211,2026-07-02T03:07:55.697751+00:00,97.5,5,bid,Chester Au,YieldingYams,3416990
2026-07-02T03:07:55.696940,2026-07-02T03:07:55.713414+00:00,97.5,5,bid,Xuanyu Liu,YieldingYams,3416991
2026-07-02T03:07:58.047662,2026-07-02T03:07:58.058584+00:00,97.6,200,bid,WavyWalnuts,YieldingYams,3417045
2026-07-02T03:07:58.280853,2026-07-02T03:07:58.292730+00:00,97.4,3,ask,Kelvin Chan,BrilliantBurritos,3417049
2026-07-02T03:07:58.280853,2026-07-02T03:07:58.292730+00:00,97.4,17,ask,YieldingYams,BrilliantBurritos,3417050
2026-07-02T03:07:59.894755,2026-07-02T03:07:59.899052+00:00,97.6,8,ask,WavyWalnuts,Xuanyu Liu,3417093
2026-07-02T03:08:01.180430,2026-07-02T03:08:01.192037+00:00,97.7,20,bid,BrilliantBurritos,YieldingYams,3417120
2026-07-02T03:08:04.139053,2026-07-02T03:08:04.148618+00:00,97.6,20,bid,BrilliantBurritos,WavyWalnuts,3417181
2026-07-02T03:08:05.345599,2026-07-02T03:08:05.352463+00:00,97.7,200,bid,YieldingYams,WavyWalnuts,3417203
2026-07-02T03:08:07.078700,2026-07-02T03:08:07.090120+00:00,97.7,500,ask,YieldingYams,AverageAlmonds,3417230
2026-07-02T03:08:07.674103,2026-07-02T03:08:07.681554+00:00,97.7,125,ask,YieldingYams,AverageAlmonds,3417243
2026-07-02T03:08:07.961800,2026-07-02T03:08:07.969880+00:00,97.6,200,ask,WavyWalnuts,YieldingYams,3417246
2026-07-02T03:08:07.961800,2026-07-02T03:08:07.969880+00:00,97.4,3,ask,Kelvin Chan,YieldingYams,3417247
2026-07-02T03:08:07.981662,2026-07-02T03:08:07.984786+00:00,97.4,3,bid,Xuanyu Liu,YieldingYams,3417250
2026-07-02T03:08:08.944480,2026-07-02T03:08:08.958613+00:00,97.4,200,bid,WavyWalnuts,YieldingYams,3417282
2026-07-02T03:08:10.578309,2026-07-02T03:08:10.585676+00:00,97.6,500,bid,YieldingYams,AverageAlmonds,3417327
2026-07-02T03:08:10.602094,2026-07-02T03:08:10.605905+00:00,97.6,3,ask,YieldingYams,Xuanyu Liu,3417329
2026-07-02T03:08:11.325117,2026-07-02T03:08:11.331900+00:00,97.6,122,ask,YieldingYams,AverageAlmonds,3417351
2026-07-02T03:08:11.365798,2026-07-02T03:08:11.374335+00:00,97.6,200,bid,WavyWalnuts,AverageAlmonds,3417353
2026-07-02T03:08:12.576154,2026-07-02T03:08:12.583258+00:00,97.4,200,bid,WavyWalnuts,YieldingYams,3417376
2026-07-02T03:08:13.792412,2026-07-02T03:08:13.800522+00:00,97.4,200,bid,WavyWalnuts,YieldingYams,3417410
2026-07-02T03:08:15.004061,2026-07-02T03:08:15.014509+00:00,97.5,200,bid,WavyWalnuts,YieldingYams,3417436
2026-07-02T03:08:16.212895,2026-07-02T03:08:16.220658+00:00,97.5,200,ask,YieldingYams,WavyWalnuts,3417456
2026-07-02T03:08:16.740592,2026-07-02T03:08:16.748060+00:00,97.5,20,ask,YieldingYams,BrilliantBurritos,3417466
2026-07-02T03:08:22.367561,2026-07-02T03:08:22.374370+00:00,97.3,500,ask,AverageAlmonds,YieldingYams,3417596
2026-07-02T03:08:22.367561,2026-07-02T03:08:22.379560+00:00,97.2,125,ask,WavyWalnuts,YieldingYams,3417597
2026-07-02T03:08:23.478105,2026-07-02T03:08:23.486791+00:00,97.2,200,ask,AverageAlmonds,WavyWalnuts,3417614
2026-07-02T03:08:24.713480,2026-07-02T03:08:24.722389+00:00,97.5,200,ask,YieldingYams,WavyWalnuts,3417640
2026-07-02T03:08:28.102656,2026-07-02T03:08:28.114144+00:00,97.3,20,ask,AverageAlmonds,BrilliantBurritos,3417720
2026-07-02T03:08:28.874169,2026-07-02T03:08:28.883152+00:00,97.4,500,bid,AverageAlmonds,YieldingYams,3417733
2026-07-02T03:08:28.917316,2026-07-02T03:08:28.924761+00:00,97.4,200,bid,YieldingYams,WavyWalnuts,3417735
2026-07-02T03:08:28.917316,2026-07-02T03:08:28.924761+00:00,97.6,9,bid,YieldingYams,Kelvin Chan,3417736
2026-07-02T03:08:29.554056,2026-07-02T03:08:29.556253+00:00,97.6,200,ask,YieldingYams,WavyWalnuts,3417753
2026-07-02T03:08:30.383170,2026-07-02T03:08:30.394485+00:00,97.4,20,ask,WavyWalnuts,BrilliantBurritos,3417775
2026-07-02T03:08:31.464455,2026-07-02T03:08:31.468395+00:00,97.5,3,bid,Xuanyu Liu,YieldingYams,3417801
2026-07-02T03:08:31.772337,2026-07-02T03:08:31.784038+00:00,97.4,20,ask,WavyWalnuts,BrilliantBurritos,3417802
2026-07-02T03:08:32.843948,2026-07-02T03:08:32.854352+00:00,97.4,500,ask,AverageAlmonds,YieldingYams,3417836
2026-07-02T03:08:32.855836,2026-07-02T03:08:32.854352+00:00,97.4,19,bid,Chester Au,YieldingYams,3417837
2026-07-02T03:08:32.865126,2026-07-02T03:08:32.869024+00:00,97.4,11,bid,Xuanyu Liu,YieldingYams,3417839
2026-07-02T03:08:34.152954,2026-07-02T03:08:34.158561+00:00,97.4,200,bid,YieldingYams,WavyWalnuts,3417859
2026-07-02T03:08:34.152954,2026-07-02T03:08:34.158561+00:00,97.6,6,bid,YieldingYams,Kelvin Chan,3417860
2026-07-02T03:08:37.686697,2026-07-02T03:08:37.696721+00:00,97.5,20,bid,BrilliantBurritos,YieldingYams,3417915
2026-07-02T03:08:39.399406,2026-07-02T03:08:39.402769+00:00,97.5,11,ask,YieldingYams,Xuanyu Liu,3417942
2026-07-02T03:08:41.642779,2026-07-02T03:08:41.653743+00:00,97.5,200,ask,YieldingYams,WavyWalnuts,3417981
2026-07-02T03:08:44.057709,2026-07-02T03:08:44.069066+00:00,97.5,200,bid,WavyWalnuts,YieldingYams,3418028
2026-07-02T03:08:45.266974,2026-07-02T03:08:45.271121+00:00,97.4,3,ask,AverageAlmonds,Xuanyu Liu,3418050
2026-07-02T03:08:46.496072,2026-07-02T03:08:46.502214+00:00,97.4,200,ask,YieldingYams,WavyWalnuts,3418070
2026-07-02T03:08:47.275324,2026-07-02T03:08:47.282674+00:00,97.4,500,ask,AverageAlmonds,YieldingYams,3418087
2026-07-02T03:08:47.293433,2026-07-02T03:08:47.297050+00:00,97.4,3,bid,Xuanyu Liu,YieldingYams,3418089
2026-07-02T03:08:47.641352,2026-07-02T03:08:47.649689+00:00,97.4,122,bid,AverageAlmonds,YieldingYams,3418094
2026-07-02T03:08:50.500485,2026-07-02T03:08:50.503899+00:00,97.5,3,ask,YieldingYams,Xuanyu Liu,3418158
2026-07-02T03:08:51.323301,2026-07-02T03:08:51.334477+00:00,97.7,2,bid,WavyWalnuts,Kelvin Chan,3418176
2026-07-02T03:08:51.338223,2026-07-02T03:08:51.344669+00:00,97.7,147,ask,WavyWalnuts,Chester Au,3418178
2026-07-02T03:08:54.847929,2026-07-02T03:08:54.859749+00:00,97.6,20,ask,WavyWalnuts,BrilliantBurritos,3418253
2026-07-02T03:08:54.950377,2026-07-02T03:08:54.958804+00:00,97.8,3,bid,WavyWalnuts,Kelvin Chan,3418256
2026-07-02T03:08:54.950377,2026-07-02T03:08:54.958804+00:00,97.8,197,bid,WavyWalnuts,YieldingYams,3418257
2026-07-02T03:08:57.366504,2026-07-02T03:08:57.374233+00:00,97.7,200,ask,YieldingYams,WavyWalnuts,3418300
2026-07-02T03:08:59.789502,2026-07-02T03:08:59.796083+00:00,97.8,200,ask,AverageAlmonds,WavyWalnuts,3418359
2026-07-02T03:09:01.692969,2026-07-02T03:09:01.701520+00:00,97.8,200,ask,WavyWalnuts,YieldingYams,3418391
2026-07-02T03:09:02.206313,2026-07-02T03:09:02.217416+00:00,97.8,200,bid,WavyWalnuts,YieldingYams,3418410
2026-07-02T03:09:03.416372,2026-07-02T03:09:03.423775+00:00,97.8,6,bid,WavyWalnuts,Kelvin Chan,3418431
2026-07-02T03:09:04.625887,2026-07-02T03:09:04.632532+00:00,97.9,2,bid,WavyWalnuts,Kelvin Chan,3418475
2026-07-02T03:09:04.625887,2026-07-02T03:09:04.637570+00:00,98.0,198,bid,WavyWalnuts,YieldingYams,3418476
2026-07-02T03:09:05.840034,2026-07-02T03:09:05.846540+00:00,97.9,2,bid,WavyWalnuts,Kelvin Chan,3418511
2026-07-02T03:09:06.971025,2026-07-02T03:09:06.977937+00:00,98.0,1,bid,BrilliantBurritos,Kelvin Chan,3418537
2026-07-02T03:09:06.971025,2026-07-02T03:09:06.982901+00:00,98.0,19,bid,BrilliantBurritos,YieldingYams,3418538
2026-07-02T03:09:07.047585,2026-07-02T03:09:07.058562+00:00,98.0,200,bid,WavyWalnuts,YieldingYams,3418542
2026-07-02T03:09:08.246254,2026-07-02T03:09:08.252361+00:00,98.1,3,ask,YieldingYams,Chester Au,3418562
2026-07-02T03:09:08.256814,2026-07-02T03:09:08.252361+00:00,98.1,200,ask,YieldingYams,WavyWalnuts,3418563
2026-07-02T03:09:10.851368,2026-07-02T03:09:10.852072+00:00,98.1,200,ask,WavyWalnuts,YieldingYams,3418621
2026-07-02T03:09:10.869998,2026-07-02T03:09:10.873934+00:00,98.0,14,bid,Xuanyu Liu,YieldingYams,3418625
2026-07-02T03:09:10.876344,2026-07-02T03:09:10.889489+00:00,98.0,150,bid,Chester Au,YieldingYams,3418626
2026-07-02T03:09:11.891961,2026-07-02T03:09:11.898833+00:00,98.0,200,bid,WavyWalnuts,YieldingYams,3418643
2026-07-02T03:09:13.100450,2026-07-02T03:09:13.116086+00:00,98.1,200,bid,WavyWalnuts,YieldingYams,3418661
2026-07-02T03:09:13.482981,2026-07-02T03:09:13.486473+00:00,98.1,11,ask,YieldingYams,Xuanyu Liu,3418670
2026-07-02T03:09:13.790557,2026-07-02T03:09:13.798613+00:00,98.1,20,ask,YieldingYams,BrilliantBurritos,3418687
2026-07-02T03:09:14.772392,2026-07-02T03:09:14.782418+00:00,98.2,1,bid,YieldingYams,Kelvin Chan,3418709
2026-07-02T03:09:14.772392,2026-07-02T03:09:14.782418+00:00,98.2,500,bid,YieldingYams,AverageAlmonds,3418710
2026-07-02T03:09:14.772392,2026-07-02T03:09:14.782418+00:00,98.2,124,bid,YieldingYams,WavyWalnuts,3418711
2026-07-02T03:09:15.538291,2026-07-02T03:09:15.544708+00:00,98.1,1,bid,WavyWalnuts,Kelvin Chan,3418724
2026-07-02T03:09:15.538291,2026-07-02T03:09:15.550136+00:00,98.1,199,bid,WavyWalnuts,AverageAlmonds,3418725
2026-07-02T03:09:16.120663,2026-07-02T03:09:16.123890+00:00,98.0,3,ask,YieldingYams,Xuanyu Liu,3418741
2026-07-02T03:09:17.966927,2026-07-02T03:09:17.976561+00:00,98.1,1,bid,WavyWalnuts,Kelvin Chan,3418775
2026-07-02T03:09:20.400393,2026-07-02T03:09:20.411499+00:00,98.2,6,bid,WavyWalnuts,Kelvin Chan,3418826
2026-07-02T03:09:20.400393,2026-07-02T03:09:20.411499+00:00,98.2,194,bid,WavyWalnuts,YieldingYams,3418827
2026-07-02T03:09:22.624999,2026-07-02T03:09:22.635647+00:00,98.4,200,bid,YieldingYams,WavyWalnuts,3418885
2026-07-02T03:09:22.624999,2026-07-02T03:09:22.635647+00:00,98.4,10,bid,YieldingYams,Kelvin Chan,3418886
2026-07-02T03:09:22.624999,2026-07-02T03:09:22.635647+00:00,98.4,415,bid,YieldingYams,AverageAlmonds,3418887
2026-07-02T03:09:22.819618,2026-07-02T03:09:22.827421+00:00,98.4,200,bid,WavyWalnuts,AverageAlmonds,3418890
2026-07-02T03:09:24.029348,2026-07-02T03:09:24.037676+00:00,98.1,200,bid,WavyWalnuts,YieldingYams,3418912
2026-07-02T03:09:25.238001,2026-07-02T03:09:25.245775+00:00,98.1,200,bid,WavyWalnuts,YieldingYams,3418942
2026-07-02T03:09:26.448147,2026-07-02T03:09:26.458566+00:00,98.2,9,bid,WavyWalnuts,Kelvin Chan,3418968
2026-07-02T03:09:26.448147,2026-07-02T03:09:26.458566+00:00,98.2,191,bid,WavyWalnuts,YieldingYams,3418969
2026-07-02T03:09:30.076875,2026-07-02T03:09:30.087346+00:00,98.3,200,bid,WavyWalnuts,YieldingYams,3419057
2026-07-02T03:09:31.285088,2026-07-02T03:09:31.288317+00:00,98.3,200,ask,YieldingYams,WavyWalnuts,3419074
2026-07-02T03:09:31.801397,2026-07-02T03:09:31.809878+00:00,98.4,3,bid,YieldingYams,Kelvin Chan,3419082
2026-07-02T03:09:33.047734,2026-07-02T03:09:33.058575+00:00,98.4,500,ask,YieldingYams,AverageAlmonds,3419100
2026-07-02T03:09:33.121696,2026-07-02T03:09:33.132171+00:00,98.3,200,ask,WavyWalnuts,YieldingYams,3419103
2026-07-02T03:09:33.696531,2026-07-02T03:09:33.706304+00:00,98.3,200,bid,WavyWalnuts,YieldingYams,3419116
2026-07-02T03:09:34.908983,2026-07-02T03:09:34.918605+00:00,98.3,200,ask,YieldingYams,WavyWalnuts,3419140
2026-07-02T03:09:36.115430,2026-07-02T03:09:36.124868+00:00,98.3,200,ask,YieldingYams,WavyWalnuts,3419155
2026-07-02T03:09:37.322808,2026-07-02T03:09:37.330987+00:00,98.2,200,ask,YieldingYams,WavyWalnuts,3419184
2026-07-02T03:09:38.532721,2026-07-02T03:09:38.544257+00:00,98.3,200,bid,WavyWalnuts,YieldingYams,3419211
2026-07-02T03:09:39.353377,2026-07-02T03:09:39.358685+00:00,98.3,20,bid,BrilliantBurritos,YieldingYams,3419229
2026-07-02T03:09:40.953181,2026-07-02T03:09:40.958578+00:00,98.4,1,bid,WavyWalnuts,Kelvin Chan,3419254
2026-07-02T03:09:40.961566,2026-07-02T03:09:40.968903+00:00,98.4,199,ask,WavyWalnuts,Chester Au,3419255
2026-07-02T03:09:41.082798,2026-07-02T03:09:41.090717+00:00,98.4,1,ask,YieldingYams,Chester Au,3419262
2026-07-02T03:09:44.902651,2026-07-02T03:09:44.913912+00:00,98.4,200,bid,YieldingYams,WavyWalnuts,3419333
2026-07-02T03:09:44.920051,2026-07-02T03:09:44.923811+00:00,98.4,3,ask,YieldingYams,Xuanyu Liu,3419335
2026-07-02T03:09:45.797205,2026-07-02T03:09:45.807162+00:00,98.4,200,ask,YieldingYams,WavyWalnuts,3419350
2026-07-02T03:09:47.002476,2026-07-02T03:09:47.009979+00:00,98.4,200,bid,WavyWalnuts,YieldingYams,3419365
2026-07-02T03:09:47.359176,2026-07-02T03:09:47.362690+00:00,98.4,3,bid,Xuanyu Liu,YieldingYams,3419378
2026-07-02T03:09:48.196704,2026-07-02T03:09:48.206856+00:00,98.5,20,bid,BrilliantBurritos,YieldingYams,3419389
2026-07-02T03:09:48.829109,2026-07-02T03:09:48.837867+00:00,98.4,200,bid,YieldingYams,WavyWalnuts,3419409
2026-07-02T03:09:48.845837,2026-07-02T03:09:48.849277+00:00,98.6,3,ask,YieldingYams,Xuanyu Liu,3419411
2026-07-02T03:09:50.151741,2026-07-02T03:09:50.157737+00:00,98.5,200,ask,WavyWalnuts,YieldingYams,3419433
2026-07-02T03:09:50.565929,2026-07-02T03:09:50.569849+00:00,98.5,3,bid,Xuanyu Liu,YieldingYams,3419444
2026-07-02T03:09:52.768100,2026-07-02T03:09:52.774614+00:00,98.5,200,bid,YieldingYams,WavyWalnuts,3419494
2026-07-02T03:09:54.084156,2026-07-02T03:09:54.091775+00:00,98.5,200,ask,WavyWalnuts,YieldingYams,3419522
2026-07-02T03:09:56.895956,2026-07-02T03:09:56.899661+00:00,98.3,14,ask,WavyWalnuts,Xuanyu Liu,3419583
2026-07-02T03:09:59.322434,2026-07-02T03:09:59.331430+00:00,98.3,200,ask,WavyWalnuts,YieldingYams,3419616
2026-07-02T03:10:00.631371,2026-07-02T03:10:00.638000+00:00,98.3,200,bid,YieldingYams,WavyWalnuts,3419634
2026-07-02T03:10:01.550686,2026-07-02T03:10:01.564205+00:00,98.4,200,ask,YieldingYams,WavyWalnuts,3419667
2026-07-02T03:10:04.562769,2026-07-02T03:10:04.574380+00:00,98.2,3,ask,Kelvin Chan,YieldingYams,3419712
2026-07-02T03:10:05.741809,2026-07-02T03:10:05.753113+00:00,98.2,500,bid,AverageAlmonds,YieldingYams,3419738
2026-07-02T03:10:07.177744,2026-07-02T03:10:07.195749+00:00,98.3,200,bid,YieldingYams,WavyWalnuts,3419766
2026-07-02T03:10:07.192166,2026-07-02T03:10:07.195749+00:00,98.4,1,ask,YieldingYams,Xuanyu Liu,3419769
2026-07-02T03:10:08.503054,2026-07-02T03:10:08.506508+00:00,98.4,1,bid,Xuanyu Liu,YieldingYams,3419785
2026-07-02T03:10:08.819493,2026-07-02T03:10:08.828761+00:00,98.4,200,bid,WavyWalnuts,YieldingYams,3419786
2026-07-02T03:10:12.706339,2026-07-02T03:10:12.710026+00:00,98.6,3,bid,Xuanyu Liu,Kelvin Chan,3419854
2026-07-02T03:10:12.715957,2026-07-02T03:10:12.720077+00:00,98.7,8,bid,Xuanyu Liu,YieldingYams,3419856
2026-07-02T03:10:13.054906,2026-07-02T03:10:13.058620+00:00,98.6,3,bid,Xuanyu Liu,Kelvin Chan,3419862
2026-07-02T03:10:17.299292,2026-07-02T03:10:17.310577+00:00,98.5,200,ask,YieldingYams,WavyWalnuts,3419942
2026-07-02T03:10:22.132788,2026-07-02T03:10:22.140003+00:00,98.3,200,ask,YieldingYams,WavyWalnuts,3420035
2026-07-02T03:10:23.349738,2026-07-02T03:10:23.353508+00:00,98.3,200,ask,YieldingYams,WavyWalnuts,3420054
2026-07-02T03:10:26.833893,2026-07-02T03:10:26.843408+00:00,98.4,200,bid,YieldingYams,WavyWalnuts,3420113
2026-07-02T03:10:26.849465,2026-07-02T03:10:26.852973+00:00,98.5,14,ask,YieldingYams,Xuanyu Liu,3420115
2026-07-02T03:10:29.479719,2026-07-02T03:10:29.491353+00:00,98.5,200,ask,WavyWalnuts,YieldingYams,3420165
2026-07-02T03:10:33.625000,2026-07-02T03:10:33.632383+00:00,98.5,20,bid,BrilliantBurritos,YieldingYams,3420232
2026-07-02T03:10:34.247697,2026-07-02T03:10:34.251340+00:00,98.5,200,bid,WavyWalnuts,YieldingYams,3420248
2026-07-02T03:10:35.458961,2026-07-02T03:10:35.469139+00:00,98.4,200,ask,YieldingYams,WavyWalnuts,3420275
2026-07-02T03:10:37.220504,2026-07-02T03:10:37.229469+00:00,98.5,200,bid,AverageAlmonds,WavyWalnuts,3420309
2026-07-02T03:10:37.874929,2026-07-02T03:10:37.884913+00:00,98.5,200,ask,YieldingYams,WavyWalnuts,3420321
2026-07-02T03:10:39.080341,2026-07-02T03:10:39.090952+00:00,98.5,200,bid,WavyWalnuts,YieldingYams,3420345
2026-07-02T03:10:40.015344,2026-07-02T03:10:40.026952+00:00,98.4,20,ask,AverageAlmonds,BrilliantBurritos,3420378
2026-07-02T03:10:40.859870,2026-07-02T03:10:40.868657+00:00,98.5,200,bid,AverageAlmonds,WavyWalnuts,3420391
2026-07-02T03:10:41.271463,2026-07-02T03:10:41.276824+00:00,98.5,300,ask,AverageAlmonds,YieldingYams,3420397
2026-07-02T03:10:42.118328,2026-07-02T03:10:42.129676+00:00,98.4,20,ask,AverageAlmonds,BrilliantBurritos,3420417
2026-07-02T03:10:43.923748,2026-07-02T03:10:43.934758+00:00,98.5,200,ask,YieldingYams,WavyWalnuts,3420441
2026-07-02T03:10:46.376617,2026-07-02T03:10:46.385589+00:00,98.6,1,bid,WavyWalnuts,Kelvin Chan,3420485
2026-07-02T03:10:46.376617,2026-07-02T03:10:46.385589+00:00,98.6,199,bid,WavyWalnuts,YieldingYams,3420486
2026-07-02T03:10:48.801104,2026-07-02T03:10:48.810428+00:00,98.5,200,bid,WavyWalnuts,YieldingYams,3420547
2026-07-02T03:10:51.033964,2026-07-02T03:10:51.045049+00:00,98.5,20,bid,BrilliantBurritos,WavyWalnuts,3420590
2026-07-02T03:10:51.796159,2026-07-02T03:10:51.804359+00:00,98.5,200,bid,YieldingYams,WavyWalnuts,3420609
2026-07-02T03:10:53.647644,2026-07-02T03:10:53.656898+00:00,98.5,200,ask,YieldingYams,WavyWalnuts,3420638
2026-07-02T03:10:54.433272,2026-07-02T03:10:54.437144+00:00,98.4,14,bid,Xuanyu Liu,YieldingYams,3420655
2026-07-02T03:10:56.066148,2026-07-02T03:10:56.076722+00:00,98.4,200,bid,WavyWalnuts,YieldingYams,3420691
2026-07-02T03:10:57.921502,2026-07-02T03:10:57.933221+00:00,98.3,2,ask,Kelvin Chan,BrilliantBurritos,3420730
2026-07-02T03:10:57.921502,2026-07-02T03:10:57.933221+00:00,98.3,18,ask,YieldingYams,BrilliantBurritos,3420731
2026-07-02T03:10:58.332448,2026-07-02T03:10:58.342125+00:00,98.5,20,bid,BrilliantBurritos,YieldingYams,3420738
2026-07-02T03:10:58.344750,2026-07-02T03:10:58.358614+00:00,98.5,200,bid,YieldingYams,WavyWalnuts,3420739
2026-07-02T03:10:58.482943,2026-07-02T03:10:58.493036+00:00,98.6,200,ask,YieldingYams,WavyWalnuts,3420744
2026-07-02T03:10:59.044511,2026-07-02T03:10:59.055241+00:00,98.6,225,ask,YieldingYams,AverageAlmonds,3420751
2026-07-02T03:10:59.689304,2026-07-02T03:10:59.699053+00:00,98.3,200,bid,WavyWalnuts,YieldingYams,3420763
2026-07-02T03:11:00.901964,2026-07-02T03:11:00.910447+00:00,98.3,200,bid,WavyWalnuts,YieldingYams,3420799
2026-07-02T03:11:02.112801,2026-07-02T03:11:02.121579+00:00,98.4,200,ask,YieldingYams,WavyWalnuts,3420814
2026-07-02T03:11:03.305913,2026-07-02T03:11:03.320145+00:00,98.5,99,bid,Chester Au,YieldingYams,3420850
2026-07-02T03:11:03.316235,2026-07-02T03:11:03.320145+00:00,98.5,3,bid,Xuanyu Liu,YieldingYams,3420852
2026-07-02T03:11:03.330410,2026-07-02T03:11:03.340659+00:00,98.3,200,ask,YieldingYams,WavyWalnuts,3420854
2026-07-02T03:11:06.199548,2026-07-02T03:11:06.208324+00:00,98.5,200,bid,YieldingYams,WavyWalnuts,3420922
2026-07-02T03:11:06.961152,2026-07-02T03:11:06.969721+00:00,98.5,200,ask,YieldingYams,WavyWalnuts,3420932
2026-07-02T03:11:11.158375,2026-07-02T03:11:11.169591+00:00,98.5,500,ask,YieldingYams,AverageAlmonds,3421025
2026-07-02T03:11:12.783150,2026-07-02T03:11:12.790238+00:00,98.4,200,ask,WavyWalnuts,YieldingYams,3421053
2026-07-02T03:11:13.043529,2026-07-02T03:11:13.053524+00:00,98.4,200,bid,WavyWalnuts,YieldingYams,3421060
2026-07-02T03:11:14.091028,2026-07-02T03:11:14.100795+00:00,98.4,500,bid,YieldingYams,AverageAlmonds,3421071
2026-07-02T03:11:15.375067,2026-07-02T03:11:15.382547+00:00,98.4,125,ask,YieldingYams,AverageAlmonds,3421089
2026-07-02T03:11:15.375067,2026-07-02T03:11:15.387773+00:00,98.4,200,ask,WavyWalnuts,AverageAlmonds,3421090
2026-07-02T03:11:17.698762,2026-07-02T03:11:17.712827+00:00,98.4,20,bid,BrilliantBurritos,YieldingYams,3421124
2026-07-02T03:11:19.618360,2026-07-02T03:11:19.625646+00:00,98.3,200,ask,WavyWalnuts,AverageAlmonds,3421145
2026-07-02T03:11:19.635334,2026-07-02T03:11:19.641748+00:00,98.3,101,bid,Chester Au,AverageAlmonds,3421148
2026-07-02T03:11:19.638552,2026-07-02T03:11:19.641748+00:00,98.3,11,bid,Xuanyu Liu,AverageAlmonds,3421149
2026-07-02T03:11:20.631380,2026-07-02T03:11:20.639724+00:00,98.3,500,bid,YieldingYams,AverageAlmonds,3421160
2026-07-02T03:11:20.816746,2026-07-02T03:11:20.825356+00:00,98.3,125,ask,YieldingYams,AverageAlmonds,3421162
2026-07-02T03:11:22.029146,2026-07-02T03:11:22.037731+00:00,98.2,200,ask,WavyWalnuts,AverageAlmonds,3421189
2026-07-02T03:11:22.337075,2026-07-02T03:11:22.341952+00:00,98.1,1,ask,Kelvin Chan,Xuanyu Liu,3421196
2026-07-02T03:11:22.337075,2026-07-02T03:11:22.341952+00:00,98.1,10,ask,YieldingYams,Xuanyu Liu,3421197
2026-07-02T03:11:24.593656,2026-07-02T03:11:24.600838+00:00,98.2,500,bid,YieldingYams,AverageAlmonds,3421238
2026-07-02T03:11:25.061941,2026-07-02T03:11:25.068974+00:00,98.2,125,ask,YieldingYams,AverageAlmonds,3421243
2026-07-02T03:11:25.092404,2026-07-02T03:11:25.096067+00:00,98.2,1,bid,Xuanyu Liu,AverageAlmonds,3421245
2026-07-02T03:11:25.150729,2026-07-02T03:11:25.160494+00:00,98.2,200,bid,WavyWalnuts,AverageAlmonds,3421248
2026-07-02T03:11:25.673725,2026-07-02T03:11:25.680568+00:00,98.1,1,ask,Kelvin Chan,AverageAlmonds,3421263
2026-07-02T03:11:25.692691,2026-07-02T03:11:25.696511+00:00,98.1,10,bid,Xuanyu Liu,AverageAlmonds,3421265
2026-07-02T03:11:25.916407,2026-07-02T03:11:25.920581+00:00,97.9,23,bid,Xuanyu Liu,YieldingYams,3421269
2026-07-02T03:11:26.362229,2026-07-02T03:11:26.371394+00:00,97.9,200,bid,WavyWalnuts,YieldingYams,3421276
2026-07-02T03:11:27.571469,2026-07-02T03:11:27.581138+00:00,98.0,200,bid,WavyWalnuts,YieldingYams,3421305
2026-07-02T03:11:28.529241,2026-07-02T03:11:28.532363+00:00,98.0,11,ask,YieldingYams,Xuanyu Liu,3421324
2026-07-02T03:11:28.659534,2026-07-02T03:11:28.663807+00:00,98.0,12,ask,YieldingYams,Xuanyu Liu,3421329
2026-07-02T03:11:33.764247,2026-07-02T03:11:33.770990+00:00,98.2,200,bid,YieldingYams,WavyWalnuts,3421414
2026-07-02T03:11:34.978507,2026-07-02T03:11:34.984116+00:00,98.4,7,bid,Xuanyu Liu,Kelvin Chan,3421444
2026-07-02T03:11:34.978507,2026-07-02T03:11:34.984116+00:00,98.4,16,bid,Xuanyu Liu,YieldingYams,3421445
2026-07-02T03:11:35.074603,2026-07-02T03:11:35.085488+00:00,98.2,200,ask,WavyWalnuts,YieldingYams,3421446
2026-07-02T03:11:35.091496,2026-07-02T03:11:35.095018+00:00,98.1,34,bid,Xuanyu Liu,YieldingYams,3421448
2026-07-02T03:11:36.024289,2026-07-02T03:11:36.035486+00:00,98.1,200,bid,WavyWalnuts,YieldingYams,3421474
2026-07-02T03:11:39.001935,2026-07-02T03:11:39.013160+00:00,98.2,200,ask,WavyWalnuts,YieldingYams,3421527
2026-07-02T03:11:39.644708,2026-07-02T03:11:39.654851+00:00,98.1,200,bid,WavyWalnuts,YieldingYams,3421541
2026-07-02T03:11:42.057577,2026-07-02T03:11:42.064064+00:00,98.2,200,bid,WavyWalnuts,AverageAlmonds,3421582
2026-07-02T03:11:45.121720,2026-07-02T03:11:45.133278+00:00,98.1,20,ask,WavyWalnuts,BrilliantBurritos,3421645
2026-07-02T03:11:45.570163,2026-07-02T03:11:45.576935+00:00,98.1,180,ask,WavyWalnuts,YieldingYams,3421650
2026-07-02T03:11:47.624048,2026-07-02T03:11:47.628899+00:00,98.0,1,ask,Kelvin Chan,Xuanyu Liu,3421698
2026-07-02T03:11:47.624048,2026-07-02T03:11:47.628899+00:00,98.0,21,ask,WavyWalnuts,Xuanyu Liu,3421699
2026-07-02T03:11:49.521579,2026-07-02T03:11:49.531838+00:00,98.2,200,bid,YieldingYams,WavyWalnuts,3421750
2026-07-02T03:11:49.538363,2026-07-02T03:11:49.542367+00:00,98.2,23,ask,YieldingYams,Xuanyu Liu,3421752
2026-07-02T03:11:49.889583,2026-07-02T03:11:49.896528+00:00,98.2,402,ask,YieldingYams,AverageAlmonds,3421758
2026-07-02T03:11:53.943445,2026-07-02T03:11:53.947295+00:00,98.2,12,ask,YieldingYams,Xuanyu Liu,3421835
2026-07-02T03:11:57.380733,2026-07-02T03:11:57.389248+00:00,98.3,1,bid,YieldingYams,Kelvin Chan,3421892
2026-07-02T03:11:57.380733,2026-07-02T03:11:57.389248+00:00,98.3,200,bid,YieldingYams,WavyWalnuts,3421893
2026-07-02T03:11:58.365326,2026-07-02T03:11:58.374744+00:00,98.3,424,ask,YieldingYams,AverageAlmonds,3421911
2026-07-02T03:11:58.365326,2026-07-02T03:11:58.374744+00:00,98.3,76,ask,WavyWalnuts,AverageAlmonds,3421912
2026-07-02T03:11:58.989532,2026-07-02T03:11:58.996959+00:00,98.3,124,ask,WavyWalnuts,AverageAlmonds,3421931
2026-07-02T03:11:59.026327,2026-07-02T03:11:59.035282+00:00,98.3,200,bid,WavyWalnuts,AverageAlmonds,3421932
2026-07-02T03:12:00.234214,2026-07-02T03:12:00.245379+00:00,98.2,200,bid,WavyWalnuts,YieldingYams,3421950
2026-07-02T03:12:01.565590,2026-07-02T03:12:01.569393+00:00,98.3,11,ask,WavyWalnuts,Xuanyu Liu,3421979
2026-07-02T03:12:02.635657,2026-07-02T03:12:02.646402+00:00,98.3,189,ask,WavyWalnuts,YieldingYams,3421992
2026-07-02T03:12:03.057095,2026-07-02T03:12:03.065039+00:00,98.2,20,ask,YieldingYams,BrilliantBurritos,3422001
2026-07-02T03:12:03.863311,2026-07-02T03:12:03.874303+00:00,98.2,200,ask,YieldingYams,WavyWalnuts,3422013
2026-07-02T03:12:06.564298,2026-07-02T03:12:06.571080+00:00,98.4,6,bid,YieldingYams,Kelvin Chan,3422061
2026-07-02T03:12:06.564298,2026-07-02T03:12:06.576444+00:00,98.4,500,bid,YieldingYams,AverageAlmonds,3422062
2026-07-02T03:12:06.583279,2026-07-02T03:12:06.586814+00:00,98.4,3,ask,YieldingYams,Xuanyu Liu,3422065
2026-07-02T03:12:06.851788,2026-07-02T03:12:06.858973+00:00,98.4,116,ask,YieldingYams,AverageAlmonds,3422068
2026-07-02T03:12:09.923628,2026-07-02T03:12:09.934689+00:00,98.3,200,bid,WavyWalnuts,YieldingYams,3422127
2026-07-02T03:12:14.775897,2026-07-02T03:12:14.786230+00:00,98.3,200,bid,WavyWalnuts,YieldingYams,3422245
2026-07-02T03:12:15.991288,2026-07-02T03:12:16.001327+00:00,98.3,200,ask,YieldingYams,WavyWalnuts,3422269
2026-07-02T03:12:18.371113,2026-07-02T03:12:18.379713+00:00,98.2,200,bid,YieldingYams,WavyWalnuts,3422327
2026-07-02T03:12:18.434535,2026-07-02T03:12:18.446173+00:00,98.2,20,ask,YieldingYams,BrilliantBurritos,3422331
2026-07-02T03:12:19.256821,2026-07-02T03:12:19.260780+00:00,98.2,3,ask,YieldingYams,Xuanyu Liu,3422349
2026-07-02T03:12:19.260603,2026-07-02T03:12:19.276401+00:00,98.2,150,ask,YieldingYams,Chester Au,3422350
2026-07-02T03:12:19.682841,2026-07-02T03:12:19.689099+00:00,98.2,200,ask,WavyWalnuts,YieldingYams,3422357
2026-07-02T03:12:19.682841,2026-07-02T03:12:19.694583+00:00,98.1,425,ask,AverageAlmonds,YieldingYams,3422358
2026-07-02T03:12:21.005709,2026-07-02T03:12:21.015435+00:00,98.2,50,ask,YieldingYams,Chester Au,3422399
2026-07-02T03:12:22.023915,2026-07-02T03:12:22.030917+00:00,98.2,200,ask,YieldingYams,WavyWalnuts,3422421
2026-07-02T03:12:23.608720,2026-07-02T03:12:23.621718+00:00,98.3,200,bid,YieldingYams,WavyWalnuts,3422450
2026-07-02T03:12:24.452706,2026-07-02T03:12:24.458598+00:00,98.3,200,ask,YieldingYams,WavyWalnuts,3422467
2026-07-02T03:12:26.256513,2026-07-02T03:12:26.275680+00:00,98.2,200,ask,WavyWalnuts,YieldingYams,3422493
2026-07-02T03:12:26.270904,2026-07-02T03:12:26.275680+00:00,98.2,3,bid,Xuanyu Liu,YieldingYams,3422495
2026-07-02T03:12:26.642650,2026-07-02T03:12:26.652555+00:00,98.2,20,bid,BrilliantBurritos,YieldingYams,3422502
2026-07-02T03:12:30.182300,2026-07-02T03:12:30.193791+00:00,98.2,200,bid,YieldingYams,WavyWalnuts,3422562
2026-07-02T03:12:30.524309,2026-07-02T03:12:30.531318+00:00,98.2,200,ask,YieldingYams,WavyWalnuts,3422564
2026-07-02T03:12:31.735559,2026-07-02T03:12:31.745566+00:00,98.3,200,bid,WavyWalnuts,YieldingYams,3422575
2026-07-02T03:12:32.139369,2026-07-02T03:12:32.158571+00:00,98.3,20,bid,BrilliantBurritos,YieldingYams,3422582
2026-07-02T03:12:35.375731,2026-07-02T03:12:35.385124+00:00,98.2,200,ask,YieldingYams,WavyWalnuts,3422630
2026-07-02T03:12:36.730072,2026-07-02T03:12:36.737973+00:00,98.4,1,bid,YieldingYams,Kelvin Chan,3422653
2026-07-02T03:12:36.730072,2026-07-02T03:12:36.737973+00:00,98.4,200,bid,YieldingYams,WavyWalnuts,3422654
2026-07-02T03:12:36.749059,2026-07-02T03:12:36.752627+00:00,98.4,3,ask,YieldingYams,Xuanyu Liu,3422656
2026-07-02T03:12:36.893811,2026-07-02T03:12:36.905138+00:00,98.5,20,bid,BrilliantBurritos,AverageAlmonds,3422660
2026-07-02T03:12:37.791296,2026-07-02T03:12:37.798364+00:00,98.4,200,ask,YieldingYams,WavyWalnuts,3422676
2026-07-02T03:12:39.348813,2026-07-02T03:12:39.354364+00:00,98.3,200,ask,WavyWalnuts,YieldingYams,3422718
2026-07-02T03:12:40.206925,2026-07-02T03:12:40.215947+00:00,98.3,200,bid,WavyWalnuts,YieldingYams,3422726
2026-07-02T03:12:40.982267,2026-07-02T03:12:40.993925+00:00,98.4,3,bid,BrilliantBurritos,Kelvin Chan,3422748
2026-07-02T03:12:40.982267,2026-07-02T03:12:40.993925+00:00,98.4,17,bid,BrilliantBurritos,AverageAlmonds,3422749
2026-07-02T03:12:41.374146,2026-07-02T03:12:41.381845+00:00,98.3,500,ask,YieldingYams,AverageAlmonds,3422755
2026-07-02T03:12:41.987962,2026-07-02T03:12:41.996283+00:00,98.3,200,ask,WavyWalnuts,YieldingYams,3422776
2026-07-02T03:12:41.987962,2026-07-02T03:12:41.996283+00:00,98.1,4,ask,Kelvin Chan,YieldingYams,3422777
2026-07-02T03:12:42.012318,2026-07-02T03:12:42.015812+00:00,98.1,3,bid,Xuanyu Liu,YieldingYams,3422783
2026-07-02T03:12:44.627978,2026-07-02T03:12:44.631443+00:00,98.2,3,ask,YieldingYams,Xuanyu Liu,3422828
2026-07-02T03:12:47.680315,2026-07-02T03:12:47.691822+00:00,98.1,20,bid,BrilliantBurritos,WavyWalnuts,3422875
2026-07-02T03:12:49.847920,2026-07-02T03:12:49.854673+00:00,98.1,200,bid,YieldingYams,WavyWalnuts,3422927
2026-07-02T03:12:50.879999,2026-07-02T03:12:50.883653+00:00,98.1,11,ask,YieldingYams,Xuanyu Liu,3422945
2026-07-02T03:12:51.079895,2026-07-02T03:12:51.090638+00:00,98.1,200,ask,YieldingYams,WavyWalnuts,3422946
2026-07-02T03:12:51.165967,2026-07-02T03:12:51.174920+00:00,98.0,2,ask,Kelvin Chan,YieldingYams,3422949
2026-07-02T03:12:51.395584,2026-07-02T03:12:51.403835+00:00,97.8,20,ask,AverageAlmonds,BrilliantBurritos,3422956
2026-07-02T03:12:53.781533,2026-07-02T03:12:53.792676+00:00,97.9,5,ask,Kelvin Chan,YieldingYams,3422995
2026-07-02T03:12:53.781533,2026-07-02T03:12:53.792676+00:00,97.9,500,ask,AverageAlmonds,YieldingYams,3422996
2026-07-02T03:12:53.781533,2026-07-02T03:12:53.792676+00:00,97.9,120,ask,WavyWalnuts,YieldingYams,3422997
2026-07-02T03:12:54.705594,2026-07-02T03:12:54.715226+00:00,98.0,6,ask,Kelvin Chan,WavyWalnuts,3423013
2026-07-02T03:12:54.705594,2026-07-02T03:12:54.715226+00:00,98.0,194,ask,AverageAlmonds,WavyWalnuts,3423014
2026-07-02T03:12:55.923407,2026-07-02T03:12:55.931344+00:00,98.0,5,ask,Kelvin Chan,WavyWalnuts,3423034
2026-07-02T03:12:55.923407,2026-07-02T03:12:55.931344+00:00,98.0,195,ask,AverageAlmonds,WavyWalnuts,3423035
2026-07-02T03:12:56.410515,2026-07-02T03:12:56.414422+00:00,98.1,12,ask,YieldingYams,Xuanyu Liu,3423042
2026-07-02T03:12:57.148916,2026-07-02T03:12:57.158625+00:00,98.1,200,ask,YieldingYams,WavyWalnuts,3423059
2026-07-02T03:12:59.016499,2026-07-02T03:12:59.027636+00:00,98.0,7,ask,Kelvin Chan,YieldingYams,3423091
2026-07-02T03:12:59.564267,2026-07-02T03:12:59.570904+00:00,98.0,200,bid,WavyWalnuts,YieldingYams,3423110
2026-07-02T03:13:00.121875,2026-07-02T03:13:00.132663+00:00,98.0,418,bid,AverageAlmonds,YieldingYams,3423133
2026-07-02T03:13:00.325348,2026-07-02T03:13:00.335712+00:00,98.2,200,bid,YieldingYams,WavyWalnuts,3423141
2026-07-02T03:13:00.325348,2026-07-02T03:13:00.335712+00:00,98.2,10,bid,YieldingYams,Kelvin Chan,3423142
2026-07-02T03:13:00.774730,2026-07-02T03:13:00.781638+00:00,98.3,200,ask,YieldingYams,WavyWalnuts,3423146
2026-07-02T03:13:01.982767,2026-07-02T03:13:01.997651+00:00,98.1,200,ask,YieldingYams,WavyWalnuts,3423176
2026-07-02T03:13:03.190259,2026-07-02T03:13:03.198186+00:00,98.1,200,ask,YieldingYams,WavyWalnuts,3423199
2026-07-02T03:13:04.274601,2026-07-02T03:13:04.277817+00:00,98.2,2,bid,Xuanyu Liu,YieldingYams,3423229
2026-07-02T03:13:04.397126,2026-07-02T03:13:04.405451+00:00,98.0,200,ask,YieldingYams,WavyWalnuts,3423230
2026-07-02T03:13:04.765716,2026-07-02T03:13:04.777070+00:00,98.2,20,bid,BrilliantBurritos,YieldingYams,3423235
2026-07-02T03:13:08.020360,2026-07-02T03:13:08.031275+00:00,98.1,200,ask,YieldingYams,WavyWalnuts,3423296
2026-07-02T03:13:08.848425,2026-07-02T03:13:08.858623+00:00,98.3,20,bid,BrilliantBurritos,YieldingYams,3423319
2026-07-02T03:13:10.823453,2026-07-02T03:13:10.830850+00:00,98.2,200,bid,YieldingYams,WavyWalnuts,3423372
2026-07-02T03:13:12.139321,2026-07-02T03:13:12.149299+00:00,98.3,200,ask,WavyWalnuts,YieldingYams,3423388
2026-07-02T03:13:12.637686,2026-07-02T03:13:12.646329+00:00,98.3,20,bid,BrilliantBurritos,YieldingYams,3423400
2026-07-02T03:13:13.455220,2026-07-02T03:13:13.458547+00:00,98.3,200,bid,YieldingYams,WavyWalnuts,3423414
2026-07-02T03:13:13.455220,2026-07-02T03:13:13.458547+00:00,98.4,3,bid,YieldingYams,Kelvin Chan,3423415
2026-07-02T03:13:13.475579,2026-07-02T03:13:13.479030+00:00,98.4,2,ask,YieldingYams,Xuanyu Liu,3423418
2026-07-02T03:13:15.268932,2026-07-02T03:13:15.279309+00:00,98.4,200,bid,WavyWalnuts,YieldingYams,3423442
2026-07-02T03:13:16.475969,2026-07-02T03:13:16.485392+00:00,98.4,200,bid,WavyWalnuts,AverageAlmonds,3423466
2026-07-02T03:13:17.896047,2026-07-02T03:13:17.903223+00:00,98.3,20,bid,BrilliantBurritos,WavyWalnuts,3423495
2026-07-02T03:13:18.693397,2026-07-02T03:13:18.702075+00:00,98.3,180,bid,YieldingYams,WavyWalnuts,3423515
2026-07-02T03:13:18.708652,2026-07-02T03:13:18.712606+00:00,98.3,11,ask,YieldingYams,Xuanyu Liu,3423517
2026-07-02T03:13:18.908806,2026-07-02T03:13:18.919633+00:00,98.3,200,ask,YieldingYams,WavyWalnuts,3423528
2026-07-02T03:13:20.116792,2026-07-02T03:13:20.128440+00:00,98.2,200,bid,WavyWalnuts,YieldingYams,3423556
2026-07-02T03:13:21.327024,2026-07-02T03:13:21.336964+00:00,98.2,200,bid,WavyWalnuts,AverageAlmonds,3423586
2026-07-02T03:13:22.034434,2026-07-02T03:13:22.042587+00:00,98.0,1,ask,Kelvin Chan,BrilliantBurritos,3423602
2026-07-02T03:13:22.034434,2026-07-02T03:13:22.042587+00:00,98.0,19,ask,YieldingYams,BrilliantBurritos,3423603
2026-07-02T03:13:25.234499,2026-07-02T03:13:25.245721+00:00,98.0,200,ask,WavyWalnuts,YieldingYams,3423660
2026-07-02T03:13:26.161651,2026-07-02T03:13:26.171425+00:00,98.0,200,bid,WavyWalnuts,YieldingYams,3423679
2026-07-02T03:13:28.571689,2026-07-02T03:13:28.585019+00:00,97.9,20,ask,WavyWalnuts,BrilliantBurritos,3423731
2026-07-02T03:13:29.196574,2026-07-02T03:13:29.204547+00:00,98.0,200,ask,WavyWalnuts,YieldingYams,3423745
2026-07-02T03:13:29.813007,2026-07-02T03:13:29.822988+00:00,98.0,200,bid,WavyWalnuts,YieldingYams,3423754
2026-07-02T03:13:30.232256,2026-07-02T03:13:30.243774+00:00,98.0,20,bid,BrilliantBurritos,YieldingYams,3423761
2026-07-02T03:13:30.502743,2026-07-02T03:13:30.521941+00:00,98.2,200,bid,YieldingYams,WavyWalnuts,3423768
2026-07-02T03:13:30.518806,2026-07-02T03:13:30.521941+00:00,98.2,23,ask,YieldingYams,Xuanyu Liu,3423770
2026-07-02T03:13:31.815932,2026-07-02T03:13:31.824891+00:00,98.1,200,ask,WavyWalnuts,YieldingYams,3423796
2026-07-02T03:13:32.370472,2026-07-02T03:13:32.379818+00:00,98.1,20,bid,BrilliantBurritos,YieldingYams,3423808
2026-07-02T03:13:36.290051,2026-07-02T03:13:36.301717+00:00,98.1,20,bid,BrilliantBurritos,WavyWalnuts,3423897
2026-07-02T03:13:36.424272,2026-07-02T03:13:36.427808+00:00,98.1,11,bid,Xuanyu Liu,WavyWalnuts,3423903
2026-07-02T03:13:38.315328,2026-07-02T03:13:38.318641+00:00,98.1,12,bid,Xuanyu Liu,WavyWalnuts,3423951
2026-07-02T03:13:39.480775,2026-07-02T03:13:39.487529+00:00,98.0,1,ask,Kelvin Chan,WavyWalnuts,3423965
2026-07-02T03:13:39.480775,2026-07-02T03:13:39.493074+00:00,98.0,199,ask,AverageAlmonds,WavyWalnuts,3423966
2026-07-02T03:13:40.688051,2026-07-02T03:13:40.697280+00:00,98.1,200,bid,WavyWalnuts,YieldingYams,3423991
2026-07-02T03:13:41.565690,2026-07-02T03:13:41.577344+00:00,98.1,20,ask,YieldingYams,BrilliantBurritos,3424011
2026-07-02T03:13:41.899220,2026-07-02T03:13:41.907309+00:00,98.1,200,ask,YieldingYams,WavyWalnuts,3424025
2026-07-02T03:13:42.752923,2026-07-02T03:13:42.758688+00:00,98.3,4,bid,Xuanyu Liu,Kelvin Chan,3424033
2026-07-02T03:13:42.752923,2026-07-02T03:13:42.758688+00:00,98.3,7,bid,Xuanyu Liu,YieldingYams,3424034
2026-07-02T03:13:43.055251,2026-07-02T03:13:43.059221+00:00,98.2,3,bid,Xuanyu Liu,Kelvin Chan,3424039
2026-07-02T03:13:43.108609,2026-07-02T03:13:43.116832+00:00,98.1,200,ask,YieldingYams,WavyWalnuts,3424041
2026-07-02T03:13:43.634351,2026-07-02T03:13:43.637991+00:00,98.1,20,bid,Xuanyu Liu,YieldingYams,3424055
2026-07-02T03:13:43.682018,2026-07-02T03:13:43.692353+00:00,98.1,500,bid,AverageAlmonds,YieldingYams,3424058
2026-07-02T03:13:44.147451,2026-07-02T03:13:44.153703+00:00,97.9,6,ask,Kelvin Chan,BrilliantBurritos,3424061
2026-07-02T03:13:44.147451,2026-07-02T03:13:44.153703+00:00,97.9,14,ask,WavyWalnuts,BrilliantBurritos,3424062
2026-07-02T03:13:44.278820,2026-07-02T03:13:44.285426+00:00,98.1,105,bid,AverageAlmonds,YieldingYams,3424070
2026-07-02T03:13:44.923474,2026-07-02T03:13:44.931883+00:00,98.3,1,bid,YieldingYams,Kelvin Chan,3424088
2026-07-02T03:13:44.923474,2026-07-02T03:13:44.931883+00:00,98.3,200,bid,YieldingYams,WavyWalnuts,3424089
2026-07-02T03:13:45.522920,2026-07-02T03:13:45.530647+00:00,98.4,200,ask,YieldingYams,WavyWalnuts,3424099
2026-07-02T03:13:47.974054,2026-07-02T03:13:47.977440+00:00,98.4,3,bid,Xuanyu Liu,WavyWalnuts,3424165
2026-07-02T03:13:48.862483,2026-07-02T03:13:48.872454+00:00,98.4,197,bid,YieldingYams,WavyWalnuts,3424194
2026-07-02T03:13:52.797114,2026-07-02T03:13:52.808768+00:00,98.4,1,bid,WavyWalnuts,Kelvin Chan,3424265
2026-07-02T03:13:52.985986,2026-07-02T03:13:52.997569+00:00,98.5,20,bid,BrilliantBurritos,YieldingYams,3424267
2026-07-02T03:13:54.015125,2026-07-02T03:13:54.021731+00:00,98.5,200,bid,WavyWalnuts,YieldingYams,3424283
2026-07-02T03:13:55.421552,2026-07-02T03:13:55.432562+00:00,98.5,200,ask,WavyWalnuts,YieldingYams,3424313
2026-07-02T03:13:58.038663,2026-07-02T03:13:58.046752+00:00,98.4,200,ask,WavyWalnuts,YieldingYams,3424361
2026-07-02T03:13:58.052269,2026-07-02T03:13:58.055406+00:00,98.3,3,bid,Xuanyu Liu,YieldingYams,3424363
2026-07-02T03:13:59.345416,2026-07-02T03:13:59.358622+00:00,98.3,200,bid,YieldingYams,WavyWalnuts,3424379
2026-07-02T03:14:02.487634,2026-07-02T03:14:02.498551+00:00,98.3,200,ask,AverageAlmonds,WavyWalnuts,3424431
2026-07-02T03:14:05.901970,2026-07-02T03:14:05.910928+00:00,98.4,200,ask,WavyWalnuts,YieldingYams,3424493
2026-07-02T03:14:05.901970,2026-07-02T03:14:05.910928+00:00,98.2,19,ask,Kelvin Chan,YieldingYams,3424494
2026-07-02T03:14:05.901970,2026-07-02T03:14:05.915938+00:00,98.2,406,ask,AverageAlmonds,YieldingYams,3424495
2026-07-02T03:14:06.112933,2026-07-02T03:14:06.123908+00:00,98.3,200,ask,AverageAlmonds,WavyWalnuts,3424497
2026-07-02T03:14:07.222584,2026-07-02T03:14:07.226207+00:00,98.4,46,bid,Xuanyu Liu,YieldingYams,3424512
2026-07-02T03:14:07.227568,2026-07-02T03:14:07.241755+00:00,98.4,50,bid,Chester Au,YieldingYams,3424513
2026-07-02T03:14:09.740023,2026-07-02T03:14:09.749952+00:00,98.5,8,bid,WavyWalnuts,Kelvin Chan,3424549
2026-07-02T03:14:09.996269,2026-07-02T03:14:10.000286+00:00,98.5,35,ask,WavyWalnuts,Xuanyu Liu,3424555
2026-07-02T03:14:13.112428,2026-07-02T03:14:13.127968+00:00,98.5,150,bid,Chester Au,YieldingYams,3424602
2026-07-02T03:14:13.775110,2026-07-02T03:14:13.785332+00:00,98.4,200,ask,WavyWalnuts,YieldingYams,3424621
2026-07-02T03:14:17.701528,2026-07-02T03:14:17.717593+00:00,98.3,200,ask,WavyWalnuts,YieldingYams,3424698
2026-07-02T03:14:18.219146,2026-07-02T03:14:18.228928+00:00,98.3,200,bid,WavyWalnuts,YieldingYams,3424705
2026-07-02T03:14:20.320311,2026-07-02T03:14:20.331294+00:00,98.4,200,ask,WavyWalnuts,YieldingYams,3424747
2026-07-02T03:14:21.840471,2026-07-02T03:14:21.847303+00:00,98.4,200,ask,YieldingYams,WavyWalnuts,3424784
2026-07-02T03:14:22.949415,2026-07-02T03:14:22.952908+00:00,98.5,11,ask,YieldingYams,Xuanyu Liu,3424807
2026-07-02T03:14:23.047347,2026-07-02T03:14:23.056427+00:00,98.5,200,ask,YieldingYams,WavyWalnuts,3424810
2026-07-02T03:14:24.255005,2026-07-02T03:14:24.269058+00:00,98.5,414,ask,YieldingYams,AverageAlmonds,3424835
2026-07-02T03:14:24.269168,2026-07-02T03:14:24.279604+00:00,98.5,86,bid,WavyWalnuts,AverageAlmonds,3424836
2026-07-02T03:14:24.269168,2026-07-02T03:14:24.279604+00:00,98.6,7,bid,WavyWalnuts,Kelvin Chan,3424837
2026-07-02T03:14:24.279377,2026-07-02T03:14:24.302534+00:00,98.6,107,ask,WavyWalnuts,YieldingYams,3424838
2026-07-02T03:14:24.279377,2026-07-02T03:14:24.302534+00:00,98.2,1,ask,Kelvin Chan,YieldingYams,3424839
2026-07-02T03:14:24.299098,2026-07-02T03:14:24.302534+00:00,98.2,8,bid,Xuanyu Liu,YieldingYams,3424843
2026-07-02T03:14:25.488990,2026-07-02T03:14:25.496295+00:00,98.2,200,bid,WavyWalnuts,YieldingYams,3424868
2026-07-02T03:14:25.809601,2026-07-02T03:14:25.814231+00:00,98.1,1,ask,Kelvin Chan,Xuanyu Liu,3424875
2026-07-02T03:14:25.809601,2026-07-02T03:14:25.814231+00:00,98.1,10,ask,YieldingYams,Xuanyu Liu,3424876
2026-07-02T03:14:26.087511,2026-07-02T03:14:26.095609+00:00,98.2,2,ask,Kelvin Chan,Chester Au,3424879
2026-07-02T03:14:26.365848,2026-07-02T03:14:26.374257+00:00,98.2,1,ask,Kelvin Chan,Chester Au,3424886
2026-07-02T03:14:26.697942,2026-07-02T03:14:26.707402+00:00,98.3,200,bid,WavyWalnuts,YieldingYams,3424896
2026-07-02T03:14:26.914577,2026-07-02T03:14:26.918342+00:00,98.3,3,ask,YieldingYams,Xuanyu Liu,3424904
2026-07-02T03:14:26.918345,2026-07-02T03:14:26.939012+00:00,98.3,37,ask,YieldingYams,Chester Au,3424905
2026-07-02T03:14:26.921098,2026-07-02T03:14:26.939012+00:00,98.3,20,ask,YieldingYams,BrilliantBurritos,3424906
2026-07-02T03:14:27.874068,2026-07-02T03:14:27.884648+00:00,98.3,500,ask,YieldingYams,AverageAlmonds,3424923
2026-07-02T03:14:28.205020,2026-07-02T03:14:28.211753+00:00,98.3,200,ask,WavyWalnuts,YieldingYams,3424936
2026-07-02T03:14:30.261746,2026-07-02T03:14:30.269968+00:00,98.2,100,ask,WavyWalnuts,Chester Au,3424974
2026-07-02T03:14:31.533811,2026-07-02T03:14:31.544370+00:00,98.3,200,bid,WavyWalnuts,YieldingYams,3424993
2026-07-02T03:14:32.018756,2026-07-02T03:14:32.022222+00:00,98.3,1,bid,Xuanyu Liu,YieldingYams,3425002
2026-07-02T03:14:32.864260,2026-07-02T03:14:32.875715+00:00,98.3,20,ask,WavyWalnuts,BrilliantBurritos,3425032
2026-07-02T03:14:33.955309,2026-07-02T03:14:33.958631+00:00,98.4,200,bid,WavyWalnuts,AverageAlmonds,3425048
2026-07-02T03:14:35.165619,2026-07-02T03:14:35.174807+00:00,98.4,200,bid,WavyWalnuts,AverageAlmonds,3425070
2026-07-02T03:14:36.373925,2026-07-02T03:14:36.383650+00:00,98.3,200,bid,WavyWalnuts,YieldingYams,3425101
2026-07-02T03:14:36.722700,2026-07-02T03:14:36.730584+00:00,98.2,20,ask,YieldingYams,BrilliantBurritos,3425108
2026-07-02T03:14:37.580748,2026-07-02T03:14:37.589925+00:00,98.3,200,bid,WavyWalnuts,YieldingYams,3425130
2026-07-02T03:14:38.463835,2026-07-02T03:14:38.475076+00:00,98.1,60,ask,YieldingYams,Chester Au,3425157
2026-07-02T03:14:38.691134,2026-07-02T03:14:38.694649+00:00,98.3,12,ask,YieldingYams,Xuanyu Liu,3425163
2026-07-02T03:14:38.806592,2026-07-02T03:14:38.810197+00:00,98.4,12,ask,WavyWalnuts,Xuanyu Liu,3425167
2026-07-02T03:14:38.973978,2026-07-02T03:14:38.985553+00:00,98.5,8,bid,BrilliantBurritos,Kelvin Chan,3425170
2026-07-02T03:14:38.973978,2026-07-02T03:14:38.985553+00:00,98.5,12,bid,BrilliantBurritos,YieldingYams,3425171
2026-07-02T03:14:39.753490,2026-07-02T03:14:39.757337+00:00,98.5,23,bid,Xuanyu Liu,YieldingYams,3425194
2026-07-02T03:14:40.034817,2026-07-02T03:14:40.041597+00:00,98.5,500,bid,YieldingYams,AverageAlmonds,3425207
2026-07-02T03:14:41.242432,2026-07-02T03:14:41.249543+00:00,98.5,125,ask,YieldingYams,WavyWalnuts,3425228
2026-07-02T03:14:41.364543,2026-07-02T03:14:41.368197+00:00,98.4,3,bid,Xuanyu Liu,YieldingYams,3425230
2026-07-02T03:14:42.456026,2026-07-02T03:14:42.465013+00:00,98.4,200,bid,WavyWalnuts,YieldingYams,3425242
2026-07-02T03:14:43.665070,2026-07-02T03:14:43.676398+00:00,98.5,200,bid,WavyWalnuts,YieldingYams,3425258
2026-07-02T03:14:44.938717,2026-07-02T03:14:44.950237+00:00,98.6,4,bid,BrilliantBurritos,Kelvin Chan,3425280
2026-07-02T03:14:44.938717,2026-07-02T03:14:44.950237+00:00,98.6,16,bid,BrilliantBurritos,YieldingYams,3425281
2026-07-02T03:14:46.086578,2026-07-02T03:14:46.095154+00:00,98.6,4,bid,WavyWalnuts,Kelvin Chan,3425305
2026-07-02T03:14:46.086578,2026-07-02T03:14:46.095154+00:00,98.7,196,bid,WavyWalnuts,YieldingYams,3425306
2026-07-02T03:14:47.045201,2026-07-02T03:14:47.063897+00:00,98.7,20,ask,YieldingYams,BrilliantBurritos,3425334
2026-07-02T03:14:48.501787,2026-07-02T03:14:48.511418+00:00,98.8,2,bid,WavyWalnuts,Kelvin Chan,3425373
2026-07-02T03:14:48.501787,2026-07-02T03:14:48.511418+00:00,98.8,198,bid,WavyWalnuts,AverageAlmonds,3425374
2026-07-02T03:14:52.124330,2026-07-02T03:14:52.133859+00:00,98.7,200,ask,YieldingYams,WavyWalnuts,3425432
2026-07-02T03:14:55.740991,2026-07-02T03:14:55.748260+00:00,98.7,200,bid,YieldingYams,WavyWalnuts,3425491
2026-07-02T03:14:55.740991,2026-07-02T03:14:55.753456+00:00,98.8,1,bid,YieldingYams,Kelvin Chan,3425492
2026-07-02T03:14:55.765664,2026-07-02T03:14:55.769028+00:00,98.8,3,ask,YieldingYams,Xuanyu Liu,3425495
2026-07-02T03:14:56.129422,2026-07-02T03:14:56.136937+00:00,98.8,20,ask,YieldingYams,BrilliantBurritos,3425504
2026-07-02T03:14:56.965317,2026-07-02T03:14:56.976596+00:00,98.8,200,ask,YieldingYams,WavyWalnuts,3425521
2026-07-02T03:14:59.680751,2026-07-02T03:14:59.697732+00:00,98.8,4,bid,YieldingYams,Kelvin Chan,3425572
2026-07-02T03:14:59.694172,2026-07-02T03:14:59.697732+00:00,98.8,11,ask,YieldingYams,Xuanyu Liu,3425574
2026-07-02T03:15:00.990457,2026-07-02T03:15:00.997502+00:00,98.9,5,bid,YieldingYams,Kelvin Chan,3425600
2026-07-02T03:15:01.814066,2026-07-02T03:15:01.822499+00:00,99.0,200,bid,WavyWalnuts,AverageAlmonds,3425610
2026-07-02T03:15:03.026236,2026-07-02T03:15:03.036735+00:00,98.9,200,bid,WavyWalnuts,YieldingYams,3425634
2026-07-02T03:15:04.237137,2026-07-02T03:15:04.245492+00:00,98.9,200,bid,WavyWalnuts,YieldingYams,3425659
2026-07-02T03:15:05.449170,2026-07-02T03:15:05.458572+00:00,98.9,200,bid,WavyWalnuts,YieldingYams,3425684
2026-07-02T03:15:06.227362,2026-07-02T03:15:06.236510+00:00,98.9,2,bid,YieldingYams,Kelvin Chan,3425697
2026-07-02T03:15:06.227362,2026-07-02T03:15:06.236510+00:00,99.0,500,bid,YieldingYams,AverageAlmonds,3425698
2026-07-02T03:15:06.614420,2026-07-02T03:15:06.622073+00:00,99.0,123,ask,YieldingYams,AverageAlmonds,3425701
2026-07-02T03:15:06.658781,2026-07-02T03:15:06.666288+00:00,99.0,200,bid,WavyWalnuts,AverageAlmonds,3425703
2026-07-02T03:15:10.070183,2026-07-02T03:15:10.073979+00:00,98.8,11,bid,Xuanyu Liu,YieldingYams,3425773
2026-07-02T03:15:13.940235,2026-07-02T03:15:13.948965+00:00,98.7,200,ask,YieldingYams,WavyWalnuts,3425855
2026-07-02T03:15:15.386581,2026-07-02T03:15:15.393119+00:00,98.7,200,bid,YieldingYams,WavyWalnuts,3425890
2026-07-02T03:15:18.795460,2026-07-02T03:15:18.799247+00:00,98.7,3,bid,Xuanyu Liu,WavyWalnuts,3425961
2026-07-02T03:15:19.953903,2026-07-02T03:15:19.968710+00:00,98.5,7,ask,Kelvin Chan,BrilliantBurritos,3425992
2026-07-02T03:15:19.953903,2026-07-02T03:15:19.968710+00:00,98.5,13,ask,WavyWalnuts,BrilliantBurritos,3425993
2026-07-02T03:15:21.188925,2026-07-02T03:15:21.195193+00:00,98.6,200,bid,WavyWalnuts,YieldingYams,3426020
2026-07-02T03:15:22.395869,2026-07-02T03:15:22.403465+00:00,98.6,200,bid,WavyWalnuts,YieldingYams,3426048
2026-07-02T03:15:26.040911,2026-07-02T03:15:26.050818+00:00,98.6,200,ask,YieldingYams,WavyWalnuts,3426141
2026-07-02T03:15:26.459565,2026-07-02T03:15:26.470970+00:00,98.8,20,bid,BrilliantBurritos,YieldingYams,3426146
2026-07-02T03:15:27.247931,2026-07-02T03:15:27.259595+00:00,98.5,4,ask,Kelvin Chan,WavyWalnuts,3426160
2026-07-02T03:15:27.247931,2026-07-02T03:15:27.259595+00:00,98.5,196,ask,YieldingYams,WavyWalnuts,3426161
2026-07-02T03:15:28.129732,2026-07-02T03:15:28.141366+00:00,98.5,20,ask,YieldingYams,BrilliantBurritos,3426179
2026-07-02T03:15:28.524196,2026-07-02T03:15:28.545702+00:00,98.5,10,ask,Kelvin Chan,YieldingYams,3426185
