timestamp,recv_time,price,volume,aggressor_side,buyer,seller,trade_id
2026-07-03T01:00:01.027066,2026-07-03T01:00:01.035212+00:00,111.2,20,bid,BrilliantBurritos,WavyWalnuts,5089766
2026-07-03T01:00:01.263139,2026-07-03T01:00:01.267247+00:00,111.1,11,ask,AverageAlmonds,Xuanyu Liu,5089773
2026-07-03T01:00:01.708781,2026-07-03T01:00:01.741727+00:00,111.2,180,bid,AverageAlmonds,WavyWalnuts,5089777
2026-07-03T01:00:01.736857,2026-07-03T01:00:01.741727+00:00,111.2,320,ask,AverageAlmonds,YieldingYams,5089781
2026-07-03T01:00:01.744132,2026-07-03T01:00:01.756944+00:00,111.1,200,bid,WavyWalnuts,YieldingYams,5089782
2026-07-03T01:00:02.310738,2026-07-03T01:00:02.341894+00:00,111.1,105,bid,AverageAlmonds,YieldingYams,5089790
2026-07-03T01:00:02.336642,2026-07-03T01:00:02.341894+00:00,111.2,3,ask,AverageAlmonds,Xuanyu Liu,5089791
2026-07-03T01:00:02.962629,2026-07-03T01:00:02.970530+00:00,111.2,200,ask,AverageAlmonds,WavyWalnuts,5089800
2026-07-03T01:00:04.172484,2026-07-03T01:00:04.179499+00:00,111.3,200,ask,YieldingYams,WavyWalnuts,5089819
2026-07-03T01:00:05.932762,2026-07-03T01:00:05.941462+00:00,111.3,200,bid,AverageAlmonds,WavyWalnuts,5089852
2026-07-03T01:00:06.555221,2026-07-03T01:00:06.556952+00:00,111.4,500,bid,AverageAlmonds,YieldingYams,5089862
2026-07-03T01:00:06.976920,2026-07-03T01:00:07.000477+00:00,111.3,200,bid,YieldingYams,WavyWalnuts,5089872
2026-07-03T01:00:06.995844,2026-07-03T01:00:07.000477+00:00,111.5,3,ask,YieldingYams,Xuanyu Liu,5089876
2026-07-03T01:00:09.013968,2026-07-03T01:00:09.025266+00:00,111.5,200,ask,AverageAlmonds,WavyWalnuts,5089899
2026-07-03T01:00:09.565708,2026-07-03T01:00:09.574505+00:00,111.6,500,bid,AverageAlmonds,YieldingYams,5089910
2026-07-03T01:00:10.224885,2026-07-03T01:00:10.234912+00:00,111.6,200,ask,YieldingYams,WavyWalnuts,5089926
2026-07-03T01:00:10.614602,2026-07-03T01:00:10.623537+00:00,111.6,20,ask,YieldingYams,BrilliantBurritos,5089935
2026-07-03T01:00:11.435973,2026-07-03T01:00:11.446299+00:00,111.7,200,ask,AverageAlmonds,WavyWalnuts,5089942
2026-07-03T01:00:12.607910,2026-07-03T01:00:12.618679+00:00,111.8,500,bid,AverageAlmonds,YieldingYams,5089964
2026-07-03T01:00:12.642068,2026-07-03T01:00:12.658630+00:00,111.6,200,ask,YieldingYams,WavyWalnuts,5089967
2026-07-03T01:00:13.073990,2026-07-03T01:00:13.085581+00:00,111.8,20,bid,BrilliantBurritos,YieldingYams,5089972
2026-07-03T01:00:13.202148,2026-07-03T01:00:13.209933+00:00,111.8,105,bid,AverageAlmonds,YieldingYams,5089974
2026-07-03T01:00:13.852352,2026-07-03T01:00:13.864163+00:00,111.8,200,ask,YieldingYams,WavyWalnuts,5089987
2026-07-03T01:00:14.857525,2026-07-03T01:00:14.861821+00:00,111.9,3,bid,Xuanyu Liu,YieldingYams,5090003
2026-07-03T01:00:16.154764,2026-07-03T01:00:16.163853+00:00,111.8,200,bid,YieldingYams,WavyWalnuts,5090021
2026-07-03T01:00:16.265947,2026-07-03T01:00:16.273359+00:00,111.9,200,ask,YieldingYams,WavyWalnuts,5090023
2026-07-03T01:00:21.410076,2026-07-03T01:00:21.416571+00:00,111.9,200,bid,YieldingYams,WavyWalnuts,5090109
2026-07-03T01:00:21.427537,2026-07-03T01:00:21.431290+00:00,112.0,3,ask,YieldingYams,Xuanyu Liu,5090111
2026-07-03T01:00:21.744486,2026-07-03T01:00:21.756253+00:00,112.0,20,ask,YieldingYams,BrilliantBurritos,5090116
2026-07-03T01:00:23.529232,2026-07-03T01:00:23.532700+00:00,111.9,3,bid,Xuanyu Liu,WavyWalnuts,5090148
2026-07-03T01:00:28.397784,2026-07-03T01:00:28.404199+00:00,112.0,200,ask,AverageAlmonds,WavyWalnuts,5090223
2026-07-03T01:00:29.604990,2026-07-03T01:00:29.615880+00:00,112.0,200,ask,YieldingYams,WavyWalnuts,5090247
2026-07-03T01:00:29.680008,2026-07-03T01:00:29.684207+00:00,112.2,3,bid,Xuanyu Liu,YieldingYams,5090251
2026-07-03T01:00:30.612526,2026-07-03T01:00:30.616405+00:00,112.0,23,bid,Xuanyu Liu,YieldingYams,5090260
2026-07-03T01:00:30.834938,2026-07-03T01:00:30.838705+00:00,111.9,11,bid,Xuanyu Liu,WavyWalnuts,5090267
2026-07-03T01:00:30.973122,2026-07-03T01:00:30.980463+00:00,111.9,22,bid,Zihao Wu,WavyWalnuts,5090271
2026-07-03T01:00:32.030186,2026-07-03T01:00:32.038824+00:00,111.8,200,ask,YieldingYams,WavyWalnuts,5090290
2026-07-03T01:00:32.900395,2026-07-03T01:00:32.902714+00:00,111.8,23,ask,YieldingYams,Xuanyu Liu,5090310
2026-07-03T01:00:34.996253,2026-07-03T01:00:35.006926+00:00,111.8,200,bid,AverageAlmonds,WavyWalnuts,5090348
2026-07-03T01:00:37.161957,2026-07-03T01:00:37.168963+00:00,112.0,200,bid,YieldingYams,WavyWalnuts,5090390
2026-07-03T01:00:37.180355,2026-07-03T01:00:37.184167+00:00,112.0,11,ask,YieldingYams,Xuanyu Liu,5090392
2026-07-03T01:00:39.224516,2026-07-03T01:00:39.230793+00:00,112.1,20,bid,BrilliantBurritos,YieldingYams,5090422
2026-07-03T01:00:40.523751,2026-07-03T01:00:40.531035+00:00,112.0,200,ask,YieldingYams,WavyWalnuts,5090449
2026-07-03T01:00:42.418386,2026-07-03T01:00:42.428070+00:00,112.1,200,bid,YieldingYams,WavyWalnuts,5090469
2026-07-03T01:00:42.434065,2026-07-03T01:00:42.437840+00:00,112.2,3,ask,YieldingYams,Xuanyu Liu,5090471
2026-07-03T01:00:46.580881,2026-07-03T01:00:46.588962+00:00,112.2,200,bid,WavyWalnuts,YieldingYams,5090549
2026-07-03T01:00:47.483559,2026-07-03T01:00:47.495277+00:00,112.0,20,ask,YieldingYams,BrilliantBurritos,5090559
2026-07-03T01:00:47.793322,2026-07-03T01:00:47.800972+00:00,112.3,200,bid,WavyWalnuts,YieldingYams,5090566
2026-07-03T01:00:49.005349,2026-07-03T01:00:49.009125+00:00,112.3,3,ask,YieldingYams,Xuanyu Liu,5090585
2026-07-03T01:00:51.516406,2026-07-03T01:00:51.527973+00:00,112.2,20,ask,YieldingYams,BrilliantBurritos,5090631
2026-07-03T01:00:52.935656,2026-07-03T01:00:52.946377+00:00,112.2,200,ask,WavyWalnuts,YieldingYams,5090649
2026-07-03T01:00:52.993851,2026-07-03T01:00:53.003950+00:00,112.0,22,ask,YieldingYams,Zihao Wu,5090650
2026-07-03T01:00:53.001759,2026-07-03T01:00:53.008956+00:00,112.0,20,ask,YieldingYams,BrilliantBurritos,5090652
2026-07-03T01:00:55.987832,2026-07-03T01:00:55.999454+00:00,112.2,20,bid,BrilliantBurritos,WavyWalnuts,5090700
2026-07-03T01:00:56.867701,2026-07-03T01:00:56.876518+00:00,112.1,200,ask,WavyWalnuts,YieldingYams,5090715
2026-07-03T01:00:58.177122,2026-07-03T01:00:58.185015+00:00,112.2,200,bid,YieldingYams,WavyWalnuts,5090737
2026-07-03T01:00:58.207541,2026-07-03T01:00:58.211033+00:00,112.2,34,ask,YieldingYams,Xuanyu Liu,5090743
2026-07-03T01:00:58.667851,2026-07-03T01:00:58.679384+00:00,112.2,200,ask,YieldingYams,WavyWalnuts,5090750
2026-07-03T01:00:59.510543,2026-07-03T01:00:59.514416+00:00,112.2,11,bid,Xuanyu Liu,YieldingYams,5090765
2026-07-03T01:00:59.872522,2026-07-03T01:00:59.880791+00:00,112.2,200,bid,WavyWalnuts,YieldingYams,5090772
2026-07-03T01:01:01.085796,2026-07-03T01:01:01.095538+00:00,112.2,200,ask,YieldingYams,WavyWalnuts,5090792
2026-07-03T01:01:01.313810,2026-07-03T01:01:01.318573+00:00,112.3,12,bid,Xuanyu Liu,AverageAlmonds,5090794
2026-07-03T01:01:02.128814,2026-07-03T01:01:02.132762+00:00,112.2,11,bid,Xuanyu Liu,YieldingYams,5090805
2026-07-03T01:01:04.741335,2026-07-03T01:01:04.752187+00:00,112.2,200,ask,WavyWalnuts,YieldingYams,5090852
2026-07-03T01:01:04.848667,2026-07-03T01:01:04.860077+00:00,112.2,20,bid,BrilliantBurritos,YieldingYams,5090854
2026-07-03T01:01:05.926180,2026-07-03T01:01:05.937215+00:00,112.2,200,bid,WavyWalnuts,YieldingYams,5090872
2026-07-03T01:01:06.051680,2026-07-03T01:01:06.069035+00:00,112.4,200,bid,YieldingYams,WavyWalnuts,5090876
2026-07-03T01:01:06.064796,2026-07-03T01:01:06.069035+00:00,112.4,34,ask,YieldingYams,Xuanyu Liu,5090878
2026-07-03T01:01:07.134752,2026-07-03T01:01:07.144947+00:00,112.4,200,ask,YieldingYams,WavyWalnuts,5090895
2026-07-03T01:01:07.364008,2026-07-03T01:01:07.374636+00:00,112.2,200,ask,WavyWalnuts,YieldingYams,5090899
2026-07-03T01:01:08.337871,2026-07-03T01:01:08.344752+00:00,112.2,200,bid,WavyWalnuts,YieldingYams,5090930
2026-07-03T01:01:14.417465,2026-07-03T01:01:14.424372+00:00,112.3,200,ask,YieldingYams,WavyWalnuts,5091018
2026-07-03T01:01:14.571046,2026-07-03T01:01:14.580800+00:00,112.3,20,ask,YieldingYams,BrilliantBurritos,5091024
2026-07-03T01:01:15.630511,2026-07-03T01:01:15.669325+00:00,112.3,200,bid,WavyWalnuts,YieldingYams,5091047
2026-07-03T01:01:16.845250,2026-07-03T01:01:16.864122+00:00,112.3,200,ask,YieldingYams,WavyWalnuts,5091061
2026-07-03T01:01:18.056182,2026-07-03T01:01:18.063991+00:00,112.3,200,ask,YieldingYams,WavyWalnuts,5091075
2026-07-03T01:01:19.169801,2026-07-03T01:01:19.189756+00:00,112.4,500,bid,YieldingYams,AverageAlmonds,5091096
2026-07-03T01:01:19.185909,2026-07-03T01:01:19.189756+00:00,112.4,12,ask,YieldingYams,Xuanyu Liu,5091098
2026-07-03T01:01:19.225168,2026-07-03T01:01:19.233207+00:00,112.4,113,ask,YieldingYams,AverageAlmonds,5091099
2026-07-03T01:01:19.261418,2026-07-03T01:01:19.270927+00:00,112.3,200,bid,WavyWalnuts,AverageAlmonds,5091100
2026-07-03T01:01:20.470132,2026-07-03T01:01:20.481265+00:00,112.2,200,bid,WavyWalnuts,AverageAlmonds,5091111
2026-07-03T01:01:22.898454,2026-07-03T01:01:22.905433+00:00,112.3,200,bid,WavyWalnuts,YieldingYams,5091147
2026-07-03T01:01:25.725422,2026-07-03T01:01:25.732919+00:00,112.2,200,ask,WavyWalnuts,YieldingYams,5091199
2026-07-03T01:01:26.251320,2026-07-03T01:01:26.253084+00:00,112.2,20,bid,BrilliantBurritos,YieldingYams,5091203
2026-07-03T01:01:26.553836,2026-07-03T01:01:26.557535+00:00,112.1,12,bid,Xuanyu Liu,WavyWalnuts,5091208
2026-07-03T01:01:27.036278,2026-07-03T01:01:27.058740+00:00,112.1,188,bid,YieldingYams,WavyWalnuts,5091213
2026-07-03T01:01:28.352954,2026-07-03T01:01:28.358592+00:00,112.1,200,ask,WavyWalnuts,YieldingYams,5091237
2026-07-03T01:01:28.939079,2026-07-03T01:01:28.948538+00:00,112.1,200,bid,WavyWalnuts,YieldingYams,5091250
2026-07-03T01:01:29.982616,2026-07-03T01:01:29.993934+00:00,112.3,20,bid,BrilliantBurritos,WavyWalnuts,5091261
2026-07-03T01:01:31.359401,2026-07-03T01:01:31.369611+00:00,112.1,200,ask,YieldingYams,WavyWalnuts,5091285
2026-07-03T01:01:32.459002,2026-07-03T01:01:32.469408+00:00,112.2,20,bid,BrilliantBurritos,YieldingYams,5091303
2026-07-03T01:01:34.983510,2026-07-03T01:01:34.990150+00:00,112.0,200,ask,YieldingYams,WavyWalnuts,5091346
2026-07-03T01:01:38.849254,2026-07-03T01:01:38.854100+00:00,112.2,200,ask,WavyWalnuts,YieldingYams,5091409
2026-07-03T01:01:40.159459,2026-07-03T01:01:40.169550+00:00,112.2,200,bid,YieldingYams,WavyWalnuts,5091432
2026-07-03T01:01:41.033967,2026-07-03T01:01:41.042151+00:00,112.2,200,ask,YieldingYams,WavyWalnuts,5091440
2026-07-03T01:01:41.487173,2026-07-03T01:01:41.490765+00:00,112.1,11,bid,Xuanyu Liu,YieldingYams,5091450
2026-07-03T01:01:42.456891,2026-07-03T01:01:42.460572+00:00,112.1,12,bid,Xuanyu Liu,YieldingYams,5091464
2026-07-03T01:01:42.786658,2026-07-03T01:01:42.839941+00:00,112.0,200,ask,WavyWalnuts,YieldingYams,5091470
2026-07-03T01:01:42.835449,2026-07-03T01:01:42.839941+00:00,112.0,11,bid,Xuanyu Liu,YieldingYams,5091475
2026-07-03T01:01:44.677690,2026-07-03T01:01:44.685561+00:00,112.0,200,ask,YieldingYams,WavyWalnuts,5091504
2026-07-03T01:01:47.095264,2026-07-03T01:01:47.105616+00:00,112.2,200,bid,WavyWalnuts,YieldingYams,5091539
2026-07-03T01:01:48.030196,2026-07-03T01:01:48.039697+00:00,112.4,200,bid,YieldingYams,WavyWalnuts,5091551
2026-07-03T01:01:49.533007,2026-07-03T01:01:49.536786+00:00,112.4,3,bid,Xuanyu Liu,WavyWalnuts,5091581
2026-07-03T01:01:51.948706,2026-07-03T01:01:51.955691+00:00,112.3,200,ask,YieldingYams,WavyWalnuts,5091628
2026-07-03T01:01:53.162190,2026-07-03T01:01:53.169157+00:00,112.2,20,ask,YieldingYams,BrilliantBurritos,5091650
2026-07-03T01:01:54.366139,2026-07-03T01:01:54.372759+00:00,112.2,200,ask,YieldingYams,WavyWalnuts,5091667
2026-07-03T01:01:55.903395,2026-07-03T01:01:55.914626+00:00,112.2,200,ask,WavyWalnuts,YieldingYams,5091691
2026-07-03T01:01:57.212306,2026-07-03T01:01:57.220849+00:00,112.1,200,bid,YieldingYams,WavyWalnuts,5091720
2026-07-03T01:02:02.476104,2026-07-03T01:02:02.479838+00:00,112.2,3,bid,Xuanyu Liu,WavyWalnuts,5091809
2026-07-03T01:02:02.850571,2026-07-03T01:02:02.858583+00:00,112.3,200,bid,WavyWalnuts,YieldingYams,5091815
2026-07-03T01:02:04.059953,2026-07-03T01:02:04.068937+00:00,112.2,200,ask,YieldingYams,WavyWalnuts,5091842
2026-07-03T01:02:04.837380,2026-07-03T01:02:04.844755+00:00,112.2,20,ask,YieldingYams,BrilliantBurritos,5091863
2026-07-03T01:02:05.268124,2026-07-03T01:02:05.279651+00:00,112.3,200,ask,YieldingYams,WavyWalnuts,5091869
2026-07-03T01:02:06.475040,2026-07-03T01:02:06.483309+00:00,112.3,200,ask,YieldingYams,WavyWalnuts,5091886
2026-07-03T01:02:07.733755,2026-07-03T01:02:07.737361+00:00,112.4,11,bid,Xuanyu Liu,YieldingYams,5091910
2026-07-03T01:02:07.780243,2026-07-03T01:02:07.783676+00:00,112.4,46,bid,Xuanyu Liu,YieldingYams,5091917
2026-07-03T01:02:07.880741,2026-07-03T01:02:07.889738+00:00,112.4,22,bid,Zihao Wu,YieldingYams,5091919
2026-07-03T01:02:08.921503,2026-07-03T01:02:08.925341+00:00,112.3,11,ask,WavyWalnuts,Xuanyu Liu,5091942
2026-07-03T01:02:10.117446,2026-07-03T01:02:10.128104+00:00,112.3,200,ask,YieldingYams,WavyWalnuts,5091957
2026-07-03T01:02:11.652913,2026-07-03T01:02:11.658559+00:00,112.3,200,ask,WavyWalnuts,YieldingYams,5091988
2026-07-03T01:02:12.557006,2026-07-03T01:02:12.564113+00:00,112.1,20,ask,YieldingYams,BrilliantBurritos,5092000
2026-07-03T01:02:12.963178,2026-07-03T01:02:12.970045+00:00,112.3,200,bid,YieldingYams,WavyWalnuts,5092009
2026-07-03T01:02:13.747726,2026-07-03T01:02:13.764163+00:00,112.4,200,ask,YieldingYams,WavyWalnuts,5092017
2026-07-03T01:02:16.168440,2026-07-03T01:02:16.179764+00:00,112.2,200,ask,YieldingYams,WavyWalnuts,5092050
2026-07-03T01:02:16.914331,2026-07-03T01:02:16.918404+00:00,112.2,11,bid,Xuanyu Liu,YieldingYams,5092068
2026-07-03T01:02:17.373587,2026-07-03T01:02:17.380928+00:00,112.2,200,bid,WavyWalnuts,YieldingYams,5092074
2026-07-03T01:02:17.662320,2026-07-03T01:02:17.674013+00:00,112.2,20,bid,BrilliantBurritos,YieldingYams,5092079
2026-07-03T01:02:19.524339,2026-07-03T01:02:19.528418+00:00,112.1,11,ask,YieldingYams,Xuanyu Liu,5092108
2026-07-03T01:02:19.806245,2026-07-03T01:02:19.816300+00:00,112.1,200,ask,YieldingYams,WavyWalnuts,5092111
2026-07-03T01:02:24.849716,2026-07-03T01:02:24.858616+00:00,111.9,20,ask,WavyWalnuts,BrilliantBurritos,5092180
2026-07-03T01:02:25.783447,2026-07-03T01:02:25.794991+00:00,112.0,20,bid,BrilliantBurritos,YieldingYams,5092198
2026-07-03T01:02:27.713003,2026-07-03T01:02:27.722348+00:00,111.7,20,ask,WavyWalnuts,BrilliantBurritos,5092236
2026-07-03T01:02:28.365431,2026-07-03T01:02:28.374367+00:00,111.8,22,ask,WavyWalnuts,Zihao Wu,5092246
2026-07-03T01:02:31.310868,2026-07-03T01:02:31.321215+00:00,111.9,200,bid,YieldingYams,WavyWalnuts,5092295
2026-07-03T01:02:31.905854,2026-07-03T01:02:31.914205+00:00,111.9,200,ask,YieldingYams,WavyWalnuts,5092310
2026-07-03T01:02:34.242997,2026-07-03T01:02:34.254240+00:00,111.8,20,ask,WavyWalnuts,BrilliantBurritos,5092338
2026-07-03T01:02:35.957856,2026-07-03T01:02:35.969399+00:00,112.0,20,bid,BrilliantBurritos,WavyWalnuts,5092371
2026-07-03T01:02:37.955672,2026-07-03T01:02:37.963882+00:00,111.9,200,bid,WavyWalnuts,YieldingYams,5092408
2026-07-03T01:02:38.110547,2026-07-03T01:02:38.119049+00:00,111.9,20,bid,BrilliantBurritos,YieldingYams,5092410
2026-07-03T01:02:39.164557,2026-07-03T01:02:39.174397+00:00,111.9,200,bid,WavyWalnuts,YieldingYams,5092423
2026-07-03T01:02:45.230367,2026-07-03T01:02:45.240945+00:00,112.1,200,ask,YieldingYams,WavyWalnuts,5092524
2026-07-03T01:02:48.369752,2026-07-03T01:02:48.376900+00:00,112.0,500,ask,AverageAlmonds,YieldingYams,5092578
2026-07-03T01:02:48.795896,2026-07-03T01:02:48.802556+00:00,112.0,125,bid,AverageAlmonds,YieldingYams,5092586
2026-07-03T01:02:51.284903,2026-07-03T01:02:51.295419+00:00,112.2,200,bid,WavyWalnuts,YieldingYams,5092618
2026-07-03T01:02:52.495740,2026-07-03T01:02:52.501957+00:00,112.1,200,ask,YieldingYams,WavyWalnuts,5092636
2026-07-03T01:02:54.915055,2026-07-03T01:02:54.922621+00:00,112.1,200,ask,AverageAlmonds,WavyWalnuts,5092677
2026-07-03T01:02:54.927459,2026-07-03T01:02:54.938356+00:00,112.1,300,ask,AverageAlmonds,YieldingYams,5092678
2026-07-03T01:02:55.453979,2026-07-03T01:02:55.458642+00:00,112.1,325,bid,AverageAlmonds,YieldingYams,5092682
2026-07-03T01:02:56.234753,2026-07-03T01:02:56.242521+00:00,112.2,200,bid,YieldingYams,WavyWalnuts,5092705
2026-07-03T01:02:56.321767,2026-07-03T01:02:56.325802+00:00,112.4,35,ask,YieldingYams,Xuanyu Liu,5092708
2026-07-03T01:02:57.335022,2026-07-03T01:02:57.344083+00:00,112.4,200,ask,YieldingYams,WavyWalnuts,5092726
2026-07-03T01:02:58.447099,2026-07-03T01:02:58.451055+00:00,112.3,12,bid,Xuanyu Liu,YieldingYams,5092744
2026-07-03T01:02:59.286632,2026-07-03T01:02:59.298135+00:00,112.2,20,ask,WavyWalnuts,BrilliantBurritos,5092764
2026-07-03T01:02:59.749926,2026-07-03T01:02:59.755765+00:00,112.3,200,bid,WavyWalnuts,YieldingYams,5092774
2026-07-03T01:03:00.181500,2026-07-03T01:03:00.186162+00:00,112.2,11,bid,Xuanyu Liu,YieldingYams,5092781
2026-07-03T01:03:00.960004,2026-07-03T01:03:00.970079+00:00,112.2,200,bid,WavyWalnuts,YieldingYams,5092791
2026-07-03T01:03:02.779511,2026-07-03T01:03:02.786676+00:00,112.4,200,bid,YieldingYams,WavyWalnuts,5092827
2026-07-03T01:03:02.797168,2026-07-03T01:03:02.800819+00:00,112.5,34,ask,YieldingYams,Xuanyu Liu,5092829
2026-07-03T01:03:03.380702,2026-07-03T01:03:03.387424+00:00,112.5,200,ask,YieldingYams,WavyWalnuts,5092839
2026-07-03T01:03:04.715116,2026-07-03T01:03:04.719352+00:00,112.5,23,bid,Xuanyu Liu,YieldingYams,5092853
2026-07-03T01:03:05.407377,2026-07-03T01:03:05.425582+00:00,112.4,200,ask,WavyWalnuts,YieldingYams,5092861
2026-07-03T01:03:05.421949,2026-07-03T01:03:05.425582+00:00,112.3,23,bid,Xuanyu Liu,YieldingYams,5092863
2026-07-03T01:03:05.792211,2026-07-03T01:03:05.801878+00:00,112.3,200,bid,WavyWalnuts,YieldingYams,5092870
2026-07-03T01:03:08.809659,2026-07-03T01:03:08.817634+00:00,112.5,200,ask,WavyWalnuts,AverageAlmonds,5092910
2026-07-03T01:03:10.886057,2026-07-03T01:03:10.897855+00:00,112.4,20,ask,YieldingYams,BrilliantBurritos,5092947
2026-07-03T01:03:11.864566,2026-07-03T01:03:11.874975+00:00,112.4,200,ask,YieldingYams,WavyWalnuts,5092956
2026-07-03T01:03:13.090132,2026-07-03T01:03:13.094003+00:00,112.4,11,bid,Xuanyu Liu,WavyWalnuts,5092982
2026-07-03T01:03:13.275615,2026-07-03T01:03:13.285185+00:00,112.4,189,bid,YieldingYams,WavyWalnuts,5092989
2026-07-03T01:03:13.275615,2026-07-03T01:03:13.285185+00:00,112.5,436,bid,YieldingYams,AverageAlmonds,5092990
2026-07-03T01:03:15.915319,2026-07-03T01:03:15.918752+00:00,112.3,11,bid,Xuanyu Liu,YieldingYams,5093027
2026-07-03T01:03:16.697573,2026-07-03T01:03:16.705582+00:00,112.3,200,bid,WavyWalnuts,YieldingYams,5093038
2026-07-03T01:03:19.115269,2026-07-03T01:03:19.123362+00:00,112.3,200,bid,WavyWalnuts,YieldingYams,5093077
2026-07-03T01:03:20.578065,2026-07-03T01:03:20.581874+00:00,112.2,11,ask,YieldingYams,Xuanyu Liu,5093101
2026-07-03T01:03:21.140932,2026-07-03T01:03:21.161642+00:00,112.4,200,bid,YieldingYams,WavyWalnuts,5093108
2026-07-03T01:03:21.157829,2026-07-03T01:03:21.161642+00:00,112.4,23,ask,YieldingYams,Xuanyu Liu,5093110
2026-07-03T01:03:23.186511,2026-07-03T01:03:23.198269+00:00,112.5,20,bid,BrilliantBurritos,YieldingYams,5093142
2026-07-03T01:03:23.678015,2026-07-03T01:03:23.681343+00:00,112.5,12,bid,Xuanyu Liu,YieldingYams,5093152
2026-07-03T01:03:23.992643,2026-07-03T01:03:23.996624+00:00,112.4,11,bid,Xuanyu Liu,WavyWalnuts,5093158
2026-07-03T01:03:25.068278,2026-07-03T01:03:25.075704+00:00,112.4,189,bid,YieldingYams,WavyWalnuts,5093173
2026-07-03T01:03:26.390030,2026-07-03T01:03:26.400148+00:00,112.5,200,ask,WavyWalnuts,YieldingYams,5093187
2026-07-03T01:03:26.404683,2026-07-03T01:03:26.416084+00:00,112.4,200,bid,WavyWalnuts,YieldingYams,5093188
2026-07-03T01:03:27.698839,2026-07-03T01:03:27.705969+00:00,112.5,200,bid,YieldingYams,WavyWalnuts,5093203
2026-07-03T01:03:27.717794,2026-07-03T01:03:27.721699+00:00,112.5,23,ask,YieldingYams,Xuanyu Liu,5093205
2026-07-03T01:03:31.240970,2026-07-03T01:03:31.258623+00:00,112.6,200,bid,WavyWalnuts,YieldingYams,5093260
2026-07-03T01:03:33.225698,2026-07-03T01:03:33.229636+00:00,112.5,11,ask,YieldingYams,Xuanyu Liu,5093285
2026-07-03T01:03:33.663206,2026-07-03T01:03:33.674322+00:00,112.5,200,ask,YieldingYams,WavyWalnuts,5093291
2026-07-03T01:03:34.871311,2026-07-03T01:03:34.880823+00:00,112.5,200,ask,YieldingYams,WavyWalnuts,5093304
2026-07-03T01:03:35.928558,2026-07-03T01:03:35.938402+00:00,112.7,20,bid,BrilliantBurritos,YieldingYams,5093319
2026-07-03T01:03:36.892845,2026-07-03T01:03:36.908297+00:00,112.7,200,bid,YieldingYams,WavyWalnuts,5093335
2026-07-03T01:03:37.284137,2026-07-03T01:03:37.290642+00:00,112.7,200,ask,YieldingYams,WavyWalnuts,5093344
2026-07-03T01:03:38.501588,2026-07-03T01:03:38.518732+00:00,112.5,200,bid,WavyWalnuts,YieldingYams,5093372
2026-07-03T01:03:40.599059,2026-07-03T01:03:40.603215+00:00,112.5,12,ask,YieldingYams,Xuanyu Liu,5093395
2026-07-03T01:03:40.823541,2026-07-03T01:03:40.830693+00:00,112.6,200,bid,YieldingYams,WavyWalnuts,5093400
2026-07-03T01:03:40.841159,2026-07-03T01:03:40.844581+00:00,112.6,11,ask,YieldingYams,Xuanyu Liu,5093402
2026-07-03T01:03:42.152788,2026-07-03T01:03:42.155878+00:00,112.6,200,ask,WavyWalnuts,YieldingYams,5093414
2026-07-03T01:03:44.775997,2026-07-03T01:03:44.783598+00:00,112.5,200,ask,WavyWalnuts,YieldingYams,5093458
2026-07-03T01:03:46.085116,2026-07-03T01:03:46.095855+00:00,112.4,200,bid,YieldingYams,WavyWalnuts,5093470
2026-07-03T01:03:50.797001,2026-07-03T01:03:50.813872+00:00,112.6,20,bid,BrilliantBurritos,YieldingYams,5093523
2026-07-03T01:03:51.337606,2026-07-03T01:03:51.343804+00:00,112.5,200,ask,WavyWalnuts,YieldingYams,5093527
2026-07-03T01:03:52.647753,2026-07-03T01:03:52.658589+00:00,112.5,200,bid,YieldingYams,WavyWalnuts,5093553
2026-07-03T01:03:52.674794,2026-07-03T01:03:52.678847+00:00,112.5,3,ask,YieldingYams,Xuanyu Liu,5093555
2026-07-03T01:03:55.449914,2026-07-03T01:03:55.456037+00:00,112.5,200,ask,YieldingYams,WavyWalnuts,5093600
2026-07-03T01:03:56.020147,2026-07-03T01:03:56.030508+00:00,112.7,20,bid,BrilliantBurritos,YieldingYams,5093608
2026-07-03T01:03:57.456753,2026-07-03T01:03:57.458635+00:00,112.7,20,bid,BrilliantBurritos,YieldingYams,5093641
2026-07-03T01:03:58.446723,2026-07-03T01:03:58.464318+00:00,112.6,200,ask,WavyWalnuts,AverageAlmonds,5093648
2026-07-03T01:03:58.446723,2026-07-03T01:03:58.464318+00:00,112.6,300,ask,YieldingYams,AverageAlmonds,5093649
2026-07-03T01:03:59.197599,2026-07-03T01:03:59.204094+00:00,112.7,500,bid,YieldingYams,AverageAlmonds,5093667
2026-07-03T01:03:59.197599,2026-07-03T01:03:59.209608+00:00,112.7,125,bid,YieldingYams,WavyWalnuts,5093668
2026-07-03T01:04:01.462241,2026-07-03T01:04:01.469970+00:00,112.6,200,ask,WavyWalnuts,AverageAlmonds,5093695
2026-07-03T01:04:05.754031,2026-07-03T01:04:05.762211+00:00,112.6,200,bid,YieldingYams,WavyWalnuts,5093743
2026-07-03T01:04:12.412022,2026-07-03T01:04:12.423686+00:00,112.5,200,bid,WavyWalnuts,YieldingYams,5093839
2026-07-03T01:04:14.364538,2026-07-03T01:04:14.368386+00:00,112.6,3,bid,Xuanyu Liu,YieldingYams,5093868
2026-07-03T01:04:14.836868,2026-07-03T01:04:14.844116+00:00,112.6,200,bid,WavyWalnuts,YieldingYams,5093875
2026-07-03T01:04:15.973066,2026-07-03T01:04:15.984264+00:00,112.6,20,ask,YieldingYams,BrilliantBurritos,5093895
2026-07-03T01:04:18.466473,2026-07-03T01:04:18.477010+00:00,112.5,200,bid,WavyWalnuts,YieldingYams,5093918
2026-07-03T01:04:19.675956,2026-07-03T01:04:19.685048+00:00,112.5,200,bid,WavyWalnuts,YieldingYams,5093931
2026-07-03T01:04:19.955341,2026-07-03T01:04:19.967017+00:00,112.3,20,ask,YieldingYams,BrilliantBurritos,5093938
2026-07-03T01:04:22.105623,2026-07-03T01:04:22.116102+00:00,112.5,200,ask,YieldingYams,WavyWalnuts,5093965
2026-07-03T01:04:22.334473,2026-07-03T01:04:22.342431+00:00,112.5,20,ask,YieldingYams,BrilliantBurritos,5093968
2026-07-03T01:04:24.121224,2026-07-03T01:04:24.130346+00:00,112.5,200,bid,YieldingYams,WavyWalnuts,5093998
2026-07-03T01:04:29.935215,2026-07-03T01:04:29.943484+00:00,112.6,500,ask,YieldingYams,AverageAlmonds,5094067
2026-07-03T01:04:30.535981,2026-07-03T01:04:30.545961+00:00,112.6,125,ask,YieldingYams,AverageAlmonds,5094077
2026-07-03T01:04:30.535981,2026-07-03T01:04:30.545961+00:00,112.6,200,ask,WavyWalnuts,AverageAlmonds,5094078
2026-07-03T01:04:30.683693,2026-07-03T01:04:30.693471+00:00,112.5,200,ask,WavyWalnuts,YieldingYams,5094086
2026-07-03T01:04:31.994913,2026-07-03T01:04:32.003803+00:00,112.5,500,bid,YieldingYams,AverageAlmonds,5094108
2026-07-03T01:04:31.994913,2026-07-03T01:04:32.003803+00:00,112.5,125,bid,YieldingYams,WavyWalnuts,5094109
2026-07-03T01:04:37.854066,2026-07-03T01:04:37.858627+00:00,112.2,200,ask,YieldingYams,WavyWalnuts,5094214
2026-07-03T01:04:38.140863,2026-07-03T01:04:38.151149+00:00,112.4,20,bid,BrilliantBurritos,YieldingYams,5094216
2026-07-03T01:04:39.672917,2026-07-03T01:04:39.676585+00:00,112.5,11,bid,Xuanyu Liu,YieldingYams,5094248
2026-07-03T01:04:42.153773,2026-07-03T01:04:42.165331+00:00,112.6,20,bid,BrilliantBurritos,WavyWalnuts,5094285
2026-07-03T01:04:47.565846,2026-07-03T01:04:47.575522+00:00,112.5,200,ask,YieldingYams,WavyWalnuts,5094361
2026-07-03T01:04:47.748649,2026-07-03T01:04:47.755151+00:00,112.4,500,ask,AverageAlmonds,YieldingYams,5094370
2026-07-03T01:04:48.100003,2026-07-03T01:04:48.109395+00:00,112.4,125,bid,AverageAlmonds,YieldingYams,5094377
2026-07-03T01:04:48.777532,2026-07-03T01:04:48.785275+00:00,112.4,200,ask,AverageAlmonds,WavyWalnuts,5094390
2026-07-03T01:04:49.990275,2026-07-03T01:04:50.001181+00:00,112.5,200,ask,YieldingYams,WavyWalnuts,5094400
2026-07-03T01:04:50.381780,2026-07-03T01:04:50.385654+00:00,112.6,12,bid,Xuanyu Liu,YieldingYams,5094407
2026-07-03T01:04:51.675614,2026-07-03T01:04:51.696319+00:00,112.5,500,ask,AverageAlmonds,YieldingYams,5094432
2026-07-03T01:04:51.692877,2026-07-03T01:04:51.696319+00:00,112.5,11,bid,Xuanyu Liu,YieldingYams,5094435
2026-07-03T01:04:51.737538,2026-07-03T01:04:51.748391+00:00,112.5,114,bid,AverageAlmonds,YieldingYams,5094436
2026-07-03T01:04:52.951970,2026-07-03T01:04:52.956031+00:00,112.5,200,bid,AverageAlmonds,WavyWalnuts,5094457
2026-07-03T01:04:53.000783,2026-07-03T01:04:53.004506+00:00,112.8,23,ask,YieldingYams,Xuanyu Liu,5094462
2026-07-03T01:04:53.617169,2026-07-03T01:04:53.627417+00:00,112.8,200,ask,YieldingYams,WavyWalnuts,5094476
2026-07-03T01:04:54.828907,2026-07-03T01:04:54.838056+00:00,112.7,200,ask,YieldingYams,WavyWalnuts,5094493
2026-07-03T01:04:55.623892,2026-07-03T01:04:55.628542+00:00,112.8,12,bid,Xuanyu Liu,YieldingYams,5094513
2026-07-03T01:04:56.043501,2026-07-03T01:04:56.058795+00:00,112.6,200,ask,AverageAlmonds,WavyWalnuts,5094518
2026-07-03T01:04:56.545789,2026-07-03T01:04:56.557144+00:00,112.8,20,bid,BrilliantBurritos,YieldingYams,5094526
2026-07-03T01:04:57.252028,2026-07-03T01:04:57.259538+00:00,112.6,200,ask,YieldingYams,WavyWalnuts,5094545
2026-07-03T01:04:58.232708,2026-07-03T01:04:58.241518+00:00,112.6,500,ask,AverageAlmonds,YieldingYams,5094561
2026-07-03T01:04:58.248273,2026-07-03T01:04:58.252524+00:00,112.6,23,bid,Xuanyu Liu,YieldingYams,5094563
2026-07-03T01:04:58.360788,2026-07-03T01:04:58.372401+00:00,112.6,20,bid,BrilliantBurritos,YieldingYams,5094564
2026-07-03T01:04:58.389055,2026-07-03T01:04:58.396858+00:00,112.6,82,bid,AverageAlmonds,YieldingYams,5094565
2026-07-03T01:05:02.165904,2026-07-03T01:05:02.186831+00:00,113.0,200,bid,YieldingYams,WavyWalnuts,5094627
2026-07-03T01:05:02.182444,2026-07-03T01:05:02.186831+00:00,113.0,23,ask,YieldingYams,Xuanyu Liu,5094630
2026-07-03T01:05:04.798999,2026-07-03T01:05:04.806575+00:00,112.9,200,ask,WavyWalnuts,YieldingYams,5094668
2026-07-03T01:05:05.041727,2026-07-03T01:05:05.050951+00:00,112.8,425,bid,AverageAlmonds,YieldingYams,5094671
2026-07-03T01:05:09.895378,2026-07-03T01:05:09.902233+00:00,112.8,200,bid,AverageAlmonds,WavyWalnuts,5094733
2026-07-03T01:05:11.115033,2026-07-03T01:05:11.118469+00:00,112.9,12,ask,AverageAlmonds,Xuanyu Liu,5094754
2026-07-03T01:05:11.940227,2026-07-03T01:05:11.951615+00:00,113.0,20,bid,BrilliantBurritos,YieldingYams,5094777
2026-07-03T01:05:12.908264,2026-07-03T01:05:12.915806+00:00,112.9,500,bid,AverageAlmonds,YieldingYams,5094791
2026-07-03T01:05:12.991630,2026-07-03T01:05:12.999438+00:00,112.9,125,bid,WavyWalnuts,YieldingYams,5094793
2026-07-03T01:05:17.386574,2026-07-03T01:05:17.397864+00:00,112.8,20,ask,YieldingYams,BrilliantBurritos,5094850
2026-07-03T01:05:18.657827,2026-07-03T01:05:18.661716+00:00,112.8,11,ask,YieldingYams,Xuanyu Liu,5094882
2026-07-03T01:05:18.959001,2026-07-03T01:05:18.983154+00:00,112.9,200,bid,AverageAlmonds,WavyWalnuts,5094883
2026-07-03T01:05:18.979662,2026-07-03T01:05:18.983154+00:00,112.9,3,ask,AverageAlmonds,Xuanyu Liu,5094887
2026-07-03T01:05:19.236398,2026-07-03T01:05:19.244125+00:00,112.9,297,ask,AverageAlmonds,YieldingYams,5094891
2026-07-03T01:05:19.236398,2026-07-03T01:05:19.249427+00:00,112.9,200,ask,WavyWalnuts,YieldingYams,5094892
2026-07-03T01:05:19.557163,2026-07-03T01:05:19.563647+00:00,112.8,128,bid,AverageAlmonds,YieldingYams,5094896
2026-07-03T01:05:20.547343,2026-07-03T01:05:20.552888+00:00,113.0,500,ask,AverageAlmonds,YieldingYams,5094905
2026-07-03T01:05:20.765233,2026-07-03T01:05:20.772383+00:00,113.0,125,bid,AverageAlmonds,YieldingYams,5094911
2026-07-03T01:05:21.399286,2026-07-03T01:05:21.407126+00:00,113.1,200,bid,AverageAlmonds,WavyWalnuts,5094917
2026-07-03T01:05:21.472203,2026-07-03T01:05:21.480214+00:00,113.1,200,ask,AverageAlmonds,WavyWalnuts,5094919
2026-07-03T01:05:23.908688,2026-07-03T01:05:23.913024+00:00,113.4,3,bid,Xuanyu Liu,YieldingYams,5094958
2026-07-03T01:05:24.478012,2026-07-03T01:05:24.484781+00:00,113.4,200,bid,YieldingYams,WavyWalnuts,5094968
2026-07-03T01:05:25.792351,2026-07-03T01:05:25.799638+00:00,113.4,200,ask,WavyWalnuts,YieldingYams,5094990
2026-07-03T01:05:25.810364,2026-07-03T01:05:25.813730+00:00,113.2,23,bid,Xuanyu Liu,YieldingYams,5094992
2026-07-03T01:05:26.306218,2026-07-03T01:05:26.316100+00:00,113.2,200,bid,WavyWalnuts,YieldingYams,5095009
2026-07-03T01:05:27.113399,2026-07-03T01:05:27.117216+00:00,113.4,12,ask,YieldingYams,Xuanyu Liu,5095020
2026-07-03T01:05:27.124810,2026-07-03T01:05:27.128498+00:00,113.4,14,ask,YieldingYams,Xuanyu Liu,5095022
2026-07-03T01:05:28.407866,2026-07-03T01:05:28.415090+00:00,113.5,200,bid,YieldingYams,WavyWalnuts,5095036
2026-07-03T01:05:29.725826,2026-07-03T01:05:29.732428+00:00,113.6,200,ask,WavyWalnuts,YieldingYams,5095058
2026-07-03T01:05:29.925668,2026-07-03T01:05:29.933097+00:00,113.6,200,bid,WavyWalnuts,YieldingYams,5095066
2026-07-03T01:05:32.638097,2026-07-03T01:05:32.649492+00:00,113.8,20,bid,BrilliantBurritos,AverageAlmonds,5095111
2026-07-03T01:05:33.664668,2026-07-03T01:05:33.675212+00:00,113.7,200,bid,YieldingYams,WavyWalnuts,5095128
2026-07-03T01:05:37.190483,2026-07-03T01:05:37.200113+00:00,113.8,200,bid,WavyWalnuts,AverageAlmonds,5095180
2026-07-03T01:05:38.949995,2026-07-03T01:05:38.954034+00:00,113.7,3,bid,Xuanyu Liu,YieldingYams,5095208
2026-07-03T01:05:39.776605,2026-07-03T01:05:39.780528+00:00,113.5,3,ask,YieldingYams,Xuanyu Liu,5095229
2026-07-03T01:05:42.018298,2026-07-03T01:05:42.026336+00:00,113.6,200,bid,WavyWalnuts,YieldingYams,5095276
2026-07-03T01:05:43.783623,2026-07-03T01:05:43.795091+00:00,113.5,200,ask,WavyWalnuts,AverageAlmonds,5095297
2026-07-03T01:05:44.168700,2026-07-03T01:05:44.176567+00:00,113.5,300,bid,YieldingYams,AverageAlmonds,5095313
2026-07-03T01:05:44.324990,2026-07-03T01:05:44.336557+00:00,113.5,20,ask,YieldingYams,BrilliantBurritos,5095316
2026-07-03T01:05:44.431567,2026-07-03T01:05:44.441003+00:00,113.6,200,bid,WavyWalnuts,AverageAlmonds,5095319
2026-07-03T01:05:46.794160,2026-07-03T01:05:46.805450+00:00,113.5,200,ask,WavyWalnuts,YieldingYams,5095346
2026-07-03T01:05:46.831890,2026-07-03T01:05:46.835798+00:00,113.5,3,bid,Xuanyu Liu,YieldingYams,5095350
2026-07-03T01:05:48.064728,2026-07-03T01:05:48.068491+00:00,113.4,11,bid,Xuanyu Liu,WavyWalnuts,5095367
2026-07-03T01:05:48.103221,2026-07-03T01:05:48.112548+00:00,113.4,189,bid,YieldingYams,WavyWalnuts,5095368
2026-07-03T01:05:52.030732,2026-07-03T01:05:52.038752+00:00,113.4,200,bid,YieldingYams,WavyWalnuts,5095409
2026-07-03T01:05:53.466167,2026-07-03T01:05:53.475315+00:00,113.4,500,bid,AverageAlmonds,YieldingYams,5095433
2026-07-03T01:05:54.064967,2026-07-03T01:05:54.071478+00:00,113.4,125,bid,AverageAlmonds,YieldingYams,5095436
2026-07-03T01:05:54.647604,2026-07-03T01:05:54.658607+00:00,113.5,200,bid,YieldingYams,WavyWalnuts,5095443
2026-07-03T01:05:55.599487,2026-07-03T01:05:55.604000+00:00,113.5,11,ask,YieldingYams,Xuanyu Liu,5095456
2026-07-03T01:05:56.580139,2026-07-03T01:05:56.591905+00:00,113.4,20,ask,AverageAlmonds,BrilliantBurritos,5095471
2026-07-03T01:05:57.269856,2026-07-03T01:05:57.280003+00:00,113.4,200,ask,WavyWalnuts,YieldingYams,5095484
2026-07-03T01:05:57.269856,2026-07-03T01:05:57.280003+00:00,113.4,425,ask,AverageAlmonds,YieldingYams,5095485
2026-07-03T01:05:58.580868,2026-07-03T01:05:58.587636+00:00,113.5,200,bid,YieldingYams,WavyWalnuts,5095502
2026-07-03T01:06:00.151761,2026-07-03T01:06:00.158575+00:00,113.6,200,bid,WavyWalnuts,YieldingYams,5095523
2026-07-03T01:06:00.818223,2026-07-03T01:06:00.829706+00:00,113.6,20,bid,BrilliantBurritos,YieldingYams,5095533
2026-07-03T01:06:01.220007,2026-07-03T01:06:01.223759+00:00,113.6,3,ask,YieldingYams,Xuanyu Liu,5095538
2026-07-03T01:06:03.582230,2026-07-03T01:06:03.594086+00:00,113.6,20,ask,WavyWalnuts,BrilliantBurritos,5095573
2026-07-03T01:06:09.082700,2026-07-03T01:06:09.091340+00:00,113.5,200,ask,WavyWalnuts,YieldingYams,5095634
2026-07-03T01:06:09.082700,2026-07-03T01:06:09.091340+00:00,113.4,425,ask,AverageAlmonds,YieldingYams,5095635
2026-07-03T01:06:11.064395,2026-07-03T01:06:11.074251+00:00,113.8,200,bid,WavyWalnuts,YieldingYams,5095663
2026-07-03T01:06:11.527661,2026-07-03T01:06:11.534246+00:00,113.6,20,ask,YieldingYams,BrilliantBurritos,5095674
2026-07-03T01:06:13.481226,2026-07-03T01:06:13.490866+00:00,113.7,200,ask,YieldingYams,WavyWalnuts,5095702
2026-07-03T01:06:17.137571,2026-07-03T01:06:17.150515+00:00,113.6,200,ask,YieldingYams,WavyWalnuts,5095757
2026-07-03T01:06:18.344569,2026-07-03T01:06:18.364085+00:00,113.5,200,bid,WavyWalnuts,YieldingYams,5095770
2026-07-03T01:06:18.589317,2026-07-03T01:06:18.596883+00:00,113.5,20,bid,BrilliantBurritos,YieldingYams,5095778
2026-07-03T01:06:19.554431,2026-07-03T01:06:19.556166+00:00,113.5,200,bid,WavyWalnuts,YieldingYams,5095799
2026-07-03T01:06:20.707641,2026-07-03T01:06:20.718083+00:00,113.5,500,bid,AverageAlmonds,YieldingYams,5095820
2026-07-03T01:06:20.764231,2026-07-03T01:06:20.774279+00:00,113.5,125,bid,WavyWalnuts,YieldingYams,5095822
2026-07-03T01:06:22.140737,2026-07-03T01:06:22.158605+00:00,113.8,20,bid,BrilliantBurritos,YieldingYams,5095841
2026-07-03T01:06:26.831646,2026-07-03T01:06:26.839043+00:00,113.5,200,ask,YieldingYams,WavyWalnuts,5095897
2026-07-03T01:06:28.037587,2026-07-03T01:06:28.046254+00:00,113.6,200,bid,WavyWalnuts,YieldingYams,5095928
2026-07-03T01:06:29.014602,2026-07-03T01:06:29.025887+00:00,113.3,20,ask,YieldingYams,BrilliantBurritos,5095942
2026-07-03T01:06:29.245303,2026-07-03T01:06:29.252610+00:00,113.5,200,bid,WavyWalnuts,YieldingYams,5095947
2026-07-03T01:06:29.316983,2026-07-03T01:06:29.328407+00:00,113.3,20,ask,AverageAlmonds,BrilliantBurritos,5095948
2026-07-03T01:06:31.378060,2026-07-03T01:06:31.386992+00:00,113.5,200,ask,WavyWalnuts,YieldingYams,5095986
2026-07-03T01:06:31.662519,2026-07-03T01:06:31.669894+00:00,113.5,200,bid,WavyWalnuts,YieldingYams,5095992
2026-07-03T01:06:32.303140,2026-07-03T01:06:32.314629+00:00,113.5,20,bid,BrilliantBurritos,YieldingYams,5096003
2026-07-03T01:06:34.157065,2026-07-03T01:06:34.168681+00:00,113.7,20,bid,BrilliantBurritos,YieldingYams,5096030
2026-07-03T01:06:37.731222,2026-07-03T01:06:37.742170+00:00,113.5,200,ask,AverageAlmonds,WavyWalnuts,5096068
2026-07-03T01:06:38.273769,2026-07-03T01:06:38.281780+00:00,113.6,500,bid,AverageAlmonds,YieldingYams,5096075
2026-07-03T01:06:38.870596,2026-07-03T01:06:38.879361+00:00,113.6,125,bid,AverageAlmonds,YieldingYams,5096086
2026-07-03T01:06:38.939133,2026-07-03T01:06:38.949714+00:00,113.6,200,ask,AverageAlmonds,WavyWalnuts,5096088
2026-07-03T01:06:40.147901,2026-07-03T01:06:40.158580+00:00,113.7,200,ask,YieldingYams,WavyWalnuts,5096112
2026-07-03T01:06:40.636139,2026-07-03T01:06:40.642547+00:00,113.7,20,bid,BrilliantBurritos,YieldingYams,5096121
2026-07-03T01:06:42.567100,2026-07-03T01:06:42.574307+00:00,113.8,200,bid,WavyWalnuts,YieldingYams,5096141
2026-07-03T01:06:43.063771,2026-07-03T01:06:43.067201+00:00,113.6,3,ask,YieldingYams,Xuanyu Liu,5096159
2026-07-03T01:06:43.776139,2026-07-03T01:06:43.785214+00:00,113.8,200,bid,WavyWalnuts,YieldingYams,5096165
2026-07-03T01:06:44.512934,2026-07-03T01:06:44.516591+00:00,113.8,23,ask,YieldingYams,Xuanyu Liu,5096182
2026-07-03T01:06:44.944981,2026-07-03T01:06:44.952884+00:00,113.8,500,ask,YieldingYams,AverageAlmonds,5096189
2026-07-03T01:06:45.539469,2026-07-03T01:06:45.541351+00:00,113.8,102,ask,YieldingYams,AverageAlmonds,5096195
2026-07-03T01:06:45.806942,2026-07-03T01:06:45.813487+00:00,113.7,200,ask,WavyWalnuts,YieldingYams,5096202
2026-07-03T01:06:45.826474,2026-07-03T01:06:45.834605+00:00,113.4,20,ask,YieldingYams,BrilliantBurritos,5096204
2026-07-03T01:06:47.383407,2026-07-03T01:06:47.393279+00:00,113.7,500,ask,YieldingYams,AverageAlmonds,5096223
2026-07-03T01:06:47.978992,2026-07-03T01:06:47.985400+00:00,113.7,125,ask,YieldingYams,AverageAlmonds,5096227
2026-07-03T01:06:48.615543,2026-07-03T01:06:48.626913+00:00,113.7,200,bid,WavyWalnuts,YieldingYams,5096237
2026-07-03T01:06:52.355339,2026-07-03T01:06:52.357670+00:00,113.7,500,bid,YieldingYams,AverageAlmonds,5096288
2026-07-03T01:06:52.821985,2026-07-03T01:06:52.828837+00:00,113.7,125,ask,YieldingYams,AverageAlmonds,5096295
2026-07-03T01:06:55.706016,2026-07-03T01:06:55.710279+00:00,113.4,34,ask,WavyWalnuts,Xuanyu Liu,5096336
2026-07-03T01:06:55.796469,2026-07-03T01:06:55.807430+00:00,113.4,22,ask,WavyWalnuts,Zihao Wu,5096339
2026-07-03T01:06:55.895308,2026-07-03T01:06:55.906195+00:00,113.5,200,bid,WavyWalnuts,YieldingYams,5096342
2026-07-03T01:06:56.299273,2026-07-03T01:06:56.309131+00:00,113.6,20,bid,BrilliantBurritos,YieldingYams,5096353
2026-07-03T01:06:58.923840,2026-07-03T01:06:58.942527+00:00,113.5,200,ask,WavyWalnuts,YieldingYams,5096399
2026-07-03T01:06:58.938060,2026-07-03T01:06:58.942527+00:00,113.5,11,bid,Xuanyu Liu,YieldingYams,5096401
2026-07-03T01:06:59.208691,2026-07-03T01:06:59.215318+00:00,113.5,20,bid,BrilliantBurritos,YieldingYams,5096404
2026-07-03T01:07:00.248431,2026-07-03T01:07:00.252520+00:00,113.5,11,ask,YieldingYams,Xuanyu Liu,5096420
2026-07-03T01:07:01.545403,2026-07-03T01:07:01.554137+00:00,113.6,200,bid,YieldingYams,WavyWalnuts,5096438
2026-07-03T01:07:03.712229,2026-07-03T01:07:03.719424+00:00,113.6,500,ask,YieldingYams,AverageAlmonds,5096480
2026-07-03T01:07:04.175678,2026-07-03T01:07:04.184199+00:00,113.6,200,ask,WavyWalnuts,YieldingYams,5096493
2026-07-03T01:07:04.363904,2026-07-03T01:07:04.375284+00:00,113.6,200,bid,WavyWalnuts,YieldingYams,5096497
2026-07-03T01:07:05.209774,2026-07-03T01:07:05.213194+00:00,113.4,11,ask,YieldingYams,Xuanyu Liu,5096516
2026-07-03T01:07:05.598585,2026-07-03T01:07:05.602807+00:00,113.6,23,ask,WavyWalnuts,Xuanyu Liu,5096519
2026-07-03T01:07:06.795225,2026-07-03T01:07:06.803534+00:00,113.7,200,bid,WavyWalnuts,YieldingYams,5096537
2026-07-03T01:07:08.002739,2026-07-03T01:07:08.010829+00:00,113.6,200,bid,WavyWalnuts,YieldingYams,5096558
2026-07-03T01:07:08.314544,2026-07-03T01:07:08.318384+00:00,113.6,11,bid,Xuanyu Liu,YieldingYams,5096561
2026-07-03T01:07:10.737620,2026-07-03T01:07:10.745036+00:00,113.4,200,ask,WavyWalnuts,YieldingYams,5096597
2026-07-03T01:07:10.756503,2026-07-03T01:07:10.760305+00:00,113.4,23,bid,Xuanyu Liu,YieldingYams,5096599
2026-07-03T01:07:11.641127,2026-07-03T01:07:11.648624+00:00,113.4,200,bid,WavyWalnuts,YieldingYams,5096608
2026-07-03T01:07:13.352337,2026-07-03T01:07:13.356478+00:00,113.4,200,ask,WavyWalnuts,YieldingYams,5096632
2026-07-03T01:07:15.270056,2026-07-03T01:07:15.276878+00:00,113.4,200,ask,YieldingYams,WavyWalnuts,5096654
2026-07-03T01:07:19.022620,2026-07-03T01:07:19.033970+00:00,113.6,22,bid,Zihao Wu,YieldingYams,5096694
2026-07-03T01:07:21.325389,2026-07-03T01:07:21.334335+00:00,113.5,200,bid,WavyWalnuts,YieldingYams,5096722
2026-07-03T01:07:21.747040,2026-07-03T01:07:21.763646+00:00,113.5,20,bid,BrilliantBurritos,YieldingYams,5096732
2026-07-03T01:07:22.540130,2026-07-03T01:07:22.547262+00:00,113.3,200,bid,WavyWalnuts,YieldingYams,5096736
2026-07-03T01:07:23.752927,2026-07-03T01:07:23.752730+00:00,113.3,200,bid,WavyWalnuts,YieldingYams,5096754
2026-07-03T01:07:24.131321,2026-07-03T01:07:24.135759+00:00,113.5,23,bid,Xuanyu Liu,YieldingYams,5096759
2026-07-03T01:07:26.463319,2026-07-03T01:07:26.471723+00:00,113.5,500,bid,YieldingYams,AverageAlmonds,5096795
2026-07-03T01:07:26.463319,2026-07-03T01:07:26.471723+00:00,113.5,125,bid,YieldingYams,WavyWalnuts,5096796
2026-07-03T01:07:28.038205,2026-07-03T01:07:28.049882+00:00,113.4,20,ask,YieldingYams,BrilliantBurritos,5096816
2026-07-03T01:07:30.210520,2026-07-03T01:07:30.221880+00:00,113.3,20,ask,YieldingYams,BrilliantBurritos,5096841
2026-07-03T01:07:30.480425,2026-07-03T01:07:30.484279+00:00,113.4,23,bid,Xuanyu Liu,WavyWalnuts,5096844
2026-07-03T01:07:31.761452,2026-07-03T01:07:31.772733+00:00,113.4,20,bid,BrilliantBurritos,WavyWalnuts,5096858
2026-07-03T01:07:32.241634,2026-07-03T01:07:32.249503+00:00,113.3,200,ask,YieldingYams,WavyWalnuts,5096861
2026-07-03T01:07:34.330741,2026-07-03T01:07:34.338082+00:00,113.4,200,ask,WavyWalnuts,YieldingYams,5096891
2026-07-03T01:07:35.007206,2026-07-03T01:07:35.018605+00:00,113.2,20,ask,WavyWalnuts,BrilliantBurritos,5096897
2026-07-03T01:07:38.806914,2026-07-03T01:07:38.818417+00:00,113.2,20,ask,AverageAlmonds,BrilliantBurritos,5096952
2026-07-03T01:07:42.012904,2026-07-03T01:07:42.024362+00:00,113.3,20,ask,WavyWalnuts,BrilliantBurritos,5096992
2026-07-03T01:07:44.368310,2026-07-03T01:07:44.371719+00:00,113.2,14,bid,Xuanyu Liu,WavyWalnuts,5097018
2026-07-03T01:07:45.000457,2026-07-03T01:07:45.012035+00:00,113.2,20,bid,BrilliantBurritos,WavyWalnuts,5097031
2026-07-03T01:07:45.559922,2026-07-03T01:07:45.568782+00:00,113.1,200,ask,YieldingYams,WavyWalnuts,5097037
2026-07-03T01:07:46.161258,2026-07-03T01:07:46.169430+00:00,113.1,500,ask,AverageAlmonds,YieldingYams,5097045
2026-07-03T01:07:46.718065,2026-07-03T01:07:46.728563+00:00,113.1,125,bid,AverageAlmonds,YieldingYams,5097052
2026-07-03T01:07:47.329645,2026-07-03T01:07:47.336962+00:00,113.2,200,bid,AverageAlmonds,WavyWalnuts,5097065
2026-07-03T01:07:49.229179,2026-07-03T01:07:49.240675+00:00,113.2,20,ask,YieldingYams,BrilliantBurritos,5097086
2026-07-03T01:07:51.402160,2026-07-03T01:07:51.411696+00:00,113.2,200,bid,YieldingYams,WavyWalnuts,5097126
2026-07-03T01:07:51.608371,2026-07-03T01:07:51.619622+00:00,113.3,200,ask,YieldingYams,WavyWalnuts,5097133
2026-07-03T01:07:53.716694,2026-07-03T01:07:53.728003+00:00,113.3,20,bid,BrilliantBurritos,YieldingYams,5097155
2026-07-03T01:07:54.035787,2026-07-03T01:07:54.043620+00:00,113.2,200,ask,YieldingYams,WavyWalnuts,5097169
2026-07-03T01:07:58.999584,2026-07-03T01:07:59.003437+00:00,113.2,26,bid,Xuanyu Liu,WavyWalnuts,5097226
2026-07-03T01:08:00.082806,2026-07-03T01:08:00.090155+00:00,113.2,200,bid,WavyWalnuts,YieldingYams,5097245
2026-07-03T01:08:02.160058,2026-07-03T01:08:02.163926+00:00,113.3,12,ask,AverageAlmonds,Xuanyu Liu,5097274
2026-07-03T01:08:02.504138,2026-07-03T01:08:02.515311+00:00,113.3,200,ask,YieldingYams,WavyWalnuts,5097280
2026-07-03T01:08:03.247814,2026-07-03T01:08:03.253903+00:00,113.5,20,bid,BrilliantBurritos,YieldingYams,5097293
2026-07-03T01:08:03.710687,2026-07-03T01:08:03.719604+00:00,113.3,200,ask,YieldingYams,WavyWalnuts,5097300
2026-07-03T01:08:04.897134,2026-07-03T01:08:04.904461+00:00,113.4,500,bid,AverageAlmonds,YieldingYams,5097312
2026-07-03T01:08:06.098122,2026-07-03T01:08:06.104688+00:00,113.4,200,bid,AverageAlmonds,WavyWalnuts,5097323
2026-07-03T01:08:07.353873,2026-07-03T01:08:07.358551+00:00,113.4,200,ask,AverageAlmonds,WavyWalnuts,5097347
2026-07-03T01:08:08.611966,2026-07-03T01:08:08.623304+00:00,113.5,20,bid,BrilliantBurritos,YieldingYams,5097361
2026-07-03T01:08:09.756546,2026-07-03T01:08:09.758549+00:00,113.3,200,ask,WavyWalnuts,YieldingYams,5097370
2026-07-03T01:08:09.756546,2026-07-03T01:08:09.769421+00:00,113.3,425,ask,AverageAlmonds,YieldingYams,5097371
2026-07-03T01:08:10.989852,2026-07-03T01:08:11.000136+00:00,113.3,200,ask,AverageAlmonds,WavyWalnuts,5097391
2026-07-03T01:08:12.201049,2026-07-03T01:08:12.211058+00:00,113.4,200,ask,YieldingYams,WavyWalnuts,5097403
2026-07-03T01:08:13.684205,2026-07-03T01:08:13.692045+00:00,113.5,200,bid,YieldingYams,WavyWalnuts,5097426
2026-07-03T01:08:15.872845,2026-07-03T01:08:15.876854+00:00,113.5,11,ask,AverageAlmonds,Xuanyu Liu,5097461
2026-07-03T01:08:16.306258,2026-07-03T01:08:16.314428+00:00,113.5,489,ask,AverageAlmonds,YieldingYams,5097465
2026-07-03T01:08:16.374068,2026-07-03T01:08:16.384683+00:00,113.5,136,bid,AverageAlmonds,YieldingYams,5097466
2026-07-03T01:08:17.039534,2026-07-03T01:08:17.058808+00:00,113.4,200,ask,AverageAlmonds,WavyWalnuts,5097479
2026-07-03T01:08:17.664467,2026-07-03T01:08:17.668186+00:00,113.6,3,ask,YieldingYams,Xuanyu Liu,5097489
2026-07-03T01:08:18.249146,2026-07-03T01:08:18.268688+00:00,113.6,200,ask,YieldingYams,WavyWalnuts,5097494
2026-07-03T01:08:28.372098,2026-07-03T01:08:28.383840+00:00,113.6,20,ask,WavyWalnuts,BrilliantBurritos,5097627
2026-07-03T01:08:29.465272,2026-07-03T01:08:29.474690+00:00,113.6,200,ask,WavyWalnuts,YieldingYams,5097650
2026-07-03T01:08:32.779200,2026-07-03T01:08:32.790645+00:00,113.6,200,bid,WavyWalnuts,YieldingYams,5097686
2026-07-03T01:08:34.711420,2026-07-03T01:08:34.718301+00:00,113.5,200,ask,WavyWalnuts,YieldingYams,5097713
2026-07-03T01:08:35.773349,2026-07-03T01:08:35.782618+00:00,113.4,425,bid,AverageAlmonds,YieldingYams,5097729
2026-07-03T01:08:39.951085,2026-07-03T01:08:39.954196+00:00,113.6,200,bid,YieldingYams,WavyWalnuts,5097797
2026-07-03T01:08:40.039015,2026-07-03T01:08:40.048141+00:00,113.6,200,ask,YieldingYams,WavyWalnuts,5097805
2026-07-03T01:08:41.268793,2026-07-03T01:08:41.279808+00:00,113.7,200,ask,WavyWalnuts,YieldingYams,5097813
2026-07-03T01:08:41.285608,2026-07-03T01:08:41.289676+00:00,113.7,3,bid,Xuanyu Liu,YieldingYams,5097816
2026-07-03T01:08:43.888379,2026-07-03T01:08:43.895051+00:00,113.7,200,bid,YieldingYams,WavyWalnuts,5097859
2026-07-03T01:08:44.875252,2026-07-03T01:08:44.882942+00:00,113.7,200,ask,YieldingYams,WavyWalnuts,5097872
2026-07-03T01:08:45.213919,2026-07-03T01:08:45.217400+00:00,113.7,11,bid,Xuanyu Liu,YieldingYams,5097885
2026-07-03T01:08:46.080205,2026-07-03T01:08:46.089862+00:00,113.7,200,bid,WavyWalnuts,YieldingYams,5097895
2026-07-03T01:08:50.946136,2026-07-03T01:08:50.953095+00:00,113.8,200,ask,YieldingYams,WavyWalnuts,5097961
2026-07-03T01:08:52.146111,2026-07-03T01:08:52.154645+00:00,113.9,20,bid,BrilliantBurritos,AverageAlmonds,5097969
2026-07-03T01:09:02.398435,2026-07-03T01:09:02.405692+00:00,113.7,20,bid,BrilliantBurritos,WavyWalnuts,5098114
2026-07-03T01:09:03.046544,2026-07-03T01:09:03.045672+00:00,113.6,200,ask,YieldingYams,WavyWalnuts,5098116
2026-07-03T01:09:03.131871,2026-07-03T01:09:03.143394+00:00,113.8,20,bid,BrilliantBurritos,YieldingYams,5098118
2026-07-03T01:09:04.256165,2026-07-03T01:09:04.263932+00:00,113.6,200,ask,YieldingYams,WavyWalnuts,5098129
2026-07-03T01:09:06.465155,2026-07-03T01:09:06.469274+00:00,113.4,11,ask,WavyWalnuts,Xuanyu Liu,5098156
2026-07-03T01:09:09.102495,2026-07-03T01:09:09.106062+00:00,113.5,3,ask,WavyWalnuts,Xuanyu Liu,5098194
2026-07-03T01:09:10.296817,2026-07-03T01:09:10.304516+00:00,113.6,200,bid,WavyWalnuts,YieldingYams,5098214
2026-07-03T01:09:17.993273,2026-07-03T01:09:18.004122+00:00,113.5,200,ask,WavyWalnuts,YieldingYams,5098329
2026-07-03T01:09:28.458143,2026-07-03T01:09:28.468644+00:00,113.5,200,ask,YieldingYams,WavyWalnuts,5098450
2026-07-03T01:09:28.743888,2026-07-03T01:09:28.758554+00:00,113.3,20,ask,WavyWalnuts,BrilliantBurritos,5098457
2026-07-03T01:09:32.117348,2026-07-03T01:09:32.121042+00:00,113.4,3,ask,WavyWalnuts,Xuanyu Liu,5098516
2026-07-03T01:09:33.222664,2026-07-03T01:09:33.228975+00:00,113.6,20,bid,BrilliantBurritos,WavyWalnuts,5098531
2026-07-03T01:09:33.335185,2026-07-03T01:09:33.338776+00:00,113.5,11,ask,WavyWalnuts,Xuanyu Liu,5098535
2026-07-03T01:09:34.540710,2026-07-03T01:09:34.544378+00:00,113.6,12,ask,WavyWalnuts,Xuanyu Liu,5098557
2026-07-03T01:09:35.044960,2026-07-03T01:09:35.058569+00:00,113.6,188,ask,WavyWalnuts,YieldingYams,5098560
2026-07-03T01:09:36.354013,2026-07-03T01:09:36.358590+00:00,113.6,200,bid,YieldingYams,WavyWalnuts,5098587
2026-07-03T01:09:36.942559,2026-07-03T01:09:36.958595+00:00,113.7,200,bid,WavyWalnuts,AverageAlmonds,5098597
2026-07-03T01:09:37.004207,2026-07-03T01:09:37.007574+00:00,113.7,23,bid,Xuanyu Liu,AverageAlmonds,5098599
2026-07-03T01:09:37.680876,2026-07-03T01:09:37.684336+00:00,113.6,3,bid,Xuanyu Liu,YieldingYams,5098611
2026-07-03T01:09:38.154088,2026-07-03T01:09:38.158563+00:00,113.6,200,bid,WavyWalnuts,YieldingYams,5098616
2026-07-03T01:09:39.362010,2026-07-03T01:09:39.370492+00:00,113.7,200,ask,YieldingYams,WavyWalnuts,5098628
2026-07-03T01:09:41.603370,2026-07-03T01:09:41.612303+00:00,113.7,200,ask,WavyWalnuts,YieldingYams,5098649
2026-07-03T01:09:43.379052,2026-07-03T01:09:43.383200+00:00,113.6,3,ask,YieldingYams,Xuanyu Liu,5098684
2026-07-03T01:09:44.230898,2026-07-03T01:09:44.234997+00:00,113.7,3,ask,WavyWalnuts,Xuanyu Liu,5098691
2026-07-03T01:09:49.473138,2026-07-03T01:09:49.480080+00:00,113.6,500,ask,AverageAlmonds,YieldingYams,5098752
2026-07-03T01:09:51.466051,2026-07-03T01:09:51.474155+00:00,113.6,200,bid,WavyWalnuts,YieldingYams,5098779
2026-07-03T01:09:52.864914,2026-07-03T01:09:52.868635+00:00,113.5,8,ask,YieldingYams,Xuanyu Liu,5098801
2026-07-03T01:09:57.504995,2026-07-03T01:09:57.515053+00:00,113.6,20,ask,WavyWalnuts,BrilliantBurritos,5098851
2026-07-03T01:09:58.652211,2026-07-03T01:09:58.668923+00:00,113.5,200,ask,WavyWalnuts,YieldingYams,5098862
2026-07-03T01:09:58.728085,2026-07-03T01:09:58.737133+00:00,113.4,200,ask,AverageAlmonds,WavyWalnuts,5098864
2026-07-03T01:09:59.960981,2026-07-03T01:09:59.969686+00:00,113.5,200,bid,YieldingYams,WavyWalnuts,5098885
2026-07-03T01:10:01.154618,2026-07-03T01:10:01.162115+00:00,113.5,200,ask,YieldingYams,WavyWalnuts,5098904
2026-07-03T01:10:02.186504,2026-07-03T01:10:02.199632+00:00,113.4,20,ask,AverageAlmonds,BrilliantBurritos,5098917
2026-07-03T01:10:02.320458,2026-07-03T01:10:02.331502+00:00,113.5,500,bid,AverageAlmonds,YieldingYams,5098920
2026-07-03T01:10:02.362633,2026-07-03T01:10:02.369774+00:00,113.5,125,bid,WavyWalnuts,YieldingYams,5098921
2026-07-03T01:10:06.516715,2026-07-03T01:10:06.523921+00:00,113.6,200,ask,WavyWalnuts,YieldingYams,5098971
2026-07-03T01:10:06.516715,2026-07-03T01:10:06.529132+00:00,113.5,425,ask,AverageAlmonds,YieldingYams,5098972
2026-07-03T01:10:07.206990,2026-07-03T01:10:07.216488+00:00,113.6,200,ask,AverageAlmonds,WavyWalnuts,5098981
2026-07-03T01:10:09.622434,2026-07-03T01:10:09.633373+00:00,113.6,200,ask,YieldingYams,WavyWalnuts,5099015
2026-07-03T01:10:10.830364,2026-07-03T01:10:10.838484+00:00,113.6,200,ask,YieldingYams,WavyWalnuts,5099029
2026-07-03T01:10:11.775850,2026-07-03T01:10:11.779656+00:00,113.7,11,bid,Xuanyu Liu,YieldingYams,5099042
2026-07-03T01:10:11.784978,2026-07-03T01:10:11.788722+00:00,113.7,3,bid,Xuanyu Liu,YieldingYams,5099044
2026-07-03T01:10:12.061520,2026-07-03T01:10:12.069318+00:00,113.6,200,ask,AverageAlmonds,WavyWalnuts,5099048
2026-07-03T01:10:13.071190,2026-07-03T01:10:13.080210+00:00,113.6,500,ask,AverageAlmonds,YieldingYams,5099062
2026-07-03T01:10:13.223699,2026-07-03T01:10:13.234023+00:00,113.6,125,bid,AverageAlmonds,YieldingYams,5099065
2026-07-03T01:10:16.911423,2026-07-03T01:10:16.920897+00:00,113.8,200,bid,WavyWalnuts,YieldingYams,5099100
2026-07-03T01:10:18.307185,2026-07-03T01:10:18.315574+00:00,113.9,500,bid,YieldingYams,AverageAlmonds,5099119
2026-07-03T01:10:18.679460,2026-07-03T01:10:18.691009+00:00,113.9,125,ask,YieldingYams,AverageAlmonds,5099122
2026-07-03T01:10:20.541442,2026-07-03T01:10:20.549312+00:00,113.8,200,bid,WavyWalnuts,YieldingYams,5099137
2026-07-03T01:10:20.657345,2026-07-03T01:10:20.668954+00:00,113.8,20,bid,BrilliantBurritos,YieldingYams,5099138
2026-07-03T01:10:21.700400,2026-07-03T01:10:21.707634+00:00,113.8,500,ask,YieldingYams,AverageAlmonds,5099151
2026-07-03T01:10:22.234588,2026-07-03T01:10:22.245473+00:00,113.8,200,ask,WavyWalnuts,YieldingYams,5099154
2026-07-03T01:10:23.457850,2026-07-03T01:10:23.469418+00:00,113.7,20,ask,WavyWalnuts,BrilliantBurritos,5099168
2026-07-03T01:10:26.359746,2026-07-03T01:10:26.369453+00:00,113.7,20,ask,YieldingYams,BrilliantBurritos,5099197
2026-07-03T01:10:28.672183,2026-07-03T01:10:28.683902+00:00,113.7,20,ask,YieldingYams,BrilliantBurritos,5099219
2026-07-03T01:10:31.416103,2026-07-03T01:10:31.423439+00:00,113.7,200,ask,YieldingYams,WavyWalnuts,5099253
2026-07-03T01:10:32.004008,2026-07-03T01:10:32.013720+00:00,113.8,500,ask,YieldingYams,AverageAlmonds,5099257
2026-07-03T01:10:32.602829,2026-07-03T01:10:32.611609+00:00,113.8,125,ask,YieldingYams,AverageAlmonds,5099264
2026-07-03T01:10:32.734461,2026-07-03T01:10:32.744092+00:00,113.6,200,ask,WavyWalnuts,YieldingYams,5099267
2026-07-03T01:10:33.355872,2026-07-03T01:10:33.358601+00:00,113.3,20,ask,YieldingYams,BrilliantBurritos,5099276
2026-07-03T01:10:33.827311,2026-07-03T01:10:33.834314+00:00,113.6,200,bid,WavyWalnuts,YieldingYams,5099281
2026-07-03T01:10:37.716982,2026-07-03T01:10:37.725217+00:00,113.5,20,ask,YieldingYams,BrilliantBurritos,5099333
2026-07-03T01:10:37.971118,2026-07-03T01:10:37.977396+00:00,113.7,200,bid,YieldingYams,WavyWalnuts,5099336
2026-07-03T01:10:37.990635,2026-07-03T01:10:37.995030+00:00,113.7,14,ask,YieldingYams,Xuanyu Liu,5099338
2026-07-03T01:10:39.890714,2026-07-03T01:10:39.896977+00:00,113.7,200,ask,YieldingYams,WavyWalnuts,5099363
2026-07-03T01:10:40.258516,2026-07-03T01:10:40.262799+00:00,113.8,11,bid,Xuanyu Liu,AverageAlmonds,5099371
2026-07-03T01:10:41.101297,2026-07-03T01:10:41.112092+00:00,113.6,200,ask,YieldingYams,WavyWalnuts,5099383
2026-07-03T01:10:41.917494,2026-07-03T01:10:41.921138+00:00,113.7,3,bid,Xuanyu Liu,YieldingYams,5099397
2026-07-03T01:10:48.384266,2026-07-03T01:10:48.393828+00:00,113.8,200,bid,WavyWalnuts,AverageAlmonds,5099469
2026-07-03T01:10:48.457223,2026-07-03T01:10:48.464352+00:00,113.8,300,bid,YieldingYams,AverageAlmonds,5099471
2026-07-03T01:10:48.944140,2026-07-03T01:10:48.949229+00:00,113.9,325,ask,YieldingYams,AverageAlmonds,5099472
2026-07-03T01:10:49.196751,2026-07-03T01:10:49.207636+00:00,113.8,20,bid,BrilliantBurritos,AverageAlmonds,5099475
2026-07-03T01:10:51.082142,2026-07-03T01:10:51.088736+00:00,113.6,200,ask,WavyWalnuts,YieldingYams,5099498
2026-07-03T01:10:52.028312,2026-07-03T01:10:52.031629+00:00,113.5,3,bid,Xuanyu Liu,WavyWalnuts,5099511
2026-07-03T01:10:55.030114,2026-07-03T01:10:55.037417+00:00,113.5,200,bid,YieldingYams,WavyWalnuts,5099544
2026-07-03T01:10:56.728362,2026-07-03T01:10:56.739620+00:00,113.5,20,ask,YieldingYams,BrilliantBurritos,5099565
2026-07-03T01:11:00.283709,2026-07-03T01:11:00.292944+00:00,113.4,200,ask,WavyWalnuts,YieldingYams,5099612
2026-07-03T01:11:02.908303,2026-07-03T01:11:02.916265+00:00,113.4,200,ask,WavyWalnuts,YieldingYams,5099645
2026-07-03T01:11:02.923442,2026-07-03T01:11:02.932018+00:00,113.4,200,bid,WavyWalnuts,YieldingYams,5099647
2026-07-03T01:11:05.344699,2026-07-03T01:11:05.354431+00:00,113.4,200,bid,WavyWalnuts,YieldingYams,5099681
2026-07-03T01:11:05.628574,2026-07-03T01:11:05.632463+00:00,113.5,3,ask,YieldingYams,Xuanyu Liu,5099684
2026-07-03T01:11:06.557563,2026-07-03T01:11:06.569023+00:00,113.5,200,ask,YieldingYams,WavyWalnuts,5099695
2026-07-03T01:11:07.764687,2026-07-03T01:11:07.772458+00:00,113.4,200,ask,YieldingYams,WavyWalnuts,5099717
2026-07-03T01:11:08.731853,2026-07-03T01:11:08.735323+00:00,113.6,14,bid,Xuanyu Liu,YieldingYams,5099736
2026-07-03T01:11:08.987674,2026-07-03T01:11:08.991393+00:00,113.5,12,bid,Xuanyu Liu,WavyWalnuts,5099739
2026-07-03T01:11:09.869480,2026-07-03T01:11:09.873429+00:00,113.4,12,ask,YieldingYams,Xuanyu Liu,5099757
2026-07-03T01:11:11.401664,2026-07-03T01:11:11.405257+00:00,113.5,5,ask,WavyWalnuts,Xuanyu Liu,5099779
2026-07-03T01:11:12.735269,2026-07-03T01:11:12.746861+00:00,113.6,20,bid,BrilliantBurritos,YieldingYams,5099790
2026-07-03T01:11:15.006650,2026-07-03T01:11:15.015881+00:00,113.7,200,bid,WavyWalnuts,YieldingYams,5099820
2026-07-03T01:11:15.119184,2026-07-03T01:11:15.122950+00:00,113.5,6,ask,YieldingYams,Xuanyu Liu,5099822
2026-07-03T01:11:16.042836,2026-07-03T01:11:16.046132+00:00,113.7,3,ask,YieldingYams,Xuanyu Liu,5099833
2026-07-03T01:11:17.507386,2026-07-03T01:11:17.519045+00:00,113.8,20,bid,BrilliantBurritos,YieldingYams,5099861
2026-07-03T01:11:18.451535,2026-07-03T01:11:18.458571+00:00,113.6,20,ask,YieldingYams,BrilliantBurritos,5099867
2026-07-03T01:11:19.236831,2026-07-03T01:11:19.249229+00:00,113.7,20,bid,BrilliantBurritos,YieldingYams,5099876
2026-07-03T01:11:21.296670,2026-07-03T01:11:21.300713+00:00,113.6,3,bid,Xuanyu Liu,YieldingYams,5099911
2026-07-03T01:11:25.905434,2026-07-03T01:11:25.920607+00:00,113.4,200,bid,WavyWalnuts,YieldingYams,5099968
2026-07-03T01:11:27.125728,2026-07-03T01:11:27.129151+00:00,113.5,3,ask,WavyWalnuts,Xuanyu Liu,5099985
2026-07-03T01:11:27.839060,2026-07-03T01:11:27.850080+00:00,113.5,197,ask,WavyWalnuts,YieldingYams,5099996
2026-07-03T01:11:29.148165,2026-07-03T01:11:29.158615+00:00,113.4,200,bid,YieldingYams,WavyWalnuts,5100014
2026-07-03T01:11:29.522372,2026-07-03T01:11:29.531860+00:00,113.4,200,ask,YieldingYams,WavyWalnuts,5100025
2026-07-03T01:11:31.556756,2026-07-03T01:11:31.564454+00:00,113.3,20,ask,WavyWalnuts,BrilliantBurritos,5100054
2026-07-03T01:11:33.177968,2026-07-03T01:11:33.184733+00:00,113.2,200,ask,YieldingYams,WavyWalnuts,5100077
2026-07-03T01:11:33.431769,2026-07-03T01:11:33.443306+00:00,113.2,20,ask,YieldingYams,BrilliantBurritos,5100080
2026-07-03T01:11:34.396216,2026-07-03T01:11:34.404096+00:00,113.2,200,ask,AverageAlmonds,WavyWalnuts,5100100
2026-07-03T01:11:34.929545,2026-07-03T01:11:34.936505+00:00,113.3,500,bid,AverageAlmonds,YieldingYams,5100104
2026-07-03T01:11:35.529866,2026-07-03T01:11:35.537198+00:00,113.3,125,bid,AverageAlmonds,YieldingYams,5100115
2026-07-03T01:11:35.604781,2026-07-03T01:11:35.612319+00:00,113.3,200,ask,AverageAlmonds,WavyWalnuts,5100119
2026-07-03T01:11:42.387603,2026-07-03T01:11:42.399068+00:00,113.2,20,bid,BrilliantBurritos,YieldingYams,5100204
2026-07-03T01:11:44.465134,2026-07-03T01:11:44.471688+00:00,113.1,20,ask,YieldingYams,BrilliantBurritos,5100236
2026-07-03T01:11:46.469599,2026-07-03T01:11:46.479514+00:00,113.2,200,ask,AverageAlmonds,WavyWalnuts,5100267
2026-07-03T01:11:46.607606,2026-07-03T01:11:46.615037+00:00,113.2,20,ask,AverageAlmonds,BrilliantBurritos,5100268
2026-07-03T01:11:47.498519,2026-07-03T01:11:47.516706+00:00,113.2,500,ask,AverageAlmonds,YieldingYams,5100278
2026-07-03T01:11:47.630728,2026-07-03T01:11:47.638866+00:00,113.2,125,bid,AverageAlmonds,YieldingYams,5100281
2026-07-03T01:11:47.679748,2026-07-03T01:11:47.686294+00:00,113.2,200,ask,AverageAlmonds,WavyWalnuts,5100283
2026-07-03T01:11:48.886527,2026-07-03T01:11:48.893367+00:00,113.2,200,ask,YieldingYams,WavyWalnuts,5100308
2026-07-03T01:11:50.102545,2026-07-03T01:11:50.110842+00:00,113.2,200,ask,YieldingYams,WavyWalnuts,5100317
2026-07-03T01:11:50.128437,2026-07-03T01:11:50.136990+00:00,113.2,500,ask,AverageAlmonds,YieldingYams,5100320
2026-07-03T01:11:50.666507,2026-07-03T01:11:50.670544+00:00,113.2,125,bid,AverageAlmonds,YieldingYams,5100326
2026-07-03T01:11:51.312858,2026-07-03T01:11:51.323947+00:00,113.2,200,ask,AverageAlmonds,WavyWalnuts,5100340
2026-07-03T01:11:52.520807,2026-07-03T01:11:52.529608+00:00,113.3,200,ask,YieldingYams,WavyWalnuts,5100351
2026-07-03T01:11:54.061380,2026-07-03T01:11:54.069233+00:00,113.3,200,bid,YieldingYams,WavyWalnuts,5100364
2026-07-03T01:11:54.465368,2026-07-03T01:11:54.476784+00:00,113.5,20,bid,BrilliantBurritos,YieldingYams,5100371
2026-07-03T01:11:56.323518,2026-07-03T01:11:56.335123+00:00,113.4,20,bid,BrilliantBurritos,YieldingYams,5100384
2026-07-03T01:11:59.798625,2026-07-03T01:11:59.806733+00:00,113.3,200,ask,YieldingYams,WavyWalnuts,5100431
2026-07-03T01:12:01.006653,2026-07-03T01:12:01.013271+00:00,113.2,200,ask,AverageAlmonds,WavyWalnuts,5100453
2026-07-03T01:12:03.425382,2026-07-03T01:12:03.432575+00:00,113.3,200,ask,AverageAlmonds,WavyWalnuts,5100485
2026-07-03T01:12:03.428861,2026-07-03T01:12:03.438083+00:00,113.3,20,ask,AverageAlmonds,BrilliantBurritos,5100486
2026-07-03T01:12:04.819993,2026-07-03T01:12:04.831532+00:00,113.3,20,ask,AverageAlmonds,BrilliantBurritos,5100503
2026-07-03T01:12:05.859771,2026-07-03T01:12:05.869276+00:00,113.3,500,ask,AverageAlmonds,YieldingYams,5100516
2026-07-03T01:12:05.859771,2026-07-03T01:12:05.869276+00:00,113.3,125,ask,WavyWalnuts,YieldingYams,5100517
2026-07-03T01:12:07.055844,2026-07-03T01:12:07.068881+00:00,113.3,20,bid,BrilliantBurritos,WavyWalnuts,5100530
2026-07-03T01:12:07.168488,2026-07-03T01:12:07.175731+00:00,113.3,180,bid,YieldingYams,WavyWalnuts,5100533
2026-07-03T01:12:08.260400,2026-07-03T01:12:08.269206+00:00,113.4,200,ask,YieldingYams,WavyWalnuts,5100546
2026-07-03T01:12:09.469568,2026-07-03T01:12:09.479346+00:00,113.4,200,ask,YieldingYams,WavyWalnuts,5100558
2026-07-03T01:12:10.676895,2026-07-03T01:12:10.687206+00:00,113.4,200,bid,WavyWalnuts,YieldingYams,5100572
2026-07-03T01:12:11.886475,2026-07-03T01:12:11.892691+00:00,113.3,200,ask,YieldingYams,WavyWalnuts,5100591
2026-07-03T01:12:12.079728,2026-07-03T01:12:12.083011+00:00,113.3,14,ask,YieldingYams,Xuanyu Liu,5100594
2026-07-03T01:12:13.720003,2026-07-03T01:12:13.730993+00:00,113.3,200,bid,YieldingYams,WavyWalnuts,5100620
2026-07-03T01:12:16.747341,2026-07-03T01:12:16.764302+00:00,113.4,200,ask,YieldingYams,WavyWalnuts,5100669
2026-07-03T01:12:17.953702,2026-07-03T01:12:17.956498+00:00,113.5,200,bid,WavyWalnuts,YieldingYams,5100682
2026-07-03T01:12:20.379816,2026-07-03T01:12:20.389776+00:00,113.5,200,bid,WavyWalnuts,YieldingYams,5100714
2026-07-03T01:12:21.595755,2026-07-03T01:12:21.605495+00:00,113.5,200,bid,WavyWalnuts,YieldingYams,5100729
2026-07-03T01:12:22.808967,2026-07-03T01:12:22.815394+00:00,113.5,200,bid,WavyWalnuts,YieldingYams,5100744
2026-07-03T01:12:27.646555,2026-07-03T01:12:27.658610+00:00,113.6,200,ask,YieldingYams,WavyWalnuts,5100792
2026-07-03T01:12:28.854993,2026-07-03T01:12:28.858553+00:00,113.7,200,ask,YieldingYams,WavyWalnuts,5100807
2026-07-03T01:12:29.428914,2026-07-03T01:12:29.440338+00:00,113.8,500,bid,YieldingYams,AverageAlmonds,5100818
2026-07-03T01:12:30.011291,2026-07-03T01:12:30.021669+00:00,113.8,125,ask,YieldingYams,AverageAlmonds,5100826
2026-07-03T01:12:30.757766,2026-07-03T01:12:30.761557+00:00,113.7,11,bid,Xuanyu Liu,YieldingYams,5100840
2026-07-03T01:12:33.174653,2026-07-03T01:12:33.184066+00:00,113.6,20,bid,BrilliantBurritos,AverageAlmonds,5100867
2026-07-03T01:12:34.266621,2026-07-03T01:12:34.274682+00:00,113.5,200,ask,WavyWalnuts,AverageAlmonds,5100878
2026-07-03T01:12:34.671516,2026-07-03T01:12:34.682110+00:00,113.5,300,bid,YieldingYams,AverageAlmonds,5100882
2026-07-03T01:12:34.863188,2026-07-03T01:12:34.873961+00:00,113.5,325,ask,YieldingYams,AverageAlmonds,5100884
2026-07-03T01:12:34.894294,2026-07-03T01:12:34.903887+00:00,113.5,175,bid,WavyWalnuts,AverageAlmonds,5100885
2026-07-03T01:12:34.911222,2026-07-03T01:12:34.914786+00:00,113.6,11,ask,WavyWalnuts,Xuanyu Liu,5100888
2026-07-03T01:12:35.465957,2026-07-03T01:12:35.475149+00:00,113.6,14,ask,WavyWalnuts,AverageAlmonds,5100893
2026-07-03T01:12:36.102062,2026-07-03T01:12:36.112148+00:00,113.5,200,bid,WavyWalnuts,YieldingYams,5100899
2026-07-03T01:12:37.335648,2026-07-03T01:12:37.344072+00:00,113.5,200,bid,WavyWalnuts,AverageAlmonds,5100917
2026-07-03T01:12:38.430647,2026-07-03T01:12:38.434385+00:00,113.4,12,ask,YieldingYams,Xuanyu Liu,5100929
2026-07-03T01:12:38.566040,2026-07-03T01:12:38.569715+00:00,113.5,11,ask,WavyWalnuts,Xuanyu Liu,5100931
2026-07-03T01:12:38.636543,2026-07-03T01:12:38.644862+00:00,113.5,189,ask,WavyWalnuts,YieldingYams,5100932
2026-07-03T01:12:39.751373,2026-07-03T01:12:39.758566+00:00,113.5,200,bid,WavyWalnuts,YieldingYams,5100947
2026-07-03T01:12:42.167984,2026-07-03T01:12:42.177092+00:00,113.6,200,bid,WavyWalnuts,AverageAlmonds,5100986
2026-07-03T01:12:42.578215,2026-07-03T01:12:42.589143+00:00,113.6,300,bid,YieldingYams,AverageAlmonds,5100995
2026-07-03T01:12:42.724963,2026-07-03T01:12:42.732917+00:00,113.6,325,ask,YieldingYams,AverageAlmonds,5100999
2026-07-03T01:12:43.376602,2026-07-03T01:12:43.384725+00:00,113.5,200,bid,WavyWalnuts,AverageAlmonds,5101006
2026-07-03T01:12:43.909105,2026-07-03T01:12:43.912777+00:00,113.4,23,ask,YieldingYams,Xuanyu Liu,5101017
2026-07-03T01:12:46.206952,2026-07-03T01:12:46.218497+00:00,113.4,20,ask,YieldingYams,BrilliantBurritos,5101034
2026-07-03T01:12:49.422018,2026-07-03T01:12:49.429246+00:00,113.5,200,bid,WavyWalnuts,YieldingYams,5101075
2026-07-03T01:12:51.736363,2026-07-03T01:12:51.744201+00:00,113.5,200,ask,WavyWalnuts,YieldingYams,5101106
2026-07-03T01:12:54.852230,2026-07-03T01:12:54.856061+00:00,113.6,11,bid,Xuanyu Liu,AverageAlmonds,5101145
2026-07-03T01:12:54.857630,2026-07-03T01:12:54.871504+00:00,113.5,20,ask,WavyWalnuts,BrilliantBurritos,5101146
2026-07-03T01:12:55.468581,2026-07-03T01:12:55.479373+00:00,113.5,180,ask,WavyWalnuts,AverageAlmonds,5101156
2026-07-03T01:12:55.468581,2026-07-03T01:12:55.479373+00:00,113.5,320,ask,YieldingYams,AverageAlmonds,5101157
2026-07-03T01:12:55.482103,2026-07-03T01:12:55.489818+00:00,113.5,200,ask,YieldingYams,WavyWalnuts,5101158
2026-07-03T01:12:55.688304,2026-07-03T01:12:55.692565+00:00,113.5,12,bid,Xuanyu Liu,YieldingYams,5101164
2026-07-03T01:12:58.078366,2026-07-03T01:12:58.085827+00:00,113.5,20,bid,BrilliantBurritos,YieldingYams,5101191
2026-07-03T01:12:59.482419,2026-07-03T01:12:59.486225+00:00,113.5,11,bid,Xuanyu Liu,AverageAlmonds,5101205
2026-07-03T01:13:00.289875,2026-07-03T01:13:00.298274+00:00,113.4,200,ask,WavyWalnuts,AverageAlmonds,5101220
2026-07-03T01:13:00.304120,2026-07-03T01:13:00.308288+00:00,113.4,12,bid,Xuanyu Liu,AverageAlmonds,5101222
2026-07-03T01:13:00.308849,2026-07-03T01:13:00.323860+00:00,113.4,200,bid,WavyWalnuts,AverageAlmonds,5101223
2026-07-03T01:13:00.925694,2026-07-03T01:13:00.940891+00:00,113.4,500,bid,YieldingYams,AverageAlmonds,5101232
2026-07-03T01:13:01.511857,2026-07-03T01:13:01.519703+00:00,113.4,125,ask,YieldingYams,AverageAlmonds,5101239
2026-07-03T01:13:02.236716,2026-07-03T01:13:02.243646+00:00,113.3,200,ask,WavyWalnuts,YieldingYams,5101251
2026-07-03T01:13:02.263798,2026-07-03T01:13:02.267390+00:00,113.2,14,bid,Xuanyu Liu,YieldingYams,5101254
2026-07-03T01:13:02.736413,2026-07-03T01:13:02.746549+00:00,113.2,200,bid,WavyWalnuts,YieldingYams,5101259
2026-07-03T01:13:05.154315,2026-07-03T01:13:05.150197+00:00,113.1,200,ask,YieldingYams,WavyWalnuts,5101291
2026-07-03T01:13:05.662619,2026-07-03T01:13:05.674302+00:00,113.3,20,bid,BrilliantBurritos,AverageAlmonds,5101294
2026-07-03T01:13:07.468757,2026-07-03T01:13:07.476984+00:00,113.2,200,bid,YieldingYams,WavyWalnuts,5101327
2026-07-03T01:13:10.868114,2026-07-03T01:13:10.877547+00:00,113.0,20,ask,WavyWalnuts,BrilliantBurritos,5101364
2026-07-03T01:13:11.192394,2026-07-03T01:13:11.202851+00:00,113.0,180,ask,WavyWalnuts,AverageAlmonds,5101368
2026-07-03T01:13:12.452285,2026-07-03T01:13:12.458565+00:00,112.9,200,ask,YieldingYams,WavyWalnuts,5101388
2026-07-03T01:13:14.036413,2026-07-03T01:13:14.044532+00:00,113.0,500,bid,YieldingYams,AverageAlmonds,5101412
2026-07-03T01:13:14.229825,2026-07-03T01:13:14.237890+00:00,113.0,125,ask,YieldingYams,AverageAlmonds,5101415
2026-07-03T01:13:14.229825,2026-07-03T01:13:14.242930+00:00,112.9,200,ask,WavyWalnuts,AverageAlmonds,5101416
2026-07-03T01:13:14.865062,2026-07-03T01:13:14.874707+00:00,112.9,200,bid,WavyWalnuts,AverageAlmonds,5101423
2026-07-03T01:13:15.343415,2026-07-03T01:13:15.358606+00:00,112.9,300,bid,YieldingYams,AverageAlmonds,5101429
2026-07-03T01:13:15.427824,2026-07-03T01:13:15.436432+00:00,113.0,325,ask,YieldingYams,AverageAlmonds,5101431
2026-07-03T01:13:18.490381,2026-07-03T01:13:18.496552+00:00,112.7,200,ask,YieldingYams,WavyWalnuts,5101477
2026-07-03T01:13:18.824386,2026-07-03T01:13:18.835999+00:00,112.9,20,bid,BrilliantBurritos,YieldingYams,5101479
2026-07-03T01:13:20.929977,2026-07-03T01:13:20.933855+00:00,112.6,3,bid,Xuanyu Liu,WavyWalnuts,5101513
2026-07-03T01:13:27.955502,2026-07-03T01:13:27.959858+00:00,112.6,11,bid,Xuanyu Liu,WavyWalnuts,5101604
2026-07-03T01:13:28.450838,2026-07-03T01:13:28.458592+00:00,112.5,200,ask,WavyWalnuts,YieldingYams,5101612
2026-07-03T01:13:28.450838,2026-07-03T01:13:28.458592+00:00,112.4,425,ask,AverageAlmonds,YieldingYams,5101613
2026-07-03T01:13:31.117414,2026-07-03T01:13:31.121140+00:00,112.6,12,bid,Xuanyu Liu,YieldingYams,5101650
2026-07-03T01:13:31.811836,2026-07-03T01:13:31.822569+00:00,112.6,200,bid,WavyWalnuts,YieldingYams,5101660
2026-07-03T01:13:32.157920,2026-07-03T01:13:32.161931+00:00,112.6,11,bid,Xuanyu Liu,YieldingYams,5101667
2026-07-03T01:13:34.233404,2026-07-03T01:13:34.243081+00:00,112.5,200,ask,YieldingYams,WavyWalnuts,5101692
2026-07-03T01:13:35.176619,2026-07-03T01:13:35.183094+00:00,112.6,20,ask,YieldingYams,BrilliantBurritos,5101705
2026-07-03T01:13:35.440125,2026-07-03T01:13:35.447971+00:00,112.6,200,ask,YieldingYams,WavyWalnuts,5101709
2026-07-03T01:13:36.647751,2026-07-03T01:13:36.655460+00:00,112.6,200,ask,YieldingYams,WavyWalnuts,5101723
2026-07-03T01:13:37.892351,2026-07-03T01:13:37.896513+00:00,112.6,12,bid,Xuanyu Liu,WavyWalnuts,5101746
2026-07-03T01:13:39.098011,2026-07-03T01:13:39.101649+00:00,112.5,11,bid,Xuanyu Liu,WavyWalnuts,5101764
2026-07-03T01:13:40.223336,2026-07-03T01:13:40.234062+00:00,112.5,189,bid,YieldingYams,WavyWalnuts,5101784
2026-07-03T01:13:41.536530,2026-07-03T01:13:41.547881+00:00,112.6,200,ask,WavyWalnuts,YieldingYams,5101807
2026-07-03T01:13:43.944984,2026-07-03T01:13:43.954093+00:00,112.6,200,bid,WavyWalnuts,YieldingYams,5101840
2026-07-03T01:13:44.029788,2026-07-03T01:13:44.041169+00:00,112.6,20,bid,BrilliantBurritos,YieldingYams,5101844
2026-07-03T01:13:46.367622,2026-07-03T01:13:46.377615+00:00,112.5,200,bid,WavyWalnuts,YieldingYams,5101870
2026-07-03T01:13:48.027641,2026-07-03T01:13:48.031688+00:00,112.5,23,ask,WavyWalnuts,Xuanyu Liu,5101900
2026-07-03T01:13:48.814347,2026-07-03T01:13:48.818226+00:00,112.6,11,ask,WavyWalnuts,Xuanyu Liu,5101911
2026-07-03T01:13:50.997006,2026-07-03T01:13:51.006243+00:00,112.6,20,ask,WavyWalnuts,BrilliantBurritos,5101946
2026-07-03T01:13:53.322770,2026-07-03T01:13:53.331700+00:00,112.7,200,bid,YieldingYams,WavyWalnuts,5101975
2026-07-03T01:13:54.635371,2026-07-03T01:13:54.645020+00:00,112.7,200,ask,WavyWalnuts,YieldingYams,5101992
2026-07-03T01:13:54.863736,2026-07-03T01:13:54.871788+00:00,112.7,200,bid,WavyWalnuts,YieldingYams,5101994
2026-07-03T01:13:55.964381,2026-07-03T01:13:55.968118+00:00,112.8,12,ask,YieldingYams,Xuanyu Liu,5102007
2026-07-03T01:13:59.657870,2026-07-03T01:13:59.661704+00:00,112.8,11,ask,WavyWalnuts,Xuanyu Liu,5102056
2026-07-03T01:14:00.298700,2026-07-03T01:14:00.309098+00:00,112.8,20,ask,YieldingYams,BrilliantBurritos,5102063
2026-07-03T01:14:01.179772,2026-07-03T01:14:01.199869+00:00,112.9,200,bid,YieldingYams,WavyWalnuts,5102072
2026-07-03T01:14:01.196317,2026-07-03T01:14:01.199869+00:00,112.9,3,ask,YieldingYams,Xuanyu Liu,5102074
2026-07-03T01:14:02.490301,2026-07-03T01:14:02.501099+00:00,112.9,200,ask,WavyWalnuts,YieldingYams,5102095
2026-07-03T01:14:03.365684,2026-07-03T01:14:03.374185+00:00,112.9,200,bid,WavyWalnuts,YieldingYams,5102106
2026-07-03T01:14:12.089826,2026-07-03T01:14:12.101078+00:00,112.9,20,ask,YieldingYams,BrilliantBurritos,5102209
2026-07-03T01:14:12.295657,2026-07-03T01:14:12.299761+00:00,112.9,3,ask,YieldingYams,Xuanyu Liu,5102212
2026-07-03T01:14:12.338078,2026-07-03T01:14:12.349542+00:00,112.9,500,ask,YieldingYams,AverageAlmonds,5102214
2026-07-03T01:14:12.953524,2026-07-03T01:14:12.958570+00:00,112.9,200,ask,WavyWalnuts,YieldingYams,5102224
2026-07-03T01:14:13.038046,2026-07-03T01:14:13.045042+00:00,112.7,200,bid,WavyWalnuts,YieldingYams,5102227
2026-07-03T01:14:14.245877,2026-07-03T01:14:14.253473+00:00,112.7,200,bid,WavyWalnuts,YieldingYams,5102241
2026-07-03T01:14:14.274576,2026-07-03T01:14:14.278260+00:00,112.8,11,ask,YieldingYams,Xuanyu Liu,5102244
2026-07-03T01:14:15.454509,2026-07-03T01:14:15.456519+00:00,112.8,200,ask,YieldingYams,WavyWalnuts,5102261
2026-07-03T01:14:17.215955,2026-07-03T01:14:17.228624+00:00,112.8,20,ask,YieldingYams,BrilliantBurritos,5102286
2026-07-03T01:14:20.284991,2026-07-03T01:14:20.291633+00:00,113.0,200,bid,WavyWalnuts,YieldingYams,5102327
2026-07-03T01:14:20.834386,2026-07-03T01:14:20.861646+00:00,113.0,500,bid,YieldingYams,AverageAlmonds,5102336
2026-07-03T01:14:20.857745,2026-07-03T01:14:20.861646+00:00,113.0,12,ask,YieldingYams,Xuanyu Liu,5102341
2026-07-03T01:14:22.034499,2026-07-03T01:14:22.058547+00:00,113.0,113,ask,YieldingYams,AverageAlmonds,5102355
2026-07-03T01:14:22.034499,2026-07-03T01:14:22.058547+00:00,113.0,200,ask,WavyWalnuts,AverageAlmonds,5102356
2026-07-03T01:14:23.426126,2026-07-03T01:14:23.437407+00:00,112.8,20,ask,YieldingYams,BrilliantBurritos,5102373
2026-07-03T01:14:25.812896,2026-07-03T01:14:25.824427+00:00,112.9,20,bid,BrilliantBurritos,WavyWalnuts,5102408
2026-07-03T01:14:25.912616,2026-07-03T01:14:25.916697+00:00,112.9,12,bid,Xuanyu Liu,WavyWalnuts,5102410
2026-07-03T01:14:28.786575,2026-07-03T01:14:28.795352+00:00,112.7,20,ask,YieldingYams,BrilliantBurritos,5102450
2026-07-03T01:14:31.225362,2026-07-03T01:14:31.229284+00:00,112.8,14,bid,Xuanyu Liu,WavyWalnuts,5102485
2026-07-03T01:14:33.592889,2026-07-03T01:14:33.602659+00:00,112.6,200,ask,YieldingYams,WavyWalnuts,5102513
2026-07-03T01:14:34.799670,2026-07-03T01:14:34.808752+00:00,112.6,200,ask,YieldingYams,WavyWalnuts,5102529
2026-07-03T01:14:37.550067,2026-07-03T01:14:37.554452+00:00,112.7,3,bid,Xuanyu Liu,YieldingYams,5102558
2026-07-03T01:14:38.039480,2026-07-03T01:14:38.045757+00:00,112.8,20,bid,BrilliantBurritos,WavyWalnuts,5102567
2026-07-03T01:14:39.181672,2026-07-03T01:14:39.192521+00:00,112.7,200,ask,WavyWalnuts,YieldingYams,5102578
2026-07-03T01:14:42.014550,2026-07-03T01:14:42.025349+00:00,112.8,20,bid,BrilliantBurritos,WavyWalnuts,5102624
2026-07-03T01:14:46.650858,2026-07-03T01:14:46.663797+00:00,112.8,20,ask,YieldingYams,BrilliantBurritos,5102695
2026-07-03T01:14:47.113465,2026-07-03T01:14:47.116799+00:00,113.0,50,bid,Xuanyu Liu,WavyWalnuts,5102707
2026-07-03T01:14:49.395889,2026-07-03T01:14:49.405017+00:00,112.9,200,ask,YieldingYams,WavyWalnuts,5102735
2026-07-03T01:14:50.606604,2026-07-03T01:14:50.618059+00:00,112.9,200,ask,YieldingYams,WavyWalnuts,5102748
2026-07-03T01:14:53.438089,2026-07-03T01:14:53.442228+00:00,112.8,4,ask,YieldingYams,Xuanyu Liu,5102783
2026-07-03T01:14:54.255283,2026-07-03T01:14:54.256690+00:00,112.8,200,ask,AverageAlmonds,WavyWalnuts,5102791
2026-07-03T01:14:55.467140,2026-07-03T01:14:55.474627+00:00,112.8,200,ask,YieldingYams,WavyWalnuts,5102812
2026-07-03T01:14:56.191799,2026-07-03T01:14:56.201880+00:00,112.8,500,ask,AverageAlmonds,YieldingYams,5102823
2026-07-03T01:14:56.191799,2026-07-03T01:14:56.201880+00:00,112.6,125,ask,WavyWalnuts,YieldingYams,5102824
2026-07-03T01:14:56.458956,2026-07-03T01:14:56.470552+00:00,113.5,20,bid,BrilliantBurritos,AverageAlmonds,5102828
2026-07-03T01:14:57.504466,2026-07-03T01:14:57.513670+00:00,112.8,500,ask,AverageAlmonds,YieldingYams,5102844
2026-07-03T01:14:57.504466,2026-07-03T01:14:57.513670+00:00,112.7,125,ask,WavyWalnuts,YieldingYams,5102845
2026-07-03T01:14:57.882187,2026-07-03T01:14:57.888859+00:00,112.8,200,ask,AverageAlmonds,WavyWalnuts,5102849
2026-07-03T01:14:59.759674,2026-07-03T01:14:59.763785+00:00,112.7,23,ask,YieldingYams,Xuanyu Liu,5102879
2026-07-03T01:15:00.121855,2026-07-03T01:15:00.131412+00:00,112.7,500,ask,AverageAlmonds,YieldingYams,5102885
2026-07-03T01:15:00.172008,2026-07-03T01:15:00.180766+00:00,112.7,125,bid,AverageAlmonds,YieldingYams,5102886
2026-07-03T01:15:01.406059,2026-07-03T01:15:01.410062+00:00,112.8,12,ask,AverageAlmonds,Xuanyu Liu,5102901
2026-07-03T01:15:01.430206,2026-07-03T01:15:01.438949+00:00,112.8,488,ask,AverageAlmonds,YieldingYams,5102902
2026-07-03T01:15:01.979458,2026-07-03T01:15:01.986062+00:00,112.7,200,bid,AverageAlmonds,WavyWalnuts,5102913
2026-07-03T01:15:01.979458,2026-07-03T01:15:01.991296+00:00,112.8,137,bid,AverageAlmonds,YieldingYams,5102914
2026-07-03T01:15:02.722301,2026-07-03T01:15:02.733261+00:00,112.7,200,ask,AverageAlmonds,WavyWalnuts,5102929
2026-07-03T01:15:02.750109,2026-07-03T01:15:02.753964+00:00,112.9,11,ask,YieldingYams,Xuanyu Liu,5102931
2026-07-03T01:15:03.929877,2026-07-03T01:15:03.938467+00:00,112.9,200,ask,YieldingYams,WavyWalnuts,5102948
2026-07-03T01:15:10.004998,2026-07-03T01:15:10.009160+00:00,112.9,3,ask,WavyWalnuts,Xuanyu Liu,5103019
2026-07-03T01:15:10.009512,2026-07-03T01:15:10.020749+00:00,112.9,20,ask,WavyWalnuts,BrilliantBurritos,5103020
2026-07-03T01:15:10.295601,2026-07-03T01:15:10.307058+00:00,113.0,20,bid,BrilliantBurritos,YieldingYams,5103023
2026-07-03T01:15:10.634386,2026-07-03T01:15:10.641811+00:00,112.9,177,ask,WavyWalnuts,YieldingYams,5103036
2026-07-03T01:15:13.612796,2026-07-03T01:15:13.622050+00:00,113.0,200,bid,WavyWalnuts,YieldingYams,5103074
2026-07-03T01:15:15.597391,2026-07-03T01:15:15.601231+00:00,112.9,3,ask,WavyWalnuts,Xuanyu Liu,5103100
2026-07-03T01:15:15.868966,2026-07-03T01:15:15.880277+00:00,112.9,197,ask,WavyWalnuts,YieldingYams,5103101
2026-07-03T01:15:15.868966,2026-07-03T01:15:15.880277+00:00,112.8,428,ask,AverageAlmonds,YieldingYams,5103102
2026-07-03T01:15:18.502249,2026-07-03T01:15:18.506394+00:00,113.0,11,ask,YieldingYams,Xuanyu Liu,5103153
2026-07-03T01:15:19.654630,2026-07-03T01:15:19.658588+00:00,113.0,200,ask,YieldingYams,WavyWalnuts,5103169
2026-07-03T01:15:22.430728,2026-07-03T01:15:22.435038+00:00,113.1,12,ask,YieldingYams,Xuanyu Liu,5103209
2026-07-03T01:15:23.279294,2026-07-03T01:15:23.286078+00:00,113.1,200,ask,YieldingYams,WavyWalnuts,5103212
2026-07-03T01:15:25.331846,2026-07-03T01:15:25.343314+00:00,113.1,20,bid,BrilliantBurritos,YieldingYams,5103237
2026-07-03T01:15:26.053988,2026-07-03T01:15:26.058868+00:00,112.9,11,ask,YieldingYams,Xuanyu Liu,5103242
2026-07-03T01:15:26.338268,2026-07-03T01:15:26.344890+00:00,112.9,200,ask,WavyWalnuts,YieldingYams,5103247
2026-07-03T01:15:27.647255,2026-07-03T01:15:27.653900+00:00,113.0,200,bid,YieldingYams,WavyWalnuts,5103266
2026-07-03T01:15:27.666363,2026-07-03T01:15:27.670770+00:00,113.0,12,ask,YieldingYams,Xuanyu Liu,5103268
2026-07-03T01:15:28.959003,2026-07-03T01:15:28.969883+00:00,113.0,200,ask,WavyWalnuts,YieldingYams,5103286
2026-07-03T01:15:31.313798,2026-07-03T01:15:31.321505+00:00,112.9,20,ask,WavyWalnuts,BrilliantBurritos,5103317
2026-07-03T01:15:32.910853,2026-07-03T01:15:32.920538+00:00,112.9,200,ask,WavyWalnuts,YieldingYams,5103334
2026-07-03T01:15:34.703959,2026-07-03T01:15:34.713369+00:00,112.8,500,ask,YieldingYams,AverageAlmonds,5103353
2026-07-03T01:15:37.682666,2026-07-03T01:15:37.686485+00:00,112.9,12,bid,Xuanyu Liu,WavyWalnuts,5103390
2026-07-03T01:15:37.830098,2026-07-03T01:15:37.840095+00:00,112.8,200,ask,YieldingYams,WavyWalnuts,5103391
2026-07-03T01:15:38.154155,2026-07-03T01:15:38.157423+00:00,112.8,11,bid,Xuanyu Liu,YieldingYams,5103399
2026-07-03T01:15:39.448677,2026-07-03T01:15:39.456090+00:00,112.8,200,bid,YieldingYams,WavyWalnuts,5103416
2026-07-03T01:15:39.478183,2026-07-03T01:15:39.489714+00:00,112.8,20,ask,YieldingYams,BrilliantBurritos,5103417
2026-07-03T01:15:40.780683,2026-07-03T01:15:40.790183+00:00,112.9,200,ask,WavyWalnuts,YieldingYams,5103436
2026-07-03T01:15:41.453020,2026-07-03T01:15:41.458609+00:00,112.8,200,bid,WavyWalnuts,YieldingYams,5103445
2026-07-03T01:15:43.397916,2026-07-03T01:15:43.404628+00:00,112.7,200,ask,WavyWalnuts,YieldingYams,5103468
2026-07-03T01:15:43.866439,2026-07-03T01:15:43.875457+00:00,112.7,200,bid,WavyWalnuts,YieldingYams,5103475
2026-07-03T01:15:44.069985,2026-07-03T01:15:44.073994+00:00,112.5,11,ask,YieldingYams,Xuanyu Liu,5103481
2026-07-03T01:15:44.714729,2026-07-03T01:15:44.718486+00:00,112.8,34,ask,YieldingYams,Xuanyu Liu,5103488
2026-07-03T01:15:45.080562,2026-07-03T01:15:45.087293+00:00,112.8,200,ask,YieldingYams,WavyWalnuts,5103494
2026-07-03T01:15:46.031002,2026-07-03T01:15:46.035104+00:00,112.9,12,ask,YieldingYams,Xuanyu Liu,5103509
2026-07-03T01:15:46.288128,2026-07-03T01:15:46.298708+00:00,112.9,200,ask,YieldingYams,WavyWalnuts,5103515
2026-07-03T01:15:47.178703,2026-07-03T01:15:47.182741+00:00,113.1,12,bid,Xuanyu Liu,YieldingYams,5103526
2026-07-03T01:15:47.346644,2026-07-03T01:15:47.350494+00:00,113.0,11,bid,Xuanyu Liu,YieldingYams,5103528
2026-07-03T01:15:47.500202,2026-07-03T01:15:47.510545+00:00,112.8,200,ask,YieldingYams,WavyWalnuts,5103533
2026-07-03T01:15:48.709287,2026-07-03T01:15:48.719500+00:00,113.0,200,ask,YieldingYams,WavyWalnuts,5103552
2026-07-03T01:15:49.917323,2026-07-03T01:15:49.927756+00:00,113.0,200,ask,YieldingYams,WavyWalnuts,5103570
2026-07-03T01:15:51.124166,2026-07-03T01:15:51.133691+00:00,112.9,200,ask,YieldingYams,WavyWalnuts,5103585
2026-07-03T01:15:52.562848,2026-07-03T01:15:52.574171+00:00,112.7,500,ask,AverageAlmonds,YieldingYams,5103599
2026-07-03T01:15:52.562848,2026-07-03T01:15:52.574171+00:00,112.6,125,ask,WavyWalnuts,YieldingYams,5103600
2026-07-03T01:15:52.832092,2026-07-03T01:15:52.844994+00:00,112.6,20,ask,WavyWalnuts,BrilliantBurritos,5103606
2026-07-03T01:15:52.848047,2026-07-03T01:15:52.855580+00:00,112.8,200,bid,AverageAlmonds,WavyWalnuts,5103607
2026-07-03T01:15:53.545611,2026-07-03T01:15:53.558629+00:00,112.8,200,ask,AverageAlmonds,WavyWalnuts,5103616
2026-07-03T01:15:54.752812,2026-07-03T01:15:54.763935+00:00,112.8,200,ask,YieldingYams,WavyWalnuts,5103631
2026-07-03T01:15:58.383593,2026-07-03T01:15:58.395016+00:00,112.9,200,bid,WavyWalnuts,YieldingYams,5103675
2026-07-03T01:16:00.415438,2026-07-03T01:16:00.422474+00:00,112.9,200,bid,YieldingYams,WavyWalnuts,5103696
2026-07-03T01:16:00.805188,2026-07-03T01:16:00.812506+00:00,113.0,200,ask,YieldingYams,WavyWalnuts,5103701
2026-07-03T01:16:05.677417,2026-07-03T01:16:05.685725+00:00,113.2,200,bid,WavyWalnuts,YieldingYams,5103764
2026-07-03T01:16:06.891875,2026-07-03T01:16:06.899780+00:00,113.1,200,bid,WavyWalnuts,YieldingYams,5103789
2026-07-03T01:16:08.104697,2026-07-03T01:16:08.116052+00:00,113.1,200,bid,WavyWalnuts,YieldingYams,5103810
2026-07-03T01:16:10.523693,2026-07-03T01:16:10.531551+00:00,113.2,200,bid,WavyWalnuts,YieldingYams,5103834
2026-07-03T01:16:11.733870,2026-07-03T01:16:11.741128+00:00,113.2,200,bid,WavyWalnuts,YieldingYams,5103857
2026-07-03T01:16:12.965026,2026-07-03T01:16:12.968954+00:00,113.2,11,bid,Xuanyu Liu,WavyWalnuts,5103872
2026-07-03T01:16:14.155871,2026-07-03T01:16:14.164951+00:00,113.1,200,ask,YieldingYams,WavyWalnuts,5103897
2026-07-03T01:16:15.294087,2026-07-03T01:16:15.306296+00:00,113.3,20,bid,BrilliantBurritos,YieldingYams,5103912
2026-07-03T01:16:15.366565,2026-07-03T01:16:15.374686+00:00,113.1,200,ask,YieldingYams,WavyWalnuts,5103916
2026-07-03T01:16:16.572756,2026-07-03T01:16:16.579588+00:00,113.2,200,bid,WavyWalnuts,YieldingYams,5103928
2026-07-03T01:16:18.867147,2026-07-03T01:16:18.879569+00:00,113.3,500,ask,YieldingYams,AverageAlmonds,5103969
2026-07-03T01:16:19.463202,2026-07-03T01:16:19.474334+00:00,113.3,125,ask,YieldingYams,AverageAlmonds,5103976
2026-07-03T01:16:20.074101,2026-07-03T01:16:20.084729+00:00,113.2,200,ask,WavyWalnuts,AverageAlmonds,5103982
2026-07-03T01:16:20.091861,2026-07-03T01:16:20.095908+00:00,113.2,12,bid,Xuanyu Liu,AverageAlmonds,5103984
2026-07-03T01:16:20.197387,2026-07-03T01:16:20.208448+00:00,113.2,200,bid,WavyWalnuts,AverageAlmonds,5103986
2026-07-03T01:16:21.323966,2026-07-03T01:16:21.327854+00:00,113.1,11,bid,Xuanyu Liu,AverageAlmonds,5104004
2026-07-03T01:16:21.407127,2026-07-03T01:16:21.417995+00:00,113.1,200,bid,WavyWalnuts,AverageAlmonds,5104005
2026-07-03T01:16:22.615683,2026-07-03T01:16:22.624790+00:00,113.2,200,bid,WavyWalnuts,YieldingYams,5104018
2026-07-03T01:16:25.165257,2026-07-03T01:16:25.169097+00:00,113.2,26,bid,Xuanyu Liu,WavyWalnuts,5104056
2026-07-03T01:16:26.125408,2026-07-03T01:16:26.131978+00:00,113.1,500,ask,YieldingYams,AverageAlmonds,5104064
2026-07-03T01:16:26.242297,2026-07-03T01:16:26.250869+00:00,113.1,125,ask,YieldingYams,WavyWalnuts,5104066
2026-07-03T01:16:26.649697,2026-07-03T01:16:26.653694+00:00,113.0,3,bid,Xuanyu Liu,YieldingYams,5104069
2026-07-03T01:16:27.970591,2026-07-03T01:16:27.979600+00:00,112.9,200,ask,WavyWalnuts,YieldingYams,5104087
2026-07-03T01:16:28.333659,2026-07-03T01:16:28.337867+00:00,112.6,3,ask,YieldingYams,Xuanyu Liu,5104096
2026-07-03T01:16:29.278713,2026-07-03T01:16:29.285565+00:00,112.8,200,bid,YieldingYams,WavyWalnuts,5104108
2026-07-03T01:16:29.360553,2026-07-03T01:16:29.364559+00:00,112.8,14,ask,YieldingYams,Xuanyu Liu,5104111
2026-07-03T01:16:29.877171,2026-07-03T01:16:29.881120+00:00,112.9,12,ask,WavyWalnuts,Xuanyu Liu,5104118
2026-07-03T01:16:30.593460,2026-07-03T01:16:30.603344+00:00,112.9,188,ask,WavyWalnuts,YieldingYams,5104130
2026-07-03T01:16:31.498333,2026-07-03T01:16:31.502831+00:00,112.9,23,bid,Xuanyu Liu,YieldingYams,5104146
2026-07-03T01:16:33.210270,2026-07-03T01:16:33.216732+00:00,112.9,200,ask,WavyWalnuts,YieldingYams,5104171
2026-07-03T01:16:33.489193,2026-07-03T01:16:33.500954+00:00,112.9,200,bid,WavyWalnuts,YieldingYams,5104178
2026-07-03T01:16:34.518225,2026-07-03T01:16:34.526429+00:00,113.1,200,bid,YieldingYams,WavyWalnuts,5104195
2026-07-03T01:16:34.518225,2026-07-03T01:16:34.526429+00:00,113.1,425,bid,YieldingYams,AverageAlmonds,5104196
2026-07-03T01:16:35.839110,2026-07-03T01:16:35.849460+00:00,113.0,20,bid,BrilliantBurritos,WavyWalnuts,5104213
2026-07-03T01:16:37.127958,2026-07-03T01:16:37.135359+00:00,112.8,200,ask,YieldingYams,WavyWalnuts,5104233
2026-07-03T01:16:38.215378,2026-07-03T01:16:38.226781+00:00,112.9,20,bid,BrilliantBurritos,YieldingYams,5104246
2026-07-03T01:16:39.791075,2026-07-03T01:16:39.794868+00:00,112.8,3,bid,Xuanyu Liu,YieldingYams,5104264
2026-07-03T01:16:42.331408,2026-07-03T01:16:42.342995+00:00,112.9,20,bid,BrilliantBurritos,YieldingYams,5104296
2026-07-03T01:16:43.902631,2026-07-03T01:16:43.914315+00:00,112.7,20,ask,WavyWalnuts,BrilliantBurritos,5104320
2026-07-03T01:16:48.002804,2026-07-03T01:16:48.009469+00:00,112.8,20,ask,WavyWalnuts,BrilliantBurritos,5104380
2026-07-03T01:16:49.229499,2026-07-03T01:16:49.235867+00:00,112.7,200,ask,YieldingYams,WavyWalnuts,5104398
2026-07-03T01:16:50.121215,2026-07-03T01:16:50.132746+00:00,112.9,20,bid,BrilliantBurritos,YieldingYams,5104402
2026-07-03T01:16:50.438779,2026-07-03T01:16:50.445356+00:00,112.6,200,ask,YieldingYams,WavyWalnuts,5104407
2026-07-03T01:16:50.455838,2026-07-03T01:16:50.459199+00:00,112.6,3,ask,YieldingYams,Xuanyu Liu,5104410
2026-07-03T01:16:54.069530,2026-07-03T01:16:54.080689+00:00,112.6,200,ask,YieldingYams,WavyWalnuts,5104447
2026-07-03T01:16:54.186437,2026-07-03T01:16:54.197179+00:00,112.6,500,ask,AverageAlmonds,YieldingYams,5104449
2026-07-03T01:16:54.599129,2026-07-03T01:16:54.608864+00:00,112.6,125,bid,AverageAlmonds,YieldingYams,5104454
2026-07-03T01:16:55.492488,2026-07-03T01:16:55.503482+00:00,112.8,200,bid,YieldingYams,WavyWalnuts,5104469
2026-07-03T01:16:56.485281,2026-07-03T01:16:56.493217+00:00,112.8,200,ask,YieldingYams,WavyWalnuts,5104483
2026-07-03T01:16:56.803250,2026-07-03T01:16:56.809589+00:00,112.7,500,ask,AverageAlmonds,YieldingYams,5104485
2026-07-03T01:16:57.008878,2026-07-03T01:16:57.018669+00:00,112.7,125,bid,AverageAlmonds,YieldingYams,5104486
2026-07-03T01:16:58.124765,2026-07-03T01:16:58.128952+00:00,113.0,23,ask,YieldingYams,Xuanyu Liu,5104507
2026-07-03T01:16:58.904812,2026-07-03T01:16:58.915834+00:00,113.0,200,ask,YieldingYams,WavyWalnuts,5104519
2026-07-03T01:16:59.431761,2026-07-03T01:16:59.435559+00:00,113.1,11,ask,YieldingYams,Xuanyu Liu,5104530
2026-07-03T01:17:00.113659,2026-07-03T01:17:00.121881+00:00,113.1,200,ask,YieldingYams,WavyWalnuts,5104544
2026-07-03T01:17:00.743785,2026-07-03T01:17:00.747476+00:00,113.1,11,bid,Xuanyu Liu,YieldingYams,5104555
2026-07-03T01:17:01.337536,2026-07-03T01:17:01.341376+00:00,113.0,12,bid,Xuanyu Liu,WavyWalnuts,5104563
2026-07-03T01:17:04.654064,2026-07-03T01:17:04.669072+00:00,113.0,200,bid,YieldingYams,WavyWalnuts,5104599
2026-07-03T01:17:04.953417,2026-07-03T01:17:04.964004+00:00,113.0,200,ask,YieldingYams,WavyWalnuts,5104606
2026-07-03T01:17:06.159250,2026-07-03T01:17:06.169143+00:00,113.1,200,bid,WavyWalnuts,YieldingYams,5104616
2026-07-03T01:17:06.692155,2026-07-03T01:17:06.703750+00:00,113.1,20,bid,BrilliantBurritos,YieldingYams,5104620
2026-07-03T01:17:09.815208,2026-07-03T01:17:09.824222+00:00,113.2,200,bid,WavyWalnuts,YieldingYams,5104668
2026-07-03T01:17:11.028082,2026-07-03T01:17:11.037562+00:00,113.2,200,ask,YieldingYams,WavyWalnuts,5104685
2026-07-03T01:17:12.534597,2026-07-03T01:17:12.538027+00:00,113.2,11,bid,Xuanyu Liu,YieldingYams,5104705
2026-07-03T01:17:13.443982,2026-07-03T01:17:13.455072+00:00,113.2,200,bid,WavyWalnuts,YieldingYams,5104712
2026-07-03T01:17:13.495644,2026-07-03T01:17:13.507309+00:00,113.0,20,ask,YieldingYams,BrilliantBurritos,5104714
2026-07-03T01:17:15.194116,2026-07-03T01:17:15.204927+00:00,113.1,20,ask,WavyWalnuts,BrilliantBurritos,5104730
2026-07-03T01:17:16.321173,2026-07-03T01:17:16.332705+00:00,113.0,20,ask,YieldingYams,BrilliantBurritos,5104743
2026-07-03T01:17:18.223428,2026-07-03T01:17:18.233763+00:00,113.1,200,bid,AverageAlmonds,WavyWalnuts,5104766
2026-07-03T01:17:18.223428,2026-07-03T01:17:18.233763+00:00,113.1,300,bid,AverageAlmonds,YieldingYams,5104767
2026-07-03T01:17:18.817155,2026-07-03T01:17:18.825707+00:00,113.1,325,bid,AverageAlmonds,YieldingYams,5104775
2026-07-03T01:17:19.060036,2026-07-03T01:17:19.078465+00:00,113.2,200,bid,YieldingYams,WavyWalnuts,5104779
2026-07-03T01:17:19.074692,2026-07-03T01:17:19.078465+00:00,113.3,11,ask,YieldingYams,Xuanyu Liu,5104781
2026-07-03T01:17:21.891040,2026-07-03T01:17:21.900466+00:00,113.4,200,bid,WavyWalnuts,YieldingYams,5104814
2026-07-03T01:17:23.865157,2026-07-03T01:17:23.876725+00:00,113.2,20,ask,YieldingYams,BrilliantBurritos,5104840
2026-07-03T01:17:24.307518,2026-07-03T01:17:24.316410+00:00,113.3,200,ask,YieldingYams,WavyWalnuts,5104846
2026-07-03T01:17:25.513843,2026-07-03T01:17:25.525336+00:00,113.3,200,ask,YieldingYams,WavyWalnuts,5104858
2026-07-03T01:17:25.951940,2026-07-03T01:17:25.958754+00:00,113.2,20,bid,BrilliantBurritos,YieldingYams,5104861
2026-07-03T01:17:26.979975,2026-07-03T01:17:26.982202+00:00,113.1,25,ask,AverageAlmonds,Peter Jeregui,5104873
2026-07-03T01:17:27.188817,2026-07-03T01:17:27.200406+00:00,113.1,25,ask,WavyWalnuts,Peter Jeregui,5104877
2026-07-03T01:17:27.397583,2026-07-03T01:17:27.405923+00:00,113.1,25,ask,AverageAlmonds,Peter Jeregui,5104882
2026-07-03T01:17:27.406357,2026-07-03T01:17:27.416090+00:00,113.2,2,bid,Peter Jeregui,YieldingYams,5104884
2026-07-03T01:17:27.610926,2026-07-03T01:17:27.622487+00:00,113.2,2,bid,Peter Jeregui,YieldingYams,5104887
2026-07-03T01:17:27.816299,2026-07-03T01:17:27.827851+00:00,113.2,2,bid,Peter Jeregui,YieldingYams,5104889
2026-07-03T01:17:27.921311,2026-07-03T01:17:27.929809+00:00,113.2,500,bid,AverageAlmonds,YieldingYams,5104890
2026-07-03T01:17:27.951922,2026-07-03T01:17:27.955845+00:00,113.2,119,bid,WavyWalnuts,YieldingYams,5104894
2026-07-03T01:17:28.433217,2026-07-03T01:17:28.444534+00:00,113.3,25,ask,YieldingYams,Peter Jeregui,5104900
2026-07-03T01:17:29.127982,2026-07-03T01:17:29.134692+00:00,113.4,200,bid,AverageAlmonds,WavyWalnuts,5104909
2026-07-03T01:17:29.163801,2026-07-03T01:17:29.171029+00:00,113.4,200,ask,AverageAlmonds,WavyWalnuts,5104913
2026-07-03T01:17:32.791464,2026-07-03T01:17:32.802210+00:00,113.4,200,ask,YieldingYams,WavyWalnuts,5104968
2026-07-03T01:17:35.215120,2026-07-03T01:17:35.225169+00:00,113.3,200,ask,YieldingYams,WavyWalnuts,5105005
2026-07-03T01:17:36.088236,2026-07-03T01:17:36.097270+00:00,113.3,500,ask,AverageAlmonds,YieldingYams,5105013
2026-07-03T01:17:36.383056,2026-07-03T01:17:36.389833+00:00,113.3,125,bid,AverageAlmonds,YieldingYams,5105017
2026-07-03T01:17:36.449715,2026-07-03T01:17:36.460971+00:00,113.3,200,ask,AverageAlmonds,WavyWalnuts,5105019
2026-07-03T01:17:37.977673,2026-07-03T01:17:37.989264+00:00,113.3,20,ask,AverageAlmonds,BrilliantBurritos,5105048
2026-07-03T01:17:38.874602,2026-07-03T01:17:38.882779+00:00,113.3,200,ask,AverageAlmonds,WavyWalnuts,5105068
2026-07-03T01:17:40.081985,2026-07-03T01:17:40.093067+00:00,113.3,200,ask,AverageAlmonds,WavyWalnuts,5105086
2026-07-03T01:17:41.289869,2026-07-03T01:17:41.299173+00:00,113.3,200,ask,AverageAlmonds,WavyWalnuts,5105102
2026-07-03T01:17:41.322000,2026-07-03T01:17:41.333293+00:00,113.3,300,ask,AverageAlmonds,YieldingYams,5105104
2026-07-03T01:17:42.439826,2026-07-03T01:17:42.446850+00:00,113.3,325,bid,AverageAlmonds,YieldingYams,5105122
2026-07-03T01:17:42.464093,2026-07-03T01:17:42.467734+00:00,113.3,12,ask,AverageAlmonds,Xuanyu Liu,5105124
2026-07-03T01:17:42.496761,2026-07-03T01:17:42.506995+00:00,113.3,163,ask,AverageAlmonds,WavyWalnuts,5105125
2026-07-03T01:17:42.496761,2026-07-03T01:17:42.506995+00:00,113.1,37,ask,YieldingYams,WavyWalnuts,5105126
2026-07-03T01:17:43.704622,2026-07-03T01:17:43.713369+00:00,113.3,200,ask,AverageAlmonds,WavyWalnuts,5105146
2026-07-03T01:17:44.219570,2026-07-03T01:17:44.223704+00:00,113.3,34,ask,AverageAlmonds,Xuanyu Liu,5105154
2026-07-03T01:17:45.458151,2026-07-03T01:17:45.464609+00:00,113.4,500,bid,AverageAlmonds,YieldingYams,5105167
2026-07-03T01:17:46.082296,2026-07-03T01:17:46.089609+00:00,113.4,125,bid,AverageAlmonds,YieldingYams,5105178
2026-07-03T01:17:46.109901,2026-07-03T01:17:46.113704+00:00,113.4,11,ask,AverageAlmonds,Xuanyu Liu,5105180
2026-07-03T01:17:46.895795,2026-07-03T01:17:46.907373+00:00,113.4,20,ask,WavyWalnuts,BrilliantBurritos,5105193
2026-07-03T01:17:50.308742,2026-07-03T01:17:50.319538+00:00,113.6,500,bid,AverageAlmonds,YieldingYams,5105235
2026-07-03T01:17:50.480438,2026-07-03T01:17:50.490468+00:00,113.6,200,bid,YieldingYams,WavyWalnuts,5105237
2026-07-03T01:17:51.801992,2026-07-03T01:17:51.805838+00:00,113.7,11,bid,Xuanyu Liu,YieldingYams,5105254
2026-07-03T01:17:52.740866,2026-07-03T01:17:52.750662+00:00,113.7,500,bid,AverageAlmonds,YieldingYams,5105264
2026-07-03T01:17:53.096168,2026-07-03T01:17:53.105741+00:00,113.7,200,bid,YieldingYams,WavyWalnuts,5105269
2026-07-03T01:17:53.376298,2026-07-03T01:17:53.384463+00:00,113.7,200,ask,YieldingYams,WavyWalnuts,5105271
2026-07-03T01:17:53.707071,2026-07-03T01:17:53.711124+00:00,113.9,34,bid,Xuanyu Liu,YieldingYams,5105280
2026-07-03T01:17:54.425814,2026-07-03T01:17:54.429721+00:00,113.8,12,bid,Xuanyu Liu,YieldingYams,5105287
2026-07-03T01:17:56.529118,2026-07-03T01:17:56.540815+00:00,114.0,20,bid,BrilliantBurritos,YieldingYams,5105323
2026-07-03T01:17:57.001758,2026-07-03T01:17:57.011505+00:00,114.0,200,bid,WavyWalnuts,YieldingYams,5105333
2026-07-03T01:17:57.043540,2026-07-03T01:17:57.047646+00:00,114.0,23,ask,YieldingYams,Xuanyu Liu,5105335
2026-07-03T01:17:57.686626,2026-07-03T01:17:57.695006+00:00,114.2,20,bid,BrilliantBurritos,WavyWalnuts,5105349
2026-07-03T01:17:59.973057,2026-07-03T01:17:59.976782+00:00,114.1,11,bid,Xuanyu Liu,WavyWalnuts,5105387
2026-07-03T01:18:00.664789,2026-07-03T01:18:00.668478+00:00,114.0,12,bid,Xuanyu Liu,WavyWalnuts,5105398
2026-07-03T01:18:06.186755,2026-07-03T01:18:06.193991+00:00,114.0,200,bid,YieldingYams,WavyWalnuts,5105470
2026-07-03T01:18:06.692714,2026-07-03T01:18:06.703899+00:00,114.1,200,ask,YieldingYams,WavyWalnuts,5105476
2026-07-03T01:18:08.806589,2026-07-03T01:18:08.817847+00:00,114.0,200,ask,WavyWalnuts,YieldingYams,5105515
2026-07-03T01:18:10.127306,2026-07-03T01:18:10.131267+00:00,113.9,12,ask,YieldingYams,Xuanyu Liu,5105537
2026-07-03T01:18:12.673828,2026-07-03T01:18:12.677666+00:00,114.0,12,bid,Xuanyu Liu,WavyWalnuts,5105569
2026-07-03T01:18:13.958409,2026-07-03T01:18:13.968956+00:00,114.0,200,bid,WavyWalnuts,YieldingYams,5105595
2026-07-03T01:18:15.170436,2026-07-03T01:18:15.177156+00:00,114.0,200,bid,WavyWalnuts,YieldingYams,5105611
2026-07-03T01:18:15.370742,2026-07-03T01:18:15.374577+00:00,113.9,3,bid,Xuanyu Liu,YieldingYams,5105613
2026-07-03T01:18:16.380563,2026-07-03T01:18:16.389103+00:00,113.9,200,bid,WavyWalnuts,YieldingYams,5105630
2026-07-03T01:18:17.588994,2026-07-03T01:18:17.600145+00:00,114.0,200,bid,WavyWalnuts,YieldingYams,5105652
2026-07-03T01:18:18.814280,2026-07-03T01:18:18.818325+00:00,113.9,3,ask,WavyWalnuts,Xuanyu Liu,5105671
2026-07-03T01:18:18.970342,2026-07-03T01:18:18.973741+00:00,114.0,11,bid,Xuanyu Liu,YieldingYams,5105675
2026-07-03T01:18:21.216781,2026-07-03T01:18:21.223770+00:00,113.9,200,ask,YieldingYams,WavyWalnuts,5105700
2026-07-03T01:18:22.424979,2026-07-03T01:18:22.433843+00:00,113.9,200,ask,YieldingYams,WavyWalnuts,5105710
2026-07-03T01:18:23.887039,2026-07-03T01:18:23.894831+00:00,114.0,20,bid,BrilliantBurritos,YieldingYams,5105729
2026-07-03T01:18:24.502984,2026-07-03T01:18:24.514064+00:00,113.8,200,ask,WavyWalnuts,YieldingYams,5105740
2026-07-03T01:18:24.502984,2026-07-03T01:18:24.514064+00:00,113.8,425,ask,AverageAlmonds,YieldingYams,5105741
2026-07-03T01:18:24.833003,2026-07-03T01:18:24.840201+00:00,114.1,20,bid,BrilliantBurritos,WavyWalnuts,5105748
2026-07-03T01:18:27.122225,2026-07-03T01:18:27.140427+00:00,114.0,200,bid,YieldingYams,WavyWalnuts,5105773
2026-07-03T01:18:27.136256,2026-07-03T01:18:27.140427+00:00,114.1,11,ask,YieldingYams,Xuanyu Liu,5105775
2026-07-03T01:18:30.892734,2026-07-03T01:18:30.901232+00:00,114.1,200,bid,WavyWalnuts,YieldingYams,5105833
2026-07-03T01:18:31.130956,2026-07-03T01:18:31.141093+00:00,114.1,20,bid,BrilliantBurritos,YieldingYams,5105838
2026-07-03T01:18:32.115425,2026-07-03T01:18:32.119714+00:00,114.0,12,ask,WavyWalnuts,Xuanyu Liu,5105854
2026-07-03T01:18:32.398565,2026-07-03T01:18:32.408241+00:00,114.0,188,ask,WavyWalnuts,YieldingYams,5105861
2026-07-03T01:18:33.311124,2026-07-03T01:18:33.321118+00:00,114.0,200,bid,WavyWalnuts,YieldingYams,5105878
2026-07-03T01:18:34.522055,2026-07-03T01:18:34.529373+00:00,114.0,200,ask,YieldingYams,WavyWalnuts,5105895
2026-07-03T01:18:36.942332,2026-07-03T01:18:36.950192+00:00,113.9,200,ask,YieldingYams,WavyWalnuts,5105928
2026-07-03T01:18:39.375209,2026-07-03T01:18:39.382074+00:00,114.1,200,bid,WavyWalnuts,YieldingYams,5105963
2026-07-03T01:18:40.583874,2026-07-03T01:18:40.590492+00:00,114.0,200,ask,YieldingYams,WavyWalnuts,5105980
2026-07-03T01:18:41.512684,2026-07-03T01:18:41.524173+00:00,114.2,20,bid,BrilliantBurritos,YieldingYams,5105992
2026-07-03T01:18:46.810302,2026-07-03T01:18:46.817355+00:00,114.1,200,bid,YieldingYams,WavyWalnuts,5106056
2026-07-03T01:18:48.880780,2026-07-03T01:18:48.892112+00:00,114.1,20,bid,BrilliantBurritos,YieldingYams,5106077
2026-07-03T01:18:50.735592,2026-07-03T01:18:50.743400+00:00,114.1,200,bid,YieldingYams,WavyWalnuts,5106096
2026-07-03T01:18:51.468318,2026-07-03T01:18:51.479932+00:00,114.1,200,ask,YieldingYams,WavyWalnuts,5106112
2026-07-03T01:18:52.085781,2026-07-03T01:18:52.089542+00:00,114.1,12,bid,Xuanyu Liu,YieldingYams,5106121
2026-07-03T01:18:54.670009,2026-07-03T01:18:54.677521+00:00,114.2,200,bid,YieldingYams,WavyWalnuts,5106162
2026-07-03T01:18:56.327210,2026-07-03T01:18:56.336794+00:00,114.1,200,ask,YieldingYams,WavyWalnuts,5106177
2026-07-03T01:18:56.963636,2026-07-03T01:18:56.967017+00:00,114.3,11,bid,Xuanyu Liu,YieldingYams,5106190
2026-07-03T01:18:57.309464,2026-07-03T01:18:57.313645+00:00,114.2,3,bid,Xuanyu Liu,YieldingYams,5106194
2026-07-03T01:19:01.182337,2026-07-03T01:19:01.186275+00:00,114.0,3,ask,WavyWalnuts,Xuanyu Liu,5106237
2026-07-03T01:19:03.280809,2026-07-03T01:19:03.284444+00:00,114.3,3,bid,Xuanyu Liu,YieldingYams,5106274
