timestamp,recv_time,price,volume,aggressor_side,buyer,seller,trade_id
2026-07-14T19:00:00.350967,2026-07-14T19:00:00.247407+00:00,69.2,30,ask,YieldingYams,YUNSHEN JI,3598473
2026-07-14T19:00:00.950269,2026-07-14T19:00:00.957517+00:00,69.2,30,ask,YieldingYams,YUNSHEN JI,3598487
2026-07-14T19:00:00.984508,2026-07-14T19:00:00.989851+00:00,69.2,200,ask,YieldingYams,WavyWalnuts,3598488
2026-07-14T19:00:01.451138,2026-07-14T19:00:01.463038+00:00,69.3,38,bid,YieldingYams,Sze-Yong Ng,3598492
2026-07-14T19:00:01.451138,2026-07-14T19:00:01.463038+00:00,69.3,20,bid,YieldingYams,Luke Zeng,3598493
2026-07-14T19:00:01.542488,2026-07-14T19:00:01.539243+00:00,69.3,29,ask,YieldingYams,YUNSHEN JI,3598497
2026-07-14T19:00:02.195400,2026-07-14T19:00:02.198414+00:00,69.3,200,ask,YieldingYams,WavyWalnuts,3598505
2026-07-14T19:00:02.773904,2026-07-14T19:00:02.746255+00:00,69.3,20,ask,Roger Xu,YieldingYams,3598507
2026-07-14T19:00:02.773904,2026-07-14T19:00:02.746255+00:00,69.2,20,ask,Roger Xu,YieldingYams,3598508
2026-07-14T19:00:03.317298,2026-07-14T19:00:03.324947+00:00,69.2,500,bid,AverageAlmonds,YieldingYams,3598517
2026-07-14T19:00:03.339965,2026-07-14T19:00:03.346521+00:00,69.2,30,bid,YUNSHEN JI,YieldingYams,3598519
2026-07-14T19:00:03.499795,2026-07-14T19:00:03.521938+00:00,69.2,20,bid,BrilliantBurritos,YieldingYams,3598524
2026-07-14T19:00:03.905666,2026-07-14T19:00:03.914787+00:00,69.2,30,bid,YUNSHEN JI,YieldingYams,3598530
2026-07-14T19:00:03.920573,2026-07-14T19:00:03.965652+00:00,69.2,5,bid,AverageAlmonds,YieldingYams,3598532
2026-07-14T19:00:03.920573,2026-07-14T19:00:03.965652+00:00,69.2,23,bid,AverageAlmonds,Sze-Yong Ng,3598533
2026-07-14T19:00:04.083542,2026-07-14T19:00:04.094504+00:00,69.3,200,bid,YieldingYams,WavyWalnuts,3598538
2026-07-14T19:00:06.707871,2026-07-14T19:00:06.715392+00:00,69.2,20,ask,Luke Zeng,YieldingYams,3598564
2026-07-14T19:00:06.707871,2026-07-14T19:00:06.715392+00:00,69.2,500,ask,AverageAlmonds,YieldingYams,3598565
2026-07-14T19:00:06.932922,2026-07-14T19:00:06.942884+00:00,69.2,105,bid,AverageAlmonds,YieldingYams,3598569
2026-07-14T19:00:07.384775,2026-07-14T19:00:07.395865+00:00,69.2,30,ask,AverageAlmonds,YUNSHEN JI,3598574
2026-07-14T19:00:07.951960,2026-07-14T19:00:07.963246+00:00,69.2,30,ask,AverageAlmonds,YUNSHEN JI,3598588
2026-07-14T19:00:08.016687,2026-07-14T19:00:08.032585+00:00,69.3,20,bid,YieldingYams,Luke Zeng,3598590
2026-07-14T19:00:08.016687,2026-07-14T19:00:08.032585+00:00,69.3,200,bid,YieldingYams,WavyWalnuts,3598591
2026-07-14T19:00:08.276304,2026-07-14T19:00:08.287839+00:00,69.5,200,ask,YieldingYams,WavyWalnuts,3598599
2026-07-14T19:00:09.486298,2026-07-14T19:00:09.492636+00:00,69.3,200,ask,YieldingYams,WavyWalnuts,3598610
2026-07-14T19:00:09.668431,2026-07-14T19:00:09.673450+00:00,69.5,30,bid,YUNSHEN JI,YieldingYams,3598615
2026-07-14T19:00:10.239228,2026-07-14T19:00:10.249115+00:00,69.5,30,bid,YUNSHEN JI,YieldingYams,3598621
2026-07-14T19:00:10.695221,2026-07-14T19:00:10.698362+00:00,69.3,20,ask,Luke Zeng,WavyWalnuts,3598629
2026-07-14T19:00:10.695221,2026-07-14T19:00:10.709059+00:00,69.3,180,ask,YieldingYams,WavyWalnuts,3598630
2026-07-14T19:00:10.803281,2026-07-14T19:00:10.806752+00:00,69.5,29,bid,YUNSHEN JI,YieldingYams,3598635
2026-07-14T19:00:11.205157,2026-07-14T19:00:11.217393+00:00,69.3,20,ask,Luke Zeng,YieldingYams,3598644
2026-07-14T19:00:11.907296,2026-07-14T19:00:11.909977+00:00,69.3,200,ask,YieldingYams,WavyWalnuts,3598651
2026-07-14T19:00:11.962708,2026-07-14T19:00:11.979925+00:00,69.3,20,ask,YieldingYams,BrilliantBurritos,3598653
2026-07-14T19:00:12.528177,2026-07-14T19:00:12.535496+00:00,69.2,1,ask,YieldingYams,YUNSHEN JI,3598664
2026-07-14T19:00:13.093149,2026-07-14T19:00:13.104002+00:00,69.2,4,ask,YieldingYams,YUNSHEN JI,3598677
2026-07-14T19:00:13.273730,2026-07-14T19:00:13.284206+00:00,69.3,200,bid,YieldingYams,WavyWalnuts,3598679
2026-07-14T19:00:13.273730,2026-07-14T19:00:13.284206+00:00,69.3,20,bid,YieldingYams,Luke Zeng,3598680
2026-07-14T19:00:13.547611,2026-07-14T19:00:13.549726+00:00,69.3,20,ask,YieldingYams,Roger Xu,3598684
2026-07-14T19:00:13.658397,2026-07-14T19:00:13.667002+00:00,69.3,5,ask,YieldingYams,YUNSHEN JI,3598690
2026-07-14T19:00:14.276231,2026-07-14T19:00:14.281925+00:00,69.3,1,ask,YieldingYams,YUNSHEN JI,3598706
2026-07-14T19:00:14.459440,2026-07-14T19:00:14.463442+00:00,69.3,20,ask,YieldingYams,Roger Xu,3598707
2026-07-14T19:00:14.586958,2026-07-14T19:00:14.590719+00:00,69.2,500,ask,AverageAlmonds,YieldingYams,3598710
2026-07-14T19:00:14.586958,2026-07-14T19:00:14.590719+00:00,69.2,125,ask,WavyWalnuts,YieldingYams,3598711
2026-07-14T19:00:14.845514,2026-07-14T19:00:14.858093+00:00,69.2,14,ask,WavyWalnuts,YUNSHEN JI,3598719
2026-07-14T19:00:15.051909,2026-07-14T19:00:15.060125+00:00,69.4,20,bid,BrilliantBurritos,WavyWalnuts,3598724
2026-07-14T19:00:16.788638,2026-07-14T19:00:16.795948+00:00,69.3,20,ask,YieldingYams,BrilliantBurritos,3598746
2026-07-14T19:00:17.216285,2026-07-14T19:00:17.221824+00:00,69.4,200,bid,YieldingYams,WavyWalnuts,3598751
2026-07-14T19:00:18.531335,2026-07-14T19:00:18.538270+00:00,69.4,200,ask,WavyWalnuts,YieldingYams,3598772
2026-07-14T19:00:18.531335,2026-07-14T19:00:18.538270+00:00,69.4,20,ask,Roger Xu,YieldingYams,3598773
2026-07-14T19:00:18.531335,2026-07-14T19:00:18.538270+00:00,69.3,20,ask,Roger Xu,YieldingYams,3598774
2026-07-14T19:00:18.531335,2026-07-14T19:00:18.538270+00:00,69.3,385,ask,AverageAlmonds,YieldingYams,3598775
2026-07-14T19:00:19.720170,2026-07-14T19:00:19.729108+00:00,69.3,20,ask,WavyWalnuts,BrilliantBurritos,3598789
2026-07-14T19:00:19.842608,2026-07-14T19:00:19.848575+00:00,69.5,200,bid,YieldingYams,WavyWalnuts,3598794
2026-07-14T19:00:19.842608,2026-07-14T19:00:19.848575+00:00,69.5,20,bid,YieldingYams,Luke Zeng,3598795
2026-07-14T19:00:20.801539,2026-07-14T19:00:20.811582+00:00,69.6,30,ask,WavyWalnuts,YUNSHEN JI,3598807
2026-07-14T19:00:21.145103,2026-07-14T19:00:21.147417+00:00,69.6,20,ask,WavyWalnuts,Roger Xu,3598818
2026-07-14T19:00:21.164047,2026-07-14T19:00:21.169547+00:00,69.6,150,ask,WavyWalnuts,YieldingYams,3598820
2026-07-14T19:00:21.940442,2026-07-14T19:00:21.951852+00:00,69.5,30,bid,YUNSHEN JI,YieldingYams,3598838
2026-07-14T19:00:22.478952,2026-07-14T19:00:22.491870+00:00,69.6,200,bid,YieldingYams,WavyWalnuts,3598848
2026-07-14T19:00:22.799680,2026-07-14T19:00:22.810495+00:00,69.6,200,ask,YieldingYams,WavyWalnuts,3598853
2026-07-14T19:00:24.805412,2026-07-14T19:00:24.816194+00:00,69.7,25,bid,YUNSHEN JI,YieldingYams,3598887
2026-07-14T19:00:27.583853,2026-07-14T19:00:27.586788+00:00,69.6,20,ask,Roger Xu,WavyWalnuts,3598926
2026-07-14T19:00:27.639893,2026-07-14T19:00:27.657076+00:00,69.6,70,ask,Sze-Yong Ng,WavyWalnuts,3598927
2026-07-14T19:00:27.639893,2026-07-14T19:00:27.657076+00:00,69.6,20,ask,Sze-Yong Ng,BrilliantBurritos,3598928
2026-07-14T19:00:27.639893,2026-07-14T19:00:27.657076+00:00,69.6,16,ask,Luke Zeng,WavyWalnuts,3598929
2026-07-14T19:00:29.076269,2026-07-14T19:00:29.079859+00:00,69.7,500,bid,YieldingYams,AverageAlmonds,3598955
2026-07-14T19:00:29.076269,2026-07-14T19:00:29.079859+00:00,69.7,125,bid,YieldingYams,WavyWalnuts,3598956
2026-07-14T19:00:30.060286,2026-07-14T19:00:30.065748+00:00,69.7,200,bid,WavyWalnuts,AverageAlmonds,3598967
2026-07-14T19:00:30.390852,2026-07-14T19:00:30.395723+00:00,69.4,2,bid,Shen Jiang,YieldingYams,3598974
2026-07-14T19:00:30.594281,2026-07-14T19:00:30.598223+00:00,69.4,25,bid,Johan Shajee,YieldingYams,3598977
2026-07-14T19:00:30.639086,2026-07-14T19:00:30.641114+00:00,69.4,5,bid,YUNSHEN JI,YieldingYams,3598979
2026-07-14T19:00:30.804658,2026-07-14T19:00:30.813051+00:00,69.4,25,bid,Johan Shajee,YieldingYams,3598982
2026-07-14T19:00:31.017120,2026-07-14T19:00:31.025312+00:00,69.4,25,bid,Johan Shajee,YieldingYams,3598984
2026-07-14T19:00:31.229568,2026-07-14T19:00:31.239117+00:00,69.4,25,bid,Dinh Nguyen,YieldingYams,3598988
2026-07-14T19:00:31.237628,2026-07-14T19:00:31.249804+00:00,69.3,2,ask,Sze-Yong Ng,Johan Shajee,3598990
2026-07-14T19:00:31.270984,2026-07-14T19:00:31.281949+00:00,69.4,200,bid,WavyWalnuts,YieldingYams,3598992
2026-07-14T19:00:31.443154,2026-07-14T19:00:31.452753+00:00,69.3,2,ask,Sze-Yong Ng,Johan Shajee,3598999
2026-07-14T19:00:31.648156,2026-07-14T19:00:31.651931+00:00,69.3,25,ask,AverageAlmonds,Johan Shajee,3599006
2026-07-14T19:00:31.657608,2026-07-14T19:00:31.662616+00:00,69.3,2,ask,AverageAlmonds,Johan Shajee,3599008
2026-07-14T19:00:31.675508,2026-07-14T19:00:31.684136+00:00,69.4,25,bid,Johan Shajee,YieldingYams,3599009
2026-07-14T19:00:31.701269,2026-07-14T19:00:31.706162+00:00,69.4,52,bid,YieldingYams,Shen Jiang,3599012
2026-07-14T19:00:31.701269,2026-07-14T19:00:31.706162+00:00,69.4,71,bid,YieldingYams,Sze-Yong Ng,3599013
2026-07-14T19:00:31.760978,2026-07-14T19:00:31.765506+00:00,69.6,20,bid,BrilliantBurritos,YieldingYams,3599016
2026-07-14T19:00:31.862572,2026-07-14T19:00:31.873952+00:00,69.4,2,ask,YieldingYams,Dinh Nguyen,3599017
2026-07-14T19:00:31.938454,2026-07-14T19:00:31.948727+00:00,69.4,2,ask,YieldingYams,Johan Shajee,3599018
2026-07-14T19:00:32.067771,2026-07-14T19:00:32.077236+00:00,69.4,1,ask,YieldingYams,Johan Shajee,3599019
2026-07-14T19:00:32.480666,2026-07-14T19:00:32.482909+00:00,69.4,200,ask,YieldingYams,WavyWalnuts,3599020
2026-07-14T19:00:33.189772,2026-07-14T19:00:33.200765+00:00,69.3,2,ask,WavyWalnuts,Dinh Nguyen,3599029
2026-07-14T19:00:34.415480,2026-07-14T19:00:34.421198+00:00,69.3,2,ask,WavyWalnuts,Dinh Nguyen,3599047
2026-07-14T19:00:35.669383,2026-07-14T19:00:35.680838+00:00,69.4,500,bid,YieldingYams,AverageAlmonds,3599061
2026-07-14T19:00:36.018491,2026-07-14T19:00:36.031727+00:00,69.4,125,ask,YieldingYams,AverageAlmonds,3599066
2026-07-14T19:00:36.018491,2026-07-14T19:00:36.031727+00:00,69.4,38,ask,Sze-Yong Ng,AverageAlmonds,3599067
2026-07-14T19:00:36.043087,2026-07-14T19:00:36.053987+00:00,69.4,52,bid,Shen Jiang,AverageAlmonds,3599068
2026-07-14T19:00:36.107422,2026-07-14T19:00:36.118223+00:00,69.4,200,bid,WavyWalnuts,AverageAlmonds,3599069
2026-07-14T19:00:36.985148,2026-07-14T19:00:37.002013+00:00,69.3,20,ask,Luke Zeng,YieldingYams,3599078
2026-07-14T19:00:36.985148,2026-07-14T19:00:37.002013+00:00,69.3,26,ask,Shen Jiang,YieldingYams,3599079
2026-07-14T19:00:37.090600,2026-07-14T19:00:37.099036+00:00,69.2,25,bid,Johan Shajee,YieldingYams,3599083
2026-07-14T19:00:37.235704,2026-07-14T19:00:37.238820+00:00,69.2,5,bid,YUNSHEN JI,YieldingYams,3599091
2026-07-14T19:00:38.127503,2026-07-14T19:00:38.133315+00:00,69.1,2,ask,WavyWalnuts,Dinh Nguyen,3599113
2026-07-14T19:00:38.304245,2026-07-14T19:00:38.310813+00:00,69.1,198,ask,WavyWalnuts,YieldingYams,3599119
2026-07-14T19:00:38.304245,2026-07-14T19:00:38.310813+00:00,69.1,13,ask,Luke Zeng,YieldingYams,3599120
2026-07-14T19:00:39.354428,2026-07-14T19:00:39.363125+00:00,68.9,2,ask,YieldingYams,Dinh Nguyen,3599140
2026-07-14T19:00:39.744865,2026-07-14T19:00:39.753903+00:00,69.1,22,bid,WavyWalnuts,Sze-Yong Ng,3599146
2026-07-14T19:00:39.744865,2026-07-14T19:00:39.753903+00:00,69.1,16,bid,WavyWalnuts,Luke Zeng,3599147
2026-07-14T19:00:40.590474,2026-07-14T19:00:40.598845+00:00,69.1,2,ask,WavyWalnuts,Dinh Nguyen,3599155
2026-07-14T19:00:40.924355,2026-07-14T19:00:40.932004+00:00,69.1,160,ask,WavyWalnuts,YieldingYams,3599161
2026-07-14T19:00:40.954419,2026-07-14T19:00:40.964194+00:00,69.0,200,bid,WavyWalnuts,YieldingYams,3599162
2026-07-14T19:00:41.840471,2026-07-14T19:00:41.842904+00:00,68.9,2,ask,YieldingYams,Dinh Nguyen,3599170
2026-07-14T19:00:42.231870,2026-07-14T19:00:42.239258+00:00,69.0,26,bid,YieldingYams,Shen Jiang,3599173
2026-07-14T19:00:43.095476,2026-07-14T19:00:43.099159+00:00,69.0,2,ask,YieldingYams,Dinh Nguyen,3599181
2026-07-14T19:00:43.376355,2026-07-14T19:00:43.387719+00:00,69.0,200,ask,YieldingYams,WavyWalnuts,3599185
2026-07-14T19:00:43.553810,2026-07-14T19:00:43.558127+00:00,69.0,16,ask,Shen Jiang,YieldingYams,3599187
2026-07-14T19:00:44.323462,2026-07-14T19:00:44.334528+00:00,68.9,2,ask,Luke Zeng,Dinh Nguyen,3599194
2026-07-14T19:00:45.560453,2026-07-14T19:00:45.567255+00:00,68.9,2,ask,Luke Zeng,Dinh Nguyen,3599215
2026-07-14T19:00:45.801657,2026-07-14T19:00:45.803535+00:00,68.9,13,ask,Luke Zeng,WavyWalnuts,3599223
2026-07-14T19:00:45.801657,2026-07-14T19:00:45.814295+00:00,68.9,1,ask,Shen Jiang,WavyWalnuts,3599224
2026-07-14T19:00:45.801657,2026-07-14T19:00:45.814295+00:00,68.8,186,ask,YieldingYams,WavyWalnuts,3599225
2026-07-14T19:00:46.184702,2026-07-14T19:00:46.191042+00:00,68.8,500,ask,AverageAlmonds,YieldingYams,3599229
2026-07-14T19:00:46.184702,2026-07-14T19:00:46.191042+00:00,68.8,28,ask,Shen Jiang,YieldingYams,3599230
2026-07-14T19:00:46.184702,2026-07-14T19:00:46.191042+00:00,68.6,97,ask,WavyWalnuts,YieldingYams,3599231
2026-07-14T19:00:46.810499,2026-07-14T19:00:46.812732+00:00,68.9,1,ask,AverageAlmonds,Dinh Nguyen,3599241
2026-07-14T19:00:47.012890,2026-07-14T19:00:47.017164+00:00,68.9,200,ask,AverageAlmonds,WavyWalnuts,3599245
2026-07-14T19:00:48.223486,2026-07-14T19:00:48.228916+00:00,69.0,200,ask,YieldingYams,WavyWalnuts,3599263
2026-07-14T19:00:49.096190,2026-07-14T19:00:49.105337+00:00,69.1,20,bid,BrilliantBurritos,YieldingYams,3599288
2026-07-14T19:00:49.432040,2026-07-14T19:00:49.440846+00:00,69.0,22,ask,Sze-Yong Ng,WavyWalnuts,3599291
2026-07-14T19:00:49.432040,2026-07-14T19:00:49.440846+00:00,69.0,16,ask,Luke Zeng,WavyWalnuts,3599292
2026-07-14T19:00:49.432040,2026-07-14T19:00:49.440846+00:00,69.0,162,ask,YieldingYams,WavyWalnuts,3599293
2026-07-14T19:00:50.643784,2026-07-14T19:00:50.652679+00:00,68.9,200,ask,YieldingYams,WavyWalnuts,3599321
2026-07-14T19:00:51.443266,2026-07-14T19:00:51.459311+00:00,68.9,17,ask,Luke Zeng,YieldingYams,3599336
2026-07-14T19:00:51.443266,2026-07-14T19:00:51.459311+00:00,68.9,500,ask,AverageAlmonds,YieldingYams,3599337
2026-07-14T19:00:51.534323,2026-07-14T19:00:51.545281+00:00,68.9,25,bid,Johan Shajee,YieldingYams,3599341
2026-07-14T19:00:51.746739,2026-07-14T19:00:51.748970+00:00,68.9,25,bid,Johan Shajee,YieldingYams,3599343
2026-07-14T19:00:51.758095,2026-07-14T19:00:51.770692+00:00,68.9,58,bid,AverageAlmonds,YieldingYams,3599344
2026-07-14T19:00:51.787803,2026-07-14T19:00:51.792298+00:00,69.4,30,bid,YUNSHEN JI,AverageAlmonds,3599346
2026-07-14T19:00:51.852513,2026-07-14T19:00:51.856788+00:00,69.0,200,ask,AverageAlmonds,WavyWalnuts,3599349
2026-07-14T19:00:53.061566,2026-07-14T19:00:53.073637+00:00,69.1,200,ask,YieldingYams,WavyWalnuts,3599377
2026-07-14T19:00:53.744650,2026-07-14T19:00:53.748694+00:00,69.3,2,bid,Dinh Nguyen,Luke Zeng,3599388
2026-07-14T19:00:54.270413,2026-07-14T19:00:54.280392+00:00,69.2,200,ask,YieldingYams,WavyWalnuts,3599397
2026-07-14T19:00:54.994543,2026-07-14T19:00:55.007278+00:00,69.3,2,bid,Dinh Nguyen,YieldingYams,3599409
2026-07-14T19:00:55.419737,2026-07-14T19:00:55.469956+00:00,69.2,42,ask,Sze-Yong Ng,YieldingYams,3599419
2026-07-14T19:00:55.419737,2026-07-14T19:00:55.469956+00:00,69.2,3,ask,Shen Jiang,YieldingYams,3599420
2026-07-14T19:00:55.419737,2026-07-14T19:00:55.469956+00:00,69.2,2,ask,Luke Zeng,YieldingYams,3599421
2026-07-14T19:00:55.478101,2026-07-14T19:00:55.480809+00:00,69.1,200,bid,WavyWalnuts,YieldingYams,3599423
2026-07-14T19:00:55.567651,2026-07-14T19:00:55.569765+00:00,69.1,25,bid,Johan Shajee,YieldingYams,3599425
2026-07-14T19:00:56.226507,2026-07-14T19:00:56.235772+00:00,69.1,2,bid,Dinh Nguyen,YieldingYams,3599430
2026-07-14T19:00:56.732211,2026-07-14T19:00:56.744467+00:00,69.1,17,bid,YieldingYams,Luke Zeng,3599443
2026-07-14T19:00:56.732211,2026-07-14T19:00:56.744467+00:00,69.1,20,bid,YieldingYams,Shen Jiang,3599444
2026-07-14T19:00:56.732211,2026-07-14T19:00:56.744467+00:00,69.1,200,bid,YieldingYams,WavyWalnuts,3599445
2026-07-14T19:00:57.321783,2026-07-14T19:00:57.330209+00:00,69.1,20,ask,YieldingYams,BrilliantBurritos,3599452
2026-07-14T19:00:57.480478,2026-07-14T19:00:57.490881+00:00,69.3,2,bid,Dinh Nguyen,YieldingYams,3599459
2026-07-14T19:00:58.732502,2026-07-14T19:00:58.735911+00:00,69.2,2,bid,Dinh Nguyen,YieldingYams,3599480
2026-07-14T19:00:59.587569,2026-07-14T19:00:59.600418+00:00,69.2,25,bid,Johan Shajee,WavyWalnuts,3599504
2026-07-14T19:00:59.659099,2026-07-14T19:00:59.667042+00:00,69.2,30,bid,YUNSHEN JI,WavyWalnuts,3599508
2026-07-14T19:00:59.756434,2026-07-14T19:00:59.765033+00:00,69.2,20,bid,BrilliantBurritos,WavyWalnuts,3599511
2026-07-14T19:00:59.798333,2026-07-14T19:00:59.808777+00:00,69.2,9,bid,Johan Shajee,WavyWalnuts,3599513
2026-07-14T19:01:00.227496,2026-07-14T19:01:00.241268+00:00,69.2,11,bid,YUNSHEN JI,WavyWalnuts,3599521
2026-07-14T19:01:00.258991,2026-07-14T19:01:00.262808+00:00,69.2,25,bid,Dinh Nguyen,WavyWalnuts,3599522
2026-07-14T19:01:00.326510,2026-07-14T19:01:00.337767+00:00,69.1,8,ask,Sze-Yong Ng,WavyWalnuts,3599524
2026-07-14T19:01:00.326510,2026-07-14T19:01:00.337767+00:00,69.1,192,ask,YieldingYams,WavyWalnuts,3599525
2026-07-14T19:01:00.523764,2026-07-14T19:01:00.529804+00:00,69.2,2,bid,Dinh Nguyen,AverageAlmonds,3599527
2026-07-14T19:01:01.534734,2026-07-14T19:01:01.538324+00:00,69.2,200,bid,WavyWalnuts,YieldingYams,3599542
2026-07-14T19:01:01.753500,2026-07-14T19:01:01.763072+00:00,69.2,2,bid,Dinh Nguyen,YieldingYams,3599544
2026-07-14T19:01:02.077852,2026-07-14T19:01:02.084484+00:00,69.2,500,ask,YieldingYams,AverageAlmonds,3599550
2026-07-14T19:01:02.675570,2026-07-14T19:01:02.682980+00:00,69.2,125,ask,YieldingYams,AverageAlmonds,3599554
2026-07-14T19:01:02.981514,2026-07-14T19:01:02.993791+00:00,69.2,2,bid,Dinh Nguyen,AverageAlmonds,3599562
2026-07-14T19:01:03.885037,2026-07-14T19:01:03.896918+00:00,69.2,500,ask,YieldingYams,AverageAlmonds,3599575
2026-07-14T19:01:03.955672,2026-07-14T19:01:03.962366+00:00,69.3,200,bid,WavyWalnuts,YieldingYams,3599578
2026-07-14T19:01:04.204490,2026-07-14T19:01:04.214026+00:00,69.3,2,bid,Dinh Nguyen,YieldingYams,3599583
2026-07-14T19:01:05.166389,2026-07-14T19:01:05.176656+00:00,69.2,200,bid,WavyWalnuts,YieldingYams,3599592
2026-07-14T19:01:05.432172,2026-07-14T19:01:05.443962+00:00,69.2,2,bid,Dinh Nguyen,YieldingYams,3599598
2026-07-14T19:01:05.952987,2026-07-14T19:01:05.973367+00:00,69.2,20,bid,YieldingYams,Luke Zeng,3599605
2026-07-14T19:01:05.986473,2026-07-14T19:01:05.995625+00:00,69.2,30,ask,YieldingYams,YUNSHEN JI,3599610
2026-07-14T19:01:09.902382,2026-07-14T19:01:09.921663+00:00,69.3,50,bid,YieldingYams,Sze-Yong Ng,3599665
2026-07-14T19:01:09.902382,2026-07-14T19:01:09.921663+00:00,69.3,29,bid,YieldingYams,Shen Jiang,3599666
2026-07-14T19:01:10.044993,2026-07-14T19:01:10.051916+00:00,69.3,30,ask,YieldingYams,YUNSHEN JI,3599675
2026-07-14T19:01:10.626102,2026-07-14T19:01:10.630402+00:00,69.3,14,ask,YieldingYams,YUNSHEN JI,3599688
2026-07-14T19:01:12.097616,2026-07-14T19:01:12.101107+00:00,69.3,20,ask,YieldingYams,BrilliantBurritos,3599712
2026-07-14T19:01:13.020847,2026-07-14T19:01:13.033180+00:00,69.4,1,bid,YUNSHEN JI,Luke Zeng,3599729
2026-07-14T19:01:13.619807,2026-07-14T19:01:13.623836+00:00,69.4,30,bid,YUNSHEN JI,WavyWalnuts,3599742
2026-07-14T19:01:13.848796,2026-07-14T19:01:13.860711+00:00,69.4,200,bid,YieldingYams,WavyWalnuts,3599749
2026-07-14T19:01:13.848796,2026-07-14T19:01:13.860711+00:00,69.6,425,bid,YieldingYams,AverageAlmonds,3599750
2026-07-14T19:01:16.000683,2026-07-14T19:01:16.006708+00:00,69.3,30,ask,Sze-Yong Ng,YUNSHEN JI,3599783
2026-07-14T19:01:16.469092,2026-07-14T19:01:16.479707+00:00,69.3,12,ask,Sze-Yong Ng,YieldingYams,3599788
2026-07-14T19:01:16.469092,2026-07-14T19:01:16.479707+00:00,69.3,200,ask,WavyWalnuts,YieldingYams,3599789
2026-07-14T19:01:19.702860,2026-07-14T19:01:19.708732+00:00,69.2,200,ask,AverageAlmonds,WavyWalnuts,3599815
2026-07-14T19:01:22.118526,2026-07-14T19:01:22.123456+00:00,69.2,200,ask,YieldingYams,WavyWalnuts,3599850
2026-07-14T19:01:23.360543,2026-07-14T19:01:23.363752+00:00,69.2,200,ask,YieldingYams,WavyWalnuts,3599868
2026-07-14T19:01:26.987666,2026-07-14T19:01:26.998185+00:00,69.3,200,bid,WavyWalnuts,YieldingYams,3599923
2026-07-14T19:01:27.024231,2026-07-14T19:01:27.030800+00:00,69.2,20,ask,Luke Zeng,YieldingYams,3599925
2026-07-14T19:01:27.024231,2026-07-14T19:01:27.030800+00:00,69.2,500,ask,AverageAlmonds,YieldingYams,3599926
2026-07-14T19:01:27.110467,2026-07-14T19:01:27.117007+00:00,69.2,1,bid,YUNSHEN JI,YieldingYams,3599930
2026-07-14T19:01:27.477392,2026-07-14T19:01:27.480736+00:00,69.2,104,bid,AverageAlmonds,YieldingYams,3599939
2026-07-14T19:01:29.420484,2026-07-14T19:01:29.425382+00:00,69.3,200,ask,AverageAlmonds,WavyWalnuts,3599971
2026-07-14T19:01:30.630097,2026-07-14T19:01:30.637850+00:00,69.3,200,ask,AverageAlmonds,WavyWalnuts,3599986
2026-07-14T19:01:31.065659,2026-07-14T19:01:31.078475+00:00,69.4,16,bid,BrilliantBurritos,Luke Zeng,3599997
2026-07-14T19:01:31.065659,2026-07-14T19:01:31.078475+00:00,69.4,4,bid,BrilliantBurritos,Shen Jiang,3599998
2026-07-14T19:01:34.899575,2026-07-14T19:01:34.911339+00:00,69.3,200,ask,WavyWalnuts,YieldingYams,3600047
2026-07-14T19:01:34.899575,2026-07-14T19:01:34.911339+00:00,69.3,425,ask,AverageAlmonds,YieldingYams,3600048
2026-07-14T19:01:35.637151,2026-07-14T19:01:35.647976+00:00,69.3,20,ask,AverageAlmonds,BrilliantBurritos,3600053
2026-07-14T19:01:37.519587,2026-07-14T19:01:37.529892+00:00,69.4,200,bid,YieldingYams,WavyWalnuts,3600076
2026-07-14T19:01:37.519587,2026-07-14T19:01:37.529892+00:00,69.4,20,bid,YieldingYams,Luke Zeng,3600077
2026-07-14T19:01:39.095524,2026-07-14T19:01:39.098143+00:00,69.5,20,bid,WavyWalnuts,Luke Zeng,3600101
2026-07-14T19:01:39.095524,2026-07-14T19:01:39.108998+00:00,69.5,180,bid,WavyWalnuts,YieldingYams,3600102
2026-07-14T19:01:40.089595,2026-07-14T19:01:40.095285+00:00,69.4,2,ask,Luke Zeng,YUNSHEN JI,3600114
2026-07-14T19:01:40.143399,2026-07-14T19:01:40.171573+00:00,69.5,34,bid,YieldingYams,Shen Jiang,3600116
2026-07-14T19:01:40.315342,2026-07-14T19:01:40.321854+00:00,69.5,200,ask,YieldingYams,WavyWalnuts,3600123
2026-07-14T19:01:40.978424,2026-07-14T19:01:40.985661+00:00,69.5,20,ask,YieldingYams,BrilliantBurritos,3600130
2026-07-14T19:01:41.454731,2026-07-14T19:01:41.467102+00:00,69.6,42,bid,YieldingYams,Sze-Yong Ng,3600142
2026-07-14T19:01:41.454731,2026-07-14T19:01:41.467102+00:00,69.6,20,bid,YieldingYams,Luke Zeng,3600143
2026-07-14T19:01:41.527478,2026-07-14T19:01:41.538966+00:00,69.6,200,ask,YieldingYams,WavyWalnuts,3600147
2026-07-14T19:01:42.767373,2026-07-14T19:01:42.776487+00:00,69.6,9,ask,Luke Zeng,YieldingYams,3600163
2026-07-14T19:01:42.767373,2026-07-14T19:01:42.776487+00:00,69.6,29,ask,Shen Jiang,YieldingYams,3600164
2026-07-14T19:01:43.947959,2026-07-14T19:01:43.953471+00:00,69.6,200,bid,WavyWalnuts,YieldingYams,3600185
2026-07-14T19:01:45.389430,2026-07-14T19:01:45.396591+00:00,69.6,200,bid,YieldingYams,WavyWalnuts,3600208
2026-07-14T19:01:45.389430,2026-07-14T19:01:45.396591+00:00,69.6,5,bid,YieldingYams,Shen Jiang,3600209
2026-07-14T19:01:46.430959,2026-07-14T19:01:46.435414+00:00,69.6,20,ask,YieldingYams,BrilliantBurritos,3600229
2026-07-14T19:01:46.703151,2026-07-14T19:01:46.715753+00:00,69.5,200,ask,WavyWalnuts,YieldingYams,3600230
2026-07-14T19:01:46.703151,2026-07-14T19:01:46.715753+00:00,69.4,425,ask,AverageAlmonds,YieldingYams,3600231
2026-07-14T19:01:47.956987,2026-07-14T19:01:47.969161+00:00,69.4,20,ask,AverageAlmonds,BrilliantBurritos,3600248
2026-07-14T19:01:48.010106,2026-07-14T19:01:48.012758+00:00,69.6,200,bid,YieldingYams,WavyWalnuts,3600250
2026-07-14T19:01:48.204387,2026-07-14T19:01:48.208439+00:00,69.6,1,ask,YieldingYams,YUNSHEN JI,3600258
2026-07-14T19:01:48.773177,2026-07-14T19:01:48.777242+00:00,69.6,1,ask,YieldingYams,YUNSHEN JI,3600272
2026-07-14T19:01:48.781320,2026-07-14T19:01:48.787823+00:00,69.6,200,ask,YieldingYams,WavyWalnuts,3600273
2026-07-14T19:01:49.987781,2026-07-14T19:01:49.997946+00:00,69.6,200,bid,WavyWalnuts,YieldingYams,3600287
2026-07-14T19:01:51.197013,2026-07-14T19:01:51.207463+00:00,69.6,200,bid,WavyWalnuts,YieldingYams,3600302
2026-07-14T19:01:52.405031,2026-07-14T19:01:52.413374+00:00,69.6,200,bid,WavyWalnuts,YieldingYams,3600327
2026-07-14T19:01:53.290030,2026-07-14T19:01:53.293077+00:00,69.5,20,ask,YieldingYams,BrilliantBurritos,3600343
2026-07-14T19:01:56.535347,2026-07-14T19:01:56.543156+00:00,69.7,2,bid,YUNSHEN JI,AverageAlmonds,3600396
2026-07-14T19:01:57.106347,2026-07-14T19:01:57.116589+00:00,69.7,30,bid,YUNSHEN JI,WavyWalnuts,3600406
2026-07-14T19:01:57.461124,2026-07-14T19:01:57.466760+00:00,69.7,25,bid,Dinh Nguyen,AverageAlmonds,3600414
2026-07-14T19:01:57.717160,2026-07-14T19:01:57.720835+00:00,69.6,2,ask,Sze-Yong Ng,Dinh Nguyen,3600416
2026-07-14T19:01:58.471660,2026-07-14T19:01:58.478850+00:00,69.6,40,ask,Sze-Yong Ng,WavyWalnuts,3600428
2026-07-14T19:01:58.471660,2026-07-14T19:01:58.478850+00:00,69.6,160,ask,YieldingYams,WavyWalnuts,3600429
2026-07-14T19:02:00.187376,2026-07-14T19:02:00.196724+00:00,69.6,200,ask,WavyWalnuts,AverageAlmonds,3600463
2026-07-14T19:02:00.187376,2026-07-14T19:02:00.196724+00:00,69.6,20,ask,Luke Zeng,AverageAlmonds,3600464
2026-07-14T19:02:00.187376,2026-07-14T19:02:00.196724+00:00,69.6,2,ask,Shen Jiang,AverageAlmonds,3600465
2026-07-14T19:02:02.103717,2026-07-14T19:02:02.111463+00:00,69.6,200,bid,WavyWalnuts,AverageAlmonds,3600484
2026-07-14T19:02:02.447893,2026-07-14T19:02:02.453576+00:00,69.6,300,bid,YieldingYams,AverageAlmonds,3600491
2026-07-14T19:02:02.615610,2026-07-14T19:02:02.625414+00:00,69.6,325,ask,YieldingYams,AverageAlmonds,3600494
2026-07-14T19:02:02.615610,2026-07-14T19:02:02.625414+00:00,69.6,11,ask,Shen Jiang,AverageAlmonds,3600495
2026-07-14T19:02:04.432782,2026-07-14T19:02:04.442839+00:00,69.5,500,ask,YieldingYams,AverageAlmonds,3600523
2026-07-14T19:02:05.026675,2026-07-14T19:02:05.031240+00:00,69.5,125,ask,YieldingYams,AverageAlmonds,3600528
2026-07-14T19:02:05.026675,2026-07-14T19:02:05.031240+00:00,69.5,32,ask,Shen Jiang,AverageAlmonds,3600529
2026-07-14T19:02:05.026675,2026-07-14T19:02:05.041864+00:00,69.5,20,ask,Luke Zeng,AverageAlmonds,3600530
2026-07-14T19:02:05.067804,2026-07-14T19:02:05.079194+00:00,69.4,200,ask,WavyWalnuts,YieldingYams,3600531
2026-07-14T19:02:05.185997,2026-07-14T19:02:05.198055+00:00,69.2,30,bid,YUNSHEN JI,YieldingYams,3600539
2026-07-14T19:02:05.740279,2026-07-14T19:02:05.745732+00:00,69.2,200,bid,WavyWalnuts,YieldingYams,3600542
2026-07-14T19:02:05.754934,2026-07-14T19:02:05.767840+00:00,69.2,30,bid,YUNSHEN JI,YieldingYams,3600545
2026-07-14T19:02:06.153180,2026-07-14T19:02:06.159828+00:00,69.2,25,bid,Dinh Nguyen,YieldingYams,3600552
2026-07-14T19:02:06.326519,2026-07-14T19:02:06.331495+00:00,69.2,3,bid,YUNSHEN JI,YieldingYams,3600561
2026-07-14T19:02:06.912499,2026-07-14T19:02:06.919368+00:00,69.2,20,ask,YieldingYams,BrilliantBurritos,3600578
2026-07-14T19:02:07.633191,2026-07-14T19:02:07.637788+00:00,69.2,2,ask,YieldingYams,Dinh Nguyen,3600595
2026-07-14T19:02:08.159295,2026-07-14T19:02:08.161340+00:00,69.3,200,bid,WavyWalnuts,YieldingYams,3600600
2026-07-14T19:02:08.718421,2026-07-14T19:02:08.723200+00:00,69.2,20,ask,Sze-Yong Ng,BrilliantBurritos,3600610
2026-07-14T19:02:08.858158,2026-07-14T19:02:08.862399+00:00,69.2,2,ask,Sze-Yong Ng,Dinh Nguyen,3600614
2026-07-14T19:02:10.081676,2026-07-14T19:02:10.088438+00:00,69.3,2,ask,WavyWalnuts,Dinh Nguyen,3600633
2026-07-14T19:02:10.335724,2026-07-14T19:02:10.344978+00:00,69.3,198,ask,WavyWalnuts,YieldingYams,3600636
2026-07-14T19:02:10.335724,2026-07-14T19:02:10.344978+00:00,69.3,10,ask,Sze-Yong Ng,YieldingYams,3600637
2026-07-14T19:02:10.577172,2026-07-14T19:02:10.580887+00:00,69.3,200,bid,WavyWalnuts,YieldingYams,3600639
2026-07-14T19:02:11.653801,2026-07-14T19:02:11.658323+00:00,69.4,500,bid,YieldingYams,AverageAlmonds,3600663
2026-07-14T19:02:11.663012,2026-07-14T19:02:11.669009+00:00,69.4,15,ask,YieldingYams,Shen Jiang,3600664
2026-07-14T19:02:11.689470,2026-07-14T19:02:11.701243+00:00,69.4,110,ask,YieldingYams,AverageAlmonds,3600665
2026-07-14T19:02:12.907574,2026-07-14T19:02:12.912262+00:00,69.3,200,ask,WavyWalnuts,AverageAlmonds,3600680
2026-07-14T19:02:12.907574,2026-07-14T19:02:12.912262+00:00,69.3,20,ask,Luke Zeng,AverageAlmonds,3600681
2026-07-14T19:02:12.907574,2026-07-14T19:02:12.922881+00:00,69.3,33,ask,Shen Jiang,AverageAlmonds,3600682
2026-07-14T19:02:12.994098,2026-07-14T19:02:12.997793+00:00,69.2,200,bid,WavyWalnuts,YieldingYams,3600689
2026-07-14T19:02:13.275352,2026-07-14T19:02:13.284367+00:00,69.2,30,bid,Roger Xu,YieldingYams,3600691
2026-07-14T19:02:14.071211,2026-07-14T19:02:14.079626+00:00,69.2,25,bid,Dinh Nguyen,YieldingYams,3600700
2026-07-14T19:02:14.187379,2026-07-14T19:02:14.196021+00:00,69.2,30,bid,Roger Xu,YieldingYams,3600701
2026-07-14T19:02:14.203367,2026-07-14T19:02:14.206625+00:00,69.2,200,bid,WavyWalnuts,YieldingYams,3600703
2026-07-14T19:02:14.278311,2026-07-14T19:02:14.281394+00:00,69.3,500,bid,YieldingYams,AverageAlmonds,3600706
2026-07-14T19:02:14.737965,2026-07-14T19:02:14.744247+00:00,69.3,125,ask,YieldingYams,AverageAlmonds,3600709
2026-07-14T19:02:15.116548,2026-07-14T19:02:15.125642+00:00,69.3,20,bid,Roger Xu,AverageAlmonds,3600718
2026-07-14T19:02:15.593012,2026-07-14T19:02:15.604908+00:00,69.2,200,ask,WavyWalnuts,YieldingYams,3600724
2026-07-14T19:02:15.811218,2026-07-14T19:02:15.816138+00:00,69.1,25,bid,Dinh Nguyen,YieldingYams,3600726
2026-07-14T19:02:16.624729,2026-07-14T19:02:16.629000+00:00,69.1,200,bid,WavyWalnuts,YieldingYams,3600745
2026-07-14T19:02:16.906848,2026-07-14T19:02:16.910961+00:00,69.1,13,bid,YieldingYams,Shen Jiang,3600748
2026-07-14T19:02:17.836860,2026-07-14T19:02:17.841207+00:00,69.1,200,ask,YieldingYams,WavyWalnuts,3600768
2026-07-14T19:02:18.221958,2026-07-14T19:02:18.230940+00:00,69.1,13,ask,Shen Jiang,YieldingYams,3600770
2026-07-14T19:02:18.221958,2026-07-14T19:02:18.230940+00:00,69.1,20,ask,Luke Zeng,YieldingYams,3600771
2026-07-14T19:02:18.789151,2026-07-14T19:02:18.799207+00:00,69.1,25,bid,Dinh Nguyen,YieldingYams,3600778
2026-07-14T19:02:20.293938,2026-07-14T19:02:20.305285+00:00,69.1,20,bid,BrilliantBurritos,YieldingYams,3600796
2026-07-14T19:02:20.939196,2026-07-14T19:02:20.944720+00:00,69.0,19,ask,Luke Zeng,Shen Jiang,3600805
2026-07-14T19:02:20.939196,2026-07-14T19:02:20.944720+00:00,69.0,31,ask,YieldingYams,Shen Jiang,3600806
2026-07-14T19:02:21.468560,2026-07-14T19:02:21.473779+00:00,69.0,200,ask,YieldingYams,WavyWalnuts,3600810
2026-07-14T19:02:22.674994,2026-07-14T19:02:22.685527+00:00,69.0,200,bid,WavyWalnuts,YieldingYams,3600828
2026-07-14T19:02:23.053154,2026-07-14T19:02:23.061412+00:00,68.9,20,ask,YieldingYams,BrilliantBurritos,3600834
2026-07-14T19:02:24.011178,2026-07-14T19:02:24.016762+00:00,68.9,2,ask,Sze-Yong Ng,Dinh Nguyen,3600848
2026-07-14T19:02:25.093914,2026-07-14T19:02:25.100204+00:00,69.0,20,bid,Roger Xu,YieldingYams,3600861
2026-07-14T19:02:25.093914,2026-07-14T19:02:25.100204+00:00,69.0,20,bid,WavyWalnuts,Roger Xu,3600862
2026-07-14T19:02:25.093914,2026-07-14T19:02:25.100204+00:00,69.0,160,bid,WavyWalnuts,YieldingYams,3600863
2026-07-14T19:02:25.549718,2026-07-14T19:02:25.557249+00:00,69.0,20,bid,WavyWalnuts,Luke Zeng,3600872
2026-07-14T19:02:26.308067,2026-07-14T19:02:26.311544+00:00,69.0,200,bid,WavyWalnuts,YieldingYams,3600890
2026-07-14T19:02:26.480217,2026-07-14T19:02:26.483986+00:00,69.0,20,bid,Roger Xu,YieldingYams,3600893
2026-07-14T19:02:28.755893,2026-07-14T19:02:28.766885+00:00,68.9,7,ask,Sze-Yong Ng,WavyWalnuts,3600932
2026-07-14T19:02:28.952227,2026-07-14T19:02:28.961703+00:00,68.8,2,ask,AverageAlmonds,Dinh Nguyen,3600935
2026-07-14T19:02:31.180672,2026-07-14T19:02:31.191631+00:00,68.9,9,bid,WavyWalnuts,Sze-Yong Ng,3600960
2026-07-14T19:02:31.180672,2026-07-14T19:02:31.191631+00:00,68.9,191,bid,WavyWalnuts,YieldingYams,3600961
2026-07-14T19:02:32.661182,2026-07-14T19:02:32.672816+00:00,68.8,2,ask,YieldingYams,Dinh Nguyen,3600986
2026-07-14T19:02:33.615146,2026-07-14T19:02:33.626697+00:00,68.8,200,ask,YieldingYams,WavyWalnuts,3601002
2026-07-14T19:02:33.893215,2026-07-14T19:02:33.901716+00:00,68.8,2,ask,YieldingYams,Dinh Nguyen,3601005
2026-07-14T19:02:34.822778,2026-07-14T19:02:34.833404+00:00,68.8,200,bid,WavyWalnuts,YieldingYams,3601020
2026-07-14T19:02:35.131609,2026-07-14T19:02:35.141274+00:00,68.8,20,bid,BrilliantBurritos,YieldingYams,3601024
2026-07-14T19:02:35.148209,2026-07-14T19:02:35.151813+00:00,68.7,2,ask,YieldingYams,Dinh Nguyen,3601025
2026-07-14T19:02:35.333254,2026-07-14T19:02:35.343180+00:00,68.8,20,bid,YieldingYams,Roger Xu,3601027
2026-07-14T19:02:36.036641,2026-07-14T19:02:36.042338+00:00,68.8,200,ask,YieldingYams,WavyWalnuts,3601036
2026-07-14T19:02:36.404211,2026-07-14T19:02:36.416283+00:00,68.8,2,ask,YieldingYams,Dinh Nguyen,3601039
2026-07-14T19:02:37.248916,2026-07-14T19:02:37.261951+00:00,68.7,200,ask,YieldingYams,WavyWalnuts,3601055
2026-07-14T19:02:38.458090,2026-07-14T19:02:38.466863+00:00,68.7,200,ask,YieldingYams,WavyWalnuts,3601075
2026-07-14T19:02:39.666643,2026-07-14T19:02:39.676838+00:00,68.8,200,bid,WavyWalnuts,YieldingYams,3601090
2026-07-14T19:02:40.592312,2026-07-14T19:02:40.614303+00:00,68.8,20,bid,YieldingYams,Roger Xu,3601103
2026-07-14T19:02:40.592312,2026-07-14T19:02:40.614303+00:00,68.9,200,bid,YieldingYams,WavyWalnuts,3601104
2026-07-14T19:02:40.592312,2026-07-14T19:02:40.614303+00:00,68.9,30,bid,YieldingYams,Roger Xu,3601105
2026-07-14T19:02:42.088824,2026-07-14T19:02:42.099977+00:00,68.9,200,ask,YieldingYams,WavyWalnuts,3601130
2026-07-14T19:02:44.539420,2026-07-14T19:02:44.549463+00:00,68.9,20,bid,YieldingYams,Roger Xu,3601175
2026-07-14T19:02:46.938595,2026-07-14T19:02:46.944612+00:00,68.9,200,bid,WavyWalnuts,YieldingYams,3601203
2026-07-14T19:02:50.575944,2026-07-14T19:02:50.587211+00:00,68.9,200,ask,YieldingYams,WavyWalnuts,3601250
2026-07-14T19:02:51.674922,2026-07-14T19:02:51.683878+00:00,68.9,500,ask,YieldingYams,AverageAlmonds,3601271
2026-07-14T19:02:52.418824,2026-07-14T19:02:52.427993+00:00,68.9,200,ask,WavyWalnuts,YieldingYams,3601282
2026-07-14T19:02:52.497015,2026-07-14T19:02:52.502670+00:00,68.8,20,bid,Roger Xu,YieldingYams,3601283
2026-07-14T19:02:52.994605,2026-07-14T19:02:53.001077+00:00,68.8,200,bid,WavyWalnuts,YieldingYams,3601290
2026-07-14T19:02:53.418441,2026-07-14T19:02:53.425167+00:00,68.8,20,bid,Roger Xu,YieldingYams,3601296
2026-07-14T19:02:54.110713,2026-07-14T19:02:54.113939+00:00,68.6,30,ask,YieldingYams,YUNSHEN JI,3601314
2026-07-14T19:02:54.210715,2026-07-14T19:02:54.220715+00:00,68.7,200,bid,WavyWalnuts,YieldingYams,3601317
2026-07-14T19:02:54.698020,2026-07-14T19:02:54.705272+00:00,68.6,30,ask,YieldingYams,YUNSHEN JI,3601321
2026-07-14T19:02:55.252526,2026-07-14T19:02:55.261398+00:00,68.6,20,ask,AverageAlmonds,BrilliantBurritos,3601332
2026-07-14T19:02:55.261140,2026-07-14T19:02:55.272130+00:00,68.6,30,ask,AverageAlmonds,YUNSHEN JI,3601334
2026-07-14T19:02:55.424589,2026-07-14T19:02:55.432698+00:00,68.7,13,bid,WavyWalnuts,Sze-Yong Ng,3601336
2026-07-14T19:02:55.424589,2026-07-14T19:02:55.432698+00:00,68.7,20,bid,WavyWalnuts,Luke Zeng,3601337
2026-07-14T19:02:55.424589,2026-07-14T19:02:55.432698+00:00,68.7,167,bid,WavyWalnuts,YieldingYams,3601338
2026-07-14T19:02:55.825526,2026-07-14T19:02:55.828281+00:00,68.6,3,ask,YieldingYams,YUNSHEN JI,3601346
2026-07-14T19:02:56.638628,2026-07-14T19:02:56.649182+00:00,68.6,200,ask,YieldingYams,WavyWalnuts,3601353
2026-07-14T19:02:57.115947,2026-07-14T19:02:57.160812+00:00,68.7,20,bid,AverageAlmonds,Roger Xu,3601359
2026-07-14T19:02:57.115947,2026-07-14T19:02:57.160812+00:00,68.7,20,bid,AverageAlmonds,Luke Zeng,3601360
2026-07-14T19:02:57.663044,2026-07-14T19:02:57.670185+00:00,68.7,460,ask,AverageAlmonds,YieldingYams,3601373
2026-07-14T19:02:57.708185,2026-07-14T19:02:57.712495+00:00,68.7,165,bid,AverageAlmonds,YieldingYams,3601374
2026-07-14T19:02:58.970588,2026-07-14T19:02:58.991145+00:00,68.8,200,bid,YieldingYams,WavyWalnuts,3601396
2026-07-14T19:02:58.970588,2026-07-14T19:02:58.991145+00:00,68.8,20,bid,YieldingYams,Roger Xu,3601397
2026-07-14T19:02:58.970588,2026-07-14T19:02:58.991145+00:00,68.8,20,bid,YieldingYams,Luke Zeng,3601398
2026-07-14T19:02:58.970588,2026-07-14T19:02:58.991145+00:00,68.8,16,bid,YieldingYams,Shen Jiang,3601399
2026-07-14T19:02:59.031723,2026-07-14T19:02:59.044087+00:00,68.9,25,ask,YieldingYams,Johan Shajee,3601402
2026-07-14T19:02:59.056094,2026-07-14T19:02:59.065147+00:00,68.9,200,ask,YieldingYams,WavyWalnuts,3601404
2026-07-14T19:02:59.781212,2026-07-14T19:02:59.787636+00:00,69.1,20,bid,BrilliantBurritos,YieldingYams,3601417
2026-07-14T19:03:00.293910,2026-07-14T19:03:00.304172+00:00,69.0,200,ask,WavyWalnuts,YieldingYams,3601430
2026-07-14T19:03:01.603209,2026-07-14T19:03:01.614241+00:00,69.0,61,bid,YieldingYams,Sze-Yong Ng,3601458
2026-07-14T19:03:01.603209,2026-07-14T19:03:01.614241+00:00,69.0,200,bid,YieldingYams,WavyWalnuts,3601459
2026-07-14T19:03:01.802938,2026-07-14T19:03:01.814297+00:00,69.0,20,ask,YieldingYams,BrilliantBurritos,3601460
2026-07-14T19:03:02.689166,2026-07-14T19:03:02.699911+00:00,69.0,200,ask,YieldingYams,WavyWalnuts,3601480
2026-07-14T19:03:02.922392,2026-07-14T19:03:02.931423+00:00,69.0,15,ask,Shen Jiang,YieldingYams,3601487
2026-07-14T19:03:02.922392,2026-07-14T19:03:02.931423+00:00,69.0,20,ask,Luke Zeng,YieldingYams,3601488
2026-07-14T19:03:02.922392,2026-07-14T19:03:02.931423+00:00,68.9,500,ask,AverageAlmonds,YieldingYams,3601489
2026-07-14T19:03:02.922392,2026-07-14T19:03:02.931423+00:00,68.9,90,ask,WavyWalnuts,YieldingYams,3601490
2026-07-14T19:03:03.898776,2026-07-14T19:03:03.910501+00:00,69.0,200,ask,AverageAlmonds,WavyWalnuts,3601507
2026-07-14T19:03:04.258307,2026-07-14T19:03:04.265377+00:00,69.2,25,bid,Johan Shajee,YieldingYams,3601515
2026-07-14T19:03:04.477519,2026-07-14T19:03:04.487166+00:00,69.2,2,bid,YUNSHEN JI,YieldingYams,3601519
2026-07-14T19:03:05.075298,2026-07-14T19:03:05.082283+00:00,69.2,1,bid,YUNSHEN JI,YieldingYams,3601530
2026-07-14T19:03:05.115115,2026-07-14T19:03:05.124525+00:00,69.1,42,ask,Sze-Yong Ng,WavyWalnuts,3601534
2026-07-14T19:03:05.115115,2026-07-14T19:03:05.124525+00:00,69.1,51,ask,Shen Jiang,WavyWalnuts,3601535
2026-07-14T19:03:05.115115,2026-07-14T19:03:05.124525+00:00,69.1,20,ask,Luke Zeng,WavyWalnuts,3601536
2026-07-14T19:03:05.115115,2026-07-14T19:03:05.124525+00:00,69.0,87,ask,YieldingYams,WavyWalnuts,3601537
2026-07-14T19:03:05.553648,2026-07-14T19:03:05.557858+00:00,68.9,500,ask,AverageAlmonds,YieldingYams,3601547
2026-07-14T19:03:05.568197,2026-07-14T19:03:05.578898+00:00,68.9,125,bid,AverageAlmonds,YieldingYams,3601548
2026-07-14T19:03:06.226759,2026-07-14T19:03:06.238821+00:00,68.9,10,ask,AverageAlmonds,YUNSHEN JI,3601557
2026-07-14T19:03:06.330688,2026-07-14T19:03:06.334228+00:00,68.9,200,ask,AverageAlmonds,WavyWalnuts,3601560
2026-07-14T19:03:07.402966,2026-07-14T19:03:07.406375+00:00,69.2,2,ask,YieldingYams,YUNSHEN JI,3601577
2026-07-14T19:03:07.541177,2026-07-14T19:03:07.546241+00:00,69.2,200,ask,YieldingYams,WavyWalnuts,3601580
2026-07-14T19:03:07.967422,2026-07-14T19:03:07.970551+00:00,69.2,1,ask,YieldingYams,YUNSHEN JI,3601590
2026-07-14T19:03:08.750820,2026-07-14T19:03:08.753920+00:00,69.0,200,ask,YieldingYams,WavyWalnuts,3601602
2026-07-14T19:03:10.273983,2026-07-14T19:03:10.279677+00:00,69.1,3,bid,YUNSHEN JI,WavyWalnuts,3601631
2026-07-14T19:03:11.170233,2026-07-14T19:03:11.175660+00:00,69.0,200,ask,YieldingYams,WavyWalnuts,3601645
2026-07-14T19:03:12.378683,2026-07-14T19:03:12.380679+00:00,69.0,200,ask,YieldingYams,WavyWalnuts,3601666
2026-07-14T19:03:13.416915,2026-07-14T19:03:13.424880+00:00,69.1,42,bid,YieldingYams,Sze-Yong Ng,3601682
2026-07-14T19:03:13.416915,2026-07-14T19:03:13.424880+00:00,69.1,20,bid,YieldingYams,Luke Zeng,3601683
2026-07-14T19:03:13.416915,2026-07-14T19:03:13.424880+00:00,69.1,35,bid,YieldingYams,Shen Jiang,3601684
2026-07-14T19:03:13.588962,2026-07-14T19:03:13.595179+00:00,69.1,200,ask,YieldingYams,WavyWalnuts,3601686
2026-07-14T19:03:14.797285,2026-07-14T19:03:14.802058+00:00,69.1,200,bid,WavyWalnuts,YieldingYams,3601699
2026-07-14T19:03:16.009303,2026-07-14T19:03:16.013577+00:00,69.1,200,bid,WavyWalnuts,YieldingYams,3601716
2026-07-14T19:03:16.047590,2026-07-14T19:03:16.056190+00:00,69.1,4,bid,YieldingYams,Shen Jiang,3601721
2026-07-14T19:03:18.430015,2026-07-14T19:03:18.440396+00:00,69.3,20,bid,WavyWalnuts,Luke Zeng,3601759
2026-07-14T19:03:18.430015,2026-07-14T19:03:18.440396+00:00,69.3,180,bid,WavyWalnuts,AverageAlmonds,3601760
2026-07-14T19:03:18.836165,2026-07-14T19:03:18.842480+00:00,69.3,20,bid,BrilliantBurritos,AverageAlmonds,3601772
2026-07-14T19:03:20.850002,2026-07-14T19:03:20.853635+00:00,69.3,200,bid,WavyWalnuts,YieldingYams,3601802
2026-07-14T19:03:21.289988,2026-07-14T19:03:21.296880+00:00,69.3,500,bid,YieldingYams,AverageAlmonds,3601809
2026-07-14T19:03:21.340097,2026-07-14T19:03:21.349623+00:00,69.4,125,ask,YieldingYams,AverageAlmonds,3601811
2026-07-14T19:03:21.949376,2026-07-14T19:03:21.962268+00:00,69.2,20,ask,Luke Zeng,AverageAlmonds,3601824
2026-07-14T19:03:22.598844,2026-07-14T19:03:22.605054+00:00,69.2,500,bid,YieldingYams,AverageAlmonds,3601832
2026-07-14T19:03:22.598844,2026-07-14T19:03:22.605054+00:00,69.3,125,bid,YieldingYams,WavyWalnuts,3601833
2026-07-14T19:03:23.759279,2026-07-14T19:03:23.771108+00:00,69.1,20,ask,Luke Zeng,AverageAlmonds,3601853
2026-07-14T19:03:23.909793,2026-07-14T19:03:23.919444+00:00,69.1,480,bid,YieldingYams,AverageAlmonds,3601858
2026-07-14T19:03:23.909793,2026-07-14T19:03:23.919444+00:00,69.1,2,bid,YieldingYams,Shen Jiang,3601859
2026-07-14T19:03:24.972483,2026-07-14T19:03:24.977902+00:00,69.2,1,bid,YUNSHEN JI,AverageAlmonds,3601872
2026-07-14T19:03:24.981468,2026-07-14T19:03:24.988647+00:00,69.1,20,ask,YieldingYams,BrilliantBurritos,3601873
2026-07-14T19:03:25.222856,2026-07-14T19:03:25.236470+00:00,69.1,7,ask,Luke Zeng,YieldingYams,3601877
2026-07-14T19:03:25.222856,2026-07-14T19:03:25.236470+00:00,69.1,200,ask,WavyWalnuts,YieldingYams,3601878
2026-07-14T19:03:25.222856,2026-07-14T19:03:25.236470+00:00,69.1,20,ask,Shen Jiang,YieldingYams,3601879
2026-07-14T19:03:25.549391,2026-07-14T19:03:25.552591+00:00,68.9,14,bid,YUNSHEN JI,YieldingYams,3601885
2026-07-14T19:03:25.691783,2026-07-14T19:03:25.701964+00:00,68.9,200,bid,WavyWalnuts,YieldingYams,3601886
2026-07-14T19:03:26.538029,2026-07-14T19:03:26.547810+00:00,68.9,16,bid,YieldingYams,Luke Zeng,3601901
2026-07-14T19:03:27.713827,2026-07-14T19:03:27.719040+00:00,69.1,20,bid,BrilliantBurritos,YieldingYams,3601919
2026-07-14T19:03:27.857900,2026-07-14T19:03:27.866500+00:00,69.0,200,ask,WavyWalnuts,YieldingYams,3601922
2026-07-14T19:03:27.857900,2026-07-14T19:03:27.866500+00:00,69.0,61,ask,Sze-Yong Ng,YieldingYams,3601923
2026-07-14T19:03:28.997388,2026-07-14T19:03:29.006391+00:00,68.9,30,bid,YUNSHEN JI,WavyWalnuts,3601940
2026-07-14T19:03:29.168548,2026-07-14T19:03:29.180511+00:00,68.9,170,bid,YieldingYams,WavyWalnuts,3601941
2026-07-14T19:03:29.168548,2026-07-14T19:03:29.180511+00:00,68.9,20,bid,YieldingYams,Luke Zeng,3601942
2026-07-14T19:03:29.314977,2026-07-14T19:03:29.317760+00:00,69.0,200,ask,YieldingYams,WavyWalnuts,3601944
2026-07-14T19:03:29.562485,2026-07-14T19:03:29.572158+00:00,69.0,30,ask,YieldingYams,YUNSHEN JI,3601947
2026-07-14T19:03:30.131675,2026-07-14T19:03:30.142532+00:00,69.0,13,ask,YieldingYams,YUNSHEN JI,3601957
2026-07-14T19:03:30.521940,2026-07-14T19:03:30.524146+00:00,68.9,200,bid,WavyWalnuts,YieldingYams,3601968
2026-07-14T19:03:30.696775,2026-07-14T19:03:30.703002+00:00,68.9,10,bid,YUNSHEN JI,YieldingYams,3601974
2026-07-14T19:03:31.271151,2026-07-14T19:03:31.272858+00:00,68.9,1,bid,YUNSHEN JI,YieldingYams,3601980
2026-07-14T19:03:31.801059,2026-07-14T19:03:31.802790+00:00,68.9,200,bid,YieldingYams,WavyWalnuts,3601987
2026-07-14T19:03:32.940074,2026-07-14T19:03:32.945552+00:00,69.0,200,ask,YieldingYams,WavyWalnuts,3602002
2026-07-14T19:03:33.112459,2026-07-14T19:03:33.124354+00:00,69.0,20,ask,Luke Zeng,YieldingYams,3602005
2026-07-14T19:03:33.112459,2026-07-14T19:03:33.124354+00:00,69.0,15,ask,Shen Jiang,YieldingYams,3602006
2026-07-14T19:03:33.599782,2026-07-14T19:03:33.608872+00:00,68.9,20,bid,BrilliantBurritos,YieldingYams,3602016
2026-07-14T19:03:34.753207,2026-07-14T19:03:34.760942+00:00,68.9,30,bid,YUNSHEN JI,YieldingYams,3602032
2026-07-14T19:03:35.357432,2026-07-14T19:03:35.365410+00:00,68.9,20,bid,YUNSHEN JI,YieldingYams,3602047
2026-07-14T19:03:35.360378,2026-07-14T19:03:35.365410+00:00,68.9,200,bid,WavyWalnuts,YieldingYams,3602048
2026-07-14T19:03:35.875189,2026-07-14T19:03:35.885179+00:00,69.0,500,ask,YieldingYams,AverageAlmonds,3602054
2026-07-14T19:03:36.467169,2026-07-14T19:03:36.475843+00:00,69.0,125,ask,YieldingYams,AverageAlmonds,3602059
2026-07-14T19:03:36.568133,2026-07-14T19:03:36.570691+00:00,69.0,200,bid,WavyWalnuts,AverageAlmonds,3602062
2026-07-14T19:03:36.656974,2026-07-14T19:03:36.665186+00:00,69.0,20,bid,BrilliantBurritos,AverageAlmonds,3602065
2026-07-14T19:03:37.775993,2026-07-14T19:03:37.783111+00:00,68.9,200,bid,WavyWalnuts,YieldingYams,3602088
2026-07-14T19:03:38.984801,2026-07-14T19:03:38.991107+00:00,68.9,62,bid,WavyWalnuts,Shen Jiang,3602101
2026-07-14T19:03:40.194786,2026-07-14T19:03:40.202468+00:00,69.0,20,bid,WavyWalnuts,Luke Zeng,3602123
2026-07-14T19:03:40.194786,2026-07-14T19:03:40.202468+00:00,69.0,180,bid,WavyWalnuts,AverageAlmonds,3602124
2026-07-14T19:03:40.720344,2026-07-14T19:03:40.728904+00:00,68.9,500,ask,YieldingYams,AverageAlmonds,3602130
2026-07-14T19:03:41.009398,2026-07-14T19:03:41.020954+00:00,68.9,3,ask,Luke Zeng,YieldingYams,3602133
2026-07-14T19:03:41.009398,2026-07-14T19:03:41.020954+00:00,68.9,24,ask,Shen Jiang,YieldingYams,3602134
2026-07-14T19:03:41.345124,2026-07-14T19:03:41.347937+00:00,68.7,30,bid,YUNSHEN JI,YieldingYams,3602139
2026-07-14T19:03:41.404390,2026-07-14T19:03:41.411081+00:00,68.7,200,bid,WavyWalnuts,YieldingYams,3602140
2026-07-14T19:03:41.940459,2026-07-14T19:03:41.947380+00:00,68.7,7,bid,YUNSHEN JI,YieldingYams,3602149
2026-07-14T19:03:42.614239,2026-07-14T19:03:42.620378+00:00,68.9,200,bid,WavyWalnuts,YieldingYams,3602161
2026-07-14T19:03:43.826583,2026-07-14T19:03:43.831335+00:00,68.8,200,ask,YieldingYams,WavyWalnuts,3602179
2026-07-14T19:03:44.355014,2026-07-14T19:03:44.368647+00:00,68.8,30,ask,YieldingYams,YUNSHEN JI,3602190
2026-07-14T19:03:46.265228,2026-07-14T19:03:46.280228+00:00,68.8,20,ask,Luke Zeng,YieldingYams,3602213
2026-07-14T19:03:46.265228,2026-07-14T19:03:46.280228+00:00,68.8,42,ask,Shen Jiang,YieldingYams,3602214
2026-07-14T19:03:46.265228,2026-07-14T19:03:46.280228+00:00,68.8,200,ask,WavyWalnuts,YieldingYams,3602215
2026-07-14T19:03:46.633634,2026-07-14T19:03:46.643167+00:00,68.6,20,ask,YieldingYams,BrilliantBurritos,3602218
2026-07-14T19:03:46.682636,2026-07-14T19:03:46.685479+00:00,68.8,21,bid,YUNSHEN JI,YieldingYams,3602220
2026-07-14T19:03:47.462137,2026-07-14T19:03:47.470314+00:00,68.8,200,bid,WavyWalnuts,YieldingYams,3602244
2026-07-14T19:03:48.401565,2026-07-14T19:03:48.405740+00:00,68.7,30,ask,YieldingYams,YUNSHEN JI,3602265
2026-07-14T19:03:48.886703,2026-07-14T19:03:48.889191+00:00,68.8,61,bid,YieldingYams,Sze-Yong Ng,3602268
2026-07-14T19:03:48.886703,2026-07-14T19:03:48.899834+00:00,68.8,20,bid,YieldingYams,Luke Zeng,3602269
2026-07-14T19:03:48.886703,2026-07-14T19:03:48.899834+00:00,68.8,200,bid,YieldingYams,WavyWalnuts,3602270
2026-07-14T19:03:48.886703,2026-07-14T19:03:48.899834+00:00,68.8,73,bid,YieldingYams,Shen Jiang,3602271
2026-07-14T19:03:48.948107,2026-07-14T19:03:48.952524+00:00,68.8,25,ask,YieldingYams,Johan Shajee,3602274
2026-07-14T19:03:48.971460,2026-07-14T19:03:48.973554+00:00,68.8,30,ask,YieldingYams,YUNSHEN JI,3602279
2026-07-14T19:03:49.160761,2026-07-14T19:03:49.163405+00:00,68.8,25,ask,YieldingYams,Dinh Nguyen,3602280
2026-07-14T19:03:49.368247,2026-07-14T19:03:49.378352+00:00,68.8,25,ask,YieldingYams,Johan Shajee,3602288
2026-07-14T19:03:49.405408,2026-07-14T19:03:49.410394+00:00,69.0,2,bid,Dinh Nguyen,YieldingYams,3602289
2026-07-14T19:03:49.610199,2026-07-14T19:03:49.621938+00:00,69.0,2,bid,Johan Shajee,YieldingYams,3602290
2026-07-14T19:03:49.817871,2026-07-14T19:03:49.824240+00:00,69.0,2,bid,Johan Shajee,YieldingYams,3602291
2026-07-14T19:03:49.875260,2026-07-14T19:03:49.877546+00:00,69.0,2,bid,Johan Shajee,YieldingYams,3602292
2026-07-14T19:03:50.023000,2026-07-14T19:03:50.026570+00:00,69.0,2,bid,Johan Shajee,YieldingYams,3602294
2026-07-14T19:03:50.115478,2026-07-14T19:03:50.122705+00:00,68.9,29,ask,WavyWalnuts,YUNSHEN JI,3602296
2026-07-14T19:03:50.203832,2026-07-14T19:03:50.208348+00:00,68.9,171,ask,WavyWalnuts,YieldingYams,3602297
2026-07-14T19:03:50.228302,2026-07-14T19:03:50.240367+00:00,68.7,2,bid,Johan Shajee,YieldingYams,3602298
2026-07-14T19:03:51.086623,2026-07-14T19:03:51.098878+00:00,68.7,200,bid,WavyWalnuts,YieldingYams,3602311
2026-07-14T19:03:51.143073,2026-07-14T19:03:51.163215+00:00,68.7,2,bid,Dinh Nguyen,YieldingYams,3602312
2026-07-14T19:03:52.372255,2026-07-14T19:03:52.380845+00:00,68.8,2,bid,Dinh Nguyen,YieldingYams,3602322
2026-07-14T19:03:53.630273,2026-07-14T19:03:53.632454+00:00,68.8,2,bid,Dinh Nguyen,Luke Zeng,3602331
2026-07-14T19:03:54.163660,2026-07-14T19:03:54.169863+00:00,68.8,200,bid,YieldingYams,WavyWalnuts,3602339
2026-07-14T19:03:54.163660,2026-07-14T19:03:54.169863+00:00,68.8,15,bid,YieldingYams,Luke Zeng,3602340
2026-07-14T19:03:54.742432,2026-07-14T19:03:54.752081+00:00,68.8,200,ask,YieldingYams,WavyWalnuts,3602347
2026-07-14T19:03:54.856434,2026-07-14T19:03:54.859696+00:00,69.0,2,bid,Dinh Nguyen,YieldingYams,3602348
2026-07-14T19:03:56.080274,2026-07-14T19:03:56.088622+00:00,68.9,2,bid,Dinh Nguyen,YieldingYams,3602352
2026-07-14T19:03:57.301332,2026-07-14T19:03:57.305718+00:00,68.9,2,bid,Dinh Nguyen,YieldingYams,3602378
2026-07-14T19:03:58.376205,2026-07-14T19:03:58.382158+00:00,68.8,17,ask,Luke Zeng,WavyWalnuts,3602395
2026-07-14T19:03:58.376205,2026-07-14T19:03:58.382158+00:00,68.8,27,ask,Shen Jiang,WavyWalnuts,3602396
2026-07-14T19:03:58.524281,2026-07-14T19:03:58.531472+00:00,68.8,2,bid,Dinh Nguyen,WavyWalnuts,3602400
2026-07-14T19:03:59.589755,2026-07-14T19:03:59.597305+00:00,68.7,20,ask,Luke Zeng,WavyWalnuts,3602417
2026-07-14T19:03:59.747305,2026-07-14T19:03:59.756492+00:00,68.7,2,bid,Dinh Nguyen,WavyWalnuts,3602419
2026-07-14T19:04:00.804028,2026-07-14T19:04:00.810156+00:00,68.7,3,bid,WavyWalnuts,Luke Zeng,3602434
2026-07-14T19:04:00.804028,2026-07-14T19:04:00.810156+00:00,68.7,197,bid,WavyWalnuts,YieldingYams,3602435
2026-07-14T19:04:00.976262,2026-07-14T19:04:00.979346+00:00,68.7,2,bid,Dinh Nguyen,YieldingYams,3602439
2026-07-14T19:04:02.022553,2026-07-14T19:04:02.024812+00:00,68.7,20,bid,YieldingYams,Luke Zeng,3602452
2026-07-14T19:04:02.203301,2026-07-14T19:04:02.206862+00:00,68.8,2,bid,Dinh Nguyen,WavyWalnuts,3602453
2026-07-14T19:04:03.228017,2026-07-14T19:04:03.233337+00:00,68.7,200,ask,YieldingYams,WavyWalnuts,3602470
2026-07-14T19:04:03.337426,2026-07-14T19:04:03.340901+00:00,68.6,500,ask,AverageAlmonds,YieldingYams,3602475
2026-07-14T19:04:03.337426,2026-07-14T19:04:03.340901+00:00,68.5,125,ask,WavyWalnuts,YieldingYams,3602476
2026-07-14T19:04:03.433282,2026-07-14T19:04:03.438293+00:00,68.8,2,bid,Dinh Nguyen,Luke Zeng,3602477
2026-07-14T19:04:04.662971,2026-07-14T19:04:04.676856+00:00,68.8,1,bid,Dinh Nguyen,Luke Zeng,3602491
2026-07-14T19:04:05.642727,2026-07-14T19:04:05.644760+00:00,68.8,20,bid,WavyWalnuts,Luke Zeng,3602507
2026-07-14T19:04:05.642727,2026-07-14T19:04:05.655435+00:00,68.8,8,bid,WavyWalnuts,Shen Jiang,3602508
2026-07-14T19:04:05.959664,2026-07-14T19:04:05.966189+00:00,68.8,172,ask,WavyWalnuts,YieldingYams,3602513
2026-07-14T19:04:08.584021,2026-07-14T19:04:08.587481+00:00,68.7,20,ask,Luke Zeng,YieldingYams,3602548
2026-07-14T19:04:08.584021,2026-07-14T19:04:08.611512+00:00,68.7,200,ask,WavyWalnuts,YieldingYams,3602549
2026-07-14T19:04:08.584021,2026-07-14T19:04:08.611512+00:00,68.7,31,ask,Shen Jiang,YieldingYams,3602550
2026-07-14T19:04:08.677630,2026-07-14T19:04:08.687690+00:00,68.7,25,bid,Johan Shajee,YieldingYams,3602556
2026-07-14T19:04:08.896124,2026-07-14T19:04:08.904016+00:00,68.7,15,bid,Johan Shajee,YieldingYams,3602565
2026-07-14T19:04:08.906686,2026-07-14T19:04:08.915176+00:00,68.7,23,bid,YUNSHEN JI,YieldingYams,3602568
2026-07-14T19:04:09.108941,2026-07-14T19:04:09.121685+00:00,68.6,2,ask,YieldingYams,Johan Shajee,3602570
2026-07-14T19:04:09.316768,2026-07-14T19:04:09.326730+00:00,68.6,2,ask,YieldingYams,Johan Shajee,3602576
2026-07-14T19:04:09.522229,2026-07-14T19:04:09.534313+00:00,68.6,2,ask,YieldingYams,Johan Shajee,3602577
2026-07-14T19:04:09.727355,2026-07-14T19:04:09.738756+00:00,68.6,2,ask,YieldingYams,Johan Shajee,3602581
2026-07-14T19:04:09.898700,2026-07-14T19:04:09.902597+00:00,68.7,200,bid,YieldingYams,WavyWalnuts,3602588
2026-07-14T19:04:09.935378,2026-07-14T19:04:09.945721+00:00,68.8,2,ask,YieldingYams,Johan Shajee,3602591
2026-07-14T19:04:10.141118,2026-07-14T19:04:10.149470+00:00,68.8,1,ask,YieldingYams,Johan Shajee,3602596
2026-07-14T19:04:10.487686,2026-07-14T19:04:10.495329+00:00,68.8,200,ask,YieldingYams,WavyWalnuts,3602602
2026-07-14T19:04:10.625243,2026-07-14T19:04:10.636001+00:00,68.8,23,ask,YieldingYams,YUNSHEN JI,3602605
2026-07-14T19:04:11.210922,2026-07-14T19:04:11.226230+00:00,68.7,200,ask,WavyWalnuts,YieldingYams,3602610
2026-07-14T19:04:11.692072,2026-07-14T19:04:11.704926+00:00,68.6,200,bid,WavyWalnuts,YieldingYams,3602618
2026-07-14T19:04:13.835698,2026-07-14T19:04:13.840439+00:00,68.8,200,ask,WavyWalnuts,YieldingYams,3602657
2026-07-14T19:04:14.111587,2026-07-14T19:04:14.122271+00:00,68.8,200,bid,WavyWalnuts,YieldingYams,3602658
2026-07-14T19:04:15.146221,2026-07-14T19:04:15.157218+00:00,68.8,24,bid,YieldingYams,Shen Jiang,3602675
2026-07-14T19:04:15.146221,2026-07-14T19:04:15.157218+00:00,68.8,20,bid,YieldingYams,Luke Zeng,3602676
2026-07-14T19:04:16.465321,2026-07-14T19:04:16.477425+00:00,68.7,200,ask,WavyWalnuts,YieldingYams,3602695
2026-07-14T19:04:17.507592,2026-07-14T19:04:17.517093+00:00,68.6,20,ask,YieldingYams,BrilliantBurritos,3602717
2026-07-14T19:04:17.773060,2026-07-14T19:04:17.774918+00:00,68.7,200,bid,YieldingYams,WavyWalnuts,3602721
2026-07-14T19:04:18.954045,2026-07-14T19:04:18.963202+00:00,68.8,200,ask,YieldingYams,WavyWalnuts,3602742
2026-07-14T19:04:20.348710,2026-07-14T19:04:20.356884+00:00,68.8,20,ask,YieldingYams,BrilliantBurritos,3602768
2026-07-14T19:04:21.705639,2026-07-14T19:04:21.718202+00:00,68.8,200,ask,WavyWalnuts,YieldingYams,3602787
2026-07-14T19:04:22.582934,2026-07-14T19:04:22.590614+00:00,68.8,200,bid,WavyWalnuts,YieldingYams,3602802
2026-07-14T19:04:23.016135,2026-07-14T19:04:23.020194+00:00,68.8,8,bid,YieldingYams,Luke Zeng,3602808
2026-07-14T19:04:23.016135,2026-07-14T19:04:23.020194+00:00,68.8,12,bid,YieldingYams,Shen Jiang,3602809
2026-07-14T19:04:23.170719,2026-07-14T19:04:23.182436+00:00,68.8,25,ask,YieldingYams,Johan Shajee,3602813
2026-07-14T19:04:23.381518,2026-07-14T19:04:23.388669+00:00,68.8,25,ask,YieldingYams,Johan Shajee,3602816
2026-07-14T19:04:23.584637,2026-07-14T19:04:23.595040+00:00,68.8,7,ask,YieldingYams,YUNSHEN JI,3602821
2026-07-14T19:04:23.593239,2026-07-14T19:04:23.606116+00:00,68.8,25,ask,YieldingYams,Johan Shajee,3602822
2026-07-14T19:04:23.804053,2026-07-14T19:04:23.814038+00:00,68.8,25,ask,YieldingYams,Johan Shajee,3602826
2026-07-14T19:04:24.022657,2026-07-14T19:04:24.033014+00:00,68.8,25,ask,YieldingYams,Johan Shajee,3602834
2026-07-14T19:04:24.152862,2026-07-14T19:04:24.164669+00:00,68.8,5,ask,YieldingYams,YUNSHEN JI,3602844
2026-07-14T19:04:24.165288,2026-07-14T19:04:24.175768+00:00,68.8,25,ask,YieldingYams,Dinh Nguyen,3602845
2026-07-14T19:04:24.239229,2026-07-14T19:04:24.241688+00:00,68.8,25,ask,YieldingYams,Johan Shajee,3602848
2026-07-14T19:04:24.461077,2026-07-14T19:04:24.472682+00:00,68.9,2,bid,Johan Shajee,WavyWalnuts,3602857
2026-07-14T19:04:24.668492,2026-07-14T19:04:24.675928+00:00,68.9,2,bid,Johan Shajee,WavyWalnuts,3602861
2026-07-14T19:04:24.873185,2026-07-14T19:04:24.879493+00:00,68.9,2,bid,Johan Shajee,WavyWalnuts,3602864
2026-07-14T19:04:24.999002,2026-07-14T19:04:25.010568+00:00,68.9,61,bid,WavyWalnuts,Sze-Yong Ng,3602867
2026-07-14T19:04:24.999002,2026-07-14T19:04:25.010568+00:00,68.9,20,bid,WavyWalnuts,Luke Zeng,3602868
2026-07-14T19:04:24.999002,2026-07-14T19:04:25.010568+00:00,68.9,39,bid,WavyWalnuts,Shen Jiang,3602869
2026-07-14T19:04:24.999002,2026-07-14T19:04:25.010568+00:00,68.9,80,bid,WavyWalnuts,YieldingYams,3602870
2026-07-14T19:04:25.078452,2026-07-14T19:04:25.086629+00:00,68.9,2,bid,Johan Shajee,YieldingYams,3602873
2026-07-14T19:04:25.284483,2026-07-14T19:04:25.292122+00:00,68.9,2,bid,Johan Shajee,YieldingYams,3602876
2026-07-14T19:04:25.515866,2026-07-14T19:04:25.524840+00:00,68.9,2,bid,Johan Shajee,YieldingYams,3602880
2026-07-14T19:04:26.216713,2026-07-14T19:04:26.220012+00:00,68.9,200,bid,WavyWalnuts,YieldingYams,3602897
2026-07-14T19:04:26.403420,2026-07-14T19:04:26.405458+00:00,68.9,10,bid,YUNSHEN JI,YieldingYams,3602904
2026-07-14T19:04:28.262912,2026-07-14T19:04:28.272785+00:00,69.0,200,bid,YieldingYams,WavyWalnuts,3602925
2026-07-14T19:04:28.631882,2026-07-14T19:04:28.639503+00:00,69.1,200,bid,WavyWalnuts,YieldingYams,3602932
2026-07-14T19:04:29.287032,2026-07-14T19:04:29.294925+00:00,69.0,1,ask,YieldingYams,YUNSHEN JI,3602950
2026-07-14T19:04:29.329692,2026-07-14T19:04:29.337699+00:00,69.0,25,ask,YieldingYams,Johan Shajee,3602951
2026-07-14T19:04:29.542489,2026-07-14T19:04:29.546424+00:00,69.0,25,ask,WavyWalnuts,Dinh Nguyen,3602954
2026-07-14T19:04:29.767851,2026-07-14T19:04:29.773741+00:00,69.0,1,ask,Shen Jiang,Johan Shajee,3602959
2026-07-14T19:04:29.847061,2026-07-14T19:04:29.849275+00:00,69.0,4,ask,Shen Jiang,YUNSHEN JI,3602961
2026-07-14T19:04:29.869800,2026-07-14T19:04:29.881604+00:00,69.0,25,ask,YieldingYams,Johan Shajee,3602963
2026-07-14T19:04:30.425463,2026-07-14T19:04:30.432677+00:00,69.0,30,ask,WavyWalnuts,YUNSHEN JI,3602976
2026-07-14T19:04:30.884161,2026-07-14T19:04:30.887866+00:00,69.0,145,ask,WavyWalnuts,YieldingYams,3602985
2026-07-14T19:04:30.992224,2026-07-14T19:04:30.997587+00:00,68.9,30,bid,YUNSHEN JI,YieldingYams,3602990
2026-07-14T19:04:31.580091,2026-07-14T19:04:31.584231+00:00,68.9,5,bid,YUNSHEN JI,YieldingYams,3603002
2026-07-14T19:04:31.610817,2026-07-14T19:04:31.617023+00:00,68.9,2,bid,Dinh Nguyen,YieldingYams,3603004
2026-07-14T19:04:32.194941,2026-07-14T19:04:32.198863+00:00,68.8,20,ask,Luke Zeng,YieldingYams,3603015
2026-07-14T19:04:32.194941,2026-07-14T19:04:32.198863+00:00,68.8,47,ask,Shen Jiang,YieldingYams,3603016
2026-07-14T19:04:32.194941,2026-07-14T19:04:32.209887+00:00,68.8,500,ask,AverageAlmonds,YieldingYams,3603017
2026-07-14T19:04:32.263453,2026-07-14T19:04:32.275546+00:00,68.8,58,bid,WavyWalnuts,YieldingYams,3603019
2026-07-14T19:04:32.851753,2026-07-14T19:04:32.855372+00:00,68.9,2,bid,Dinh Nguyen,WavyWalnuts,3603035
2026-07-14T19:04:33.507883,2026-07-14T19:04:33.520773+00:00,68.9,200,bid,YieldingYams,WavyWalnuts,3603044
2026-07-14T19:04:33.958471,2026-07-14T19:04:33.960852+00:00,69.0,2,ask,YieldingYams,YUNSHEN JI,3603048
2026-07-14T19:04:34.067650,2026-07-14T19:04:34.069914+00:00,69.0,25,ask,YieldingYams,Dinh Nguyen,3603050
2026-07-14T19:04:34.823857,2026-07-14T19:04:34.835533+00:00,69.0,200,ask,WavyWalnuts,YieldingYams,3603065
2026-07-14T19:04:35.099561,2026-07-14T19:04:35.107479+00:00,68.8,2,bid,Dinh Nguyen,YieldingYams,3603069
2026-07-14T19:04:35.856746,2026-07-14T19:04:35.864279+00:00,68.8,2,bid,YUNSHEN JI,YieldingYams,3603082
2026-07-14T19:04:35.895596,2026-07-14T19:04:35.908434+00:00,68.8,200,bid,WavyWalnuts,YieldingYams,3603086
2026-07-14T19:04:37.073412,2026-07-14T19:04:37.082756+00:00,69.0,2,bid,Dinh Nguyen,WavyWalnuts,3603112
2026-07-14T19:04:37.105842,2026-07-14T19:04:37.115514+00:00,68.8,200,ask,YieldingYams,WavyWalnuts,3603113
2026-07-14T19:04:37.336997,2026-07-14T19:04:37.343559+00:00,68.8,20,ask,YieldingYams,BrilliantBurritos,3603119
2026-07-14T19:04:37.445823,2026-07-14T19:04:37.453303+00:00,68.8,97,ask,Sze-Yong Ng,YieldingYams,3603120
2026-07-14T19:04:37.445823,2026-07-14T19:04:37.453303+00:00,68.8,500,ask,AverageAlmonds,YieldingYams,3603121
2026-07-14T19:04:37.445823,2026-07-14T19:04:37.453303+00:00,68.8,17,ask,Shen Jiang,YieldingYams,3603122
2026-07-14T19:04:37.597469,2026-07-14T19:04:37.603965+00:00,68.7,11,bid,AverageAlmonds,YieldingYams,3603123
2026-07-14T19:04:38.315927,2026-07-14T19:04:38.324451+00:00,68.8,200,ask,AverageAlmonds,WavyWalnuts,3603136
2026-07-14T19:04:39.119026,2026-07-14T19:04:39.128492+00:00,68.9,1,ask,YieldingYams,YUNSHEN JI,3603155
2026-07-14T19:04:39.524054,2026-07-14T19:04:39.526425+00:00,68.9,200,ask,YieldingYams,WavyWalnuts,3603161
2026-07-14T19:04:40.772427,2026-07-14T19:04:40.783471+00:00,68.9,2,bid,Dinh Nguyen,YieldingYams,3603184
2026-07-14T19:04:41.387434,2026-07-14T19:04:41.393338+00:00,68.9,36,bid,YieldingYams,Sze-Yong Ng,3603197
2026-07-14T19:04:41.387434,2026-07-14T19:04:41.393338+00:00,68.9,16,bid,YieldingYams,Luke Zeng,3603198
2026-07-14T19:04:41.387434,2026-07-14T19:04:41.393338+00:00,68.9,26,bid,YieldingYams,Shen Jiang,3603199
2026-07-14T19:04:41.894911,2026-07-14T19:04:41.901982+00:00,68.9,30,ask,YieldingYams,Roger Xu,3603207
2026-07-14T19:04:41.946697,2026-07-14T19:04:41.956566+00:00,68.9,200,ask,YieldingYams,WavyWalnuts,3603208
2026-07-14T19:04:41.992478,2026-07-14T19:04:41.999746+00:00,68.9,9,ask,YieldingYams,YUNSHEN JI,3603211
2026-07-14T19:04:42.556642,2026-07-14T19:04:42.561375+00:00,68.9,2,ask,YieldingYams,YUNSHEN JI,3603221
2026-07-14T19:04:42.710606,2026-07-14T19:04:42.713062+00:00,68.8,200,ask,WavyWalnuts,YieldingYams,3603226
2026-07-14T19:04:42.710606,2026-07-14T19:04:42.724109+00:00,68.8,425,ask,AverageAlmonds,YieldingYams,3603227
2026-07-14T19:04:43.216790,2026-07-14T19:04:43.225725+00:00,69.0,2,bid,Dinh Nguyen,Sze-Yong Ng,3603248
2026-07-14T19:04:45.328718,2026-07-14T19:04:45.338985+00:00,69.0,72,bid,YieldingYams,Sze-Yong Ng,3603277
2026-07-14T19:04:45.328718,2026-07-14T19:04:45.338985+00:00,69.0,200,bid,YieldingYams,WavyWalnuts,3603278
2026-07-14T19:04:45.328718,2026-07-14T19:04:45.338985+00:00,69.0,20,bid,YieldingYams,Luke Zeng,3603279
2026-07-14T19:04:45.328718,2026-07-14T19:04:45.338985+00:00,69.0,22,bid,YieldingYams,Shen Jiang,3603280
2026-07-14T19:04:45.504078,2026-07-14T19:04:45.513332+00:00,69.0,30,ask,YieldingYams,YUNSHEN JI,3603284
2026-07-14T19:04:45.693804,2026-07-14T19:04:45.698668+00:00,69.0,25,ask,YieldingYams,Dinh Nguyen,3603289
2026-07-14T19:04:46.246552,2026-07-14T19:04:46.250120+00:00,69.1,20,bid,BrilliantBurritos,YieldingYams,3603299
2026-07-14T19:04:46.654071,2026-07-14T19:04:46.669173+00:00,69.0,20,ask,Roger Xu,YieldingYams,3603305
2026-07-14T19:04:47.417812,2026-07-14T19:04:47.429697+00:00,69.0,2,bid,Dinh Nguyen,YieldingYams,3603324
2026-07-14T19:04:47.964534,2026-07-14T19:04:47.970383+00:00,69.0,200,bid,YieldingYams,WavyWalnuts,3603333
2026-07-14T19:04:49.874797,2026-07-14T19:04:49.879755+00:00,69.1,2,bid,Dinh Nguyen,WavyWalnuts,3603355
2026-07-14T19:04:50.405864,2026-07-14T19:04:50.409145+00:00,69.0,33,ask,Shen Jiang,WavyWalnuts,3603366
2026-07-14T19:04:50.588549,2026-07-14T19:04:50.593247+00:00,68.9,19,ask,Shen Jiang,YieldingYams,3603369
2026-07-14T19:04:51.108803,2026-07-14T19:04:51.117242+00:00,68.9,2,bid,Dinh Nguyen,YieldingYams,3603379
2026-07-14T19:04:52.353838,2026-07-14T19:04:52.359817+00:00,68.9,2,bid,Dinh Nguyen,Shen Jiang,3603395
2026-07-14T19:04:52.825790,2026-07-14T19:04:52.837915+00:00,68.9,36,bid,WavyWalnuts,Shen Jiang,3603405
2026-07-14T19:04:52.825790,2026-07-14T19:04:52.837915+00:00,69.0,164,bid,WavyWalnuts,YieldingYams,3603406
2026-07-14T19:04:53.206830,2026-07-14T19:04:53.213068+00:00,69.0,16,bid,YieldingYams,Shen Jiang,3603408
2026-07-14T19:04:53.483661,2026-07-14T19:04:53.492312+00:00,69.1,30,ask,YieldingYams,Roger Xu,3603417
2026-07-14T19:04:53.568810,2026-07-14T19:04:53.578402+00:00,69.1,25,ask,YieldingYams,Dinh Nguyen,3603418
2026-07-14T19:04:54.037776,2026-07-14T19:04:54.049332+00:00,69.1,200,ask,YieldingYams,WavyWalnuts,3603424
2026-07-14T19:04:55.246099,2026-07-14T19:04:55.270243+00:00,69.1,20,ask,Roger Xu,WavyWalnuts,3603437
2026-07-14T19:04:55.246099,2026-07-14T19:04:55.270243+00:00,69.1,180,ask,YieldingYams,WavyWalnuts,3603438
2026-07-14T19:04:56.456364,2026-07-14T19:04:56.462852+00:00,69.1,20,ask,Luke Zeng,WavyWalnuts,3603463
2026-07-14T19:04:56.456364,2026-07-14T19:04:56.462852+00:00,69.1,8,ask,Shen Jiang,WavyWalnuts,3603464
2026-07-14T19:04:56.456364,2026-07-14T19:04:56.462852+00:00,69.1,10,ask,Roger Xu,WavyWalnuts,3603465
2026-07-14T19:04:56.456364,2026-07-14T19:04:56.473487+00:00,69.0,162,ask,YieldingYams,WavyWalnuts,3603466
2026-07-14T19:04:56.579822,2026-07-14T19:04:56.590611+00:00,69.2,2,bid,Dinh Nguyen,YieldingYams,3603467
2026-07-14T19:04:57.144168,2026-07-14T19:04:57.160659+00:00,69.0,20,ask,Luke Zeng,YieldingYams,3603479
2026-07-14T19:04:57.144168,2026-07-14T19:04:57.160659+00:00,69.0,23,ask,Shen Jiang,YieldingYams,3603480
2026-07-14T19:04:57.834809,2026-07-14T19:04:57.844673+00:00,69.0,2,bid,Dinh Nguyen,YieldingYams,3603494
2026-07-14T19:04:59.092843,2026-07-14T19:04:59.096310+00:00,69.0,2,bid,Dinh Nguyen,YieldingYams,3603505
2026-07-14T19:05:00.040737,2026-07-14T19:05:00.051646+00:00,69.0,7,bid,YUNSHEN JI,WavyWalnuts,3603526
2026-07-14T19:05:00.089041,2026-07-14T19:05:00.094181+00:00,68.9,74,ask,Sze-Yong Ng,WavyWalnuts,3603527
2026-07-14T19:05:00.089041,2026-07-14T19:05:00.094181+00:00,68.9,126,ask,YieldingYams,WavyWalnuts,3603528
2026-07-14T19:05:00.337838,2026-07-14T19:05:00.349544+00:00,69.0,2,bid,Dinh Nguyen,YieldingYams,3603532
2026-07-14T19:05:01.077091,2026-07-14T19:05:01.082904+00:00,68.9,20,ask,Luke Zeng,YieldingYams,3603545
2026-07-14T19:05:01.247027,2026-07-14T19:05:01.254074+00:00,68.9,30,bid,YUNSHEN JI,YieldingYams,3603549
2026-07-14T19:05:01.594808,2026-07-14T19:05:01.603874+00:00,68.9,2,bid,Dinh Nguyen,YieldingYams,3603555
2026-07-14T19:05:01.847754,2026-07-14T19:05:01.859958+00:00,68.9,5,bid,YUNSHEN JI,YieldingYams,3603557
2026-07-14T19:05:02.855821,2026-07-14T19:05:02.861286+00:00,69.0,2,bid,Dinh Nguyen,YieldingYams,3603575
2026-07-14T19:05:03.733890,2026-07-14T19:05:03.744487+00:00,68.8,20,ask,Luke Zeng,WavyWalnuts,3603589
2026-07-14T19:05:03.733890,2026-07-14T19:05:03.744487+00:00,68.8,180,ask,AverageAlmonds,WavyWalnuts,3603590
2026-07-14T19:05:04.110844,2026-07-14T19:05:04.118131+00:00,68.9,2,bid,Dinh Nguyen,YieldingYams,3603599
2026-07-14T19:05:04.266537,2026-07-14T19:05:04.290193+00:00,68.9,500,bid,AverageAlmonds,YieldingYams,3603602
2026-07-14T19:05:04.858653,2026-07-14T19:05:04.864232+00:00,68.9,123,bid,AverageAlmonds,YieldingYams,3603609
2026-07-14T19:05:04.949421,2026-07-14T19:05:04.952249+00:00,68.9,200,ask,AverageAlmonds,WavyWalnuts,3603615
2026-07-14T19:05:05.364808,2026-07-14T19:05:05.376473+00:00,69.0,2,bid,Dinh Nguyen,YieldingYams,3603620
2026-07-14T19:05:06.616812,2026-07-14T19:05:06.619933+00:00,69.0,2,bid,Dinh Nguyen,Luke Zeng,3603649
2026-07-14T19:05:07.222811,2026-07-14T19:05:07.235130+00:00,68.9,20,ask,WavyWalnuts,BrilliantBurritos,3603656
2026-07-14T19:05:07.897874,2026-07-14T19:05:07.908653+00:00,69.0,2,bid,Dinh Nguyen,Luke Zeng,3603673
2026-07-14T19:05:09.157815,2026-07-14T19:05:09.162721+00:00,69.0,2,bid,Dinh Nguyen,Luke Zeng,3603691
2026-07-14T19:05:10.404109,2026-07-14T19:05:10.413385+00:00,69.0,20,bid,BrilliantBurritos,WavyWalnuts,3603704
2026-07-14T19:05:10.411830,2026-07-14T19:05:10.424179+00:00,69.0,2,bid,Dinh Nguyen,WavyWalnuts,3603705
2026-07-14T19:05:11.025770,2026-07-14T19:05:11.033314+00:00,69.0,200,bid,WavyWalnuts,YieldingYams,3603715
2026-07-14T19:05:11.560445,2026-07-14T19:05:11.565307+00:00,69.0,20,bid,YieldingYams,Luke Zeng,3603716
2026-07-14T19:05:11.645833,2026-07-14T19:05:11.650078+00:00,69.1,2,bid,Dinh Nguyen,WavyWalnuts,3603718
2026-07-14T19:05:13.448378,2026-07-14T19:05:13.457963+00:00,69.0,200,ask,YieldingYams,WavyWalnuts,3603739
2026-07-14T19:05:14.137800,2026-07-14T19:05:14.140087+00:00,69.1,2,bid,Dinh Nguyen,Luke Zeng,3603750
2026-07-14T19:05:14.657919,2026-07-14T19:05:14.660660+00:00,69.0,200,bid,WavyWalnuts,YieldingYams,3603753
2026-07-14T19:05:15.364887,2026-07-14T19:05:15.368878+00:00,69.0,2,bid,Dinh Nguyen,YieldingYams,3603767
2026-07-14T19:05:15.870906,2026-07-14T19:05:15.874598+00:00,69.0,200,ask,YieldingYams,WavyWalnuts,3603771
2026-07-14T19:05:17.846850,2026-07-14T19:05:17.856917+00:00,69.1,2,bid,Dinh Nguyen,YieldingYams,3603800
2026-07-14T19:05:18.128817,2026-07-14T19:05:18.133944+00:00,69.0,200,ask,WavyWalnuts,YieldingYams,3603806
2026-07-14T19:05:18.128817,2026-07-14T19:05:18.133944+00:00,69.0,1,ask,Luke Zeng,YieldingYams,3603807
2026-07-14T19:05:18.287327,2026-07-14T19:05:18.294058+00:00,68.9,200,ask,YieldingYams,WavyWalnuts,3603811
2026-07-14T19:05:19.090851,2026-07-14T19:05:19.097907+00:00,69.0,2,bid,Dinh Nguyen,YieldingYams,3603824
2026-07-14T19:05:19.497154,2026-07-14T19:05:19.509329+00:00,68.9,200,ask,AverageAlmonds,WavyWalnuts,3603830
2026-07-14T19:05:20.313811,2026-07-14T19:05:20.318633+00:00,69.0,2,bid,Dinh Nguyen,YieldingYams,3603842
2026-07-14T19:05:20.705155,2026-07-14T19:05:20.709706+00:00,69.0,200,bid,WavyWalnuts,YieldingYams,3603846
2026-07-14T19:05:20.749471,2026-07-14T19:05:20.751968+00:00,69.0,20,bid,YieldingYams,Luke Zeng,3603848
2026-07-14T19:05:21.221050,2026-07-14T19:05:21.229679+00:00,69.1,5,ask,YieldingYams,YUNSHEN JI,3603852
2026-07-14T19:05:21.233994,2026-07-14T19:05:21.240304+00:00,69.1,20,ask,YieldingYams,Roger Xu,3603853
2026-07-14T19:05:21.569624,2026-07-14T19:05:21.578204+00:00,69.1,25,ask,YieldingYams,Dinh Nguyen,3603860
2026-07-14T19:05:21.787749,2026-07-14T19:05:21.801292+00:00,69.1,1,ask,YieldingYams,YUNSHEN JI,3603862
2026-07-14T19:05:21.917581,2026-07-14T19:05:21.929086+00:00,69.1,200,ask,YieldingYams,WavyWalnuts,3603867
2026-07-14T19:05:23.370768,2026-07-14T19:05:23.381590+00:00,69.1,38,bid,YieldingYams,Sze-Yong Ng,3603895
2026-07-14T19:05:23.370768,2026-07-14T19:05:23.381590+00:00,69.1,200,bid,YieldingYams,WavyWalnuts,3603896
2026-07-14T19:05:23.370768,2026-07-14T19:05:23.381590+00:00,69.1,20,bid,YieldingYams,Luke Zeng,3603897
2026-07-14T19:05:23.506077,2026-07-14T19:05:23.509988+00:00,69.1,30,ask,YieldingYams,YUNSHEN JI,3603899
2026-07-14T19:05:24.006883,2026-07-14T19:05:24.012091+00:00,69.1,25,ask,YieldingYams,Dinh Nguyen,3603903
2026-07-14T19:05:24.071671,2026-07-14T19:05:24.076208+00:00,69.1,30,ask,YieldingYams,YUNSHEN JI,3603905
2026-07-14T19:05:24.121202,2026-07-14T19:05:24.130048+00:00,69.1,20,ask,YieldingYams,Roger Xu,3603908
2026-07-14T19:05:24.637831,2026-07-14T19:05:24.646386+00:00,69.1,30,ask,YieldingYams,YUNSHEN JI,3603922
2026-07-14T19:05:24.686645,2026-07-14T19:05:24.689737+00:00,69.1,500,ask,AverageAlmonds,YieldingYams,3603924
2026-07-14T19:05:24.686645,2026-07-14T19:05:24.700658+00:00,69.1,125,ask,WavyWalnuts,YieldingYams,3603925
2026-07-14T19:05:25.061308,2026-07-14T19:05:25.068601+00:00,69.1,20,ask,WavyWalnuts,Roger Xu,3603928
2026-07-14T19:05:25.203485,2026-07-14T19:05:25.207331+00:00,69.1,2,ask,WavyWalnuts,YUNSHEN JI,3603930
2026-07-14T19:05:25.518843,2026-07-14T19:05:25.527283+00:00,69.1,25,ask,WavyWalnuts,Dinh Nguyen,3603935
2026-07-14T19:05:25.545062,2026-07-14T19:05:25.548729+00:00,69.1,200,ask,AverageAlmonds,WavyWalnuts,3603936
2026-07-14T19:05:27.962342,2026-07-14T19:05:27.967790+00:00,69.3,200,bid,WavyWalnuts,YieldingYams,3603979
2026-07-14T19:05:28.614077,2026-07-14T19:05:28.637388+00:00,69.4,200,bid,YieldingYams,WavyWalnuts,3603999
2026-07-14T19:05:28.860452,2026-07-14T19:05:28.866726+00:00,69.4,30,ask,YieldingYams,Roger Xu,3604005
2026-07-14T19:05:29.169783,2026-07-14T19:05:29.175642+00:00,69.4,200,ask,YieldingYams,WavyWalnuts,3604013
2026-07-14T19:05:29.742829,2026-07-14T19:05:29.753795+00:00,69.4,25,ask,YieldingYams,Dinh Nguyen,3604022
2026-07-14T19:05:30.251575,2026-07-14T19:05:30.254597+00:00,69.3,2,bid,Dinh Nguyen,YieldingYams,3604035
2026-07-14T19:05:31.520678,2026-07-14T19:05:31.527565+00:00,69.3,2,bid,Dinh Nguyen,Sze-Yong Ng,3604046
2026-07-14T19:05:32.559983,2026-07-14T19:05:32.571364+00:00,69.3,21,bid,YieldingYams,Sze-Yong Ng,3604068
2026-07-14T19:05:32.559983,2026-07-14T19:05:32.571364+00:00,69.3,200,bid,YieldingYams,WavyWalnuts,3604069
2026-07-14T19:05:32.559983,2026-07-14T19:05:32.571364+00:00,69.3,10,bid,YieldingYams,Luke Zeng,3604070
2026-07-14T19:05:32.806019,2026-07-14T19:05:32.815994+00:00,69.4,20,bid,BrilliantBurritos,WavyWalnuts,3604075
2026-07-14T19:05:33.907676,2026-07-14T19:05:33.911412+00:00,69.3,500,bid,AverageAlmonds,YieldingYams,3604091
2026-07-14T19:05:34.004081,2026-07-14T19:05:34.006843+00:00,69.3,125,bid,WavyWalnuts,YieldingYams,3604094
2026-07-14T19:05:35.181379,2026-07-14T19:05:35.195307+00:00,69.4,20,bid,YieldingYams,Luke Zeng,3604108
2026-07-14T19:05:35.181379,2026-07-14T19:05:35.195307+00:00,69.5,200,bid,YieldingYams,WavyWalnuts,3604109
2026-07-14T19:05:36.422706,2026-07-14T19:05:36.431934+00:00,69.7,200,bid,WavyWalnuts,YieldingYams,3604146
2026-07-14T19:05:36.493356,2026-07-14T19:05:36.495262+00:00,69.7,39,bid,YieldingYams,Sze-Yong Ng,3604147
2026-07-14T19:05:36.493356,2026-07-14T19:05:36.505795+00:00,69.7,500,bid,YieldingYams,AverageAlmonds,3604148
2026-07-14T19:05:36.527814,2026-07-14T19:05:36.537318+00:00,69.8,2,bid,Dinh Nguyen,WavyWalnuts,3604149
2026-07-14T19:05:37.633730,2026-07-14T19:05:37.657431+00:00,69.7,86,ask,YieldingYams,WavyWalnuts,3604160
2026-07-14T19:05:37.633730,2026-07-14T19:05:37.657431+00:00,69.7,26,ask,Sze-Yong Ng,WavyWalnuts,3604161
2026-07-14T19:05:37.633730,2026-07-14T19:05:37.657431+00:00,69.7,20,ask,Roger Xu,WavyWalnuts,3604162
2026-07-14T19:05:37.633730,2026-07-14T19:05:37.657431+00:00,69.6,30,ask,Roger Xu,WavyWalnuts,3604163
2026-07-14T19:05:37.748867,2026-07-14T19:05:37.752276+00:00,69.6,2,bid,Dinh Nguyen,WavyWalnuts,3604170
2026-07-14T19:05:37.806074,2026-07-14T19:05:37.821277+00:00,69.5,20,ask,Roger Xu,YieldingYams,3604171
2026-07-14T19:05:38.847762,2026-07-14T19:05:38.855536+00:00,69.5,200,bid,WavyWalnuts,YieldingYams,3604185
2026-07-14T19:05:39.001825,2026-07-14T19:05:39.005179+00:00,69.5,2,bid,Dinh Nguyen,YieldingYams,3604189
2026-07-14T19:05:39.141627,2026-07-14T19:05:39.144544+00:00,69.4,20,ask,Luke Zeng,Roger Xu,3604192
2026-07-14T19:05:39.141627,2026-07-14T19:05:39.155284+00:00,69.4,10,ask,YieldingYams,Roger Xu,3604193
2026-07-14T19:05:40.055660,2026-07-14T19:05:40.058220+00:00,69.4,30,ask,YieldingYams,Roger Xu,3604209
2026-07-14T19:05:40.059767,2026-07-14T19:05:40.068941+00:00,69.6,200,bid,WavyWalnuts,YieldingYams,3604210
2026-07-14T19:05:40.422975,2026-07-14T19:05:40.443949+00:00,69.6,20,bid,YieldingYams,Luke Zeng,3604216
2026-07-14T19:05:40.422975,2026-07-14T19:05:40.443949+00:00,69.7,200,bid,YieldingYams,WavyWalnuts,3604217
2026-07-14T19:05:41.199129,2026-07-14T19:05:41.206125+00:00,69.7,405,ask,YieldingYams,AverageAlmonds,3604237
2026-07-14T19:05:41.199129,2026-07-14T19:05:41.206125+00:00,69.7,20,ask,Roger Xu,AverageAlmonds,3604238
2026-07-14T19:05:41.476852,2026-07-14T19:05:41.484843+00:00,69.7,1,bid,Dinh Nguyen,AverageAlmonds,3604245
2026-07-14T19:05:41.734450,2026-07-14T19:05:41.740593+00:00,69.6,30,ask,Roger Xu,YieldingYams,3604252
2026-07-14T19:05:41.734450,2026-07-14T19:05:41.740593+00:00,69.6,4,ask,Luke Zeng,YieldingYams,3604253
2026-07-14T19:05:41.734450,2026-07-14T19:05:41.740593+00:00,69.5,20,ask,Roger Xu,YieldingYams,3604254
2026-07-14T19:05:41.734450,2026-07-14T19:05:41.756461+00:00,69.5,200,ask,WavyWalnuts,YieldingYams,3604255
2026-07-14T19:05:41.734450,2026-07-14T19:05:41.756461+00:00,69.4,10,ask,Roger Xu,YieldingYams,3604256
2026-07-14T19:05:41.811255,2026-07-14T19:05:41.821046+00:00,69.3,20,ask,YieldingYams,BrilliantBurritos,3604258
2026-07-14T19:05:44.896460,2026-07-14T19:05:44.899144+00:00,69.5,200,bid,WavyWalnuts,YieldingYams,3604294
2026-07-14T19:05:46.238605,2026-07-14T19:05:46.248409+00:00,69.6,20,bid,BrilliantBurritos,YieldingYams,3604311
2026-07-14T19:05:46.985271,2026-07-14T19:05:46.990575+00:00,69.6,200,bid,YieldingYams,WavyWalnuts,3604321
2026-07-14T19:05:46.985271,2026-07-14T19:05:46.990575+00:00,69.6,17,bid,YieldingYams,Luke Zeng,3604322
2026-07-14T19:05:46.985271,2026-07-14T19:05:46.990575+00:00,69.6,50,bid,YieldingYams,Shen Jiang,3604323
2026-07-14T19:05:47.317996,2026-07-14T19:05:47.321026+00:00,69.7,200,bid,WavyWalnuts,AverageAlmonds,3604329
2026-07-14T19:05:47.624558,2026-07-14T19:05:47.628908+00:00,69.6,30,ask,YieldingYams,Roger Xu,3604330
2026-07-14T19:05:48.299668,2026-07-14T19:05:48.301483+00:00,69.6,40,ask,Shen Jiang,YieldingYams,3604351
2026-07-14T19:05:48.336569,2026-07-14T19:05:48.339332+00:00,69.5,25,bid,Johan Shajee,YieldingYams,3604355
2026-07-14T19:05:48.528991,2026-07-14T19:05:48.532401+00:00,69.5,200,bid,WavyWalnuts,YieldingYams,3604358
2026-07-14T19:05:49.622762,2026-07-14T19:05:49.634796+00:00,69.5,40,bid,YieldingYams,Shen Jiang,3604368
2026-07-14T19:05:51.508344,2026-07-14T19:05:51.520548+00:00,69.6,20,ask,Sze-Yong Ng,Roger Xu,3604407
2026-07-14T19:05:51.548785,2026-07-14T19:05:51.552550+00:00,69.6,2,ask,Sze-Yong Ng,Johan Shajee,3604409
2026-07-14T19:05:51.548785,2026-07-14T19:05:51.563176+00:00,69.6,17,ask,Luke Zeng,Johan Shajee,3604410
2026-07-14T19:05:51.548785,2026-07-14T19:05:51.563176+00:00,69.6,6,ask,WavyWalnuts,Johan Shajee,3604411
2026-07-14T19:05:52.068488,2026-07-14T19:05:52.080073+00:00,69.6,194,ask,WavyWalnuts,AverageAlmonds,3604416
2026-07-14T19:05:52.068488,2026-07-14T19:05:52.080073+00:00,69.6,18,ask,Shen Jiang,AverageAlmonds,3604417
2026-07-14T19:05:52.160126,2026-07-14T19:05:52.164703+00:00,69.5,200,ask,YieldingYams,WavyWalnuts,3604418
2026-07-14T19:05:52.246220,2026-07-14T19:05:52.249763+00:00,69.6,288,bid,YieldingYams,AverageAlmonds,3604419
2026-07-14T19:05:52.246220,2026-07-14T19:05:52.249763+00:00,69.6,18,bid,YieldingYams,Shen Jiang,3604420
2026-07-14T19:05:52.434403,2026-07-14T19:05:52.441496+00:00,69.6,20,ask,YieldingYams,Roger Xu,3604421
2026-07-14T19:05:53.368723,2026-07-14T19:05:53.378467+00:00,69.6,200,ask,YieldingYams,WavyWalnuts,3604439
2026-07-14T19:05:53.561238,2026-07-14T19:05:53.568894+00:00,69.6,20,ask,Roger Xu,YieldingYams,3604442
2026-07-14T19:05:53.561238,2026-07-14T19:05:53.568894+00:00,69.6,64,ask,Shen Jiang,YieldingYams,3604443
2026-07-14T19:05:53.561238,2026-07-14T19:05:53.568894+00:00,69.5,200,ask,WavyWalnuts,YieldingYams,3604444
2026-07-14T19:05:53.561238,2026-07-14T19:05:53.568894+00:00,69.5,30,ask,Roger Xu,YieldingYams,3604445
2026-07-14T19:05:53.561238,2026-07-14T19:05:53.579502+00:00,69.4,20,ask,Roger Xu,YieldingYams,3604446
2026-07-14T19:05:54.045016,2026-07-14T19:05:54.047622+00:00,69.4,30,bid,YUNSHEN JI,YieldingYams,3604457
2026-07-14T19:05:54.573032,2026-07-14T19:05:54.582376+00:00,69.4,200,bid,WavyWalnuts,YieldingYams,3604464
2026-07-14T19:05:54.604395,2026-07-14T19:05:54.614577+00:00,69.4,30,bid,YUNSHEN JI,YieldingYams,3604465
2026-07-14T19:05:54.633968,2026-07-14T19:05:54.636227+00:00,69.3,20,ask,YieldingYams,BrilliantBurritos,3604468
2026-07-14T19:05:54.875530,2026-07-14T19:05:54.880685+00:00,69.4,34,bid,YieldingYams,Shen Jiang,3604472
2026-07-14T19:05:55.183611,2026-07-14T19:05:55.192051+00:00,69.6,30,ask,YieldingYams,YUNSHEN JI,3604478
2026-07-14T19:05:55.329268,2026-07-14T19:05:55.335429+00:00,69.6,20,ask,YieldingYams,YUNSHEN JI,3604482
2026-07-14T19:05:55.706519,2026-07-14T19:05:55.717467+00:00,69.6,500,ask,YieldingYams,AverageAlmonds,3604485
2026-07-14T19:05:55.778275,2026-07-14T19:05:55.781309+00:00,69.6,20,ask,YieldingYams,Roger Xu,3604489
2026-07-14T19:05:55.785947,2026-07-14T19:05:55.791967+00:00,69.6,21,ask,YieldingYams,WavyWalnuts,3604490
2026-07-14T19:05:57.526745,2026-07-14T19:05:57.537276+00:00,69.5,30,bid,YUNSHEN JI,WavyWalnuts,3604513
2026-07-14T19:05:58.087440,2026-07-14T19:05:58.089936+00:00,69.5,30,bid,YUNSHEN JI,WavyWalnuts,3604517
2026-07-14T19:06:00.162017,2026-07-14T19:06:00.169250+00:00,69.5,200,ask,WavyWalnuts,YieldingYams,3604543
2026-07-14T19:06:00.162017,2026-07-14T19:06:00.169250+00:00,69.5,20,ask,Luke Zeng,YieldingYams,3604544
2026-07-14T19:06:00.162017,2026-07-14T19:06:00.169250+00:00,69.5,20,ask,Roger Xu,YieldingYams,3604545
2026-07-14T19:06:00.162017,2026-07-14T19:06:00.179967+00:00,69.5,52,ask,Shen Jiang,YieldingYams,3604546
2026-07-14T19:06:00.400949,2026-07-14T19:06:00.403468+00:00,69.5,28,bid,YUNSHEN JI,YieldingYams,3604548
2026-07-14T19:06:00.966713,2026-07-14T19:06:00.975738+00:00,69.4,1,bid,YUNSHEN JI,WavyWalnuts,3604558
2026-07-14T19:06:01.483002,2026-07-14T19:06:01.489955+00:00,69.4,199,bid,YieldingYams,WavyWalnuts,3604569
2026-07-14T19:06:01.856668,2026-07-14T19:06:01.863508+00:00,69.4,200,ask,YieldingYams,WavyWalnuts,3604574
2026-07-14T19:06:02.340037,2026-07-14T19:06:02.350687+00:00,69.4,32,ask,YieldingYams,Shen Jiang,3604586
2026-07-14T19:06:02.794428,2026-07-14T19:06:02.798682+00:00,69.4,52,ask,Sze-Yong Ng,YieldingYams,3604593
2026-07-14T19:06:03.064420,2026-07-14T19:06:03.075001+00:00,69.4,200,bid,WavyWalnuts,YieldingYams,3604595
2026-07-14T19:06:04.275690,2026-07-14T19:06:04.280581+00:00,69.4,200,ask,YieldingYams,WavyWalnuts,3604626
2026-07-14T19:06:05.483258,2026-07-14T19:06:05.491914+00:00,69.4,20,ask,Luke Zeng,WavyWalnuts,3604648
2026-07-14T19:06:05.483258,2026-07-14T19:06:05.491914+00:00,69.3,180,ask,YieldingYams,WavyWalnuts,3604649
2026-07-14T19:06:06.737352,2026-07-14T19:06:06.742054+00:00,69.4,200,ask,WavyWalnuts,YieldingYams,3604670
2026-07-14T19:06:09.356626,2026-07-14T19:06:09.361865+00:00,69.4,200,ask,WavyWalnuts,YieldingYams,3604708
2026-07-14T19:06:11.538085,2026-07-14T19:06:11.543372+00:00,69.3,27,ask,Sze-Yong Ng,WavyWalnuts,3604741
2026-07-14T19:06:11.538085,2026-07-14T19:06:11.543372+00:00,69.3,20,ask,Luke Zeng,WavyWalnuts,3604742
2026-07-14T19:06:11.977062,2026-07-14T19:06:11.979435+00:00,69.3,153,bid,YieldingYams,WavyWalnuts,3604750
2026-07-14T19:06:13.302236,2026-07-14T19:06:13.312053+00:00,69.3,200,ask,WavyWalnuts,YieldingYams,3604772
2026-07-14T19:06:13.302236,2026-07-14T19:06:13.312053+00:00,69.3,6,ask,Luke Zeng,YieldingYams,3604773
2026-07-14T19:06:13.302236,2026-07-14T19:06:13.312053+00:00,69.3,419,ask,AverageAlmonds,YieldingYams,3604774
2026-07-14T19:06:14.020868,2026-07-14T19:06:14.030842+00:00,69.3,20,ask,AverageAlmonds,BrilliantBurritos,3604785
2026-07-14T19:06:14.615532,2026-07-14T19:06:14.629079+00:00,69.4,200,bid,YieldingYams,WavyWalnuts,3604794
2026-07-14T19:06:15.096672,2026-07-14T19:06:15.108475+00:00,69.5,1,ask,YieldingYams,YUNSHEN JI,3604803
2026-07-14T19:06:15.694556,2026-07-14T19:06:15.700197+00:00,69.5,1,ask,YieldingYams,YUNSHEN JI,3604813
2026-07-14T19:06:15.927436,2026-07-14T19:06:15.938082+00:00,69.4,200,ask,WavyWalnuts,YieldingYams,3604818
2026-07-14T19:06:16.294462,2026-07-14T19:06:16.305135+00:00,69.4,1,bid,YUNSHEN JI,YieldingYams,3604826
2026-07-14T19:06:16.377319,2026-07-14T19:06:16.380076+00:00,69.4,200,bid,WavyWalnuts,YieldingYams,3604830
2026-07-14T19:06:16.821443,2026-07-14T19:06:16.827298+00:00,69.4,25,bid,Johan Shajee,YieldingYams,3604840
2026-07-14T19:06:16.872544,2026-07-14T19:06:16.881008+00:00,69.4,5,bid,YUNSHEN JI,YieldingYams,3604843
2026-07-14T19:06:17.034630,2026-07-14T19:06:17.044061+00:00,69.4,25,bid,Dinh Nguyen,YieldingYams,3604846
2026-07-14T19:06:17.357872,2026-07-14T19:06:17.365603+00:00,69.4,25,bid,Johan Shajee,YieldingYams,3604852
2026-07-14T19:06:20.025311,2026-07-14T19:06:20.029383+00:00,69.3,15,ask,Sze-Yong Ng,WavyWalnuts,3604890
2026-07-14T19:06:20.025311,2026-07-14T19:06:20.040168+00:00,69.3,20,ask,Luke Zeng,WavyWalnuts,3604891
2026-07-14T19:06:20.025311,2026-07-14T19:06:20.040168+00:00,69.2,165,ask,YieldingYams,WavyWalnuts,3604892
2026-07-14T19:06:21.237238,2026-07-14T19:06:21.243725+00:00,69.3,200,bid,WavyWalnuts,YieldingYams,3604905
2026-07-14T19:06:22.477003,2026-07-14T19:06:22.487333+00:00,69.2,500,ask,AverageAlmonds,YieldingYams,3604923
2026-07-14T19:06:22.477003,2026-07-14T19:06:22.487333+00:00,69.2,125,ask,WavyWalnuts,YieldingYams,3604924
2026-07-14T19:06:23.788540,2026-07-14T19:06:23.800076+00:00,69.3,3,bid,YieldingYams,Luke Zeng,3604938
2026-07-14T19:06:23.788540,2026-07-14T19:06:23.800076+00:00,69.3,200,bid,YieldingYams,WavyWalnuts,3604939
2026-07-14T19:06:23.806084,2026-07-14T19:06:23.810814+00:00,69.6,8,ask,YieldingYams,YUNSHEN JI,3604942
2026-07-14T19:06:23.853088,2026-07-14T19:06:23.863851+00:00,69.6,25,ask,YieldingYams,Johan Shajee,3604943
2026-07-14T19:06:24.065564,2026-07-14T19:06:24.076415+00:00,69.6,25,ask,YieldingYams,Johan Shajee,3604951
2026-07-14T19:06:24.175936,2026-07-14T19:06:24.183498+00:00,69.6,364,ask,YieldingYams,AverageAlmonds,3604954
2026-07-14T19:06:25.102483,2026-07-14T19:06:25.111861+00:00,69.2,500,ask,AverageAlmonds,YieldingYams,3604968
2026-07-14T19:06:25.102483,2026-07-14T19:06:25.111861+00:00,69.2,125,ask,WavyWalnuts,YieldingYams,3604969
2026-07-14T19:06:26.093589,2026-07-14T19:06:26.105184+00:00,69.4,3,bid,YUNSHEN JI,Sze-Yong Ng,3604989
2026-07-14T19:06:26.290834,2026-07-14T19:06:26.302770+00:00,69.4,25,bid,Johan Shajee,Sze-Yong Ng,3604996
2026-07-14T19:06:26.503159,2026-07-14T19:06:26.505653+00:00,69.4,25,bid,Johan Shajee,WavyWalnuts,3604999
2026-07-14T19:06:26.661218,2026-07-14T19:06:26.665914+00:00,69.4,5,bid,YUNSHEN JI,WavyWalnuts,3605002
2026-07-14T19:06:27.268172,2026-07-14T19:06:27.272744+00:00,69.4,2,bid,YUNSHEN JI,WavyWalnuts,3605010
2026-07-14T19:06:28.718465,2026-07-14T19:06:28.728474+00:00,69.5,25,bid,Johan Shajee,YieldingYams,3605039
2026-07-14T19:06:28.789377,2026-07-14T19:06:28.792371+00:00,69.5,30,bid,Roger Xu,YieldingYams,3605044
2026-07-14T19:06:28.930010,2026-07-14T19:06:28.940242+00:00,69.5,25,bid,Johan Shajee,YieldingYams,3605046
2026-07-14T19:06:29.057703,2026-07-14T19:06:29.068462+00:00,69.6,5,bid,YUNSHEN JI,WavyWalnuts,3605048
2026-07-14T19:06:29.141705,2026-07-14T19:06:29.153453+00:00,69.6,25,bid,Johan Shajee,WavyWalnuts,3605050
2026-07-14T19:06:29.146449,2026-07-14T19:06:29.153453+00:00,69.4,2,ask,Sze-Yong Ng,Johan Shajee,3605051
2026-07-14T19:06:29.351642,2026-07-14T19:06:29.355057+00:00,69.4,2,ask,Sze-Yong Ng,Johan Shajee,3605053
2026-07-14T19:06:29.558113,2026-07-14T19:06:29.567811+00:00,69.4,2,ask,Sze-Yong Ng,Johan Shajee,3605056
2026-07-14T19:06:29.764432,2026-07-14T19:06:29.775427+00:00,69.4,1,ask,Sze-Yong Ng,Johan Shajee,3605064
2026-07-14T19:06:30.844816,2026-07-14T19:06:30.857485+00:00,69.5,10,ask,YieldingYams,YUNSHEN JI,3605084
2026-07-14T19:06:31.659272,2026-07-14T19:06:31.664190+00:00,69.6,200,bid,YieldingYams,WavyWalnuts,3605092
2026-07-14T19:06:31.659272,2026-07-14T19:06:31.664190+00:00,69.6,20,bid,YieldingYams,Luke Zeng,3605093
2026-07-14T19:06:31.659272,2026-07-14T19:06:31.664190+00:00,69.6,405,bid,YieldingYams,AverageAlmonds,3605094
2026-07-14T19:06:32.124244,2026-07-14T19:06:32.132107+00:00,69.6,20,bid,WavyWalnuts,Roger Xu,3605104
2026-07-14T19:06:32.124244,2026-07-14T19:06:32.132107+00:00,69.6,42,bid,WavyWalnuts,Shen Jiang,3605105
2026-07-14T19:06:32.124244,2026-07-14T19:06:32.132107+00:00,69.6,138,bid,WavyWalnuts,AverageAlmonds,3605106
2026-07-14T19:06:33.336785,2026-07-14T19:06:33.344010+00:00,69.6,200,bid,WavyWalnuts,YieldingYams,3605124
2026-07-14T19:06:33.665865,2026-07-14T19:06:33.675935+00:00,69.6,20,bid,BrilliantBurritos,YieldingYams,3605126
2026-07-14T19:06:34.282052,2026-07-14T19:06:34.285149+00:00,69.5,40,ask,Sze-Yong Ng,YieldingYams,3605134
2026-07-14T19:06:34.282052,2026-07-14T19:06:34.305158+00:00,69.5,3,ask,Luke Zeng,YieldingYams,3605135
2026-07-14T19:06:34.282052,2026-07-14T19:06:34.305158+00:00,69.5,82,ask,Shen Jiang,YieldingYams,3605136
2026-07-14T19:06:34.411721,2026-07-14T19:06:34.424081+00:00,69.5,20,bid,BrilliantBurritos,YieldingYams,3605139
2026-07-14T19:06:34.547504,2026-07-14T19:06:34.553562+00:00,69.5,200,bid,WavyWalnuts,YieldingYams,3605142
2026-07-14T19:06:35.593905,2026-07-14T19:06:35.602018+00:00,69.5,500,bid,YieldingYams,AverageAlmonds,3605155
2026-07-14T19:06:35.593905,2026-07-14T19:06:35.602018+00:00,69.5,78,bid,YieldingYams,Shen Jiang,3605156
2026-07-14T19:06:35.674648,2026-07-14T19:06:35.678696+00:00,69.5,47,ask,YieldingYams,AverageAlmonds,3605157
2026-07-14T19:06:35.674648,2026-07-14T19:06:35.678696+00:00,69.5,10,ask,Shen Jiang,AverageAlmonds,3605158
2026-07-14T19:06:35.758092,2026-07-14T19:06:35.766826+00:00,69.5,200,bid,WavyWalnuts,AverageAlmonds,3605159
2026-07-14T19:06:36.969075,2026-07-14T19:06:36.976447+00:00,69.5,6,bid,WavyWalnuts,Shen Jiang,3605177
2026-07-14T19:06:36.969075,2026-07-14T19:06:36.976447+00:00,69.5,194,bid,WavyWalnuts,AverageAlmonds,3605178
2026-07-14T19:06:38.180085,2026-07-14T19:06:38.182757+00:00,69.5,200,bid,WavyWalnuts,AverageAlmonds,3605201
2026-07-14T19:06:38.215885,2026-07-14T19:06:38.232045+00:00,69.5,300,bid,YieldingYams,AverageAlmonds,3605204
2026-07-14T19:06:38.683658,2026-07-14T19:06:38.692972+00:00,69.5,325,ask,YieldingYams,AverageAlmonds,3605210
2026-07-14T19:06:38.683658,2026-07-14T19:06:38.692972+00:00,69.5,84,ask,Shen Jiang,AverageAlmonds,3605211
2026-07-14T19:06:39.061640,2026-07-14T19:06:39.070658+00:00,69.5,1,bid,YUNSHEN JI,AverageAlmonds,3605221
2026-07-14T19:06:39.388465,2026-07-14T19:06:39.396158+00:00,69.5,200,bid,WavyWalnuts,AverageAlmonds,3605229
2026-07-14T19:06:39.528625,2026-07-14T19:06:39.536098+00:00,69.2,20,ask,Luke Zeng,YieldingYams,3605230
2026-07-14T19:06:39.701181,2026-07-14T19:06:39.707382+00:00,69.1,20,ask,AverageAlmonds,BrilliantBurritos,3605232
2026-07-14T19:06:40.598671,2026-07-14T19:06:40.602426+00:00,69.2,200,bid,WavyWalnuts,YieldingYams,3605244
2026-07-14T19:06:41.119196,2026-07-14T19:06:41.130499+00:00,69.2,2,bid,AverageAlmonds,Shen Jiang,3605247
2026-07-14T19:06:41.119196,2026-07-14T19:06:41.130499+00:00,69.2,498,bid,AverageAlmonds,YieldingYams,3605248
2026-07-14T19:06:41.717592,2026-07-14T19:06:41.725595+00:00,69.2,127,bid,AverageAlmonds,YieldingYams,3605265
2026-07-14T19:06:41.717592,2026-07-14T19:06:41.725595+00:00,69.2,3,bid,AverageAlmonds,Luke Zeng,3605266
2026-07-14T19:06:41.717592,2026-07-14T19:06:41.725595+00:00,69.2,84,bid,AverageAlmonds,Shen Jiang,3605267
2026-07-14T19:06:41.933953,2026-07-14T19:06:41.937293+00:00,69.2,1,ask,AverageAlmonds,YUNSHEN JI,3605273
2026-07-14T19:06:42.146371,2026-07-14T19:06:42.149543+00:00,69.3,200,bid,YieldingYams,WavyWalnuts,3605279
2026-07-14T19:06:42.146371,2026-07-14T19:06:42.149543+00:00,69.3,14,bid,YieldingYams,Shen Jiang,3605280
2026-07-14T19:06:42.498999,2026-07-14T19:06:42.506600+00:00,69.5,1,bid,YUNSHEN JI,YieldingYams,3605285
2026-07-14T19:06:43.464534,2026-07-14T19:06:43.476187+00:00,69.4,20,ask,Luke Zeng,YieldingYams,3605297
2026-07-14T19:06:43.464534,2026-07-14T19:06:43.476187+00:00,69.4,14,ask,Shen Jiang,YieldingYams,3605298
2026-07-14T19:06:43.464534,2026-07-14T19:06:43.476187+00:00,69.3,500,ask,AverageAlmonds,YieldingYams,3605299
2026-07-14T19:06:43.464534,2026-07-14T19:06:43.476187+00:00,69.3,91,ask,WavyWalnuts,YieldingYams,3605300
2026-07-14T19:06:44.777940,2026-07-14T19:06:44.779872+00:00,69.4,200,bid,YieldingYams,WavyWalnuts,3605320
2026-07-14T19:06:44.813426,2026-07-14T19:06:44.818332+00:00,69.6,1,ask,YieldingYams,YUNSHEN JI,3605323
2026-07-14T19:06:45.438673,2026-07-14T19:06:45.445650+00:00,69.6,200,ask,YieldingYams,WavyWalnuts,3605334
2026-07-14T19:06:46.096372,2026-07-14T19:06:46.103686+00:00,69.6,32,ask,Shen Jiang,YieldingYams,3605346
2026-07-14T19:06:46.648461,2026-07-14T19:06:46.651557+00:00,69.4,200,ask,YieldingYams,WavyWalnuts,3605350
2026-07-14T19:06:47.405732,2026-07-14T19:06:47.409565+00:00,69.4,54,ask,Shen Jiang,YieldingYams,3605363
2026-07-14T19:06:47.801204,2026-07-14T19:06:47.811690+00:00,69.4,1,bid,YUNSHEN JI,YieldingYams,3605368
2026-07-14T19:06:48.716306,2026-07-14T19:06:48.727720+00:00,69.3,500,ask,AverageAlmonds,YieldingYams,3605378
2026-07-14T19:06:48.811508,2026-07-14T19:06:48.823446+00:00,69.3,25,bid,Johan Shajee,YieldingYams,3605382
2026-07-14T19:06:48.982012,2026-07-14T19:06:48.994687+00:00,69.3,100,bid,AverageAlmonds,YieldingYams,3605384
2026-07-14T19:06:48.982012,2026-07-14T19:06:48.994687+00:00,69.3,6,bid,AverageAlmonds,Shen Jiang,3605385
2026-07-14T19:06:48.982012,2026-07-14T19:06:48.994687+00:00,69.4,200,bid,AverageAlmonds,WavyWalnuts,3605386
2026-07-14T19:06:48.982012,2026-07-14T19:06:48.994687+00:00,69.4,4,bid,AverageAlmonds,Luke Zeng,3605387
2026-07-14T19:06:49.023074,2026-07-14T19:06:49.027391+00:00,69.4,2,ask,AverageAlmonds,Johan Shajee,3605389
2026-07-14T19:06:49.064977,2026-07-14T19:06:49.070856+00:00,69.4,188,ask,AverageAlmonds,WavyWalnuts,3605390
2026-07-14T19:06:49.229275,2026-07-14T19:06:49.231890+00:00,69.3,1,ask,WavyWalnuts,Johan Shajee,3605394
2026-07-14T19:06:49.584046,2026-07-14T19:06:49.596347+00:00,69.4,12,bid,AverageAlmonds,WavyWalnuts,3605397
2026-07-14T19:06:49.584046,2026-07-14T19:06:49.596347+00:00,69.4,26,bid,AverageAlmonds,Shen Jiang,3605398
2026-07-14T19:06:50.214333,2026-07-14T19:06:50.224463+00:00,69.5,1,ask,YieldingYams,YUNSHEN JI,3605405
2026-07-14T19:06:51.645568,2026-07-14T19:06:51.651855+00:00,69.6,25,bid,Johan Shajee,WavyWalnuts,3605428
2026-07-14T19:06:51.855721,2026-07-14T19:06:51.864396+00:00,69.6,25,bid,Johan Shajee,WavyWalnuts,3605430
2026-07-14T19:06:52.031564,2026-07-14T19:06:52.034923+00:00,69.6,2,bid,YUNSHEN JI,WavyWalnuts,3605434
2026-07-14T19:06:52.067773,2026-07-14T19:06:52.077105+00:00,69.6,10,bid,Johan Shajee,WavyWalnuts,3605436
2026-07-14T19:06:52.748493,2026-07-14T19:06:52.759845+00:00,69.6,25,bid,Dinh Nguyen,WavyWalnuts,3605449
2026-07-14T19:06:53.012508,2026-07-14T19:06:53.016586+00:00,69.5,2,ask,Shen Jiang,Dinh Nguyen,3605451
2026-07-14T19:06:53.922393,2026-07-14T19:06:53.925575+00:00,69.6,36,ask,WavyWalnuts,Shen Jiang,3605464
2026-07-14T19:06:54.226491,2026-07-14T19:06:54.235429+00:00,69.6,2,ask,WavyWalnuts,Dinh Nguyen,3605468
2026-07-14T19:06:55.266340,2026-07-14T19:06:55.272533+00:00,69.7,200,bid,YieldingYams,WavyWalnuts,3605486
2026-07-14T19:06:55.266340,2026-07-14T19:06:55.272533+00:00,69.7,12,bid,YieldingYams,Shen Jiang,3605487
2026-07-14T19:06:55.474515,2026-07-14T19:06:55.482988+00:00,69.7,2,ask,YieldingYams,Dinh Nguyen,3605489
2026-07-14T19:06:56.696530,2026-07-14T19:06:56.706459+00:00,69.7,2,ask,AverageAlmonds,Dinh Nguyen,3605504
2026-07-14T19:06:57.952512,2026-07-14T19:06:57.956711+00:00,69.7,2,ask,AverageAlmonds,Dinh Nguyen,3605522
2026-07-14T19:06:58.402177,2026-07-14T19:06:58.413142+00:00,69.8,30,bid,YUNSHEN JI,WavyWalnuts,3605530
2026-07-14T19:06:58.580842,2026-07-14T19:06:58.582917+00:00,69.8,20,bid,Roger Xu,WavyWalnuts,3605531
2026-07-14T19:06:59.170818,2026-07-14T19:06:59.177794+00:00,69.7,2,ask,Shen Jiang,Dinh Nguyen,3605539
2026-07-14T19:07:00.429495,2026-07-14T19:07:00.436374+00:00,69.7,2,ask,AverageAlmonds,Dinh Nguyen,3605563
2026-07-14T19:07:00.508087,2026-07-14T19:07:00.510732+00:00,69.8,500,bid,AverageAlmonds,YieldingYams,3605564
2026-07-14T19:07:00.534869,2026-07-14T19:07:00.542880+00:00,69.8,20,bid,YieldingYams,Roger Xu,3605565
2026-07-14T19:07:00.534869,2026-07-14T19:07:00.542880+00:00,69.8,200,bid,YieldingYams,WavyWalnuts,3605566
2026-07-14T19:07:00.534869,2026-07-14T19:07:00.542880+00:00,69.8,20,bid,YieldingYams,Luke Zeng,3605567
2026-07-14T19:07:00.534869,2026-07-14T19:07:00.542880+00:00,69.8,24,bid,YieldingYams,Shen Jiang,3605568
2026-07-14T19:07:00.702755,2026-07-14T19:07:00.713163+00:00,69.8,30,ask,YieldingYams,YUNSHEN JI,3605574
2026-07-14T19:07:01.268767,2026-07-14T19:07:01.280600+00:00,69.8,2,ask,YieldingYams,Dinh Nguyen,3605582
2026-07-14T19:07:01.690522,2026-07-14T19:07:01.696029+00:00,69.8,2,ask,YieldingYams,YUNSHEN JI,3605587
2026-07-14T19:07:01.837744,2026-07-14T19:07:01.844675+00:00,69.8,1,ask,YieldingYams,YUNSHEN JI,3605591
2026-07-14T19:07:01.855395,2026-07-14T19:07:01.866045+00:00,69.8,200,ask,WavyWalnuts,YieldingYams,3605592
2026-07-14T19:07:01.855395,2026-07-14T19:07:01.866045+00:00,69.7,425,ask,AverageAlmonds,YieldingYams,3605593
2026-07-14T19:07:02.940686,2026-07-14T19:07:02.952796+00:00,69.7,20,ask,WavyWalnuts,BrilliantBurritos,3605617
2026-07-14T19:07:02.957214,2026-07-14T19:07:02.963392+00:00,69.7,2,ask,WavyWalnuts,Dinh Nguyen,3605618
2026-07-14T19:07:03.164010,2026-07-14T19:07:03.166539+00:00,69.8,200,bid,YieldingYams,WavyWalnuts,3605625
2026-07-14T19:07:03.609522,2026-07-14T19:07:03.619228+00:00,70.0,200,ask,YieldingYams,WavyWalnuts,3605630
2026-07-14T19:07:04.216522,2026-07-14T19:07:04.225659+00:00,70.0,2,ask,YieldingYams,Dinh Nguyen,3605640
2026-07-14T19:07:04.480642,2026-07-14T19:07:04.493456+00:00,70.0,20,ask,Luke Zeng,YieldingYams,3605651
2026-07-14T19:07:04.480642,2026-07-14T19:07:04.493456+00:00,70.0,100,ask,Shen Jiang,YieldingYams,3605652
2026-07-14T19:07:04.810313,2026-07-14T19:07:04.815332+00:00,70.0,10,bid,YUNSHEN JI,YieldingYams,3605660
2026-07-14T19:07:04.819414,2026-07-14T19:07:04.825998+00:00,69.8,200,ask,YieldingYams,WavyWalnuts,3605661
2026-07-14T19:07:05.197956,2026-07-14T19:07:05.207865+00:00,70.0,30,bid,Roger Xu,YieldingYams,3605664
2026-07-14T19:07:05.378785,2026-07-14T19:07:05.388741+00:00,70.0,1,bid,YUNSHEN JI,YieldingYams,3605669
2026-07-14T19:07:05.742597,2026-07-14T19:07:05.750713+00:00,70.0,25,bid,Dinh Nguyen,YieldingYams,3605674
2026-07-14T19:07:05.794971,2026-07-14T19:07:05.809954+00:00,69.8,20,ask,Luke Zeng,YieldingYams,3605675
2026-07-14T19:07:05.794971,2026-07-14T19:07:05.809954+00:00,69.8,500,ask,AverageAlmonds,YieldingYams,3605676
2026-07-14T19:07:05.952602,2026-07-14T19:07:05.958419+00:00,69.7,105,bid,AverageAlmonds,YieldingYams,3605681
2026-07-14T19:07:06.029354,2026-07-14T19:07:06.033187+00:00,69.8,200,ask,AverageAlmonds,WavyWalnuts,3605683
2026-07-14T19:07:07.239245,2026-07-14T19:07:07.244171+00:00,69.9,200,ask,YieldingYams,WavyWalnuts,3605701
2026-07-14T19:07:07.254499,2026-07-14T19:07:07.265236+00:00,69.9,2,ask,YieldingYams,Dinh Nguyen,3605702
2026-07-14T19:07:08.518573,2026-07-14T19:07:08.526444+00:00,69.9,1,ask,Sze-Yong Ng,Dinh Nguyen,3605721
2026-07-14T19:07:10.869354,2026-07-14T19:07:10.878859+00:00,70.0,200,bid,WavyWalnuts,YieldingYams,3605754
2026-07-14T19:07:11.032145,2026-07-14T19:07:11.038668+00:00,70.0,100,bid,YieldingYams,Shen Jiang,3605756
2026-07-14T19:07:11.032145,2026-07-14T19:07:11.038668+00:00,70.0,20,bid,YieldingYams,Roger Xu,3605757
2026-07-14T19:07:11.032145,2026-07-14T19:07:11.038668+00:00,70.0,20,bid,YieldingYams,Luke Zeng,3605758
2026-07-14T19:07:11.138058,2026-07-14T19:07:11.140676+00:00,70.0,12,ask,YieldingYams,YUNSHEN JI,3605762
2026-07-14T19:07:12.084723,2026-07-14T19:07:12.096444+00:00,70.0,200,ask,YieldingYams,WavyWalnuts,3605778
2026-07-14T19:07:12.131962,2026-07-14T19:07:12.139158+00:00,70.0,20,ask,YieldingYams,BrilliantBurritos,3605779
2026-07-14T19:07:12.349628,2026-07-14T19:07:12.351490+00:00,70.0,84,ask,Shen Jiang,YieldingYams,3605782
2026-07-14T19:07:13.665541,2026-07-14T19:07:13.677300+00:00,70.0,1,bid,YieldingYams,Sze-Yong Ng,3605800
2026-07-14T19:07:13.665541,2026-07-14T19:07:13.677300+00:00,70.0,10,bid,YieldingYams,Roger Xu,3605801
2026-07-14T19:07:13.665541,2026-07-14T19:07:13.677300+00:00,70.0,16,bid,YieldingYams,Luke Zeng,3605802
2026-07-14T19:07:13.665541,2026-07-14T19:07:13.677300+00:00,70.0,78,bid,YieldingYams,Shen Jiang,3605803
2026-07-14T19:07:14.501863,2026-07-14T19:07:14.506658+00:00,70.0,200,ask,YieldingYams,WavyWalnuts,3605820
2026-07-14T19:07:14.986499,2026-07-14T19:07:14.998279+00:00,70.0,78,ask,Shen Jiang,YieldingYams,3605830
2026-07-14T19:07:15.710472,2026-07-14T19:07:15.716478+00:00,69.9,200,ask,YieldingYams,WavyWalnuts,3605842
2026-07-14T19:07:16.924239,2026-07-14T19:07:16.940547+00:00,70.0,40,bid,WavyWalnuts,Shen Jiang,3605869
2026-07-14T19:07:18.134224,2026-07-14T19:07:18.136378+00:00,70.1,2,bid,WavyWalnuts,Shen Jiang,3605893
2026-07-14T19:07:18.134224,2026-07-14T19:07:18.164184+00:00,70.1,17,bid,WavyWalnuts,Luke Zeng,3605894
2026-07-14T19:07:18.936852,2026-07-14T19:07:18.946625+00:00,70.1,181,ask,WavyWalnuts,YieldingYams,3605913
2026-07-14T19:07:18.936852,2026-07-14T19:07:18.946625+00:00,70.1,44,ask,Shen Jiang,YieldingYams,3605914
2026-07-14T19:07:20.250456,2026-07-14T19:07:20.261223+00:00,70.0,200,ask,WavyWalnuts,YieldingYams,3605934
2026-07-14T19:07:20.557207,2026-07-14T19:07:20.559316+00:00,70.0,200,bid,WavyWalnuts,YieldingYams,3605940
2026-07-14T19:07:21.560759,2026-07-14T19:07:21.573495+00:00,70.0,66,bid,YieldingYams,Shen Jiang,3605965
2026-07-14T19:07:21.717281,2026-07-14T19:07:21.723556+00:00,70.1,1,ask,YieldingYams,YUNSHEN JI,3605969
2026-07-14T19:07:21.770093,2026-07-14T19:07:21.776354+00:00,70.1,200,ask,YieldingYams,WavyWalnuts,3605970
2026-07-14T19:07:22.873029,2026-07-14T19:07:22.877548+00:00,70.1,8,ask,Shen Jiang,YieldingYams,3605980
