timestamp,recv_time,price,volume,aggressor_side,buyer,seller,trade_id
2026-07-01T19:00:01.121562,2026-07-01T19:00:01.103615+00:00,83.0,1,bid,YieldingYams,Kelvin Chan,2811393
2026-07-01T19:00:01.121562,2026-07-01T19:00:01.103615+00:00,83.0,500,bid,YieldingYams,AverageAlmonds,2811394
2026-07-01T19:00:01.121562,2026-07-01T19:00:01.103615+00:00,83.0,124,bid,YieldingYams,WavyWalnuts,2811395
2026-07-01T19:00:02.419831,2026-07-01T19:00:02.428570+00:00,82.8,20,ask,WavyWalnuts,BrilliantBurritos,2811425
2026-07-01T19:00:02.490356,2026-07-01T19:00:02.494826+00:00,82.9,3,ask,YieldingYams,Xuanyu Liu,2811429
2026-07-01T19:00:03.107190,2026-07-01T19:00:03.117240+00:00,82.9,500,ask,YieldingYams,AverageAlmonds,2811436
2026-07-01T19:00:03.749344,2026-07-01T19:00:03.764038+00:00,82.9,200,ask,WavyWalnuts,YieldingYams,2811450
2026-07-01T19:00:05.058230,2026-07-01T19:00:05.069225+00:00,82.9,200,bid,YieldingYams,WavyWalnuts,2811471
2026-07-01T19:00:05.573715,2026-07-01T19:00:05.584935+00:00,82.9,200,ask,YieldingYams,WavyWalnuts,2811483
2026-07-01T19:00:06.370164,2026-07-01T19:00:06.376645+00:00,82.8,200,ask,WavyWalnuts,YieldingYams,2811505
2026-07-01T19:00:06.370164,2026-07-01T19:00:06.381852+00:00,82.7,10,ask,Kelvin Chan,YieldingYams,2811506
2026-07-01T19:00:06.778577,2026-07-01T19:00:06.790077+00:00,82.7,200,bid,WavyWalnuts,YieldingYams,2811518
2026-07-01T19:00:07.640349,2026-07-01T19:00:07.658586+00:00,82.6,20,ask,YieldingYams,BrilliantBurritos,2811538
2026-07-01T19:00:08.989993,2026-07-01T19:00:08.998626+00:00,82.9,200,bid,YieldingYams,WavyWalnuts,2811557
2026-07-01T19:00:09.195773,2026-07-01T19:00:09.206054+00:00,82.9,200,ask,YieldingYams,WavyWalnuts,2811567
2026-07-01T19:00:09.246492,2026-07-01T19:00:09.250269+00:00,82.9,46,ask,YieldingYams,Xuanyu Liu,2811574
2026-07-01T19:00:09.768732,2026-07-01T19:00:09.779257+00:00,82.9,179,ask,YieldingYams,AverageAlmonds,2811580
2026-07-01T19:00:10.304329,2026-07-01T19:00:10.313791+00:00,82.7,200,ask,WavyWalnuts,YieldingYams,2811591
2026-07-01T19:00:10.320983,2026-07-01T19:00:10.325524+00:00,82.7,12,bid,Xuanyu Liu,YieldingYams,2811594
2026-07-01T19:00:11.615960,2026-07-01T19:00:11.638843+00:00,82.6,2,ask,Kelvin Chan,WavyWalnuts,2811623
2026-07-01T19:00:11.635590,2026-07-01T19:00:11.638843+00:00,82.6,11,bid,Xuanyu Liu,WavyWalnuts,2811627
2026-07-01T19:00:12.825088,2026-07-01T19:00:12.836092+00:00,82.5,200,ask,YieldingYams,WavyWalnuts,2811647
2026-07-01T19:00:12.929989,2026-07-01T19:00:12.937507+00:00,82.5,500,ask,AverageAlmonds,YieldingYams,2811649
2026-07-01T19:00:13.370449,2026-07-01T19:00:13.379426+00:00,82.3,125,bid,AverageAlmonds,YieldingYams,2811656
2026-07-01T19:00:14.032225,2026-07-01T19:00:14.040534+00:00,82.4,200,ask,AverageAlmonds,WavyWalnuts,2811669
2026-07-01T19:00:15.247463,2026-07-01T19:00:15.268672+00:00,82.5,4,ask,Kelvin Chan,WavyWalnuts,2811693
2026-07-01T19:00:15.247463,2026-07-01T19:00:15.268672+00:00,82.4,196,ask,YieldingYams,WavyWalnuts,2811694
2026-07-01T19:00:16.859713,2026-07-01T19:00:16.869600+00:00,82.4,500,ask,AverageAlmonds,YieldingYams,2811730
2026-07-01T19:00:16.859713,2026-07-01T19:00:16.869600+00:00,82.4,125,ask,WavyWalnuts,YieldingYams,2811731
2026-07-01T19:00:17.287398,2026-07-01T19:00:17.290956+00:00,82.5,3,ask,Kelvin Chan,Xuanyu Liu,2811738
2026-07-01T19:00:17.667124,2026-07-01T19:00:17.674909+00:00,82.4,200,ask,AverageAlmonds,WavyWalnuts,2811744
2026-07-01T19:00:18.182726,2026-07-01T19:00:18.186646+00:00,82.5,8,ask,YieldingYams,Xuanyu Liu,2811756
2026-07-01T19:00:18.874572,2026-07-01T19:00:18.881040+00:00,82.5,200,ask,YieldingYams,WavyWalnuts,2811769
2026-07-01T19:00:22.333971,2026-07-01T19:00:22.345519+00:00,82.7,20,bid,BrilliantBurritos,WavyWalnuts,2811828
2026-07-01T19:00:22.541928,2026-07-01T19:00:22.558625+00:00,82.7,200,bid,WavyWalnuts,YieldingYams,2811830
2026-07-01T19:00:26.024045,2026-07-01T19:00:26.033180+00:00,82.5,1,ask,Kelvin Chan,YieldingYams,2811911
2026-07-01T19:00:26.024045,2026-07-01T19:00:26.033180+00:00,82.5,200,ask,WavyWalnuts,YieldingYams,2811912
2026-07-01T19:00:27.402570,2026-07-01T19:00:27.406267+00:00,82.4,200,ask,AverageAlmonds,WavyWalnuts,2811933
2026-07-01T19:00:28.626738,2026-07-01T19:00:28.630826+00:00,82.5,11,bid,Xuanyu Liu,WavyWalnuts,2811958
2026-07-01T19:00:28.650481,2026-07-01T19:00:28.652454+00:00,82.5,189,bid,YieldingYams,WavyWalnuts,2811959
2026-07-01T19:00:31.031166,2026-07-01T19:00:31.040229+00:00,82.7,200,bid,WavyWalnuts,YieldingYams,2812029
2026-07-01T19:00:31.334105,2026-07-01T19:00:31.337773+00:00,82.7,12,bid,Xuanyu Liu,YieldingYams,2812037
2026-07-01T19:00:32.583412,2026-07-01T19:00:32.603571+00:00,82.6,200,ask,WavyWalnuts,YieldingYams,2812066
2026-07-01T19:00:32.599856,2026-07-01T19:00:32.603571+00:00,82.6,11,bid,Xuanyu Liu,YieldingYams,2812068
2026-07-01T19:00:37.529972,2026-07-01T19:00:37.541701+00:00,82.6,20,bid,BrilliantBurritos,YieldingYams,2812168
2026-07-01T19:00:37.842439,2026-07-01T19:00:37.850734+00:00,82.5,200,ask,WavyWalnuts,YieldingYams,2812184
2026-07-01T19:00:37.842439,2026-07-01T19:00:37.850734+00:00,82.5,425,ask,AverageAlmonds,YieldingYams,2812185
2026-07-01T19:00:40.277534,2026-07-01T19:00:40.286556+00:00,82.7,20,bid,BrilliantBurritos,YieldingYams,2812244
2026-07-01T19:00:40.720963,2026-07-01T19:00:40.729534+00:00,82.6,200,ask,AverageAlmonds,WavyWalnuts,2812266
2026-07-01T19:00:41.778713,2026-07-01T19:00:41.790199+00:00,82.6,500,ask,AverageAlmonds,YieldingYams,2812289
2026-07-01T19:00:41.837161,2026-07-01T19:00:41.858925+00:00,82.5,125,bid,AverageAlmonds,YieldingYams,2812291
2026-07-01T19:00:43.086293,2026-07-01T19:00:43.095606+00:00,82.7,200,bid,YieldingYams,WavyWalnuts,2812317
2026-07-01T19:00:44.361475,2026-07-01T19:00:44.369966+00:00,82.8,2,bid,WavyWalnuts,Kelvin Chan,2812339
2026-07-01T19:00:44.361475,2026-07-01T19:00:44.369966+00:00,82.9,198,bid,WavyWalnuts,YieldingYams,2812340
2026-07-01T19:00:45.705205,2026-07-01T19:00:45.711917+00:00,82.9,200,bid,YieldingYams,WavyWalnuts,2812360
2026-07-01T19:00:45.932047,2026-07-01T19:00:45.938973+00:00,82.9,20,ask,YieldingYams,BrilliantBurritos,2812367
2026-07-01T19:00:47.014611,2026-07-01T19:00:47.022085+00:00,83.0,11,bid,YieldingYams,Kelvin Chan,2812392
2026-07-01T19:00:47.014611,2026-07-01T19:00:47.027302+00:00,83.0,200,bid,YieldingYams,WavyWalnuts,2812393
2026-07-01T19:00:47.298573,2026-07-01T19:00:47.304881+00:00,83.0,414,ask,YieldingYams,AverageAlmonds,2812397
2026-07-01T19:00:48.327679,2026-07-01T19:00:48.339248+00:00,82.9,200,ask,WavyWalnuts,YieldingYams,2812421
2026-07-01T19:00:49.240236,2026-07-01T19:00:49.243954+00:00,82.8,3,bid,Xuanyu Liu,WavyWalnuts,2812442
2026-07-01T19:00:51.642887,2026-07-01T19:00:51.658867+00:00,82.8,200,bid,WavyWalnuts,YieldingYams,2812503
2026-07-01T19:00:55.276878,2026-07-01T19:00:55.284800+00:00,82.8,200,ask,YieldingYams,WavyWalnuts,2812570
2026-07-01T19:00:57.501328,2026-07-01T19:00:57.509913+00:00,82.7,200,bid,YieldingYams,WavyWalnuts,2812599
2026-07-01T19:01:03.750214,2026-07-01T19:01:03.769157+00:00,82.6,2,ask,Kelvin Chan,WavyWalnuts,2812720
2026-07-01T19:01:03.750214,2026-07-01T19:01:03.769157+00:00,82.6,198,ask,YieldingYams,WavyWalnuts,2812721
2026-07-01T19:01:05.390843,2026-07-01T19:01:05.400682+00:00,82.6,9,ask,Kelvin Chan,YieldingYams,2812751
2026-07-01T19:01:05.390843,2026-07-01T19:01:05.400682+00:00,82.6,200,ask,WavyWalnuts,YieldingYams,2812752
2026-07-01T19:01:06.053521,2026-07-01T19:01:06.064239+00:00,82.6,416,bid,AverageAlmonds,YieldingYams,2812755
2026-07-01T19:01:06.699509,2026-07-01T19:01:06.709434+00:00,82.8,200,bid,YieldingYams,WavyWalnuts,2812770
2026-07-01T19:01:08.595060,2026-07-01T19:01:08.604171+00:00,82.8,200,ask,YieldingYams,WavyWalnuts,2812799
2026-07-01T19:01:09.348509,2026-07-01T19:01:09.352058+00:00,82.8,3,bid,Xuanyu Liu,YieldingYams,2812811
2026-07-01T19:01:10.801588,2026-07-01T19:01:10.813310+00:00,82.7,20,ask,AverageAlmonds,BrilliantBurritos,2812836
2026-07-01T19:01:11.016806,2026-07-01T19:01:11.025800+00:00,82.7,200,ask,YieldingYams,WavyWalnuts,2812837
2026-07-01T19:01:12.513068,2026-07-01T19:01:12.516493+00:00,82.7,3,ask,YieldingYams,Xuanyu Liu,2812864
2026-07-01T19:01:12.710284,2026-07-01T19:01:12.720413+00:00,82.8,500,bid,AverageAlmonds,YieldingYams,2812867
2026-07-01T19:01:13.277647,2026-07-01T19:01:13.285992+00:00,82.8,200,bid,YieldingYams,WavyWalnuts,2812876
2026-07-01T19:01:13.277647,2026-07-01T19:01:13.285992+00:00,82.9,1,bid,YieldingYams,Kelvin Chan,2812877
2026-07-01T19:01:13.320674,2026-07-01T19:01:13.325430+00:00,83.0,3,ask,YieldingYams,Xuanyu Liu,2812879
2026-07-01T19:01:15.624074,2026-07-01T19:01:15.628320+00:00,83.0,3,bid,Xuanyu Liu,YieldingYams,2812933
2026-07-01T19:01:17.213247,2026-07-01T19:01:17.221043+00:00,83.0,2,bid,YieldingYams,Kelvin Chan,2812964
2026-07-01T19:01:17.213247,2026-07-01T19:01:17.226316+00:00,83.0,200,bid,YieldingYams,WavyWalnuts,2812965
2026-07-01T19:01:22.421938,2026-07-01T19:01:22.432582+00:00,82.9,20,ask,YieldingYams,BrilliantBurritos,2813063
2026-07-01T19:01:25.619639,2026-07-01T19:01:25.631318+00:00,82.9,20,ask,WavyWalnuts,BrilliantBurritos,2813133
2026-07-01T19:01:26.773858,2026-07-01T19:01:26.784708+00:00,82.9,200,ask,YieldingYams,WavyWalnuts,2813157
2026-07-01T19:01:27.563205,2026-07-01T19:01:27.574367+00:00,82.9,20,ask,YieldingYams,BrilliantBurritos,2813168
2026-07-01T19:01:29.013587,2026-07-01T19:01:29.019987+00:00,82.8,200,ask,WavyWalnuts,YieldingYams,2813199
2026-07-01T19:01:29.092700,2026-07-01T19:01:29.101670+00:00,82.8,20,bid,BrilliantBurritos,YieldingYams,2813201
2026-07-01T19:01:29.189267,2026-07-01T19:01:29.196585+00:00,82.8,200,bid,WavyWalnuts,YieldingYams,2813203
2026-07-01T19:01:30.400209,2026-07-01T19:01:30.407177+00:00,82.9,200,ask,YieldingYams,WavyWalnuts,2813230
2026-07-01T19:01:30.579442,2026-07-01T19:01:30.586755+00:00,83.0,1,bid,BrilliantBurritos,Kelvin Chan,2813237
2026-07-01T19:01:34.259997,2026-07-01T19:01:34.269444+00:00,83.0,2,bid,YieldingYams,Kelvin Chan,2813305
2026-07-01T19:01:34.259997,2026-07-01T19:01:34.269444+00:00,83.0,200,bid,YieldingYams,WavyWalnuts,2813306
2026-07-01T19:01:34.675118,2026-07-01T19:01:34.679012+00:00,83.0,3,ask,YieldingYams,Xuanyu Liu,2813316
2026-07-01T19:01:35.130669,2026-07-01T19:01:35.141873+00:00,83.0,420,ask,YieldingYams,AverageAlmonds,2813325
2026-07-01T19:01:36.880717,2026-07-01T19:01:36.889990+00:00,82.9,200,bid,YieldingYams,WavyWalnuts,2813372
2026-07-01T19:01:37.837870,2026-07-01T19:01:37.841904+00:00,82.9,11,ask,YieldingYams,Xuanyu Liu,2813398
2026-07-01T19:01:38.887696,2026-07-01T19:01:38.894125+00:00,82.9,200,ask,YieldingYams,WavyWalnuts,2813424
2026-07-01T19:01:39.530950,2026-07-01T19:01:39.540682+00:00,82.7,1,ask,Kelvin Chan,YieldingYams,2813440
2026-07-01T19:01:39.530950,2026-07-01T19:01:39.540682+00:00,82.7,200,ask,WavyWalnuts,YieldingYams,2813441
2026-07-01T19:01:40.998957,2026-07-01T19:01:41.002832+00:00,82.7,23,ask,YieldingYams,Xuanyu Liu,2813482
2026-07-01T19:01:42.629567,2026-07-01T19:01:42.641218+00:00,82.8,20,bid,BrilliantBurritos,YieldingYams,2813510
2026-07-01T19:01:44.165272,2026-07-01T19:01:44.169508+00:00,82.7,3,ask,Kelvin Chan,Xuanyu Liu,2813536
2026-07-01T19:01:45.395416,2026-07-01T19:01:45.401682+00:00,82.7,500,bid,AverageAlmonds,YieldingYams,2813560
2026-07-01T19:01:45.982576,2026-07-01T19:01:45.993838+00:00,82.7,20,bid,BrilliantBurritos,YieldingYams,2813570
2026-07-01T19:01:46.019709,2026-07-01T19:01:46.027903+00:00,82.7,105,bid,AverageAlmonds,YieldingYams,2813571
2026-07-01T19:01:46.019709,2026-07-01T19:01:46.027903+00:00,82.7,200,bid,AverageAlmonds,WavyWalnuts,2813572
2026-07-01T19:01:46.049933,2026-07-01T19:01:46.053388+00:00,82.7,9,ask,AverageAlmonds,Xuanyu Liu,2813574
2026-07-01T19:01:46.095268,2026-07-01T19:01:46.098806+00:00,82.9,22,ask,YieldingYams,Xuanyu Liu,2813578
2026-07-01T19:01:47.277097,2026-07-01T19:01:47.282239+00:00,83.0,5,bid,Xuanyu Liu,Kelvin Chan,2813603
2026-07-01T19:01:47.277097,2026-07-01T19:01:47.282239+00:00,83.0,6,bid,Xuanyu Liu,WavyWalnuts,2813604
2026-07-01T19:01:50.010000,2026-07-01T19:01:50.020237+00:00,83.0,8,bid,WavyWalnuts,Kelvin Chan,2813651
2026-07-01T19:01:50.010000,2026-07-01T19:01:50.020237+00:00,83.1,500,bid,YieldingYams,AverageAlmonds,2813652
2026-07-01T19:01:50.010000,2026-07-01T19:01:50.020237+00:00,83.1,117,bid,YieldingYams,WavyWalnuts,2813653
2026-07-01T19:01:50.966218,2026-07-01T19:01:50.974336+00:00,83.0,8,bid,YieldingYams,Kelvin Chan,2813679
2026-07-01T19:01:51.322863,2026-07-01T19:01:51.333051+00:00,83.0,192,ask,WavyWalnuts,YieldingYams,2813685
2026-07-01T19:01:52.630678,2026-07-01T19:01:52.638196+00:00,83.0,7,bid,YieldingYams,Kelvin Chan,2813719
2026-07-01T19:01:53.046465,2026-07-01T19:01:53.050012+00:00,83.1,11,bid,Xuanyu Liu,WavyWalnuts,2813730
2026-07-01T19:01:55.278741,2026-07-01T19:01:55.282037+00:00,83.0,12,bid,Xuanyu Liu,YieldingYams,2813779
2026-07-01T19:01:57.008193,2026-07-01T19:01:57.017327+00:00,82.9,200,bid,WavyWalnuts,YieldingYams,2813809
2026-07-01T19:01:58.216290,2026-07-01T19:01:58.222717+00:00,82.9,200,bid,WavyWalnuts,YieldingYams,2813833
2026-07-01T19:01:59.427969,2026-07-01T19:01:59.438245+00:00,83.0,200,ask,YieldingYams,WavyWalnuts,2813854
2026-07-01T19:02:01.813994,2026-07-01T19:02:01.821130+00:00,83.0,200,bid,YieldingYams,WavyWalnuts,2813883
2026-07-01T19:02:04.436173,2026-07-01T19:02:04.444582+00:00,83.0,200,bid,YieldingYams,WavyWalnuts,2813933
2026-07-01T19:02:05.480208,2026-07-01T19:02:05.489978+00:00,83.0,200,ask,YieldingYams,WavyWalnuts,2813964
2026-07-01T19:02:05.751193,2026-07-01T19:02:05.764022+00:00,82.9,500,ask,AverageAlmonds,YieldingYams,2813969
2026-07-01T19:02:05.979065,2026-07-01T19:02:05.989241+00:00,82.9,125,bid,AverageAlmonds,YieldingYams,2813971
2026-07-01T19:02:06.614942,2026-07-01T19:02:06.622998+00:00,83.1,8,bid,BrilliantBurritos,Kelvin Chan,2813985
2026-07-01T19:02:06.698471,2026-07-01T19:02:06.701950+00:00,83.1,12,ask,WavyWalnuts,Xuanyu Liu,2813992
2026-07-01T19:02:08.228122,2026-07-01T19:02:08.239417+00:00,83.0,20,ask,YieldingYams,BrilliantBurritos,2814010
2026-07-01T19:02:09.679411,2026-07-01T19:02:09.687028+00:00,83.0,200,ask,WavyWalnuts,YieldingYams,2814030
2026-07-01T19:02:09.877487,2026-07-01T19:02:09.887706+00:00,83.0,20,bid,BrilliantBurritos,YieldingYams,2814037
2026-07-01T19:02:10.322420,2026-07-01T19:02:10.329274+00:00,82.9,3,ask,Kelvin Chan,WavyWalnuts,2814050
2026-07-01T19:02:10.322420,2026-07-01T19:02:10.334451+00:00,82.9,197,ask,AverageAlmonds,WavyWalnuts,2814051
2026-07-01T19:02:10.991906,2026-07-01T19:02:11.001709+00:00,82.9,500,ask,AverageAlmonds,YieldingYams,2814064
2026-07-01T19:02:11.434578,2026-07-01T19:02:11.442936+00:00,82.9,125,bid,AverageAlmonds,YieldingYams,2814066
2026-07-01T19:02:16.227777,2026-07-01T19:02:16.238377+00:00,82.9,200,ask,WavyWalnuts,YieldingYams,2814156
2026-07-01T19:02:16.227777,2026-07-01T19:02:16.238377+00:00,82.9,425,ask,AverageAlmonds,YieldingYams,2814157
2026-07-01T19:02:17.590093,2026-07-01T19:02:17.600411+00:00,83.0,200,bid,WavyWalnuts,YieldingYams,2814190
2026-07-01T19:02:17.956308,2026-07-01T19:02:17.957589+00:00,83.0,20,bid,BrilliantBurritos,YieldingYams,2814194
2026-07-01T19:02:18.798541,2026-07-01T19:02:18.805511+00:00,83.0,200,bid,WavyWalnuts,YieldingYams,2814211
2026-07-01T19:02:18.879797,2026-07-01T19:02:18.883531+00:00,83.1,11,ask,YieldingYams,Xuanyu Liu,2814217
2026-07-01T19:02:20.007320,2026-07-01T19:02:20.016297+00:00,83.1,200,ask,YieldingYams,WavyWalnuts,2814246
2026-07-01T19:02:21.499543,2026-07-01T19:02:21.509102+00:00,83.1,200,bid,YieldingYams,WavyWalnuts,2814274
2026-07-01T19:02:22.426776,2026-07-01T19:02:22.436094+00:00,83.1,200,ask,YieldingYams,WavyWalnuts,2814313
2026-07-01T19:02:24.095046,2026-07-01T19:02:24.106996+00:00,83.1,20,ask,YieldingYams,BrilliantBurritos,2814339
2026-07-01T19:02:24.140557,2026-07-01T19:02:24.158779+00:00,83.2,3,bid,YieldingYams,Kelvin Chan,2814342
2026-07-01T19:02:24.862375,2026-07-01T19:02:24.869013+00:00,83.2,20,ask,YieldingYams,BrilliantBurritos,2814348
2026-07-01T19:02:26.766741,2026-07-01T19:02:26.774914+00:00,83.2,200,ask,WavyWalnuts,YieldingYams,2814387
2026-07-01T19:02:26.780444,2026-07-01T19:02:26.784095+00:00,83.1,23,bid,Xuanyu Liu,YieldingYams,2814389
2026-07-01T19:02:27.263691,2026-07-01T19:02:27.274570+00:00,83.1,200,bid,WavyWalnuts,YieldingYams,2814400
2026-07-01T19:02:28.474123,2026-07-01T19:02:28.481549+00:00,83.1,200,ask,YieldingYams,WavyWalnuts,2814420
2026-07-01T19:02:29.394048,2026-07-01T19:02:29.404369+00:00,83.0,4,ask,Kelvin Chan,YieldingYams,2814445
2026-07-01T19:02:30.888663,2026-07-01T19:02:30.895347+00:00,82.9,8,ask,Kelvin Chan,WavyWalnuts,2814470
2026-07-01T19:02:30.905936,2026-07-01T19:02:30.909613+00:00,82.9,11,bid,Xuanyu Liu,WavyWalnuts,2814472
2026-07-01T19:02:32.045154,2026-07-01T19:02:32.058605+00:00,82.9,181,bid,YieldingYams,WavyWalnuts,2814487
2026-07-01T19:02:32.096090,2026-07-01T19:02:32.105039+00:00,83.0,200,ask,YieldingYams,WavyWalnuts,2814489
2026-07-01T19:02:33.305261,2026-07-01T19:02:33.313030+00:00,83.0,200,ask,YieldingYams,WavyWalnuts,2814513
2026-07-01T19:02:33.364248,2026-07-01T19:02:33.374165+00:00,82.8,3,ask,Kelvin Chan,YieldingYams,2814516
2026-07-01T19:02:33.364248,2026-07-01T19:02:33.374165+00:00,82.8,500,ask,AverageAlmonds,YieldingYams,2814517
2026-07-01T19:02:33.817805,2026-07-01T19:02:33.827181+00:00,82.8,122,bid,AverageAlmonds,YieldingYams,2814520
2026-07-01T19:02:34.528779,2026-07-01T19:02:34.532512+00:00,83.0,12,bid,Xuanyu Liu,WavyWalnuts,2814536
2026-07-01T19:02:36.929481,2026-07-01T19:02:36.937284+00:00,83.0,200,bid,WavyWalnuts,YieldingYams,2814581
2026-07-01T19:02:39.348834,2026-07-01T19:02:39.363984+00:00,83.0,200,bid,WavyWalnuts,YieldingYams,2814616
2026-07-01T19:02:41.078747,2026-07-01T19:02:41.082324+00:00,83.0,11,bid,Xuanyu Liu,YieldingYams,2814637
2026-07-01T19:02:41.258765,2026-07-01T19:02:41.279714+00:00,82.9,200,ask,WavyWalnuts,YieldingYams,2814644
2026-07-01T19:02:41.275451,2026-07-01T19:02:41.279714+00:00,82.9,3,bid,Xuanyu Liu,YieldingYams,2814646
2026-07-01T19:02:42.834016,2026-07-01T19:02:42.840480+00:00,82.9,20,bid,BrilliantBurritos,YieldingYams,2814669
2026-07-01T19:02:45.385306,2026-07-01T19:02:45.395107+00:00,82.8,200,bid,WavyWalnuts,YieldingYams,2814726
2026-07-01T19:02:47.412471,2026-07-01T19:02:47.421681+00:00,82.7,5,ask,Kelvin Chan,BrilliantBurritos,2814766
2026-07-01T19:02:47.412471,2026-07-01T19:02:47.421681+00:00,82.7,15,ask,WavyWalnuts,BrilliantBurritos,2814767
2026-07-01T19:02:47.807138,2026-07-01T19:02:47.816164+00:00,82.7,185,ask,WavyWalnuts,YieldingYams,2814777
2026-07-01T19:02:47.807138,2026-07-01T19:02:47.816164+00:00,82.7,440,ask,AverageAlmonds,YieldingYams,2814778
2026-07-01T19:02:49.115784,2026-07-01T19:02:49.124561+00:00,82.9,200,bid,YieldingYams,WavyWalnuts,2814795
2026-07-01T19:02:50.440481,2026-07-01T19:02:50.443766+00:00,83.0,3,ask,YieldingYams,Xuanyu Liu,2814832
2026-07-01T19:02:51.452682,2026-07-01T19:02:51.469002+00:00,83.0,200,ask,YieldingYams,WavyWalnuts,2814849
2026-07-01T19:02:54.366726,2026-07-01T19:02:54.374533+00:00,83.1,1,bid,YieldingYams,Kelvin Chan,2814916
2026-07-01T19:02:54.366726,2026-07-01T19:02:54.374533+00:00,83.1,500,bid,YieldingYams,AverageAlmonds,2814917
2026-07-01T19:02:54.366726,2026-07-01T19:02:54.379734+00:00,83.1,124,bid,YieldingYams,WavyWalnuts,2814918
2026-07-01T19:02:55.091031,2026-07-01T19:02:55.101061+00:00,83.1,200,bid,WavyWalnuts,AverageAlmonds,2814932
2026-07-01T19:02:55.676086,2026-07-01T19:02:55.686226+00:00,83.1,500,bid,YieldingYams,AverageAlmonds,2814944
2026-07-01T19:02:55.696254,2026-07-01T19:02:55.700233+00:00,83.2,11,ask,YieldingYams,Xuanyu Liu,2814947
2026-07-01T19:02:56.246410,2026-07-01T19:02:56.258583+00:00,83.2,114,ask,YieldingYams,AverageAlmonds,2814952
2026-07-01T19:02:56.299321,2026-07-01T19:02:56.305803+00:00,83.1,200,bid,WavyWalnuts,AverageAlmonds,2814955
2026-07-01T19:02:57.510800,2026-07-01T19:02:57.518499+00:00,83.1,200,bid,WavyWalnuts,AverageAlmonds,2814985
2026-07-01T19:02:58.064063,2026-07-01T19:02:58.074488+00:00,83.0,500,ask,YieldingYams,AverageAlmonds,2814990
2026-07-01T19:02:58.304453,2026-07-01T19:02:58.322433+00:00,82.7,3,ask,Kelvin Chan,YieldingYams,2814994
2026-07-01T19:02:58.318988,2026-07-01T19:02:58.322433+00:00,82.7,14,bid,Xuanyu Liu,YieldingYams,2814996
2026-07-01T19:02:58.720347,2026-07-01T19:02:58.729643+00:00,82.7,200,bid,WavyWalnuts,YieldingYams,2815007
2026-07-01T19:02:59.632921,2026-07-01T19:02:59.636391+00:00,82.7,3,ask,YieldingYams,Xuanyu Liu,2815032
2026-07-01T19:02:59.929283,2026-07-01T19:02:59.938189+00:00,82.8,200,bid,WavyWalnuts,YieldingYams,2815039
2026-07-01T19:03:01.140182,2026-07-01T19:03:01.158772+00:00,82.9,200,bid,WavyWalnuts,YieldingYams,2815061
2026-07-01T19:03:02.350409,2026-07-01T19:03:02.353593+00:00,82.8,200,bid,WavyWalnuts,YieldingYams,2815086
2026-07-01T19:03:03.585709,2026-07-01T19:03:03.589698+00:00,82.9,23,ask,WavyWalnuts,Xuanyu Liu,2815124
2026-07-01T19:03:03.920754,2026-07-01T19:03:03.930151+00:00,82.9,20,ask,WavyWalnuts,BrilliantBurritos,2815136
2026-07-01T19:03:06.175709,2026-07-01T19:03:06.182053+00:00,82.9,200,bid,YieldingYams,WavyWalnuts,2815196
2026-07-01T19:03:07.199418,2026-07-01T19:03:07.208305+00:00,82.9,200,ask,YieldingYams,WavyWalnuts,2815214
2026-07-01T19:03:08.810432,2026-07-01T19:03:08.817569+00:00,82.7,500,ask,AverageAlmonds,YieldingYams,2815260
2026-07-01T19:03:08.810432,2026-07-01T19:03:08.822626+00:00,82.7,125,ask,WavyWalnuts,YieldingYams,2815261
2026-07-01T19:03:10.117535,2026-07-01T19:03:10.126809+00:00,82.9,200,bid,YieldingYams,WavyWalnuts,2815275
2026-07-01T19:03:10.132571,2026-07-01T19:03:10.136347+00:00,82.9,11,ask,YieldingYams,Xuanyu Liu,2815277
2026-07-01T19:03:12.991738,2026-07-01T19:03:13.003298+00:00,82.8,20,ask,WavyWalnuts,BrilliantBurritos,2815339
2026-07-01T19:03:13.258210,2026-07-01T19:03:13.268981+00:00,82.9,200,bid,WavyWalnuts,YieldingYams,2815341
2026-07-01T19:03:14.870934,2026-07-01T19:03:14.882182+00:00,82.8,20,ask,AverageAlmonds,BrilliantBurritos,2815375
2026-07-01T19:03:15.370850,2026-07-01T19:03:15.380813+00:00,82.9,200,bid,YieldingYams,WavyWalnuts,2815391
2026-07-01T19:03:15.389867,2026-07-01T19:03:15.394456+00:00,82.9,12,ask,YieldingYams,Xuanyu Liu,2815396
2026-07-01T19:03:16.189981,2026-07-01T19:03:16.201238+00:00,82.9,20,ask,YieldingYams,BrilliantBurritos,2815402
2026-07-01T19:03:18.009701,2026-07-01T19:03:18.020103+00:00,82.8,200,ask,WavyWalnuts,YieldingYams,2815450
2026-07-01T19:03:18.391810,2026-07-01T19:03:18.403336+00:00,82.8,20,bid,BrilliantBurritos,YieldingYams,2815456
2026-07-01T19:03:18.537060,2026-07-01T19:03:18.540995+00:00,82.7,11,ask,YieldingYams,Xuanyu Liu,2815458
2026-07-01T19:03:19.094568,2026-07-01T19:03:19.098621+00:00,82.7,11,ask,YieldingYams,Xuanyu Liu,2815472
2026-07-01T19:03:19.342615,2026-07-01T19:03:19.346911+00:00,82.8,12,ask,YieldingYams,Xuanyu Liu,2815479
2026-07-01T19:03:21.718676,2026-07-01T19:03:21.726110+00:00,82.8,200,ask,YieldingYams,WavyWalnuts,2815540
2026-07-01T19:03:22.201127,2026-07-01T19:03:22.205353+00:00,82.8,12,bid,Xuanyu Liu,YieldingYams,2815552
2026-07-01T19:03:22.929528,2026-07-01T19:03:22.958765+00:00,82.8,200,bid,WavyWalnuts,YieldingYams,2815572
2026-07-01T19:03:24.565489,2026-07-01T19:03:24.574156+00:00,82.7,200,ask,WavyWalnuts,YieldingYams,2815598
2026-07-01T19:03:24.580059,2026-07-01T19:03:24.584050+00:00,82.7,11,bid,Xuanyu Liu,YieldingYams,2815600
2026-07-01T19:03:25.357041,2026-07-01T19:03:25.369257+00:00,82.7,200,bid,WavyWalnuts,YieldingYams,2815623
2026-07-01T19:03:25.416553,2026-07-01T19:03:25.422611+00:00,82.6,1,ask,Kelvin Chan,Xuanyu Liu,2815626
2026-07-01T19:03:25.416553,2026-07-01T19:03:25.422611+00:00,82.6,10,ask,YieldingYams,Xuanyu Liu,2815627
2026-07-01T19:03:25.889763,2026-07-01T19:03:25.893361+00:00,82.8,23,ask,YieldingYams,Xuanyu Liu,2815636
2026-07-01T19:03:26.567673,2026-07-01T19:03:26.574515+00:00,82.8,200,ask,YieldingYams,WavyWalnuts,2815650
2026-07-01T19:03:28.527243,2026-07-01T19:03:28.531643+00:00,82.8,11,bid,Xuanyu Liu,WavyWalnuts,2815698
2026-07-01T19:03:29.026972,2026-07-01T19:03:29.030670+00:00,82.7,12,bid,Xuanyu Liu,WavyWalnuts,2815709
2026-07-01T19:03:32.446329,2026-07-01T19:03:32.463971+00:00,82.7,200,ask,WavyWalnuts,YieldingYams,2815785
2026-07-01T19:03:32.649099,2026-07-01T19:03:32.658570+00:00,82.7,200,bid,WavyWalnuts,YieldingYams,2815792
2026-07-01T19:03:33.724617,2026-07-01T19:03:33.735867+00:00,82.7,20,bid,BrilliantBurritos,YieldingYams,2815811
2026-07-01T19:03:33.863550,2026-07-01T19:03:33.874149+00:00,82.8,200,ask,YieldingYams,WavyWalnuts,2815819
2026-07-01T19:03:34.311891,2026-07-01T19:03:34.316700+00:00,82.9,2,bid,Xuanyu Liu,Kelvin Chan,2815831
2026-07-01T19:03:34.311891,2026-07-01T19:03:34.316700+00:00,82.9,9,bid,Xuanyu Liu,YieldingYams,2815832
2026-07-01T19:03:36.283769,2026-07-01T19:03:36.294616+00:00,82.7,200,bid,WavyWalnuts,YieldingYams,2815881
2026-07-01T19:03:37.385158,2026-07-01T19:03:37.392173+00:00,82.7,20,bid,BrilliantBurritos,YieldingYams,2815895
2026-07-01T19:03:42.937237,2026-07-01T19:03:42.944524+00:00,82.8,200,bid,YieldingYams,WavyWalnuts,2815998
2026-07-01T19:03:43.572946,2026-07-01T19:03:43.584074+00:00,82.8,200,ask,YieldingYams,WavyWalnuts,2816009
2026-07-01T19:03:44.782224,2026-07-01T19:03:44.789936+00:00,82.8,200,bid,WavyWalnuts,YieldingYams,2816031
2026-07-01T19:03:45.315818,2026-07-01T19:03:45.323055+00:00,82.6,2,ask,Kelvin Chan,BrilliantBurritos,2816052
2026-07-01T19:03:45.315818,2026-07-01T19:03:45.328241+00:00,82.6,18,ask,YieldingYams,BrilliantBurritos,2816053
2026-07-01T19:03:46.879737,2026-07-01T19:03:46.886774+00:00,82.8,200,ask,WavyWalnuts,YieldingYams,2816085
2026-07-01T19:03:53.253551,2026-07-01T19:03:53.263660+00:00,82.8,200,ask,YieldingYams,WavyWalnuts,2816194
2026-07-01T19:03:54.459638,2026-07-01T19:03:54.469232+00:00,82.8,200,bid,WavyWalnuts,YieldingYams,2816212
2026-07-01T19:03:55.667596,2026-07-01T19:03:55.676022+00:00,82.9,1,bid,WavyWalnuts,Kelvin Chan,2816240
2026-07-01T19:03:55.667596,2026-07-01T19:03:55.676022+00:00,82.9,199,bid,WavyWalnuts,YieldingYams,2816241
2026-07-01T19:03:56.877921,2026-07-01T19:03:56.884431+00:00,82.9,200,ask,YieldingYams,WavyWalnuts,2816274
2026-07-01T19:03:58.700807,2026-07-01T19:03:58.704403+00:00,82.8,11,bid,Xuanyu Liu,YieldingYams,2816297
2026-07-01T19:03:59.296635,2026-07-01T19:03:59.306726+00:00,82.8,200,bid,WavyWalnuts,YieldingYams,2816310
2026-07-01T19:04:00.216862,2026-07-01T19:04:00.220758+00:00,82.9,12,bid,Xuanyu Liu,WavyWalnuts,2816341
2026-07-01T19:04:01.307565,2026-07-01T19:04:01.316685+00:00,82.8,200,ask,WavyWalnuts,YieldingYams,2816359
2026-07-01T19:04:01.322341,2026-07-01T19:04:01.325894+00:00,82.8,11,bid,Xuanyu Liu,YieldingYams,2816362
2026-07-01T19:04:01.471993,2026-07-01T19:04:01.482451+00:00,82.6,1,ask,Kelvin Chan,BrilliantBurritos,2816374
2026-07-01T19:04:01.471993,2026-07-01T19:04:01.482451+00:00,82.6,19,ask,YieldingYams,BrilliantBurritos,2816375
2026-07-01T19:04:02.566527,2026-07-01T19:04:02.574042+00:00,82.6,20,ask,YieldingYams,BrilliantBurritos,2816395
2026-07-01T19:04:02.933502,2026-07-01T19:04:02.958570+00:00,82.7,200,ask,YieldingYams,WavyWalnuts,2816407
2026-07-01T19:04:04.404505,2026-07-01T19:04:04.416096+00:00,82.7,20,ask,YieldingYams,BrilliantBurritos,2816444
2026-07-01T19:04:05.249000,2026-07-01T19:04:05.263954+00:00,82.7,200,ask,WavyWalnuts,YieldingYams,2816468
2026-07-01T19:04:07.894441,2026-07-01T19:04:07.902487+00:00,82.8,200,ask,WavyWalnuts,YieldingYams,2816524
2026-07-01T19:04:08.999516,2026-07-01T19:04:09.010565+00:00,82.8,200,bid,WavyWalnuts,YieldingYams,2816552
2026-07-01T19:04:09.171711,2026-07-01T19:04:09.176861+00:00,82.8,12,bid,Xuanyu Liu,YieldingYams,2816555
2026-07-01T19:04:09.652470,2026-07-01T19:04:09.658924+00:00,83.0,1,bid,Xuanyu Liu,Kelvin Chan,2816567
2026-07-01T19:04:09.652470,2026-07-01T19:04:09.658924+00:00,83.0,13,bid,Xuanyu Liu,WavyWalnuts,2816568
2026-07-01T19:04:10.208249,2026-07-01T19:04:10.219407+00:00,82.9,200,ask,YieldingYams,WavyWalnuts,2816577
2026-07-01T19:04:10.670211,2026-07-01T19:04:10.681794+00:00,82.9,20,bid,BrilliantBurritos,YieldingYams,2816591
2026-07-01T19:04:13.835628,2026-07-01T19:04:13.838187+00:00,82.8,200,ask,YieldingYams,WavyWalnuts,2816664
2026-07-01T19:04:18.377063,2026-07-01T19:04:18.386258+00:00,82.7,200,ask,WavyWalnuts,YieldingYams,2816776
2026-07-01T19:04:18.377063,2026-07-01T19:04:18.386258+00:00,82.7,425,ask,AverageAlmonds,YieldingYams,2816777
2026-07-01T19:04:19.685889,2026-07-01T19:04:19.696222+00:00,82.8,200,bid,YieldingYams,WavyWalnuts,2816804
2026-07-01T19:04:19.888082,2026-07-01T19:04:19.896758+00:00,82.9,200,ask,YieldingYams,WavyWalnuts,2816808
2026-07-01T19:04:22.342585,2026-07-01T19:04:22.346586+00:00,82.8,3,bid,Xuanyu Liu,YieldingYams,2816867
2026-07-01T19:04:23.625146,2026-07-01T19:04:23.636124+00:00,82.7,500,ask,AverageAlmonds,YieldingYams,2816895
2026-07-01T19:04:23.625146,2026-07-01T19:04:23.636124+00:00,82.7,125,ask,WavyWalnuts,YieldingYams,2816896
2026-07-01T19:04:24.935037,2026-07-01T19:04:24.944909+00:00,82.8,200,bid,YieldingYams,WavyWalnuts,2816919
2026-07-01T19:04:24.935037,2026-07-01T19:04:24.944909+00:00,82.9,8,bid,YieldingYams,Kelvin Chan,2816920
2026-07-01T19:04:25.223405,2026-07-01T19:04:25.235191+00:00,83.0,8,bid,BrilliantBurritos,Kelvin Chan,2816926
2026-07-01T19:04:26.251549,2026-07-01T19:04:26.253845+00:00,83.0,3,bid,YieldingYams,Kelvin Chan,2816957
2026-07-01T19:04:26.251549,2026-07-01T19:04:26.253845+00:00,83.1,200,bid,YieldingYams,WavyWalnuts,2816958
2026-07-01T19:04:28.085676,2026-07-01T19:04:28.089285+00:00,83.1,11,bid,Xuanyu Liu,YieldingYams,2817003
2026-07-01T19:04:28.372634,2026-07-01T19:04:28.379656+00:00,83.1,200,bid,WavyWalnuts,YieldingYams,2817013
2026-07-01T19:04:29.582781,2026-07-01T19:04:29.590028+00:00,83.1,200,ask,YieldingYams,WavyWalnuts,2817028
2026-07-01T19:04:30.223864,2026-07-01T19:04:30.231858+00:00,83.2,500,bid,YieldingYams,AverageAlmonds,2817037
2026-07-01T19:04:30.733958,2026-07-01T19:04:30.742940+00:00,83.2,125,ask,YieldingYams,AverageAlmonds,2817043
2026-07-01T19:04:31.531268,2026-07-01T19:04:31.540080+00:00,83.1,1,bid,YieldingYams,Kelvin Chan,2817056
2026-07-01T19:04:31.531268,2026-07-01T19:04:31.540080+00:00,83.1,500,bid,YieldingYams,AverageAlmonds,2817057
2026-07-01T19:04:31.699236,2026-07-01T19:04:31.710472+00:00,83.2,20,bid,BrilliantBurritos,WavyWalnuts,2817058
2026-07-01T19:04:31.933730,2026-07-01T19:04:31.941918+00:00,83.1,124,ask,YieldingYams,AverageAlmonds,2817060
2026-07-01T19:04:32.845046,2026-07-01T19:04:32.877673+00:00,82.9,200,ask,WavyWalnuts,YieldingYams,2817083
2026-07-01T19:04:32.873381,2026-07-01T19:04:32.877673+00:00,82.9,23,bid,Xuanyu Liu,YieldingYams,2817085
2026-07-01T19:04:34.433932,2026-07-01T19:04:34.438481+00:00,82.9,200,ask,YieldingYams,WavyWalnuts,2817107
2026-07-01T19:04:35.047836,2026-07-01T19:04:35.059089+00:00,82.9,11,ask,YieldingYams,Xuanyu Liu,2817123
2026-07-01T19:04:36.848717,2026-07-01T19:04:36.846601+00:00,83.0,200,bid,WavyWalnuts,YieldingYams,2817163
2026-07-01T19:04:38.057610,2026-07-01T19:04:38.069061+00:00,83.0,200,bid,WavyWalnuts,YieldingYams,2817183
2026-07-01T19:04:38.112049,2026-07-01T19:04:38.119008+00:00,83.1,1,bid,YieldingYams,Kelvin Chan,2817186
2026-07-01T19:04:38.112049,2026-07-01T19:04:38.124457+00:00,83.1,500,bid,YieldingYams,AverageAlmonds,2817187
2026-07-01T19:04:38.131380,2026-07-01T19:04:38.135307+00:00,83.1,3,ask,YieldingYams,Xuanyu Liu,2817190
2026-07-01T19:04:38.596760,2026-07-01T19:04:38.608112+00:00,83.1,121,ask,YieldingYams,AverageAlmonds,2817196
2026-07-01T19:04:39.430837,2026-07-01T19:04:39.441618+00:00,82.9,200,ask,WavyWalnuts,YieldingYams,2817224
2026-07-01T19:04:40.249166,2026-07-01T19:04:40.258575+00:00,82.9,20,bid,BrilliantBurritos,YieldingYams,2817228
2026-07-01T19:04:41.010658,2026-07-01T19:04:41.017632+00:00,82.9,500,ask,YieldingYams,AverageAlmonds,2817238
2026-07-01T19:04:41.629675,2026-07-01T19:04:41.637965+00:00,82.9,125,ask,YieldingYams,AverageAlmonds,2817252
2026-07-01T19:04:41.696417,2026-07-01T19:04:41.705532+00:00,82.9,200,bid,WavyWalnuts,AverageAlmonds,2817257
2026-07-01T19:04:42.055460,2026-07-01T19:04:42.063598+00:00,82.8,2,ask,Kelvin Chan,YieldingYams,2817270
2026-07-01T19:04:42.909577,2026-07-01T19:04:42.920396+00:00,82.8,200,bid,WavyWalnuts,YieldingYams,2817285
2026-07-01T19:04:43.889260,2026-07-01T19:04:43.900933+00:00,82.8,20,bid,BrilliantBurritos,YieldingYams,2817305
2026-07-01T19:04:44.120670,2026-07-01T19:04:44.127520+00:00,82.8,200,bid,WavyWalnuts,YieldingYams,2817310
2026-07-01T19:04:44.653004,2026-07-01T19:04:44.664270+00:00,82.7,500,ask,YieldingYams,AverageAlmonds,2817318
2026-07-01T19:04:45.345108,2026-07-01T19:04:45.363891+00:00,82.6,200,bid,WavyWalnuts,YieldingYams,2817337
2026-07-01T19:04:46.130253,2026-07-01T19:04:46.142003+00:00,82.5,20,ask,YieldingYams,BrilliantBurritos,2817351
2026-07-01T19:04:47.306473,2026-07-01T19:04:47.309962+00:00,82.6,9,ask,YieldingYams,Xuanyu Liu,2817381
2026-07-01T19:04:47.770214,2026-07-01T19:04:47.780676+00:00,82.6,200,ask,YieldingYams,WavyWalnuts,2817389
2026-07-01T19:04:48.978139,2026-07-01T19:04:48.988697+00:00,82.5,200,bid,WavyWalnuts,YieldingYams,2817418
2026-07-01T19:04:52.564905,2026-07-01T19:04:52.568436+00:00,82.5,11,ask,YieldingYams,Xuanyu Liu,2817483
2026-07-01T19:04:52.622807,2026-07-01T19:04:52.630690+00:00,82.5,200,ask,YieldingYams,WavyWalnuts,2817486
2026-07-01T19:04:57.785992,2026-07-01T19:04:57.789782+00:00,82.5,3,ask,YieldingYams,Xuanyu Liu,2817547
2026-07-01T19:04:58.675914,2026-07-01T19:04:58.686366+00:00,82.5,200,ask,YieldingYams,WavyWalnuts,2817562
2026-07-01T19:04:59.003001,2026-07-01T19:04:59.012712+00:00,82.6,20,bid,BrilliantBurritos,YieldingYams,2817566
2026-07-01T19:05:00.431300,2026-07-01T19:05:00.442549+00:00,82.5,200,bid,YieldingYams,WavyWalnuts,2817589
2026-07-01T19:05:00.431300,2026-07-01T19:05:00.442549+00:00,82.6,11,bid,YieldingYams,Kelvin Chan,2817590
2026-07-01T19:05:00.464912,2026-07-01T19:05:00.468828+00:00,82.6,14,ask,YieldingYams,Xuanyu Liu,2817593
2026-07-01T19:05:01.094397,2026-07-01T19:05:01.103897+00:00,82.6,200,ask,YieldingYams,WavyWalnuts,2817603
2026-07-01T19:05:03.073888,2026-07-01T19:05:03.085328+00:00,82.3,5,ask,Kelvin Chan,YieldingYams,2817641
2026-07-01T19:05:03.073888,2026-07-01T19:05:03.085328+00:00,82.3,200,ask,WavyWalnuts,YieldingYams,2817642
2026-07-01T19:05:03.073888,2026-07-01T19:05:03.085328+00:00,82.3,420,ask,AverageAlmonds,YieldingYams,2817643
2026-07-01T19:05:04.382367,2026-07-01T19:05:04.391477+00:00,82.4,200,bid,YieldingYams,WavyWalnuts,2817657
2026-07-01T19:05:04.398532,2026-07-01T19:05:04.402241+00:00,82.5,12,ask,YieldingYams,Xuanyu Liu,2817660
2026-07-01T19:05:04.714340,2026-07-01T19:05:04.722053+00:00,82.5,200,ask,YieldingYams,WavyWalnuts,2817670
2026-07-01T19:05:07.138648,2026-07-01T19:05:07.158617+00:00,82.4,200,ask,YieldingYams,WavyWalnuts,2817712
2026-07-01T19:05:08.349838,2026-07-01T19:05:08.364006+00:00,82.5,200,bid,WavyWalnuts,YieldingYams,2817730
2026-07-01T19:05:08.717420,2026-07-01T19:05:08.729048+00:00,82.5,20,bid,BrilliantBurritos,YieldingYams,2817740
2026-07-01T19:05:09.560642,2026-07-01T19:05:09.568940+00:00,82.5,200,bid,WavyWalnuts,YieldingYams,2817756
2026-07-01T19:05:12.232149,2026-07-01T19:05:12.243398+00:00,82.4,200,bid,YieldingYams,WavyWalnuts,2817806
2026-07-01T19:05:12.249393,2026-07-01T19:05:12.253228+00:00,82.5,11,ask,YieldingYams,Xuanyu Liu,2817808
2026-07-01T19:05:13.194940,2026-07-01T19:05:13.205527+00:00,82.5,200,ask,YieldingYams,WavyWalnuts,2817833
2026-07-01T19:05:13.547663,2026-07-01T19:05:13.555870+00:00,82.4,200,ask,WavyWalnuts,YieldingYams,2817843
2026-07-01T19:05:13.564875,2026-07-01T19:05:13.568642+00:00,82.4,34,bid,Xuanyu Liu,YieldingYams,2817845
2026-07-01T19:05:14.857741,2026-07-01T19:05:14.868986+00:00,82.4,200,bid,YieldingYams,WavyWalnuts,2817876
2026-07-01T19:05:16.821081,2026-07-01T19:05:16.831690+00:00,82.4,200,ask,YieldingYams,WavyWalnuts,2817907
2026-07-01T19:05:18.065345,2026-07-01T19:05:18.073847+00:00,82.4,20,ask,YieldingYams,BrilliantBurritos,2817932
2026-07-01T19:05:19.235875,2026-07-01T19:05:19.243333+00:00,82.5,200,bid,WavyWalnuts,YieldingYams,2817960
2026-07-01T19:05:20.450582,2026-07-01T19:05:20.458600+00:00,82.3,1,ask,Kelvin Chan,WavyWalnuts,2817994
2026-07-01T19:05:20.450582,2026-07-01T19:05:20.458600+00:00,82.3,199,ask,YieldingYams,WavyWalnuts,2817995
2026-07-01T19:05:21.404451,2026-07-01T19:05:21.414033+00:00,82.3,500,ask,AverageAlmonds,YieldingYams,2818015
2026-07-01T19:05:21.404451,2026-07-01T19:05:21.414033+00:00,82.3,7,ask,Kelvin Chan,YieldingYams,2818016
2026-07-01T19:05:21.658235,2026-07-01T19:05:21.669768+00:00,82.3,118,bid,WavyWalnuts,YieldingYams,2818025
2026-07-01T19:05:22.357560,2026-07-01T19:05:22.368671+00:00,82.4,20,bid,BrilliantBurritos,WavyWalnuts,2818034
2026-07-01T19:05:22.712133,2026-07-01T19:05:22.721599+00:00,82.4,180,bid,YieldingYams,WavyWalnuts,2818043
2026-07-01T19:05:24.050554,2026-07-01T19:05:24.048296+00:00,82.5,200,ask,WavyWalnuts,YieldingYams,2818069
2026-07-01T19:05:25.283433,2026-07-01T19:05:25.289789+00:00,82.5,200,bid,WavyWalnuts,YieldingYams,2818085
2026-07-01T19:05:26.692451,2026-07-01T19:05:26.697390+00:00,82.5,3,bid,Xuanyu Liu,YieldingYams,2818102
2026-07-01T19:05:30.592460,2026-07-01T19:05:30.601260+00:00,82.5,20,ask,YieldingYams,BrilliantBurritos,2818181
2026-07-01T19:05:31.358103,2026-07-01T19:05:31.369483+00:00,82.4,200,ask,YieldingYams,WavyWalnuts,2818197
2026-07-01T19:05:31.984950,2026-07-01T19:05:31.993005+00:00,82.3,2,ask,Kelvin Chan,BrilliantBurritos,2818207
2026-07-01T19:05:31.984950,2026-07-01T19:05:31.993005+00:00,82.3,18,ask,YieldingYams,BrilliantBurritos,2818208
2026-07-01T19:05:36.199556,2026-07-01T19:05:36.207631+00:00,82.5,200,bid,WavyWalnuts,YieldingYams,2818290
2026-07-01T19:05:36.966457,2026-07-01T19:05:36.972824+00:00,82.5,20,bid,BrilliantBurritos,YieldingYams,2818304
2026-07-01T19:05:37.349299,2026-07-01T19:05:37.363743+00:00,82.5,500,ask,YieldingYams,AverageAlmonds,2818312
2026-07-01T19:05:37.410650,2026-07-01T19:05:37.417151+00:00,82.5,125,ask,YieldingYams,WavyWalnuts,2818314
2026-07-01T19:05:38.471713,2026-07-01T19:05:38.478607+00:00,82.3,2,ask,Kelvin Chan,YieldingYams,2818341
2026-07-01T19:05:38.618706,2026-07-01T19:05:38.625099+00:00,82.3,200,bid,WavyWalnuts,YieldingYams,2818344
2026-07-01T19:05:41.811983,2026-07-01T19:05:41.823652+00:00,82.4,20,bid,BrilliantBurritos,WavyWalnuts,2818408
2026-07-01T19:05:42.244177,2026-07-01T19:05:42.258615+00:00,82.3,200,ask,YieldingYams,WavyWalnuts,2818419
2026-07-01T19:05:45.868774,2026-07-01T19:05:45.879153+00:00,82.3,200,bid,WavyWalnuts,YieldingYams,2818487
2026-07-01T19:05:46.326564,2026-07-01T19:05:46.333027+00:00,82.2,5,ask,Kelvin Chan,YieldingYams,2818494
2026-07-01T19:05:46.456530,2026-07-01T19:05:46.460404+00:00,82.2,3,bid,Xuanyu Liu,YieldingYams,2818500
2026-07-01T19:05:47.085716,2026-07-01T19:05:47.094850+00:00,82.2,200,bid,WavyWalnuts,YieldingYams,2818512
2026-07-01T19:05:47.632072,2026-07-01T19:05:47.642701+00:00,82.2,20,bid,BrilliantBurritos,YieldingYams,2818522
2026-07-01T19:05:50.423755,2026-07-01T19:05:50.427590+00:00,82.4,23,bid,Xuanyu Liu,AverageAlmonds,2818580
2026-07-01T19:05:50.710377,2026-07-01T19:05:50.721661+00:00,82.4,200,bid,WavyWalnuts,YieldingYams,2818587
2026-07-01T19:05:51.919433,2026-07-01T19:05:51.930802+00:00,82.4,200,bid,WavyWalnuts,YieldingYams,2818614
2026-07-01T19:05:53.164982,2026-07-01T19:05:53.168746+00:00,82.3,11,bid,Xuanyu Liu,WavyWalnuts,2818636
2026-07-01T19:05:56.764605,2026-07-01T19:05:56.774845+00:00,82.3,200,bid,WavyWalnuts,YieldingYams,2818721
2026-07-01T19:05:59.132613,2026-07-01T19:05:59.158560+00:00,82.3,200,ask,WavyWalnuts,AverageAlmonds,2818768
2026-07-01T19:05:59.132613,2026-07-01T19:05:59.158560+00:00,82.3,300,ask,YieldingYams,AverageAlmonds,2818769
2026-07-01T19:05:59.179173,2026-07-01T19:05:59.186436+00:00,82.3,200,ask,YieldingYams,WavyWalnuts,2818770
2026-07-01T19:05:59.583434,2026-07-01T19:05:59.591749+00:00,82.1,7,ask,Kelvin Chan,BrilliantBurritos,2818775
2026-07-01T19:05:59.583434,2026-07-01T19:05:59.591749+00:00,82.1,13,ask,WavyWalnuts,BrilliantBurritos,2818776
2026-07-01T19:06:02.077568,2026-07-01T19:06:02.097139+00:00,82.1,8,ask,Kelvin Chan,YieldingYams,2818819
2026-07-01T19:06:04.016922,2026-07-01T19:06:04.020362+00:00,82.1,7,ask,Kelvin Chan,Xuanyu Liu,2818865
2026-07-01T19:06:04.050633,2026-07-01T19:06:04.069075+00:00,82.0,200,ask,YieldingYams,WavyWalnuts,2818869
2026-07-01T19:06:06.031399,2026-07-01T19:06:06.038762+00:00,81.9,200,ask,WavyWalnuts,YieldingYams,2818904
2026-07-01T19:06:06.299212,2026-07-01T19:06:06.303099+00:00,81.8,4,ask,AverageAlmonds,Xuanyu Liu,2818911
2026-07-01T19:06:07.353234,2026-07-01T19:06:07.357451+00:00,81.9,12,ask,YieldingYams,Xuanyu Liu,2818930
2026-07-01T19:06:07.687286,2026-07-01T19:06:07.697124+00:00,81.9,200,ask,YieldingYams,WavyWalnuts,2818936
2026-07-01T19:06:07.765038,2026-07-01T19:06:07.769062+00:00,82.0,6,ask,Kelvin Chan,Xuanyu Liu,2818938
2026-07-01T19:06:08.067472,2026-07-01T19:06:08.071395+00:00,82.0,5,ask,Kelvin Chan,Xuanyu Liu,2818944
2026-07-01T19:06:08.899055,2026-07-01T19:06:08.907942+00:00,82.0,200,ask,YieldingYams,WavyWalnuts,2818965
2026-07-01T19:06:09.063200,2026-07-01T19:06:09.070235+00:00,82.0,20,ask,YieldingYams,BrilliantBurritos,2818968
2026-07-01T19:06:10.109401,2026-07-01T19:06:10.115662+00:00,82.0,200,bid,WavyWalnuts,YieldingYams,2818999
2026-07-01T19:06:12.534166,2026-07-01T19:06:12.542154+00:00,82.1,200,bid,WavyWalnuts,YieldingYams,2819033
2026-07-01T19:06:17.696631,2026-07-01T19:06:17.708562+00:00,82.2,2,bid,BrilliantBurritos,Kelvin Chan,2819148
2026-07-01T19:06:17.696631,2026-07-01T19:06:17.708562+00:00,82.2,18,bid,BrilliantBurritos,WavyWalnuts,2819149
2026-07-01T19:06:17.814237,2026-07-01T19:06:17.820777+00:00,82.2,182,bid,YieldingYams,WavyWalnuts,2819151
2026-07-01T19:06:17.814237,2026-07-01T19:06:17.826298+00:00,82.2,9,bid,YieldingYams,Kelvin Chan,2819152
2026-07-01T19:06:18.577876,2026-07-01T19:06:18.584823+00:00,82.3,9,bid,WavyWalnuts,Kelvin Chan,2819163
2026-07-01T19:06:18.577876,2026-07-01T19:06:18.589822+00:00,82.3,191,bid,WavyWalnuts,AverageAlmonds,2819164
2026-07-01T19:06:19.377558,2026-07-01T19:06:19.383724+00:00,82.3,8,bid,Xuanyu Liu,Kelvin Chan,2819182
2026-07-01T19:06:19.377558,2026-07-01T19:06:19.383724+00:00,82.3,3,bid,Xuanyu Liu,YieldingYams,2819183
2026-07-01T19:06:24.642935,2026-07-01T19:06:24.645467+00:00,82.3,1,bid,WavyWalnuts,Kelvin Chan,2819283
2026-07-01T19:06:24.642935,2026-07-01T19:06:24.645467+00:00,82.4,199,bid,WavyWalnuts,YieldingYams,2819284
2026-07-01T19:06:25.851371,2026-07-01T19:06:25.858591+00:00,82.3,5,bid,WavyWalnuts,Kelvin Chan,2819310
2026-07-01T19:06:29.481304,2026-07-01T19:06:29.489889+00:00,82.4,1,bid,WavyWalnuts,Kelvin Chan,2819384
2026-07-01T19:06:29.481304,2026-07-01T19:06:29.489889+00:00,82.4,199,bid,WavyWalnuts,YieldingYams,2819385
2026-07-01T19:06:30.692231,2026-07-01T19:06:30.700601+00:00,82.4,2,bid,WavyWalnuts,Kelvin Chan,2819404
2026-07-01T19:06:31.910642,2026-07-01T19:06:31.919108+00:00,82.5,200,ask,YieldingYams,WavyWalnuts,2819425
2026-07-01T19:06:33.552780,2026-07-01T19:06:33.558609+00:00,82.4,7,bid,YieldingYams,Kelvin Chan,2819445
2026-07-01T19:06:35.119644,2026-07-01T19:06:35.131146+00:00,82.6,20,bid,BrilliantBurritos,AverageAlmonds,2819481
2026-07-01T19:06:37.495352,2026-07-01T19:06:37.504924+00:00,82.5,1,bid,YieldingYams,Kelvin Chan,2819530
2026-07-01T19:06:37.512586,2026-07-01T19:06:37.516395+00:00,82.5,11,ask,YieldingYams,Xuanyu Liu,2819532
2026-07-01T19:06:37.947611,2026-07-01T19:06:37.963864+00:00,82.5,200,ask,YieldingYams,WavyWalnuts,2819543
2026-07-01T19:06:39.154952,2026-07-01T19:06:39.169034+00:00,82.5,200,ask,YieldingYams,WavyWalnuts,2819559
2026-07-01T19:06:39.902663,2026-07-01T19:06:39.914015+00:00,82.6,1,bid,BrilliantBurritos,Kelvin Chan,2819570
2026-07-01T19:06:41.424960,2026-07-01T19:06:41.431407+00:00,82.6,200,bid,YieldingYams,WavyWalnuts,2819603
2026-07-01T19:06:41.424960,2026-07-01T19:06:41.436812+00:00,82.6,1,bid,YieldingYams,Kelvin Chan,2819604
2026-07-01T19:06:43.344232,2026-07-01T19:06:43.363817+00:00,82.7,200,ask,WavyWalnuts,AverageAlmonds,2819641
2026-07-01T19:06:44.068752,2026-07-01T19:06:44.079231+00:00,82.7,200,bid,YieldingYams,WavyWalnuts,2819657
2026-07-01T19:06:44.746982,2026-07-01T19:06:44.750907+00:00,82.7,3,ask,YieldingYams,Xuanyu Liu,2819671
2026-07-01T19:06:45.198224,2026-07-01T19:06:45.207230+00:00,82.7,200,ask,YieldingYams,WavyWalnuts,2819678
2026-07-01T19:06:45.357204,2026-07-01T19:06:45.368892+00:00,82.7,20,ask,YieldingYams,BrilliantBurritos,2819681
2026-07-01T19:06:46.403125,2026-07-01T19:06:46.409977+00:00,82.6,200,bid,WavyWalnuts,YieldingYams,2819702
2026-07-01T19:06:49.989302,2026-07-01T19:06:49.995866+00:00,82.4,500,bid,AverageAlmonds,YieldingYams,2819763
2026-07-01T19:06:50.041672,2026-07-01T19:06:50.043066+00:00,82.3,2,ask,Kelvin Chan,WavyWalnuts,2819768
2026-07-01T19:06:50.041672,2026-07-01T19:06:50.043066+00:00,82.3,198,ask,YieldingYams,WavyWalnuts,2819769
2026-07-01T19:06:50.583684,2026-07-01T19:06:50.595254+00:00,82.4,125,bid,AverageAlmonds,YieldingYams,2819780
2026-07-01T19:06:50.618227,2026-07-01T19:06:50.621680+00:00,82.4,14,ask,AverageAlmonds,Xuanyu Liu,2819783
2026-07-01T19:06:51.249806,2026-07-01T19:06:51.258605+00:00,82.4,200,ask,YieldingYams,WavyWalnuts,2819797
2026-07-01T19:06:52.482423,2026-07-01T19:06:52.486608+00:00,82.5,12,ask,WavyWalnuts,Xuanyu Liu,2819827
2026-07-01T19:06:53.239513,2026-07-01T19:06:53.258628+00:00,82.5,188,ask,WavyWalnuts,YieldingYams,2819839
2026-07-01T19:06:53.606853,2026-07-01T19:06:53.613135+00:00,82.5,437,bid,AverageAlmonds,YieldingYams,2819842
2026-07-01T19:06:53.669805,2026-07-01T19:06:53.679545+00:00,82.5,63,ask,AverageAlmonds,WavyWalnuts,2819844
2026-07-01T19:06:54.201480,2026-07-01T19:06:54.210903+00:00,82.5,137,bid,AverageAlmonds,WavyWalnuts,2819855
2026-07-01T19:06:54.546779,2026-07-01T19:06:54.567370+00:00,82.7,7,bid,YieldingYams,Kelvin Chan,2819859
2026-07-01T19:06:54.563750,2026-07-01T19:06:54.567370+00:00,82.7,23,ask,YieldingYams,Xuanyu Liu,2819861
2026-07-01T19:06:54.878378,2026-07-01T19:06:54.885328+00:00,82.7,200,ask,YieldingYams,WavyWalnuts,2819864
2026-07-01T19:06:57.165694,2026-07-01T19:06:57.172320+00:00,82.6,200,bid,YieldingYams,WavyWalnuts,2819908
2026-07-01T19:06:57.348660,2026-07-01T19:06:57.352207+00:00,82.7,12,bid,Xuanyu Liu,WavyWalnuts,2819915
2026-07-01T19:06:58.280432,2026-07-01T19:06:58.288591+00:00,82.6,20,ask,YieldingYams,BrilliantBurritos,2819930
2026-07-01T19:06:59.716724,2026-07-01T19:06:59.727180+00:00,82.7,200,bid,WavyWalnuts,YieldingYams,2819956
2026-07-01T19:07:00.936086,2026-07-01T19:07:00.964163+00:00,82.7,200,bid,WavyWalnuts,YieldingYams,2819978
2026-07-01T19:07:02.026104,2026-07-01T19:07:02.033545+00:00,82.8,6,bid,BrilliantBurritos,Kelvin Chan,2820002
2026-07-01T19:07:02.026104,2026-07-01T19:07:02.038759+00:00,82.8,14,bid,BrilliantBurritos,YieldingYams,2820003
2026-07-01T19:07:05.704323,2026-07-01T19:07:05.712811+00:00,82.7,200,bid,AverageAlmonds,WavyWalnuts,2820076
2026-07-01T19:07:05.704323,2026-07-01T19:07:05.712811+00:00,82.7,300,bid,AverageAlmonds,YieldingYams,2820077
2026-07-01T19:07:05.767570,2026-07-01T19:07:05.777499+00:00,82.7,200,bid,WavyWalnuts,YieldingYams,2820080
2026-07-01T19:07:06.975663,2026-07-01T19:07:06.985763+00:00,82.7,200,ask,YieldingYams,WavyWalnuts,2820100
2026-07-01T19:07:07.351922,2026-07-01T19:07:07.363622+00:00,82.7,20,ask,YieldingYams,BrilliantBurritos,2820109
2026-07-01T19:07:07.657528,2026-07-01T19:07:07.668858+00:00,82.8,3,bid,YieldingYams,Kelvin Chan,2820114
2026-07-01T19:07:07.675720,2026-07-01T19:07:07.680325+00:00,82.8,12,ask,YieldingYams,Xuanyu Liu,2820116
2026-07-01T19:07:07.807142,2026-07-01T19:07:07.818445+00:00,82.8,20,ask,YieldingYams,BrilliantBurritos,2820119
2026-07-01T19:07:08.183088,2026-07-01T19:07:08.189810+00:00,82.8,200,ask,YieldingYams,WavyWalnuts,2820126
2026-07-01T19:07:09.392435,2026-07-01T19:07:09.401213+00:00,82.7,200,ask,YieldingYams,WavyWalnuts,2820150
2026-07-01T19:07:18.176185,2026-07-01T19:07:18.186661+00:00,82.6,2,ask,Kelvin Chan,YieldingYams,2820340
2026-07-01T19:07:18.176185,2026-07-01T19:07:18.186661+00:00,82.6,500,ask,AverageAlmonds,YieldingYams,2820341
2026-07-01T19:07:18.176185,2026-07-01T19:07:18.186661+00:00,82.6,123,ask,WavyWalnuts,YieldingYams,2820342
2026-07-01T19:07:20.319104,2026-07-01T19:07:20.328602+00:00,82.7,200,bid,WavyWalnuts,YieldingYams,2820383
2026-07-01T19:07:22.118006,2026-07-01T19:07:22.129499+00:00,82.5,2,ask,Kelvin Chan,YieldingYams,2820426
2026-07-01T19:07:22.118006,2026-07-01T19:07:22.129499+00:00,82.5,200,ask,WavyWalnuts,YieldingYams,2820427
2026-07-01T19:07:22.118006,2026-07-01T19:07:22.129499+00:00,82.5,423,ask,AverageAlmonds,YieldingYams,2820428
2026-07-01T19:07:24.738228,2026-07-01T19:07:24.748355+00:00,82.7,200,ask,WavyWalnuts,YieldingYams,2820484
2026-07-01T19:07:24.738228,2026-07-01T19:07:24.748355+00:00,82.7,425,ask,AverageAlmonds,YieldingYams,2820485
2026-07-01T19:07:25.164880,2026-07-01T19:07:25.173293+00:00,82.7,200,ask,AverageAlmonds,WavyWalnuts,2820490
2026-07-01T19:07:26.339719,2026-07-01T19:07:26.358583+00:00,83.0,20,ask,YieldingYams,BrilliantBurritos,2820512
2026-07-01T19:07:26.371226,2026-07-01T19:07:26.380268+00:00,83.0,200,ask,YieldingYams,WavyWalnuts,2820514
2026-07-01T19:07:27.578358,2026-07-01T19:07:27.589727+00:00,82.9,200,ask,YieldingYams,WavyWalnuts,2820532
2026-07-01T19:07:28.785923,2026-07-01T19:07:28.795974+00:00,82.9,200,ask,YieldingYams,WavyWalnuts,2820550
2026-07-01T19:07:29.992603,2026-07-01T19:07:30.000024+00:00,83.0,200,bid,WavyWalnuts,YieldingYams,2820578
2026-07-01T19:07:31.210552,2026-07-01T19:07:31.216918+00:00,83.0,200,bid,WavyWalnuts,YieldingYams,2820606
2026-07-01T19:07:31.279728,2026-07-01T19:07:31.287629+00:00,83.1,500,bid,YieldingYams,AverageAlmonds,2820608
2026-07-01T19:07:31.762248,2026-07-01T19:07:31.769545+00:00,83.1,125,ask,YieldingYams,AverageAlmonds,2820616
2026-07-01T19:07:32.437704,2026-07-01T19:07:32.441466+00:00,82.8,35,bid,Xuanyu Liu,WavyWalnuts,2820631
2026-07-01T19:07:32.590725,2026-07-01T19:07:32.599034+00:00,82.8,165,bid,YieldingYams,WavyWalnuts,2820636
2026-07-01T19:07:32.610263,2026-07-01T19:07:32.613969+00:00,83.0,12,ask,YieldingYams,Xuanyu Liu,2820638
2026-07-01T19:07:36.056857,2026-07-01T19:07:36.063858+00:00,83.0,200,bid,WavyWalnuts,YieldingYams,2820718
2026-07-01T19:07:40.472805,2026-07-01T19:07:40.489429+00:00,83.1,1,bid,YieldingYams,Kelvin Chan,2820815
2026-07-01T19:07:40.485874,2026-07-01T19:07:40.489429+00:00,83.1,11,ask,YieldingYams,Xuanyu Liu,2820817
2026-07-01T19:07:40.895103,2026-07-01T19:07:40.901462+00:00,83.1,200,ask,YieldingYams,WavyWalnuts,2820818
2026-07-01T19:07:41.287447,2026-07-01T19:07:41.297063+00:00,83.1,20,ask,YieldingYams,BrilliantBurritos,2820830
2026-07-01T19:07:44.407113,2026-07-01T19:07:44.414560+00:00,83.0,200,bid,YieldingYams,WavyWalnuts,2820876
2026-07-01T19:07:44.527789,2026-07-01T19:07:44.536074+00:00,83.0,200,ask,YieldingYams,WavyWalnuts,2820882
2026-07-01T19:07:46.942426,2026-07-01T19:07:46.944453+00:00,83.0,200,bid,WavyWalnuts,YieldingYams,2820918
2026-07-01T19:07:48.151024,2026-07-01T19:07:48.163932+00:00,82.9,200,bid,WavyWalnuts,YieldingYams,2820945
2026-07-01T19:07:48.346747,2026-07-01T19:07:48.351077+00:00,83.0,12,ask,YieldingYams,Xuanyu Liu,2820953
2026-07-01T19:07:49.365241,2026-07-01T19:07:49.374430+00:00,83.0,200,ask,YieldingYams,WavyWalnuts,2820978
2026-07-01T19:07:50.579102,2026-07-01T19:07:50.589982+00:00,83.0,200,bid,WavyWalnuts,YieldingYams,2820999
2026-07-01T19:07:51.790815,2026-07-01T19:07:51.800632+00:00,83.0,200,bid,WavyWalnuts,YieldingYams,2821015
2026-07-01T19:07:53.003238,2026-07-01T19:07:53.010954+00:00,82.9,200,ask,YieldingYams,WavyWalnuts,2821037
2026-07-01T19:07:55.379760,2026-07-01T19:07:55.387619+00:00,82.9,200,bid,AverageAlmonds,WavyWalnuts,2821080
2026-07-01T19:07:55.379760,2026-07-01T19:07:55.387619+00:00,82.9,300,bid,AverageAlmonds,YieldingYams,2821081
2026-07-01T19:07:55.977045,2026-07-01T19:07:55.984008+00:00,82.9,325,bid,AverageAlmonds,YieldingYams,2821093
2026-07-01T19:07:56.194171,2026-07-01T19:07:56.215444+00:00,83.0,200,bid,YieldingYams,WavyWalnuts,2821104
2026-07-01T19:07:56.194171,2026-07-01T19:07:56.215444+00:00,83.1,1,bid,YieldingYams,Kelvin Chan,2821105
2026-07-01T19:07:56.211927,2026-07-01T19:07:56.215444+00:00,83.1,11,ask,YieldingYams,Xuanyu Liu,2821107
2026-07-01T19:07:56.630073,2026-07-01T19:07:56.638797+00:00,83.1,200,ask,YieldingYams,WavyWalnuts,2821117
2026-07-01T19:07:58.815673,2026-07-01T19:07:58.822381+00:00,83.1,200,bid,YieldingYams,WavyWalnuts,2821166
2026-07-01T19:08:01.451168,2026-07-01T19:08:01.464027+00:00,83.1,200,ask,WavyWalnuts,YieldingYams,2821210
2026-07-01T19:08:01.451168,2026-07-01T19:08:01.464027+00:00,82.9,425,ask,AverageAlmonds,YieldingYams,2821211
2026-07-01T19:08:02.444062,2026-07-01T19:08:02.458612+00:00,82.9,20,ask,WavyWalnuts,BrilliantBurritos,2821219
2026-07-01T19:08:06.417561,2026-07-01T19:08:06.421500+00:00,83.1,11,bid,Xuanyu Liu,WavyWalnuts,2821281
2026-07-01T19:08:06.687444,2026-07-01T19:08:06.698104+00:00,83.1,189,bid,YieldingYams,WavyWalnuts,2821287
2026-07-01T19:08:07.612749,2026-07-01T19:08:07.623501+00:00,83.1,200,ask,YieldingYams,WavyWalnuts,2821303
2026-07-01T19:08:09.298001,2026-07-01T19:08:09.304212+00:00,83.1,500,bid,AverageAlmonds,YieldingYams,2821333
2026-07-01T19:08:11.253579,2026-07-01T19:08:11.269023+00:00,83.2,200,bid,WavyWalnuts,YieldingYams,2821365
2026-07-01T19:08:11.299769,2026-07-01T19:08:11.311401+00:00,83.1,20,ask,AverageAlmonds,BrilliantBurritos,2821366
2026-07-01T19:08:12.463937,2026-07-01T19:08:12.470406+00:00,83.3,4,bid,WavyWalnuts,Kelvin Chan,2821389
2026-07-01T19:08:12.463937,2026-07-01T19:08:12.475604+00:00,83.3,196,bid,WavyWalnuts,YieldingYams,2821390
2026-07-01T19:08:13.674244,2026-07-01T19:08:13.681804+00:00,83.3,6,bid,WavyWalnuts,Kelvin Chan,2821417
2026-07-01T19:08:13.674244,2026-07-01T19:08:13.686789+00:00,83.4,194,bid,WavyWalnuts,YieldingYams,2821418
2026-07-01T19:08:14.562957,2026-07-01T19:08:14.570193+00:00,83.3,7,bid,YieldingYams,Kelvin Chan,2821437
2026-07-01T19:08:14.892757,2026-07-01T19:08:14.900543+00:00,83.3,200,ask,YieldingYams,WavyWalnuts,2821447
2026-07-01T19:08:20.958763,2026-07-01T19:08:20.969299+00:00,83.1,200,ask,YieldingYams,WavyWalnuts,2821569
2026-07-01T19:08:28.223334,2026-07-01T19:08:28.230550+00:00,83.2,200,ask,YieldingYams,WavyWalnuts,2821719
2026-07-01T19:08:29.203754,2026-07-01T19:08:29.215314+00:00,83.3,20,bid,BrilliantBurritos,YieldingYams,2821745
2026-07-01T19:08:29.433037,2026-07-01T19:08:29.440543+00:00,83.3,200,bid,WavyWalnuts,YieldingYams,2821756
2026-07-01T19:08:30.361950,2026-07-01T19:08:30.373261+00:00,83.2,20,ask,YieldingYams,BrilliantBurritos,2821773
2026-07-01T19:08:31.855081,2026-07-01T19:08:31.868347+00:00,83.4,3,bid,WavyWalnuts,Kelvin Chan,2821805
2026-07-01T19:08:31.864669,2026-07-01T19:08:31.868347+00:00,83.4,11,ask,WavyWalnuts,Xuanyu Liu,2821807
2026-07-01T19:08:32.922426,2026-07-01T19:08:32.929769+00:00,83.5,200,bid,YieldingYams,WavyWalnuts,2821824
2026-07-01T19:08:32.922426,2026-07-01T19:08:32.935198+00:00,83.5,3,bid,YieldingYams,Kelvin Chan,2821825
2026-07-01T19:08:32.922426,2026-07-01T19:08:32.935198+00:00,83.5,422,bid,YieldingYams,AverageAlmonds,2821826
2026-07-01T19:08:33.063710,2026-07-01T19:08:33.071174+00:00,83.5,78,bid,WavyWalnuts,AverageAlmonds,2821831
2026-07-01T19:08:33.506017,2026-07-01T19:08:33.512895+00:00,83.5,122,ask,WavyWalnuts,AverageAlmonds,2821835
2026-07-01T19:08:34.273894,2026-07-01T19:08:34.280310+00:00,83.3,200,bid,WavyWalnuts,YieldingYams,2821852
2026-07-01T19:08:35.489573,2026-07-01T19:08:35.496798+00:00,83.3,200,bid,WavyWalnuts,YieldingYams,2821871
2026-07-01T19:08:37.904693,2026-07-01T19:08:37.913031+00:00,83.4,4,bid,WavyWalnuts,Kelvin Chan,2821908
2026-07-01T19:08:37.904693,2026-07-01T19:08:37.913031+00:00,83.4,196,bid,WavyWalnuts,AverageAlmonds,2821909
2026-07-01T19:08:38.161709,2026-07-01T19:08:38.168999+00:00,83.4,304,bid,YieldingYams,AverageAlmonds,2821916
2026-07-01T19:08:38.355786,2026-07-01T19:08:38.358595+00:00,83.4,321,ask,YieldingYams,AverageAlmonds,2821920
2026-07-01T19:08:39.115517,2026-07-01T19:08:39.122303+00:00,83.4,200,bid,WavyWalnuts,AverageAlmonds,2821931
2026-07-01T19:08:40.178169,2026-07-01T19:08:40.190074+00:00,83.3,20,bid,BrilliantBurritos,YieldingYams,2821953
2026-07-01T19:08:40.323434,2026-07-01T19:08:40.330802+00:00,83.3,200,bid,WavyWalnuts,YieldingYams,2821958
2026-07-01T19:08:41.534414,2026-07-01T19:08:41.542219+00:00,83.2,200,ask,YieldingYams,WavyWalnuts,2821989
2026-07-01T19:08:42.110689,2026-07-01T19:08:42.114265+00:00,83.3,11,bid,Xuanyu Liu,YieldingYams,2822003
2026-07-01T19:08:43.208848,2026-07-01T19:08:43.212561+00:00,83.2,12,bid,Xuanyu Liu,AverageAlmonds,2822037
2026-07-01T19:08:43.405530,2026-07-01T19:08:43.416894+00:00,83.2,488,bid,YieldingYams,AverageAlmonds,2822044
2026-07-01T19:08:44.422548,2026-07-01T19:08:44.429920+00:00,83.2,137,ask,YieldingYams,AverageAlmonds,2822072
2026-07-01T19:08:44.717600,2026-07-01T19:08:44.728499+00:00,83.1,2,ask,Kelvin Chan,YieldingYams,2822087
2026-07-01T19:08:44.717600,2026-07-01T19:08:44.728499+00:00,83.1,200,ask,WavyWalnuts,YieldingYams,2822088
2026-07-01T19:08:44.734438,2026-07-01T19:08:44.738339+00:00,82.9,23,bid,Xuanyu Liu,YieldingYams,2822090
2026-07-01T19:08:44.983843,2026-07-01T19:08:44.987560+00:00,82.8,10,ask,Kelvin Chan,Xuanyu Liu,2822094
2026-07-01T19:08:44.994636,2026-07-01T19:08:44.998322+00:00,82.7,25,ask,AverageAlmonds,Xuanyu Liu,2822096
2026-07-01T19:08:45.155793,2026-07-01T19:08:45.163978+00:00,82.9,200,bid,WavyWalnuts,YieldingYams,2822103
2026-07-01T19:08:45.217001,2026-07-01T19:08:45.221092+00:00,82.8,10,ask,Kelvin Chan,Xuanyu Liu,2822108
2026-07-01T19:08:45.640882,2026-07-01T19:08:45.644575+00:00,82.8,1,ask,AverageAlmonds,Xuanyu Liu,2822116
2026-07-01T19:08:46.164221,2026-07-01T19:08:46.167748+00:00,82.9,10,ask,Kelvin Chan,Xuanyu Liu,2822129
2026-07-01T19:08:46.242240,2026-07-01T19:08:46.245741+00:00,82.9,1,ask,Kelvin Chan,Xuanyu Liu,2822132
2026-07-01T19:08:47.120477,2026-07-01T19:08:47.131827+00:00,83.0,20,bid,BrilliantBurritos,YieldingYams,2822161
2026-07-01T19:08:47.340294,2026-07-01T19:08:47.358908+00:00,82.9,3,ask,Kelvin Chan,YieldingYams,2822167
2026-07-01T19:08:47.340294,2026-07-01T19:08:47.358908+00:00,82.9,200,ask,WavyWalnuts,YieldingYams,2822168
2026-07-01T19:08:47.578303,2026-07-01T19:08:47.586552+00:00,82.9,200,bid,WavyWalnuts,YieldingYams,2822173
2026-07-01T19:08:48.131420,2026-07-01T19:08:48.135637+00:00,82.9,11,bid,Xuanyu Liu,YieldingYams,2822192
2026-07-01T19:08:48.654990,2026-07-01T19:08:48.663666+00:00,83.1,200,bid,YieldingYams,WavyWalnuts,2822200
2026-07-01T19:08:48.787439,2026-07-01T19:08:48.792510+00:00,83.1,200,ask,YieldingYams,WavyWalnuts,2822202
2026-07-01T19:08:50.005168,2026-07-01T19:08:50.016460+00:00,82.9,200,ask,YieldingYams,WavyWalnuts,2822228
2026-07-01T19:08:51.280103,2026-07-01T19:08:51.287806+00:00,83.0,9,ask,Kelvin Chan,YieldingYams,2822255
2026-07-01T19:08:52.429740,2026-07-01T19:08:52.439838+00:00,82.9,10,ask,Kelvin Chan,WavyWalnuts,2822277
2026-07-01T19:08:52.446602,2026-07-01T19:08:52.450561+00:00,82.9,11,bid,Xuanyu Liu,WavyWalnuts,2822280
2026-07-01T19:08:52.591797,2026-07-01T19:08:52.600960+00:00,82.8,200,ask,WavyWalnuts,YieldingYams,2822281
2026-07-01T19:08:52.591797,2026-07-01T19:08:52.600960+00:00,82.8,10,ask,Kelvin Chan,YieldingYams,2822282
2026-07-01T19:08:52.606726,2026-07-01T19:08:52.610367+00:00,82.8,12,bid,Xuanyu Liu,YieldingYams,2822285
2026-07-01T19:08:54.852446,2026-07-01T19:08:54.858546+00:00,82.7,3,ask,Kelvin Chan,WavyWalnuts,2822346
2026-07-01T19:08:54.852446,2026-07-01T19:08:54.858546+00:00,82.7,197,ask,YieldingYams,WavyWalnuts,2822347
2026-07-01T19:08:55.522441,2026-07-01T19:08:55.531215+00:00,82.6,20,ask,WavyWalnuts,BrilliantBurritos,2822363
2026-07-01T19:08:56.061015,2026-07-01T19:08:56.069313+00:00,82.7,200,bid,WavyWalnuts,YieldingYams,2822377
2026-07-01T19:08:57.275564,2026-07-01T19:08:57.286781+00:00,82.8,2,ask,Kelvin Chan,WavyWalnuts,2822400
2026-07-01T19:08:58.488337,2026-07-01T19:08:58.498281+00:00,82.7,200,ask,YieldingYams,WavyWalnuts,2822427
2026-07-01T19:09:00.482039,2026-07-01T19:09:00.494931+00:00,82.7,6,ask,Kelvin Chan,YieldingYams,2822463
2026-07-01T19:09:00.506294,2026-07-01T19:09:00.510208+00:00,82.7,4,bid,Xuanyu Liu,YieldingYams,2822465
2026-07-01T19:09:00.774708,2026-07-01T19:09:00.778351+00:00,82.7,19,bid,Xuanyu Liu,YieldingYams,2822470
2026-07-01T19:09:02.113342,2026-07-01T19:09:02.124457+00:00,82.6,3,ask,Kelvin Chan,WavyWalnuts,2822511
2026-07-01T19:09:02.113342,2026-07-01T19:09:02.124457+00:00,82.6,197,ask,YieldingYams,WavyWalnuts,2822512
2026-07-01T19:09:03.118798,2026-07-01T19:09:03.122660+00:00,82.6,11,bid,Xuanyu Liu,YieldingYams,2822529
2026-07-01T19:09:08.332261,2026-07-01T19:09:08.343680+00:00,82.7,200,bid,YieldingYams,WavyWalnuts,2822609
2026-07-01T19:09:09.246841,2026-07-01T19:09:09.247724+00:00,82.7,20,ask,YieldingYams,BrilliantBurritos,2822635
2026-07-01T19:09:12.265428,2026-07-01T19:09:12.274214+00:00,82.6,2,ask,Kelvin Chan,YieldingYams,2822697
2026-07-01T19:09:13.007967,2026-07-01T19:09:13.019235+00:00,82.5,9,ask,Kelvin Chan,WavyWalnuts,2822711
2026-07-01T19:09:13.007967,2026-07-01T19:09:13.019235+00:00,82.5,191,ask,AverageAlmonds,WavyWalnuts,2822712
2026-07-01T19:09:13.452664,2026-07-01T19:09:13.468995+00:00,82.6,500,bid,AverageAlmonds,YieldingYams,2822724
2026-07-01T19:09:14.085147,2026-07-01T19:09:14.094188+00:00,82.6,500,bid,AverageAlmonds,YieldingYams,2822732
2026-07-01T19:09:14.682982,2026-07-01T19:09:14.692302+00:00,82.6,125,bid,AverageAlmonds,YieldingYams,2822750
2026-07-01T19:09:14.881713,2026-07-01T19:09:14.890823+00:00,82.7,200,bid,YieldingYams,WavyWalnuts,2822761
2026-07-01T19:09:15.306238,2026-07-01T19:09:15.315661+00:00,82.8,20,bid,BrilliantBurritos,YieldingYams,2822765
2026-07-01T19:09:15.427283,2026-07-01T19:09:15.437093+00:00,82.7,200,ask,YieldingYams,WavyWalnuts,2822768
2026-07-01T19:09:16.195563,2026-07-01T19:09:16.205032+00:00,82.6,200,ask,WavyWalnuts,YieldingYams,2822792
2026-07-01T19:09:16.195563,2026-07-01T19:09:16.205032+00:00,82.6,425,ask,AverageAlmonds,YieldingYams,2822793
2026-07-01T19:09:17.504272,2026-07-01T19:09:17.511161+00:00,82.6,500,ask,AverageAlmonds,YieldingYams,2822805
2026-07-01T19:09:17.522357,2026-07-01T19:09:17.525942+00:00,82.6,3,bid,Xuanyu Liu,YieldingYams,2822807
2026-07-01T19:09:17.698126,2026-07-01T19:09:17.705723+00:00,82.6,122,bid,AverageAlmonds,YieldingYams,2822809
2026-07-01T19:09:18.811588,2026-07-01T19:09:18.821257+00:00,82.7,200,bid,YieldingYams,WavyWalnuts,2822823
2026-07-01T19:09:19.057478,2026-07-01T19:09:19.068948+00:00,82.8,200,ask,YieldingYams,WavyWalnuts,2822827
2026-07-01T19:09:20.264230,2026-07-01T19:09:20.274292+00:00,82.8,200,bid,WavyWalnuts,YieldingYams,2822848
2026-07-01T19:09:21.473570,2026-07-01T19:09:21.481551+00:00,82.9,200,ask,YieldingYams,WavyWalnuts,2822860
2026-07-01T19:09:24.050198,2026-07-01T19:09:24.051559+00:00,82.9,200,bid,YieldingYams,WavyWalnuts,2822912
2026-07-01T19:09:24.050198,2026-07-01T19:09:24.051559+00:00,83.1,6,bid,YieldingYams,Kelvin Chan,2822913
2026-07-01T19:09:24.050198,2026-07-01T19:09:24.051559+00:00,83.1,419,bid,YieldingYams,AverageAlmonds,2822914
2026-07-01T19:09:24.639210,2026-07-01T19:09:24.658563+00:00,83.1,20,bid,BrilliantBurritos,AverageAlmonds,2822919
2026-07-01T19:09:27.524420,2026-07-01T19:09:27.535329+00:00,82.7,8,ask,Kelvin Chan,WavyWalnuts,2822982
2026-07-01T19:09:27.524420,2026-07-01T19:09:27.535329+00:00,82.7,192,ask,YieldingYams,WavyWalnuts,2822983
2026-07-01T19:09:32.366890,2026-07-01T19:09:32.374592+00:00,82.7,200,bid,WavyWalnuts,YieldingYams,2823067
2026-07-01T19:09:34.805635,2026-07-01T19:09:34.812966+00:00,82.7,200,ask,YieldingYams,WavyWalnuts,2823117
2026-07-01T19:09:36.018455,2026-07-01T19:09:36.025080+00:00,82.7,200,ask,YieldingYams,WavyWalnuts,2823140
2026-07-01T19:09:40.852344,2026-07-01T19:09:40.858589+00:00,82.7,200,bid,WavyWalnuts,YieldingYams,2823210
2026-07-01T19:09:42.386775,2026-07-01T19:09:42.396077+00:00,82.6,500,ask,AverageAlmonds,YieldingYams,2823247
2026-07-01T19:09:42.386775,2026-07-01T19:09:42.396077+00:00,82.6,125,ask,WavyWalnuts,YieldingYams,2823248
2026-07-01T19:09:43.696175,2026-07-01T19:09:43.703795+00:00,82.7,200,bid,YieldingYams,WavyWalnuts,2823283
2026-07-01T19:09:43.696175,2026-07-01T19:09:43.703795+00:00,82.8,5,bid,YieldingYams,Kelvin Chan,2823284
2026-07-01T19:09:43.715173,2026-07-01T19:09:43.718754+00:00,82.8,14,ask,YieldingYams,Xuanyu Liu,2823286
2026-07-01T19:09:44.481354,2026-07-01T19:09:44.490144+00:00,82.8,200,ask,YieldingYams,WavyWalnuts,2823295
2026-07-01T19:09:46.141169,2026-07-01T19:09:46.148337+00:00,82.7,20,ask,YieldingYams,BrilliantBurritos,2823320
2026-07-01T19:09:46.896523,2026-07-01T19:09:46.906924+00:00,82.8,200,bid,WavyWalnuts,YieldingYams,2823343
2026-07-01T19:09:48.299646,2026-07-01T19:09:48.303222+00:00,82.8,12,ask,YieldingYams,Xuanyu Liu,2823380
2026-07-01T19:09:48.958284,2026-07-01T19:09:48.978874+00:00,82.9,1,bid,YieldingYams,Kelvin Chan,2823396
2026-07-01T19:09:48.958284,2026-07-01T19:09:48.978874+00:00,82.9,200,bid,YieldingYams,WavyWalnuts,2823397
2026-07-01T19:09:48.974555,2026-07-01T19:09:48.978874+00:00,82.9,11,ask,YieldingYams,Xuanyu Liu,2823399
2026-07-01T19:09:51.289144,2026-07-01T19:09:51.298249+00:00,82.8,20,ask,YieldingYams,BrilliantBurritos,2823436
2026-07-01T19:09:51.577550,2026-07-01T19:09:51.585128+00:00,82.9,2,bid,YieldingYams,Kelvin Chan,2823443
2026-07-01T19:09:52.943146,2026-07-01T19:09:52.948182+00:00,82.9,200,ask,YieldingYams,WavyWalnuts,2823466
2026-07-01T19:09:55.332351,2026-07-01T19:09:55.343722+00:00,83.0,2,bid,BrilliantBurritos,Kelvin Chan,2823501
2026-07-01T19:09:55.332351,2026-07-01T19:09:55.343722+00:00,83.0,18,bid,BrilliantBurritos,WavyWalnuts,2823502
2026-07-01T19:09:55.508968,2026-07-01T19:09:55.517134+00:00,83.0,200,bid,YieldingYams,WavyWalnuts,2823504
2026-07-01T19:09:55.523697,2026-07-01T19:09:55.527360+00:00,83.0,12,ask,YieldingYams,Xuanyu Liu,2823506
2026-07-01T19:09:56.979927,2026-07-01T19:09:56.991542+00:00,83.0,20,ask,YieldingYams,BrilliantBurritos,2823529
2026-07-01T19:09:57.788221,2026-07-01T19:09:57.796142+00:00,83.0,200,ask,YieldingYams,WavyWalnuts,2823545
2026-07-01T19:10:00.206237,2026-07-01T19:10:00.212765+00:00,83.0,200,bid,WavyWalnuts,YieldingYams,2823598
2026-07-01T19:10:00.756625,2026-07-01T19:10:00.763950+00:00,83.0,3,bid,YieldingYams,Kelvin Chan,2823613
2026-07-01T19:10:03.846494,2026-07-01T19:10:03.858554+00:00,83.0,200,ask,YieldingYams,WavyWalnuts,2823676
2026-07-01T19:10:04.485757,2026-07-01T19:10:04.495112+00:00,83.0,20,ask,YieldingYams,BrilliantBurritos,2823692
2026-07-01T19:10:05.998692,2026-07-01T19:10:06.000387+00:00,83.0,200,ask,WavyWalnuts,YieldingYams,2823714
2026-07-01T19:10:06.261824,2026-07-01T19:10:06.268888+00:00,82.9,200,bid,WavyWalnuts,YieldingYams,2823721
2026-07-01T19:10:07.475872,2026-07-01T19:10:07.483894+00:00,82.9,200,ask,YieldingYams,WavyWalnuts,2823744
2026-07-01T19:10:10.445380,2026-07-01T19:10:10.449003+00:00,82.9,12,bid,Xuanyu Liu,YieldingYams,2823793
2026-07-01T19:10:11.116801,2026-07-01T19:10:11.127956+00:00,82.8,200,ask,YieldingYams,WavyWalnuts,2823812
2026-07-01T19:10:11.267355,2026-07-01T19:10:11.271119+00:00,82.8,11,bid,Xuanyu Liu,YieldingYams,2823820
2026-07-01T19:10:12.324553,2026-07-01T19:10:12.332793+00:00,82.8,200,bid,WavyWalnuts,YieldingYams,2823840
2026-07-01T19:10:15.192023,2026-07-01T19:10:15.201967+00:00,82.9,200,bid,YieldingYams,WavyWalnuts,2823887
2026-07-01T19:10:15.207132,2026-07-01T19:10:15.210347+00:00,82.9,23,ask,YieldingYams,Xuanyu Liu,2823889
2026-07-01T19:10:15.970587,2026-07-01T19:10:15.974063+00:00,83.0,11,ask,WavyWalnuts,Xuanyu Liu,2823904
2026-07-01T19:10:16.503701,2026-07-01T19:10:16.514573+00:00,83.0,189,ask,WavyWalnuts,YieldingYams,2823912
2026-07-01T19:10:16.523971,2026-07-01T19:10:16.527473+00:00,83.0,9,bid,Xuanyu Liu,YieldingYams,2823917
2026-07-01T19:10:16.764100,2026-07-01T19:10:16.767929+00:00,83.0,14,bid,Xuanyu Liu,YieldingYams,2823921
2026-07-01T19:10:17.184500,2026-07-01T19:10:17.188950+00:00,82.9,11,bid,Xuanyu Liu,WavyWalnuts,2823939
2026-07-01T19:10:17.821082,2026-07-01T19:10:17.830535+00:00,82.9,189,bid,YieldingYams,WavyWalnuts,2823951
2026-07-01T19:10:19.140999,2026-07-01T19:10:19.158859+00:00,82.9,200,ask,WavyWalnuts,YieldingYams,2823976
2026-07-01T19:10:19.987589,2026-07-01T19:10:19.992730+00:00,82.7,1,ask,Kelvin Chan,Xuanyu Liu,2823992
2026-07-01T19:10:19.987589,2026-07-01T19:10:19.992730+00:00,82.7,10,ask,YieldingYams,Xuanyu Liu,2823993
2026-07-01T19:10:21.854125,2026-07-01T19:10:21.865709+00:00,82.9,20,bid,BrilliantBurritos,WavyWalnuts,2824045
2026-07-01T19:10:22.527392,2026-07-01T19:10:22.565662+00:00,82.8,200,bid,AverageAlmonds,WavyWalnuts,2824058
2026-07-01T19:10:22.561827,2026-07-01T19:10:22.565662+00:00,82.8,12,ask,AverageAlmonds,Xuanyu Liu,2824062
2026-07-01T19:10:25.666107,2026-07-01T19:10:25.677360+00:00,83.0,20,bid,BrilliantBurritos,YieldingYams,2824133
2026-07-01T19:10:26.859273,2026-07-01T19:10:26.869112+00:00,83.0,200,ask,YieldingYams,WavyWalnuts,2824151
2026-07-01T19:10:27.010228,2026-07-01T19:10:27.019669+00:00,83.1,1,bid,YieldingYams,Kelvin Chan,2824156
2026-07-01T19:10:28.068877,2026-07-01T19:10:28.075331+00:00,83.1,200,ask,YieldingYams,WavyWalnuts,2824183
2026-07-01T19:10:31.694531,2026-07-01T19:10:31.703663+00:00,83.1,200,ask,YieldingYams,WavyWalnuts,2824246
2026-07-01T19:10:32.897562,2026-07-01T19:10:32.907062+00:00,83.2,8,bid,BrilliantBurritos,Kelvin Chan,2824272
2026-07-01T19:10:32.897562,2026-07-01T19:10:32.907062+00:00,83.2,12,bid,BrilliantBurritos,YieldingYams,2824273
2026-07-01T19:10:34.123499,2026-07-01T19:10:34.133385+00:00,83.2,7,bid,WavyWalnuts,Kelvin Chan,2824298
2026-07-01T19:10:34.123499,2026-07-01T19:10:34.133385+00:00,83.2,193,bid,WavyWalnuts,YieldingYams,2824299
2026-07-01T19:10:35.331309,2026-07-01T19:10:35.339450+00:00,83.2,200,bid,WavyWalnuts,YieldingYams,2824319
2026-07-01T19:10:35.765084,2026-07-01T19:10:35.768937+00:00,83.2,35,bid,Xuanyu Liu,YieldingYams,2824325
2026-07-01T19:10:35.916223,2026-07-01T19:10:35.924426+00:00,83.1,20,ask,YieldingYams,BrilliantBurritos,2824331
2026-07-01T19:10:36.177725,2026-07-01T19:10:36.186020+00:00,83.2,4,bid,YieldingYams,Kelvin Chan,2824338
2026-07-01T19:10:36.541185,2026-07-01T19:10:36.558602+00:00,83.2,200,ask,YieldingYams,WavyWalnuts,2824341
2026-07-01T19:10:37.489696,2026-07-01T19:10:37.498849+00:00,83.3,2,bid,YieldingYams,Kelvin Chan,2824358
2026-07-01T19:10:38.802711,2026-07-01T19:10:38.811093+00:00,83.4,200,bid,YieldingYams,WavyWalnuts,2824387
2026-07-01T19:10:38.802711,2026-07-01T19:10:38.811093+00:00,83.4,2,bid,YieldingYams,Kelvin Chan,2824388
2026-07-01T19:10:38.898217,2026-07-01T19:10:38.908368+00:00,83.4,423,ask,YieldingYams,AverageAlmonds,2824390
2026-07-01T19:10:40.137433,2026-07-01T19:10:40.158623+00:00,83.3,200,ask,WavyWalnuts,YieldingYams,2824418
2026-07-01T19:10:40.159977,2026-07-01T19:10:40.168801+00:00,83.1,200,bid,WavyWalnuts,YieldingYams,2824419
2026-07-01T19:10:40.260359,2026-07-01T19:10:40.271906+00:00,83.0,20,ask,AverageAlmonds,BrilliantBurritos,2824420
2026-07-01T19:10:40.629559,2026-07-01T19:10:40.641342+00:00,83.0,20,ask,AverageAlmonds,BrilliantBurritos,2824425
2026-07-01T19:10:44.045056,2026-07-01T19:10:44.058566+00:00,83.1,20,ask,YieldingYams,BrilliantBurritos,2824502
2026-07-01T19:10:44.074271,2026-07-01T19:10:44.084182+00:00,83.2,200,bid,YieldingYams,WavyWalnuts,2824503
2026-07-01T19:10:45.011522,2026-07-01T19:10:45.020861+00:00,83.3,8,bid,WavyWalnuts,Kelvin Chan,2824516
2026-07-01T19:10:46.221072,2026-07-01T19:10:46.231478+00:00,83.4,3,bid,WavyWalnuts,Kelvin Chan,2824549
2026-07-01T19:10:46.221072,2026-07-01T19:10:46.231478+00:00,83.4,197,bid,WavyWalnuts,YieldingYams,2824550
2026-07-01T19:10:48.473725,2026-07-01T19:10:48.477688+00:00,83.5,14,bid,Xuanyu Liu,WavyWalnuts,2824579
2026-07-01T19:10:48.642634,2026-07-01T19:10:48.646313+00:00,83.5,2,bid,WavyWalnuts,Kelvin Chan,2824583
2026-07-01T19:10:48.642634,2026-07-01T19:10:48.646313+00:00,83.5,198,bid,WavyWalnuts,YieldingYams,2824584
2026-07-01T19:10:49.859568,2026-07-01T19:10:49.868977+00:00,83.4,200,bid,WavyWalnuts,YieldingYams,2824600
2026-07-01T19:10:51.963931,2026-07-01T19:10:51.974213+00:00,83.3,200,ask,WavyWalnuts,YieldingYams,2824636
2026-07-01T19:10:52.280108,2026-07-01T19:10:52.288660+00:00,83.2,200,bid,WavyWalnuts,YieldingYams,2824640
2026-07-01T19:10:53.498425,2026-07-01T19:10:53.508315+00:00,83.2,200,ask,YieldingYams,WavyWalnuts,2824669
2026-07-01T19:10:54.710124,2026-07-01T19:10:54.720667+00:00,83.3,200,ask,YieldingYams,WavyWalnuts,2824689
2026-07-01T19:10:57.126868,2026-07-01T19:10:57.136514+00:00,83.4,1,bid,WavyWalnuts,Kelvin Chan,2824739
2026-07-01T19:10:57.207079,2026-07-01T19:10:57.217624+00:00,83.4,199,ask,WavyWalnuts,YieldingYams,2824743
2026-07-01T19:11:01.074656,2026-07-01T19:11:01.080379+00:00,83.5,1,bid,Xuanyu Liu,Kelvin Chan,2824830
2026-07-01T19:11:01.074656,2026-07-01T19:11:01.080379+00:00,83.5,13,bid,Xuanyu Liu,WavyWalnuts,2824831
2026-07-01T19:11:03.175925,2026-07-01T19:11:03.185535+00:00,83.4,200,ask,YieldingYams,WavyWalnuts,2824873
2026-07-01T19:11:03.798125,2026-07-01T19:11:03.801927+00:00,83.3,23,bid,Xuanyu Liu,YieldingYams,2824887
2026-07-01T19:11:04.321389,2026-07-01T19:11:04.328494+00:00,83.3,500,bid,AverageAlmonds,YieldingYams,2824898
2026-07-01T19:11:04.381575,2026-07-01T19:11:04.389773+00:00,83.3,102,bid,WavyWalnuts,YieldingYams,2824903
2026-07-01T19:11:04.400857,2026-07-01T19:11:04.404400+00:00,83.3,11,ask,WavyWalnuts,Xuanyu Liu,2824905
2026-07-01T19:11:05.592502,2026-07-01T19:11:05.599959+00:00,83.3,200,ask,YieldingYams,WavyWalnuts,2824930
2026-07-01T19:11:06.157785,2026-07-01T19:11:06.162041+00:00,83.4,1,ask,AverageAlmonds,Xuanyu Liu,2824945
2026-07-01T19:11:06.403502,2026-07-01T19:11:06.410041+00:00,83.4,499,ask,AverageAlmonds,YieldingYams,2824949
2026-07-01T19:11:06.726658,2026-07-01T19:11:06.736556+00:00,83.3,126,bid,AverageAlmonds,YieldingYams,2824956
2026-07-01T19:11:06.801868,2026-07-01T19:11:06.812732+00:00,83.4,200,ask,AverageAlmonds,WavyWalnuts,2824961
2026-07-01T19:11:08.010077,2026-07-01T19:11:08.019500+00:00,83.4,200,ask,YieldingYams,WavyWalnuts,2824984
2026-07-01T19:11:10.582244,2026-07-01T19:11:10.585590+00:00,83.6,1,bid,Xuanyu Liu,YieldingYams,2825028
2026-07-01T19:11:12.688740,2026-07-01T19:11:12.700089+00:00,83.5,20,ask,WavyWalnuts,BrilliantBurritos,2825062
2026-07-01T19:11:12.855231,2026-07-01T19:11:12.864240+00:00,83.5,200,ask,YieldingYams,WavyWalnuts,2825066
2026-07-01T19:11:14.309919,2026-07-01T19:11:14.320987+00:00,83.5,200,ask,WavyWalnuts,YieldingYams,2825092
2026-07-01T19:11:14.328066,2026-07-01T19:11:14.331610+00:00,83.5,11,bid,Xuanyu Liu,YieldingYams,2825095
2026-07-01T19:11:15.619774,2026-07-01T19:11:15.626781+00:00,83.5,200,bid,YieldingYams,WavyWalnuts,2825115
2026-07-01T19:11:16.482283,2026-07-01T19:11:16.490962+00:00,83.5,200,ask,YieldingYams,WavyWalnuts,2825132
2026-07-01T19:11:16.934894,2026-07-01T19:11:16.963971+00:00,83.4,500,ask,AverageAlmonds,YieldingYams,2825136
2026-07-01T19:11:16.959666,2026-07-01T19:11:16.963971+00:00,83.4,23,bid,Xuanyu Liu,YieldingYams,2825138
2026-07-01T19:11:17.025343,2026-07-01T19:11:17.034643+00:00,83.4,102,bid,AverageAlmonds,YieldingYams,2825139
2026-07-01T19:11:18.269304,2026-07-01T19:11:18.279397+00:00,83.5,200,bid,YieldingYams,WavyWalnuts,2825164
2026-07-01T19:11:19.984800,2026-07-01T19:11:19.996124+00:00,83.6,3,bid,BrilliantBurritos,Kelvin Chan,2825202
2026-07-01T19:11:19.984800,2026-07-01T19:11:19.996124+00:00,83.6,17,bid,BrilliantBurritos,YieldingYams,2825203
2026-07-01T19:11:20.112557,2026-07-01T19:11:20.122237+00:00,83.6,200,bid,WavyWalnuts,YieldingYams,2825208
2026-07-01T19:11:28.786027,2026-07-01T19:11:28.792336+00:00,83.5,200,ask,WavyWalnuts,YieldingYams,2825388
2026-07-01T19:11:30.095412,2026-07-01T19:11:30.103467+00:00,83.5,200,bid,YieldingYams,WavyWalnuts,2825408
2026-07-01T19:11:31.012786,2026-07-01T19:11:31.021259+00:00,83.5,200,ask,YieldingYams,WavyWalnuts,2825424
2026-07-01T19:11:31.498013,2026-07-01T19:11:31.509546+00:00,83.4,20,ask,AverageAlmonds,BrilliantBurritos,2825438
2026-07-01T19:11:32.716027,2026-07-01T19:11:32.726240+00:00,83.4,500,ask,AverageAlmonds,YieldingYams,2825474
2026-07-01T19:11:32.716027,2026-07-01T19:11:32.726240+00:00,83.4,125,ask,WavyWalnuts,YieldingYams,2825475
2026-07-01T19:11:37.054109,2026-07-01T19:11:37.063837+00:00,83.6,200,ask,YieldingYams,WavyWalnuts,2825547
2026-07-01T19:11:38.260427,2026-07-01T19:11:38.268896+00:00,83.5,200,bid,WavyWalnuts,YieldingYams,2825582
2026-07-01T19:11:39.478178,2026-07-01T19:11:39.484866+00:00,83.5,200,ask,YieldingYams,WavyWalnuts,2825608
2026-07-01T19:11:41.877332,2026-07-01T19:11:41.887026+00:00,83.5,20,bid,BrilliantBurritos,WavyWalnuts,2825661
2026-07-01T19:11:41.898021,2026-07-01T19:11:41.907889+00:00,83.4,500,ask,AverageAlmonds,YieldingYams,2825663
2026-07-01T19:11:41.902641,2026-07-01T19:11:41.913287+00:00,83.4,125,bid,WavyWalnuts,YieldingYams,2825665
2026-07-01T19:11:45.536058,2026-07-01T19:11:45.543339+00:00,83.5,200,ask,YieldingYams,WavyWalnuts,2825729
2026-07-01T19:11:46.324638,2026-07-01T19:11:46.336271+00:00,83.3,2,ask,Kelvin Chan,BrilliantBurritos,2825746
2026-07-01T19:11:46.324638,2026-07-01T19:11:46.336271+00:00,83.3,18,ask,WavyWalnuts,BrilliantBurritos,2825747
2026-07-01T19:11:46.701093,2026-07-01T19:11:46.707485+00:00,83.4,500,bid,AverageAlmonds,YieldingYams,2825757
2026-07-01T19:11:46.743831,2026-07-01T19:11:46.763767+00:00,83.4,125,bid,WavyWalnuts,YieldingYams,2825762
2026-07-01T19:11:47.120862,2026-07-01T19:11:47.132243+00:00,83.4,20,ask,WavyWalnuts,BrilliantBurritos,2825767
2026-07-01T19:11:47.129573,2026-07-01T19:11:47.137580+00:00,83.6,200,bid,YieldingYams,WavyWalnuts,2825768
2026-07-01T19:11:47.143487,2026-07-01T19:11:47.147858+00:00,83.6,11,ask,YieldingYams,Xuanyu Liu,2825770
2026-07-01T19:11:47.956729,2026-07-01T19:11:47.958577+00:00,83.6,200,ask,YieldingYams,WavyWalnuts,2825782
2026-07-01T19:11:52.370727,2026-07-01T19:11:52.390887+00:00,83.4,3,ask,Kelvin Chan,YieldingYams,2825841
2026-07-01T19:11:52.370727,2026-07-01T19:11:52.390887+00:00,83.4,200,ask,WavyWalnuts,YieldingYams,2825842
2026-07-01T19:11:52.387098,2026-07-01T19:11:52.390887+00:00,83.4,1,bid,Xuanyu Liu,YieldingYams,2825844
2026-07-01T19:11:52.437173,2026-07-01T19:11:52.440756+00:00,83.4,1,bid,Xuanyu Liu,YieldingYams,2825846
2026-07-01T19:11:52.756773,2026-07-01T19:11:52.752665+00:00,83.4,420,bid,AverageAlmonds,YieldingYams,2825850
2026-07-01T19:11:53.684306,2026-07-01T19:11:53.691597+00:00,83.5,200,bid,YieldingYams,WavyWalnuts,2825870
2026-07-01T19:11:54.327776,2026-07-01T19:11:54.331702+00:00,83.5,14,ask,YieldingYams,Xuanyu Liu,2825885
2026-07-01T19:11:54.997336,2026-07-01T19:11:55.007388+00:00,83.5,500,ask,AverageAlmonds,YieldingYams,2825901
2026-07-01T19:11:55.160262,2026-07-01T19:11:55.169163+00:00,83.5,125,bid,AverageAlmonds,YieldingYams,2825902
2026-07-01T19:11:56.306050,2026-07-01T19:11:56.316167+00:00,83.6,200,bid,YieldingYams,WavyWalnuts,2825936
2026-07-01T19:11:56.321998,2026-07-01T19:11:56.326030+00:00,83.6,11,ask,YieldingYams,Xuanyu Liu,2825938
2026-07-01T19:11:56.430050,2026-07-01T19:11:56.438489+00:00,83.6,200,ask,YieldingYams,WavyWalnuts,2825941
2026-07-01T19:11:58.853038,2026-07-01T19:11:58.858593+00:00,83.5,200,ask,AverageAlmonds,WavyWalnuts,2825988
2026-07-01T19:11:59.408562,2026-07-01T19:11:59.415547+00:00,83.6,500,bid,AverageAlmonds,YieldingYams,2825994
2026-07-01T19:12:00.003237,2026-07-01T19:12:00.013057+00:00,83.6,125,bid,AverageAlmonds,YieldingYams,2826008
2026-07-01T19:12:00.060584,2026-07-01T19:12:00.069270+00:00,83.6,200,ask,AverageAlmonds,WavyWalnuts,2826009
2026-07-01T19:12:00.247058,2026-07-01T19:12:00.257153+00:00,83.7,2,bid,YieldingYams,Kelvin Chan,2826011
2026-07-01T19:12:00.264696,2026-07-01T19:12:00.268531+00:00,83.8,23,ask,YieldingYams,Xuanyu Liu,2826013
2026-07-01T19:12:01.560223,2026-07-01T19:12:01.569221+00:00,83.9,9,bid,YieldingYams,Kelvin Chan,2826038
2026-07-01T19:12:01.560223,2026-07-01T19:12:01.569221+00:00,83.9,200,bid,YieldingYams,WavyWalnuts,2826039
2026-07-01T19:12:02.470134,2026-07-01T19:12:02.479270+00:00,84.0,20,bid,BrilliantBurritos,YieldingYams,2826063
2026-07-01T19:12:02.478318,2026-07-01T19:12:02.484490+00:00,83.9,200,ask,YieldingYams,WavyWalnuts,2826064
2026-07-01T19:12:06.100059,2026-07-01T19:12:06.111471+00:00,83.8,1,bid,WavyWalnuts,Kelvin Chan,2826140
2026-07-01T19:12:06.100059,2026-07-01T19:12:06.111471+00:00,83.9,199,bid,WavyWalnuts,YieldingYams,2826141
2026-07-01T19:12:06.814348,2026-07-01T19:12:06.838679+00:00,84.0,200,bid,YieldingYams,WavyWalnuts,2826155
2026-07-01T19:12:06.835394,2026-07-01T19:12:06.838679+00:00,84.0,3,ask,YieldingYams,Xuanyu Liu,2826161
2026-07-01T19:12:06.870296,2026-07-01T19:12:06.881192+00:00,84.0,20,ask,YieldingYams,BrilliantBurritos,2826162
2026-07-01T19:12:07.310663,2026-07-01T19:12:07.320797+00:00,84.0,200,ask,YieldingYams,WavyWalnuts,2826171
2026-07-01T19:12:09.447443,2026-07-01T19:12:09.463824+00:00,83.8,200,ask,WavyWalnuts,YieldingYams,2826212
2026-07-01T19:12:09.471414,2026-07-01T19:12:09.475316+00:00,83.8,3,bid,Xuanyu Liu,YieldingYams,2826214
2026-07-01T19:12:09.735088,2026-07-01T19:12:09.741739+00:00,83.8,200,bid,WavyWalnuts,YieldingYams,2826216
2026-07-01T19:12:10.737654,2026-07-01T19:12:10.741429+00:00,83.7,3,ask,YieldingYams,Xuanyu Liu,2826251
2026-07-01T19:12:10.764261,2026-07-01T19:12:10.767920+00:00,83.9,14,ask,YieldingYams,Xuanyu Liu,2826253
2026-07-01T19:12:12.164418,2026-07-01T19:12:12.174834+00:00,83.9,200,ask,YieldingYams,WavyWalnuts,2826282
2026-07-01T19:12:13.376095,2026-07-01T19:12:13.384620+00:00,83.9,200,ask,YieldingYams,WavyWalnuts,2826310
2026-07-01T19:12:13.841048,2026-07-01T19:12:13.844890+00:00,84.0,11,bid,Xuanyu Liu,YieldingYams,2826318
2026-07-01T19:12:14.583744,2026-07-01T19:12:14.590223+00:00,83.8,200,ask,YieldingYams,WavyWalnuts,2826333
2026-07-01T19:12:15.797677,2026-07-01T19:12:15.805588+00:00,83.8,200,ask,YieldingYams,WavyWalnuts,2826360
2026-07-01T19:12:16.016906,2026-07-01T19:12:16.027283+00:00,83.7,12,ask,Kelvin Chan,YieldingYams,2826363
2026-07-01T19:12:16.016906,2026-07-01T19:12:16.027283+00:00,83.7,200,ask,WavyWalnuts,YieldingYams,2826364
2026-07-01T19:12:16.037929,2026-07-01T19:12:16.041500+00:00,83.7,3,bid,Xuanyu Liu,YieldingYams,2826366
2026-07-01T19:12:17.005169,2026-07-01T19:12:17.014601+00:00,83.7,200,bid,WavyWalnuts,YieldingYams,2826388
2026-07-01T19:12:17.327870,2026-07-01T19:12:17.341870+00:00,83.8,200,bid,YieldingYams,WavyWalnuts,2826394
2026-07-01T19:12:17.348009,2026-07-01T19:12:17.351805+00:00,83.9,26,ask,YieldingYams,Xuanyu Liu,2826396
2026-07-01T19:12:17.960573,2026-07-01T19:12:17.971943+00:00,84.0,20,bid,BrilliantBurritos,YieldingYams,2826405
2026-07-01T19:12:18.213180,2026-07-01T19:12:18.222836+00:00,83.9,200,ask,YieldingYams,WavyWalnuts,2826410
2026-07-01T19:12:18.638472,2026-07-01T19:12:18.645220+00:00,83.7,200,ask,WavyWalnuts,YieldingYams,2826418
2026-07-01T19:12:18.638472,2026-07-01T19:12:18.658708+00:00,83.6,4,ask,Kelvin Chan,YieldingYams,2826419
2026-07-01T19:12:19.232641,2026-07-01T19:12:19.244283+00:00,83.6,20,bid,BrilliantBurritos,YieldingYams,2826428
2026-07-01T19:12:19.417832,2026-07-01T19:12:19.425081+00:00,83.6,200,bid,WavyWalnuts,YieldingYams,2826432
2026-07-01T19:12:21.847133,2026-07-01T19:12:21.863961+00:00,83.8,200,bid,WavyWalnuts,YieldingYams,2826482
2026-07-01T19:12:22.782490,2026-07-01T19:12:22.786015+00:00,83.8,12,bid,Xuanyu Liu,YieldingYams,2826501
2026-07-01T19:12:23.062575,2026-07-01T19:12:23.069462+00:00,83.7,200,ask,YieldingYams,WavyWalnuts,2826504
2026-07-01T19:12:25.198549,2026-07-01T19:12:25.209295+00:00,83.7,200,ask,WavyWalnuts,YieldingYams,2826555
2026-07-01T19:12:25.480868,2026-07-01T19:12:25.490873+00:00,83.7,200,bid,WavyWalnuts,YieldingYams,2826559
2026-07-01T19:12:26.693249,2026-07-01T19:12:26.702300+00:00,83.8,200,ask,YieldingYams,WavyWalnuts,2826585
2026-07-01T19:12:29.665715,2026-07-01T19:12:29.670052+00:00,83.8,14,bid,Xuanyu Liu,YieldingYams,2826651
2026-07-01T19:12:31.530967,2026-07-01T19:12:31.538961+00:00,83.8,200,ask,YieldingYams,WavyWalnuts,2826693
2026-07-01T19:12:31.860246,2026-07-01T19:12:31.871230+00:00,83.8,20,ask,YieldingYams,BrilliantBurritos,2826703
2026-07-01T19:12:32.748184,2026-07-01T19:12:32.763924+00:00,83.8,200,ask,YieldingYams,WavyWalnuts,2826720
2026-07-01T19:12:33.958018,2026-07-01T19:12:33.969095+00:00,83.8,200,bid,WavyWalnuts,YieldingYams,2826747
2026-07-01T19:12:37.015924,2026-07-01T19:12:37.022068+00:00,83.7,200,ask,WavyWalnuts,YieldingYams,2826817
2026-07-01T19:12:37.599263,2026-07-01T19:12:37.608216+00:00,83.7,200,bid,WavyWalnuts,YieldingYams,2826826
2026-07-01T19:12:38.345210,2026-07-01T19:12:38.348882+00:00,83.8,3,ask,YieldingYams,Xuanyu Liu,2826856
2026-07-01T19:12:40.947749,2026-07-01T19:12:40.968950+00:00,83.7,200,ask,WavyWalnuts,YieldingYams,2826900
2026-07-01T19:12:43.569888,2026-07-01T19:12:43.580728+00:00,83.6,7,ask,Kelvin Chan,YieldingYams,2826946
2026-07-01T19:12:43.569888,2026-07-01T19:12:43.580728+00:00,83.6,200,ask,WavyWalnuts,YieldingYams,2826947
2026-07-01T19:12:43.643216,2026-07-01T19:12:43.664228+00:00,83.6,200,bid,WavyWalnuts,YieldingYams,2826950
2026-07-01T19:12:44.885689,2026-07-01T19:12:44.894961+00:00,83.5,200,bid,YieldingYams,WavyWalnuts,2826980
2026-07-01T19:12:44.914990,2026-07-01T19:12:44.919427+00:00,83.7,11,ask,YieldingYams,Xuanyu Liu,2826985
2026-07-01T19:12:44.993540,2026-07-01T19:12:44.998497+00:00,83.7,35,ask,YieldingYams,Xuanyu Liu,2826988
2026-07-01T19:12:46.072782,2026-07-01T19:12:46.079562+00:00,83.7,200,ask,YieldingYams,WavyWalnuts,2827002
2026-07-01T19:12:47.282539,2026-07-01T19:12:47.290204+00:00,83.8,200,bid,WavyWalnuts,YieldingYams,2827030
2026-07-01T19:12:48.495107,2026-07-01T19:12:48.505627+00:00,83.7,200,bid,WavyWalnuts,YieldingYams,2827063
2026-07-01T19:12:50.133268,2026-07-01T19:12:50.142949+00:00,83.8,10,bid,YieldingYams,Kelvin Chan,2827091
2026-07-01T19:12:50.133268,2026-07-01T19:12:50.142949+00:00,83.8,500,bid,YieldingYams,AverageAlmonds,2827092
2026-07-01T19:12:50.133268,2026-07-01T19:12:50.142949+00:00,83.8,115,bid,YieldingYams,WavyWalnuts,2827093
2026-07-01T19:12:51.449845,2026-07-01T19:12:51.458633+00:00,83.8,200,ask,WavyWalnuts,YieldingYams,2827115
2026-07-01T19:12:51.821745,2026-07-01T19:12:51.825613+00:00,83.7,12,bid,Xuanyu Liu,YieldingYams,2827122
2026-07-01T19:12:52.131151,2026-07-01T19:12:52.141722+00:00,83.7,200,bid,WavyWalnuts,YieldingYams,2827131
2026-07-01T19:12:53.344271,2026-07-01T19:12:53.358765+00:00,83.7,200,ask,YieldingYams,WavyWalnuts,2827152
2026-07-01T19:12:54.551475,2026-07-01T19:12:54.563914+00:00,83.7,200,ask,YieldingYams,WavyWalnuts,2827168
2026-07-01T19:12:56.988868,2026-07-01T19:12:56.992469+00:00,83.7,11,bid,Xuanyu Liu,WavyWalnuts,2827227
2026-07-01T19:12:57.991872,2026-07-01T19:12:58.003033+00:00,83.7,189,bid,YieldingYams,WavyWalnuts,2827242
2026-07-01T19:12:59.393053,2026-07-01T19:12:59.400360+00:00,83.7,200,ask,YieldingYams,WavyWalnuts,2827274
2026-07-01T19:13:01.947315,2026-07-01T19:13:01.963949+00:00,83.7,200,bid,YieldingYams,WavyWalnuts,2827341
2026-07-01T19:13:02.684847,2026-07-01T19:13:02.696419+00:00,83.7,20,ask,YieldingYams,BrilliantBurritos,2827351
2026-07-01T19:13:03.013806,2026-07-01T19:13:03.021715+00:00,83.7,200,ask,YieldingYams,WavyWalnuts,2827358
2026-07-01T19:13:05.732323,2026-07-01T19:13:05.743944+00:00,83.7,20,bid,BrilliantBurritos,YieldingYams,2827422
2026-07-01T19:13:06.684116,2026-07-01T19:13:06.687669+00:00,83.7,11,ask,WavyWalnuts,Xuanyu Liu,2827450
2026-07-01T19:13:07.888747,2026-07-01T19:13:07.899325+00:00,83.7,200,ask,YieldingYams,WavyWalnuts,2827466
2026-07-01T19:13:09.110809,2026-07-01T19:13:09.114310+00:00,83.6,11,bid,Xuanyu Liu,WavyWalnuts,2827505
2026-07-01T19:13:09.804280,2026-07-01T19:13:09.815034+00:00,83.6,189,bid,YieldingYams,WavyWalnuts,2827519
2026-07-01T19:13:16.381194,2026-07-01T19:13:16.389869+00:00,83.6,200,ask,WavyWalnuts,YieldingYams,2827642
2026-07-01T19:13:17.688239,2026-07-01T19:13:17.696316+00:00,83.6,200,bid,YieldingYams,WavyWalnuts,2827671
2026-07-01T19:13:18.999532,2026-07-01T19:13:19.006801+00:00,83.5,3,ask,Kelvin Chan,YieldingYams,2827699
2026-07-01T19:13:18.999532,2026-07-01T19:13:19.012049+00:00,83.5,200,ask,WavyWalnuts,YieldingYams,2827700
2026-07-01T19:13:21.228877,2026-07-01T19:13:21.238980+00:00,83.5,200,bid,WavyWalnuts,YieldingYams,2827750
2026-07-01T19:13:22.442688,2026-07-01T19:13:22.463640+00:00,83.6,200,bid,WavyWalnuts,YieldingYams,2827774
2026-07-01T19:13:22.710744,2026-07-01T19:13:22.722317+00:00,83.5,20,ask,YieldingYams,BrilliantBurritos,2827783
2026-07-01T19:13:26.861615,2026-07-01T19:13:26.868914+00:00,83.6,200,ask,WavyWalnuts,YieldingYams,2827852
2026-07-01T19:13:26.861615,2026-07-01T19:13:26.871739+00:00,83.4,1,ask,Kelvin Chan,YieldingYams,2827853
2026-07-01T19:13:26.861615,2026-07-01T19:13:26.871739+00:00,83.4,424,ask,AverageAlmonds,YieldingYams,2827854
2026-07-01T19:13:29.479285,2026-07-01T19:13:29.498977+00:00,83.6,200,bid,YieldingYams,WavyWalnuts,2827910
2026-07-01T19:13:29.495307,2026-07-01T19:13:29.498977+00:00,83.6,11,ask,YieldingYams,Xuanyu Liu,2827912
2026-07-01T19:13:30.899715,2026-07-01T19:13:30.907621+00:00,83.7,1,bid,WavyWalnuts,Kelvin Chan,2827956
2026-07-01T19:13:30.899715,2026-07-01T19:13:30.907621+00:00,83.7,199,bid,WavyWalnuts,YieldingYams,2827957
2026-07-01T19:13:36.133480,2026-07-01T19:13:36.137110+00:00,83.7,11,bid,Xuanyu Liu,YieldingYams,2828038
2026-07-01T19:13:39.980837,2026-07-01T19:13:39.989793+00:00,83.8,200,bid,YieldingYams,WavyWalnuts,2828128
2026-07-01T19:13:40.567774,2026-07-01T19:13:40.574620+00:00,83.8,425,ask,YieldingYams,AverageAlmonds,2828143
2026-07-01T19:13:41.291773,2026-07-01T19:13:41.311644+00:00,83.6,200,ask,WavyWalnuts,YieldingYams,2828155
2026-07-01T19:13:41.307809,2026-07-01T19:13:41.311644+00:00,83.5,12,bid,Xuanyu Liu,YieldingYams,2828157
2026-07-01T19:13:41.789476,2026-07-01T19:13:41.800030+00:00,83.5,200,bid,WavyWalnuts,YieldingYams,2828171
2026-07-01T19:13:42.622519,2026-07-01T19:13:42.626498+00:00,83.7,12,ask,YieldingYams,Xuanyu Liu,2828177
2026-07-01T19:13:43.917135,2026-07-01T19:13:43.927733+00:00,83.8,5,bid,YieldingYams,Kelvin Chan,2828206
2026-07-01T19:13:43.917135,2026-07-01T19:13:43.927733+00:00,83.8,200,bid,YieldingYams,WavyWalnuts,2828207
2026-07-01T19:13:43.917135,2026-07-01T19:13:43.927733+00:00,83.8,420,bid,YieldingYams,AverageAlmonds,2828208
2026-07-01T19:13:44.121287,2026-07-01T19:13:44.132985+00:00,83.8,20,bid,BrilliantBurritos,AverageAlmonds,2828210
2026-07-01T19:13:45.228159,2026-07-01T19:13:45.238166+00:00,83.7,200,ask,WavyWalnuts,YieldingYams,2828233
2026-07-01T19:13:45.617519,2026-07-01T19:13:45.621704+00:00,83.7,26,bid,Xuanyu Liu,YieldingYams,2828247
2026-07-01T19:13:47.868670,2026-07-01T19:13:47.884373+00:00,83.7,200,ask,WavyWalnuts,YieldingYams,2828292
2026-07-01T19:13:49.065808,2026-07-01T19:13:49.075535+00:00,83.7,200,bid,WavyWalnuts,YieldingYams,2828308
2026-07-01T19:13:49.083709,2026-07-01T19:13:49.091303+00:00,83.5,20,ask,YieldingYams,BrilliantBurritos,2828310
2026-07-01T19:13:50.295986,2026-07-01T19:13:50.300069+00:00,83.7,3,ask,WavyWalnuts,Xuanyu Liu,2828333
2026-07-01T19:13:52.046217,2026-07-01T19:13:52.058603+00:00,83.7,500,ask,YieldingYams,AverageAlmonds,2828373
2026-07-01T19:13:52.705405,2026-07-01T19:13:52.713888+00:00,83.7,125,ask,YieldingYams,WavyWalnuts,2828391
2026-07-01T19:13:55.129510,2026-07-01T19:13:55.136859+00:00,83.4,1,ask,Kelvin Chan,WavyWalnuts,2828439
2026-07-01T19:13:55.129510,2026-07-01T19:13:55.142114+00:00,83.4,199,ask,YieldingYams,WavyWalnuts,2828440
2026-07-01T19:13:55.174782,2026-07-01T19:13:55.178604+00:00,83.4,11,ask,YieldingYams,Xuanyu Liu,2828444
2026-07-01T19:13:56.288779,2026-07-01T19:13:56.300032+00:00,83.4,500,bid,AverageAlmonds,YieldingYams,2828458
2026-07-01T19:13:56.882157,2026-07-01T19:13:56.892766+00:00,83.4,125,bid,AverageAlmonds,YieldingYams,2828469
2026-07-01T19:13:57.033340,2026-07-01T19:13:57.042375+00:00,83.5,200,bid,YieldingYams,WavyWalnuts,2828481
2026-07-01T19:13:57.048490,2026-07-01T19:13:57.052143+00:00,83.5,12,ask,YieldingYams,Xuanyu Liu,2828484
2026-07-01T19:13:57.556683,2026-07-01T19:13:57.563615+00:00,83.5,200,ask,YieldingYams,WavyWalnuts,2828489
2026-07-01T19:14:02.134654,2026-07-01T19:14:02.158613+00:00,83.6,20,bid,BrilliantBurritos,YieldingYams,2828587
2026-07-01T19:14:02.401265,2026-07-01T19:14:02.411986+00:00,83.7,200,bid,WavyWalnuts,YieldingYams,2828593
2026-07-01T19:14:03.228508,2026-07-01T19:14:03.237735+00:00,83.6,20,ask,YieldingYams,BrilliantBurritos,2828608
2026-07-01T19:14:03.585021,2026-07-01T19:14:03.595209+00:00,83.5,1,ask,Kelvin Chan,YieldingYams,2828616
2026-07-01T19:14:03.601017,2026-07-01T19:14:03.604562+00:00,83.5,12,bid,Xuanyu Liu,YieldingYams,2828619
2026-07-01T19:14:03.617331,2026-07-01T19:14:03.625378+00:00,83.5,200,bid,WavyWalnuts,YieldingYams,2828620
2026-07-01T19:14:05.059791,2026-07-01T19:14:05.071250+00:00,83.6,20,bid,BrilliantBurritos,WavyWalnuts,2828645
2026-07-01T19:14:05.509200,2026-07-01T19:14:05.516395+00:00,83.6,20,bid,BrilliantBurritos,WavyWalnuts,2828647
2026-07-01T19:14:06.056497,2026-07-01T19:14:06.063643+00:00,83.6,200,bid,WavyWalnuts,YieldingYams,2828652
2026-07-01T19:14:06.254959,2026-07-01T19:14:06.264113+00:00,83.7,200,bid,YieldingYams,WavyWalnuts,2828660
2026-07-01T19:14:07.266067,2026-07-01T19:14:07.275765+00:00,83.7,200,ask,YieldingYams,WavyWalnuts,2828676
2026-07-01T19:14:08.488410,2026-07-01T19:14:08.491921+00:00,83.6,11,bid,Xuanyu Liu,WavyWalnuts,2828711
2026-07-01T19:14:11.549369,2026-07-01T19:14:11.564171+00:00,83.7,200,bid,YieldingYams,WavyWalnuts,2828769
2026-07-01T19:14:13.142200,2026-07-01T19:14:13.158599+00:00,83.6,20,ask,WavyWalnuts,BrilliantBurritos,2828795
2026-07-01T19:14:13.571564,2026-07-01T19:14:13.575340+00:00,83.7,3,bid,Xuanyu Liu,YieldingYams,2828814
2026-07-01T19:14:17.732433,2026-07-01T19:14:17.744114+00:00,83.6,20,ask,YieldingYams,BrilliantBurritos,2828893
2026-07-01T19:14:19.382917,2026-07-01T19:14:19.386954+00:00,83.6,3,bid,Xuanyu Liu,WavyWalnuts,2828938
2026-07-01T19:14:20.576104,2026-07-01T19:14:20.587088+00:00,83.5,200,ask,YieldingYams,WavyWalnuts,2828964
2026-07-01T19:14:21.784103,2026-07-01T19:14:21.793127+00:00,83.5,200,bid,WavyWalnuts,YieldingYams,2828989
2026-07-01T19:14:23.554606,2026-07-01T19:14:23.558534+00:00,83.5,200,bid,AverageAlmonds,WavyWalnuts,2829018
2026-07-01T19:14:24.157751,2026-07-01T19:14:24.164447+00:00,83.6,500,bid,AverageAlmonds,YieldingYams,2829025
2026-07-01T19:14:24.204688,2026-07-01T19:14:24.211438+00:00,83.4,1,ask,Kelvin Chan,WavyWalnuts,2829027
2026-07-01T19:14:24.204688,2026-07-01T19:14:24.216667+00:00,83.4,199,ask,YieldingYams,WavyWalnuts,2829028
2026-07-01T19:14:25.943024,2026-07-01T19:14:25.958580+00:00,83.7,20,bid,BrilliantBurritos,WavyWalnuts,2829058
2026-07-01T19:14:25.996541,2026-07-01T19:14:26.005975+00:00,83.7,180,bid,YieldingYams,WavyWalnuts,2829060
2026-07-01T19:14:27.779050,2026-07-01T19:14:27.786673+00:00,83.7,500,bid,AverageAlmonds,YieldingYams,2829103
2026-07-01T19:14:28.371121,2026-07-01T19:14:28.378937+00:00,83.7,125,bid,AverageAlmonds,YieldingYams,2829117
2026-07-01T19:14:28.371121,2026-07-01T19:14:28.384228+00:00,83.7,200,bid,AverageAlmonds,WavyWalnuts,2829118
2026-07-01T19:14:28.619982,2026-07-01T19:14:28.627099+00:00,83.8,1,bid,YieldingYams,Kelvin Chan,2829120
2026-07-01T19:14:29.046887,2026-07-01T19:14:29.064260+00:00,84.0,200,ask,YieldingYams,WavyWalnuts,2829129
2026-07-01T19:14:30.241331,2026-07-01T19:14:30.239991+00:00,84.1,20,ask,YieldingYams,BrilliantBurritos,2829158
2026-07-01T19:14:30.256773,2026-07-01T19:14:30.269160+00:00,84.1,200,ask,YieldingYams,WavyWalnuts,2829160
2026-07-01T19:14:32.670663,2026-07-01T19:14:32.679438+00:00,84.0,200,ask,YieldingYams,WavyWalnuts,2829213
2026-07-01T19:14:36.304259,2026-07-01T19:14:36.307862+00:00,83.9,3,ask,WavyWalnuts,Xuanyu Liu,2829278
2026-07-01T19:14:36.495940,2026-07-01T19:14:36.506334+00:00,83.9,500,ask,AverageAlmonds,YieldingYams,2829284
2026-07-01T19:14:36.871910,2026-07-01T19:14:36.888337+00:00,83.9,125,bid,AverageAlmonds,YieldingYams,2829294
2026-07-01T19:14:40.417859,2026-07-01T19:14:40.426087+00:00,84.0,8,bid,YieldingYams,Kelvin Chan,2829355
2026-07-01T19:14:40.417859,2026-07-01T19:14:40.426087+00:00,84.1,200,bid,YieldingYams,WavyWalnuts,2829356
2026-07-01T19:14:40.437520,2026-07-01T19:14:40.441297+00:00,84.1,14,ask,YieldingYams,Xuanyu Liu,2829358
2026-07-01T19:14:41.166926,2026-07-01T19:14:41.174772+00:00,84.1,200,ask,YieldingYams,WavyWalnuts,2829374
2026-07-01T19:14:42.374787,2026-07-01T19:14:42.384905+00:00,84.1,200,bid,WavyWalnuts,YieldingYams,2829394
2026-07-01T19:14:45.702350,2026-07-01T19:14:45.713028+00:00,84.1,200,bid,YieldingYams,WavyWalnuts,2829456
2026-07-01T19:14:46.947942,2026-07-01T19:14:46.958610+00:00,84.2,5,bid,BrilliantBurritos,Kelvin Chan,2829494
2026-07-01T19:14:46.947942,2026-07-01T19:14:46.958610+00:00,84.2,15,bid,BrilliantBurritos,YieldingYams,2829495
2026-07-01T19:14:47.033486,2026-07-01T19:14:47.037614+00:00,84.1,9,bid,Xuanyu Liu,YieldingYams,2829498
2026-07-01T19:14:48.435523,2026-07-01T19:14:48.443540+00:00,84.0,200,ask,YieldingYams,WavyWalnuts,2829523
2026-07-01T19:14:50.864330,2026-07-01T19:14:50.870498+00:00,84.1,200,bid,WavyWalnuts,YieldingYams,2829580
2026-07-01T19:14:52.076908,2026-07-01T19:14:52.089072+00:00,84.0,200,bid,WavyWalnuts,YieldingYams,2829601
2026-07-01T19:14:53.290016,2026-07-01T19:14:53.299617+00:00,84.1,200,ask,YieldingYams,WavyWalnuts,2829627
2026-07-01T19:14:54.112233,2026-07-01T19:14:54.123801+00:00,84.0,20,ask,YieldingYams,BrilliantBurritos,2829648
2026-07-01T19:14:54.855532,2026-07-01T19:14:54.866883+00:00,84.0,20,ask,YieldingYams,BrilliantBurritos,2829671
2026-07-01T19:14:55.276507,2026-07-01T19:14:55.280622+00:00,84.1,5,bid,Xuanyu Liu,WavyWalnuts,2829683
2026-07-01T19:14:55.710557,2026-07-01T19:14:55.718354+00:00,84.1,200,bid,WavyWalnuts,YieldingYams,2829693
2026-07-01T19:14:58.145832,2026-07-01T19:14:58.143576+00:00,84.1,200,ask,YieldingYams,WavyWalnuts,2829755
2026-07-01T19:15:00.561840,2026-07-01T19:15:00.569627+00:00,84.0,200,ask,YieldingYams,WavyWalnuts,2829792
2026-07-01T19:15:01.366746,2026-07-01T19:15:01.380312+00:00,84.1,20,bid,BrilliantBurritos,AverageAlmonds,2829809
2026-07-01T19:15:04.079758,2026-07-01T19:15:04.089793+00:00,84.0,200,ask,WavyWalnuts,YieldingYams,2829865
2026-07-01T19:15:04.781002,2026-07-01T19:15:04.785202+00:00,84.0,3,bid,Xuanyu Liu,YieldingYams,2829878
2026-07-01T19:15:09.577519,2026-07-01T19:15:09.589195+00:00,84.0,500,ask,YieldingYams,AverageAlmonds,2829975
2026-07-01T19:15:10.174088,2026-07-01T19:15:10.181362+00:00,84.0,125,ask,YieldingYams,AverageAlmonds,2829993
2026-07-01T19:15:10.306974,2026-07-01T19:15:10.315402+00:00,84.0,200,bid,WavyWalnuts,AverageAlmonds,2830002
2026-07-01T19:15:10.715448,2026-07-01T19:15:10.725599+00:00,83.8,1,ask,Kelvin Chan,YieldingYams,2830008
2026-07-01T19:15:11.514341,2026-07-01T19:15:11.525704+00:00,83.8,200,bid,WavyWalnuts,YieldingYams,2830023
2026-07-01T19:15:13.347992,2026-07-01T19:15:13.347873+00:00,83.9,200,bid,YieldingYams,WavyWalnuts,2830054
2026-07-01T19:15:13.347992,2026-07-01T19:15:13.347873+00:00,84.0,425,bid,YieldingYams,AverageAlmonds,2830055
2026-07-01T19:15:13.931846,2026-07-01T19:15:13.943399+00:00,83.8,20,ask,WavyWalnuts,BrilliantBurritos,2830070
2026-07-01T19:15:14.189722,2026-07-01T19:15:14.193396+00:00,84.0,23,bid,Xuanyu Liu,AverageAlmonds,2830077
2026-07-01T19:15:14.684238,2026-07-01T19:15:14.688128+00:00,83.9,11,bid,Xuanyu Liu,YieldingYams,2830092
2026-07-01T19:15:15.977216,2026-07-01T19:15:15.986562+00:00,83.9,200,bid,YieldingYams,WavyWalnuts,2830117
2026-07-01T19:15:16.055346,2026-07-01T19:15:16.058617+00:00,83.9,20,ask,YieldingYams,BrilliantBurritos,2830118
2026-07-01T19:15:18.607417,2026-07-01T19:15:18.617459+00:00,83.9,200,ask,WavyWalnuts,YieldingYams,2830168
2026-07-01T19:15:19.986556,2026-07-01T19:15:19.997961+00:00,83.9,200,ask,YieldingYams,WavyWalnuts,2830192
2026-07-01T19:15:21.194116,2026-07-01T19:15:21.202185+00:00,83.9,200,ask,YieldingYams,WavyWalnuts,2830219
2026-07-01T19:15:21.237230,2026-07-01T19:15:21.268017+00:00,83.8,500,ask,AverageAlmonds,YieldingYams,2830221
2026-07-01T19:15:21.264290,2026-07-01T19:15:21.268017+00:00,83.8,23,bid,Xuanyu Liu,YieldingYams,2830223
2026-07-01T19:15:21.680695,2026-07-01T19:15:21.687782+00:00,83.8,102,bid,AverageAlmonds,YieldingYams,2830228
2026-07-01T19:15:22.544008,2026-07-01T19:15:22.558599+00:00,83.9,200,bid,YieldingYams,WavyWalnuts,2830243
2026-07-01T19:15:24.516305,2026-07-01T19:15:24.527959+00:00,83.8,20,ask,WavyWalnuts,BrilliantBurritos,2830278
