timestamp,recv_time,price,volume,aggressor_side,buyer,seller,trade_id
2026-07-02T21:00:00.160729,2026-07-02T21:00:00.083771+00:00,123.8,20,ask,WavyWalnuts,BrilliantBurritos,4788010
2026-07-02T21:00:00.648488,2026-07-02T21:00:00.643200+00:00,123.9,200,bid,WavyWalnuts,YieldingYams,4788023
2026-07-02T21:00:00.989763,2026-07-02T21:00:01.001307+00:00,123.9,20,bid,BrilliantBurritos,YieldingYams,4788027
2026-07-02T21:00:03.070154,2026-07-02T21:00:03.079875+00:00,124.0,200,bid,WavyWalnuts,YieldingYams,4788068
2026-07-02T21:00:04.812450,2026-07-02T21:00:04.824068+00:00,123.9,20,ask,WavyWalnuts,BrilliantBurritos,4788099
2026-07-02T21:00:04.959544,2026-07-02T21:00:04.969487+00:00,123.9,180,ask,WavyWalnuts,YieldingYams,4788107
2026-07-02T21:00:05.501902,2026-07-02T21:00:05.509001+00:00,123.8,200,bid,WavyWalnuts,YieldingYams,4788115
2026-07-02T21:00:07.920994,2026-07-02T21:00:07.932082+00:00,124.0,200,bid,WavyWalnuts,YieldingYams,4788161
2026-07-02T21:00:08.911452,2026-07-02T21:00:08.915607+00:00,123.9,3,ask,YieldingYams,Xuanyu Liu,4788178
2026-07-02T21:00:09.129770,2026-07-02T21:00:09.139038+00:00,124.1,200,bid,WavyWalnuts,YieldingYams,4788184
2026-07-02T21:00:09.572092,2026-07-02T21:00:09.583577+00:00,124.1,10,bid,Zihao Wu,YieldingYams,4788191
2026-07-02T21:00:10.352356,2026-07-02T21:00:10.356261+00:00,124.0,11,ask,WavyWalnuts,Xuanyu Liu,4788207
2026-07-02T21:00:11.517099,2026-07-02T21:00:11.525556+00:00,124.0,189,ask,WavyWalnuts,YieldingYams,4788237
2026-07-02T21:00:12.683820,2026-07-02T21:00:12.690870+00:00,124.0,436,bid,AverageAlmonds,YieldingYams,4788264
2026-07-02T21:00:12.822681,2026-07-02T21:00:12.833627+00:00,124.1,200,bid,YieldingYams,WavyWalnuts,4788269
2026-07-02T21:00:12.839315,2026-07-02T21:00:12.843201+00:00,124.1,12,ask,YieldingYams,Xuanyu Liu,4788274
2026-07-02T21:00:12.975535,2026-07-02T21:00:12.987367+00:00,124.1,10,ask,YieldingYams,Zihao Wu,4788280
2026-07-02T21:00:13.976379,2026-07-02T21:00:13.986633+00:00,124.2,10,bid,Zihao Wu,WavyWalnuts,4788303
2026-07-02T21:00:14.176706,2026-07-02T21:00:14.188270+00:00,124.2,4,bid,Zihao Wu,WavyWalnuts,4788310
2026-07-02T21:00:17.642201,2026-07-02T21:00:17.653734+00:00,124.2,6,bid,BrilliantBurritos,Kelvin Chan,4788372
2026-07-02T21:00:18.808307,2026-07-02T21:00:18.815864+00:00,124.2,6,bid,WavyWalnuts,Kelvin Chan,4788395
2026-07-02T21:00:18.808307,2026-07-02T21:00:18.821224+00:00,124.3,194,bid,WavyWalnuts,YieldingYams,4788396
2026-07-02T21:00:19.388034,2026-07-02T21:00:19.398953+00:00,124.2,5,bid,YieldingYams,Kelvin Chan,4788407
2026-07-02T21:00:20.701583,2026-07-02T21:00:20.720072+00:00,124.4,5,bid,YieldingYams,Kelvin Chan,4788428
2026-07-02T21:00:20.716288,2026-07-02T21:00:20.720072+00:00,124.4,8,ask,YieldingYams,Xuanyu Liu,4788430
2026-07-02T21:00:24.653848,2026-07-02T21:00:24.658618+00:00,124.6,1,bid,YieldingYams,Kelvin Chan,4788535
2026-07-02T21:00:24.876873,2026-07-02T21:00:24.883281+00:00,124.6,200,ask,YieldingYams,WavyWalnuts,4788542
2026-07-02T21:00:26.086088,2026-07-02T21:00:26.095268+00:00,124.7,200,ask,YieldingYams,WavyWalnuts,4788564
2026-07-02T21:00:27.295424,2026-07-02T21:00:27.302303+00:00,124.7,200,ask,YieldingYams,WavyWalnuts,4788594
2026-07-02T21:00:28.506696,2026-07-02T21:00:28.517098+00:00,124.7,200,ask,YieldingYams,WavyWalnuts,4788630
2026-07-02T21:00:28.624615,2026-07-02T21:00:28.628228+00:00,124.6,20,bid,Xuanyu Liu,YieldingYams,4788634
2026-07-02T21:00:29.716563,2026-07-02T21:00:29.726736+00:00,124.4,200,ask,YieldingYams,WavyWalnuts,4788652
2026-07-02T21:00:29.932451,2026-07-02T21:00:29.936516+00:00,124.4,14,bid,Xuanyu Liu,YieldingYams,4788656
2026-07-02T21:00:30.391826,2026-07-02T21:00:30.395326+00:00,124.3,10,ask,Kelvin Chan,Xuanyu Liu,4788671
2026-07-02T21:00:30.400846,2026-07-02T21:00:30.404616+00:00,124.2,16,ask,WavyWalnuts,Xuanyu Liu,4788673
2026-07-02T21:00:31.201207,2026-07-02T21:00:31.204597+00:00,124.3,11,ask,Kelvin Chan,Xuanyu Liu,4788688
2026-07-02T21:00:31.878820,2026-07-02T21:00:31.890564+00:00,124.4,20,bid,BrilliantBurritos,WavyWalnuts,4788711
2026-07-02T21:00:35.622368,2026-07-02T21:00:35.633824+00:00,124.3,3,ask,Kelvin Chan,BrilliantBurritos,4788763
2026-07-02T21:00:35.622368,2026-07-02T21:00:35.633824+00:00,124.3,17,ask,YieldingYams,BrilliantBurritos,4788764
2026-07-02T21:00:36.717609,2026-07-02T21:00:36.721748+00:00,124.3,3,ask,Kelvin Chan,Xuanyu Liu,4788779
2026-07-02T21:00:38.213640,2026-07-02T21:00:38.223530+00:00,124.2,3,ask,Kelvin Chan,WavyWalnuts,4788804
2026-07-02T21:00:38.213640,2026-07-02T21:00:38.223530+00:00,124.2,197,ask,YieldingYams,WavyWalnuts,4788805
2026-07-02T21:00:39.068613,2026-07-02T21:00:39.079553+00:00,124.2,8,ask,Kelvin Chan,YieldingYams,4788812
2026-07-02T21:00:39.781855,2026-07-02T21:00:39.786401+00:00,124.2,3,bid,Xuanyu Liu,YieldingYams,4788823
2026-07-02T21:00:40.259869,2026-07-02T21:00:40.264504+00:00,124.1,6,ask,WavyWalnuts,Xuanyu Liu,4788842
2026-07-02T21:00:40.259869,2026-07-02T21:00:40.264504+00:00,124.1,6,ask,Kelvin Chan,Xuanyu Liu,4788843
2026-07-02T21:00:41.769813,2026-07-02T21:00:41.773468+00:00,124.2,11,ask,AverageAlmonds,Xuanyu Liu,4788874
2026-07-02T21:00:46.525071,2026-07-02T21:00:46.528946+00:00,124.3,11,bid,Xuanyu Liu,YieldingYams,4788967
2026-07-02T21:00:46.931822,2026-07-02T21:00:46.942461+00:00,124.2,200,ask,WavyWalnuts,YieldingYams,4788976
2026-07-02T21:00:46.950068,2026-07-02T21:00:46.954276+00:00,124.2,12,bid,Xuanyu Liu,YieldingYams,4788978
2026-07-02T21:00:51.522658,2026-07-02T21:00:51.533953+00:00,124.1,2,ask,Kelvin Chan,WavyWalnuts,4789086
2026-07-02T21:00:51.522658,2026-07-02T21:00:51.533953+00:00,124.1,198,ask,YieldingYams,WavyWalnuts,4789087
2026-07-02T21:00:53.482407,2026-07-02T21:00:53.503038+00:00,124.1,3,ask,Kelvin Chan,YieldingYams,4789132
2026-07-02T21:00:53.499423,2026-07-02T21:00:53.503038+00:00,124.1,11,bid,Xuanyu Liu,YieldingYams,4789134
2026-07-02T21:00:54.809254,2026-07-02T21:00:54.813069+00:00,124.0,12,bid,Xuanyu Liu,YieldingYams,4789149
2026-07-02T21:00:55.148870,2026-07-02T21:00:55.157391+00:00,124.0,200,bid,WavyWalnuts,YieldingYams,4789159
2026-07-02T21:00:56.355619,2026-07-02T21:00:56.365937+00:00,124.1,200,bid,WavyWalnuts,YieldingYams,4789178
2026-07-02T21:00:57.562314,2026-07-02T21:00:57.570087+00:00,124.1,200,bid,WavyWalnuts,YieldingYams,4789197
2026-07-02T21:00:58.771931,2026-07-02T21:00:58.781596+00:00,124.1,200,bid,WavyWalnuts,YieldingYams,4789220
2026-07-02T21:00:58.859463,2026-07-02T21:00:58.863465+00:00,124.0,2,ask,Kelvin Chan,Xuanyu Liu,4789222
2026-07-02T21:00:59.070549,2026-07-02T21:00:59.074625+00:00,124.0,3,ask,Kelvin Chan,Xuanyu Liu,4789225
2026-07-02T21:00:59.323421,2026-07-02T21:00:59.327577+00:00,124.0,3,ask,Kelvin Chan,Xuanyu Liu,4789233
2026-07-02T21:00:59.575786,2026-07-02T21:00:59.579439+00:00,124.0,3,ask,Kelvin Chan,Xuanyu Liu,4789244
2026-07-02T21:01:00.044132,2026-07-02T21:01:00.069803+00:00,124.0,200,bid,YieldingYams,WavyWalnuts,4789262
2026-07-02T21:01:00.065621,2026-07-02T21:01:00.069803+00:00,124.1,12,ask,YieldingYams,Xuanyu Liu,4789264
2026-07-02T21:01:01.188115,2026-07-02T21:01:01.198537+00:00,124.1,200,ask,YieldingYams,WavyWalnuts,4789289
2026-07-02T21:01:02.015332,2026-07-02T21:01:02.018711+00:00,124.0,2,ask,Kelvin Chan,Xuanyu Liu,4789312
2026-07-02T21:01:02.328714,2026-07-02T21:01:02.346919+00:00,123.8,20,ask,WavyWalnuts,BrilliantBurritos,4789318
2026-07-02T21:01:02.412079,2026-07-02T21:01:02.416073+00:00,123.9,10,ask,WavyWalnuts,Xuanyu Liu,4789322
2026-07-02T21:01:02.669404,2026-07-02T21:01:02.680886+00:00,123.9,190,ask,WavyWalnuts,YieldingYams,4789325
2026-07-02T21:01:02.739011,2026-07-02T21:01:02.750189+00:00,123.8,1,bid,Kelvin Chan,YieldingYams,4789328
2026-07-02T21:01:04.820521,2026-07-02T21:01:04.828474+00:00,123.9,2,ask,Kelvin Chan,WavyWalnuts,4789364
2026-07-02T21:01:04.820521,2026-07-02T21:01:04.828474+00:00,123.8,198,ask,YieldingYams,WavyWalnuts,4789365
2026-07-02T21:01:05.300886,2026-07-02T21:01:05.312117+00:00,123.9,2,ask,Kelvin Chan,YieldingYams,4789377
2026-07-02T21:01:05.353611,2026-07-02T21:01:05.358622+00:00,123.8,500,bid,AverageAlmonds,YieldingYams,4789382
2026-07-02T21:01:05.949763,2026-07-02T21:01:05.979999+00:00,123.8,123,bid,AverageAlmonds,YieldingYams,4789390
2026-07-02T21:01:05.976453,2026-07-02T21:01:05.979999+00:00,123.8,11,ask,AverageAlmonds,Xuanyu Liu,4789392
2026-07-02T21:01:05.987525,2026-07-02T21:01:05.991147+00:00,123.9,1,ask,Kelvin Chan,Xuanyu Liu,4789394
2026-07-02T21:01:06.037207,2026-07-02T21:01:06.040784+00:00,123.9,2,ask,Kelvin Chan,Xuanyu Liu,4789396
2026-07-02T21:01:06.091007,2026-07-02T21:01:06.094555+00:00,123.9,1,ask,Kelvin Chan,Xuanyu Liu,4789398
2026-07-02T21:01:06.200462,2026-07-02T21:01:06.204137+00:00,123.9,2,ask,Kelvin Chan,Xuanyu Liu,4789400
2026-07-02T21:01:06.806507,2026-07-02T21:01:06.810258+00:00,123.9,2,ask,Kelvin Chan,Xuanyu Liu,4789425
2026-07-02T21:01:07.251364,2026-07-02T21:01:07.255062+00:00,123.9,3,ask,WavyWalnuts,Xuanyu Liu,4789436
2026-07-02T21:01:07.301170,2026-07-02T21:01:07.307773+00:00,123.9,14,ask,WavyWalnuts,Zihao Wu,4789437
2026-07-02T21:01:09.650976,2026-07-02T21:01:09.656031+00:00,123.9,200,ask,YieldingYams,WavyWalnuts,4789479
2026-07-02T21:01:12.071844,2026-07-02T21:01:12.080503+00:00,123.9,200,ask,AverageAlmonds,WavyWalnuts,4789526
2026-07-02T21:01:13.331607,2026-07-02T21:01:13.342843+00:00,123.9,20,ask,YieldingYams,BrilliantBurritos,4789548
2026-07-02T21:01:14.308434,2026-07-02T21:01:14.315377+00:00,124.1,14,bid,Zihao Wu,YieldingYams,4789569
2026-07-02T21:01:14.498260,2026-07-02T21:01:14.507708+00:00,124.0,200,ask,WavyWalnuts,YieldingYams,4789577
2026-07-02T21:01:14.621675,2026-07-02T21:01:14.625831+00:00,124.0,11,bid,Xuanyu Liu,YieldingYams,4789579
2026-07-02T21:01:15.920906,2026-07-02T21:01:15.932595+00:00,124.0,20,ask,YieldingYams,BrilliantBurritos,4789603
2026-07-02T21:01:16.920159,2026-07-02T21:01:16.930317+00:00,124.0,200,ask,YieldingYams,WavyWalnuts,4789626
2026-07-02T21:01:21.059581,2026-07-02T21:01:21.069665+00:00,124.1,200,ask,WavyWalnuts,YieldingYams,4789697
2026-07-02T21:01:24.181624,2026-07-02T21:01:24.189836+00:00,124.0,200,bid,WavyWalnuts,YieldingYams,4789759
2026-07-02T21:01:24.742034,2026-07-02T21:01:24.748801+00:00,124.0,425,bid,AverageAlmonds,YieldingYams,4789768
2026-07-02T21:01:25.002733,2026-07-02T21:01:25.021823+00:00,124.2,2,bid,YieldingYams,Kelvin Chan,4789772
2026-07-02T21:01:25.002733,2026-07-02T21:01:25.021823+00:00,124.3,200,bid,YieldingYams,WavyWalnuts,4789773
2026-07-02T21:01:25.018503,2026-07-02T21:01:25.021823+00:00,124.3,11,ask,YieldingYams,Xuanyu Liu,4789776
2026-07-02T21:01:25.167619,2026-07-02T21:01:25.179313+00:00,124.3,14,ask,YieldingYams,Zihao Wu,4789777
2026-07-02T21:01:25.392619,2026-07-02T21:01:25.403674+00:00,124.3,200,ask,YieldingYams,WavyWalnuts,4789784
2026-07-02T21:01:27.279041,2026-07-02T21:01:27.282796+00:00,124.2,11,bid,Xuanyu Liu,YieldingYams,4789830
2026-07-02T21:01:27.369916,2026-07-02T21:01:27.380197+00:00,124.2,14,bid,Zihao Wu,YieldingYams,4789833
2026-07-02T21:01:27.627128,2026-07-02T21:01:27.634225+00:00,124.2,6,bid,YieldingYams,Kelvin Chan,4789836
2026-07-02T21:01:27.816513,2026-07-02T21:01:27.825008+00:00,124.2,200,ask,YieldingYams,WavyWalnuts,4789843
2026-07-02T21:01:29.128378,2026-07-02T21:01:29.138442+00:00,124.3,3,bid,BrilliantBurritos,Kelvin Chan,4789871
2026-07-02T21:01:29.128378,2026-07-02T21:01:29.138442+00:00,124.3,17,bid,BrilliantBurritos,WavyWalnuts,4789872
2026-07-02T21:01:31.445482,2026-07-02T21:01:31.458631+00:00,124.2,200,ask,YieldingYams,WavyWalnuts,4789919
2026-07-02T21:01:35.082150,2026-07-02T21:01:35.092086+00:00,124.2,200,ask,YieldingYams,WavyWalnuts,4789990
2026-07-02T21:01:37.502324,2026-07-02T21:01:37.508886+00:00,124.2,200,ask,YieldingYams,WavyWalnuts,4790039
2026-07-02T21:01:38.646520,2026-07-02T21:01:38.655023+00:00,124.1,500,bid,AverageAlmonds,YieldingYams,4790064
2026-07-02T21:01:39.242905,2026-07-02T21:01:39.252820+00:00,124.1,125,bid,AverageAlmonds,YieldingYams,4790079
2026-07-02T21:01:39.405545,2026-07-02T21:01:39.415518+00:00,124.2,200,bid,YieldingYams,WavyWalnuts,4790083
2026-07-02T21:01:39.916359,2026-07-02T21:01:39.923516+00:00,124.2,200,ask,YieldingYams,WavyWalnuts,4790091
2026-07-02T21:01:39.984005,2026-07-02T21:01:39.997002+00:00,124.2,14,ask,YieldingYams,Zihao Wu,4790093
2026-07-02T21:01:39.993403,2026-07-02T21:01:39.997002+00:00,124.2,11,ask,YieldingYams,Xuanyu Liu,4790096
2026-07-02T21:01:42.023487,2026-07-02T21:01:42.029784+00:00,124.1,200,ask,WavyWalnuts,YieldingYams,4790144
2026-07-02T21:01:42.023487,2026-07-02T21:01:42.035059+00:00,124.0,3,ask,Kelvin Chan,YieldingYams,4790145
2026-07-02T21:01:42.023487,2026-07-02T21:01:42.035059+00:00,124.0,422,ask,AverageAlmonds,YieldingYams,4790146
2026-07-02T21:01:43.536625,2026-07-02T21:01:43.548062+00:00,124.0,200,ask,YieldingYams,WavyWalnuts,4790180
2026-07-02T21:01:43.587905,2026-07-02T21:01:43.599293+00:00,124.2,14,bid,Zihao Wu,YieldingYams,4790181
2026-07-02T21:01:44.188497,2026-07-02T21:01:44.200060+00:00,124.1,14,ask,AverageAlmonds,Zihao Wu,4790190
2026-07-02T21:01:44.641193,2026-07-02T21:01:44.651243+00:00,124.1,486,ask,AverageAlmonds,YieldingYams,4790197
2026-07-02T21:01:44.641193,2026-07-02T21:01:44.651243+00:00,124.0,1,ask,Kelvin Chan,YieldingYams,4790198
2026-07-02T21:01:44.701843,2026-07-02T21:01:44.712804+00:00,123.9,138,bid,AverageAlmonds,YieldingYams,4790199
2026-07-02T21:01:44.744411,2026-07-02T21:01:44.758586+00:00,124.1,200,ask,AverageAlmonds,WavyWalnuts,4790200
2026-07-02T21:01:45.590209,2026-07-02T21:01:45.601539+00:00,124.3,1,bid,Zihao Wu,Kelvin Chan,4790220
2026-07-02T21:01:45.954719,2026-07-02T21:01:45.954582+00:00,124.1,200,ask,AverageAlmonds,WavyWalnuts,4790236
2026-07-02T21:01:46.390797,2026-07-02T21:01:46.399362+00:00,124.1,1,ask,AverageAlmonds,Zihao Wu,4790242
2026-07-02T21:01:47.168795,2026-07-02T21:01:47.175461+00:00,124.1,200,ask,YieldingYams,WavyWalnuts,4790261
2026-07-02T21:01:47.265179,2026-07-02T21:01:47.274664+00:00,124.1,500,ask,AverageAlmonds,YieldingYams,4790263
2026-07-02T21:01:47.738604,2026-07-02T21:01:47.747736+00:00,124.1,125,bid,AverageAlmonds,YieldingYams,4790278
2026-07-02T21:01:48.393481,2026-07-02T21:01:48.402750+00:00,124.2,200,ask,AverageAlmonds,WavyWalnuts,4790305
2026-07-02T21:01:49.074296,2026-07-02T21:01:49.085970+00:00,124.2,20,ask,YieldingYams,BrilliantBurritos,4790325
2026-07-02T21:01:49.607224,2026-07-02T21:01:49.617294+00:00,124.2,200,ask,YieldingYams,WavyWalnuts,4790345
2026-07-02T21:01:49.794604,2026-07-02T21:01:49.803582+00:00,124.3,1,bid,Zihao Wu,Kelvin Chan,4790360
2026-07-02T21:01:50.999109,2026-07-02T21:01:51.005751+00:00,124.1,1,ask,YieldingYams,Zihao Wu,4790379
2026-07-02T21:01:51.997031,2026-07-02T21:01:52.008621+00:00,124.2,1,bid,Zihao Wu,YieldingYams,4790400
2026-07-02T21:01:52.597720,2026-07-02T21:01:52.609234+00:00,124.1,1,ask,WavyWalnuts,Zihao Wu,4790414
2026-07-02T21:01:53.257269,2026-07-02T21:01:53.268973+00:00,124.2,200,bid,WavyWalnuts,YieldingYams,4790429
2026-07-02T21:01:54.470347,2026-07-02T21:01:54.477856+00:00,124.2,200,ask,YieldingYams,WavyWalnuts,4790458
2026-07-02T21:01:55.139160,2026-07-02T21:01:55.147011+00:00,124.3,1,bid,YieldingYams,Kelvin Chan,4790468
2026-07-02T21:01:55.200279,2026-07-02T21:01:55.211541+00:00,124.5,1,bid,Zihao Wu,YieldingYams,4790471
2026-07-02T21:01:55.678560,2026-07-02T21:01:55.688731+00:00,124.3,200,ask,YieldingYams,WavyWalnuts,4790486
2026-07-02T21:01:55.804432,2026-07-02T21:01:55.813183+00:00,124.3,1,ask,YieldingYams,Zihao Wu,4790492
2026-07-02T21:01:58.112778,2026-07-02T21:01:58.116040+00:00,124.1,11,bid,Xuanyu Liu,WavyWalnuts,4790539
2026-07-02T21:01:58.203527,2026-07-02T21:01:58.214070+00:00,124.1,1,bid,Zihao Wu,WavyWalnuts,4790543
2026-07-02T21:01:58.971447,2026-07-02T21:01:58.976546+00:00,124.0,2,ask,Kelvin Chan,Xuanyu Liu,4790558
2026-07-02T21:01:58.971447,2026-07-02T21:01:58.976546+00:00,124.0,21,ask,YieldingYams,Xuanyu Liu,4790559
2026-07-02T21:01:59.004403,2026-07-02T21:01:59.015967+00:00,124.0,1,ask,YieldingYams,Zihao Wu,4790560
2026-07-02T21:01:59.307179,2026-07-02T21:01:59.316013+00:00,124.0,200,ask,YieldingYams,WavyWalnuts,4790572
2026-07-02T21:02:00.405840,2026-07-02T21:02:00.417178+00:00,124.1,1,bid,Zihao Wu,YieldingYams,4790593
2026-07-02T21:02:01.807408,2026-07-02T21:02:01.819210+00:00,124.0,1,ask,YieldingYams,Zihao Wu,4790618
2026-07-02T21:02:04.067219,2026-07-02T21:02:04.075125+00:00,124.1,500,bid,AverageAlmonds,YieldingYams,4790658
2026-07-02T21:02:04.316842,2026-07-02T21:02:04.320557+00:00,124.2,200,bid,YieldingYams,WavyWalnuts,4790667
2026-07-02T21:02:04.858607,2026-07-02T21:02:04.869991+00:00,124.4,1,bid,Zihao Wu,Kelvin Chan,4790678
2026-07-02T21:02:05.643906,2026-07-02T21:02:05.647755+00:00,124.2,12,bid,Xuanyu Liu,YieldingYams,4790692
2026-07-02T21:02:05.659469,2026-07-02T21:02:05.668542+00:00,124.1,1,ask,AverageAlmonds,Zihao Wu,4790693
2026-07-02T21:02:06.733053,2026-07-02T21:02:06.739961+00:00,124.1,20,ask,AverageAlmonds,BrilliantBurritos,4790715
2026-07-02T21:02:06.948126,2026-07-02T21:02:06.953610+00:00,124.1,480,ask,AverageAlmonds,YieldingYams,4790721
2026-07-02T21:02:06.948126,2026-07-02T21:02:06.953610+00:00,124.0,1,ask,Kelvin Chan,YieldingYams,4790722
2026-07-02T21:02:06.967866,2026-07-02T21:02:06.971598+00:00,124.0,22,bid,Xuanyu Liu,YieldingYams,4790726
2026-07-02T21:02:07.105675,2026-07-02T21:02:07.115923+00:00,124.0,122,bid,AverageAlmonds,YieldingYams,4790732
2026-07-02T21:02:08.260750,2026-07-02T21:02:08.268707+00:00,124.1,500,ask,AverageAlmonds,YieldingYams,4790755
2026-07-02T21:02:08.310823,2026-07-02T21:02:08.320028+00:00,124.1,125,bid,AverageAlmonds,YieldingYams,4790759
2026-07-02T21:02:08.467567,2026-07-02T21:02:08.471908+00:00,124.1,11,ask,AverageAlmonds,Xuanyu Liu,4790766
2026-07-02T21:02:08.967792,2026-07-02T21:02:08.974960+00:00,124.1,200,ask,AverageAlmonds,WavyWalnuts,4790779
2026-07-02T21:02:09.596328,2026-07-02T21:02:09.599919+00:00,124.2,11,ask,YieldingYams,Xuanyu Liu,4790791
2026-07-02T21:02:10.173836,2026-07-02T21:02:10.185167+00:00,124.2,200,ask,YieldingYams,WavyWalnuts,4790805
2026-07-02T21:02:12.597554,2026-07-02T21:02:12.608675+00:00,124.3,200,bid,WavyWalnuts,YieldingYams,4790852
2026-07-02T21:02:13.809592,2026-07-02T21:02:13.816243+00:00,124.3,200,ask,AverageAlmonds,WavyWalnuts,4790881
2026-07-02T21:02:18.656408,2026-07-02T21:02:18.658578+00:00,124.4,2,bid,WavyWalnuts,Kelvin Chan,4790993
2026-07-02T21:02:18.773570,2026-07-02T21:02:18.784626+00:00,124.4,198,ask,WavyWalnuts,YieldingYams,4790995
2026-07-02T21:02:19.831782,2026-07-02T21:02:19.840295+00:00,124.4,427,bid,AverageAlmonds,YieldingYams,4791010
2026-07-02T21:02:19.831782,2026-07-02T21:02:19.840295+00:00,124.4,7,bid,AverageAlmonds,Kelvin Chan,4791011
2026-07-02T21:02:23.518823,2026-07-02T21:02:23.527037+00:00,124.5,200,ask,YieldingYams,WavyWalnuts,4791091
2026-07-02T21:02:24.027044,2026-07-02T21:02:24.049955+00:00,124.4,500,ask,AverageAlmonds,YieldingYams,4791098
2026-07-02T21:02:24.046008,2026-07-02T21:02:24.049955+00:00,124.4,11,bid,Xuanyu Liu,YieldingYams,4791101
2026-07-02T21:02:24.067441,2026-07-02T21:02:24.076550+00:00,124.4,114,bid,AverageAlmonds,YieldingYams,4791102
2026-07-02T21:02:25.331855,2026-07-02T21:02:25.340489+00:00,124.5,200,bid,YieldingYams,WavyWalnuts,4791125
2026-07-02T21:02:26.639878,2026-07-02T21:02:26.648067+00:00,124.6,3,bid,YieldingYams,Kelvin Chan,4791142
2026-07-02T21:02:26.670069,2026-07-02T21:02:26.673723+00:00,124.6,4,ask,YieldingYams,Xuanyu Liu,4791146
2026-07-02T21:02:27.143923,2026-07-02T21:02:27.155173+00:00,124.6,200,ask,YieldingYams,WavyWalnuts,4791161
2026-07-02T21:02:27.964161,2026-07-02T21:02:27.968172+00:00,124.6,4,bid,Xuanyu Liu,YieldingYams,4791179
2026-07-02T21:02:30.727564,2026-07-02T21:02:30.750016+00:00,124.6,5,bid,AverageAlmonds,Kelvin Chan,4791218
2026-07-02T21:02:30.746338,2026-07-02T21:02:30.750016+00:00,124.6,11,ask,AverageAlmonds,Xuanyu Liu,4791222
2026-07-02T21:02:30.774148,2026-07-02T21:02:30.781195+00:00,124.6,200,ask,AverageAlmonds,WavyWalnuts,4791223
2026-07-02T21:02:30.779471,2026-07-02T21:02:30.791484+00:00,124.7,20,bid,BrilliantBurritos,YieldingYams,4791224
2026-07-02T21:02:33.140060,2026-07-02T21:02:33.146662+00:00,124.7,7,bid,AverageAlmonds,Kelvin Chan,4791275
2026-07-02T21:02:33.140060,2026-07-02T21:02:33.151875+00:00,124.7,493,bid,AverageAlmonds,YieldingYams,4791276
2026-07-02T21:02:33.184565,2026-07-02T21:02:33.193965+00:00,124.7,200,bid,YieldingYams,WavyWalnuts,4791280
2026-07-02T21:02:33.463641,2026-07-02T21:02:33.467425+00:00,124.8,4,ask,WavyWalnuts,Xuanyu Liu,4791282
2026-07-02T21:02:33.649201,2026-07-02T21:02:33.652668+00:00,124.8,4,ask,WavyWalnuts,Xuanyu Liu,4791286
2026-07-02T21:02:33.770031,2026-07-02T21:02:33.773566+00:00,124.9,5,bid,Xuanyu Liu,Kelvin Chan,4791290
2026-07-02T21:02:33.779050,2026-07-02T21:02:33.782718+00:00,125.0,3,bid,Xuanyu Liu,YieldingYams,4791292
2026-07-02T21:02:35.402542,2026-07-02T21:02:35.413964+00:00,124.9,20,ask,WavyWalnuts,BrilliantBurritos,4791319
2026-07-02T21:02:35.804654,2026-07-02T21:02:35.813901+00:00,124.9,200,ask,WavyWalnuts,YieldingYams,4791332
2026-07-02T21:02:35.819579,2026-07-02T21:02:35.823097+00:00,124.9,11,bid,Xuanyu Liu,YieldingYams,4791334
2026-07-02T21:02:36.520220,2026-07-02T21:02:36.523608+00:00,124.8,1,bid,Xuanyu Liu,Kelvin Chan,4791358
2026-07-02T21:02:38.189917,2026-07-02T21:02:38.201454+00:00,124.9,20,bid,BrilliantBurritos,YieldingYams,4791379
2026-07-02T21:02:38.420475,2026-07-02T21:02:38.429366+00:00,124.8,200,ask,WavyWalnuts,YieldingYams,4791392
2026-07-02T21:02:39.195722,2026-07-02T21:02:39.202528+00:00,124.8,425,bid,AverageAlmonds,YieldingYams,4791406
2026-07-02T21:02:39.256181,2026-07-02T21:02:39.258622+00:00,124.9,75,ask,AverageAlmonds,WavyWalnuts,4791407
2026-07-02T21:02:39.336647,2026-07-02T21:02:39.347903+00:00,124.9,20,bid,BrilliantBurritos,WavyWalnuts,4791408
2026-07-02T21:02:39.725582,2026-07-02T21:02:39.733709+00:00,124.8,1,bid,YieldingYams,Kelvin Chan,4791418
2026-07-02T21:02:39.725582,2026-07-02T21:02:39.733709+00:00,124.9,105,bid,YieldingYams,WavyWalnuts,4791419
2026-07-02T21:02:40.479518,2026-07-02T21:02:40.483169+00:00,125.0,10,bid,Xuanyu Liu,WavyWalnuts,4791429
2026-07-02T21:02:41.010220,2026-07-02T21:02:41.016862+00:00,125.0,190,bid,AverageAlmonds,WavyWalnuts,4791438
2026-07-02T21:02:41.037954,2026-07-02T21:02:41.058618+00:00,125.0,310,ask,AverageAlmonds,YieldingYams,4791439
2026-07-02T21:02:41.628556,2026-07-02T21:02:41.635914+00:00,125.0,315,bid,AverageAlmonds,YieldingYams,4791460
2026-07-02T21:02:44.083054,2026-07-02T21:02:44.089891+00:00,125.1,200,ask,YieldingYams,WavyWalnuts,4791503
2026-07-02T21:02:45.995294,2026-07-02T21:02:46.006989+00:00,125.1,20,ask,WavyWalnuts,BrilliantBurritos,4791540
2026-07-02T21:02:47.736469,2026-07-02T21:02:47.746812+00:00,125.1,1,bid,WavyWalnuts,Kelvin Chan,4791573
2026-07-02T21:02:49.575481,2026-07-02T21:02:49.586934+00:00,125.3,20,bid,BrilliantBurritos,YieldingYams,4791609
2026-07-02T21:02:51.389601,2026-07-02T21:02:51.393276+00:00,125.3,11,ask,WavyWalnuts,Xuanyu Liu,4791640
2026-07-02T21:02:51.566742,2026-07-02T21:02:51.571175+00:00,125.3,3,ask,WavyWalnuts,Xuanyu Liu,4791643
2026-07-02T21:02:52.524735,2026-07-02T21:02:52.533320+00:00,125.3,186,ask,WavyWalnuts,AverageAlmonds,4791660
2026-07-02T21:02:52.854237,2026-07-02T21:02:52.868943+00:00,125.3,314,bid,YieldingYams,AverageAlmonds,4791663
2026-07-02T21:02:52.854237,2026-07-02T21:02:52.868943+00:00,125.3,200,bid,YieldingYams,WavyWalnuts,4791664
2026-07-02T21:02:52.865396,2026-07-02T21:02:52.868943+00:00,125.3,1,ask,YieldingYams,Xuanyu Liu,4791666
2026-07-02T21:02:53.118653,2026-07-02T21:02:53.129928+00:00,125.3,110,ask,YieldingYams,AverageAlmonds,4791671
2026-07-02T21:02:53.337469,2026-07-02T21:02:53.349188+00:00,125.2,2,bid,BrilliantBurritos,Kelvin Chan,4791676
2026-07-02T21:02:53.784622,2026-07-02T21:02:53.795866+00:00,125.2,3,bid,WavyWalnuts,Kelvin Chan,4791683
2026-07-02T21:02:53.784622,2026-07-02T21:02:53.795866+00:00,125.3,197,bid,WavyWalnuts,AverageAlmonds,4791684
2026-07-02T21:02:56.248573,2026-07-02T21:02:56.252143+00:00,125.1,7,ask,YieldingYams,Xuanyu Liu,4791726
2026-07-02T21:02:56.808248,2026-07-02T21:02:56.811864+00:00,125.2,12,ask,YieldingYams,Xuanyu Liu,4791737
2026-07-02T21:02:57.412044,2026-07-02T21:02:57.419613+00:00,125.3,1,bid,WavyWalnuts,Kelvin Chan,4791750
2026-07-02T21:02:57.412044,2026-07-02T21:02:57.424897+00:00,125.3,199,bid,WavyWalnuts,AverageAlmonds,4791751
2026-07-02T21:02:58.100594,2026-07-02T21:02:58.108067+00:00,125.3,500,bid,YieldingYams,AverageAlmonds,4791766
2026-07-02T21:02:58.113661,2026-07-02T21:02:58.117263+00:00,125.3,11,ask,YieldingYams,Xuanyu Liu,4791769
2026-07-02T21:02:58.576484,2026-07-02T21:02:58.587935+00:00,125.3,114,ask,YieldingYams,AverageAlmonds,4791781
2026-07-02T21:02:59.842212,2026-07-02T21:02:59.845858+00:00,125.1,6,bid,Xuanyu Liu,WavyWalnuts,4791804
2026-07-02T21:02:59.878955,2026-07-02T21:02:59.882677+00:00,125.1,5,bid,Xuanyu Liu,WavyWalnuts,4791806
2026-07-02T21:03:00.721837,2026-07-02T21:03:00.732504+00:00,125.1,189,bid,YieldingYams,WavyWalnuts,4791825
2026-07-02T21:03:01.501719,2026-07-02T21:03:01.508435+00:00,125.3,20,bid,BrilliantBurritos,YieldingYams,4791838
2026-07-02T21:03:02.032187,2026-07-02T21:03:02.043088+00:00,125.1,200,ask,WavyWalnuts,YieldingYams,4791856
2026-07-02T21:03:05.310079,2026-07-02T21:03:05.316407+00:00,125.0,8,ask,Kelvin Chan,BrilliantBurritos,4791915
2026-07-02T21:03:05.310079,2026-07-02T21:03:05.321556+00:00,125.0,12,ask,YieldingYams,BrilliantBurritos,4791916
2026-07-02T21:03:05.900066,2026-07-02T21:03:05.907420+00:00,125.0,200,ask,YieldingYams,WavyWalnuts,4791938
2026-07-02T21:03:05.977452,2026-07-02T21:03:05.980911+00:00,125.1,11,ask,YieldingYams,Xuanyu Liu,4791942
2026-07-02T21:03:07.287797,2026-07-02T21:03:07.291291+00:00,125.2,6,ask,YieldingYams,Xuanyu Liu,4791962
2026-07-02T21:03:07.299961,2026-07-02T21:03:07.306741+00:00,125.3,7,bid,BrilliantBurritos,Kelvin Chan,4791963
2026-07-02T21:03:07.299961,2026-07-02T21:03:07.322120+00:00,125.3,13,bid,BrilliantBurritos,AverageAlmonds,4791964
2026-07-02T21:03:08.324545,2026-07-02T21:03:08.333230+00:00,125.2,200,ask,YieldingYams,WavyWalnuts,4791981
2026-07-02T21:03:09.532740,2026-07-02T21:03:09.540840+00:00,125.3,1,bid,WavyWalnuts,Kelvin Chan,4792018
2026-07-02T21:03:09.894401,2026-07-02T21:03:09.901845+00:00,125.4,500,bid,YieldingYams,AverageAlmonds,4792032
2026-07-02T21:03:09.894401,2026-07-02T21:03:09.907116+00:00,125.5,125,bid,YieldingYams,WavyWalnuts,4792033
2026-07-02T21:03:10.747169,2026-07-02T21:03:10.758611+00:00,125.4,200,bid,WavyWalnuts,AverageAlmonds,4792044
2026-07-02T21:03:11.956641,2026-07-02T21:03:11.964295+00:00,125.3,1,bid,WavyWalnuts,Kelvin Chan,4792071
2026-07-02T21:03:11.956641,2026-07-02T21:03:11.969470+00:00,125.4,199,bid,WavyWalnuts,YieldingYams,4792072
2026-07-02T21:03:12.542289,2026-07-02T21:03:12.549633+00:00,125.4,500,bid,YieldingYams,AverageAlmonds,4792090
2026-07-02T21:03:13.130053,2026-07-02T21:03:13.136799+00:00,125.4,125,ask,YieldingYams,AverageAlmonds,4792097
2026-07-02T21:03:13.859804,2026-07-02T21:03:13.869419+00:00,125.3,200,ask,WavyWalnuts,YieldingYams,4792118
2026-07-02T21:03:13.876499,2026-07-02T21:03:13.880238+00:00,125.2,6,bid,Xuanyu Liu,YieldingYams,4792121
2026-07-02T21:03:14.372991,2026-07-02T21:03:14.383943+00:00,125.2,200,bid,WavyWalnuts,YieldingYams,4792128
2026-07-02T21:03:16.475205,2026-07-02T21:03:16.483153+00:00,125.3,200,bid,YieldingYams,WavyWalnuts,4792162
2026-07-02T21:03:16.475205,2026-07-02T21:03:16.483153+00:00,125.4,5,bid,YieldingYams,Kelvin Chan,4792163
2026-07-02T21:03:16.494890,2026-07-02T21:03:16.498688+00:00,125.4,6,ask,YieldingYams,Xuanyu Liu,4792166
2026-07-02T21:03:18.065021,2026-07-02T21:03:18.069346+00:00,125.4,29,bid,Xuanyu Liu,WavyWalnuts,4792188
2026-07-02T21:03:19.523014,2026-07-02T21:03:19.527084+00:00,125.3,4,ask,WavyWalnuts,Xuanyu Liu,4792217
2026-07-02T21:03:19.639179,2026-07-02T21:03:19.642970+00:00,125.3,4,ask,WavyWalnuts,Xuanyu Liu,4792219
2026-07-02T21:03:22.875642,2026-07-02T21:03:22.885358+00:00,125.1,200,ask,YieldingYams,WavyWalnuts,4792292
2026-07-02T21:03:24.083607,2026-07-02T21:03:24.091116+00:00,125.2,200,bid,WavyWalnuts,YieldingYams,4792316
2026-07-02T21:03:26.512041,2026-07-02T21:03:26.523149+00:00,125.3,200,bid,WavyWalnuts,YieldingYams,4792357
2026-07-02T21:03:27.737946,2026-07-02T21:03:27.741872+00:00,125.3,4,ask,WavyWalnuts,Xuanyu Liu,4792386
2026-07-02T21:03:29.842328,2026-07-02T21:03:29.854101+00:00,125.3,20,ask,WavyWalnuts,BrilliantBurritos,4792427
2026-07-02T21:03:31.359059,2026-07-02T21:03:31.368809+00:00,125.3,200,ask,YieldingYams,WavyWalnuts,4792452
2026-07-02T21:03:32.711546,2026-07-02T21:03:32.722912+00:00,125.2,20,ask,YieldingYams,BrilliantBurritos,4792479
2026-07-02T21:03:33.522321,2026-07-02T21:03:33.526906+00:00,125.3,12,bid,Xuanyu Liu,YieldingYams,4792503
2026-07-02T21:03:33.823963,2026-07-02T21:03:33.827717+00:00,125.3,11,bid,Xuanyu Liu,YieldingYams,4792509
2026-07-02T21:03:37.439685,2026-07-02T21:03:37.447057+00:00,125.2,200,ask,WavyWalnuts,YieldingYams,4792594
2026-07-02T21:03:37.460854,2026-07-02T21:03:37.465028+00:00,125.2,11,bid,Xuanyu Liu,YieldingYams,4792596
2026-07-02T21:03:38.627915,2026-07-02T21:03:38.637466+00:00,125.2,200,bid,WavyWalnuts,YieldingYams,4792613
2026-07-02T21:03:40.154284,2026-07-02T21:03:40.157756+00:00,125.3,12,bid,Xuanyu Liu,YieldingYams,4792655
2026-07-02T21:03:44.807584,2026-07-02T21:03:44.818968+00:00,125.3,20,ask,YieldingYams,BrilliantBurritos,4792749
2026-07-02T21:03:45.336380,2026-07-02T21:03:45.355223+00:00,125.3,200,ask,WavyWalnuts,YieldingYams,4792755
2026-07-02T21:03:45.351539,2026-07-02T21:03:45.355223+00:00,125.3,11,bid,Xuanyu Liu,YieldingYams,4792757
2026-07-02T21:03:48.306465,2026-07-02T21:03:48.317427+00:00,125.3,200,bid,WavyWalnuts,YieldingYams,4792810
2026-07-02T21:03:48.862516,2026-07-02T21:03:48.874595+00:00,125.1,3,ask,Kelvin Chan,BrilliantBurritos,4792820
2026-07-02T21:03:48.862516,2026-07-02T21:03:48.874595+00:00,125.1,17,ask,YieldingYams,BrilliantBurritos,4792821
2026-07-02T21:03:52.652894,2026-07-02T21:03:52.664403+00:00,125.2,20,ask,WavyWalnuts,BrilliantBurritos,4792899
2026-07-02T21:03:53.210699,2026-07-02T21:03:53.217379+00:00,125.3,200,ask,WavyWalnuts,YieldingYams,4792917
2026-07-02T21:03:54.349501,2026-07-02T21:03:54.358846+00:00,125.2,200,bid,WavyWalnuts,YieldingYams,4792941
2026-07-02T21:03:59.201838,2026-07-02T21:03:59.206328+00:00,125.1,1,ask,Kelvin Chan,YieldingYams,4793052
2026-07-02T21:03:59.201838,2026-07-02T21:03:59.206328+00:00,125.1,33,ask,WavyWalnuts,Xuanyu Liu,4793053
2026-07-02T21:03:59.776628,2026-07-02T21:03:59.786684+00:00,125.1,167,ask,WavyWalnuts,YieldingYams,4793056
2026-07-02T21:03:59.776628,2026-07-02T21:03:59.786684+00:00,125.1,1,ask,Kelvin Chan,Xuanyu Liu,4793057
2026-07-02T21:04:02.806666,2026-07-02T21:04:02.816233+00:00,125.0,200,ask,YieldingYams,WavyWalnuts,4793129
2026-07-02T21:04:05.023726,2026-07-02T21:04:05.031130+00:00,125.2,200,bid,YieldingYams,WavyWalnuts,4793167
2026-07-02T21:04:05.042093,2026-07-02T21:04:05.045908+00:00,125.2,11,ask,YieldingYams,Xuanyu Liu,4793171
2026-07-02T21:04:05.925001,2026-07-02T21:04:05.936535+00:00,125.4,1,bid,BrilliantBurritos,Kelvin Chan,4793189
2026-07-02T21:04:05.925001,2026-07-02T21:04:05.936535+00:00,125.4,19,bid,BrilliantBurritos,YieldingYams,4793190
2026-07-02T21:04:10.273136,2026-07-02T21:04:10.282279+00:00,125.0,500,ask,AverageAlmonds,YieldingYams,4793266
2026-07-02T21:04:10.273136,2026-07-02T21:04:10.282279+00:00,125.0,125,ask,WavyWalnuts,YieldingYams,4793267
2026-07-02T21:04:12.483036,2026-07-02T21:04:12.491605+00:00,125.1,200,ask,YieldingYams,WavyWalnuts,4793297
2026-07-02T21:04:14.023210,2026-07-02T21:04:14.034702+00:00,125.2,20,bid,BrilliantBurritos,YieldingYams,4793318
2026-07-02T21:04:14.206338,2026-07-02T21:04:14.215224+00:00,125.1,500,ask,AverageAlmonds,YieldingYams,4793324
2026-07-02T21:04:14.206338,2026-07-02T21:04:14.215224+00:00,125.0,1,ask,Kelvin Chan,YieldingYams,4793325
2026-07-02T21:04:14.206338,2026-07-02T21:04:14.220475+00:00,125.0,124,ask,WavyWalnuts,YieldingYams,4793326
2026-07-02T21:04:16.109478,2026-07-02T21:04:16.117342+00:00,125.3,200,bid,WavyWalnuts,YieldingYams,4793353
2026-07-02T21:04:16.840124,2026-07-02T21:04:16.843458+00:00,125.2,12,ask,YieldingYams,Xuanyu Liu,4793361
2026-07-02T21:04:19.444658,2026-07-02T21:04:19.452087+00:00,125.3,200,ask,WavyWalnuts,YieldingYams,4793412
2026-07-02T21:04:20.757352,2026-07-02T21:04:20.766148+00:00,125.2,200,bid,YieldingYams,WavyWalnuts,4793429
2026-07-02T21:04:23.394018,2026-07-02T21:04:23.401720+00:00,125.2,200,ask,YieldingYams,WavyWalnuts,4793474
2026-07-02T21:04:24.703417,2026-07-02T21:04:24.711961+00:00,125.3,200,bid,YieldingYams,WavyWalnuts,4793501
2026-07-02T21:04:25.817611,2026-07-02T21:04:25.826687+00:00,125.3,200,ask,YieldingYams,WavyWalnuts,4793516
2026-07-02T21:04:26.059395,2026-07-02T21:04:26.068878+00:00,125.1,20,ask,WavyWalnuts,BrilliantBurritos,4793518
2026-07-02T21:04:33.881324,2026-07-02T21:04:33.891503+00:00,125.2,200,bid,YieldingYams,WavyWalnuts,4793685
2026-07-02T21:04:33.898561,2026-07-02T21:04:33.902640+00:00,125.2,11,ask,YieldingYams,Xuanyu Liu,4793687
2026-07-02T21:04:36.705885,2026-07-02T21:04:36.714965+00:00,125.3,200,bid,WavyWalnuts,YieldingYams,4793754
2026-07-02T21:04:37.148017,2026-07-02T21:04:37.151840+00:00,125.3,23,bid,Xuanyu Liu,YieldingYams,4793771
2026-07-02T21:04:37.854602,2026-07-02T21:04:37.866215+00:00,125.1,20,ask,AverageAlmonds,BrilliantBurritos,4793784
2026-07-02T21:04:37.915488,2026-07-02T21:04:37.924333+00:00,125.3,200,bid,WavyWalnuts,YieldingYams,4793788
2026-07-02T21:04:39.157211,2026-07-02T21:04:39.161649+00:00,125.2,11,bid,Xuanyu Liu,YieldingYams,4793809
2026-07-02T21:04:40.413392,2026-07-02T21:04:40.422998+00:00,125.1,20,ask,AverageAlmonds,BrilliantBurritos,4793840
2026-07-02T21:04:42.729759,2026-07-02T21:04:42.737392+00:00,125.2,200,bid,AverageAlmonds,WavyWalnuts,4793874
2026-07-02T21:04:42.769216,2026-07-02T21:04:42.775633+00:00,125.3,200,bid,WavyWalnuts,YieldingYams,4793881
2026-07-02T21:04:43.098449,2026-07-02T21:04:43.102295+00:00,125.3,11,ask,YieldingYams,Xuanyu Liu,4793902
2026-07-02T21:04:43.476786,2026-07-02T21:04:43.480205+00:00,125.4,5,bid,Xuanyu Liu,Kelvin Chan,4793911
2026-07-02T21:04:43.486068,2026-07-02T21:04:43.489886+00:00,125.5,6,bid,Xuanyu Liu,WavyWalnuts,4793913
2026-07-02T21:04:43.996255,2026-07-02T21:04:43.999964+00:00,125.4,11,bid,Xuanyu Liu,WavyWalnuts,4793918
2026-07-02T21:04:44.409298,2026-07-02T21:04:44.412572+00:00,125.3,12,bid,Xuanyu Liu,YieldingYams,4793931
2026-07-02T21:04:47.608665,2026-07-02T21:04:47.616453+00:00,125.2,200,ask,YieldingYams,WavyWalnuts,4794002
2026-07-02T21:04:48.818636,2026-07-02T21:04:48.829734+00:00,125.2,200,ask,AverageAlmonds,WavyWalnuts,4794021
2026-07-02T21:04:50.041689,2026-07-02T21:04:50.058592+00:00,125.2,200,ask,YieldingYams,WavyWalnuts,4794049
2026-07-02T21:04:50.951023,2026-07-02T21:04:50.968593+00:00,125.3,500,ask,AverageAlmonds,YieldingYams,4794067
2026-07-02T21:04:50.964407,2026-07-02T21:04:50.968593+00:00,125.3,11,bid,Xuanyu Liu,YieldingYams,4794069
2026-07-02T21:04:51.251498,2026-07-02T21:04:51.253159+00:00,125.2,200,ask,AverageAlmonds,WavyWalnuts,4794077
2026-07-02T21:04:52.457863,2026-07-02T21:04:52.469305+00:00,125.2,200,ask,YieldingYams,WavyWalnuts,4794095
2026-07-02T21:04:53.576208,2026-07-02T21:04:53.585654+00:00,125.2,11,ask,Kelvin Chan,YieldingYams,4794122
2026-07-02T21:04:53.576208,2026-07-02T21:04:53.585654+00:00,125.2,500,ask,AverageAlmonds,YieldingYams,4794123
2026-07-02T21:04:53.600854,2026-07-02T21:04:53.611875+00:00,125.2,114,bid,AverageAlmonds,YieldingYams,4794125
2026-07-02T21:04:53.665406,2026-07-02T21:04:53.674269+00:00,125.2,200,ask,AverageAlmonds,WavyWalnuts,4794128
2026-07-02T21:04:54.254495,2026-07-02T21:04:54.258186+00:00,125.3,11,ask,AverageAlmonds,Xuanyu Liu,4794135
2026-07-02T21:04:55.440684,2026-07-02T21:04:55.451951+00:00,125.3,200,bid,AverageAlmonds,WavyWalnuts,4794163
2026-07-02T21:04:56.085896,2026-07-02T21:04:56.096940+00:00,125.3,200,ask,AverageAlmonds,WavyWalnuts,4794184
2026-07-02T21:04:58.122842,2026-07-02T21:04:58.134521+00:00,125.3,20,ask,WavyWalnuts,BrilliantBurritos,4794230
2026-07-02T21:04:58.827243,2026-07-02T21:04:58.837388+00:00,125.3,500,ask,AverageAlmonds,YieldingYams,4794244
2026-07-02T21:04:59.049850,2026-07-02T21:04:59.058614+00:00,125.3,125,bid,AverageAlmonds,YieldingYams,4794246
2026-07-02T21:04:59.049850,2026-07-02T21:04:59.058614+00:00,125.4,1,bid,AverageAlmonds,Kelvin Chan,4794247
2026-07-02T21:04:59.049850,2026-07-02T21:04:59.069087+00:00,125.4,200,bid,AverageAlmonds,WavyWalnuts,4794248
2026-07-02T21:04:59.378081,2026-07-02T21:04:59.382108+00:00,125.5,1,bid,Xuanyu Liu,Kelvin Chan,4794266
2026-07-02T21:04:59.747268,2026-07-02T21:04:59.758614+00:00,125.4,200,ask,AverageAlmonds,WavyWalnuts,4794273
2026-07-02T21:05:00.153147,2026-07-02T21:05:00.156973+00:00,125.6,6,bid,Xuanyu Liu,YieldingYams,4794282
2026-07-02T21:05:00.402645,2026-07-02T21:05:00.406294+00:00,125.5,1,bid,Xuanyu Liu,Kelvin Chan,4794288
2026-07-02T21:05:00.959261,2026-07-02T21:05:00.968913+00:00,125.5,200,ask,AverageAlmonds,WavyWalnuts,4794296
2026-07-02T21:05:01.454784,2026-07-02T21:05:01.454317+00:00,125.5,300,ask,AverageAlmonds,YieldingYams,4794306
2026-07-02T21:05:01.464136,2026-07-02T21:05:01.467670+00:00,125.5,3,bid,Xuanyu Liu,YieldingYams,4794308
2026-07-02T21:05:01.484405,2026-07-02T21:05:01.494434+00:00,125.5,322,bid,AverageAlmonds,YieldingYams,4794309
2026-07-02T21:05:02.170311,2026-07-02T21:05:02.180318+00:00,125.4,200,ask,AverageAlmonds,WavyWalnuts,4794318
2026-07-02T21:05:02.551991,2026-07-02T21:05:02.556856+00:00,125.4,11,ask,AverageAlmonds,Xuanyu Liu,4794324
2026-07-02T21:05:02.563091,2026-07-02T21:05:02.572113+00:00,125.4,20,ask,AverageAlmonds,BrilliantBurritos,4794325
2026-07-02T21:05:02.742751,2026-07-02T21:05:02.747123+00:00,125.5,12,ask,AverageAlmonds,Xuanyu Liu,4794334
2026-07-02T21:05:03.902556,2026-07-02T21:05:03.913027+00:00,125.6,200,bid,AverageAlmonds,WavyWalnuts,4794352
2026-07-02T21:05:03.927549,2026-07-02T21:05:03.931374+00:00,125.6,11,ask,AverageAlmonds,Xuanyu Liu,4794354
2026-07-02T21:05:08.158420,2026-07-02T21:05:08.170129+00:00,125.7,20,ask,WavyWalnuts,BrilliantBurritos,4794431
2026-07-02T21:05:09.271857,2026-07-02T21:05:09.279798+00:00,125.8,20,bid,BrilliantBurritos,YieldingYams,4794451
2026-07-02T21:05:10.957249,2026-07-02T21:05:10.966415+00:00,125.8,20,bid,BrilliantBurritos,WavyWalnuts,4794493
2026-07-02T21:05:13.191567,2026-07-02T21:05:13.200445+00:00,125.7,23,ask,WavyWalnuts,Zihao Wu,4794542
2026-07-02T21:05:13.260985,2026-07-02T21:05:13.268916+00:00,125.7,177,ask,WavyWalnuts,YieldingYams,4794545
2026-07-02T21:05:13.610990,2026-07-02T21:05:13.622373+00:00,125.7,23,bid,Zihao Wu,YieldingYams,4794550
2026-07-02T21:05:14.215143,2026-07-02T21:05:14.224952+00:00,125.7,18,bid,Zihao Wu,YieldingYams,4794559
2026-07-02T21:05:14.284375,2026-07-02T21:05:14.291373+00:00,125.7,200,bid,WavyWalnuts,YieldingYams,4794563
2026-07-02T21:05:14.392882,2026-07-02T21:05:14.400870+00:00,125.5,18,ask,YieldingYams,Zihao Wu,4794570
2026-07-02T21:05:15.497789,2026-07-02T21:05:15.564377+00:00,125.7,200,ask,YieldingYams,WavyWalnuts,4794602
2026-07-02T21:05:16.025598,2026-07-02T21:05:16.036938+00:00,125.7,22,bid,Zihao Wu,YieldingYams,4794607
2026-07-02T21:05:16.705759,2026-07-02T21:05:16.715243+00:00,125.5,200,ask,YieldingYams,WavyWalnuts,4794627
2026-07-02T21:05:17.814229,2026-07-02T21:05:17.823568+00:00,125.7,500,bid,AverageAlmonds,YieldingYams,4794655
2026-07-02T21:05:18.206952,2026-07-02T21:05:18.213425+00:00,125.5,20,ask,YieldingYams,BrilliantBurritos,4794661
2026-07-02T21:05:18.618005,2026-07-02T21:05:18.621781+00:00,125.6,11,ask,AverageAlmonds,Xuanyu Liu,4794677
2026-07-02T21:05:22.759848,2026-07-02T21:05:22.769685+00:00,125.8,1,bid,WavyWalnuts,Kelvin Chan,4794741
2026-07-02T21:05:23.127887,2026-07-02T21:05:23.139530+00:00,125.8,20,ask,WavyWalnuts,BrilliantBurritos,4794747
2026-07-02T21:05:23.741566,2026-07-02T21:05:23.748039+00:00,125.8,179,ask,WavyWalnuts,YieldingYams,4794763
2026-07-02T21:05:23.966683,2026-07-02T21:05:23.977933+00:00,125.7,200,bid,WavyWalnuts,YieldingYams,4794772
2026-07-02T21:05:25.174898,2026-07-02T21:05:25.182161+00:00,125.7,200,ask,YieldingYams,WavyWalnuts,4794786
2026-07-02T21:05:27.672899,2026-07-02T21:05:27.684363+00:00,125.6,2,ask,Kelvin Chan,YieldingYams,4794837
2026-07-02T21:05:28.631029,2026-07-02T21:05:28.642329+00:00,125.5,20,ask,WavyWalnuts,BrilliantBurritos,4794845
2026-07-02T21:05:28.818044,2026-07-02T21:05:28.824510+00:00,125.5,7,ask,Kelvin Chan,WavyWalnuts,4794852
2026-07-02T21:05:28.835371,2026-07-02T21:05:28.839170+00:00,125.5,3,bid,Xuanyu Liu,WavyWalnuts,4794854
2026-07-02T21:05:29.317744,2026-07-02T21:05:29.325048+00:00,125.5,190,bid,AverageAlmonds,WavyWalnuts,4794864
2026-07-02T21:05:29.920425,2026-07-02T21:05:29.927609+00:00,125.6,500,bid,AverageAlmonds,YieldingYams,4794872
2026-07-02T21:05:31.239106,2026-07-02T21:05:31.245641+00:00,125.6,200,ask,YieldingYams,WavyWalnuts,4794900
2026-07-02T21:05:31.555314,2026-07-02T21:05:31.566851+00:00,125.6,20,ask,YieldingYams,BrilliantBurritos,4794906
2026-07-02T21:05:31.600861,2026-07-02T21:05:31.611891+00:00,125.6,500,ask,AverageAlmonds,YieldingYams,4794907
2026-07-02T21:05:31.742714,2026-07-02T21:05:31.752234+00:00,125.6,125,bid,AverageAlmonds,YieldingYams,4794910
2026-07-02T21:05:32.446489,2026-07-02T21:05:32.454631+00:00,125.6,200,ask,AverageAlmonds,WavyWalnuts,4794924
2026-07-02T21:05:33.653273,2026-07-02T21:05:33.658585+00:00,125.7,200,ask,YieldingYams,WavyWalnuts,4794953
2026-07-02T21:05:34.969382,2026-07-02T21:05:34.980980+00:00,125.6,20,ask,YieldingYams,BrilliantBurritos,4794966
2026-07-02T21:05:38.151076,2026-07-02T21:05:38.168794+00:00,125.8,200,bid,YieldingYams,WavyWalnuts,4795051
2026-07-02T21:05:38.165059,2026-07-02T21:05:38.168794+00:00,125.8,15,ask,YieldingYams,Xuanyu Liu,4795053
2026-07-02T21:05:40.184120,2026-07-02T21:05:40.191013+00:00,125.6,20,ask,YieldingYams,BrilliantBurritos,4795101
2026-07-02T21:05:42.116136,2026-07-02T21:05:42.122771+00:00,125.7,200,ask,YieldingYams,WavyWalnuts,4795136
2026-07-02T21:05:44.676325,2026-07-02T21:05:44.687839+00:00,125.7,20,ask,WavyWalnuts,BrilliantBurritos,4795186
2026-07-02T21:05:48.175043,2026-07-02T21:05:48.185266+00:00,125.7,200,ask,YieldingYams,WavyWalnuts,4795258
2026-07-02T21:05:55.223832,2026-07-02T21:05:55.227795+00:00,125.7,11,ask,YieldingYams,Xuanyu Liu,4795401
2026-07-02T21:05:55.257259,2026-07-02T21:05:55.268738+00:00,125.7,22,ask,YieldingYams,Zihao Wu,4795402
2026-07-02T21:05:56.260049,2026-07-02T21:05:56.274244+00:00,125.9,1,bid,Zihao Wu,Kelvin Chan,4795423
2026-07-02T21:05:56.260049,2026-07-02T21:05:56.274244+00:00,125.9,21,bid,Zihao Wu,YieldingYams,4795424
2026-07-02T21:05:57.857949,2026-07-02T21:05:57.869403+00:00,125.7,200,bid,WavyWalnuts,YieldingYams,4795453
2026-07-02T21:05:59.149639,2026-07-02T21:05:59.155905+00:00,125.6,200,bid,YieldingYams,WavyWalnuts,4795479
2026-07-02T21:05:59.495017,2026-07-02T21:05:59.498954+00:00,125.6,6,ask,YieldingYams,Xuanyu Liu,4795485
2026-07-02T21:05:59.662069,2026-07-02T21:05:59.673667+00:00,125.6,22,ask,YieldingYams,Zihao Wu,4795491
2026-07-02T21:05:59.794075,2026-07-02T21:05:59.805848+00:00,125.6,20,ask,YieldingYams,BrilliantBurritos,4795494
2026-07-02T21:06:02.665903,2026-07-02T21:06:02.672316+00:00,125.9,3,bid,Zihao Wu,Kelvin Chan,4795556
2026-07-02T21:06:02.665903,2026-07-02T21:06:02.677770+00:00,125.9,19,bid,Zihao Wu,YieldingYams,4795557
2026-07-02T21:06:02.697377,2026-07-02T21:06:02.703581+00:00,125.9,200,bid,WavyWalnuts,YieldingYams,4795559
2026-07-02T21:06:03.265762,2026-07-02T21:06:03.273981+00:00,125.8,22,ask,YieldingYams,Zihao Wu,4795581
2026-07-02T21:06:03.466045,2026-07-02T21:06:03.475340+00:00,125.9,8,bid,Zihao Wu,Kelvin Chan,4795588
2026-07-02T21:06:03.866387,2026-07-02T21:06:03.877919+00:00,126.0,14,bid,Zihao Wu,YieldingYams,4795595
2026-07-02T21:06:04.398921,2026-07-02T21:06:04.406235+00:00,125.8,200,ask,WavyWalnuts,YieldingYams,4795609
2026-07-02T21:06:05.032489,2026-07-02T21:06:05.041756+00:00,125.8,425,bid,AverageAlmonds,YieldingYams,4795619
2026-07-02T21:06:05.115117,2026-07-02T21:06:05.124306+00:00,125.8,75,ask,AverageAlmonds,WavyWalnuts,4795626
2026-07-02T21:06:05.625878,2026-07-02T21:06:05.634985+00:00,125.8,125,bid,AverageAlmonds,WavyWalnuts,4795635
2026-07-02T21:06:06.442705,2026-07-02T21:06:06.458585+00:00,125.9,20,ask,AverageAlmonds,BrilliantBurritos,4795652
2026-07-02T21:06:07.025812,2026-07-02T21:06:07.035624+00:00,125.9,200,ask,WavyWalnuts,YieldingYams,4795665
2026-07-02T21:06:09.072812,2026-07-02T21:06:09.084428+00:00,125.8,22,ask,YieldingYams,Zihao Wu,4795691
2026-07-02T21:06:09.289529,2026-07-02T21:06:09.299085+00:00,126.0,22,bid,Zihao Wu,YieldingYams,4795695
2026-07-02T21:06:09.886976,2026-07-02T21:06:09.897371+00:00,125.9,500,bid,AverageAlmonds,YieldingYams,4795702
2026-07-02T21:06:10.950648,2026-07-02T21:06:10.956191+00:00,126.0,200,bid,YieldingYams,WavyWalnuts,4795721
2026-07-02T21:06:11.074791,2026-07-02T21:06:11.086439+00:00,126.0,22,ask,YieldingYams,Zihao Wu,4795724
2026-07-02T21:06:12.145213,2026-07-02T21:06:12.149162+00:00,126.1,6,bid,Xuanyu Liu,WavyWalnuts,4795748
2026-07-02T21:06:12.274642,2026-07-02T21:06:12.278609+00:00,125.9,23,bid,Xuanyu Liu,YieldingYams,4795751
2026-07-02T21:06:12.356902,2026-07-02T21:06:12.368036+00:00,125.9,22,bid,Zihao Wu,YieldingYams,4795754
2026-07-02T21:06:12.555765,2026-07-02T21:06:12.567466+00:00,125.8,22,ask,AverageAlmonds,Zihao Wu,4795762
2026-07-02T21:06:13.757115,2026-07-02T21:06:13.768785+00:00,125.8,23,ask,AverageAlmonds,Zihao Wu,4795787
2026-07-02T21:06:18.495603,2026-07-02T21:06:18.500491+00:00,126.2,7,bid,Xuanyu Liu,Kelvin Chan,4795895
2026-07-02T21:06:18.495603,2026-07-02T21:06:18.500491+00:00,126.2,15,bid,Xuanyu Liu,YieldingYams,4795896
2026-07-02T21:06:18.562466,2026-07-02T21:06:18.569752+00:00,126.2,45,bid,Zihao Wu,YieldingYams,4795897
2026-07-02T21:06:18.834932,2026-07-02T21:06:18.838244+00:00,126.1,12,bid,Xuanyu Liu,YieldingYams,4795905
2026-07-02T21:06:20.132070,2026-07-02T21:06:20.152250+00:00,126.0,200,ask,WavyWalnuts,YieldingYams,4795932
2026-07-02T21:06:20.148655,2026-07-02T21:06:20.152250+00:00,126.0,11,bid,Xuanyu Liu,YieldingYams,4795934
2026-07-02T21:06:20.847257,2026-07-02T21:06:20.853402+00:00,125.9,2,ask,Kelvin Chan,WavyWalnuts,4795945
2026-07-02T21:06:21.654800,2026-07-02T21:06:21.658632+00:00,125.8,11,ask,YieldingYams,Xuanyu Liu,4795965
2026-07-02T21:06:25.384045,2026-07-02T21:06:25.391580+00:00,125.9,4,ask,Kelvin Chan,YieldingYams,4796037
2026-07-02T21:06:25.384045,2026-07-02T21:06:25.391580+00:00,125.9,500,ask,AverageAlmonds,YieldingYams,4796038
2026-07-02T21:06:25.402199,2026-07-02T21:06:25.405537+00:00,125.9,11,bid,Xuanyu Liu,YieldingYams,4796040
2026-07-02T21:06:25.632071,2026-07-02T21:06:25.640893+00:00,125.9,110,bid,AverageAlmonds,YieldingYams,4796044
2026-07-02T21:06:25.695555,2026-07-02T21:06:25.703022+00:00,125.9,200,ask,AverageAlmonds,WavyWalnuts,4796047
2026-07-02T21:06:26.906027,2026-07-02T21:06:26.912738+00:00,126.1,200,ask,YieldingYams,WavyWalnuts,4796081
2026-07-02T21:06:27.978476,2026-07-02T21:06:27.982111+00:00,126.1,11,ask,YieldingYams,Xuanyu Liu,4796109
2026-07-02T21:06:28.113680,2026-07-02T21:06:28.121751+00:00,126.1,200,ask,YieldingYams,WavyWalnuts,4796112
2026-07-02T21:06:28.372814,2026-07-02T21:06:28.384371+00:00,126.1,22,ask,YieldingYams,Zihao Wu,4796121
2026-07-02T21:06:29.329107,2026-07-02T21:06:29.336273+00:00,126.0,200,ask,AverageAlmonds,WavyWalnuts,4796141
2026-07-02T21:06:30.515311,2026-07-02T21:06:30.526910+00:00,126.2,20,bid,BrilliantBurritos,YieldingYams,4796155
2026-07-02T21:06:30.539451,2026-07-02T21:06:30.549087+00:00,126.0,200,ask,YieldingYams,WavyWalnuts,4796156
2026-07-02T21:06:30.633179,2026-07-02T21:06:30.641274+00:00,126.0,500,ask,AverageAlmonds,YieldingYams,4796162
2026-07-02T21:06:30.633179,2026-07-02T21:06:30.641274+00:00,126.0,11,ask,Kelvin Chan,YieldingYams,4796163
2026-07-02T21:06:31.055867,2026-07-02T21:06:31.063653+00:00,126.0,114,bid,AverageAlmonds,YieldingYams,4796165
2026-07-02T21:06:31.376003,2026-07-02T21:06:31.387582+00:00,126.7,22,bid,Zihao Wu,AverageAlmonds,4796180
2026-07-02T21:06:31.763925,2026-07-02T21:06:31.767578+00:00,126.1,23,bid,Xuanyu Liu,WavyWalnuts,4796196
2026-07-02T21:06:31.944330,2026-07-02T21:06:31.946338+00:00,126.1,177,bid,YieldingYams,WavyWalnuts,4796204
2026-07-02T21:06:32.957910,2026-07-02T21:06:32.969424+00:00,126.2,200,ask,YieldingYams,WavyWalnuts,4796221
2026-07-02T21:06:33.291719,2026-07-02T21:06:33.303056+00:00,125.9,3,ask,Kelvin Chan,BrilliantBurritos,4796226
2026-07-02T21:06:33.291719,2026-07-02T21:06:33.303056+00:00,125.9,17,ask,AverageAlmonds,BrilliantBurritos,4796227
2026-07-02T21:06:33.986401,2026-07-02T21:06:33.995465+00:00,126.1,20,bid,BrilliantBurritos,YieldingYams,4796244
2026-07-02T21:06:34.164361,2026-07-02T21:06:34.173283+00:00,126.1,200,bid,WavyWalnuts,YieldingYams,4796246
2026-07-02T21:06:37.190580,2026-07-02T21:06:37.199089+00:00,126.0,200,bid,YieldingYams,WavyWalnuts,4796300
2026-07-02T21:06:37.467640,2026-07-02T21:06:37.471515+00:00,126.2,11,bid,Xuanyu Liu,YieldingYams,4796302
2026-07-02T21:06:37.582708,2026-07-02T21:06:37.591888+00:00,126.2,22,bid,Zihao Wu,YieldingYams,4796303
2026-07-02T21:06:37.802256,2026-07-02T21:06:37.805635+00:00,126.1,3,bid,Xuanyu Liu,WavyWalnuts,4796309
2026-07-02T21:06:40.586137,2026-07-02T21:06:40.597973+00:00,125.9,1,ask,Kelvin Chan,Zihao Wu,4796360
2026-07-02T21:06:40.586137,2026-07-02T21:06:40.597973+00:00,125.9,21,ask,YieldingYams,Zihao Wu,4796361
2026-07-02T21:06:42.368369,2026-07-02T21:06:42.374883+00:00,125.9,20,ask,WavyWalnuts,BrilliantBurritos,4796404
2026-07-02T21:06:43.764296,2026-07-02T21:06:43.775863+00:00,125.9,1,ask,Kelvin Chan,YieldingYams,4796437
2026-07-02T21:06:43.764296,2026-07-02T21:06:43.775863+00:00,125.9,500,ask,AverageAlmonds,YieldingYams,4796438
2026-07-02T21:06:43.800010,2026-07-02T21:06:43.807251+00:00,125.9,22,bid,Zihao Wu,YieldingYams,4796439
2026-07-02T21:06:45.076287,2026-07-02T21:06:45.083742+00:00,126.0,200,bid,YieldingYams,WavyWalnuts,4796463
2026-07-02T21:06:46.238150,2026-07-02T21:06:46.245976+00:00,126.1,200,ask,YieldingYams,WavyWalnuts,4796494
2026-07-02T21:06:46.392214,2026-07-02T21:06:46.398697+00:00,125.8,2,ask,Kelvin Chan,Zihao Wu,4796495
2026-07-02T21:06:46.392214,2026-07-02T21:06:46.403913+00:00,125.8,20,ask,AverageAlmonds,Zihao Wu,4796496
2026-07-02T21:06:48.651050,2026-07-02T21:06:48.655843+00:00,126.0,200,bid,WavyWalnuts,YieldingYams,4796545
2026-07-02T21:06:50.032079,2026-07-02T21:06:50.043579+00:00,126.1,20,bid,BrilliantBurritos,YieldingYams,4796578
2026-07-02T21:06:51.090477,2026-07-02T21:06:51.094767+00:00,126.0,3,ask,WavyWalnuts,Xuanyu Liu,4796588
2026-07-02T21:06:51.666027,2026-07-02T21:06:51.675086+00:00,126.0,197,ask,WavyWalnuts,YieldingYams,4796603
2026-07-02T21:06:51.666027,2026-07-02T21:06:51.675086+00:00,125.9,6,ask,Kelvin Chan,YieldingYams,4796604
2026-07-02T21:06:54.291389,2026-07-02T21:06:54.312232+00:00,126.0,200,bid,YieldingYams,WavyWalnuts,4796667
2026-07-02T21:06:54.308056,2026-07-02T21:06:54.312232+00:00,126.0,11,ask,YieldingYams,Xuanyu Liu,4796669
2026-07-02T21:06:55.919256,2026-07-02T21:06:55.927649+00:00,126.0,200,ask,YieldingYams,WavyWalnuts,4796708
2026-07-02T21:06:57.129084,2026-07-02T21:06:57.138612+00:00,126.0,200,bid,WavyWalnuts,YieldingYams,4796736
2026-07-02T21:06:57.705575,2026-07-02T21:06:57.716130+00:00,126.0,425,bid,AverageAlmonds,YieldingYams,4796747
2026-07-02T21:06:58.217752,2026-07-02T21:06:58.227609+00:00,126.2,4,bid,YieldingYams,Kelvin Chan,4796758
2026-07-02T21:06:58.217752,2026-07-02T21:06:58.227609+00:00,126.2,200,bid,YieldingYams,WavyWalnuts,4796759
2026-07-02T21:06:58.340797,2026-07-02T21:06:58.350140+00:00,126.2,200,ask,YieldingYams,WavyWalnuts,4796765
2026-07-02T21:06:59.552932,2026-07-02T21:06:59.564098+00:00,126.1,200,ask,YieldingYams,WavyWalnuts,4796789
2026-07-02T21:07:01.971355,2026-07-02T21:07:01.981452+00:00,126.2,200,bid,WavyWalnuts,YieldingYams,4796848
2026-07-02T21:07:02.756693,2026-07-02T21:07:02.760641+00:00,126.1,12,ask,YieldingYams,Xuanyu Liu,4796860
2026-07-02T21:07:02.906428,2026-07-02T21:07:02.913662+00:00,126.1,20,ask,YieldingYams,BrilliantBurritos,4796862
2026-07-02T21:07:03.487177,2026-07-02T21:07:03.495183+00:00,126.2,3,bid,YieldingYams,Kelvin Chan,4796874
2026-07-02T21:07:03.487177,2026-07-02T21:07:03.495183+00:00,126.2,200,bid,YieldingYams,WavyWalnuts,4796875
2026-07-02T21:07:03.505839,2026-07-02T21:07:03.509501+00:00,126.2,11,ask,YieldingYams,Xuanyu Liu,4796877
2026-07-02T21:07:05.609046,2026-07-02T21:07:05.616735+00:00,126.2,200,ask,YieldingYams,WavyWalnuts,4796919
2026-07-02T21:07:06.141071,2026-07-02T21:07:06.158591+00:00,126.1,20,ask,YieldingYams,BrilliantBurritos,4796935
2026-07-02T21:07:07.413002,2026-07-02T21:07:07.421197+00:00,126.2,200,bid,YieldingYams,WavyWalnuts,4796974
2026-07-02T21:07:07.413002,2026-07-02T21:07:07.421197+00:00,126.3,5,bid,YieldingYams,Kelvin Chan,4796975
2026-07-02T21:07:08.023442,2026-07-02T21:07:08.031783+00:00,126.3,200,ask,YieldingYams,WavyWalnuts,4796979
2026-07-02T21:07:09.081577,2026-07-02T21:07:09.087190+00:00,126.0,5,ask,Kelvin Chan,Xuanyu Liu,4797005
2026-07-02T21:07:09.081577,2026-07-02T21:07:09.087190+00:00,126.0,7,ask,WavyWalnuts,Xuanyu Liu,4797006
2026-07-02T21:07:09.251240,2026-07-02T21:07:09.254871+00:00,126.1,11,ask,WavyWalnuts,Xuanyu Liu,4797009
2026-07-02T21:07:12.852926,2026-07-02T21:07:12.858594+00:00,126.0,6,ask,Kelvin Chan,WavyWalnuts,4797087
2026-07-02T21:07:12.852926,2026-07-02T21:07:12.858594+00:00,126.0,194,ask,YieldingYams,WavyWalnuts,4797088
2026-07-02T21:07:17.714947,2026-07-02T21:07:17.723366+00:00,126.0,200,bid,WavyWalnuts,YieldingYams,4797195
2026-07-02T21:07:21.741059,2026-07-02T21:07:21.745045+00:00,126.0,34,ask,YieldingYams,Xuanyu Liu,4797275
2026-07-02T21:07:26.696511,2026-07-02T21:07:26.704118+00:00,126.0,20,bid,BrilliantBurritos,WavyWalnuts,4797387
2026-07-02T21:07:27.526021,2026-07-02T21:07:27.537573+00:00,126.0,20,bid,BrilliantBurritos,YieldingYams,4797410
2026-07-02T21:07:28.090027,2026-07-02T21:07:28.101504+00:00,125.9,22,ask,WavyWalnuts,Zihao Wu,4797411
2026-07-02T21:07:29.726318,2026-07-02T21:07:29.743347+00:00,126.0,200,bid,YieldingYams,WavyWalnuts,4797442
2026-07-02T21:07:29.739939,2026-07-02T21:07:29.743347+00:00,126.0,6,ask,YieldingYams,Xuanyu Liu,4797446
2026-07-02T21:07:31.293300,2026-07-02T21:07:31.304807+00:00,126.1,22,bid,Zihao Wu,YieldingYams,4797472
2026-07-02T21:07:31.495397,2026-07-02T21:07:31.504422+00:00,125.9,1,ask,Kelvin Chan,Zihao Wu,4797477
2026-07-02T21:07:31.495397,2026-07-02T21:07:31.504422+00:00,125.9,21,ask,YieldingYams,Zihao Wu,4797478
2026-07-02T21:07:31.607216,2026-07-02T21:07:31.621696+00:00,126.1,20,bid,BrilliantBurritos,YieldingYams,4797488
2026-07-02T21:07:33.477555,2026-07-02T21:07:33.484572+00:00,126.0,200,ask,YieldingYams,WavyWalnuts,4797510
2026-07-02T21:07:34.686956,2026-07-02T21:07:34.695087+00:00,125.9,2,ask,Kelvin Chan,WavyWalnuts,4797542
2026-07-02T21:07:34.686956,2026-07-02T21:07:34.695087+00:00,125.9,198,ask,YieldingYams,WavyWalnuts,4797543
2026-07-02T21:07:37.597751,2026-07-02T21:07:37.605863+00:00,125.9,2,ask,Kelvin Chan,YieldingYams,4797614
2026-07-02T21:07:38.083749,2026-07-02T21:07:38.095187+00:00,125.9,20,bid,BrilliantBurritos,YieldingYams,4797623
2026-07-02T21:07:39.702210,2026-07-02T21:07:39.713725+00:00,126.0,22,bid,Zihao Wu,YieldingYams,4797649
2026-07-02T21:07:39.902390,2026-07-02T21:07:39.913711+00:00,125.8,5,ask,Kelvin Chan,Zihao Wu,4797654
2026-07-02T21:07:40.302868,2026-07-02T21:07:40.314266+00:00,125.8,5,bid,Zihao Wu,YieldingYams,4797663
2026-07-02T21:07:40.897315,2026-07-02T21:07:40.906486+00:00,125.8,20,bid,BrilliantBurritos,YieldingYams,4797670
2026-07-02T21:07:41.104477,2026-07-02T21:07:41.114572+00:00,125.7,5,ask,Kelvin Chan,Zihao Wu,4797675
2026-07-02T21:07:41.104477,2026-07-02T21:07:41.114572+00:00,125.7,17,ask,AverageAlmonds,Zihao Wu,4797676
2026-07-02T21:07:42.104709,2026-07-02T21:07:42.116044+00:00,125.9,22,bid,Zihao Wu,WavyWalnuts,4797708
2026-07-02T21:07:42.419091,2026-07-02T21:07:42.430834+00:00,125.9,20,bid,BrilliantBurritos,WavyWalnuts,4797719
2026-07-02T21:07:42.840673,2026-07-02T21:07:42.849274+00:00,125.9,158,bid,YieldingYams,WavyWalnuts,4797729
2026-07-02T21:07:42.905573,2026-07-02T21:07:42.916847+00:00,125.9,22,ask,YieldingYams,Zihao Wu,4797731
2026-07-02T21:07:43.180204,2026-07-02T21:07:43.189883+00:00,125.9,200,ask,YieldingYams,WavyWalnuts,4797740
2026-07-02T21:07:43.910624,2026-07-02T21:07:43.921558+00:00,126.2,6,bid,Zihao Wu,Kelvin Chan,4797756
2026-07-02T21:07:43.910624,2026-07-02T21:07:43.921558+00:00,126.2,16,bid,Zihao Wu,YieldingYams,4797757
2026-07-02T21:07:44.389104,2026-07-02T21:07:44.398484+00:00,125.8,6,ask,Kelvin Chan,WavyWalnuts,4797775
2026-07-02T21:07:44.389104,2026-07-02T21:07:44.398484+00:00,125.8,194,ask,YieldingYams,WavyWalnuts,4797776
2026-07-02T21:07:45.464256,2026-07-02T21:07:45.484471+00:00,125.8,9,ask,,,4797801
2026-07-02T21:07:45.464256,2026-07-02T21:07:45.484471+00:00,125.7,500,ask,,,4797802
2026-07-02T21:07:45.480674,2026-07-02T21:07:45.484471+00:00,125.7,17,bid,,,4797805
2026-07-02T21:07:45.596756,2026-07-02T21:07:45.606558+00:00,125.7,99,bid,,,4797813
2026-07-02T21:07:46.813215,2026-07-02T21:07:46.821037+00:00,125.9,200,ask,,,4797835
2026-07-02T21:07:47.033591,2026-07-02T21:07:47.036984+00:00,125.9,11,ask,,,4797837
2026-07-02T21:07:47.110315,2026-07-02T21:07:47.121752+00:00,125.9,22,ask,,,4797838
2026-07-02T21:07:48.019944,2026-07-02T21:07:48.027877+00:00,125.9,200,ask,,,4797858
2026-07-02T21:07:52.013962,2026-07-02T21:07:52.021681+00:00,125.8,200,ask,,,4797949
2026-07-02T21:07:54.637290,2026-07-02T21:07:54.648203+00:00,125.8,200,ask,,,4798011
2026-07-02T21:07:55.945288,2026-07-02T21:07:55.951832+00:00,125.7,4,ask,,,4798050
2026-07-02T21:07:55.945288,2026-07-02T21:07:55.956854+00:00,125.7,200,ask,,,4798051
2026-07-02T21:07:55.964011,2026-07-02T21:07:55.967792+00:00,125.7,2,bid,,,4798053
2026-07-02T21:07:56.373107,2026-07-02T21:07:56.376828+00:00,125.7,2,bid,,,4798058
2026-07-02T21:07:56.467237,2026-07-02T21:07:56.480985+00:00,125.7,200,bid,,,4798060
2026-07-02T21:07:56.477164,2026-07-02T21:07:56.480985+00:00,125.7,19,bid,,,4798062
2026-07-02T21:07:56.520075,2026-07-02T21:07:56.531640+00:00,125.7,22,bid,,,4798063
2026-07-02T21:07:59.411199,2026-07-02T21:07:59.418565+00:00,125.9,20,bid,,,4798132
2026-07-02T21:08:02.516300,2026-07-02T21:08:02.527728+00:00,126.0,200,ask,,,4798202
2026-07-02T21:08:03.047193,2026-07-02T21:08:03.051042+00:00,126.0,11,bid,,,4798211
2026-07-02T21:08:07.766973,2026-07-02T21:08:07.774458+00:00,125.9,200,ask,,,4798301
2026-07-02T21:08:08.581786,2026-07-02T21:08:08.590491+00:00,125.9,200,bid,,,4798313
2026-07-02T21:08:09.074468,2026-07-02T21:08:09.084719+00:00,126.0,1,bid,,,4798335
2026-07-02T21:08:09.794523,2026-07-02T21:08:09.805603+00:00,126.0,200,ask,,,4798353
2026-07-02T21:08:12.289122,2026-07-02T21:08:12.293594+00:00,126.1,2,bid,,,4798411
2026-07-02T21:08:12.289122,2026-07-02T21:08:12.293594+00:00,126.1,9,bid,,,4798412
2026-07-02T21:08:13.058526,2026-07-02T21:08:13.069768+00:00,126.1,2,bid,,,4798436
2026-07-02T21:08:13.428630,2026-07-02T21:08:13.432332+00:00,126.0,12,bid,,,4798445
2026-07-02T21:08:14.328380,2026-07-02T21:08:14.337754+00:00,126.0,188,bid,,,4798462
2026-07-02T21:08:15.637817,2026-07-02T21:08:15.646026+00:00,126.1,200,ask,,,4798487
2026-07-02T21:08:15.855392,2026-07-02T21:08:15.863937+00:00,126.1,200,bid,,,4798500
2026-07-02T21:08:18.260603,2026-07-02T21:08:18.268708+00:00,126.0,200,ask,,,4798551
2026-07-02T21:08:18.283493,2026-07-02T21:08:18.292894+00:00,126.0,200,bid,,,4798555
2026-07-02T21:08:19.574039,2026-07-02T21:08:19.584388+00:00,126.1,1,bid,,,4798576
2026-07-02T21:08:19.574039,2026-07-02T21:08:19.584388+00:00,126.1,200,bid,,,4798577
2026-07-02T21:08:19.590549,2026-07-02T21:08:19.594297+00:00,126.1,12,ask,,,4798579
2026-07-02T21:08:22.192755,2026-07-02T21:08:22.199593+00:00,126.1,200,bid,,,4798619
2026-07-02T21:08:24.807498,2026-07-02T21:08:24.818382+00:00,126.1,200,bid,,,4798663
2026-07-02T21:08:27.981142,2026-07-02T21:08:27.985624+00:00,126.1,11,bid,,,4798729
2026-07-02T21:08:28.147679,2026-07-02T21:08:28.151651+00:00,126.0,11,ask,,,4798733
2026-07-02T21:08:30.070895,2026-07-02T21:08:30.078394+00:00,126.0,200,bid,,,4798780
2026-07-02T21:08:30.084467,2026-07-02T21:08:30.088585+00:00,126.1,11,ask,,,4798782
2026-07-02T21:08:30.377147,2026-07-02T21:08:30.384510+00:00,126.1,200,ask,,,4798785
2026-07-02T21:08:31.583122,2026-07-02T21:08:31.592690+00:00,126.0,200,bid,,,4798806
2026-07-02T21:08:34.464402,2026-07-02T21:08:34.468378+00:00,125.9,23,ask,,,4798866
2026-07-02T21:08:36.017886,2026-07-02T21:08:36.029478+00:00,126.1,20,bid,,,4798900
2026-07-02T21:08:36.453786,2026-07-02T21:08:36.457082+00:00,126.0,11,ask,,,4798907
2026-07-02T21:08:36.593385,2026-07-02T21:08:36.604709+00:00,126.0,22,ask,,,4798908
2026-07-02T21:08:37.970208,2026-07-02T21:08:37.980663+00:00,126.2,1,bid,,,4798940
2026-07-02T21:08:37.970208,2026-07-02T21:08:37.980663+00:00,126.2,19,bid,,,4798941
2026-07-02T21:08:41.321508,2026-07-02T21:08:41.325677+00:00,126.1,11,bid,,,4799012
2026-07-02T21:08:41.398320,2026-07-02T21:08:41.409992+00:00,126.1,22,bid,,,4799013
2026-07-02T21:08:43.226027,2026-07-02T21:08:43.230321+00:00,126.0,12,bid,,,4799043
2026-07-02T21:08:43.724304,2026-07-02T21:08:43.731372+00:00,126.0,200,bid,,,4799052
2026-07-02T21:08:46.103716,2026-07-02T21:08:46.114199+00:00,126.0,20,bid,,,4799089
2026-07-02T21:08:46.142728,2026-07-02T21:08:46.152499+00:00,125.9,2,ask,,,4799094
2026-07-02T21:08:46.142728,2026-07-02T21:08:46.152499+00:00,125.9,198,ask,,,4799095
2026-07-02T21:08:47.085144,2026-07-02T21:08:47.088675+00:00,126.1,11,bid,,,4799117
2026-07-02T21:08:47.351219,2026-07-02T21:08:47.353306+00:00,125.9,11,ask,,,4799124
2026-07-02T21:08:47.351219,2026-07-02T21:08:47.353306+00:00,125.8,189,ask,,,4799125
2026-07-02T21:08:48.475770,2026-07-02T21:08:48.479494+00:00,125.9,23,bid,,,4799159
2026-07-02T21:08:48.558965,2026-07-02T21:08:48.567163+00:00,125.8,9,ask,,,4799164
2026-07-02T21:08:48.558965,2026-07-02T21:08:48.567163+00:00,125.7,191,ask,,,4799165
2026-07-02T21:08:49.774104,2026-07-02T21:08:49.785110+00:00,125.8,8,ask,,,4799188
2026-07-02T21:08:49.790904,2026-07-02T21:08:49.794981+00:00,125.8,11,bid,,,4799190
2026-07-02T21:08:50.115092,2026-07-02T21:08:50.126742+00:00,125.8,20,bid,,,4799195
2026-07-02T21:08:50.324244,2026-07-02T21:08:50.328136+00:00,125.7,11,ask,,,4799203
2026-07-02T21:08:50.989666,2026-07-02T21:08:50.997105+00:00,125.8,200,bid,,,4799223
2026-07-02T21:08:52.197318,2026-07-02T21:08:52.206746+00:00,125.8,200,bid,,,4799252
2026-07-02T21:08:54.634299,2026-07-02T21:08:54.645569+00:00,125.8,20,ask,,,4799310
2026-07-02T21:08:57.006038,2026-07-02T21:08:57.009282+00:00,125.8,20,ask,,,4799375
2026-07-02T21:09:03.086102,2026-07-02T21:09:03.092603+00:00,125.8,200,ask,,,4799502
2026-07-02T21:09:05.528225,2026-07-02T21:09:05.532492+00:00,125.9,12,ask,,,4799547
2026-07-02T21:09:06.135957,2026-07-02T21:09:06.139187+00:00,125.9,11,ask,,,4799567
2026-07-02T21:09:07.932158,2026-07-02T21:09:07.942336+00:00,125.9,200,ask,,,4799610
2026-07-02T21:09:09.359561,2026-07-02T21:09:09.370967+00:00,125.9,22,ask,,,4799656
2026-07-02T21:09:09.456241,2026-07-02T21:09:09.468944+00:00,126.1,1,bid,,,4799661
2026-07-02T21:09:09.456241,2026-07-02T21:09:09.468944+00:00,126.1,200,bid,,,4799662
2026-07-02T21:09:09.707845,2026-07-02T21:09:09.715630+00:00,126.1,424,ask,,,4799671
2026-07-02T21:09:09.960123,2026-07-02T21:09:09.971727+00:00,126.0,6,bid,,,4799674
2026-07-02T21:09:10.346437,2026-07-02T21:09:10.358556+00:00,126.1,200,bid,,,4799678
2026-07-02T21:09:10.360431,2026-07-02T21:09:10.371847+00:00,125.7,1,ask,,,4799679
2026-07-02T21:09:10.560698,2026-07-02T21:09:10.571930+00:00,125.4,5,ask,,,4799683
2026-07-02T21:09:10.760914,2026-07-02T21:09:10.768967+00:00,126.0,6,bid,,,4799689
2026-07-02T21:09:10.961118,2026-07-02T21:09:10.972804+00:00,126.0,6,bid,,,4799693
2026-07-02T21:09:11.161278,2026-07-02T21:09:11.172499+00:00,125.8,12,ask,,,4799697
2026-07-02T21:09:11.361511,2026-07-02T21:09:11.368871+00:00,126.0,6,bid,,,4799700
2026-07-02T21:09:11.556836,2026-07-02T21:09:11.565176+00:00,126.1,200,bid,,,4799704
2026-07-02T21:09:12.562711,2026-07-02T21:09:12.574236+00:00,125.9,6,ask,,,4799729
2026-07-02T21:09:12.767799,2026-07-02T21:09:12.774548+00:00,126.1,2,bid,,,4799739
2026-07-02T21:09:12.767799,2026-07-02T21:09:12.779770+00:00,126.1,198,bid,,,4799740
2026-07-02T21:09:13.978092,2026-07-02T21:09:13.984831+00:00,126.1,200,bid,,,4799762
2026-07-02T21:09:14.575855,2026-07-02T21:09:14.594048+00:00,126.1,22,bid,,,4799773
2026-07-02T21:09:14.713542,2026-07-02T21:09:14.720956+00:00,126.1,478,bid,,,4799780
2026-07-02T21:09:15.151419,2026-07-02T21:09:15.160860+00:00,126.1,147,ask,,,4799794
2026-07-02T21:09:15.187980,2026-07-02T21:09:15.197970+00:00,126.1,200,bid,,,4799795
2026-07-02T21:09:16.406248,2026-07-02T21:09:16.420173+00:00,126.0,200,bid,,,4799838
2026-07-02T21:09:19.961670,2026-07-02T21:09:19.972815+00:00,125.9,200,ask,,,4799899
2026-07-02T21:09:20.037902,2026-07-02T21:09:20.058600+00:00,125.8,200,bid,,,4799903
2026-07-02T21:09:21.248791,2026-07-02T21:09:21.258356+00:00,125.8,200,bid,,,4799923
2026-07-02T21:09:21.291560,2026-07-02T21:09:21.303067+00:00,126.0,20,bid,,,4799924
2026-07-02T21:09:23.190179,2026-07-02T21:09:23.199231+00:00,125.9,20,bid,,,4799970
2026-07-02T21:09:23.679419,2026-07-02T21:09:23.682743+00:00,125.8,11,bid,,,4799984
2026-07-02T21:09:26.080728,2026-07-02T21:09:26.088419+00:00,125.8,200,ask,,,4800037
2026-07-02T21:09:29.124605,2026-07-02T21:09:29.143709+00:00,125.9,200,bid,,,4800098
2026-07-02T21:09:29.140018,2026-07-02T21:09:29.143709+00:00,125.9,11,ask,,,4800100
2026-07-02T21:09:29.324852,2026-07-02T21:09:29.332010+00:00,126.0,3,bid,,,4800102
2026-07-02T21:09:30.762984,2026-07-02T21:09:30.774698+00:00,126.0,5,bid,,,4800128
2026-07-02T21:09:30.762984,2026-07-02T21:09:30.774698+00:00,126.0,15,bid,,,4800129
2026-07-02T21:09:31.746451,2026-07-02T21:09:31.753520+00:00,125.8,200,ask,,,4800151
2026-07-02T21:09:31.746451,2026-07-02T21:09:31.758894+00:00,125.8,425,ask,,,4800152
2026-07-02T21:09:33.975021,2026-07-02T21:09:33.986548+00:00,125.9,20,ask,,,4800195
2026-07-02T21:09:35.675535,2026-07-02T21:09:35.686345+00:00,125.9,200,ask,,,4800216
2026-07-02T21:09:35.762749,2026-07-02T21:09:35.769302+00:00,125.9,200,bid,,,4800222
2026-07-02T21:09:39.420500,2026-07-02T21:09:39.424973+00:00,125.8,11,bid,,,4800305
2026-07-02T21:09:40.624609,2026-07-02T21:09:40.631475+00:00,125.8,200,bid,,,4800334
2026-07-02T21:09:41.835431,2026-07-02T21:09:41.846891+00:00,125.9,200,ask,,,4800359
2026-07-02T21:09:44.256602,2026-07-02T21:09:44.255041+00:00,125.9,200,bid,,,4800418
2026-07-02T21:09:46.179522,2026-07-02T21:09:46.182794+00:00,125.8,12,bid,,,4800455
2026-07-02T21:09:50.087079,2026-07-02T21:09:50.097876+00:00,125.7,1,ask,,,4800539
2026-07-02T21:09:52.715003,2026-07-02T21:09:52.723058+00:00,125.6,200,bid,,,4800596
2026-07-02T21:09:53.515266,2026-07-02T21:09:53.526686+00:00,125.5,20,ask,,,4800606
2026-07-02T21:09:57.561924,2026-07-02T21:09:57.568744+00:00,125.7,200,bid,,,4800667
2026-07-02T21:09:58.770902,2026-07-02T21:09:58.778474+00:00,125.7,200,bid,,,4800690
2026-07-02T21:09:59.865478,2026-07-02T21:09:59.869572+00:00,125.8,11,bid,,,4800703
2026-07-02T21:09:59.995066,2026-07-02T21:09:59.999176+00:00,125.7,12,bid,,,4800706
2026-07-02T21:10:00.572679,2026-07-02T21:10:00.580490+00:00,125.7,188,bid,,,4800720
2026-07-02T21:10:02.250082,2026-07-02T21:10:02.246396+00:00,125.8,20,ask,,,4800756
2026-07-02T21:10:02.400186,2026-07-02T21:10:02.409081+00:00,125.8,200,ask,,,4800763
2026-07-02T21:10:05.265974,2026-07-02T21:10:05.277543+00:00,125.9,1,bid,,,4800844
2026-07-02T21:10:06.023422,2026-07-02T21:10:06.030055+00:00,125.8,200,ask,,,4800866
2026-07-02T21:10:06.266085,2026-07-02T21:10:06.269812+00:00,125.8,12,ask,,,4800868
2026-07-02T21:10:07.126057,2026-07-02T21:10:07.137006+00:00,125.7,500,ask,,,4800886
2026-07-02T21:10:07.184262,2026-07-02T21:10:07.192899+00:00,125.7,125,bid,,,4800887
2026-07-02T21:10:08.308325,2026-07-02T21:10:08.318183+00:00,125.8,20,bid,,,4800927
2026-07-02T21:10:12.371223,2026-07-02T21:10:12.382699+00:00,125.7,200,ask,,,4801021
2026-07-02T21:10:12.585551,2026-07-02T21:10:12.590325+00:00,125.5,5,ask,,,4801030
2026-07-02T21:10:12.585551,2026-07-02T21:10:12.590325+00:00,125.5,40,ask,,,4801031
2026-07-02T21:10:13.275506,2026-07-02T21:10:13.285483+00:00,125.6,200,bid,,,4801041
2026-07-02T21:10:20.231016,2026-07-02T21:10:20.237771+00:00,125.9,1,bid,,,4801177
2026-07-02T21:10:20.231016,2026-07-02T21:10:20.243014+00:00,125.9,200,bid,,,4801178
2026-07-02T21:10:20.248455,2026-07-02T21:10:20.252149+00:00,125.9,12,ask,,,4801180
2026-07-02T21:10:23.339408,2026-07-02T21:10:23.346130+00:00,125.9,20,bid,,,4801249
2026-07-02T21:10:24.742144,2026-07-02T21:10:24.753693+00:00,125.8,500,bid,,,4801274
2026-07-02T21:10:25.489272,2026-07-02T21:10:25.509259+00:00,125.9,200,bid,,,4801294
2026-07-02T21:10:25.489272,2026-07-02T21:10:25.509259+00:00,126.0,6,bid,,,4801295
2026-07-02T21:10:25.505666,2026-07-02T21:10:25.509259+00:00,126.0,11,ask,,,4801297
2026-07-02T21:10:26.593968,2026-07-02T21:10:26.602158+00:00,126.0,200,ask,,,4801320
2026-07-02T21:10:26.803470,2026-07-02T21:10:26.814292+00:00,125.9,500,ask,,,4801328
2026-07-02T21:10:27.144464,2026-07-02T21:10:27.153405+00:00,125.9,125,bid,,,4801334
2026-07-02T21:10:28.109507,2026-07-02T21:10:28.116660+00:00,126.0,1,bid,,,4801353
2026-07-02T21:10:28.109507,2026-07-02T21:10:28.130781+00:00,126.1,200,bid,,,4801354
2026-07-02T21:10:28.127269,2026-07-02T21:10:28.130781+00:00,126.1,6,ask,,,4801356
2026-07-02T21:10:32.087379,2026-07-02T21:10:32.096140+00:00,126.0,22,ask,,,4801440
2026-07-02T21:10:34.690133,2026-07-02T21:10:34.701469+00:00,126.1,3,bid,,,4801503
2026-07-02T21:10:34.690133,2026-07-02T21:10:34.701469+00:00,126.1,19,bid,,,4801504
2026-07-02T21:10:36.303746,2026-07-02T21:10:36.310431+00:00,126.1,4,bid,,,4801531
2026-07-02T21:10:36.492193,2026-07-02T21:10:36.503900+00:00,126.1,22,ask,,,4801535
2026-07-02T21:10:37.517846,2026-07-02T21:10:37.528954+00:00,126.2,10,bid,,,4801560
2026-07-02T21:10:37.517846,2026-07-02T21:10:37.528954+00:00,126.2,190,bid,,,4801561
2026-07-02T21:10:37.693479,2026-07-02T21:10:37.704742+00:00,126.2,22,bid,,,4801565
2026-07-02T21:10:41.150567,2026-07-02T21:10:41.164090+00:00,126.1,200,ask,,,4801650
2026-07-02T21:10:41.343912,2026-07-02T21:10:41.358592+00:00,126.2,3,bid,,,4801654
2026-07-02T21:10:42.370963,2026-07-02T21:10:42.378343+00:00,126.1,200,ask,,,4801680
2026-07-02T21:10:43.578427,2026-07-02T21:10:43.587129+00:00,126.1,200,ask,,,4801711
2026-07-02T21:10:43.656783,2026-07-02T21:10:43.668266+00:00,126.1,20,ask,,,4801714
2026-07-02T21:10:45.935915,2026-07-02T21:10:45.944204+00:00,126.2,200,bid,,,4801754
2026-07-02T21:10:46.456798,2026-07-02T21:10:46.458608+00:00,126.2,300,ask,,,4801763
2026-07-02T21:10:46.456798,2026-07-02T21:10:46.469660+00:00,126.1,200,ask,,,4801764
2026-07-02T21:10:46.531465,2026-07-02T21:10:46.538102+00:00,126.1,125,bid,,,4801768
2026-07-02T21:10:50.576655,2026-07-02T21:10:50.580361+00:00,126.3,1,bid,,,4801857
2026-07-02T21:10:50.585782,2026-07-02T21:10:50.589570+00:00,126.4,16,bid,,,4801859
2026-07-02T21:10:50.864456,2026-07-02T21:10:50.868242+00:00,126.3,12,bid,,,4801868
2026-07-02T21:10:51.364477,2026-07-02T21:10:51.374990+00:00,126.3,188,bid,,,4801875
2026-07-02T21:10:51.364477,2026-07-02T21:10:51.374990+00:00,126.3,7,bid,,,4801876
2026-07-02T21:10:52.999201,2026-07-02T21:10:53.007629+00:00,126.3,500,ask,,,4801910
2026-07-02T21:10:52.999201,2026-07-02T21:10:53.007629+00:00,126.2,125,ask,,,4801911
2026-07-02T21:10:54.308663,2026-07-02T21:10:54.315244+00:00,126.3,500,ask,,,4801938
2026-07-02T21:10:54.326297,2026-07-02T21:10:54.329985+00:00,126.3,11,bid,,,4801940
2026-07-02T21:10:54.398466,2026-07-02T21:10:54.407021+00:00,126.3,114,bid,,,4801942
2026-07-02T21:10:55.631405,2026-07-02T21:10:55.637881+00:00,126.4,200,bid,,,4801966
2026-07-02T21:10:55.692370,2026-07-02T21:10:55.696275+00:00,126.6,11,ask,,,4801970
2026-07-02T21:10:56.877105,2026-07-02T21:10:56.888922+00:00,126.7,11,bid,,,4802000
2026-07-02T21:10:56.985655,2026-07-02T21:10:56.993756+00:00,126.6,200,ask,,,4802001
2026-07-02T21:10:57.000902,2026-07-02T21:10:57.004547+00:00,126.6,11,bid,,,4802003
2026-07-02T21:10:58.142929,2026-07-02T21:10:58.146548+00:00,126.5,1,bid,,,4802028
2026-07-02T21:10:59.606356,2026-07-02T21:10:59.615960+00:00,126.5,200,ask,,,4802057
2026-07-02T21:10:59.621244,2026-07-02T21:10:59.624550+00:00,126.5,11,bid,,,4802059
2026-07-02T21:11:00.075665,2026-07-02T21:11:00.079435+00:00,126.3,12,ask,,,4802066
2026-07-02T21:11:00.588296,2026-07-02T21:11:00.596551+00:00,126.5,200,bid,,,4802081
2026-07-02T21:11:00.926831,2026-07-02T21:11:00.931121+00:00,126.4,11,ask,,,4802084
2026-07-02T21:11:01.797915,2026-07-02T21:11:01.817498+00:00,126.5,1,bid,,,4802098
2026-07-02T21:11:01.813727,2026-07-02T21:11:01.817498+00:00,126.5,11,ask,,,4802101
2026-07-02T21:11:02.247857,2026-07-02T21:11:02.258571+00:00,126.5,20,ask,,,4802110
2026-07-02T21:11:03.244412,2026-07-02T21:11:03.248460+00:00,126.7,22,bid,,,4802132
2026-07-02T21:11:09.517149,2026-07-02T21:11:09.522347+00:00,126.7,1,bid,,,4802252
2026-07-02T21:11:09.517149,2026-07-02T21:11:09.522347+00:00,126.7,11,bid,,,4802253
2026-07-02T21:11:10.276769,2026-07-02T21:11:10.285224+00:00,126.6,200,ask,,,4802264
2026-07-02T21:11:15.103513,2026-07-02T21:11:15.113029+00:00,126.4,200,ask,,,4802366
2026-07-02T21:11:21.147813,2026-07-02T21:11:21.156152+00:00,126.4,200,ask,,,4802483
2026-07-02T21:11:22.357284,2026-07-02T21:11:22.365575+00:00,126.5,200,ask,,,4802508
2026-07-02T21:11:28.552058,2026-07-02T21:11:28.556293+00:00,126.4,50,ask,,,4802621
2026-07-02T21:11:28.693526,2026-07-02T21:11:28.703866+00:00,126.4,20,ask,,,4802624
2026-07-02T21:11:29.066873,2026-07-02T21:11:29.074521+00:00,126.6,20,bid,,,4802634
2026-07-02T21:11:29.792879,2026-07-02T21:11:29.797187+00:00,126.4,1,bid,,,4802652
2026-07-02T21:11:29.894965,2026-07-02T21:11:29.898487+00:00,126.4,1,bid,,,4802658
2026-07-02T21:11:29.968506,2026-07-02T21:11:29.972424+00:00,126.4,1,bid,,,4802661
2026-07-02T21:11:30.635054,2026-07-02T21:11:30.638737+00:00,126.4,1,bid,,,4802671
2026-07-02T21:11:30.677652,2026-07-02T21:11:30.680940+00:00,126.4,1,bid,,,4802673
2026-07-02T21:11:30.712084,2026-07-02T21:11:30.715840+00:00,126.4,1,bid,,,4802676
2026-07-02T21:11:30.793393,2026-07-02T21:11:30.797112+00:00,126.4,1,bid,,,4802680
2026-07-02T21:11:30.828479,2026-07-02T21:11:30.832107+00:00,126.4,1,bid,,,4802682
2026-07-02T21:11:30.864059,2026-07-02T21:11:30.867675+00:00,126.4,1,bid,,,4802685
2026-07-02T21:11:30.903558,2026-07-02T21:11:30.907321+00:00,126.4,1,bid,,,4802688
2026-07-02T21:11:30.948318,2026-07-02T21:11:30.952233+00:00,126.4,1,bid,,,4802690
2026-07-02T21:11:30.981759,2026-07-02T21:11:30.985758+00:00,126.4,1,bid,,,4802692
2026-07-02T21:11:31.026236,2026-07-02T21:11:31.030230+00:00,126.4,1,bid,,,4802694
2026-07-02T21:11:33.265991,2026-07-02T21:11:33.273739+00:00,126.5,200,bid,,,4802737
2026-07-02T21:11:34.873690,2026-07-02T21:11:34.877826+00:00,126.4,9,ask,,,4802764
2026-07-02T21:11:35.064455,2026-07-02T21:11:35.068454+00:00,126.5,11,ask,,,4802768
2026-07-02T21:11:36.368823,2026-07-02T21:11:36.372309+00:00,126.6,6,ask,,,4802798
2026-07-02T21:11:36.592796,2026-07-02T21:11:36.604097+00:00,126.6,22,ask,,,4802803
2026-07-02T21:11:38.401339,2026-07-02T21:11:38.408330+00:00,126.7,20,bid,,,4802846
2026-07-02T21:11:40.283963,2026-07-02T21:11:40.293663+00:00,126.6,200,ask,,,4802876
2026-07-02T21:11:40.305121,2026-07-02T21:11:40.308822+00:00,126.6,6,bid,,,4802882
2026-07-02T21:11:40.399494,2026-07-02T21:11:40.406655+00:00,126.6,22,bid,,,4802884
2026-07-02T21:11:41.745372,2026-07-02T21:11:41.752540+00:00,126.6,200,bid,,,4802928
2026-07-02T21:11:42.861711,2026-07-02T21:11:42.870659+00:00,126.6,425,bid,,,4802945
2026-07-02T21:11:43.639036,2026-07-02T21:11:43.647673+00:00,127.0,20,bid,,,4802976
2026-07-02T21:11:43.991240,2026-07-02T21:11:44.002838+00:00,126.8,20,ask,,,4802988
2026-07-02T21:11:45.633168,2026-07-02T21:11:45.644491+00:00,126.8,20,ask,,,4803034
2026-07-02T21:11:46.428408,2026-07-02T21:11:46.439605+00:00,126.9,1,bid,,,4803052
2026-07-02T21:11:47.484061,2026-07-02T21:11:47.488357+00:00,127.0,11,bid,,,4803080
2026-07-02T21:11:47.799750,2026-07-02T21:11:47.810903+00:00,127.1,200,bid,,,4803092
2026-07-02T21:11:49.007780,2026-07-02T21:11:49.016898+00:00,127.0,2,bid,,,4803109
2026-07-02T21:11:50.218483,2026-07-02T21:11:50.229625+00:00,127.1,200,bid,,,4803152
2026-07-02T21:11:52.638926,2026-07-02T21:11:52.649981+00:00,127.1,200,ask,,,4803196
2026-07-02T21:11:53.860335,2026-07-02T21:11:53.864249+00:00,127.1,50,bid,,,4803223
2026-07-02T21:11:55.521214,2026-07-02T21:11:55.529899+00:00,127.0,20,ask,,,4803266
2026-07-02T21:11:56.270436,2026-07-02T21:11:56.280079+00:00,127.0,200,bid,,,4803288
2026-07-02T21:11:57.482701,2026-07-02T21:11:57.492293+00:00,127.1,1,bid,,,4803319
2026-07-02T21:11:57.482701,2026-07-02T21:11:57.492293+00:00,127.1,199,bid,,,4803320
2026-07-02T21:11:58.648426,2026-07-02T21:11:58.652368+00:00,127.0,4,ask,,,4803343
2026-07-02T21:11:59.527333,2026-07-02T21:11:59.531199+00:00,127.0,1,ask,,,4803363
2026-07-02T21:12:03.377430,2026-07-02T21:12:03.380895+00:00,127.0,6,ask,,,4803447
2026-07-02T21:12:03.540455,2026-07-02T21:12:03.549622+00:00,127.1,1,bid,,,4803454
2026-07-02T21:12:04.041569,2026-07-02T21:12:04.044818+00:00,127.1,199,ask,,,4803462
2026-07-02T21:12:05.174453,2026-07-02T21:12:05.185872+00:00,127.2,3,bid,,,4803488
2026-07-02T21:12:05.174453,2026-07-02T21:12:05.185872+00:00,127.2,500,bid,,,4803489
2026-07-02T21:12:05.174453,2026-07-02T21:12:05.185872+00:00,127.2,122,bid,,,4803490
2026-07-02T21:12:05.704905,2026-07-02T21:12:05.708213+00:00,127.0,2,ask,,,4803502
2026-07-02T21:12:06.498847,2026-07-02T21:12:06.507419+00:00,127.0,200,bid,,,4803522
2026-07-02T21:12:07.825497,2026-07-02T21:12:07.829101+00:00,127.1,2,ask,,,4803550
2026-07-02T21:12:08.490963,2026-07-02T21:12:08.502501+00:00,127.1,20,ask,,,4803566
2026-07-02T21:12:09.128079,2026-07-02T21:12:09.134844+00:00,127.2,1,bid,,,4803573
2026-07-02T21:12:09.128079,2026-07-02T21:12:09.140052+00:00,127.2,200,bid,,,4803574
2026-07-02T21:12:09.219323,2026-07-02T21:12:09.223576+00:00,127.2,2,ask,,,4803580
2026-07-02T21:12:09.506793,2026-07-02T21:12:09.510294+00:00,127.2,1,ask,,,4803584
2026-07-02T21:12:09.615674,2026-07-02T21:12:09.619729+00:00,127.3,2,bid,,,4803587
2026-07-02T21:12:10.726542,2026-07-02T21:12:10.737371+00:00,127.2,500,ask,,,4803625
2026-07-02T21:12:11.765248,2026-07-02T21:12:11.768870+00:00,127.2,12,bid,,,4803655
2026-07-02T21:12:11.929722,2026-07-02T21:12:11.946942+00:00,127.1,200,ask,,,4803656
2026-07-02T21:12:11.943114,2026-07-02T21:12:11.946942+00:00,127.1,11,bid,,,4803658
2026-07-02T21:12:12.011319,2026-07-02T21:12:12.022571+00:00,127.1,200,bid,,,4803660
2026-07-02T21:12:15.669517,2026-07-02T21:12:15.675751+00:00,127.1,500,bid,,,4803736
2026-07-02T21:12:15.669517,2026-07-02T21:12:15.681220+00:00,127.1,125,bid,,,4803737
2026-07-02T21:12:16.850758,2026-07-02T21:12:16.853696+00:00,127.0,200,bid,,,4803755
2026-07-02T21:12:16.992803,2026-07-02T21:12:16.994889+00:00,126.9,3,ask,,,4803760
2026-07-02T21:12:18.063540,2026-07-02T21:12:18.074572+00:00,126.9,200,bid,,,4803785
2026-07-02T21:12:19.106722,2026-07-02T21:12:19.110677+00:00,126.9,12,bid,,,4803808
2026-07-02T21:12:19.275744,2026-07-02T21:12:19.286445+00:00,126.9,200,bid,,,4803810
2026-07-02T21:12:20.824186,2026-07-02T21:12:20.835732+00:00,127.0,20,bid,,,4803848
2026-07-02T21:12:22.835915,2026-07-02T21:12:22.843037+00:00,126.8,500,ask,,,4803894
2026-07-02T21:12:22.911883,2026-07-02T21:12:22.923398+00:00,126.8,125,ask,,,4803901
2026-07-02T21:12:23.432386,2026-07-02T21:12:23.459830+00:00,126.6,200,ask,,,4803915
2026-07-02T21:12:23.456182,2026-07-02T21:12:23.459830+00:00,126.6,11,bid,,,4803918
2026-07-02T21:12:23.477512,2026-07-02T21:12:23.489090+00:00,126.6,22,bid,,,4803919
2026-07-02T21:12:23.560411,2026-07-02T21:12:23.567822+00:00,126.6,267,bid,,,4803921
2026-07-02T21:12:24.035632,2026-07-02T21:12:24.047100+00:00,126.7,358,ask,,,4803928
2026-07-02T21:12:24.117450,2026-07-02T21:12:24.124937+00:00,126.6,142,bid,,,4803929
2026-07-02T21:12:24.278612,2026-07-02T21:12:24.289190+00:00,126.6,22,ask,,,4803934
2026-07-02T21:12:24.869560,2026-07-02T21:12:24.877123+00:00,126.6,36,ask,,,4803953
2026-07-02T21:12:24.881744,2026-07-02T21:12:24.893179+00:00,126.5,22,bid,,,4803958
2026-07-02T21:12:24.889292,2026-07-02T21:12:24.893179+00:00,126.5,3,bid,,,4803959
2026-07-02T21:12:25.254859,2026-07-02T21:12:25.258626+00:00,126.2,20,ask,,,4803973
2026-07-02T21:12:25.496945,2026-07-02T21:12:25.501009+00:00,126.4,37,ask,,,4803982
2026-07-02T21:12:25.679922,2026-07-02T21:12:25.688821+00:00,126.4,22,ask,,,4803983
2026-07-02T21:12:26.556213,2026-07-02T21:12:26.558638+00:00,126.5,200,bid,,,4804004
2026-07-02T21:12:28.978493,2026-07-02T21:12:28.988730+00:00,126.5,1,ask,,,4804059
2026-07-02T21:12:30.113797,2026-07-02T21:12:30.123372+00:00,126.5,199,bid,,,4804078
2026-07-02T21:12:30.183686,2026-07-02T21:12:30.193242+00:00,126.6,200,bid,,,4804081
2026-07-02T21:12:30.332949,2026-07-02T21:12:30.344257+00:00,126.5,20,ask,,,4804084
2026-07-02T21:12:30.700989,2026-07-02T21:12:30.710855+00:00,126.5,406,ask,,,4804092
2026-07-02T21:12:30.700989,2026-07-02T21:12:30.710855+00:00,126.5,1,ask,,,4804093
2026-07-02T21:12:31.392046,2026-07-02T21:12:31.398650+00:00,126.5,200,bid,,,4804109
2026-07-02T21:12:31.450100,2026-07-02T21:12:31.453849+00:00,126.4,11,bid,,,4804116
2026-07-02T21:12:32.599508,2026-07-02T21:12:32.610073+00:00,126.4,200,bid,,,4804135
2026-07-02T21:12:32.637247,2026-07-02T21:12:32.648764+00:00,126.4,20,bid,,,4804136
2026-07-02T21:12:35.017285,2026-07-02T21:12:35.025408+00:00,126.4,200,bid,,,4804189
2026-07-02T21:12:35.353572,2026-07-02T21:12:35.364186+00:00,126.4,500,bid,,,4804198
2026-07-02T21:12:35.540059,2026-07-02T21:12:35.547816+00:00,126.4,125,ask,,,4804204
2026-07-02T21:12:36.226938,2026-07-02T21:12:36.236366+00:00,126.3,200,bid,,,4804217
2026-07-02T21:12:37.775881,2026-07-02T21:12:37.787545+00:00,126.2,1,ask,,,4804251
2026-07-02T21:12:37.775881,2026-07-02T21:12:37.787545+00:00,126.2,19,ask,,,4804252
2026-07-02T21:12:40.590844,2026-07-02T21:12:40.597118+00:00,126.3,200,bid,,,4804313
2026-07-02T21:12:40.590844,2026-07-02T21:12:40.602623+00:00,126.3,425,bid,,,4804314
2026-07-02T21:12:41.610898,2026-07-02T21:12:41.620919+00:00,126.2,2,ask,,,4804340
2026-07-02T21:12:43.485658,2026-07-02T21:12:43.495024+00:00,126.2,200,bid,,,4804374
2026-07-02T21:12:44.622673,2026-07-02T21:12:44.631836+00:00,126.1,1,ask,,,4804383
2026-07-02T21:12:47.127314,2026-07-02T21:12:47.135874+00:00,126.3,200,bid,,,4804443
2026-07-02T21:12:48.452516,2026-07-02T21:12:48.463643+00:00,126.2,200,ask,,,4804464
2026-07-02T21:12:49.545204,2026-07-02T21:12:49.553641+00:00,126.2,200,bid,,,4804485
2026-07-02T21:12:50.755608,2026-07-02T21:12:50.758568+00:00,126.3,200,ask,,,4804509
2026-07-02T21:12:51.963572,2026-07-02T21:12:51.974604+00:00,126.2,200,ask,,,4804521
2026-07-02T21:12:53.170948,2026-07-02T21:12:53.179487+00:00,126.3,200,ask,,,4804540
2026-07-02T21:12:54.996830,2026-07-02T21:12:55.004660+00:00,126.3,200,bid,,,4804569
2026-07-02T21:12:57.081946,2026-07-02T21:12:57.085883+00:00,126.4,12,bid,,,4804610
2026-07-02T21:13:00.428283,2026-07-02T21:13:00.439667+00:00,126.4,200,bid,,,4804679
2026-07-02T21:13:02.842851,2026-07-02T21:13:02.848474+00:00,126.5,1,bid,,,4804731
2026-07-02T21:13:02.842851,2026-07-02T21:13:02.848474+00:00,126.5,199,bid,,,4804732
2026-07-02T21:13:03.480094,2026-07-02T21:13:03.484056+00:00,126.4,12,ask,,,4804746
2026-07-02T21:13:04.051845,2026-07-02T21:13:04.063772+00:00,126.4,200,ask,,,4804753
2026-07-02T21:13:07.698486,2026-07-02T21:13:07.705005+00:00,126.3,200,ask,,,4804846
2026-07-02T21:13:08.115645,2026-07-02T21:13:08.119734+00:00,126.2,2,bid,,,4804855
2026-07-02T21:13:08.146179,2026-07-02T21:13:08.149987+00:00,126.2,2,bid,,,4804857
2026-07-02T21:13:08.911442,2026-07-02T21:13:08.921725+00:00,126.2,200,bid,,,4804876
2026-07-02T21:13:09.809945,2026-07-02T21:13:09.815602+00:00,126.1,2,ask,,,4804907
2026-07-02T21:13:09.809945,2026-07-02T21:13:09.815602+00:00,126.1,36,ask,,,4804908
2026-07-02T21:13:10.138350,2026-07-02T21:13:10.142036+00:00,126.2,11,ask,,,4804918
2026-07-02T21:13:11.330439,2026-07-02T21:13:11.338131+00:00,126.3,200,bid,,,4804942
2026-07-02T21:13:14.165389,2026-07-02T21:13:14.171991+00:00,126.4,20,bid,,,4804999
2026-07-02T21:13:15.287756,2026-07-02T21:13:15.298914+00:00,126.4,20,ask,,,4805019
2026-07-02T21:13:15.950746,2026-07-02T21:13:15.958560+00:00,126.4,180,ask,,,4805039
2026-07-02T21:13:18.578654,2026-07-02T21:13:18.588983+00:00,126.5,1,bid,,,4805109
2026-07-02T21:13:21.001604,2026-07-02T21:13:21.011657+00:00,126.3,200,ask,,,4805154
2026-07-02T21:13:21.208349,2026-07-02T21:13:21.211952+00:00,126.4,11,bid,,,4805157
2026-07-02T21:13:21.929956,2026-07-02T21:13:21.941331+00:00,126.2,4,ask,,,4805182
2026-07-02T21:13:21.929956,2026-07-02T21:13:21.941331+00:00,126.2,16,ask,,,4805183
2026-07-02T21:13:22.451267,2026-07-02T21:13:22.456086+00:00,126.2,11,ask,,,4805192
2026-07-02T21:13:22.503536,2026-07-02T21:13:22.511013+00:00,126.2,489,ask,,,4805195
2026-07-02T21:13:22.503536,2026-07-02T21:13:22.511013+00:00,126.2,136,ask,,,4805196
2026-07-02T21:13:26.460796,2026-07-02T21:13:26.465159+00:00,126.4,12,ask,,,4805283
2026-07-02T21:13:29.484223,2026-07-02T21:13:29.495598+00:00,126.3,200,ask,,,4805353
2026-07-02T21:13:34.298309,2026-07-02T21:13:34.308373+00:00,126.2,2,ask,,,4805461
2026-07-02T21:13:34.298309,2026-07-02T21:13:34.308373+00:00,126.2,200,ask,,,4805462
2026-07-02T21:13:36.038989,2026-07-02T21:13:36.058755+00:00,126.1,20,ask,,,4805488
2026-07-02T21:13:36.742389,2026-07-02T21:13:36.758606+00:00,126.2,200,bid,,,4805498
2026-07-02T21:13:39.959874,2026-07-02T21:13:39.971114+00:00,126.1,20,ask,,,4805532
2026-07-02T21:13:40.712863,2026-07-02T21:13:40.716597+00:00,126.2,12,bid,,,4805546
2026-07-02T21:13:40.869450,2026-07-02T21:13:40.873213+00:00,126.1,11,bid,,,4805549
2026-07-02T21:13:40.900811,2026-07-02T21:13:40.910656+00:00,126.1,114,bid,,,4805550
2026-07-02T21:13:41.536295,2026-07-02T21:13:41.543922+00:00,126.2,200,bid,,,4805559
2026-07-02T21:13:41.856188,2026-07-02T21:13:41.867685+00:00,126.4,20,bid,,,4805562
2026-07-02T21:13:44.731220,2026-07-02T21:13:44.734860+00:00,126.4,4,bid,,,4805617
2026-07-02T21:13:44.790109,2026-07-02T21:13:44.793791+00:00,126.4,7,bid,,,4805619
2026-07-02T21:13:45.204211,2026-07-02T21:13:45.213027+00:00,126.4,200,bid,,,4805634
2026-07-02T21:13:51.339717,2026-07-02T21:13:51.347237+00:00,126.3,200,ask,,,4805747
2026-07-02T21:13:51.353112,2026-07-02T21:13:51.357176+00:00,126.3,12,bid,,,4805749
2026-07-02T21:13:53.685738,2026-07-02T21:13:53.707332+00:00,126.4,1,bid,,,4805795
2026-07-02T21:13:53.957538,2026-07-02T21:13:53.968738+00:00,126.5,20,bid,,,4805800
2026-07-02T21:13:53.964343,2026-07-02T21:13:53.974168+00:00,126.4,199,ask,,,4805801
2026-07-02T21:13:54.080274,2026-07-02T21:13:54.084725+00:00,126.3,37,bid,,,4805809
2026-07-02T21:13:54.202207,2026-07-02T21:13:54.209193+00:00,126.3,22,bid,,,4805813
2026-07-02T21:13:54.286179,2026-07-02T21:13:54.290053+00:00,126.2,3,ask,,,4805816
2026-07-02T21:13:54.895379,2026-07-02T21:13:54.905405+00:00,126.3,200,bid,,,4805826
2026-07-02T21:13:55.287974,2026-07-02T21:13:55.291469+00:00,126.4,1,ask,,,4805833
2026-07-02T21:13:55.317567,2026-07-02T21:13:55.321035+00:00,126.4,3,ask,,,4805835
2026-07-02T21:13:55.763517,2026-07-02T21:13:55.768129+00:00,126.4,3,ask,,,4805850
2026-07-02T21:13:55.802257,2026-07-02T21:13:55.806524+00:00,126.4,3,ask,,,4805852
2026-07-02T21:13:56.106004,2026-07-02T21:13:56.117386+00:00,126.4,200,ask,,,4805858
2026-07-02T21:13:56.114058,2026-07-02T21:13:56.117386+00:00,126.4,3,ask,,,4805860
2026-07-02T21:13:56.142597,2026-07-02T21:13:56.145883+00:00,126.4,3,ask,,,4805862
2026-07-02T21:13:56.286679,2026-07-02T21:13:56.290258+00:00,126.4,3,ask,,,4805865
2026-07-02T21:13:56.318754,2026-07-02T21:13:56.322176+00:00,126.4,3,ask,,,4805867
2026-07-02T21:13:56.382175,2026-07-02T21:13:56.385631+00:00,126.4,1,ask,,,4805871
2026-07-02T21:13:56.404516,2026-07-02T21:13:56.416240+00:00,126.4,22,ask,,,4805872
2026-07-02T21:13:57.052021,2026-07-02T21:13:57.064042+00:00,126.5,3,bid,,,4805889
2026-07-02T21:13:57.052021,2026-07-02T21:13:57.064042+00:00,126.5,17,bid,,,4805890
2026-07-02T21:13:59.199321,2026-07-02T21:13:59.205797+00:00,126.2,200,ask,,,4805935
2026-07-02T21:13:59.199321,2026-07-02T21:13:59.211041+00:00,126.2,425,ask,,,4805936
2026-07-02T21:14:00.509043,2026-07-02T21:14:00.515638+00:00,126.3,500,ask,,,4805966
2026-07-02T21:14:00.526593,2026-07-02T21:14:00.530691+00:00,126.2,12,bid,,,4805968
2026-07-02T21:14:00.890172,2026-07-02T21:14:00.896348+00:00,126.2,113,bid,,,4805970
2026-07-02T21:14:01.817277,2026-07-02T21:14:01.825772+00:00,126.4,200,bid,,,4805986
2026-07-02T21:14:03.862570,2026-07-02T21:14:03.869307+00:00,126.5,2,bid,,,4806027
2026-07-02T21:14:06.996735,2026-07-02T21:14:07.000369+00:00,126.4,11,bid,,,4806100
2026-07-02T21:14:07.017254,2026-07-02T21:14:07.026727+00:00,126.4,22,bid,,,4806101
2026-07-02T21:14:08.190210,2026-07-02T21:14:08.201545+00:00,126.3,8,ask,,,4806131
2026-07-02T21:14:08.190210,2026-07-02T21:14:08.201545+00:00,126.3,192,ask,,,4806132
2026-07-02T21:14:09.467208,2026-07-02T21:14:09.478464+00:00,126.4,20,ask,,,4806148
2026-07-02T21:14:11.826936,2026-07-02T21:14:11.837958+00:00,126.3,3,ask,,,4806200
2026-07-02T21:14:11.826936,2026-07-02T21:14:11.837958+00:00,126.3,197,ask,,,4806201
2026-07-02T21:14:13.035247,2026-07-02T21:14:13.042030+00:00,126.3,2,ask,,,4806227
2026-07-02T21:14:13.035247,2026-07-02T21:14:13.047511+00:00,126.3,198,ask,,,4806228
2026-07-02T21:14:13.645769,2026-07-02T21:14:13.656509+00:00,126.3,500,ask,,,4806243
2026-07-02T21:14:13.645769,2026-07-02T21:14:13.656509+00:00,126.3,6,ask,,,4806244
2026-07-02T21:14:13.664914,2026-07-02T21:14:13.668738+00:00,126.3,3,bid,,,4806246
2026-07-02T21:14:14.202106,2026-07-02T21:14:14.208530+00:00,126.3,116,bid,,,4806262
2026-07-02T21:14:14.244706,2026-07-02T21:14:14.255450+00:00,126.3,200,ask,,,4806267
2026-07-02T21:14:14.437636,2026-07-02T21:14:14.446198+00:00,126.6,3,bid,,,4806269
2026-07-02T21:14:16.665061,2026-07-02T21:14:16.674372+00:00,126.5,200,bid,,,4806314
2026-07-02T21:14:18.878406,2026-07-02T21:14:18.895469+00:00,126.6,6,bid,,,4806369
2026-07-02T21:14:18.891832,2026-07-02T21:14:18.895469+00:00,126.6,3,ask,,,4806371
2026-07-02T21:14:20.294217,2026-07-02T21:14:20.301207+00:00,126.7,3,bid,,,4806406
2026-07-02T21:14:20.294217,2026-07-02T21:14:20.306218+00:00,126.7,197,bid,,,4806407
2026-07-02T21:14:21.500744,2026-07-02T21:14:21.511987+00:00,126.6,500,bid,,,4806438
2026-07-02T21:14:21.522844,2026-07-02T21:14:21.526766+00:00,126.8,23,ask,,,4806440
2026-07-02T21:14:21.631759,2026-07-02T21:14:21.639683+00:00,126.8,22,ask,,,4806443
2026-07-02T21:14:22.071614,2026-07-02T21:14:22.078413+00:00,126.8,80,ask,,,4806451
2026-07-02T21:14:22.071614,2026-07-02T21:14:22.083873+00:00,126.7,200,ask,,,4806452
2026-07-02T21:14:22.632716,2026-07-02T21:14:22.639117+00:00,126.3,5,ask,,,4806467
2026-07-02T21:14:22.729815,2026-07-02T21:14:22.733445+00:00,126.6,11,ask,,,4806472
2026-07-02T21:14:22.832883,2026-07-02T21:14:22.844295+00:00,126.7,5,bid,,,4806475
2026-07-02T21:14:24.526747,2026-07-02T21:14:24.538216+00:00,126.6,200,ask,,,4806511
2026-07-02T21:14:25.035095,2026-07-02T21:14:25.046345+00:00,126.5,22,ask,,,4806529
2026-07-02T21:14:25.140449,2026-07-02T21:14:25.151398+00:00,126.6,200,bid,,,4806531
2026-07-02T21:14:25.682208,2026-07-02T21:14:25.685541+00:00,126.6,11,bid,,,4806542
2026-07-02T21:14:25.836078,2026-07-02T21:14:25.843997+00:00,126.6,22,bid,,,4806549
2026-07-02T21:14:26.750019,2026-07-02T21:14:26.757319+00:00,126.6,500,bid,,,4806575
2026-07-02T21:14:28.062545,2026-07-02T21:14:28.068831+00:00,126.6,200,ask,,,4806603
2026-07-02T21:14:28.079696,2026-07-02T21:14:28.083345+00:00,126.5,12,bid,,,4806605
2026-07-02T21:14:28.773194,2026-07-02T21:14:28.780354+00:00,126.5,200,bid,,,4806617
2026-07-02T21:14:29.976929,2026-07-02T21:14:29.985650+00:00,126.4,10,ask,,,4806645
2026-07-02T21:14:29.976929,2026-07-02T21:14:29.985650+00:00,126.4,10,ask,,,4806646
2026-07-02T21:14:31.778118,2026-07-02T21:14:31.789212+00:00,126.5,200,ask,,,4806676
2026-07-02T21:14:32.008079,2026-07-02T21:14:32.015305+00:00,126.5,300,bid,,,4806680
2026-07-02T21:14:32.374816,2026-07-02T21:14:32.381758+00:00,126.6,325,ask,,,4806683
2026-07-02T21:14:32.392614,2026-07-02T21:14:32.396041+00:00,126.5,11,bid,,,4806686
2026-07-02T21:14:32.403412,2026-07-02T21:14:32.411721+00:00,126.5,164,bid,,,4806687
2026-07-02T21:14:32.980795,2026-07-02T21:14:32.989986+00:00,126.6,36,ask,,,4806696
2026-07-02T21:14:33.043955,2026-07-02T21:14:33.063620+00:00,126.5,22,bid,,,4806699
2026-07-02T21:14:33.321657,2026-07-02T21:14:33.340592+00:00,126.4,6,ask,,,4806707
2026-07-02T21:14:33.336954,2026-07-02T21:14:33.340592+00:00,126.3,3,bid,,,4806709
2026-07-02T21:14:33.611158,2026-07-02T21:14:33.620888+00:00,126.3,200,bid,,,4806719
2026-07-02T21:14:34.788582,2026-07-02T21:14:34.797320+00:00,126.3,500,ask,,,4806731
2026-07-02T21:14:34.818547,2026-07-02T21:14:34.828432+00:00,126.5,200,bid,,,4806732
2026-07-02T21:14:35.246867,2026-07-02T21:14:35.258571+00:00,126.3,22,ask,,,4806743
2026-07-02T21:14:35.388762,2026-07-02T21:14:35.400374+00:00,126.3,103,ask,,,4806745
2026-07-02T21:14:35.388762,2026-07-02T21:14:35.400374+00:00,126.3,10,ask,,,4806746
2026-07-02T21:14:35.447563,2026-07-02T21:14:35.450119+00:00,126.2,22,bid,,,4806749
2026-07-02T21:14:35.938867,2026-07-02T21:14:35.948778+00:00,126.2,365,bid,,,4806760
2026-07-02T21:14:36.018628,2026-07-02T21:14:36.026990+00:00,126.2,260,ask,,,4806762
2026-07-02T21:14:36.038347,2026-07-02T21:14:36.047912+00:00,126.2,200,bid,,,4806764
2026-07-02T21:14:37.251253,2026-07-02T21:14:37.258615+00:00,126.1,200,bid,,,4806795
2026-07-02T21:14:38.483424,2026-07-02T21:14:38.487072+00:00,126.0,3,ask,,,4806830
2026-07-02T21:14:38.567417,2026-07-02T21:14:38.571408+00:00,126.1,11,ask,,,4806833
2026-07-02T21:14:38.592797,2026-07-02T21:14:38.596683+00:00,126.1,12,ask,,,4806835
2026-07-02T21:14:38.655896,2026-07-02T21:14:38.666680+00:00,126.1,22,ask,,,4806839
2026-07-02T21:14:40.887198,2026-07-02T21:14:40.895556+00:00,126.1,2,ask,,,4806876
2026-07-02T21:14:41.168423,2026-07-02T21:14:41.175781+00:00,126.1,198,bid,,,4806883
2026-07-02T21:14:44.525532,2026-07-02T21:14:44.532368+00:00,126.1,200,bid,,,4806968
2026-07-02T21:14:45.096637,2026-07-02T21:14:45.105029+00:00,126.2,500,bid,,,4806974
2026-07-02T21:14:45.681399,2026-07-02T21:14:45.689300+00:00,126.2,125,ask,,,4806989
2026-07-02T21:14:46.949417,2026-07-02T21:14:46.958610+00:00,126.1,200,bid,,,4807015
2026-07-02T21:14:50.339721,2026-07-02T21:14:50.357018+00:00,126.0,200,ask,,,4807063
2026-07-02T21:14:50.353318,2026-07-02T21:14:50.357018+00:00,126.0,12,bid,,,4807066
2026-07-02T21:14:51.064459,2026-07-02T21:14:51.068139+00:00,125.9,1,ask,,,4807082
2026-07-02T21:14:51.668503,2026-07-02T21:14:51.672167+00:00,126.0,22,ask,,,4807107
2026-07-02T21:14:51.789379,2026-07-02T21:14:51.796027+00:00,126.0,200,ask,,,4807113
2026-07-02T21:14:54.211487,2026-07-02T21:14:54.220127+00:00,126.0,1,ask,,,4807146
2026-07-02T21:14:55.439625,2026-07-02T21:14:55.443507+00:00,125.9,11,bid,,,4807169
2026-07-02T21:14:55.593542,2026-07-02T21:14:55.604364+00:00,125.9,189,bid,,,4807171
2026-07-02T21:14:56.636504,2026-07-02T21:14:56.647061+00:00,126.0,200,ask,,,4807204
2026-07-02T21:14:57.844764,2026-07-02T21:14:57.852205+00:00,125.9,9,ask,,,4807227
2026-07-02T21:14:57.844764,2026-07-02T21:14:57.858578+00:00,125.8,191,ask,,,4807228
2026-07-02T21:15:02.185155,2026-07-02T21:15:02.191739+00:00,126.0,200,ask,,,4807338
2026-07-02T21:15:02.707196,2026-07-02T21:15:02.714391+00:00,126.0,200,bid,,,4807351
2026-07-02T21:15:04.806832,2026-07-02T21:15:04.816273+00:00,125.9,1,ask,,,4807383
2026-07-02T21:15:04.806832,2026-07-02T21:15:04.816273+00:00,125.9,200,ask,,,4807384
2026-07-02T21:15:04.822723,2026-07-02T21:15:04.826412+00:00,125.9,5,bid,,,4807387
2026-07-02T21:15:06.334953,2026-07-02T21:15:06.343974+00:00,126.1,200,bid,,,4807419
2026-07-02T21:15:12.662496,2026-07-02T21:15:12.670522+00:00,126.0,200,bid,,,4807537
2026-07-02T21:15:13.982395,2026-07-02T21:15:13.989535+00:00,125.9,200,ask,,,4807558
2026-07-02T21:15:14.000314,2026-07-02T21:15:14.004074+00:00,125.9,18,bid,,,4807561
2026-07-02T21:15:16.364598,2026-07-02T21:15:16.368688+00:00,125.8,23,ask,,,4807620
2026-07-02T21:15:16.664753,2026-07-02T21:15:16.676225+00:00,125.8,20,ask,,,4807626
2026-07-02T21:15:19.598868,2026-07-02T21:15:19.605974+00:00,125.8,500,bid,,,4807692
2026-07-02T21:15:19.643105,2026-07-02T21:15:19.658815+00:00,125.8,125,bid,,,4807693
2026-07-02T21:15:19.973955,2026-07-02T21:15:19.985530+00:00,125.8,22,ask,,,4807701
2026-07-02T21:15:20.524058,2026-07-02T21:15:20.533475+00:00,126.0,200,bid,,,4807717
2026-07-02T21:15:20.574435,2026-07-02T21:15:20.585948+00:00,126.0,23,ask,,,4807718
2026-07-02T21:15:22.056793,2026-07-02T21:15:22.063611+00:00,126.1,200,bid,,,4807742
2026-07-02T21:15:22.376216,2026-07-02T21:15:22.387608+00:00,126.1,45,bid,,,4807754
2026-07-02T21:15:22.576512,2026-07-02T21:15:22.583399+00:00,126.1,22,bid,,,4807759
2026-07-02T21:15:22.976827,2026-07-02T21:15:22.988164+00:00,125.9,22,ask,,,4807773
2026-07-02T21:15:23.045866,2026-07-02T21:15:23.058601+00:00,126.1,20,bid,,,4807775
2026-07-02T21:15:23.145220,2026-07-02T21:15:23.152306+00:00,126.2,6,bid,,,4807776
2026-07-02T21:15:23.163983,2026-07-02T21:15:23.167834+00:00,126.2,23,ask,,,4807778
2026-07-02T21:15:23.269903,2026-07-02T21:15:23.279373+00:00,126.2,200,ask,,,4807785
2026-07-02T21:15:24.477154,2026-07-02T21:15:24.484763+00:00,126.2,200,ask,,,4807806
2026-07-02T21:15:27.848315,2026-07-02T21:15:27.854583+00:00,126.3,1,bid,,,4807875
2026-07-02T21:15:29.321229,2026-07-02T21:15:29.332680+00:00,126.2,1,bid,,,4807906
2026-07-02T21:15:30.546182,2026-07-02T21:15:30.550507+00:00,126.4,11,ask,,,4807938
2026-07-02T21:15:31.021656,2026-07-02T21:15:31.025831+00:00,126.5,11,ask,,,4807949
2026-07-02T21:15:32.195577,2026-07-02T21:15:32.199430+00:00,126.7,11,bid,,,4807976
2026-07-02T21:15:32.345510,2026-07-02T21:15:32.349516+00:00,126.6,11,bid,,,4807979
2026-07-02T21:15:32.947220,2026-07-02T21:15:32.958608+00:00,126.6,200,bid,,,4807994
2026-07-02T21:15:35.302314,2026-07-02T21:15:35.306093+00:00,126.8,12,bid,,,4808027
2026-07-02T21:15:38.878676,2026-07-02T21:15:38.885083+00:00,126.7,200,ask,,,4808076
2026-07-02T21:15:38.897058,2026-07-02T21:15:38.901182+00:00,126.7,11,bid,,,4808078
2026-07-02T21:15:39.003042,2026-07-02T21:15:39.011193+00:00,126.7,200,bid,,,4808079
2026-07-02T21:15:45.083007,2026-07-02T21:15:45.087199+00:00,126.7,12,bid,,,4808171
2026-07-02T21:15:45.422774,2026-07-02T21:15:45.433608+00:00,126.7,188,bid,,,4808180
2026-07-02T21:15:48.078055,2026-07-02T21:15:48.085473+00:00,126.8,200,bid,,,4808209
2026-07-02T21:15:48.662786,2026-07-02T21:15:48.674332+00:00,126.8,425,ask,,,4808216
2026-07-02T21:15:48.670522,2026-07-02T21:15:48.679560+00:00,126.8,20,bid,,,4808217
2026-07-02T21:15:51.112918,2026-07-02T21:15:51.122644+00:00,126.8,200,bid,,,4808253
2026-07-02T21:15:52.339109,2026-07-02T21:15:52.342784+00:00,126.7,11,bid,,,4808286
2026-07-02T21:15:53.317253,2026-07-02T21:15:53.328768+00:00,126.7,189,bid,,,4808304
2026-07-02T21:15:54.462791,2026-07-02T21:15:54.466891+00:00,126.8,3,bid,,,4808331
2026-07-02T21:15:54.611390,2026-07-02T21:15:54.619502+00:00,126.8,22,bid,,,4808332
2026-07-02T21:15:59.884778,2026-07-02T21:15:59.896146+00:00,126.8,200,ask,,,4808419
2026-07-02T21:16:00.017412,2026-07-02T21:16:00.029011+00:00,126.6,8,ask,,,4808421
2026-07-02T21:16:00.017412,2026-07-02T21:16:00.029011+00:00,126.6,14,ask,,,4808422
2026-07-02T21:16:01.110176,2026-07-02T21:16:01.118294+00:00,126.7,20,ask,,,4808445
2026-07-02T21:16:02.747247,2026-07-02T21:16:02.759015+00:00,126.8,20,bid,,,4808472
2026-07-02T21:16:03.811259,2026-07-02T21:16:03.822703+00:00,126.6,8,ask,,,4808495
2026-07-02T21:16:03.811259,2026-07-02T21:16:03.822703+00:00,126.6,200,ask,,,4808496
2026-07-02T21:16:03.858304,2026-07-02T21:16:03.869599+00:00,126.6,22,bid,,,4808497
2026-07-02T21:16:06.055315,2026-07-02T21:16:06.058597+00:00,126.6,20,bid,,,4808543
2026-07-02T21:16:06.864081,2026-07-02T21:16:06.874198+00:00,126.5,7,ask,,,4808553
2026-07-02T21:16:07.421327,2026-07-02T21:16:07.474920+00:00,126.5,193,bid,,,4808554
