timestamp,recv_time,price,volume,aggressor_side,buyer,seller,trade_id
2026-07-07T20:00:00.780045,2026-07-07T20:00:00.788385+00:00,135.8,200,bid,,,11261012
2026-07-07T20:00:00.883591,2026-07-07T20:00:00.879884+00:00,135.6,12,ask,,,11261016
2026-07-07T20:00:04.440767,2026-07-07T20:00:04.445449+00:00,135.7,1,bid,,,11261070
2026-07-07T20:00:04.450910,2026-07-07T20:00:04.461067+00:00,135.7,199,bid,,,11261071
2026-07-07T20:00:05.202918,2026-07-07T20:00:05.211458+00:00,135.9,11,bid,,,11261083
2026-07-07T20:00:06.063610,2026-07-07T20:00:06.075421+00:00,135.9,20,bid,,,11261094
2026-07-07T20:00:07.843713,2026-07-07T20:00:07.853228+00:00,135.9,200,bid,,,11261120
2026-07-07T20:00:08.446558,2026-07-07T20:00:08.456436+00:00,136.0,200,bid,,,11261126
2026-07-07T20:00:09.651465,2026-07-07T20:00:09.658619+00:00,136.1,200,bid,,,11261145
2026-07-07T20:00:10.248610,2026-07-07T20:00:10.263866+00:00,136.1,12,ask,,,11261156
2026-07-07T20:00:11.378515,2026-07-07T20:00:11.382101+00:00,136.1,11,bid,,,11261172
2026-07-07T20:00:11.492997,2026-07-07T20:00:11.503879+00:00,136.1,189,bid,,,11261175
2026-07-07T20:00:12.096663,2026-07-07T20:00:12.107975+00:00,136.2,200,bid,,,11261184
2026-07-07T20:00:12.821572,2026-07-07T20:00:12.833572+00:00,136.1,20,ask,,,11261194
2026-07-07T20:00:13.903572,2026-07-07T20:00:13.914816+00:00,136.3,200,bid,,,11261202
2026-07-07T20:00:13.903572,2026-07-07T20:00:13.914816+00:00,136.3,300,bid,,,11261203
2026-07-07T20:00:14.636891,2026-07-07T20:00:14.640912+00:00,136.3,11,bid,,,11261215
2026-07-07T20:00:16.239760,2026-07-07T20:00:16.259315+00:00,136.2,500,ask,,,11261234
2026-07-07T20:00:16.255768,2026-07-07T20:00:16.259315+00:00,136.2,11,bid,,,11261236
2026-07-07T20:00:16.338081,2026-07-07T20:00:16.347212+00:00,136.2,114,bid,,,11261237
2026-07-07T20:00:16.530687,2026-07-07T20:00:16.542258+00:00,136.2,200,ask,,,11261240
2026-07-07T20:00:17.741325,2026-07-07T20:00:17.747901+00:00,136.3,200,ask,,,11261264
2026-07-07T20:00:17.811403,2026-07-07T20:00:17.821805+00:00,136.5,12,bid,,,11261266
2026-07-07T20:00:18.949497,2026-07-07T20:00:18.963700+00:00,136.4,200,ask,,,11261281
2026-07-07T20:00:21.367369,2026-07-07T20:00:21.374350+00:00,136.4,200,ask,,,11261321
2026-07-07T20:00:23.786648,2026-07-07T20:00:23.793478+00:00,136.5,200,bid,,,11261349
2026-07-07T20:00:24.132971,2026-07-07T20:00:24.144321+00:00,136.4,12,ask,,,11261356
2026-07-07T20:00:25.432313,2026-07-07T20:00:25.439361+00:00,136.5,200,bid,,,11261370
2026-07-07T20:00:26.205769,2026-07-07T20:00:26.217241+00:00,136.5,200,ask,,,11261379
2026-07-07T20:00:29.838348,2026-07-07T20:00:29.845403+00:00,136.7,200,bid,,,11261429
2026-07-07T20:00:31.050115,2026-07-07T20:00:31.056630+00:00,136.8,200,bid,,,11261445
2026-07-07T20:00:33.475231,2026-07-07T20:00:33.481598+00:00,136.6,200,bid,,,11261478
2026-07-07T20:00:35.718171,2026-07-07T20:00:35.729181+00:00,136.5,500,ask,,,11261504
2026-07-07T20:00:35.904206,2026-07-07T20:00:35.914522+00:00,136.5,125,ask,,,11261508
2026-07-07T20:00:36.744834,2026-07-07T20:00:36.748733+00:00,136.2,11,ask,,,11261525
2026-07-07T20:00:38.987328,2026-07-07T20:00:38.997290+00:00,136.4,12,bid,,,11261568
2026-07-07T20:00:39.844107,2026-07-07T20:00:39.858628+00:00,136.4,500,bid,,,11261582
2026-07-07T20:00:39.844107,2026-07-07T20:00:39.858628+00:00,136.4,125,bid,,,11261583
2026-07-07T20:00:40.343418,2026-07-07T20:00:40.349853+00:00,136.4,20,bid,,,11261593
2026-07-07T20:00:43.271220,2026-07-07T20:00:43.280501+00:00,136.1,12,ask,,,11261638
2026-07-07T20:00:45.281589,2026-07-07T20:00:45.292695+00:00,136.3,12,bid,,,11261667
2026-07-07T20:00:47.218708,2026-07-07T20:00:47.227772+00:00,136.2,500,ask,,,11261688
2026-07-07T20:00:48.427514,2026-07-07T20:00:48.438624+00:00,136.2,200,ask,,,11261700
2026-07-07T20:00:51.647265,2026-07-07T20:00:51.654534+00:00,136.2,200,bid,,,11261740
2026-07-07T20:00:52.554764,2026-07-07T20:00:52.558560+00:00,135.9,12,ask,,,11261758
2026-07-07T20:00:52.982955,2026-07-07T20:00:52.993863+00:00,136.1,200,ask,,,11261763
2026-07-07T20:00:54.068777,2026-07-07T20:00:54.080067+00:00,136.1,200,bid,,,11261781
2026-07-07T20:00:57.830070,2026-07-07T20:00:57.841535+00:00,136.2,12,bid,,,11261826
2026-07-07T20:00:58.228833,2026-07-07T20:00:58.237820+00:00,136.1,200,ask,,,11261829
2026-07-07T20:00:59.933739,2026-07-07T20:00:59.944614+00:00,136.0,20,ask,,,11261853
2026-07-07T20:01:01.098062,2026-07-07T20:01:01.108569+00:00,136.1,12,ask,,,11261872
2026-07-07T20:01:03.767086,2026-07-07T20:01:03.777739+00:00,136.2,200,bid,,,11261912
2026-07-07T20:01:05.642325,2026-07-07T20:01:05.658603+00:00,136.3,12,bid,,,11261935
2026-07-07T20:01:07.405237,2026-07-07T20:01:07.413753+00:00,136.2,200,bid,,,11261961
2026-07-07T20:01:07.895018,2026-07-07T20:01:07.901480+00:00,136.2,20,ask,,,11261965
2026-07-07T20:01:08.660892,2026-07-07T20:01:08.669240+00:00,136.2,12,ask,,,11261976
2026-07-07T20:01:12.256111,2026-07-07T20:01:12.260014+00:00,136.3,11,ask,,,11262020
2026-07-07T20:01:12.687561,2026-07-07T20:01:12.696054+00:00,136.3,189,ask,,,11262028
2026-07-07T20:01:13.178920,2026-07-07T20:01:13.190574+00:00,136.1,20,ask,,,11262037
2026-07-07T20:01:13.856502,2026-07-07T20:01:13.868742+00:00,136.2,20,ask,,,11262048
2026-07-07T20:01:15.832345,2026-07-07T20:01:15.844383+00:00,136.2,20,ask,,,11262080
2026-07-07T20:01:18.010576,2026-07-07T20:01:18.014883+00:00,136.3,12,ask,,,11262109
2026-07-07T20:01:18.992739,2026-07-07T20:01:19.004281+00:00,136.3,20,ask,,,11262122
2026-07-07T20:01:21.854549,2026-07-07T20:01:21.869051+00:00,136.4,200,bid,,,11262147
2026-07-07T20:01:21.864903,2026-07-07T20:01:21.869051+00:00,136.4,11,ask,,,11262149
2026-07-07T20:01:21.947996,2026-07-07T20:01:21.961002+00:00,136.4,200,ask,,,11262150
2026-07-07T20:01:24.374239,2026-07-07T20:01:24.384782+00:00,136.3,200,bid,,,11262181
2026-07-07T20:01:26.619489,2026-07-07T20:01:26.631104+00:00,136.2,20,ask,,,11262213
2026-07-07T20:01:30.643356,2026-07-07T20:01:30.647592+00:00,136.6,23,bid,,,11262269
2026-07-07T20:01:31.846772,2026-07-07T20:01:31.858609+00:00,136.7,20,bid,,,11262289
2026-07-07T20:01:33.819209,2026-07-07T20:01:33.827680+00:00,136.5,500,bid,,,11262314
2026-07-07T20:01:35.286520,2026-07-07T20:01:35.296518+00:00,136.5,200,ask,,,11262336
2026-07-07T20:01:36.298536,2026-07-07T20:01:36.302672+00:00,136.6,12,ask,,,11262354
2026-07-07T20:01:36.494867,2026-07-07T20:01:36.502966+00:00,136.6,200,ask,,,11262355
2026-07-07T20:01:37.155014,2026-07-07T20:01:37.166968+00:00,136.8,20,bid,,,11262370
2026-07-07T20:01:37.705360,2026-07-07T20:01:37.715766+00:00,136.7,200,ask,,,11262384
2026-07-07T20:01:38.914340,2026-07-07T20:01:38.921287+00:00,136.7,200,ask,,,11262394
2026-07-07T20:01:40.126850,2026-07-07T20:01:40.134581+00:00,136.7,200,ask,,,11262407
2026-07-07T20:01:41.336264,2026-07-07T20:01:41.346813+00:00,136.5,200,ask,,,11262422
2026-07-07T20:01:41.543409,2026-07-07T20:01:41.547442+00:00,136.6,12,bid,,,11262425
2026-07-07T20:01:46.460634,2026-07-07T20:01:46.464964+00:00,136.7,11,bid,,,11262491
2026-07-07T20:01:46.770162,2026-07-07T20:01:46.793063+00:00,136.6,200,ask,,,11262496
2026-07-07T20:01:46.789045,2026-07-07T20:01:46.793063+00:00,136.6,11,bid,,,11262498
2026-07-07T20:01:47.231777,2026-07-07T20:01:47.243656+00:00,136.4,20,ask,,,11262503
2026-07-07T20:01:47.676909,2026-07-07T20:01:47.688693+00:00,136.6,12,bid,,,11262516
2026-07-07T20:01:49.834410,2026-07-07T20:01:49.838360+00:00,136.7,11,ask,,,11262554
2026-07-07T20:01:50.195204,2026-07-07T20:01:50.203259+00:00,136.7,12,ask,,,11262559
2026-07-07T20:01:50.782391,2026-07-07T20:01:50.790613+00:00,136.7,177,ask,,,11262566
2026-07-07T20:01:50.782391,2026-07-07T20:01:50.790613+00:00,136.7,323,ask,,,11262567
2026-07-07T20:01:51.375067,2026-07-07T20:01:51.381958+00:00,136.7,302,ask,,,11262579
2026-07-07T20:01:52.004149,2026-07-07T20:01:52.014667+00:00,136.6,200,ask,,,11262593
2026-07-07T20:01:54.651044,2026-07-07T20:01:54.658621+00:00,136.7,200,bid,,,11262622
2026-07-07T20:01:55.862066,2026-07-07T20:01:55.868790+00:00,136.7,200,bid,,,11262637
2026-07-07T20:01:55.931110,2026-07-07T20:01:55.955371+00:00,136.7,500,bid,,,11262639
2026-07-07T20:01:55.951068,2026-07-07T20:01:55.955371+00:00,136.7,23,ask,,,11262644
2026-07-07T20:01:56.222275,2026-07-07T20:01:56.228957+00:00,136.7,102,ask,,,11262645
2026-07-07T20:01:59.135489,2026-07-07T20:01:59.147044+00:00,136.8,20,bid,,,11262682
2026-07-07T20:01:59.888034,2026-07-07T20:01:59.895735+00:00,136.7,200,ask,,,11262690
2026-07-07T20:02:00.696775,2026-07-07T20:02:00.705323+00:00,136.7,200,bid,,,11262698
2026-07-07T20:02:03.119000,2026-07-07T20:02:03.130534+00:00,136.8,200,ask,,,11262732
2026-07-07T20:02:06.386487,2026-07-07T20:02:06.398174+00:00,136.7,20,ask,,,11262782
2026-07-07T20:02:06.456119,2026-07-07T20:02:06.460861+00:00,136.8,12,bid,,,11262784
2026-07-07T20:02:06.744558,2026-07-07T20:02:06.758636+00:00,136.8,200,bid,,,11262790
2026-07-07T20:02:07.584923,2026-07-07T20:02:07.594676+00:00,136.8,12,bid,,,11262801
2026-07-07T20:02:07.953298,2026-07-07T20:02:07.958636+00:00,136.8,200,bid,,,11262809
2026-07-07T20:02:09.162986,2026-07-07T20:02:09.170033+00:00,136.7,200,bid,,,11262820
2026-07-07T20:02:09.187696,2026-07-07T20:02:09.199307+00:00,136.7,20,bid,,,11262821
2026-07-07T20:02:10.374881,2026-07-07T20:02:10.395844+00:00,136.7,200,bid,,,11262841
2026-07-07T20:02:10.382378,2026-07-07T20:02:10.395844+00:00,136.8,500,bid,,,11262842
2026-07-07T20:02:10.746628,2026-07-07T20:02:10.758616+00:00,136.8,125,ask,,,11262850
2026-07-07T20:02:11.756834,2026-07-07T20:02:11.760835+00:00,136.7,11,bid,,,11262868
2026-07-07T20:02:11.774817,2026-07-07T20:02:11.786450+00:00,136.5,20,ask,,,11262869
2026-07-07T20:02:11.868046,2026-07-07T20:02:11.879626+00:00,136.7,12,bid,,,11262870
2026-07-07T20:02:13.020523,2026-07-07T20:02:13.024119+00:00,136.6,11,bid,,,11262897
2026-07-07T20:02:13.878121,2026-07-07T20:02:13.889978+00:00,136.6,12,bid,,,11262907
2026-07-07T20:02:14.311093,2026-07-07T20:02:14.321717+00:00,136.6,200,bid,,,11262910
2026-07-07T20:02:14.311093,2026-07-07T20:02:14.321717+00:00,136.7,425,bid,,,11262911
2026-07-07T20:02:17.635412,2026-07-07T20:02:17.643482+00:00,136.6,200,bid,,,11262962
2026-07-07T20:02:18.194647,2026-07-07T20:02:18.206429+00:00,136.6,12,bid,,,11262969
2026-07-07T20:02:18.851075,2026-07-07T20:02:18.854111+00:00,136.5,200,ask,,,11262977
2026-07-07T20:02:18.953213,2026-07-07T20:02:18.965074+00:00,136.5,20,ask,,,11262978
2026-07-07T20:02:21.239046,2026-07-07T20:02:21.242581+00:00,136.6,12,bid,,,11263001
2026-07-07T20:02:21.264973,2026-07-07T20:02:21.273888+00:00,136.5,200,ask,,,11263003
2026-07-07T20:02:22.017443,2026-07-07T20:02:22.024985+00:00,136.7,12,bid,,,11263014
2026-07-07T20:02:22.187817,2026-07-07T20:02:22.191655+00:00,136.4,23,bid,,,11263016
2026-07-07T20:02:22.272645,2026-07-07T20:02:22.279585+00:00,136.4,12,bid,,,11263020
2026-07-07T20:02:23.845907,2026-07-07T20:02:23.858565+00:00,136.5,20,bid,,,11263044
2026-07-07T20:02:24.559265,2026-07-07T20:02:24.565955+00:00,136.5,12,bid,,,11263057
2026-07-07T20:02:26.317861,2026-07-07T20:02:26.329553+00:00,136.5,12,bid,,,11263080
2026-07-07T20:02:27.598856,2026-07-07T20:02:27.609174+00:00,136.5,12,bid,,,11263099
2026-07-07T20:02:27.854660,2026-07-07T20:02:27.858599+00:00,136.5,12,bid,,,11263104
2026-07-07T20:02:32.677549,2026-07-07T20:02:32.688270+00:00,136.4,200,ask,,,11263161
2026-07-07T20:02:32.694424,2026-07-07T20:02:32.698376+00:00,136.4,11,bid,,,11263163
2026-07-07T20:02:32.912254,2026-07-07T20:02:32.920236+00:00,136.4,10,bid,,,11263171
2026-07-07T20:02:34.907176,2026-07-07T20:02:34.918774+00:00,136.2,20,ask,,,11263200
2026-07-07T20:02:36.613135,2026-07-07T20:02:36.624689+00:00,136.4,500,bid,,,11263230
2026-07-07T20:02:36.807210,2026-07-07T20:02:36.815165+00:00,136.4,125,ask,,,11263232
2026-07-07T20:02:37.190090,2026-07-07T20:02:37.200837+00:00,136.1,12,ask,,,11263238
2026-07-07T20:02:40.702538,2026-07-07T20:02:40.714330+00:00,136.2,12,bid,,,11263291
2026-07-07T20:02:41.459577,2026-07-07T20:02:41.471654+00:00,136.1,12,ask,,,11263301
2026-07-07T20:02:42.862006,2026-07-07T20:02:42.869231+00:00,136.1,500,ask,,,11263319
2026-07-07T20:02:43.042286,2026-07-07T20:02:43.049069+00:00,136.3,20,bid,,,11263327
2026-07-07T20:02:43.186901,2026-07-07T20:02:43.193807+00:00,136.1,200,ask,,,11263331
2026-07-07T20:02:46.981170,2026-07-07T20:02:46.993177+00:00,136.0,20,bid,,,11263387
2026-07-07T20:02:48.006378,2026-07-07T20:02:48.018140+00:00,135.9,12,ask,,,11263399
2026-07-07T20:02:48.316049,2026-07-07T20:02:48.324639+00:00,135.9,500,ask,,,11263403
2026-07-07T20:02:48.422935,2026-07-07T20:02:48.432138+00:00,135.8,200,ask,,,11263404
2026-07-07T20:02:49.094092,2026-07-07T20:02:49.100872+00:00,135.7,200,bid,,,11263414
2026-07-07T20:02:49.296377,2026-07-07T20:02:49.305442+00:00,135.7,20,bid,,,11263419
2026-07-07T20:02:49.776030,2026-07-07T20:02:49.780041+00:00,135.8,34,ask,,,11263428
2026-07-07T20:02:50.040508,2026-07-07T20:02:50.058634+00:00,135.8,12,ask,,,11263434
2026-07-07T20:02:52.727587,2026-07-07T20:02:52.736498+00:00,135.7,200,ask,,,11263470
2026-07-07T20:02:53.937251,2026-07-07T20:02:53.946245+00:00,135.7,200,ask,,,11263478
2026-07-07T20:02:55.150719,2026-07-07T20:02:55.163775+00:00,135.7,200,ask,,,11263491
2026-07-07T20:02:56.323094,2026-07-07T20:02:56.326767+00:00,135.7,11,bid,,,11263511
2026-07-07T20:02:57.634821,2026-07-07T20:02:57.639163+00:00,135.6,12,bid,,,11263528
2026-07-07T20:02:58.035823,2026-07-07T20:02:58.047390+00:00,135.4,20,ask,,,11263534
2026-07-07T20:02:58.926496,2026-07-07T20:02:58.937091+00:00,135.5,200,ask,,,11263546
2026-07-07T20:02:58.943371,2026-07-07T20:02:58.947407+00:00,135.5,11,bid,,,11263548
2026-07-07T20:03:00.000482,2026-07-07T20:03:00.004806+00:00,135.4,11,ask,,,11263564
2026-07-07T20:03:00.235425,2026-07-07T20:03:00.242330+00:00,135.6,200,bid,,,11263565
2026-07-07T20:03:00.253188,2026-07-07T20:03:00.257278+00:00,135.6,23,ask,,,11263567
2026-07-07T20:03:00.367148,2026-07-07T20:03:00.378890+00:00,135.8,12,bid,,,11263568
2026-07-07T20:03:02.376211,2026-07-07T20:03:02.381311+00:00,135.7,34,bid,,,11263605
2026-07-07T20:03:02.855829,2026-07-07T20:03:02.853215+00:00,135.6,200,ask,,,11263612
2026-07-07T20:03:02.863802,2026-07-07T20:03:02.867252+00:00,135.6,3,bid,,,11263614
2026-07-07T20:03:03.454969,2026-07-07T20:03:03.458572+00:00,135.6,12,bid,,,11263623
2026-07-07T20:03:05.606206,2026-07-07T20:03:05.610442+00:00,135.5,3,ask,,,11263653
2026-07-07T20:03:06.989968,2026-07-07T20:03:07.001978+00:00,135.5,12,ask,,,11263678
2026-07-07T20:03:07.264204,2026-07-07T20:03:07.268176+00:00,135.6,11,ask,,,11263683
2026-07-07T20:03:09.010677,2026-07-07T20:03:09.017921+00:00,135.6,12,ask,,,11263712
2026-07-07T20:03:09.672880,2026-07-07T20:03:09.683029+00:00,135.7,200,bid,,,11263720
2026-07-07T20:03:12.013159,2026-07-07T20:03:12.024950+00:00,135.7,20,ask,,,11263763
2026-07-07T20:03:12.030809,2026-07-07T20:03:12.041063+00:00,135.8,12,bid,,,11263764
2026-07-07T20:03:13.291025,2026-07-07T20:03:13.301519+00:00,135.6,12,ask,,,11263778
2026-07-07T20:03:14.508937,2026-07-07T20:03:14.518945+00:00,135.8,200,bid,,,11263788
2026-07-07T20:03:14.612519,2026-07-07T20:03:14.619661+00:00,135.7,20,ask,,,11263791
2026-07-07T20:03:15.536355,2026-07-07T20:03:15.546907+00:00,135.6,500,ask,,,11263798
2026-07-07T20:03:15.975052,2026-07-07T20:03:15.983887+00:00,135.7,200,ask,,,11263805
2026-07-07T20:03:16.922973,2026-07-07T20:03:16.932411+00:00,135.6,200,bid,,,11263818
2026-07-07T20:03:18.334563,2026-07-07T20:03:18.344342+00:00,135.5,12,ask,,,11263845
2026-07-07T20:03:18.597667,2026-07-07T20:03:18.605681+00:00,135.5,188,ask,,,11263846
2026-07-07T20:03:19.339257,2026-07-07T20:03:19.347304+00:00,135.5,200,bid,,,11263860
2026-07-07T20:03:19.604361,2026-07-07T20:03:19.615947+00:00,135.3,12,ask,,,11263866
2026-07-07T20:03:21.371038,2026-07-07T20:03:21.380892+00:00,135.7,12,bid,,,11263887
2026-07-07T20:03:21.439970,2026-07-07T20:03:21.444088+00:00,135.5,12,ask,,,11263889
2026-07-07T20:03:21.876522,2026-07-07T20:03:21.888311+00:00,135.4,12,ask,,,11263896
2026-07-07T20:03:22.754870,2026-07-07T20:03:22.766674+00:00,135.6,20,bid,,,11263903
2026-07-07T20:03:22.966674,2026-07-07T20:03:22.973681+00:00,135.6,200,bid,,,11263906
2026-07-07T20:03:23.854694,2026-07-07T20:03:23.858605+00:00,135.6,11,ask,,,11263929
2026-07-07T20:03:23.896138,2026-07-07T20:03:23.913920+00:00,135.6,12,ask,,,11263930
2026-07-07T20:03:24.041402,2026-07-07T20:03:24.050178+00:00,135.6,500,ask,,,11263936
2026-07-07T20:03:24.636695,2026-07-07T20:03:24.648614+00:00,135.6,102,ask,,,11263947
2026-07-07T20:03:25.148247,2026-07-07T20:03:25.158595+00:00,135.5,200,ask,,,11263957
2026-07-07T20:03:25.388235,2026-07-07T20:03:25.395971+00:00,135.5,200,bid,,,11263959
2026-07-07T20:03:26.462514,2026-07-07T20:03:26.473993+00:00,135.5,500,bid,,,11263979
2026-07-07T20:03:27.052023,2026-07-07T20:03:27.058574+00:00,135.6,200,ask,,,11263985
2026-07-07T20:03:27.052023,2026-07-07T20:03:27.058574+00:00,135.5,125,ask,,,11263986
2026-07-07T20:03:27.689328,2026-07-07T20:03:27.700797+00:00,134.7,12,ask,,,11263995
2026-07-07T20:03:27.808260,2026-07-07T20:03:27.817378+00:00,135.4,200,bid,,,11263996
2026-07-07T20:03:28.034683,2026-07-07T20:03:28.041982+00:00,135.4,20,bid,,,11264001
2026-07-07T20:03:28.972313,2026-07-07T20:03:28.984443+00:00,135.1,20,ask,,,11264021
2026-07-07T20:03:29.022830,2026-07-07T20:03:29.034051+00:00,135.4,200,bid,,,11264022
2026-07-07T20:03:29.107687,2026-07-07T20:03:29.119481+00:00,135.5,500,bid,,,11264024
2026-07-07T20:03:29.463490,2026-07-07T20:03:29.474373+00:00,135.6,125,ask,,,11264027
2026-07-07T20:03:31.448149,2026-07-07T20:03:31.458546+00:00,135.3,200,bid,,,11264055
2026-07-07T20:03:34.676086,2026-07-07T20:03:34.687956+00:00,135.4,20,bid,,,11264090
2026-07-07T20:03:35.077283,2026-07-07T20:03:35.087276+00:00,135.4,200,bid,,,11264100
2026-07-07T20:03:35.230320,2026-07-07T20:03:35.237387+00:00,135.3,7,ask,,,11264105
2026-07-07T20:03:35.523538,2026-07-07T20:03:35.532628+00:00,135.3,500,ask,,,11264108
2026-07-07T20:03:35.675363,2026-07-07T20:03:35.679822+00:00,135.1,5,bid,,,11264111
2026-07-07T20:03:35.686297,2026-07-07T20:03:35.690898+00:00,135.1,6,bid,,,11264113
2026-07-07T20:03:35.747685,2026-07-07T20:03:35.758284+00:00,134.9,5,ask,,,11264114
2026-07-07T20:03:36.304833,2026-07-07T20:03:36.312509+00:00,135.1,200,bid,,,11264126
2026-07-07T20:03:36.505357,2026-07-07T20:03:36.516962+00:00,135.1,12,bid,,,11264133
2026-07-07T20:03:38.275930,2026-07-07T20:03:38.287147+00:00,135.3,200,bid,,,11264152
2026-07-07T20:03:38.275930,2026-07-07T20:03:38.287147+00:00,135.3,425,bid,,,11264153
2026-07-07T20:03:43.459627,2026-07-07T20:03:43.463468+00:00,135.2,23,bid,,,11264216
2026-07-07T20:03:44.186612,2026-07-07T20:03:44.198363+00:00,135.1,20,ask,,,11264223
2026-07-07T20:03:44.791574,2026-07-07T20:03:44.801060+00:00,135.2,12,bid,,,11264228
2026-07-07T20:03:44.847404,2026-07-07T20:03:44.857374+00:00,135.2,188,bid,,,11264229
2026-07-07T20:03:46.003997,2026-07-07T20:03:46.013302+00:00,135.2,200,ask,,,11264251
2026-07-07T20:03:48.425488,2026-07-07T20:03:48.435586+00:00,135.0,200,bid,,,11264293
2026-07-07T20:03:50.096798,2026-07-07T20:03:50.106366+00:00,134.9,200,ask,,,11264315
2026-07-07T20:03:50.728004,2026-07-07T20:03:50.739785+00:00,134.7,20,ask,,,11264327
2026-07-07T20:03:51.408118,2026-07-07T20:03:51.416125+00:00,134.9,200,bid,,,11264339
2026-07-07T20:03:53.346380,2026-07-07T20:03:53.352939+00:00,134.7,20,ask,,,11264372
2026-07-07T20:03:53.372766,2026-07-07T20:03:53.384582+00:00,134.9,12,bid,,,11264373
2026-07-07T20:03:54.883259,2026-07-07T20:03:54.895227+00:00,134.7,12,ask,,,11264389
2026-07-07T20:03:56.662053,2026-07-07T20:03:56.672347+00:00,134.6,200,ask,,,11264413
2026-07-07T20:03:57.166198,2026-07-07T20:03:57.178223+00:00,134.6,12,bid,,,11264418
2026-07-07T20:03:59.514808,2026-07-07T20:03:59.526378+00:00,134.6,20,bid,,,11264448
2026-07-07T20:04:00.525142,2026-07-07T20:04:00.532373+00:00,134.6,200,bid,,,11264464
2026-07-07T20:04:02.539774,2026-07-07T20:04:02.544719+00:00,134.5,11,ask,,,11264491
2026-07-07T20:04:03.211359,2026-07-07T20:04:03.219206+00:00,134.6,200,bid,,,11264497
2026-07-07T20:04:03.230472,2026-07-07T20:04:03.234761+00:00,134.6,12,ask,,,11264499
2026-07-07T20:04:04.566279,2026-07-07T20:04:04.577936+00:00,134.5,20,ask,,,11264514
2026-07-07T20:04:06.423028,2026-07-07T20:04:06.431467+00:00,134.6,200,bid,,,11264542
2026-07-07T20:04:06.423028,2026-07-07T20:04:06.431467+00:00,134.6,300,bid,,,11264543
2026-07-07T20:04:07.020583,2026-07-07T20:04:07.028138+00:00,134.6,325,bid,,,11264555
2026-07-07T20:04:07.144162,2026-07-07T20:04:07.158580+00:00,134.7,200,bid,,,11264558
2026-07-07T20:04:07.782776,2026-07-07T20:04:07.789122+00:00,134.8,200,ask,,,11264562
2026-07-07T20:04:08.836492,2026-07-07T20:04:08.847907+00:00,134.7,500,bid,,,11264580
2026-07-07T20:04:08.991917,2026-07-07T20:04:08.998754+00:00,134.7,125,bid,,,11264584
2026-07-07T20:04:09.987700,2026-07-07T20:04:09.995215+00:00,134.8,12,ask,,,11264597
2026-07-07T20:04:15.047075,2026-07-07T20:04:15.058571+00:00,135.1,200,bid,,,11264654
2026-07-07T20:04:16.561367,2026-07-07T20:04:16.570269+00:00,135.2,12,bid,,,11264678
2026-07-07T20:04:18.313396,2026-07-07T20:04:18.318039+00:00,135.2,12,bid,,,11264698
2026-07-07T20:04:18.578889,2026-07-07T20:04:18.585394+00:00,135.2,12,bid,,,11264703
2026-07-07T20:04:21.618985,2026-07-07T20:04:21.627496+00:00,135.1,12,ask,,,11264740
2026-07-07T20:04:22.493630,2026-07-07T20:04:22.505592+00:00,135.1,20,ask,,,11264748
2026-07-07T20:04:24.202063,2026-07-07T20:04:24.213506+00:00,135.1,200,bid,,,11264770
2026-07-07T20:04:24.202063,2026-07-07T20:04:24.213506+00:00,135.1,425,bid,,,11264771
2026-07-07T20:04:25.215134,2026-07-07T20:04:25.221655+00:00,135.0,200,ask,,,11264783
2026-07-07T20:04:25.238321,2026-07-07T20:04:25.242069+00:00,135.0,11,bid,,,11264786
2026-07-07T20:04:25.431066,2026-07-07T20:04:25.442845+00:00,135.0,20,bid,,,11264795
2026-07-07T20:04:25.513440,2026-07-07T20:04:25.522397+00:00,135.0,269,bid,,,11264796
2026-07-07T20:04:25.812790,2026-07-07T20:04:25.820884+00:00,135.0,356,ask,,,11264803
2026-07-07T20:04:26.822614,2026-07-07T20:04:26.840435+00:00,134.9,200,ask,,,11264815
2026-07-07T20:04:26.836497,2026-07-07T20:04:26.840435+00:00,134.8,3,bid,,,11264817
2026-07-07T20:04:27.147302,2026-07-07T20:04:27.163770+00:00,134.8,200,bid,,,11264825
2026-07-07T20:04:28.448298,2026-07-07T20:04:28.458543+00:00,134.9,13,bid,,,11264838
2026-07-07T20:04:28.831608,2026-07-07T20:04:28.837979+00:00,134.8,425,ask,,,11264846
2026-07-07T20:04:29.205601,2026-07-07T20:04:29.217252+00:00,134.5,12,ask,,,11264850
2026-07-07T20:04:29.586892,2026-07-07T20:04:29.596083+00:00,134.7,200,bid,,,11264855
2026-07-07T20:04:30.798130,2026-07-07T20:04:30.808209+00:00,134.7,200,bid,,,11264868
2026-07-07T20:04:32.010968,2026-07-07T20:04:32.019437+00:00,134.7,200,bid,,,11264884
2026-07-07T20:04:33.220749,2026-07-07T20:04:33.227128+00:00,134.7,200,bid,,,11264900
2026-07-07T20:04:33.507619,2026-07-07T20:04:33.515775+00:00,134.7,12,ask,,,11264906
2026-07-07T20:04:33.560484,2026-07-07T20:04:33.572396+00:00,134.8,20,bid,,,11264907
2026-07-07T20:04:33.677857,2026-07-07T20:04:33.687025+00:00,134.7,500,ask,,,11264910
2026-07-07T20:04:34.176839,2026-07-07T20:04:34.181621+00:00,134.7,14,ask,,,11264919
2026-07-07T20:04:34.288863,2026-07-07T20:04:34.296264+00:00,134.7,12,ask,,,11264921
2026-07-07T20:04:34.430591,2026-07-07T20:04:34.437991+00:00,134.8,200,bid,,,11264924
2026-07-07T20:04:34.694585,2026-07-07T20:04:34.699217+00:00,134.5,11,bid,,,11264932
2026-07-07T20:04:35.642212,2026-07-07T20:04:35.649031+00:00,134.5,200,bid,,,11264942
2026-07-07T20:04:36.719935,2026-07-07T20:04:36.747297+00:00,134.6,20,ask,,,11264952
2026-07-07T20:04:36.867147,2026-07-07T20:04:36.870816+00:00,134.7,11,ask,,,11264956
2026-07-07T20:04:38.064813,2026-07-07T20:04:38.074212+00:00,134.9,200,bid,,,11264978
2026-07-07T20:04:39.277733,2026-07-07T20:04:39.286039+00:00,134.9,200,bid,,,11264988
2026-07-07T20:04:40.496976,2026-07-07T20:04:40.503898+00:00,135.0,200,bid,,,11265008
2026-07-07T20:04:40.633524,2026-07-07T20:04:40.643568+00:00,134.7,12,ask,,,11265011
2026-07-07T20:04:41.241358,2026-07-07T20:04:41.249069+00:00,134.9,500,bid,,,11265017
2026-07-07T20:04:41.265572,2026-07-07T20:04:41.269048+00:00,135.0,35,ask,,,11265019
2026-07-07T20:04:41.534283,2026-07-07T20:04:41.541623+00:00,135.0,90,ask,,,11265022
2026-07-07T20:04:41.666592,2026-07-07T20:04:41.678181+00:00,134.9,20,bid,,,11265024
2026-07-07T20:04:41.709114,2026-07-07T20:04:41.717435+00:00,134.9,200,bid,,,11265025
2026-07-07T20:04:41.904948,2026-07-07T20:04:41.916717+00:00,134.1,12,ask,,,11265032
2026-07-07T20:04:43.446277,2026-07-07T20:04:43.456626+00:00,134.8,12,bid,,,11265054
2026-07-07T20:04:43.775863,2026-07-07T20:04:43.787670+00:00,134.7,20,ask,,,11265058
2026-07-07T20:04:45.352877,2026-07-07T20:04:45.359714+00:00,134.8,200,bid,,,11265072
2026-07-07T20:04:46.220029,2026-07-07T20:04:46.227978+00:00,134.7,12,ask,,,11265087
2026-07-07T20:04:46.563278,2026-07-07T20:04:46.571884+00:00,134.9,200,bid,,,11265097
2026-07-07T20:04:46.800808,2026-07-07T20:04:46.805207+00:00,134.9,23,bid,,,11265099
2026-07-07T20:04:48.826103,2026-07-07T20:04:48.833665+00:00,134.8,200,ask,,,11265125
2026-07-07T20:04:48.826103,2026-07-07T20:04:48.838948+00:00,134.8,300,ask,,,11265126
2026-07-07T20:04:50.213118,2026-07-07T20:04:50.216912+00:00,134.8,12,bid,,,11265143
2026-07-07T20:04:50.284362,2026-07-07T20:04:50.291042+00:00,134.7,12,ask,,,11265145
2026-07-07T20:04:50.430355,2026-07-07T20:04:50.438111+00:00,134.8,188,bid,,,11265148
2026-07-07T20:04:53.181338,2026-07-07T20:04:53.185240+00:00,134.8,23,ask,,,11265183
2026-07-07T20:04:53.305846,2026-07-07T20:04:53.313151+00:00,134.8,12,ask,,,11265184
2026-07-07T20:04:53.560826,2026-07-07T20:04:53.572729+00:00,134.8,12,ask,,,11265188
2026-07-07T20:04:56.839770,2026-07-07T20:04:56.847992+00:00,134.8,12,ask,,,11265237
2026-07-07T20:04:58.014538,2026-07-07T20:04:58.022419+00:00,134.9,20,bid,,,11265253
2026-07-07T20:04:59.868852,2026-07-07T20:04:59.878053+00:00,134.9,200,bid,,,11265278
2026-07-07T20:05:00.965875,2026-07-07T20:05:00.970303+00:00,134.8,12,ask,,,11265294
2026-07-07T20:05:01.535439,2026-07-07T20:05:01.545267+00:00,134.8,500,ask,,,11265304
2026-07-07T20:05:02.126452,2026-07-07T20:05:02.134015+00:00,134.8,113,ask,,,11265311
2026-07-07T20:05:02.126452,2026-07-07T20:05:02.138992+00:00,134.8,200,ask,,,11265312
2026-07-07T20:05:03.520464,2026-07-07T20:05:03.529218+00:00,134.7,200,bid,,,11265341
2026-07-07T20:05:03.585844,2026-07-07T20:05:03.589657+00:00,134.7,11,ask,,,11265344
2026-07-07T20:05:05.832492,2026-07-07T20:05:05.837830+00:00,134.7,11,ask,,,11265380
2026-07-07T20:05:07.501636,2026-07-07T20:05:07.511657+00:00,134.8,200,ask,,,11265398
2026-07-07T20:05:08.813020,2026-07-07T20:05:08.821638+00:00,134.7,200,ask,,,11265411
2026-07-07T20:05:14.251428,2026-07-07T20:05:14.265425+00:00,134.7,200,ask,,,11265474
2026-07-07T20:05:15.259517,2026-07-07T20:05:15.263838+00:00,134.8,11,bid,,,11265487
2026-07-07T20:05:15.390646,2026-07-07T20:05:15.394660+00:00,134.7,11,bid,,,11265491
2026-07-07T20:05:15.618128,2026-07-07T20:05:15.626145+00:00,134.7,200,bid,,,11265493
2026-07-07T20:05:18.044574,2026-07-07T20:05:18.058546+00:00,134.8,200,bid,,,11265526
2026-07-07T20:05:20.621936,2026-07-07T20:05:20.626771+00:00,134.7,8,ask,,,11265551
2026-07-07T20:05:21.915637,2026-07-07T20:05:21.922533+00:00,134.8,500,bid,,,11265564
2026-07-07T20:05:21.915637,2026-07-07T20:05:21.927554+00:00,134.9,125,bid,,,11265565
2026-07-07T20:05:23.312889,2026-07-07T20:05:23.323088+00:00,134.7,200,ask,,,11265582
2026-07-07T20:05:23.312889,2026-07-07T20:05:23.323088+00:00,134.7,300,ask,,,11265583
2026-07-07T20:05:23.331473,2026-07-07T20:05:23.339061+00:00,134.7,20,ask,,,11265584
2026-07-07T20:05:23.908910,2026-07-07T20:05:23.919353+00:00,134.7,305,ask,,,11265591
2026-07-07T20:05:24.093975,2026-07-07T20:05:24.103489+00:00,134.7,195,bid,,,11265595
2026-07-07T20:05:24.186779,2026-07-07T20:05:24.198491+00:00,134.9,12,bid,,,11265596
2026-07-07T20:05:24.546847,2026-07-07T20:05:24.558579+00:00,134.7,5,ask,,,11265601
2026-07-07T20:05:25.877419,2026-07-07T20:05:25.881546+00:00,134.6,8,bid,,,11265626
2026-07-07T20:05:28.476639,2026-07-07T20:05:28.485790+00:00,134.5,12,ask,,,11265661
2026-07-07T20:05:31.354424,2026-07-07T20:05:31.363592+00:00,134.5,200,ask,,,11265693
2026-07-07T20:05:34.250485,2026-07-07T20:05:34.254438+00:00,134.7,12,bid,,,11265728
2026-07-07T20:05:34.995841,2026-07-07T20:05:34.999660+00:00,134.6,11,bid,,,11265742
2026-07-07T20:05:37.024513,2026-07-07T20:05:37.035912+00:00,134.6,12,bid,,,11265768
2026-07-07T20:05:39.034528,2026-07-07T20:05:39.046264+00:00,134.7,12,bid,,,11265800
2026-07-07T20:05:40.273984,2026-07-07T20:05:40.282636+00:00,134.6,200,ask,,,11265815
2026-07-07T20:05:42.559706,2026-07-07T20:05:42.571372+00:00,134.8,12,bid,,,11265843
2026-07-07T20:05:43.632518,2026-07-07T20:05:43.637566+00:00,134.6,12,bid,,,11265852
2026-07-07T20:05:44.665859,2026-07-07T20:05:44.670423+00:00,134.5,11,bid,,,11265869
2026-07-07T20:05:45.863643,2026-07-07T20:05:45.874397+00:00,134.4,200,ask,,,11265883
2026-07-07T20:05:47.071182,2026-07-07T20:05:47.081708+00:00,134.4,200,ask,,,11265901
2026-07-07T20:05:49.456972,2026-07-07T20:05:49.458805+00:00,134.4,500,bid,,,11265929
2026-07-07T20:05:49.614776,2026-07-07T20:05:49.626687+00:00,134.7,12,bid,,,11265931
2026-07-07T20:05:49.950103,2026-07-07T20:05:49.958561+00:00,134.5,200,ask,,,11265933
2026-07-07T20:05:49.950103,2026-07-07T20:05:49.958561+00:00,134.4,125,ask,,,11265934
2026-07-07T20:05:50.704265,2026-07-07T20:05:50.713610+00:00,134.4,200,bid,,,11265942
2026-07-07T20:05:51.702336,2026-07-07T20:05:51.709628+00:00,134.3,12,bid,,,11265951
2026-07-07T20:05:51.911862,2026-07-07T20:05:51.921792+00:00,134.3,200,bid,,,11265954
2026-07-07T20:05:53.487282,2026-07-07T20:05:53.497876+00:00,134.5,12,bid,,,11265971
2026-07-07T20:05:53.742173,2026-07-07T20:05:53.745138+00:00,134.5,12,bid,,,11265979
2026-07-07T20:05:54.180376,2026-07-07T20:05:54.189636+00:00,134.4,500,ask,,,11265986
2026-07-07T20:05:54.329160,2026-07-07T20:05:54.336165+00:00,134.4,125,ask,,,11265988
2026-07-07T20:05:54.347186,2026-07-07T20:05:54.351129+00:00,134.4,3,bid,,,11265990
2026-07-07T20:05:55.536888,2026-07-07T20:05:55.547511+00:00,134.3,200,bid,,,11266001
2026-07-07T20:05:55.784031,2026-07-07T20:05:55.795291+00:00,134.3,12,bid,,,11266006
2026-07-07T20:05:56.620018,2026-07-07T20:05:56.628808+00:00,134.2,500,ask,,,11266018
2026-07-07T20:05:57.216566,2026-07-07T20:05:57.226696+00:00,134.2,125,ask,,,11266021
2026-07-07T20:05:57.216566,2026-07-07T20:05:57.226696+00:00,134.1,200,ask,,,11266022
2026-07-07T20:05:57.343647,2026-07-07T20:05:57.354025+00:00,134.1,175,bid,,,11266026
2026-07-07T20:05:57.598953,2026-07-07T20:05:57.610724+00:00,134.3,3,bid,,,11266029
2026-07-07T20:05:57.821735,2026-07-07T20:05:57.829772+00:00,134.1,450,ask,,,11266032
2026-07-07T20:05:57.854308,2026-07-07T20:05:57.858785+00:00,134.0,3,bid,,,11266034
2026-07-07T20:05:57.864326,2026-07-07T20:05:57.874520+00:00,134.0,3,bid,,,11266036
2026-07-07T20:05:57.952236,2026-07-07T20:05:57.963668+00:00,134.0,44,bid,,,11266039
2026-07-07T20:05:58.475175,2026-07-07T20:05:58.484548+00:00,134.0,20,ask,,,11266045
2026-07-07T20:05:58.653993,2026-07-07T20:05:58.655559+00:00,134.0,136,ask,,,11266050
2026-07-07T20:05:58.877845,2026-07-07T20:05:58.888179+00:00,134.0,3,bid,,,11266054
2026-07-07T20:05:59.138486,2026-07-07T20:05:59.145136+00:00,134.0,3,bid,,,11266058
2026-07-07T20:05:59.401646,2026-07-07T20:05:59.410227+00:00,134.0,3,bid,,,11266063
2026-07-07T20:06:00.391017,2026-07-07T20:06:00.402602+00:00,134.0,20,bid,,,11266077
2026-07-07T20:06:02.074541,2026-07-07T20:06:02.082058+00:00,133.8,500,ask,,,11266102
2026-07-07T20:06:02.587151,2026-07-07T20:06:02.594839+00:00,133.7,200,ask,,,11266104
2026-07-07T20:06:02.788945,2026-07-07T20:06:02.800675+00:00,133.7,200,bid,,,11266107
2026-07-07T20:06:04.192508,2026-07-07T20:06:04.204439+00:00,133.7,12,ask,,,11266137
2026-07-07T20:06:05.216762,2026-07-07T20:06:05.228106+00:00,133.8,500,bid,,,11266143
2026-07-07T20:06:05.239471,2026-07-07T20:06:05.243645+00:00,133.9,3,ask,,,11266145
2026-07-07T20:06:05.677272,2026-07-07T20:06:05.688007+00:00,133.9,122,ask,,,11266148
2026-07-07T20:06:06.484784,2026-07-07T20:06:06.496197+00:00,133.6,12,ask,,,11266167
2026-07-07T20:06:06.889304,2026-07-07T20:06:06.899482+00:00,133.7,500,ask,,,11266169
2026-07-07T20:06:07.509192,2026-07-07T20:06:07.522021+00:00,133.7,125,ask,,,11266176
2026-07-07T20:06:09.016309,2026-07-07T20:06:09.025766+00:00,133.5,12,ask,,,11266195
2026-07-07T20:06:13.189829,2026-07-07T20:06:13.198669+00:00,133.3,20,ask,,,11266259
2026-07-07T20:06:13.529009,2026-07-07T20:06:13.536451+00:00,133.3,24,ask,,,11266261
2026-07-07T20:06:15.036846,2026-07-07T20:06:15.046957+00:00,133.3,12,ask,,,11266277
2026-07-07T20:06:16.251765,2026-07-07T20:06:16.259533+00:00,133.3,20,bid,,,11266288
2026-07-07T20:06:18.158765,2026-07-07T20:06:18.170548+00:00,133.2,20,ask,,,11266318
2026-07-07T20:06:18.584140,2026-07-07T20:06:18.588370+00:00,133.3,14,ask,,,11266327
2026-07-07T20:06:18.587374,2026-07-07T20:06:18.603655+00:00,133.3,24,ask,,,11266328
2026-07-07T20:06:19.650649,2026-07-07T20:06:19.651660+00:00,133.3,162,ask,,,11266340
2026-07-07T20:06:19.752936,2026-07-07T20:06:19.758597+00:00,133.3,200,bid,,,11266342
2026-07-07T20:06:21.188727,2026-07-07T20:06:21.200433+00:00,133.3,20,ask,,,11266359
2026-07-07T20:06:23.589607,2026-07-07T20:06:23.609405+00:00,133.3,200,ask,,,11266397
2026-07-07T20:06:23.605543,2026-07-07T20:06:23.609405+00:00,133.3,11,bid,,,11266399
2026-07-07T20:06:26.028337,2026-07-07T20:06:26.039634+00:00,133.3,20,bid,,,11266429
2026-07-07T20:06:26.896368,2026-07-07T20:06:26.904106+00:00,133.2,200,ask,,,11266451
2026-07-07T20:06:26.896368,2026-07-07T20:06:26.909591+00:00,133.2,300,ask,,,11266452
2026-07-07T20:06:27.490184,2026-07-07T20:06:27.498180+00:00,133.2,325,ask,,,11266461
2026-07-07T20:06:27.490184,2026-07-07T20:06:27.503396+00:00,133.2,175,ask,,,11266462
2026-07-07T20:06:27.548391,2026-07-07T20:06:27.552212+00:00,133.1,3,bid,,,11266470
2026-07-07T20:06:27.685266,2026-07-07T20:06:27.691677+00:00,132.8,3,ask,,,11266471
2026-07-07T20:06:31.463575,2026-07-07T20:06:31.475096+00:00,133.0,200,ask,,,11266515
2026-07-07T20:06:31.750365,2026-07-07T20:06:31.764077+00:00,133.0,12,bid,,,11266518
2026-07-07T20:06:33.813666,2026-07-07T20:06:33.824725+00:00,133.2,12,bid,,,11266541
2026-07-07T20:06:34.087114,2026-07-07T20:06:34.094988+00:00,133.1,200,ask,,,11266551
2026-07-07T20:06:34.302577,2026-07-07T20:06:34.310734+00:00,133.1,200,bid,,,11266556
2026-07-07T20:06:36.073655,2026-07-07T20:06:36.085385+00:00,133.2,12,bid,,,11266584
2026-07-07T20:06:36.712583,2026-07-07T20:06:36.719699+00:00,133.2,188,bid,,,11266595
2026-07-07T20:06:37.601851,2026-07-07T20:06:37.608402+00:00,133.5,12,bid,,,11266610
2026-07-07T20:06:38.031288,2026-07-07T20:06:38.040370+00:00,133.3,200,ask,,,11266626
2026-07-07T20:06:38.120836,2026-07-07T20:06:38.129549+00:00,133.3,12,bid,,,11266628
2026-07-07T20:06:39.144584,2026-07-07T20:06:39.158566+00:00,133.3,200,bid,,,11266637
2026-07-07T20:06:39.341314,2026-07-07T20:06:39.358539+00:00,133.5,500,bid,,,11266638
2026-07-07T20:06:39.599422,2026-07-07T20:06:39.609320+00:00,133.5,125,ask,,,11266640
2026-07-07T20:06:40.224285,2026-07-07T20:06:40.232611+00:00,133.5,12,bid,,,11266653
2026-07-07T20:06:40.745579,2026-07-07T20:06:40.758557+00:00,133.5,12,bid,,,11266660
2026-07-07T20:06:42.803081,2026-07-07T20:06:42.806946+00:00,133.4,1,bid,,,11266683
2026-07-07T20:06:46.787410,2026-07-07T20:06:46.798674+00:00,133.4,12,ask,,,11266733
2026-07-07T20:06:49.737314,2026-07-07T20:06:49.747344+00:00,133.5,20,bid,,,11266762
2026-07-07T20:06:50.060251,2026-07-07T20:06:50.068938+00:00,133.4,200,bid,,,11266771
2026-07-07T20:06:50.820018,2026-07-07T20:06:50.831684+00:00,133.2,12,ask,,,11266789
2026-07-07T20:06:51.284508,2026-07-07T20:06:51.288718+00:00,133.4,1,ask,,,11266795
2026-07-07T20:06:52.930081,2026-07-07T20:06:52.941176+00:00,133.4,200,ask,,,11266822
2026-07-07T20:06:55.126794,2026-07-07T20:06:55.136261+00:00,133.4,500,bid,,,11266856
2026-07-07T20:06:55.126794,2026-07-07T20:06:55.136261+00:00,133.4,125,bid,,,11266857
2026-07-07T20:07:00.961389,2026-07-07T20:07:00.969131+00:00,133.2,200,bid,,,11266935
2026-07-07T20:07:01.685251,2026-07-07T20:07:01.695600+00:00,133.2,500,bid,,,11266944
2026-07-07T20:07:02.018517,2026-07-07T20:07:02.028907+00:00,133.2,125,ask,,,11266948
2026-07-07T20:07:02.648267,2026-07-07T20:07:02.658592+00:00,133.2,12,bid,,,11266959
2026-07-07T20:07:02.995336,2026-07-07T20:07:03.006234+00:00,133.0,200,ask,,,11266963
2026-07-07T20:07:03.092855,2026-07-07T20:07:03.104333+00:00,132.8,20,ask,,,11266966
2026-07-07T20:07:05.243867,2026-07-07T20:07:05.258653+00:00,132.9,20,ask,,,11266991
2026-07-07T20:07:05.592528,2026-07-07T20:07:05.598782+00:00,132.9,20,ask,,,11266995
2026-07-07T20:07:05.802706,2026-07-07T20:07:05.812357+00:00,133.0,200,bid,,,11267004
2026-07-07T20:07:05.958461,2026-07-07T20:07:05.970072+00:00,133.0,12,bid,,,11267010
2026-07-07T20:07:06.213347,2026-07-07T20:07:06.224948+00:00,132.7,12,ask,,,11267015
2026-07-07T20:07:07.733805,2026-07-07T20:07:07.746084+00:00,133.0,12,ask,,,11267032
2026-07-07T20:07:08.279777,2026-07-07T20:07:08.286698+00:00,133.0,200,ask,,,11267045
2026-07-07T20:07:09.751881,2026-07-07T20:07:09.754686+00:00,132.9,9,ask,,,11267066
2026-07-07T20:07:10.924317,2026-07-07T20:07:10.936301+00:00,133.0,20,ask,,,11267085
2026-07-07T20:07:12.022846,2026-07-07T20:07:12.034609+00:00,133.0,12,ask,,,11267100
2026-07-07T20:07:15.533417,2026-07-07T20:07:15.537709+00:00,133.0,3,ask,,,11267147
2026-07-07T20:07:16.319666,2026-07-07T20:07:16.331237+00:00,133.1,20,bid,,,11267157
2026-07-07T20:07:18.275779,2026-07-07T20:07:18.285507+00:00,133.0,12,ask,,,11267182
2026-07-07T20:07:20.047207,2026-07-07T20:07:20.058569+00:00,133.0,12,ask,,,11267209
2026-07-07T20:07:20.576749,2026-07-07T20:07:20.588498+00:00,133.1,20,bid,,,11267216
2026-07-07T20:07:22.814945,2026-07-07T20:07:22.826135+00:00,133.0,3,ask,,,11267251
2026-07-07T20:07:23.075910,2026-07-07T20:07:23.087292+00:00,133.0,3,ask,,,11267256
2026-07-07T20:07:23.335052,2026-07-07T20:07:23.344847+00:00,133.0,3,ask,,,11267264
2026-07-07T20:07:23.596126,2026-07-07T20:07:23.607176+00:00,133.0,3,ask,,,11267271
2026-07-07T20:07:23.856699,2026-07-07T20:07:23.851815+00:00,133.0,3,ask,,,11267275
2026-07-07T20:07:24.117872,2026-07-07T20:07:24.129168+00:00,133.0,3,ask,,,11267280
2026-07-07T20:07:24.379198,2026-07-07T20:07:24.389986+00:00,133.0,3,ask,,,11267287
2026-07-07T20:07:24.641111,2026-07-07T20:07:24.649650+00:00,133.0,3,ask,,,11267291
2026-07-07T20:07:25.039157,2026-07-07T20:07:25.043742+00:00,133.0,11,ask,,,11267295
2026-07-07T20:07:28.264227,2026-07-07T20:07:28.267725+00:00,132.9,12,ask,,,11267334
2026-07-07T20:07:30.580875,2026-07-07T20:07:30.588226+00:00,133.0,200,bid,,,11267354
2026-07-07T20:07:30.600786,2026-07-07T20:07:30.605251+00:00,133.0,11,ask,,,11267356
2026-07-07T20:07:32.985663,2026-07-07T20:07:32.995867+00:00,133.0,3,ask,,,11267375
2026-07-07T20:07:37.106784,2026-07-07T20:07:37.113570+00:00,133.0,500,bid,,,11267440
2026-07-07T20:07:37.134065,2026-07-07T20:07:37.155035+00:00,133.1,200,bid,,,11267441
2026-07-07T20:07:37.151029,2026-07-07T20:07:37.155035+00:00,133.1,2,ask,,,11267443
2026-07-07T20:07:37.305236,2026-07-07T20:07:37.313474+00:00,133.1,200,ask,,,11267446
2026-07-07T20:07:38.937054,2026-07-07T20:07:38.948456+00:00,133.1,200,bid,,,11267462
2026-07-07T20:07:39.724668,2026-07-07T20:07:39.732511+00:00,133.1,200,ask,,,11267480
2026-07-07T20:07:39.755806,2026-07-07T20:07:39.755353+00:00,133.1,300,ask,,,11267482
2026-07-07T20:07:40.827619,2026-07-07T20:07:40.838708+00:00,133.0,20,ask,,,11267499
2026-07-07T20:07:40.931863,2026-07-07T20:07:40.940952+00:00,133.1,200,bid,,,11267502
2026-07-07T20:07:42.146356,2026-07-07T20:07:42.152347+00:00,133.2,200,ask,,,11267517
2026-07-07T20:07:44.008440,2026-07-07T20:07:44.012673+00:00,133.3,2,bid,,,11267550
2026-07-07T20:07:45.017149,2026-07-07T20:07:45.025657+00:00,133.3,200,bid,,,11267562
2026-07-07T20:07:45.772021,2026-07-07T20:07:45.778990+00:00,133.4,200,ask,,,11267572
2026-07-07T20:07:46.331079,2026-07-07T20:07:46.340067+00:00,133.4,500,ask,,,11267578
2026-07-07T20:07:46.792161,2026-07-07T20:07:46.803344+00:00,133.4,125,bid,,,11267586
2026-07-07T20:07:46.982729,2026-07-07T20:07:46.994103+00:00,133.4,200,ask,,,11267587
2026-07-07T20:07:47.655045,2026-07-07T20:07:47.659123+00:00,133.9,34,bid,,,11267597
2026-07-07T20:07:47.666817,2026-07-07T20:07:47.674435+00:00,133.9,12,bid,,,11267600
2026-07-07T20:07:47.921677,2026-07-07T20:07:47.929186+00:00,133.9,12,bid,,,11267602
2026-07-07T20:07:48.192736,2026-07-07T20:07:48.200380+00:00,133.6,200,ask,,,11267610
2026-07-07T20:07:48.964887,2026-07-07T20:07:48.968944+00:00,133.8,3,bid,,,11267618
2026-07-07T20:07:51.979231,2026-07-07T20:07:51.991133+00:00,133.8,12,bid,,,11267654
2026-07-07T20:07:54.267771,2026-07-07T20:07:54.280106+00:00,133.7,12,bid,,,11267689
2026-07-07T20:07:54.276240,2026-07-07T20:07:54.285368+00:00,133.7,200,bid,,,11267690
2026-07-07T20:07:59.726766,2026-07-07T20:07:59.738166+00:00,133.8,20,bid,,,11267780
2026-07-07T20:08:00.547349,2026-07-07T20:08:00.558558+00:00,133.8,12,bid,,,11267791
2026-07-07T20:08:00.759104,2026-07-07T20:08:00.770514+00:00,133.7,200,ask,,,11267797
2026-07-07T20:08:01.540840,2026-07-07T20:08:01.548759+00:00,133.7,200,bid,,,11267807
2026-07-07T20:08:04.587826,2026-07-07T20:08:04.599600+00:00,133.8,12,bid,,,11267849
2026-07-07T20:08:04.973869,2026-07-07T20:08:04.980528+00:00,133.8,188,bid,,,11267856
2026-07-07T20:08:04.973869,2026-07-07T20:08:04.985764+00:00,133.8,312,bid,,,11267857
2026-07-07T20:08:05.567491,2026-07-07T20:08:05.579014+00:00,133.8,313,bid,,,11267865
2026-07-07T20:08:05.567491,2026-07-07T20:08:05.579014+00:00,133.8,187,bid,,,11267866
2026-07-07T20:08:06.009862,2026-07-07T20:08:06.020116+00:00,133.8,13,bid,,,11267870
2026-07-07T20:08:06.383089,2026-07-07T20:08:06.389564+00:00,133.8,200,ask,,,11267876
2026-07-07T20:08:06.609541,2026-07-07T20:08:06.621208+00:00,134.1,12,bid,,,11267881
2026-07-07T20:08:07.592896,2026-07-07T20:08:07.599476+00:00,133.8,200,ask,,,11267893
2026-07-07T20:08:08.652586,2026-07-07T20:08:08.659754+00:00,133.8,500,ask,,,11267906
2026-07-07T20:08:08.671182,2026-07-07T20:08:08.675725+00:00,133.6,26,bid,,,11267908
2026-07-07T20:08:08.800043,2026-07-07T20:08:08.806969+00:00,133.6,99,bid,,,11267910
2026-07-07T20:08:09.888471,2026-07-07T20:08:09.894825+00:00,134.0,3,bid,,,11267923
2026-07-07T20:08:10.149940,2026-07-07T20:08:10.163966+00:00,133.9,3,bid,,,11267930
2026-07-07T20:08:10.443810,2026-07-07T20:08:10.450589+00:00,133.9,3,bid,,,11267933
2026-07-07T20:08:10.511325,2026-07-07T20:08:10.523759+00:00,133.9,20,bid,,,11267935
2026-07-07T20:08:10.705796,2026-07-07T20:08:10.714009+00:00,133.9,3,bid,,,11267940
2026-07-07T20:08:12.445459,2026-07-07T20:08:12.458575+00:00,133.9,200,bid,,,11267969
2026-07-07T20:08:12.612028,2026-07-07T20:08:12.615891+00:00,133.7,12,ask,,,11267973
2026-07-07T20:08:13.655461,2026-07-07T20:08:13.668702+00:00,133.9,200,bid,,,11267988
2026-07-07T20:08:14.686972,2026-07-07T20:08:14.690529+00:00,133.8,11,ask,,,11268006
2026-07-07T20:08:15.235367,2026-07-07T20:08:15.246967+00:00,133.8,12,ask,,,11268018
2026-07-07T20:08:15.268306,2026-07-07T20:08:15.298217+00:00,133.9,500,bid,,,11268019
2026-07-07T20:08:16.079120,2026-07-07T20:08:16.088015+00:00,133.9,125,bid,,,11268028
2026-07-07T20:08:16.094289,2026-07-07T20:08:16.108156+00:00,133.9,3,ask,,,11268030
2026-07-07T20:08:16.253180,2026-07-07T20:08:16.264939+00:00,134.1,3,bid,,,11268034
2026-07-07T20:08:16.772175,2026-07-07T20:08:16.783334+00:00,134.1,8,bid,,,11268046
2026-07-07T20:08:16.913189,2026-07-07T20:08:16.924785+00:00,134.1,20,bid,,,11268047
2026-07-07T20:08:21.777152,2026-07-07T20:08:21.787178+00:00,134.0,200,ask,,,11268102
2026-07-07T20:08:22.139337,2026-07-07T20:08:22.148481+00:00,133.8,200,bid,,,11268107
2026-07-07T20:08:22.943157,2026-07-07T20:08:22.950553+00:00,133.7,12,ask,,,11268119
2026-07-07T20:08:23.700813,2026-07-07T20:08:23.712873+00:00,134.0,12,ask,,,11268127
2026-07-07T20:08:24.567281,2026-07-07T20:08:24.574163+00:00,134.2,200,bid,,,11268137
2026-07-07T20:08:25.412322,2026-07-07T20:08:25.424023+00:00,134.2,20,bid,,,11268151
2026-07-07T20:08:25.780804,2026-07-07T20:08:25.791893+00:00,134.3,200,bid,,,11268159
2026-07-07T20:08:27.174575,2026-07-07T20:08:27.182100+00:00,134.2,20,ask,,,11268180
2026-07-07T20:08:28.007218,2026-07-07T20:08:28.016316+00:00,134.2,12,ask,,,11268196
2026-07-07T20:08:30.729462,2026-07-07T20:08:30.741411+00:00,134.2,20,ask,,,11268230
2026-07-07T20:08:30.945450,2026-07-07T20:08:30.956044+00:00,134.2,180,ask,,,11268231
2026-07-07T20:08:31.805970,2026-07-07T20:08:31.817842+00:00,134.0,12,ask,,,11268239
2026-07-07T20:08:34.068611,2026-07-07T20:08:34.076424+00:00,134.2,12,bid,,,11268267
2026-07-07T20:08:34.882236,2026-07-07T20:08:34.891131+00:00,134.1,200,bid,,,11268282
2026-07-07T20:08:36.336039,2026-07-07T20:08:36.342910+00:00,134.1,12,ask,,,11268303
2026-07-07T20:08:39.111279,2026-07-07T20:08:39.121370+00:00,134.2,200,ask,,,11268335
2026-07-07T20:08:40.637207,2026-07-07T20:08:40.647038+00:00,133.9,12,ask,,,11268362
2026-07-07T20:08:41.155019,2026-07-07T20:08:41.163664+00:00,133.9,12,ask,,,11268368
2026-07-07T20:08:41.454334,2026-07-07T20:08:41.458202+00:00,134.0,3,ask,,,11268374
2026-07-07T20:08:41.528996,2026-07-07T20:08:41.537031+00:00,134.0,200,ask,,,11268376
2026-07-07T20:08:42.663480,2026-07-07T20:08:42.675031+00:00,134.0,12,ask,,,11268390
2026-07-07T20:08:42.713159,2026-07-07T20:08:42.724845+00:00,134.0,20,ask,,,11268391
2026-07-07T20:08:45.176952,2026-07-07T20:08:45.181261+00:00,134.1,11,ask,,,11268433
2026-07-07T20:08:45.375364,2026-07-07T20:08:45.385873+00:00,134.1,189,ask,,,11268435
2026-07-07T20:08:46.724870,2026-07-07T20:08:46.734911+00:00,134.0,20,ask,,,11268449
2026-07-07T20:08:49.200719,2026-07-07T20:08:49.210943+00:00,134.1,11,ask,,,11268478
2026-07-07T20:08:50.007559,2026-07-07T20:08:50.018622+00:00,134.2,200,bid,,,11268486
2026-07-07T20:08:53.642319,2026-07-07T20:08:53.653301+00:00,134.2,200,bid,,,11268540
2026-07-07T20:08:55.874870,2026-07-07T20:08:55.884659+00:00,134.0,200,ask,,,11268566
2026-07-07T20:08:55.955720,2026-07-07T20:08:55.967828+00:00,134.0,20,bid,,,11268568
2026-07-07T20:08:56.928929,2026-07-07T20:08:56.933492+00:00,133.9,12,ask,,,11268584
2026-07-07T20:08:57.270645,2026-07-07T20:08:57.281988+00:00,134.0,200,bid,,,11268591
2026-07-07T20:08:58.520607,2026-07-07T20:08:58.525061+00:00,134.0,11,ask,,,11268608
2026-07-07T20:09:00.241172,2026-07-07T20:09:00.249884+00:00,134.1,20,bid,,,11268625
2026-07-07T20:09:00.905181,2026-07-07T20:09:00.915739+00:00,134.0,200,ask,,,11268634
2026-07-07T20:09:01.159384,2026-07-07T20:09:01.164058+00:00,134.1,12,ask,,,11268641
2026-07-07T20:09:01.882331,2026-07-07T20:09:01.888655+00:00,134.1,500,ask,,,11268653
2026-07-07T20:09:03.320039,2026-07-07T20:09:03.330157+00:00,134.1,200,bid,,,11268674
2026-07-07T20:09:04.316350,2026-07-07T20:09:04.324285+00:00,134.0,500,ask,,,11268689
2026-07-07T20:09:04.910398,2026-07-07T20:09:04.920676+00:00,134.1,200,ask,,,11268692
2026-07-07T20:09:04.910398,2026-07-07T20:09:04.920676+00:00,134.0,125,ask,,,11268693
2026-07-07T20:09:05.098874,2026-07-07T20:09:05.102728+00:00,133.7,12,bid,,,11268701
2026-07-07T20:09:05.533804,2026-07-07T20:09:05.545347+00:00,133.7,20,bid,,,11268708
2026-07-07T20:09:05.735750,2026-07-07T20:09:05.744839+00:00,133.7,200,bid,,,11268712
2026-07-07T20:09:05.815057,2026-07-07T20:09:05.835057+00:00,133.7,12,bid,,,11268715
2026-07-07T20:09:06.581663,2026-07-07T20:09:06.598151+00:00,133.6,3,ask,,,11268726
2026-07-07T20:09:06.852186,2026-07-07T20:09:06.858574+00:00,133.6,3,ask,,,11268732
2026-07-07T20:09:06.946321,2026-07-07T20:09:06.953843+00:00,133.8,200,bid,,,11268733
2026-07-07T20:09:07.125551,2026-07-07T20:09:07.135184+00:00,133.6,3,ask,,,11268735
2026-07-07T20:09:07.714662,2026-07-07T20:09:07.718437+00:00,133.7,12,ask,,,11268744
2026-07-07T20:09:08.176514,2026-07-07T20:09:08.180344+00:00,133.8,11,ask,,,11268752
2026-07-07T20:09:09.008395,2026-07-07T20:09:09.018874+00:00,133.9,500,bid,,,11268761
2026-07-07T20:09:09.157658,2026-07-07T20:09:09.168955+00:00,133.9,125,ask,,,11268764
2026-07-07T20:09:09.435118,2026-07-07T20:09:09.443426+00:00,133.8,3,ask,,,11268767
2026-07-07T20:09:09.681571,2026-07-07T20:09:09.691571+00:00,133.9,20,bid,,,11268771
2026-07-07T20:09:11.648748,2026-07-07T20:09:11.652397+00:00,133.7,11,bid,,,11268794
2026-07-07T20:09:11.798598,2026-07-07T20:09:11.806994+00:00,133.7,200,bid,,,11268797
2026-07-07T20:09:12.682533,2026-07-07T20:09:12.686480+00:00,133.7,12,bid,,,11268808
2026-07-07T20:09:13.730670,2026-07-07T20:09:13.741515+00:00,133.7,20,ask,,,11268820
2026-07-07T20:09:16.216154,2026-07-07T20:09:16.228005+00:00,133.9,20,bid,,,11268863
2026-07-07T20:09:17.038304,2026-07-07T20:09:17.046879+00:00,133.8,200,ask,,,11268871
2026-07-07T20:09:17.038304,2026-07-07T20:09:17.046879+00:00,133.8,300,ask,,,11268872
2026-07-07T20:09:17.228592,2026-07-07T20:09:17.240278+00:00,134.0,12,bid,,,11268877
2026-07-07T20:09:17.627263,2026-07-07T20:09:17.633951+00:00,133.8,325,ask,,,11268878
2026-07-07T20:09:18.206132,2026-07-07T20:09:18.216378+00:00,133.7,200,ask,,,11268884
2026-07-07T20:09:19.054775,2026-07-07T20:09:19.055547+00:00,133.7,200,bid,,,11268904
2026-07-07T20:09:19.517996,2026-07-07T20:09:19.526955+00:00,133.7,500,bid,,,11268909
2026-07-07T20:09:20.000059,2026-07-07T20:09:20.011624+00:00,133.7,12,ask,,,11268917
2026-07-07T20:09:20.039004,2026-07-07T20:09:20.045690+00:00,133.7,113,ask,,,11268918
2026-07-07T20:09:20.265583,2026-07-07T20:09:20.275883+00:00,133.7,200,bid,,,11268922
2026-07-07T20:09:20.505612,2026-07-07T20:09:20.514628+00:00,133.7,12,bid,,,11268928
2026-07-07T20:09:20.852278,2026-07-07T20:09:20.855819+00:00,133.5,23,bid,,,11268938
2026-07-07T20:09:21.476341,2026-07-07T20:09:21.483251+00:00,133.5,200,bid,,,11268949
2026-07-07T20:09:22.773445,2026-07-07T20:09:22.784478+00:00,133.6,12,bid,,,11268966
2026-07-07T20:09:27.273201,2026-07-07T20:09:27.285770+00:00,133.6,12,bid,,,11269023
2026-07-07T20:09:27.382526,2026-07-07T20:09:27.390079+00:00,133.6,188,bid,,,11269025
2026-07-07T20:09:29.292194,2026-07-07T20:09:29.299162+00:00,133.7,12,bid,,,11269049
2026-07-07T20:09:29.944751,2026-07-07T20:09:29.954035+00:00,133.5,200,ask,,,11269055
2026-07-07T20:09:31.153279,2026-07-07T20:09:31.158578+00:00,133.4,200,ask,,,11269072
2026-07-07T20:09:31.325886,2026-07-07T20:09:31.329731+00:00,133.6,11,bid,,,11269075
2026-07-07T20:09:31.746888,2026-07-07T20:09:31.750935+00:00,133.6,3,bid,,,11269081
2026-07-07T20:09:33.316989,2026-07-07T20:09:33.328882+00:00,133.5,12,bid,,,11269106
2026-07-07T20:09:35.087169,2026-07-07T20:09:35.096272+00:00,133.6,10,bid,,,11269135
2026-07-07T20:09:35.329340,2026-07-07T20:09:35.341404+00:00,133.6,20,bid,,,11269141
2026-07-07T20:09:35.605637,2026-07-07T20:09:35.617279+00:00,133.6,12,bid,,,11269146
2026-07-07T20:09:39.617825,2026-07-07T20:09:39.629275+00:00,133.4,200,bid,,,11269191
2026-07-07T20:09:39.633267,2026-07-07T20:09:39.643183+00:00,133.4,12,bid,,,11269192
2026-07-07T20:09:40.827930,2026-07-07T20:09:40.836145+00:00,133.5,200,bid,,,11269210
2026-07-07T20:09:42.433133,2026-07-07T20:09:42.444901+00:00,133.5,12,ask,,,11269236
2026-07-07T20:09:43.829516,2026-07-07T20:09:43.841097+00:00,133.6,20,ask,,,11269255
2026-07-07T20:09:44.468978,2026-07-07T20:09:44.480355+00:00,133.7,12,bid,,,11269261
2026-07-07T20:09:45.673142,2026-07-07T20:09:45.681481+00:00,133.7,200,bid,,,11269276
2026-07-07T20:09:46.888033,2026-07-07T20:09:46.895766+00:00,133.7,200,ask,,,11269300
2026-07-07T20:09:48.246946,2026-07-07T20:09:48.253879+00:00,133.9,12,bid,,,11269317
2026-07-07T20:09:50.520583,2026-07-07T20:09:50.531818+00:00,133.6,200,ask,,,11269343
2026-07-07T20:09:51.516882,2026-07-07T20:09:51.526061+00:00,133.6,12,ask,,,11269356
2026-07-07T20:09:51.728106,2026-07-07T20:09:51.735981+00:00,133.6,200,ask,,,11269358
2026-07-07T20:09:53.037303,2026-07-07T20:09:53.047395+00:00,133.7,12,bid,,,11269370
2026-07-07T20:09:53.121122,2026-07-07T20:09:53.132885+00:00,133.5,20,ask,,,11269374
2026-07-07T20:09:56.238579,2026-07-07T20:09:56.250329+00:00,134.0,20,bid,,,11269407
2026-07-07T20:09:56.574484,2026-07-07T20:09:56.581929+00:00,133.9,12,ask,,,11269417
2026-07-07T20:09:57.501086,2026-07-07T20:09:57.508959+00:00,133.9,188,ask,,,11269426
2026-07-07T20:09:57.791406,2026-07-07T20:09:57.802416+00:00,133.8,20,ask,,,11269431
2026-07-07T20:10:00.156724,2026-07-07T20:10:00.168963+00:00,133.8,200,ask,,,11269464
2026-07-07T20:10:01.112382,2026-07-07T20:10:01.124472+00:00,133.8,12,bid,,,11269479
2026-07-07T20:10:01.619944,2026-07-07T20:10:01.631780+00:00,133.7,12,ask,,,11269485
2026-07-07T20:10:06.084567,2026-07-07T20:10:06.093238+00:00,133.7,500,bid,,,11269560
2026-07-07T20:10:06.254871,2026-07-07T20:10:06.252841+00:00,133.7,125,bid,,,11269564
2026-07-07T20:10:06.700588,2026-07-07T20:10:06.720833+00:00,133.9,200,bid,,,11269570
2026-07-07T20:10:06.717110,2026-07-07T20:10:06.720833+00:00,134.0,3,ask,,,11269572
2026-07-07T20:10:06.906914,2026-07-07T20:10:06.917331+00:00,134.2,3,bid,,,11269576
2026-07-07T20:10:07.162575,2026-07-07T20:10:07.174503+00:00,134.0,12,ask,,,11269579
2026-07-07T20:10:09.185535,2026-07-07T20:10:09.195363+00:00,133.8,12,ask,,,11269604
2026-07-07T20:10:13.251474,2026-07-07T20:10:13.260381+00:00,133.9,200,ask,,,11269641
2026-07-07T20:10:13.490155,2026-07-07T20:10:13.499809+00:00,133.7,12,ask,,,11269649
2026-07-07T20:10:13.503583,2026-07-07T20:10:13.510025+00:00,133.9,200,bid,,,11269651
2026-07-07T20:10:17.017405,2026-07-07T20:10:17.026769+00:00,133.7,12,ask,,,11269691
2026-07-07T20:10:17.591005,2026-07-07T20:10:17.597477+00:00,133.7,500,bid,,,11269697
2026-07-07T20:10:18.187531,2026-07-07T20:10:18.195117+00:00,133.7,125,bid,,,11269705
2026-07-07T20:10:18.512065,2026-07-07T20:10:18.530309+00:00,133.9,200,bid,,,11269710
2026-07-07T20:10:18.526513,2026-07-07T20:10:18.530309+00:00,133.9,11,ask,,,11269712
2026-07-07T20:10:21.855740,2026-07-07T20:10:21.868821+00:00,134.1,20,bid,,,11269752
2026-07-07T20:10:22.835149,2026-07-07T20:10:22.843069+00:00,134.0,12,ask,,,11269760
2026-07-07T20:10:24.401820,2026-07-07T20:10:24.412122+00:00,134.0,200,ask,,,11269785
2026-07-07T20:10:25.611253,2026-07-07T20:10:25.618228+00:00,134.0,200,ask,,,11269798
2026-07-07T20:10:26.819614,2026-07-07T20:10:26.826954+00:00,133.9,200,ask,,,11269812
2026-07-07T20:10:27.265592,2026-07-07T20:10:27.273960+00:00,134.0,500,bid,,,11269819
2026-07-07T20:10:28.030609,2026-07-07T20:10:28.041261+00:00,134.1,200,ask,,,11269826
2026-07-07T20:10:28.471058,2026-07-07T20:10:28.477868+00:00,134.1,20,ask,,,11269829
2026-07-07T20:10:29.238543,2026-07-07T20:10:29.246708+00:00,134.0,200,ask,,,11269837
2026-07-07T20:10:30.311015,2026-07-07T20:10:30.321272+00:00,134.1,500,bid,,,11269849
2026-07-07T20:10:30.449284,2026-07-07T20:10:30.458559+00:00,134.3,200,ask,,,11269853
2026-07-07T20:10:31.286544,2026-07-07T20:10:31.296357+00:00,134.5,20,bid,,,11269864
2026-07-07T20:10:33.222754,2026-07-07T20:10:33.229046+00:00,134.4,12,bid,,,11269892
2026-07-07T20:10:33.801596,2026-07-07T20:10:33.813099+00:00,134.4,20,bid,,,11269899
2026-07-07T20:10:34.280558,2026-07-07T20:10:34.291916+00:00,134.1,500,ask,,,11269907
2026-07-07T20:10:34.280558,2026-07-07T20:10:34.291916+00:00,134.1,125,ask,,,11269908
2026-07-07T20:10:35.588771,2026-07-07T20:10:35.598547+00:00,134.3,200,bid,,,11269933
2026-07-07T20:10:36.509095,2026-07-07T20:10:36.517554+00:00,134.4,200,ask,,,11269941
2026-07-07T20:10:36.745192,2026-07-07T20:10:36.758796+00:00,134.6,12,bid,,,11269944
2026-07-07T20:10:37.250938,2026-07-07T20:10:37.258544+00:00,134.3,12,ask,,,11269952
2026-07-07T20:10:38.762060,2026-07-07T20:10:38.773921+00:00,134.6,12,bid,,,11269975
2026-07-07T20:10:38.949673,2026-07-07T20:10:38.953699+00:00,134.4,11,bid,,,11269979
2026-07-07T20:10:40.146444,2026-07-07T20:10:40.154517+00:00,134.3,200,ask,,,11269998
2026-07-07T20:10:40.847749,2026-07-07T20:10:40.851230+00:00,134.3,3,bid,,,11270011
2026-07-07T20:10:41.217459,2026-07-07T20:10:41.224273+00:00,134.3,500,bid,,,11270016
2026-07-07T20:10:41.357428,2026-07-07T20:10:41.363993+00:00,134.3,122,bid,,,11270019
2026-07-07T20:10:41.673744,2026-07-07T20:10:41.685519+00:00,134.3,20,ask,,,11270025
2026-07-07T20:10:43.463154,2026-07-07T20:10:43.467219+00:00,134.4,3,ask,,,11270049
2026-07-07T20:10:44.991514,2026-07-07T20:10:45.000877+00:00,134.5,200,bid,,,11270071
2026-07-07T20:10:46.116841,2026-07-07T20:10:46.120802+00:00,134.4,3,bid,,,11270091
2026-07-07T20:10:46.364617,2026-07-07T20:10:46.375321+00:00,134.4,12,bid,,,11270101
2026-07-07T20:10:48.452142,2026-07-07T20:10:48.463687+00:00,134.4,20,ask,,,11270132
2026-07-07T20:10:51.140703,2026-07-07T20:10:51.158618+00:00,134.5,12,bid,,,11270178
2026-07-07T20:10:51.342675,2026-07-07T20:10:51.350548+00:00,134.5,188,bid,,,11270184
2026-07-07T20:10:51.646588,2026-07-07T20:10:51.655906+00:00,134.5,12,ask,,,11270190
2026-07-07T20:10:52.249948,2026-07-07T20:10:52.259011+00:00,134.5,200,ask,,,11270202
2026-07-07T20:10:54.260411,2026-07-07T20:10:54.272302+00:00,134.5,20,ask,,,11270223
2026-07-07T20:10:55.280592,2026-07-07T20:10:55.291704+00:00,134.5,200,ask,,,11270239
2026-07-07T20:10:58.300573,2026-07-07T20:10:58.307298+00:00,134.6,200,bid,,,11270277
2026-07-07T20:10:58.923437,2026-07-07T20:10:58.935148+00:00,134.5,12,bid,,,11270286
2026-07-07T20:10:59.509359,2026-07-07T20:10:59.517066+00:00,134.6,200,bid,,,11270291
2026-07-07T20:11:00.733524,2026-07-07T20:11:00.737576+00:00,134.5,3,ask,,,11270313
2026-07-07T20:11:01.675649,2026-07-07T20:11:01.687601+00:00,134.7,20,bid,,,11270323
2026-07-07T20:11:02.228177,2026-07-07T20:11:02.238969+00:00,134.5,12,ask,,,11270330
2026-07-07T20:11:02.734746,2026-07-07T20:11:02.741224+00:00,134.5,12,ask,,,11270340
2026-07-07T20:11:04.369353,2026-07-07T20:11:04.380943+00:00,134.5,200,ask,,,11270361
2026-07-07T20:11:05.258361,2026-07-07T20:11:05.270502+00:00,134.4,12,ask,,,11270371
2026-07-07T20:11:06.280299,2026-07-07T20:11:06.286828+00:00,134.4,12,bid,,,11270398
2026-07-07T20:11:07.079275,2026-07-07T20:11:07.085904+00:00,134.3,200,ask,,,11270409
2026-07-07T20:11:07.097187,2026-07-07T20:11:07.101326+00:00,134.3,3,bid,,,11270411
2026-07-07T20:11:08.312415,2026-07-07T20:11:08.323924+00:00,134.3,12,bid,,,11270432
2026-07-07T20:11:12.848898,2026-07-07T20:11:12.858594+00:00,134.4,200,ask,,,11270490
2026-07-07T20:11:15.359555,2026-07-07T20:11:15.371514+00:00,134.6,12,bid,,,11270517
2026-07-07T20:11:16.479682,2026-07-07T20:11:16.491160+00:00,134.5,200,bid,,,11270537
2026-07-07T20:11:17.517079,2026-07-07T20:11:17.528778+00:00,134.5,20,bid,,,11270555
2026-07-07T20:11:19.336364,2026-07-07T20:11:19.340160+00:00,134.4,3,ask,,,11270580
2026-07-07T20:11:19.389385,2026-07-07T20:11:19.401769+00:00,134.4,12,ask,,,11270582
2026-07-07T20:11:20.123085,2026-07-07T20:11:20.126853+00:00,134.5,11,ask,,,11270594
2026-07-07T20:11:20.657478,2026-07-07T20:11:20.669049+00:00,134.5,12,ask,,,11270599
2026-07-07T20:11:21.399227,2026-07-07T20:11:21.406147+00:00,134.5,20,ask,,,11270611
2026-07-07T20:11:21.535132,2026-07-07T20:11:21.538894+00:00,134.6,12,ask,,,11270615
2026-07-07T20:11:22.455140,2026-07-07T20:11:22.459114+00:00,134.7,12,bid,,,11270631
2026-07-07T20:11:26.493221,2026-07-07T20:11:26.504523+00:00,135.0,20,bid,,,11270675
2026-07-07T20:11:26.773246,2026-07-07T20:11:26.783458+00:00,135.0,200,bid,,,11270684
2026-07-07T20:11:26.773246,2026-07-07T20:11:26.783458+00:00,135.0,425,bid,,,11270685
2026-07-07T20:11:27.181355,2026-07-07T20:11:27.188332+00:00,134.7,20,ask,,,11270690
2026-07-07T20:11:27.438469,2026-07-07T20:11:27.450084+00:00,134.9,12,ask,,,11270699
2026-07-07T20:11:27.854023,2026-07-07T20:11:27.858609+00:00,134.9,188,ask,,,11270701
2026-07-07T20:11:28.084208,2026-07-07T20:11:28.094994+00:00,134.9,312,bid,,,11270705
2026-07-07T20:11:28.470168,2026-07-07T20:11:28.480316+00:00,134.9,313,ask,,,11270711
2026-07-07T20:11:28.539394,2026-07-07T20:11:28.550956+00:00,134.9,20,bid,,,11270712
2026-07-07T20:11:29.266640,2026-07-07T20:11:29.278256+00:00,134.9,12,bid,,,11270721
2026-07-07T20:11:30.891124,2026-07-07T20:11:30.898742+00:00,134.8,500,ask,,,11270750
2026-07-07T20:11:31.485927,2026-07-07T20:11:31.493606+00:00,134.8,125,ask,,,11270759
2026-07-07T20:11:31.537031,2026-07-07T20:11:31.549049+00:00,134.8,12,bid,,,11270765
2026-07-07T20:11:32.012610,2026-07-07T20:11:32.019872+00:00,134.7,200,ask,,,11270770
2026-07-07T20:11:32.032050,2026-07-07T20:11:32.036224+00:00,134.7,11,bid,,,11270772
2026-07-07T20:11:32.555679,2026-07-07T20:11:32.567334+00:00,134.7,12,bid,,,11270782
2026-07-07T20:11:34.633193,2026-07-07T20:11:34.639793+00:00,134.6,200,bid,,,11270810
2026-07-07T20:11:34.647985,2026-07-07T20:11:34.659716+00:00,134.7,20,bid,,,11270811
2026-07-07T20:11:35.745749,2026-07-07T20:11:35.754136+00:00,134.6,425,ask,,,11270826
2026-07-07T20:11:37.251561,2026-07-07T20:11:37.261867+00:00,134.5,200,ask,,,11270837
2026-07-07T20:11:37.943158,2026-07-07T20:11:37.951882+00:00,134.2,12,ask,,,11270843
2026-07-07T20:11:40.215628,2026-07-07T20:11:40.227270+00:00,134.3,12,ask,,,11270868
2026-07-07T20:11:42.237411,2026-07-07T20:11:42.244307+00:00,134.2,12,ask,,,11270890
2026-07-07T20:11:42.518818,2026-07-07T20:11:42.529409+00:00,134.2,188,ask,,,11270896
2026-07-07T20:11:44.300241,2026-07-07T20:11:44.309050+00:00,134.0,200,ask,,,11270915
2026-07-07T20:11:45.509521,2026-07-07T20:11:45.518763+00:00,133.9,200,bid,,,11270933
2026-07-07T20:11:47.246683,2026-07-07T20:11:47.256113+00:00,133.9,200,bid,,,11270949
2026-07-07T20:11:49.075935,2026-07-07T20:11:49.085447+00:00,133.8,200,ask,,,11270977
2026-07-07T20:11:49.075935,2026-07-07T20:11:49.085447+00:00,133.8,425,ask,,,11270978
2026-07-07T20:11:50.391166,2026-07-07T20:11:50.398013+00:00,133.8,200,bid,,,11270995
2026-07-07T20:11:50.545349,2026-07-07T20:11:50.555001+00:00,133.8,12,ask,,,11270999
2026-07-07T20:11:52.450070,2026-07-07T20:11:52.458603+00:00,134.0,20,bid,,,11271028
2026-07-07T20:11:54.320583,2026-07-07T20:11:54.330979+00:00,133.9,200,bid,,,11271055
2026-07-07T20:11:55.219215,2026-07-07T20:11:55.223371+00:00,134.0,11,ask,,,11271070
2026-07-07T20:11:55.636744,2026-07-07T20:11:55.639238+00:00,134.0,189,ask,,,11271072
2026-07-07T20:11:56.072596,2026-07-07T20:11:56.083332+00:00,133.7,12,ask,,,11271082
2026-07-07T20:11:56.412388,2026-07-07T20:11:56.422550+00:00,134.0,200,bid,,,11271089
2026-07-07T20:11:56.964264,2026-07-07T20:11:56.968100+00:00,134.1,12,ask,,,11271096
2026-07-07T20:11:57.282038,2026-07-07T20:11:57.286585+00:00,134.2,12,bid,,,11271102
2026-07-07T20:11:57.628956,2026-07-07T20:11:57.637884+00:00,134.1,200,ask,,,11271109
2026-07-07T20:11:58.276401,2026-07-07T20:11:58.280094+00:00,134.1,11,bid,,,11271117
2026-07-07T20:11:59.136067,2026-07-07T20:11:59.146528+00:00,133.9,12,ask,,,11271123
2026-07-07T20:11:59.893291,2026-07-07T20:11:59.904866+00:00,133.9,20,ask,,,11271132
2026-07-07T20:12:00.499858,2026-07-07T20:12:00.502620+00:00,133.9,11,ask,,,11271142
2026-07-07T20:12:00.889243,2026-07-07T20:12:00.893790+00:00,134.0,12,ask,,,11271144
2026-07-07T20:12:01.145317,2026-07-07T20:12:01.158602+00:00,134.1,12,bid,,,11271151
2026-07-07T20:12:04.523204,2026-07-07T20:12:04.534667+00:00,134.0,20,ask,,,11271192
2026-07-07T20:12:04.864647,2026-07-07T20:12:04.869173+00:00,134.1,12,bid,,,11271200
2026-07-07T20:12:07.457919,2026-07-07T20:12:07.469554+00:00,133.9,12,ask,,,11271239
2026-07-07T20:12:07.466804,2026-07-07T20:12:07.474614+00:00,134.0,200,bid,,,11271240
2026-07-07T20:12:08.230764,2026-07-07T20:12:08.240600+00:00,134.1,12,ask,,,11271252
2026-07-07T20:12:08.558943,2026-07-07T20:12:08.570274+00:00,134.2,20,bid,,,11271258
2026-07-07T20:12:09.745094,2026-07-07T20:12:09.752297+00:00,134.1,200,bid,,,11271270
2026-07-07T20:12:10.954427,2026-07-07T20:12:10.956251+00:00,134.0,200,ask,,,11271292
2026-07-07T20:12:11.760310,2026-07-07T20:12:11.771729+00:00,134.0,11,bid,,,11271301
2026-07-07T20:12:12.078569,2026-07-07T20:12:12.089368+00:00,134.0,500,bid,,,11271304
2026-07-07T20:12:12.771631,2026-07-07T20:12:12.779133+00:00,134.0,20,ask,,,11271313
2026-07-07T20:12:13.391171,2026-07-07T20:12:13.395246+00:00,134.1,11,bid,,,11271323
2026-07-07T20:12:14.591420,2026-07-07T20:12:14.598432+00:00,134.0,200,ask,,,11271334
2026-07-07T20:12:14.736544,2026-07-07T20:12:14.748329+00:00,134.2,20,bid,,,11271338
2026-07-07T20:12:15.345656,2026-07-07T20:12:15.349568+00:00,134.0,3,bid,,,11271345
2026-07-07T20:12:21.158750,2026-07-07T20:12:21.169428+00:00,134.3,20,bid,,,11271422
2026-07-07T20:12:21.779345,2026-07-07T20:12:21.789046+00:00,134.1,20,ask,,,11271432
2026-07-07T20:12:21.879079,2026-07-07T20:12:21.882812+00:00,134.2,3,ask,,,11271438
2026-07-07T20:12:22.068458,2026-07-07T20:12:22.080156+00:00,134.3,3,bid,,,11271440
2026-07-07T20:12:22.575078,2026-07-07T20:12:22.587080+00:00,134.3,9,bid,,,11271449
2026-07-07T20:12:22.844487,2026-07-07T20:12:22.853375+00:00,134.3,12,bid,,,11271452
2026-07-07T20:12:23.193608,2026-07-07T20:12:23.204659+00:00,134.2,200,ask,,,11271457
2026-07-07T20:12:23.210754,2026-07-07T20:12:23.214805+00:00,134.1,3,bid,,,11271459
2026-07-07T20:12:23.613386,2026-07-07T20:12:23.620702+00:00,134.1,12,bid,,,11271467
2026-07-07T20:12:24.631062,2026-07-07T20:12:24.641823+00:00,134.2,12,bid,,,11271489
2026-07-07T20:12:26.693422,2026-07-07T20:12:26.704582+00:00,134.2,200,ask,,,11271513
2026-07-07T20:12:26.814811,2026-07-07T20:12:26.824468+00:00,134.2,20,ask,,,11271515
2026-07-07T20:12:28.169034,2026-07-07T20:12:28.181275+00:00,134.1,12,ask,,,11271532
2026-07-07T20:12:28.435483,2026-07-07T20:12:28.446767+00:00,134.2,200,bid,,,11271535
2026-07-07T20:12:28.456072,2026-07-07T20:12:28.459958+00:00,134.3,3,ask,,,11271538
2026-07-07T20:12:29.066485,2026-07-07T20:12:29.070642+00:00,134.5,3,bid,,,11271554
2026-07-07T20:12:29.189331,2026-07-07T20:12:29.200429+00:00,134.4,12,bid,,,11271557
2026-07-07T20:12:31.964555,2026-07-07T20:12:31.974090+00:00,134.4,12,bid,,,11271595
2026-07-07T20:12:33.968570,2026-07-07T20:12:33.978611+00:00,134.3,200,ask,,,11271618
2026-07-07T20:12:34.497936,2026-07-07T20:12:34.509667+00:00,134.3,12,ask,,,11271630
2026-07-07T20:12:37.045839,2026-07-07T20:12:37.053202+00:00,134.4,12,bid,,,11271658
2026-07-07T20:12:38.819055,2026-07-07T20:12:38.829749+00:00,134.2,200,ask,,,11271690
2026-07-07T20:12:40.025638,2026-07-07T20:12:40.033980+00:00,134.3,200,bid,,,11271706
2026-07-07T20:12:41.555295,2026-07-07T20:12:41.552644+00:00,134.2,200,ask,,,11271728
2026-07-07T20:12:41.650743,2026-07-07T20:12:41.654874+00:00,134.2,3,bid,,,11271731
2026-07-07T20:12:42.417666,2026-07-07T20:12:42.429533+00:00,134.2,20,bid,,,11271736
2026-07-07T20:12:42.920352,2026-07-07T20:12:42.932011+00:00,134.3,12,ask,,,11271744
2026-07-07T20:12:44.867252,2026-07-07T20:12:44.871749+00:00,134.3,3,ask,,,11271772
2026-07-07T20:12:47.303874,2026-07-07T20:12:47.314978+00:00,134.5,200,bid,,,11271796
2026-07-07T20:12:48.414569,2026-07-07T20:12:48.424656+00:00,134.4,500,ask,,,11271812
2026-07-07T20:12:48.957271,2026-07-07T20:12:48.969052+00:00,134.4,12,ask,,,11271823
2026-07-07T20:12:49.965285,2026-07-07T20:12:49.972851+00:00,134.5,12,bid,,,11271833
2026-07-07T20:12:52.154837,2026-07-07T20:12:52.168697+00:00,134.4,200,ask,,,11271859
2026-07-07T20:12:54.334754,2026-07-07T20:12:54.346693+00:00,134.5,20,bid,,,11271880
2026-07-07T20:12:55.781517,2026-07-07T20:12:55.792729+00:00,134.3,200,ask,,,11271903
2026-07-07T20:12:56.005544,2026-07-07T20:12:56.009051+00:00,134.5,14,ask,,,11271907
2026-07-07T20:12:56.989574,2026-07-07T20:12:57.000757+00:00,134.5,200,ask,,,11271937
2026-07-07T20:12:58.318146,2026-07-07T20:12:58.325681+00:00,134.3,12,ask,,,11271956
2026-07-07T20:12:59.957278,2026-07-07T20:12:59.968729+00:00,134.4,200,ask,,,11271974
2026-07-07T20:13:00.337389,2026-07-07T20:13:00.345051+00:00,134.0,12,ask,,,11271981
2026-07-07T20:13:00.634809,2026-07-07T20:13:00.638740+00:00,134.2,12,ask,,,11271984
2026-07-07T20:13:00.843087,2026-07-07T20:13:00.850589+00:00,134.2,12,ask,,,11271990
2026-07-07T20:13:01.846951,2026-07-07T20:13:01.852107+00:00,134.3,11,ask,,,11272005
2026-07-07T20:13:02.580001,2026-07-07T20:13:02.590482+00:00,134.3,189,ask,,,11272015
2026-07-07T20:13:04.251724,2026-07-07T20:13:04.258595+00:00,134.2,200,bid,,,11272040
2026-07-07T20:13:04.647713,2026-07-07T20:13:04.663738+00:00,134.0,12,ask,,,11272049
2026-07-07T20:13:06.656733,2026-07-07T20:13:06.668639+00:00,134.0,12,ask,,,11272079
2026-07-07T20:13:07.884087,2026-07-07T20:13:07.892973+00:00,134.2,200,bid,,,11272099
2026-07-07T20:13:09.138500,2026-07-07T20:13:09.148204+00:00,134.3,200,bid,,,11272117
2026-07-07T20:13:10.306278,2026-07-07T20:13:10.313840+00:00,134.3,200,ask,,,11272132
2026-07-07T20:13:10.423030,2026-07-07T20:13:10.434572+00:00,134.5,20,bid,,,11272136
2026-07-07T20:13:12.726646,2026-07-07T20:13:12.733318+00:00,134.2,200,ask,,,11272173
2026-07-07T20:13:13.936558,2026-07-07T20:13:13.943021+00:00,134.3,200,bid,,,11272194
2026-07-07T20:13:14.391856,2026-07-07T20:13:14.395757+00:00,134.3,12,ask,,,11272198
2026-07-07T20:13:14.407908,2026-07-07T20:13:14.416536+00:00,134.3,20,ask,,,11272199
2026-07-07T20:13:16.357274,2026-07-07T20:13:16.358573+00:00,134.3,200,ask,,,11272219
2026-07-07T20:13:17.014987,2026-07-07T20:13:17.018921+00:00,134.3,12,bid,,,11272227
2026-07-07T20:13:17.276621,2026-07-07T20:13:17.288239+00:00,134.3,12,bid,,,11272238
2026-07-07T20:13:17.944070,2026-07-07T20:13:17.958593+00:00,134.3,20,bid,,,11272247
2026-07-07T20:13:19.808388,2026-07-07T20:13:19.818742+00:00,134.2,10,ask,,,11272270
2026-07-07T20:13:19.989411,2026-07-07T20:13:20.000565+00:00,134.2,200,ask,,,11272274
2026-07-07T20:13:23.618419,2026-07-07T20:13:23.628018+00:00,134.3,200,bid,,,11272319
2026-07-07T20:13:24.634428,2026-07-07T20:13:24.641239+00:00,134.1,20,ask,,,11272337
2026-07-07T20:13:25.508150,2026-07-07T20:13:25.519862+00:00,134.2,20,ask,,,11272358
2026-07-07T20:13:26.055738,2026-07-07T20:13:26.060084+00:00,134.3,12,ask,,,11272362
2026-07-07T20:13:26.189157,2026-07-07T20:13:26.199783+00:00,134.3,188,ask,,,11272364
2026-07-07T20:13:28.181783,2026-07-07T20:13:28.193772+00:00,134.5,20,bid,,,11272386
2026-07-07T20:13:29.668350,2026-07-07T20:13:29.679472+00:00,134.4,200,bid,,,11272410
2026-07-07T20:13:29.738294,2026-07-07T20:13:29.749863+00:00,134.2,20,ask,,,11272411
2026-07-07T20:13:32.093336,2026-07-07T20:13:32.101625+00:00,134.4,200,bid,,,11272438
2026-07-07T20:13:34.050191,2026-07-07T20:13:34.058621+00:00,134.5,200,ask,,,11272459
2026-07-07T20:13:36.130481,2026-07-07T20:13:36.141979+00:00,134.6,10,bid,,,11272493
2026-07-07T20:13:36.853333,2026-07-07T20:13:36.871838+00:00,134.5,200,ask,,,11272499
2026-07-07T20:13:36.867765,2026-07-07T20:13:36.871838+00:00,134.5,12,bid,,,11272501
2026-07-07T20:13:37.975074,2026-07-07T20:13:37.981958+00:00,134.5,500,bid,,,11272511
2026-07-07T20:13:38.435143,2026-07-07T20:13:38.439104+00:00,134.6,11,bid,,,11272516
2026-07-07T20:13:40.402313,2026-07-07T20:13:40.414071+00:00,134.6,12,bid,,,11272541
2026-07-07T20:13:40.564395,2026-07-07T20:13:40.575551+00:00,134.6,200,bid,,,11272544
2026-07-07T20:13:40.602259,2026-07-07T20:13:40.610622+00:00,134.6,500,bid,,,11272547
2026-07-07T20:13:41.671819,2026-07-07T20:13:41.679007+00:00,134.6,7,ask,,,11272562
2026-07-07T20:13:41.706805,2026-07-07T20:13:41.716863+00:00,134.6,118,ask,,,11272563
2026-07-07T20:13:41.773256,2026-07-07T20:13:41.780510+00:00,134.6,200,bid,,,11272565
2026-07-07T20:13:45.015675,2026-07-07T20:13:45.019933+00:00,134.6,26,bid,,,11272602
2026-07-07T20:13:45.424638,2026-07-07T20:13:45.429657+00:00,134.4,3,bid,,,11272608
2026-07-07T20:13:47.154232,2026-07-07T20:13:47.164114+00:00,134.4,200,bid,,,11272637
2026-07-07T20:13:47.868891,2026-07-07T20:13:47.879607+00:00,134.6,12,bid,,,11272644
2026-07-07T20:13:47.875258,2026-07-07T20:13:47.884864+00:00,134.6,20,bid,,,11272645
2026-07-07T20:13:48.171243,2026-07-07T20:13:48.175569+00:00,134.5,3,ask,,,11272653
2026-07-07T20:13:48.393751,2026-07-07T20:13:48.406056+00:00,134.6,3,bid,,,11272657
2026-07-07T20:13:48.899359,2026-07-07T20:13:48.911250+00:00,134.6,9,bid,,,11272664
2026-07-07T20:13:49.577482,2026-07-07T20:13:49.587855+00:00,134.4,500,ask,,,11272669
2026-07-07T20:13:49.778489,2026-07-07T20:13:49.787680+00:00,134.4,200,ask,,,11272675
2026-07-07T20:13:49.795816,2026-07-07T20:13:49.800185+00:00,134.2,3,bid,,,11272677
2026-07-07T20:13:49.921424,2026-07-07T20:13:49.930511+00:00,134.2,3,bid,,,11272681
2026-07-07T20:13:50.195028,2026-07-07T20:13:50.205799+00:00,134.2,3,bid,,,11272688
2026-07-07T20:13:50.236692,2026-07-07T20:13:50.245819+00:00,134.2,200,bid,,,11272690
2026-07-07T20:13:50.461773,2026-07-07T20:13:50.468784+00:00,134.2,3,bid,,,11272697
2026-07-07T20:13:50.721886,2026-07-07T20:13:50.728786+00:00,134.2,3,bid,,,11272704
2026-07-07T20:13:50.982526,2026-07-07T20:13:50.993620+00:00,134.2,14,bid,,,11272711
2026-07-07T20:13:51.343099,2026-07-07T20:13:51.347340+00:00,134.1,3,ask,,,11272720
2026-07-07T20:13:51.384629,2026-07-07T20:13:51.394349+00:00,134.1,500,ask,,,11272721
2026-07-07T20:13:52.397012,2026-07-07T20:13:52.407165+00:00,134.1,200,ask,,,11272741
2026-07-07T20:13:52.530861,2026-07-07T20:13:52.539256+00:00,134.0,12,bid,,,11272744
2026-07-07T20:13:52.660321,2026-07-07T20:13:52.669803+00:00,134.0,200,bid,,,11272749
2026-07-07T20:13:56.194111,2026-07-07T20:13:56.205549+00:00,133.9,20,ask,,,11272801
2026-07-07T20:13:58.971294,2026-07-07T20:13:58.978572+00:00,134.0,200,bid,,,11272834
2026-07-07T20:14:01.315783,2026-07-07T20:14:01.327498+00:00,134.0,12,ask,,,11272869
2026-07-07T20:14:01.607396,2026-07-07T20:14:01.614447+00:00,134.2,200,bid,,,11272870
2026-07-07T20:14:03.556811,2026-07-07T20:14:03.560692+00:00,134.3,3,ask,,,11272895
2026-07-07T20:14:03.605054,2026-07-07T20:14:03.612482+00:00,134.3,12,ask,,,11272898
2026-07-07T20:14:06.142188,2026-07-07T20:14:06.158619+00:00,134.3,12,bid,,,11272927
2026-07-07T20:14:06.854064,2026-07-07T20:14:06.865284+00:00,134.3,188,bid,,,11272932
2026-07-07T20:14:08.394602,2026-07-07T20:14:08.402350+00:00,134.4,200,bid,,,11272956
2026-07-07T20:14:10.782976,2026-07-07T20:14:10.790012+00:00,134.4,200,bid,,,11272989
2026-07-07T20:14:10.800738,2026-07-07T20:14:10.804258+00:00,134.4,11,ask,,,11272991
2026-07-07T20:14:10.825526,2026-07-07T20:14:10.835229+00:00,134.4,200,ask,,,11272994
2026-07-07T20:14:12.048869,2026-07-07T20:14:12.058635+00:00,134.4,200,ask,,,11273004
2026-07-07T20:14:12.112306,2026-07-07T20:14:12.116850+00:00,134.2,11,bid,,,11273007
2026-07-07T20:14:12.207243,2026-07-07T20:14:12.215354+00:00,134.1,11,ask,,,11273010
2026-07-07T20:14:13.258300,2026-07-07T20:14:13.269931+00:00,134.2,200,bid,,,11273016
2026-07-07T20:14:14.225506,2026-07-07T20:14:14.233528+00:00,134.0,12,ask,,,11273029
2026-07-07T20:14:14.473906,2026-07-07T20:14:14.481351+00:00,134.2,200,bid,,,11273035
2026-07-07T20:14:14.732626,2026-07-07T20:14:14.736964+00:00,134.3,23,ask,,,11273040
2026-07-07T20:14:15.022542,2026-07-07T20:14:15.031887+00:00,134.3,12,ask,,,11273045
2026-07-07T20:14:15.796694,2026-07-07T20:14:15.803131+00:00,134.3,12,ask,,,11273056
2026-07-07T20:14:16.601317,2026-07-07T20:14:16.606009+00:00,134.4,12,bid,,,11273068
2026-07-07T20:14:16.904855,2026-07-07T20:14:16.911465+00:00,134.3,200,ask,,,11273073
2026-07-07T20:14:18.134784,2026-07-07T20:14:18.138728+00:00,134.3,11,bid,,,11273095
2026-07-07T20:14:18.353750,2026-07-07T20:14:18.356101+00:00,134.2,12,ask,,,11273100
2026-07-07T20:14:18.682653,2026-07-07T20:14:18.689982+00:00,134.3,189,bid,,,11273103
2026-07-07T20:14:19.818270,2026-07-07T20:14:19.822987+00:00,134.3,11,ask,,,11273112
2026-07-07T20:14:21.840703,2026-07-07T20:14:21.852655+00:00,134.3,20,ask,,,11273138
2026-07-07T20:14:22.612968,2026-07-07T20:14:22.622948+00:00,134.3,180,ask,,,11273148
2026-07-07T20:14:22.652516,2026-07-07T20:14:22.657919+00:00,134.0,8,ask,,,11273149
2026-07-07T20:14:22.958941,2026-07-07T20:14:22.970504+00:00,134.2,200,bid,,,11273154
2026-07-07T20:14:23.935704,2026-07-07T20:14:23.939893+00:00,134.3,23,ask,,,11273166
2026-07-07T20:14:24.175009,2026-07-07T20:14:24.182014+00:00,134.3,200,ask,,,11273170
2026-07-07T20:14:29.160800,2026-07-07T20:14:29.171662+00:00,134.1,200,ask,,,11273243
2026-07-07T20:14:30.227530,2026-07-07T20:14:30.235063+00:00,134.1,200,bid,,,11273255
2026-07-07T20:14:31.780133,2026-07-07T20:14:31.787221+00:00,134.2,500,bid,,,11273271
2026-07-07T20:14:32.648757,2026-07-07T20:14:32.659940+00:00,134.2,125,ask,,,11273283
2026-07-07T20:14:34.641271,2026-07-07T20:14:34.658572+00:00,134.0,20,ask,,,11273306
2026-07-07T20:14:35.583552,2026-07-07T20:14:35.594767+00:00,134.2,12,bid,,,11273327
2026-07-07T20:14:35.670440,2026-07-07T20:14:35.674349+00:00,134.1,23,ask,,,11273330
2026-07-07T20:14:35.705739,2026-07-07T20:14:35.716128+00:00,134.1,177,ask,,,11273331
2026-07-07T20:14:38.646060,2026-07-07T20:14:38.652830+00:00,134.0,3,ask,,,11273364
2026-07-07T20:14:38.906252,2026-07-07T20:14:38.916746+00:00,134.0,3,ask,,,11273369
2026-07-07T20:14:39.177644,2026-07-07T20:14:39.188292+00:00,134.0,3,ask,,,11273373
2026-07-07T20:14:39.683203,2026-07-07T20:14:39.689755+00:00,134.0,6,ask,,,11273388
2026-07-07T20:14:43.535038,2026-07-07T20:14:43.542578+00:00,134.2,200,bid,,,11273441
2026-07-07T20:14:43.905871,2026-07-07T20:14:43.914673+00:00,134.4,20,bid,,,11273446
2026-07-07T20:14:45.099870,2026-07-07T20:14:45.103771+00:00,134.4,11,bid,,,11273468
2026-07-07T20:14:47.165953,2026-07-07T20:14:47.175960+00:00,134.3,200,ask,,,11273491
2026-07-07T20:14:47.507202,2026-07-07T20:14:47.513683+00:00,134.4,500,bid,,,11273496
2026-07-07T20:14:47.674572,2026-07-07T20:14:47.681645+00:00,134.4,125,ask,,,11273498
2026-07-07T20:14:47.693887,2026-07-07T20:14:47.697874+00:00,134.3,12,bid,,,11273500
2026-07-07T20:14:52.003932,2026-07-07T20:14:52.012785+00:00,134.4,200,bid,,,11273557
2026-07-07T20:14:52.753207,2026-07-07T20:14:52.758550+00:00,134.3,500,bid,,,11273563
2026-07-07T20:14:53.743218,2026-07-07T20:14:53.758637+00:00,134.3,125,ask,,,11273576
2026-07-07T20:14:53.823291,2026-07-07T20:14:53.829430+00:00,134.3,10,bid,,,11273580
2026-07-07T20:14:54.067749,2026-07-07T20:14:54.076979+00:00,134.2,200,ask,,,11273587
2026-07-07T20:14:54.087131,2026-07-07T20:14:54.090916+00:00,134.1,11,bid,,,11273590
2026-07-07T20:14:54.418103,2026-07-07T20:14:54.427856+00:00,134.1,200,bid,,,11273596
2026-07-07T20:14:54.667698,2026-07-07T20:14:54.671830+00:00,133.8,23,ask,,,11273604
2026-07-07T20:14:54.851150,2026-07-07T20:14:54.854526+00:00,133.8,7,ask,,,11273605
2026-07-07T20:14:54.909896,2026-07-07T20:14:54.921309+00:00,133.8,20,ask,,,11273606
2026-07-07T20:14:55.389878,2026-07-07T20:14:55.394179+00:00,134.0,22,ask,,,11273619
2026-07-07T20:14:55.651530,2026-07-07T20:14:55.655778+00:00,134.1,12,ask,,,11273626
2026-07-07T20:14:56.699642,2026-07-07T20:14:56.703959+00:00,134.2,11,ask,,,11273633
2026-07-07T20:14:57.770240,2026-07-07T20:14:57.774181+00:00,134.4,34,bid,,,11273661
2026-07-07T20:14:58.587340,2026-07-07T20:14:58.596533+00:00,134.3,500,ask,,,11273673
2026-07-07T20:14:59.184193,2026-07-07T20:14:59.194941+00:00,134.3,125,ask,,,11273682
2026-07-07T20:14:59.184193,2026-07-07T20:14:59.194941+00:00,134.2,200,ask,,,11273683
2026-07-07T20:14:59.205950,2026-07-07T20:14:59.209641+00:00,134.2,23,bid,,,11273685
2026-07-07T20:14:59.844160,2026-07-07T20:14:59.858566+00:00,134.2,20,bid,,,11273694
2026-07-07T20:15:00.659991,2026-07-07T20:15:00.669380+00:00,134.2,11,bid,,,11273706
2026-07-07T20:15:01.189971,2026-07-07T20:15:01.201614+00:00,134.0,9,ask,,,11273715
2026-07-07T20:15:01.730610,2026-07-07T20:15:01.734932+00:00,134.1,200,bid,,,11273719
2026-07-07T20:15:08.988258,2026-07-07T20:15:09.000080+00:00,134.1,10,bid,,,11273801
2026-07-07T20:15:09.816686,2026-07-07T20:15:09.820698+00:00,134.0,11,bid,,,11273812
2026-07-07T20:15:10.230002,2026-07-07T20:15:10.240572+00:00,134.0,200,bid,,,11273823
2026-07-07T20:15:11.442272,2026-07-07T20:15:11.451356+00:00,134.0,200,bid,,,11273838
2026-07-07T20:15:15.558948,2026-07-07T20:15:15.570771+00:00,133.8,12,ask,,,11273877
2026-07-07T20:15:20.170088,2026-07-07T20:15:20.179703+00:00,134.1,20,bid,,,11273940
2026-07-07T20:15:29.271199,2026-07-07T20:15:29.275116+00:00,133.9,11,ask,,,11274080
2026-07-07T20:15:31.859094,2026-07-07T20:15:31.870874+00:00,134.0,20,bid,,,11274114
2026-07-07T20:15:34.721469,2026-07-07T20:15:34.729124+00:00,134.0,200,bid,,,11274153
2026-07-07T20:15:35.690254,2026-07-07T20:15:35.697516+00:00,134.0,200,ask,,,11274164
2026-07-07T20:15:36.034202,2026-07-07T20:15:36.042212+00:00,133.9,500,ask,,,11274165
2026-07-07T20:15:39.339574,2026-07-07T20:15:39.343645+00:00,134.1,12,ask,,,11274207
2026-07-07T20:15:39.697824,2026-07-07T20:15:39.709558+00:00,134.3,6,bid,,,11274214
2026-07-07T20:15:41.716381,2026-07-07T20:15:41.729673+00:00,134.2,6,ask,,,11274242
2026-07-07T20:15:41.752045,2026-07-07T20:15:41.764068+00:00,134.2,200,ask,,,11274245
2026-07-07T20:15:44.578709,2026-07-07T20:15:44.585325+00:00,134.3,20,bid,,,11274284
2026-07-07T20:15:46.605573,2026-07-07T20:15:46.617066+00:00,134.2,200,bid,,,11274305
2026-07-07T20:15:49.195488,2026-07-07T20:15:49.202240+00:00,134.2,200,bid,,,11274339
2026-07-07T20:15:51.816676,2026-07-07T20:15:51.824973+00:00,134.3,200,bid,,,11274364
2026-07-07T20:15:52.659600,2026-07-07T20:15:52.666668+00:00,134.3,200,ask,,,11274383
2026-07-07T20:15:54.445905,2026-07-07T20:15:54.455289+00:00,134.2,200,ask,,,11274413
2026-07-07T20:15:54.839913,2026-07-07T20:15:54.851583+00:00,133.9,20,ask,,,11274417
2026-07-07T20:15:55.090132,2026-07-07T20:15:55.093835+00:00,134.1,12,bid,,,11274422
2026-07-07T20:15:55.754856,2026-07-07T20:15:55.763665+00:00,134.1,188,bid,,,11274440
2026-07-07T20:15:57.824498,2026-07-07T20:15:57.836309+00:00,134.0,20,ask,,,11274468
2026-07-07T20:15:57.948777,2026-07-07T20:15:57.953269+00:00,134.2,23,bid,,,11274473
2026-07-07T20:15:59.967875,2026-07-07T20:15:59.979555+00:00,134.3,12,bid,,,11274502
2026-07-07T20:16:01.748924,2026-07-07T20:16:01.758601+00:00,134.4,12,bid,,,11274529
2026-07-07T20:16:04.808749,2026-07-07T20:16:04.812435+00:00,134.2,11,bid,,,11274580
2026-07-07T20:16:04.944230,2026-07-07T20:16:04.948068+00:00,134.1,3,bid,,,11274584
2026-07-07T20:16:05.051645,2026-07-07T20:16:05.058597+00:00,134.1,12,bid,,,11274586
2026-07-07T20:16:06.027252,2026-07-07T20:16:06.034726+00:00,134.1,200,bid,,,11274599
2026-07-07T20:16:06.845257,2026-07-07T20:16:06.858643+00:00,134.0,12,bid,,,11274610
2026-07-07T20:16:07.241523,2026-07-07T20:16:07.251243+00:00,134.0,200,bid,,,11274620
2026-07-07T20:16:07.456947,2026-07-07T20:16:07.461125+00:00,133.8,3,ask,,,11274624
2026-07-07T20:16:08.449402,2026-07-07T20:16:08.458581+00:00,134.0,200,bid,,,11274634
2026-07-07T20:16:09.675535,2026-07-07T20:16:09.679709+00:00,133.9,11,ask,,,11274652
2026-07-07T20:16:10.414302,2026-07-07T20:16:10.426168+00:00,133.9,12,ask,,,11274668
2026-07-07T20:16:10.868791,2026-07-07T20:16:10.880518+00:00,134.1,200,bid,,,11274676
2026-07-07T20:16:12.472404,2026-07-07T20:16:12.484294+00:00,133.9,20,ask,,,11274698
2026-07-07T20:16:14.501264,2026-07-07T20:16:14.511756+00:00,134.1,200,bid,,,11274731
2026-07-07T20:16:14.735424,2026-07-07T20:16:14.742709+00:00,133.9,12,ask,,,11274739
2026-07-07T20:16:15.012884,2026-07-07T20:16:15.022684+00:00,134.1,20,bid,,,11274742
2026-07-07T20:16:15.709875,2026-07-07T20:16:15.719356+00:00,134.1,200,bid,,,11274745
2026-07-07T20:16:17.746238,2026-07-07T20:16:17.758636+00:00,134.0,20,ask,,,11274773
2026-07-07T20:16:18.041219,2026-07-07T20:16:18.049874+00:00,134.1,200,bid,,,11274776
2026-07-07T20:16:21.035342,2026-07-07T20:16:21.046839+00:00,134.3,12,bid,,,11274813
2026-07-07T20:16:21.977192,2026-07-07T20:16:21.987488+00:00,134.1,200,bid,,,11274826
2026-07-07T20:16:25.069505,2026-07-07T20:16:25.077046+00:00,134.3,12,bid,,,11274862
2026-07-07T20:16:25.922533,2026-07-07T20:16:25.933287+00:00,134.2,200,bid,,,11274873
2026-07-07T20:16:25.922533,2026-07-07T20:16:25.933287+00:00,134.2,425,bid,,,11274874
2026-07-07T20:16:26.605980,2026-07-07T20:16:26.614503+00:00,134.0,12,ask,,,11274883
2026-07-07T20:16:27.362144,2026-07-07T20:16:27.373715+00:00,134.1,12,bid,,,11274894
2026-07-07T20:16:27.793519,2026-07-07T20:16:27.801095+00:00,134.1,200,bid,,,11274903
2026-07-07T20:16:31.242524,2026-07-07T20:16:31.250462+00:00,134.1,500,ask,,,11274933
2026-07-07T20:16:31.836931,2026-07-07T20:16:31.845650+00:00,134.1,125,ask,,,11274940
2026-07-07T20:16:31.836931,2026-07-07T20:16:31.845650+00:00,134.1,200,ask,,,11274941
2026-07-07T20:16:32.518272,2026-07-07T20:16:32.522603+00:00,134.0,11,bid,,,11274954
2026-07-07T20:16:32.628943,2026-07-07T20:16:32.638025+00:00,134.0,200,bid,,,11274960
2026-07-07T20:16:32.759496,2026-07-07T20:16:32.763544+00:00,133.8,11,ask,,,11274964
2026-07-07T20:16:32.897950,2026-07-07T20:16:32.909624+00:00,133.8,12,ask,,,11274965
2026-07-07T20:16:33.827835,2026-07-07T20:16:33.831901+00:00,133.9,12,ask,,,11274979
2026-07-07T20:16:34.255187,2026-07-07T20:16:34.258645+00:00,133.9,500,ask,,,11274985
2026-07-07T20:16:34.850275,2026-07-07T20:16:34.858555+00:00,133.9,113,ask,,,11274989
2026-07-07T20:16:35.166422,2026-07-07T20:16:35.177846+00:00,133.8,20,bid,,,11274998
2026-07-07T20:16:35.720400,2026-07-07T20:16:35.724983+00:00,133.8,23,bid,,,11275009
2026-07-07T20:16:35.946355,2026-07-07T20:16:35.957538+00:00,133.8,12,bid,,,11275011
2026-07-07T20:16:36.452752,2026-07-07T20:16:36.456664+00:00,133.7,3,bid,,,11275021
2026-07-07T20:16:37.455039,2026-07-07T20:16:37.453662+00:00,133.7,12,bid,,,11275035
2026-07-07T20:16:38.675920,2026-07-07T20:16:38.684440+00:00,133.6,200,ask,,,11275054
2026-07-07T20:16:40.319469,2026-07-07T20:16:40.329418+00:00,133.8,20,bid,,,11275080
2026-07-07T20:16:41.867002,2026-07-07T20:16:41.876062+00:00,133.7,20,bid,,,11275104
2026-07-07T20:16:41.988060,2026-07-07T20:16:41.994676+00:00,133.7,11,bid,,,11275108
2026-07-07T20:16:42.523484,2026-07-07T20:16:42.530075+00:00,133.7,12,bid,,,11275119
2026-07-07T20:16:43.000631,2026-07-07T20:16:43.010059+00:00,133.6,200,ask,,,11275131
2026-07-07T20:16:43.509128,2026-07-07T20:16:43.518685+00:00,133.5,200,bid,,,11275136
2026-07-07T20:16:43.553346,2026-07-07T20:16:43.558547+00:00,133.5,12,bid,,,11275138
2026-07-07T20:16:44.069976,2026-07-07T20:16:44.080862+00:00,133.5,12,bid,,,11275151
2026-07-07T20:16:45.628731,2026-07-07T20:16:45.635473+00:00,133.6,200,bid,,,11275175
2026-07-07T20:16:45.838453,2026-07-07T20:16:45.850264+00:00,133.8,12,bid,,,11275178
2026-07-07T20:16:51.693067,2026-07-07T20:16:51.696633+00:00,133.8,14,bid,,,11275272
2026-07-07T20:16:51.874619,2026-07-07T20:16:51.885284+00:00,133.8,11,bid,,,11275276
2026-07-07T20:16:52.216568,2026-07-07T20:16:52.223957+00:00,133.7,200,ask,,,11275280
2026-07-07T20:16:52.235029,2026-07-07T20:16:52.239237+00:00,133.7,12,bid,,,11275282
2026-07-07T20:16:53.214644,2026-07-07T20:16:53.223032+00:00,133.7,200,bid,,,11275298
2026-07-07T20:16:55.479045,2026-07-07T20:16:55.483137+00:00,133.8,12,ask,,,11275323
2026-07-07T20:16:56.273049,2026-07-07T20:16:56.284764+00:00,133.9,20,bid,,,11275333
2026-07-07T20:16:57.895757,2026-07-07T20:16:57.899967+00:00,133.8,11,ask,,,11275359
2026-07-07T20:16:59.714663,2026-07-07T20:16:59.726489+00:00,133.9,20,bid,,,11275379
2026-07-07T20:17:05.321169,2026-07-07T20:17:05.332086+00:00,133.8,200,ask,,,11275448
2026-07-07T20:17:05.383188,2026-07-07T20:17:05.394968+00:00,133.8,12,ask,,,11275449
2026-07-07T20:17:05.425890,2026-07-07T20:17:05.430093+00:00,133.9,3,ask,,,11275451
2026-07-07T20:17:06.530463,2026-07-07T20:17:06.541840+00:00,133.9,200,ask,,,11275467
2026-07-07T20:17:07.400030,2026-07-07T20:17:07.408426+00:00,133.7,12,ask,,,11275480
2026-07-07T20:17:11.718780,2026-07-07T20:17:11.730978+00:00,133.6,12,ask,,,11275529
2026-07-07T20:17:13.047280,2026-07-07T20:17:13.054432+00:00,133.7,20,bid,,,11275556
2026-07-07T20:17:13.854743,2026-07-07T20:17:13.858564+00:00,133.8,20,bid,,,11275564
2026-07-07T20:17:13.925883,2026-07-07T20:17:13.930795+00:00,133.7,14,ask,,,11275568
2026-07-07T20:17:13.990444,2026-07-07T20:17:14.002320+00:00,133.7,12,ask,,,11275569
2026-07-07T20:17:15.974285,2026-07-07T20:17:15.985366+00:00,133.7,200,ask,,,11275596
2026-07-07T20:17:15.974285,2026-07-07T20:17:15.985366+00:00,133.6,425,ask,,,11275597
2026-07-07T20:17:17.250354,2026-07-07T20:17:17.258542+00:00,133.8,200,bid,,,11275611
2026-07-07T20:17:17.295167,2026-07-07T20:17:17.306930+00:00,133.8,300,ask,,,11275614
2026-07-07T20:17:18.015997,2026-07-07T20:17:18.028038+00:00,133.7,12,ask,,,11275627
2026-07-07T20:17:18.619063,2026-07-07T20:17:18.626738+00:00,133.8,200,bid,,,11275632
2026-07-07T20:17:18.642417,2026-07-07T20:17:18.653239+00:00,133.8,200,ask,,,11275636
2026-07-07T20:17:21.260147,2026-07-07T20:17:21.270311+00:00,133.8,200,ask,,,11275675
2026-07-07T20:17:22.701066,2026-07-07T20:17:22.707567+00:00,133.8,500,bid,,,11275694
2026-07-07T20:17:23.322861,2026-07-07T20:17:23.333260+00:00,133.7,20,ask,,,11275705
2026-07-07T20:17:24.683282,2026-07-07T20:17:24.691217+00:00,133.8,200,ask,,,11275723
2026-07-07T20:17:28.090282,2026-07-07T20:17:28.099758+00:00,134.1,12,bid,,,11275771
2026-07-07T20:17:32.866428,2026-07-07T20:17:32.878272+00:00,134.0,12,bid,,,11275823
2026-07-07T20:17:34.378267,2026-07-07T20:17:34.385218+00:00,134.0,200,bid,,,11275851
2026-07-07T20:17:34.884122,2026-07-07T20:17:34.895894+00:00,133.8,12,ask,,,11275864
2026-07-07T20:17:35.684144,2026-07-07T20:17:35.694683+00:00,134.1,200,bid,,,11275873
2026-07-07T20:17:36.798211,2026-07-07T20:17:36.804755+00:00,134.1,200,ask,,,11275887
2026-07-07T20:17:39.157810,2026-07-07T20:17:39.169419+00:00,134.0,12,ask,,,11275922
2026-07-07T20:17:42.179516,2026-07-07T20:17:42.191136+00:00,134.1,12,ask,,,11275960
2026-07-07T20:17:45.444294,2026-07-07T20:17:45.452415+00:00,134.3,12,bid,,,11276003
2026-07-07T20:17:48.812585,2026-07-07T20:17:48.831108+00:00,134.2,200,ask,,,11276049
2026-07-07T20:17:48.827054,2026-07-07T20:17:48.831108+00:00,134.2,11,bid,,,11276051
2026-07-07T20:17:49.758245,2026-07-07T20:17:49.768710+00:00,134.2,12,bid,,,11276065
2026-07-07T20:17:51.367074,2026-07-07T20:17:51.374224+00:00,134.2,200,ask,,,11276083
2026-07-07T20:17:51.778883,2026-07-07T20:17:51.790298+00:00,134.3,12,bid,,,11276094
2026-07-07T20:17:53.789733,2026-07-07T20:17:53.799694+00:00,134.3,200,bid,,,11276124
2026-07-07T20:17:56.079212,2026-07-07T20:17:56.091082+00:00,134.1,12,ask,,,11276161
2026-07-07T20:17:56.728841,2026-07-07T20:17:56.751773+00:00,134.3,200,bid,,,11276172
2026-07-07T20:17:57.430452,2026-07-07T20:17:57.438609+00:00,134.3,200,ask,,,11276179
2026-07-07T20:17:58.023026,2026-07-07T20:17:58.034441+00:00,134.5,20,bid,,,11276193
2026-07-07T20:17:58.130099,2026-07-07T20:17:58.141007+00:00,134.0,12,ask,,,11276197
2026-07-07T20:17:59.899915,2026-07-07T20:17:59.911012+00:00,134.2,12,bid,,,11276223
2026-07-07T20:18:00.679583,2026-07-07T20:18:00.686476+00:00,134.2,12,bid,,,11276229
2026-07-07T20:18:03.723831,2026-07-07T20:18:03.734692+00:00,134.1,12,ask,,,11276283
2026-07-07T20:18:05.027218,2026-07-07T20:18:05.038834+00:00,134.0,12,ask,,,11276297
2026-07-07T20:18:07.501961,2026-07-07T20:18:07.513187+00:00,134.1,200,bid,,,11276332
2026-07-07T20:18:07.545084,2026-07-07T20:18:07.549263+00:00,134.1,23,ask,,,11276335
2026-07-07T20:18:08.138292,2026-07-07T20:18:08.144977+00:00,134.2,500,bid,,,11276348
2026-07-07T20:18:08.597317,2026-07-07T20:18:08.604839+00:00,134.1,200,bid,,,11276353
2026-07-07T20:18:09.558386,2026-07-07T20:18:09.568937+00:00,134.4,200,ask,,,11276369
2026-07-07T20:18:10.596300,2026-07-07T20:18:10.608000+00:00,134.3,20,bid,,,11276385
2026-07-07T20:18:11.999433,2026-07-07T20:18:12.003940+00:00,134.3,11,ask,,,11276405
2026-07-07T20:18:12.021608,2026-07-07T20:18:12.033739+00:00,134.4,12,bid,,,11276406
2026-07-07T20:18:13.192677,2026-07-07T20:18:13.203797+00:00,134.4,200,bid,,,11276421
2026-07-07T20:18:13.702276,2026-07-07T20:18:13.714112+00:00,134.4,20,bid,,,11276432
2026-07-07T20:18:15.048120,2026-07-07T20:18:15.054591+00:00,134.2,12,ask,,,11276444
2026-07-07T20:18:17.713420,2026-07-07T20:18:17.725108+00:00,134.2,20,ask,,,11276484
2026-07-07T20:18:20.447667,2026-07-07T20:18:20.454373+00:00,134.3,200,ask,,,11276521
2026-07-07T20:18:21.375716,2026-07-07T20:18:21.387421+00:00,134.1,12,ask,,,11276542
2026-07-07T20:18:23.091803,2026-07-07T20:18:23.110969+00:00,134.1,500,ask,,,11276563
2026-07-07T20:18:23.106533,2026-07-07T20:18:23.110969+00:00,134.1,11,bid,,,11276565
2026-07-07T20:18:23.358121,2026-07-07T20:18:23.362539+00:00,134.0,11,ask,,,11276571
2026-07-07T20:18:23.406968,2026-07-07T20:18:23.413940+00:00,134.0,24,ask,,,11276573
2026-07-07T20:18:23.928534,2026-07-07T20:18:23.939173+00:00,134.0,3,ask,,,11276578
2026-07-07T20:18:24.078288,2026-07-07T20:18:24.084794+00:00,134.1,114,bid,,,11276583
2026-07-07T20:18:24.095778,2026-07-07T20:18:24.099731+00:00,134.1,12,ask,,,11276585
2026-07-07T20:18:24.189585,2026-07-07T20:18:24.200799+00:00,134.1,3,ask,,,11276587
2026-07-07T20:18:24.482094,2026-07-07T20:18:24.494874+00:00,134.1,3,ask,,,11276597
2026-07-07T20:18:24.742660,2026-07-07T20:18:24.758611+00:00,134.1,3,ask,,,11276604
2026-07-07T20:18:25.003467,2026-07-07T20:18:25.014696+00:00,134.1,3,ask,,,11276608
2026-07-07T20:18:25.263953,2026-07-07T20:18:25.275422+00:00,134.1,3,ask,,,11276615
2026-07-07T20:18:25.302576,2026-07-07T20:18:25.306915+00:00,134.2,11,ask,,,11276617
2026-07-07T20:18:25.523408,2026-07-07T20:18:25.532843+00:00,134.2,3,ask,,,11276623
2026-07-07T20:18:25.778406,2026-07-07T20:18:25.790192+00:00,134.2,12,ask,,,11276629
2026-07-07T20:18:31.337677,2026-07-07T20:18:31.347653+00:00,134.3,200,ask,,,11276722
2026-07-07T20:18:34.970142,2026-07-07T20:18:34.980842+00:00,134.4,200,bid,,,11276759
2026-07-07T20:18:35.234168,2026-07-07T20:18:35.245980+00:00,134.2,20,ask,,,11276768
2026-07-07T20:18:37.394487,2026-07-07T20:18:37.402555+00:00,134.4,200,ask,,,11276789
2026-07-07T20:18:42.488415,2026-07-07T20:18:42.492797+00:00,134.5,11,bid,,,11276876
2026-07-07T20:18:42.629311,2026-07-07T20:18:42.636383+00:00,134.5,11,bid,,,11276877
2026-07-07T20:18:42.786787,2026-07-07T20:18:42.790852+00:00,134.4,12,bid,,,11276881
2026-07-07T20:18:43.453098,2026-07-07T20:18:43.456968+00:00,134.3,11,bid,,,11276892
2026-07-07T20:18:45.704062,2026-07-07T20:18:45.708355+00:00,134.2,11,ask,,,11276926
2026-07-07T20:18:45.850091,2026-07-07T20:18:45.858590+00:00,134.2,200,ask,,,11276930
2026-07-07T20:18:45.920526,2026-07-07T20:18:45.930560+00:00,134.2,12,ask,,,11276931
2026-07-07T20:18:46.429337,2026-07-07T20:18:46.436247+00:00,134.5,12,bid,,,11276939
2026-07-07T20:18:47.061801,2026-07-07T20:18:47.068774+00:00,134.2,200,ask,,,11276952
2026-07-07T20:18:48.019003,2026-07-07T20:18:48.025781+00:00,134.2,500,ask,,,11276969
2026-07-07T20:18:48.057890,2026-07-07T20:18:48.068952+00:00,134.2,125,bid,,,11276970
2026-07-07T20:18:48.724545,2026-07-07T20:18:48.731707+00:00,134.3,12,bid,,,11276983
2026-07-07T20:18:50.984737,2026-07-07T20:18:50.996610+00:00,134.4,12,bid,,,11277008
2026-07-07T20:18:51.797878,2026-07-07T20:18:51.802307+00:00,134.4,11,bid,,,11277014
2026-07-07T20:18:52.761016,2026-07-07T20:18:52.769119+00:00,134.2,12,ask,,,11277028
2026-07-07T20:18:53.015924,2026-07-07T20:18:53.027793+00:00,134.5,12,bid,,,11277034
2026-07-07T20:18:53.512468,2026-07-07T20:18:53.520870+00:00,134.4,500,bid,,,11277041
2026-07-07T20:18:54.109356,2026-07-07T20:18:54.118083+00:00,134.4,125,bid,,,11277049
2026-07-07T20:18:55.047790,2026-07-07T20:18:55.058559+00:00,134.5,12,bid,,,11277061
2026-07-07T20:18:55.141066,2026-07-07T20:18:55.145297+00:00,134.5,12,bid,,,11277065
2026-07-07T20:18:55.534544,2026-07-07T20:18:55.548225+00:00,134.4,200,ask,,,11277072
2026-07-07T20:18:56.764533,2026-07-07T20:18:56.768440+00:00,134.4,11,bid,,,11277088
2026-07-07T20:18:57.958941,2026-07-07T20:18:57.965868+00:00,134.3,200,ask,,,11277108
2026-07-07T20:18:59.599451,2026-07-07T20:18:59.608173+00:00,134.3,12,ask,,,11277131
2026-07-07T20:18:59.842012,2026-07-07T20:18:59.852177+00:00,134.3,188,ask,,,11277135
2026-07-07T20:18:59.842012,2026-07-07T20:18:59.852177+00:00,134.2,437,ask,,,11277136
2026-07-07T20:19:00.391251,2026-07-07T20:19:00.395556+00:00,134.4,11,ask,,,11277145
2026-07-07T20:19:01.585495,2026-07-07T20:19:01.595566+00:00,134.5,200,bid,,,11277158
2026-07-07T20:19:01.633798,2026-07-07T20:19:01.645289+00:00,134.5,11,bid,,,11277159
2026-07-07T20:19:01.990848,2026-07-07T20:19:02.008771+00:00,134.3,20,ask,,,11277165
2026-07-07T20:19:05.921135,2026-07-07T20:19:05.932876+00:00,134.9,12,bid,,,11277220
2026-07-07T20:19:06.434295,2026-07-07T20:19:06.445085+00:00,134.7,200,bid,,,11277227
2026-07-07T20:19:09.700430,2026-07-07T20:19:09.712094+00:00,134.8,12,bid,,,11277283
2026-07-07T20:19:11.658214,2026-07-07T20:19:11.669861+00:00,134.6,200,bid,,,11277314
2026-07-07T20:19:11.992156,2026-07-07T20:19:11.998773+00:00,134.9,12,bid,,,11277320
2026-07-07T20:19:12.471097,2026-07-07T20:19:12.480935+00:00,134.6,200,ask,,,11277327
2026-07-07T20:19:13.687644,2026-07-07T20:19:13.697000+00:00,134.6,200,ask,,,11277340
2026-07-07T20:19:13.974072,2026-07-07T20:19:13.985914+00:00,134.6,20,ask,,,11277342
2026-07-07T20:19:14.140793,2026-07-07T20:19:14.145307+00:00,134.8,11,bid,,,11277346
2026-07-07T20:19:14.298378,2026-07-07T20:19:14.302351+00:00,134.7,3,bid,,,11277348
2026-07-07T20:19:15.871279,2026-07-07T20:19:15.883047+00:00,134.6,12,bid,,,11277369
2026-07-07T20:19:16.112526,2026-07-07T20:19:16.122356+00:00,134.6,200,bid,,,11277374
2026-07-07T20:19:16.392097,2026-07-07T20:19:16.399210+00:00,134.6,12,bid,,,11277379
2026-07-07T20:19:18.538260,2026-07-07T20:19:18.546517+00:00,134.6,200,bid,,,11277412
2026-07-07T20:19:18.946929,2026-07-07T20:19:18.958616+00:00,134.6,425,bid,,,11277415
2026-07-07T20:19:19.601294,2026-07-07T20:19:19.605519+00:00,134.7,3,ask,,,11277422
2026-07-07T20:19:19.746947,2026-07-07T20:19:19.753077+00:00,134.7,200,ask,,,11277424
2026-07-07T20:19:20.227624,2026-07-07T20:19:20.235618+00:00,134.7,12,ask,,,11277431
2026-07-07T20:19:20.483154,2026-07-07T20:19:20.494747+00:00,135.0,12,bid,,,11277434
2026-07-07T20:19:22.967614,2026-07-07T20:19:22.979430+00:00,134.8,20,ask,,,11277461
2026-07-07T20:19:23.690789,2026-07-07T20:19:23.702562+00:00,134.7,20,ask,,,11277474
2026-07-07T20:19:24.838074,2026-07-07T20:19:24.846309+00:00,134.8,200,bid,,,11277486
2026-07-07T20:19:25.796277,2026-07-07T20:19:25.803203+00:00,134.9,200,ask,,,11277502
2026-07-07T20:19:29.034126,2026-07-07T20:19:29.041561+00:00,134.8,12,ask,,,11277540
2026-07-07T20:19:31.069754,2026-07-07T20:19:31.079457+00:00,134.9,12,bid,,,11277567
2026-07-07T20:19:33.349512,2026-07-07T20:19:33.353481+00:00,134.6,12,bid,,,11277594
2026-07-07T20:19:36.666936,2026-07-07T20:19:36.674415+00:00,134.3,200,ask,,,11277636
2026-07-07T20:19:36.666936,2026-07-07T20:19:36.679654+00:00,134.3,425,ask,,,11277637
2026-07-07T20:19:37.998175,2026-07-07T20:19:38.002190+00:00,134.6,11,ask,,,11277652
2026-07-07T20:19:39.291832,2026-07-07T20:19:39.302653+00:00,134.7,200,bid,,,11277662
2026-07-07T20:19:39.318844,2026-07-07T20:19:39.322751+00:00,134.8,23,ask,,,11277664
2026-07-07T20:19:39.518481,2026-07-07T20:19:39.522589+00:00,135.0,34,bid,,,11277671
2026-07-07T20:19:39.659022,2026-07-07T20:19:39.670541+00:00,135.0,11,bid,,,11277675
2026-07-07T20:19:40.677154,2026-07-07T20:19:40.685674+00:00,134.8,11,ask,,,11277694
2026-07-07T20:19:41.028556,2026-07-07T20:19:41.036548+00:00,134.9,20,bid,,,11277699
2026-07-07T20:19:43.234347,2026-07-07T20:19:43.243728+00:00,134.8,200,ask,,,11277735
