timestamp,recv_time,price,volume,aggressor_side,buyer,seller,trade_id
2026-07-10T03:00:01.041040,2026-07-10T03:00:01.048802+00:00,109.4,3,bid,WavyWalnuts,Xinhong Shan,14661588
2026-07-10T03:00:01.041040,2026-07-10T03:00:01.057913+00:00,109.4,197,bid,WavyWalnuts,YieldingYams,14661589
2026-07-10T03:00:01.147044,2026-07-10T03:00:01.158695+00:00,109.4,20,bid,BrilliantBurritos,YieldingYams,14661591
2026-07-10T03:00:02.274161,2026-07-10T03:00:02.283949+00:00,109.4,200,bid,WavyWalnuts,YieldingYams,14661619
2026-07-10T03:00:02.289959,2026-07-10T03:00:02.298387+00:00,109.4,3,bid,YieldingYams,Xinhong Shan,14661622
2026-07-10T03:00:03.493087,2026-07-10T03:00:03.500808+00:00,109.5,3,ask,Xinhong Shan,WavyWalnuts,14661645
2026-07-10T03:00:03.493087,2026-07-10T03:00:03.506046+00:00,109.5,3,ask,Kelvin Chan,WavyWalnuts,14661646
2026-07-10T03:00:03.601584,2026-07-10T03:00:03.609541+00:00,109.5,194,bid,YieldingYams,WavyWalnuts,14661648
2026-07-10T03:00:06.151757,2026-07-10T03:00:06.158309+00:00,109.6,20,bid,BrilliantBurritos,YieldingYams,14661693
2026-07-10T03:00:07.126523,2026-07-10T03:00:07.134261+00:00,109.5,200,ask,YieldingYams,WavyWalnuts,14661711
2026-07-10T03:00:08.350503,2026-07-10T03:00:08.358566+00:00,109.5,3,ask,Xinhong Shan,WavyWalnuts,14661736
2026-07-10T03:00:08.728672,2026-07-10T03:00:08.737110+00:00,109.4,6,ask,Kelvin Chan,BrilliantBurritos,14661741
2026-07-10T03:00:08.728672,2026-07-10T03:00:08.737110+00:00,109.4,14,ask,YieldingYams,BrilliantBurritos,14661742
2026-07-10T03:00:08.854368,2026-07-10T03:00:08.858615+00:00,109.4,3,ask,Xinhong Shan,YieldingYams,14661744
2026-07-10T03:00:08.910762,2026-07-10T03:00:08.918319+00:00,109.4,50,bid,Lachy Miller,YieldingYams,14661746
2026-07-10T03:00:09.124217,2026-07-10T03:00:09.136020+00:00,109.4,25,bid,Lachy Miller,YieldingYams,14661753
2026-07-10T03:00:10.776992,2026-07-10T03:00:10.784136+00:00,109.4,3,bid,WavyWalnuts,Xinhong Shan,14661791
2026-07-10T03:00:11.558347,2026-07-10T03:00:11.570187+00:00,109.5,20,ask,YieldingYams,BrilliantBurritos,14661800
2026-07-10T03:00:11.563537,2026-07-10T03:00:11.570187+00:00,109.5,50,ask,YieldingYams,Lachy Miller,14661801
2026-07-10T03:00:12.825965,2026-07-10T03:00:12.834500+00:00,109.6,200,bid,YieldingYams,WavyWalnuts,14661832
2026-07-10T03:00:12.825965,2026-07-10T03:00:12.834500+00:00,109.6,3,bid,YieldingYams,Xinhong Shan,14661833
2026-07-10T03:00:13.213275,2026-07-10T03:00:13.227809+00:00,109.7,5,bid,WavyWalnuts,Kelvin Chan,14661844
2026-07-10T03:00:13.381335,2026-07-10T03:00:13.391901+00:00,109.8,20,bid,BrilliantBurritos,YieldingYams,14661848
2026-07-10T03:00:13.388192,2026-07-10T03:00:13.397406+00:00,109.8,39,bid,Lachy Miller,YieldingYams,14661849
2026-07-10T03:00:15.318932,2026-07-10T03:00:15.330915+00:00,109.7,3,ask,Xinhong Shan,BrilliantBurritos,14661888
2026-07-10T03:00:15.645953,2026-07-10T03:00:15.663800+00:00,109.8,4,bid,BrilliantBurritos,Kelvin Chan,14661893
2026-07-10T03:00:15.645953,2026-07-10T03:00:15.663800+00:00,109.8,3,bid,BrilliantBurritos,Xinhong Shan,14661894
2026-07-10T03:00:15.655095,2026-07-10T03:00:15.663800+00:00,109.7,200,ask,YieldingYams,WavyWalnuts,14661896
2026-07-10T03:00:16.862565,2026-07-10T03:00:16.870041+00:00,109.7,3,ask,Xinhong Shan,WavyWalnuts,14661920
2026-07-10T03:00:16.862565,2026-07-10T03:00:16.875534+00:00,109.6,197,ask,YieldingYams,WavyWalnuts,14661921
2026-07-10T03:00:18.078853,2026-07-10T03:00:18.086737+00:00,109.7,200,ask,YieldingYams,WavyWalnuts,14661935
2026-07-10T03:00:19.288507,2026-07-10T03:00:19.296227+00:00,109.7,200,ask,YieldingYams,WavyWalnuts,14661964
2026-07-10T03:00:19.388116,2026-07-10T03:00:19.395214+00:00,109.7,3,ask,Xinhong Shan,YieldingYams,14661973
2026-07-10T03:00:20.701022,2026-07-10T03:00:20.708362+00:00,109.6,500,ask,AverageAlmonds,YieldingYams,14662005
2026-07-10T03:00:21.178121,2026-07-10T03:00:21.185636+00:00,109.6,125,bid,AverageAlmonds,YieldingYams,14662017
2026-07-10T03:00:21.178121,2026-07-10T03:00:21.190891+00:00,109.6,3,bid,AverageAlmonds,Xinhong Shan,14662018
2026-07-10T03:00:21.989316,2026-07-10T03:00:21.996735+00:00,109.6,20,ask,WavyWalnuts,BrilliantBurritos,14662029
2026-07-10T03:00:23.317107,2026-07-10T03:00:23.324428+00:00,109.8,5,bid,YieldingYams,Kelvin Chan,14662045
2026-07-10T03:00:23.317107,2026-07-10T03:00:23.329454+00:00,109.8,3,bid,YieldingYams,Xinhong Shan,14662046
2026-07-10T03:00:23.463930,2026-07-10T03:00:23.471831+00:00,109.8,4,ask,YieldingYams,Lachy Miller,14662050
2026-07-10T03:00:25.982453,2026-07-10T03:00:25.989598+00:00,109.8,3,ask,Xinhong Shan,YieldingYams,14662108
2026-07-10T03:00:25.982453,2026-07-10T03:00:25.994775+00:00,109.8,200,ask,WavyWalnuts,YieldingYams,14662109
2026-07-10T03:00:27.891111,2026-07-10T03:00:27.900389+00:00,109.7,3,ask,Xinhong Shan,Lachy Miller,14662143
2026-07-10T03:00:27.891111,2026-07-10T03:00:27.900389+00:00,109.7,32,ask,YieldingYams,Lachy Miller,14662144
2026-07-10T03:00:27.902670,2026-07-10T03:00:27.910833+00:00,109.8,3,bid,BrilliantBurritos,Xinhong Shan,14662146
2026-07-10T03:00:30.221472,2026-07-10T03:00:30.231223+00:00,109.7,3,ask,Xinhong Shan,WavyWalnuts,14662179
2026-07-10T03:00:31.237494,2026-07-10T03:00:31.245066+00:00,109.7,197,bid,YieldingYams,WavyWalnuts,14662206
2026-07-10T03:00:31.237494,2026-07-10T03:00:31.250292+00:00,109.8,3,bid,YieldingYams,Xinhong Shan,14662207
2026-07-10T03:00:33.860939,2026-07-10T03:00:33.869498+00:00,109.9,3,bid,YieldingYams,Xinhong Shan,14662243
2026-07-10T03:00:33.864336,2026-07-10T03:00:33.874710+00:00,110.0,200,ask,YieldingYams,WavyWalnuts,14662244
2026-07-10T03:00:35.074791,2026-07-10T03:00:35.082154+00:00,110.0,200,ask,YieldingYams,WavyWalnuts,14662263
2026-07-10T03:00:35.178318,2026-07-10T03:00:35.187393+00:00,110.0,3,ask,Xinhong Shan,YieldingYams,14662266
2026-07-10T03:00:36.283841,2026-07-10T03:00:36.290960+00:00,109.8,200,ask,YieldingYams,WavyWalnuts,14662287
2026-07-10T03:00:36.519993,2026-07-10T03:00:36.531566+00:00,109.9,49,bid,Lachy Miller,YieldingYams,14662288
2026-07-10T03:00:37.492617,2026-07-10T03:00:37.500851+00:00,109.8,3,ask,Xinhong Shan,WavyWalnuts,14662309
2026-07-10T03:00:38.774320,2026-07-10T03:00:38.785874+00:00,109.7,49,ask,YieldingYams,Lachy Miller,14662341
2026-07-10T03:00:41.137768,2026-07-10T03:00:41.149175+00:00,109.8,200,bid,WavyWalnuts,YieldingYams,14662378
2026-07-10T03:00:41.740808,2026-07-10T03:00:41.747381+00:00,109.8,3,bid,YieldingYams,Xinhong Shan,14662386
2026-07-10T03:00:41.790304,2026-07-10T03:00:41.794541+00:00,109.9,3,ask,YieldingYams,Xuanyu Liu,14662388
2026-07-10T03:00:42.354215,2026-07-10T03:00:42.363867+00:00,109.9,200,ask,YieldingYams,WavyWalnuts,14662407
2026-07-10T03:00:44.376623,2026-07-10T03:00:44.384328+00:00,109.9,3,ask,Xinhong Shan,BrilliantBurritos,14662435
2026-07-10T03:00:46.077303,2026-07-10T03:00:46.084728+00:00,110.0,9,bid,WavyWalnuts,Kelvin Chan,14662462
2026-07-10T03:00:46.077303,2026-07-10T03:00:46.090085+00:00,110.0,3,bid,YieldingYams,Xinhong Shan,14662463
2026-07-10T03:00:46.077303,2026-07-10T03:00:46.090085+00:00,110.0,188,bid,WavyWalnuts,YieldingYams,14662464
2026-07-10T03:00:46.990744,2026-07-10T03:00:46.998507+00:00,110.0,3,bid,WavyWalnuts,Xinhong Shan,14662480
2026-07-10T03:00:47.004189,2026-07-10T03:00:47.015822+00:00,110.0,9,ask,YieldingYams,Lachy Miller,14662481
2026-07-10T03:00:48.503994,2026-07-10T03:00:48.513762+00:00,110.0,3,ask,Xinhong Shan,WavyWalnuts,14662513
2026-07-10T03:00:48.524124,2026-07-10T03:00:48.528424+00:00,110.0,3,bid,Xuanyu Liu,WavyWalnuts,14662515
2026-07-10T03:00:49.721181,2026-07-10T03:00:49.730926+00:00,109.9,3,ask,Xinhong Shan,BrilliantBurritos,14662541
2026-07-10T03:00:49.721181,2026-07-10T03:00:49.730926+00:00,109.9,17,ask,YieldingYams,BrilliantBurritos,14662542
2026-07-10T03:00:50.932189,2026-07-10T03:00:50.941895+00:00,109.9,200,bid,YieldingYams,WavyWalnuts,14662561
2026-07-10T03:00:50.932189,2026-07-10T03:00:50.941895+00:00,110.0,3,bid,YieldingYams,Xinhong Shan,14662562
2026-07-10T03:00:52.250096,2026-07-10T03:00:52.258604+00:00,110.1,3,ask,Xinhong Shan,YieldingYams,14662582
2026-07-10T03:00:52.250096,2026-07-10T03:00:52.258604+00:00,110.0,5,ask,YUNSHEN JI,YieldingYams,14662583
2026-07-10T03:00:52.250096,2026-07-10T03:00:52.258604+00:00,110.0,200,ask,WavyWalnuts,YieldingYams,14662584
2026-07-10T03:00:53.997700,2026-07-10T03:00:54.009359+00:00,110.0,20,bid,BrilliantBurritos,WavyWalnuts,14662615
2026-07-10T03:00:54.513355,2026-07-10T03:00:54.518093+00:00,109.9,3,ask,YieldingYams,Xuanyu Liu,14662623
2026-07-10T03:00:54.532002,2026-07-10T03:00:54.538744+00:00,109.9,5,ask,YieldingYams,YUNSHEN JI,14662624
2026-07-10T03:00:54.629332,2026-07-10T03:00:54.641242+00:00,109.9,16,ask,YieldingYams,Lachy Miller,14662630
2026-07-10T03:00:54.876897,2026-07-10T03:00:54.883944+00:00,110.0,200,bid,YieldingYams,WavyWalnuts,14662635
2026-07-10T03:00:54.876897,2026-07-10T03:00:54.888959+00:00,110.0,3,bid,YieldingYams,Xinhong Shan,14662636
2026-07-10T03:00:54.900777,2026-07-10T03:00:54.905703+00:00,110.1,23,ask,YieldingYams,Xuanyu Liu,14662638
2026-07-10T03:00:55.042224,2026-07-10T03:00:55.053660+00:00,110.1,50,ask,YieldingYams,Lachy Miller,14662642
2026-07-10T03:00:55.051098,2026-07-10T03:00:55.059397+00:00,110.1,22,ask,YieldingYams,YUNSHEN JI,14662644
2026-07-10T03:00:55.772240,2026-07-10T03:00:55.781856+00:00,110.1,200,ask,YieldingYams,WavyWalnuts,14662659
2026-07-10T03:00:56.235679,2026-07-10T03:00:56.243309+00:00,110.1,3,ask,Xinhong Shan,YieldingYams,14662664
2026-07-10T03:00:56.235679,2026-07-10T03:00:56.248472+00:00,110.0,5,ask,YUNSHEN JI,YieldingYams,14662665
2026-07-10T03:00:57.457112,2026-07-10T03:00:57.453833+00:00,110.0,15,bid,Lachy Miller,YieldingYams,14662683
2026-07-10T03:00:57.588702,2026-07-10T03:00:57.593861+00:00,110.0,3,bid,Xuanyu Liu,Xinhong Shan,14662690
2026-07-10T03:00:57.588702,2026-07-10T03:00:57.593861+00:00,110.0,20,bid,Xuanyu Liu,WavyWalnuts,14662691
2026-07-10T03:00:59.129135,2026-07-10T03:00:59.140221+00:00,109.9,20,ask,WavyWalnuts,BrilliantBurritos,14662725
2026-07-10T03:01:01.837058,2026-07-10T03:01:01.848491+00:00,110.0,3,bid,WavyWalnuts,Xinhong Shan,14662773
2026-07-10T03:01:01.837058,2026-07-10T03:01:01.848491+00:00,110.0,197,bid,WavyWalnuts,YieldingYams,14662774
2026-07-10T03:01:02.987405,2026-07-10T03:01:03.022298+00:00,110.0,3,bid,AverageAlmonds,Xinhong Shan,14662814
2026-07-10T03:01:03.018311,2026-07-10T03:01:03.022298+00:00,110.0,11,ask,AverageAlmonds,Xuanyu Liu,14662817
2026-07-10T03:01:03.110325,2026-07-10T03:01:03.119786+00:00,110.1,20,bid,BrilliantBurritos,YieldingYams,14662819
2026-07-10T03:01:05.474665,2026-07-10T03:01:05.483949+00:00,110.1,3,bid,WavyWalnuts,Xinhong Shan,14662867
2026-07-10T03:01:05.474665,2026-07-10T03:01:05.483949+00:00,110.2,1,bid,WavyWalnuts,Kelvin Chan,14662868
2026-07-10T03:01:05.474665,2026-07-10T03:01:05.483949+00:00,110.2,196,bid,WavyWalnuts,YieldingYams,14662869
2026-07-10T03:01:06.285998,2026-07-10T03:01:06.292738+00:00,110.2,15,bid,Lachy Miller,YieldingYams,14662888
2026-07-10T03:01:07.203418,2026-07-10T03:01:07.215052+00:00,110.2,8,bid,AverageAlmonds,Kelvin Chan,14662905
2026-07-10T03:01:07.203418,2026-07-10T03:01:07.215052+00:00,110.2,3,bid,AverageAlmonds,Xinhong Shan,14662906
2026-07-10T03:01:07.203418,2026-07-10T03:01:07.215052+00:00,110.2,200,bid,AverageAlmonds,WavyWalnuts,14662907
2026-07-10T03:01:07.824583,2026-07-10T03:01:07.837209+00:00,110.3,20,bid,BrilliantBurritos,YieldingYams,14662927
2026-07-10T03:01:08.911156,2026-07-10T03:01:08.918865+00:00,110.3,8,bid,BrilliantBurritos,Kelvin Chan,14662945
2026-07-10T03:01:08.911156,2026-07-10T03:01:08.924142+00:00,110.3,12,bid,BrilliantBurritos,WavyWalnuts,14662946
2026-07-10T03:01:10.325399,2026-07-10T03:01:10.336618+00:00,110.2,4,bid,Xinhong Shan,WavyWalnuts,14662986
2026-07-10T03:01:11.546757,2026-07-10T03:01:11.558573+00:00,110.1,200,ask,YieldingYams,WavyWalnuts,14663005
2026-07-10T03:01:12.309393,2026-07-10T03:01:12.320389+00:00,110.1,3,ask,Xinhong Shan,WavyWalnuts,14663029
2026-07-10T03:01:12.309393,2026-07-10T03:01:12.320389+00:00,110.1,2,ask,AverageAlmonds,Lachy Miller,14663030
2026-07-10T03:01:12.756872,2026-07-10T03:01:12.758640+00:00,110.1,3,ask,Xinhong Shan,Lachy Miller,14663045
2026-07-10T03:01:12.756872,2026-07-10T03:01:12.770037+00:00,110.1,197,ask,AverageAlmonds,WavyWalnuts,14663046
2026-07-10T03:01:13.298967,2026-07-10T03:01:13.309091+00:00,110.1,500,ask,AverageAlmonds,YieldingYams,14663069
2026-07-10T03:01:13.854339,2026-07-10T03:01:13.858579+00:00,110.1,125,bid,AverageAlmonds,YieldingYams,14663078
2026-07-10T03:01:13.854339,2026-07-10T03:01:13.858579+00:00,110.1,3,bid,AverageAlmonds,Xinhong Shan,14663079
2026-07-10T03:01:13.928139,2026-07-10T03:01:13.939797+00:00,110.1,2,ask,AverageAlmonds,Lachy Miller,14663080
2026-07-10T03:01:14.495486,2026-07-10T03:01:14.502232+00:00,110.2,200,bid,AverageAlmonds,WavyWalnuts,14663090
2026-07-10T03:01:14.495486,2026-07-10T03:01:14.507521+00:00,110.2,3,bid,AverageAlmonds,Xinhong Shan,14663091
2026-07-10T03:01:14.606909,2026-07-10T03:01:14.616488+00:00,110.3,7,bid,YieldingYams,Kelvin Chan,14663095
2026-07-10T03:01:14.629594,2026-07-10T03:01:14.633507+00:00,110.3,6,ask,YieldingYams,Xuanyu Liu,14663099
2026-07-10T03:01:14.707664,2026-07-10T03:01:14.711480+00:00,110.3,5,ask,YieldingYams,Xuanyu Liu,14663101
2026-07-10T03:01:14.745077,2026-07-10T03:01:14.756992+00:00,110.3,23,ask,YieldingYams,Lachy Miller,14663104
2026-07-10T03:01:14.766276,2026-07-10T03:01:14.770089+00:00,110.3,1,ask,YieldingYams,Xuanyu Liu,14663107
2026-07-10T03:01:15.185230,2026-07-10T03:01:15.194525+00:00,110.3,200,ask,YieldingYams,WavyWalnuts,14663116
2026-07-10T03:01:15.363352,2026-07-10T03:01:15.375290+00:00,110.3,5,ask,YieldingYams,Lachy Miller,14663118
2026-07-10T03:01:15.729664,2026-07-10T03:01:15.739991+00:00,110.3,4,ask,YieldingYams,YUNSHEN JI,14663124
2026-07-10T03:01:19.831412,2026-07-10T03:01:19.840954+00:00,110.3,20,ask,WavyWalnuts,BrilliantBurritos,14663188
2026-07-10T03:01:21.238469,2026-07-10T03:01:21.246608+00:00,110.3,3,ask,Xinhong Shan,WavyWalnuts,14663206
2026-07-10T03:01:22.995750,2026-07-10T03:01:23.005201+00:00,110.2,10,ask,Kelvin Chan,Lachy Miller,14663240
2026-07-10T03:01:22.999233,2026-07-10T03:01:23.005201+00:00,110.2,3,ask,Xinhong Shan,Xuanyu Liu,14663241
2026-07-10T03:01:22.999233,2026-07-10T03:01:23.005201+00:00,110.2,3,ask,Kelvin Chan,Xuanyu Liu,14663242
2026-07-10T03:01:23.110120,2026-07-10T03:01:23.118647+00:00,110.1,30,ask,WavyWalnuts,YUNSHEN JI,14663246
2026-07-10T03:01:23.214464,2026-07-10T03:01:23.220976+00:00,110.3,9,bid,Lachy Miller,WavyWalnuts,14663251
2026-07-10T03:01:23.425985,2026-07-10T03:01:23.435473+00:00,110.3,18,bid,Lachy Miller,WavyWalnuts,14663255
2026-07-10T03:01:23.640507,2026-07-10T03:01:23.658612+00:00,110.3,36,bid,Lachy Miller,WavyWalnuts,14663262
2026-07-10T03:01:23.673616,2026-07-10T03:01:23.684735+00:00,110.3,200,bid,WavyWalnuts,YieldingYams,14663265
2026-07-10T03:01:23.833278,2026-07-10T03:01:23.844358+00:00,110.3,3,bid,YieldingYams,Xinhong Shan,14663269
2026-07-10T03:01:23.850950,2026-07-10T03:01:23.855198+00:00,110.3,8,ask,YieldingYams,Xuanyu Liu,14663273
2026-07-10T03:01:23.856164,2026-07-10T03:01:23.864055+00:00,110.3,5,ask,YieldingYams,Lachy Miller,14663274
2026-07-10T03:01:23.859653,2026-07-10T03:01:23.864055+00:00,110.3,5,ask,YieldingYams,Xuanyu Liu,14663275
2026-07-10T03:01:23.867758,2026-07-10T03:01:23.871878+00:00,110.3,4,ask,YieldingYams,Xuanyu Liu,14663278
2026-07-10T03:01:24.270166,2026-07-10T03:01:24.281890+00:00,110.3,5,ask,YieldingYams,Lachy Miller,14663288
2026-07-10T03:01:24.424281,2026-07-10T03:01:24.435964+00:00,110.5,4,bid,BrilliantBurritos,Kelvin Chan,14663295
2026-07-10T03:01:24.424281,2026-07-10T03:01:24.435964+00:00,110.5,16,bid,BrilliantBurritos,YieldingYams,14663296
2026-07-10T03:01:24.885134,2026-07-10T03:01:24.905741+00:00,110.4,5,ask,WavyWalnuts,Lachy Miller,14663298
2026-07-10T03:01:24.901140,2026-07-10T03:01:24.905741+00:00,110.4,5,ask,WavyWalnuts,Xuanyu Liu,14663300
2026-07-10T03:01:25.298637,2026-07-10T03:01:25.310401+00:00,110.4,5,ask,WavyWalnuts,Lachy Miller,14663307
2026-07-10T03:01:25.914365,2026-07-10T03:01:25.925932+00:00,110.4,3,ask,WavyWalnuts,Lachy Miller,14663318
2026-07-10T03:01:26.096239,2026-07-10T03:01:26.103964+00:00,110.5,200,bid,WavyWalnuts,YieldingYams,14663320
2026-07-10T03:01:26.597942,2026-07-10T03:01:26.610117+00:00,110.4,3,ask,Xinhong Shan,BrilliantBurritos,14663329
2026-07-10T03:01:26.597942,2026-07-10T03:01:26.610117+00:00,110.4,5,ask,YUNSHEN JI,BrilliantBurritos,14663330
2026-07-10T03:01:27.790528,2026-07-10T03:01:27.801867+00:00,110.4,200,ask,WavyWalnuts,YieldingYams,14663344
2026-07-10T03:01:27.790528,2026-07-10T03:01:27.801867+00:00,110.4,5,ask,YUNSHEN JI,YieldingYams,14663345
2026-07-10T03:01:27.790528,2026-07-10T03:01:27.801867+00:00,110.4,3,ask,Xinhong Shan,YieldingYams,14663346
2026-07-10T03:01:27.841048,2026-07-10T03:01:27.845880+00:00,110.3,5,bid,Xuanyu Liu,YieldingYams,14663348
2026-07-10T03:01:29.109327,2026-07-10T03:01:29.116664+00:00,110.3,3,bid,YieldingYams,Xinhong Shan,14663371
2026-07-10T03:01:33.065570,2026-07-10T03:01:33.069827+00:00,110.4,12,bid,Xuanyu Liu,YieldingYams,14663446
2026-07-10T03:01:34.567550,2026-07-10T03:01:34.575126+00:00,110.4,3,bid,WavyWalnuts,Xinhong Shan,14663463
2026-07-10T03:01:35.634309,2026-07-10T03:01:35.639693+00:00,110.5,23,bid,Xuanyu Liu,YieldingYams,14663484
2026-07-10T03:01:35.657523,2026-07-10T03:01:35.669627+00:00,110.5,20,bid,BrilliantBurritos,YieldingYams,14663485
2026-07-10T03:01:37.000009,2026-07-10T03:01:37.008669+00:00,110.4,3,ask,Xinhong Shan,YieldingYams,14663510
2026-07-10T03:01:37.000009,2026-07-10T03:01:37.014039+00:00,110.4,5,ask,YUNSHEN JI,YieldingYams,14663511
2026-07-10T03:01:37.000009,2026-07-10T03:01:37.014039+00:00,110.4,200,ask,WavyWalnuts,YieldingYams,14663512
2026-07-10T03:01:37.000009,2026-07-10T03:01:37.014039+00:00,110.2,8,ask,Kelvin Chan,YieldingYams,14663513
2026-07-10T03:01:38.205252,2026-07-10T03:01:38.213969+00:00,110.2,200,bid,WavyWalnuts,YieldingYams,14663528
2026-07-10T03:01:39.625764,2026-07-10T03:01:39.649258+00:00,110.2,3,bid,YieldingYams,Xinhong Shan,14663547
2026-07-10T03:01:39.645011,2026-07-10T03:01:39.649258+00:00,110.2,12,ask,YieldingYams,Xuanyu Liu,14663549
2026-07-10T03:01:40.627290,2026-07-10T03:01:40.635768+00:00,110.2,200,ask,YieldingYams,WavyWalnuts,14663572
2026-07-10T03:01:40.939319,2026-07-10T03:01:40.949037+00:00,110.2,3,ask,Xinhong Shan,YieldingYams,14663577
2026-07-10T03:01:43.592023,2026-07-10T03:01:43.600322+00:00,110.1,4,ask,Kelvin Chan,YieldingYams,14663620
2026-07-10T03:01:43.592023,2026-07-10T03:01:43.605535+00:00,110.1,200,ask,WavyWalnuts,YieldingYams,14663621
2026-07-10T03:01:43.592023,2026-07-10T03:01:43.605535+00:00,110.1,3,ask,Xinhong Shan,YieldingYams,14663622
2026-07-10T03:01:43.613639,2026-07-10T03:01:43.618730+00:00,110.1,12,bid,Xuanyu Liu,YieldingYams,14663624
2026-07-10T03:01:46.683700,2026-07-10T03:01:46.693723+00:00,110.0,6,ask,Kelvin Chan,WavyWalnuts,14663686
2026-07-10T03:01:46.683700,2026-07-10T03:01:46.693723+00:00,109.9,194,ask,YieldingYams,WavyWalnuts,14663687
2026-07-10T03:01:49.102145,2026-07-10T03:01:49.111088+00:00,110.0,3,bid,WavyWalnuts,Xinhong Shan,14663742
2026-07-10T03:01:49.102145,2026-07-10T03:01:49.111088+00:00,110.0,197,bid,WavyWalnuts,YieldingYams,14663743
2026-07-10T03:01:50.154583,2026-07-10T03:01:50.158601+00:00,110.0,3,bid,YieldingYams,Xinhong Shan,14663768
2026-07-10T03:01:51.404858,2026-07-10T03:01:51.416955+00:00,110.1,20,bid,BrilliantBurritos,WavyWalnuts,14663792
2026-07-10T03:01:51.527660,2026-07-10T03:01:51.536849+00:00,110.0,200,ask,YieldingYams,WavyWalnuts,14663797
2026-07-10T03:01:52.737059,2026-07-10T03:01:52.744877+00:00,110.0,200,ask,YieldingYams,WavyWalnuts,14663827
2026-07-10T03:01:53.488229,2026-07-10T03:01:53.494975+00:00,110.0,6,ask,Kelvin Chan,Xuanyu Liu,14663839
2026-07-10T03:01:53.488229,2026-07-10T03:01:53.494975+00:00,110.0,3,ask,Xinhong Shan,Xuanyu Liu,14663840
2026-07-10T03:01:55.085552,2026-07-10T03:01:55.095689+00:00,109.9,20,ask,YieldingYams,BrilliantBurritos,14663874
2026-07-10T03:01:55.161485,2026-07-10T03:01:55.169165+00:00,109.9,200,ask,YieldingYams,WavyWalnuts,14663877
2026-07-10T03:01:56.372315,2026-07-10T03:01:56.379045+00:00,109.9,1,ask,Kelvin Chan,WavyWalnuts,14663902
2026-07-10T03:01:56.372315,2026-07-10T03:01:56.384230+00:00,109.9,3,ask,Xinhong Shan,WavyWalnuts,14663903
2026-07-10T03:01:56.372315,2026-07-10T03:01:56.384230+00:00,109.8,196,ask,YieldingYams,WavyWalnuts,14663904
2026-07-10T03:01:56.761415,2026-07-10T03:01:56.782815+00:00,109.8,5,ask,YUNSHEN JI,YieldingYams,14663914
2026-07-10T03:01:56.778162,2026-07-10T03:01:56.782815+00:00,109.7,3,bid,Xuanyu Liu,YieldingYams,14663916
2026-07-10T03:01:56.789939,2026-07-10T03:01:56.794381+00:00,109.7,6,bid,Xuanyu Liu,YieldingYams,14663918
2026-07-10T03:01:58.794476,2026-07-10T03:01:58.800774+00:00,109.7,3,bid,WavyWalnuts,Xinhong Shan,14663951
2026-07-10T03:01:59.709438,2026-07-10T03:01:59.716895+00:00,109.8,20,ask,WavyWalnuts,BrilliantBurritos,14663973
2026-07-10T03:02:00.992823,2026-07-10T03:02:00.997316+00:00,110.0,14,bid,Xuanyu Liu,WavyWalnuts,14664003
2026-07-10T03:02:01.021545,2026-07-10T03:02:01.033244+00:00,110.0,27,bid,Lachy Miller,WavyWalnuts,14664004
2026-07-10T03:02:01.132918,2026-07-10T03:02:01.166434+00:00,109.9,500,ask,YieldingYams,AverageAlmonds,14664008
2026-07-10T03:02:01.169207,2026-07-10T03:02:01.182044+00:00,110.0,10,bid,YUNSHEN JI,WavyWalnuts,14664012
2026-07-10T03:02:01.199455,2026-07-10T03:02:01.204556+00:00,109.9,3,ask,YieldingYams,Xuanyu Liu,14664014
2026-07-10T03:02:01.234244,2026-07-10T03:02:01.246092+00:00,109.9,2,ask,YieldingYams,Lachy Miller,14664017
2026-07-10T03:02:01.720899,2026-07-10T03:02:01.731863+00:00,109.9,120,ask,YieldingYams,AverageAlmonds,14664028
2026-07-10T03:02:01.720899,2026-07-10T03:02:01.731863+00:00,109.9,3,ask,Xinhong Shan,AverageAlmonds,14664029
2026-07-10T03:02:02.016633,2026-07-10T03:02:02.025250+00:00,109.8,200,ask,WavyWalnuts,YieldingYams,14664043
2026-07-10T03:02:02.016633,2026-07-10T03:02:02.025250+00:00,109.8,1,ask,Kelvin Chan,YieldingYams,14664044
2026-07-10T03:02:02.016633,2026-07-10T03:02:02.030572+00:00,109.8,5,ask,YUNSHEN JI,YieldingYams,14664045
2026-07-10T03:02:03.637573,2026-07-10T03:02:03.644621+00:00,109.8,3,bid,WavyWalnuts,Xinhong Shan,14664090
2026-07-10T03:02:03.637573,2026-07-10T03:02:03.649610+00:00,109.8,197,bid,WavyWalnuts,YieldingYams,14664091
2026-07-10T03:02:04.789770,2026-07-10T03:02:04.797004+00:00,109.7,1,ask,Kelvin Chan,BrilliantBurritos,14664105
2026-07-10T03:02:04.789770,2026-07-10T03:02:04.802035+00:00,109.7,3,ask,Xinhong Shan,BrilliantBurritos,14664106
2026-07-10T03:02:04.789770,2026-07-10T03:02:04.802035+00:00,109.7,16,ask,YieldingYams,BrilliantBurritos,14664107
2026-07-10T03:02:05.950737,2026-07-10T03:02:05.958598+00:00,109.8,500,bid,YieldingYams,AverageAlmonds,14664132
2026-07-10T03:02:05.950737,2026-07-10T03:02:05.958598+00:00,109.8,3,bid,YieldingYams,Xinhong Shan,14664133
2026-07-10T03:02:05.950737,2026-07-10T03:02:05.958598+00:00,109.9,122,bid,YieldingYams,WavyWalnuts,14664134
2026-07-10T03:02:05.982786,2026-07-10T03:02:05.991037+00:00,109.7,200,ask,WavyWalnuts,AverageAlmonds,14664137
2026-07-10T03:02:05.982786,2026-07-10T03:02:05.991037+00:00,109.7,7,ask,Kelvin Chan,AverageAlmonds,14664138
2026-07-10T03:02:06.061256,2026-07-10T03:02:06.070955+00:00,109.7,200,bid,WavyWalnuts,AverageAlmonds,14664140
2026-07-10T03:02:06.611052,2026-07-10T03:02:06.620276+00:00,109.7,11,bid,Kelvin Chan,AverageAlmonds,14664150
2026-07-10T03:02:07.190747,2026-07-10T03:02:07.201656+00:00,109.6,10,ask,Kelvin Chan,AverageAlmonds,14664159
2026-07-10T03:02:07.190747,2026-07-10T03:02:07.201656+00:00,109.6,3,ask,Xinhong Shan,AverageAlmonds,14664160
2026-07-10T03:02:07.203513,2026-07-10T03:02:07.217304+00:00,109.6,20,bid,BrilliantBurritos,AverageAlmonds,14664161
2026-07-10T03:02:07.271988,2026-07-10T03:02:07.283270+00:00,109.6,467,bid,YieldingYams,AverageAlmonds,14664162
2026-07-10T03:02:07.783411,2026-07-10T03:02:07.793786+00:00,109.6,158,ask,YieldingYams,AverageAlmonds,14664170
2026-07-10T03:02:07.783411,2026-07-10T03:02:07.793786+00:00,109.6,200,ask,WavyWalnuts,AverageAlmonds,14664171
2026-07-10T03:02:08.489625,2026-07-10T03:02:08.498612+00:00,109.5,10,ask,Kelvin Chan,BrilliantBurritos,14664183
2026-07-10T03:02:08.587856,2026-07-10T03:02:08.607830+00:00,109.5,9,ask,Kelvin Chan,YieldingYams,14664186
2026-07-10T03:02:08.603463,2026-07-10T03:02:08.607830+00:00,109.5,3,bid,Xuanyu Liu,YieldingYams,14664188
2026-07-10T03:02:09.903019,2026-07-10T03:02:09.909919+00:00,109.4,200,ask,WavyWalnuts,YieldingYams,14664214
2026-07-10T03:02:10.926426,2026-07-10T03:02:10.935889+00:00,109.2,200,ask,YieldingYams,WavyWalnuts,14664228
2026-07-10T03:02:11.143260,2026-07-10T03:02:11.158578+00:00,109.2,20,ask,YieldingYams,BrilliantBurritos,14664232
2026-07-10T03:02:12.525545,2026-07-10T03:02:12.532762+00:00,109.4,3,bid,YieldingYams,Xinhong Shan,14664251
2026-07-10T03:02:12.525545,2026-07-10T03:02:12.537986+00:00,109.4,200,bid,YieldingYams,WavyWalnuts,14664252
2026-07-10T03:02:12.525545,2026-07-10T03:02:12.537986+00:00,109.5,422,bid,YieldingYams,AverageAlmonds,14664253
2026-07-10T03:02:13.666489,2026-07-10T03:02:13.670881+00:00,109.6,3,bid,Xuanyu Liu,Xinhong Shan,14664278
2026-07-10T03:02:13.692469,2026-07-10T03:02:13.700717+00:00,109.6,42,bid,Lachy Miller,AverageAlmonds,14664279
2026-07-10T03:02:13.889423,2026-07-10T03:02:13.900296+00:00,109.5,200,ask,WavyWalnuts,YieldingYams,14664284
2026-07-10T03:02:13.889423,2026-07-10T03:02:13.900296+00:00,109.4,2,ask,Kelvin Chan,YieldingYams,14664285
2026-07-10T03:02:13.895824,2026-07-10T03:02:13.905478+00:00,109.4,10,bid,YUNSHEN JI,YieldingYams,14664286
2026-07-10T03:02:14.549743,2026-07-10T03:02:14.553353+00:00,109.4,200,bid,WavyWalnuts,YieldingYams,14664298
2026-07-10T03:02:15.201417,2026-07-10T03:02:15.208054+00:00,109.4,3,bid,YieldingYams,Xinhong Shan,14664309
2026-07-10T03:02:15.226616,2026-07-10T03:02:15.231327+00:00,109.5,3,ask,YieldingYams,Xuanyu Liu,14664313
2026-07-10T03:02:15.994281,2026-07-10T03:02:16.003115+00:00,109.6,20,bid,BrilliantBurritos,AverageAlmonds,14664328
2026-07-10T03:02:16.516522,2026-07-10T03:02:16.523812+00:00,109.6,200,bid,YieldingYams,WavyWalnuts,14664339
2026-07-10T03:02:16.516522,2026-07-10T03:02:16.529024+00:00,109.6,3,bid,YieldingYams,Xinhong Shan,14664340
2026-07-10T03:02:16.516522,2026-07-10T03:02:16.529024+00:00,109.6,422,bid,YieldingYams,AverageAlmonds,14664341
2026-07-10T03:02:16.895078,2026-07-10T03:02:16.905309+00:00,109.5,3,ask,Xinhong Shan,AverageAlmonds,14664349
2026-07-10T03:02:17.075193,2026-07-10T03:02:17.086863+00:00,109.5,10,bid,YUNSHEN JI,AverageAlmonds,14664357
2026-07-10T03:02:17.110140,2026-07-10T03:02:17.121596+00:00,109.5,8,bid,Lachy Miller,AverageAlmonds,14664358
2026-07-10T03:02:18.182531,2026-07-10T03:02:18.190563+00:00,109.5,3,bid,WavyWalnuts,Xinhong Shan,14664369
2026-07-10T03:02:18.182531,2026-07-10T03:02:18.196045+00:00,109.6,197,bid,WavyWalnuts,YieldingYams,14664370
2026-07-10T03:02:19.393847,2026-07-10T03:02:19.402807+00:00,109.5,200,bid,WavyWalnuts,AverageAlmonds,14664391
2026-07-10T03:02:20.603364,2026-07-10T03:02:20.612364+00:00,109.5,4,bid,WavyWalnuts,Xinhong Shan,14664406
2026-07-10T03:02:20.603364,2026-07-10T03:02:20.612364+00:00,109.5,196,bid,WavyWalnuts,YieldingYams,14664407
2026-07-10T03:02:21.814364,2026-07-10T03:02:21.822864+00:00,109.5,4,bid,WavyWalnuts,Xinhong Shan,14664429
2026-07-10T03:02:21.814364,2026-07-10T03:02:21.828041+00:00,109.6,8,bid,WavyWalnuts,Kelvin Chan,14664430
2026-07-10T03:02:21.814364,2026-07-10T03:02:21.828041+00:00,109.6,188,bid,WavyWalnuts,AverageAlmonds,14664431
2026-07-10T03:02:23.086240,2026-07-10T03:02:23.097624+00:00,109.5,200,ask,WavyWalnuts,YieldingYams,14664459
2026-07-10T03:02:25.462935,2026-07-10T03:02:25.474065+00:00,109.5,200,bid,WavyWalnuts,YieldingYams,14664497
2026-07-10T03:02:25.704867,2026-07-10T03:02:25.714720+00:00,109.5,500,bid,YieldingYams,AverageAlmonds,14664503
2026-07-10T03:02:25.704867,2026-07-10T03:02:25.714720+00:00,109.5,4,bid,YieldingYams,Xinhong Shan,14664504
2026-07-10T03:02:27.055659,2026-07-10T03:02:27.058617+00:00,109.5,4,ask,Xinhong Shan,YieldingYams,14664537
2026-07-10T03:02:27.055659,2026-07-10T03:02:27.069859+00:00,109.5,200,ask,WavyWalnuts,YieldingYams,14664538
2026-07-10T03:02:27.055659,2026-07-10T03:02:27.069859+00:00,109.3,1,ask,Kelvin Chan,YieldingYams,14664539
2026-07-10T03:02:27.055659,2026-07-10T03:02:27.069859+00:00,109.3,5,ask,YUNSHEN JI,YieldingYams,14664540
2026-07-10T03:02:27.085452,2026-07-10T03:02:27.090587+00:00,109.3,4,bid,Xuanyu Liu,YieldingYams,14664544
2026-07-10T03:02:27.211326,2026-07-10T03:02:27.223835+00:00,109.3,25,bid,Lachy Miller,YieldingYams,14664546
2026-07-10T03:02:27.880702,2026-07-10T03:02:27.889749+00:00,109.3,200,bid,WavyWalnuts,YieldingYams,14664565
2026-07-10T03:02:28.374022,2026-07-10T03:02:28.384922+00:00,109.3,4,bid,YieldingYams,Xinhong Shan,14664571
2026-07-10T03:02:28.374022,2026-07-10T03:02:28.384922+00:00,109.5,500,bid,YieldingYams,AverageAlmonds,14664572
2026-07-10T03:02:28.374022,2026-07-10T03:02:28.390282+00:00,109.5,5,bid,YieldingYams,YUNSHEN JI,14664573
2026-07-10T03:02:28.374022,2026-07-10T03:02:28.390282+00:00,109.6,8,bid,YieldingYams,Kelvin Chan,14664574
2026-07-10T03:02:28.374022,2026-07-10T03:02:28.390282+00:00,109.6,108,bid,YieldingYams,WavyWalnuts,14664575
2026-07-10T03:02:31.044684,2026-07-10T03:02:31.055918+00:00,109.3,1,ask,Kelvin Chan,YieldingYams,14664617
2026-07-10T03:02:31.044684,2026-07-10T03:02:31.055918+00:00,109.3,200,ask,WavyWalnuts,YieldingYams,14664618
2026-07-10T03:02:31.044684,2026-07-10T03:02:31.055918+00:00,109.3,4,ask,Xinhong Shan,YieldingYams,14664619
2026-07-10T03:02:31.510179,2026-07-10T03:02:31.518485+00:00,109.3,200,bid,WavyWalnuts,YieldingYams,14664632
2026-07-10T03:02:32.356064,2026-07-10T03:02:32.368673+00:00,109.3,4,bid,YieldingYams,Xinhong Shan,14664645
2026-07-10T03:02:32.666010,2026-07-10T03:02:32.671324+00:00,109.3,1,ask,YieldingYams,Xuanyu Liu,14664656
2026-07-10T03:02:33.939929,2026-07-10T03:02:33.951560+00:00,109.3,4,ask,Xinhong Shan,WavyWalnuts,14664678
2026-07-10T03:02:35.004497,2026-07-10T03:02:35.016162+00:00,109.3,20,bid,BrilliantBurritos,WavyWalnuts,14664693
2026-07-10T03:02:37.610260,2026-07-10T03:02:37.633528+00:00,109.3,4,bid,YieldingYams,Xinhong Shan,14664726
2026-07-10T03:02:37.610260,2026-07-10T03:02:37.633528+00:00,109.3,200,bid,YieldingYams,WavyWalnuts,14664727
2026-07-10T03:02:37.629723,2026-07-10T03:02:37.633528+00:00,109.3,3,ask,YieldingYams,Xuanyu Liu,14664731
2026-07-10T03:02:38.031660,2026-07-10T03:02:38.043760+00:00,109.3,20,ask,YieldingYams,BrilliantBurritos,14664734
2026-07-10T03:02:38.783836,2026-07-10T03:02:38.794978+00:00,109.3,200,ask,YieldingYams,WavyWalnuts,14664756
2026-07-10T03:02:39.993173,2026-07-10T03:02:40.000758+00:00,109.3,4,ask,Xinhong Shan,WavyWalnuts,14664781
2026-07-10T03:02:41.203734,2026-07-10T03:02:41.210516+00:00,109.3,4,bid,WavyWalnuts,Xinhong Shan,14664795
2026-07-10T03:02:41.556623,2026-07-10T03:02:41.558575+00:00,109.3,196,ask,WavyWalnuts,YieldingYams,14664800
2026-07-10T03:02:41.727768,2026-07-10T03:02:41.734756+00:00,109.1,4,ask,Xinhong Shan,BrilliantBurritos,14664804
2026-07-10T03:02:41.727768,2026-07-10T03:02:41.740203+00:00,109.1,5,ask,YUNSHEN JI,BrilliantBurritos,14664805
2026-07-10T03:02:41.727768,2026-07-10T03:02:41.740203+00:00,109.1,11,ask,YieldingYams,BrilliantBurritos,14664806
2026-07-10T03:02:42.799257,2026-07-10T03:02:42.809022+00:00,109.1,20,ask,YieldingYams,BrilliantBurritos,14664836
2026-07-10T03:02:44.178809,2026-07-10T03:02:44.189958+00:00,109.3,200,bid,YieldingYams,WavyWalnuts,14664859
2026-07-10T03:02:44.178809,2026-07-10T03:02:44.189958+00:00,109.3,4,bid,YieldingYams,Xinhong Shan,14664860
2026-07-10T03:02:44.178809,2026-07-10T03:02:44.189958+00:00,109.3,421,bid,YieldingYams,AverageAlmonds,14664861
2026-07-10T03:02:46.067418,2026-07-10T03:02:46.074616+00:00,109.2,4,ask,Xinhong Shan,WavyWalnuts,14664906
2026-07-10T03:02:47.279015,2026-07-10T03:02:47.309149+00:00,109.1,2,ask,Kelvin Chan,WavyWalnuts,14664925
2026-07-10T03:02:47.279015,2026-07-10T03:02:47.309149+00:00,109.1,4,ask,Xinhong Shan,WavyWalnuts,14664926
2026-07-10T03:02:47.304542,2026-07-10T03:02:47.309149+00:00,109.1,3,bid,Xuanyu Liu,WavyWalnuts,14664931
2026-07-10T03:02:48.491653,2026-07-10T03:02:48.503114+00:00,109.1,4,bid,WavyWalnuts,Xinhong Shan,14664961
2026-07-10T03:02:48.520423,2026-07-10T03:02:48.524785+00:00,109.1,3,ask,WavyWalnuts,Xuanyu Liu,14664966
2026-07-10T03:02:50.924778,2026-07-10T03:02:50.934640+00:00,109.2,4,bid,WavyWalnuts,Xinhong Shan,14665009
2026-07-10T03:02:50.924778,2026-07-10T03:02:50.934640+00:00,109.2,196,bid,WavyWalnuts,YieldingYams,14665010
2026-07-10T03:02:51.555700,2026-07-10T03:02:51.552892+00:00,109.1,4,ask,Xinhong Shan,BrilliantBurritos,14665029
2026-07-10T03:02:52.046870,2026-07-10T03:02:52.058368+00:00,109.2,4,bid,YieldingYams,Xinhong Shan,14665036
2026-07-10T03:02:52.102099,2026-07-10T03:02:52.114039+00:00,109.2,75,ask,YieldingYams,Lachy Miller,14665037
2026-07-10T03:02:53.357716,2026-07-10T03:02:53.379692+00:00,109.3,4,bid,YieldingYams,Xinhong Shan,14665062
2026-07-10T03:02:53.357716,2026-07-10T03:02:53.379692+00:00,109.3,500,bid,YieldingYams,AverageAlmonds,14665063
2026-07-10T03:02:53.375481,2026-07-10T03:02:53.379692+00:00,109.3,3,ask,YieldingYams,Xuanyu Liu,14665065
2026-07-10T03:02:53.517905,2026-07-10T03:02:53.525172+00:00,109.3,25,ask,YieldingYams,Lachy Miller,14665067
2026-07-10T03:02:53.521082,2026-07-10T03:02:53.530374+00:00,109.3,27,ask,YieldingYams,YUNSHEN JI,14665068
2026-07-10T03:02:53.815756,2026-07-10T03:02:53.825215+00:00,109.3,66,ask,YieldingYams,AverageAlmonds,14665074
2026-07-10T03:02:54.670293,2026-07-10T03:02:54.678492+00:00,109.2,4,ask,Xinhong Shan,YieldingYams,14665091
2026-07-10T03:02:54.670293,2026-07-10T03:02:54.678492+00:00,109.2,200,ask,WavyWalnuts,YieldingYams,14665092
2026-07-10T03:02:54.670293,2026-07-10T03:02:54.683756+00:00,109.1,5,ask,YUNSHEN JI,YieldingYams,14665093
2026-07-10T03:02:54.670293,2026-07-10T03:02:54.683756+00:00,109.0,3,ask,Kelvin Chan,YieldingYams,14665094
2026-07-10T03:02:54.690075,2026-07-10T03:02:54.694363+00:00,109.0,3,bid,Xuanyu Liu,YieldingYams,14665098
2026-07-10T03:02:55.773809,2026-07-10T03:02:55.782907+00:00,109.0,200,bid,WavyWalnuts,YieldingYams,14665125
2026-07-10T03:02:55.985307,2026-07-10T03:02:55.992210+00:00,109.0,4,bid,YieldingYams,Xinhong Shan,14665126
2026-07-10T03:02:57.299826,2026-07-10T03:02:57.306530+00:00,109.2,4,bid,YieldingYams,Xinhong Shan,14665150
2026-07-10T03:02:58.195753,2026-07-10T03:02:58.205051+00:00,109.2,200,ask,YieldingYams,WavyWalnuts,14665172
2026-07-10T03:02:58.633457,2026-07-10T03:02:58.640761+00:00,109.2,4,ask,Xinhong Shan,YieldingYams,14665187
2026-07-10T03:02:58.633457,2026-07-10T03:02:58.658574+00:00,109.1,5,ask,YUNSHEN JI,YieldingYams,14665188
2026-07-10T03:02:59.402609,2026-07-10T03:02:59.409851+00:00,109.1,200,bid,WavyWalnuts,YieldingYams,14665206
2026-07-10T03:02:59.944295,2026-07-10T03:02:59.950905+00:00,109.1,4,bid,YieldingYams,Xinhong Shan,14665215
2026-07-10T03:03:01.223846,2026-07-10T03:03:01.228424+00:00,109.2,14,ask,YieldingYams,Xuanyu Liu,14665245
2026-07-10T03:03:01.256399,2026-07-10T03:03:01.265011+00:00,109.3,4,bid,YieldingYams,Xinhong Shan,14665246
2026-07-10T03:03:01.256399,2026-07-10T03:03:01.265011+00:00,109.3,500,bid,YieldingYams,AverageAlmonds,14665247
2026-07-10T03:03:01.276851,2026-07-10T03:03:01.281008+00:00,109.3,12,ask,YieldingYams,Xuanyu Liu,14665249
2026-07-10T03:03:01.368682,2026-07-10T03:03:01.380433+00:00,109.3,25,ask,YieldingYams,Lachy Miller,14665250
2026-07-10T03:03:01.677808,2026-07-10T03:03:01.687235+00:00,109.3,84,ask,YieldingYams,AverageAlmonds,14665257
2026-07-10T03:03:01.677808,2026-07-10T03:03:01.687235+00:00,109.3,4,ask,Xinhong Shan,AverageAlmonds,14665258
2026-07-10T03:03:01.853730,2026-07-10T03:03:01.858585+00:00,109.3,20,bid,BrilliantBurritos,AverageAlmonds,14665261
2026-07-10T03:03:02.573049,2026-07-10T03:03:02.582713+00:00,109.2,200,ask,WavyWalnuts,YieldingYams,14665270
2026-07-10T03:03:02.573049,2026-07-10T03:03:02.582713+00:00,109.2,4,ask,Xinhong Shan,YieldingYams,14665271
2026-07-10T03:03:02.594674,2026-07-10T03:03:02.599164+00:00,109.1,12,bid,Xuanyu Liu,YieldingYams,14665273
2026-07-10T03:03:03.054148,2026-07-10T03:03:03.063574+00:00,109.1,200,bid,WavyWalnuts,YieldingYams,14665281
2026-07-10T03:03:03.883786,2026-07-10T03:03:03.890776+00:00,109.1,4,bid,YieldingYams,Xinhong Shan,14665301
2026-07-10T03:03:07.848318,2026-07-10T03:03:07.853053+00:00,109.2,4,bid,Xuanyu Liu,YieldingYams,14665378
2026-07-10T03:03:09.113441,2026-07-10T03:03:09.123495+00:00,109.1,4,ask,Xinhong Shan,WavyWalnuts,14665391
2026-07-10T03:03:09.134165,2026-07-10T03:03:09.138660+00:00,109.1,7,bid,Xuanyu Liu,WavyWalnuts,14665395
2026-07-10T03:03:10.325868,2026-07-10T03:03:10.335508+00:00,109.0,200,ask,YieldingYams,WavyWalnuts,14665410
2026-07-10T03:03:10.457884,2026-07-10T03:03:10.492750+00:00,109.0,4,ask,Xinhong Shan,YieldingYams,14665411
2026-07-10T03:03:10.487756,2026-07-10T03:03:10.492750+00:00,109.0,2,bid,Xuanyu Liu,YieldingYams,14665413
2026-07-10T03:03:10.525500,2026-07-10T03:03:10.530695+00:00,109.0,1,bid,Xuanyu Liu,YieldingYams,14665415
2026-07-10T03:03:13.954299,2026-07-10T03:03:13.958543+00:00,108.9,4,ask,Xinhong Shan,WavyWalnuts,14665468
2026-07-10T03:03:13.954299,2026-07-10T03:03:13.958543+00:00,108.9,4,ask,Kelvin Chan,WavyWalnuts,14665469
2026-07-10T03:03:15.173457,2026-07-10T03:03:15.180994+00:00,108.8,5,ask,Kelvin Chan,WavyWalnuts,14665486
2026-07-10T03:03:15.173457,2026-07-10T03:03:15.186233+00:00,108.8,4,ask,Xinhong Shan,WavyWalnuts,14665487
2026-07-10T03:03:17.596240,2026-07-10T03:03:17.604111+00:00,108.7,200,ask,YieldingYams,WavyWalnuts,14665539
2026-07-10T03:03:18.380970,2026-07-10T03:03:18.391407+00:00,108.7,2,ask,Kelvin Chan,YieldingYams,14665556
2026-07-10T03:03:18.380970,2026-07-10T03:03:18.391407+00:00,108.7,4,ask,Xinhong Shan,YieldingYams,14665557
2026-07-10T03:03:18.804375,2026-07-10T03:03:18.813904+00:00,108.6,200,bid,WavyWalnuts,YieldingYams,14665567
2026-07-10T03:03:19.691421,2026-07-10T03:03:19.702820+00:00,108.6,4,bid,YieldingYams,Xinhong Shan,14665584
2026-07-10T03:03:22.220934,2026-07-10T03:03:22.232426+00:00,108.8,50,bid,Lachy Miller,YieldingYams,14665636
2026-07-10T03:03:22.462485,2026-07-10T03:03:22.469829+00:00,108.8,4,bid,WavyWalnuts,Xinhong Shan,14665641
2026-07-10T03:03:22.462485,2026-07-10T03:03:22.475046+00:00,108.8,196,bid,WavyWalnuts,YieldingYams,14665642
2026-07-10T03:03:23.674377,2026-07-10T03:03:23.683583+00:00,108.8,4,bid,WavyWalnuts,Xinhong Shan,14665662
2026-07-10T03:03:23.674377,2026-07-10T03:03:23.683583+00:00,108.8,196,bid,WavyWalnuts,YieldingYams,14665663
2026-07-10T03:03:26.103187,2026-07-10T03:03:26.112184+00:00,108.8,4,bid,WavyWalnuts,Xinhong Shan,14665698
2026-07-10T03:03:26.103187,2026-07-10T03:03:26.112184+00:00,108.9,196,bid,WavyWalnuts,YieldingYams,14665699
2026-07-10T03:03:26.521474,2026-07-10T03:03:26.533065+00:00,108.8,500,ask,YieldingYams,AverageAlmonds,14665711
2026-07-10T03:03:27.108475,2026-07-10T03:03:27.117533+00:00,108.8,125,ask,YieldingYams,AverageAlmonds,14665717
2026-07-10T03:03:27.314853,2026-07-10T03:03:27.325222+00:00,108.8,200,bid,WavyWalnuts,AverageAlmonds,14665719
2026-07-10T03:03:27.578573,2026-07-10T03:03:27.607357+00:00,108.7,4,ask,Xinhong Shan,YieldingYams,14665723
2026-07-10T03:03:27.578573,2026-07-10T03:03:27.607357+00:00,108.6,4,ask,Kelvin Chan,YieldingYams,14665724
2026-07-10T03:03:27.602983,2026-07-10T03:03:27.607357+00:00,108.6,14,bid,Xuanyu Liu,YieldingYams,14665727
2026-07-10T03:03:27.643126,2026-07-10T03:03:27.654586+00:00,108.6,50,bid,Lachy Miller,YieldingYams,14665728
2026-07-10T03:03:28.552802,2026-07-10T03:03:28.564201+00:00,108.6,200,bid,WavyWalnuts,YieldingYams,14665750
2026-07-10T03:03:28.890327,2026-07-10T03:03:28.897754+00:00,108.6,4,bid,YieldingYams,Xinhong Shan,14665756
2026-07-10T03:03:28.890327,2026-07-10T03:03:28.915346+00:00,108.8,500,bid,YieldingYams,AverageAlmonds,14665757
2026-07-10T03:03:28.911233,2026-07-10T03:03:28.915346+00:00,108.8,11,ask,YieldingYams,Xuanyu Liu,14665759
2026-07-10T03:03:28.947425,2026-07-10T03:03:28.956695+00:00,108.8,110,ask,YieldingYams,AverageAlmonds,14665762
2026-07-10T03:03:29.767411,2026-07-10T03:03:29.771607+00:00,108.6,3,ask,WavyWalnuts,Xuanyu Liu,14665787
2026-07-10T03:03:29.858727,2026-07-10T03:03:29.870285+00:00,108.6,50,ask,WavyWalnuts,Lachy Miller,14665790
2026-07-10T03:03:34.618624,2026-07-10T03:03:34.628132+00:00,108.6,200,ask,YieldingYams,WavyWalnuts,14665885
2026-07-10T03:03:36.583362,2026-07-10T03:03:36.594733+00:00,108.7,20,bid,BrilliantBurritos,YieldingYams,14665925
2026-07-10T03:03:36.760342,2026-07-10T03:03:36.769988+00:00,108.6,4,ask,Xinhong Shan,YieldingYams,14665932
2026-07-10T03:03:36.760342,2026-07-10T03:03:36.769988+00:00,108.5,4,ask,Kelvin Chan,YieldingYams,14665933
2026-07-10T03:03:36.760342,2026-07-10T03:03:36.775467+00:00,108.5,200,ask,WavyWalnuts,YieldingYams,14665934
2026-07-10T03:03:36.885618,2026-07-10T03:03:36.892235+00:00,108.5,25,bid,Lachy Miller,YieldingYams,14665937
2026-07-10T03:03:38.088448,2026-07-10T03:03:38.106323+00:00,108.5,4,bid,YieldingYams,Xinhong Shan,14665964
2026-07-10T03:03:38.088448,2026-07-10T03:03:38.106323+00:00,108.6,200,bid,YieldingYams,WavyWalnuts,14665965
2026-07-10T03:03:38.105455,2026-07-10T03:03:38.121644+00:00,108.6,25,ask,YieldingYams,Lachy Miller,14665968
2026-07-10T03:03:40.889359,2026-07-10T03:03:40.901677+00:00,108.6,4,ask,Xinhong Shan,BrilliantBurritos,14666019
2026-07-10T03:03:40.889359,2026-07-10T03:03:40.901677+00:00,108.6,16,ask,WavyWalnuts,BrilliantBurritos,14666020
2026-07-10T03:03:43.350129,2026-07-10T03:03:43.359179+00:00,108.6,4,ask,Xinhong Shan,YieldingYams,14666056
2026-07-10T03:03:43.476810,2026-07-10T03:03:43.484487+00:00,108.6,500,bid,AverageAlmonds,YieldingYams,14666060
2026-07-10T03:03:44.067361,2026-07-10T03:03:44.075906+00:00,108.6,121,bid,AverageAlmonds,YieldingYams,14666082
2026-07-10T03:03:44.067361,2026-07-10T03:03:44.075906+00:00,108.6,4,bid,AverageAlmonds,Xinhong Shan,14666083
2026-07-10T03:03:44.658474,2026-07-10T03:03:44.667189+00:00,108.7,200,bid,YieldingYams,WavyWalnuts,14666093
2026-07-10T03:03:44.702760,2026-07-10T03:03:44.706973+00:00,108.7,3,ask,YieldingYams,Xuanyu Liu,14666095
2026-07-10T03:03:44.728894,2026-07-10T03:03:44.740664+00:00,108.7,25,ask,YieldingYams,Lachy Miller,14666096
2026-07-10T03:03:44.868219,2026-07-10T03:03:44.877537+00:00,108.7,20,ask,YieldingYams,BrilliantBurritos,14666101
2026-07-10T03:03:46.010406,2026-07-10T03:03:46.018822+00:00,108.7,200,ask,WavyWalnuts,YieldingYams,14666128
2026-07-10T03:03:46.010406,2026-07-10T03:03:46.018822+00:00,108.7,4,ask,Xinhong Shan,YieldingYams,14666129
2026-07-10T03:03:46.724058,2026-07-10T03:03:46.731863+00:00,108.7,200,bid,WavyWalnuts,YieldingYams,14666143
2026-07-10T03:03:47.327227,2026-07-10T03:03:47.334337+00:00,108.7,4,bid,YieldingYams,Xinhong Shan,14666159
2026-07-10T03:03:47.937644,2026-07-10T03:03:47.945502+00:00,108.7,200,ask,YieldingYams,WavyWalnuts,14666168
2026-07-10T03:03:49.147558,2026-07-10T03:03:49.150325+00:00,108.7,4,ask,Xinhong Shan,WavyWalnuts,14666197
2026-07-10T03:03:51.294909,2026-07-10T03:03:51.307603+00:00,108.7,4,bid,YieldingYams,Xinhong Shan,14666238
2026-07-10T03:03:51.588241,2026-07-10T03:03:51.596267+00:00,108.8,1,bid,WavyWalnuts,Kelvin Chan,14666247
2026-07-10T03:03:51.920744,2026-07-10T03:03:51.924734+00:00,108.8,11,ask,WavyWalnuts,Xuanyu Liu,14666256
2026-07-10T03:03:52.273364,2026-07-10T03:03:52.281034+00:00,108.8,21,ask,WavyWalnuts,YUNSHEN JI,14666259
2026-07-10T03:03:52.592550,2026-07-10T03:03:52.602573+00:00,108.8,167,ask,WavyWalnuts,AverageAlmonds,14666266
2026-07-10T03:03:52.592550,2026-07-10T03:03:52.602573+00:00,108.8,4,ask,Xinhong Shan,AverageAlmonds,14666267
2026-07-10T03:03:53.924078,2026-07-10T03:03:53.935553+00:00,108.8,200,bid,YieldingYams,WavyWalnuts,14666296
2026-07-10T03:03:53.924078,2026-07-10T03:03:53.935553+00:00,108.8,4,bid,YieldingYams,Xinhong Shan,14666297
2026-07-10T03:03:58.261997,2026-07-10T03:03:58.265990+00:00,108.8,4,ask,Xinhong Shan,Xuanyu Liu,14666387
2026-07-10T03:04:00.830192,2026-07-10T03:04:00.840077+00:00,108.7,20,ask,WavyWalnuts,BrilliantBurritos,14666432
2026-07-10T03:04:01.810391,2026-07-10T03:04:01.821220+00:00,108.7,200,ask,WavyWalnuts,YieldingYams,14666448
2026-07-10T03:04:01.810391,2026-07-10T03:04:01.821220+00:00,108.7,4,ask,Xinhong Shan,YieldingYams,14666449
2026-07-10T03:04:01.810391,2026-07-10T03:04:01.826225+00:00,108.6,5,ask,YUNSHEN JI,YieldingYams,14666450
2026-07-10T03:04:02.469266,2026-07-10T03:04:02.480782+00:00,108.6,20,bid,BrilliantBurritos,YieldingYams,14666464
2026-07-10T03:04:02.492244,2026-07-10T03:04:02.501618+00:00,108.6,200,bid,WavyWalnuts,YieldingYams,14666465
2026-07-10T03:04:03.129008,2026-07-10T03:04:03.135689+00:00,108.6,4,bid,YieldingYams,Xinhong Shan,14666480
2026-07-10T03:04:04.978329,2026-07-10T03:04:04.990219+00:00,108.7,25,ask,YieldingYams,Lachy Miller,14666509
2026-07-10T03:04:05.394252,2026-07-10T03:04:05.406154+00:00,108.7,25,ask,YieldingYams,Lachy Miller,14666522
2026-07-10T03:04:07.080748,2026-07-10T03:04:07.090290+00:00,108.7,200,ask,WavyWalnuts,YieldingYams,14666548
2026-07-10T03:04:07.080748,2026-07-10T03:04:07.090290+00:00,108.7,4,ask,Xinhong Shan,YieldingYams,14666549
2026-07-10T03:04:07.080748,2026-07-10T03:04:07.154584+00:00,108.6,5,ask,YUNSHEN JI,YieldingYams,14666550
2026-07-10T03:04:07.080748,2026-07-10T03:04:07.154584+00:00,108.5,2,ask,Kelvin Chan,YieldingYams,14666551
2026-07-10T03:04:07.150189,2026-07-10T03:04:07.154584+00:00,108.5,4,bid,Xuanyu Liu,YieldingYams,14666557
2026-07-10T03:04:07.351167,2026-07-10T03:04:07.358557+00:00,108.5,200,bid,WavyWalnuts,YieldingYams,14666564
2026-07-10T03:04:08.562175,2026-07-10T03:04:08.576853+00:00,108.5,4,bid,WavyWalnuts,Xinhong Shan,14666592
2026-07-10T03:04:08.562175,2026-07-10T03:04:08.576853+00:00,108.6,196,bid,WavyWalnuts,YieldingYams,14666593
2026-07-10T03:04:09.717176,2026-07-10T03:04:09.724678+00:00,108.6,4,bid,YieldingYams,Xinhong Shan,14666611
2026-07-10T03:04:09.780662,2026-07-10T03:04:09.791025+00:00,108.6,200,ask,YieldingYams,WavyWalnuts,14666618
2026-07-10T03:04:11.021556,2026-07-10T03:04:11.026675+00:00,108.7,11,bid,Xuanyu Liu,WavyWalnuts,14666649
2026-07-10T03:04:12.346192,2026-07-10T03:04:12.354056+00:00,108.6,4,ask,Xinhong Shan,YieldingYams,14666690
2026-07-10T03:04:13.673368,2026-07-10T03:04:13.684561+00:00,108.5,4,ask,Xinhong Shan,YieldingYams,14666714
2026-07-10T03:04:13.673368,2026-07-10T03:04:13.684561+00:00,108.5,200,ask,WavyWalnuts,YieldingYams,14666715
2026-07-10T03:04:13.673368,2026-07-10T03:04:13.684561+00:00,108.4,2,ask,Kelvin Chan,YieldingYams,14666716
2026-07-10T03:04:13.673368,2026-07-10T03:04:13.689766+00:00,108.4,5,ask,YUNSHEN JI,YieldingYams,14666717
2026-07-10T03:04:14.619807,2026-07-10T03:04:14.626624+00:00,108.4,200,bid,WavyWalnuts,YieldingYams,14666740
2026-07-10T03:04:15.831409,2026-07-10T03:04:15.838124+00:00,108.4,4,bid,WavyWalnuts,Xinhong Shan,14666774
2026-07-10T03:04:15.843820,2026-07-10T03:04:15.858622+00:00,108.4,4,ask,WavyWalnuts,Xinhong Shan,14666775
2026-07-10T03:04:17.198905,2026-07-10T03:04:17.204111+00:00,108.5,3,bid,Xuanyu Liu,YieldingYams,14666796
2026-07-10T03:04:21.571526,2026-07-10T03:04:21.582605+00:00,108.4,4,ask,Xinhong Shan,YieldingYams,14666865
2026-07-10T03:04:21.571526,2026-07-10T03:04:21.582605+00:00,108.4,500,ask,AverageAlmonds,YieldingYams,14666866
2026-07-10T03:04:21.571526,2026-07-10T03:04:21.582605+00:00,108.3,121,ask,WavyWalnuts,YieldingYams,14666867
2026-07-10T03:04:24.196157,2026-07-10T03:04:24.207170+00:00,108.5,200,bid,YieldingYams,WavyWalnuts,14666902
2026-07-10T03:04:24.196157,2026-07-10T03:04:24.207170+00:00,108.5,4,bid,YieldingYams,Xinhong Shan,14666903
2026-07-10T03:04:25.566875,2026-07-10T03:04:25.574319+00:00,108.6,4,ask,Xinhong Shan,WavyWalnuts,14666914
2026-07-10T03:04:26.848166,2026-07-10T03:04:26.853703+00:00,108.6,4,bid,YieldingYams,Xinhong Shan,14666937
2026-07-10T03:04:26.848166,2026-07-10T03:04:26.853703+00:00,108.6,200,bid,YieldingYams,WavyWalnuts,14666938
2026-07-10T03:04:27.968950,2026-07-10T03:04:27.975892+00:00,108.7,9,bid,BrilliantBurritos,Kelvin Chan,14666949
2026-07-10T03:04:27.968950,2026-07-10T03:04:27.981053+00:00,108.7,4,bid,BrilliantBurritos,Xinhong Shan,14666950
2026-07-10T03:04:28.166986,2026-07-10T03:04:28.175754+00:00,108.6,4,ask,Xinhong Shan,YieldingYams,14666956
2026-07-10T03:04:28.166986,2026-07-10T03:04:28.175754+00:00,108.5,200,ask,WavyWalnuts,YieldingYams,14666957
2026-07-10T03:04:29.477606,2026-07-10T03:04:29.484855+00:00,108.5,200,bid,YieldingYams,WavyWalnuts,14666985
2026-07-10T03:04:29.477606,2026-07-10T03:04:29.490092+00:00,108.5,4,bid,YieldingYams,Xinhong Shan,14666986
2026-07-10T03:04:30.400165,2026-07-10T03:04:30.406748+00:00,108.5,200,ask,YieldingYams,WavyWalnuts,14667003
2026-07-10T03:04:30.795080,2026-07-10T03:04:30.804542+00:00,108.5,4,ask,Xinhong Shan,YieldingYams,14667009
2026-07-10T03:04:30.795080,2026-07-10T03:04:30.804542+00:00,108.4,3,ask,Kelvin Chan,YieldingYams,14667010
2026-07-10T03:04:31.608528,2026-07-10T03:04:31.617683+00:00,108.4,200,bid,WavyWalnuts,YieldingYams,14667027
2026-07-10T03:04:40.451805,2026-07-10T03:04:40.458616+00:00,108.3,2,ask,Kelvin Chan,BrilliantBurritos,14667195
2026-07-10T03:04:40.451805,2026-07-10T03:04:40.463891+00:00,108.3,4,ask,Xinhong Shan,BrilliantBurritos,14667196
2026-07-10T03:04:40.451805,2026-07-10T03:04:40.463891+00:00,108.3,14,ask,YieldingYams,BrilliantBurritos,14667197
2026-07-10T03:04:41.326235,2026-07-10T03:04:41.337173+00:00,108.3,4,ask,Xinhong Shan,WavyWalnuts,14667213
2026-07-10T03:04:41.326235,2026-07-10T03:04:41.337173+00:00,108.3,196,ask,AverageAlmonds,WavyWalnuts,14667214
2026-07-10T03:04:42.620764,2026-07-10T03:04:42.632527+00:00,108.3,4,ask,Xinhong Shan,YieldingYams,14667235
2026-07-10T03:04:42.620764,2026-07-10T03:04:42.632527+00:00,108.3,200,ask,WavyWalnuts,YieldingYams,14667236
2026-07-10T03:04:42.620764,2026-07-10T03:04:42.632527+00:00,108.2,421,ask,AverageAlmonds,YieldingYams,14667237
2026-07-10T03:04:43.933130,2026-07-10T03:04:43.940882+00:00,108.3,200,bid,YieldingYams,WavyWalnuts,14667256
2026-07-10T03:04:43.933130,2026-07-10T03:04:43.945865+00:00,108.4,4,bid,YieldingYams,Xinhong Shan,14667257
2026-07-10T03:04:43.933130,2026-07-10T03:04:43.945865+00:00,108.5,12,bid,YieldingYams,Kelvin Chan,14667258
2026-07-10T03:04:44.498949,2026-07-10T03:04:44.510761+00:00,108.5,20,ask,YieldingYams,BrilliantBurritos,14667272
2026-07-10T03:04:44.954546,2026-07-10T03:04:44.950476+00:00,108.5,200,ask,YieldingYams,WavyWalnuts,14667284
2026-07-10T03:04:45.304024,2026-07-10T03:04:45.318135+00:00,108.5,4,ask,Xinhong Shan,YieldingYams,14667295
2026-07-10T03:04:46.166771,2026-07-10T03:04:46.176368+00:00,108.3,200,ask,YieldingYams,WavyWalnuts,14667309
2026-07-10T03:04:46.757018,2026-07-10T03:04:46.757348+00:00,108.4,20,bid,BrilliantBurritos,YieldingYams,14667320
2026-07-10T03:04:47.377480,2026-07-10T03:04:47.388403+00:00,108.4,200,bid,WavyWalnuts,YieldingYams,14667331
2026-07-10T03:04:47.864667,2026-07-10T03:04:47.868748+00:00,108.3,3,ask,Xinhong Shan,Xuanyu Liu,14667346
2026-07-10T03:04:48.957155,2026-07-10T03:04:48.969065+00:00,108.4,20,bid,BrilliantBurritos,YieldingYams,14667363
2026-07-10T03:04:49.803186,2026-07-10T03:04:49.811158+00:00,108.3,3,ask,Xinhong Shan,WavyWalnuts,14667382
2026-07-10T03:04:49.823189,2026-07-10T03:04:49.827900+00:00,108.3,3,bid,Xuanyu Liu,WavyWalnuts,14667384
2026-07-10T03:04:50.556614,2026-07-10T03:04:50.558613+00:00,108.2,3,ask,Xinhong Shan,YieldingYams,14667395
2026-07-10T03:04:50.556614,2026-07-10T03:04:50.570684+00:00,108.2,500,ask,AverageAlmonds,YieldingYams,14667396
2026-07-10T03:04:50.556614,2026-07-10T03:04:50.570684+00:00,108.2,1,ask,Kelvin Chan,YieldingYams,14667397
2026-07-10T03:04:50.556614,2026-07-10T03:04:50.570684+00:00,108.1,121,ask,WavyWalnuts,YieldingYams,14667398
2026-07-10T03:04:51.794956,2026-07-10T03:04:51.806671+00:00,108.2,20,ask,WavyWalnuts,BrilliantBurritos,14667418
2026-07-10T03:04:51.871439,2026-07-10T03:04:51.880297+00:00,108.3,3,bid,YieldingYams,Xinhong Shan,14667421
2026-07-10T03:04:53.452509,2026-07-10T03:04:53.460284+00:00,108.3,3,ask,Xinhong Shan,WavyWalnuts,14667460
2026-07-10T03:04:59.745393,2026-07-10T03:04:59.758603+00:00,108.2,3,ask,Xinhong Shan,YieldingYams,14667571
2026-07-10T03:04:59.745393,2026-07-10T03:04:59.758603+00:00,108.2,200,ask,WavyWalnuts,YieldingYams,14667572
2026-07-10T03:05:01.055966,2026-07-10T03:05:01.064999+00:00,108.2,3,bid,YieldingYams,Xinhong Shan,14667598
2026-07-10T03:05:01.930449,2026-07-10T03:05:01.941821+00:00,108.2,200,ask,YieldingYams,WavyWalnuts,14667613
2026-07-10T03:05:02.380632,2026-07-10T03:05:02.391763+00:00,108.2,3,ask,Xinhong Shan,YieldingYams,14667624
2026-07-10T03:05:02.380632,2026-07-10T03:05:02.391763+00:00,108.1,2,ask,Kelvin Chan,YieldingYams,14667625
2026-07-10T03:05:02.380632,2026-07-10T03:05:02.391763+00:00,108.0,200,ask,WavyWalnuts,YieldingYams,14667626
2026-07-10T03:05:02.404345,2026-07-10T03:05:02.409170+00:00,108.0,3,bid,Xuanyu Liu,YieldingYams,14667628
2026-07-10T03:05:02.549430,2026-07-10T03:05:02.555772+00:00,108.0,150,bid,Lachy Miller,YieldingYams,14667629
2026-07-10T03:05:05.554683,2026-07-10T03:05:05.558541+00:00,107.9,1,ask,Kelvin Chan,WavyWalnuts,14667682
2026-07-10T03:05:05.554683,2026-07-10T03:05:05.558541+00:00,107.9,199,ask,YieldingYams,WavyWalnuts,14667683
2026-07-10T03:05:06.937640,2026-07-10T03:05:06.947758+00:00,107.9,1,ask,Kelvin Chan,BrilliantBurritos,14667714
2026-07-10T03:05:06.937640,2026-07-10T03:05:06.947758+00:00,107.9,19,ask,YieldingYams,BrilliantBurritos,14667715
2026-07-10T03:05:09.190856,2026-07-10T03:05:09.198229+00:00,108.0,3,bid,WavyWalnuts,Xinhong Shan,14667762
2026-07-10T03:05:09.190856,2026-07-10T03:05:09.203485+00:00,108.1,197,bid,WavyWalnuts,YieldingYams,14667763
2026-07-10T03:05:10.256698,2026-07-10T03:05:10.257619+00:00,108.1,3,bid,YieldingYams,Xinhong Shan,14667786
2026-07-10T03:05:10.404434,2026-07-10T03:05:10.416055+00:00,108.1,200,ask,YieldingYams,WavyWalnuts,14667789
2026-07-10T03:05:11.570575,2026-07-10T03:05:11.578440+00:00,108.2,12,bid,YieldingYams,Kelvin Chan,14667813
2026-07-10T03:05:11.570575,2026-07-10T03:05:11.583509+00:00,108.2,3,bid,YieldingYams,Xinhong Shan,14667814
2026-07-10T03:05:11.593476,2026-07-10T03:05:11.604413+00:00,108.2,3,ask,YieldingYams,Xinhong Shan,14667816
2026-07-10T03:05:12.886227,2026-07-10T03:05:12.895727+00:00,108.3,9,bid,YieldingYams,Kelvin Chan,14667843
2026-07-10T03:05:12.886227,2026-07-10T03:05:12.895727+00:00,108.3,4,bid,YieldingYams,Xinhong Shan,14667844
2026-07-10T03:05:12.886227,2026-07-10T03:05:12.900948+00:00,108.3,200,bid,YieldingYams,WavyWalnuts,14667845
2026-07-10T03:05:14.033408,2026-07-10T03:05:14.044951+00:00,108.3,200,ask,YieldingYams,WavyWalnuts,14667868
2026-07-10T03:05:14.210246,2026-07-10T03:05:14.242345+00:00,108.3,4,ask,Xinhong Shan,YieldingYams,14667871
2026-07-10T03:05:14.238243,2026-07-10T03:05:14.242345+00:00,108.1,23,bid,Xuanyu Liu,YieldingYams,14667876
2026-07-10T03:05:14.987462,2026-07-10T03:05:14.999107+00:00,108.1,24,bid,Lachy Miller,YieldingYams,14667889
2026-07-10T03:05:15.240974,2026-07-10T03:05:15.250331+00:00,108.1,200,bid,WavyWalnuts,YieldingYams,14667893
2026-07-10T03:05:16.453467,2026-07-10T03:05:16.458593+00:00,108.1,200,bid,WavyWalnuts,YieldingYams,14667911
2026-07-10T03:05:16.872182,2026-07-10T03:05:16.882222+00:00,108.1,4,bid,YieldingYams,Xinhong Shan,14667916
2026-07-10T03:05:18.193528,2026-07-10T03:05:18.202880+00:00,108.2,200,bid,YieldingYams,WavyWalnuts,14667945
2026-07-10T03:05:18.193528,2026-07-10T03:05:18.202880+00:00,108.2,4,bid,YieldingYams,Xinhong Shan,14667946
2026-07-10T03:05:19.195349,2026-07-10T03:05:19.205403+00:00,108.2,421,ask,YieldingYams,AverageAlmonds,14667965
2026-07-10T03:05:19.195349,2026-07-10T03:05:19.205403+00:00,108.2,4,ask,Xinhong Shan,AverageAlmonds,14667966
2026-07-10T03:05:19.195349,2026-07-10T03:05:19.205403+00:00,108.2,75,ask,WavyWalnuts,AverageAlmonds,14667967
2026-07-10T03:05:19.506695,2026-07-10T03:05:19.514492+00:00,108.2,125,ask,WavyWalnuts,YieldingYams,14667972
2026-07-10T03:05:21.306342,2026-07-10T03:05:21.314554+00:00,108.1,4,bid,WavyWalnuts,Xinhong Shan,14668011
2026-07-10T03:05:23.680258,2026-07-10T03:05:23.691004+00:00,108.2,4,bid,BrilliantBurritos,Xinhong Shan,14668065
2026-07-10T03:05:23.680258,2026-07-10T03:05:23.696260+00:00,108.2,16,bid,BrilliantBurritos,YieldingYams,14668066
2026-07-10T03:05:23.765021,2026-07-10T03:05:23.769308+00:00,108.2,23,bid,Xuanyu Liu,YieldingYams,14668071
2026-07-10T03:05:28.885808,2026-07-10T03:05:28.897243+00:00,108.1,4,ask,Xinhong Shan,AverageAlmonds,14668158
2026-07-10T03:05:28.885808,2026-07-10T03:05:28.897243+00:00,108.1,200,ask,WavyWalnuts,AverageAlmonds,14668159
2026-07-10T03:05:28.885808,2026-07-10T03:05:28.897243+00:00,108.1,296,ask,YieldingYams,AverageAlmonds,14668160
2026-07-10T03:05:29.487152,2026-07-10T03:05:29.494373+00:00,108.1,329,ask,YieldingYams,AverageAlmonds,14668175
2026-07-10T03:05:29.487152,2026-07-10T03:05:29.499635+00:00,108.1,4,ask,Xinhong Shan,AverageAlmonds,14668176
2026-07-10T03:05:30.067698,2026-07-10T03:05:30.072123+00:00,108.0,4,bid,Xuanyu Liu,YieldingYams,14668188
2026-07-10T03:05:31.014378,2026-07-10T03:05:31.023908+00:00,108.0,200,bid,WavyWalnuts,YieldingYams,14668208
2026-07-10T03:05:32.224301,2026-07-10T03:05:32.232567+00:00,108.1,200,bid,WavyWalnuts,YieldingYams,14668230
2026-07-10T03:05:32.674284,2026-07-10T03:05:32.685190+00:00,108.0,4,bid,YieldingYams,Xinhong Shan,14668243
2026-07-10T03:05:33.109513,2026-07-10T03:05:33.120193+00:00,108.0,500,ask,YieldingYams,AverageAlmonds,14668252
2026-07-10T03:05:33.699648,2026-07-10T03:05:33.706741+00:00,108.0,121,ask,YieldingYams,AverageAlmonds,14668269
2026-07-10T03:05:33.699648,2026-07-10T03:05:33.711917+00:00,108.0,4,ask,Xinhong Shan,AverageAlmonds,14668270
2026-07-10T03:05:33.699648,2026-07-10T03:05:33.711917+00:00,108.0,200,ask,WavyWalnuts,AverageAlmonds,14668271
2026-07-10T03:05:34.643589,2026-07-10T03:05:34.647538+00:00,108.0,4,bid,WavyWalnuts,Xinhong Shan,14668282
2026-07-10T03:05:34.643589,2026-07-10T03:05:34.647538+00:00,108.0,196,bid,WavyWalnuts,AverageAlmonds,14668283
2026-07-10T03:05:35.300828,2026-07-10T03:05:35.307989+00:00,108.0,500,bid,YieldingYams,AverageAlmonds,14668290
2026-07-10T03:05:35.533839,2026-07-10T03:05:35.564281+00:00,108.0,125,ask,YieldingYams,AverageAlmonds,14668296
2026-07-10T03:05:35.533839,2026-07-10T03:05:35.564281+00:00,108.0,4,ask,Xinhong Shan,AverageAlmonds,14668297
2026-07-10T03:05:36.615403,2026-07-10T03:05:36.624406+00:00,107.9,1,ask,Kelvin Chan,YieldingYams,14668324
2026-07-10T03:05:36.615403,2026-07-10T03:05:36.624406+00:00,107.9,4,ask,Xinhong Shan,YieldingYams,14668325
2026-07-10T03:05:37.931144,2026-07-10T03:05:37.939129+00:00,107.8,3,ask,Kelvin Chan,YieldingYams,14668342
2026-07-10T03:05:37.931144,2026-07-10T03:05:37.983487+00:00,107.8,4,ask,Xinhong Shan,YieldingYams,14668343
2026-07-10T03:05:37.979272,2026-07-10T03:05:37.983487+00:00,107.8,1,bid,Xuanyu Liu,YieldingYams,14668346
2026-07-10T03:05:39.499721,2026-07-10T03:05:39.508907+00:00,107.8,200,bid,WavyWalnuts,YieldingYams,14668378
2026-07-10T03:05:39.621065,2026-07-10T03:05:39.626569+00:00,107.7,3,ask,Kelvin Chan,Xuanyu Liu,14668384
2026-07-10T03:05:39.621065,2026-07-10T03:05:39.626569+00:00,107.7,3,ask,Xinhong Shan,Xuanyu Liu,14668385
2026-07-10T03:05:40.118224,2026-07-10T03:05:40.122485+00:00,107.7,4,ask,Kelvin Chan,Xuanyu Liu,14668399
2026-07-10T03:05:40.562453,2026-07-10T03:05:40.569832+00:00,107.8,3,bid,YieldingYams,Xinhong Shan,14668407
2026-07-10T03:05:40.581045,2026-07-10T03:05:40.585132+00:00,107.8,18,ask,YieldingYams,Xuanyu Liu,14668410
2026-07-10T03:05:41.922232,2026-07-10T03:05:41.934073+00:00,107.9,200,bid,WavyWalnuts,YieldingYams,14668434
2026-07-10T03:05:43.185823,2026-07-10T03:05:43.193061+00:00,107.9,3,bid,YieldingYams,Xinhong Shan,14668457
2026-07-10T03:05:43.206744,2026-07-10T03:05:43.211096+00:00,107.9,4,ask,YieldingYams,Xuanyu Liu,14668459
2026-07-10T03:05:45.827899,2026-07-10T03:05:45.834884+00:00,108.0,4,bid,YieldingYams,Xinhong Shan,14668509
2026-07-10T03:05:49.771449,2026-07-10T03:05:49.801723+00:00,108.1,4,bid,YieldingYams,Kelvin Chan,14668592
2026-07-10T03:05:49.771449,2026-07-10T03:05:49.801723+00:00,108.1,500,bid,YieldingYams,AverageAlmonds,14668593
2026-07-10T03:05:49.778991,2026-07-10T03:05:49.801723+00:00,108.1,4,ask,YieldingYams,Xinhong Shan,14668594
2026-07-10T03:05:49.797795,2026-07-10T03:05:49.801723+00:00,108.1,8,ask,YieldingYams,Xuanyu Liu,14668598
2026-07-10T03:05:51.453938,2026-07-10T03:05:51.466292+00:00,108.1,4,ask,Xinhong Shan,BrilliantBurritos,14668638
2026-07-10T03:05:52.838570,2026-07-10T03:05:52.847853+00:00,108.0,4,ask,Xinhong Shan,WavyWalnuts,14668657
2026-07-10T03:05:54.050832,2026-07-10T03:05:54.060156+00:00,107.9,4,ask,Xinhong Shan,WavyWalnuts,14668693
2026-07-10T03:05:55.040381,2026-07-10T03:05:55.048950+00:00,107.9,196,bid,YieldingYams,WavyWalnuts,14668721
2026-07-10T03:05:55.040381,2026-07-10T03:05:55.048950+00:00,107.9,3,bid,YieldingYams,Xinhong Shan,14668722
2026-07-10T03:05:55.067895,2026-07-10T03:05:55.072073+00:00,107.9,11,ask,YieldingYams,Xuanyu Liu,14668724
2026-07-10T03:05:57.113544,2026-07-10T03:05:57.120483+00:00,107.9,20,ask,YieldingYams,BrilliantBurritos,14668765
2026-07-10T03:05:58.900734,2026-07-10T03:05:58.910221+00:00,107.9,200,ask,YieldingYams,WavyWalnuts,14668788
2026-07-10T03:05:58.978665,2026-07-10T03:05:58.989929+00:00,108.0,3,bid,YieldingYams,Xinhong Shan,14668789
2026-07-10T03:05:58.978665,2026-07-10T03:05:58.989929+00:00,108.1,3,bid,YieldingYams,Kelvin Chan,14668790
2026-07-10T03:05:58.997731,2026-07-10T03:05:59.002355+00:00,108.1,3,ask,YieldingYams,Xuanyu Liu,14668792
2026-07-10T03:05:59.083843,2026-07-10T03:05:59.091492+00:00,108.1,1,ask,YieldingYams,Lachy Miller,14668797
2026-07-10T03:05:59.163163,2026-07-10T03:05:59.174682+00:00,108.1,500,ask,YieldingYams,AverageAlmonds,14668801
2026-07-10T03:05:59.759294,2026-07-10T03:05:59.769398+00:00,108.1,115,ask,YieldingYams,AverageAlmonds,14668810
2026-07-10T03:05:59.759294,2026-07-10T03:05:59.769398+00:00,108.1,4,ask,Xinhong Shan,AverageAlmonds,14668811
2026-07-10T03:06:00.296973,2026-07-10T03:06:00.304786+00:00,107.8,200,ask,WavyWalnuts,YieldingYams,14668825
2026-07-10T03:06:00.296973,2026-07-10T03:06:00.310043+00:00,107.8,3,ask,Xinhong Shan,YieldingYams,14668826
2026-07-10T03:06:00.343636,2026-07-10T03:06:00.358572+00:00,107.8,20,bid,BrilliantBurritos,YieldingYams,14668827
2026-07-10T03:06:01.320683,2026-07-10T03:06:01.329335+00:00,107.8,200,bid,WavyWalnuts,YieldingYams,14668838
2026-07-10T03:06:03.751392,2026-07-10T03:06:03.764005+00:00,107.8,200,bid,WavyWalnuts,YieldingYams,14668882
2026-07-10T03:06:08.627970,2026-07-10T03:06:08.637251+00:00,107.7,3,ask,Xinhong Shan,WavyWalnuts,14668935
2026-07-10T03:06:08.627970,2026-07-10T03:06:08.637251+00:00,107.6,197,ask,YieldingYams,WavyWalnuts,14668936
2026-07-10T03:06:09.499736,2026-07-10T03:06:09.504049+00:00,107.7,3,bid,Xuanyu Liu,YieldingYams,14668942
2026-07-10T03:06:09.836727,2026-07-10T03:06:09.846787+00:00,107.7,200,bid,WavyWalnuts,YieldingYams,14668949
2026-07-10T03:06:14.340579,2026-07-10T03:06:14.348793+00:00,107.7,20,bid,BrilliantBurritos,YieldingYams,14669012
2026-07-10T03:06:14.499872,2026-07-10T03:06:14.504935+00:00,107.7,34,bid,Xuanyu Liu,YieldingYams,14669023
2026-07-10T03:06:14.522070,2026-07-10T03:06:14.533869+00:00,107.7,1,bid,Lachy Miller,YieldingYams,14669024
2026-07-10T03:06:14.880489,2026-07-10T03:06:14.887480+00:00,107.7,3,bid,AverageAlmonds,Xinhong Shan,14669041
2026-07-10T03:06:14.880489,2026-07-10T03:06:14.892750+00:00,107.7,200,bid,AverageAlmonds,WavyWalnuts,14669042
2026-07-10T03:06:16.804721,2026-07-10T03:06:16.809091+00:00,107.7,3,ask,WavyWalnuts,Xuanyu Liu,14669070
2026-07-10T03:06:17.121393,2026-07-10T03:06:17.126006+00:00,107.7,3,ask,AverageAlmonds,Xuanyu Liu,14669075
2026-07-10T03:06:17.925775,2026-07-10T03:06:17.934375+00:00,107.8,4,bid,AverageAlmonds,Kelvin Chan,14669093
2026-07-10T03:06:17.925775,2026-07-10T03:06:17.934375+00:00,107.8,496,bid,AverageAlmonds,YieldingYams,14669094
2026-07-10T03:06:18.313143,2026-07-10T03:06:18.322842+00:00,107.8,129,bid,WavyWalnuts,YieldingYams,14669109
2026-07-10T03:06:18.313143,2026-07-10T03:06:18.322842+00:00,107.8,3,bid,WavyWalnuts,Xinhong Shan,14669110
2026-07-10T03:06:18.329552,2026-07-10T03:06:18.334031+00:00,107.9,17,ask,WavyWalnuts,Xuanyu Liu,14669112
2026-07-10T03:06:18.699779,2026-07-10T03:06:18.704074+00:00,108.0,11,ask,YieldingYams,Xuanyu Liu,14669120
2026-07-10T03:06:19.527999,2026-07-10T03:06:19.537517+00:00,108.0,200,ask,YieldingYams,WavyWalnuts,14669135
2026-07-10T03:06:19.865221,2026-07-10T03:06:19.869751+00:00,108.1,3,bid,Xuanyu Liu,Xinhong Shan,14669151
2026-07-10T03:06:20.014112,2026-07-10T03:06:20.023515+00:00,108.2,10,bid,YUNSHEN JI,YieldingYams,14669153
2026-07-10T03:06:20.736713,2026-07-10T03:06:20.747049+00:00,108.0,3,ask,Xinhong Shan,WavyWalnuts,14669170
2026-07-10T03:06:20.736713,2026-07-10T03:06:20.747049+00:00,108.0,197,ask,YieldingYams,WavyWalnuts,14669171
2026-07-10T03:06:20.769449,2026-07-10T03:06:20.774094+00:00,108.2,20,bid,Xuanyu Liu,YieldingYams,14669173
2026-07-10T03:06:21.324518,2026-07-10T03:06:21.328778+00:00,108.1,11,bid,Xuanyu Liu,YieldingYams,14669181
2026-07-10T03:06:21.947228,2026-07-10T03:06:21.968669+00:00,108.0,3,ask,Xinhong Shan,WavyWalnuts,14669199
2026-07-10T03:06:21.964468,2026-07-10T03:06:21.968669+00:00,108.0,12,bid,Xuanyu Liu,WavyWalnuts,14669201
2026-07-10T03:06:23.159757,2026-07-10T03:06:23.169772+00:00,107.9,200,ask,YieldingYams,WavyWalnuts,14669217
2026-07-10T03:06:23.727388,2026-07-10T03:06:23.739445+00:00,108.0,3,bid,BrilliantBurritos,Xinhong Shan,14669224
2026-07-10T03:06:25.301029,2026-07-10T03:06:25.312884+00:00,108.0,3,bid,BrilliantBurritos,Xinhong Shan,14669249
2026-07-10T03:06:25.301029,2026-07-10T03:06:25.312884+00:00,108.0,17,bid,BrilliantBurritos,YieldingYams,14669250
2026-07-10T03:06:26.560817,2026-07-10T03:06:26.571593+00:00,107.9,4,ask,Xinhong Shan,YieldingYams,14669273
2026-07-10T03:06:26.577547,2026-07-10T03:06:26.581361+00:00,107.9,4,bid,Xuanyu Liu,YieldingYams,14669275
2026-07-10T03:06:27.128919,2026-07-10T03:06:27.134052+00:00,107.9,7,bid,Xuanyu Liu,YieldingYams,14669291
2026-07-10T03:06:27.555923,2026-07-10T03:06:27.567833+00:00,107.8,20,ask,WavyWalnuts,BrilliantBurritos,14669301
2026-07-10T03:06:27.877945,2026-07-10T03:06:27.886827+00:00,107.9,3,bid,YieldingYams,Xinhong Shan,14669305
2026-07-10T03:06:30.429309,2026-07-10T03:06:30.436313+00:00,108.0,4,bid,WavyWalnuts,Xinhong Shan,14669360
2026-07-10T03:06:30.500626,2026-07-10T03:06:30.509815+00:00,108.0,196,ask,WavyWalnuts,YieldingYams,14669363
2026-07-10T03:06:30.500626,2026-07-10T03:06:30.509815+00:00,107.9,4,ask,Xinhong Shan,YieldingYams,14669364
2026-07-10T03:06:30.522788,2026-07-10T03:06:30.527794+00:00,107.9,11,bid,Xuanyu Liu,YieldingYams,14669366
2026-07-10T03:06:30.702609,2026-07-10T03:06:30.710894+00:00,107.9,30,bid,YUNSHEN JI,YieldingYams,14669371
2026-07-10T03:06:31.221514,2026-07-10T03:06:31.231730+00:00,107.9,30,bid,YUNSHEN JI,YieldingYams,14669380
2026-07-10T03:06:31.645195,2026-07-10T03:06:31.647486+00:00,107.9,200,bid,WavyWalnuts,YieldingYams,14669386
2026-07-10T03:06:31.736908,2026-07-10T03:06:31.748287+00:00,107.9,30,bid,YUNSHEN JI,YieldingYams,14669387
2026-07-10T03:06:31.815487,2026-07-10T03:06:31.825051+00:00,107.9,4,bid,YieldingYams,Xinhong Shan,14669393
2026-07-10T03:06:32.254784,2026-07-10T03:06:32.253000+00:00,108.1,30,ask,YieldingYams,YUNSHEN JI,14669409
2026-07-10T03:06:32.264190,2026-07-10T03:06:32.271057+00:00,108.2,10,bid,YUNSHEN JI,WavyWalnuts,14669411
2026-07-10T03:06:32.772809,2026-07-10T03:06:32.784260+00:00,108.1,22,ask,YieldingYams,YUNSHEN JI,14669428
2026-07-10T03:06:32.783847,2026-07-10T03:06:32.794687+00:00,108.2,10,bid,YUNSHEN JI,WavyWalnuts,14669430
2026-07-10T03:06:32.855318,2026-07-10T03:06:32.858556+00:00,108.1,200,ask,YieldingYams,WavyWalnuts,14669432
2026-07-10T03:06:33.302969,2026-07-10T03:06:33.313376+00:00,108.2,4,bid,YUNSHEN JI,Xinhong Shan,14669439
2026-07-10T03:06:33.302969,2026-07-10T03:06:33.313376+00:00,108.2,6,bid,YUNSHEN JI,YieldingYams,14669440
2026-07-10T03:06:33.511557,2026-07-10T03:06:33.515712+00:00,108.1,4,ask,Xinhong Shan,Xuanyu Liu,14669453
2026-07-10T03:06:33.840358,2026-07-10T03:06:33.850991+00:00,108.0,30,ask,YieldingYams,YUNSHEN JI,14669459
2026-07-10T03:06:34.061665,2026-07-10T03:06:34.071117+00:00,108.2,200,bid,WavyWalnuts,YieldingYams,14669461
2026-07-10T03:06:34.472165,2026-07-10T03:06:34.476278+00:00,108.1,7,ask,YieldingYams,Xuanyu Liu,14669467
2026-07-10T03:06:34.504348,2026-07-10T03:06:34.512440+00:00,108.1,20,ask,YieldingYams,BrilliantBurritos,14669468
2026-07-10T03:06:38.391920,2026-07-10T03:06:38.401846+00:00,108.2,4,bid,YieldingYams,Xinhong Shan,14669536
2026-07-10T03:06:38.391920,2026-07-10T03:06:38.401846+00:00,108.2,200,bid,YieldingYams,WavyWalnuts,14669537
2026-07-10T03:06:38.408365,2026-07-10T03:06:38.412806+00:00,108.2,4,ask,YieldingYams,Xuanyu Liu,14669539
2026-07-10T03:06:40.122821,2026-07-10T03:06:40.131150+00:00,108.2,4,ask,Xinhong Shan,WavyWalnuts,14669568
2026-07-10T03:06:41.337460,2026-07-10T03:06:41.346831+00:00,108.1,4,ask,Xinhong Shan,WavyWalnuts,14669585
2026-07-10T03:06:41.337460,2026-07-10T03:06:41.346831+00:00,108.1,196,ask,YieldingYams,WavyWalnuts,14669586
2026-07-10T03:06:42.038497,2026-07-10T03:06:42.042851+00:00,108.1,7,ask,YieldingYams,Xuanyu Liu,14669603
2026-07-10T03:06:42.367010,2026-07-10T03:06:42.374759+00:00,108.2,4,bid,YieldingYams,Xinhong Shan,14669607
2026-07-10T03:06:42.367010,2026-07-10T03:06:42.390216+00:00,108.2,1,bid,YieldingYams,Kelvin Chan,14669608
2026-07-10T03:06:42.385945,2026-07-10T03:06:42.390216+00:00,108.3,23,ask,YieldingYams,Xuanyu Liu,14669610
2026-07-10T03:06:42.822703,2026-07-10T03:06:42.833951+00:00,108.3,13,ask,YieldingYams,YUNSHEN JI,14669625
2026-07-10T03:06:43.238644,2026-07-10T03:06:43.250333+00:00,108.3,20,ask,YieldingYams,BrilliantBurritos,14669632
2026-07-10T03:06:43.763999,2026-07-10T03:06:43.774130+00:00,108.3,4,ask,Xinhong Shan,WavyWalnuts,14669642
2026-07-10T03:06:46.201238,2026-07-10T03:06:46.205188+00:00,108.1,4,ask,Xinhong Shan,Xuanyu Liu,14669706
2026-07-10T03:06:46.211002,2026-07-10T03:06:46.214909+00:00,108.0,19,ask,YieldingYams,Xuanyu Liu,14669708
2026-07-10T03:06:46.522180,2026-07-10T03:06:46.528841+00:00,108.0,26,ask,WavyWalnuts,YUNSHEN JI,14669714
2026-07-10T03:06:46.533384,2026-07-10T03:06:46.544565+00:00,108.2,4,bid,YUNSHEN JI,Xinhong Shan,14669716
2026-07-10T03:06:46.533384,2026-07-10T03:06:46.544565+00:00,108.2,6,bid,YUNSHEN JI,YieldingYams,14669717
2026-07-10T03:06:48.325726,2026-07-10T03:06:48.337505+00:00,108.1,20,ask,WavyWalnuts,BrilliantBurritos,14669742
2026-07-10T03:06:51.078471,2026-07-10T03:06:51.085326+00:00,108.2,4,bid,WavyWalnuts,Xinhong Shan,14669784
2026-07-10T03:06:51.488136,2026-07-10T03:06:51.493891+00:00,108.3,4,bid,Xuanyu Liu,Kelvin Chan,14669788
2026-07-10T03:06:51.488136,2026-07-10T03:06:51.493891+00:00,108.3,7,bid,Xuanyu Liu,YieldingYams,14669789
2026-07-10T03:06:52.297665,2026-07-10T03:06:52.304223+00:00,108.3,200,bid,WavyWalnuts,AverageAlmonds,14669808
2026-07-10T03:06:54.275626,2026-07-10T03:06:54.296870+00:00,108.2,4,ask,Xinhong Shan,AverageAlmonds,14669841
2026-07-10T03:06:54.292522,2026-07-10T03:06:54.296870+00:00,108.2,12,bid,Xuanyu Liu,AverageAlmonds,14669843
2026-07-10T03:06:55.521353,2026-07-10T03:06:55.528431+00:00,108.2,200,bid,YieldingYams,WavyWalnuts,14669863
2026-07-10T03:06:55.521353,2026-07-10T03:06:55.533685+00:00,108.2,4,bid,YieldingYams,Xinhong Shan,14669864
2026-07-10T03:06:55.521353,2026-07-10T03:06:55.533685+00:00,108.2,421,bid,YieldingYams,AverageAlmonds,14669865
2026-07-10T03:06:56.684847,2026-07-10T03:06:56.691954+00:00,108.1,200,ask,WavyWalnuts,AverageAlmonds,14669891
2026-07-10T03:06:56.684847,2026-07-10T03:06:56.697143+00:00,108.1,4,ask,Xinhong Shan,AverageAlmonds,14669892
2026-07-10T03:06:57.147504,2026-07-10T03:06:57.158451+00:00,108.0,200,bid,WavyWalnuts,YieldingYams,14669905
2026-07-10T03:06:58.152724,2026-07-10T03:06:58.163971+00:00,108.0,4,bid,YieldingYams,Xinhong Shan,14669922
2026-07-10T03:06:58.152724,2026-07-10T03:06:58.163971+00:00,108.0,500,bid,YieldingYams,AverageAlmonds,14669923
2026-07-10T03:06:58.907593,2026-07-10T03:06:58.913751+00:00,108.0,12,ask,YieldingYams,Xuanyu Liu,14669938
2026-07-10T03:06:59.468117,2026-07-10T03:06:59.479282+00:00,108.0,200,ask,WavyWalnuts,YieldingYams,14669947
2026-07-10T03:06:59.468117,2026-07-10T03:06:59.479282+00:00,108.0,4,ask,Xinhong Shan,YieldingYams,14669948
2026-07-10T03:07:00.788521,2026-07-10T03:07:00.796404+00:00,108.0,4,bid,YieldingYams,Xinhong Shan,14669988
2026-07-10T03:07:00.796905,2026-07-10T03:07:00.806918+00:00,108.0,200,ask,YieldingYams,WavyWalnuts,14669989
2026-07-10T03:07:01.509521,2026-07-10T03:07:01.521311+00:00,108.0,20,ask,YieldingYams,BrilliantBurritos,14670004
2026-07-10T03:07:02.006121,2026-07-10T03:07:02.014547+00:00,108.0,200,ask,YieldingYams,WavyWalnuts,14670018
2026-07-10T03:07:03.415159,2026-07-10T03:07:03.439195+00:00,108.1,4,bid,YieldingYams,Xinhong Shan,14670044
2026-07-10T03:07:03.434208,2026-07-10T03:07:03.439195+00:00,108.1,4,ask,YieldingYams,Xuanyu Liu,14670048
2026-07-10T03:07:05.233503,2026-07-10T03:07:05.239311+00:00,108.1,4,ask,Xinhong Shan,Xuanyu Liu,14670100
2026-07-10T03:07:05.233503,2026-07-10T03:07:05.239311+00:00,108.1,3,ask,YieldingYams,Xuanyu Liu,14670101
2026-07-10T03:07:05.638810,2026-07-10T03:07:05.646148+00:00,108.1,200,ask,YieldingYams,WavyWalnuts,14670110
2026-07-10T03:07:06.847307,2026-07-10T03:07:06.858545+00:00,108.1,200,ask,YieldingYams,WavyWalnuts,14670135
2026-07-10T03:07:08.058260,2026-07-10T03:07:08.065469+00:00,108.1,4,ask,Xinhong Shan,WavyWalnuts,14670167
2026-07-10T03:07:08.696424,2026-07-10T03:07:08.707517+00:00,108.1,196,bid,YieldingYams,WavyWalnuts,14670179
2026-07-10T03:07:08.696424,2026-07-10T03:07:08.707517+00:00,108.1,4,bid,YieldingYams,Xinhong Shan,14670180
2026-07-10T03:07:08.696424,2026-07-10T03:07:08.707517+00:00,108.2,425,bid,YieldingYams,AverageAlmonds,14670181
2026-07-10T03:07:09.265494,2026-07-10T03:07:09.276830+00:00,108.2,200,bid,WavyWalnuts,AverageAlmonds,14670190
2026-07-10T03:07:10.490472,2026-07-10T03:07:10.494679+00:00,108.1,3,ask,WavyWalnuts,Xuanyu Liu,14670214
2026-07-10T03:07:11.575301,2026-07-10T03:07:11.579797+00:00,108.2,3,bid,Xuanyu Liu,Xinhong Shan,14670241
2026-07-10T03:07:11.690400,2026-07-10T03:07:11.699244+00:00,108.2,200,bid,WavyWalnuts,YieldingYams,14670245
2026-07-10T03:07:11.983271,2026-07-10T03:07:11.992389+00:00,108.2,10,bid,YUNSHEN JI,YieldingYams,14670253
2026-07-10T03:07:12.080875,2026-07-10T03:07:12.092737+00:00,108.2,20,bid,BrilliantBurritos,YieldingYams,14670254
2026-07-10T03:07:13.954594,2026-07-10T03:07:13.958534+00:00,108.2,500,bid,YieldingYams,AverageAlmonds,14670288
2026-07-10T03:07:13.954594,2026-07-10T03:07:13.958534+00:00,108.2,4,bid,YieldingYams,Xinhong Shan,14670289
2026-07-10T03:07:14.244369,2026-07-10T03:07:14.248405+00:00,108.2,121,ask,YieldingYams,AverageAlmonds,14670299
2026-07-10T03:07:14.244369,2026-07-10T03:07:14.248405+00:00,108.2,200,ask,WavyWalnuts,AverageAlmonds,14670300
2026-07-10T03:07:14.244369,2026-07-10T03:07:14.264007+00:00,108.1,4,ask,Xinhong Shan,AverageAlmonds,14670301
2026-07-10T03:07:15.221999,2026-07-10T03:07:15.234052+00:00,108.1,4,bid,BrilliantBurritos,Xinhong Shan,14670318
2026-07-10T03:07:15.221999,2026-07-10T03:07:15.234052+00:00,108.1,16,bid,BrilliantBurritos,AverageAlmonds,14670319
2026-07-10T03:07:16.529048,2026-07-10T03:07:16.551300+00:00,108.1,4,bid,WavyWalnuts,Xinhong Shan,14670343
2026-07-10T03:07:16.546813,2026-07-10T03:07:16.551300+00:00,108.1,3,ask,WavyWalnuts,Xuanyu Liu,14670345
2026-07-10T03:07:16.578308,2026-07-10T03:07:16.587603+00:00,108.1,193,ask,WavyWalnuts,YieldingYams,14670346
2026-07-10T03:07:19.643530,2026-07-10T03:07:19.658593+00:00,108.0,4,ask,Xinhong Shan,BrilliantBurritos,14670412
2026-07-10T03:07:19.643530,2026-07-10T03:07:19.658593+00:00,108.0,16,ask,WavyWalnuts,BrilliantBurritos,14670413
2026-07-10T03:07:23.186713,2026-07-10T03:07:23.198205+00:00,108.1,200,bid,YieldingYams,WavyWalnuts,14670475
2026-07-10T03:07:23.186713,2026-07-10T03:07:23.198205+00:00,108.1,4,bid,YieldingYams,Xinhong Shan,14670476
2026-07-10T03:07:24.093592,2026-07-10T03:07:24.101830+00:00,108.3,2,bid,BrilliantBurritos,Kelvin Chan,14670488
2026-07-10T03:07:24.093592,2026-07-10T03:07:24.106845+00:00,108.3,18,bid,BrilliantBurritos,YieldingYams,14670489
2026-07-10T03:07:24.499865,2026-07-10T03:07:24.508261+00:00,108.2,3,bid,YieldingYams,Kelvin Chan,14670491
2026-07-10T03:07:26.213490,2026-07-10T03:07:26.223963+00:00,108.3,2,bid,WavyWalnuts,Kelvin Chan,14670540
2026-07-10T03:07:26.213490,2026-07-10T03:07:26.223963+00:00,108.3,4,bid,WavyWalnuts,Xinhong Shan,14670541
2026-07-10T03:07:26.295438,2026-07-10T03:07:26.307159+00:00,108.3,5,ask,WavyWalnuts,Lachy Miller,14670544
2026-07-10T03:07:27.134249,2026-07-10T03:07:27.144330+00:00,108.3,189,ask,WavyWalnuts,YieldingYams,14670560
2026-07-10T03:07:27.134249,2026-07-10T03:07:27.144330+00:00,108.3,4,ask,Xinhong Shan,YieldingYams,14670561
2026-07-10T03:07:28.448293,2026-07-10T03:07:28.458621+00:00,108.2,200,ask,WavyWalnuts,YieldingYams,14670585
2026-07-10T03:07:28.448293,2026-07-10T03:07:28.458621+00:00,108.2,4,ask,Xinhong Shan,YieldingYams,14670586
2026-07-10T03:07:30.752043,2026-07-10T03:07:30.758413+00:00,108.0,20,ask,YieldingYams,BrilliantBurritos,14670620
2026-07-10T03:07:33.731185,2026-07-10T03:07:33.741896+00:00,108.0,4,ask,Xinhong Shan,YieldingYams,14670682
2026-07-10T03:07:33.731185,2026-07-10T03:07:33.741896+00:00,108.0,200,ask,WavyWalnuts,YieldingYams,14670683
2026-07-10T03:07:34.699215,2026-07-10T03:07:34.709838+00:00,108.0,200,bid,WavyWalnuts,YieldingYams,14670701
2026-07-10T03:07:35.049242,2026-07-10T03:07:35.053475+00:00,108.0,4,bid,YieldingYams,Xinhong Shan,14670711
2026-07-10T03:07:35.911091,2026-07-10T03:07:35.918308+00:00,108.0,200,ask,YieldingYams,WavyWalnuts,14670730
2026-07-10T03:07:36.971280,2026-07-10T03:07:36.983151+00:00,108.0,94,ask,YieldingYams,Lachy Miller,14670748
2026-07-10T03:07:37.122102,2026-07-10T03:07:37.133359+00:00,108.0,200,ask,YieldingYams,WavyWalnuts,14670752
2026-07-10T03:07:38.702708,2026-07-10T03:07:38.709312+00:00,108.1,20,bid,BrilliantBurritos,YieldingYams,14670773
2026-07-10T03:07:38.989465,2026-07-10T03:07:38.999460+00:00,108.0,200,ask,WavyWalnuts,YieldingYams,14670779
2026-07-10T03:07:38.989465,2026-07-10T03:07:38.999460+00:00,108.0,425,ask,AverageAlmonds,YieldingYams,14670780
2026-07-10T03:07:39.052856,2026-07-10T03:07:39.079265+00:00,108.1,4,bid,AverageAlmonds,Xinhong Shan,14670783
2026-07-10T03:07:39.075040,2026-07-10T03:07:39.079265+00:00,108.1,3,ask,AverageAlmonds,Xuanyu Liu,14670785
2026-07-10T03:07:39.113719,2026-07-10T03:07:39.125348+00:00,108.1,20,ask,AverageAlmonds,BrilliantBurritos,14670787
2026-07-10T03:07:39.137505,2026-07-10T03:07:39.144805+00:00,108.1,11,ask,AverageAlmonds,YUNSHEN JI,14670788
2026-07-10T03:07:39.187694,2026-07-10T03:07:39.199617+00:00,108.1,25,ask,AverageAlmonds,Lachy Miller,14670790
2026-07-10T03:07:39.540394,2026-07-10T03:07:39.547791+00:00,108.1,200,ask,AverageAlmonds,WavyWalnuts,14670796
2026-07-10T03:07:40.759084,2026-07-10T03:07:40.769086+00:00,108.2,200,ask,YieldingYams,WavyWalnuts,14670823
2026-07-10T03:07:41.972774,2026-07-10T03:07:41.979243+00:00,108.2,4,ask,Xinhong Shan,WavyWalnuts,14670852
2026-07-10T03:07:41.972774,2026-07-10T03:07:41.984468+00:00,108.1,196,ask,YieldingYams,WavyWalnuts,14670853
2026-07-10T03:07:44.026811,2026-07-10T03:07:44.038630+00:00,108.2,20,bid,BrilliantBurritos,YieldingYams,14670895
2026-07-10T03:07:44.249260,2026-07-10T03:07:44.258636+00:00,108.2,200,bid,YieldingYams,WavyWalnuts,14670899
2026-07-10T03:07:44.249260,2026-07-10T03:07:44.258636+00:00,108.2,4,bid,YieldingYams,Xinhong Shan,14670900
2026-07-10T03:07:45.567971,2026-07-10T03:07:45.577364+00:00,108.2,4,ask,Xinhong Shan,YieldingYams,14670927
2026-07-10T03:07:45.609339,2026-07-10T03:07:45.626081+00:00,108.2,200,bid,WavyWalnuts,YieldingYams,14670934
2026-07-10T03:07:46.364923,2026-07-10T03:07:46.369131+00:00,108.2,3,bid,Xuanyu Liu,YieldingYams,14670952
2026-07-10T03:07:46.878907,2026-07-10T03:07:46.887804+00:00,108.2,4,bid,YieldingYams,Xinhong Shan,14670963
2026-07-10T03:07:48.039578,2026-07-10T03:07:48.049357+00:00,108.2,200,ask,YieldingYams,WavyWalnuts,14670984
2026-07-10T03:07:48.193577,2026-07-10T03:07:48.202897+00:00,108.2,4,ask,Xinhong Shan,YieldingYams,14670988
2026-07-10T03:07:49.246200,2026-07-10T03:07:49.257237+00:00,108.2,200,bid,WavyWalnuts,YieldingYams,14671015
2026-07-10T03:07:50.458295,2026-07-10T03:07:50.467067+00:00,108.2,200,bid,WavyWalnuts,YieldingYams,14671039
2026-07-10T03:07:52.884012,2026-07-10T03:07:52.895095+00:00,108.1,4,ask,Xinhong Shan,WavyWalnuts,14671084
2026-07-10T03:07:53.204415,2026-07-10T03:07:53.211282+00:00,108.0,2,ask,Kelvin Chan,BrilliantBurritos,14671091
2026-07-10T03:07:53.204415,2026-07-10T03:07:53.216725+00:00,108.0,18,ask,YieldingYams,BrilliantBurritos,14671092
2026-07-10T03:07:57.370517,2026-07-10T03:07:57.381351+00:00,108.0,2,ask,Kelvin Chan,YieldingYams,14671178
2026-07-10T03:07:57.370517,2026-07-10T03:07:57.381351+00:00,108.0,4,ask,Xinhong Shan,YieldingYams,14671179
2026-07-10T03:07:57.370517,2026-07-10T03:07:57.381351+00:00,107.9,200,ask,WavyWalnuts,YieldingYams,14671180
2026-07-10T03:07:57.370517,2026-07-10T03:07:57.386622+00:00,107.9,419,ask,AverageAlmonds,YieldingYams,14671181
2026-07-10T03:07:58.681782,2026-07-10T03:07:58.701787+00:00,108.1,200,bid,YieldingYams,WavyWalnuts,14671211
2026-07-10T03:07:58.681782,2026-07-10T03:07:58.701787+00:00,108.1,4,bid,YieldingYams,Xinhong Shan,14671212
2026-07-10T03:07:58.697731,2026-07-10T03:07:58.701787+00:00,108.1,3,ask,YieldingYams,Xuanyu Liu,14671214
2026-07-10T03:07:58.942863,2026-07-10T03:07:58.952987+00:00,108.1,200,ask,YieldingYams,WavyWalnuts,14671218
2026-07-10T03:08:00.149800,2026-07-10T03:08:00.154414+00:00,108.2,200,bid,WavyWalnuts,YieldingYams,14671242
2026-07-10T03:08:01.207879,2026-07-10T03:08:01.220060+00:00,108.2,20,bid,BrilliantBurritos,YieldingYams,14671272
2026-07-10T03:08:01.311451,2026-07-10T03:08:01.323140+00:00,108.1,4,ask,Xinhong Shan,YieldingYams,14671274
2026-07-10T03:08:01.359372,2026-07-10T03:08:01.368805+00:00,108.1,200,bid,WavyWalnuts,YieldingYams,14671275
2026-07-10T03:08:02.233693,2026-07-10T03:08:02.238260+00:00,108.0,6,ask,Kelvin Chan,Xuanyu Liu,14671290
2026-07-10T03:08:02.246882,2026-07-10T03:08:02.251162+00:00,107.9,5,ask,YieldingYams,Xuanyu Liu,14671292
2026-07-10T03:08:02.516993,2026-07-10T03:08:02.528365+00:00,107.9,16,ask,YieldingYams,YUNSHEN JI,14671296
2026-07-10T03:08:02.572508,2026-07-10T03:08:02.582072+00:00,108.1,200,bid,WavyWalnuts,YieldingYams,14671301
2026-07-10T03:08:02.634996,2026-07-10T03:08:02.639077+00:00,108.0,12,ask,YieldingYams,Xuanyu Liu,14671305
2026-07-10T03:08:02.642949,2026-07-10T03:08:02.654698+00:00,108.0,25,ask,YieldingYams,Lachy Miller,14671306
2026-07-10T03:08:03.019835,2026-07-10T03:08:03.029466+00:00,108.1,4,bid,BrilliantBurritos,Xinhong Shan,14671325
2026-07-10T03:08:06.204496,2026-07-10T03:08:06.214090+00:00,108.0,4,ask,Xinhong Shan,WavyWalnuts,14671393
2026-07-10T03:08:06.552782,2026-07-10T03:08:06.555033+00:00,108.0,196,bid,YieldingYams,WavyWalnuts,14671401
2026-07-10T03:08:06.552782,2026-07-10T03:08:06.555033+00:00,108.0,4,bid,YieldingYams,Xinhong Shan,14671402
2026-07-10T03:08:06.569864,2026-07-10T03:08:06.574538+00:00,108.1,5,ask,YieldingYams,Xuanyu Liu,14671404
2026-07-10T03:08:07.417834,2026-07-10T03:08:07.427470+00:00,108.1,200,ask,YieldingYams,WavyWalnuts,14671420
2026-07-10T03:08:07.867879,2026-07-10T03:08:07.879533+00:00,108.1,4,ask,Xinhong Shan,YieldingYams,14671426
2026-07-10T03:08:07.867879,2026-07-10T03:08:07.879533+00:00,108.0,5,ask,YUNSHEN JI,YieldingYams,14671427
2026-07-10T03:08:08.515506,2026-07-10T03:08:08.527128+00:00,108.0,20,bid,BrilliantBurritos,YieldingYams,14671440
2026-07-10T03:08:08.626538,2026-07-10T03:08:08.635414+00:00,108.0,200,bid,WavyWalnuts,YieldingYams,14671441
2026-07-10T03:08:09.181001,2026-07-10T03:08:09.207160+00:00,107.9,12,ask,Kelvin Chan,YieldingYams,14671453
2026-07-10T03:08:09.181001,2026-07-10T03:08:09.207160+00:00,107.9,4,ask,Xinhong Shan,YieldingYams,14671454
2026-07-10T03:08:09.202931,2026-07-10T03:08:09.207160+00:00,107.9,5,bid,Xuanyu Liu,YieldingYams,14671457
2026-07-10T03:08:09.836535,2026-07-10T03:08:09.843627+00:00,107.9,200,bid,WavyWalnuts,YieldingYams,14671465
2026-07-10T03:08:11.804985,2026-07-10T03:08:11.828772+00:00,107.9,3,bid,YieldingYams,Xinhong Shan,14671498
2026-07-10T03:08:11.823635,2026-07-10T03:08:11.828772+00:00,107.9,11,ask,YieldingYams,Xuanyu Liu,14671500
2026-07-10T03:08:11.905406,2026-07-10T03:08:11.917350+00:00,107.9,25,ask,YieldingYams,Lachy Miller,14671502
2026-07-10T03:08:12.059929,2026-07-10T03:08:12.068988+00:00,107.9,9,ask,YieldingYams,YUNSHEN JI,14671506
2026-07-10T03:08:13.118696,2026-07-10T03:08:13.145869+00:00,108.0,500,bid,YieldingYams,AverageAlmonds,14671528
2026-07-10T03:08:13.141597,2026-07-10T03:08:13.145869+00:00,108.0,12,ask,YieldingYams,Xuanyu Liu,14671530
2026-07-10T03:08:13.321242,2026-07-10T03:08:13.329297+00:00,108.0,15,ask,YieldingYams,Lachy Miller,14671535
2026-07-10T03:08:13.568537,2026-07-10T03:08:13.575329+00:00,108.0,98,ask,YieldingYams,AverageAlmonds,14671539
2026-07-10T03:08:14.429704,2026-07-10T03:08:14.441801+00:00,107.9,4,ask,Xinhong Shan,YieldingYams,14671555
2026-07-10T03:08:14.429704,2026-07-10T03:08:14.441801+00:00,107.8,5,ask,YUNSHEN JI,YieldingYams,14671556
2026-07-10T03:08:14.429704,2026-07-10T03:08:14.441801+00:00,107.8,200,ask,WavyWalnuts,YieldingYams,14671557
2026-07-10T03:08:14.429704,2026-07-10T03:08:14.458636+00:00,107.8,5,ask,Kelvin Chan,YieldingYams,14671558
2026-07-10T03:08:14.453692,2026-07-10T03:08:14.458636+00:00,107.7,23,bid,Xuanyu Liu,YieldingYams,14671561
2026-07-10T03:08:14.684826,2026-07-10T03:08:14.694721+00:00,107.7,200,bid,WavyWalnuts,YieldingYams,14671566
2026-07-10T03:08:15.398280,2026-07-10T03:08:15.409224+00:00,107.7,20,bid,BrilliantBurritos,YieldingYams,14671581
2026-07-10T03:08:15.747555,2026-07-10T03:08:15.758615+00:00,107.7,3,bid,YieldingYams,Xinhong Shan,14671585
2026-07-10T03:08:15.763208,2026-07-10T03:08:15.779682+00:00,107.8,5,ask,Kelvin Chan,YUNSHEN JI,14671586
2026-07-10T03:08:15.775708,2026-07-10T03:08:15.779682+00:00,107.8,1,ask,Kelvin Chan,Xuanyu Liu,14671589
2026-07-10T03:08:15.842497,2026-07-10T03:08:15.846662+00:00,107.8,5,ask,Kelvin Chan,Xuanyu Liu,14671591
2026-07-10T03:08:15.901707,2026-07-10T03:08:15.911112+00:00,107.8,5,ask,Kelvin Chan,WavyWalnuts,14671592
2026-07-10T03:08:18.144968,2026-07-10T03:08:18.153936+00:00,107.8,20,bid,BrilliantBurritos,YieldingYams,14671642
2026-07-10T03:08:18.323998,2026-07-10T03:08:18.332778+00:00,107.7,4,ask,Xinhong Shan,WavyWalnuts,14671645
2026-07-10T03:08:18.366858,2026-07-10T03:08:18.375451+00:00,107.7,196,bid,YieldingYams,WavyWalnuts,14671649
2026-07-10T03:08:19.690089,2026-07-10T03:08:19.700383+00:00,107.7,3,ask,Xinhong Shan,YieldingYams,14671672
2026-07-10T03:08:20.746663,2026-07-10T03:08:20.752993+00:00,107.6,3,ask,Xinhong Shan,WavyWalnuts,14671682
2026-07-10T03:08:20.746663,2026-07-10T03:08:20.752993+00:00,107.6,8,ask,Kelvin Chan,WavyWalnuts,14671683
2026-07-10T03:08:21.000645,2026-07-10T03:08:21.010614+00:00,107.6,189,bid,YieldingYams,WavyWalnuts,14671688
2026-07-10T03:08:21.000645,2026-07-10T03:08:21.010614+00:00,107.6,3,bid,YieldingYams,Xinhong Shan,14671689
2026-07-10T03:08:21.209046,2026-07-10T03:08:21.213351+00:00,107.7,5,ask,Kelvin Chan,Xuanyu Liu,14671692
2026-07-10T03:08:22.299149,2026-07-10T03:08:22.310680+00:00,107.7,20,bid,BrilliantBurritos,WavyWalnuts,14671715
2026-07-10T03:08:22.314077,2026-07-10T03:08:22.321244+00:00,107.7,180,bid,YieldingYams,WavyWalnuts,14671717
2026-07-10T03:08:23.162914,2026-07-10T03:08:23.170756+00:00,107.7,200,ask,YieldingYams,WavyWalnuts,14671730
2026-07-10T03:08:23.625135,2026-07-10T03:08:23.635221+00:00,107.7,3,ask,Xinhong Shan,BrilliantBurritos,14671735
2026-07-10T03:08:24.431453,2026-07-10T03:08:24.438152+00:00,107.6,5,ask,Kelvin Chan,Xuanyu Liu,14671751
2026-07-10T03:08:24.431453,2026-07-10T03:08:24.438152+00:00,107.6,18,ask,YieldingYams,Xuanyu Liu,14671752
2026-07-10T03:08:24.552927,2026-07-10T03:08:24.564683+00:00,107.6,9,ask,YieldingYams,Lachy Miller,14671755
2026-07-10T03:08:24.715078,2026-07-10T03:08:24.724632+00:00,107.6,30,ask,YieldingYams,YUNSHEN JI,14671758
2026-07-10T03:08:25.581882,2026-07-10T03:08:25.591828+00:00,107.6,5,ask,Kelvin Chan,WavyWalnuts,14671776
2026-07-10T03:08:25.581882,2026-07-10T03:08:25.591828+00:00,107.6,195,ask,YieldingYams,WavyWalnuts,14671777
2026-07-10T03:08:26.312867,2026-07-10T03:08:26.323346+00:00,107.6,3,ask,Xinhong Shan,YUNSHEN JI,14671784
2026-07-10T03:08:26.312867,2026-07-10T03:08:26.323346+00:00,107.6,27,ask,YieldingYams,YUNSHEN JI,14671785
2026-07-10T03:08:26.796239,2026-07-10T03:08:26.805981+00:00,107.6,200,ask,YieldingYams,WavyWalnuts,14671802
2026-07-10T03:08:26.840811,2026-07-10T03:08:26.851013+00:00,107.7,3,bid,YUNSHEN JI,Xinhong Shan,14671804
2026-07-10T03:08:27.363015,2026-07-10T03:08:27.372033+00:00,107.7,3,ask,Xinhong Shan,YUNSHEN JI,14671815
2026-07-10T03:08:28.005862,2026-07-10T03:08:28.012707+00:00,107.7,5,ask,YUNSHEN JI,WavyWalnuts,14671831
2026-07-10T03:08:28.392772,2026-07-10T03:08:28.399697+00:00,107.6,9,ask,YieldingYams,YUNSHEN JI,14671840
2026-07-10T03:08:28.878392,2026-07-10T03:08:28.889837+00:00,107.7,195,bid,YieldingYams,WavyWalnuts,14671853
2026-07-10T03:08:28.878392,2026-07-10T03:08:28.889837+00:00,107.7,3,bid,YieldingYams,Xinhong Shan,14671854
2026-07-10T03:08:29.437133,2026-07-10T03:08:29.448883+00:00,107.9,5,bid,YUNSHEN JI,Kelvin Chan,14671866
2026-07-10T03:08:29.954486,2026-07-10T03:08:29.952342+00:00,107.9,2,bid,YUNSHEN JI,Kelvin Chan,14671882
2026-07-10T03:08:29.954486,2026-07-10T03:08:29.952342+00:00,107.9,3,bid,YUNSHEN JI,YieldingYams,14671883
2026-07-10T03:08:30.203932,2026-07-10T03:08:30.211871+00:00,107.8,3,ask,Xinhong Shan,YieldingYams,14671892
2026-07-10T03:08:30.751110,2026-07-10T03:08:30.755645+00:00,107.8,11,bid,Xuanyu Liu,YieldingYams,14671899
2026-07-10T03:08:30.790717,2026-07-10T03:08:30.799589+00:00,107.7,5,ask,YUNSHEN JI,BrilliantBurritos,14671902
2026-07-10T03:08:32.852584,2026-07-10T03:08:32.858580+00:00,107.8,3,bid,YieldingYams,Xinhong Shan,14671938
2026-07-10T03:08:34.178757,2026-07-10T03:08:34.185418+00:00,107.9,1,bid,YieldingYams,Kelvin Chan,14671972
2026-07-10T03:08:34.178757,2026-07-10T03:08:34.190429+00:00,107.9,3,bid,YieldingYams,Xinhong Shan,14671973
2026-07-10T03:08:34.178757,2026-07-10T03:08:34.190429+00:00,107.9,200,bid,YieldingYams,WavyWalnuts,14671974
2026-07-10T03:08:34.212963,2026-07-10T03:08:34.217678+00:00,108.0,5,ask,YieldingYams,Xuanyu Liu,14671976
2026-07-10T03:08:35.274269,2026-07-10T03:08:35.285621+00:00,108.0,200,ask,YieldingYams,WavyWalnuts,14671992
2026-07-10T03:08:35.498533,2026-07-10T03:08:35.507591+00:00,108.0,5,ask,YUNSHEN JI,YieldingYams,14671998
2026-07-10T03:08:35.498533,2026-07-10T03:08:35.507591+00:00,108.0,3,ask,Xinhong Shan,YieldingYams,14671999
2026-07-10T03:08:36.273622,2026-07-10T03:08:36.280697+00:00,107.8,20,ask,WavyWalnuts,YUNSHEN JI,14672011
2026-07-10T03:08:36.480707,2026-07-10T03:08:36.490014+00:00,107.9,200,bid,WavyWalnuts,YieldingYams,14672016
2026-07-10T03:08:36.694426,2026-07-10T03:08:36.706038+00:00,107.9,20,bid,BrilliantBurritos,YieldingYams,14672018
2026-07-10T03:08:36.800619,2026-07-10T03:08:36.807645+00:00,107.9,5,bid,YUNSHEN JI,YieldingYams,14672023
2026-07-10T03:08:36.812084,2026-07-10T03:08:36.823058+00:00,107.9,2,bid,YieldingYams,Kelvin Chan,14672024
2026-07-10T03:08:36.812084,2026-07-10T03:08:36.823058+00:00,107.9,3,bid,YieldingYams,Xinhong Shan,14672025
2026-07-10T03:08:37.142935,2026-07-10T03:08:37.146851+00:00,108.0,2,bid,Xuanyu Liu,Kelvin Chan,14672038
2026-07-10T03:08:37.152489,2026-07-10T03:08:37.156271+00:00,108.1,26,bid,Xuanyu Liu,WavyWalnuts,14672040
2026-07-10T03:08:37.215672,2026-07-10T03:08:37.219742+00:00,108.0,12,bid,Xuanyu Liu,AverageAlmonds,14672045
2026-07-10T03:08:37.320303,2026-07-10T03:08:37.327932+00:00,108.0,10,bid,YUNSHEN JI,AverageAlmonds,14672049
2026-07-10T03:08:37.692253,2026-07-10T03:08:37.703602+00:00,107.9,200,ask,YieldingYams,WavyWalnuts,14672059
2026-07-10T03:08:43.559402,2026-07-10T03:08:43.569423+00:00,108.0,1,bid,BrilliantBurritos,Kelvin Chan,14672192
2026-07-10T03:08:43.559402,2026-07-10T03:08:43.569423+00:00,108.0,19,bid,BrilliantBurritos,WavyWalnuts,14672193
2026-07-10T03:08:43.741789,2026-07-10T03:08:43.753132+00:00,107.9,3,ask,Xinhong Shan,WavyWalnuts,14672197
2026-07-10T03:08:43.741789,2026-07-10T03:08:43.753132+00:00,107.9,5,ask,YUNSHEN JI,WavyWalnuts,14672198
2026-07-10T03:08:43.764927,2026-07-10T03:08:43.769306+00:00,107.9,11,bid,Xuanyu Liu,WavyWalnuts,14672200
2026-07-10T03:08:44.709925,2026-07-10T03:08:44.720607+00:00,107.9,181,bid,YieldingYams,WavyWalnuts,14672219
2026-07-10T03:08:44.709925,2026-07-10T03:08:44.720607+00:00,107.9,3,bid,YieldingYams,Xinhong Shan,14672220
2026-07-10T03:08:45.059585,2026-07-10T03:08:45.069485+00:00,107.9,441,ask,YieldingYams,AverageAlmonds,14672228
2026-07-10T03:08:45.059585,2026-07-10T03:08:45.069485+00:00,107.9,5,ask,YUNSHEN JI,AverageAlmonds,14672229
2026-07-10T03:08:46.025703,2026-07-10T03:08:46.036000+00:00,107.8,200,ask,WavyWalnuts,YieldingYams,14672254
2026-07-10T03:08:46.025703,2026-07-10T03:08:46.036000+00:00,107.8,3,ask,Xinhong Shan,YieldingYams,14672255
2026-07-10T03:08:46.025703,2026-07-10T03:08:46.036000+00:00,107.8,5,ask,YUNSHEN JI,YieldingYams,14672256
2026-07-10T03:08:46.025703,2026-07-10T03:08:46.041037+00:00,107.6,6,ask,Kelvin Chan,YieldingYams,14672257
2026-07-10T03:08:46.049581,2026-07-10T03:08:46.055044+00:00,107.6,3,bid,Xuanyu Liu,YieldingYams,14672259
2026-07-10T03:08:46.158287,2026-07-10T03:08:46.167650+00:00,107.6,200,bid,WavyWalnuts,YieldingYams,14672260
2026-07-10T03:08:46.203404,2026-07-10T03:08:46.215245+00:00,107.6,90,bid,Lachy Miller,YieldingYams,14672261
2026-07-10T03:08:46.875636,2026-07-10T03:08:46.879483+00:00,107.5,3,ask,Kelvin Chan,Xuanyu Liu,14672285
2026-07-10T03:08:47.345010,2026-07-10T03:08:47.352993+00:00,107.6,3,bid,YieldingYams,Xinhong Shan,14672295
2026-07-10T03:08:47.366985,2026-07-10T03:08:47.371704+00:00,107.7,23,ask,YieldingYams,Xuanyu Liu,14672297
2026-07-10T03:08:47.373152,2026-07-10T03:08:47.387249+00:00,107.7,200,ask,YieldingYams,WavyWalnuts,14672298
2026-07-10T03:08:47.419449,2026-07-10T03:08:47.430499+00:00,107.7,20,ask,YieldingYams,Lachy Miller,14672302
2026-07-10T03:08:47.491320,2026-07-10T03:08:47.496149+00:00,107.7,5,ask,YieldingYams,Xuanyu Liu,14672306
2026-07-10T03:08:47.961514,2026-07-10T03:08:47.973087+00:00,107.8,20,bid,BrilliantBurritos,AverageAlmonds,14672315
2026-07-10T03:08:48.585555,2026-07-10T03:08:48.596164+00:00,107.7,200,ask,YieldingYams,WavyWalnuts,14672327
2026-07-10T03:08:48.661799,2026-07-10T03:08:48.670118+00:00,107.7,3,ask,Xinhong Shan,YieldingYams,14672329
2026-07-10T03:08:48.661799,2026-07-10T03:08:48.670118+00:00,107.7,5,ask,YUNSHEN JI,YieldingYams,14672330
2026-07-10T03:08:48.725844,2026-07-10T03:08:48.729709+00:00,107.6,17,bid,Xuanyu Liu,YieldingYams,14672337
2026-07-10T03:08:49.745497,2026-07-10T03:08:49.749563+00:00,107.6,11,bid,Xuanyu Liu,YieldingYams,14672352
2026-07-10T03:08:49.794052,2026-07-10T03:08:49.803581+00:00,107.6,200,bid,WavyWalnuts,YieldingYams,14672353
2026-07-10T03:08:50.522902,2026-07-10T03:08:50.532210+00:00,107.5,3,ask,Kelvin Chan,BrilliantBurritos,14672363
2026-07-10T03:08:50.522902,2026-07-10T03:08:50.532210+00:00,107.5,3,ask,Xinhong Shan,BrilliantBurritos,14672364
2026-07-10T03:08:50.522902,2026-07-10T03:08:50.537169+00:00,107.5,14,ask,YieldingYams,BrilliantBurritos,14672365
2026-07-10T03:08:51.016727,2026-07-10T03:08:51.023393+00:00,107.6,3,bid,WavyWalnuts,Xinhong Shan,14672377
2026-07-10T03:08:51.016727,2026-07-10T03:08:51.028593+00:00,107.7,197,bid,WavyWalnuts,YieldingYams,14672378
2026-07-10T03:08:55.231261,2026-07-10T03:08:55.239980+00:00,107.5,1,ask,Kelvin Chan,YieldingYams,14672446
2026-07-10T03:08:55.231261,2026-07-10T03:08:55.239980+00:00,107.5,200,ask,WavyWalnuts,YieldingYams,14672447
2026-07-10T03:08:55.231261,2026-07-10T03:08:55.255501+00:00,107.5,5,ask,YUNSHEN JI,YieldingYams,14672448
2026-07-10T03:08:55.231261,2026-07-10T03:08:55.255501+00:00,107.5,3,ask,Xinhong Shan,YieldingYams,14672449
2026-07-10T03:08:55.251377,2026-07-10T03:08:55.255501+00:00,107.4,3,bid,Xuanyu Liu,YieldingYams,14672451
2026-07-10T03:08:55.877528,2026-07-10T03:08:55.885149+00:00,107.4,200,bid,WavyWalnuts,YieldingYams,14672470
2026-07-10T03:08:56.440530,2026-07-10T03:08:56.449538+00:00,107.4,20,bid,BrilliantBurritos,YieldingYams,14672482
2026-07-10T03:08:58.295012,2026-07-10T03:08:58.301645+00:00,107.4,3,bid,WavyWalnuts,Xinhong Shan,14672520
2026-07-10T03:08:58.295012,2026-07-10T03:08:58.307113+00:00,107.5,197,bid,WavyWalnuts,YieldingYams,14672521
2026-07-10T03:08:59.213733,2026-07-10T03:08:59.236840+00:00,107.5,3,bid,YieldingYams,Xinhong Shan,14672547
2026-07-10T03:08:59.232389,2026-07-10T03:08:59.236840+00:00,107.5,3,ask,YieldingYams,Xuanyu Liu,14672549
2026-07-10T03:08:59.440660,2026-07-10T03:08:59.452659+00:00,107.7,20,bid,BrilliantBurritos,WavyWalnuts,14672553
2026-07-10T03:09:06.880776,2026-07-10T03:09:06.889610+00:00,107.6,3,bid,WavyWalnuts,Xinhong Shan,14672654
2026-07-10T03:09:09.731274,2026-07-10T03:09:09.740785+00:00,107.6,3,ask,Xinhong Shan,YieldingYams,14672713
2026-07-10T03:09:09.731274,2026-07-10T03:09:09.740785+00:00,107.6,5,ask,YUNSHEN JI,YieldingYams,14672714
2026-07-10T03:09:09.751659,2026-07-10T03:09:09.756242+00:00,107.6,3,bid,Xuanyu Liu,YieldingYams,14672717
2026-07-10T03:09:11.042974,2026-07-10T03:09:11.052866+00:00,107.5,3,ask,Xinhong Shan,YieldingYams,14672745
2026-07-10T03:09:11.042974,2026-07-10T03:09:11.052866+00:00,107.5,500,ask,AverageAlmonds,YieldingYams,14672746
2026-07-10T03:09:11.174936,2026-07-10T03:09:11.186675+00:00,107.5,20,bid,BrilliantBurritos,YieldingYams,14672753
2026-07-10T03:09:11.675878,2026-07-10T03:09:11.683747+00:00,107.5,102,bid,AverageAlmonds,YieldingYams,14672761
2026-07-10T03:09:11.675878,2026-07-10T03:09:11.688952+00:00,107.5,3,bid,AverageAlmonds,Xinhong Shan,14672762
2026-07-10T03:09:11.723927,2026-07-10T03:09:11.734642+00:00,107.5,200,ask,AverageAlmonds,WavyWalnuts,14672765
2026-07-10T03:09:12.938785,2026-07-10T03:09:12.948417+00:00,107.7,200,ask,YieldingYams,WavyWalnuts,14672783
2026-07-10T03:09:14.080309,2026-07-10T03:09:14.090645+00:00,107.8,1,bid,Lachy Miller,Kelvin Chan,14672813
2026-07-10T03:09:14.080309,2026-07-10T03:09:14.090645+00:00,107.8,3,bid,Lachy Miller,Xinhong Shan,14672814
2026-07-10T03:09:14.080309,2026-07-10T03:09:14.090645+00:00,107.8,25,bid,Lachy Miller,YieldingYams,14672815
2026-07-10T03:09:14.149309,2026-07-10T03:09:14.178676+00:00,107.7,3,ask,Xinhong Shan,WavyWalnuts,14672818
2026-07-10T03:09:14.174089,2026-07-10T03:09:14.178676+00:00,107.7,3,bid,Xuanyu Liu,WavyWalnuts,14672820
2026-07-10T03:09:14.994495,2026-07-10T03:09:15.001634+00:00,107.7,194,bid,YieldingYams,WavyWalnuts,14672838
2026-07-10T03:09:14.994495,2026-07-10T03:09:15.006781+00:00,107.7,3,bid,YieldingYams,Xinhong Shan,14672839
2026-07-10T03:09:17.617626,2026-07-10T03:09:17.624778+00:00,107.8,1,bid,YieldingYams,Kelvin Chan,14672897
2026-07-10T03:09:17.617626,2026-07-10T03:09:17.630236+00:00,107.8,3,bid,YieldingYams,Xinhong Shan,14672898
2026-07-10T03:09:17.617626,2026-07-10T03:09:17.630236+00:00,107.9,200,bid,YieldingYams,WavyWalnuts,14672899
2026-07-10T03:09:18.739553,2026-07-10T03:09:18.747413+00:00,108.1,10,bid,YUNSHEN JI,YieldingYams,14672924
2026-07-10T03:09:18.969707,2026-07-10T03:09:18.981429+00:00,108.0,200,ask,WavyWalnuts,YieldingYams,14672927
2026-07-10T03:09:18.969707,2026-07-10T03:09:18.981429+00:00,108.0,4,ask,Xinhong Shan,YieldingYams,14672928
2026-07-10T03:09:18.969707,2026-07-10T03:09:18.981429+00:00,107.9,5,ask,YUNSHEN JI,YieldingYams,14672929
2026-07-10T03:09:19.012383,2026-07-10T03:09:19.017372+00:00,107.9,11,bid,Xuanyu Liu,YieldingYams,14672933
2026-07-10T03:09:20.228531,2026-07-10T03:09:20.235223+00:00,107.9,200,bid,WavyWalnuts,YieldingYams,14672957
