timestamp,recv_time,price,volume,aggressor_side,buyer,seller,trade_id
2026-07-13T15:00:00.185969,2026-07-13T15:00:00.026418+00:00,82.0,4,ask,YieldingYams,Jackson Wang,1258509
2026-07-13T15:00:01.414090,2026-07-13T15:00:01.384363+00:00,82.1,5,bid,Zhangyue Shen,Kelvin Chan,1258531
2026-07-13T15:00:01.414090,2026-07-13T15:00:01.384363+00:00,82.1,7,bid,Zhangyue Shen,YieldingYams,1258532
2026-07-13T15:00:01.715231,2026-07-13T15:00:01.717138+00:00,82.1,20,bid,BrilliantBurritos,YieldingYams,1258536
2026-07-13T15:00:02.777864,2026-07-13T15:00:02.787447+00:00,82.0,17,ask,Sze-Yong Ng,BrilliantBurritos,1258560
2026-07-13T15:00:02.777864,2026-07-13T15:00:02.787447+00:00,82.0,3,ask,Jackson Wang,BrilliantBurritos,1258561
2026-07-13T15:00:02.917391,2026-07-13T15:00:02.927813+00:00,82.0,9,ask,Jackson Wang,Andy Garg,1258570
2026-07-13T15:00:02.917391,2026-07-13T15:00:02.927813+00:00,82.0,13,ask,WavyWalnuts,Andy Garg,1258571
2026-07-13T15:00:02.925434,2026-07-13T15:00:02.933042+00:00,82.0,12,ask,WavyWalnuts,Zhangyue Shen,1258572
2026-07-13T15:00:04.206734,2026-07-13T15:00:04.217403+00:00,82.1,6,bid,WavyWalnuts,Kelvin Chan,1258588
2026-07-13T15:00:04.580926,2026-07-13T15:00:04.590315+00:00,82.1,3,ask,WavyWalnuts,Jackson Wang,1258595
2026-07-13T15:00:04.965492,2026-07-13T15:00:04.975731+00:00,82.1,191,ask,WavyWalnuts,YieldingYams,1258608
2026-07-13T15:00:04.965492,2026-07-13T15:00:04.975731+00:00,82.1,12,ask,Jackson Wang,YieldingYams,1258609
2026-07-13T15:00:04.986307,2026-07-13T15:00:04.998129+00:00,82.0,23,ask,Andy Garg,Jackson Wang,1258610
2026-07-13T15:00:06.673579,2026-07-13T15:00:06.683430+00:00,82.0,14,bid,Andre Chan,WavyWalnuts,1258632
2026-07-13T15:00:06.888757,2026-07-13T15:00:06.896161+00:00,81.9,14,ask,YieldingYams,Andre Chan,1258635
2026-07-13T15:00:07.093864,2026-07-13T15:00:07.163695+00:00,82.0,14,bid,Andre Chan,WavyWalnuts,1258641
2026-07-13T15:00:07.106351,2026-07-13T15:00:07.163695+00:00,81.9,14,ask,YieldingYams,Andre Chan,1258643
2026-07-13T15:00:07.312671,2026-07-13T15:00:07.322066+00:00,82.0,14,bid,Andre Chan,WavyWalnuts,1258648
2026-07-13T15:00:07.324549,2026-07-13T15:00:07.332985+00:00,81.9,14,ask,YieldingYams,Andre Chan,1258650
2026-07-13T15:00:07.529167,2026-07-13T15:00:07.540629+00:00,82.0,14,bid,Andre Chan,WavyWalnuts,1258653
2026-07-13T15:00:07.546146,2026-07-13T15:00:07.558624+00:00,81.9,14,ask,YieldingYams,Andre Chan,1258655
2026-07-13T15:00:07.706824,2026-07-13T15:00:07.716517+00:00,81.9,23,ask,YieldingYams,Andy Garg,1258665
2026-07-13T15:00:07.709542,2026-07-13T15:00:07.716517+00:00,81.9,12,ask,YieldingYams,Zhangyue Shen,1258666
2026-07-13T15:00:07.756500,2026-07-13T15:00:07.774083+00:00,82.0,14,bid,Andre Chan,WavyWalnuts,1258667
2026-07-13T15:00:07.773130,2026-07-13T15:00:07.784922+00:00,81.9,25,ask,YieldingYams,Alice Feng,1258668
2026-07-13T15:00:07.789245,2026-07-13T15:00:07.800451+00:00,81.9,14,ask,YieldingYams,Andre Chan,1258671
2026-07-13T15:00:07.792790,2026-07-13T15:00:07.800451+00:00,82.0,2,bid,Alice Feng,WavyWalnuts,1258672
2026-07-13T15:00:07.796107,2026-07-13T15:00:07.805953+00:00,81.9,6,ask,YieldingYams,Jackson Wang,1258673
2026-07-13T15:00:07.843140,2026-07-13T15:00:07.851554+00:00,82.0,45,bid,WavyWalnuts,Andy Garg,1258674
2026-07-13T15:00:07.843140,2026-07-13T15:00:07.858599+00:00,82.0,26,bid,WavyWalnuts,Sze-Yong Ng,1258675
2026-07-13T15:00:07.998473,2026-07-13T15:00:08.005948+00:00,82.0,25,ask,WavyWalnuts,Alice Feng,1258678
2026-07-13T15:00:08.214451,2026-07-13T15:00:08.231603+00:00,82.1,2,bid,Alice Feng,YieldingYams,1258684
2026-07-13T15:00:08.583634,2026-07-13T15:00:08.592550+00:00,82.0,12,ask,WavyWalnuts,Jackson Wang,1258694
2026-07-13T15:00:08.636393,2026-07-13T15:00:08.646122+00:00,82.0,20,ask,WavyWalnuts,BrilliantBurritos,1258696
2026-07-13T15:00:09.243748,2026-07-13T15:00:09.252552+00:00,82.0,2,bid,Alice Feng,WavyWalnuts,1258709
2026-07-13T15:00:09.448284,2026-07-13T15:00:09.458581+00:00,82.0,2,bid,Alice Feng,WavyWalnuts,1258717
2026-07-13T15:00:09.653250,2026-07-13T15:00:09.665140+00:00,82.0,2,bid,Alice Feng,WavyWalnuts,1258724
2026-07-13T15:00:09.860763,2026-07-13T15:00:09.867855+00:00,82.0,2,bid,Alice Feng,WavyWalnuts,1258730
2026-07-13T15:00:10.065678,2026-07-13T15:00:10.077563+00:00,82.0,2,bid,Alice Feng,WavyWalnuts,1258742
2026-07-13T15:00:10.205774,2026-07-13T15:00:10.216282+00:00,82.0,190,bid,YieldingYams,WavyWalnuts,1258746
2026-07-13T15:00:10.592313,2026-07-13T15:00:10.601694+00:00,82.0,12,ask,YieldingYams,Jackson Wang,1258756
2026-07-13T15:00:11.515838,2026-07-13T15:00:11.526661+00:00,82.0,12,ask,Jackson Wang,YieldingYams,1258765
2026-07-13T15:00:11.515838,2026-07-13T15:00:11.526661+00:00,82.0,50,ask,Andy Garg,YieldingYams,1258766
2026-07-13T15:00:11.515838,2026-07-13T15:00:11.526661+00:00,81.9,500,ask,AverageAlmonds,YieldingYams,1258767
2026-07-13T15:00:11.515838,2026-07-13T15:00:11.531905+00:00,81.9,63,ask,WavyWalnuts,YieldingYams,1258768
2026-07-13T15:00:13.491771,2026-07-13T15:00:13.502516+00:00,82.1,12,bid,Zhangyue Shen,YieldingYams,1258810
2026-07-13T15:00:13.889904,2026-07-13T15:00:13.898458+00:00,82.0,200,ask,YieldingYams,WavyWalnuts,1258816
2026-07-13T15:00:14.084328,2026-07-13T15:00:14.096266+00:00,82.0,25,ask,YieldingYams,Alice Feng,1258826
2026-07-13T15:00:14.136358,2026-07-13T15:00:14.146432+00:00,82.0,12,ask,Jackson Wang,YieldingYams,1258829
2026-07-13T15:00:14.136358,2026-07-13T15:00:14.146432+00:00,81.9,500,ask,AverageAlmonds,YieldingYams,1258830
2026-07-13T15:00:14.136358,2026-07-13T15:00:14.146432+00:00,81.8,2,ask,Kelvin Chan,YieldingYams,1258831
2026-07-13T15:00:14.136358,2026-07-13T15:00:14.146432+00:00,81.8,111,ask,WavyWalnuts,YieldingYams,1258832
2026-07-13T15:00:14.188169,2026-07-13T15:00:14.198225+00:00,81.8,12,ask,WavyWalnuts,Jackson Wang,1258833
2026-07-13T15:00:14.436622,2026-07-13T15:00:14.447717+00:00,82.1,13,bid,Andy Garg,Sze-Yong Ng,1258835
2026-07-13T15:00:14.795913,2026-07-13T15:00:14.805340+00:00,81.9,2,ask,Kelvin Chan,Dinh Nguyen,1258848
2026-07-13T15:00:15.875491,2026-07-13T15:00:15.887522+00:00,81.9,10,ask,Kelvin Chan,BrilliantBurritos,1258869
2026-07-13T15:00:15.875491,2026-07-13T15:00:15.887522+00:00,81.9,10,ask,WavyWalnuts,BrilliantBurritos,1258870
2026-07-13T15:00:16.023908,2026-07-13T15:00:16.035879+00:00,81.9,2,ask,WavyWalnuts,Dinh Nguyen,1258876
2026-07-13T15:00:16.309639,2026-07-13T15:00:16.316517+00:00,82.0,200,bid,WavyWalnuts,YieldingYams,1258884
2026-07-13T15:00:16.500200,2026-07-13T15:00:16.506520+00:00,82.0,25,bid,Andy Garg,YieldingYams,1258890
2026-07-13T15:00:16.508776,2026-07-13T15:00:16.517014+00:00,82.0,12,bid,Zhangyue Shen,YieldingYams,1258891
2026-07-13T15:00:16.993250,2026-07-13T15:00:17.002578+00:00,82.0,12,ask,AverageAlmonds,Jackson Wang,1258897
2026-07-13T15:00:17.027637,2026-07-13T15:00:17.039821+00:00,82.1,12,bid,Zhangyue Shen,WavyWalnuts,1258898
2026-07-13T15:00:17.256869,2026-07-13T15:00:17.258571+00:00,82.0,2,ask,AverageAlmonds,Dinh Nguyen,1258903
2026-07-13T15:00:17.521969,2026-07-13T15:00:17.529815+00:00,82.0,24,ask,Jackson Wang,WavyWalnuts,1258911
2026-07-13T15:00:17.521969,2026-07-13T15:00:17.535094+00:00,82.0,176,ask,AverageAlmonds,WavyWalnuts,1258912
2026-07-13T15:00:18.196519,2026-07-13T15:00:18.204282+00:00,82.1,12,ask,YieldingYams,Jackson Wang,1258931
2026-07-13T15:00:18.484893,2026-07-13T15:00:18.496299+00:00,82.1,2,ask,YieldingYams,Dinh Nguyen,1258934
2026-07-13T15:00:18.734280,2026-07-13T15:00:18.742890+00:00,82.1,200,ask,YieldingYams,WavyWalnuts,1258940
2026-07-13T15:00:19.665376,2026-07-13T15:00:19.676112+00:00,82.2,2,bid,BrilliantBurritos,Kelvin Chan,1258963
2026-07-13T15:00:19.740887,2026-07-13T15:00:19.750117+00:00,82.1,2,ask,Jackson Wang,Dinh Nguyen,1258964
2026-07-13T15:00:20.489319,2026-07-13T15:00:20.500526+00:00,82.2,10,bid,Jackson Wang,WavyWalnuts,1258985
2026-07-13T15:00:20.505013,2026-07-13T15:00:20.516182+00:00,82.1,27,ask,YieldingYams,Andy Garg,1258988
2026-07-13T15:00:20.958880,2026-07-13T15:00:20.970240+00:00,82.1,2,ask,YieldingYams,Dinh Nguyen,1258997
2026-07-13T15:00:22.012204,2026-07-13T15:00:22.019508+00:00,82.1,12,ask,Jackson Wang,YieldingYams,1259019
2026-07-13T15:00:22.012204,2026-07-13T15:00:22.030316+00:00,82.0,50,ask,Andy Garg,YieldingYams,1259020
2026-07-13T15:00:22.012204,2026-07-13T15:00:22.030316+00:00,82.0,200,ask,WavyWalnuts,YieldingYams,1259021
2026-07-13T15:00:22.012204,2026-07-13T15:00:22.030316+00:00,82.0,10,ask,Scott Bagby,YieldingYams,1259022
2026-07-13T15:00:22.065916,2026-07-13T15:00:22.073018+00:00,82.0,20,bid,Peter Chen,YieldingYams,1259026
2026-07-13T15:00:22.174401,2026-07-13T15:00:22.186149+00:00,82.0,21,bid,Andre Chan,YieldingYams,1259029
2026-07-13T15:00:22.179354,2026-07-13T15:00:22.186149+00:00,81.9,2,ask,Kelvin Chan,Dinh Nguyen,1259030
2026-07-13T15:00:22.293649,2026-07-13T15:00:22.301149+00:00,82.0,312,bid,AverageAlmonds,YieldingYams,1259031
2026-07-13T15:00:22.600470,2026-07-13T15:00:22.611378+00:00,82.0,18,ask,AverageAlmonds,Andre Chan,1259039
2026-07-13T15:00:22.664165,2026-07-13T15:00:22.674464+00:00,82.1,18,bid,Andy Garg,WavyWalnuts,1259040
2026-07-13T15:00:22.805831,2026-07-13T15:00:22.817429+00:00,82.1,3,bid,Andre Chan,WavyWalnuts,1259043
2026-07-13T15:00:23.302723,2026-07-13T15:00:23.314418+00:00,82.1,20,bid,BrilliantBurritos,WavyWalnuts,1259051
2026-07-13T15:00:23.323079,2026-07-13T15:00:23.329949+00:00,82.1,159,bid,YieldingYams,WavyWalnuts,1259055
2026-07-13T15:00:23.403876,2026-07-13T15:00:23.415655+00:00,82.1,2,ask,YieldingYams,Dinh Nguyen,1259056
2026-07-13T15:00:23.445389,2026-07-13T15:00:23.464078+00:00,82.1,12,ask,YieldingYams,Zhangyue Shen,1259061
2026-07-13T15:00:23.562932,2026-07-13T15:00:23.573612+00:00,82.2,2,bid,WavyWalnuts,Kelvin Chan,1259064
2026-07-13T15:00:23.562932,2026-07-13T15:00:23.573612+00:00,82.3,198,bid,WavyWalnuts,YieldingYams,1259065
2026-07-13T15:00:23.645059,2026-07-13T15:00:23.664269+00:00,82.1,6,ask,YieldingYams,Andre Chan,1259067
2026-07-13T15:00:23.688551,2026-07-13T15:00:23.699339+00:00,82.3,34,bid,Jackson Wang,YieldingYams,1259070
2026-07-13T15:00:23.951336,2026-07-13T15:00:23.958574+00:00,82.3,12,bid,Zhangyue Shen,YieldingYams,1259076
2026-07-13T15:00:24.633508,2026-07-13T15:00:24.644843+00:00,82.2,8,bid,YieldingYams,Kelvin Chan,1259085
2026-07-13T15:00:24.644880,2026-07-13T15:00:24.663913+00:00,82.2,2,ask,YieldingYams,Dinh Nguyen,1259086
2026-07-13T15:00:24.775208,2026-07-13T15:00:24.784414+00:00,82.2,200,ask,YieldingYams,WavyWalnuts,1259089
2026-07-13T15:00:25.094585,2026-07-13T15:00:25.106022+00:00,82.4,20,bid,BrilliantBurritos,Andy Garg,1259092
2026-07-13T15:00:25.934028,2026-07-13T15:00:25.944075+00:00,82.2,2,ask,YieldingYams,Dinh Nguyen,1259113
2026-07-13T15:00:25.956397,2026-07-13T15:00:25.965265+00:00,82.2,29,ask,Sze-Yong Ng,YieldingYams,1259114
2026-07-13T15:00:25.981787,2026-07-13T15:00:25.991223+00:00,82.2,200,bid,WavyWalnuts,YieldingYams,1259115
2026-07-13T15:00:26.070438,2026-07-13T15:00:26.079795+00:00,82.2,10,bid,Andre Chan,YieldingYams,1259117
2026-07-13T15:00:27.158898,2026-07-13T15:00:27.170733+00:00,82.1,2,ask,Sze-Yong Ng,Dinh Nguyen,1259134
2026-07-13T15:00:27.190378,2026-07-13T15:00:27.199460+00:00,82.2,200,bid,WavyWalnuts,YieldingYams,1259137
2026-07-13T15:00:27.502902,2026-07-13T15:00:27.514105+00:00,82.2,10,ask,YieldingYams,Andre Chan,1259148
2026-07-13T15:00:27.755424,2026-07-13T15:00:27.758603+00:00,82.3,7,bid,Zhangyue Shen,Kelvin Chan,1259149
2026-07-13T15:00:27.755424,2026-07-13T15:00:27.758603+00:00,82.3,3,bid,Zhangyue Shen,WavyWalnuts,1259150
2026-07-13T15:00:28.392009,2026-07-13T15:00:28.403273+00:00,82.2,2,ask,YieldingYams,Dinh Nguyen,1259162
2026-07-13T15:00:28.400563,2026-07-13T15:00:28.408277+00:00,82.2,200,ask,YieldingYams,WavyWalnuts,1259163
2026-07-13T15:00:29.609515,2026-07-13T15:00:29.617824+00:00,82.2,8,ask,Sze-Yong Ng,WavyWalnuts,1259178
2026-07-13T15:00:29.609515,2026-07-13T15:00:29.623260+00:00,82.2,12,ask,Jackson Wang,WavyWalnuts,1259179
2026-07-13T15:00:29.633959,2026-07-13T15:00:29.644264+00:00,82.1,1,ask,YieldingYams,Dinh Nguyen,1259180
2026-07-13T15:00:29.784012,2026-07-13T15:00:29.792934+00:00,82.2,10,bid,Andre Chan,WavyWalnuts,1259184
2026-07-13T15:00:29.988304,2026-07-13T15:00:29.999996+00:00,82.1,14,bid,Andre Chan,YieldingYams,1259190
2026-07-13T15:00:30.161030,2026-07-13T15:00:30.169510+00:00,82.1,500,bid,AverageAlmonds,YieldingYams,1259191
2026-07-13T15:00:30.825059,2026-07-13T15:00:30.832465+00:00,82.1,111,bid,WavyWalnuts,YieldingYams,1259204
2026-07-13T15:00:31.203516,2026-07-13T15:00:31.214546+00:00,82.3,9,bid,YieldingYams,Kelvin Chan,1259216
2026-07-13T15:00:31.222823,2026-07-13T15:00:31.230361+00:00,82.3,24,ask,YieldingYams,Andre Chan,1259219
2026-07-13T15:00:31.292015,2026-07-13T15:00:31.300813+00:00,82.4,12,bid,Zhangyue Shen,Andy Garg,1259220
2026-07-13T15:00:32.043596,2026-07-13T15:00:32.051658+00:00,82.3,200,ask,YieldingYams,WavyWalnuts,1259229
2026-07-13T15:00:32.049550,2026-07-13T15:00:32.058579+00:00,82.3,12,ask,YieldingYams,Zhangyue Shen,1259230
2026-07-13T15:00:32.139322,2026-07-13T15:00:32.145883+00:00,82.3,20,ask,YieldingYams,Andy Garg,1259238
2026-07-13T15:00:32.203013,2026-07-13T15:00:32.211372+00:00,82.3,25,ask,YieldingYams,Jackson Wang,1259242
2026-07-13T15:00:32.602002,2026-07-13T15:00:32.613498+00:00,82.2,20,ask,YieldingYams,Jackson Wang,1259258
2026-07-13T15:00:33.829296,2026-07-13T15:00:33.837767+00:00,82.3,200,bid,YieldingYams,WavyWalnuts,1259292
2026-07-13T15:00:34.210248,2026-07-13T15:00:34.222117+00:00,82.3,13,ask,YieldingYams,Jackson Wang,1259302
2026-07-13T15:00:34.462581,2026-07-13T15:00:34.472968+00:00,82.4,2,bid,WavyWalnuts,Kelvin Chan,1259308
2026-07-13T15:00:34.462581,2026-07-13T15:00:34.472968+00:00,82.4,20,bid,WavyWalnuts,Scott Bagby,1259309
2026-07-13T15:00:34.508520,2026-07-13T15:00:34.519381+00:00,82.4,20,ask,WavyWalnuts,Peter Chen,1259314
2026-07-13T15:00:34.559407,2026-07-13T15:00:34.569115+00:00,82.5,12,bid,Zhangyue Shen,Andy Garg,1259316
2026-07-13T15:00:34.570279,2026-07-13T15:00:34.582032+00:00,82.5,5,bid,Peter Chen,Andy Garg,1259317
2026-07-13T15:00:35.149834,2026-07-13T15:00:35.158580+00:00,82.4,158,ask,WavyWalnuts,YieldingYams,1259337
2026-07-13T15:00:36.651664,2026-07-13T15:00:36.658636+00:00,82.4,20,bid,BrilliantBurritos,YieldingYams,1259362
2026-07-13T15:00:37.776494,2026-07-13T15:00:37.787574+00:00,82.4,200,bid,YieldingYams,WavyWalnuts,1259382
2026-07-13T15:00:38.216269,2026-07-13T15:00:38.228311+00:00,82.4,12,ask,YieldingYams,Jackson Wang,1259388
2026-07-13T15:00:38.842069,2026-07-13T15:00:38.853384+00:00,82.4,12,ask,YieldingYams,Zhangyue Shen,1259409
2026-07-13T15:00:38.859871,2026-07-13T15:00:38.869250+00:00,82.4,15,ask,YieldingYams,Andy Garg,1259410
2026-07-13T15:00:38.933553,2026-07-13T15:00:38.945512+00:00,82.4,5,ask,YieldingYams,Peter Chen,1259411
2026-07-13T15:00:38.937848,2026-07-13T15:00:38.945512+00:00,82.4,25,ask,YieldingYams,Alice Feng,1259412
2026-07-13T15:00:38.947751,2026-07-13T15:00:38.958608+00:00,82.5,2,bid,Alice Feng,Scott Bagby,1259415
2026-07-13T15:00:39.095345,2026-07-13T15:00:39.102815+00:00,82.3,200,ask,WavyWalnuts,YieldingYams,1259416
2026-07-13T15:00:39.152002,2026-07-13T15:00:39.158730+00:00,82.3,2,bid,Alice Feng,YieldingYams,1259418
2026-07-13T15:00:39.304421,2026-07-13T15:00:39.311683+00:00,82.2,50,ask,Andy Garg,WavyWalnuts,1259426
2026-07-13T15:00:39.304421,2026-07-13T15:00:39.316678+00:00,82.2,150,ask,AverageAlmonds,WavyWalnuts,1259427
2026-07-13T15:00:39.359631,2026-07-13T15:00:39.369751+00:00,82.3,2,bid,Alice Feng,YieldingYams,1259431
2026-07-13T15:00:39.564524,2026-07-13T15:00:39.576305+00:00,82.3,2,bid,Alice Feng,YieldingYams,1259434
2026-07-13T15:00:39.770127,2026-07-13T15:00:39.777218+00:00,82.3,2,bid,Alice Feng,YieldingYams,1259439
2026-07-13T15:00:39.975084,2026-07-13T15:00:39.986866+00:00,82.3,2,bid,Alice Feng,YieldingYams,1259442
2026-07-13T15:00:40.180773,2026-07-13T15:00:40.191955+00:00,82.3,2,bid,Alice Feng,YieldingYams,1259454
2026-07-13T15:00:40.385638,2026-07-13T15:00:40.397537+00:00,82.3,2,bid,Alice Feng,YieldingYams,1259456
2026-07-13T15:00:40.591686,2026-07-13T15:00:40.603355+00:00,82.3,2,bid,Alice Feng,YieldingYams,1259465
2026-07-13T15:00:40.960505,2026-07-13T15:00:40.968996+00:00,82.3,50,bid,Andy Garg,YieldingYams,1259468
2026-07-13T15:00:40.984200,2026-07-13T15:00:40.995168+00:00,82.3,4,bid,Andre Chan,YieldingYams,1259469
2026-07-13T15:00:40.998186,2026-07-13T15:00:41.005881+00:00,82.2,4,ask,Jackson Wang,Andre Chan,1259471
2026-07-13T15:00:41.119337,2026-07-13T15:00:41.131248+00:00,82.3,4,bid,Zhangyue Shen,YieldingYams,1259473
2026-07-13T15:00:41.202819,2026-07-13T15:00:41.214774+00:00,82.3,6,bid,Zhangyue Shen,YieldingYams,1259475
2026-07-13T15:00:41.213191,2026-07-13T15:00:41.220057+00:00,82.2,6,ask,Jackson Wang,Andre Chan,1259477
2026-07-13T15:00:41.375539,2026-07-13T15:00:41.387361+00:00,82.3,6,bid,Andre Chan,YieldingYams,1259481
2026-07-13T15:00:41.417674,2026-07-13T15:00:41.427428+00:00,82.3,14,bid,Andre Chan,YieldingYams,1259483
2026-07-13T15:00:41.425977,2026-07-13T15:00:41.432421+00:00,82.2,14,ask,WavyWalnuts,Andre Chan,1259485
2026-07-13T15:00:41.609235,2026-07-13T15:00:41.617878+00:00,82.2,50,ask,WavyWalnuts,Andy Garg,1259492
2026-07-13T15:00:41.810302,2026-07-13T15:00:41.821832+00:00,82.2,12,ask,WavyWalnuts,Jackson Wang,1259498
2026-07-13T15:00:43.045201,2026-07-13T15:00:43.058555+00:00,82.4,17,bid,Andy Garg,WavyWalnuts,1259531
2026-07-13T15:00:43.419513,2026-07-13T15:00:43.430156+00:00,82.3,12,ask,YieldingYams,Jackson Wang,1259536
2026-07-13T15:00:44.144936,2026-07-13T15:00:44.158679+00:00,82.3,200,ask,YieldingYams,WavyWalnuts,1259557
2026-07-13T15:00:44.347369,2026-07-13T15:00:44.354912+00:00,82.3,26,ask,Jackson Wang,YieldingYams,1259562
2026-07-13T15:00:44.551519,2026-07-13T15:00:44.558571+00:00,82.2,23,ask,AverageAlmonds,Andy Garg,1259565
2026-07-13T15:00:45.162496,2026-07-13T15:00:45.174762+00:00,82.3,20,bid,BrilliantBurritos,YieldingYams,1259574
2026-07-13T15:00:45.189596,2026-07-13T15:00:45.200797+00:00,82.3,38,bid,Andy Garg,YieldingYams,1259576
2026-07-13T15:00:45.667613,2026-07-13T15:00:45.676476+00:00,82.2,10,ask,YieldingYams,Zhangyue Shen,1259590
2026-07-13T15:00:45.820058,2026-07-13T15:00:45.831159+00:00,82.2,20,ask,YieldingYams,Jackson Wang,1259594
2026-07-13T15:00:46.558350,2026-07-13T15:00:46.564093+00:00,82.2,200,ask,YieldingYams,WavyWalnuts,1259602
2026-07-13T15:00:47.023501,2026-07-13T15:00:47.033068+00:00,82.2,16,ask,AverageAlmonds,Jackson Wang,1259618
2026-07-13T15:00:47.123587,2026-07-13T15:00:47.134734+00:00,82.3,500,bid,AverageAlmonds,YieldingYams,1259623
2026-07-13T15:00:47.183664,2026-07-13T15:00:47.192337+00:00,82.1,5,ask,Kelvin Chan,Andy Garg,1259626
2026-07-13T15:00:47.183664,2026-07-13T15:00:47.192337+00:00,82.1,20,ask,Scott Bagby,Andy Garg,1259627
2026-07-13T15:00:47.183664,2026-07-13T15:00:47.198088+00:00,82.1,25,ask,WavyWalnuts,Andy Garg,1259628
2026-07-13T15:00:48.111018,2026-07-13T15:00:48.164280+00:00,82.3,36,bid,Jackson Wang,YieldingYams,1259642
2026-07-13T15:00:48.177933,2026-07-13T15:00:48.186149+00:00,82.3,12,bid,YieldingYams,Sze-Yong Ng,1259645
2026-07-13T15:00:48.247961,2026-07-13T15:00:48.269029+00:00,82.3,28,bid,Andy Garg,YieldingYams,1259646
2026-07-13T15:00:48.284268,2026-07-13T15:00:48.295351+00:00,82.3,200,bid,YieldingYams,WavyWalnuts,1259648
2026-07-13T15:00:48.284268,2026-07-13T15:00:48.295351+00:00,82.3,12,bid,Zhangyue Shen,YieldingYams,1259649
2026-07-13T15:00:48.284268,2026-07-13T15:00:48.295351+00:00,82.4,50,bid,YieldingYams,Andy Garg,1259650
2026-07-13T15:00:48.284268,2026-07-13T15:00:48.300362+00:00,82.5,1,bid,YieldingYams,Kelvin Chan,1259651
2026-07-13T15:00:48.284268,2026-07-13T15:00:48.300362+00:00,82.5,10,bid,YieldingYams,Scott Bagby,1259652
2026-07-13T15:00:48.411156,2026-07-13T15:00:48.422977+00:00,82.5,25,ask,YieldingYams,Alice Feng,1259655
2026-07-13T15:00:48.623045,2026-07-13T15:00:48.634918+00:00,82.5,24,ask,YieldingYams,Jackson Wang,1259664
2026-07-13T15:00:48.695511,2026-07-13T15:00:48.705170+00:00,82.5,9,ask,YieldingYams,Zhangyue Shen,1259666
2026-07-13T15:00:48.832292,2026-07-13T15:00:48.844056+00:00,82.6,2,bid,Alice Feng,Kelvin Chan,1259674
2026-07-13T15:00:48.891536,2026-07-13T15:00:48.903450+00:00,82.7,18,bid,Andy Garg,YieldingYams,1259675
2026-07-13T15:00:48.962282,2026-07-13T15:00:48.969246+00:00,82.7,12,bid,Zhangyue Shen,YieldingYams,1259678
2026-07-13T15:00:48.971848,2026-07-13T15:00:48.979791+00:00,82.5,200,ask,YieldingYams,WavyWalnuts,1259679
2026-07-13T15:00:49.039827,2026-07-13T15:00:49.048973+00:00,82.7,2,bid,Alice Feng,YieldingYams,1259682
2026-07-13T15:00:49.245263,2026-07-13T15:00:49.255283+00:00,82.7,2,bid,Alice Feng,YieldingYams,1259688
2026-07-13T15:00:49.450153,2026-07-13T15:00:49.458558+00:00,82.7,2,bid,Alice Feng,YieldingYams,1259695
2026-07-13T15:00:49.610381,2026-07-13T15:00:49.617287+00:00,82.5,12,ask,Jackson Wang,YieldingYams,1259699
2026-07-13T15:00:49.662806,2026-07-13T15:00:49.672475+00:00,82.4,2,bid,Alice Feng,YieldingYams,1259704
2026-07-13T15:00:49.771451,2026-07-13T15:00:49.780061+00:00,82.3,20,ask,Scott Bagby,Andy Garg,1259712
2026-07-13T15:00:49.771451,2026-07-13T15:00:49.780061+00:00,82.3,8,ask,YieldingYams,Andy Garg,1259713
2026-07-13T15:00:49.868402,2026-07-13T15:00:49.880412+00:00,82.4,2,bid,Alice Feng,YieldingYams,1259715
2026-07-13T15:00:50.074877,2026-07-13T15:00:50.086844+00:00,82.4,2,bid,Alice Feng,YieldingYams,1259716
2026-07-13T15:00:50.281383,2026-07-13T15:00:50.288804+00:00,82.4,2,bid,Alice Feng,YieldingYams,1259722
2026-07-13T15:00:50.489115,2026-07-13T15:00:50.497812+00:00,82.4,2,bid,Alice Feng,YieldingYams,1259727
2026-07-13T15:00:50.865319,2026-07-13T15:00:50.874436+00:00,82.4,50,bid,Andy Garg,YieldingYams,1259737
2026-07-13T15:00:51.020479,2026-07-13T15:00:51.032818+00:00,82.5,12,bid,Jackson Wang,WavyWalnuts,1259740
2026-07-13T15:00:51.508970,2026-07-13T15:00:51.518097+00:00,82.4,11,bid,Zhangyue Shen,WavyWalnuts,1259756
2026-07-13T15:00:51.515929,2026-07-13T15:00:51.518097+00:00,82.4,7,bid,Andy Garg,WavyWalnuts,1259757
2026-07-13T15:00:51.960891,2026-07-13T15:00:51.969316+00:00,82.4,43,bid,Andy Garg,WavyWalnuts,1259769
2026-07-13T15:00:52.825262,2026-07-13T15:00:52.834049+00:00,82.3,12,ask,Sze-Yong Ng,Andy Garg,1259790
2026-07-13T15:00:52.825262,2026-07-13T15:00:52.834049+00:00,82.3,12,ask,Jackson Wang,Andy Garg,1259791
2026-07-13T15:00:52.825262,2026-07-13T15:00:52.839075+00:00,82.3,4,ask,WavyWalnuts,Andy Garg,1259792
2026-07-13T15:00:53.960144,2026-07-13T15:00:53.971578+00:00,82.3,9,bid,Andre Chan,WavyWalnuts,1259817
2026-07-13T15:00:54.176666,2026-07-13T15:00:54.187099+00:00,82.2,9,ask,YieldingYams,Andre Chan,1259821
2026-07-13T15:00:54.396897,2026-07-13T15:00:54.410457+00:00,82.3,8,bid,Andre Chan,WavyWalnuts,1259825
2026-07-13T15:00:54.418417,2026-07-13T15:00:54.426255+00:00,82.2,8,ask,YieldingYams,Andre Chan,1259828
2026-07-13T15:00:54.860552,2026-07-13T15:00:54.877050+00:00,82.3,183,bid,YieldingYams,WavyWalnuts,1259843
2026-07-13T15:00:55.030748,2026-07-13T15:00:55.040428+00:00,82.3,20,ask,YieldingYams,Jackson Wang,1259846
2026-07-13T15:00:55.431249,2026-07-13T15:00:55.441004+00:00,82.3,4,ask,YieldingYams,Jackson Wang,1259851
2026-07-13T15:00:56.172350,2026-07-13T15:00:56.179578+00:00,82.3,42,ask,WavyWalnuts,Andy Garg,1259872
2026-07-13T15:00:56.234508,2026-07-13T15:00:56.243071+00:00,82.3,12,ask,Jackson Wang,WavyWalnuts,1259877
2026-07-13T15:00:56.234508,2026-07-13T15:00:56.243071+00:00,82.3,188,ask,AverageAlmonds,WavyWalnuts,1259878
2026-07-13T15:00:57.809278,2026-07-13T15:00:57.821062+00:00,82.5,9,bid,Zhangyue Shen,Kelvin Chan,1259916
2026-07-13T15:00:57.809278,2026-07-13T15:00:57.821062+00:00,82.5,3,bid,Zhangyue Shen,Scott Bagby,1259917
2026-07-13T15:00:57.831681,2026-07-13T15:00:57.843641+00:00,82.3,12,ask,WavyWalnuts,Jackson Wang,1259918
2026-07-13T15:00:58.334924,2026-07-13T15:00:58.345422+00:00,82.3,12,ask,WavyWalnuts,Zhangyue Shen,1259927
2026-07-13T15:00:59.439202,2026-07-13T15:00:59.449546+00:00,82.3,12,ask,WavyWalnuts,Jackson Wang,1259949
2026-07-13T15:00:59.568697,2026-07-13T15:00:59.575854+00:00,82.4,19,bid,Andy Garg,Scott Bagby,1259953
2026-07-13T15:00:59.780806,2026-07-13T15:00:59.791925+00:00,82.4,1,bid,Andy Garg,Scott Bagby,1259963
2026-07-13T15:00:59.780806,2026-07-13T15:00:59.791925+00:00,82.4,30,bid,Andy Garg,YieldingYams,1259964
2026-07-13T15:00:59.866729,2026-07-13T15:00:59.874693+00:00,82.4,200,bid,WavyWalnuts,YieldingYams,1259967
2026-07-13T15:01:00.122164,2026-07-13T15:01:00.131100+00:00,82.5,8,bid,Jackson Wang,Kelvin Chan,1259972
2026-07-13T15:01:00.122164,2026-07-13T15:01:00.131100+00:00,82.6,28,bid,Jackson Wang,Andy Garg,1259973
2026-07-13T15:01:01.728798,2026-07-13T15:01:01.737117+00:00,82.5,3,bid,Jackson Wang,Kelvin Chan,1260007
2026-07-13T15:01:01.728798,2026-07-13T15:01:01.737117+00:00,82.6,9,bid,Jackson Wang,Andy Garg,1260008
2026-07-13T15:01:01.806566,2026-07-13T15:01:01.819765+00:00,82.6,13,bid,BrilliantBurritos,Andy Garg,1260009
2026-07-13T15:01:01.806566,2026-07-13T15:01:01.819765+00:00,82.6,7,bid,BrilliantBurritos,WavyWalnuts,1260010
2026-07-13T15:01:02.123826,2026-07-13T15:01:02.134943+00:00,82.6,30,bid,Jackson Wang,WavyWalnuts,1260023
2026-07-13T15:01:02.290794,2026-07-13T15:01:02.299687+00:00,82.6,200,bid,WavyWalnuts,YieldingYams,1260025
2026-07-13T15:01:04.235838,2026-07-13T15:01:04.243555+00:00,82.6,30,ask,YieldingYams,Jackson Wang,1260066
2026-07-13T15:01:05.377770,2026-07-13T15:01:05.387081+00:00,82.7,200,bid,YieldingYams,WavyWalnuts,1260085
2026-07-13T15:01:05.377770,2026-07-13T15:01:05.387081+00:00,82.7,1,bid,YieldingYams,Kelvin Chan,1260086
2026-07-13T15:01:05.729344,2026-07-13T15:01:05.740022+00:00,82.8,10,bid,Jackson Wang,Scott Bagby,1260094
2026-07-13T15:01:05.729344,2026-07-13T15:01:05.740022+00:00,82.8,28,bid,Jackson Wang,AverageAlmonds,1260095
2026-07-13T15:01:05.929308,2026-07-13T15:01:05.937039+00:00,82.8,12,bid,Zhangyue Shen,YieldingYams,1260099
2026-07-13T15:01:06.494982,2026-07-13T15:01:06.504653+00:00,82.7,424,ask,YieldingYams,AverageAlmonds,1260124
2026-07-13T15:01:06.494982,2026-07-13T15:01:06.504653+00:00,82.7,76,ask,WavyWalnuts,AverageAlmonds,1260125
2026-07-13T15:01:06.687660,2026-07-13T15:01:06.701529+00:00,82.7,124,ask,WavyWalnuts,YieldingYams,1260129
2026-07-13T15:01:06.687660,2026-07-13T15:01:06.701529+00:00,82.6,50,ask,Andy Garg,YieldingYams,1260130
2026-07-13T15:01:06.704839,2026-07-13T15:01:06.716800+00:00,82.6,20,bid,Peter Chen,YieldingYams,1260133
2026-07-13T15:01:06.729952,2026-07-13T15:01:06.740387+00:00,82.6,25,bid,Alice Feng,YieldingYams,1260135
2026-07-13T15:01:06.765506,2026-07-13T15:01:06.774389+00:00,82.6,20,bid,Peter Chen,YieldingYams,1260139
2026-07-13T15:01:07.957623,2026-07-13T15:01:07.969701+00:00,82.5,12,ask,YieldingYams,Zhangyue Shen,1260163
2026-07-13T15:01:08.345407,2026-07-13T15:01:08.358563+00:00,82.6,200,ask,YieldingYams,WavyWalnuts,1260174
2026-07-13T15:01:08.460992,2026-07-13T15:01:08.471558+00:00,82.6,30,ask,YieldingYams,Andy Garg,1260175
2026-07-13T15:01:08.871182,2026-07-13T15:01:08.880315+00:00,82.6,20,ask,YieldingYams,Andy Garg,1260186
2026-07-13T15:01:09.315028,2026-07-13T15:01:09.323542+00:00,82.7,500,bid,YieldingYams,AverageAlmonds,1260194
2026-07-13T15:01:09.436259,2026-07-13T15:01:09.448351+00:00,82.7,20,ask,YieldingYams,Jackson Wang,1260197
2026-07-13T15:01:09.496111,2026-07-13T15:01:09.506454+00:00,82.7,105,ask,YieldingYams,AverageAlmonds,1260199
2026-07-13T15:01:09.496111,2026-07-13T15:01:09.506454+00:00,82.7,37,ask,Sze-Yong Ng,AverageAlmonds,1260200
2026-07-13T15:01:12.450700,2026-07-13T15:01:12.445908+00:00,82.7,23,bid,Andy Garg,Sze-Yong Ng,1260263
2026-07-13T15:01:12.450700,2026-07-13T15:01:12.445908+00:00,82.7,27,bid,Andy Garg,AverageAlmonds,1260264
2026-07-13T15:01:13.038711,2026-07-13T15:01:13.045521+00:00,82.6,20,ask,YieldingYams,BrilliantBurritos,1260281
2026-07-13T15:01:13.486631,2026-07-13T15:01:13.494646+00:00,82.7,14,bid,Peter Chen,Sze-Yong Ng,1260294
2026-07-13T15:01:13.486631,2026-07-13T15:01:13.494646+00:00,82.7,6,bid,Peter Chen,AverageAlmonds,1260295
2026-07-13T15:01:13.549591,2026-07-13T15:01:13.560521+00:00,82.7,12,bid,Zhangyue Shen,AverageAlmonds,1260297
2026-07-13T15:01:13.657109,2026-07-13T15:01:13.666557+00:00,82.7,2,bid,Andre Chan,AverageAlmonds,1260301
2026-07-13T15:01:14.355117,2026-07-13T15:01:14.363840+00:00,82.6,200,ask,WavyWalnuts,AverageAlmonds,1260309
2026-07-13T15:01:14.355117,2026-07-13T15:01:14.363840+00:00,82.6,300,ask,YieldingYams,AverageAlmonds,1260310
2026-07-13T15:01:14.556984,2026-07-13T15:01:14.565327+00:00,82.7,12,bid,Zhangyue Shen,WavyWalnuts,1260317
2026-07-13T15:01:14.604485,2026-07-13T15:01:14.615875+00:00,82.6,20,bid,Andre Chan,YieldingYams,1260322
2026-07-13T15:01:14.675568,2026-07-13T15:01:14.687235+00:00,82.6,20,bid,Andy Garg,YieldingYams,1260323
2026-07-13T15:01:14.818629,2026-07-13T15:01:14.829786+00:00,82.6,20,bid,Peter Chen,YieldingYams,1260328
2026-07-13T15:01:15.310394,2026-07-13T15:01:15.319327+00:00,82.5,6,ask,WavyWalnuts,Andre Chan,1260339
2026-07-13T15:01:15.328766,2026-07-13T15:01:15.340481+00:00,82.6,6,bid,Zhangyue Shen,YieldingYams,1260340
2026-07-13T15:01:15.515204,2026-07-13T15:01:15.524574+00:00,82.6,4,bid,Andre Chan,YieldingYams,1260347
2026-07-13T15:01:15.605095,2026-07-13T15:01:15.616272+00:00,82.6,200,bid,WavyWalnuts,YieldingYams,1260348
2026-07-13T15:01:16.546670,2026-07-13T15:01:16.557663+00:00,82.5,12,ask,Jackson Wang,Andre Chan,1260356
2026-07-13T15:01:16.546670,2026-07-13T15:01:16.557663+00:00,82.5,8,ask,YieldingYams,Andre Chan,1260357
2026-07-13T15:01:16.587920,2026-07-13T15:01:16.600256+00:00,82.6,6,bid,Zhangyue Shen,AverageAlmonds,1260358
2026-07-13T15:01:16.754014,2026-07-13T15:01:16.758575+00:00,82.6,8,bid,Andre Chan,AverageAlmonds,1260363
2026-07-13T15:01:16.792595,2026-07-13T15:01:16.800520+00:00,82.5,500,ask,YieldingYams,AverageAlmonds,1260364
2026-07-13T15:01:17.182026,2026-07-13T15:01:17.189208+00:00,82.6,3,ask,WavyWalnuts,Andre Chan,1260374
2026-07-13T15:01:17.200013,2026-07-13T15:01:17.219778+00:00,82.6,197,ask,WavyWalnuts,YieldingYams,1260376
2026-07-13T15:01:17.200013,2026-07-13T15:01:17.219778+00:00,82.4,45,ask,Andy Garg,YieldingYams,1260377
2026-07-13T15:01:17.222105,2026-07-13T15:01:17.240178+00:00,82.4,50,bid,Peter Chen,YieldingYams,1260381
2026-07-13T15:01:17.290532,2026-07-13T15:01:17.363658+00:00,82.4,20,bid,Gourab Sharma,YieldingYams,1260387
2026-07-13T15:01:17.310346,2026-07-13T15:01:17.363658+00:00,82.3,9,ask,Kelvin Chan,Andy Garg,1260388
2026-07-13T15:01:17.353830,2026-07-13T15:01:17.363658+00:00,82.2,12,ask,Scott Bagby,Zhangyue Shen,1260393
2026-07-13T15:01:17.402993,2026-07-13T15:01:17.417573+00:00,82.4,33,bid,Andre Chan,YieldingYams,1260398
2026-07-13T15:01:18.031012,2026-07-13T15:01:18.041318+00:00,82.4,200,bid,WavyWalnuts,YieldingYams,1260411
2026-07-13T15:01:18.109901,2026-07-13T15:01:18.118620+00:00,82.2,8,ask,Scott Bagby,Zhangyue Shen,1260421
2026-07-13T15:01:18.109901,2026-07-13T15:01:18.118620+00:00,82.2,4,ask,YieldingYams,Zhangyue Shen,1260422
2026-07-13T15:01:18.512217,2026-07-13T15:01:18.520837+00:00,82.4,20,bid,YieldingYams,Jackson Wang,1260427
2026-07-13T15:01:18.512217,2026-07-13T15:01:18.520837+00:00,82.4,50,bid,YieldingYams,Andy Garg,1260428
2026-07-13T15:01:18.573358,2026-07-13T15:01:18.585287+00:00,82.6,6,bid,Andy Garg,AverageAlmonds,1260432
2026-07-13T15:01:18.651851,2026-07-13T15:01:18.659327+00:00,82.5,6,ask,YieldingYams,Jackson Wang,1260436
2026-07-13T15:01:18.839480,2026-07-13T15:01:18.849263+00:00,82.5,38,ask,YieldingYams,Andre Chan,1260445
2026-07-13T15:01:18.856033,2026-07-13T15:01:18.864500+00:00,82.5,50,ask,YieldingYams,Andy Garg,1260446
2026-07-13T15:01:18.868211,2026-07-13T15:01:18.875328+00:00,82.6,12,bid,Zhangyue Shen,WavyWalnuts,1260447
2026-07-13T15:01:19.241927,2026-07-13T15:01:19.250496+00:00,82.5,200,ask,YieldingYams,WavyWalnuts,1260452
2026-07-13T15:01:19.836103,2026-07-13T15:01:19.845247+00:00,82.5,8,ask,Jackson Wang,YieldingYams,1260468
2026-07-13T15:01:19.836103,2026-07-13T15:01:19.845247+00:00,82.4,4,ask,Kelvin Chan,YieldingYams,1260469
2026-07-13T15:01:19.846727,2026-07-13T15:01:19.858638+00:00,82.3,30,ask,WavyWalnuts,Jackson Wang,1260470
2026-07-13T15:01:19.868932,2026-07-13T15:01:19.880456+00:00,82.4,16,bid,Andre Chan,YieldingYams,1260471
2026-07-13T15:01:19.907393,2026-07-13T15:01:19.917632+00:00,82.3,6,ask,WavyWalnuts,Zhangyue Shen,1260475
2026-07-13T15:01:20.448688,2026-07-13T15:01:20.459428+00:00,82.4,200,bid,WavyWalnuts,YieldingYams,1260480
2026-07-13T15:01:21.175478,2026-07-13T15:01:21.182073+00:00,82.3,4,ask,Kelvin Chan,Zhangyue Shen,1260507
2026-07-13T15:01:21.175478,2026-07-13T15:01:21.187572+00:00,82.3,8,ask,Jackson Wang,Zhangyue Shen,1260508
2026-07-13T15:01:21.657147,2026-07-13T15:01:21.667680+00:00,82.4,200,bid,WavyWalnuts,YieldingYams,1260519
2026-07-13T15:01:22.258367,2026-07-13T15:01:22.266013+00:00,82.3,8,ask,Kelvin Chan,Jackson Wang,1260533
2026-07-13T15:01:22.258367,2026-07-13T15:01:22.266013+00:00,82.2,3,ask,Scott Bagby,Jackson Wang,1260534
2026-07-13T15:01:22.319266,2026-07-13T15:01:22.328667+00:00,82.2,16,ask,YieldingYams,Andre Chan,1260538
2026-07-13T15:01:22.650395,2026-07-13T15:01:22.656769+00:00,82.3,20,ask,YieldingYams,Jackson Wang,1260542
2026-07-13T15:01:22.808165,2026-07-13T15:01:22.814974+00:00,82.4,8,ask,Kelvin Chan,Peter Chen,1260546
2026-07-13T15:01:22.857119,2026-07-13T15:01:22.869093+00:00,82.3,12,ask,YieldingYams,Peter Chen,1260549
2026-07-13T15:01:23.186023,2026-07-13T15:01:23.197786+00:00,82.4,12,ask,WavyWalnuts,Zhangyue Shen,1260558
2026-07-13T15:01:23.238798,2026-07-13T15:01:23.247605+00:00,82.4,15,ask,WavyWalnuts,Andy Garg,1260559
2026-07-13T15:01:23.461797,2026-07-13T15:01:23.469572+00:00,82.4,12,ask,WavyWalnuts,Jackson Wang,1260563
2026-07-13T15:01:25.326488,2026-07-13T15:01:25.333092+00:00,82.4,17,ask,Jackson Wang,Andy Garg,1260601
2026-07-13T15:01:25.861943,2026-07-13T15:01:25.874301+00:00,82.3,3,ask,Kelvin Chan,Jackson Wang,1260607
2026-07-13T15:01:26.262782,2026-07-13T15:01:26.271530+00:00,82.3,4,ask,Kelvin Chan,Jackson Wang,1260621
2026-07-13T15:01:26.262782,2026-07-13T15:01:26.271530+00:00,82.3,2,ask,YieldingYams,Jackson Wang,1260622
2026-07-13T15:01:26.388411,2026-07-13T15:01:26.396884+00:00,82.5,8,bid,YieldingYams,Sze-Yong Ng,1260627
2026-07-13T15:01:26.388411,2026-07-13T15:01:26.396884+00:00,82.5,200,bid,YieldingYams,WavyWalnuts,1260628
2026-07-13T15:01:26.414338,2026-07-13T15:01:26.423232+00:00,82.5,50,ask,YieldingYams,Andy Garg,1260629
2026-07-13T15:01:26.419087,2026-07-13T15:01:26.428538+00:00,82.5,20,ask,YieldingYams,Peter Chen,1260630
2026-07-13T15:01:26.502731,2026-07-13T15:01:26.511680+00:00,82.6,10,bid,WavyWalnuts,Scott Bagby,1260636
2026-07-13T15:01:26.664418,2026-07-13T15:01:26.673923+00:00,82.6,12,ask,WavyWalnuts,Jackson Wang,1260639
2026-07-13T15:01:26.970496,2026-07-13T15:01:26.982093+00:00,82.6,25,ask,WavyWalnuts,Alice Feng,1260642
2026-07-13T15:01:27.299495,2026-07-13T15:01:27.308768+00:00,82.6,5,ask,WavyWalnuts,Andy Garg,1260660
2026-07-13T15:01:27.346458,2026-07-13T15:01:27.358776+00:00,82.7,1,bid,Jackson Wang,Kelvin Chan,1260662
2026-07-13T15:01:27.346458,2026-07-13T15:01:27.358776+00:00,82.7,32,bid,Jackson Wang,YieldingYams,1260663
2026-07-13T15:01:27.518122,2026-07-13T15:01:27.534010+00:00,82.6,12,ask,WavyWalnuts,Jackson Wang,1260669
2026-07-13T15:01:27.586457,2026-07-13T15:01:27.597026+00:00,82.6,20,ask,WavyWalnuts,Peter Chen,1260671
2026-07-13T15:01:27.701656,2026-07-13T15:01:27.710704+00:00,82.6,116,ask,WavyWalnuts,YieldingYams,1260678
2026-07-13T15:01:28.661036,2026-07-13T15:01:28.670399+00:00,82.4,11,ask,YieldingYams,Jackson Wang,1260697
2026-07-13T15:01:28.979888,2026-07-13T15:01:28.991165+00:00,82.6,6,bid,Andy Garg,YieldingYams,1260706
2026-07-13T15:01:29.064143,2026-07-13T15:01:29.073629+00:00,82.6,6,ask,YieldingYams,Jackson Wang,1260707
2026-07-13T15:01:29.153514,2026-07-13T15:01:29.163983+00:00,82.6,20,ask,YieldingYams,Peter Chen,1260709
2026-07-13T15:01:29.364326,2026-07-13T15:01:29.375415+00:00,82.6,20,ask,YieldingYams,Peter Chen,1260717
2026-07-13T15:01:29.579668,2026-07-13T15:01:29.591136+00:00,82.6,20,ask,YieldingYams,Peter Chen,1260729
2026-07-13T15:01:29.788843,2026-07-13T15:01:29.800655+00:00,82.6,10,ask,YieldingYams,Peter Chen,1260733
2026-07-13T15:01:29.823117,2026-07-13T15:01:29.834941+00:00,82.6,25,ask,YieldingYams,Alice Feng,1260737
2026-07-13T15:01:30.038596,2026-07-13T15:01:30.050155+00:00,82.7,1,bid,Alice Feng,Kelvin Chan,1260743
2026-07-13T15:01:30.137047,2026-07-13T15:01:30.144494+00:00,82.7,4,bid,WavyWalnuts,Kelvin Chan,1260745
2026-07-13T15:01:30.137047,2026-07-13T15:01:30.149989+00:00,82.7,10,bid,WavyWalnuts,Scott Bagby,1260746
2026-07-13T15:01:30.137047,2026-07-13T15:01:30.149989+00:00,82.7,186,bid,WavyWalnuts,AverageAlmonds,1260747
2026-07-13T15:01:30.320134,2026-07-13T15:01:30.328570+00:00,82.7,314,bid,YieldingYams,AverageAlmonds,1260750
2026-07-13T15:01:30.445235,2026-07-13T15:01:30.453202+00:00,82.7,25,ask,YieldingYams,Alice Feng,1260756
2026-07-13T15:01:30.482058,2026-07-13T15:01:30.490942+00:00,82.8,6,bid,Andy Garg,Kelvin Chan,1260761
2026-07-13T15:01:30.549246,2026-07-13T15:01:30.556076+00:00,82.9,41,bid,Jackson Wang,WavyWalnuts,1260762
2026-07-13T15:01:30.703731,2026-07-13T15:01:30.710667+00:00,82.7,286,ask,YieldingYams,AverageAlmonds,1260766
2026-07-13T15:01:31.078455,2026-07-13T15:01:31.089569+00:00,82.7,2,bid,Alice Feng,AverageAlmonds,1260777
2026-07-13T15:01:31.121998,2026-07-13T15:01:31.133912+00:00,82.7,24,bid,Zhangyue Shen,AverageAlmonds,1260778
2026-07-13T15:01:31.649492,2026-07-13T15:01:31.658647+00:00,82.5,12,ask,WavyWalnuts,Zhangyue Shen,1260791
2026-07-13T15:01:31.860128,2026-07-13T15:01:31.870958+00:00,82.5,4,ask,WavyWalnuts,Jackson Wang,1260800
2026-07-13T15:01:33.662466,2026-07-13T15:01:33.670287+00:00,82.7,12,bid,Andy Garg,Sze-Yong Ng,1260839
2026-07-13T15:01:33.662466,2026-07-13T15:01:33.675482+00:00,82.7,6,bid,Andy Garg,WavyWalnuts,1260840
2026-07-13T15:01:34.270817,2026-07-13T15:01:34.281843+00:00,82.7,12,ask,YieldingYams,Jackson Wang,1260853
2026-07-13T15:01:34.672624,2026-07-13T15:01:34.683095+00:00,82.7,24,ask,YieldingYams,Jackson Wang,1260868
2026-07-13T15:01:35.089931,2026-07-13T15:01:35.097717+00:00,82.7,12,ask,YieldingYams,Jackson Wang,1260878
2026-07-13T15:01:35.158876,2026-07-13T15:01:35.168748+00:00,82.7,20,ask,YieldingYams,BrilliantBurritos,1260880
2026-07-13T15:01:35.224939,2026-07-13T15:01:35.233838+00:00,82.7,5,ask,YieldingYams,Andy Garg,1260881
2026-07-13T15:01:35.753671,2026-07-13T15:01:35.764902+00:00,82.8,12,bid,Jackson Wang,Sze-Yong Ng,1260904
2026-07-13T15:01:35.753671,2026-07-13T15:01:35.764902+00:00,82.8,28,bid,Jackson Wang,WavyWalnuts,1260905
2026-07-13T15:01:35.863681,2026-07-13T15:01:35.872192+00:00,82.8,50,bid,Andy Garg,WavyWalnuts,1260906
2026-07-13T15:01:35.926095,2026-07-13T15:01:35.937856+00:00,82.8,12,bid,Zhangyue Shen,WavyWalnuts,1260907
2026-07-13T15:01:36.897449,2026-07-13T15:01:36.905854+00:00,82.7,200,bid,YieldingYams,WavyWalnuts,1260914
2026-07-13T15:01:36.897449,2026-07-13T15:01:36.905854+00:00,82.7,5,bid,YieldingYams,Kelvin Chan,1260915
2026-07-13T15:01:36.907523,2026-07-13T15:01:36.916309+00:00,82.7,25,ask,YieldingYams,Alice Feng,1260916
2026-07-13T15:01:36.916861,2026-07-13T15:01:36.926873+00:00,82.8,2,bid,Alice Feng,Andy Garg,1260919
2026-07-13T15:01:37.121235,2026-07-13T15:01:37.132975+00:00,82.8,2,bid,Alice Feng,Andy Garg,1260921
2026-07-13T15:01:37.327452,2026-07-13T15:01:37.339114+00:00,82.8,2,bid,Alice Feng,Andy Garg,1260924
2026-07-13T15:01:37.533216,2026-07-13T15:01:37.545157+00:00,82.8,2,bid,Alice Feng,Andy Garg,1260928
2026-07-13T15:01:37.742581,2026-07-13T15:01:37.751040+00:00,82.8,2,bid,Alice Feng,Andy Garg,1260933
2026-07-13T15:01:38.156581,2026-07-13T15:01:38.158012+00:00,82.9,48,bid,Jackson Wang,YieldingYams,1260954
2026-07-13T15:01:38.196645,2026-07-13T15:01:38.204193+00:00,82.7,12,ask,YieldingYams,Zhangyue Shen,1260958
2026-07-13T15:01:38.699070,2026-07-13T15:01:38.714197+00:00,82.7,20,ask,WavyWalnuts,Jackson Wang,1260966
2026-07-13T15:01:39.521748,2026-07-13T15:01:39.529410+00:00,82.7,180,ask,WavyWalnuts,YieldingYams,1260977
2026-07-13T15:01:39.832342,2026-07-13T15:01:39.843599+00:00,82.7,200,bid,WavyWalnuts,YieldingYams,1260981
2026-07-13T15:01:39.951910,2026-07-13T15:01:39.958585+00:00,82.7,22,bid,Andy Garg,YieldingYams,1260988
2026-07-13T15:01:39.971195,2026-07-13T15:01:39.982990+00:00,82.7,12,bid,Zhangyue Shen,YieldingYams,1260989
2026-07-13T15:01:40.830000,2026-07-13T15:01:40.839167+00:00,82.8,6,bid,YieldingYams,Kelvin Chan,1261015
2026-07-13T15:01:41.027684,2026-07-13T15:01:41.037751+00:00,82.9,28,bid,Andy Garg,WavyWalnuts,1261023
2026-07-13T15:01:41.043461,2026-07-13T15:01:41.053613+00:00,82.8,200,ask,YieldingYams,WavyWalnuts,1261025
2026-07-13T15:01:41.075088,2026-07-13T15:01:41.086488+00:00,82.8,28,ask,YieldingYams,Jackson Wang,1261026
2026-07-13T15:01:41.366948,2026-07-13T15:01:41.377633+00:00,82.8,20,ask,YieldingYams,BrilliantBurritos,1261034
2026-07-13T15:01:41.483806,2026-07-13T15:01:41.491293+00:00,82.8,12,ask,YieldingYams,Jackson Wang,1261038
2026-07-13T15:01:42.141390,2026-07-13T15:01:42.148943+00:00,82.9,3,bid,YieldingYams,Sze-Yong Ng,1261051
2026-07-13T15:01:42.141390,2026-07-13T15:01:42.154172+00:00,82.9,5,bid,YieldingYams,Kelvin Chan,1261052
2026-07-13T15:01:42.250898,2026-07-13T15:01:42.258590+00:00,82.9,200,ask,YieldingYams,WavyWalnuts,1261057
2026-07-13T15:01:42.827878,2026-07-13T15:01:42.835985+00:00,82.9,417,ask,YieldingYams,AverageAlmonds,1261076
2026-07-13T15:01:43.069092,2026-07-13T15:01:43.076152+00:00,82.9,12,bid,Jackson Wang,AverageAlmonds,1261083
2026-07-13T15:01:43.764573,2026-07-13T15:01:43.772637+00:00,82.9,24,bid,Jackson Wang,YieldingYams,1261102
2026-07-13T15:01:44.202834,2026-07-13T15:01:44.214685+00:00,82.9,7,bid,Andre Chan,YieldingYams,1261110
2026-07-13T15:01:44.256886,2026-07-13T15:01:44.268718+00:00,82.9,12,bid,Zhangyue Shen,YieldingYams,1261113
2026-07-13T15:01:44.415310,2026-07-13T15:01:44.424438+00:00,82.8,5,ask,Sze-Yong Ng,Andre Chan,1261120
2026-07-13T15:01:44.638411,2026-07-13T15:01:44.648973+00:00,82.9,8,bid,Andre Chan,YieldingYams,1261126
2026-07-13T15:01:44.983824,2026-07-13T15:01:44.991734+00:00,82.8,8,ask,Sze-Yong Ng,Andy Garg,1261132
2026-07-13T15:01:46.081616,2026-07-13T15:01:46.088683+00:00,82.8,22,ask,Sze-Yong Ng,YieldingYams,1261157
2026-07-13T15:01:46.081616,2026-07-13T15:01:46.093712+00:00,82.8,12,ask,Jackson Wang,YieldingYams,1261158
2026-07-13T15:01:46.269891,2026-07-13T15:01:46.280313+00:00,82.8,14,bid,Andre Chan,YieldingYams,1261164
2026-07-13T15:01:46.278660,2026-07-13T15:01:46.285928+00:00,82.7,16,ask,WavyWalnuts,Andre Chan,1261166
2026-07-13T15:01:46.483289,2026-07-13T15:01:46.495300+00:00,82.8,20,bid,Andre Chan,YieldingYams,1261170
2026-07-13T15:01:46.496560,2026-07-13T15:01:46.505732+00:00,82.7,28,ask,WavyWalnuts,Andre Chan,1261172
2026-07-13T15:01:46.531653,2026-07-13T15:01:46.539858+00:00,82.8,12,bid,Zhangyue Shen,YieldingYams,1261175
2026-07-13T15:01:46.702348,2026-07-13T15:01:46.714745+00:00,82.8,23,bid,Andre Chan,YieldingYams,1261182
2026-07-13T15:01:47.098598,2026-07-13T15:01:47.107569+00:00,82.8,200,bid,WavyWalnuts,YieldingYams,1261195
2026-07-13T15:01:47.540473,2026-07-13T15:01:47.551375+00:00,82.8,23,ask,YieldingYams,Andre Chan,1261206
2026-07-13T15:01:47.744899,2026-07-13T15:01:47.756339+00:00,82.9,7,bid,Andre Chan,Andy Garg,1261208
2026-07-13T15:01:47.755534,2026-07-13T15:01:47.756339+00:00,82.8,7,ask,YieldingYams,Andre Chan,1261210
2026-07-13T15:01:47.959900,2026-07-13T15:01:47.972046+00:00,82.9,4,bid,Andre Chan,Andy Garg,1261212
2026-07-13T15:01:47.968723,2026-07-13T15:01:47.977027+00:00,82.8,4,ask,YieldingYams,Andre Chan,1261214
2026-07-13T15:01:48.172393,2026-07-13T15:01:48.183838+00:00,82.9,11,bid,Andre Chan,Andy Garg,1261221
2026-07-13T15:01:48.181171,2026-07-13T15:01:48.189369+00:00,82.8,11,ask,YieldingYams,Andre Chan,1261223
2026-07-13T15:01:48.311785,2026-07-13T15:01:48.322906+00:00,82.9,28,bid,WavyWalnuts,Andy Garg,1261229
2026-07-13T15:01:48.311785,2026-07-13T15:01:48.322906+00:00,82.9,172,bid,WavyWalnuts,YieldingYams,1261230
2026-07-13T15:01:48.385599,2026-07-13T15:01:48.397260+00:00,82.9,6,bid,Andre Chan,YieldingYams,1261234
2026-07-13T15:01:48.395951,2026-07-13T15:01:48.402291+00:00,82.8,6,ask,YieldingYams,Andre Chan,1261236
2026-07-13T15:01:48.554013,2026-07-13T15:01:48.566155+00:00,82.9,12,bid,Zhangyue Shen,YieldingYams,1261241
2026-07-13T15:01:48.573169,2026-07-13T15:01:48.584508+00:00,82.9,24,bid,Jackson Wang,YieldingYams,1261242
2026-07-13T15:01:49.053842,2026-07-13T15:01:49.057255+00:00,83.0,4,bid,Andy Garg,Kelvin Chan,1261249
2026-07-13T15:01:49.053842,2026-07-13T15:01:49.057255+00:00,83.0,46,bid,Andy Garg,YieldingYams,1261250
2026-07-13T15:01:49.521827,2026-07-13T15:01:49.532171+00:00,82.9,200,ask,YieldingYams,WavyWalnuts,1261256
2026-07-13T15:01:50.023754,2026-07-13T15:01:50.031866+00:00,82.9,14,bid,Andre Chan,YieldingYams,1261262
2026-07-13T15:01:50.585210,2026-07-13T15:01:50.596278+00:00,82.7,12,ask,YieldingYams,Zhangyue Shen,1261278
2026-07-13T15:01:50.848172,2026-07-13T15:01:50.859218+00:00,82.7,3,ask,YieldingYams,Andre Chan,1261286
2026-07-13T15:01:51.090734,2026-07-13T15:01:51.102349+00:00,82.8,12,bid,Zhangyue Shen,WavyWalnuts,1261292
2026-07-13T15:01:51.165715,2026-07-13T15:01:51.175460+00:00,82.8,34,bid,Andy Garg,WavyWalnuts,1261294
2026-07-13T15:01:52.644001,2026-07-13T15:01:52.658618+00:00,82.7,200,ask,WavyWalnuts,YieldingYams,1261334
2026-07-13T15:01:52.862507,2026-07-13T15:01:52.870722+00:00,82.5,1,ask,Kelvin Chan,Zhangyue Shen,1261335
2026-07-13T15:01:52.862507,2026-07-13T15:01:52.875942+00:00,82.5,11,ask,Andy Garg,Zhangyue Shen,1261336
2026-07-13T15:01:53.151902,2026-07-13T15:01:53.151077+00:00,82.7,200,bid,WavyWalnuts,YieldingYams,1261339
2026-07-13T15:01:54.365834,2026-07-13T15:01:54.374777+00:00,82.6,200,ask,YieldingYams,WavyWalnuts,1261373
2026-07-13T15:01:54.730847,2026-07-13T15:01:54.739847+00:00,82.6,16,ask,YieldingYams,Andy Garg,1261387
2026-07-13T15:01:54.881029,2026-07-13T15:01:54.890161+00:00,82.6,12,ask,YieldingYams,Zhangyue Shen,1261406
2026-07-13T15:01:55.097953,2026-07-13T15:01:55.105606+00:00,82.6,11,ask,YieldingYams,Andre Chan,1261414
2026-07-13T15:01:55.262338,2026-07-13T15:01:55.269618+00:00,82.6,4,ask,Kelvin Chan,YieldingYams,1261417
2026-07-13T15:01:55.574664,2026-07-13T15:01:55.584004+00:00,82.6,200,bid,WavyWalnuts,YieldingYams,1261418
2026-07-13T15:01:56.783459,2026-07-13T15:01:56.787369+00:00,82.6,14,bid,WavyWalnuts,Jackson Wang,1261451
2026-07-13T15:01:56.783459,2026-07-13T15:01:56.787369+00:00,82.7,50,bid,WavyWalnuts,Andy Garg,1261452
2026-07-13T15:01:56.783459,2026-07-13T15:01:56.797779+00:00,82.7,136,bid,WavyWalnuts,YieldingYams,1261453
2026-07-13T15:01:56.923391,2026-07-13T15:01:56.930648+00:00,82.5,3,ask,Kelvin Chan,Zhangyue Shen,1261462
2026-07-13T15:01:56.923391,2026-07-13T15:01:56.935646+00:00,82.5,9,ask,YieldingYams,Zhangyue Shen,1261463
2026-07-13T15:01:59.218884,2026-07-13T15:01:59.225440+00:00,82.5,200,ask,WavyWalnuts,YieldingYams,1261520
2026-07-13T15:02:00.426970,2026-07-13T15:02:00.436648+00:00,82.5,200,bid,WavyWalnuts,YieldingYams,1261539
2026-07-13T15:02:00.555670,2026-07-13T15:02:00.566602+00:00,82.7,200,bid,YieldingYams,WavyWalnuts,1261544
2026-07-13T15:02:00.686887,2026-07-13T15:02:00.694138+00:00,82.7,30,ask,YieldingYams,Jackson Wang,1261547
2026-07-13T15:02:00.788515,2026-07-13T15:02:00.795582+00:00,82.7,20,ask,YieldingYams,BrilliantBurritos,1261549
2026-07-13T15:02:00.991175,2026-07-13T15:02:01.001382+00:00,82.7,375,ask,YieldingYams,AverageAlmonds,1261550
2026-07-13T15:02:01.114858,2026-07-13T15:02:01.122092+00:00,82.5,2,ask,Kelvin Chan,Jackson Wang,1261557
2026-07-13T15:02:01.114858,2026-07-13T15:02:01.127695+00:00,82.5,28,ask,Andy Garg,Jackson Wang,1261558
2026-07-13T15:02:01.490734,2026-07-13T15:02:01.501029+00:00,82.5,12,ask,Andy Garg,Zhangyue Shen,1261567
2026-07-13T15:02:02.846120,2026-07-13T15:02:02.858611+00:00,82.5,2,ask,Kelvin Chan,WavyWalnuts,1261596
2026-07-13T15:02:02.846120,2026-07-13T15:02:02.858611+00:00,82.5,17,ask,Jackson Wang,WavyWalnuts,1261597
2026-07-13T15:02:02.846120,2026-07-13T15:02:02.858611+00:00,82.5,181,ask,YieldingYams,WavyWalnuts,1261598
2026-07-13T15:02:03.088738,2026-07-13T15:02:03.097121+00:00,82.5,20,ask,YieldingYams,Jackson Wang,1261614
2026-07-13T15:02:03.178246,2026-07-13T15:02:03.185056+00:00,82.5,1,ask,Kelvin Chan,YieldingYams,1261624
2026-07-13T15:02:03.247882,2026-07-13T15:02:03.255403+00:00,82.5,18,bid,Andy Garg,YieldingYams,1261629
2026-07-13T15:02:03.255383,2026-07-13T15:02:03.266236+00:00,82.5,12,bid,Zhangyue Shen,YieldingYams,1261630
2026-07-13T15:02:03.311538,2026-07-13T15:02:03.321474+00:00,82.5,16,bid,Andre Chan,YieldingYams,1261633
2026-07-13T15:02:04.521623,2026-07-13T15:02:04.530829+00:00,82.4,20,bid,Peter Chen,YieldingYams,1261670
2026-07-13T15:02:04.583767,2026-07-13T15:02:04.593900+00:00,82.4,20,bid,Peter Chen,YieldingYams,1261674
2026-07-13T15:02:04.644578,2026-07-13T15:02:04.658551+00:00,82.4,20,bid,Peter Chen,YieldingYams,1261678
2026-07-13T15:02:05.176830,2026-07-13T15:02:05.184051+00:00,82.3,1,ask,Kelvin Chan,YieldingYams,1261690
2026-07-13T15:02:05.333816,2026-07-13T15:02:05.342449+00:00,82.3,1,ask,Jackson Wang,Andre Chan,1261697
2026-07-13T15:02:05.386196,2026-07-13T15:02:05.394164+00:00,82.4,16,bid,Jackson Wang,YieldingYams,1261702
2026-07-13T15:02:05.806789,2026-07-13T15:02:05.817009+00:00,82.3,39,ask,Sze-Yong Ng,YieldingYams,1261707
2026-07-13T15:02:05.806789,2026-07-13T15:02:05.817009+00:00,82.3,1,ask,Jackson Wang,Andy Garg,1261708
2026-07-13T15:02:05.806789,2026-07-13T15:02:05.817009+00:00,82.3,200,ask,WavyWalnuts,YieldingYams,1261709
2026-07-13T15:02:05.956216,2026-07-13T15:02:05.965785+00:00,82.2,3,ask,AverageAlmonds,Andy Garg,1261716
2026-07-13T15:02:06.809985,2026-07-13T15:02:06.817213+00:00,82.2,15,ask,AverageAlmonds,Andre Chan,1261741
2026-07-13T15:02:07.010291,2026-07-13T15:02:07.019239+00:00,82.2,31,ask,AverageAlmonds,Andy Garg,1261745
2026-07-13T15:02:07.039244,2026-07-13T15:02:07.050481+00:00,82.3,385,bid,AverageAlmonds,YieldingYams,1261746
2026-07-13T15:02:07.039244,2026-07-13T15:02:07.050481+00:00,82.3,115,bid,AverageAlmonds,WavyWalnuts,1261747
2026-07-13T15:02:07.082981,2026-07-13T15:02:07.095819+00:00,82.2,12,ask,Jackson Wang,Zhangyue Shen,1261749
2026-07-13T15:02:07.118912,2026-07-13T15:02:07.126967+00:00,82.3,85,bid,YieldingYams,WavyWalnuts,1261751
2026-07-13T15:02:07.118912,2026-07-13T15:02:07.132181+00:00,82.5,50,bid,YieldingYams,Andy Garg,1261752
2026-07-13T15:02:07.158331,2026-07-13T15:02:07.170493+00:00,82.6,50,ask,YieldingYams,Peter Chen,1261753
2026-07-13T15:02:07.220987,2026-07-13T15:02:07.233168+00:00,82.6,10,ask,YieldingYams,Peter Chen,1261755
2026-07-13T15:02:07.351626,2026-07-13T15:02:07.363807+00:00,82.7,10,bid,Zhangyue Shen,Scott Bagby,1261763
2026-07-13T15:02:07.351626,2026-07-13T15:02:07.363807+00:00,82.7,2,bid,Zhangyue Shen,Sze-Yong Ng,1261764
2026-07-13T15:02:07.384593,2026-07-13T15:02:07.396505+00:00,82.7,33,bid,Jackson Wang,Sze-Yong Ng,1261766
2026-07-13T15:02:07.384593,2026-07-13T15:02:07.396505+00:00,82.8,9,bid,Jackson Wang,Kelvin Chan,1261767
2026-07-13T15:02:07.514978,2026-07-13T15:02:07.523297+00:00,82.6,25,ask,YieldingYams,Dinh Nguyen,1261770
2026-07-13T15:02:07.547359,2026-07-13T15:02:07.554406+00:00,82.6,10,ask,YieldingYams,Jackson Wang,1261775
2026-07-13T15:02:07.696610,2026-07-13T15:02:07.704017+00:00,82.6,200,ask,YieldingYams,WavyWalnuts,1261777
2026-07-13T15:02:07.932603,2026-07-13T15:02:07.943612+00:00,82.7,9,bid,Andy Garg,Kelvin Chan,1261786
2026-07-13T15:02:08.118263,2026-07-13T15:02:08.126746+00:00,82.8,12,bid,Zhangyue Shen,YieldingYams,1261791
2026-07-13T15:02:08.289096,2026-07-13T15:02:08.300842+00:00,82.8,20,bid,BrilliantBurritos,YieldingYams,1261795
2026-07-13T15:02:08.437025,2026-07-13T15:02:08.458645+00:00,82.6,12,ask,Sze-Yong Ng,YieldingYams,1261800
2026-07-13T15:02:08.437025,2026-07-13T15:02:08.458645+00:00,82.6,12,ask,Jackson Wang,YieldingYams,1261801
2026-07-13T15:02:08.437025,2026-07-13T15:02:08.458645+00:00,82.5,50,ask,Andy Garg,YieldingYams,1261802
2026-07-13T15:02:08.447919,2026-07-13T15:02:08.458645+00:00,82.5,20,bid,Peter Chen,YieldingYams,1261804
2026-07-13T15:02:08.474742,2026-07-13T15:02:08.482698+00:00,82.5,25,bid,Andre Chan,YieldingYams,1261805
2026-07-13T15:02:08.513672,2026-07-13T15:02:08.524493+00:00,82.5,20,bid,Peter Chen,YieldingYams,1261809
2026-07-13T15:02:08.634790,2026-07-13T15:02:08.642501+00:00,82.4,12,ask,Scott Bagby,Zhangyue Shen,1261812
2026-07-13T15:02:09.256007,2026-07-13T15:02:09.267445+00:00,82.5,2,bid,Dinh Nguyen,YieldingYams,1261827
2026-07-13T15:02:09.641475,2026-07-13T15:02:09.648476+00:00,82.5,18,bid,Andy Garg,YieldingYams,1261840
2026-07-13T15:02:09.644345,2026-07-13T15:02:09.648476+00:00,82.5,12,bid,Zhangyue Shen,YieldingYams,1261841
2026-07-13T15:02:09.755199,2026-07-13T15:02:09.758560+00:00,82.4,8,ask,Sze-Yong Ng,YieldingYams,1261842
2026-07-13T15:02:09.755199,2026-07-13T15:02:09.768921+00:00,82.4,8,ask,Scott Bagby,YieldingYams,1261843
2026-07-13T15:02:09.755199,2026-07-13T15:02:09.768921+00:00,82.4,200,ask,WavyWalnuts,YieldingYams,1261844
2026-07-13T15:02:09.755199,2026-07-13T15:02:09.768921+00:00,82.4,2,ask,Kelvin Chan,YieldingYams,1261845
2026-07-13T15:02:09.755199,2026-07-13T15:02:09.768921+00:00,82.4,407,ask,AverageAlmonds,YieldingYams,1261846
2026-07-13T15:02:10.154975,2026-07-13T15:02:10.166338+00:00,82.5,20,bid,Peter Chen,WavyWalnuts,1261854
2026-07-13T15:02:10.214013,2026-07-13T15:02:10.221022+00:00,82.5,20,bid,Peter Chen,WavyWalnuts,1261856
2026-07-13T15:02:10.274657,2026-07-13T15:02:10.285520+00:00,82.5,20,bid,Peter Chen,WavyWalnuts,1261862
2026-07-13T15:02:10.334389,2026-07-13T15:02:10.346137+00:00,82.5,20,bid,Peter Chen,WavyWalnuts,1261867
2026-07-13T15:02:10.738013,2026-07-13T15:02:10.745638+00:00,82.5,25,bid,Dinh Nguyen,WavyWalnuts,1261884
2026-07-13T15:02:11.067452,2026-07-13T15:02:11.078750+00:00,82.5,95,bid,YieldingYams,WavyWalnuts,1261892
2026-07-13T15:02:11.392965,2026-07-13T15:02:11.400721+00:00,82.5,25,ask,YieldingYams,Andre Chan,1261904
2026-07-13T15:02:11.494719,2026-07-13T15:02:11.506614+00:00,82.5,18,ask,YieldingYams,Jackson Wang,1261905
2026-07-13T15:02:11.670321,2026-07-13T15:02:11.681766+00:00,82.6,12,bid,Zhangyue Shen,WavyWalnuts,1261912
2026-07-13T15:02:11.770432,2026-07-13T15:02:11.779397+00:00,82.6,9,bid,Andy Garg,WavyWalnuts,1261916
2026-07-13T15:02:12.541540,2026-07-13T15:02:12.558583+00:00,82.5,12,ask,Jackson Wang,WavyWalnuts,1261930
2026-07-13T15:02:12.541540,2026-07-13T15:02:12.558583+00:00,82.5,188,ask,AverageAlmonds,WavyWalnuts,1261931
2026-07-13T15:02:13.222479,2026-07-13T15:02:13.229365+00:00,82.6,11,bid,Andre Chan,Sze-Yong Ng,1261946
2026-07-13T15:02:13.428891,2026-07-13T15:02:13.438702+00:00,82.4,3,ask,Kelvin Chan,Zhangyue Shen,1261957
2026-07-13T15:02:13.428891,2026-07-13T15:02:13.438702+00:00,82.4,9,ask,YieldingYams,Zhangyue Shen,1261958
2026-07-13T15:02:13.435904,2026-07-13T15:02:13.443918+00:00,82.4,15,ask,YieldingYams,Andy Garg,1261959
2026-07-13T15:02:13.716519,2026-07-13T15:02:13.725856+00:00,82.6,13,bid,YieldingYams,Sze-Yong Ng,1261964
2026-07-13T15:02:13.750780,2026-07-13T15:02:13.758595+00:00,82.7,7,bid,WavyWalnuts,Kelvin Chan,1261967
2026-07-13T15:02:13.750780,2026-07-13T15:02:13.758595+00:00,82.7,193,bid,WavyWalnuts,YieldingYams,1261968
2026-07-13T15:02:13.847497,2026-07-13T15:02:13.855002+00:00,82.6,25,ask,YieldingYams,Andre Chan,1261975
2026-07-13T15:02:13.889575,2026-07-13T15:02:13.896558+00:00,82.6,20,ask,YieldingYams,BrilliantBurritos,1261977
2026-07-13T15:02:14.253453,2026-07-13T15:02:14.264731+00:00,82.7,20,bid,Peter Chen,YieldingYams,1261985
2026-07-13T15:02:14.444676,2026-07-13T15:02:14.458538+00:00,82.7,12,bid,Zhangyue Shen,YieldingYams,1261991
2026-07-13T15:02:14.470490,2026-07-13T15:02:14.477675+00:00,82.7,11,bid,Andre Chan,YieldingYams,1261993
2026-07-13T15:02:14.526076,2026-07-13T15:02:14.532577+00:00,82.6,11,ask,YieldingYams,Andy Garg,1261994
2026-07-13T15:02:14.972648,2026-07-13T15:02:14.980282+00:00,82.6,200,ask,YieldingYams,WavyWalnuts,1262006
2026-07-13T15:02:15.128273,2026-07-13T15:02:15.134927+00:00,82.7,3,bid,Andre Chan,Kelvin Chan,1262012
2026-07-13T15:02:15.185239,2026-07-13T15:02:15.192875+00:00,82.6,3,ask,YieldingYams,Andy Garg,1262013
2026-07-13T15:02:15.332442,2026-07-13T15:02:15.344362+00:00,82.6,6,ask,YieldingYams,Andy Garg,1262016
2026-07-13T15:02:15.342218,2026-07-13T15:02:15.349599+00:00,82.7,3,bid,Andre Chan,Kelvin Chan,1262018
2026-07-13T15:02:15.342218,2026-07-13T15:02:15.354614+00:00,82.7,3,bid,Andre Chan,YieldingYams,1262019
2026-07-13T15:02:15.390639,2026-07-13T15:02:15.398690+00:00,82.6,6,ask,YieldingYams,Andre Chan,1262020
2026-07-13T15:02:15.548255,2026-07-13T15:02:15.560191+00:00,82.6,4,ask,YieldingYams,Andre Chan,1262027
2026-07-13T15:02:15.559946,2026-07-13T15:02:15.570633+00:00,82.7,4,bid,Andre Chan,YieldingYams,1262029
2026-07-13T15:02:15.604318,2026-07-13T15:02:15.613022+00:00,82.7,15,bid,Andy Garg,YieldingYams,1262037
2026-07-13T15:02:15.765594,2026-07-13T15:02:15.777271+00:00,82.6,7,ask,YieldingYams,Andre Chan,1262041
2026-07-13T15:02:15.782874,2026-07-13T15:02:15.792970+00:00,82.7,7,bid,Andre Chan,YieldingYams,1262043
2026-07-13T15:02:15.824607,2026-07-13T15:02:15.833535+00:00,82.6,7,ask,YieldingYams,Andy Garg,1262044
2026-07-13T15:02:16.182784,2026-07-13T15:02:16.193716+00:00,82.6,200,ask,YieldingYams,WavyWalnuts,1262053
2026-07-13T15:02:16.394495,2026-07-13T15:02:16.401141+00:00,82.6,1,bid,Andre Chan,YieldingYams,1262058
2026-07-13T15:02:16.420352,2026-07-13T15:02:16.432624+00:00,82.6,20,bid,Peter Chen,YieldingYams,1262061
2026-07-13T15:02:16.811942,2026-07-13T15:02:16.822063+00:00,82.5,1,ask,YieldingYams,Andre Chan,1262073
2026-07-13T15:02:17.494336,2026-07-13T15:02:17.503222+00:00,82.5,18,ask,YieldingYams,Andy Garg,1262102
2026-07-13T15:02:17.708059,2026-07-13T15:02:17.719939+00:00,82.4,4,ask,Kelvin Chan,Zhangyue Shen,1262105
2026-07-13T15:02:17.708059,2026-07-13T15:02:17.719939+00:00,82.4,8,ask,AverageAlmonds,Zhangyue Shen,1262106
2026-07-13T15:02:17.959691,2026-07-13T15:02:17.967593+00:00,82.6,2,bid,Andy Garg,WavyWalnuts,1262117
2026-07-13T15:02:18.171997,2026-07-13T15:02:18.183926+00:00,82.6,36,bid,Andy Garg,WavyWalnuts,1262122
2026-07-13T15:02:18.222855,2026-07-13T15:02:18.234730+00:00,82.6,12,bid,Zhangyue Shen,WavyWalnuts,1262123
2026-07-13T15:02:18.963992,2026-07-13T15:02:18.974640+00:00,82.5,10,ask,Kelvin Chan,YieldingYams,1262140
2026-07-13T15:02:18.963992,2026-07-13T15:02:18.974640+00:00,82.5,500,ask,AverageAlmonds,YieldingYams,1262141
2026-07-13T15:02:18.963992,2026-07-13T15:02:18.974640+00:00,82.5,115,ask,WavyWalnuts,YieldingYams,1262142
2026-07-13T15:02:19.764871,2026-07-13T15:02:19.775048+00:00,82.7,12,bid,Zhangyue Shen,WavyWalnuts,1262158
2026-07-13T15:02:20.274731,2026-07-13T15:02:20.283691+00:00,82.5,50,ask,AverageAlmonds,Andy Garg,1262176
2026-07-13T15:02:20.287525,2026-07-13T15:02:20.294487+00:00,82.5,12,ask,WavyWalnuts,Zhangyue Shen,1262177
2026-07-13T15:02:20.713533,2026-07-13T15:02:20.724813+00:00,82.7,30,bid,Andy Garg,WavyWalnuts,1262188
2026-07-13T15:02:20.805389,2026-07-13T15:02:20.815992+00:00,82.5,12,ask,AverageAlmonds,Zhangyue Shen,1262194
2026-07-13T15:02:20.940156,2026-07-13T15:02:20.951142+00:00,82.5,5,ask,WavyWalnuts,Andy Garg,1262198
2026-07-13T15:02:21.588489,2026-07-13T15:02:21.597262+00:00,82.6,200,bid,YieldingYams,WavyWalnuts,1262204
2026-07-13T15:02:22.261520,2026-07-13T15:02:22.272591+00:00,82.7,25,ask,WavyWalnuts,Andy Garg,1262227
2026-07-13T15:02:22.322813,2026-07-13T15:02:22.334311+00:00,82.7,9,ask,WavyWalnuts,Andre Chan,1262229
2026-07-13T15:02:22.682420,2026-07-13T15:02:22.694089+00:00,82.7,20,ask,WavyWalnuts,BrilliantBurritos,1262238
2026-07-13T15:02:22.748698,2026-07-13T15:02:22.758546+00:00,82.8,9,bid,Andre Chan,YieldingYams,1262240
2026-07-13T15:02:22.900493,2026-07-13T15:02:22.916253+00:00,82.7,146,ask,WavyWalnuts,YieldingYams,1262245
2026-07-13T15:02:22.900493,2026-07-13T15:02:22.916253+00:00,82.6,50,ask,Andy Garg,YieldingYams,1262246
2026-07-13T15:02:22.948050,2026-07-13T15:02:22.958875+00:00,82.6,20,bid,Peter Chen,YieldingYams,1262249
2026-07-13T15:02:23.008404,2026-07-13T15:02:23.017648+00:00,82.6,20,bid,Peter Chen,YieldingYams,1262252
2026-07-13T15:02:23.432026,2026-07-13T15:02:23.458621+00:00,82.6,200,bid,WavyWalnuts,YieldingYams,1262257
2026-07-13T15:02:23.558914,2026-07-13T15:02:23.570828+00:00,82.4,10,ask,Scott Bagby,BrilliantBurritos,1262259
2026-07-13T15:02:23.558914,2026-07-13T15:02:23.570828+00:00,82.4,10,ask,Kelvin Chan,BrilliantBurritos,1262260
2026-07-13T15:02:24.638880,2026-07-13T15:02:24.646830+00:00,82.6,200,bid,WavyWalnuts,YieldingYams,1262293
2026-07-13T15:02:26.451132,2026-07-13T15:02:26.457339+00:00,82.5,9,ask,Kelvin Chan,Andy Garg,1262321
2026-07-13T15:02:26.451132,2026-07-13T15:02:26.457339+00:00,82.5,22,ask,WavyWalnuts,Andy Garg,1262322
2026-07-13T15:02:26.590655,2026-07-13T15:02:26.598307+00:00,82.5,12,ask,WavyWalnuts,Zhangyue Shen,1262332
2026-07-13T15:02:28.144766,2026-07-13T15:02:28.153922+00:00,82.5,500,ask,AverageAlmonds,YieldingYams,1262367
2026-07-13T15:02:28.207567,2026-07-13T15:02:28.216104+00:00,82.5,125,bid,AverageAlmonds,YieldingYams,1262368
2026-07-13T15:02:28.715015,2026-07-13T15:02:28.722039+00:00,82.5,19,ask,AverageAlmonds,Andy Garg,1262380
2026-07-13T15:02:29.113811,2026-07-13T15:02:29.125382+00:00,82.5,20,ask,AverageAlmonds,Jackson Wang,1262393
2026-07-13T15:02:29.354660,2026-07-13T15:02:29.358551+00:00,82.6,12,bid,Zhangyue Shen,WavyWalnuts,1262407
2026-07-13T15:02:29.371324,2026-07-13T15:02:29.382928+00:00,82.6,8,bid,Andy Garg,WavyWalnuts,1262408
2026-07-13T15:02:29.462464,2026-07-13T15:02:29.469842+00:00,82.6,180,bid,YieldingYams,WavyWalnuts,1262410
2026-07-13T15:02:29.462464,2026-07-13T15:02:29.475080+00:00,82.6,14,bid,YieldingYams,Jackson Wang,1262411
2026-07-13T15:02:29.475570,2026-07-13T15:02:29.485609+00:00,82.6,20,ask,YieldingYams,Peter Chen,1262412
2026-07-13T15:02:29.544749,2026-07-13T15:02:29.558616+00:00,82.6,20,ask,YieldingYams,Jackson Wang,1262421
2026-07-13T15:02:29.576838,2026-07-13T15:02:29.588230+00:00,82.7,8,bid,Andy Garg,WavyWalnuts,1262425
2026-07-13T15:02:29.692666,2026-07-13T15:02:29.706803+00:00,82.6,7,ask,YieldingYams,Andre Chan,1262427
2026-07-13T15:02:29.915004,2026-07-13T15:02:29.926938+00:00,82.6,20,ask,YieldingYams,Peter Chen,1262433
2026-07-13T15:02:30.130879,2026-07-13T15:02:30.140661+00:00,82.7,3,bid,Andre Chan,WavyWalnuts,1262438
2026-07-13T15:02:30.322589,2026-07-13T15:02:30.334612+00:00,82.6,9,ask,YieldingYams,Jackson Wang,1262442
2026-07-13T15:02:30.720472,2026-07-13T15:02:30.731913+00:00,82.6,5,ask,YieldingYams,Jackson Wang,1262457
2026-07-13T15:02:30.844581,2026-07-13T15:02:30.858652+00:00,82.6,50,ask,WavyWalnuts,Andy Garg,1262461
2026-07-13T15:02:30.960643,2026-07-13T15:02:30.969155+00:00,82.7,4,bid,Andre Chan,WavyWalnuts,1262463
2026-07-13T15:02:31.973790,2026-07-13T15:02:31.985683+00:00,82.6,8,ask,YieldingYams,Andre Chan,1262492
2026-07-13T15:02:32.262217,2026-07-13T15:02:32.269451+00:00,82.6,20,ask,AverageAlmonds,Peter Chen,1262502
2026-07-13T15:02:32.600552,2026-07-13T15:02:32.611773+00:00,82.7,1,bid,Andre Chan,YieldingYams,1262513
2026-07-13T15:02:32.725432,2026-07-13T15:02:32.734374+00:00,82.7,1,bid,Andy Garg,YieldingYams,1262516
2026-07-13T15:02:32.979251,2026-07-13T15:02:32.991131+00:00,82.7,20,bid,BrilliantBurritos,YieldingYams,1262523
2026-07-13T15:02:33.131237,2026-07-13T15:02:33.142023+00:00,82.6,12,ask,YieldingYams,Jackson Wang,1262529
2026-07-13T15:02:33.422495,2026-07-13T15:02:33.458531+00:00,82.7,7,bid,Andre Chan,WavyWalnuts,1262538
2026-07-13T15:02:33.426898,2026-07-13T15:02:33.458531+00:00,82.6,20,ask,YieldingYams,Peter Chen,1262539
2026-07-13T15:02:33.775359,2026-07-13T15:02:33.784927+00:00,82.6,20,ask,YieldingYams,BrilliantBurritos,1262551
2026-07-13T15:02:33.925786,2026-07-13T15:02:33.937255+00:00,82.6,12,ask,YieldingYams,Jackson Wang,1262557
2026-07-13T15:02:34.358589,2026-07-13T15:02:34.369549+00:00,82.6,200,ask,YieldingYams,WavyWalnuts,1262564
2026-07-13T15:02:35.035062,2026-07-13T15:02:35.044821+00:00,82.6,7,ask,Jackson Wang,Andre Chan,1262589
2026-07-13T15:02:35.272001,2026-07-13T15:02:35.280091+00:00,82.6,22,ask,Jackson Wang,Dinh Nguyen,1262597
2026-07-13T15:02:35.272001,2026-07-13T15:02:35.280091+00:00,82.6,3,ask,YieldingYams,Dinh Nguyen,1262598
2026-07-13T15:02:35.458344,2026-07-13T15:02:35.465103+00:00,82.7,5,bid,Andre Chan,Sze-Yong Ng,1262602
2026-07-13T15:02:35.529707,2026-07-13T15:02:35.538122+00:00,82.6,12,ask,YieldingYams,Jackson Wang,1262605
2026-07-13T15:02:35.583097,2026-07-13T15:02:35.591078+00:00,82.6,200,ask,YieldingYams,WavyWalnuts,1262609
2026-07-13T15:02:35.601089,2026-07-13T15:02:35.612276+00:00,82.6,20,ask,YieldingYams,Peter Chen,1262612
2026-07-13T15:02:35.932764,2026-07-13T15:02:35.942943+00:00,82.6,12,ask,YieldingYams,Jackson Wang,1262625
2026-07-13T15:02:36.794947,2026-07-13T15:02:36.804212+00:00,82.6,200,ask,AverageAlmonds,WavyWalnuts,1262643
2026-07-13T15:02:37.007060,2026-07-13T15:02:37.014593+00:00,82.7,2,bid,Dinh Nguyen,Sze-Yong Ng,1262652
2026-07-13T15:02:37.340330,2026-07-13T15:02:37.347805+00:00,82.6,500,ask,AverageAlmonds,YieldingYams,1262657
2026-07-13T15:02:37.646643,2026-07-13T15:02:37.658721+00:00,82.5,12,ask,Jackson Wang,Zhangyue Shen,1262662
2026-07-13T15:02:37.903661,2026-07-13T15:02:37.915127+00:00,82.6,125,bid,AverageAlmonds,YieldingYams,1262665
2026-07-13T15:02:37.903661,2026-07-13T15:02:37.915127+00:00,82.6,25,bid,AverageAlmonds,Sze-Yong Ng,1262666
2026-07-13T15:02:37.937390,2026-07-13T15:02:37.946552+00:00,82.8,1,bid,BrilliantBurritos,Kelvin Chan,1262667
2026-07-13T15:02:37.937390,2026-07-13T15:02:37.946552+00:00,82.8,19,bid,BrilliantBurritos,Andy Garg,1262668
2026-07-13T15:02:38.007274,2026-07-13T15:02:38.016218+00:00,82.6,200,ask,AverageAlmonds,WavyWalnuts,1262673
2026-07-13T15:02:38.217509,2026-07-13T15:02:38.224964+00:00,82.7,20,bid,Jackson Wang,Scott Bagby,1262679
2026-07-13T15:02:38.217509,2026-07-13T15:02:38.230202+00:00,82.8,4,bid,Jackson Wang,Andy Garg,1262680
2026-07-13T15:02:38.680880,2026-07-13T15:02:38.691435+00:00,82.7,12,ask,YieldingYams,Zhangyue Shen,1262695
2026-07-13T15:02:39.149779,2026-07-13T15:02:39.158568+00:00,82.7,4,ask,YieldingYams,Jackson Wang,1262711
2026-07-13T15:02:39.214137,2026-07-13T15:02:39.223188+00:00,82.7,200,ask,YieldingYams,WavyWalnuts,1262712
2026-07-13T15:02:39.531859,2026-07-13T15:02:39.538562+00:00,82.8,2,bid,Dinh Nguyen,Kelvin Chan,1262722
2026-07-13T15:02:39.627927,2026-07-13T15:02:39.639698+00:00,82.7,20,ask,YieldingYams,Peter Chen,1262725
2026-07-13T15:02:39.639644,2026-07-13T15:02:39.650081+00:00,82.7,18,ask,YieldingYams,Andre Chan,1262727
2026-07-13T15:02:39.687649,2026-07-13T15:02:39.699026+00:00,82.7,20,ask,YieldingYams,Peter Chen,1262730
2026-07-13T15:02:39.747648,2026-07-13T15:02:39.758581+00:00,82.7,20,ask,YieldingYams,Peter Chen,1262732
2026-07-13T15:02:39.808545,2026-07-13T15:02:39.816122+00:00,82.7,20,ask,YieldingYams,Peter Chen,1262735
2026-07-13T15:02:39.867548,2026-07-13T15:02:39.874376+00:00,82.7,20,ask,YieldingYams,Jackson Wang,1262741
2026-07-13T15:02:39.928557,2026-07-13T15:02:39.937821+00:00,82.7,20,ask,YieldingYams,Peter Chen,1262744
2026-07-13T15:02:40.422483,2026-07-13T15:02:40.429593+00:00,82.6,200,ask,YieldingYams,WavyWalnuts,1262753
2026-07-13T15:02:41.270675,2026-07-13T15:02:41.280822+00:00,82.6,12,ask,Jackson Wang,YieldingYams,1262773
2026-07-13T15:02:41.416746,2026-07-13T15:02:41.428375+00:00,82.6,30,bid,Jackson Wang,YieldingYams,1262783
2026-07-13T15:02:41.465327,2026-07-13T15:02:41.474101+00:00,82.5,12,ask,AverageAlmonds,Zhangyue Shen,1262784
2026-07-13T15:02:42.013017,2026-07-13T15:02:42.024586+00:00,82.6,2,bid,Dinh Nguyen,YieldingYams,1262795
2026-07-13T15:02:43.266077,2026-07-13T15:02:43.276211+00:00,82.6,2,bid,Dinh Nguyen,Sze-Yong Ng,1262819
2026-07-13T15:02:43.484020,2026-07-13T15:02:43.495845+00:00,82.6,5,bid,Andy Garg,Sze-Yong Ng,1262832
2026-07-13T15:02:43.484020,2026-07-13T15:02:43.495845+00:00,82.6,45,bid,Andy Garg,WavyWalnuts,1262833
2026-07-13T15:02:43.964847,2026-07-13T15:02:43.975584+00:00,82.6,155,bid,AverageAlmonds,WavyWalnuts,1262837
2026-07-13T15:02:43.964847,2026-07-13T15:02:43.975584+00:00,82.6,345,bid,AverageAlmonds,YieldingYams,1262838
2026-07-13T15:02:44.496064,2026-07-13T15:02:44.507706+00:00,82.6,2,bid,Dinh Nguyen,YieldingYams,1262841
2026-07-13T15:02:44.556405,2026-07-13T15:02:44.558583+00:00,82.6,278,bid,AverageAlmonds,YieldingYams,1262842
2026-07-13T15:02:44.556405,2026-07-13T15:02:44.569385+00:00,82.6,200,bid,AverageAlmonds,WavyWalnuts,1262843
2026-07-13T15:02:45.196839,2026-07-13T15:02:45.207479+00:00,82.8,1,bid,YieldingYams,Kelvin Chan,1262860
2026-07-13T15:02:45.196839,2026-07-13T15:02:45.207479+00:00,82.8,10,bid,YieldingYams,Scott Bagby,1262861
2026-07-13T15:02:45.196839,2026-07-13T15:02:45.207479+00:00,82.9,50,bid,YieldingYams,Andy Garg,1262862
2026-07-13T15:02:45.279572,2026-07-13T15:02:45.291171+00:00,82.9,200,ask,YieldingYams,WavyWalnuts,1262865
2026-07-13T15:02:45.411990,2026-07-13T15:02:45.420075+00:00,83.0,71,bid,Andy Garg,YieldingYams,1262881
2026-07-13T15:02:45.427128,2026-07-13T15:02:45.435707+00:00,82.9,50,ask,YieldingYams,Andy Garg,1262882
2026-07-13T15:02:45.512817,2026-07-13T15:02:45.520471+00:00,83.0,12,bid,Zhangyue Shen,YieldingYams,1262888
2026-07-13T15:02:45.540399,2026-07-13T15:02:45.549786+00:00,82.9,30,ask,YieldingYams,Jackson Wang,1262890
2026-07-13T15:02:45.637755,2026-07-13T15:02:45.646292+00:00,82.9,50,ask,YieldingYams,Andy Garg,1262893
2026-07-13T15:02:45.741019,2026-07-13T15:02:45.750350+00:00,83.0,2,bid,Dinh Nguyen,YieldingYams,1262894
2026-07-13T15:02:45.935492,2026-07-13T15:02:45.944768+00:00,82.9,20,ask,YieldingYams,Jackson Wang,1262902
2026-07-13T15:02:46.133513,2026-07-13T15:02:46.141023+00:00,83.0,8,bid,Andre Chan,YieldingYams,1262909
2026-07-13T15:02:46.492551,2026-07-13T15:02:46.499376+00:00,82.9,200,ask,YieldingYams,WavyWalnuts,1262920
2026-07-13T15:02:46.517810,2026-07-13T15:02:46.525161+00:00,82.9,50,ask,Andy Garg,YieldingYams,1262922
2026-07-13T15:02:46.517810,2026-07-13T15:02:46.530417+00:00,82.9,24,ask,Jackson Wang,YieldingYams,1262923
2026-07-13T15:02:46.730079,2026-07-13T15:02:46.739035+00:00,82.9,12,bid,Jackson Wang,YieldingYams,1262932
2026-07-13T15:02:46.992664,2026-07-13T15:02:46.999977+00:00,82.9,2,bid,Dinh Nguyen,YieldingYams,1262933
2026-07-13T15:02:47.415484,2026-07-13T15:02:47.427180+00:00,82.8,20,ask,Andy Garg,BrilliantBurritos,1262943
2026-07-13T15:02:47.704302,2026-07-13T15:02:47.714000+00:00,82.8,30,ask,Andy Garg,WavyWalnuts,1262953
2026-07-13T15:02:47.704302,2026-07-13T15:02:47.714000+00:00,82.8,39,ask,Sze-Yong Ng,WavyWalnuts,1262954
2026-07-13T15:02:47.752931,2026-07-13T15:02:47.763797+00:00,82.7,6,ask,YieldingYams,Andy Garg,1262956
2026-07-13T15:02:47.827705,2026-07-13T15:02:47.841859+00:00,82.8,131,bid,YieldingYams,WavyWalnuts,1262960
2026-07-13T15:02:48.919547,2026-07-13T15:02:48.926829+00:00,82.8,200,ask,YieldingYams,WavyWalnuts,1262988
2026-07-13T15:02:49.246550,2026-07-13T15:02:49.255167+00:00,82.7,20,ask,Scott Bagby,Andy Garg,1262997
2026-07-13T15:02:49.246550,2026-07-13T15:02:49.255167+00:00,82.7,10,ask,AverageAlmonds,Andy Garg,1262998
2026-07-13T15:02:49.379625,2026-07-13T15:02:49.389636+00:00,82.8,12,bid,Andre Chan,YieldingYams,1263002
2026-07-13T15:02:49.458088,2026-07-13T15:02:49.469789+00:00,82.8,2,bid,Dinh Nguyen,YieldingYams,1263003
2026-07-13T15:02:49.569453,2026-07-13T15:02:49.579361+00:00,82.6,10,ask,Kelvin Chan,Zhangyue Shen,1263006
2026-07-13T15:02:49.569453,2026-07-13T15:02:49.579361+00:00,82.6,2,ask,WavyWalnuts,Zhangyue Shen,1263007
2026-07-13T15:02:49.826412,2026-07-13T15:02:49.835855+00:00,82.6,12,ask,WavyWalnuts,Zhangyue Shen,1263016
2026-07-13T15:02:49.929053,2026-07-13T15:02:49.939428+00:00,82.6,7,ask,WavyWalnuts,Andy Garg,1263017
2026-07-13T15:02:50.138812,2026-07-13T15:02:50.147468+00:00,82.8,11,bid,Andy Garg,YieldingYams,1263032
2026-07-13T15:02:50.640127,2026-07-13T15:02:50.647793+00:00,82.7,3,ask,YieldingYams,Andre Chan,1263048
2026-07-13T15:02:50.756665,2026-07-13T15:02:50.768315+00:00,82.7,22,ask,YieldingYams,Jackson Wang,1263053
2026-07-13T15:02:50.807659,2026-07-13T15:02:50.815117+00:00,82.8,3,bid,Andy Garg,WavyWalnuts,1263054
2026-07-13T15:02:51.178560,2026-07-13T15:02:51.190318+00:00,82.8,20,bid,BrilliantBurritos,WavyWalnuts,1263058
2026-07-13T15:02:51.273656,2026-07-13T15:02:51.284581+00:00,82.8,3,bid,Andre Chan,WavyWalnuts,1263060
2026-07-13T15:02:51.540852,2026-07-13T15:02:51.550236+00:00,82.7,9,ask,YieldingYams,Jackson Wang,1263069
2026-07-13T15:02:51.761032,2026-07-13T15:02:51.769524+00:00,82.7,200,ask,WavyWalnuts,YieldingYams,1263072
2026-07-13T15:02:52.432679,2026-07-13T15:02:52.446001+00:00,82.7,425,bid,AverageAlmonds,YieldingYams,1263084
2026-07-13T15:02:52.432679,2026-07-13T15:02:52.446001+00:00,82.7,32,bid,AverageAlmonds,Sze-Yong Ng,1263085
2026-07-13T15:02:52.706337,2026-07-13T15:02:52.718327+00:00,82.8,20,bid,BrilliantBurritos,WavyWalnuts,1263095
2026-07-13T15:02:52.743010,2026-07-13T15:02:52.752229+00:00,82.7,6,ask,AverageAlmonds,Jackson Wang,1263096
2026-07-13T15:02:53.067717,2026-07-13T15:02:53.074741+00:00,82.8,180,bid,YieldingYams,WavyWalnuts,1263105
2026-07-13T15:02:53.067717,2026-07-13T15:02:53.080140+00:00,82.9,10,bid,YieldingYams,Scott Bagby,1263106
2026-07-13T15:02:53.067717,2026-07-13T15:02:53.080140+00:00,82.9,5,bid,YieldingYams,Kelvin Chan,1263107
2026-07-13T15:02:53.067717,2026-07-13T15:02:53.080140+00:00,82.9,50,bid,YieldingYams,Andy Garg,1263108
2026-07-13T15:02:53.431959,2026-07-13T15:02:53.464309+00:00,83.0,20,bid,Jackson Wang,Scott Bagby,1263122
2026-07-13T15:02:53.431959,2026-07-13T15:02:53.464309+00:00,83.0,13,bid,Jackson Wang,Sze-Yong Ng,1263123
2026-07-13T15:02:53.603131,2026-07-13T15:02:53.606425+00:00,82.9,12,ask,YieldingYams,Jackson Wang,1263137
2026-07-13T15:02:53.650957,2026-07-13T15:02:53.663614+00:00,82.9,3,ask,YieldingYams,Zhangyue Shen,1263138
2026-07-13T15:02:53.750571,2026-07-13T15:02:53.758596+00:00,82.9,200,ask,YieldingYams,WavyWalnuts,1263141
2026-07-13T15:02:53.952084,2026-07-13T15:02:53.963790+00:00,82.9,25,ask,YieldingYams,Dinh Nguyen,1263143
2026-07-13T15:02:54.157912,2026-07-13T15:02:54.169704+00:00,82.9,9,ask,YieldingYams,Zhangyue Shen,1263148
2026-07-13T15:02:54.164510,2026-07-13T15:02:54.174976+00:00,82.9,20,ask,YieldingYams,BrilliantBurritos,1263149
2026-07-13T15:02:54.340976,2026-07-13T15:02:54.350961+00:00,82.9,3,ask,YieldingYams,Jackson Wang,1263159
2026-07-13T15:02:54.468116,2026-07-13T15:02:54.478775+00:00,83.0,16,bid,Andy Garg,Sze-Yong Ng,1263161
2026-07-13T15:02:54.468116,2026-07-13T15:02:54.478775+00:00,83.0,7,bid,Andy Garg,Kelvin Chan,1263162
2026-07-13T15:02:57.170627,2026-07-13T15:02:57.178119+00:00,82.9,10,bid,Zhangyue Shen,YieldingYams,1263234
2026-07-13T15:02:57.182008,2026-07-13T15:02:57.193479+00:00,82.8,5,ask,WavyWalnuts,Andy Garg,1263235
2026-07-13T15:02:57.376923,2026-07-13T15:02:57.383250+00:00,82.9,200,bid,WavyWalnuts,YieldingYams,1263241
2026-07-13T15:02:57.946270,2026-07-13T15:02:57.958603+00:00,82.7,12,ask,Scott Bagby,Jackson Wang,1263251
2026-07-13T15:02:58.744943,2026-07-13T15:02:58.755015+00:00,82.8,12,ask,YieldingYams,Jackson Wang,1263279
2026-07-13T15:02:59.423057,2026-07-13T15:02:59.431940+00:00,82.8,25,ask,YieldingYams,Dinh Nguyen,1263296
2026-07-13T15:02:59.835766,2026-07-13T15:02:59.847749+00:00,82.9,20,bid,Jackson Wang,Scott Bagby,1263305
2026-07-13T15:02:59.835766,2026-07-13T15:02:59.847749+00:00,83.0,1,bid,Jackson Wang,Kelvin Chan,1263306
2026-07-13T15:02:59.835766,2026-07-13T15:02:59.847749+00:00,83.0,11,bid,Jackson Wang,Andy Garg,1263307
2026-07-13T15:03:00.011337,2026-07-13T15:03:00.018577+00:00,82.8,5,ask,YieldingYams,Jackson Wang,1263312
2026-07-13T15:03:00.201201,2026-07-13T15:03:00.208652+00:00,82.8,12,ask,YieldingYams,Jackson Wang,1263314
2026-07-13T15:03:00.707606,2026-07-13T15:03:00.719192+00:00,83.0,12,bid,Zhangyue Shen,YieldingYams,1263321
2026-07-13T15:03:00.747164,2026-07-13T15:03:00.756572+00:00,82.8,12,ask,YieldingYams,Zhangyue Shen,1263322
2026-07-13T15:03:01.002275,2026-07-13T15:03:01.013313+00:00,83.0,1,bid,WavyWalnuts,Kelvin Chan,1263324
2026-07-13T15:03:01.002275,2026-07-13T15:03:01.013313+00:00,83.0,31,bid,WavyWalnuts,Andy Garg,1263325
2026-07-13T15:03:01.002275,2026-07-13T15:03:01.013313+00:00,83.0,168,bid,WavyWalnuts,YieldingYams,1263326
2026-07-13T15:03:01.434865,2026-07-13T15:03:01.446388+00:00,83.0,36,bid,Jackson Wang,YieldingYams,1263333
2026-07-13T15:03:02.459367,2026-07-13T15:03:02.470803+00:00,82.8,5,ask,WavyWalnuts,Andy Garg,1263344
2026-07-13T15:03:03.146293,2026-07-13T15:03:03.158559+00:00,82.8,24,ask,WavyWalnuts,Jackson Wang,1263359
2026-07-13T15:03:03.550649,2026-07-13T15:03:03.558537+00:00,82.9,12,ask,WavyWalnuts,Jackson Wang,1263372
2026-07-13T15:03:03.910073,2026-07-13T15:03:03.918245+00:00,82.9,25,ask,WavyWalnuts,Dinh Nguyen,1263380
2026-07-13T15:03:04.645190,2026-07-13T15:03:04.658634+00:00,82.9,12,ask,Jackson Wang,WavyWalnuts,1263405
2026-07-13T15:03:04.674917,2026-07-13T15:03:04.686543+00:00,82.9,20,bid,BrilliantBurritos,WavyWalnuts,1263408
2026-07-13T15:03:04.754813,2026-07-13T15:03:04.763664+00:00,82.8,2,ask,YieldingYams,Jackson Wang,1263409
2026-07-13T15:03:04.869911,2026-07-13T15:03:04.880064+00:00,82.9,168,bid,YieldingYams,WavyWalnuts,1263412
2026-07-13T15:03:05.161441,2026-07-13T15:03:05.169679+00:00,82.9,12,ask,YieldingYams,Jackson Wang,1263421
2026-07-13T15:03:05.251223,2026-07-13T15:03:05.258712+00:00,82.9,8,ask,YieldingYams,Scott Bagby,1263425
2026-07-13T15:03:05.662088,2026-07-13T15:03:05.669948+00:00,82.9,25,ask,YieldingYams,Dinh Nguyen,1263430
2026-07-13T15:03:07.070466,2026-07-13T15:03:07.079611+00:00,82.9,14,ask,Jackson Wang,WavyWalnuts,1263470
2026-07-13T15:03:07.070466,2026-07-13T15:03:07.079611+00:00,82.8,186,ask,YieldingYams,WavyWalnuts,1263471
2026-07-13T15:03:07.402081,2026-07-13T15:03:07.412465+00:00,82.8,25,ask,YieldingYams,Dinh Nguyen,1263477
2026-07-13T15:03:07.494395,2026-07-13T15:03:07.501644+00:00,82.8,500,ask,AverageAlmonds,YieldingYams,1263478
2026-07-13T15:03:07.572888,2026-07-13T15:03:07.582111+00:00,82.8,125,bid,AverageAlmonds,YieldingYams,1263480
2026-07-13T15:03:07.949373,2026-07-13T15:03:07.958592+00:00,82.8,4,ask,AverageAlmonds,Jackson Wang,1263492
2026-07-13T15:03:08.242571,2026-07-13T15:03:08.249933+00:00,83.0,10,bid,Jackson Wang,Scott Bagby,1263511
2026-07-13T15:03:08.282408,2026-07-13T15:03:08.299081+00:00,82.9,50,ask,Andy Garg,WavyWalnuts,1263513
2026-07-13T15:03:08.337187,2026-07-13T15:03:08.346073+00:00,82.8,20,bid,BrilliantBurritos,WavyWalnuts,1263516
2026-07-13T15:03:08.407214,2026-07-13T15:03:08.419052+00:00,82.8,20,bid,Peter Chen,WavyWalnuts,1263519
2026-07-13T15:03:08.783724,2026-07-13T15:03:08.792018+00:00,82.8,110,bid,AverageAlmonds,WavyWalnuts,1263525
2026-07-13T15:03:09.041833,2026-07-13T15:03:09.050058+00:00,83.1,33,bid,Jackson Wang,YieldingYams,1263529
2026-07-13T15:03:09.493094,2026-07-13T15:03:09.504422+00:00,82.9,200,ask,YieldingYams,WavyWalnuts,1263539
2026-07-13T15:03:10.118564,2026-07-13T15:03:10.130108+00:00,82.9,91,ask,Sze-Yong Ng,YieldingYams,1263557
2026-07-13T15:03:10.392065,2026-07-13T15:03:10.403884+00:00,82.9,2,bid,Dinh Nguyen,YieldingYams,1263564
2026-07-13T15:03:10.698815,2026-07-13T15:03:10.707311+00:00,82.9,200,bid,WavyWalnuts,YieldingYams,1263569
2026-07-13T15:03:11.301359,2026-07-13T15:03:11.309567+00:00,82.8,7,ask,Kelvin Chan,Peter Chen,1263596
2026-07-13T15:03:11.301359,2026-07-13T15:03:11.309567+00:00,82.8,13,ask,Andy Garg,Peter Chen,1263597
2026-07-13T15:03:11.429992,2026-07-13T15:03:11.436869+00:00,82.8,37,ask,Andy Garg,YieldingYams,1263605
2026-07-13T15:03:11.476546,2026-07-13T15:03:11.487987+00:00,82.7,50,ask,AverageAlmonds,Andy Garg,1263608
2026-07-13T15:03:11.620071,2026-07-13T15:03:11.630612+00:00,82.8,2,bid,Dinh Nguyen,YieldingYams,1263612
2026-07-13T15:03:12.739035,2026-07-13T15:03:12.747840+00:00,82.8,60,bid,YieldingYams,Sze-Yong Ng,1263628
2026-07-13T15:03:12.739035,2026-07-13T15:03:12.747840+00:00,82.8,200,bid,YieldingYams,WavyWalnuts,1263629
2026-07-13T15:03:12.846819,2026-07-13T15:03:12.856159+00:00,83.0,2,bid,Dinh Nguyen,Kelvin Chan,1263632
2026-07-13T15:03:12.946367,2026-07-13T15:03:12.958597+00:00,82.8,5,ask,YieldingYams,Andy Garg,1263635
2026-07-13T15:03:13.003642,2026-07-13T15:03:13.015159+00:00,83.0,4,bid,Zhangyue Shen,Kelvin Chan,1263640
2026-07-13T15:03:13.003642,2026-07-13T15:03:13.015159+00:00,83.0,8,bid,Zhangyue Shen,YieldingYams,1263641
2026-07-13T15:03:14.054829,2026-07-13T15:03:14.058597+00:00,82.8,12,ask,Jackson Wang,YieldingYams,1263668
2026-07-13T15:03:14.054829,2026-07-13T15:03:14.069016+00:00,82.8,200,ask,AverageAlmonds,WavyWalnuts,1263669
2026-07-13T15:03:14.054829,2026-07-13T15:03:14.069016+00:00,82.8,413,ask,AverageAlmonds,YieldingYams,1263670
2026-07-13T15:03:14.090095,2026-07-13T15:03:14.101864+00:00,82.9,2,bid,Dinh Nguyen,WavyWalnuts,1263672
2026-07-13T15:03:14.323415,2026-07-13T15:03:14.332938+00:00,82.8,200,ask,WavyWalnuts,YieldingYams,1263674
2026-07-13T15:03:15.318083,2026-07-13T15:03:15.329612+00:00,83.0,2,bid,Dinh Nguyen,Kelvin Chan,1263698
2026-07-13T15:03:15.506224,2026-07-13T15:03:15.514928+00:00,83.1,20,bid,Andy Garg,YieldingYams,1263699
2026-07-13T15:03:16.550133,2026-07-13T15:03:16.556492+00:00,83.0,2,bid,Dinh Nguyen,WavyWalnuts,1263731
2026-07-13T15:03:16.679637,2026-07-13T15:03:16.689859+00:00,83.0,198,bid,YieldingYams,WavyWalnuts,1263732
2026-07-13T15:03:16.745989,2026-07-13T15:03:16.758602+00:00,83.0,200,ask,YieldingYams,WavyWalnuts,1263735
2026-07-13T15:03:17.052942,2026-07-13T15:03:17.058553+00:00,83.1,7,bid,Jackson Wang,Kelvin Chan,1263740
2026-07-13T15:03:17.052942,2026-07-13T15:03:17.058553+00:00,83.1,5,bid,Jackson Wang,AverageAlmonds,1263741
2026-07-13T15:03:17.280205,2026-07-13T15:03:17.291926+00:00,83.1,12,bid,Zhangyue Shen,YieldingYams,1263743
2026-07-13T15:03:17.773080,2026-07-13T15:03:17.784684+00:00,83.1,2,bid,Dinh Nguyen,YieldingYams,1263753
2026-07-13T15:03:17.958734,2026-07-13T15:03:17.969498+00:00,83.0,200,ask,YieldingYams,WavyWalnuts,1263756
2026-07-13T15:03:17.992085,2026-07-13T15:03:18.003776+00:00,82.9,20,ask,Scott Bagby,YieldingYams,1263757
2026-07-13T15:03:17.992085,2026-07-13T15:03:18.003776+00:00,82.9,50,ask,Andy Garg,YieldingYams,1263758
2026-07-13T15:03:18.034379,2026-07-13T15:03:18.044226+00:00,82.9,20,bid,Peter Chen,YieldingYams,1263763
2026-07-13T15:03:18.094729,2026-07-13T15:03:18.106325+00:00,82.9,20,bid,Peter Chen,YieldingYams,1263767
2026-07-13T15:03:18.141656,2026-07-13T15:03:18.153646+00:00,82.9,14,bid,Andre Chan,YieldingYams,1263768
2026-07-13T15:03:18.154512,2026-07-13T15:03:18.164071+00:00,82.9,20,bid,Peter Chen,YieldingYams,1263770
2026-07-13T15:03:18.995076,2026-07-13T15:03:19.001760+00:00,82.9,2,bid,Dinh Nguyen,YieldingYams,1263785
2026-07-13T15:03:19.445672,2026-07-13T15:03:19.464011+00:00,82.9,14,bid,Andy Garg,WavyWalnuts,1263798
2026-07-13T15:03:19.552458,2026-07-13T15:03:19.564166+00:00,82.9,12,bid,Zhangyue Shen,WavyWalnuts,1263799
2026-07-13T15:03:20.214096,2026-07-13T15:03:20.223536+00:00,82.9,1,bid,Dinh Nguyen,WavyWalnuts,1263808
2026-07-13T15:03:20.592173,2026-07-13T15:03:20.603711+00:00,82.8,14,ask,Sze-Yong Ng,Andre Chan,1263824
2026-07-13T15:03:20.796759,2026-07-13T15:03:20.808588+00:00,82.9,14,bid,Andre Chan,WavyWalnuts,1263833
2026-07-13T15:03:20.810063,2026-07-13T15:03:20.819063+00:00,82.8,1,ask,Sze-Yong Ng,Andre Chan,1263835
2026-07-13T15:03:20.932889,2026-07-13T15:03:20.942811+00:00,82.8,31,ask,Sze-Yong Ng,Andy Garg,1263837
2026-07-13T15:03:21.014778,2026-07-13T15:03:21.024222+00:00,82.9,1,bid,Andy Garg,Jackson Wang,1263841
2026-07-13T15:03:21.027677,2026-07-13T15:03:21.034454+00:00,82.8,14,ask,Sze-Yong Ng,Andre Chan,1263843
2026-07-13T15:03:21.172851,2026-07-13T15:03:21.181437+00:00,82.9,14,bid,Andre Chan,WavyWalnuts,1263845
2026-07-13T15:03:21.234625,2026-07-13T15:03:21.240972+00:00,82.9,14,bid,Andy Garg,WavyWalnuts,1263847
2026-07-13T15:03:21.242197,2026-07-13T15:03:21.248492+00:00,82.8,9,ask,Sze-Yong Ng,Andre Chan,1263849
2026-07-13T15:03:21.242197,2026-07-13T15:03:21.248492+00:00,82.8,5,ask,YieldingYams,Andre Chan,1263850
2026-07-13T15:03:21.379859,2026-07-13T15:03:21.391342+00:00,82.9,14,bid,Andre Chan,WavyWalnuts,1263852
2026-07-13T15:03:21.447997,2026-07-13T15:03:21.458562+00:00,82.9,14,bid,Andy Garg,WavyWalnuts,1263853
2026-07-13T15:03:21.456203,2026-07-13T15:03:21.458562+00:00,82.8,14,ask,YieldingYams,Andre Chan,1263855
2026-07-13T15:03:21.587575,2026-07-13T15:03:21.591811+00:00,82.9,14,bid,Andy Garg,WavyWalnuts,1263857
2026-07-13T15:03:21.595819,2026-07-13T15:03:21.602595+00:00,82.8,200,ask,YieldingYams,WavyWalnuts,1263858
2026-07-13T15:03:21.661022,2026-07-13T15:03:21.672698+00:00,82.9,1,bid,Andre Chan,WavyWalnuts,1263859
2026-07-13T15:03:21.669528,2026-07-13T15:03:21.678013+00:00,82.8,1,ask,YieldingYams,Andre Chan,1263861
2026-07-13T15:03:21.815731,2026-07-13T15:03:21.830190+00:00,82.9,1,bid,Andre Chan,Jackson Wang,1263866
2026-07-13T15:03:22.080857,2026-07-13T15:03:22.092275+00:00,82.9,3,bid,Andre Chan,YieldingYams,1263877
2026-07-13T15:03:23.162776,2026-07-13T15:03:23.182026+00:00,82.8,5,bid,Jackson Wang,WavyWalnuts,1263901
2026-07-13T15:03:23.341532,2026-07-13T15:03:23.352917+00:00,82.7,2,ask,Kelvin Chan,Andre Chan,1263904
2026-07-13T15:03:23.551043,2026-07-13T15:03:23.563894+00:00,82.7,1,ask,WavyWalnuts,Andre Chan,1263910
2026-07-13T15:03:24.371083,2026-07-13T15:03:24.382712+00:00,82.8,14,ask,WavyWalnuts,Andre Chan,1263924
2026-07-13T15:03:25.221296,2026-07-13T15:03:25.232815+00:00,83.0,10,bid,WavyWalnuts,Scott Bagby,1263947
2026-07-13T15:03:25.221296,2026-07-13T15:03:25.232815+00:00,83.0,50,bid,WavyWalnuts,Andy Garg,1263948
2026-07-13T15:03:25.221296,2026-07-13T15:03:25.232815+00:00,83.0,140,bid,WavyWalnuts,YieldingYams,1263949
2026-07-13T15:03:26.001246,2026-07-13T15:03:26.012338+00:00,83.1,1,bid,Andre Chan,Kelvin Chan,1263963
2026-07-13T15:03:27.836500,2026-07-13T15:03:27.848367+00:00,83.0,13,bid,Andre Chan,WavyWalnuts,1263992
2026-07-13T15:03:27.840324,2026-07-13T15:03:27.848367+00:00,83.0,11,bid,Zhangyue Shen,WavyWalnuts,1263993
2026-07-13T15:03:27.973671,2026-07-13T15:03:27.982402+00:00,83.0,4,bid,Andy Garg,WavyWalnuts,1264000
2026-07-13T15:03:28.502545,2026-07-13T15:03:28.510401+00:00,83.0,172,bid,YieldingYams,WavyWalnuts,1264011
2026-07-13T15:03:29.813413,2026-07-13T15:03:29.820811+00:00,82.9,50,ask,Andy Garg,YieldingYams,1264044
2026-07-13T15:03:29.813413,2026-07-13T15:03:29.825993+00:00,82.9,200,ask,WavyWalnuts,YieldingYams,1264045
2026-07-13T15:03:29.813413,2026-07-13T15:03:29.825993+00:00,82.9,20,ask,Scott Bagby,YieldingYams,1264046
2026-07-13T15:03:29.839110,2026-07-13T15:03:29.845795+00:00,82.9,20,bid,Peter Chen,YieldingYams,1264051
2026-07-13T15:03:29.901932,2026-07-13T15:03:29.913220+00:00,82.9,20,bid,Peter Chen,YieldingYams,1264058
2026-07-13T15:03:29.904720,2026-07-13T15:03:29.913220+00:00,82.9,12,bid,Zhangyue Shen,YieldingYams,1264059
2026-07-13T15:03:29.965274,2026-07-13T15:03:29.972015+00:00,82.9,20,bid,Peter Chen,YieldingYams,1264063
2026-07-13T15:03:30.026531,2026-07-13T15:03:30.036721+00:00,82.9,20,bid,Peter Chen,YieldingYams,1264066
2026-07-13T15:03:30.067090,2026-07-13T15:03:30.075708+00:00,82.9,5,bid,Andy Garg,YieldingYams,1264069
2026-07-13T15:03:30.095581,2026-07-13T15:03:30.104042+00:00,82.9,20,bid,Peter Chen,YieldingYams,1264072
2026-07-13T15:03:31.123447,2026-07-13T15:03:31.132089+00:00,83.0,200,bid,YieldingYams,WavyWalnuts,1264098
2026-07-13T15:03:31.123447,2026-07-13T15:03:31.132089+00:00,83.1,4,bid,YieldingYams,Kelvin Chan,1264099
2026-07-13T15:03:31.123447,2026-07-13T15:03:31.142182+00:00,83.1,421,bid,YieldingYams,AverageAlmonds,1264100
2026-07-13T15:03:31.276495,2026-07-13T15:03:31.285867+00:00,83.0,200,bid,WavyWalnuts,AverageAlmonds,1264108
2026-07-13T15:03:31.692644,2026-07-13T15:03:31.704018+00:00,83.0,12,bid,Zhangyue Shen,AverageAlmonds,1264118
2026-07-13T15:03:32.209071,2026-07-13T15:03:32.220142+00:00,83.0,12,bid,Zhangyue Shen,AverageAlmonds,1264139
2026-07-13T15:03:33.193496,2026-07-13T15:03:33.202450+00:00,82.8,18,ask,Scott Bagby,Andy Garg,1264160
2026-07-13T15:03:34.270533,2026-07-13T15:03:34.279935+00:00,83.0,8,bid,Jackson Wang,WavyWalnuts,1264188
2026-07-13T15:03:35.058046,2026-07-13T15:03:35.069076+00:00,82.8,2,ask,Scott Bagby,YieldingYams,1264209
2026-07-13T15:03:35.058046,2026-07-13T15:03:35.069076+00:00,82.8,200,ask,WavyWalnuts,YieldingYams,1264210
2026-07-13T15:03:36.267095,2026-07-13T15:03:36.279015+00:00,82.8,7,bid,Zhangyue Shen,YieldingYams,1264245
2026-07-13T15:03:37.682051,2026-07-13T15:03:37.692933+00:00,82.7,1,ask,Kelvin Chan,YieldingYams,1264284
2026-07-13T15:03:37.682051,2026-07-13T15:03:37.692933+00:00,82.7,20,ask,Scott Bagby,YieldingYams,1264285
2026-07-13T15:03:37.682051,2026-07-13T15:03:37.692933+00:00,82.7,200,ask,WavyWalnuts,YieldingYams,1264286
2026-07-13T15:03:39.362541,2026-07-13T15:03:39.374277+00:00,82.8,20,bid,BrilliantBurritos,WavyWalnuts,1264324
2026-07-13T15:03:40.964832,2026-07-13T15:03:40.974595+00:00,82.8,200,bid,WavyWalnuts,YieldingYams,1264346
2026-07-13T15:03:41.976829,2026-07-13T15:03:41.985815+00:00,82.6,13,ask,AverageAlmonds,Andy Garg,1264374
2026-07-13T15:03:42.187545,2026-07-13T15:03:42.196262+00:00,82.8,200,bid,WavyWalnuts,YieldingYams,1264377
2026-07-13T15:03:43.028468,2026-07-13T15:03:43.037677+00:00,82.8,6,ask,YieldingYams,Andre Chan,1264391
2026-07-13T15:03:43.471344,2026-07-13T15:03:43.483216+00:00,82.8,2,ask,YieldingYams,Zhangyue Shen,1264410
2026-07-13T15:03:43.734212,2026-07-13T15:03:43.740928+00:00,82.8,10,ask,YieldingYams,Zhangyue Shen,1264415
2026-07-13T15:03:44.540119,2026-07-13T15:03:44.558601+00:00,82.8,45,ask,WavyWalnuts,Andy Garg,1264423
2026-07-13T15:03:45.072542,2026-07-13T15:03:45.081355+00:00,82.9,2,bid,Andre Chan,WavyWalnuts,1264430
2026-07-13T15:03:45.545940,2026-07-13T15:03:45.555267+00:00,82.9,198,bid,YieldingYams,WavyWalnuts,1264447
2026-07-13T15:03:45.594229,2026-07-13T15:03:45.603164+00:00,83.0,38,bid,Andy Garg,YieldingYams,1264449
2026-07-13T15:03:45.892482,2026-07-13T15:03:45.903076+00:00,83.0,4,bid,Andre Chan,YieldingYams,1264462
2026-07-13T15:03:46.881418,2026-07-13T15:03:46.890341+00:00,82.8,50,ask,WavyWalnuts,Andy Garg,1264482
2026-07-13T15:03:46.905378,2026-07-13T15:03:46.916451+00:00,82.9,3,bid,Andre Chan,YieldingYams,1264483
2026-07-13T15:03:47.027982,2026-07-13T15:03:47.039703+00:00,82.8,200,ask,YieldingYams,WavyWalnuts,1264488
2026-07-13T15:03:48.311948,2026-07-13T15:03:48.323444+00:00,82.8,13,bid,Andre Chan,YieldingYams,1264509
2026-07-13T15:03:49.093472,2026-07-13T15:03:49.105553+00:00,82.7,2,ask,Kelvin Chan,BrilliantBurritos,1264529
2026-07-13T15:03:49.093472,2026-07-13T15:03:49.105553+00:00,82.7,18,ask,Andy Garg,BrilliantBurritos,1264530
2026-07-13T15:03:49.536906,2026-07-13T15:03:49.543893+00:00,82.7,2,ask,Scott Bagby,Andre Chan,1264541
2026-07-13T15:03:50.261340,2026-07-13T15:03:50.269254+00:00,82.8,20,bid,Andy Garg,Sze-Yong Ng,1264559
2026-07-13T15:03:50.261340,2026-07-13T15:03:50.274691+00:00,82.8,21,bid,Andy Garg,WavyWalnuts,1264560
2026-07-13T15:03:50.816177,2026-07-13T15:03:50.823734+00:00,82.7,1,ask,Kelvin Chan,YieldingYams,1264573
2026-07-13T15:03:50.816177,2026-07-13T15:03:50.828761+00:00,82.7,20,ask,Scott Bagby,YieldingYams,1264574
2026-07-13T15:03:50.816177,2026-07-13T15:03:50.828761+00:00,82.6,500,ask,AverageAlmonds,YieldingYams,1264575
2026-07-13T15:03:50.816177,2026-07-13T15:03:50.828761+00:00,82.6,104,ask,WavyWalnuts,YieldingYams,1264576
2026-07-13T15:03:52.554995,2026-07-13T15:03:52.564074+00:00,82.8,3,bid,Zhangyue Shen,YieldingYams,1264607
2026-07-13T15:03:52.606284,2026-07-13T15:03:52.614643+00:00,82.8,1,bid,Andy Garg,YieldingYams,1264608
2026-07-13T15:03:53.311071,2026-07-13T15:03:53.323082+00:00,82.7,3,ask,WavyWalnuts,Zhangyue Shen,1264627
2026-07-13T15:03:53.379103,2026-07-13T15:03:53.390672+00:00,82.7,14,ask,WavyWalnuts,Andre Chan,1264629
2026-07-13T15:03:53.604360,2026-07-13T15:03:53.614467+00:00,82.7,4,ask,WavyWalnuts,Andre Chan,1264631
2026-07-13T15:03:53.624244,2026-07-13T15:03:53.635391+00:00,82.8,4,bid,Andre Chan,YieldingYams,1264635
2026-07-13T15:03:53.829342,2026-07-13T15:03:53.841212+00:00,82.7,2,ask,WavyWalnuts,Andre Chan,1264643
2026-07-13T15:03:53.838540,2026-07-13T15:03:53.846202+00:00,82.8,2,bid,Andre Chan,YieldingYams,1264645
2026-07-13T15:03:54.754411,2026-07-13T15:03:54.759035+00:00,82.9,10,bid,YieldingYams,Scott Bagby,1264660
2026-07-13T15:03:54.754411,2026-07-13T15:03:54.759035+00:00,82.9,50,bid,YieldingYams,Andy Garg,1264661
2026-07-13T15:03:54.754411,2026-07-13T15:03:54.759035+00:00,82.9,200,bid,YieldingYams,WavyWalnuts,1264662
2026-07-13T15:03:54.803331,2026-07-13T15:03:54.813345+00:00,82.9,20,ask,YieldingYams,Peter Chen,1264664
2026-07-13T15:03:55.045099,2026-07-13T15:03:55.056781+00:00,82.9,25,ask,YieldingYams,Dinh Nguyen,1264672
2026-07-13T15:03:55.360229,2026-07-13T15:03:55.369093+00:00,82.9,6,ask,YieldingYams,Andy Garg,1264684
2026-07-13T15:03:55.369694,2026-07-13T15:03:55.379870+00:00,82.9,12,ask,YieldingYams,Zhangyue Shen,1264685
2026-07-13T15:03:55.608676,2026-07-13T15:03:55.616526+00:00,82.9,1,ask,YieldingYams,Jackson Wang,1264692
2026-07-13T15:03:56.068225,2026-07-13T15:03:56.075503+00:00,82.9,200,ask,WavyWalnuts,YieldingYams,1264697
2026-07-13T15:03:56.716044,2026-07-13T15:03:56.724208+00:00,82.9,200,bid,WavyWalnuts,YieldingYams,1264705
2026-07-13T15:03:56.788496,2026-07-13T15:03:56.800632+00:00,82.9,2,bid,Dinh Nguyen,YieldingYams,1264707
2026-07-13T15:03:57.378058,2026-07-13T15:03:57.386271+00:00,82.9,19,bid,YieldingYams,Sze-Yong Ng,1264718
2026-07-13T15:03:57.378058,2026-07-13T15:03:57.386271+00:00,82.9,14,bid,YieldingYams,Jackson Wang,1264719
2026-07-13T15:03:57.378058,2026-07-13T15:03:57.391546+00:00,83.1,10,bid,YieldingYams,Scott Bagby,1264720
2026-07-13T15:03:57.378058,2026-07-13T15:03:57.391546+00:00,83.2,50,bid,YieldingYams,Andy Garg,1264721
2026-07-13T15:03:57.378058,2026-07-13T15:03:57.391546+00:00,83.2,500,bid,YieldingYams,AverageAlmonds,1264722
2026-07-13T15:03:57.418298,2026-07-13T15:03:57.427481+00:00,83.2,32,ask,YieldingYams,Peter Chen,1264723
2026-07-13T15:03:57.426732,2026-07-13T15:03:57.438211+00:00,82.7,10,ask,Kelvin Chan,Peter Chen,1264725
2026-07-13T15:03:57.426732,2026-07-13T15:03:57.438211+00:00,82.7,5,ask,Andy Garg,Peter Chen,1264726
2026-07-13T15:03:57.631074,2026-07-13T15:03:57.640838+00:00,83.3,12,bid,Zhangyue Shen,WavyWalnuts,1264737
2026-07-13T15:03:57.743225,2026-07-13T15:03:57.758802+00:00,83.0,2,bid,Peter Chen,Kelvin Chan,1264741
2026-07-13T15:03:57.752747,2026-07-13T15:03:57.769222+00:00,83.3,15,bid,Peter Chen,WavyWalnuts,1264744
2026-07-13T15:03:57.807222,2026-07-13T15:03:57.819130+00:00,83.0,1,bid,Peter Chen,Kelvin Chan,1264750
2026-07-13T15:03:57.807222,2026-07-13T15:03:57.819130+00:00,83.3,2,bid,Peter Chen,WavyWalnuts,1264751
2026-07-13T15:03:57.932739,2026-07-13T15:03:57.944023+00:00,82.8,50,ask,Andy Garg,WavyWalnuts,1264753
2026-07-13T15:03:57.932739,2026-07-13T15:03:57.944023+00:00,82.8,29,ask,Sze-Yong Ng,WavyWalnuts,1264754
2026-07-13T15:03:57.932739,2026-07-13T15:03:57.944023+00:00,82.8,11,ask,Jackson Wang,WavyWalnuts,1264755
2026-07-13T15:03:57.947836,2026-07-13T15:03:57.964528+00:00,82.8,50,bid,Andy Garg,WavyWalnuts,1264758
2026-07-13T15:03:57.969959,2026-07-13T15:03:57.980197+00:00,82.8,20,bid,Peter Chen,WavyWalnuts,1264761
2026-07-13T15:03:58.128948,2026-07-13T15:03:58.140834+00:00,82.8,16,bid,Andre Chan,WavyWalnuts,1264769
2026-07-13T15:03:58.184309,2026-07-13T15:03:58.196023+00:00,82.8,20,bid,Peter Chen,WavyWalnuts,1264771
2026-07-13T15:03:58.393860,2026-07-13T15:03:58.401867+00:00,82.8,4,bid,Peter Chen,WavyWalnuts,1264780
2026-07-13T15:03:58.402434,2026-07-13T15:03:58.412439+00:00,83.2,15,bid,Peter Chen,AverageAlmonds,1264781
2026-07-13T15:03:58.462544,2026-07-13T15:03:58.482544+00:00,83.1,1,bid,Peter Chen,AverageAlmonds,1264782
2026-07-13T15:03:58.750873,2026-07-13T15:03:58.763867+00:00,82.8,8,ask,YieldingYams,Andre Chan,1264793
2026-07-13T15:03:59.070264,2026-07-13T15:03:59.079443+00:00,82.8,20,ask,YieldingYams,BrilliantBurritos,1264796
2026-07-13T15:03:59.670196,2026-07-13T15:03:59.679281+00:00,82.8,11,ask,YieldingYams,Zhangyue Shen,1264811
2026-07-13T15:04:00.353170,2026-07-13T15:04:00.358543+00:00,82.8,10,ask,Sze-Yong Ng,WavyWalnuts,1264827
2026-07-13T15:04:00.466165,2026-07-13T15:04:00.477847+00:00,82.8,2,bid,Dinh Nguyen,WavyWalnuts,1264828
2026-07-13T15:04:00.489897,2026-07-13T15:04:00.501035+00:00,82.7,11,ask,Kelvin Chan,Andy Garg,1264833
2026-07-13T15:04:00.489897,2026-07-13T15:04:00.501035+00:00,82.7,8,ask,Scott Bagby,Andy Garg,1264834
2026-07-13T15:04:00.687318,2026-07-13T15:04:00.698920+00:00,82.7,10,ask,Scott Bagby,Zhangyue Shen,1264836
2026-07-13T15:04:01.199362,2026-07-13T15:04:01.209394+00:00,82.7,2,ask,Scott Bagby,Andre Chan,1264845
2026-07-13T15:04:01.199362,2026-07-13T15:04:01.209394+00:00,82.7,6,ask,YieldingYams,Andre Chan,1264846
2026-07-13T15:04:01.306770,2026-07-13T15:04:01.314903+00:00,82.8,188,bid,YieldingYams,WavyWalnuts,1264851
2026-07-13T15:04:01.306770,2026-07-13T15:04:01.314903+00:00,82.9,50,bid,YieldingYams,Andy Garg,1264852
2026-07-13T15:04:01.306770,2026-07-13T15:04:01.325581+00:00,83.0,10,bid,YieldingYams,Scott Bagby,1264853
2026-07-13T15:04:01.306770,2026-07-13T15:04:01.325581+00:00,83.0,1,bid,YieldingYams,Kelvin Chan,1264854
2026-07-13T15:04:01.324561,2026-07-13T15:04:01.340774+00:00,83.0,20,ask,YieldingYams,Peter Chen,1264856
2026-07-13T15:04:01.350099,2026-07-13T15:04:01.361829+00:00,83.1,23,bid,Andy Garg,YieldingYams,1264858
2026-07-13T15:04:01.386559,2026-07-13T15:04:01.408251+00:00,83.0,20,ask,YieldingYams,Peter Chen,1264861
2026-07-13T15:04:01.389698,2026-07-13T15:04:01.408251+00:00,83.0,50,ask,YieldingYams,Andy Garg,1264862
2026-07-13T15:04:01.406184,2026-07-13T15:04:01.413256+00:00,83.0,15,ask,YieldingYams,Andre Chan,1264864
2026-07-13T15:04:01.448328,2026-07-13T15:04:01.457580+00:00,83.0,20,ask,YieldingYams,Peter Chen,1264866
2026-07-13T15:04:01.507228,2026-07-13T15:04:01.515206+00:00,83.0,20,ask,YieldingYams,Peter Chen,1264872
2026-07-13T15:04:01.563099,2026-07-13T15:04:01.570607+00:00,83.0,200,ask,YieldingYams,WavyWalnuts,1264875
2026-07-13T15:04:01.600009,2026-07-13T15:04:01.607584+00:00,83.0,25,ask,YieldingYams,Andy Garg,1264879
2026-07-13T15:04:01.606588,2026-07-13T15:04:01.618144+00:00,83.0,6,ask,YieldingYams,Jackson Wang,1264880
2026-07-13T15:04:01.606588,2026-07-13T15:04:01.618144+00:00,82.9,24,ask,WavyWalnuts,Jackson Wang,1264881
2026-07-13T15:04:01.824444,2026-07-13T15:04:01.839294+00:00,83.1,1,bid,Andre Chan,YieldingYams,1264885
2026-07-13T15:04:02.032428,2026-07-13T15:04:02.044634+00:00,83.0,2,bid,Andy Garg,Kelvin Chan,1264893
2026-07-13T15:04:02.454187,2026-07-13T15:04:02.463601+00:00,83.1,14,bid,Andy Garg,YieldingYams,1264915
2026-07-13T15:04:02.463380,2026-07-13T15:04:02.473989+00:00,83.1,14,bid,Andre Chan,YieldingYams,1264916
2026-07-13T15:04:02.632531,2026-07-13T15:04:02.643727+00:00,82.9,176,ask,WavyWalnuts,YieldingYams,1264921
2026-07-13T15:04:02.658664,2026-07-13T15:04:02.670394+00:00,82.8,6,bid,Andre Chan,YieldingYams,1264923
2026-07-13T15:04:02.742420,2026-07-13T15:04:02.758838+00:00,82.8,50,bid,Andy Garg,YieldingYams,1264927
2026-07-13T15:04:02.751745,2026-07-13T15:04:02.764215+00:00,82.8,20,bid,Scott Bagby,YieldingYams,1264928
2026-07-13T15:04:02.769587,2026-07-13T15:04:02.779684+00:00,82.8,200,bid,WavyWalnuts,YieldingYams,1264929
2026-07-13T15:04:02.810839,2026-07-13T15:04:02.822281+00:00,82.8,5,bid,Jackson Wang,YieldingYams,1264936
2026-07-13T15:04:02.986140,2026-07-13T15:04:02.996082+00:00,82.8,2,bid,Dinh Nguyen,YieldingYams,1264939
2026-07-13T15:04:03.082750,2026-07-13T15:04:03.093218+00:00,82.7,6,ask,Kelvin Chan,Andre Chan,1264943
2026-07-13T15:04:03.253361,2026-07-13T15:04:03.258540+00:00,82.7,2,ask,Kelvin Chan,Zhangyue Shen,1264944
2026-07-13T15:04:03.253361,2026-07-13T15:04:03.258540+00:00,82.7,1,ask,AverageAlmonds,Zhangyue Shen,1264945
2026-07-13T15:04:03.760656,2026-07-13T15:04:03.772487+00:00,82.7,7,ask,AverageAlmonds,Zhangyue Shen,1264959
2026-07-13T15:04:03.950246,2026-07-13T15:04:03.956620+00:00,82.8,78,bid,YieldingYams,Sze-Yong Ng,1264963
2026-07-13T15:04:04.143962,2026-07-13T15:04:04.158557+00:00,82.9,8,ask,YieldingYams,Andre Chan,1264965
2026-07-13T15:04:04.446606,2026-07-13T15:04:04.451792+00:00,83.0,1,bid,Andy Garg,Kelvin Chan,1264983
