timestamp,recv_time,price,volume,aggressor_side,buyer,seller,trade_id
2026-07-05T08:00:03.073232,2026-07-05T08:00:03.085212+00:00,140.7,200,bid,YieldingYams,WavyWalnuts,8060131
2026-07-05T08:00:03.267196,2026-07-05T08:00:03.279520+00:00,140.9,20,bid,BrilliantBurritos,YieldingYams,8060137
2026-07-05T08:00:06.330829,2026-07-05T08:00:06.335344+00:00,140.7,10,ask,YieldingYams,Xuanyu Liu,8060167
2026-07-05T08:00:08.371546,2026-07-05T08:00:08.378462+00:00,140.8,200,bid,YieldingYams,WavyWalnuts,8060191
2026-07-05T08:00:08.389871,2026-07-05T08:00:08.394123+00:00,140.8,3,ask,YieldingYams,Xuanyu Liu,8060193
2026-07-05T08:00:11.357148,2026-07-05T08:00:11.366124+00:00,140.9,200,bid,WavyWalnuts,YieldingYams,8060252
2026-07-05T08:00:12.590119,2026-07-05T08:00:12.594969+00:00,140.9,14,bid,Xuanyu Liu,WavyWalnuts,8060276
2026-07-05T08:00:14.811188,2026-07-05T08:00:14.818857+00:00,141.0,25,bid,Harold Schneider,WavyWalnuts,8060311
2026-07-05T08:00:15.546971,2026-07-05T08:00:15.558588+00:00,141.0,20,bid,BrilliantBurritos,WavyWalnuts,8060318
2026-07-05T08:00:16.238093,2026-07-05T08:00:16.245529+00:00,140.9,200,bid,YieldingYams,WavyWalnuts,8060332
2026-07-05T08:00:18.297120,2026-07-05T08:00:18.309521+00:00,141.0,20,bid,BrilliantBurritos,WavyWalnuts,8060360
2026-07-05T08:00:18.634995,2026-07-05T08:00:18.645895+00:00,140.9,200,ask,YieldingYams,WavyWalnuts,8060364
2026-07-05T08:00:19.627774,2026-07-05T08:00:19.640103+00:00,141.1,20,bid,BrilliantBurritos,YieldingYams,8060384
2026-07-05T08:00:21.232592,2026-07-05T08:00:21.240561+00:00,140.9,20,ask,YieldingYams,BrilliantBurritos,8060400
2026-07-05T08:00:23.483821,2026-07-05T08:00:23.491722+00:00,141.0,200,bid,WavyWalnuts,YieldingYams,8060428
2026-07-05T08:00:24.693427,2026-07-05T08:00:24.709279+00:00,141.0,200,bid,WavyWalnuts,YieldingYams,8060450
2026-07-05T08:00:25.314626,2026-07-05T08:00:25.318675+00:00,140.7,11,ask,YieldingYams,Xuanyu Liu,8060459
2026-07-05T08:00:25.905649,2026-07-05T08:00:25.914524+00:00,141.0,200,bid,WavyWalnuts,YieldingYams,8060465
2026-07-05T08:00:26.747779,2026-07-05T08:00:26.752606+00:00,140.8,3,ask,YieldingYams,Xuanyu Liu,8060479
2026-07-05T08:00:30.687611,2026-07-05T08:00:30.695816+00:00,140.7,200,ask,WavyWalnuts,YieldingYams,8060534
2026-07-05T08:00:34.884067,2026-07-05T08:00:34.892274+00:00,140.6,25,ask,YieldingYams,Harold Schneider,8060594
2026-07-05T08:00:34.913501,2026-07-05T08:00:34.917405+00:00,140.6,3,ask,YieldingYams,Xuanyu Liu,8060597
2026-07-05T08:00:39.913080,2026-07-05T08:00:39.923517+00:00,140.6,25,ask,WavyWalnuts,Harold Schneider,8060672
2026-07-05T08:00:41.183131,2026-07-05T08:00:41.191132+00:00,140.6,200,ask,WavyWalnuts,YieldingYams,8060700
2026-07-05T08:00:41.645457,2026-07-05T08:00:41.657132+00:00,140.6,200,bid,WavyWalnuts,YieldingYams,8060709
2026-07-05T08:00:42.829108,2026-07-05T08:00:42.837588+00:00,140.8,20,bid,BrilliantBurritos,YieldingYams,8060717
2026-07-05T08:00:42.861196,2026-07-05T08:00:42.869087+00:00,140.6,200,ask,YieldingYams,WavyWalnuts,8060718
2026-07-05T08:00:45.280014,2026-07-05T08:00:45.289374+00:00,140.7,200,ask,YieldingYams,WavyWalnuts,8060756
2026-07-05T08:00:48.890486,2026-07-05T08:00:48.902849+00:00,140.9,20,bid,BrilliantBurritos,YieldingYams,8060816
2026-07-05T08:00:49.041338,2026-07-05T08:00:49.051868+00:00,140.8,200,ask,WavyWalnuts,YieldingYams,8060819
2026-07-05T08:00:52.692575,2026-07-05T08:00:52.704576+00:00,140.8,20,bid,BrilliantBurritos,YieldingYams,8060882
2026-07-05T08:00:53.760548,2026-07-05T08:00:53.765432+00:00,140.6,3,bid,Xuanyu Liu,WavyWalnuts,8060894
2026-07-05T08:00:54.951658,2026-07-05T08:00:54.961938+00:00,140.5,200,ask,YieldingYams,WavyWalnuts,8060912
2026-07-05T08:00:57.118682,2026-07-05T08:00:57.129763+00:00,140.5,500,bid,AverageAlmonds,YieldingYams,8060944
2026-07-05T08:00:57.370635,2026-07-05T08:00:57.382677+00:00,140.5,125,bid,WavyWalnuts,YieldingYams,8060946
2026-07-05T08:00:59.562866,2026-07-05T08:00:59.571794+00:00,140.7,200,bid,YieldingYams,WavyWalnuts,8060981
2026-07-05T08:00:59.793772,2026-07-05T08:00:59.803936+00:00,140.8,200,ask,YieldingYams,WavyWalnuts,8060984
2026-07-05T08:01:04.641857,2026-07-05T08:01:04.652092+00:00,140.7,200,ask,YieldingYams,WavyWalnuts,8061054
2026-07-05T08:01:05.853842,2026-07-05T08:01:05.863958+00:00,140.7,200,ask,YieldingYams,WavyWalnuts,8061070
2026-07-05T08:01:08.735487,2026-07-05T08:01:08.745443+00:00,140.6,200,bid,YieldingYams,WavyWalnuts,8061116
2026-07-05T08:01:11.913673,2026-07-05T08:01:11.958614+00:00,140.6,200,bid,WavyWalnuts,YieldingYams,8061158
2026-07-05T08:01:13.123400,2026-07-05T08:01:13.132659+00:00,140.5,200,bid,WavyWalnuts,YieldingYams,8061179
2026-07-05T08:01:15.543959,2026-07-05T08:01:15.552354+00:00,140.4,200,ask,AverageAlmonds,WavyWalnuts,8061207
2026-07-05T08:01:15.965988,2026-07-05T08:01:15.971119+00:00,140.4,3,ask,YieldingYams,Xuanyu Liu,8061213
2026-07-05T08:01:17.947618,2026-07-05T08:01:17.951713+00:00,140.5,11,ask,YieldingYams,Xuanyu Liu,8061244
2026-07-05T08:01:19.169999,2026-07-05T08:01:19.180224+00:00,140.7,200,bid,WavyWalnuts,YieldingYams,8061261
2026-07-05T08:01:20.720836,2026-07-05T08:01:20.726248+00:00,140.7,12,ask,AverageAlmonds,Xuanyu Liu,8061281
2026-07-05T08:01:21.884605,2026-07-05T08:01:21.895298+00:00,140.7,500,ask,AverageAlmonds,YieldingYams,8061303
2026-07-05T08:01:21.884605,2026-07-05T08:01:21.895298+00:00,140.7,125,ask,WavyWalnuts,YieldingYams,8061304
2026-07-05T08:01:24.516172,2026-07-05T08:01:24.527762+00:00,140.9,200,bid,YieldingYams,WavyWalnuts,8061344
2026-07-05T08:01:24.534197,2026-07-05T08:01:24.538483+00:00,141.1,11,ask,YieldingYams,Xuanyu Liu,8061346
2026-07-05T08:01:25.224805,2026-07-05T08:01:25.233564+00:00,141.1,200,ask,YieldingYams,WavyWalnuts,8061354
2026-07-05T08:01:28.476038,2026-07-05T08:01:28.480428+00:00,140.9,11,bid,Xuanyu Liu,YieldingYams,8061413
2026-07-05T08:01:28.881218,2026-07-05T08:01:28.886480+00:00,140.8,12,bid,Xuanyu Liu,WavyWalnuts,8061418
2026-07-05T08:01:31.132105,2026-07-05T08:01:31.143168+00:00,140.8,200,ask,WavyWalnuts,YieldingYams,8061472
2026-07-05T08:01:33.764742,2026-07-05T08:01:33.769186+00:00,140.6,11,bid,Xuanyu Liu,YieldingYams,8061509
2026-07-05T08:01:34.909967,2026-07-05T08:01:34.921612+00:00,140.6,200,bid,WavyWalnuts,YieldingYams,8061532
2026-07-05T08:01:35.249596,2026-07-05T08:01:35.255146+00:00,140.6,500,bid,AverageAlmonds,YieldingYams,8061538
2026-07-05T08:01:35.837924,2026-07-05T08:01:35.848110+00:00,140.6,125,bid,AverageAlmonds,YieldingYams,8061542
2026-07-05T08:01:35.928129,2026-07-05T08:01:35.940137+00:00,140.6,20,ask,AverageAlmonds,BrilliantBurritos,8061544
2026-07-05T08:01:36.368272,2026-07-05T08:01:36.384838+00:00,140.7,200,bid,YieldingYams,WavyWalnuts,8061551
2026-07-05T08:01:40.338892,2026-07-05T08:01:40.346699+00:00,140.8,200,ask,WavyWalnuts,YieldingYams,8061603
2026-07-05T08:01:40.690117,2026-07-05T08:01:40.699574+00:00,140.8,425,bid,AverageAlmonds,YieldingYams,8061604
2026-07-05T08:01:41.647524,2026-07-05T08:01:41.658600+00:00,140.9,200,bid,YieldingYams,WavyWalnuts,8061615
2026-07-05T08:01:42.169215,2026-07-05T08:01:42.176152+00:00,141.0,200,ask,YieldingYams,WavyWalnuts,8061625
2026-07-05T08:01:42.860974,2026-07-05T08:01:42.868854+00:00,141.0,20,ask,YieldingYams,BrilliantBurritos,8061642
2026-07-05T08:01:43.399340,2026-07-05T08:01:43.404334+00:00,141.0,3,bid,Xuanyu Liu,WavyWalnuts,8061654
2026-07-05T08:01:45.585078,2026-07-05T08:01:45.593653+00:00,141.0,200,bid,YieldingYams,WavyWalnuts,8061679
2026-07-05T08:01:49.436645,2026-07-05T08:01:49.443982+00:00,141.0,200,bid,WavyWalnuts,YieldingYams,8061731
2026-07-05T08:01:52.646169,2026-07-05T08:01:52.658561+00:00,141.0,20,bid,BrilliantBurritos,AverageAlmonds,8061767
2026-07-05T08:01:53.935439,2026-07-05T08:01:53.939736+00:00,141.0,3,ask,WavyWalnuts,Xuanyu Liu,8061794
2026-07-05T08:01:55.512083,2026-07-05T08:01:55.519763+00:00,141.0,200,bid,WavyWalnuts,YieldingYams,8061813
2026-07-05T08:01:56.739531,2026-07-05T08:01:56.743763+00:00,141.0,11,ask,WavyWalnuts,Xuanyu Liu,8061827
2026-07-05T08:01:58.731048,2026-07-05T08:01:58.742332+00:00,141.1,200,bid,YieldingYams,WavyWalnuts,8061871
2026-07-05T08:01:58.731048,2026-07-05T08:01:58.742332+00:00,141.1,425,bid,YieldingYams,AverageAlmonds,8061872
2026-07-05T08:01:59.313187,2026-07-05T08:01:59.325405+00:00,140.8,20,ask,WavyWalnuts,BrilliantBurritos,8061882
2026-07-05T08:02:00.273164,2026-07-05T08:02:00.277789+00:00,140.8,12,ask,WavyWalnuts,Xuanyu Liu,8061898
2026-07-05T08:02:01.761352,2026-07-05T08:02:01.773852+00:00,140.9,20,bid,BrilliantBurritos,WavyWalnuts,8061921
2026-07-05T08:02:06.603223,2026-07-05T08:02:06.607486+00:00,140.8,11,ask,YieldingYams,Xuanyu Liu,8061994
2026-07-05T08:02:06.670220,2026-07-05T08:02:06.674380+00:00,140.9,12,ask,YieldingYams,Xuanyu Liu,8061997
2026-07-05T08:02:11.582064,2026-07-05T08:02:11.658633+00:00,140.9,500,ask,YieldingYams,AverageAlmonds,8062082
2026-07-05T08:02:12.965172,2026-07-05T08:02:12.969860+00:00,140.8,11,ask,YieldingYams,Xuanyu Liu,8062107
2026-07-05T08:02:13.680628,2026-07-05T08:02:13.690039+00:00,140.9,200,bid,WavyWalnuts,AverageAlmonds,8062121
2026-07-05T08:02:19.302865,2026-07-05T08:02:19.307105+00:00,140.6,11,ask,WavyWalnuts,Xuanyu Liu,8062207
2026-07-05T08:02:19.755536,2026-07-05T08:02:19.766508+00:00,140.8,200,bid,WavyWalnuts,YieldingYams,8062213
2026-07-05T08:02:25.641065,2026-07-05T08:02:25.645453+00:00,140.8,11,bid,Xuanyu Liu,WavyWalnuts,8062307
2026-07-05T08:02:26.533584,2026-07-05T08:02:26.545618+00:00,140.8,20,bid,BrilliantBurritos,YieldingYams,8062320
2026-07-05T08:02:30.665019,2026-07-05T08:02:30.676811+00:00,140.7,200,bid,WavyWalnuts,YieldingYams,8062391
2026-07-05T08:02:34.296464,2026-07-05T08:02:34.304410+00:00,141.0,20,bid,BrilliantBurritos,YieldingYams,8062442
2026-07-05T08:02:35.083344,2026-07-05T08:02:35.088376+00:00,141.0,23,bid,Xuanyu Liu,WavyWalnuts,8062463
2026-07-05T08:02:39.591450,2026-07-05T08:02:39.600891+00:00,140.8,200,ask,WavyWalnuts,YieldingYams,8062531
2026-07-05T08:02:39.606905,2026-07-05T08:02:39.611252+00:00,140.7,11,bid,Xuanyu Liu,YieldingYams,8062534
2026-07-05T08:02:40.343104,2026-07-05T08:02:40.352523+00:00,140.7,200,bid,WavyWalnuts,YieldingYams,8062543
2026-07-05T08:02:42.216092,2026-07-05T08:02:42.225734+00:00,140.8,200,ask,WavyWalnuts,YieldingYams,8062575
2026-07-05T08:02:44.898901,2026-07-05T08:02:44.911024+00:00,140.7,200,ask,WavyWalnuts,YieldingYams,8062610
2026-07-05T08:02:47.607543,2026-07-05T08:02:47.614920+00:00,140.6,200,ask,YieldingYams,WavyWalnuts,8062649
2026-07-05T08:02:50.964437,2026-07-05T08:02:50.968730+00:00,140.7,12,bid,Xuanyu Liu,WavyWalnuts,8062701
2026-07-05T08:02:54.870796,2026-07-05T08:02:54.873648+00:00,140.9,200,bid,WavyWalnuts,YieldingYams,8062768
2026-07-05T08:02:55.201303,2026-07-05T08:02:55.212181+00:00,140.6,20,ask,YieldingYams,BrilliantBurritos,8062773
2026-07-05T08:02:57.288172,2026-07-05T08:02:57.299416+00:00,141.0,200,bid,WavyWalnuts,YieldingYams,8062803
2026-07-05T08:02:58.497087,2026-07-05T08:02:58.506598+00:00,141.0,200,bid,WavyWalnuts,AverageAlmonds,8062816
2026-07-05T08:02:59.713349,2026-07-05T08:02:59.723014+00:00,141.1,200,bid,WavyWalnuts,YieldingYams,8062839
2026-07-05T08:03:00.661567,2026-07-05T08:03:00.669547+00:00,141.0,500,bid,YieldingYams,AverageAlmonds,8062855
2026-07-05T08:03:01.211962,2026-07-05T08:03:01.219133+00:00,141.1,125,ask,YieldingYams,AverageAlmonds,8062858
2026-07-05T08:03:01.211962,2026-07-05T08:03:01.224363+00:00,141.1,200,ask,WavyWalnuts,AverageAlmonds,8062859
2026-07-05T08:03:01.467243,2026-07-05T08:03:01.475860+00:00,140.9,20,bid,BrilliantBurritos,AverageAlmonds,8062862
2026-07-05T08:03:02.128834,2026-07-05T08:03:02.138161+00:00,140.9,200,bid,WavyWalnuts,AverageAlmonds,8062875
2026-07-05T08:03:03.339568,2026-07-05T08:03:03.351739+00:00,140.8,200,bid,WavyWalnuts,YieldingYams,8062895
2026-07-05T08:03:06.768662,2026-07-05T08:03:06.774244+00:00,141.0,14,bid,Xuanyu Liu,YieldingYams,8062949
2026-07-05T08:03:08.176919,2026-07-05T08:03:08.188787+00:00,141.0,200,bid,WavyWalnuts,AverageAlmonds,8062972
2026-07-05T08:03:09.089411,2026-07-05T08:03:09.100254+00:00,140.9,500,ask,YieldingYams,AverageAlmonds,8062979
2026-07-05T08:03:09.679539,2026-07-05T08:03:09.687920+00:00,141.0,200,ask,WavyWalnuts,AverageAlmonds,8062997
2026-07-05T08:03:14.244430,2026-07-05T08:03:14.248472+00:00,140.6,200,ask,YieldingYams,WavyWalnuts,8063061
2026-07-05T08:03:15.249595,2026-07-05T08:03:15.260070+00:00,140.5,20,ask,YieldingYams,BrilliantBurritos,8063077
2026-07-05T08:03:16.262303,2026-07-05T08:03:16.267248+00:00,140.6,3,bid,Xuanyu Liu,WavyWalnuts,8063089
2026-07-05T08:03:19.013662,2026-07-05T08:03:19.022548+00:00,140.6,200,bid,YieldingYams,WavyWalnuts,8063130
2026-07-05T08:03:19.088017,2026-07-05T08:03:19.095890+00:00,140.6,200,ask,YieldingYams,WavyWalnuts,8063132
2026-07-05T08:03:20.285390,2026-07-05T08:03:20.293618+00:00,140.8,25,bid,Harold Schneider,YieldingYams,8063155
2026-07-05T08:03:20.297318,2026-07-05T08:03:20.309169+00:00,140.6,200,ask,YieldingYams,WavyWalnuts,8063156
2026-07-05T08:03:20.329942,2026-07-05T08:03:20.337997+00:00,140.4,200,ask,WavyWalnuts,YieldingYams,8063157
2026-07-05T08:03:20.350228,2026-07-05T08:03:20.355268+00:00,140.4,46,bid,Xuanyu Liu,YieldingYams,8063160
2026-07-05T08:03:22.665957,2026-07-05T08:03:22.670431+00:00,140.3,23,ask,WavyWalnuts,Xuanyu Liu,8063201
2026-07-05T08:03:24.276646,2026-07-05T08:03:24.281569+00:00,140.4,12,ask,YieldingYams,Xuanyu Liu,8063228
2026-07-05T08:03:24.731473,2026-07-05T08:03:24.743770+00:00,140.4,20,ask,YieldingYams,BrilliantBurritos,8063230
2026-07-05T08:03:26.648688,2026-07-05T08:03:26.668924+00:00,140.5,20,bid,BrilliantBurritos,YieldingYams,8063271
2026-07-05T08:03:30.317070,2026-07-05T08:03:30.328817+00:00,140.5,25,bid,Harold Schneider,YieldingYams,8063326
2026-07-05T08:03:32.149450,2026-07-05T08:03:32.155241+00:00,140.3,200,ask,WavyWalnuts,YieldingYams,8063358
2026-07-05T08:03:34.827558,2026-07-05T08:03:34.834643+00:00,140.3,200,ask,YieldingYams,WavyWalnuts,8063392
2026-07-05T08:03:35.353062,2026-07-05T08:03:35.364464+00:00,140.3,2,ask,YieldingYams,Harold Schneider,8063405
2026-07-05T08:03:37.396979,2026-07-05T08:03:37.403937+00:00,140.3,200,bid,YieldingYams,WavyWalnuts,8063430
2026-07-05T08:03:39.889264,2026-07-05T08:03:39.911152+00:00,140.2,20,ask,YieldingYams,BrilliantBurritos,8063458
2026-07-05T08:03:44.182359,2026-07-05T08:03:44.194212+00:00,140.3,500,bid,AverageAlmonds,YieldingYams,8063537
2026-07-05T08:03:44.780310,2026-07-05T08:03:44.791305+00:00,140.2,200,bid,AverageAlmonds,WavyWalnuts,8063548
2026-07-05T08:03:44.780310,2026-07-05T08:03:44.791305+00:00,140.3,125,bid,AverageAlmonds,YieldingYams,8063549
2026-07-05T08:03:45.329978,2026-07-05T08:03:45.334326+00:00,140.6,11,ask,YieldingYams,Xuanyu Liu,8063560
2026-07-05T08:03:45.424892,2026-07-05T08:03:45.433104+00:00,140.6,2,ask,YieldingYams,Harold Schneider,8063561
2026-07-05T08:03:45.428453,2026-07-05T08:03:45.433104+00:00,140.6,3,ask,YieldingYams,Xuanyu Liu,8063562
2026-07-05T08:03:45.729253,2026-07-05T08:03:45.741118+00:00,140.6,200,ask,YieldingYams,WavyWalnuts,8063566
2026-07-05T08:03:46.952162,2026-07-05T08:03:46.956696+00:00,140.6,3,bid,Xuanyu Liu,WavyWalnuts,8063588
2026-07-05T08:03:47.999097,2026-07-05T08:03:48.003439+00:00,140.6,57,bid,Xuanyu Liu,WavyWalnuts,8063606
2026-07-05T08:03:50.599410,2026-07-05T08:03:50.603546+00:00,140.5,11,ask,YieldingYams,Xuanyu Liu,8063643
2026-07-05T08:03:51.791751,2026-07-05T08:03:51.800349+00:00,140.5,200,ask,YieldingYams,WavyWalnuts,8063668
2026-07-05T08:03:51.910323,2026-07-05T08:03:51.915206+00:00,140.6,12,ask,YieldingYams,Xuanyu Liu,8063670
2026-07-05T08:03:54.211060,2026-07-05T08:03:54.220396+00:00,140.6,200,ask,YieldingYams,WavyWalnuts,8063699
2026-07-05T08:03:54.514763,2026-07-05T08:03:54.519109+00:00,140.7,11,ask,AverageAlmonds,Xuanyu Liu,8063706
2026-07-05T08:03:54.527258,2026-07-05T08:03:54.534776+00:00,140.7,489,ask,AverageAlmonds,YieldingYams,8063708
2026-07-05T08:03:54.546198,2026-07-05T08:03:54.550271+00:00,140.5,11,bid,Xuanyu Liu,YieldingYams,8063710
2026-07-05T08:03:55.077735,2026-07-05T08:03:55.085159+00:00,140.5,125,bid,AverageAlmonds,YieldingYams,8063720
2026-07-05T08:03:55.115858,2026-07-05T08:03:55.120589+00:00,140.7,11,ask,AverageAlmonds,Xuanyu Liu,8063723
2026-07-05T08:03:55.421943,2026-07-05T08:03:55.429798+00:00,140.7,200,ask,AverageAlmonds,WavyWalnuts,8063729
2026-07-05T08:03:56.654917,2026-07-05T08:03:56.669020+00:00,140.7,200,ask,YieldingYams,WavyWalnuts,8063756
2026-07-05T08:03:56.935521,2026-07-05T08:03:56.940112+00:00,140.8,12,ask,AverageAlmonds,Xuanyu Liu,8063768
2026-07-05T08:03:57.173994,2026-07-05T08:03:57.184877+00:00,140.8,488,ask,AverageAlmonds,YieldingYams,8063770
2026-07-05T08:03:57.488337,2026-07-05T08:03:57.496340+00:00,140.7,137,bid,AverageAlmonds,YieldingYams,8063778
2026-07-05T08:03:57.868599,2026-07-05T08:03:57.882650+00:00,140.8,200,ask,AverageAlmonds,WavyWalnuts,8063789
2026-07-05T08:04:00.004871,2026-07-05T08:04:00.014983+00:00,140.9,20,ask,AverageAlmonds,BrilliantBurritos,8063821
2026-07-05T08:04:02.717626,2026-07-05T08:04:02.727777+00:00,140.9,200,ask,AverageAlmonds,WavyWalnuts,8063851
2026-07-05T08:04:03.933713,2026-07-05T08:04:03.942990+00:00,140.9,200,ask,AverageAlmonds,WavyWalnuts,8063864
2026-07-05T08:04:05.144056,2026-07-05T08:04:05.154009+00:00,140.9,200,ask,AverageAlmonds,WavyWalnuts,8063880
2026-07-05T08:04:06.366143,2026-07-05T08:04:06.374064+00:00,140.9,200,ask,AverageAlmonds,WavyWalnuts,8063898
2026-07-05T08:04:07.196693,2026-07-05T08:04:07.204547+00:00,141.0,500,bid,AverageAlmonds,YieldingYams,8063904
2026-07-05T08:04:07.668292,2026-07-05T08:04:07.679699+00:00,140.9,200,bid,YieldingYams,WavyWalnuts,8063912
2026-07-05T08:04:08.783106,2026-07-05T08:04:08.792430+00:00,141.1,200,ask,YieldingYams,WavyWalnuts,8063928
2026-07-05T08:04:09.993789,2026-07-05T08:04:10.004980+00:00,141.1,200,ask,AverageAlmonds,WavyWalnuts,8063936
2026-07-05T08:04:13.778785,2026-07-05T08:04:13.791239+00:00,141.2,20,ask,WavyWalnuts,BrilliantBurritos,8063987
2026-07-05T08:04:16.041242,2026-07-05T08:04:16.058638+00:00,141.4,200,bid,WavyWalnuts,YieldingYams,8064018
2026-07-05T08:04:16.341091,2026-07-05T08:04:16.352669+00:00,141.4,20,bid,BrilliantBurritos,YieldingYams,8064020
2026-07-05T08:04:17.085214,2026-07-05T08:04:17.097767+00:00,141.2,20,ask,YieldingYams,BrilliantBurritos,8064036
2026-07-05T08:04:26.121447,2026-07-05T08:04:26.126238+00:00,141.6,11,ask,YieldingYams,Xuanyu Liu,8064145
2026-07-05T08:04:26.956796,2026-07-05T08:04:26.964145+00:00,141.7,200,bid,WavyWalnuts,AverageAlmonds,8064163
2026-07-05T08:04:28.401076,2026-07-05T08:04:28.413197+00:00,141.6,500,ask,YieldingYams,AverageAlmonds,8064187
2026-07-05T08:04:29.011724,2026-07-05T08:04:29.022402+00:00,141.5,200,ask,WavyWalnuts,AverageAlmonds,8064194
2026-07-05T08:04:30.708460,2026-07-05T08:04:30.720780+00:00,141.3,20,ask,WavyWalnuts,BrilliantBurritos,8064212
2026-07-05T08:04:32.671544,2026-07-05T08:04:32.683023+00:00,141.4,200,ask,WavyWalnuts,YieldingYams,8064229
2026-07-05T08:04:33.791299,2026-07-05T08:04:33.799109+00:00,141.3,20,ask,WavyWalnuts,BrilliantBurritos,8064244
2026-07-05T08:04:33.996296,2026-07-05T08:04:34.000804+00:00,141.5,3,ask,YieldingYams,Xuanyu Liu,8064250
2026-07-05T08:04:34.395736,2026-07-05T08:04:34.407518+00:00,141.7,20,bid,BrilliantBurritos,AverageAlmonds,8064255
2026-07-05T08:04:35.420426,2026-07-05T08:04:35.429243+00:00,141.6,200,ask,YieldingYams,WavyWalnuts,8064270
2026-07-05T08:04:35.562344,2026-07-05T08:04:35.574552+00:00,141.6,25,ask,YieldingYams,Harold Schneider,8064272
2026-07-05T08:04:35.596792,2026-07-05T08:04:35.601356+00:00,141.6,3,ask,YieldingYams,Xuanyu Liu,8064275
2026-07-05T08:04:36.517092,2026-07-05T08:04:36.529451+00:00,141.9,20,bid,BrilliantBurritos,YieldingYams,8064293
2026-07-05T08:04:37.202193,2026-07-05T08:04:37.207180+00:00,141.6,3,bid,Xuanyu Liu,WavyWalnuts,8064303
2026-07-05T08:04:40.543644,2026-07-05T08:04:40.555670+00:00,141.4,200,bid,YieldingYams,WavyWalnuts,8064362
2026-07-05T08:04:40.590429,2026-07-05T08:04:40.602721+00:00,141.4,21,ask,YieldingYams,Harold Schneider,8064364
2026-07-05T08:04:40.619859,2026-07-05T08:04:40.624325+00:00,141.5,3,ask,Harold Schneider,Xuanyu Liu,8064367
2026-07-05T08:04:40.631114,2026-07-05T08:04:40.634865+00:00,141.5,7,ask,Harold Schneider,Xuanyu Liu,8064369
2026-07-05T08:04:43.178078,2026-07-05T08:04:43.186671+00:00,141.4,200,ask,WavyWalnuts,YieldingYams,8064401
2026-07-05T08:04:43.880077,2026-07-05T08:04:43.889292+00:00,141.3,200,bid,WavyWalnuts,YieldingYams,8064409
2026-07-05T08:04:45.626107,2026-07-05T08:04:45.636264+00:00,141.3,10,ask,WavyWalnuts,Harold Schneider,8064434
2026-07-05T08:04:50.665996,2026-07-05T08:04:50.670157+00:00,141.2,4,ask,YieldingYams,Xuanyu Liu,8064514
2026-07-05T08:04:51.911629,2026-07-05T08:04:51.923817+00:00,141.5,20,bid,BrilliantBurritos,YieldingYams,8064540
2026-07-05T08:04:52.208226,2026-07-05T08:04:52.220356+00:00,141.5,20,bid,BrilliantBurritos,YieldingYams,8064544
2026-07-05T08:04:54.789210,2026-07-05T08:04:54.801121+00:00,141.4,200,bid,WavyWalnuts,YieldingYams,8064576
2026-07-05T08:04:56.264254,2026-07-05T08:04:56.268270+00:00,141.4,12,ask,WavyWalnuts,Xuanyu Liu,8064598
2026-07-05T08:04:58.923510,2026-07-05T08:04:58.930592+00:00,141.4,200,bid,YieldingYams,WavyWalnuts,8064629
2026-07-05T08:04:58.923510,2026-07-05T08:04:58.935880+00:00,141.4,425,bid,YieldingYams,AverageAlmonds,8064630
2026-07-05T08:05:02.920509,2026-07-05T08:05:02.928786+00:00,141.1,200,ask,WavyWalnuts,YieldingYams,8064706
2026-07-05T08:05:05.749248,2026-07-05T08:05:05.753871+00:00,141.0,10,ask,YieldingYams,Xuanyu Liu,8064742
2026-07-05T08:05:05.760358,2026-07-05T08:05:05.765128+00:00,141.0,1,ask,YieldingYams,Xuanyu Liu,8064744
2026-07-05T08:05:13.501769,2026-07-05T08:05:13.508572+00:00,140.7,20,ask,WavyWalnuts,BrilliantBurritos,8064861
2026-07-05T08:05:14.157874,2026-07-05T08:05:14.165966+00:00,140.9,200,bid,WavyWalnuts,YieldingYams,8064874
2026-07-05T08:05:15.367593,2026-07-05T08:05:15.376871+00:00,140.9,200,bid,WavyWalnuts,YieldingYams,8064892
2026-07-05T08:05:18.998369,2026-07-05T08:05:19.010659+00:00,140.8,200,bid,WavyWalnuts,YieldingYams,8064935
2026-07-05T08:05:20.653469,2026-07-05T08:05:20.658550+00:00,140.7,20,ask,YieldingYams,BrilliantBurritos,8064964
2026-07-05T08:05:21.626188,2026-07-05T08:05:21.633952+00:00,140.6,20,ask,YieldingYams,BrilliantBurritos,8064978
2026-07-05T08:05:22.908853,2026-07-05T08:05:22.913047+00:00,140.8,23,bid,Xuanyu Liu,WavyWalnuts,8065008
2026-07-05T08:05:24.423221,2026-07-05T08:05:24.435313+00:00,140.9,20,bid,BrilliantBurritos,YieldingYams,8065025
2026-07-05T08:05:26.573123,2026-07-05T08:05:26.584065+00:00,140.7,200,ask,WavyWalnuts,YieldingYams,8065062
2026-07-05T08:05:28.140345,2026-07-05T08:05:28.150686+00:00,140.6,20,ask,YieldingYams,BrilliantBurritos,8065085
2026-07-05T08:05:30.527656,2026-07-05T08:05:30.539815+00:00,140.6,20,ask,WavyWalnuts,BrilliantBurritos,8065125
2026-07-05T08:05:33.783842,2026-07-05T08:05:33.791267+00:00,140.7,200,ask,WavyWalnuts,AverageAlmonds,8065175
2026-07-05T08:05:34.447075,2026-07-05T08:05:34.451311+00:00,140.5,11,bid,Xuanyu Liu,YieldingYams,8065188
2026-07-05T08:05:34.747777,2026-07-05T08:05:34.758550+00:00,140.5,200,bid,WavyWalnuts,YieldingYams,8065199
2026-07-05T08:05:35.958108,2026-07-05T08:05:35.966077+00:00,140.6,200,bid,WavyWalnuts,YieldingYams,8065215
2026-07-05T08:05:38.367506,2026-07-05T08:05:38.379628+00:00,140.6,200,bid,YieldingYams,WavyWalnuts,8065257
2026-07-05T08:05:40.524528,2026-07-05T08:05:40.528386+00:00,140.8,3,bid,Xuanyu Liu,WavyWalnuts,8065295
2026-07-05T08:05:40.807602,2026-07-05T08:05:40.818675+00:00,140.7,200,ask,YieldingYams,WavyWalnuts,8065299
2026-07-05T08:05:44.442277,2026-07-05T08:05:44.458751+00:00,140.7,200,ask,YieldingYams,WavyWalnuts,8065350
2026-07-05T08:05:46.246530,2026-07-05T08:05:46.258645+00:00,140.7,200,bid,YieldingYams,WavyWalnuts,8065376
2026-07-05T08:05:48.069141,2026-07-05T08:05:48.080888+00:00,140.8,200,ask,YieldingYams,WavyWalnuts,8065397
2026-07-05T08:05:48.886936,2026-07-05T08:05:48.891434+00:00,140.9,3,bid,Xuanyu Liu,YieldingYams,8065407
2026-07-05T08:05:49.297239,2026-07-05T08:05:49.301669+00:00,140.8,11,bid,Xuanyu Liu,WavyWalnuts,8065412
2026-07-05T08:05:50.211054,2026-07-05T08:05:50.215271+00:00,140.7,12,bid,Xuanyu Liu,YieldingYams,8065427
2026-07-05T08:05:50.925808,2026-07-05T08:05:50.935932+00:00,140.7,25,bid,Harold Schneider,YieldingYams,8065433
2026-07-05T08:05:50.949678,2026-07-05T08:05:50.955043+00:00,140.7,10,bid,Xuanyu Liu,YieldingYams,8065435
2026-07-05T08:05:51.501855,2026-07-05T08:05:51.509852+00:00,140.6,200,ask,WavyWalnuts,YieldingYams,8065445
2026-07-05T08:05:51.694272,2026-07-05T08:05:51.702950+00:00,140.5,200,bid,WavyWalnuts,YieldingYams,8065451
2026-07-05T08:05:52.015230,2026-07-05T08:05:52.027335+00:00,140.3,20,ask,YieldingYams,BrilliantBurritos,8065460
2026-07-05T08:05:52.906606,2026-07-05T08:05:52.914173+00:00,140.6,200,ask,YieldingYams,WavyWalnuts,8065470
2026-07-05T08:05:54.146405,2026-07-05T08:05:54.154321+00:00,140.6,200,bid,YieldingYams,WavyWalnuts,8065486
2026-07-05T08:05:55.337255,2026-07-05T08:05:55.344386+00:00,140.6,200,ask,YieldingYams,WavyWalnuts,8065508
2026-07-05T08:05:55.958450,2026-07-05T08:05:55.970525+00:00,140.7,25,bid,Harold Schneider,YieldingYams,8065520
2026-07-05T08:05:56.546011,2026-07-05T08:05:56.558548+00:00,140.7,200,bid,WavyWalnuts,YieldingYams,8065533
2026-07-05T08:05:57.795122,2026-07-05T08:05:57.799272+00:00,140.5,36,ask,WavyWalnuts,Xuanyu Liu,8065551
2026-07-05T08:05:58.967956,2026-07-05T08:05:58.979438+00:00,140.6,200,bid,WavyWalnuts,YieldingYams,8065568
2026-07-05T08:06:00.430561,2026-07-05T08:06:00.440556+00:00,140.6,200,ask,WavyWalnuts,AverageAlmonds,8065592
2026-07-05T08:06:01.048257,2026-07-05T08:06:01.058568+00:00,140.4,2,ask,YieldingYams,Harold Schneider,8065608
2026-07-05T08:06:01.387003,2026-07-05T08:06:01.396510+00:00,140.5,200,bid,WavyWalnuts,AverageAlmonds,8065612
2026-07-05T08:06:02.773714,2026-07-05T08:06:02.782427+00:00,140.5,20,bid,BrilliantBurritos,AverageAlmonds,8065638
2026-07-05T08:06:06.066145,2026-07-05T08:06:06.078246+00:00,140.2,2,ask,WavyWalnuts,Harold Schneider,8065697
2026-07-05T08:06:07.200602,2026-07-05T08:06:07.213348+00:00,140.4,20,bid,BrilliantBurritos,WavyWalnuts,8065723
2026-07-05T08:06:08.628350,2026-07-05T08:06:08.635499+00:00,140.4,200,bid,YieldingYams,WavyWalnuts,8065745
2026-07-05T08:06:08.649848,2026-07-05T08:06:08.658594+00:00,140.4,200,ask,YieldingYams,WavyWalnuts,8065746
2026-07-05T08:06:09.944407,2026-07-05T08:06:09.958624+00:00,140.3,200,ask,WavyWalnuts,YieldingYams,8065762
2026-07-05T08:06:12.273719,2026-07-05T08:06:12.284689+00:00,140.2,200,ask,YieldingYams,WavyWalnuts,8065791
2026-07-05T08:06:16.112471,2026-07-05T08:06:16.120864+00:00,140.2,2,ask,YieldingYams,Harold Schneider,8065851
2026-07-05T08:06:16.513632,2026-07-05T08:06:16.524866+00:00,140.3,200,bid,YieldingYams,WavyWalnuts,8065859
2026-07-05T08:06:17.117052,2026-07-05T08:06:17.128238+00:00,140.3,200,ask,YieldingYams,WavyWalnuts,8065867
2026-07-05T08:06:20.423662,2026-07-05T08:06:20.435518+00:00,140.1,20,ask,YieldingYams,BrilliantBurritos,8065911
2026-07-05T08:06:22.212211,2026-07-05T08:06:22.219457+00:00,140.4,200,ask,WavyWalnuts,AverageAlmonds,8065944
2026-07-05T08:06:23.163993,2026-07-05T08:06:23.173344+00:00,140.4,200,bid,WavyWalnuts,AverageAlmonds,8065956
2026-07-05T08:06:24.388753,2026-07-05T08:06:24.399681+00:00,140.5,200,ask,YieldingYams,WavyWalnuts,8065973
2026-07-05T08:06:27.061091,2026-07-05T08:06:27.069429+00:00,140.6,200,ask,WavyWalnuts,AverageAlmonds,8066000
2026-07-05T08:06:27.666150,2026-07-05T08:06:27.674013+00:00,140.5,500,ask,YieldingYams,AverageAlmonds,8066008
2026-07-05T08:06:28.316795,2026-07-05T08:06:28.334751+00:00,140.4,200,ask,WavyWalnuts,YieldingYams,8066025
2026-07-05T08:06:30.943196,2026-07-05T08:06:30.958622+00:00,140.4,200,ask,WavyWalnuts,YieldingYams,8066064
2026-07-05T08:06:33.116341,2026-07-05T08:06:33.127998+00:00,140.4,500,ask,YieldingYams,AverageAlmonds,8066094
2026-07-05T08:06:34.925904,2026-07-05T08:06:34.935388+00:00,140.2,200,ask,WavyWalnuts,AverageAlmonds,8066114
2026-07-05T08:06:34.925904,2026-07-05T08:06:34.935388+00:00,140.2,300,ask,YieldingYams,AverageAlmonds,8066115
2026-07-05T08:06:34.957803,2026-07-05T08:06:34.969127+00:00,140.2,20,ask,YieldingYams,BrilliantBurritos,8066118
2026-07-05T08:06:35.525518,2026-07-05T08:06:35.533854+00:00,140.3,200,ask,WavyWalnuts,AverageAlmonds,8066123
2026-07-05T08:06:38.965339,2026-07-05T08:06:38.977525+00:00,140.1,20,bid,BrilliantBurritos,YieldingYams,8066169
2026-07-05T08:06:40.100377,2026-07-05T08:06:40.107680+00:00,140.1,200,bid,WavyWalnuts,YieldingYams,8066187
2026-07-05T08:06:40.268527,2026-07-05T08:06:40.275959+00:00,140.2,20,bid,BrilliantBurritos,YieldingYams,8066197
2026-07-05T08:06:41.729406,2026-07-05T08:06:41.741391+00:00,140.1,20,ask,WavyWalnuts,BrilliantBurritos,8066216
2026-07-05T08:06:42.523950,2026-07-05T08:06:42.534130+00:00,140.1,200,ask,YieldingYams,WavyWalnuts,8066229
2026-07-05T08:06:45.263743,2026-07-05T08:06:45.275704+00:00,140.1,500,bid,AverageAlmonds,YieldingYams,8066268
2026-07-05T08:06:46.192764,2026-07-05T08:06:46.205286+00:00,140.1,25,ask,YieldingYams,Harold Schneider,8066284
2026-07-05T08:06:46.228022,2026-07-05T08:06:46.232811+00:00,140.1,3,ask,YieldingYams,Xuanyu Liu,8066287
2026-07-05T08:06:46.527417,2026-07-05T08:06:46.539426+00:00,140.1,20,ask,YieldingYams,BrilliantBurritos,8066292
2026-07-05T08:06:49.334657,2026-07-05T08:06:49.358622+00:00,140.2,200,bid,YieldingYams,WavyWalnuts,8066341
2026-07-05T08:06:50.657293,2026-07-05T08:06:50.664506+00:00,140.3,200,bid,YieldingYams,WavyWalnuts,8066355
2026-07-05T08:06:54.633233,2026-07-05T08:06:54.641573+00:00,140.3,200,ask,YieldingYams,WavyWalnuts,8066428
2026-07-05T08:06:54.807436,2026-07-05T08:06:54.811740+00:00,140.3,23,ask,YieldingYams,Xuanyu Liu,8066433
2026-07-05T08:06:56.232664,2026-07-05T08:06:56.244973+00:00,140.2,19,ask,WavyWalnuts,Harold Schneider,8066452
2026-07-05T08:06:57.070014,2026-07-05T08:06:57.074265+00:00,140.3,10,ask,WavyWalnuts,Xuanyu Liu,8066464
2026-07-05T08:06:57.951475,2026-07-05T08:06:57.956475+00:00,140.4,10,bid,Xuanyu Liu,YieldingYams,8066487
2026-07-05T08:06:58.564823,2026-07-05T08:06:58.578557+00:00,140.3,200,ask,WavyWalnuts,YieldingYams,8066497
2026-07-05T08:06:58.584761,2026-07-05T08:06:58.588641+00:00,140.3,12,bid,Xuanyu Liu,YieldingYams,8066501
2026-07-05T08:06:59.477831,2026-07-05T08:06:59.487585+00:00,140.3,200,bid,WavyWalnuts,YieldingYams,8066517
2026-07-05T08:07:00.378542,2026-07-05T08:07:00.390269+00:00,140.2,500,ask,YieldingYams,AverageAlmonds,8066531
2026-07-05T08:07:00.969149,2026-07-05T08:07:00.998361+00:00,140.2,125,ask,YieldingYams,AverageAlmonds,8066542
2026-07-05T08:07:00.994097,2026-07-05T08:07:00.998361+00:00,140.2,11,bid,Xuanyu Liu,AverageAlmonds,8066544
2026-07-05T08:07:01.138747,2026-07-05T08:07:01.142768+00:00,140.1,23,ask,WavyWalnuts,Xuanyu Liu,8066549
2026-07-05T08:07:02.785563,2026-07-05T08:07:02.794505+00:00,140.1,200,ask,WavyWalnuts,AverageAlmonds,8066579
2026-07-05T08:07:02.785563,2026-07-05T08:07:02.799975+00:00,140.1,300,ask,YieldingYams,AverageAlmonds,8066580
2026-07-05T08:07:03.811189,2026-07-05T08:07:03.821635+00:00,140.2,500,bid,YieldingYams,AverageAlmonds,8066592
2026-07-05T08:07:03.829374,2026-07-05T08:07:03.834407+00:00,140.2,11,ask,YieldingYams,Xuanyu Liu,8066594
2026-07-05T08:07:03.987386,2026-07-05T08:07:03.996287+00:00,140.2,114,ask,YieldingYams,AverageAlmonds,8066600
2026-07-05T08:07:04.245810,2026-07-05T08:07:04.249968+00:00,140.2,11,bid,Xuanyu Liu,AverageAlmonds,8066604
2026-07-05T08:07:04.325494,2026-07-05T08:07:04.332375+00:00,140.2,200,bid,WavyWalnuts,AverageAlmonds,8066607
2026-07-05T08:07:04.616116,2026-07-05T08:07:04.619993+00:00,140.1,12,bid,Xuanyu Liu,AverageAlmonds,8066614
2026-07-05T08:07:05.541115,2026-07-05T08:07:05.549011+00:00,140.1,200,bid,WavyWalnuts,YieldingYams,8066633
2026-07-05T08:07:06.277288,2026-07-05T08:07:06.284921+00:00,140.1,2,bid,Harold Schneider,YieldingYams,8066646
2026-07-05T08:07:06.754119,2026-07-05T08:07:06.764009+00:00,140.2,200,bid,WavyWalnuts,AverageAlmonds,8066659
2026-07-05T08:07:07.798820,2026-07-05T08:07:07.802937+00:00,140.0,12,ask,YieldingYams,Xuanyu Liu,8066677
2026-07-05T08:07:10.413032,2026-07-05T08:07:10.423631+00:00,140.0,200,bid,YieldingYams,WavyWalnuts,8066725
2026-07-05T08:07:11.665445,2026-07-05T08:07:11.670188+00:00,140.1,12,bid,Xuanyu Liu,WavyWalnuts,8066741
2026-07-05T08:07:12.852922,2026-07-05T08:07:12.863973+00:00,139.9,20,ask,WavyWalnuts,BrilliantBurritos,8066762
2026-07-05T08:07:15.252964,2026-07-05T08:07:15.254670+00:00,140.0,200,bid,WavyWalnuts,YieldingYams,8066790
2026-07-05T08:07:16.461628,2026-07-05T08:07:16.471352+00:00,140.0,200,bid,WavyWalnuts,YieldingYams,8066802
2026-07-05T08:07:17.670573,2026-07-05T08:07:17.679232+00:00,140.0,200,bid,WavyWalnuts,YieldingYams,8066832
2026-07-05T08:07:18.882650,2026-07-05T08:07:18.892237+00:00,140.0,200,bid,WavyWalnuts,YieldingYams,8066852
2026-07-05T08:07:20.095526,2026-07-05T08:07:20.104443+00:00,140.2,200,bid,WavyWalnuts,YieldingYams,8066867
2026-07-05T08:07:20.822944,2026-07-05T08:07:20.835267+00:00,140.1,20,bid,BrilliantBurritos,AverageAlmonds,8066878
2026-07-05T08:07:21.306175,2026-07-05T08:07:21.315334+00:00,140.0,200,bid,WavyWalnuts,YieldingYams,8066892
2026-07-05T08:07:22.222922,2026-07-05T08:07:22.234148+00:00,139.9,500,bid,YieldingYams,AverageAlmonds,8066913
2026-07-05T08:07:22.515914,2026-07-05T08:07:22.524984+00:00,140.1,200,bid,WavyWalnuts,YieldingYams,8066916
2026-07-05T08:07:23.726315,2026-07-05T08:07:23.735886+00:00,139.8,200,bid,WavyWalnuts,YieldingYams,8066934
2026-07-05T08:07:23.809031,2026-07-05T08:07:23.820537+00:00,139.5,20,ask,YieldingYams,BrilliantBurritos,8066938
2026-07-05T08:07:24.936527,2026-07-05T08:07:24.950088+00:00,140.0,200,bid,WavyWalnuts,AverageAlmonds,8066958
2026-07-05T08:07:26.148293,2026-07-05T08:07:26.158614+00:00,139.9,200,bid,WavyWalnuts,AverageAlmonds,8066974
2026-07-05T08:07:26.352709,2026-07-05T08:07:26.368668+00:00,139.8,2,ask,YieldingYams,Harold Schneider,8066981
2026-07-05T08:07:27.018414,2026-07-05T08:07:27.028594+00:00,139.8,500,ask,YieldingYams,AverageAlmonds,8066999
2026-07-05T08:07:27.611072,2026-07-05T08:07:27.621477+00:00,139.7,200,ask,WavyWalnuts,AverageAlmonds,8067012
2026-07-05T08:07:27.611072,2026-07-05T08:07:27.621477+00:00,139.7,300,ask,YieldingYams,AverageAlmonds,8067013
2026-07-05T08:07:27.953510,2026-07-05T08:07:27.965835+00:00,139.9,20,bid,BrilliantBurritos,YieldingYams,8067015
2026-07-05T08:07:28.823662,2026-07-05T08:07:28.830433+00:00,139.7,500,ask,YieldingYams,AverageAlmonds,8067025
2026-07-05T08:07:29.417406,2026-07-05T08:07:29.428306+00:00,139.7,125,ask,YieldingYams,AverageAlmonds,8067036
2026-07-05T08:07:30.095353,2026-07-05T08:07:30.107329+00:00,139.5,200,ask,WavyWalnuts,YieldingYams,8067046
2026-07-05T08:07:30.991520,2026-07-05T08:07:30.999563+00:00,139.5,200,bid,WavyWalnuts,YieldingYams,8067060
2026-07-05T08:07:32.770439,2026-07-05T08:07:32.774840+00:00,139.6,35,ask,YieldingYams,Xuanyu Liu,8067087
2026-07-05T08:07:35.836513,2026-07-05T08:07:35.846738+00:00,139.6,200,ask,YieldingYams,WavyWalnuts,8067144
2026-07-05T08:07:36.652830,2026-07-05T08:07:36.659865+00:00,139.6,20,ask,YieldingYams,BrilliantBurritos,8067167
2026-07-05T08:07:40.593232,2026-07-05T08:07:40.601083+00:00,139.5,200,ask,WavyWalnuts,YieldingYams,8067223
2026-07-05T08:07:43.216493,2026-07-05T08:07:43.225517+00:00,139.6,500,bid,YieldingYams,AverageAlmonds,8067258
2026-07-05T08:07:43.216493,2026-07-05T08:07:43.225517+00:00,139.6,125,bid,YieldingYams,WavyWalnuts,8067259
2026-07-05T08:07:44.323922,2026-07-05T08:07:44.334001+00:00,139.5,200,bid,WavyWalnuts,AverageAlmonds,8067275
2026-07-05T08:07:45.534106,2026-07-05T08:07:45.545961+00:00,139.4,200,bid,WavyWalnuts,YieldingYams,8067295
2026-07-05T08:07:46.744916,2026-07-05T08:07:46.754058+00:00,139.3,200,bid,WavyWalnuts,YieldingYams,8067316
2026-07-05T08:07:48.604326,2026-07-05T08:07:48.612372+00:00,139.2,20,ask,YieldingYams,BrilliantBurritos,8067345
2026-07-05T08:07:48.642487,2026-07-05T08:07:48.647125+00:00,139.3,35,bid,Xuanyu Liu,WavyWalnuts,8067347
2026-07-05T08:07:49.167960,2026-07-05T08:07:49.179326+00:00,139.2,200,ask,YieldingYams,WavyWalnuts,8067354
2026-07-05T08:07:50.378717,2026-07-05T08:07:50.387431+00:00,139.3,200,ask,YieldingYams,WavyWalnuts,8067373
2026-07-05T08:07:52.801649,2026-07-05T08:07:52.809119+00:00,139.4,200,bid,WavyWalnuts,YieldingYams,8067404
2026-07-05T08:07:55.767662,2026-07-05T08:07:55.775078+00:00,139.3,20,ask,YieldingYams,BrilliantBurritos,8067458
2026-07-05T08:07:57.749483,2026-07-05T08:07:57.758632+00:00,139.2,200,ask,WavyWalnuts,YieldingYams,8067487
2026-07-05T08:08:00.082049,2026-07-05T08:08:00.091959+00:00,139.1,200,ask,YieldingYams,WavyWalnuts,8067522
2026-07-05T08:08:03.005497,2026-07-05T08:08:03.016244+00:00,139.4,200,bid,YieldingYams,WavyWalnuts,8067566
2026-07-05T08:08:04.398192,2026-07-05T08:08:04.406321+00:00,139.2,20,ask,WavyWalnuts,BrilliantBurritos,8067583
2026-07-05T08:08:05.560934,2026-07-05T08:08:05.569166+00:00,139.4,20,bid,BrilliantBurritos,YieldingYams,8067600
2026-07-05T08:08:08.054659,2026-07-05T08:08:08.066946+00:00,139.4,20,bid,BrilliantBurritos,WavyWalnuts,8067629
2026-07-05T08:08:10.976687,2026-07-05T08:08:10.988870+00:00,139.2,200,ask,YieldingYams,WavyWalnuts,8067678
2026-07-05T08:08:12.504843,2026-07-05T08:08:12.509374+00:00,139.2,11,bid,Xuanyu Liu,YieldingYams,8067709
2026-07-05T08:08:17.455841,2026-07-05T08:08:17.463705+00:00,139.1,200,ask,WavyWalnuts,YieldingYams,8067778
2026-07-05T08:08:27.940151,2026-07-05T08:08:27.944286+00:00,139.1,11,ask,WavyWalnuts,Xuanyu Liu,8067927
2026-07-05T08:08:28.007198,2026-07-05T08:08:28.015963+00:00,139.1,189,ask,WavyWalnuts,YieldingYams,8067928
2026-07-05T08:08:30.631722,2026-07-05T08:08:30.641190+00:00,139.1,200,ask,WavyWalnuts,YieldingYams,8067962
2026-07-05T08:08:35.176512,2026-07-05T08:08:35.188487+00:00,139.1,200,bid,WavyWalnuts,YieldingYams,8068037
2026-07-05T08:08:35.987596,2026-07-05T08:08:35.996595+00:00,139.1,20,ask,YieldingYams,BrilliantBurritos,8068045
2026-07-05T08:08:36.997063,2026-07-05T08:08:37.008739+00:00,139.2,20,bid,BrilliantBurritos,WavyWalnuts,8068060
2026-07-05T08:08:37.187333,2026-07-05T08:08:37.195049+00:00,139.2,180,bid,YieldingYams,WavyWalnuts,8068065
2026-07-05T08:08:39.812668,2026-07-05T08:08:39.833053+00:00,139.1,200,ask,WavyWalnuts,YieldingYams,8068100
2026-07-05T08:08:39.828490,2026-07-05T08:08:39.833053+00:00,139.0,14,bid,Xuanyu Liu,YieldingYams,8068102
2026-07-05T08:08:39.937776,2026-07-05T08:08:39.941736+00:00,138.8,20,ask,AverageAlmonds,BrilliantBurritos,8068107
2026-07-05T08:08:40.016994,2026-07-05T08:08:40.026184+00:00,139.0,200,bid,WavyWalnuts,YieldingYams,8068108
2026-07-05T08:08:42.431306,2026-07-05T08:08:42.435580+00:00,139.0,3,ask,WavyWalnuts,Xuanyu Liu,8068150
2026-07-05T08:08:43.935751,2026-07-05T08:08:43.948132+00:00,139.1,20,bid,BrilliantBurritos,YieldingYams,8068180
2026-07-05T08:08:45.586275,2026-07-05T08:08:45.590841+00:00,138.9,11,ask,YieldingYams,Xuanyu Liu,8068202
2026-07-05T08:08:47.681264,2026-07-05T08:08:47.690241+00:00,139.0,200,bid,YieldingYams,WavyWalnuts,8068230
2026-07-05T08:08:47.696687,2026-07-05T08:08:47.701172+00:00,139.0,12,ask,YieldingYams,Xuanyu Liu,8068233
2026-07-05T08:08:50.316811,2026-07-05T08:08:50.329467+00:00,138.7,425,ask,AverageAlmonds,YieldingYams,8068269
2026-07-05T08:08:52.837031,2026-07-05T08:08:52.844801+00:00,138.9,20,ask,WavyWalnuts,BrilliantBurritos,8068305
2026-07-05T08:08:53.330070,2026-07-05T08:08:53.342029+00:00,139.1,200,bid,WavyWalnuts,YieldingYams,8068317
2026-07-05T08:08:55.101138,2026-07-05T08:08:55.105021+00:00,139.1,11,ask,YieldingYams,Xuanyu Liu,8068345
2026-07-05T08:08:55.572212,2026-07-05T08:08:55.579910+00:00,139.2,200,bid,YieldingYams,WavyWalnuts,8068350
2026-07-05T08:08:55.592103,2026-07-05T08:08:55.597233+00:00,139.3,23,ask,YieldingYams,Xuanyu Liu,8068352
2026-07-05T08:08:55.752806,2026-07-05T08:08:55.758159+00:00,139.3,200,ask,YieldingYams,WavyWalnuts,8068355
2026-07-05T08:08:56.961813,2026-07-05T08:08:56.969590+00:00,139.2,200,ask,YieldingYams,WavyWalnuts,8068377
2026-07-05T08:08:57.445414,2026-07-05T08:08:57.463965+00:00,139.4,20,bid,BrilliantBurritos,YieldingYams,8068387
2026-07-05T08:08:58.464185,2026-07-05T08:08:58.468463+00:00,139.3,11,bid,Xuanyu Liu,YieldingYams,8068408
2026-07-05T08:08:58.474896,2026-07-05T08:08:58.479102+00:00,139.3,12,bid,Xuanyu Liu,YieldingYams,8068410
2026-07-05T08:08:59.052287,2026-07-05T08:08:59.058558+00:00,139.3,20,bid,BrilliantBurritos,YieldingYams,8068416
2026-07-05T08:08:59.388032,2026-07-05T08:08:59.397902+00:00,139.3,200,bid,WavyWalnuts,YieldingYams,8068422
2026-07-05T08:09:04.596480,2026-07-05T08:09:04.601348+00:00,139.2,12,ask,YieldingYams,Xuanyu Liu,8068514
2026-07-05T08:09:06.088645,2026-07-05T08:09:06.100621+00:00,139.3,200,bid,YieldingYams,WavyWalnuts,8068536
2026-07-05T08:09:06.108036,2026-07-05T08:09:06.113335+00:00,139.3,11,ask,YieldingYams,Xuanyu Liu,8068538
2026-07-05T08:09:09.657443,2026-07-05T08:09:09.665313+00:00,139.3,20,ask,YieldingYams,BrilliantBurritos,8068592
2026-07-05T08:09:11.750925,2026-07-05T08:09:11.764534+00:00,139.5,500,bid,AverageAlmonds,YieldingYams,8068624
2026-07-05T08:09:12.345690,2026-07-05T08:09:12.355286+00:00,139.5,125,bid,AverageAlmonds,YieldingYams,8068635
2026-07-05T08:09:12.379268,2026-07-05T08:09:12.383845+00:00,139.5,11,ask,AverageAlmonds,Xuanyu Liu,8068637
2026-07-05T08:09:12.661320,2026-07-05T08:09:12.669444+00:00,139.6,200,bid,YieldingYams,WavyWalnuts,8068642
2026-07-05T08:09:12.681368,2026-07-05T08:09:12.685830+00:00,139.6,12,ask,YieldingYams,Xuanyu Liu,8068644
2026-07-05T08:09:13.957596,2026-07-05T08:09:13.969680+00:00,139.9,20,bid,BrilliantBurritos,YieldingYams,8068662
2026-07-05T08:09:14.033718,2026-07-05T08:09:14.037878+00:00,139.7,23,bid,Xuanyu Liu,YieldingYams,8068667
2026-07-05T08:09:14.188958,2026-07-05T08:09:14.199779+00:00,139.7,500,bid,AverageAlmonds,YieldingYams,8068672
2026-07-05T08:09:14.783964,2026-07-05T08:09:14.792891+00:00,139.7,102,bid,AverageAlmonds,YieldingYams,8068680
2026-07-05T08:09:15.137341,2026-07-05T08:09:15.142491+00:00,139.9,11,ask,WavyWalnuts,Xuanyu Liu,8068686
2026-07-05T08:09:16.644814,2026-07-05T08:09:16.649387+00:00,139.9,11,bid,Xuanyu Liu,YieldingYams,8068718
2026-07-05T08:09:18.758287,2026-07-05T08:09:18.770295+00:00,139.9,200,bid,WavyWalnuts,YieldingYams,8068753
2026-07-05T08:09:19.255855,2026-07-05T08:09:19.263610+00:00,139.8,500,ask,AverageAlmonds,YieldingYams,8068757
2026-07-05T08:09:19.275419,2026-07-05T08:09:19.279749+00:00,139.8,11,bid,Xuanyu Liu,YieldingYams,8068759
2026-07-05T08:09:19.968487,2026-07-05T08:09:19.977110+00:00,139.8,114,bid,WavyWalnuts,YieldingYams,8068777
2026-07-05T08:09:20.795453,2026-07-05T08:09:20.808049+00:00,140.0,20,bid,BrilliantBurritos,WavyWalnuts,8068786
2026-07-05T08:09:23.522296,2026-07-05T08:09:23.526479+00:00,140.0,23,bid,Xuanyu Liu,WavyWalnuts,8068826
2026-07-05T08:09:25.814330,2026-07-05T08:09:25.821396+00:00,139.9,200,ask,WavyWalnuts,YieldingYams,8068855
2026-07-05T08:09:25.832584,2026-07-05T08:09:25.836605+00:00,139.9,12,bid,Xuanyu Liu,YieldingYams,8068857
2026-07-05T08:09:26.738053,2026-07-05T08:09:26.742929+00:00,139.8,12,ask,WavyWalnuts,Xuanyu Liu,8068878
2026-07-05T08:09:28.440229,2026-07-05T08:09:28.447133+00:00,139.9,200,bid,YieldingYams,WavyWalnuts,8068902
2026-07-05T08:09:28.451663,2026-07-05T08:09:28.458613+00:00,139.9,200,ask,YieldingYams,WavyWalnuts,8068904
2026-07-05T08:09:29.661421,2026-07-05T08:09:29.672740+00:00,139.9,200,ask,YieldingYams,WavyWalnuts,8068915
2026-07-05T08:09:30.868768,2026-07-05T08:09:30.878350+00:00,139.8,200,bid,WavyWalnuts,YieldingYams,8068941
2026-07-05T08:09:32.391615,2026-07-05T08:09:32.401739+00:00,139.9,200,bid,YieldingYams,WavyWalnuts,8068973
2026-07-05T08:09:33.302885,2026-07-05T08:09:33.307602+00:00,140.0,12,bid,Xuanyu Liu,WavyWalnuts,8068980
2026-07-05T08:09:35.727908,2026-07-05T08:09:35.732076+00:00,139.9,11,bid,Xuanyu Liu,WavyWalnuts,8069015
2026-07-05T08:09:36.343311,2026-07-05T08:09:36.354638+00:00,139.9,189,bid,YieldingYams,WavyWalnuts,8069023
2026-07-05T08:09:36.919142,2026-07-05T08:09:36.928869+00:00,140.0,200,ask,YieldingYams,WavyWalnuts,8069038
2026-07-05T08:09:40.292234,2026-07-05T08:09:40.299976+00:00,140.1,200,bid,YieldingYams,WavyWalnuts,8069079
2026-07-05T08:09:40.553643,2026-07-05T08:09:40.558605+00:00,140.1,200,ask,YieldingYams,WavyWalnuts,8069086
2026-07-05T08:09:43.356354,2026-07-05T08:09:43.368874+00:00,140.2,20,bid,BrilliantBurritos,WavyWalnuts,8069118
2026-07-05T08:09:44.243874,2026-07-05T08:09:44.260322+00:00,140.1,20,ask,WavyWalnuts,BrilliantBurritos,8069140
2026-07-05T08:09:45.074581,2026-07-05T08:09:45.084497+00:00,140.1,180,ask,WavyWalnuts,AverageAlmonds,8069156
2026-07-05T08:09:45.074581,2026-07-05T08:09:45.084497+00:00,140.1,320,ask,YieldingYams,AverageAlmonds,8069157
2026-07-05T08:09:46.120399,2026-07-05T08:09:46.132774+00:00,140.1,20,bid,BrilliantBurritos,AverageAlmonds,8069175
2026-07-05T08:09:46.603765,2026-07-05T08:09:46.616107+00:00,140.1,200,bid,WavyWalnuts,AverageAlmonds,8069181
2026-07-05T08:09:46.881669,2026-07-05T08:09:46.891131+00:00,140.0,500,ask,YieldingYams,AverageAlmonds,8069183
2026-07-05T08:09:47.478026,2026-07-05T08:09:47.486588+00:00,140.0,125,ask,YieldingYams,AverageAlmonds,8069194
2026-07-05T08:09:47.512715,2026-07-05T08:09:47.518281+00:00,139.9,3,bid,Xuanyu Liu,AverageAlmonds,8069196
2026-07-05T08:09:47.815303,2026-07-05T08:09:47.824147+00:00,139.9,200,bid,WavyWalnuts,AverageAlmonds,8069197
2026-07-05T08:09:49.024590,2026-07-05T08:09:49.034148+00:00,139.8,200,bid,WavyWalnuts,AverageAlmonds,8069218
2026-07-05T08:09:50.236874,2026-07-05T08:09:50.246025+00:00,139.7,200,bid,WavyWalnuts,AverageAlmonds,8069240
2026-07-05T08:09:50.834948,2026-07-05T08:09:50.849928+00:00,139.6,500,bid,YieldingYams,AverageAlmonds,8069252
2026-07-05T08:09:51.116905,2026-07-05T08:09:51.127452+00:00,139.6,125,ask,YieldingYams,AverageAlmonds,8069257
2026-07-05T08:09:51.445988,2026-07-05T08:09:51.464021+00:00,139.6,200,bid,WavyWalnuts,AverageAlmonds,8069265
2026-07-05T08:09:52.657135,2026-07-05T08:09:52.668939+00:00,139.6,200,bid,WavyWalnuts,AverageAlmonds,8069285
2026-07-05T08:09:53.538050,2026-07-05T08:09:53.549077+00:00,139.5,500,ask,YieldingYams,AverageAlmonds,8069304
2026-07-05T08:09:53.869864,2026-07-05T08:09:53.878779+00:00,139.7,200,bid,WavyWalnuts,YieldingYams,8069310
2026-07-05T08:09:55.080717,2026-07-05T08:09:55.088361+00:00,139.6,200,bid,WavyWalnuts,AverageAlmonds,8069320
2026-07-05T08:09:56.291885,2026-07-05T08:09:56.300865+00:00,139.6,200,bid,WavyWalnuts,YieldingYams,8069341
2026-07-05T08:10:00.798426,2026-07-05T08:10:00.807870+00:00,139.5,200,ask,WavyWalnuts,AverageAlmonds,8069402
2026-07-05T08:10:03.550091,2026-07-05T08:10:03.558557+00:00,139.6,200,bid,WavyWalnuts,YieldingYams,8069445
2026-07-05T08:10:06.255149,2026-07-05T08:10:06.258602+00:00,139.5,500,ask,YieldingYams,AverageAlmonds,8069482
2026-07-05T08:10:06.628788,2026-07-05T08:10:06.639394+00:00,139.3,200,ask,WavyWalnuts,YieldingYams,8069487
2026-07-05T08:10:07.187246,2026-07-05T08:10:07.194377+00:00,139.3,200,bid,WavyWalnuts,YieldingYams,8069499
2026-07-05T08:10:08.406117,2026-07-05T08:10:08.413408+00:00,139.4,200,bid,WavyWalnuts,YieldingYams,8069516
2026-07-05T08:10:10.823956,2026-07-05T08:10:10.832162+00:00,139.4,200,bid,WavyWalnuts,YieldingYams,8069549
2026-07-05T08:10:11.474237,2026-07-05T08:10:11.558983+00:00,139.4,20,bid,BrilliantBurritos,YieldingYams,8069553
2026-07-05T08:10:14.285066,2026-07-05T08:10:14.297229+00:00,139.6,20,bid,BrilliantBurritos,YieldingYams,8069596
2026-07-05T08:10:14.527244,2026-07-05T08:10:14.535789+00:00,139.5,200,ask,WavyWalnuts,YieldingYams,8069602
2026-07-05T08:10:14.542490,2026-07-05T08:10:14.546863+00:00,139.4,14,bid,Xuanyu Liu,YieldingYams,8069604
2026-07-05T08:10:16.816041,2026-07-05T08:10:16.827044+00:00,139.5,25,bid,Harold Schneider,YieldingYams,8069635
2026-07-05T08:10:20.498697,2026-07-05T08:10:20.509264+00:00,139.5,200,bid,WavyWalnuts,YieldingYams,8069687
2026-07-05T08:10:21.769074,2026-07-05T08:10:21.781088+00:00,139.4,20,bid,BrilliantBurritos,YieldingYams,8069698
2026-07-05T08:10:21.838195,2026-07-05T08:10:21.849732+00:00,139.4,25,bid,Harold Schneider,YieldingYams,8069701
2026-07-05T08:10:26.549162,2026-07-05T08:10:26.560304+00:00,139.4,200,ask,YieldingYams,WavyWalnuts,8069778
2026-07-05T08:10:27.345308,2026-07-05T08:10:27.358566+00:00,139.7,20,bid,BrilliantBurritos,YieldingYams,8069786
2026-07-05T08:10:28.970056,2026-07-05T08:10:28.981407+00:00,139.4,200,ask,YieldingYams,WavyWalnuts,8069802
2026-07-05T08:10:29.212555,2026-07-05T08:10:29.220831+00:00,139.4,20,ask,YieldingYams,BrilliantBurritos,8069806
2026-07-05T08:10:29.477463,2026-07-05T08:10:29.489588+00:00,139.7,20,bid,BrilliantBurritos,YieldingYams,8069810
2026-07-05T08:10:31.395050,2026-07-05T08:10:31.403225+00:00,139.5,200,ask,YieldingYams,WavyWalnuts,8069845
2026-07-05T08:10:32.956041,2026-07-05T08:10:32.958269+00:00,139.5,200,bid,YieldingYams,WavyWalnuts,8069872
2026-07-05T08:10:35.016909,2026-07-05T08:10:35.026046+00:00,139.6,200,bid,WavyWalnuts,YieldingYams,8069901
2026-07-05T08:10:41.080975,2026-07-05T08:10:41.090980+00:00,139.8,200,ask,YieldingYams,WavyWalnuts,8069997
2026-07-05T08:10:46.131835,2026-07-05T08:10:46.143443+00:00,139.9,500,bid,YieldingYams,AverageAlmonds,8070062
2026-07-05T08:10:46.150112,2026-07-05T08:10:46.154625+00:00,139.9,5,ask,YieldingYams,Xuanyu Liu,8070064
2026-07-05T08:10:46.212529,2026-07-05T08:10:46.224420+00:00,139.9,120,ask,YieldingYams,AverageAlmonds,8070065
2026-07-05T08:10:46.312816,2026-07-05T08:10:46.324725+00:00,139.8,20,bid,BrilliantBurritos,AverageAlmonds,8070067
2026-07-05T08:10:46.874710,2026-07-05T08:10:46.906578+00:00,139.7,200,ask,WavyWalnuts,AverageAlmonds,8070071
2026-07-05T08:10:47.128881,2026-07-05T08:10:47.138208+00:00,139.7,200,bid,WavyWalnuts,AverageAlmonds,8070077
2026-07-05T08:10:49.025597,2026-07-05T08:10:49.036764+00:00,139.5,20,ask,WavyWalnuts,BrilliantBurritos,8070111
2026-07-05T08:10:50.764624,2026-07-05T08:10:50.768677+00:00,139.6,6,ask,WavyWalnuts,Xuanyu Liu,8070130
2026-07-05T08:10:50.984117,2026-07-05T08:10:50.997195+00:00,139.6,20,ask,WavyWalnuts,BrilliantBurritos,8070137
2026-07-05T08:10:54.399687,2026-07-05T08:10:54.404046+00:00,139.7,11,bid,Xuanyu Liu,WavyWalnuts,8070186
2026-07-05T08:10:54.936702,2026-07-05T08:10:54.948569+00:00,139.6,20,ask,YieldingYams,BrilliantBurritos,8070197
2026-07-05T08:10:55.363983,2026-07-05T08:10:55.371825+00:00,139.7,189,bid,YieldingYams,WavyWalnuts,8070207
2026-07-05T08:10:55.591547,2026-07-05T08:10:55.601106+00:00,139.7,200,ask,YieldingYams,WavyWalnuts,8070214
2026-07-05T08:10:58.278501,2026-07-05T08:10:58.290968+00:00,139.9,20,bid,BrilliantBurritos,YieldingYams,8070246
2026-07-05T08:10:59.214301,2026-07-05T08:10:59.221590+00:00,139.9,200,bid,WavyWalnuts,YieldingYams,8070269
2026-07-05T08:10:59.294216,2026-07-05T08:10:59.301652+00:00,140.0,500,bid,YieldingYams,AverageAlmonds,8070271
2026-07-05T08:10:59.313045,2026-07-05T08:10:59.317289+00:00,140.0,14,ask,YieldingYams,Xuanyu Liu,8070273
2026-07-05T08:10:59.524551,2026-07-05T08:10:59.531770+00:00,140.0,111,ask,YieldingYams,AverageAlmonds,8070275
2026-07-05T08:11:00.605866,2026-07-05T08:11:00.630917+00:00,139.8,200,ask,WavyWalnuts,YieldingYams,8070290
2026-07-05T08:11:00.625754,2026-07-05T08:11:00.630917+00:00,139.7,3,bid,Xuanyu Liu,YieldingYams,8070292
2026-07-05T08:11:01.966977,2026-07-05T08:11:01.971664+00:00,139.7,3,ask,YieldingYams,Xuanyu Liu,8070313
2026-07-05T08:11:02.848392,2026-07-05T08:11:02.858765+00:00,139.7,200,ask,YieldingYams,WavyWalnuts,8070329
2026-07-05T08:11:05.774456,2026-07-05T08:11:05.786627+00:00,139.6,20,bid,BrilliantBurritos,YieldingYams,8070368
2026-07-05T08:11:05.852540,2026-07-05T08:11:05.870765+00:00,139.5,200,ask,WavyWalnuts,YieldingYams,8070369
2026-07-05T08:11:05.866094,2026-07-05T08:11:05.870765+00:00,139.5,3,bid,Xuanyu Liu,YieldingYams,8070371
2026-07-05T08:11:06.988317,2026-07-05T08:11:06.998694+00:00,139.5,25,bid,Harold Schneider,YieldingYams,8070379
2026-07-05T08:11:07.163064,2026-07-05T08:11:07.170649+00:00,139.5,200,bid,YieldingYams,WavyWalnuts,8070382
2026-07-05T08:11:10.111432,2026-07-05T08:11:10.119604+00:00,139.6,200,bid,WavyWalnuts,YieldingYams,8070421
2026-07-05T08:11:12.423133,2026-07-05T08:11:12.433811+00:00,139.7,200,bid,YieldingYams,WavyWalnuts,8070460
2026-07-05T08:11:15.436654,2026-07-05T08:11:15.458782+00:00,139.6,20,ask,WavyWalnuts,BrilliantBurritos,8070509
2026-07-05T08:11:16.165825,2026-07-05T08:11:16.177435+00:00,139.8,200,bid,WavyWalnuts,YieldingYams,8070522
2026-07-05T08:11:16.377556,2026-07-05T08:11:16.382492+00:00,139.7,3,ask,YieldingYams,Xuanyu Liu,8070525
2026-07-05T08:11:17.591599,2026-07-05T08:11:17.596365+00:00,139.8,3,bid,Xuanyu Liu,WavyWalnuts,8070542
2026-07-05T08:11:21.653799,2026-07-05T08:11:21.651840+00:00,139.8,200,bid,YieldingYams,WavyWalnuts,8070598
2026-07-05T08:11:23.428410,2026-07-05T08:11:23.440551+00:00,139.8,200,bid,WavyWalnuts,YieldingYams,8070624
2026-07-05T08:11:24.302203,2026-07-05T08:11:24.306638+00:00,139.9,3,ask,YieldingYams,Xuanyu Liu,8070645
2026-07-05T08:11:25.598650,2026-07-05T08:11:25.606278+00:00,140.0,200,bid,YieldingYams,WavyWalnuts,8070660
2026-07-05T08:11:25.598650,2026-07-05T08:11:25.611728+00:00,140.0,425,bid,YieldingYams,AverageAlmonds,8070661
2026-07-05T08:11:29.480376,2026-07-05T08:11:29.492079+00:00,140.1,200,bid,WavyWalnuts,YieldingYams,8070721
2026-07-05T08:11:30.870214,2026-07-05T08:11:30.874440+00:00,140.1,3,bid,Xuanyu Liu,YieldingYams,8070740
2026-07-05T08:11:32.069201,2026-07-05T08:11:32.078076+00:00,140.1,25,bid,Harold Schneider,YieldingYams,8070763
2026-07-05T08:11:32.181077,2026-07-05T08:11:32.186313+00:00,140.0,3,ask,YieldingYams,Xuanyu Liu,8070769
2026-07-05T08:11:33.121251,2026-07-05T08:11:33.129539+00:00,140.0,200,ask,YieldingYams,WavyWalnuts,8070786
2026-07-05T08:11:34.331369,2026-07-05T08:11:34.339101+00:00,140.0,200,ask,YieldingYams,WavyWalnuts,8070802
2026-07-05T08:11:35.335983,2026-07-05T08:11:35.345750+00:00,140.3,20,bid,BrilliantBurritos,YieldingYams,8070815
2026-07-05T08:11:41.496503,2026-07-05T08:11:41.508823+00:00,139.8,20,ask,WavyWalnuts,BrilliantBurritos,8070894
2026-07-05T08:11:42.144068,2026-07-05T08:11:42.155433+00:00,139.9,2,ask,WavyWalnuts,Harold Schneider,8070904
2026-07-05T08:11:45.724291,2026-07-05T08:11:45.736628+00:00,139.9,20,bid,BrilliantBurritos,WavyWalnuts,8070963
2026-07-05T08:11:46.671660,2026-07-05T08:11:46.680997+00:00,139.7,500,ask,AverageAlmonds,YieldingYams,8070972
2026-07-05T08:11:46.769345,2026-07-05T08:11:46.779450+00:00,139.7,125,bid,AverageAlmonds,YieldingYams,8070973
2026-07-05T08:11:47.161284,2026-07-05T08:11:47.173161+00:00,139.7,2,ask,AverageAlmonds,Harold Schneider,8070983
2026-07-05T08:11:50.077334,2026-07-05T08:11:50.084841+00:00,139.9,200,ask,YieldingYams,WavyWalnuts,8071032
2026-07-05T08:11:51.291335,2026-07-05T08:11:51.301099+00:00,139.8,200,ask,YieldingYams,WavyWalnuts,8071043
2026-07-05T08:11:52.179472,2026-07-05T08:11:52.186675+00:00,139.8,2,ask,AverageAlmonds,Harold Schneider,8071057
2026-07-05T08:11:52.504621,2026-07-05T08:11:52.511660+00:00,139.8,200,ask,YieldingYams,WavyWalnuts,8071066
2026-07-05T08:11:54.609787,2026-07-05T08:11:54.621406+00:00,139.8,200,bid,YieldingYams,WavyWalnuts,8071099
2026-07-05T08:11:54.661052,2026-07-05T08:11:54.665273+00:00,139.8,14,ask,YieldingYams,Xuanyu Liu,8071103
2026-07-05T08:11:54.936506,2026-07-05T08:11:54.941248+00:00,139.9,12,ask,WavyWalnuts,Xuanyu Liu,8071107
2026-07-05T08:11:55.928014,2026-07-05T08:11:55.939792+00:00,139.9,188,ask,WavyWalnuts,YieldingYams,8071122
2026-07-05T08:11:57.192520,2026-07-05T08:11:57.204958+00:00,139.8,25,ask,AverageAlmonds,Harold Schneider,8071146
2026-07-05T08:11:57.221755,2026-07-05T08:11:57.230859+00:00,139.8,2,ask,AverageAlmonds,Harold Schneider,8071150
2026-07-05T08:11:57.471680,2026-07-05T08:11:57.484088+00:00,140.0,20,bid,BrilliantBurritos,YieldingYams,8071151
2026-07-05T08:11:59.785752,2026-07-05T08:11:59.795400+00:00,139.9,200,ask,YieldingYams,WavyWalnuts,8071187
2026-07-05T08:12:01.185878,2026-07-05T08:12:01.192971+00:00,139.8,200,ask,WavyWalnuts,YieldingYams,8071214
2026-07-05T08:12:01.937642,2026-07-05T08:12:01.942000+00:00,139.6,11,ask,YieldingYams,Xuanyu Liu,8071234
2026-07-05T08:12:02.216763,2026-07-05T08:12:02.221320+00:00,139.7,12,ask,WavyWalnuts,Xuanyu Liu,8071239
2026-07-05T08:12:02.234455,2026-07-05T08:12:02.242667+00:00,139.7,25,ask,WavyWalnuts,Harold Schneider,8071240
2026-07-05T08:12:02.266125,2026-07-05T08:12:02.278962+00:00,139.7,2,ask,WavyWalnuts,Harold Schneider,8071244
2026-07-05T08:12:07.279406,2026-07-05T08:12:07.291790+00:00,139.8,25,ask,YieldingYams,Harold Schneider,8071305
2026-07-05T08:12:09.078080,2026-07-05T08:12:09.090061+00:00,139.9,20,bid,BrilliantBurritos,WavyWalnuts,8071336
2026-07-05T08:12:09.193657,2026-07-05T08:12:09.203959+00:00,139.8,500,ask,YieldingYams,AverageAlmonds,8071341
2026-07-05T08:12:09.789066,2026-07-05T08:12:09.797119+00:00,139.8,125,ask,YieldingYams,AverageAlmonds,8071351
2026-07-05T08:12:09.810441,2026-07-05T08:12:09.814306+00:00,139.8,10,bid,Xuanyu Liu,AverageAlmonds,8071353
2026-07-05T08:12:10.414255,2026-07-05T08:12:10.424822+00:00,139.7,200,ask,WavyWalnuts,YieldingYams,8071365
2026-07-05T08:12:11.601522,2026-07-05T08:12:11.675455+00:00,139.6,200,ask,WavyWalnuts,AverageAlmonds,8071390
2026-07-05T08:12:11.671212,2026-07-05T08:12:11.675455+00:00,139.6,2,bid,Xuanyu Liu,AverageAlmonds,8071394
2026-07-05T08:12:12.302360,2026-07-05T08:12:12.314391+00:00,139.5,15,ask,WavyWalnuts,Harold Schneider,8071401
2026-07-05T08:12:12.810519,2026-07-05T08:12:12.846588+00:00,139.5,185,ask,WavyWalnuts,AverageAlmonds,8071412
2026-07-05T08:12:12.842529,2026-07-05T08:12:12.846588+00:00,139.5,11,bid,Xuanyu Liu,AverageAlmonds,8071417
2026-07-05T08:12:14.361096,2026-07-05T08:12:14.369962+00:00,139.4,200,ask,WavyWalnuts,YieldingYams,8071435
2026-07-05T08:12:15.516828,2026-07-05T08:12:15.526861+00:00,139.4,200,bid,WavyWalnuts,YieldingYams,8071453
2026-07-05T08:12:18.326549,2026-07-05T08:12:18.330899+00:00,139.3,23,bid,Xuanyu Liu,YieldingYams,8071493
2026-07-05T08:12:18.868244,2026-07-05T08:12:18.880715+00:00,139.3,20,bid,BrilliantBurritos,YieldingYams,8071499
2026-07-05T08:12:19.165191,2026-07-05T08:12:19.169512+00:00,139.2,3,bid,Xuanyu Liu,WavyWalnuts,8071504
2026-07-05T08:12:19.600007,2026-07-05T08:12:19.604252+00:00,139.0,3,ask,YieldingYams,Xuanyu Liu,8071517
2026-07-05T08:12:20.897717,2026-07-05T08:12:20.901599+00:00,139.0,11,ask,YieldingYams,Xuanyu Liu,8071535
2026-07-05T08:12:20.947394,2026-07-05T08:12:20.951295+00:00,139.1,12,ask,YieldingYams,Xuanyu Liu,8071539
2026-07-05T08:12:21.572391,2026-07-05T08:12:21.581586+00:00,139.1,200,ask,YieldingYams,WavyWalnuts,8071550
2026-07-05T08:12:24.007499,2026-07-05T08:12:24.015935+00:00,139.1,200,ask,AverageAlmonds,WavyWalnuts,8071584
2026-07-05T08:12:26.198593,2026-07-05T08:12:26.210202+00:00,139.2,200,bid,YieldingYams,WavyWalnuts,8071618
2026-07-05T08:12:28.802773,2026-07-05T08:12:28.815027+00:00,139.3,20,ask,WavyWalnuts,BrilliantBurritos,8071648
2026-07-05T08:12:30.151967,2026-07-05T08:12:30.158564+00:00,139.3,200,bid,YieldingYams,WavyWalnuts,8071665
2026-07-05T08:12:30.979654,2026-07-05T08:12:30.990454+00:00,139.4,20,ask,YieldingYams,BrilliantBurritos,8071672
2026-07-05T08:12:31.262454,2026-07-05T08:12:31.274506+00:00,139.4,200,ask,YieldingYams,WavyWalnuts,8071675
2026-07-05T08:12:32.487004,2026-07-05T08:12:32.491542+00:00,139.4,12,bid,Xuanyu Liu,WavyWalnuts,8071700
2026-07-05T08:12:32.805304,2026-07-05T08:12:32.816890+00:00,139.4,188,bid,YieldingYams,WavyWalnuts,8071706
2026-07-05T08:12:33.683734,2026-07-05T08:12:33.693014+00:00,139.5,200,ask,YieldingYams,WavyWalnuts,8071709
2026-07-05T08:12:37.315477,2026-07-05T08:12:37.326858+00:00,139.5,200,bid,WavyWalnuts,YieldingYams,8071767
2026-07-05T08:12:38.281512,2026-07-05T08:12:38.294024+00:00,139.4,20,ask,YieldingYams,BrilliantBurritos,8071788
2026-07-05T08:12:39.838928,2026-07-05T08:12:39.843441+00:00,139.5,14,bid,Xuanyu Liu,YieldingYams,8071811
2026-07-05T08:12:39.963241,2026-07-05T08:12:39.975400+00:00,139.4,20,ask,AverageAlmonds,BrilliantBurritos,8071813
2026-07-05T08:12:43.347993,2026-07-05T08:12:43.352256+00:00,139.5,3,ask,YieldingYams,Xuanyu Liu,8071863
2026-07-05T08:12:44.451089,2026-07-05T08:12:44.464199+00:00,139.7,20,bid,BrilliantBurritos,WavyWalnuts,8071887
2026-07-05T08:12:47.276154,2026-07-05T08:12:47.288202+00:00,139.7,200,bid,YieldingYams,WavyWalnuts,8071919
2026-07-05T08:12:48.971236,2026-07-05T08:12:48.983880+00:00,139.7,20,ask,YieldingYams,BrilliantBurritos,8071940
2026-07-05T08:12:49.425298,2026-07-05T08:12:49.435613+00:00,139.7,200,ask,YieldingYams,WavyWalnuts,8071944
2026-07-05T08:12:50.635857,2026-07-05T08:12:50.645487+00:00,139.8,200,ask,YieldingYams,WavyWalnuts,8071965
2026-07-05T08:12:55.722095,2026-07-05T08:12:55.726326+00:00,139.9,11,ask,YieldingYams,Xuanyu Liu,8072047
2026-07-05T08:12:57.901231,2026-07-05T08:12:57.911048+00:00,140.0,200,bid,WavyWalnuts,YieldingYams,8072074
2026-07-05T08:12:59.117844,2026-07-05T08:12:59.126966+00:00,140.0,200,bid,WavyWalnuts,YieldingYams,8072090
2026-07-05T08:13:00.476332,2026-07-05T08:13:00.481435+00:00,140.0,12,ask,YieldingYams,Xuanyu Liu,8072114
2026-07-05T08:13:01.538895,2026-07-05T08:13:01.558582+00:00,140.0,200,ask,YieldingYams,WavyWalnuts,8072135
2026-07-05T08:13:07.042966,2026-07-05T08:13:07.051167+00:00,139.8,200,ask,WavyWalnuts,YieldingYams,8072226
2026-07-05T08:13:07.084994,2026-07-05T08:13:07.089178+00:00,139.8,23,bid,Xuanyu Liu,YieldingYams,8072229
2026-07-05T08:13:08.803101,2026-07-05T08:13:08.813598+00:00,139.9,200,ask,YieldingYams,WavyWalnuts,8072246
2026-07-05T08:13:09.105291,2026-07-05T08:13:09.121628+00:00,140.1,20,bid,BrilliantBurritos,YieldingYams,8072250
2026-07-05T08:13:10.981977,2026-07-05T08:13:10.989820+00:00,140.0,200,ask,WavyWalnuts,YieldingYams,8072269
2026-07-05T08:13:11.222620,2026-07-05T08:13:11.234863+00:00,140.0,20,bid,BrilliantBurritos,YieldingYams,8072271
2026-07-05T08:13:16.083007,2026-07-05T08:13:16.089974+00:00,139.9,200,bid,WavyWalnuts,YieldingYams,8072341
2026-07-05T08:13:19.774152,2026-07-05T08:13:19.779140+00:00,139.9,3,bid,Xuanyu Liu,WavyWalnuts,8072389
2026-07-05T08:13:20.165470,2026-07-05T08:13:20.176049+00:00,139.9,197,bid,YieldingYams,WavyWalnuts,8072392
2026-07-05T08:13:20.386125,2026-07-05T08:13:20.398250+00:00,140.1,20,bid,BrilliantBurritos,YieldingYams,8072400
2026-07-05T08:13:22.176266,2026-07-05T08:13:22.180485+00:00,139.9,3,bid,Xuanyu Liu,WavyWalnuts,8072429
2026-07-05T08:13:22.482573,2026-07-05T08:13:22.489767+00:00,139.9,25,bid,Harold Schneider,WavyWalnuts,8072436
2026-07-05T08:13:27.507290,2026-07-05T08:13:27.517601+00:00,140.1,25,bid,Harold Schneider,YieldingYams,8072506
2026-07-05T08:13:28.055771,2026-07-05T08:13:28.060340+00:00,139.9,23,bid,Xuanyu Liu,YieldingYams,8072522
2026-07-05T08:13:30.645794,2026-07-05T08:13:30.649949+00:00,140.0,12,ask,WavyWalnuts,Xuanyu Liu,8072554
2026-07-05T08:13:33.336528,2026-07-05T08:13:33.348132+00:00,140.0,200,ask,WavyWalnuts,YieldingYams,8072589
2026-07-05T08:13:34.267539,2026-07-05T08:13:34.275744+00:00,139.9,200,bid,WavyWalnuts,YieldingYams,8072597
2026-07-05T08:13:36.878858,2026-07-05T08:13:36.886057+00:00,140.1,20,bid,BrilliantBurritos,YieldingYams,8072636
2026-07-05T08:13:38.103298,2026-07-05T08:13:38.115369+00:00,140.1,20,bid,BrilliantBurritos,YieldingYams,8072658
2026-07-05T08:13:40.041980,2026-07-05T08:13:40.046910+00:00,140.0,11,ask,YieldingYams,Xuanyu Liu,8072699
2026-07-05T08:13:42.538784,2026-07-05T08:13:42.549482+00:00,140.0,200,bid,YieldingYams,WavyWalnuts,8072730
2026-07-05T08:13:42.755897,2026-07-05T08:13:42.756197+00:00,140.0,200,ask,YieldingYams,WavyWalnuts,8072732
2026-07-05T08:13:44.966875,2026-07-05T08:13:44.976157+00:00,139.9,20,ask,WavyWalnuts,BrilliantBurritos,8072759
2026-07-05T08:13:47.845529,2026-07-05T08:13:47.855813+00:00,140.0,200,bid,AverageAlmonds,WavyWalnuts,8072799
2026-07-05T08:13:48.444547,2026-07-05T08:13:48.451600+00:00,140.1,500,bid,AverageAlmonds,YieldingYams,8072809
2026-07-05T08:13:49.040532,2026-07-05T08:13:49.048134+00:00,140.1,125,bid,AverageAlmonds,YieldingYams,8072824
2026-07-05T08:13:50.020835,2026-07-05T08:13:50.031290+00:00,140.1,200,ask,YieldingYams,WavyWalnuts,8072837
2026-07-05T08:13:51.740562,2026-07-05T08:13:51.750312+00:00,140.2,200,bid,YieldingYams,WavyWalnuts,8072864
2026-07-05T08:13:52.439000,2026-07-05T08:13:52.448485+00:00,140.2,200,ask,YieldingYams,WavyWalnuts,8072876
2026-07-05T08:13:54.369907,2026-07-05T08:13:54.378724+00:00,140.0,200,ask,WavyWalnuts,YieldingYams,8072902
2026-07-05T08:13:54.369907,2026-07-05T08:13:54.378724+00:00,139.9,425,ask,AverageAlmonds,YieldingYams,8072903
2026-07-05T08:13:55.885423,2026-07-05T08:13:55.890099+00:00,140.0,3,ask,YieldingYams,Xuanyu Liu,8072927
2026-07-05T08:13:57.579545,2026-07-05T08:13:57.591550+00:00,140.2,25,ask,YieldingYams,Harold Schneider,8072950
2026-07-05T08:13:58.302755,2026-07-05T08:13:58.310036+00:00,140.3,200,bid,YieldingYams,WavyWalnuts,8072965
2026-07-05T08:13:58.321645,2026-07-05T08:13:58.325988+00:00,140.3,3,ask,YieldingYams,Xuanyu Liu,8072967
2026-07-05T08:13:59.633016,2026-07-05T08:13:59.637865+00:00,140.4,3,bid,Xuanyu Liu,YieldingYams,8072985
2026-07-05T08:14:03.112780,2026-07-05T08:14:03.120506+00:00,140.4,20,bid,BrilliantBurritos,WavyWalnuts,8073042
2026-07-05T08:14:03.545855,2026-07-05T08:14:03.558613+00:00,140.4,200,bid,YieldingYams,WavyWalnuts,8073047
2026-07-05T08:14:07.518412,2026-07-05T08:14:07.529262+00:00,140.3,200,ask,WavyWalnuts,YieldingYams,8073115
2026-07-05T08:14:08.188722,2026-07-05T08:14:08.197891+00:00,140.3,200,bid,WavyWalnuts,YieldingYams,8073120
2026-07-05T08:14:13.132831,2026-07-05T08:14:13.141669+00:00,140.3,20,ask,YieldingYams,BrilliantBurritos,8073194
2026-07-05T08:14:15.470640,2026-07-05T08:14:15.479548+00:00,140.4,200,bid,WavyWalnuts,YieldingYams,8073231
2026-07-05T08:14:16.655743,2026-07-05T08:14:16.668871+00:00,140.4,20,bid,BrilliantBurritos,YieldingYams,8073246
2026-07-05T08:14:19.179751,2026-07-05T08:14:19.189223+00:00,140.4,20,ask,WavyWalnuts,BrilliantBurritos,8073288
2026-07-05T08:14:22.745544,2026-07-05T08:14:22.758609+00:00,140.5,200,ask,YieldingYams,WavyWalnuts,8073339
2026-07-05T08:14:23.964641,2026-07-05T08:14:23.968718+00:00,140.5,3,bid,Xuanyu Liu,WavyWalnuts,8073356
2026-07-05T08:14:27.798372,2026-07-05T08:14:27.810191+00:00,140.4,500,ask,YieldingYams,AverageAlmonds,8073411
2026-07-05T08:14:28.428204,2026-07-05T08:14:28.437818+00:00,140.4,125,ask,YieldingYams,AverageAlmonds,8073430
2026-07-05T08:14:28.569616,2026-07-05T08:14:28.589231+00:00,140.3,200,ask,WavyWalnuts,YieldingYams,8073435
2026-07-05T08:14:28.585089,2026-07-05T08:14:28.589231+00:00,140.3,11,bid,Xuanyu Liu,YieldingYams,8073437
2026-07-05T08:14:32.040157,2026-07-05T08:14:32.047589+00:00,140.3,500,ask,YieldingYams,AverageAlmonds,8073492
2026-07-05T08:14:32.442682,2026-07-05T08:14:32.458748+00:00,140.3,125,ask,YieldingYams,WavyWalnuts,8073504
2026-07-05T08:14:32.611282,2026-07-05T08:14:32.615500+00:00,140.2,12,bid,Xuanyu Liu,WavyWalnuts,8073508
2026-07-05T08:14:32.662750,2026-07-05T08:14:32.672797+00:00,140.2,25,bid,Harold Schneider,WavyWalnuts,8073513
2026-07-05T08:14:32.689294,2026-07-05T08:14:32.693521+00:00,140.2,10,bid,Xuanyu Liu,WavyWalnuts,8073515
2026-07-05T08:14:34.862353,2026-07-05T08:14:34.873268+00:00,140.2,200,bid,WavyWalnuts,YieldingYams,8073550
2026-07-05T08:14:37.696164,2026-07-05T08:14:37.703968+00:00,140.3,25,bid,Harold Schneider,YieldingYams,8073587
2026-07-05T08:14:37.721415,2026-07-05T08:14:37.725537+00:00,140.3,1,bid,Xuanyu Liu,YieldingYams,8073589
2026-07-05T08:14:37.756413,2026-07-05T08:14:37.766655+00:00,140.3,500,bid,YieldingYams,AverageAlmonds,8073590
2026-07-05T08:14:37.756413,2026-07-05T08:14:37.766655+00:00,140.4,125,bid,YieldingYams,WavyWalnuts,8073591
2026-07-05T08:14:39.073285,2026-07-05T08:14:39.097816+00:00,140.1,200,ask,WavyWalnuts,YieldingYams,8073609
2026-07-05T08:14:39.093947,2026-07-05T08:14:39.097816+00:00,140.1,12,bid,Xuanyu Liu,YieldingYams,8073612
2026-07-05T08:14:39.700568,2026-07-05T08:14:39.712256+00:00,140.1,200,bid,WavyWalnuts,YieldingYams,8073619
2026-07-05T08:14:42.122956,2026-07-05T08:14:42.132069+00:00,140.2,200,ask,YieldingYams,WavyWalnuts,8073649
2026-07-05T08:14:42.737103,2026-07-05T08:14:42.744224+00:00,140.3,25,bid,Harold Schneider,AverageAlmonds,8073665
2026-07-05T08:14:43.332637,2026-07-05T08:14:43.342281+00:00,140.2,200,ask,YieldingYams,WavyWalnuts,8073669
2026-07-05T08:14:43.541658,2026-07-05T08:14:43.553714+00:00,140.2,425,ask,YieldingYams,AverageAlmonds,8073674
2026-07-05T08:14:44.310944,2026-07-05T08:14:44.333277+00:00,139.8,200,ask,WavyWalnuts,YieldingYams,8073690
2026-07-05T08:14:44.328872,2026-07-05T08:14:44.333277+00:00,139.8,22,bid,Xuanyu Liu,YieldingYams,8073692
2026-07-05T08:14:45.371879,2026-07-05T08:14:45.376870+00:00,139.7,22,ask,WavyWalnuts,Xuanyu Liu,8073713
2026-07-05T08:14:45.748029,2026-07-05T08:14:45.758544+00:00,139.8,200,bid,WavyWalnuts,YieldingYams,8073721
2026-07-05T08:14:46.534157,2026-07-05T08:14:46.538030+00:00,139.5,23,ask,YieldingYams,Xuanyu Liu,8073726
2026-07-05T08:14:46.945819,2026-07-05T08:14:46.950223+00:00,139.6,12,ask,YieldingYams,Xuanyu Liu,8073737
2026-07-05T08:14:46.979264,2026-07-05T08:14:46.983866+00:00,139.8,14,ask,WavyWalnuts,Xuanyu Liu,8073740
2026-07-05T08:14:47.836956,2026-07-05T08:14:47.844173+00:00,139.8,2,ask,WavyWalnuts,Harold Schneider,8073747
2026-07-05T08:14:49.378574,2026-07-05T08:14:49.386009+00:00,139.9,200,bid,WavyWalnuts,YieldingYams,8073780
2026-07-05T08:14:49.669928,2026-07-05T08:14:49.674102+00:00,140.0,14,bid,Xuanyu Liu,AverageAlmonds,8073784
2026-07-05T08:14:50.800966,2026-07-05T08:14:50.811385+00:00,140.0,200,ask,WavyWalnuts,AverageAlmonds,8073803
2026-07-05T08:14:52.631485,2026-07-05T08:14:52.642470+00:00,139.9,200,ask,WavyWalnuts,AverageAlmonds,8073826
2026-07-05T08:14:52.649004,2026-07-05T08:14:52.653544+00:00,139.9,12,bid,Xuanyu Liu,AverageAlmonds,8073828
2026-07-05T08:14:52.854251,2026-07-05T08:14:52.866424+00:00,139.8,2,ask,YieldingYams,Harold Schneider,8073829
2026-07-05T08:14:53.003173,2026-07-05T08:14:53.013486+00:00,139.9,200,bid,WavyWalnuts,AverageAlmonds,8073834
2026-07-05T08:14:53.235021,2026-07-05T08:14:53.245441+00:00,139.8,500,ask,YieldingYams,AverageAlmonds,8073839
2026-07-05T08:14:54.794073,2026-07-05T08:14:54.802853+00:00,139.7,500,bid,YieldingYams,AverageAlmonds,8073866
2026-07-05T08:14:54.794073,2026-07-05T08:14:54.802853+00:00,139.8,125,bid,YieldingYams,WavyWalnuts,8073867
2026-07-05T08:14:57.872308,2026-07-05T08:14:57.884247+00:00,139.5,2,ask,YieldingYams,Harold Schneider,8073921
2026-07-05T08:14:59.063757,2026-07-05T08:14:59.072609+00:00,139.6,200,ask,YieldingYams,WavyWalnuts,8073937
2026-07-05T08:15:01.096258,2026-07-05T08:15:01.104031+00:00,139.5,500,ask,YieldingYams,AverageAlmonds,8073968
2026-07-05T08:15:01.484588,2026-07-05T08:15:01.493743+00:00,139.5,200,bid,WavyWalnuts,YieldingYams,8073972
2026-07-05T08:15:02.518280,2026-07-05T08:15:02.526168+00:00,139.5,20,bid,BrilliantBurritos,YieldingYams,8073982
2026-07-05T08:15:02.697330,2026-07-05T08:15:02.704552+00:00,139.5,200,bid,WavyWalnuts,YieldingYams,8073984
2026-07-05T08:15:03.501756,2026-07-05T08:15:03.508698+00:00,139.4,500,ask,YieldingYams,AverageAlmonds,8073998
2026-07-05T08:15:05.345876,2026-07-05T08:15:05.356878+00:00,139.3,500,bid,YieldingYams,AverageAlmonds,8074029
2026-07-05T08:15:05.345876,2026-07-05T08:15:05.356878+00:00,139.4,125,bid,YieldingYams,WavyWalnuts,8074030
2026-07-05T08:15:05.504911,2026-07-05T08:15:05.509313+00:00,139.4,11,bid,Xuanyu Liu,WavyWalnuts,8074033
2026-07-05T08:15:05.927790,2026-07-05T08:15:05.965553+00:00,139.2,200,ask,WavyWalnuts,AverageAlmonds,8074041
2026-07-05T08:15:05.961136,2026-07-05T08:15:05.965553+00:00,139.2,23,bid,Xuanyu Liu,AverageAlmonds,8074046
2026-07-05T08:15:06.343287,2026-07-05T08:15:06.358573+00:00,139.2,200,bid,WavyWalnuts,AverageAlmonds,8074055
2026-07-05T08:15:06.683059,2026-07-05T08:15:06.695408+00:00,139.2,500,bid,YieldingYams,AverageAlmonds,8074058
2026-07-05T08:15:07.139988,2026-07-05T08:15:07.149415+00:00,139.2,125,ask,YieldingYams,AverageAlmonds,8074061
2026-07-05T08:15:07.937870,2026-07-05T08:15:07.949520+00:00,139.2,25,bid,Harold Schneider,AverageAlmonds,8074076
2026-07-05T08:15:07.956941,2026-07-05T08:15:07.968972+00:00,139.1,2,ask,WavyWalnuts,Harold Schneider,8074077
2026-07-05T08:15:07.998373,2026-07-05T08:15:08.009278+00:00,139.1,198,ask,WavyWalnuts,YieldingYams,8074078
2026-07-05T08:15:08.767243,2026-07-05T08:15:08.776844+00:00,139.0,200,bid,WavyWalnuts,YieldingYams,8074086
2026-07-05T08:15:09.477894,2026-07-05T08:15:09.490307+00:00,139.1,20,bid,BrilliantBurritos,AverageAlmonds,8074096
2026-07-05T08:15:11.207842,2026-07-05T08:15:11.212099+00:00,139.0,11,ask,WavyWalnuts,Xuanyu Liu,8074113
2026-07-05T08:15:12.397966,2026-07-05T08:15:12.407587+00:00,139.1,200,bid,WavyWalnuts,YieldingYams,8074128
2026-07-05T08:15:12.975476,2026-07-05T08:15:12.982282+00:00,139.1,25,bid,Harold Schneider,YieldingYams,8074139
2026-07-05T08:15:13.000180,2026-07-05T08:15:13.004381+00:00,139.1,10,bid,Xuanyu Liu,YieldingYams,8074141
2026-07-05T08:15:15.048896,2026-07-05T08:15:15.053606+00:00,139.1,10,ask,WavyWalnuts,Xuanyu Liu,8074168
2026-07-05T08:15:16.217009,2026-07-05T08:15:16.224935+00:00,139.1,200,ask,WavyWalnuts,AverageAlmonds,8074184
2026-07-05T08:15:16.853276,2026-07-05T08:15:16.858646+00:00,139.0,500,ask,YieldingYams,AverageAlmonds,8074195
2026-07-05T08:15:17.439939,2026-07-05T08:15:17.448481+00:00,139.0,200,ask,WavyWalnuts,AverageAlmonds,8074205
2026-07-05T08:15:17.439939,2026-07-05T08:15:17.448481+00:00,138.9,300,ask,YieldingYams,AverageAlmonds,8074206
2026-07-05T08:15:18.017667,2026-07-05T08:15:18.027739+00:00,139.1,25,bid,Harold Schneider,YieldingYams,8074216
2026-07-05T08:15:18.044394,2026-07-05T08:15:18.053688+00:00,138.9,325,ask,YieldingYams,AverageAlmonds,8074217
2026-07-05T08:15:18.066056,2026-07-05T08:15:18.070161+00:00,138.8,22,bid,Xuanyu Liu,AverageAlmonds,8074219
2026-07-05T08:15:18.450854,2026-07-05T08:15:18.476503+00:00,138.8,153,bid,WavyWalnuts,AverageAlmonds,8074227
2026-07-05T08:15:18.472055,2026-07-05T08:15:18.476503+00:00,138.9,47,ask,WavyWalnuts,Xuanyu Liu,8074230
2026-07-05T08:15:19.265806,2026-07-05T08:15:19.274808+00:00,138.7,500,ask,YieldingYams,AverageAlmonds,8074249
2026-07-05T08:15:19.808919,2026-07-05T08:15:19.819237+00:00,138.8,200,ask,WavyWalnuts,YieldingYams,8074261
2026-07-05T08:15:21.293387,2026-07-05T08:15:21.301170+00:00,138.6,20,bid,BrilliantBurritos,YieldingYams,8074283
2026-07-05T08:15:21.377145,2026-07-05T08:15:21.381456+00:00,138.6,47,bid,Xuanyu Liu,YieldingYams,8074290
2026-07-05T08:15:22.432776,2026-07-05T08:15:22.444481+00:00,138.6,200,bid,YieldingYams,WavyWalnuts,8074304
2026-07-05T08:15:23.093219,2026-07-05T08:15:23.103751+00:00,138.8,25,bid,Harold Schneider,YieldingYams,8074316
2026-07-05T08:15:23.299580,2026-07-05T08:15:23.307093+00:00,138.6,200,ask,YieldingYams,WavyWalnuts,8074323
2026-07-05T08:15:23.750245,2026-07-05T08:15:23.768739+00:00,138.4,200,ask,WavyWalnuts,YieldingYams,8074332
2026-07-05T08:15:28.138293,2026-07-05T08:15:28.147470+00:00,138.5,200,ask,YieldingYams,WavyWalnuts,8074374
2026-07-05T08:15:28.161541,2026-07-05T08:15:28.166106+00:00,138.5,10,ask,YieldingYams,Xuanyu Liu,8074376
2026-07-05T08:15:30.153364,2026-07-05T08:15:30.158557+00:00,138.6,200,bid,AverageAlmonds,WavyWalnuts,8074399
2026-07-05T08:15:30.571200,2026-07-05T08:15:30.581783+00:00,138.6,200,ask,AverageAlmonds,WavyWalnuts,8074407
2026-07-05T08:15:30.755981,2026-07-05T08:15:30.758625+00:00,138.7,500,bid,AverageAlmonds,YieldingYams,8074409
2026-07-05T08:15:31.357888,2026-07-05T08:15:31.369932+00:00,138.7,125,bid,AverageAlmonds,YieldingYams,8074423
2026-07-05T08:15:31.391815,2026-07-05T08:15:31.396909+00:00,138.7,1,ask,AverageAlmonds,Xuanyu Liu,8074425
2026-07-05T08:15:31.780413,2026-07-05T08:15:31.791165+00:00,138.7,200,ask,AverageAlmonds,WavyWalnuts,8074427
2026-07-05T08:15:32.618519,2026-07-05T08:15:32.623490+00:00,138.8,11,ask,AverageAlmonds,Xuanyu Liu,8074443
2026-07-05T08:15:32.991648,2026-07-05T08:15:33.002159+00:00,138.8,200,ask,AverageAlmonds,WavyWalnuts,8074447
2026-07-05T08:15:33.200305,2026-07-05T08:15:33.211814+00:00,138.8,2,ask,YieldingYams,Harold Schneider,8074449
2026-07-05T08:15:33.206748,2026-07-05T08:15:33.211814+00:00,138.8,10,ask,YieldingYams,Xuanyu Liu,8074450
2026-07-05T08:15:33.407053,2026-07-05T08:15:33.417118+00:00,138.8,20,ask,YieldingYams,BrilliantBurritos,8074453
2026-07-05T08:15:34.201687,2026-07-05T08:15:34.211862+00:00,138.8,200,ask,YieldingYams,WavyWalnuts,8074472
2026-07-05T08:15:35.412164,2026-07-05T08:15:35.423735+00:00,138.8,200,ask,AverageAlmonds,WavyWalnuts,8074489
2026-07-05T08:15:36.807102,2026-07-05T08:15:36.818924+00:00,138.9,200,bid,AverageAlmonds,WavyWalnuts,8074507
2026-07-05T08:15:37.197379,2026-07-05T08:15:37.201574+00:00,138.9,2,ask,AverageAlmonds,Xuanyu Liu,8074514
2026-07-05T08:15:38.181907,2026-07-05T08:15:38.204581+00:00,139.0,200,bid,YieldingYams,WavyWalnuts,8074526
2026-07-05T08:15:38.200138,2026-07-05T08:15:38.204581+00:00,139.0,11,ask,YieldingYams,Xuanyu Liu,8074528
2026-07-05T08:15:39.037765,2026-07-05T08:15:39.045616+00:00,139.0,200,ask,YieldingYams,WavyWalnuts,8074540
2026-07-05T08:15:40.247504,2026-07-05T08:15:40.258835+00:00,138.9,200,bid,WavyWalnuts,YieldingYams,8074564
2026-07-05T08:15:43.244038,2026-07-05T08:15:43.253317+00:00,138.9,2,ask,WavyWalnuts,Harold Schneider,8074609
2026-07-05T08:15:43.248269,2026-07-05T08:15:43.253317+00:00,138.9,10,ask,WavyWalnuts,Xuanyu Liu,8074610
2026-07-05T08:15:45.670812,2026-07-05T08:15:45.683087+00:00,138.9,20,bid,BrilliantBurritos,YieldingYams,8074645
2026-07-05T08:15:46.715105,2026-07-05T08:15:46.719576+00:00,138.8,13,ask,YieldingYams,Xuanyu Liu,8074658
2026-07-05T08:15:48.264707,2026-07-05T08:15:48.276849+00:00,138.8,2,ask,YieldingYams,Harold Schneider,8074682
2026-07-05T08:15:49.884233,2026-07-05T08:15:49.888490+00:00,138.7,3,ask,WavyWalnuts,Xuanyu Liu,8074712
2026-07-05T08:15:50.040447,2026-07-05T08:15:50.050784+00:00,138.8,200,bid,YieldingYams,WavyWalnuts,8074714
2026-07-05T08:15:52.348370,2026-07-05T08:15:52.360155+00:00,138.9,200,bid,WavyWalnuts,YieldingYams,8074741
2026-07-05T08:15:53.283308,2026-07-05T08:15:53.295720+00:00,138.9,2,ask,YieldingYams,Harold Schneider,8074758
2026-07-05T08:15:55.983932,2026-07-05T08:15:55.994226+00:00,139.2,200,ask,YieldingYams,WavyWalnuts,8074788
2026-07-05T08:15:58.299132,2026-07-05T08:15:58.311317+00:00,139.3,25,ask,WavyWalnuts,Harold Schneider,8074825
2026-07-05T08:15:58.325619,2026-07-05T08:15:58.337172+00:00,139.3,2,ask,WavyWalnuts,Harold Schneider,8074827
2026-07-05T08:15:58.587379,2026-07-05T08:15:58.599222+00:00,139.3,200,ask,WavyWalnuts,AverageAlmonds,8074831
2026-07-05T08:16:00.548867,2026-07-05T08:16:00.558635+00:00,139.2,20,bid,BrilliantBurritos,YieldingYams,8074862
2026-07-05T08:16:00.818753,2026-07-05T08:16:00.829449+00:00,139.2,200,bid,WavyWalnuts,YieldingYams,8074866
2026-07-05T08:16:02.042956,2026-07-05T08:16:02.047930+00:00,139.1,3,ask,WavyWalnuts,Xuanyu Liu,8074889
2026-07-05T08:16:03.242169,2026-07-05T08:16:03.250805+00:00,139.2,200,bid,WavyWalnuts,AverageAlmonds,8074904
2026-07-05T08:16:03.339281,2026-07-05T08:16:03.351783+00:00,139.0,25,ask,YieldingYams,Harold Schneider,8074905
2026-07-05T08:16:03.365629,2026-07-05T08:16:03.377660+00:00,139.0,2,ask,YieldingYams,Harold Schneider,8074907
2026-07-05T08:16:04.647403,2026-07-05T08:16:04.658777+00:00,139.1,200,ask,WavyWalnuts,AverageAlmonds,8074922
2026-07-05T08:16:07.090616,2026-07-05T08:16:07.099699+00:00,139.1,500,ask,YieldingYams,AverageAlmonds,8074964
2026-07-05T08:16:07.139886,2026-07-05T08:16:07.150431+00:00,139.0,200,ask,WavyWalnuts,YieldingYams,8074969
2026-07-05T08:16:07.149873,2026-07-05T08:16:07.156607+00:00,138.8,20,ask,YieldingYams,BrilliantBurritos,8074970
2026-07-05T08:16:07.722667,2026-07-05T08:16:07.727277+00:00,138.8,11,ask,YieldingYams,Xuanyu Liu,8074982
2026-07-05T08:16:08.097274,2026-07-05T08:16:08.101404+00:00,138.9,12,ask,WavyWalnuts,Xuanyu Liu,8074989
2026-07-05T08:16:08.378962,2026-07-05T08:16:08.391284+00:00,138.9,25,ask,WavyWalnuts,Harold Schneider,8074993
2026-07-05T08:16:08.397816,2026-07-05T08:16:08.409959+00:00,138.9,2,ask,WavyWalnuts,Harold Schneider,8074995
2026-07-05T08:16:12.394616,2026-07-05T08:16:12.402722+00:00,139.0,200,bid,YieldingYams,WavyWalnuts,8075062
2026-07-05T08:16:12.418400,2026-07-05T08:16:12.423452+00:00,139.0,11,ask,YieldingYams,Xuanyu Liu,8075064
2026-07-05T08:16:13.412064,2026-07-05T08:16:13.420095+00:00,139.0,25,ask,YieldingYams,Harold Schneider,8075077
2026-07-05T08:16:13.436854,2026-07-05T08:16:13.444655+00:00,139.0,2,ask,YieldingYams,Harold Schneider,8075079
2026-07-05T08:16:13.440183,2026-07-05T08:16:13.444655+00:00,139.0,10,ask,YieldingYams,Xuanyu Liu,8075080
2026-07-05T08:16:15.140196,2026-07-05T08:16:15.145960+00:00,139.0,10,bid,Xuanyu Liu,WavyWalnuts,8075105
2026-07-05T08:16:17.803972,2026-07-05T08:16:17.808316+00:00,138.9,9,bid,Xuanyu Liu,WavyWalnuts,8075141
2026-07-05T08:16:18.449962,2026-07-05T08:16:18.469086+00:00,138.8,25,ask,YieldingYams,Harold Schneider,8075152
2026-07-05T08:16:18.476950,2026-07-05T08:16:18.486583+00:00,138.8,2,ask,YieldingYams,Harold Schneider,8075154
2026-07-05T08:16:18.481230,2026-07-05T08:16:18.486583+00:00,138.8,9,ask,YieldingYams,Xuanyu Liu,8075155
2026-07-05T08:16:21.465846,2026-07-05T08:16:21.470219+00:00,138.8,23,bid,Xuanyu Liu,WavyWalnuts,8075197
2026-07-05T08:16:21.614967,2026-07-05T08:16:21.623497+00:00,138.8,177,bid,YieldingYams,WavyWalnuts,8075201
2026-07-05T08:16:22.627727,2026-07-05T08:16:22.635789+00:00,138.9,200,ask,YieldingYams,WavyWalnuts,8075218
2026-07-05T08:16:23.495231,2026-07-05T08:16:23.507567+00:00,138.9,2,ask,YieldingYams,Harold Schneider,8075235
2026-07-05T08:16:24.258567,2026-07-05T08:16:24.270752+00:00,139.0,200,bid,YieldingYams,WavyWalnuts,8075243
2026-07-05T08:16:27.306528,2026-07-05T08:16:27.318624+00:00,139.0,20,bid,BrilliantBurritos,WavyWalnuts,8075279
2026-07-05T08:16:28.509846,2026-07-05T08:16:28.522065+00:00,138.9,25,ask,YieldingYams,Harold Schneider,8075298
2026-07-05T08:16:28.535259,2026-07-05T08:16:28.542910+00:00,138.9,2,ask,YieldingYams,Harold Schneider,8075300
2026-07-05T08:16:28.701250,2026-07-05T08:16:28.712536+00:00,138.9,200,ask,YieldingYams,WavyWalnuts,8075302
2026-07-05T08:16:29.909662,2026-07-05T08:16:29.918050+00:00,138.9,200,ask,YieldingYams,WavyWalnuts,8075321
2026-07-05T08:16:30.705201,2026-07-05T08:16:30.709059+00:00,139.0,12,ask,AverageAlmonds,Xuanyu Liu,8075334
2026-07-05T08:16:31.118441,2026-07-05T08:16:31.129261+00:00,139.0,200,ask,AverageAlmonds,WavyWalnuts,8075338
2026-07-05T08:16:32.496736,2026-07-05T08:16:32.506684+00:00,139.1,200,bid,AverageAlmonds,WavyWalnuts,8075356
2026-07-05T08:16:33.460384,2026-07-05T08:16:33.469086+00:00,139.1,500,ask,AverageAlmonds,YieldingYams,8075377
2026-07-05T08:16:33.480808,2026-07-05T08:16:33.485741+00:00,139.0,12,bid,Xuanyu Liu,YieldingYams,8075381
2026-07-05T08:16:33.533026,2026-07-05T08:16:33.540655+00:00,139.0,113,bid,WavyWalnuts,YieldingYams,8075383
2026-07-05T08:16:33.547584,2026-07-05T08:16:33.559496+00:00,139.2,18,ask,WavyWalnuts,Harold Schneider,8075384
2026-07-05T08:16:33.568329,2026-07-05T08:16:33.575250+00:00,139.2,2,ask,WavyWalnuts,Harold Schneider,8075386
2026-07-05T08:16:34.771486,2026-07-05T08:16:34.781064+00:00,139.2,500,ask,AverageAlmonds,YieldingYams,8075410
2026-07-05T08:16:34.771486,2026-07-05T08:16:34.781064+00:00,139.2,125,ask,WavyWalnuts,YieldingYams,8075411
2026-07-05T08:16:36.082890,2026-07-05T08:16:36.090483+00:00,139.4,200,bid,YieldingYams,WavyWalnuts,8075432
2026-07-05T08:16:39.419260,2026-07-05T08:16:39.431794+00:00,139.5,20,bid,BrilliantBurritos,YieldingYams,8075476
2026-07-05T08:16:40.363105,2026-07-05T08:16:40.372400+00:00,139.5,500,bid,AverageAlmonds,YieldingYams,8075486
2026-07-05T08:16:40.954693,2026-07-05T08:16:40.958577+00:00,139.4,200,bid,AverageAlmonds,WavyWalnuts,8075492
2026-07-05T08:16:40.954693,2026-07-05T08:16:40.968940+00:00,139.5,125,bid,AverageAlmonds,YieldingYams,8075493
2026-07-05T08:16:42.699995,2026-07-05T08:16:42.708969+00:00,139.7,20,bid,BrilliantBurritos,WavyWalnuts,8075524
2026-07-05T08:16:44.017937,2026-07-05T08:16:44.025657+00:00,139.7,200,bid,AverageAlmonds,WavyWalnuts,8075542
2026-07-05T08:16:44.017937,2026-07-05T08:16:44.030813+00:00,139.7,300,bid,AverageAlmonds,YieldingYams,8075543
2026-07-05T08:16:44.599462,2026-07-05T08:16:44.606990+00:00,139.7,325,bid,AverageAlmonds,YieldingYams,8075547
2026-07-05T08:16:45.291585,2026-07-05T08:16:45.302734+00:00,139.8,200,bid,YieldingYams,WavyWalnuts,8075550
2026-07-05T08:16:49.986614,2026-07-05T08:16:49.991024+00:00,139.8,14,bid,Xuanyu Liu,YieldingYams,8075612
2026-07-05T08:16:54.076050,2026-07-05T08:16:54.087928+00:00,139.9,20,bid,BrilliantBurritos,WavyWalnuts,8075672
2026-07-05T08:16:55.375519,2026-07-05T08:16:55.387422+00:00,139.8,200,ask,AverageAlmonds,WavyWalnuts,8075691
2026-07-05T08:17:01.108070,2026-07-05T08:17:01.117284+00:00,139.9,200,bid,YieldingYams,WavyWalnuts,8075777
2026-07-05T08:17:01.430819,2026-07-05T08:17:01.441053+00:00,139.9,200,ask,YieldingYams,WavyWalnuts,8075781
2026-07-05T08:17:02.444935,2026-07-05T08:17:02.449705+00:00,139.9,3,bid,Xuanyu Liu,YieldingYams,8075800
2026-07-05T08:17:03.634671,2026-07-05T08:17:03.645926+00:00,139.9,25,bid,Harold Schneider,YieldingYams,8075816
2026-07-05T08:17:03.657951,2026-07-05T08:17:03.663487+00:00,139.9,10,bid,Xuanyu Liu,YieldingYams,8075818
2026-07-05T08:17:03.763143,2026-07-05T08:17:03.767920+00:00,139.8,1,bid,Xuanyu Liu,YieldingYams,8075822
2026-07-05T08:17:03.849103,2026-07-05T08:17:03.860331+00:00,139.8,200,bid,WavyWalnuts,YieldingYams,8075824
2026-07-05T08:17:06.762138,2026-07-05T08:17:06.773925+00:00,140.0,25,bid,Yinxuan Li,WavyWalnuts,8075864
2026-07-05T08:17:07.704998,2026-07-05T08:17:07.708896+00:00,139.8,12,bid,Xuanyu Liu,YieldingYams,8075885
2026-07-05T08:17:08.663846,2026-07-05T08:17:08.675577+00:00,139.8,25,bid,Harold Schneider,YieldingYams,8075902
2026-07-05T08:17:09.087550,2026-07-05T08:17:09.092155+00:00,139.6,12,ask,WavyWalnuts,Xuanyu Liu,8075912
2026-07-05T08:17:12.256902,2026-07-05T08:17:12.261718+00:00,139.6,11,ask,WavyWalnuts,Xuanyu Liu,8075954
2026-07-05T08:17:12.957178,2026-07-05T08:17:12.968980+00:00,139.6,200,ask,WavyWalnuts,YieldingYams,8075966
2026-07-05T08:17:13.058421,2026-07-05T08:17:13.070905+00:00,139.6,425,bid,AverageAlmonds,YieldingYams,8075970
2026-07-05T08:17:13.714237,2026-07-05T08:17:13.722437+00:00,139.6,2,ask,WavyWalnuts,Harold Schneider,8075980
2026-07-05T08:17:14.760982,2026-07-05T08:17:14.769198+00:00,139.6,200,ask,AverageAlmonds,WavyWalnuts,8076002
2026-07-05T08:17:15.450225,2026-07-05T08:17:15.458570+00:00,139.6,20,ask,YieldingYams,BrilliantBurritos,8076018
2026-07-05T08:17:17.192787,2026-07-05T08:17:17.204064+00:00,139.7,200,ask,YieldingYams,WavyWalnuts,8076052
2026-07-05T08:17:18.592754,2026-07-05T08:17:18.597255+00:00,139.6,3,ask,YieldingYams,Xuanyu Liu,8076073
2026-07-05T08:17:18.729286,2026-07-05T08:17:18.741632+00:00,139.6,25,ask,YieldingYams,Harold Schneider,8076077
2026-07-05T08:17:18.752351,2026-07-05T08:17:18.758545+00:00,139.6,2,ask,YieldingYams,Harold Schneider,8076079
2026-07-05T08:17:19.589470,2026-07-05T08:17:19.602251+00:00,139.7,200,bid,YieldingYams,WavyWalnuts,8076093
2026-07-05T08:17:20.953754,2026-07-05T08:17:20.974594+00:00,139.8,20,bid,BrilliantBurritos,YieldingYams,8076117
2026-07-05T08:17:23.767171,2026-07-05T08:17:23.774435+00:00,139.6,2,ask,WavyWalnuts,Harold Schneider,8076151
2026-07-05T08:17:24.490824,2026-07-05T08:17:24.497807+00:00,139.7,200,bid,WavyWalnuts,YieldingYams,8076165
2026-07-05T08:17:24.539302,2026-07-05T08:17:24.551521+00:00,139.4,20,ask,YieldingYams,BrilliantBurritos,8076166
2026-07-05T08:17:25.704432,2026-07-05T08:17:25.712015+00:00,139.7,200,bid,WavyWalnuts,YieldingYams,8076191
2026-07-05T08:17:26.919039,2026-07-05T08:17:26.928307+00:00,139.6,200,ask,YieldingYams,WavyWalnuts,8076204
2026-07-05T08:17:28.146709,2026-07-05T08:17:28.152082+00:00,139.6,3,ask,WavyWalnuts,Xuanyu Liu,8076222
2026-07-05T08:17:28.800554,2026-07-05T08:17:28.810041+00:00,139.6,15,ask,WavyWalnuts,Harold Schneider,8076230
2026-07-05T08:17:28.819432,2026-07-05T08:17:28.828998+00:00,139.6,2,ask,WavyWalnuts,Harold Schneider,8076232
2026-07-05T08:17:28.824774,2026-07-05T08:17:28.828998+00:00,139.6,10,ask,WavyWalnuts,Xuanyu Liu,8076233
2026-07-05T08:17:31.840178,2026-07-05T08:17:31.852678+00:00,139.6,25,ask,WavyWalnuts,Yinxuan Li,8076278
2026-07-05T08:17:33.836906,2026-07-05T08:17:33.849050+00:00,139.6,2,ask,WavyWalnuts,Harold Schneider,8076309
2026-07-05T08:17:34.418587,2026-07-05T08:17:34.422952+00:00,139.7,1,ask,YieldingYams,Xuanyu Liu,8076318
2026-07-05T08:17:36.175231,2026-07-05T08:17:36.187578+00:00,139.6,20,ask,WavyWalnuts,BrilliantBurritos,8076350
2026-07-05T08:17:43.903162,2026-07-05T08:17:43.907505+00:00,139.7,14,bid,Xuanyu Liu,YieldingYams,8076459
2026-07-05T08:17:45.910544,2026-07-05T08:17:45.921736+00:00,139.6,200,bid,YieldingYams,WavyWalnuts,8076490
2026-07-05T08:17:46.308132,2026-07-05T08:17:46.318378+00:00,139.7,200,ask,YieldingYams,WavyWalnuts,8076492
2026-07-05T08:17:47.982304,2026-07-05T08:17:47.994281+00:00,139.6,20,ask,WavyWalnuts,BrilliantBurritos,8076520
2026-07-05T08:17:48.537459,2026-07-05T08:17:48.547836+00:00,139.6,180,ask,WavyWalnuts,YieldingYams,8076532
2026-07-05T08:17:48.719979,2026-07-05T08:17:48.729781+00:00,139.5,200,bid,WavyWalnuts,YieldingYams,8076536
2026-07-05T08:17:50.927579,2026-07-05T08:17:50.940101+00:00,139.5,20,bid,BrilliantBurritos,YieldingYams,8076584
2026-07-05T08:17:52.346267,2026-07-05T08:17:52.355425+00:00,139.4,200,ask,YieldingYams,WavyWalnuts,8076610
2026-07-05T08:17:53.555942,2026-07-05T08:17:53.566677+00:00,139.3,200,ask,YieldingYams,WavyWalnuts,8076630
2026-07-05T08:17:54.765047,2026-07-05T08:17:54.775415+00:00,139.4,200,ask,YieldingYams,WavyWalnuts,8076645
2026-07-05T08:17:55.125374,2026-07-05T08:17:55.129746+00:00,139.5,3,bid,Xuanyu Liu,YieldingYams,8076650
2026-07-05T08:17:56.002618,2026-07-05T08:17:56.006756+00:00,139.4,11,bid,Xuanyu Liu,WavyWalnuts,8076673
2026-07-05T08:17:57.205164,2026-07-05T08:17:57.214603+00:00,139.3,200,ask,YieldingYams,WavyWalnuts,8076696
2026-07-05T08:18:03.264276,2026-07-05T08:18:03.271223+00:00,139.2,200,bid,WavyWalnuts,YieldingYams,8076779
2026-07-05T08:18:03.814283,2026-07-05T08:18:03.821892+00:00,139.2,20,bid,BrilliantBurritos,YieldingYams,8076790
2026-07-05T08:18:04.474627,2026-07-05T08:18:04.483517+00:00,139.3,200,ask,YieldingYams,WavyWalnuts,8076801
2026-07-05T08:18:05.684216,2026-07-05T08:18:05.691372+00:00,139.4,200,ask,YieldingYams,WavyWalnuts,8076814
2026-07-05T08:18:06.892991,2026-07-05T08:18:06.902908+00:00,139.4,200,ask,YieldingYams,WavyWalnuts,8076828
2026-07-05T08:18:12.048301,2026-07-05T08:18:12.064122+00:00,139.4,25,bid,Yinxuan Li,YieldingYams,8076906
2026-07-05T08:18:12.186297,2026-07-05T08:18:12.197392+00:00,139.3,200,ask,WavyWalnuts,YieldingYams,8076912
2026-07-05T08:18:12.387389,2026-07-05T08:18:12.399667+00:00,139.3,20,bid,BrilliantBurritos,YieldingYams,8076917
2026-07-05T08:18:12.937112,2026-07-05T08:18:12.946666+00:00,139.3,200,bid,WavyWalnuts,YieldingYams,8076932
2026-07-05T08:18:14.191491,2026-07-05T08:18:14.199003+00:00,139.3,20,ask,YieldingYams,BrilliantBurritos,8076954
2026-07-05T08:18:16.306871,2026-07-05T08:18:16.319080+00:00,139.5,20,bid,BrilliantBurritos,WavyWalnuts,8076977
2026-07-05T08:18:16.590113,2026-07-05T08:18:16.594560+00:00,139.4,12,bid,Xuanyu Liu,WavyWalnuts,8076984
2026-07-05T08:18:17.165181,2026-07-05T08:18:17.173397+00:00,139.4,25,bid,Yinxuan Li,WavyWalnuts,8076997
2026-07-05T08:18:19.012651,2026-07-05T08:18:19.016793+00:00,139.3,12,ask,WavyWalnuts,Xuanyu Liu,8077016
2026-07-05T08:18:21.242718,2026-07-05T08:18:21.254710+00:00,139.3,20,ask,WavyWalnuts,BrilliantBurritos,8077066
2026-07-05T08:18:23.839608,2026-07-05T08:18:23.848409+00:00,139.4,200,bid,WavyWalnuts,YieldingYams,8077109
2026-07-05T08:18:23.935747,2026-07-05T08:18:23.943638+00:00,139.4,25,bid,Harold Schneider,YieldingYams,8077114
2026-07-05T08:18:24.632559,2026-07-05T08:18:24.644864+00:00,139.2,10,ask,Harold Schneider,BrilliantBurritos,8077120
2026-07-05T08:18:24.632559,2026-07-05T08:18:24.644864+00:00,139.2,10,ask,YieldingYams,BrilliantBurritos,8077121
2026-07-05T08:18:25.050384,2026-07-05T08:18:25.057903+00:00,139.3,10,bid,WavyWalnuts,Harold Schneider,8077129
2026-07-05T08:18:25.117573,2026-07-05T08:18:25.122292+00:00,139.3,14,ask,WavyWalnuts,Xuanyu Liu,8077133
2026-07-05T08:18:27.227887,2026-07-05T08:18:27.240335+00:00,139.4,25,ask,WavyWalnuts,Yinxuan Li,8077157
2026-07-05T08:18:30.583906,2026-07-05T08:18:30.593859+00:00,139.5,500,bid,AverageAlmonds,YieldingYams,8077207
2026-07-05T08:18:30.618931,2026-07-05T08:18:30.630396+00:00,139.5,200,bid,YieldingYams,WavyWalnuts,8077209
2026-07-05T08:18:31.106149,2026-07-05T08:18:31.115580+00:00,139.6,200,ask,YieldingYams,WavyWalnuts,8077220
2026-07-05T08:18:33.255350,2026-07-05T08:18:33.258568+00:00,139.5,200,ask,WavyWalnuts,YieldingYams,8077254
2026-07-05T08:18:34.732776,2026-07-05T08:18:34.742929+00:00,139.5,200,ask,YieldingYams,WavyWalnuts,8077275
2026-07-05T08:18:37.347901,2026-07-05T08:18:37.358601+00:00,139.5,25,ask,YieldingYams,Yinxuan Li,8077307
2026-07-05T08:18:38.365214,2026-07-05T08:18:38.376848+00:00,139.5,200,ask,YieldingYams,WavyWalnuts,8077331
2026-07-05T08:18:41.124388,2026-07-05T08:18:41.136172+00:00,139.4,500,ask,AverageAlmonds,YieldingYams,8077359
2026-07-05T08:18:41.993677,2026-07-05T08:18:42.003049+00:00,139.4,125,bid,WavyWalnuts,YieldingYams,8077380
2026-07-05T08:18:42.459559,2026-07-05T08:18:42.464904+00:00,139.6,3,ask,YieldingYams,Xuanyu Liu,8077391
2026-07-05T08:18:43.205474,2026-07-05T08:18:43.216567+00:00,139.6,200,ask,YieldingYams,WavyWalnuts,8077407
2026-07-05T08:18:43.989220,2026-07-05T08:18:44.001282+00:00,139.5,25,ask,YieldingYams,Harold Schneider,8077420
2026-07-05T08:18:44.025637,2026-07-05T08:18:44.037092+00:00,139.8,20,bid,BrilliantBurritos,YieldingYams,8077422
2026-07-05T08:18:44.159573,2026-07-05T08:18:44.164285+00:00,139.8,3,bid,Xuanyu Liu,YieldingYams,8077426
2026-07-05T08:18:45.634995,2026-07-05T08:18:45.644581+00:00,139.6,200,ask,YieldingYams,WavyWalnuts,8077446
2026-07-05T08:18:46.385659,2026-07-05T08:18:46.389992+00:00,139.5,3,bid,Xuanyu Liu,YieldingYams,8077467
2026-07-05T08:18:46.844030,2026-07-05T08:18:46.852466+00:00,139.5,200,bid,WavyWalnuts,YieldingYams,8077471
2026-07-05T08:18:47.695795,2026-07-05T08:18:47.700658+00:00,139.4,3,ask,YieldingYams,Xuanyu Liu,8077483
2026-07-05T08:18:49.063051,2026-07-05T08:18:49.074176+00:00,139.5,2,bid,Harold Schneider,YieldingYams,8077502
2026-07-05T08:18:51.616497,2026-07-05T08:18:51.623827+00:00,139.5,500,bid,YieldingYams,AverageAlmonds,8077542
2026-07-05T08:18:51.775615,2026-07-05T08:18:51.785693+00:00,139.6,200,ask,WavyWalnuts,AverageAlmonds,8077548
2026-07-05T08:18:52.899402,2026-07-05T08:18:52.908665+00:00,139.6,200,bid,WavyWalnuts,AverageAlmonds,8077567
2026-07-05T08:18:54.078857,2026-07-05T08:18:54.086403+00:00,139.3,2,bid,Harold Schneider,YieldingYams,8077585
2026-07-05T08:18:54.133443,2026-07-05T08:18:54.145517+00:00,139.3,200,bid,WavyWalnuts,YieldingYams,8077587
2026-07-05T08:18:55.551863,2026-07-05T08:18:55.553295+00:00,139.4,500,bid,YieldingYams,AverageAlmonds,8077606
2026-07-05T08:18:56.006778,2026-07-05T08:18:56.016574+00:00,139.4,125,ask,YieldingYams,AverageAlmonds,8077611
2026-07-05T08:18:56.616835,2026-07-05T08:18:56.624970+00:00,139.3,200,ask,WavyWalnuts,AverageAlmonds,8077629
2026-07-05T08:18:56.859691,2026-07-05T08:18:56.869344+00:00,139.3,300,bid,YieldingYams,AverageAlmonds,8077633
2026-07-05T08:18:57.819370,2026-07-05T08:18:57.828836+00:00,139.3,325,ask,YieldingYams,AverageAlmonds,8077646
2026-07-05T08:18:58.169694,2026-07-05T08:18:58.172150+00:00,139.2,200,ask,WavyWalnuts,YieldingYams,8077649
2026-07-05T08:18:58.212289,2026-07-05T08:18:58.219685+00:00,139.1,20,bid,BrilliantBurritos,YieldingYams,8077650
2026-07-05T08:18:59.103937,2026-07-05T08:18:59.112615+00:00,139.1,2,bid,Harold Schneider,YieldingYams,8077674
2026-07-05T08:19:00.817312,2026-07-05T08:19:00.824844+00:00,139.0,200,ask,WavyWalnuts,YieldingYams,8077698
2026-07-05T08:19:03.093992,2026-07-05T08:19:03.098905+00:00,138.9,3,bid,Xuanyu Liu,YieldingYams,8077730
2026-07-05T08:19:04.124086,2026-07-05T08:19:04.135000+00:00,138.9,25,bid,Harold Schneider,WavyWalnuts,8077751
2026-07-05T08:19:04.143298,2026-07-05T08:19:04.150000+00:00,138.9,2,bid,Harold Schneider,WavyWalnuts,8077752
2026-07-05T08:19:04.146196,2026-07-05T08:19:04.150000+00:00,138.9,10,bid,Xuanyu Liu,WavyWalnuts,8077753
2026-07-05T08:19:04.746469,2026-07-05T08:19:04.754015+00:00,138.8,500,ask,AverageAlmonds,YieldingYams,8077758
2026-07-05T08:19:04.769038,2026-07-05T08:19:04.773528+00:00,138.8,1,bid,Xuanyu Liu,YieldingYams,8077760
2026-07-05T08:19:05.069093,2026-07-05T08:19:05.079254+00:00,138.8,124,bid,AverageAlmonds,YieldingYams,8077763
2026-07-05T08:19:05.072647,2026-07-05T08:19:05.084509+00:00,138.9,200,ask,AverageAlmonds,WavyWalnuts,8077764
2026-07-05T08:19:06.329784,2026-07-05T08:19:06.340503+00:00,139.0,200,ask,AverageAlmonds,WavyWalnuts,8077785
2026-07-05T08:19:08.161700,2026-07-05T08:19:08.166044+00:00,138.9,12,bid,Xuanyu Liu,WavyWalnuts,8077806
2026-07-05T08:19:09.157206,2026-07-05T08:19:09.164380+00:00,138.9,25,bid,Harold Schneider,WavyWalnuts,8077820
2026-07-05T08:19:09.167722,2026-07-05T08:19:09.174791+00:00,138.9,2,bid,Harold Schneider,WavyWalnuts,8077821
2026-07-05T08:19:09.991493,2026-07-05T08:19:10.002334+00:00,138.8,500,ask,AverageAlmonds,YieldingYams,8077840
2026-07-05T08:19:10.513161,2026-07-05T08:19:10.521327+00:00,138.8,125,bid,AverageAlmonds,YieldingYams,8077842
2026-07-05T08:19:11.297935,2026-07-05T08:19:11.305946+00:00,138.9,200,bid,YieldingYams,WavyWalnuts,8077856
2026-07-05T08:19:12.373126,2026-07-05T08:19:12.381009+00:00,138.9,200,ask,YieldingYams,WavyWalnuts,8077874
2026-07-05T08:19:14.058394,2026-07-05T08:19:14.070554+00:00,138.9,20,bid,BrilliantBurritos,WavyWalnuts,8077899
2026-07-05T08:19:14.199359,2026-07-05T08:19:14.211252+00:00,138.9,25,bid,Harold Schneider,WavyWalnuts,8077903
2026-07-05T08:19:14.209840,2026-07-05T08:19:14.221630+00:00,138.9,2,bid,Harold Schneider,WavyWalnuts,8077904
2026-07-05T08:19:14.803727,2026-07-05T08:19:14.811268+00:00,138.8,200,ask,YieldingYams,WavyWalnuts,8077912
2026-07-05T08:19:16.538126,2026-07-05T08:19:16.545998+00:00,138.9,200,bid,YieldingYams,WavyWalnuts,8077942
2026-07-05T08:19:16.566976,2026-07-05T08:19:16.571144+00:00,138.9,12,ask,YieldingYams,Xuanyu Liu,8077944
2026-07-05T08:19:17.854525,2026-07-05T08:19:17.858536+00:00,138.9,200,ask,WavyWalnuts,YieldingYams,8077961
2026-07-05T08:19:18.428002,2026-07-05T08:19:18.440038+00:00,138.9,200,bid,WavyWalnuts,YieldingYams,8077964
2026-07-05T08:19:19.230977,2026-07-05T08:19:19.240640+00:00,139.1,2,bid,Harold Schneider,YieldingYams,8077976
2026-07-05T08:19:22.161113,2026-07-05T08:19:22.173722+00:00,138.9,20,ask,YieldingYams,BrilliantBurritos,8078015
2026-07-05T08:19:24.252235,2026-07-05T08:19:24.258619+00:00,139.1,2,bid,Harold Schneider,YieldingYams,8078049
2026-07-05T08:19:25.836441,2026-07-05T08:19:25.848975+00:00,139.1,20,ask,WavyWalnuts,BrilliantBurritos,8078083
2026-07-05T08:19:29.266422,2026-07-05T08:19:29.278793+00:00,139.1,2,bid,Harold Schneider,YieldingYams,8078133
2026-07-05T08:19:29.300750,2026-07-05T08:19:29.310507+00:00,139.0,200,ask,WavyWalnuts,AverageAlmonds,8078135
2026-07-05T08:19:29.351740,2026-07-05T08:19:29.361371+00:00,139.0,200,bid,WavyWalnuts,AverageAlmonds,8078136
2026-07-05T08:19:31.618766,2026-07-05T08:19:31.630979+00:00,138.7,20,ask,WavyWalnuts,BrilliantBurritos,8078174
2026-07-05T08:19:34.285408,2026-07-05T08:19:34.297939+00:00,138.9,1,bid,Harold Schneider,YieldingYams,8078217
2026-07-05T08:19:34.838431,2026-07-05T08:19:34.843035+00:00,138.8,14,ask,WavyWalnuts,Xuanyu Liu,8078233
2026-07-05T08:19:36.631865,2026-07-05T08:19:36.643892+00:00,138.8,200,bid,WavyWalnuts,YieldingYams,8078264
2026-07-05T08:19:40.221276,2026-07-05T08:19:40.231656+00:00,138.7,10,bid,YieldingYams,Harold Schneider,8078318
2026-07-05T08:19:42.707236,2026-07-05T08:19:42.716892+00:00,138.6,10,ask,Harold Schneider,WavyWalnuts,8078353
2026-07-05T08:19:42.707236,2026-07-05T08:19:42.716892+00:00,138.6,190,ask,YieldingYams,WavyWalnuts,8078354
