timestamp,recv_time,price,volume,aggressor_side,buyer,seller,trade_id
2026-06-29T05:00:28.462518,2026-06-28T19:00:28.958567+00:00,98.0,200,ask,,,11412371
2026-06-29T05:00:49.377441,2026-06-28T19:00:49.738167+00:00,97.9,200,bid,,,11412789
2026-06-29T05:00:50.586282,2026-06-28T19:00:50.937165+00:00,97.9,200,ask,,,11412807
2026-06-29T05:00:53.382257,2026-06-28T19:00:53.858167+00:00,98.1,2,bid,,,11412855
2026-06-29T05:00:53.382257,2026-06-28T19:00:53.858167+00:00,98.1,200,bid,,,11412856
2026-06-29T05:00:53.568123,2026-06-28T19:00:54.111166+00:00,98.1,423,ask,,,11412858
2026-06-29T05:00:54.228055,2026-06-28T19:00:54.584166+00:00,98.0,200,bid,,,11412866
2026-06-29T05:00:55.435872,2026-06-28T19:00:55.794166+00:00,97.9,200,bid,,,11412885
2026-06-29T05:00:58.633188,2026-06-28T19:00:58.989685+00:00,98.0,200,bid,,,11412945
2026-06-29T05:00:58.633188,2026-06-28T19:00:58.989685+00:00,98.0,425,bid,,,11412946
2026-06-29T05:00:59.564575,2026-06-28T19:00:59.924685+00:00,97.9,20,ask,,,11412975
2026-06-29T05:00:59.624897,2026-06-28T19:00:59.979685+00:00,97.9,180,ask,,,11412976
2026-06-29T05:01:00.270685,2026-06-28T19:01:00.629685+00:00,97.8,4,ask,,,11412986
2026-06-29T05:01:03.908845,2026-06-28T19:01:04.340685+00:00,97.8,200,ask,,,11413058
2026-06-29T05:01:04.470073,2026-06-28T19:01:04.824686+00:00,97.8,425,ask,,,11413065
2026-06-29T05:01:05.122313,2026-06-28T19:01:05.473686+00:00,97.7,2,ask,,,11413082
2026-06-29T05:01:08.753455,2026-06-28T19:01:09.140685+00:00,97.7,1,ask,,,11413145
2026-06-29T05:01:09.112338,2026-06-28T19:01:09.470685+00:00,97.7,199,bid,,,11413149
2026-06-29T05:01:10.428164,2026-06-28T19:01:10.790685+00:00,97.7,200,ask,,,11413181
2026-06-29T05:01:14.373091,2026-06-28T19:01:14.727686+00:00,97.6,200,bid,,,11413275
2026-06-29T05:01:16.022623,2026-06-28T19:01:16.377685+00:00,97.7,200,bid,,,11413299
2026-06-29T05:01:17.235311,2026-06-28T19:01:17.587686+00:00,97.6,1,ask,,,11413325
2026-06-29T05:01:19.668225,2026-06-28T19:01:20.162685+00:00,97.6,200,ask,,,11413371
2026-06-29T05:01:21.646981,2026-06-28T19:01:21.999687+00:00,97.7,25,bid,,,11413417
2026-06-29T05:01:21.855976,2026-06-28T19:01:22.208686+00:00,97.7,20,bid,,,11413424
2026-06-29T05:01:23.300035,2026-06-28T19:01:23.660686+00:00,97.7,200,bid,,,11413451
2026-06-29T05:01:25.718254,2026-06-28T19:01:26.069686+00:00,97.7,200,ask,,,11413507
2026-06-29T05:01:30.125826,2026-06-28T19:01:30.480685+00:00,97.6,200,bid,,,11413592
2026-06-29T05:01:30.559210,2026-06-28T19:01:30.909686+00:00,97.6,200,ask,,,11413602
2026-06-29T05:01:32.750736,2026-06-28T19:01:33.109686+00:00,97.5,1,ask,,,11413648
2026-06-29T05:01:32.750736,2026-06-28T19:01:33.109686+00:00,97.5,1,ask,,,11413649
2026-06-29T05:01:32.750736,2026-06-28T19:01:33.109686+00:00,97.5,200,ask,,,11413650
2026-06-29T05:01:32.750736,2026-06-28T19:01:33.109686+00:00,97.5,423,ask,,,11413651
2026-06-29T05:01:32.979194,2026-06-28T19:01:33.340685+00:00,97.5,200,ask,,,11413656
2026-06-29T05:01:34.482877,2026-06-28T19:01:34.836685+00:00,97.6,25,ask,,,11413694
2026-06-29T05:01:36.693336,2026-06-28T19:01:37.047242+00:00,97.6,200,ask,,,11413746
2026-06-29T05:01:36.693336,2026-06-28T19:01:37.047242+00:00,97.5,4,ask,,,11413747
2026-06-29T05:01:36.693336,2026-06-28T19:01:37.047242+00:00,97.5,1,ask,,,11413748
2026-06-29T05:01:36.693336,2026-06-28T19:01:37.058242+00:00,97.5,420,ask,,,11413749
2026-06-29T05:01:39.313155,2026-06-28T19:01:39.665243+00:00,97.7,200,bid,,,11413801
2026-06-29T05:01:40.514588,2026-06-28T19:01:40.875243+00:00,97.8,20,bid,,,11413829
2026-06-29T05:01:43.244531,2026-06-28T19:01:43.603243+00:00,97.6,1,ask,,,11413884
2026-06-29T05:01:43.244531,2026-06-28T19:01:43.603243+00:00,97.6,200,ask,,,11413885
2026-06-29T05:01:43.244531,2026-06-28T19:01:43.603243+00:00,97.5,4,ask,,,11413886
2026-06-29T05:01:43.244531,2026-06-28T19:01:43.603243+00:00,97.5,420,ask,,,11413887
2026-06-29T05:01:43.713642,2026-06-28T19:01:44.065242+00:00,97.5,20,ask,,,11413893
2026-06-29T05:01:43.891431,2026-06-28T19:01:44.252242+00:00,97.6,200,ask,,,11413897
2026-06-29T05:01:48.166684,2026-06-28T19:01:48.520242+00:00,97.6,20,ask,,,11414013
2026-06-29T05:01:50.725828,2026-06-28T19:01:51.083243+00:00,97.7,1,ask,,,11414066
2026-06-29T05:01:51.176607,2026-06-28T19:01:51.534242+00:00,97.8,2,bid,,,11414081
2026-06-29T05:01:51.176607,2026-06-28T19:01:51.534242+00:00,97.8,1,bid,,,11414082
2026-06-29T05:01:53.601768,2026-06-28T19:01:53.954242+00:00,97.9,2,bid,,,11414136
2026-06-29T05:01:54.592945,2026-06-28T19:01:54.944242+00:00,98.0,1,bid,,,11414154
2026-06-29T05:01:55.028615,2026-06-28T19:01:55.384242+00:00,98.0,1,bid,,,11414166
2026-06-29T05:01:55.747184,2026-06-28T19:01:56.099242+00:00,98.0,1,ask,,,11414181
2026-06-29T05:01:57.226095,2026-06-28T19:01:57.584243+00:00,98.1,2,bid,,,11414205
2026-06-29T05:01:57.226095,2026-06-28T19:01:57.584243+00:00,98.1,198,bid,,,11414206
2026-06-29T05:01:57.784756,2026-06-28T19:01:58.145243+00:00,98.0,500,ask,,,11414219
2026-06-29T05:01:58.957941,2026-06-28T19:01:59.311243+00:00,98.0,200,ask,,,11414242
2026-06-29T05:02:02.069356,2026-06-28T19:02:02.424243+00:00,98.0,200,ask,,,11414306
2026-06-29T05:02:02.768981,2026-06-28T19:02:03.128242+00:00,98.0,2,ask,,,11414318
2026-06-29T05:02:04.192028,2026-06-28T19:02:04.547242+00:00,98.0,20,ask,,,11414345
2026-06-29T05:02:06.842416,2026-06-28T19:02:07.200975+00:00,98.0,200,ask,,,11414395
2026-06-29T05:02:06.899632,2026-06-28T19:02:07.255974+00:00,98.0,200,bid,,,11414399
2026-06-29T05:02:08.159852,2026-06-28T19:02:08.520974+00:00,98.0,500,bid,,,11414433
2026-06-29T05:02:08.991362,2026-06-28T19:02:09.345974+00:00,98.0,1,ask,,,11414452
2026-06-29T05:02:09.317563,2026-06-28T19:02:09.675974+00:00,98.0,124,ask,,,11414463
2026-06-29T05:02:10.526378,2026-06-28T19:02:10.885974+00:00,97.8,200,ask,,,11414485
2026-06-29T05:02:14.164363,2026-06-28T19:02:14.515974+00:00,97.8,200,ask,,,11414560
2026-06-29T05:02:14.718875,2026-06-28T19:02:15.076973+00:00,97.7,1,ask,,,11414580
2026-06-29T05:02:14.718875,2026-06-28T19:02:15.076973+00:00,97.7,1,ask,,,11414581
2026-06-29T05:02:15.369614,2026-06-28T19:02:15.725973+00:00,97.7,200,bid,,,11414589
2026-06-29T05:02:15.412006,2026-06-28T19:02:15.769973+00:00,97.6,4,ask,,,11414591
2026-06-29T05:02:16.578722,2026-06-28T19:02:16.935168+00:00,97.8,200,ask,,,11414615
2026-06-29T05:02:17.424672,2026-06-28T19:02:17.784168+00:00,97.7,2,ask,,,11414636
2026-06-29T05:02:17.424672,2026-06-28T19:02:17.784168+00:00,97.7,1,ask,,,11414637
2026-06-29T05:02:17.785832,2026-06-28T19:02:18.147167+00:00,97.8,200,bid,,,11414646
2026-06-29T05:02:17.834800,2026-06-28T19:02:18.191168+00:00,97.6,4,ask,,,11414648
2026-06-29T05:02:19.955997,2026-06-28T19:02:20.314167+00:00,97.7,200,ask,,,11414697
2026-06-29T05:02:20.052314,2026-06-28T19:02:20.413167+00:00,97.6,1,ask,,,11414701
2026-06-29T05:02:21.263704,2026-06-28T19:02:21.623168+00:00,97.5,2,ask,,,11414722
2026-06-29T05:02:21.269026,2026-06-28T19:02:21.623168+00:00,97.6,200,bid,,,11414723
2026-06-29T05:02:25.041348,2026-06-28T19:02:25.407167+00:00,97.8,200,bid,,,11414805
2026-06-29T05:02:28.686885,2026-06-28T19:02:29.041167+00:00,97.9,1,bid,,,11414866
2026-06-29T05:02:28.686885,2026-06-28T19:02:29.041167+00:00,97.9,1,bid,,,11414867
2026-06-29T05:02:28.686885,2026-06-28T19:02:29.041167+00:00,97.9,198,bid,,,11414868
2026-06-29T05:02:31.105322,2026-06-28T19:02:31.461167+00:00,97.7,200,bid,,,11414911
2026-06-29T05:02:32.312507,2026-06-28T19:02:32.671167+00:00,97.7,200,bid,,,11414921
2026-06-29T05:02:34.500903,2026-06-28T19:02:34.860168+00:00,97.8,1,ask,,,11414948
2026-06-29T05:02:35.707055,2026-06-28T19:02:36.059168+00:00,97.9,1,bid,,,11414979
2026-06-29T05:02:35.707055,2026-06-28T19:02:36.070168+00:00,97.9,200,bid,,,11414980
2026-06-29T05:02:37.159099,2026-06-28T19:02:37.512180+00:00,98.0,1,bid,,,11415011
2026-06-29T05:02:37.159099,2026-06-28T19:02:37.512180+00:00,98.0,1,bid,,,11415012
2026-06-29T05:02:37.159099,2026-06-28T19:02:37.523181+00:00,98.0,198,bid,,,11415013
2026-06-29T05:02:39.464336,2026-06-28T19:02:39.822181+00:00,97.8,20,ask,,,11415061
2026-06-29T05:02:39.636669,2026-06-28T19:02:39.998181+00:00,97.8,200,ask,,,11415069
2026-06-29T05:02:43.219187,2026-06-28T19:02:43.573181+00:00,97.8,200,bid,,,11415128
2026-06-29T05:02:44.429446,2026-06-28T19:02:44.783181+00:00,97.8,200,ask,,,11415160
2026-06-29T05:02:45.781520,2026-06-28T19:02:46.136181+00:00,97.9,20,ask,,,11415180
2026-06-29T05:02:46.848887,2026-06-28T19:02:47.203180+00:00,98.0,1,bid,,,11415199
2026-06-29T05:02:46.848887,2026-06-28T19:02:47.203180+00:00,98.0,199,bid,,,11415200
2026-06-29T05:02:48.056690,2026-06-28T19:02:48.413180+00:00,98.1,1,bid,,,11415230
2026-06-29T05:02:48.056690,2026-06-28T19:02:48.413180+00:00,98.1,199,bid,,,11415231
2026-06-29T05:02:51.704849,2026-06-28T19:02:52.065182+00:00,98.0,1,ask,,,11415301
2026-06-29T05:02:51.704849,2026-06-28T19:02:52.065182+00:00,98.0,199,ask,,,11415302
2026-06-29T05:02:53.848783,2026-06-28T19:02:54.210181+00:00,97.9,20,ask,,,11415325
2026-06-29T05:02:54.088200,2026-06-28T19:02:54.441182+00:00,97.9,180,ask,,,11415331
2026-06-29T05:02:54.088200,2026-06-28T19:02:54.441182+00:00,97.9,1,ask,,,11415332
2026-06-29T05:02:54.117709,2026-06-28T19:02:54.474182+00:00,97.9,200,bid,,,11415334
2026-06-29T05:02:55.326064,2026-06-28T19:02:55.684181+00:00,97.9,200,bid,,,11415349
2026-06-29T05:02:56.534907,2026-06-28T19:02:56.893697+00:00,98.0,200,ask,,,11415372
2026-06-29T05:02:56.711733,2026-06-28T19:02:57.072698+00:00,97.9,1,ask,,,11415373
2026-06-29T05:02:57.741784,2026-06-28T19:02:58.095697+00:00,97.9,200,bid,,,11415393
2026-06-29T05:02:59.328768,2026-06-28T19:02:59.679698+00:00,97.9,200,bid,,,11415415
2026-06-29T05:03:00.181435,2026-06-28T19:03:00.537697+00:00,98.0,1,bid,,,11415429
2026-06-29T05:03:00.181435,2026-06-28T19:03:00.537697+00:00,98.1,199,bid,,,11415430
2026-06-29T05:03:03.818439,2026-06-28T19:03:04.179697+00:00,97.9,1,ask,,,11415498
2026-06-29T05:03:04.566189,2026-06-28T19:03:04.917698+00:00,97.9,199,bid,,,11415508
2026-06-29T05:03:07.441054,2026-06-28T19:03:07.799697+00:00,98.0,1,bid,,,11415570
2026-06-29T05:03:07.441054,2026-06-28T19:03:07.799697+00:00,98.0,199,bid,,,11415571
2026-06-29T05:03:09.804012,2026-06-28T19:03:10.164699+00:00,98.0,200,bid,,,11415611
2026-06-29T05:03:12.286610,2026-06-28T19:03:12.650699+00:00,98.0,200,bid,,,11415667
2026-06-29T05:03:12.426760,2026-06-28T19:03:12.782698+00:00,97.9,1,ask,,,11415669
2026-06-29T05:03:13.493709,2026-06-28T19:03:13.860697+00:00,97.9,200,bid,,,11415686
2026-06-29T05:03:14.662202,2026-06-28T19:03:15.015699+00:00,97.9,20,bid,,,11415706
2026-06-29T05:03:14.700624,2026-06-28T19:03:15.059698+00:00,97.9,200,bid,,,11415711
2026-06-29T05:03:16.357718,2026-06-28T19:03:16.709213+00:00,97.9,200,ask,,,11415759
2026-06-29T05:03:16.488649,2026-06-28T19:03:16.841213+00:00,97.9,425,bid,,,11415760
2026-06-29T05:03:17.670242,2026-06-28T19:03:18.031213+00:00,98.0,200,bid,,,11415777
2026-06-29T05:03:18.993884,2026-06-28T19:03:19.351214+00:00,98.0,200,ask,,,11415801
2026-06-29T05:03:18.993884,2026-06-28T19:03:19.351214+00:00,97.9,1,ask,,,11415802
2026-06-29T05:03:18.993884,2026-06-28T19:03:19.351214+00:00,97.9,424,ask,,,11415803
2026-06-29T05:03:20.302052,2026-06-28T19:03:20.660214+00:00,98.1,4,bid,,,11415832
2026-06-29T05:03:20.302052,2026-06-28T19:03:20.660214+00:00,98.1,200,bid,,,11415833
2026-06-29T05:03:20.305825,2026-06-28T19:03:20.660214+00:00,98.1,1,ask,,,11415834
2026-06-29T05:03:24.402532,2026-06-28T19:03:24.763213+00:00,98.1,200,bid,,,11415910
2026-06-29T05:03:25.543125,2026-06-28T19:03:25.896213+00:00,98.0,1,ask,,,11415930
2026-06-29T05:03:25.609404,2026-06-28T19:03:25.962213+00:00,97.9,200,bid,,,11415931
2026-06-29T05:03:26.165068,2026-06-28T19:03:26.522735+00:00,97.9,424,bid,,,11415944
2026-06-29T05:03:26.764135,2026-06-28T19:03:27.116735+00:00,98.0,1,bid,,,11415959
2026-06-29T05:03:28.021851,2026-06-28T19:03:28.381735+00:00,98.1,20,ask,,,11415980
2026-06-29T05:03:31.674067,2026-06-28T19:03:32.033733+00:00,98.0,200,ask,,,11416034
2026-06-29T05:03:31.691416,2026-06-28T19:03:32.044734+00:00,98.0,20,ask,,,11416035
2026-06-29T05:03:34.088114,2026-06-28T19:03:34.442734+00:00,98.1,200,bid,,,11416101
2026-06-29T05:03:34.699078,2026-06-28T19:03:35.058736+00:00,98.2,1,bid,,,11416112
2026-06-29T05:03:34.699078,2026-06-28T19:03:35.058736+00:00,98.2,1,bid,,,11416113
2026-06-29T05:03:35.296055,2026-06-28T19:03:35.655735+00:00,98.2,200,ask,,,11416119
2026-06-29T05:03:37.062490,2026-06-28T19:03:37.415734+00:00,98.2,2,bid,,,11416158
2026-06-29T05:03:37.062490,2026-06-28T19:03:37.415734+00:00,98.2,200,bid,,,11416159
2026-06-29T05:03:37.711548,2026-06-28T19:03:38.075734+00:00,98.2,200,ask,,,11416178
2026-06-29T05:03:37.845846,2026-06-28T19:03:38.207735+00:00,98.2,20,ask,,,11416182
2026-06-29T05:03:38.864377,2026-06-28T19:03:39.219735+00:00,98.2,500,bid,,,11416212
2026-06-29T05:03:39.487401,2026-06-28T19:03:39.846734+00:00,98.2,125,bid,,,11416217
2026-06-29T05:03:39.940558,2026-06-28T19:03:40.297735+00:00,98.3,200,bid,,,11416223
2026-06-29T05:03:39.940558,2026-06-28T19:03:40.297735+00:00,98.4,1,bid,,,11416224
2026-06-29T05:03:40.139508,2026-06-28T19:03:40.496734+00:00,98.4,200,ask,,,11416230
2026-06-29T05:03:40.806335,2026-06-28T19:03:41.167734+00:00,98.4,20,ask,,,11416244
2026-06-29T05:03:41.351657,2026-06-28T19:03:41.706734+00:00,98.4,200,ask,,,11416258
2026-06-29T05:03:42.562406,2026-06-28T19:03:42.916735+00:00,98.3,1,ask,,,11416276
2026-06-29T05:03:44.315300,2026-06-28T19:03:44.676735+00:00,98.3,200,bid,,,11416308
2026-06-29T05:03:44.984461,2026-06-28T19:03:45.336735+00:00,98.3,200,ask,,,11416324
2026-06-29T05:03:45.188340,2026-06-28T19:03:45.545734+00:00,98.3,300,ask,,,11416329
2026-06-29T05:03:45.541720,2026-06-28T19:03:45.897735+00:00,98.3,325,bid,,,11416335
2026-06-29T05:03:47.805373,2026-06-28T19:03:48.165734+00:00,98.4,500,ask,,,11416389
2026-06-29T05:03:47.805373,2026-06-28T19:03:48.165734+00:00,98.3,125,ask,,,11416390
2026-06-29T05:03:48.625051,2026-06-28T19:03:48.979735+00:00,98.4,200,ask,,,11416402
2026-06-29T05:03:49.113029,2026-06-28T19:03:49.474734+00:00,98.5,5,bid,,,11416417
2026-06-29T05:03:49.834526,2026-06-28T19:03:50.189735+00:00,98.5,200,ask,,,11416434
2026-06-29T05:03:53.038154,2026-06-28T19:03:53.390734+00:00,98.5,1,bid,,,11416489
2026-06-29T05:03:53.466022,2026-06-28T19:03:53.819734+00:00,98.5,200,ask,,,11416495
2026-06-29T05:03:55.656448,2026-06-28T19:03:56.008734+00:00,98.5,200,ask,,,11416538
2026-06-29T05:03:55.656448,2026-06-28T19:03:56.019735+00:00,98.5,425,ask,,,11416539
2026-06-29T05:03:57.088508,2026-06-28T19:03:57.449734+00:00,98.6,200,ask,,,11416554
2026-06-29T05:04:00.738314,2026-06-28T19:04:01.090734+00:00,98.4,200,ask,,,11416608
2026-06-29T05:04:01.044996,2026-06-28T19:04:01.398734+00:00,98.4,20,ask,,,11416614
2026-06-29T05:04:03.160441,2026-06-28T19:04:03.521734+00:00,98.4,2,ask,,,11416636
2026-06-29T05:04:04.332744,2026-06-28T19:04:04.687735+00:00,98.4,198,bid,,,11416662
2026-06-29T05:04:04.366131,2026-06-28T19:04:04.720735+00:00,98.5,200,bid,,,11416663
2026-06-29T05:04:07.992646,2026-06-28T19:04:08.350734+00:00,98.5,200,ask,,,11416724
2026-06-29T05:04:10.555641,2026-06-28T19:04:10.914734+00:00,98.5,20,ask,,,11416769
2026-06-29T05:04:11.394115,2026-06-28T19:04:11.750734+00:00,98.6,200,bid,,,11416780
2026-06-29T05:04:11.394115,2026-06-28T19:04:11.750734+00:00,98.7,4,bid,,,11416781
2026-06-29T05:04:11.619349,2026-06-28T19:04:11.981734+00:00,98.7,200,ask,,,11416787
2026-06-29T05:04:11.884081,2026-06-28T19:04:12.245733+00:00,98.7,20,ask,,,11416794
2026-06-29T05:04:12.704164,2026-06-28T19:04:13.059734+00:00,98.5,200,ask,,,11416808
2026-06-29T05:04:12.824594,2026-06-28T19:04:13.180734+00:00,98.5,200,bid,,,11416811
2026-06-29T05:04:16.470362,2026-06-28T19:04:16.832734+00:00,98.7,200,bid,,,11416887
2026-06-29T05:04:18.172765,2026-06-28T19:04:18.529734+00:00,98.7,20,ask,,,11416921
2026-06-29T05:04:18.844748,2026-06-28T19:04:19.200734+00:00,98.7,180,ask,,,11416937
2026-06-29T05:04:18.895169,2026-06-28T19:04:19.255733+00:00,98.7,200,bid,,,11416940
2026-06-29T05:04:19.255400,2026-06-28T19:04:19.607734+00:00,98.7,120,bid,,,11416946
2026-06-29T05:04:20.056091,2026-06-28T19:04:20.410734+00:00,98.7,500,ask,,,11416960
2026-06-29T05:04:20.567140,2026-06-28T19:04:20.927735+00:00,98.7,200,ask,,,11416977
2026-06-29T05:04:20.567140,2026-06-28T19:04:20.927735+00:00,98.5,9,ask,,,11416978
2026-06-29T05:04:21.314329,2026-06-28T19:04:21.675735+00:00,98.5,200,bid,,,11416989
2026-06-29T05:04:22.491345,2026-06-28T19:04:22.852735+00:00,98.6,500,ask,,,11417016
2026-06-29T05:04:22.950990,2026-06-28T19:04:23.303735+00:00,98.8,2,bid,,,11417028
2026-06-29T05:04:22.950990,2026-06-28T19:04:23.303735+00:00,98.8,18,bid,,,11417029
2026-06-29T05:04:23.087549,2026-06-28T19:04:23.457735+00:00,98.6,125,ask,,,11417032
2026-06-29T05:04:23.087549,2026-06-28T19:04:23.457735+00:00,98.6,200,ask,,,11417033
2026-06-29T05:04:23.229627,2026-06-28T19:04:23.589735+00:00,98.4,5,ask,,,11417037
2026-06-29T05:04:23.733510,2026-06-28T19:04:24.095735+00:00,98.4,200,bid,,,11417043
2026-06-29T05:04:27.152189,2026-06-28T19:04:27.505734+00:00,98.5,200,bid,,,11417102
2026-06-29T05:04:27.318000,2026-06-28T19:04:27.670735+00:00,98.5,425,ask,,,11417103
2026-06-29T05:04:28.461675,2026-06-28T19:04:28.814734+00:00,98.4,6,ask,,,11417126
2026-06-29T05:04:28.461675,2026-06-28T19:04:28.814734+00:00,98.4,200,ask,,,11417127
2026-06-29T05:04:28.570689,2026-06-28T19:04:28.924734+00:00,98.4,200,bid,,,11417128
2026-06-29T05:04:29.235496,2026-06-28T19:04:29.595734+00:00,98.4,20,bid,,,11417147
2026-06-29T05:04:30.996021,2026-06-28T19:04:31.355734+00:00,98.3,6,ask,,,11417181
2026-06-29T05:04:30.996021,2026-06-28T19:04:31.355734+00:00,98.3,194,ask,,,11417182
2026-06-29T05:04:32.206456,2026-06-28T19:04:32.565733+00:00,98.3,200,ask,,,11417215
2026-06-29T05:04:35.022318,2026-06-28T19:04:35.381734+00:00,98.5,200,bid,,,11417266
2026-06-29T05:04:38.607854,2026-06-28T19:04:38.967249+00:00,98.4,20,ask,,,11417344
2026-06-29T05:04:38.948838,2026-06-28T19:04:39.308249+00:00,98.5,200,bid,,,11417353
2026-06-29T05:04:39.465760,2026-06-28T19:04:39.825250+00:00,98.5,200,ask,,,11417361
2026-06-29T05:04:43.106876,2026-06-28T19:04:43.466250+00:00,98.4,200,ask,,,11417422
2026-06-29T05:04:44.156307,2026-06-28T19:04:44.511249+00:00,98.6,25,bid,,,11417448
2026-06-29T05:04:44.366557,2026-06-28T19:04:44.720249+00:00,98.5,25,bid,,,11417455
2026-06-29T05:04:44.575892,2026-06-28T19:04:44.929249+00:00,98.5,25,bid,,,11417467
2026-06-29T05:04:47.974924,2026-06-28T19:04:48.328249+00:00,98.3,5,ask,,,11417541
2026-06-29T05:04:47.974924,2026-06-28T19:04:48.328249+00:00,98.3,195,ask,,,11417542
2026-06-29T05:04:48.031584,2026-06-28T19:04:48.383249+00:00,98.3,20,ask,,,11417543
2026-06-29T05:04:49.598369,2026-06-28T19:04:49.956249+00:00,98.3,12,ask,,,11417565
2026-06-29T05:04:49.598369,2026-06-28T19:04:49.956249+00:00,98.3,8,ask,,,11417566
2026-06-29T05:04:50.595644,2026-06-28T19:04:50.957249+00:00,98.4,25,bid,,,11417591
2026-06-29T05:04:50.805346,2026-06-28T19:04:51.166249+00:00,98.4,25,bid,,,11417593
2026-06-29T05:04:51.021099,2026-06-28T19:04:51.375249+00:00,98.4,25,bid,,,11417597
2026-06-29T05:04:51.232482,2026-06-28T19:04:51.584249+00:00,98.4,25,bid,,,11417600
2026-06-29T05:04:51.441779,2026-06-28T19:04:51.793249+00:00,98.4,25,bid,,,11417605
2026-06-29T05:04:51.554821,2026-06-28T19:04:51.914249+00:00,98.3,200,ask,,,11417607
2026-06-29T05:04:51.554821,2026-06-28T19:04:51.914249+00:00,98.3,300,ask,,,11417608
2026-06-29T05:04:54.025522,2026-06-28T19:04:54.389250+00:00,98.3,200,bid,,,11417655
2026-06-29T05:04:54.723620,2026-06-28T19:04:55.082249+00:00,98.3,500,bid,,,11417667
2026-06-29T05:04:55.189507,2026-06-28T19:04:55.544251+00:00,98.3,125,ask,,,11417685
2026-06-29T05:04:55.238287,2026-06-28T19:04:55.599249+00:00,98.3,200,bid,,,11417686
2026-06-29T05:04:56.034923,2026-06-28T19:04:56.391264+00:00,98.2,1,ask,,,11417699
2026-06-29T05:04:56.447418,2026-06-28T19:04:56.809264+00:00,98.2,200,bid,,,11417709
2026-06-29T05:04:57.656829,2026-06-28T19:04:58.019264+00:00,98.3,200,bid,,,11417727
2026-06-29T05:04:58.237886,2026-06-28T19:04:58.602264+00:00,98.2,500,ask,,,11417735
2026-06-29T05:04:58.659889,2026-06-28T19:04:59.020264+00:00,98.1,1,ask,,,11417749
2026-06-29T05:04:58.866880,2026-06-28T19:04:59.218263+00:00,98.0,200,bid,,,11417752
2026-06-29T05:05:00.276325,2026-06-28T19:05:00.637262+00:00,98.0,20,ask,,,11417791
2026-06-29T05:05:01.288050,2026-06-28T19:05:01.649263+00:00,98.0,200,ask,,,11417816
2026-06-29T05:05:07.348434,2026-06-28T19:05:07.702276+00:00,98.1,200,ask,,,11417934
2026-06-29T05:05:09.137425,2026-06-28T19:05:09.495276+00:00,98.0,200,ask,,,11417963
2026-06-29T05:05:09.349057,2026-06-28T19:05:09.704275+00:00,97.9,20,ask,,,11417965
2026-06-29T05:05:12.190886,2026-06-28T19:05:12.542275+00:00,98.1,200,bid,,,11418018
2026-06-29T05:05:14.574080,2026-06-28T19:05:14.929277+00:00,98.2,10,bid,,,11418052
2026-06-29T05:05:14.574080,2026-06-28T19:05:14.929277+00:00,98.2,10,bid,,,11418053
2026-06-29T05:05:14.619615,2026-06-28T19:05:14.973276+00:00,98.1,200,ask,,,11418054
2026-06-29T05:05:16.410285,2026-06-28T19:05:16.766276+00:00,98.1,20,ask,,,11418094
2026-06-29T05:05:17.640817,2026-06-28T19:05:17.998276+00:00,98.0,20,ask,,,11418114
2026-06-29T05:05:18.248546,2026-06-28T19:05:18.603275+00:00,98.1,200,bid,,,11418131
2026-06-29T05:05:19.018288,2026-06-28T19:05:19.373276+00:00,98.2,8,bid,,,11418141
2026-06-29T05:05:19.650307,2026-06-28T19:05:20.011275+00:00,98.2,200,bid,,,11418154
2026-06-29T05:05:19.650307,2026-06-28T19:05:20.011275+00:00,98.3,1,bid,,,11418155
2026-06-29T05:05:20.667626,2026-06-28T19:05:21.023276+00:00,98.3,200,ask,,,11418177
2026-06-29T05:05:21.724285,2026-06-28T19:05:22.079276+00:00,98.3,20,bid,,,11418199
2026-06-29T05:05:24.307355,2026-06-28T19:05:24.664275+00:00,98.4,1,bid,,,11418247
2026-06-29T05:05:24.307355,2026-06-28T19:05:24.664275+00:00,98.4,1,bid,,,11418248
2026-06-29T05:05:24.307355,2026-06-28T19:05:24.664275+00:00,98.4,198,bid,,,11418249
2026-06-29T05:05:24.886244,2026-06-28T19:05:25.247276+00:00,98.3,5,bid,,,11418264
2026-06-29T05:05:24.886244,2026-06-28T19:05:25.247276+00:00,98.4,500,bid,,,11418265
2026-06-29T05:05:25.462879,2026-06-28T19:05:25.819275+00:00,98.4,120,ask,,,11418278
2026-06-29T05:05:26.735093,2026-06-28T19:05:27.095276+00:00,98.4,200,bid,,,11418310
2026-06-29T05:05:27.525097,2026-06-28T19:05:27.887275+00:00,98.3,500,bid,,,11418323
2026-06-29T05:05:27.802715,2026-06-28T19:05:28.162276+00:00,98.3,20,ask,,,11418332
2026-06-29T05:05:27.873812,2026-06-28T19:05:28.228276+00:00,98.3,105,ask,,,11418335
2026-06-29T05:05:27.946179,2026-06-28T19:05:28.305276+00:00,98.3,200,bid,,,11418339
2026-06-29T05:05:29.156452,2026-06-28T19:05:29.515278+00:00,98.1,200,bid,,,11418374
2026-06-29T05:05:31.575066,2026-06-28T19:05:31.936276+00:00,98.1,200,ask,,,11418416
2026-06-29T05:05:34.005570,2026-06-28T19:05:34.367276+00:00,98.0,200,ask,,,11418464
2026-06-29T05:05:37.637098,2026-06-28T19:05:37.998276+00:00,97.9,1,ask,,,11418525
2026-06-29T05:05:37.927297,2026-06-28T19:05:38.284276+00:00,97.8,25,ask,,,11418531
2026-06-29T05:05:38.141299,2026-06-28T19:05:38.493276+00:00,97.8,1,ask,,,11418539
2026-06-29T05:05:38.350458,2026-06-28T19:05:38.702276+00:00,97.8,2,ask,,,11418546
2026-06-29T05:05:38.561976,2026-06-28T19:05:38.922277+00:00,97.7,1,ask,,,11418555
2026-06-29T05:05:38.561976,2026-06-28T19:05:38.922277+00:00,97.7,24,ask,,,11418556
2026-06-29T05:05:38.790777,2026-06-28T19:05:39.164275+00:00,97.7,25,ask,,,11418563
2026-06-29T05:05:39.031101,2026-06-28T19:05:39.384276+00:00,97.7,25,ask,,,11418578
2026-06-29T05:05:39.240618,2026-06-28T19:05:39.593275+00:00,97.7,5,ask,,,11418584
2026-06-29T05:05:40.066459,2026-06-28T19:05:40.418276+00:00,97.9,200,bid,,,11418591
2026-06-29T05:05:40.856553,2026-06-28T19:05:41.210276+00:00,97.9,25,ask,,,11418601
2026-06-29T05:05:41.281309,2026-06-28T19:05:41.639276+00:00,97.9,200,ask,,,11418616
2026-06-29T05:05:44.283186,2026-06-28T19:05:44.642277+00:00,97.9,25,ask,,,11418671
2026-06-29T05:05:44.491792,2026-06-28T19:05:44.851277+00:00,97.9,25,ask,,,11418676
2026-06-29T05:05:46.103536,2026-06-28T19:05:46.456790+00:00,97.9,7,ask,,,11418711
2026-06-29T05:05:48.578060,2026-06-28T19:05:48.931790+00:00,98.0,500,ask,,,11418757
2026-06-29T05:05:49.059350,2026-06-28T19:05:49.415791+00:00,98.0,125,bid,,,11418766
2026-06-29T05:05:49.884568,2026-06-28T19:05:50.240790+00:00,98.1,200,bid,,,11418784
2026-06-29T05:05:51.122660,2026-06-28T19:05:51.483791+00:00,98.1,1,ask,,,11418808
2026-06-29T05:05:51.627197,2026-06-28T19:05:51.978790+00:00,98.1,20,bid,,,11418816
2026-06-29T05:05:53.816014,2026-06-28T19:05:54.167791+00:00,98.0,500,ask,,,11418860
2026-06-29T05:05:53.816014,2026-06-28T19:05:54.178791+00:00,98.0,125,ask,,,11418861
2026-06-29T05:05:54.602056,2026-06-28T19:05:54.959791+00:00,98.0,200,ask,,,11418876
2026-06-29T05:05:57.714570,2026-06-28T19:05:58.072790+00:00,98.1,20,ask,,,11418940
2026-06-29T05:05:58.161219,2026-06-28T19:05:58.512790+00:00,98.1,20,ask,,,11418948
2026-06-29T05:05:58.228051,2026-06-28T19:05:58.589791+00:00,98.2,4,bid,,,11418949
2026-06-29T05:05:58.228051,2026-06-28T19:05:58.589791+00:00,98.2,196,bid,,,11418950
2026-06-29T05:06:00.749669,2026-06-28T19:06:01.108789+00:00,98.1,6,ask,,,11418998
2026-06-29T05:06:00.959727,2026-06-28T19:06:01.317790+00:00,98.1,1,ask,,,11419000
2026-06-29T05:06:01.178485,2026-06-28T19:06:01.537790+00:00,98.1,1,ask,,,11419003
2026-06-29T05:06:01.665489,2026-06-28T19:06:02.021790+00:00,98.2,4,bid,,,11419015
2026-06-29T05:06:01.859775,2026-06-28T19:06:02.219790+00:00,98.2,200,ask,,,11419018
2026-06-29T05:06:04.276333,2026-06-28T19:06:04.628790+00:00,98.1,200,ask,,,11419054
2026-06-29T05:06:05.485428,2026-06-28T19:06:05.839790+00:00,98.0,200,ask,,,11419091
2026-06-29T05:06:06.931030,2026-06-28T19:06:07.291791+00:00,98.1,200,bid,,,11419120
2026-06-29T05:06:11.605840,2026-06-28T19:06:11.966791+00:00,98.0,1,ask,,,11419210
2026-06-29T05:06:14.823522,2026-06-28T19:06:15.178791+00:00,98.0,1,ask,,,11419254
2026-06-29T05:06:14.823522,2026-06-28T19:06:15.178791+00:00,97.9,1,ask,,,11419255
2026-06-29T05:06:14.823522,2026-06-28T19:06:15.178791+00:00,97.9,200,ask,,,11419256
2026-06-29T05:06:15.143941,2026-06-28T19:06:15.497790+00:00,97.9,200,bid,,,11419260
2026-06-29T05:06:15.686751,2026-06-28T19:06:16.047790+00:00,97.9,223,bid,,,11419279
2026-06-29T05:06:16.132403,2026-06-28T19:06:16.487231+00:00,98.1,200,bid,,,11419294
2026-06-29T05:06:17.444688,2026-06-28T19:06:17.807230+00:00,98.1,200,ask,,,11419325
2026-06-29T05:06:17.787828,2026-06-28T19:06:18.148231+00:00,98.0,20,ask,,,11419332
2026-06-29T05:06:18.757148,2026-06-28T19:06:19.116231+00:00,98.0,200,ask,,,11419353
2026-06-29T05:06:19.976242,2026-06-28T19:06:20.337232+00:00,98.0,200,bid,,,11419368
2026-06-29T05:06:21.185536,2026-06-28T19:06:21.547231+00:00,98.1,200,ask,,,11419400
2026-06-29T05:06:22.392045,2026-06-28T19:06:22.746231+00:00,98.1,200,ask,,,11419426
2026-06-29T05:06:24.817133,2026-06-28T19:06:25.177232+00:00,98.2,200,bid,,,11419478
2026-06-29T05:06:26.042721,2026-06-28T19:06:26.397781+00:00,98.2,200,ask,,,11419503
2026-06-29T05:06:27.251313,2026-06-28T19:06:27.607781+00:00,98.2,200,ask,,,11419521
2026-06-29T05:06:29.239327,2026-06-28T19:06:29.598782+00:00,98.1,200,ask,,,11419565
2026-06-29T05:06:30.878638,2026-06-28T19:06:31.237780+00:00,98.0,200,ask,,,11419598
2026-06-29T05:06:35.412691,2026-06-28T19:06:35.770780+00:00,98.1,20,bid,,,11419697
2026-06-29T05:06:39.345858,2026-06-28T19:06:39.708780+00:00,98.1,200,bid,,,11419782
2026-06-29T05:06:39.711417,2026-06-28T19:06:40.071780+00:00,98.2,1,bid,,,11419793
2026-06-29T05:06:39.711417,2026-06-28T19:06:40.071780+00:00,98.3,500,bid,,,11419794
2026-06-29T05:06:39.898270,2026-06-28T19:06:40.258782+00:00,98.3,124,ask,,,11419799
2026-06-29T05:06:41.764167,2026-06-28T19:06:42.117780+00:00,98.1,200,bid,,,11419840
2026-06-29T05:06:42.970922,2026-06-28T19:06:43.329781+00:00,98.0,200,bid,,,11419857
2026-06-29T05:06:43.643735,2026-06-28T19:06:44.000782+00:00,97.9,2,ask,,,11419868
2026-06-29T05:06:45.388824,2026-06-28T19:06:45.749780+00:00,98.1,200,bid,,,11419914
2026-06-29T05:06:46.598626,2026-06-28T19:06:46.959934+00:00,98.0,200,ask,,,11419940
2026-06-29T05:06:49.030756,2026-06-28T19:06:49.411878+00:00,98.0,200,bid,,,11420006
2026-06-29T05:06:51.447128,2026-06-28T19:06:51.808439+00:00,98.0,200,bid,,,11420054
2026-06-29T05:06:53.870502,2026-06-28T19:06:54.294256+00:00,98.0,200,ask,,,11420088
2026-06-29T05:06:56.271502,2026-06-28T19:06:56.624269+00:00,98.0,200,ask,,,11420132
2026-06-29T05:06:56.271502,2026-06-28T19:06:56.635268+00:00,98.0,300,ask,,,11420133
2026-06-29T05:06:56.795014,2026-06-28T19:06:57.147819+00:00,98.0,200,ask,,,11420141
2026-06-29T05:06:57.788533,2026-06-28T19:06:58.141979+00:00,98.0,20,bid,,,11420162
2026-06-29T05:06:58.103978,2026-06-28T19:06:58.458756+00:00,98.0,500,bid,,,11420167
2026-06-29T05:06:58.716552,2026-06-28T19:06:59.080957+00:00,98.0,125,ask,,,11420177
2026-06-29T05:06:59.414301,2026-06-28T19:06:59.773069+00:00,97.9,2,ask,,,11420195
2026-06-29T05:06:59.414301,2026-06-28T19:06:59.773069+00:00,97.8,1,ask,,,11420196
2026-06-29T05:06:59.414301,2026-06-28T19:06:59.773069+00:00,97.8,200,ask,,,11420197
2026-06-29T05:06:59.928362,2026-06-28T19:07:00.286952+00:00,97.8,200,bid,,,11420200
2026-06-29T05:07:04.452571,2026-06-28T19:07:04.808405+00:00,97.8,20,bid,,,11420295
2026-06-29T05:07:04.768058,2026-06-28T19:07:05.125163+00:00,97.7,1,ask,,,11420304
2026-06-29T05:07:04.768058,2026-06-28T19:07:05.125163+00:00,97.7,199,ask,,,11420305
2026-06-29T05:07:05.759484,2026-06-28T19:07:06.112521+00:00,97.9,1,bid,,,11420322
2026-06-29T05:07:05.759484,2026-06-28T19:07:06.123522+00:00,97.9,19,bid,,,11420323
2026-06-29T05:07:09.606377,2026-06-28T19:07:09.965691+00:00,97.7,5,ask,,,11420395
2026-06-29T05:07:09.606377,2026-06-28T19:07:09.965691+00:00,97.7,195,ask,,,11420396
2026-06-29T05:07:09.929742,2026-06-28T19:07:10.282532+00:00,97.7,4,ask,,,11420407
2026-06-29T05:07:10.774713,2026-06-28T19:07:11.136049+00:00,97.7,500,bid,,,11420417
2026-06-29T05:07:11.400275,2026-06-28T19:07:11.759537+00:00,97.7,200,bid,,,11420431
2026-06-29T05:07:12.030121,2026-06-28T19:07:12.391539+00:00,97.8,200,bid,,,11420452
2026-06-29T05:07:15.166866,2026-06-28T19:07:15.597054+00:00,97.6,1,ask,,,11420512
2026-06-29T05:07:15.166866,2026-06-28T19:07:15.597054+00:00,97.6,1,ask,,,11420513
2026-06-29T05:07:15.166866,2026-06-28T19:07:15.597054+00:00,97.6,200,ask,,,11420514
2026-06-29T05:07:15.166866,2026-06-28T19:07:15.597054+00:00,97.6,423,ask,,,11420515
2026-06-29T05:07:15.642676,2026-06-28T19:07:16.000241+00:00,97.6,20,ask,,,11420522
2026-06-29T05:07:16.421206,2026-06-28T19:07:16.777259+00:00,97.7,1,bid,,,11420541
2026-06-29T05:07:16.476556,2026-06-28T19:07:16.832549+00:00,97.7,199,bid,,,11420545
2026-06-29T05:07:16.877476,2026-06-28T19:07:17.237284+00:00,97.8,200,ask,,,11420554
2026-06-29T05:07:19.918698,2026-06-28T19:07:20.288907+00:00,97.9,20,bid,,,11420606
2026-06-29T05:07:22.885486,2026-06-28T19:07:23.245616+00:00,97.8,500,bid,,,11420649
2026-06-29T05:07:22.948969,2026-06-28T19:07:23.300968+00:00,97.7,1,ask,,,11420653
2026-06-29T05:07:23.017874,2026-06-28T19:07:23.377879+00:00,97.7,199,bid,,,11420654
2026-06-29T05:07:24.158815,2026-06-28T19:07:24.516621+00:00,97.8,200,ask,,,11420677
2026-06-29T05:07:24.331782,2026-06-28T19:07:24.691234+00:00,97.7,500,ask,,,11420678
2026-06-29T05:07:24.720879,2026-06-28T19:07:25.083482+00:00,97.7,125,bid,,,11420681
2026-06-29T05:07:25.610583,2026-06-28T19:07:25.968631+00:00,97.7,20,ask,,,11420708
2026-06-29T05:07:25.638072,2026-06-28T19:07:25.990630+00:00,97.8,200,bid,,,11420709
2026-06-29T05:07:26.575212,2026-06-28T19:07:26.933248+00:00,97.9,200,ask,,,11420725
2026-06-29T05:07:27.135868,2026-06-28T19:07:27.490079+00:00,97.9,500,bid,,,11420734
2026-06-29T05:07:27.731411,2026-06-28T19:07:28.092981+00:00,97.9,125,bid,,,11420737
2026-06-29T05:07:27.783152,2026-06-28T19:07:28.147761+00:00,97.9,200,ask,,,11420740
2026-06-29T05:07:28.257236,2026-06-28T19:07:28.616370+00:00,98.0,4,bid,,,11420754
2026-06-29T05:07:28.257236,2026-06-28T19:07:28.616370+00:00,98.0,1,bid,,,11420755
2026-06-29T05:07:34.844919,2026-06-28T19:07:35.214217+00:00,98.0,200,ask,,,11420875
2026-06-29T05:07:35.064135,2026-06-28T19:07:35.454024+00:00,98.0,200,bid,,,11420879
2026-06-29T05:07:36.154032,2026-06-28T19:07:36.512135+00:00,98.1,6,bid,,,11420899
2026-06-29T05:07:36.154032,2026-06-28T19:07:36.512135+00:00,98.2,1,bid,,,11420900
2026-06-29T05:07:38.800858,2026-06-28T19:07:39.161035+00:00,98.3,6,bid,,,11420964
2026-06-29T05:07:38.800858,2026-06-28T19:07:39.161035+00:00,98.3,200,bid,,,11420965
2026-06-29T05:07:39.907427,2026-06-28T19:07:40.267286+00:00,98.3,200,ask,,,11420995
2026-06-29T05:07:40.112569,2026-06-28T19:07:40.465055+00:00,98.1,1,ask,,,11420997
2026-06-29T05:07:40.112569,2026-06-28T19:07:40.476055+00:00,98.1,200,ask,,,11420998
2026-06-29T05:07:41.110976,2026-06-28T19:07:41.473273+00:00,98.1,200,bid,,,11421019
2026-06-29T05:07:41.478993,2026-06-28T19:07:41.834355+00:00,98.2,2,bid,,,11421031
2026-06-29T05:07:41.478993,2026-06-28T19:07:41.834355+00:00,98.2,1,bid,,,11421032
2026-06-29T05:07:42.472591,2026-06-28T19:07:42.830599+00:00,98.1,20,ask,,,11421047
2026-06-29T05:07:47.590052,2026-06-28T19:07:47.943521+00:00,98.3,25,bid,,,11421127
2026-06-29T05:07:47.804783,2026-06-28T19:07:48.163666+00:00,98.3,25,bid,,,11421133
2026-06-29T05:07:48.014574,2026-06-28T19:07:48.370962+00:00,98.3,1,bid,,,11421141
2026-06-29T05:07:48.014574,2026-06-28T19:07:48.370962+00:00,98.3,24,bid,,,11421142
2026-06-29T05:07:48.224704,2026-06-28T19:07:48.578660+00:00,98.3,25,bid,,,11421153
2026-06-29T05:07:48.434073,2026-06-28T19:07:48.786712+00:00,98.3,3,bid,,,11421157
2026-06-29T05:07:48.434073,2026-06-28T19:07:48.796976+00:00,98.3,22,bid,,,11421158
2026-06-29T05:07:48.646162,2026-06-28T19:07:49.004089+00:00,98.3,23,bid,,,11421162
2026-06-29T05:07:49.583589,2026-06-28T19:07:49.945863+00:00,98.3,8,bid,,,11421190
2026-06-29T05:07:50.597722,2026-06-28T19:07:50.961354+00:00,98.3,192,ask,,,11421202
2026-06-29T05:07:52.000715,2026-06-28T19:07:52.364423+00:00,98.3,200,bid,,,11421246
2026-06-29T05:07:53.212552,2026-06-28T19:07:53.568513+00:00,98.3,200,bid,,,11421267
2026-06-29T05:07:53.221277,2026-06-28T19:07:53.579031+00:00,98.4,1,bid,,,11421268
2026-06-29T05:07:53.221277,2026-06-28T19:07:53.579031+00:00,98.4,1,bid,,,11421269
2026-06-29T05:07:53.259156,2026-06-28T19:07:53.612031+00:00,98.4,25,ask,,,11421270
2026-06-29T05:07:53.468940,2026-06-28T19:07:53.831465+00:00,98.4,25,ask,,,11421275
2026-06-29T05:07:53.678233,2026-06-28T19:07:54.038679+00:00,98.4,25,ask,,,11421283
2026-06-29T05:07:54.712933,2026-06-28T19:07:55.068153+00:00,98.3,20,ask,,,11421306
2026-06-29T05:07:55.841185,2026-06-28T19:07:56.207605+00:00,98.5,4,bid,,,11421340
2026-06-29T05:07:55.841185,2026-06-28T19:07:56.207605+00:00,98.5,500,bid,,,11421341
2026-06-29T05:07:55.841185,2026-06-28T19:07:56.207605+00:00,98.5,121,bid,,,11421342
2026-06-29T05:07:56.864236,2026-06-28T19:07:57.281308+00:00,98.4,4,bid,,,11421355
2026-06-29T05:07:56.864236,2026-06-28T19:07:57.281308+00:00,98.4,196,bid,,,11421356
2026-06-29T05:07:57.155190,2026-06-28T19:07:57.509258+00:00,98.2,1,ask,,,11421361
2026-06-29T05:07:57.300625,2026-06-28T19:07:57.662710+00:00,98.1,25,bid,,,11421364
2026-06-29T05:07:57.509192,2026-06-28T19:07:57.870171+00:00,98.1,4,bid,,,11421375
2026-06-29T05:07:57.930881,2026-06-28T19:07:58.286503+00:00,98.1,3,bid,,,11421384
2026-06-29T05:07:58.079625,2026-06-28T19:07:58.434503+00:00,98.1,200,bid,,,11421395
2026-06-29T05:07:58.139699,2026-06-28T19:07:58.492542+00:00,98.1,3,bid,,,11421398
2026-06-29T05:07:59.287233,2026-06-28T19:07:59.665059+00:00,98.2,200,bid,,,11421419
2026-06-29T05:08:00.213400,2026-06-28T19:08:00.576301+00:00,98.2,20,bid,,,11421432
2026-06-29T05:08:00.501632,2026-06-28T19:08:00.867303+00:00,98.2,200,bid,,,11421441
2026-06-29T05:08:01.148887,2026-06-28T19:08:01.507971+00:00,98.2,25,ask,,,11421447
2026-06-29T05:08:01.359047,2026-06-28T19:08:01.734971+00:00,98.2,25,ask,,,11421452
2026-06-29T05:08:01.568533,2026-06-28T19:08:01.923971+00:00,98.2,25,ask,,,11421457
2026-06-29T05:08:01.778567,2026-06-28T19:08:02.138490+00:00,98.2,25,ask,,,11421461
2026-06-29T05:08:01.908262,2026-06-28T19:08:02.276006+00:00,98.2,20,ask,,,11421465
2026-06-29T05:08:01.990024,2026-06-28T19:08:02.347524+00:00,98.2,8,ask,,,11421468
2026-06-29T05:08:03.698316,2026-06-28T19:08:04.054008+00:00,98.3,200,ask,,,11421511
2026-06-29T05:08:04.131870,2026-06-28T19:08:04.499928+00:00,98.3,200,bid,,,11421520
2026-06-29T05:08:05.345734,2026-06-28T19:08:05.702417+00:00,98.3,200,ask,,,11421539
2026-06-29T05:08:05.751921,2026-06-28T19:08:06.109521+00:00,98.3,20,ask,,,11421543
2026-06-29T05:08:07.767011,2026-06-28T19:08:08.124734+00:00,98.3,200,ask,,,11421593
2026-06-29T05:08:10.261223,2026-06-28T19:08:10.620892+00:00,98.4,1,bid,,,11421636
2026-06-29T05:08:11.208034,2026-06-28T19:08:11.562784+00:00,98.4,20,ask,,,11421651
2026-06-29T05:08:11.397892,2026-06-28T19:08:11.759265+00:00,98.4,200,ask,,,11421657
2026-06-29T05:08:12.607256,2026-06-28T19:08:12.962072+00:00,98.4,200,ask,,,11421686
2026-06-29T05:08:13.815336,2026-06-28T19:08:14.177410+00:00,98.5,3,bid,,,11421709
2026-06-29T05:08:14.381440,2026-06-28T19:08:14.736757+00:00,98.5,197,ask,,,11421718
2026-06-29T05:08:15.024606,2026-06-28T19:08:15.382346+00:00,98.5,200,bid,,,11421729
2026-06-29T05:08:15.493351,2026-06-28T19:08:15.857299+00:00,98.5,300,bid,,,11421743
2026-06-29T05:08:15.493351,2026-06-28T19:08:15.857299+00:00,98.5,2,bid,,,11421744
2026-06-29T05:08:16.805327,2026-06-28T19:08:17.195195+00:00,98.5,200,ask,,,11421760
2026-06-29T05:08:17.440522,2026-06-28T19:08:17.863780+00:00,98.5,200,bid,,,11421777
2026-06-29T05:08:19.224582,2026-06-28T19:08:19.581307+00:00,98.4,500,ask,,,11421815
2026-06-29T05:08:19.420412,2026-06-28T19:08:19.779764+00:00,98.4,200,ask,,,11421819
2026-06-29T05:08:19.420412,2026-06-28T19:08:19.779764+00:00,98.2,2,ask,,,11421820
2026-06-29T05:08:19.420412,2026-06-28T19:08:19.779764+00:00,98.2,1,ask,,,11421821
2026-06-29T05:08:20.195858,2026-06-28T19:08:20.558684+00:00,98.1,10,ask,,,11421834
2026-06-29T05:08:20.195858,2026-06-28T19:08:20.558684+00:00,98.1,10,ask,,,11421835
2026-06-29T05:08:20.732301,2026-06-28T19:08:21.095253+00:00,98.1,190,ask,,,11421845
2026-06-29T05:08:20.732301,2026-06-28T19:08:21.095253+00:00,98.1,10,ask,,,11421846
2026-06-29T05:08:20.732301,2026-06-28T19:08:21.095253+00:00,98.0,1,ask,,,11421847
2026-06-29T05:08:21.070262,2026-06-28T19:08:21.424187+00:00,98.0,200,bid,,,11421858
2026-06-29T05:08:23.352778,2026-06-28T19:08:23.709467+00:00,98.2,200,ask,,,11421898
2026-06-29T05:08:23.352778,2026-06-28T19:08:23.709467+00:00,98.2,8,ask,,,11421899
2026-06-29T05:08:27.154489,2026-06-28T19:08:27.511519+00:00,98.3,20,bid,,,11421975
2026-06-29T05:08:29.159895,2026-06-28T19:08:29.514519+00:00,98.3,20,ask,,,11422019
2026-06-29T05:08:29.574978,2026-06-28T19:08:29.930600+00:00,98.4,2,bid,,,11422030
2026-06-29T05:08:29.940494,2026-06-28T19:08:30.302769+00:00,98.4,198,ask,,,11422038
2026-06-29T05:08:30.782625,2026-06-28T19:08:31.135791+00:00,98.4,200,bid,,,11422047
2026-06-29T05:08:31.248872,2026-06-28T19:08:31.607428+00:00,98.5,1,bid,,,11422058
2026-06-29T05:08:31.248872,2026-06-28T19:08:31.607428+00:00,98.5,5,bid,,,11422059
2026-06-29T05:08:31.248872,2026-06-28T19:08:31.607428+00:00,98.5,500,bid,,,11422060
2026-06-29T05:08:31.331941,2026-06-28T19:08:31.694577+00:00,98.5,119,ask,,,11422061
2026-06-29T05:08:33.866887,2026-06-28T19:08:34.221743+00:00,98.3,200,bid,,,11422117
2026-06-29T05:08:34.351547,2026-06-28T19:08:34.714670+00:00,98.3,425,ask,,,11422125
2026-06-29T05:08:37.794827,2026-06-28T19:08:38.215649+00:00,98.1,1,ask,,,11422210
2026-06-29T05:08:40.418807,2026-06-28T19:08:40.774718+00:00,98.2,200,bid,,,11422263
2026-06-29T05:08:40.418807,2026-06-28T19:08:40.774718+00:00,98.2,425,bid,,,11422264
2026-06-29T05:08:42.092568,2026-06-28T19:08:42.451717+00:00,98.1,20,ask,,,11422286
2026-06-29T05:08:42.857110,2026-06-28T19:08:43.217241+00:00,98.1,180,ask,,,11422305
2026-06-29T05:08:44.347282,2026-06-28T19:08:44.707104+00:00,97.9,200,ask,,,11422324
2026-06-29T05:08:48.164858,2026-06-28T19:08:48.522786+00:00,98.0,20,bid,,,11422366
2026-06-29T05:08:51.364787,2026-06-28T19:08:51.718212+00:00,98.0,200,bid,,,11422436
2026-06-29T05:08:52.012012,2026-06-28T19:08:52.366256+00:00,98.0,20,bid,,,11422450
2026-06-29T05:08:54.833419,2026-06-28T19:08:55.188178+00:00,98.0,200,ask,,,11422499
2026-06-29T05:08:54.833419,2026-06-28T19:08:55.188178+00:00,98.0,425,ask,,,11422500
2026-06-29T05:08:56.140936,2026-06-28T19:08:56.500858+00:00,98.1,200,bid,,,11422518
2026-06-29T05:08:56.140936,2026-06-28T19:08:56.500858+00:00,98.2,2,bid,,,11422519
2026-06-29T05:08:56.140936,2026-06-28T19:08:56.500858+00:00,98.2,1,bid,,,11422520
2026-06-29T05:08:58.647728,2026-06-28T19:08:59.027562+00:00,98.1,1,ask,,,11422569
2026-06-29T05:08:58.647728,2026-06-28T19:08:59.027562+00:00,98.1,19,ask,,,11422570
2026-06-29T05:09:02.305429,2026-06-28T19:09:02.668069+00:00,98.2,200,bid,,,11422628
2026-06-29T05:09:02.522573,2026-06-28T19:09:02.876384+00:00,98.2,20,bid,,,11422636
2026-06-29T05:09:03.514169,2026-06-28T19:09:03.875489+00:00,98.3,1,bid,,,11422655
2026-06-29T05:09:03.514169,2026-06-28T19:09:03.875489+00:00,98.3,199,bid,,,11422656
2026-06-29T05:09:03.995690,2026-06-28T19:09:04.356773+00:00,98.2,1,bid,,,11422661
2026-06-29T05:09:04.056404,2026-06-28T19:09:04.411878+00:00,98.4,20,bid,,,11422662
2026-06-29T05:09:04.891676,2026-06-28T19:09:05.245875+00:00,98.4,20,bid,,,11422687
2026-06-29T05:09:05.935657,2026-06-28T19:09:06.297568+00:00,98.4,1,bid,,,11422708
2026-06-29T05:09:05.935657,2026-06-28T19:09:06.297568+00:00,98.4,199,bid,,,11422709
2026-06-29T05:09:06.494436,2026-06-28T19:09:06.854230+00:00,98.3,500,ask,,,11422719
2026-06-29T05:09:07.144397,2026-06-28T19:09:07.504349+00:00,98.3,200,bid,,,11422725
2026-06-29T05:09:08.351611,2026-06-28T19:09:08.706216+00:00,98.2,200,bid,,,11422765
2026-06-29T05:09:09.228028,2026-06-28T19:09:09.590876+00:00,98.2,500,bid,,,11422781
2026-06-29T05:09:09.497761,2026-06-28T19:09:09.852455+00:00,98.2,125,ask,,,11422786
2026-06-29T05:09:10.106433,2026-06-28T19:09:10.464444+00:00,98.1,200,ask,,,11422802
2026-06-29T05:09:10.814066,2026-06-28T19:09:11.175867+00:00,98.1,20,bid,,,11422821
2026-06-29T05:09:11.845232,2026-06-28T19:09:12.203895+00:00,98.0,10,ask,,,11422842
2026-06-29T05:09:11.845232,2026-06-28T19:09:12.203895+00:00,98.0,200,ask,,,11422843
2026-06-29T05:09:11.977102,2026-06-28T19:09:12.334635+00:00,98.0,200,bid,,,11422851
2026-06-29T05:09:14.471549,2026-06-28T19:09:14.834285+00:00,98.0,200,ask,,,11422907
2026-06-29T05:09:15.605832,2026-06-28T19:09:15.959903+00:00,97.9,3,ask,,,11422935
2026-06-29T05:09:15.782359,2026-06-28T19:09:16.135408+00:00,97.9,197,bid,,,11422938
2026-06-29T05:09:18.038216,2026-06-28T19:09:18.400875+00:00,98.0,200,bid,,,11422981
2026-06-29T05:09:18.538198,2026-06-28T19:09:18.894849+00:00,98.0,20,ask,,,11422986
2026-06-29T05:09:19.711627,2026-06-28T19:09:20.098045+00:00,97.9,6,ask,,,11423002
2026-06-29T05:09:19.711627,2026-06-28T19:09:20.098045+00:00,97.9,200,ask,,,11423003
2026-06-29T05:09:21.022172,2026-06-28T19:09:21.383855+00:00,97.9,200,bid,,,11423029
2026-06-29T05:09:21.669487,2026-06-28T19:09:22.027787+00:00,97.9,200,ask,,,11423041
2026-06-29T05:09:22.876675,2026-06-28T19:09:23.239687+00:00,98.0,200,bid,,,11423077
2026-06-29T05:09:31.522015,2026-06-28T19:09:31.875940+00:00,97.9,200,bid,,,11423235
2026-06-29T05:09:32.837964,2026-06-28T19:09:33.199493+00:00,97.9,200,ask,,,11423257
2026-06-29T05:09:33.768437,2026-06-28T19:09:34.130920+00:00,97.9,200,bid,,,11423276
2026-06-29T05:09:35.287743,2026-06-28T19:09:35.644927+00:00,97.8,6,ask,,,11423300
2026-06-29T05:09:35.287743,2026-06-28T19:09:35.644927+00:00,97.8,14,ask,,,11423301
2026-06-29T05:09:38.609133,2026-06-28T19:09:38.965899+00:00,97.8,200,ask,,,11423359
2026-06-29T05:09:39.404609,2026-06-28T19:09:39.764893+00:00,97.7,9,ask,,,11423381
2026-06-29T05:09:39.790841,2026-06-28T19:09:40.146935+00:00,97.6,20,ask,,,11423384
2026-06-29T05:09:39.818682,2026-06-28T19:09:40.180350+00:00,97.7,200,bid,,,11423387
2026-06-29T05:09:45.876358,2026-06-28T19:09:46.238052+00:00,97.7,200,bid,,,11423511
2026-06-29T05:09:48.237514,2026-06-28T19:09:48.599925+00:00,97.6,3,ask,,,11423555
2026-06-29T05:09:48.237514,2026-06-28T19:09:48.599925+00:00,97.6,200,ask,,,11423556
2026-06-29T05:09:48.293417,2026-06-28T19:09:48.654937+00:00,97.6,200,bid,,,11423560
2026-06-29T05:09:49.504518,2026-06-28T19:09:49.867318+00:00,97.6,200,bid,,,11423573
2026-06-29T05:09:50.711913,2026-06-28T19:09:51.072646+00:00,97.7,200,bid,,,11423595
2026-06-29T05:09:53.126222,2026-06-28T19:09:53.487476+00:00,97.8,3,bid,,,11423631
2026-06-29T05:09:53.126222,2026-06-28T19:09:53.487476+00:00,97.8,1,bid,,,11423632
2026-06-29T05:09:53.126222,2026-06-28T19:09:53.487476+00:00,97.8,196,bid,,,11423633
2026-06-29T05:09:54.296241,2026-06-28T19:09:54.655460+00:00,97.7,500,ask,,,11423652
2026-06-29T05:09:54.340824,2026-06-28T19:09:54.698975+00:00,97.8,3,bid,,,11423654
2026-06-29T05:09:54.915427,2026-06-28T19:09:55.277328+00:00,97.8,197,ask,,,11423668
2026-06-29T05:09:54.915427,2026-06-28T19:09:55.277328+00:00,97.7,125,ask,,,11423669
2026-06-29T05:09:55.550739,2026-06-28T19:09:55.907455+00:00,97.6,200,bid,,,11423679
2026-06-29T05:09:56.665167,2026-06-28T19:09:57.020723+00:00,97.5,1,ask,,,11423695
2026-06-29T05:09:56.665167,2026-06-28T19:09:57.020723+00:00,97.5,19,ask,,,11423696
2026-06-29T05:09:57.980853,2026-06-28T19:09:58.343674+00:00,97.7,200,bid,,,11423719
2026-06-29T05:10:00.376211,2026-06-28T19:10:00.736316+00:00,97.5,200,ask,,,11423765
2026-06-29T05:10:01.610001,2026-06-28T19:10:02.037289+00:00,97.5,200,bid,,,11423788
2026-06-29T05:10:02.089010,2026-06-28T19:10:02.778468+00:00,97.5,20,ask,,,11423793
2026-06-29T05:10:04.600357,2026-06-28T19:10:04.962594+00:00,97.5,200,ask,,,11423841
2026-06-29T05:10:04.600357,2026-06-28T19:10:04.962594+00:00,97.5,300,ask,,,11423842
2026-06-29T05:10:05.196756,2026-06-28T19:10:05.557505+00:00,97.5,325,ask,,,11423852
2026-06-29T05:10:05.617046,2026-06-28T19:10:05.981559+00:00,97.4,200,ask,,,11423856
2026-06-29T05:10:08.270063,2026-06-28T19:10:08.623991+00:00,97.3,1,ask,,,11423909
2026-06-29T05:10:08.270063,2026-06-28T19:10:08.635991+00:00,97.3,200,ask,,,11423910
2026-06-29T05:10:08.890128,2026-06-28T19:10:09.245200+00:00,97.3,200,bid,,,11423923
2026-06-29T05:10:10.714176,2026-06-28T19:10:11.112501+00:00,97.3,20,bid,,,11423962
2026-06-29T05:10:12.535748,2026-06-28T19:10:12.895985+00:00,97.4,200,bid,,,11423994
2026-06-29T05:10:17.376216,2026-06-28T19:10:17.729479+00:00,97.4,200,bid,,,11424065
2026-06-29T05:10:18.587333,2026-06-28T19:10:18.947520+00:00,97.4,200,bid,,,11424091
2026-06-29T05:10:19.797865,2026-06-28T19:10:20.158082+00:00,97.4,200,bid,,,11424111
2026-06-29T05:10:21.009327,2026-06-28T19:10:21.371025+00:00,97.4,200,bid,,,11424132
2026-06-29T05:10:21.362305,2026-06-28T19:10:21.722010+00:00,97.4,300,bid,,,11424138
2026-06-29T05:10:21.564596,2026-06-28T19:10:21.918987+00:00,97.4,325,ask,,,11424141
2026-06-29T05:10:22.219491,2026-06-28T19:10:22.591524+00:00,97.4,200,bid,,,11424148
2026-06-29T05:10:22.676251,2026-06-28T19:10:23.061012+00:00,97.1,4,bid,,,11424156
2026-06-29T05:10:23.065825,2026-06-28T19:10:23.420443+00:00,97.1,1,bid,,,11424170
2026-06-29T05:10:23.427528,2026-06-28T19:10:23.782312+00:00,97.1,200,bid,,,11424182
2026-06-29T05:10:23.877141,2026-06-28T19:10:24.230534+00:00,97.1,1,bid,,,11424187
2026-06-29T05:10:24.086640,2026-06-28T19:10:24.449448+00:00,97.1,1,bid,,,11424189
2026-06-29T05:10:24.295873,2026-06-28T19:10:24.658191+00:00,97.1,1,bid,,,11424193
2026-06-29T05:10:24.636311,2026-06-28T19:10:24.997563+00:00,97.1,200,bid,,,11424200
2026-06-29T05:10:24.705736,2026-06-28T19:10:25.062813+00:00,97.1,1,bid,,,11424203
2026-06-29T05:10:24.918022,2026-06-28T19:10:25.281438+00:00,97.1,2,bid,,,11424211
2026-06-29T05:10:25.845646,2026-06-28T19:10:26.209022+00:00,97.2,200,bid,,,11424231
2026-06-29T05:10:27.923603,2026-06-28T19:10:28.279029+00:00,97.1,200,ask,,,11424278
2026-06-29T05:10:27.923603,2026-06-28T19:10:28.279029+00:00,97.0,1,ask,,,11424279
2026-06-29T05:10:28.132145,2026-06-28T19:10:28.486351+00:00,96.9,25,bid,,,11424282
2026-06-29T05:10:28.261198,2026-06-28T19:10:28.617002+00:00,96.9,200,bid,,,11424285
2026-06-29T05:10:28.346783,2026-06-28T19:10:28.703924+00:00,96.9,25,bid,,,11424291
2026-06-29T05:10:28.558757,2026-06-28T19:10:28.922022+00:00,96.9,25,bid,,,11424293
2026-06-29T05:10:28.769323,2026-06-28T19:10:29.130545+00:00,96.9,25,bid,,,11424303
2026-06-29T05:10:28.917323,2026-06-28T19:10:29.273545+00:00,96.9,20,bid,,,11424307
2026-06-29T05:10:28.977658,2026-06-28T19:10:29.339029+00:00,96.9,3,bid,,,11424311
2026-06-29T05:10:29.482235,2026-06-28T19:10:29.843045+00:00,97.0,200,ask,,,11424317
2026-06-29T05:10:30.692255,2026-06-28T19:10:31.046484+00:00,97.0,3,ask,,,11424337
2026-06-29T05:10:30.692255,2026-06-28T19:10:31.057484+00:00,97.0,197,ask,,,11424338
2026-06-29T05:10:33.157456,2026-06-28T19:10:33.520839+00:00,97.1,500,bid,,,11424393
2026-06-29T05:10:33.683731,2026-06-28T19:10:34.047044+00:00,97.1,125,ask,,,11424405
2026-06-29T05:10:34.467266,2026-06-28T19:10:34.823566+00:00,97.0,200,ask,,,11424424
2026-06-29T05:10:35.526976,2026-06-28T19:10:35.885818+00:00,96.8,200,bid,,,11424442
2026-06-29T05:10:35.875620,2026-06-28T19:10:36.237048+00:00,96.6,20,ask,,,11424445
2026-06-29T05:10:36.736562,2026-06-28T19:10:37.100054+00:00,96.8,200,bid,,,11424460
2026-06-29T05:10:40.675764,2026-06-28T19:10:41.037617+00:00,96.7,1,ask,,,11424547
2026-06-29T05:10:40.675764,2026-06-28T19:10:41.037617+00:00,96.7,19,ask,,,11424548
2026-06-29T05:10:41.209344,2026-06-28T19:10:41.564853+00:00,96.7,25,bid,,,11424563
2026-06-29T05:10:41.585708,2026-06-28T19:10:41.947873+00:00,96.7,200,bid,,,11424570
2026-06-29T05:10:42.415960,2026-06-28T19:10:42.769347+00:00,96.7,25,ask,,,11424587
2026-06-29T05:10:42.626569,2026-06-28T19:10:42.987875+00:00,96.7,25,ask,,,11424596
2026-06-29T05:10:42.837058,2026-06-28T19:10:43.196130+00:00,96.7,25,ask,,,11424602
2026-06-29T05:10:43.046074,2026-06-28T19:10:43.415134+00:00,96.7,25,ask,,,11424604
2026-06-29T05:10:43.258094,2026-06-28T19:10:43.633828+00:00,96.7,3,ask,,,11424610
2026-06-29T05:10:45.244348,2026-06-28T19:10:45.600136+00:00,96.7,200,ask,,,11424651
2026-06-29T05:10:47.006727,2026-06-28T19:10:47.365143+00:00,96.7,500,ask,,,11424678
2026-06-29T05:10:47.575268,2026-06-28T19:10:47.933081+00:00,96.6,3,ask,,,11424686
2026-06-29T05:10:47.575268,2026-06-28T19:10:47.933081+00:00,96.6,200,ask,,,11424687
2026-06-29T05:10:47.659386,2026-06-28T19:10:48.020009+00:00,96.6,200,bid,,,11424691
2026-06-29T05:10:47.680192,2026-06-28T19:10:48.042081+00:00,96.6,25,bid,,,11424695
2026-06-29T05:10:48.731014,2026-06-28T19:10:49.086597+00:00,96.4,20,ask,,,11424711
2026-06-29T05:10:48.884053,2026-06-28T19:10:49.238973+00:00,96.7,200,bid,,,11424716
2026-06-29T05:10:48.884053,2026-06-28T19:10:49.238973+00:00,96.8,425,bid,,,11424717
2026-06-29T05:10:49.488283,2026-06-28T19:10:49.852085+00:00,96.6,1,ask,,,11424723
2026-06-29T05:10:50.098079,2026-06-28T19:10:50.454087+00:00,96.6,25,ask,,,11424737
2026-06-29T05:10:50.307516,2026-06-28T19:10:50.661146+00:00,96.6,25,ask,,,11424743
2026-06-29T05:10:51.528436,2026-06-28T19:10:51.889096+00:00,96.7,20,ask,,,11424768
2026-06-29T05:10:52.814734,2026-06-28T19:10:53.171097+00:00,96.8,200,ask,,,11424785
2026-06-29T05:11:00.664902,2026-06-28T19:11:01.018117+00:00,96.8,200,ask,,,11424923
2026-06-29T05:11:03.131601,2026-06-28T19:11:03.486179+00:00,96.7,20,ask,,,11424966
2026-06-29T05:11:05.705768,2026-06-28T19:11:06.069301+00:00,96.7,20,ask,,,11425011
2026-06-29T05:11:05.825957,2026-06-28T19:11:06.179135+00:00,96.7,200,ask,,,11425013
2026-06-29T05:11:05.946172,2026-06-28T19:11:06.299596+00:00,96.6,1,ask,,,11425016
2026-06-29T05:11:12.457304,2026-06-28T19:11:12.817047+00:00,96.8,200,bid,,,11425151
2026-06-29T05:11:13.368378,2026-06-28T19:11:13.725838+00:00,96.8,4,ask,,,11425167
2026-06-29T05:11:17.955392,2026-06-28T19:11:18.313159+00:00,96.8,200,bid,,,11425278
2026-06-29T05:11:20.337237,2026-06-28T19:11:20.693689+00:00,96.7,200,ask,,,11425326
2026-06-29T05:11:20.370018,2026-06-28T19:11:20.726689+00:00,96.7,200,bid,,,11425329
2026-06-29T05:11:21.645555,2026-06-28T19:11:22.001085+00:00,96.8,200,bid,,,11425352
2026-06-29T05:11:22.365428,2026-06-28T19:11:22.721784+00:00,96.8,20,ask,,,11425365
2026-06-29T05:11:22.787557,2026-06-28T19:11:23.149046+00:00,96.8,200,ask,,,11425378
2026-06-29T05:11:25.913288,2026-06-28T19:11:26.346982+00:00,96.9,20,bid,,,11425442
2026-06-29T05:11:29.512986,2026-06-28T19:11:29.873253+00:00,96.7,200,ask,,,11425511
2026-06-29T05:11:30.037173,2026-06-28T19:11:30.397066+00:00,96.7,200,bid,,,11425524
2026-06-29T05:11:31.247978,2026-06-28T19:11:31.601637+00:00,96.8,200,ask,,,11425553
2026-06-29T05:11:32.460686,2026-06-28T19:11:32.816702+00:00,96.8,200,bid,,,11425581
2026-06-29T05:11:36.072188,2026-06-28T19:11:36.435195+00:00,96.9,200,bid,,,11425646
2026-06-29T05:11:37.301177,2026-06-28T19:11:37.660261+00:00,96.9,200,ask,,,11425668
2026-06-29T05:11:37.845673,2026-06-28T19:11:38.208730+00:00,96.7,20,ask,,,11425681
2026-06-29T05:11:38.509452,2026-06-28T19:11:38.865207+00:00,96.8,200,bid,,,11425697
2026-06-29T05:11:39.911805,2026-06-28T19:11:40.266299+00:00,96.6,2,ask,,,11425722
2026-06-29T05:11:39.911805,2026-06-28T19:11:40.266299+00:00,96.6,18,ask,,,11425723
2026-06-29T05:11:40.938908,2026-06-28T19:11:41.295204+00:00,96.7,200,ask,,,11425732
2026-06-29T05:11:42.100775,2026-06-28T19:11:42.454210+00:00,96.7,500,bid,,,11425757
2026-06-29T05:11:42.638252,2026-06-28T19:11:42.992263+00:00,96.8,200,bid,,,11425762
2026-06-29T05:11:43.127167,2026-06-28T19:11:43.484213+00:00,97.1,20,bid,,,11425777
2026-06-29T05:11:43.362877,2026-06-28T19:11:43.723733+00:00,96.9,200,ask,,,11425781
2026-06-29T05:11:45.782782,2026-06-28T19:11:46.226721+00:00,96.9,1,bid,,,11425830
2026-06-29T05:11:45.782782,2026-06-28T19:11:46.226721+00:00,96.9,199,bid,,,11425831
2026-06-29T05:11:46.997036,2026-06-28T19:11:47.354558+00:00,97.0,200,bid,,,11425859
2026-06-29T05:11:49.216958,2026-06-28T19:11:49.573796+00:00,97.0,200,bid,,,11425902
2026-06-29T05:11:49.433122,2026-06-28T19:11:49.790824+00:00,97.0,200,ask,,,11425907
2026-06-29T05:11:50.526849,2026-06-28T19:11:50.885308+00:00,96.9,500,ask,,,11425931
2026-06-29T05:11:50.640408,2026-06-28T19:11:50.995310+00:00,96.9,125,bid,,,11425937
2026-06-29T05:11:51.832494,2026-06-28T19:11:52.190275+00:00,97.1,200,bid,,,11425961
2026-06-29T05:11:51.853378,2026-06-28T19:11:52.212272+00:00,97.1,200,ask,,,11425965
2026-06-29T05:11:54.451716,2026-06-28T19:11:54.812115+00:00,97.1,1,ask,,,11426016
2026-06-29T05:11:57.916296,2026-06-28T19:11:58.271243+00:00,97.1,200,ask,,,11426079
2026-06-29T05:11:58.002045,2026-06-28T19:11:58.358887+00:00,97.1,20,ask,,,11426081
2026-06-29T05:11:59.127031,2026-06-28T19:11:59.487792+00:00,97.1,200,ask,,,11426104
2026-06-29T05:12:00.333550,2026-06-28T19:12:00.690281+00:00,97.0,200,bid,,,11426123
2026-06-29T05:12:01.541936,2026-06-28T19:12:01.905068+00:00,97.0,200,bid,,,11426152
2026-06-29T05:12:02.750923,2026-06-28T19:12:03.109318+00:00,97.0,200,ask,,,11426182
2026-06-29T05:12:04.349075,2026-06-28T19:12:04.707763+00:00,96.9,20,ask,,,11426213
2026-06-29T05:12:06.246729,2026-06-28T19:12:06.629756+00:00,97.1,200,bid,,,11426248
2026-06-29T05:12:08.790902,2026-06-28T19:12:09.151883+00:00,97.2,1,bid,,,11426292
2026-06-29T05:12:10.008031,2026-06-28T19:12:10.367722+00:00,97.3,5,bid,,,11426316
2026-06-29T05:12:10.008031,2026-06-28T19:12:10.367722+00:00,97.4,1,bid,,,11426317
2026-06-29T05:12:10.008031,2026-06-28T19:12:10.367722+00:00,97.4,194,bid,,,11426318
2026-06-29T05:12:11.222315,2026-06-28T19:12:11.581275+00:00,97.5,200,ask,,,11426339
2026-06-29T05:12:12.430375,2026-06-28T19:12:12.794639+00:00,97.5,200,ask,,,11426371
2026-06-29T05:12:13.502403,2026-06-28T19:12:13.869794+00:00,97.4,3,bid,,,11426387
2026-06-29T05:12:13.710496,2026-06-28T19:12:14.066767+00:00,97.4,3,bid,,,11426398
2026-06-29T05:12:13.919769,2026-06-28T19:12:14.275070+00:00,97.5,25,bid,,,11426405
2026-06-29T05:12:14.129765,2026-06-28T19:12:14.483343+00:00,97.4,4,bid,,,11426410
2026-06-29T05:12:14.853739,2026-06-28T19:12:15.216799+00:00,97.4,3,bid,,,11426423
2026-06-29T05:12:15.437938,2026-06-28T19:12:15.799284+00:00,97.4,197,ask,,,11426438
2026-06-29T05:12:18.550929,2026-06-28T19:12:18.914853+00:00,97.3,25,bid,,,11426491
2026-06-29T05:12:18.762031,2026-06-28T19:12:19.124351+00:00,97.3,25,bid,,,11426497
2026-06-29T05:12:19.773965,2026-06-28T19:12:20.130312+00:00,97.3,25,bid,,,11426520
2026-06-29T05:12:19.984333,2026-06-28T19:12:20.348351+00:00,97.3,25,bid,,,11426524
2026-06-29T05:12:20.200941,2026-06-28T19:12:20.557143+00:00,97.3,25,bid,,,11426532
2026-06-29T05:12:20.908603,2026-06-28T19:12:21.267997+00:00,97.3,200,bid,,,11426552
2026-06-29T05:12:22.126014,2026-06-28T19:12:22.540668+00:00,97.3,200,ask,,,11426582
2026-06-29T05:12:23.333113,2026-06-28T19:12:23.687649+00:00,97.3,200,bid,,,11426608
2026-06-29T05:12:24.625118,2026-06-28T19:12:24.979445+00:00,97.4,200,bid,,,11426637
2026-06-29T05:12:26.964416,2026-06-28T19:12:27.322050+00:00,97.5,2,bid,,,11426671
2026-06-29T05:12:26.964416,2026-06-28T19:12:27.322050+00:00,97.5,198,bid,,,11426672
2026-06-29T05:12:27.247610,2026-06-28T19:12:27.606067+00:00,97.4,1,bid,,,11426676
2026-06-29T05:12:29.396828,2026-06-28T19:12:29.759037+00:00,97.5,1,bid,,,11426716
2026-06-29T05:12:29.396828,2026-06-28T19:12:29.759037+00:00,97.5,199,bid,,,11426717
2026-06-29T05:12:29.887614,2026-06-28T19:12:30.250612+00:00,97.5,500,bid,,,11426726
2026-06-29T05:12:29.887614,2026-06-28T19:12:30.250612+00:00,97.5,2,bid,,,11426727
2026-06-29T05:12:29.945173,2026-06-28T19:12:30.305126+00:00,97.5,123,ask,,,11426728
2026-06-29T05:12:30.609961,2026-06-28T19:12:30.972319+00:00,97.5,200,bid,,,11426742
2026-06-29T05:12:31.821302,2026-06-28T19:12:32.175955+00:00,97.4,3,bid,,,11426763
2026-06-29T05:12:31.821302,2026-06-28T19:12:32.186956+00:00,97.4,197,bid,,,11426764
2026-06-29T05:12:32.427852,2026-06-28T19:12:32.789734+00:00,97.2,25,ask,,,11426782
2026-06-29T05:12:32.654995,2026-06-28T19:12:33.019796+00:00,97.3,25,ask,,,11426787
2026-06-29T05:12:32.990826,2026-06-28T19:12:33.347570+00:00,97.3,500,ask,,,11426796
2026-06-29T05:12:33.034854,2026-06-28T19:12:33.402268+00:00,97.4,4,bid,,,11426797
2026-06-29T05:12:33.034854,2026-06-28T19:12:33.402268+00:00,97.5,196,bid,,,11426798
2026-06-29T05:12:33.065713,2026-06-28T19:12:33.424269+00:00,97.3,25,ask,,,11426800
2026-06-29T05:12:33.276263,2026-06-28T19:12:33.641678+00:00,97.3,25,ask,,,11426803
2026-06-29T05:12:33.486609,2026-06-28T19:12:33.850454+00:00,97.3,25,ask,,,11426805
2026-06-29T05:12:33.592403,2026-06-28T19:12:33.948971+00:00,97.3,25,ask,,,11426810
2026-06-29T05:12:33.825115,2026-06-28T19:12:34.189171+00:00,97.2,475,bid,,,11426817
2026-06-29T05:12:33.897040,2026-06-28T19:12:34.254687+00:00,97.3,25,ask,,,11426820
2026-06-29T05:12:34.193336,2026-06-28T19:12:34.552701+00:00,97.3,125,ask,,,11426825
2026-06-29T05:12:34.247702,2026-06-28T19:12:34.607701+00:00,97.3,200,bid,,,11426827
2026-06-29T05:12:35.457369,2026-06-28T19:12:35.814017+00:00,97.3,1,bid,,,11426859
2026-06-29T05:12:35.457369,2026-06-28T19:12:35.824594+00:00,97.3,199,bid,,,11426860
2026-06-29T05:12:39.098538,2026-06-28T19:12:39.457200+00:00,97.2,200,ask,,,11426935
2026-06-29T05:12:40.375901,2026-06-28T19:12:40.738036+00:00,97.2,200,ask,,,11426952
2026-06-29T05:12:41.500366,2026-06-28T19:12:41.863960+00:00,97.1,20,bid,,,11426966
2026-06-29T05:12:41.511291,2026-06-28T19:12:41.875230+00:00,97.1,200,bid,,,11426967
2026-06-29T05:12:42.997196,2026-06-28T19:12:43.363433+00:00,97.2,200,bid,,,11426990
2026-06-29T05:12:42.997196,2026-06-28T19:12:43.363433+00:00,97.2,26,bid,,,11426991
2026-06-29T05:12:43.576974,2026-06-28T19:12:43.930649+00:00,97.2,20,ask,,,11426998
2026-06-29T05:12:43.902480,2026-06-28T19:12:44.259621+00:00,97.3,16,bid,,,11427001
2026-06-29T05:12:43.902480,2026-06-28T19:12:44.259621+00:00,97.3,4,bid,,,11427002
2026-06-29T05:12:43.931423,2026-06-28T19:12:44.292623+00:00,97.2,200,ask,,,11427004
2026-06-29T05:12:46.937725,2026-06-28T19:12:47.297139+00:00,96.9,11,ask,,,11427059
2026-06-29T05:12:46.937725,2026-06-28T19:12:47.297139+00:00,96.9,200,ask,,,11427060
2026-06-29T05:12:48.115489,2026-06-28T19:12:48.479052+00:00,96.9,414,bid,,,11427083
2026-06-29T05:12:48.115489,2026-06-28T19:12:48.479052+00:00,96.9,86,bid,,,11427084
2026-06-29T05:12:48.137519,2026-06-28T19:12:48.501052+00:00,96.8,9,ask,,,11427086
2026-06-29T05:12:48.245526,2026-06-28T19:12:48.610819+00:00,96.9,114,bid,,,11427089
2026-06-29T05:12:48.774259,2026-06-28T19:12:49.146703+00:00,97.1,200,ask,,,11427103
2026-06-29T05:12:50.865071,2026-06-28T19:12:51.223142+00:00,97.2,200,bid,,,11427137
2026-06-29T05:12:51.191223,2026-06-28T19:12:51.550371+00:00,97.3,3,bid,,,11427148
2026-06-29T05:12:52.175236,2026-06-28T19:12:52.534664+00:00,97.3,197,ask,,,11427171
2026-06-29T05:12:52.185126,2026-06-28T19:12:52.546154+00:00,97.1,25,bid,,,11427174
2026-06-29T05:12:52.393949,2026-06-28T19:12:52.754225+00:00,97.1,25,bid,,,11427180
2026-06-29T05:12:52.401541,2026-06-28T19:12:52.765238+00:00,97.1,200,bid,,,11427182
2026-06-29T05:12:52.603083,2026-06-28T19:12:52.962316+00:00,97.1,3,bid,,,11427186
2026-06-29T05:12:54.613502,2026-06-28T19:12:54.973234+00:00,97.1,25,ask,,,11427220
2026-06-29T05:12:54.828813,2026-06-28T19:12:55.192281+00:00,97.1,25,ask,,,11427225
2026-06-29T05:12:57.243825,2026-06-28T19:12:57.612222+00:00,97.3,4,bid,,,11427257
2026-06-29T05:12:57.243825,2026-06-28T19:12:57.612222+00:00,97.3,196,bid,,,11427258
2026-06-29T05:12:57.442390,2026-06-28T19:12:57.798371+00:00,97.2,4,ask,,,11427260
2026-06-29T05:12:58.455473,2026-06-28T19:12:58.815545+00:00,97.3,5,bid,,,11427278
2026-06-29T05:12:59.669622,2026-06-28T19:13:00.029167+00:00,97.4,1,bid,,,11427303
2026-06-29T05:12:59.669622,2026-06-28T19:13:00.029167+00:00,97.4,199,bid,,,11427304
2026-06-29T05:13:02.092714,2026-06-28T19:13:02.452492+00:00,97.5,2,bid,,,11427354
2026-06-29T05:13:02.092714,2026-06-28T19:13:02.452492+00:00,97.5,1,bid,,,11427355
2026-06-29T05:13:02.092714,2026-06-28T19:13:02.452492+00:00,97.5,197,bid,,,11427356
2026-06-29T05:13:02.874197,2026-06-28T19:13:03.238208+00:00,97.4,25,bid,,,11427372
2026-06-29T05:13:03.087188,2026-06-28T19:13:03.446612+00:00,97.4,25,bid,,,11427381
2026-06-29T05:13:03.296720,2026-06-28T19:13:03.655364+00:00,97.4,25,bid,,,11427384
2026-06-29T05:13:03.505542,2026-06-28T19:13:03.864673+00:00,97.4,25,bid,,,11427388
2026-06-29T05:13:03.982891,2026-06-28T19:13:04.346435+00:00,97.3,200,ask,,,11427403
2026-06-29T05:13:04.115808,2026-06-28T19:13:04.476760+00:00,97.3,25,bid,,,11427407
2026-06-29T05:13:04.326940,2026-06-28T19:13:04.706102+00:00,97.3,25,bid,,,11427413
2026-06-29T05:13:04.508316,2026-06-28T19:13:04.881922+00:00,97.3,200,bid,,,11427416
2026-06-29T05:13:08.748249,2026-06-28T19:13:09.106672+00:00,97.2,20,ask,,,11427500
2026-06-29T05:13:11.856531,2026-06-28T19:13:12.216439+00:00,97.1,1,ask,,,11427567
2026-06-29T05:13:14.195779,2026-06-28T19:13:14.559345+00:00,97.1,200,bid,,,11427612
2026-06-29T05:13:14.499226,2026-06-28T19:13:14.865859+00:00,97.1,20,ask,,,11427622
2026-06-29T05:13:15.556058,2026-06-28T19:13:15.917024+00:00,97.2,25,ask,,,11427643
2026-06-29T05:13:15.768606,2026-06-28T19:13:16.124688+00:00,97.2,25,ask,,,11427651
2026-06-29T05:13:15.978937,2026-06-28T19:13:16.333161+00:00,97.2,25,ask,,,11427654
2026-06-29T05:13:16.187379,2026-06-28T19:13:16.551577+00:00,97.2,25,ask,,,11427659
2026-06-29T05:13:16.403876,2026-06-28T19:13:16.759427+00:00,97.2,25,ask,,,11427665
2026-06-29T05:13:16.626155,2026-06-28T19:13:16.981678+00:00,97.3,1,bid,,,11427677
2026-06-29T05:13:16.626155,2026-06-28T19:13:16.981678+00:00,97.3,24,bid,,,11427678
2026-06-29T05:13:16.837711,2026-06-28T19:13:17.192863+00:00,97.3,24,bid,,,11427684
2026-06-29T05:13:22.084034,2026-06-28T19:13:22.576838+00:00,97.1,1,ask,,,11427775
2026-06-29T05:13:23.641748,2026-06-28T19:13:24.003239+00:00,97.2,200,bid,,,11427815
2026-06-29T05:13:23.880839,2026-06-28T19:13:24.247513+00:00,97.2,200,ask,,,11427823
2026-06-29T05:13:25.092911,2026-06-28T19:13:25.456108+00:00,97.1,4,ask,,,11427853
2026-06-29T05:13:25.092911,2026-06-28T19:13:25.456108+00:00,97.1,196,ask,,,11427854
2026-06-29T05:13:26.259459,2026-06-28T19:13:26.615988+00:00,97.1,5,ask,,,11427868
2026-06-29T05:13:26.469312,2026-06-28T19:13:26.824238+00:00,97.1,25,ask,,,11427874
2026-06-29T05:13:26.679078,2026-06-28T19:13:27.045063+00:00,97.1,25,ask,,,11427884
2026-06-29T05:13:27.574941,2026-06-28T19:13:27.935316+00:00,97.2,200,ask,,,11427902
2026-06-29T05:13:27.695363,2026-06-28T19:13:28.145316+00:00,97.1,4,ask,,,11427904
2026-06-29T05:13:29.931118,2026-06-28T19:13:30.295714+00:00,97.2,200,ask,,,11427956
2026-06-29T05:13:31.136634,2026-06-28T19:13:31.499063+00:00,97.2,200,bid,,,11427972
2026-06-29T05:13:31.908880,2026-06-28T19:13:32.266731+00:00,97.1,20,ask,,,11427988
2026-06-29T05:13:32.811537,2026-06-28T19:13:33.165725+00:00,97.2,200,bid,,,11428004
2026-06-29T05:13:35.975151,2026-06-28T19:13:36.334610+00:00,97.2,200,bid,,,11428073
2026-06-29T05:13:37.181968,2026-06-28T19:13:37.545360+00:00,97.3,6,bid,,,11428098
2026-06-29T05:13:38.072864,2026-06-28T19:13:38.431132+00:00,97.3,194,ask,,,11428118
2026-06-29T05:13:38.122386,2026-06-28T19:13:38.485092+00:00,97.1,1,ask,,,11428119
2026-06-29T05:13:38.351673,2026-06-28T19:13:38.712746+00:00,97.2,20,bid,,,11428124
2026-06-29T05:13:39.579709,2026-06-28T19:13:39.950497+00:00,97.2,500,ask,,,11428142
2026-06-29T05:13:40.178667,2026-06-28T19:13:40.542750+00:00,97.2,125,ask,,,11428152
2026-06-29T05:13:40.819319,2026-06-28T19:13:41.189104+00:00,97.2,200,bid,,,11428172
2026-06-29T05:13:42.029280,2026-06-28T19:13:42.445074+00:00,97.2,200,bid,,,11428202
2026-06-29T05:13:43.238671,2026-06-28T19:13:43.605231+00:00,97.2,200,bid,,,11428225
2026-06-29T05:13:43.544791,2026-06-28T19:13:43.902157+00:00,97.0,1,ask,,,11428229
2026-06-29T05:13:44.449647,2026-06-28T19:13:44.811439+00:00,97.1,200,bid,,,11428253
2026-06-29T05:13:46.157994,2026-06-28T19:13:46.518767+00:00,97.0,6,ask,,,11428285
2026-06-29T05:13:46.770060,2026-06-28T19:13:47.127767+00:00,97.0,6,ask,,,11428291
2026-06-29T05:13:48.089692,2026-06-28T19:13:48.448191+00:00,97.1,200,bid,,,11428343
2026-06-29T05:13:49.299702,2026-06-28T19:13:49.654422+00:00,97.0,3,ask,,,11428375
2026-06-29T05:13:49.868382,2026-06-28T19:13:50.224730+00:00,97.0,197,bid,,,11428383
2026-06-29T05:13:50.509181,2026-06-28T19:13:50.871692+00:00,97.0,200,ask,,,11428401
2026-06-29T05:13:51.184757,2026-06-28T19:13:51.539403+00:00,96.8,1,ask,,,11428416
2026-06-29T05:13:51.184757,2026-06-28T19:13:51.550403+00:00,96.8,19,ask,,,11428417
2026-06-29T05:13:51.723600,2026-06-28T19:13:52.087679+00:00,96.8,200,ask,,,11428430
2026-06-29T05:13:52.392169,2026-06-28T19:13:52.754793+00:00,96.9,1,ask,,,11428442
2026-06-29T05:13:52.936047,2026-06-28T19:13:53.293783+00:00,96.9,9,ask,,,11428451
2026-06-29T05:13:56.411402,2026-06-28T19:13:56.768322+00:00,96.8,2,ask,,,11428527
2026-06-29T05:14:03.828361,2026-06-28T19:14:04.190970+00:00,96.8,200,bid,,,11428680
2026-06-29T05:14:05.569897,2026-06-28T19:14:05.934440+00:00,96.9,200,bid,,,11428720
2026-06-29T05:14:06.244898,2026-06-28T19:14:06.602814+00:00,96.9,200,ask,,,11428729
2026-06-29T05:14:06.881011,2026-06-28T19:14:07.235661+00:00,96.8,500,ask,,,11428744
2026-06-29T05:14:06.881011,2026-06-28T19:14:07.246660+00:00,96.7,1,ask,,,11428745
2026-06-29T05:14:06.881011,2026-06-28T19:14:07.246660+00:00,96.7,8,ask,,,11428746
2026-06-29T05:14:07.405913,2026-06-28T19:14:07.762827+00:00,96.7,116,bid,,,11428752
2026-06-29T05:14:13.430078,2026-06-28T19:14:13.794330+00:00,97.0,1,bid,,,11428871
2026-06-29T05:14:16.050323,2026-06-28T19:14:16.406383+00:00,97.0,200,ask,,,11428923
2026-06-29T05:14:19.586622,2026-06-28T19:14:19.946380+00:00,97.0,200,bid,,,11428981
2026-06-29T05:14:19.989656,2026-06-28T19:14:20.353331+00:00,97.1,1,bid,,,11428994
2026-06-29T05:14:19.989656,2026-06-28T19:14:20.353331+00:00,97.1,1,bid,,,11428995
2026-06-29T05:14:19.989656,2026-06-28T19:14:20.353331+00:00,97.1,18,bid,,,11428996
2026-06-29T05:14:20.754524,2026-06-28T19:14:21.111866+00:00,97.1,20,bid,,,11429005
2026-06-29T05:14:22.601536,2026-06-28T19:14:22.959140+00:00,96.9,500,ask,,,11429066
2026-06-29T05:14:23.088117,2026-06-28T19:14:23.442738+00:00,96.8,1,ask,,,11429076
2026-06-29T05:14:23.088117,2026-06-28T19:14:23.453738+00:00,96.8,19,ask,,,11429077
2026-06-29T05:14:23.915399,2026-06-28T19:14:24.273303+00:00,96.9,200,bid,,,11429103
2026-06-29T05:14:23.915399,2026-06-28T19:14:24.273303+00:00,97.1,3,bid,,,11429104
2026-06-29T05:14:24.433206,2026-06-28T19:14:24.790304+00:00,97.1,200,ask,,,11429118
2026-06-29T05:14:25.512846,2026-06-28T19:14:25.868304+00:00,96.9,20,ask,,,11429127
2026-06-29T05:14:26.204880,2026-06-28T19:14:26.560852+00:00,97.0,20,bid,,,11429146
2026-06-29T05:14:27.674763,2026-06-28T19:14:28.034493+00:00,96.9,20,ask,,,11429193
2026-06-29T05:14:27.838931,2026-06-28T19:14:28.199493+00:00,97.0,200,bid,,,11429194
2026-06-29T05:14:28.681426,2026-06-28T19:14:29.037494+00:00,97.0,20,ask,,,11429208
2026-06-29T05:14:29.154767,2026-06-28T19:14:29.510493+00:00,96.9,200,ask,,,11429217
2026-06-29T05:14:31.770977,2026-06-28T19:14:32.128009+00:00,96.9,200,ask,,,11429277
2026-06-29T05:14:33.085579,2026-06-28T19:14:33.448009+00:00,96.8,200,bid,,,11429306
2026-06-29T05:14:35.332001,2026-06-28T19:14:35.692082+00:00,96.9,200,ask,,,11429350
2026-06-29T05:14:36.321671,2026-06-28T19:14:36.681668+00:00,96.9,1,ask,,,11429376
2026-06-29T05:14:36.540259,2026-06-28T19:14:36.901669+00:00,97.0,200,bid,,,11429381
2026-06-29T05:14:37.751366,2026-06-28T19:14:38.111670+00:00,97.0,200,bid,,,11429400
2026-06-29T05:14:40.153141,2026-06-28T19:14:40.508878+00:00,97.0,1,bid,,,11429458
2026-06-29T05:14:40.153141,2026-06-28T19:14:40.508878+00:00,97.0,19,bid,,,11429459
2026-06-29T05:14:40.939076,2026-06-28T19:14:41.300878+00:00,96.9,200,ask,,,11429481
2026-06-29T05:14:44.866576,2026-06-28T19:14:45.229479+00:00,96.8,200,ask,,,11429550
2026-06-29T05:14:46.257294,2026-06-28T19:14:46.612816+00:00,96.9,200,bid,,,11429582
2026-06-29T05:14:47.517354,2026-06-28T19:14:47.877728+00:00,96.9,200,bid,,,11429600
2026-06-29T05:14:49.812571,2026-06-28T19:14:50.181034+00:00,96.9,20,bid,,,11429643
2026-06-29T05:14:50.401684,2026-06-28T19:14:50.761352+00:00,96.8,500,bid,,,11429653
2026-06-29T05:14:51.095911,2026-06-28T19:14:51.454093+00:00,96.7,2,ask,,,11429669
2026-06-29T05:14:51.095911,2026-06-28T19:14:51.454093+00:00,96.7,198,ask,,,11429670
2026-06-29T05:14:53.929017,2026-06-28T19:14:54.287915+00:00,96.8,20,ask,,,11429752
2026-06-29T05:14:55.395354,2026-06-28T19:14:55.758858+00:00,96.9,200,ask,,,11429780
2026-06-29T05:14:55.940604,2026-06-28T19:14:56.297090+00:00,96.9,200,bid,,,11429790
2026-06-29T05:14:59.568526,2026-06-28T19:14:59.929789+00:00,96.9,200,bid,,,11429855
2026-06-29T05:15:00.780315,2026-06-28T19:15:01.139061+00:00,96.8,200,ask,,,11429873
2026-06-29T05:15:03.202416,2026-06-28T19:15:03.563358+00:00,96.5,200,ask,,,11429911
2026-06-29T05:15:03.252685,2026-06-28T19:15:03.618491+00:00,96.5,1,ask,,,11429912
2026-06-29T05:15:03.752715,2026-06-28T19:15:04.113264+00:00,96.5,500,bid,,,11429923
2026-06-29T05:15:03.953701,2026-06-28T19:15:04.311264+00:00,96.5,20,bid,,,11429932
2026-06-29T05:15:04.348879,2026-06-28T19:15:04.707263+00:00,96.5,104,bid,,,11429937
2026-06-29T05:15:04.558445,2026-06-28T19:15:04.915791+00:00,96.6,11,bid,,,11429947
2026-06-29T05:15:04.558445,2026-06-28T19:15:04.915791+00:00,96.7,200,bid,,,11429948
2026-06-29T05:15:07.243215,2026-06-28T19:15:07.606829+00:00,96.6,1,ask,,,11429990
2026-06-29T05:15:07.243215,2026-06-28T19:15:07.606829+00:00,96.6,19,ask,,,11429991
2026-06-29T05:15:08.486514,2026-06-28T19:15:08.848243+00:00,96.6,500,ask,,,11430015
2026-06-29T05:15:08.562226,2026-06-28T19:15:08.925243+00:00,96.6,125,bid,,,11430018
2026-06-29T05:15:08.970426,2026-06-28T19:15:09.332254+00:00,96.6,20,ask,,,11430029
2026-06-29T05:15:09.799418,2026-06-28T19:15:10.154393+00:00,96.7,200,bid,,,11430044
2026-06-29T05:15:10.453346,2026-06-28T19:15:10.814392+00:00,96.7,200,ask,,,11430055
2026-06-29T05:15:11.144864,2026-06-28T19:15:11.506831+00:00,96.7,500,ask,,,11430072
2026-06-29T05:15:11.601305,2026-06-28T19:15:11.957085+00:00,96.7,125,bid,,,11430083
2026-06-29T05:15:12.887629,2026-06-28T19:15:13.242699+00:00,96.8,2,bid,,,11430110
2026-06-29T05:15:12.887629,2026-06-28T19:15:13.253699+00:00,96.8,198,bid,,,11430111
2026-06-29T05:15:13.031745,2026-06-28T19:15:13.396699+00:00,96.7,20,ask,,,11430119
2026-06-29T05:15:13.762505,2026-06-28T19:15:14.127345+00:00,96.8,11,bid,,,11430133
2026-06-29T05:15:13.762505,2026-06-28T19:15:14.127345+00:00,96.9,1,bid,,,11430134
2026-06-29T05:15:14.100988,2026-06-28T19:15:14.457345+00:00,96.9,200,ask,,,11430138
2026-06-29T05:15:15.307929,2026-06-28T19:15:15.666995+00:00,96.8,200,ask,,,11430175
2026-06-29T05:15:18.338885,2026-06-28T19:15:18.701630+00:00,96.8,20,bid,,,11430229
2026-06-29T05:15:18.874357,2026-06-28T19:15:19.229146+00:00,96.8,500,bid,,,11430242
2026-06-29T05:15:19.001152,2026-06-28T19:15:19.361145+00:00,96.8,200,bid,,,11430247
2026-06-29T05:15:20.133587,2026-06-28T19:15:20.494146+00:00,96.9,200,ask,,,11430273
2026-06-29T05:15:21.342155,2026-06-28T19:15:21.704147+00:00,96.7,200,ask,,,11430295
2026-06-29T05:15:21.928697,2026-06-28T19:15:22.287146+00:00,96.7,20,ask,,,11430309
2026-06-29T05:15:27.424687,2026-06-28T19:15:27.785956+00:00,96.6,2,ask,,,11430456
2026-06-29T05:15:27.424687,2026-06-28T19:15:27.785956+00:00,96.6,198,ask,,,11430457
2026-06-29T05:15:28.632342,2026-06-28T19:15:28.995956+00:00,96.6,200,ask,,,11430474
2026-06-29T05:15:29.491482,2026-06-28T19:15:29.856542+00:00,96.6,2,ask,,,11430502
2026-06-29T05:15:29.491482,2026-06-28T19:15:29.856542+00:00,96.5,1,ask,,,11430503
2026-06-29T05:15:29.491482,2026-06-28T19:15:29.856542+00:00,96.5,500,ask,,,11430504
2026-06-29T05:15:29.777086,2026-06-28T19:15:30.142543+00:00,96.5,122,bid,,,11430505
2026-06-29T05:15:32.109296,2026-06-28T19:15:32.464849+00:00,96.8,200,bid,,,11430546
2026-06-29T05:15:33.458946,2026-06-28T19:15:33.817015+00:00,96.8,200,ask,,,11430577
2026-06-29T05:15:34.732076,2026-06-28T19:15:35.093015+00:00,96.8,200,ask,,,11430604
2026-06-29T05:15:34.732076,2026-06-28T19:15:35.093015+00:00,96.7,1,ask,,,11430605
2026-06-29T05:15:35.834974,2026-06-28T19:15:36.203554+00:00,96.7,424,bid,,,11430618
2026-06-29T05:15:36.040334,2026-06-28T19:15:36.401566+00:00,96.9,200,bid,,,11430623
2026-06-29T05:15:37.086938,2026-06-28T19:15:37.446566+00:00,96.9,200,ask,,,11430645
2026-06-29T05:15:41.933704,2026-06-28T19:15:42.296180+00:00,96.8,200,ask,,,11430754
2026-06-29T05:15:42.367003,2026-06-28T19:15:42.728356+00:00,96.8,20,ask,,,11430758
2026-06-29T05:15:45.586967,2026-06-28T19:15:45.946905+00:00,96.9,200,bid,,,11430832
2026-06-29T05:15:45.610421,2026-06-28T19:15:45.968905+00:00,96.7,1,ask,,,11430833
2026-06-29T05:15:45.610421,2026-06-28T19:15:45.968905+00:00,96.7,19,ask,,,11430834
2026-06-29T05:15:46.153455,2026-06-28T19:15:46.517975+00:00,96.9,20,bid,,,11430844
2026-06-29T05:15:49.172755,2026-06-28T19:15:49.534515+00:00,96.9,200,bid,,,11430902
2026-06-29T05:15:51.789611,2026-06-28T19:15:52.152513+00:00,96.9,200,bid,,,11430953
2026-06-29T05:15:51.789611,2026-06-28T19:15:52.152513+00:00,97.0,2,bid,,,11430954
2026-06-29T05:15:52.854782,2026-06-28T19:15:53.219050+00:00,97.0,200,ask,,,11430988
2026-06-29T05:15:54.061497,2026-06-28T19:15:54.420050+00:00,96.9,200,bid,,,11431009
2026-06-29T05:15:54.612180,2026-06-28T19:15:54.973050+00:00,96.9,500,ask,,,11431018
2026-06-29T05:15:55.206023,2026-06-28T19:15:55.567050+00:00,96.9,125,ask,,,11431037
2026-06-29T05:15:55.276964,2026-06-28T19:15:55.633049+00:00,96.9,200,bid,,,11431041
2026-06-29T05:15:56.486233,2026-06-28T19:15:56.843207+00:00,96.8,200,bid,,,11431069
2026-06-29T05:15:58.254028,2026-06-28T19:15:58.614401+00:00,96.7,500,ask,,,11431101
2026-06-29T05:15:58.378986,2026-06-28T19:15:58.734918+00:00,96.7,200,ask,,,11431102
2026-06-29T05:15:58.903875,2026-06-28T19:15:59.262918+00:00,96.7,200,bid,,,11431110
2026-06-29T05:16:00.115438,2026-06-28T19:16:00.472454+00:00,96.8,200,bid,,,11431145
2026-06-29T05:16:01.329505,2026-06-28T19:16:01.693454+00:00,96.7,20,ask,,,11431181
2026-06-29T05:16:03.051691,2026-06-28T19:16:03.412539+00:00,96.6,1,ask,,,11431229
2026-06-29T05:16:03.051691,2026-06-28T19:16:03.412539+00:00,96.6,1,ask,,,11431230
2026-06-29T05:16:03.051691,2026-06-28T19:16:03.412539+00:00,96.6,18,ask,,,11431231
2026-06-29T05:16:05.512319,2026-06-28T19:16:05.876539+00:00,96.7,200,ask,,,11431291
2026-06-29T05:16:06.243186,2026-06-28T19:16:06.613144+00:00,96.7,500,bid,,,11431305
2026-06-29T05:16:06.243186,2026-06-28T19:16:06.613144+00:00,96.7,1,bid,,,11431306
2026-06-29T05:16:06.243186,2026-06-28T19:16:06.613144+00:00,96.8,124,bid,,,11431307
2026-06-29T05:16:07.346953,2026-06-28T19:16:07.702259+00:00,96.6,1,ask,,,11431318
2026-06-29T05:16:07.346953,2026-06-28T19:16:07.713258+00:00,96.6,19,ask,,,11431319
2026-06-29T05:16:07.552890,2026-06-28T19:16:07.911258+00:00,96.7,200,ask,,,11431328
2026-06-29T05:16:08.578434,2026-06-28T19:16:08.934257+00:00,96.7,200,bid,,,11431335
2026-06-29T05:16:08.862175,2026-06-28T19:16:09.220258+00:00,96.8,500,bid,,,11431345
2026-06-29T05:16:09.122142,2026-06-28T19:16:09.484258+00:00,96.8,125,ask,,,11431349
2026-06-29T05:16:10.171803,2026-06-28T19:16:10.529258+00:00,96.6,1,ask,,,11431365
2026-06-29T05:16:10.171803,2026-06-28T19:16:10.529258+00:00,96.6,200,ask,,,11431366
2026-06-29T05:16:13.418568,2026-06-28T19:16:13.783983+00:00,96.7,200,bid,,,11431419
2026-06-29T05:16:15.833034,2026-06-28T19:16:16.192489+00:00,96.5,1,ask,,,11431479
2026-06-29T05:16:15.833034,2026-06-28T19:16:16.192489+00:00,96.5,1,ask,,,11431480
2026-06-29T05:16:15.833034,2026-06-28T19:16:16.192489+00:00,96.5,198,ask,,,11431481
2026-06-29T05:16:16.719336,2026-06-28T19:16:17.083489+00:00,96.5,9,ask,,,11431500
2026-06-29T05:16:17.041655,2026-06-28T19:16:17.402488+00:00,96.4,200,bid,,,11431508
2026-06-29T05:16:21.886446,2026-06-28T19:16:22.252139+00:00,96.3,2,ask,,,11431606
2026-06-29T05:16:21.886446,2026-06-28T19:16:22.252139+00:00,96.3,1,ask,,,11431607
2026-06-29T05:16:26.735064,2026-06-28T19:16:27.091315+00:00,96.2,7,ask,,,11431699
2026-06-29T05:16:27.191265,2026-06-28T19:16:27.553315+00:00,96.2,193,bid,,,11431710
2026-06-29T05:16:27.941194,2026-06-28T19:16:28.301448+00:00,96.3,200,ask,,,11431733
2026-06-29T05:16:28.031148,2026-06-28T19:16:28.389448+00:00,96.3,20,ask,,,11431734
2026-06-29T05:16:28.541550,2026-06-28T19:16:28.906448+00:00,96.2,1,ask,,,11431757
2026-06-29T05:16:28.541550,2026-06-28T19:16:28.906448+00:00,96.2,3,ask,,,11431758
2026-06-29T05:16:29.146471,2026-06-28T19:16:29.511447+00:00,96.2,200,bid,,,11431767
2026-06-29T05:16:30.356016,2026-06-28T19:16:30.710447+00:00,96.2,200,ask,,,11431793
2026-06-29T05:16:30.783861,2026-06-28T19:16:31.139456+00:00,96.2,20,ask,,,11431799
2026-06-29T05:16:31.157901,2026-06-28T19:16:31.513477+00:00,96.2,9,ask,,,11431811
2026-06-29T05:16:31.299287,2026-06-28T19:16:31.656477+00:00,96.1,25,bid,,,11431815
2026-06-29T05:16:31.509135,2026-06-28T19:16:31.865476+00:00,96.1,25,bid,,,11431822
2026-06-29T05:16:31.562568,2026-06-28T19:16:31.920477+00:00,96.1,200,bid,,,11431823
2026-06-29T05:16:31.719893,2026-06-28T19:16:32.085477+00:00,96.1,4,bid,,,11431832
2026-06-29T05:16:32.781678,2026-06-28T19:16:33.141117+00:00,96.1,200,ask,,,11431865
2026-06-29T05:16:33.785935,2026-06-28T19:16:34.142118+00:00,96.0,3,ask,,,11431877
2026-06-29T05:16:33.992616,2026-06-28T19:16:34.351118+00:00,96.0,200,bid,,,11431881
2026-06-29T05:16:36.132529,2026-06-28T19:16:36.495513+00:00,96.0,25,ask,,,11431921
2026-06-29T05:16:36.341528,2026-06-28T19:16:36.704513+00:00,96.0,25,ask,,,11431928
2026-06-29T05:16:37.634652,2026-06-28T19:16:37.992138+00:00,96.1,200,bid,,,11431957
2026-06-29T05:16:38.274948,2026-06-28T19:16:38.630139+00:00,96.0,20,ask,,,11431966
2026-06-29T05:16:40.066475,2026-06-28T19:16:40.423150+00:00,96.0,200,ask,,,11432004
2026-06-29T05:16:40.362823,2026-06-28T19:16:40.720150+00:00,95.9,2,ask,,,11432010
2026-06-29T05:16:41.674026,2026-06-28T19:16:42.029150+00:00,95.8,1,ask,,,11432029
2026-06-29T05:16:41.674026,2026-06-28T19:16:42.040150+00:00,95.8,500,ask,,,11432030
2026-06-29T05:16:41.674026,2026-06-28T19:16:42.040150+00:00,95.8,124,ask,,,11432031
2026-06-29T05:16:45.186421,2026-06-28T19:16:45.541270+00:00,96.1,20,bid,,,11432088
2026-06-29T05:16:46.512722,2026-06-28T19:16:46.871822+00:00,96.1,20,bid,,,11432118
2026-06-29T05:16:48.533181,2026-06-28T19:16:48.895429+00:00,96.1,200,ask,,,11432161
2026-06-29T05:16:49.261919,2026-06-28T19:16:49.621450+00:00,96.1,20,ask,,,11432179
2026-06-29T05:16:49.741259,2026-06-28T19:16:50.105450+00:00,96.1,200,ask,,,11432199
2026-06-29T05:16:52.159634,2026-06-28T19:16:52.524957+00:00,96.1,200,ask,,,11432238
2026-06-29T05:16:53.223338,2026-06-28T19:16:53.581261+00:00,96.1,20,ask,,,11432256
2026-06-29T05:16:53.372514,2026-06-28T19:16:53.735261+00:00,96.1,200,ask,,,11432264
2026-06-29T05:16:55.790502,2026-06-28T19:16:56.154943+00:00,96.2,200,bid,,,11432320
2026-06-29T05:16:56.369828,2026-06-28T19:16:56.726934+00:00,96.1,500,ask,,,11432327
2026-06-29T05:16:57.378252,2026-06-28T19:16:57.738529+00:00,96.1,200,ask,,,11432347
2026-06-29T05:16:57.378252,2026-06-28T19:16:57.738529+00:00,95.9,3,ask,,,11432348
2026-06-29T05:16:57.414096,2026-06-28T19:16:57.771529+00:00,95.9,25,bid,,,11432352
2026-06-29T05:16:57.629809,2026-06-28T19:16:57.991529+00:00,95.9,19,bid,,,11432360
2026-06-29T05:16:58.208508,2026-06-28T19:16:58.563529+00:00,95.9,200,bid,,,11432376
2026-06-29T05:16:58.836421,2026-06-28T19:16:59.201529+00:00,95.9,25,ask,,,11432386
2026-06-29T05:17:00.018514,2026-06-28T19:17:00.378529+00:00,96.0,500,bid,,,11432424
2026-06-29T05:17:02.420628,2026-06-28T19:17:02.777155+00:00,95.9,200,ask,,,11432466
2026-06-29T05:17:02.647653,2026-06-28T19:17:03.019156+00:00,95.9,300,bid,,,11432473
2026-06-29T05:17:03.024238,2026-06-28T19:17:03.382155+00:00,95.9,325,ask,,,11432478
2026-06-29T05:17:03.956874,2026-06-28T19:17:04.317155+00:00,95.8,2,ask,,,11432504
2026-06-29T05:17:03.956874,2026-06-28T19:17:04.317155+00:00,95.8,200,ask,,,11432505
2026-06-29T05:17:06.573782,2026-06-28T19:17:06.934712+00:00,95.8,500,bid,,,11432562
2026-06-29T05:17:07.881175,2026-06-28T19:17:08.243328+00:00,95.8,125,ask,,,11432591
2026-06-29T05:17:07.896976,2026-06-28T19:17:08.265329+00:00,95.7,4,ask,,,11432592
2026-06-29T05:17:07.896976,2026-06-28T19:17:08.265329+00:00,95.7,200,ask,,,11432593
2026-06-29T05:17:07.915454,2026-06-28T19:17:08.276329+00:00,95.7,200,bid,,,11432594
2026-06-29T05:17:09.207696,2026-06-28T19:17:09.564329+00:00,95.8,200,bid,,,11432622
2026-06-29T05:17:09.873643,2026-06-28T19:17:10.235341+00:00,95.8,1,ask,,,11432631
2026-06-29T05:17:12.777971,2026-06-28T19:17:13.139440+00:00,95.8,200,ask,,,11432690
2026-06-29T05:17:12.956455,2026-06-28T19:17:13.315440+00:00,96.0,20,bid,,,11432695
2026-06-29T05:17:16.696431,2026-06-28T19:17:17.057401+00:00,95.8,5,ask,,,11432759
2026-06-29T05:17:16.905997,2026-06-28T19:17:17.266402+00:00,95.8,5,ask,,,11432764
2026-06-29T05:17:17.612999,2026-06-28T19:17:17.970524+00:00,95.8,200,ask,,,11432782
2026-06-29T05:17:18.322416,2026-06-28T19:17:18.686523+00:00,95.8,9,ask,,,11432799
2026-06-29T05:17:19.683676,2026-06-28T19:17:20.039523+00:00,95.8,200,bid,,,11432824
2026-06-29T05:17:22.303535,2026-06-28T19:17:22.659166+00:00,95.8,200,bid,,,11432893
2026-06-29T05:17:22.453230,2026-06-28T19:17:22.813166+00:00,95.8,200,ask,,,11432897
2026-06-29T05:17:27.299950,2026-06-28T19:17:27.657846+00:00,95.8,200,bid,,,11432985
2026-06-29T05:17:32.142263,2026-06-28T19:17:32.507880+00:00,95.7,200,ask,,,11433085
2026-06-29T05:17:36.164278,2026-06-28T19:17:36.520979+00:00,95.6,1,ask,,,11433157
2026-06-29T05:17:38.200239,2026-06-28T19:17:38.556066+00:00,95.6,200,bid,,,11433205
2026-06-29T05:17:41.830741,2026-06-28T19:17:42.197067+00:00,95.7,200,bid,,,11433268
2026-06-29T05:17:43.304831,2026-06-28T19:17:43.660155+00:00,95.7,200,bid,,,11433292
2026-06-29T05:17:43.304831,2026-06-28T19:17:43.671155+00:00,95.8,10,bid,,,11433293
2026-06-29T05:17:44.247964,2026-06-28T19:17:44.606154+00:00,95.8,200,ask,,,11433319
2026-06-29T05:17:47.232762,2026-06-28T19:17:47.597315+00:00,95.8,500,bid,,,11433369
2026-06-29T05:17:47.232762,2026-06-28T19:17:47.597315+00:00,95.8,125,bid,,,11433370
2026-06-29T05:17:47.897330,2026-06-28T19:17:48.256943+00:00,95.8,200,bid,,,11433387
2026-06-29T05:17:47.997501,2026-06-28T19:17:48.355942+00:00,95.5,2,ask,,,11433389
2026-06-29T05:17:48.833133,2026-06-28T19:17:49.191943+00:00,95.5,6,ask,,,11433408
2026-06-29T05:17:48.833133,2026-06-28T19:17:49.191943+00:00,95.5,14,ask,,,11433409
2026-06-29T05:17:49.104756,2026-06-28T19:17:49.466943+00:00,95.7,200,bid,,,11433410
2026-06-29T05:17:50.279209,2026-06-28T19:17:50.643458+00:00,95.7,20,bid,,,11433429
2026-06-29T05:17:50.311729,2026-06-28T19:17:50.676458+00:00,95.7,200,bid,,,11433430
2026-06-29T05:17:51.519238,2026-06-28T19:17:51.885974+00:00,95.7,200,bid,,,11433446
2026-06-29T05:17:52.392577,2026-06-28T19:17:52.754128+00:00,95.6,20,ask,,,11433463
2026-06-29T05:17:52.491929,2026-06-28T19:17:52.864128+00:00,95.7,500,bid,,,11433467
2026-06-29T05:17:52.677833,2026-06-28T19:17:53.040128+00:00,95.7,125,ask,,,11433471
2026-06-29T05:17:53.944734,2026-06-28T19:17:54.305128+00:00,95.7,200,bid,,,11433496
2026-06-29T05:17:56.467439,2026-06-28T19:17:56.823705+00:00,95.6,200,bid,,,11433534
2026-06-29T05:17:56.467439,2026-06-28T19:17:56.834705+00:00,95.7,4,bid,,,11433535
2026-06-29T05:17:56.467439,2026-06-28T19:17:56.834705+00:00,95.7,421,bid,,,11433536
2026-06-29T05:17:57.780000,2026-06-28T19:17:58.143707+00:00,95.5,6,ask,,,11433558
2026-06-29T05:17:57.780000,2026-06-28T19:17:58.143707+00:00,95.5,200,ask,,,11433559
2026-06-29T05:17:59.091695,2026-06-28T19:17:59.456705+00:00,95.3,9,ask,,,11433590
2026-06-29T05:17:59.091695,2026-06-28T19:17:59.456705+00:00,95.3,200,ask,,,11433591
2026-06-29T05:17:59.997845,2026-06-28T19:18:00.358706+00:00,95.2,7,ask,,,11433607
2026-06-29T05:17:59.997845,2026-06-28T19:18:00.358706+00:00,95.2,193,ask,,,11433608
2026-06-29T05:18:02.067008,2026-06-28T19:18:02.427705+00:00,95.4,20,bid,,,11433655
2026-06-29T05:18:03.027461,2026-06-28T19:18:03.384247+00:00,95.4,200,bid,,,11433671
2026-06-29T05:18:03.628245,2026-06-28T19:18:03.989246+00:00,95.4,200,ask,,,11433682
2026-06-29T05:18:04.834973,2026-06-28T19:18:05.199247+00:00,95.2,4,ask,,,11433702
2026-06-29T05:18:04.834973,2026-06-28T19:18:05.199247+00:00,95.2,196,ask,,,11433703
2026-06-29T05:18:06.054276,2026-06-28T19:18:06.410110+00:00,95.3,4,ask,,,11433724
2026-06-29T05:18:06.953806,2026-06-28T19:18:07.313110+00:00,95.3,196,bid,,,11433743
2026-06-29T05:18:07.266009,2026-06-28T19:18:07.621110+00:00,95.3,200,ask,,,11433747
2026-06-29T05:18:08.476982,2026-06-28T19:18:08.841195+00:00,95.3,200,ask,,,11433775
2026-06-29T05:18:09.014796,2026-06-28T19:18:09.381195+00:00,95.3,20,ask,,,11433781
2026-06-29T05:18:10.531119,2026-06-28T19:18:10.888196+00:00,95.4,20,ask,,,11433816
2026-06-29T05:18:10.883610,2026-06-28T19:18:11.240195+00:00,95.4,180,ask,,,11433823
2026-06-29T05:18:10.894524,2026-06-28T19:18:11.251195+00:00,95.3,200,bid,,,11433825
2026-06-29T05:18:12.104299,2026-06-28T19:18:12.460709+00:00,95.3,200,bid,,,11433847
2026-06-29T05:18:12.192667,2026-06-28T19:18:12.548709+00:00,95.5,2,bid,,,11433850
2026-06-29T05:18:12.192667,2026-06-28T19:18:12.559709+00:00,95.5,200,bid,,,11433851
2026-06-29T05:18:12.838176,2026-06-28T19:18:13.196815+00:00,95.6,20,ask,,,11433859
2026-06-29T05:18:13.313675,2026-06-28T19:18:13.680816+00:00,95.6,200,ask,,,11433870
2026-06-29T05:18:14.523636,2026-06-28T19:18:14.890329+00:00,95.4,200,bid,,,11433893
2026-06-29T05:18:15.734880,2026-06-28T19:18:16.099861+00:00,95.4,200,ask,,,11433911
2026-06-29T05:18:18.166710,2026-06-28T19:18:18.529413+00:00,95.3,200,ask,,,11433959
2026-06-29T05:18:18.758581,2026-06-28T19:18:19.123413+00:00,95.2,2,ask,,,11433971
2026-06-29T05:18:19.376947,2026-06-28T19:18:19.739413+00:00,95.2,200,bid,,,11433978
2026-06-29T05:18:23.006875,2026-06-28T19:18:23.368429+00:00,95.3,200,bid,,,11434036
2026-06-29T05:18:24.514333,2026-06-28T19:18:24.876428+00:00,95.4,20,bid,,,11434065
2026-06-29T05:18:25.425743,2026-06-28T19:18:25.791428+00:00,95.4,200,bid,,,11434085
2026-06-29T05:18:26.632271,2026-06-28T19:18:26.990839+00:00,95.4,200,bid,,,11434108
2026-06-29T05:18:27.094249,2026-06-28T19:18:27.452355+00:00,95.4,20,bid,,,11434116
2026-06-29T05:18:32.688743,2026-06-28T19:18:33.051225+00:00,95.4,200,ask,,,11434244
2026-06-29T05:18:33.895873,2026-06-28T19:18:34.261234+00:00,95.4,200,ask,,,11434265
2026-06-29T05:18:35.787402,2026-06-28T19:18:36.150821+00:00,95.4,200,ask,,,11434307
2026-06-29T05:18:37.927473,2026-06-28T19:18:38.283432+00:00,95.4,20,ask,,,11434357
2026-06-29T05:18:38.751020,2026-06-28T19:18:39.108432+00:00,95.5,200,bid,,,11434375
2026-06-29T05:18:46.119069,2026-06-28T19:18:46.475718+00:00,95.5,20,ask,,,11434450
2026-06-29T05:18:47.233121,2026-06-28T19:18:47.597718+00:00,95.6,200,bid,,,11434470
2026-06-29T05:18:48.439192,2026-06-28T19:18:48.796850+00:00,95.6,9,bid,,,11434494
2026-06-29T05:18:48.439192,2026-06-28T19:18:48.796850+00:00,95.6,191,bid,,,11434495
2026-06-29T05:18:49.646804,2026-06-28T19:18:50.017841+00:00,95.5,200,bid,,,11434522
2026-06-29T05:18:50.431617,2026-06-28T19:18:50.787376+00:00,95.3,2,ask,,,11434533
2026-06-29T05:18:50.431617,2026-06-28T19:18:50.798375+00:00,95.3,18,ask,,,11434534
2026-06-29T05:18:50.854172,2026-06-28T19:18:51.216376+00:00,95.5,200,bid,,,11434542
2026-06-29T05:18:52.028650,2026-06-28T19:18:52.393376+00:00,95.4,20,ask,,,11434579
2026-06-29T05:18:52.835871,2026-06-28T19:18:53.196375+00:00,95.5,200,ask,,,11434595
2026-06-29T05:18:53.274268,2026-06-28T19:18:53.636136+00:00,95.4,200,bid,,,11434600
2026-06-29T05:18:53.852261,2026-06-28T19:18:54.219135+00:00,95.4,225,bid,,,11434614
2026-06-29T05:18:55.710589,2026-06-28T19:18:56.067147+00:00,95.6,4,bid,,,11434655
2026-06-29T05:18:55.710589,2026-06-28T19:18:56.067147+00:00,95.6,196,bid,,,11434656
2026-06-29T05:18:58.135635,2026-06-28T19:18:58.497783+00:00,95.4,200,ask,,,11434700
2026-06-29T05:18:59.342574,2026-06-28T19:18:59.707783+00:00,95.4,200,ask,,,11434722
2026-06-29T05:19:00.554783,2026-06-28T19:19:00.917783+00:00,95.5,200,ask,,,11434746
2026-06-29T05:19:02.019653,2026-06-28T19:19:02.380783+00:00,95.6,8,bid,,,11434770
2026-06-29T05:19:02.019653,2026-06-28T19:19:02.380783+00:00,95.6,200,bid,,,11434771
2026-06-29T05:19:02.038858,2026-06-28T19:19:02.402783+00:00,95.8,20,bid,,,11434772
2026-06-29T05:19:04.645740,2026-06-28T19:19:05.009889+00:00,95.7,2,bid,,,11434828
2026-06-29T05:19:09.025331,2026-06-28T19:19:09.385018+00:00,95.7,200,bid,,,11434899
2026-06-29T05:19:10.236154,2026-06-28T19:19:10.595018+00:00,95.8,1,bid,,,11434926
2026-06-29T05:19:10.236154,2026-06-28T19:19:10.595018+00:00,95.8,199,bid,,,11434927
2026-06-29T05:19:11.231802,2026-06-28T19:19:11.596019+00:00,95.8,7,bid,,,11434955
2026-06-29T05:19:11.447984,2026-06-28T19:19:11.816019+00:00,95.8,200,ask,,,11434959
2026-06-29T05:19:11.802967,2026-06-28T19:19:12.168018+00:00,95.8,20,ask,,,11434962
2026-06-29T05:19:13.734609,2026-06-28T19:19:14.092141+00:00,95.7,20,ask,,,11434997
2026-06-29T05:19:14.908254,2026-06-28T19:19:15.269140+00:00,95.7,20,bid,,,11435022
2026-06-29T05:19:16.280937,2026-06-28T19:19:16.643693+00:00,95.7,200,bid,,,11435042
2026-06-29T05:19:18.062999,2026-06-28T19:19:18.422827+00:00,95.7,20,ask,,,11435069
2026-06-29T05:19:21.140359,2026-06-28T19:19:21.502342+00:00,95.7,200,bid,,,11435109
2026-06-29T05:19:24.333409,2026-06-28T19:19:24.691972+00:00,95.7,200,ask,,,11435149
2026-06-29T05:19:29.561393,2026-06-28T19:19:29.926885+00:00,95.6,200,bid,,,11435229
2026-06-29T05:19:29.621322,2026-06-28T19:19:29.981884+00:00,95.6,300,ask,,,11435232
2026-06-29T05:19:29.625583,2026-06-28T19:19:29.981884+00:00,95.6,200,bid,,,11435233
2026-06-29T05:19:30.183621,2026-06-28T19:19:30.553295+00:00,95.6,125,bid,,,11435236
2026-06-29T05:19:30.841407,2026-06-28T19:19:31.202295+00:00,95.6,200,ask,,,11435258
2026-06-29T05:19:30.927817,2026-06-28T19:19:31.290295+00:00,95.7,1,bid,,,11435259
2026-06-29T05:19:32.048246,2026-06-28T19:19:32.412296+00:00,95.7,200,ask,,,11435271
2026-06-29T05:19:33.254788,2026-06-28T19:19:33.610901+00:00,95.7,1,ask,,,11435282
2026-06-29T05:19:33.254788,2026-06-28T19:19:33.621901+00:00,95.6,199,ask,,,11435283
2026-06-29T05:19:34.461043,2026-06-28T19:19:34.820901+00:00,95.7,200,bid,,,11435300
2026-06-29T05:19:35.022362,2026-06-28T19:19:35.381901+00:00,95.9,20,bid,,,11435306
2026-06-29T05:19:36.162864,2026-06-28T19:19:36.525443+00:00,95.8,200,ask,,,11435322
2026-06-29T05:19:36.876718,2026-06-28T19:19:37.240443+00:00,95.8,200,bid,,,11435335
2026-06-29T05:19:38.752447,2026-06-28T19:19:39.110541+00:00,95.9,20,bid,,,11435372
2026-06-29T05:19:44.010813,2026-06-28T19:19:44.368673+00:00,95.9,1,bid,,,11435446
2026-06-29T05:19:44.010813,2026-06-28T19:19:44.368673+00:00,95.9,200,bid,,,11435447
2026-06-29T05:19:45.431078,2026-06-28T19:19:45.787190+00:00,96.0,2,bid,,,11435475
2026-06-29T05:19:49.271775,2026-06-28T19:19:49.637901+00:00,95.9,20,bid,,,11435551
2026-06-29T05:19:50.585186,2026-06-28T19:19:50.946901+00:00,95.9,200,bid,,,11435569
2026-06-29T05:19:53.205155,2026-06-28T19:19:53.564255+00:00,96.0,1,bid,,,11435607
2026-06-29T05:19:53.205155,2026-06-28T19:19:53.564255+00:00,96.0,200,bid,,,11435608
2026-06-29T05:19:53.205155,2026-06-28T19:19:53.564255+00:00,96.1,424,bid,,,11435609
2026-06-29T05:19:55.059725,2026-06-28T19:19:55.423255+00:00,95.7,200,ask,,,11435641
2026-06-29T05:20:01.057664,2026-06-28T19:20:01.428187+00:00,95.6,1,ask,,,11435747
2026-06-29T05:20:02.338811,2026-06-28T19:20:02.703243+00:00,95.6,200,bid,,,11435764
2026-06-29T05:20:03.677718,2026-06-28T19:20:04.034243+00:00,95.6,200,ask,,,11435792
2026-06-29T05:20:04.757949,2026-06-28T19:20:05.123243+00:00,95.6,200,bid,,,11435807
2026-06-29T05:20:05.969372,2026-06-28T19:20:06.332790+00:00,95.6,200,ask,,,11435836
2026-06-29T05:20:06.292455,2026-06-28T19:20:06.651790+00:00,95.7,500,bid,,,11435842
2026-06-29T05:20:06.523773,2026-06-28T19:20:06.882790+00:00,95.7,125,ask,,,11435845
2026-06-29T05:20:08.981468,2026-06-28T19:20:09.344843+00:00,95.4,20,ask,,,11435893
2026-06-29T05:20:10.221392,2026-06-28T19:20:10.576844+00:00,95.5,200,bid,,,11435918
2026-06-29T05:20:11.532515,2026-06-28T19:20:11.896843+00:00,95.5,200,ask,,,11435952
2026-06-29T05:20:11.532515,2026-06-28T19:20:11.896843+00:00,95.4,2,ask,,,11435953
2026-06-29T05:20:11.532515,2026-06-28T19:20:11.896843+00:00,95.4,1,ask,,,11435954
2026-06-29T05:20:12.046182,2026-06-28T19:20:12.402842+00:00,95.3,20,ask,,,11435964
2026-06-29T05:20:12.842590,2026-06-28T19:20:13.204944+00:00,95.5,200,bid,,,11435979
2026-06-29T05:20:12.842590,2026-06-28T19:20:13.204944+00:00,95.6,425,bid,,,11435980
2026-06-29T05:20:14.570389,2026-06-28T19:20:14.931943+00:00,95.4,20,ask,,,11436008
2026-06-29T05:20:18.062162,2026-06-28T19:20:18.417905+00:00,95.3,1,ask,,,11436068
2026-06-29T05:20:19.276471,2026-06-28T19:20:19.638420+00:00,95.2,1,ask,,,11436101
2026-06-29T05:20:19.276471,2026-06-28T19:20:19.638420+00:00,95.2,199,ask,,,11436102
2026-06-29T05:20:25.320728,2026-06-28T19:20:25.683595+00:00,95.2,200,bid,,,11436232
2026-06-29T05:20:27.054333,2026-06-28T19:20:27.421547+00:00,95.2,20,ask,,,11436266
2026-06-29T05:20:27.744609,2026-06-28T19:20:28.102635+00:00,95.3,200,ask,,,11436274
2026-06-29T05:20:28.951483,2026-06-28T19:20:29.312635+00:00,95.3,200,ask,,,11436299
2026-06-29T05:20:32.585219,2026-06-28T19:20:32.941960+00:00,95.2,200,bid,,,11436381
2026-06-29T05:20:34.121361,2026-06-28T19:20:34.481959+00:00,95.2,20,ask,,,11436412
2026-06-29T05:20:35.015485,2026-06-28T19:20:35.372959+00:00,95.2,200,ask,,,11436426
2026-06-29T05:20:36.414690,2026-06-28T19:20:36.780020+00:00,95.2,200,ask,,,11436464
2026-06-29T05:20:37.438177,2026-06-28T19:20:37.801700+00:00,95.1,1,ask,,,11436481
2026-06-29T05:20:37.722699,2026-06-28T19:20:38.087700+00:00,95.1,199,bid,,,11436484
2026-06-29T05:20:37.895173,2026-06-28T19:20:38.252701+00:00,95.2,20,bid,,,11436486
2026-06-29T05:20:38.649717,2026-06-28T19:20:39.011701+00:00,95.1,200,ask,,,11436504
2026-06-29T05:20:40.341073,2026-06-28T19:20:40.705701+00:00,95.0,4,ask,,,11436541
2026-06-29T05:20:40.341073,2026-06-28T19:20:40.705701+00:00,95.0,200,ask,,,11436542
2026-06-29T05:20:40.626709,2026-06-28T19:20:40.991701+00:00,95.0,20,bid,,,11436548
2026-06-29T05:20:41.064289,2026-06-28T19:20:41.420700+00:00,94.9,1,ask,,,11436566
2026-06-29T05:20:41.064289,2026-06-28T19:20:41.431701+00:00,94.8,199,ask,,,11436567
2026-06-29T05:20:42.271894,2026-06-28T19:20:42.630701+00:00,95.1,200,ask,,,11436590
2026-06-29T05:20:43.484676,2026-06-28T19:20:43.840926+00:00,95.0,200,ask,,,11436612
2026-06-29T05:20:43.786923,2026-06-28T19:20:44.148925+00:00,95.0,20,ask,,,11436615
2026-06-29T05:20:44.265630,2026-06-28T19:20:44.621926+00:00,95.0,9,ask,,,11436623
2026-06-29T05:20:45.205435,2026-06-28T19:20:45.567926+00:00,94.9,8,ask,,,11436632
2026-06-29T05:20:46.882784,2026-06-28T19:20:47.239787+00:00,94.8,200,ask,,,11436677
2026-06-29T05:20:46.882784,2026-06-28T19:20:47.250787+00:00,94.8,7,ask,,,11436678
2026-06-29T05:20:50.813023,2026-06-28T19:20:51.176752+00:00,94.8,200,ask,,,11436748
2026-06-29T05:20:53.368787,2026-06-28T19:20:53.729366+00:00,94.7,1,ask,,,11436788
2026-06-29T05:20:53.368787,2026-06-28T19:20:53.729366+00:00,94.7,19,ask,,,11436789
2026-06-29T05:20:56.039979,2026-06-28T19:20:56.401418+00:00,94.7,20,bid,,,11436849
2026-06-29T05:20:58.672887,2026-06-28T19:20:59.029517+00:00,94.6,1,ask,,,11436904
2026-06-29T05:20:58.672887,2026-06-28T19:20:59.040516+00:00,94.5,200,ask,,,11436905
2026-06-29T05:20:58.672887,2026-06-28T19:20:59.040516+00:00,94.5,424,ask,,,11436906
2026-06-29T05:20:59.817882,2026-06-28T19:21:00.184032+00:00,94.6,200,bid,,,11436925
2026-06-29T05:21:01.291616,2026-06-28T19:21:01.658032+00:00,94.7,200,bid,,,11436958
2026-06-29T05:21:01.709695,2026-06-28T19:21:02.076031+00:00,94.7,200,ask,,,11436965
2026-06-29T05:21:02.601629,2026-06-28T19:21:02.967115+00:00,94.7,500,ask,,,11436991
2026-06-29T05:21:02.601629,2026-06-28T19:21:02.967115+00:00,94.5,125,ask,,,11436992
2026-06-29T05:21:02.923696,2026-06-28T19:21:03.286114+00:00,94.6,200,ask,,,11437000
2026-06-29T05:21:04.590290,2026-06-28T19:21:04.947126+00:00,94.7,20,ask,,,11437027
2026-06-29T05:21:05.219416,2026-06-28T19:21:05.585125+00:00,94.7,180,ask,,,11437031
2026-06-29T05:21:05.219416,2026-06-28T19:21:05.585125+00:00,94.7,445,ask,,,11437032
2026-06-29T05:21:07.761552,2026-06-28T19:21:08.125293+00:00,94.8,200,ask,,,11437069
2026-06-29T05:21:08.985515,2026-06-28T19:21:09.346293+00:00,94.7,20,ask,,,11437096
2026-06-29T05:21:11.381140,2026-06-28T19:21:11.743808+00:00,94.9,11,bid,,,11437140
2026-06-29T05:21:11.381140,2026-06-28T19:21:11.743808+00:00,94.9,189,bid,,,11437141
2026-06-29T05:21:12.033755,2026-06-28T19:21:12.392808+00:00,94.8,20,ask,,,11437156
2026-06-29T05:21:14.408042,2026-06-28T19:21:14.768432+00:00,94.8,200,ask,,,11437199
2026-06-29T05:21:14.408042,2026-06-28T19:21:14.768432+00:00,94.8,425,ask,,,11437200
2026-06-29T05:21:14.974383,2026-06-28T19:21:15.340432+00:00,94.9,8,bid,,,11437218
2026-06-29T05:21:18.337892,2026-06-28T19:21:18.695086+00:00,95.0,200,bid,,,11437291
2026-06-29T05:21:19.654316,2026-06-28T19:21:20.015086+00:00,95.0,200,ask,,,11437316
2026-06-29T05:21:19.654316,2026-06-28T19:21:20.015086+00:00,95.0,425,ask,,,11437317
2026-06-29T05:21:22.272501,2026-06-28T19:21:22.632952+00:00,95.1,1,bid,,,11437364
2026-06-29T05:21:22.301730,2026-06-28T19:21:22.666080+00:00,95.1,200,ask,,,11437370
2026-06-29T05:21:22.462062,2026-06-28T19:21:22.820080+00:00,95.3,1,bid,,,11437375
2026-06-29T05:21:22.462062,2026-06-28T19:21:22.831080+00:00,95.3,19,bid,,,11437376
2026-06-29T05:21:23.614184,2026-06-28T19:21:23.975081+00:00,95.1,200,ask,,,11437398
2026-06-29T05:21:25.929556,2026-06-28T19:21:26.286285+00:00,95.1,200,ask,,,11437417
2026-06-29T05:21:27.140283,2026-06-28T19:21:27.496286+00:00,95.1,200,bid,,,11437432
2026-06-29T05:21:27.911248,2026-06-28T19:21:28.276563+00:00,95.1,20,bid,,,11437441
2026-06-29T05:21:30.768423,2026-06-28T19:21:31.125082+00:00,95.0,200,ask,,,11437479
2026-06-29T05:21:33.182028,2026-06-28T19:21:33.544529+00:00,95.1,200,bid,,,11437517
2026-06-29T05:21:36.811072,2026-06-28T19:21:37.173581+00:00,95.1,7,bid,,,11437596
2026-06-29T05:21:36.811072,2026-06-28T19:21:37.173581+00:00,95.1,193,bid,,,11437597
