timestamp,recv_time,price,volume,aggressor_side,buyer,seller,trade_id
2026-07-05T15:00:00.116879,2026-07-05T15:00:00.121191+00:00,162.9,14,bid,Xuanyu Liu,AverageAlmonds,8443466
2026-07-05T15:00:01.673543,2026-07-05T15:00:01.683264+00:00,162.8,200,ask,WavyWalnuts,AverageAlmonds,8443482
2026-07-05T15:00:01.690133,2026-07-05T15:00:01.694361+00:00,162.8,12,bid,Xuanyu Liu,AverageAlmonds,8443484
2026-07-05T15:00:01.719258,2026-07-05T15:00:01.694361+00:00,162.8,200,bid,WavyWalnuts,AverageAlmonds,8443486
2026-07-05T15:00:03.256450,2026-07-05T15:00:03.260362+00:00,162.7,12,ask,YieldingYams,Xuanyu Liu,8443518
2026-07-05T15:00:03.293038,2026-07-05T15:00:03.313817+00:00,162.8,200,bid,YieldingYams,WavyWalnuts,8443520
2026-07-05T15:00:03.309375,2026-07-05T15:00:03.313817+00:00,162.8,11,ask,YieldingYams,Xuanyu Liu,8443522
2026-07-05T15:00:04.079509,2026-07-05T15:00:04.090253+00:00,162.8,414,ask,YieldingYams,AverageAlmonds,8443532
2026-07-05T15:00:08.952484,2026-07-05T15:00:08.958571+00:00,162.6,20,bid,BrilliantBurritos,YieldingYams,8443606
2026-07-05T15:00:09.854208,2026-07-05T15:00:09.868721+00:00,162.5,200,ask,WavyWalnuts,YieldingYams,8443616
2026-07-05T15:00:16.274821,2026-07-05T15:00:16.284048+00:00,162.6,200,bid,WavyWalnuts,YieldingYams,8443714
2026-07-05T15:00:17.721297,2026-07-05T15:00:17.732412+00:00,162.5,200,ask,WavyWalnuts,YieldingYams,8443738
2026-07-05T15:00:18.688003,2026-07-05T15:00:18.696486+00:00,162.4,200,bid,WavyWalnuts,YieldingYams,8443747
2026-07-05T15:00:19.896919,2026-07-05T15:00:19.905936+00:00,162.5,200,bid,WavyWalnuts,YieldingYams,8443767
2026-07-05T15:00:20.364281,2026-07-05T15:00:20.367986+00:00,162.4,3,ask,YieldingYams,Xuanyu Liu,8443778
2026-07-05T15:00:23.468260,2026-07-05T15:00:23.480252+00:00,162.9,20,bid,BrilliantBurritos,YieldingYams,8443815
2026-07-05T15:00:25.949980,2026-07-05T15:00:25.958584+00:00,162.7,200,bid,WavyWalnuts,AverageAlmonds,8443842
2026-07-05T15:00:26.485621,2026-07-05T15:00:26.495098+00:00,162.6,500,ask,YieldingYams,AverageAlmonds,8443850
2026-07-05T15:00:27.158478,2026-07-05T15:00:27.169140+00:00,162.6,200,bid,WavyWalnuts,AverageAlmonds,8443858
2026-07-05T15:00:28.370985,2026-07-05T15:00:28.381836+00:00,162.6,200,bid,WavyWalnuts,YieldingYams,8443881
2026-07-05T15:00:29.591688,2026-07-05T15:00:29.595563+00:00,162.5,3,ask,WavyWalnuts,Xuanyu Liu,8443897
2026-07-05T15:00:30.805089,2026-07-05T15:00:30.808721+00:00,162.6,11,ask,WavyWalnuts,Xuanyu Liu,8443917
2026-07-05T15:00:34.059060,2026-07-05T15:00:34.070847+00:00,162.8,20,bid,BrilliantBurritos,WavyWalnuts,8443954
2026-07-05T15:00:34.444573,2026-07-05T15:00:34.448428+00:00,162.7,11,bid,Xuanyu Liu,WavyWalnuts,8443968
2026-07-05T15:00:34.736777,2026-07-05T15:00:34.748659+00:00,162.5,20,ask,YieldingYams,BrilliantBurritos,8443971
2026-07-05T15:00:35.635290,2026-07-05T15:00:35.643910+00:00,162.7,200,bid,WavyWalnuts,YieldingYams,8443987
2026-07-05T15:00:36.846792,2026-07-05T15:00:36.854319+00:00,162.6,200,bid,WavyWalnuts,YieldingYams,8444003
2026-07-05T15:00:38.453511,2026-07-05T15:00:38.465554+00:00,162.5,20,ask,YieldingYams,BrilliantBurritos,8444038
2026-07-05T15:00:39.724137,2026-07-05T15:00:39.733420+00:00,162.6,20,bid,BrilliantBurritos,YieldingYams,8444056
2026-07-05T15:00:40.999271,2026-07-05T15:00:41.008988+00:00,162.7,500,bid,AverageAlmonds,YieldingYams,8444079
2026-07-05T15:00:41.342179,2026-07-05T15:00:41.363955+00:00,162.7,200,bid,YieldingYams,WavyWalnuts,8444084
2026-07-05T15:00:41.684645,2026-07-05T15:00:41.695494+00:00,162.8,200,ask,YieldingYams,WavyWalnuts,8444087
2026-07-05T15:00:42.536547,2026-07-05T15:00:42.548627+00:00,162.8,20,ask,YieldingYams,BrilliantBurritos,8444108
2026-07-05T15:00:44.354102,2026-07-05T15:00:44.358210+00:00,162.9,3,bid,Xuanyu Liu,WavyWalnuts,8444137
2026-07-05T15:00:50.144716,2026-07-05T15:00:50.158558+00:00,162.9,200,ask,YieldingYams,WavyWalnuts,8444202
2026-07-05T15:00:52.495287,2026-07-05T15:00:52.505247+00:00,162.8,500,bid,AverageAlmonds,YieldingYams,8444239
2026-07-05T15:00:53.087553,2026-07-05T15:00:53.095373+00:00,162.8,125,bid,AverageAlmonds,YieldingYams,8444252
2026-07-05T15:00:53.087553,2026-07-05T15:00:53.095373+00:00,162.8,200,bid,AverageAlmonds,WavyWalnuts,8444253
2026-07-05T15:00:53.777839,2026-07-05T15:00:53.786101+00:00,162.8,200,ask,YieldingYams,WavyWalnuts,8444266
2026-07-05T15:00:57.413738,2026-07-05T15:00:57.420669+00:00,163.0,200,bid,WavyWalnuts,YieldingYams,8444317
2026-07-05T15:00:59.830108,2026-07-05T15:00:59.841083+00:00,162.9,200,ask,YieldingYams,WavyWalnuts,8444361
2026-07-05T15:01:01.036805,2026-07-05T15:01:01.046549+00:00,162.9,200,bid,WavyWalnuts,YieldingYams,8444378
2026-07-05T15:01:03.411023,2026-07-05T15:01:03.414878+00:00,162.8,26,ask,WavyWalnuts,Xuanyu Liu,8444415
2026-07-05T15:01:03.413719,2026-07-05T15:01:03.430179+00:00,162.8,25,ask,WavyWalnuts,Harold Schneider,8444416
2026-07-05T15:01:04.674866,2026-07-05T15:01:04.682985+00:00,162.9,200,bid,WavyWalnuts,YieldingYams,8444430
2026-07-05T15:01:06.574042,2026-07-05T15:01:06.586206+00:00,162.8,20,ask,YieldingYams,BrilliantBurritos,8444462
2026-07-05T15:01:08.432265,2026-07-05T15:01:08.458646+00:00,162.8,25,ask,YieldingYams,Harold Schneider,8444490
2026-07-05T15:01:12.394923,2026-07-05T15:01:12.406901+00:00,162.9,20,ask,YieldingYams,BrilliantBurritos,8444543
2026-07-05T15:01:12.871488,2026-07-05T15:01:12.875587+00:00,162.9,11,ask,WavyWalnuts,Xuanyu Liu,8444553
2026-07-05T15:01:13.457641,2026-07-05T15:01:13.465743+00:00,162.9,23,ask,YieldingYams,Harold Schneider,8444558
2026-07-05T15:01:13.476142,2026-07-05T15:01:13.485460+00:00,162.9,2,ask,YieldingYams,Harold Schneider,8444560
2026-07-05T15:01:13.481380,2026-07-05T15:01:13.485460+00:00,162.9,10,ask,YieldingYams,Xuanyu Liu,8444561
2026-07-05T15:01:14.621525,2026-07-05T15:01:14.632536+00:00,163.0,20,bid,BrilliantBurritos,YieldingYams,8444582
2026-07-05T15:01:14.901383,2026-07-05T15:01:14.911259+00:00,162.9,200,ask,WavyWalnuts,AverageAlmonds,8444587
2026-07-05T15:01:15.976500,2026-07-05T15:01:15.980999+00:00,162.9,10,bid,Xuanyu Liu,WavyWalnuts,8444598
2026-07-05T15:01:18.528706,2026-07-05T15:01:18.537613+00:00,162.7,2,ask,YieldingYams,Harold Schneider,8444639
2026-07-05T15:01:20.437238,2026-07-05T15:01:20.446314+00:00,162.7,200,ask,YieldingYams,WavyWalnuts,8444677
2026-07-05T15:01:23.545599,2026-07-05T15:01:23.558616+00:00,162.9,2,ask,YieldingYams,Harold Schneider,8444707
2026-07-05T15:01:25.886648,2026-07-05T15:01:25.897862+00:00,162.9,200,bid,YieldingYams,WavyWalnuts,8444735
2026-07-05T15:01:28.504352,2026-07-05T15:01:28.511238+00:00,163.0,200,bid,YieldingYams,WavyWalnuts,8444770
2026-07-05T15:01:30.506362,2026-07-05T15:01:30.517595+00:00,163.0,20,ask,WavyWalnuts,BrilliantBurritos,8444796
2026-07-05T15:01:31.123655,2026-07-05T15:01:31.131555+00:00,163.1,500,bid,YieldingYams,AverageAlmonds,8444809
2026-07-05T15:01:31.218664,2026-07-05T15:01:31.229288+00:00,163.1,125,ask,YieldingYams,AverageAlmonds,8444811
2026-07-05T15:01:32.204091,2026-07-05T15:01:32.219743+00:00,162.9,20,ask,WavyWalnuts,BrilliantBurritos,8444825
2026-07-05T15:01:35.083367,2026-07-05T15:01:35.092633+00:00,163.1,200,bid,YieldingYams,WavyWalnuts,8444862
2026-07-05T15:01:35.589244,2026-07-05T15:01:35.601177+00:00,163.1,20,ask,YieldingYams,BrilliantBurritos,8444867
2026-07-05T15:01:37.704494,2026-07-05T15:01:37.712423+00:00,163.0,200,ask,WavyWalnuts,YieldingYams,8444892
2026-07-05T15:01:37.727128,2026-07-05T15:01:37.731497+00:00,162.9,11,bid,Xuanyu Liu,YieldingYams,8444895
2026-07-05T15:01:38.576602,2026-07-05T15:01:38.585556+00:00,162.9,200,bid,WavyWalnuts,YieldingYams,8444915
2026-07-05T15:01:39.792019,2026-07-05T15:01:39.803198+00:00,163.0,200,bid,WavyWalnuts,YieldingYams,8444936
2026-07-05T15:01:41.338774,2026-07-05T15:01:41.343707+00:00,163.0,23,bid,Xuanyu Liu,WavyWalnuts,8444966
2026-07-05T15:01:42.214516,2026-07-05T15:01:42.221393+00:00,162.9,200,ask,YieldingYams,WavyWalnuts,8444985
2026-07-05T15:01:42.979159,2026-07-05T15:01:42.982963+00:00,162.9,3,bid,Xuanyu Liu,YieldingYams,8445001
2026-07-05T15:01:47.468141,2026-07-05T15:01:47.479813+00:00,163.0,20,bid,BrilliantBurritos,YieldingYams,8445073
2026-07-05T15:01:48.790911,2026-07-05T15:01:48.799960+00:00,163.0,500,ask,YieldingYams,AverageAlmonds,8445097
2026-07-05T15:01:49.384722,2026-07-05T15:01:49.392102+00:00,163.0,125,ask,YieldingYams,AverageAlmonds,8445105
2026-07-05T15:01:50.689214,2026-07-05T15:01:50.699725+00:00,162.9,200,bid,WavyWalnuts,YieldingYams,8445119
2026-07-05T15:01:51.737565,2026-07-05T15:01:51.749371+00:00,163.0,20,bid,BrilliantBurritos,AverageAlmonds,8445141
2026-07-05T15:01:54.321323,2026-07-05T15:01:54.327827+00:00,162.9,200,ask,YieldingYams,WavyWalnuts,8445184
2026-07-05T15:01:58.374509,2026-07-05T15:01:58.386234+00:00,162.9,20,bid,BrilliantBurritos,YieldingYams,8445236
2026-07-05T15:02:03.911215,2026-07-05T15:02:03.918923+00:00,162.6,200,ask,WavyWalnuts,YieldingYams,8445308
2026-07-05T15:02:03.979487,2026-07-05T15:02:03.991306+00:00,162.5,200,bid,WavyWalnuts,YieldingYams,8445312
2026-07-05T15:02:05.235064,2026-07-05T15:02:05.239392+00:00,162.4,3,ask,YieldingYams,Xuanyu Liu,8445331
2026-07-05T15:02:09.817391,2026-07-05T15:02:09.821315+00:00,162.4,23,ask,WavyWalnuts,Xuanyu Liu,8445398
2026-07-05T15:02:12.459017,2026-07-05T15:02:12.470882+00:00,162.5,200,bid,WavyWalnuts,YieldingYams,8445431
2026-07-05T15:02:16.089652,2026-07-05T15:02:16.100685+00:00,162.6,200,bid,WavyWalnuts,YieldingYams,8445482
2026-07-05T15:02:17.307526,2026-07-05T15:02:17.316386+00:00,162.5,200,ask,YieldingYams,WavyWalnuts,8445494
2026-07-05T15:02:19.730922,2026-07-05T15:02:19.740479+00:00,162.6,200,bid,WavyWalnuts,YieldingYams,8445527
2026-07-05T15:02:21.095381,2026-07-05T15:02:21.107112+00:00,162.6,20,bid,BrilliantBurritos,YieldingYams,8445544
2026-07-05T15:02:24.600577,2026-07-05T15:02:24.604228+00:00,162.5,11,ask,WavyWalnuts,Xuanyu Liu,8445599
2026-07-05T15:02:24.873377,2026-07-05T15:02:24.884877+00:00,162.5,189,ask,WavyWalnuts,YieldingYams,8445600
2026-07-05T15:02:25.785544,2026-07-05T15:02:25.794703+00:00,162.5,200,bid,WavyWalnuts,YieldingYams,8445616
2026-07-05T15:02:31.923927,2026-07-05T15:02:31.935462+00:00,162.5,20,bid,BrilliantBurritos,WavyWalnuts,8445685
2026-07-05T15:02:35.353204,2026-07-05T15:02:35.358606+00:00,162.3,200,ask,WavyWalnuts,YieldingYams,8445725
2026-07-05T15:02:35.490400,2026-07-05T15:02:35.499235+00:00,162.3,200,bid,WavyWalnuts,YieldingYams,8445728
2026-07-05T15:02:39.282185,2026-07-05T15:02:39.290888+00:00,162.5,500,bid,YieldingYams,AverageAlmonds,8445781
2026-07-05T15:02:39.282185,2026-07-05T15:02:39.290888+00:00,162.5,125,bid,YieldingYams,WavyWalnuts,8445782
2026-07-05T15:02:40.594094,2026-07-05T15:02:40.605443+00:00,162.3,200,ask,WavyWalnuts,YieldingYams,8445804
2026-07-05T15:02:41.528343,2026-07-05T15:02:41.539880+00:00,162.1,20,ask,YieldingYams,BrilliantBurritos,8445817
2026-07-05T15:02:43.615969,2026-07-05T15:02:43.623723+00:00,162.1,20,bid,BrilliantBurritos,YieldingYams,8445839
2026-07-05T15:02:43.968801,2026-07-05T15:02:43.979120+00:00,162.1,200,bid,WavyWalnuts,YieldingYams,8445845
2026-07-05T15:02:43.984660,2026-07-05T15:02:43.991912+00:00,161.9,20,ask,AverageAlmonds,BrilliantBurritos,8445846
2026-07-05T15:02:47.155714,2026-07-05T15:02:47.152371+00:00,162.0,200,ask,WavyWalnuts,YieldingYams,8445884
2026-07-05T15:02:47.155714,2026-07-05T15:02:47.169122+00:00,162.0,425,ask,AverageAlmonds,YieldingYams,8445885
2026-07-05T15:02:47.709798,2026-07-05T15:02:47.713993+00:00,162.1,34,bid,Xuanyu Liu,WavyWalnuts,8445895
2026-07-05T15:02:48.464470,2026-07-05T15:02:48.473223+00:00,162.1,166,bid,YieldingYams,WavyWalnuts,8445910
2026-07-05T15:02:48.806998,2026-07-05T15:02:48.816331+00:00,162.2,200,ask,YieldingYams,WavyWalnuts,8445919
2026-07-05T15:02:52.435725,2026-07-05T15:02:52.458626+00:00,162.3,200,bid,WavyWalnuts,YieldingYams,8445983
2026-07-05T15:02:53.646115,2026-07-05T15:02:53.658548+00:00,162.3,200,bid,WavyWalnuts,YieldingYams,8446000
2026-07-05T15:02:54.859107,2026-07-05T15:02:54.865933+00:00,162.4,200,bid,WavyWalnuts,YieldingYams,8446022
2026-07-05T15:02:59.350702,2026-07-05T15:02:59.357591+00:00,162.4,20,ask,WavyWalnuts,BrilliantBurritos,8446093
2026-07-05T15:03:00.516565,2026-07-05T15:03:00.528543+00:00,162.3,20,ask,WavyWalnuts,BrilliantBurritos,8446105
2026-07-05T15:03:02.998416,2026-07-05T15:03:03.010398+00:00,162.6,20,bid,BrilliantBurritos,WavyWalnuts,8446143
2026-07-05T15:03:04.570901,2026-07-05T15:03:04.581356+00:00,162.4,200,ask,YieldingYams,WavyWalnuts,8446165
2026-07-05T15:03:05.796825,2026-07-05T15:03:05.800314+00:00,162.5,3,bid,Xuanyu Liu,WavyWalnuts,8446189
2026-07-05T15:03:06.817304,2026-07-05T15:03:06.824102+00:00,162.5,197,bid,YieldingYams,WavyWalnuts,8446209
2026-07-05T15:03:08.127870,2026-07-05T15:03:08.135093+00:00,162.6,200,bid,YieldingYams,WavyWalnuts,8446223
2026-07-05T15:03:09.320539,2026-07-05T15:03:09.331123+00:00,162.7,20,bid,BrilliantBurritos,WavyWalnuts,8446239
2026-07-05T15:03:09.401293,2026-07-05T15:03:09.409417+00:00,162.6,200,ask,YieldingYams,WavyWalnuts,8446240
2026-07-05T15:03:10.607566,2026-07-05T15:03:10.614240+00:00,162.7,200,bid,WavyWalnuts,YieldingYams,8446257
2026-07-05T15:03:11.814787,2026-07-05T15:03:11.823284+00:00,162.6,200,bid,WavyWalnuts,YieldingYams,8446277
2026-07-05T15:03:12.963866,2026-07-05T15:03:12.972069+00:00,162.4,20,ask,YieldingYams,BrilliantBurritos,8446292
2026-07-05T15:03:14.161392,2026-07-05T15:03:14.174253+00:00,162.6,20,bid,BrilliantBurritos,YieldingYams,8446302
2026-07-05T15:03:15.922622,2026-07-05T15:03:15.931229+00:00,162.4,20,ask,YieldingYams,BrilliantBurritos,8446333
2026-07-05T15:03:16.660200,2026-07-05T15:03:16.668738+00:00,162.5,200,ask,YieldingYams,WavyWalnuts,8446349
2026-07-05T15:03:18.472156,2026-07-05T15:03:18.484121+00:00,162.5,20,ask,WavyWalnuts,BrilliantBurritos,8446369
2026-07-05T15:03:20.306146,2026-07-05T15:03:20.309827+00:00,162.7,2,ask,WavyWalnuts,Xuanyu Liu,8446397
2026-07-05T15:03:20.462496,2026-07-05T15:03:20.474249+00:00,162.7,20,ask,WavyWalnuts,BrilliantBurritos,8446399
2026-07-05T15:03:21.249300,2026-07-05T15:03:21.258614+00:00,162.7,178,ask,WavyWalnuts,YieldingYams,8446417
2026-07-05T15:03:21.505932,2026-07-05T15:03:21.513278+00:00,162.6,200,bid,WavyWalnuts,YieldingYams,8446423
2026-07-05T15:03:23.945864,2026-07-05T15:03:23.949902+00:00,162.8,1,ask,WavyWalnuts,Xuanyu Liu,8446454
2026-07-05T15:03:27.581633,2026-07-05T15:03:27.585709+00:00,162.8,11,ask,WavyWalnuts,Xuanyu Liu,8446505
2026-07-05T15:03:32.075082,2026-07-05T15:03:32.079118+00:00,162.7,12,ask,WavyWalnuts,Xuanyu Liu,8446564
2026-07-05T15:03:34.770271,2026-07-05T15:03:34.777606+00:00,162.7,20,ask,WavyWalnuts,BrilliantBurritos,8446603
2026-07-05T15:03:36.968389,2026-07-05T15:03:36.975190+00:00,162.8,20,bid,BrilliantBurritos,WavyWalnuts,8446633
2026-07-05T15:03:38.271504,2026-07-05T15:03:38.280623+00:00,162.8,200,bid,YieldingYams,WavyWalnuts,8446651
2026-07-05T15:03:38.271504,2026-07-05T15:03:38.280623+00:00,162.9,425,bid,YieldingYams,AverageAlmonds,8446652
2026-07-05T15:03:39.033505,2026-07-05T15:03:39.045239+00:00,162.5,20,ask,WavyWalnuts,BrilliantBurritos,8446668
2026-07-05T15:03:40.892151,2026-07-05T15:03:40.900474+00:00,162.6,200,bid,WavyWalnuts,YieldingYams,8446699
2026-07-05T15:03:42.104114,2026-07-05T15:03:42.114589+00:00,162.6,200,bid,WavyWalnuts,YieldingYams,8446719
2026-07-05T15:03:43.547989,2026-07-05T15:03:43.558568+00:00,162.6,200,ask,WavyWalnuts,YieldingYams,8446733
2026-07-05T15:03:44.528136,2026-07-05T15:03:44.536273+00:00,162.5,200,bid,WavyWalnuts,YieldingYams,8446746
2026-07-05T15:03:51.037746,2026-07-05T15:03:51.048486+00:00,162.6,10,ask,YieldingYams,Zhangyue Shen,8446822
2026-07-05T15:03:51.323710,2026-07-05T15:03:51.334610+00:00,162.6,10,ask,YieldingYams,Zhangyue Shen,8446829
2026-07-05T15:03:51.340555,2026-07-05T15:03:51.350307+00:00,162.6,15,ask,YieldingYams,Zhangyue Shen,8446831
2026-07-05T15:03:51.621423,2026-07-05T15:03:51.629289+00:00,162.5,15,ask,WavyWalnuts,Zhangyue Shen,8446835
2026-07-05T15:03:51.887472,2026-07-05T15:03:51.894731+00:00,162.5,15,ask,YieldingYams,Zhangyue Shen,8446840
2026-07-05T15:03:52.717864,2026-07-05T15:03:52.726041+00:00,162.6,500,bid,YieldingYams,AverageAlmonds,8446859
2026-07-05T15:03:52.717864,2026-07-05T15:03:52.731198+00:00,162.7,125,bid,YieldingYams,WavyWalnuts,8446860
2026-07-05T15:03:53.009386,2026-07-05T15:03:53.020080+00:00,162.6,200,bid,WavyWalnuts,AverageAlmonds,8446869
2026-07-05T15:03:54.219177,2026-07-05T15:03:54.230992+00:00,162.5,200,bid,WavyWalnuts,AverageAlmonds,8446884
2026-07-05T15:03:55.344115,2026-07-05T15:03:55.353343+00:00,162.4,500,bid,YieldingYams,AverageAlmonds,8446898
2026-07-05T15:03:55.408114,2026-07-05T15:03:55.412078+00:00,162.4,11,ask,YieldingYams,Xuanyu Liu,8446902
2026-07-05T15:03:55.427731,2026-07-05T15:03:55.438046+00:00,162.6,200,bid,WavyWalnuts,YieldingYams,8446903
2026-07-05T15:03:55.918370,2026-07-05T15:03:55.929489+00:00,162.4,114,ask,YieldingYams,AverageAlmonds,8446906
2026-07-05T15:03:56.634658,2026-07-05T15:03:56.644102+00:00,162.4,200,bid,WavyWalnuts,AverageAlmonds,8446919
2026-07-05T15:03:56.652478,2026-07-05T15:03:56.658600+00:00,162.4,300,bid,YieldingYams,AverageAlmonds,8446920
2026-07-05T15:03:56.979967,2026-07-05T15:03:56.988618+00:00,162.6,2,bid,Zhangyue Shen,YieldingYams,8446927
2026-07-05T15:03:57.154449,2026-07-05T15:03:57.163892+00:00,162.4,325,ask,YieldingYams,AverageAlmonds,8446929
2026-07-05T15:03:57.512876,2026-07-05T15:03:57.521688+00:00,161.3,2,ask,AverageAlmonds,Zhangyue Shen,8446936
2026-07-05T15:03:57.849907,2026-07-05T15:03:57.860165+00:00,162.3,200,bid,WavyWalnuts,AverageAlmonds,8446942
2026-07-05T15:03:59.062170,2026-07-05T15:03:59.073425+00:00,162.2,200,bid,WavyWalnuts,AverageAlmonds,8446962
2026-07-05T15:04:00.276112,2026-07-05T15:04:00.285787+00:00,162.2,200,bid,WavyWalnuts,YieldingYams,8446974
2026-07-05T15:04:01.487291,2026-07-05T15:04:01.498156+00:00,162.3,200,bid,WavyWalnuts,AverageAlmonds,8446996
2026-07-05T15:04:04.201146,2026-07-05T15:04:04.212762+00:00,162.4,20,bid,BrilliantBurritos,YieldingYams,8447041
2026-07-05T15:04:07.171756,2026-07-05T15:04:07.192560+00:00,162.3,200,ask,WavyWalnuts,YieldingYams,8447080
2026-07-05T15:04:07.189075,2026-07-05T15:04:07.192560+00:00,162.3,11,bid,Xuanyu Liu,YieldingYams,8447082
2026-07-05T15:04:09.407369,2026-07-05T15:04:09.416306+00:00,162.4,3,bid,Zhangyue Shen,YieldingYams,8447115
2026-07-05T15:04:10.927246,2026-07-05T15:04:10.938657+00:00,162.2,3,ask,YieldingYams,Zhangyue Shen,8447134
2026-07-05T15:04:10.938694,2026-07-05T15:04:10.958704+00:00,162.2,2,ask,YieldingYams,Zhangyue Shen,8447136
2026-07-05T15:04:11.119665,2026-07-05T15:04:11.123540+00:00,162.3,11,ask,YieldingYams,Xuanyu Liu,8447143
2026-07-05T15:04:13.466912,2026-07-05T15:04:13.478594+00:00,162.6,2,bid,Zhangyue Shen,WavyWalnuts,8447175
2026-07-05T15:04:14.760026,2026-07-05T15:04:14.771838+00:00,162.7,1,bid,Zhangyue Shen,YieldingYams,8447196
2026-07-05T15:04:15.149426,2026-07-05T15:04:15.155957+00:00,162.7,20,bid,BrilliantBurritos,YieldingYams,8447201
2026-07-05T15:04:16.352012,2026-07-05T15:04:16.352215+00:00,162.6,200,ask,WavyWalnuts,YieldingYams,8447226
2026-07-05T15:04:20.063644,2026-07-05T15:04:20.073091+00:00,162.4,20,ask,YieldingYams,BrilliantBurritos,8447271
2026-07-05T15:04:22.117785,2026-07-05T15:04:22.121897+00:00,162.6,10,ask,WavyWalnuts,Xuanyu Liu,8447304
2026-07-05T15:04:22.332275,2026-07-05T15:04:22.338878+00:00,162.7,20,bid,BrilliantBurritos,YieldingYams,8447307
2026-07-05T15:04:22.700818,2026-07-05T15:04:22.705069+00:00,162.7,21,bid,Xuanyu Liu,YieldingYams,8447322
2026-07-05T15:04:22.901067,2026-07-05T15:04:22.911324+00:00,162.6,190,ask,WavyWalnuts,YieldingYams,8447326
2026-07-05T15:04:25.735044,2026-07-05T15:04:25.742494+00:00,162.7,200,bid,WavyWalnuts,YieldingYams,8447362
2026-07-05T15:04:31.666874,2026-07-05T15:04:31.674443+00:00,162.6,200,ask,WavyWalnuts,AverageAlmonds,8447443
2026-07-05T15:04:32.186695,2026-07-05T15:04:32.198766+00:00,162.6,20,bid,BrilliantBurritos,AverageAlmonds,8447456
2026-07-05T15:04:32.993470,2026-07-05T15:04:33.005250+00:00,162.6,200,bid,WavyWalnuts,AverageAlmonds,8447466
2026-07-05T15:04:33.377745,2026-07-05T15:04:33.384956+00:00,162.6,300,bid,YieldingYams,AverageAlmonds,8447468
2026-07-05T15:04:33.397302,2026-07-05T15:04:33.401011+00:00,162.6,11,ask,YieldingYams,Xuanyu Liu,8447471
2026-07-05T15:04:33.495929,2026-07-05T15:04:33.505604+00:00,162.6,314,ask,YieldingYams,AverageAlmonds,8447473
2026-07-05T15:04:34.728000,2026-07-05T15:04:34.740205+00:00,162.5,200,ask,WavyWalnuts,YieldingYams,8447488
2026-07-05T15:04:36.577546,2026-07-05T15:04:36.593058+00:00,162.2,20,ask,WavyWalnuts,BrilliantBurritos,8447514
2026-07-05T15:04:37.267580,2026-07-05T15:04:37.279527+00:00,162.2,20,ask,YieldingYams,BrilliantBurritos,8447530
2026-07-05T15:04:42.536813,2026-07-05T15:04:42.549045+00:00,162.2,20,bid,BrilliantBurritos,WavyWalnuts,8447602
2026-07-05T15:04:42.592716,2026-07-05T15:04:42.600189+00:00,162.2,180,bid,YieldingYams,WavyWalnuts,8447604
2026-07-05T15:04:44.877653,2026-07-05T15:04:44.881410+00:00,162.4,23,bid,Xuanyu Liu,WavyWalnuts,8447638
2026-07-05T15:04:45.130053,2026-07-05T15:04:45.138779+00:00,162.2,200,ask,YieldingYams,WavyWalnuts,8447645
2026-07-05T15:04:45.233022,2026-07-05T15:04:45.236873+00:00,162.3,11,bid,Xuanyu Liu,YieldingYams,8447649
2026-07-05T15:04:47.512229,2026-07-05T15:04:47.568774+00:00,162.2,20,ask,WavyWalnuts,BrilliantBurritos,8447679
2026-07-05T15:04:47.837508,2026-07-05T15:04:47.857066+00:00,162.2,200,ask,WavyWalnuts,YieldingYams,8447687
2026-07-05T15:04:47.853051,2026-07-05T15:04:47.857066+00:00,162.2,3,bid,Xuanyu Liu,YieldingYams,8447689
2026-07-05T15:04:48.763256,2026-07-05T15:04:48.774713+00:00,162.2,200,bid,WavyWalnuts,YieldingYams,8447710
2026-07-05T15:04:54.381874,2026-07-05T15:04:54.389470+00:00,162.4,200,bid,YieldingYams,WavyWalnuts,8447793
2026-07-05T15:04:54.461496,2026-07-05T15:04:54.473233+00:00,162.4,20,ask,YieldingYams,BrilliantBurritos,8447794
2026-07-05T15:04:56.033959,2026-07-05T15:04:56.044557+00:00,162.3,200,ask,YieldingYams,WavyWalnuts,8447809
2026-07-05T15:05:02.214309,2026-07-05T15:05:02.221217+00:00,162.3,20,bid,BrilliantBurritos,YieldingYams,8447889
2026-07-05T15:05:03.297018,2026-07-05T15:05:03.308769+00:00,162.2,200,ask,YieldingYams,WavyWalnuts,8447909
2026-07-05T15:05:06.208772,2026-07-05T15:05:06.216263+00:00,162.3,500,ask,AverageAlmonds,YieldingYams,8447963
2026-07-05T15:05:07.519780,2026-07-05T15:05:07.531603+00:00,162.3,200,bid,YieldingYams,WavyWalnuts,8447984
2026-07-05T15:05:08.140490,2026-07-05T15:05:08.150997+00:00,162.4,200,ask,YieldingYams,WavyWalnuts,8447992
2026-07-05T15:05:11.445569,2026-07-05T15:05:11.464317+00:00,162.3,200,bid,YieldingYams,WavyWalnuts,8448051
2026-07-05T15:05:11.768866,2026-07-05T15:05:11.779813+00:00,162.3,200,ask,YieldingYams,WavyWalnuts,8448057
2026-07-05T15:05:17.999085,2026-07-05T15:05:18.008555+00:00,162.1,200,bid,YieldingYams,WavyWalnuts,8448143
2026-07-05T15:05:19.034791,2026-07-05T15:05:19.044705+00:00,162.1,200,ask,YieldingYams,WavyWalnuts,8448154
2026-07-05T15:05:20.379669,2026-07-05T15:05:20.395459+00:00,162.1,20,ask,AverageAlmonds,BrilliantBurritos,8448176
2026-07-05T15:05:20.623435,2026-07-05T15:05:20.630849+00:00,162.1,480,ask,AverageAlmonds,YieldingYams,8448179
2026-07-05T15:05:20.686687,2026-07-05T15:05:20.694029+00:00,162.1,145,bid,AverageAlmonds,YieldingYams,8448180
2026-07-05T15:05:22.526000,2026-07-05T15:05:22.536593+00:00,162.2,200,bid,AverageAlmonds,WavyWalnuts,8448207
2026-07-05T15:05:22.864906,2026-07-05T15:05:22.872284+00:00,162.2,20,ask,AverageAlmonds,BrilliantBurritos,8448215
2026-07-05T15:05:23.132725,2026-07-05T15:05:23.141600+00:00,162.3,200,bid,AverageAlmonds,WavyWalnuts,8448221
2026-07-05T15:05:23.132725,2026-07-05T15:05:23.141600+00:00,162.4,300,bid,AverageAlmonds,YieldingYams,8448222
2026-07-05T15:05:23.273661,2026-07-05T15:05:23.277417+00:00,162.5,14,ask,YieldingYams,Xuanyu Liu,8448230
2026-07-05T15:05:23.886508,2026-07-05T15:05:23.897112+00:00,162.5,200,ask,YieldingYams,WavyWalnuts,8448240
2026-07-05T15:05:25.095923,2026-07-05T15:05:25.107456+00:00,162.5,200,ask,AverageAlmonds,WavyWalnuts,8448258
2026-07-05T15:05:26.014716,2026-07-05T15:05:26.019100+00:00,162.7,11,bid,Xuanyu Liu,YieldingYams,8448269
2026-07-05T15:05:26.330594,2026-07-05T15:05:26.334390+00:00,162.6,3,bid,Xuanyu Liu,WavyWalnuts,8448279
2026-07-05T15:05:27.205933,2026-07-05T15:05:27.212736+00:00,162.6,197,bid,YieldingYams,WavyWalnuts,8448292
2026-07-05T15:05:27.516639,2026-07-05T15:05:27.523614+00:00,162.6,200,ask,YieldingYams,WavyWalnuts,8448305
2026-07-05T15:05:28.729159,2026-07-05T15:05:28.738381+00:00,162.6,200,ask,AverageAlmonds,WavyWalnuts,8448323
2026-07-05T15:05:29.186760,2026-07-05T15:05:29.193711+00:00,162.7,500,bid,AverageAlmonds,YieldingYams,8448326
2026-07-05T15:05:29.781632,2026-07-05T15:05:29.791648+00:00,162.7,125,bid,AverageAlmonds,YieldingYams,8448338
2026-07-05T15:05:29.836246,2026-07-05T15:05:29.839636+00:00,162.8,3,ask,YieldingYams,Xuanyu Liu,8448342
2026-07-05T15:05:29.940326,2026-07-05T15:05:29.951276+00:00,162.8,200,ask,YieldingYams,WavyWalnuts,8448346
2026-07-05T15:05:31.150290,2026-07-05T15:05:31.151091+00:00,162.9,200,ask,AverageAlmonds,WavyWalnuts,8448370
2026-07-05T15:05:31.598279,2026-07-05T15:05:31.610202+00:00,163.0,500,bid,AverageAlmonds,YieldingYams,8448379
2026-07-05T15:05:32.193281,2026-07-05T15:05:32.201753+00:00,163.0,125,bid,AverageAlmonds,YieldingYams,8448386
2026-07-05T15:05:32.360577,2026-07-05T15:05:32.371763+00:00,163.0,200,ask,AverageAlmonds,WavyWalnuts,8448388
2026-07-05T15:05:32.471017,2026-07-05T15:05:32.475355+00:00,163.3,6,bid,Xuanyu Liu,YieldingYams,8448390
2026-07-05T15:05:33.569768,2026-07-05T15:05:33.581250+00:00,163.1,200,ask,YieldingYams,WavyWalnuts,8448406
2026-07-05T15:05:34.777916,2026-07-05T15:05:34.789031+00:00,163.1,200,ask,AverageAlmonds,WavyWalnuts,8448421
2026-07-05T15:05:35.551489,2026-07-05T15:05:35.555867+00:00,163.2,3,ask,AverageAlmonds,Xuanyu Liu,8448439
2026-07-05T15:05:35.987352,2026-07-05T15:05:35.994686+00:00,163.2,200,ask,AverageAlmonds,WavyWalnuts,8448446
2026-07-05T15:05:37.203136,2026-07-05T15:05:37.211229+00:00,163.1,200,ask,AverageAlmonds,WavyWalnuts,8448465
2026-07-05T15:05:38.412627,2026-07-05T15:05:38.420300+00:00,163.2,200,ask,AverageAlmonds,WavyWalnuts,8448476
2026-07-05T15:05:39.455107,2026-07-05T15:05:39.463596+00:00,163.3,500,bid,AverageAlmonds,YieldingYams,8448494
2026-07-05T15:05:40.080942,2026-07-05T15:05:40.092673+00:00,163.3,125,bid,AverageAlmonds,YieldingYams,8448511
2026-07-05T15:05:40.316500,2026-07-05T15:05:40.320667+00:00,163.4,3,ask,YieldingYams,Xuanyu Liu,8448514
2026-07-05T15:05:41.611084,2026-07-05T15:05:41.631862+00:00,163.5,200,bid,YieldingYams,WavyWalnuts,8448529
2026-07-05T15:05:41.627238,2026-07-05T15:05:41.631862+00:00,163.5,11,ask,YieldingYams,Xuanyu Liu,8448531
2026-07-05T15:05:41.878023,2026-07-05T15:05:41.882152+00:00,163.7,11,bid,Xuanyu Liu,YieldingYams,8448542
2026-07-05T15:05:42.982652,2026-07-05T15:05:42.986925+00:00,163.5,3,bid,Xuanyu Liu,YieldingYams,8448565
2026-07-05T15:05:43.250449,2026-07-05T15:05:43.258596+00:00,163.5,200,bid,WavyWalnuts,YieldingYams,8448571
2026-07-05T15:05:43.702578,2026-07-05T15:05:43.709197+00:00,163.5,422,bid,AverageAlmonds,YieldingYams,8448575
2026-07-05T15:05:46.853688,2026-07-05T15:05:46.867955+00:00,163.6,200,bid,YieldingYams,WavyWalnuts,8448630
2026-07-05T15:05:46.864087,2026-07-05T15:05:46.867955+00:00,163.6,3,ask,YieldingYams,Xuanyu Liu,8448632
2026-07-05T15:05:48.859103,2026-07-05T15:05:48.868552+00:00,163.7,20,ask,YieldingYams,BrilliantBurritos,8448661
2026-07-05T15:05:52.367319,2026-07-05T15:05:52.379237+00:00,163.7,20,ask,YieldingYams,BrilliantBurritos,8448712
2026-07-05T15:05:54.738088,2026-07-05T15:05:54.745377+00:00,163.7,200,bid,YieldingYams,WavyWalnuts,8448745
2026-07-05T15:05:57.798074,2026-07-05T15:05:57.806088+00:00,163.6,200,ask,YieldingYams,WavyWalnuts,8448789
2026-07-05T15:05:58.833616,2026-07-05T15:05:58.837307+00:00,163.6,11,ask,YieldingYams,Xuanyu Liu,8448809
2026-07-05T15:05:59.008385,2026-07-05T15:05:59.014924+00:00,163.6,200,ask,YieldingYams,WavyWalnuts,8448819
2026-07-05T15:06:01.428883,2026-07-05T15:06:01.436759+00:00,163.5,200,bid,WavyWalnuts,YieldingYams,8448856
2026-07-05T15:06:02.014057,2026-07-05T15:06:02.017880+00:00,163.4,23,ask,AverageAlmonds,Xuanyu Liu,8448861
2026-07-05T15:06:02.098079,2026-07-05T15:06:02.109817+00:00,163.4,20,ask,AverageAlmonds,BrilliantBurritos,8448863
2026-07-05T15:06:02.645409,2026-07-05T15:06:02.652923+00:00,163.5,200,bid,WavyWalnuts,YieldingYams,8448879
2026-07-05T15:06:03.081106,2026-07-05T15:06:03.118186+00:00,163.5,425,bid,AverageAlmonds,YieldingYams,8448887
2026-07-05T15:06:03.113425,2026-07-05T15:06:03.118186+00:00,163.5,12,ask,AverageAlmonds,Xuanyu Liu,8448890
2026-07-05T15:06:03.858815,2026-07-05T15:06:03.869029+00:00,163.5,200,ask,AverageAlmonds,WavyWalnuts,8448900
2026-07-05T15:06:03.938471,2026-07-05T15:06:03.942948+00:00,163.7,22,ask,YieldingYams,Xuanyu Liu,8448902
2026-07-05T15:06:05.068726,2026-07-05T15:06:05.079449+00:00,163.7,200,ask,YieldingYams,WavyWalnuts,8448914
2026-07-05T15:06:06.299389,2026-07-05T15:06:06.303332+00:00,163.7,11,bid,Xuanyu Liu,WavyWalnuts,8448936
2026-07-05T15:06:06.930363,2026-07-05T15:06:06.942509+00:00,163.6,20,ask,AverageAlmonds,BrilliantBurritos,8448939
2026-07-05T15:06:08.528458,2026-07-05T15:06:08.535411+00:00,163.7,200,bid,AverageAlmonds,WavyWalnuts,8448962
2026-07-05T15:06:09.918768,2026-07-05T15:06:09.927020+00:00,163.7,200,ask,YieldingYams,WavyWalnuts,8448987
2026-07-05T15:06:10.468572,2026-07-05T15:06:10.479218+00:00,163.8,500,ask,AverageAlmonds,YieldingYams,8448994
2026-07-05T15:06:10.485637,2026-07-05T15:06:10.489709+00:00,163.8,23,bid,Xuanyu Liu,YieldingYams,8448996
2026-07-05T15:06:10.957312,2026-07-05T15:06:10.969127+00:00,163.8,102,bid,AverageAlmonds,YieldingYams,8449007
2026-07-05T15:06:11.128065,2026-07-05T15:06:11.135191+00:00,163.8,200,ask,AverageAlmonds,WavyWalnuts,8449009
2026-07-05T15:06:12.339117,2026-07-05T15:06:12.349835+00:00,164.0,200,ask,YieldingYams,WavyWalnuts,8449029
2026-07-05T15:06:13.555382,2026-07-05T15:06:13.563877+00:00,163.9,200,ask,YieldingYams,WavyWalnuts,8449053
2026-07-05T15:06:14.413176,2026-07-05T15:06:14.417076+00:00,164.0,11,bid,Xuanyu Liu,YieldingYams,8449066
2026-07-05T15:06:15.974952,2026-07-05T15:06:15.983876+00:00,163.9,200,ask,YieldingYams,WavyWalnuts,8449083
2026-07-05T15:06:17.202174,2026-07-05T15:06:17.206593+00:00,163.9,12,bid,Xuanyu Liu,WavyWalnuts,8449101
2026-07-05T15:06:18.235646,2026-07-05T15:06:18.247313+00:00,163.9,188,bid,AverageAlmonds,WavyWalnuts,8449116
2026-07-05T15:06:18.946228,2026-07-05T15:06:18.958597+00:00,164.0,20,ask,AverageAlmonds,BrilliantBurritos,8449126
2026-07-05T15:06:19.629056,2026-07-05T15:06:19.638763+00:00,164.0,200,bid,YieldingYams,WavyWalnuts,8449137
2026-07-05T15:06:19.753508,2026-07-05T15:06:19.758610+00:00,164.2,20,bid,BrilliantBurritos,YieldingYams,8449140
2026-07-05T15:06:20.817963,2026-07-05T15:06:20.826660+00:00,164.0,200,ask,YieldingYams,WavyWalnuts,8449158
2026-07-05T15:06:20.946552,2026-07-05T15:06:20.950320+00:00,164.1,11,bid,Xuanyu Liu,YieldingYams,8449161
2026-07-05T15:06:20.956378,2026-07-05T15:06:20.960094+00:00,164.1,3,bid,Xuanyu Liu,YieldingYams,8449163
2026-07-05T15:06:28.154539,2026-07-05T15:06:28.166305+00:00,164.0,20,bid,BrilliantBurritos,WavyWalnuts,8449262
2026-07-05T15:06:28.795837,2026-07-05T15:06:28.803944+00:00,164.0,180,bid,YieldingYams,WavyWalnuts,8449277
2026-07-05T15:06:29.292668,2026-07-05T15:06:29.303593+00:00,164.0,200,ask,YieldingYams,WavyWalnuts,8449280
2026-07-05T15:06:32.922021,2026-07-05T15:06:32.933037+00:00,163.9,200,ask,AverageAlmonds,WavyWalnuts,8449335
2026-07-05T15:06:34.035077,2026-07-05T15:06:34.045312+00:00,163.9,500,ask,AverageAlmonds,YieldingYams,8449343
2026-07-05T15:06:34.576681,2026-07-05T15:06:34.585513+00:00,163.9,125,bid,AverageAlmonds,YieldingYams,8449344
2026-07-05T15:06:34.576681,2026-07-05T15:06:34.585513+00:00,163.9,200,bid,AverageAlmonds,WavyWalnuts,8449345
2026-07-05T15:06:35.342962,2026-07-05T15:06:35.352511+00:00,164.0,200,bid,YieldingYams,WavyWalnuts,8449365
2026-07-05T15:06:35.360113,2026-07-05T15:06:35.363950+00:00,164.0,3,ask,YieldingYams,Xuanyu Liu,8449367
2026-07-05T15:06:35.871049,2026-07-05T15:06:35.879854+00:00,164.3,20,bid,BrilliantBurritos,YieldingYams,8449374
2026-07-05T15:06:36.564718,2026-07-05T15:06:36.568662+00:00,164.2,3,bid,Xuanyu Liu,WavyWalnuts,8449386
2026-07-05T15:06:37.755082,2026-07-05T15:06:37.776395+00:00,164.1,200,bid,WavyWalnuts,YieldingYams,8449417
2026-07-05T15:06:39.614671,2026-07-05T15:06:39.626519+00:00,164.3,20,bid,BrilliantBurritos,WavyWalnuts,8449440
2026-07-05T15:06:45.820345,2026-07-05T15:06:45.831025+00:00,164.4,200,ask,WavyWalnuts,YieldingYams,8449530
2026-07-05T15:06:48.436357,2026-07-05T15:06:48.444023+00:00,164.4,500,bid,YieldingYams,AverageAlmonds,8449573
2026-07-05T15:06:48.436357,2026-07-05T15:06:48.458886+00:00,164.5,125,bid,YieldingYams,WavyWalnuts,8449574
2026-07-05T15:06:48.513088,2026-07-05T15:06:48.517298+00:00,164.3,3,bid,Xuanyu Liu,AverageAlmonds,8449576
2026-07-05T15:06:48.658854,2026-07-05T15:06:48.668864+00:00,164.3,200,bid,WavyWalnuts,AverageAlmonds,8449581
2026-07-05T15:06:50.915113,2026-07-05T15:06:50.923155+00:00,164.3,200,ask,WavyWalnuts,AverageAlmonds,8449614
2026-07-05T15:06:51.077331,2026-07-05T15:06:51.087150+00:00,164.3,200,bid,WavyWalnuts,AverageAlmonds,8449620
2026-07-05T15:06:53.543570,2026-07-05T15:06:53.558663+00:00,164.2,20,bid,BrilliantBurritos,YieldingYams,8449651
2026-07-05T15:06:54.135023,2026-07-05T15:06:54.146657+00:00,164.2,25,bid,Harold Schneider,YieldingYams,8449666
2026-07-05T15:06:54.160124,2026-07-05T15:06:54.163885+00:00,164.2,10,bid,Xuanyu Liu,YieldingYams,8449668
2026-07-05T15:06:54.882656,2026-07-05T15:06:54.899669+00:00,164.2,20,bid,BrilliantBurritos,YieldingYams,8449685
2026-07-05T15:06:55.939947,2026-07-05T15:06:55.944474+00:00,164.2,10,ask,WavyWalnuts,Xuanyu Liu,8449699
2026-07-05T15:07:00.223401,2026-07-05T15:07:00.232860+00:00,164.3,200,ask,WavyWalnuts,YieldingYams,8449756
2026-07-05T15:07:01.028241,2026-07-05T15:07:01.032147+00:00,164.1,3,ask,WavyWalnuts,Xuanyu Liu,8449767
2026-07-05T15:07:02.844006,2026-07-05T15:07:02.853965+00:00,164.2,200,ask,WavyWalnuts,YieldingYams,8449792
2026-07-05T15:07:04.181661,2026-07-05T15:07:04.189635+00:00,164.1,2,ask,YieldingYams,Harold Schneider,8449815
2026-07-05T15:07:05.606910,2026-07-05T15:07:05.618474+00:00,164.1,200,ask,YieldingYams,WavyWalnuts,8449833
2026-07-05T15:07:08.101072,2026-07-05T15:07:08.111237+00:00,164.2,200,bid,YieldingYams,WavyWalnuts,8449868
2026-07-05T15:07:08.907012,2026-07-05T15:07:08.919048+00:00,164.2,20,ask,YieldingYams,BrilliantBurritos,8449876
2026-07-05T15:07:09.197426,2026-07-05T15:07:09.205427+00:00,164.2,15,ask,YieldingYams,Harold Schneider,8449880
2026-07-05T15:07:09.217141,2026-07-05T15:07:09.226383+00:00,164.2,2,ask,YieldingYams,Harold Schneider,8449885
2026-07-05T15:07:11.649781,2026-07-05T15:07:11.664537+00:00,164.0,200,ask,YieldingYams,WavyWalnuts,8449924
2026-07-05T15:07:14.070150,2026-07-05T15:07:14.079468+00:00,164.2,200,bid,WavyWalnuts,YieldingYams,8449966
2026-07-05T15:07:14.238563,2026-07-05T15:07:14.247070+00:00,163.9,2,ask,YieldingYams,Harold Schneider,8449971
2026-07-05T15:07:15.965358,2026-07-05T15:07:15.975518+00:00,164.1,200,ask,WavyWalnuts,YieldingYams,8449997
2026-07-05T15:07:16.488264,2026-07-05T15:07:16.495745+00:00,164.0,200,bid,WavyWalnuts,YieldingYams,8450005
2026-07-05T15:07:16.975999,2026-07-05T15:07:16.984516+00:00,163.8,20,ask,YieldingYams,BrilliantBurritos,8450014
2026-07-05T15:07:17.704140,2026-07-05T15:07:17.713285+00:00,164.1,200,ask,YieldingYams,WavyWalnuts,8450023
2026-07-05T15:07:19.251773,2026-07-05T15:07:19.258671+00:00,163.9,2,ask,YieldingYams,Harold Schneider,8450042
2026-07-05T15:07:23.828089,2026-07-05T15:07:23.839845+00:00,164.0,200,bid,YieldingYams,WavyWalnuts,8450109
2026-07-05T15:07:24.269829,2026-07-05T15:07:24.279141+00:00,164.0,2,ask,YieldingYams,Harold Schneider,8450115
2026-07-05T15:07:24.287376,2026-07-05T15:07:24.298982+00:00,164.3,20,bid,BrilliantBurritos,YieldingYams,8450116
2026-07-05T15:07:33.038562,2026-07-05T15:07:33.046996+00:00,164.0,20,ask,YieldingYams,BrilliantBurritos,8450231
2026-07-05T15:07:40.726179,2026-07-05T15:07:40.735024+00:00,164.0,200,bid,WavyWalnuts,YieldingYams,8450317
2026-07-05T15:07:44.361945,2026-07-05T15:07:44.370088+00:00,163.8,200,ask,AverageAlmonds,WavyWalnuts,8450353
2026-07-05T15:07:46.586440,2026-07-05T15:07:46.592958+00:00,163.9,200,bid,AverageAlmonds,WavyWalnuts,8450384
2026-07-05T15:07:50.038156,2026-07-05T15:07:50.047603+00:00,163.9,500,ask,AverageAlmonds,YieldingYams,8450443
2026-07-05T15:07:50.221809,2026-07-05T15:07:50.230708+00:00,163.9,125,bid,AverageAlmonds,YieldingYams,8450447
2026-07-05T15:07:50.834578,2026-07-05T15:07:50.845561+00:00,164.0,200,bid,AverageAlmonds,WavyWalnuts,8450454
2026-07-05T15:07:51.622759,2026-07-05T15:07:51.632677+00:00,163.9,200,ask,YieldingYams,WavyWalnuts,8450473
2026-07-05T15:07:53.980901,2026-07-05T15:07:53.991149+00:00,163.8,500,ask,AverageAlmonds,YieldingYams,8450516
2026-07-05T15:07:54.469693,2026-07-05T15:07:54.476989+00:00,163.8,125,bid,AverageAlmonds,YieldingYams,8450524
2026-07-05T15:07:56.282315,2026-07-05T15:07:56.289080+00:00,163.9,200,bid,AverageAlmonds,WavyWalnuts,8450552
2026-07-05T15:07:56.599984,2026-07-05T15:07:56.608389+00:00,163.9,20,ask,AverageAlmonds,BrilliantBurritos,8450560
2026-07-05T15:07:56.886432,2026-07-05T15:07:56.896891+00:00,164.1,200,bid,AverageAlmonds,WavyWalnuts,8450563
2026-07-05T15:07:56.886432,2026-07-05T15:07:56.896891+00:00,164.1,300,bid,AverageAlmonds,YieldingYams,8450564
2026-07-05T15:07:58.691782,2026-07-05T15:07:58.699542+00:00,164.1,500,bid,AverageAlmonds,YieldingYams,8450599
2026-07-05T15:07:59.232264,2026-07-05T15:07:59.236396+00:00,164.2,3,ask,YieldingYams,Xuanyu Liu,8450614
2026-07-05T15:07:59.952292,2026-07-05T15:07:59.956696+00:00,164.3,11,ask,AverageAlmonds,Xuanyu Liu,8450622
2026-07-05T15:08:00.090448,2026-07-05T15:08:00.099824+00:00,164.3,200,ask,AverageAlmonds,WavyWalnuts,8450624
2026-07-05T15:08:00.324235,2026-07-05T15:08:00.336311+00:00,164.3,20,ask,AverageAlmonds,BrilliantBurritos,8450627
2026-07-05T15:08:00.524987,2026-07-05T15:08:00.532797+00:00,164.4,500,bid,AverageAlmonds,YieldingYams,8450631
2026-07-05T15:08:01.733657,2026-07-05T15:08:01.742646+00:00,164.5,200,bid,AverageAlmonds,WavyWalnuts,8450659
2026-07-05T15:08:02.443676,2026-07-05T15:08:02.451406+00:00,164.7,20,bid,BrilliantBurritos,YieldingYams,8450667
2026-07-05T15:08:03.161297,2026-07-05T15:08:03.169027+00:00,164.7,200,bid,YieldingYams,WavyWalnuts,8450678
2026-07-05T15:08:05.774108,2026-07-05T15:08:05.785926+00:00,164.9,20,bid,BrilliantBurritos,WavyWalnuts,8450710
2026-07-05T15:08:06.140140,2026-07-05T15:08:06.150929+00:00,164.7,200,ask,YieldingYams,WavyWalnuts,8450715
2026-07-05T15:08:07.365438,2026-07-05T15:08:07.369203+00:00,164.7,11,bid,Xuanyu Liu,WavyWalnuts,8450732
2026-07-05T15:08:11.027321,2026-07-05T15:08:11.047708+00:00,164.8,200,bid,YieldingYams,WavyWalnuts,8450785
2026-07-05T15:08:11.043607,2026-07-05T15:08:11.047708+00:00,164.8,11,ask,YieldingYams,Xuanyu Liu,8450787
2026-07-05T15:08:12.193524,2026-07-05T15:08:12.202912+00:00,164.8,200,ask,YieldingYams,WavyWalnuts,8450810
2026-07-05T15:08:13.720978,2026-07-05T15:08:13.724558+00:00,164.8,14,bid,Xuanyu Liu,WavyWalnuts,8450830
2026-07-05T15:08:14.679952,2026-07-05T15:08:14.689352+00:00,164.7,20,ask,YieldingYams,BrilliantBurritos,8450850
2026-07-05T15:08:15.048691,2026-07-05T15:08:15.057072+00:00,164.8,200,bid,AverageAlmonds,WavyWalnuts,8450857
2026-07-05T15:08:17.031779,2026-07-05T15:08:17.039654+00:00,164.8,200,ask,AverageAlmonds,WavyWalnuts,8450889
2026-07-05T15:08:17.386566,2026-07-05T15:08:17.398217+00:00,164.8,20,ask,AverageAlmonds,BrilliantBurritos,8450900
2026-07-05T15:08:18.241332,2026-07-05T15:08:18.251627+00:00,164.8,200,ask,AverageAlmonds,WavyWalnuts,8450910
2026-07-05T15:08:18.886753,2026-07-05T15:08:18.894332+00:00,164.8,500,ask,AverageAlmonds,YieldingYams,8450924
2026-07-05T15:08:19.280988,2026-07-05T15:08:19.288858+00:00,164.7,125,bid,AverageAlmonds,YieldingYams,8450927
2026-07-05T15:08:19.450841,2026-07-05T15:08:19.458622+00:00,164.8,200,ask,AverageAlmonds,WavyWalnuts,8450931
2026-07-05T15:08:21.304085,2026-07-05T15:08:21.316067+00:00,165.0,20,bid,BrilliantBurritos,YieldingYams,8450964
2026-07-05T15:08:21.714699,2026-07-05T15:08:21.726018+00:00,164.9,20,ask,AverageAlmonds,BrilliantBurritos,8450970
2026-07-05T15:08:22.303252,2026-07-05T15:08:22.313846+00:00,165.0,500,bid,AverageAlmonds,YieldingYams,8450977
2026-07-05T15:08:23.088069,2026-07-05T15:08:23.097661+00:00,165.0,200,ask,YieldingYams,WavyWalnuts,8450989
2026-07-05T15:08:24.300521,2026-07-05T15:08:24.310753+00:00,165.0,200,ask,AverageAlmonds,WavyWalnuts,8451006
2026-07-05T15:08:25.513711,2026-07-05T15:08:25.521921+00:00,165.1,200,ask,AverageAlmonds,WavyWalnuts,8451023
2026-07-05T15:08:27.158201,2026-07-05T15:08:27.166473+00:00,165.2,200,bid,AverageAlmonds,WavyWalnuts,8451052
2026-07-05T15:08:27.158201,2026-07-05T15:08:27.166473+00:00,165.2,300,bid,AverageAlmonds,YieldingYams,8451053
2026-07-05T15:08:27.192404,2026-07-05T15:08:27.203167+00:00,165.2,20,bid,BrilliantBurritos,YieldingYams,8451055
2026-07-05T15:08:27.745889,2026-07-05T15:08:27.778350+00:00,165.2,305,bid,AverageAlmonds,YieldingYams,8451068
2026-07-05T15:08:27.774262,2026-07-05T15:08:27.778350+00:00,165.2,3,ask,AverageAlmonds,Xuanyu Liu,8451071
2026-07-05T15:08:27.931900,2026-07-05T15:08:27.943807+00:00,165.2,192,ask,AverageAlmonds,WavyWalnuts,8451075
2026-07-05T15:08:28.091673,2026-07-05T15:08:28.100069+00:00,165.2,8,bid,YieldingYams,WavyWalnuts,8451077
2026-07-05T15:08:28.374993,2026-07-05T15:08:28.378732+00:00,165.3,11,ask,AverageAlmonds,Xuanyu Liu,8451080
2026-07-05T15:08:30.016362,2026-07-05T15:08:30.028397+00:00,165.3,20,ask,AverageAlmonds,BrilliantBurritos,8451112
2026-07-05T15:08:30.188789,2026-07-05T15:08:30.200233+00:00,165.4,200,bid,AverageAlmonds,WavyWalnuts,8451114
2026-07-05T15:08:30.188789,2026-07-05T15:08:30.200233+00:00,165.4,300,bid,AverageAlmonds,YieldingYams,8451115
2026-07-05T15:08:30.712765,2026-07-05T15:08:30.722771+00:00,165.4,200,bid,YieldingYams,WavyWalnuts,8451124
2026-07-05T15:08:30.809324,2026-07-05T15:08:30.813380+00:00,165.5,12,ask,AverageAlmonds,Xuanyu Liu,8451128
2026-07-05T15:08:31.645271,2026-07-05T15:08:31.653224+00:00,165.5,20,bid,BrilliantBurritos,WavyWalnuts,8451147
2026-07-05T15:08:32.025695,2026-07-05T15:08:32.037281+00:00,165.4,500,ask,AverageAlmonds,YieldingYams,8451150
2026-07-05T15:08:32.592349,2026-07-05T15:08:32.600672+00:00,165.4,125,bid,AverageAlmonds,YieldingYams,8451160
2026-07-05T15:08:32.592349,2026-07-05T15:08:32.600672+00:00,165.5,180,bid,AverageAlmonds,WavyWalnuts,8451161
2026-07-05T15:08:32.770524,2026-07-05T15:08:32.777433+00:00,165.6,195,ask,AverageAlmonds,WavyWalnuts,8451167
2026-07-05T15:08:32.789872,2026-07-05T15:08:32.793808+00:00,165.5,5,bid,Xuanyu Liu,WavyWalnuts,8451170
2026-07-05T15:08:33.350684,2026-07-05T15:08:33.354696+00:00,165.7,24,bid,Xuanyu Liu,YieldingYams,8451180
2026-07-05T15:08:33.978475,2026-07-05T15:08:33.989124+00:00,165.5,200,ask,YieldingYams,WavyWalnuts,8451184
2026-07-05T15:08:34.435152,2026-07-05T15:08:34.442636+00:00,165.7,25,bid,Harold Schneider,YieldingYams,8451190
2026-07-05T15:08:34.455281,2026-07-05T15:08:34.458618+00:00,165.5,2,ask,YieldingYams,Harold Schneider,8451191
2026-07-05T15:08:35.955287,2026-07-05T15:08:35.959023+00:00,165.5,6,ask,AverageAlmonds,Xuanyu Liu,8451212
2026-07-05T15:08:38.814741,2026-07-05T15:08:38.825996+00:00,165.5,200,ask,YieldingYams,WavyWalnuts,8451257
2026-07-05T15:08:39.490475,2026-07-05T15:08:39.500555+00:00,165.5,2,ask,YieldingYams,Harold Schneider,8451264
2026-07-05T15:08:43.658785,2026-07-05T15:08:43.669363+00:00,165.6,200,ask,YieldingYams,WavyWalnuts,8451330
2026-07-05T15:08:44.600137,2026-07-05T15:08:44.612231+00:00,165.5,10,ask,Harold Schneider,BrilliantBurritos,8451341
2026-07-05T15:08:48.565699,2026-07-05T15:08:48.569333+00:00,165.6,3,bid,Xuanyu Liu,Harold Schneider,8451399
2026-07-05T15:08:49.522404,2026-07-05T15:08:49.530837+00:00,165.5,2,ask,WavyWalnuts,Harold Schneider,8451404
2026-07-05T15:08:49.611414,2026-07-05T15:08:49.623232+00:00,165.5,20,ask,WavyWalnuts,BrilliantBurritos,8451406
2026-07-05T15:08:50.936328,2026-07-05T15:08:50.948156+00:00,165.7,200,bid,WavyWalnuts,YieldingYams,8451432
2026-07-05T15:08:52.147439,2026-07-05T15:08:52.158989+00:00,165.8,200,bid,WavyWalnuts,YieldingYams,8451447
2026-07-05T15:08:52.601137,2026-07-05T15:08:52.612687+00:00,165.8,20,bid,BrilliantBurritos,YieldingYams,8451458
2026-07-05T15:08:54.398344,2026-07-05T15:08:54.410576+00:00,165.8,20,bid,BrilliantBurritos,YieldingYams,8451500
2026-07-05T15:08:54.536871,2026-07-05T15:08:54.548353+00:00,165.7,2,ask,WavyWalnuts,Harold Schneider,8451506
2026-07-05T15:08:54.574445,2026-07-05T15:08:54.582166+00:00,165.8,200,bid,WavyWalnuts,YieldingYams,8451507
2026-07-05T15:08:55.994274,2026-07-05T15:08:56.005906+00:00,165.7,20,ask,WavyWalnuts,BrilliantBurritos,8451530
2026-07-05T15:08:56.914577,2026-07-05T15:08:56.924897+00:00,165.7,180,ask,WavyWalnuts,YieldingYams,8451545
2026-07-05T15:08:56.991576,2026-07-05T15:08:57.000086+00:00,165.6,200,bid,WavyWalnuts,YieldingYams,8451547
2026-07-05T15:08:58.037017,2026-07-05T15:08:58.044080+00:00,165.6,245,bid,AverageAlmonds,YieldingYams,8451557
2026-07-05T15:08:58.203227,2026-07-05T15:08:58.212927+00:00,165.6,200,ask,AverageAlmonds,WavyWalnuts,8451562
2026-07-05T15:08:58.236387,2026-07-05T15:08:58.240540+00:00,165.9,3,ask,YieldingYams,Xuanyu Liu,8451564
2026-07-05T15:08:59.411376,2026-07-05T15:08:59.418253+00:00,165.9,200,ask,YieldingYams,WavyWalnuts,8451591
2026-07-05T15:08:59.557591,2026-07-05T15:08:59.569254+00:00,165.6,2,ask,YieldingYams,Harold Schneider,8451595
2026-07-05T15:09:00.632757,2026-07-05T15:09:00.636323+00:00,165.8,3,bid,Xuanyu Liu,WavyWalnuts,8451616
2026-07-05T15:09:02.882701,2026-07-05T15:09:02.890556+00:00,165.7,200,bid,AverageAlmonds,WavyWalnuts,8451655
2026-07-05T15:09:03.486598,2026-07-05T15:09:03.495384+00:00,165.8,200,bid,AverageAlmonds,WavyWalnuts,8451663
2026-07-05T15:09:04.570440,2026-07-05T15:09:04.582197+00:00,165.7,21,ask,AverageAlmonds,Harold Schneider,8451688
2026-07-05T15:09:04.587805,2026-07-05T15:09:04.597760+00:00,165.7,1,ask,AverageAlmonds,Harold Schneider,8451690
2026-07-05T15:09:10.006697,2026-07-05T15:09:10.015907+00:00,165.8,200,ask,WavyWalnuts,YieldingYams,8451780
2026-07-05T15:09:11.991712,2026-07-05T15:09:11.995362+00:00,165.8,3,ask,AverageAlmonds,Xuanyu Liu,8451805
2026-07-05T15:09:12.577648,2026-07-05T15:09:12.584609+00:00,165.9,500,bid,AverageAlmonds,YieldingYams,8451815
2026-07-05T15:09:12.622397,2026-07-05T15:09:12.629988+00:00,165.9,200,bid,YieldingYams,WavyWalnuts,8451816
2026-07-05T15:09:12.641276,2026-07-05T15:09:12.645536+00:00,166.0,23,ask,YieldingYams,Xuanyu Liu,8451818
2026-07-05T15:09:13.931947,2026-07-05T15:09:13.940674+00:00,166.1,200,bid,YieldingYams,WavyWalnuts,8451846
2026-07-05T15:09:13.954336,2026-07-05T15:09:13.958915+00:00,166.1,11,ask,YieldingYams,Xuanyu Liu,8451849
2026-07-05T15:09:15.158221,2026-07-05T15:09:15.169144+00:00,166.1,200,ask,YieldingYams,WavyWalnuts,8451865
2026-07-05T15:09:16.315314,2026-07-05T15:09:16.324381+00:00,166.2,20,bid,BrilliantBurritos,YieldingYams,8451880
2026-07-05T15:09:21.210016,2026-07-05T15:09:21.218216+00:00,166.3,200,bid,WavyWalnuts,YieldingYams,8451959
2026-07-05T15:09:23.095265,2026-07-05T15:09:23.106023+00:00,166.3,200,bid,YieldingYams,WavyWalnuts,8451989
2026-07-05T15:09:26.081041,2026-07-05T15:09:26.084905+00:00,166.4,12,ask,WavyWalnuts,Xuanyu Liu,8452034
2026-07-05T15:09:26.675720,2026-07-05T15:09:26.683904+00:00,166.4,20,ask,WavyWalnuts,BrilliantBurritos,8452047
2026-07-05T15:09:31.141466,2026-07-05T15:09:31.153446+00:00,166.7,20,bid,BrilliantBurritos,YieldingYams,8452109
2026-07-05T15:09:35.741936,2026-07-05T15:09:35.754087+00:00,166.5,20,ask,WavyWalnuts,BrilliantBurritos,8452161
2026-07-05T15:09:37.522377,2026-07-05T15:09:37.531300+00:00,166.6,200,ask,WavyWalnuts,YieldingYams,8452181
2026-07-05T15:09:38.236176,2026-07-05T15:09:38.244661+00:00,166.6,20,bid,BrilliantBurritos,YieldingYams,8452186
2026-07-05T15:09:40.622896,2026-07-05T15:09:40.627062+00:00,166.6,11,ask,WavyWalnuts,Xuanyu Liu,8452231
2026-07-05T15:09:42.908537,2026-07-05T15:09:42.920341+00:00,166.6,20,ask,WavyWalnuts,BrilliantBurritos,8452273
2026-07-05T15:09:46.688278,2026-07-05T15:09:46.691851+00:00,166.8,23,ask,WavyWalnuts,Xuanyu Liu,8452333
2026-07-05T15:09:50.306941,2026-07-05T15:09:50.316461+00:00,166.9,200,ask,YieldingYams,WavyWalnuts,8452397
2026-07-05T15:09:57.564177,2026-07-05T15:09:57.572988+00:00,167.0,200,bid,WavyWalnuts,YieldingYams,8452496
2026-07-05T15:09:59.657361,2026-07-05T15:09:59.669102+00:00,167.1,20,bid,BrilliantBurritos,YieldingYams,8452523
2026-07-05T15:09:59.851604,2026-07-05T15:09:59.858300+00:00,166.9,200,ask,WavyWalnuts,YieldingYams,8452528
2026-07-05T15:10:00.853265,2026-07-05T15:10:00.858611+00:00,166.9,20,bid,BrilliantBurritos,YieldingYams,8452537
2026-07-05T15:10:01.756066,2026-07-05T15:10:01.767933+00:00,166.7,20,ask,WavyWalnuts,BrilliantBurritos,8452547
2026-07-05T15:10:03.787054,2026-07-05T15:10:03.796723+00:00,166.8,200,bid,YieldingYams,WavyWalnuts,8452575
2026-07-05T15:10:04.823492,2026-07-05T15:10:04.831464+00:00,166.8,200,ask,YieldingYams,WavyWalnuts,8452594
2026-07-05T15:10:08.826693,2026-07-05T15:10:08.829125+00:00,166.4,11,ask,YieldingYams,Xuanyu Liu,8452662
2026-07-05T15:10:09.090570,2026-07-05T15:10:09.102435+00:00,166.6,20,bid,BrilliantBurritos,WavyWalnuts,8452669
2026-07-05T15:10:10.361081,2026-07-05T15:10:10.368802+00:00,166.4,200,ask,WavyWalnuts,YieldingYams,8452694
2026-07-05T15:10:10.873260,2026-07-05T15:10:10.884604+00:00,166.4,200,bid,WavyWalnuts,YieldingYams,8452700
2026-07-05T15:10:11.682444,2026-07-05T15:10:11.686411+00:00,166.3,6,ask,YieldingYams,Xuanyu Liu,8452715
2026-07-05T15:10:25.231554,2026-07-05T15:10:25.242465+00:00,166.7,500,ask,YieldingYams,AverageAlmonds,8452885
2026-07-05T15:10:25.830774,2026-07-05T15:10:25.840619+00:00,166.7,125,ask,YieldingYams,AverageAlmonds,8452893
2026-07-05T15:10:25.830774,2026-07-05T15:10:25.840619+00:00,166.6,200,ask,WavyWalnuts,AverageAlmonds,8452894
2026-07-05T15:10:29.041780,2026-07-05T15:10:29.058598+00:00,166.6,200,bid,WavyWalnuts,AverageAlmonds,8452938
2026-07-05T15:10:30.071595,2026-07-05T15:10:30.075443+00:00,166.5,6,bid,Xuanyu Liu,AverageAlmonds,8452951
2026-07-05T15:10:30.251396,2026-07-05T15:10:30.258586+00:00,166.5,200,bid,WavyWalnuts,AverageAlmonds,8452955
2026-07-05T15:10:30.686248,2026-07-05T15:10:30.697814+00:00,166.4,500,ask,YieldingYams,AverageAlmonds,8452964
2026-07-05T15:10:31.283352,2026-07-05T15:10:31.294393+00:00,166.4,125,ask,YieldingYams,AverageAlmonds,8452970
2026-07-05T15:10:31.301652,2026-07-05T15:10:31.305471+00:00,166.4,11,bid,Xuanyu Liu,AverageAlmonds,8452972
2026-07-05T15:10:31.342551,2026-07-05T15:10:31.346440+00:00,166.3,12,bid,Xuanyu Liu,YieldingYams,8452974
2026-07-05T15:10:33.053333,2026-07-05T15:10:33.057191+00:00,166.2,12,ask,WavyWalnuts,Xuanyu Liu,8453012
2026-07-05T15:10:33.103381,2026-07-05T15:10:33.112329+00:00,166.3,20,bid,BrilliantBurritos,YieldingYams,8453013
2026-07-05T15:10:35.109500,2026-07-05T15:10:35.117331+00:00,166.3,200,bid,WavyWalnuts,YieldingYams,8453046
2026-07-05T15:10:35.259069,2026-07-05T15:10:35.279731+00:00,166.3,500,bid,YieldingYams,AverageAlmonds,8453053
2026-07-05T15:10:35.275881,2026-07-05T15:10:35.279731+00:00,166.4,17,ask,YieldingYams,Xuanyu Liu,8453055
2026-07-05T15:10:35.501473,2026-07-05T15:10:35.508450+00:00,166.4,108,ask,YieldingYams,AverageAlmonds,8453059
2026-07-05T15:10:36.317457,2026-07-05T15:10:36.325485+00:00,166.2,200,bid,WavyWalnuts,AverageAlmonds,8453070
2026-07-05T15:10:36.570338,2026-07-05T15:10:36.586634+00:00,166.2,300,bid,YieldingYams,AverageAlmonds,8453079
2026-07-05T15:10:36.739228,2026-07-05T15:10:36.749251+00:00,166.2,325,ask,YieldingYams,AverageAlmonds,8453084
2026-07-05T15:10:37.383770,2026-07-05T15:10:37.395808+00:00,166.2,20,bid,BrilliantBurritos,AverageAlmonds,8453096
2026-07-05T15:10:37.779258,2026-07-05T15:10:37.791222+00:00,166.1,20,ask,WavyWalnuts,BrilliantBurritos,8453110
2026-07-05T15:10:37.882244,2026-07-05T15:10:37.891723+00:00,166.1,180,ask,WavyWalnuts,YieldingYams,8453112
2026-07-05T15:10:39.751296,2026-07-05T15:10:39.758577+00:00,166.0,200,ask,WavyWalnuts,AverageAlmonds,8453138
2026-07-05T15:10:39.751296,2026-07-05T15:10:39.758577+00:00,166.0,300,ask,YieldingYams,AverageAlmonds,8453139
2026-07-05T15:10:42.366532,2026-07-05T15:10:42.374826+00:00,166.0,200,bid,WavyWalnuts,AverageAlmonds,8453178
2026-07-05T15:10:43.117941,2026-07-05T15:10:43.129520+00:00,166.0,500,bid,YieldingYams,AverageAlmonds,8453188
2026-07-05T15:10:48.843349,2026-07-05T15:10:48.854220+00:00,165.9,200,ask,WavyWalnuts,AverageAlmonds,8453278
2026-07-05T15:10:49.440750,2026-07-05T15:10:49.449805+00:00,165.8,500,ask,YieldingYams,AverageAlmonds,8453285
2026-07-05T15:10:49.676478,2026-07-05T15:10:49.684854+00:00,165.9,200,ask,WavyWalnuts,YieldingYams,8453293
2026-07-05T15:10:49.691454,2026-07-05T15:10:49.695393+00:00,165.5,29,bid,Xuanyu Liu,YieldingYams,8453295
2026-07-05T15:10:49.977808,2026-07-05T15:10:49.981738+00:00,165.3,22,ask,YieldingYams,Xuanyu Liu,8453301
2026-07-05T15:10:50.842752,2026-07-05T15:10:50.854002+00:00,165.5,200,bid,WavyWalnuts,YieldingYams,8453316
2026-07-05T15:10:51.603277,2026-07-05T15:10:51.615201+00:00,165.4,20,ask,YieldingYams,BrilliantBurritos,8453330
2026-07-05T15:10:52.036842,2026-07-05T15:10:52.041003+00:00,165.4,7,ask,YieldingYams,Xuanyu Liu,8453336
2026-07-05T15:10:56.229836,2026-07-05T15:10:56.241603+00:00,165.4,200,bid,YieldingYams,WavyWalnuts,8453389
2026-07-05T15:10:57.858357,2026-07-05T15:10:57.870445+00:00,165.3,20,ask,YieldingYams,BrilliantBurritos,8453407
2026-07-05T15:10:59.835110,2026-07-05T15:10:59.844007+00:00,165.3,20,ask,YieldingYams,BrilliantBurritos,8453430
2026-07-05T15:11:00.543723,2026-07-05T15:11:00.553702+00:00,165.4,200,ask,YieldingYams,WavyWalnuts,8453439
2026-07-05T15:11:01.493511,2026-07-05T15:11:01.497356+00:00,165.5,6,bid,Xuanyu Liu,YieldingYams,8453456
2026-07-05T15:11:04.102832,2026-07-05T15:11:04.121769+00:00,165.3,200,ask,WavyWalnuts,YieldingYams,8453499
2026-07-05T15:11:04.117631,2026-07-05T15:11:04.121769+00:00,165.3,23,bid,Xuanyu Liu,YieldingYams,8453501
2026-07-05T15:11:04.173922,2026-07-05T15:11:04.183109+00:00,165.3,200,bid,WavyWalnuts,YieldingYams,8453504
2026-07-05T15:11:05.411318,2026-07-05T15:11:05.418469+00:00,165.5,200,bid,YieldingYams,WavyWalnuts,8453528
2026-07-05T15:11:05.429662,2026-07-05T15:11:05.433397+00:00,165.5,23,ask,YieldingYams,Xuanyu Liu,8453531
2026-07-05T15:11:06.598904,2026-07-05T15:11:06.609407+00:00,165.5,200,ask,YieldingYams,WavyWalnuts,8453545
2026-07-05T15:11:06.741121,2026-07-05T15:11:06.745086+00:00,165.6,11,bid,Xuanyu Liu,YieldingYams,8453553
2026-07-05T15:11:07.793772,2026-07-05T15:11:07.797619+00:00,165.6,12,bid,Xuanyu Liu,YieldingYams,8453567
2026-07-05T15:11:07.825407,2026-07-05T15:11:07.829218+00:00,165.5,11,bid,Xuanyu Liu,WavyWalnuts,8453571
2026-07-05T15:11:08.064874,2026-07-05T15:11:08.069250+00:00,165.4,11,bid,Xuanyu Liu,YieldingYams,8453574
2026-07-05T15:11:08.319851,2026-07-05T15:11:08.331773+00:00,165.3,20,ask,WavyWalnuts,BrilliantBurritos,8453578
2026-07-05T15:11:09.361248,2026-07-05T15:11:09.369653+00:00,165.3,200,ask,WavyWalnuts,YieldingYams,8453596
2026-07-05T15:11:10.234241,2026-07-05T15:11:10.244052+00:00,165.2,200,bid,WavyWalnuts,YieldingYams,8453609
2026-07-05T15:11:10.614676,2026-07-05T15:11:10.621748+00:00,165.2,225,bid,AverageAlmonds,YieldingYams,8453620
2026-07-05T15:11:13.060875,2026-07-05T15:11:13.069054+00:00,165.4,20,bid,BrilliantBurritos,YieldingYams,8453655
2026-07-05T15:11:15.920583,2026-07-05T15:11:15.927432+00:00,165.2,200,bid,YieldingYams,WavyWalnuts,8453698
2026-07-05T15:11:16.028085,2026-07-05T15:11:16.039938+00:00,165.3,20,ask,YieldingYams,BrilliantBurritos,8453702
2026-07-05T15:11:16.274511,2026-07-05T15:11:16.281408+00:00,165.3,200,ask,YieldingYams,WavyWalnuts,8453707
2026-07-05T15:11:17.481547,2026-07-05T15:11:17.488196+00:00,165.0,200,ask,YieldingYams,WavyWalnuts,8453732
2026-07-05T15:11:18.706655,2026-07-05T15:11:18.710697+00:00,165.0,12,bid,Xuanyu Liu,WavyWalnuts,8453754
2026-07-05T15:11:19.899060,2026-07-05T15:11:19.908889+00:00,164.9,200,ask,YieldingYams,WavyWalnuts,8453776
2026-07-05T15:11:24.760849,2026-07-05T15:11:24.764600+00:00,164.9,11,bid,Xuanyu Liu,WavyWalnuts,8453843
2026-07-05T15:11:25.096134,2026-07-05T15:11:25.106870+00:00,164.9,189,bid,YieldingYams,WavyWalnuts,8453848
2026-07-05T15:11:25.954487,2026-07-05T15:11:25.965995+00:00,165.1,200,ask,YieldingYams,WavyWalnuts,8453861
2026-07-05T15:11:27.003438,2026-07-05T15:11:27.015446+00:00,164.9,20,bid,BrilliantBurritos,YieldingYams,8453877
2026-07-05T15:11:33.164867,2026-07-05T15:11:33.169189+00:00,164.9,12,bid,Xuanyu Liu,WavyWalnuts,8453972
2026-07-05T15:11:34.305620,2026-07-05T15:11:34.309359+00:00,164.8,11,bid,Xuanyu Liu,YieldingYams,8453980
2026-07-05T15:11:34.413174,2026-07-05T15:11:34.425197+00:00,164.8,20,bid,BrilliantBurritos,YieldingYams,8453987
2026-07-05T15:11:34.431876,2026-07-05T15:11:34.440940+00:00,164.8,200,bid,WavyWalnuts,YieldingYams,8453990
2026-07-05T15:11:36.848968,2026-07-05T15:11:36.856622+00:00,164.9,200,bid,WavyWalnuts,YieldingYams,8454032
2026-07-05T15:11:39.264564,2026-07-05T15:11:39.273987+00:00,164.7,200,ask,YieldingYams,WavyWalnuts,8454062
2026-07-05T15:11:48.985702,2026-07-05T15:11:48.989250+00:00,165.0,3,bid,Xuanyu Liu,YieldingYams,8454188
2026-07-05T15:11:57.517912,2026-07-05T15:11:57.529730+00:00,164.9,20,ask,WavyWalnuts,BrilliantBurritos,8454291
2026-07-05T15:11:58.473464,2026-07-05T15:11:58.477388+00:00,164.9,3,ask,WavyWalnuts,Xuanyu Liu,8454318
2026-07-05T15:12:00.405877,2026-07-05T15:12:00.417448+00:00,165.0,20,bid,BrilliantBurritos,WavyWalnuts,8454345
2026-07-05T15:12:00.514826,2026-07-05T15:12:00.533114+00:00,165.0,180,bid,YieldingYams,WavyWalnuts,8454347
2026-07-05T15:12:00.529124,2026-07-05T15:12:00.533114+00:00,165.0,11,ask,YieldingYams,Xuanyu Liu,8454350
2026-07-05T15:12:01.061155,2026-07-05T15:12:01.070061+00:00,165.0,200,ask,YieldingYams,WavyWalnuts,8454359
2026-07-05T15:12:04.456561,2026-07-05T15:12:04.453938+00:00,165.0,200,bid,YieldingYams,WavyWalnuts,8454413
2026-07-05T15:12:04.508658,2026-07-05T15:12:04.512802+00:00,165.0,12,ask,YieldingYams,Xuanyu Liu,8454418
2026-07-05T15:12:04.796722,2026-07-05T15:12:04.800814+00:00,165.0,11,ask,YieldingYams,Xuanyu Liu,8454425
2026-07-05T15:12:06.730617,2026-07-05T15:12:06.742339+00:00,165.0,20,ask,YieldingYams,BrilliantBurritos,8454451
2026-07-05T15:12:08.939625,2026-07-05T15:12:08.947769+00:00,165.1,20,ask,YieldingYams,BrilliantBurritos,8454492
2026-07-05T15:12:09.545911,2026-07-05T15:12:09.558775+00:00,165.1,200,ask,YieldingYams,WavyWalnuts,8454502
2026-07-05T15:12:11.120255,2026-07-05T15:12:11.124196+00:00,165.1,12,ask,YieldingYams,Xuanyu Liu,8454525
2026-07-05T15:12:11.360367,2026-07-05T15:12:11.372225+00:00,165.2,20,bid,BrilliantBurritos,WavyWalnuts,8454532
2026-07-05T15:12:14.977190,2026-07-05T15:12:14.984595+00:00,165.4,200,bid,YieldingYams,WavyWalnuts,8454601
2026-07-05T15:12:16.816184,2026-07-05T15:12:16.826200+00:00,165.3,200,ask,YieldingYams,WavyWalnuts,8454625
2026-07-05T15:12:17.395132,2026-07-05T15:12:17.399184+00:00,165.6,12,bid,Xuanyu Liu,YieldingYams,8454638
2026-07-05T15:12:17.615311,2026-07-05T15:12:17.619801+00:00,165.3,34,bid,Xuanyu Liu,YieldingYams,8454642
2026-07-05T15:12:18.023806,2026-07-05T15:12:18.033460+00:00,165.3,200,bid,WavyWalnuts,YieldingYams,8454645
2026-07-05T15:12:20.601002,2026-07-05T15:12:20.604736+00:00,165.3,23,ask,YieldingYams,Xuanyu Liu,8454687
2026-07-05T15:12:22.836802,2026-07-05T15:12:22.846314+00:00,165.3,200,bid,YieldingYams,WavyWalnuts,8454727
2026-07-05T15:12:28.229078,2026-07-05T15:12:28.241130+00:00,165.5,20,bid,BrilliantBurritos,WavyWalnuts,8454800
2026-07-05T15:12:33.792633,2026-07-05T15:12:33.802237+00:00,165.4,200,bid,WavyWalnuts,YieldingYams,8454880
2026-07-05T15:12:34.645100,2026-07-05T15:12:34.649203+00:00,165.3,11,ask,YieldingYams,Xuanyu Liu,8454892
2026-07-05T15:12:35.006907,2026-07-05T15:12:35.016744+00:00,165.3,200,ask,YieldingYams,WavyWalnuts,8454905
2026-07-05T15:12:37.433758,2026-07-05T15:12:37.444495+00:00,165.3,200,ask,YieldingYams,WavyWalnuts,8454937
2026-07-05T15:12:38.168325,2026-07-05T15:12:38.180464+00:00,165.3,20,ask,YieldingYams,BrilliantBurritos,8454950
2026-07-05T15:12:39.875244,2026-07-05T15:12:39.885340+00:00,165.3,500,bid,YieldingYams,AverageAlmonds,8454979
2026-07-05T15:12:40.242241,2026-07-05T15:12:40.249517+00:00,165.3,125,ask,YieldingYams,AverageAlmonds,8454985
2026-07-05T15:12:40.242241,2026-07-05T15:12:40.254978+00:00,165.2,200,ask,WavyWalnuts,AverageAlmonds,8454986
2026-07-05T15:12:43.505724,2026-07-05T15:12:43.517293+00:00,165.0,200,ask,YieldingYams,WavyWalnuts,8455041
2026-07-05T15:12:43.855414,2026-07-05T15:12:43.859270+00:00,165.2,34,bid,Xuanyu Liu,YieldingYams,8455046
2026-07-05T15:12:44.732798,2026-07-05T15:12:44.736427+00:00,165.1,3,bid,Xuanyu Liu,WavyWalnuts,8455062
2026-07-05T15:12:49.557400,2026-07-05T15:12:49.563996+00:00,165.1,200,bid,WavyWalnuts,YieldingYams,8455123
2026-07-05T15:12:53.193715,2026-07-05T15:12:53.200964+00:00,165.0,200,bid,WavyWalnuts,YieldingYams,8455186
2026-07-05T15:12:55.184695,2026-07-05T15:12:55.196556+00:00,165.1,20,bid,BrilliantBurritos,YieldingYams,8455220
2026-07-05T15:12:55.621884,2026-07-05T15:12:55.631279+00:00,165.0,200,bid,WavyWalnuts,YieldingYams,8455225
2026-07-05T15:13:01.675227,2026-07-05T15:13:01.686819+00:00,165.1,200,bid,WavyWalnuts,YieldingYams,8455301
2026-07-05T15:13:05.628855,2026-07-05T15:13:05.640575+00:00,165.2,20,bid,BrilliantBurritos,AverageAlmonds,8455348
2026-07-05T15:13:05.666096,2026-07-05T15:13:05.674247+00:00,165.1,500,ask,YieldingYams,AverageAlmonds,8455350
2026-07-05T15:13:06.107275,2026-07-05T15:13:06.117903+00:00,165.1,200,ask,WavyWalnuts,YieldingYams,8455359
2026-07-05T15:13:06.128253,2026-07-05T15:13:06.132321+00:00,165.1,3,bid,Xuanyu Liu,YieldingYams,8455364
2026-07-05T15:13:07.471430,2026-07-05T15:13:07.479494+00:00,165.0,200,ask,WavyWalnuts,AverageAlmonds,8455380
2026-07-05T15:13:07.471430,2026-07-05T15:13:07.484508+00:00,165.0,300,ask,YieldingYams,AverageAlmonds,8455381
2026-07-05T15:13:08.716001,2026-07-05T15:13:08.723504+00:00,165.0,325,ask,YieldingYams,AverageAlmonds,8455401
2026-07-05T15:13:08.716001,2026-07-05T15:13:08.728744+00:00,165.0,175,ask,WavyWalnuts,AverageAlmonds,8455402
2026-07-05T15:13:08.741548,2026-07-05T15:13:08.749390+00:00,165.0,25,ask,WavyWalnuts,YieldingYams,8455404
2026-07-05T15:13:08.755591,2026-07-05T15:13:08.759319+00:00,164.9,23,bid,Xuanyu Liu,YieldingYams,8455406
2026-07-05T15:13:08.950711,2026-07-05T15:13:08.963578+00:00,164.9,200,bid,WavyWalnuts,YieldingYams,8455409
2026-07-05T15:13:09.176337,2026-07-05T15:13:09.184092+00:00,164.9,20,bid,BrilliantBurritos,YieldingYams,8455413
2026-07-05T15:13:10.163464,2026-07-05T15:13:10.174679+00:00,165.0,200,bid,WavyWalnuts,AverageAlmonds,8455434
2026-07-05T15:13:11.124503,2026-07-05T15:13:11.134718+00:00,164.9,500,ask,YieldingYams,AverageAlmonds,8455450
2026-07-05T15:13:11.204187,2026-07-05T15:13:11.208003+00:00,164.9,12,ask,YieldingYams,Xuanyu Liu,8455452
2026-07-05T15:13:11.719938,2026-07-05T15:13:11.727357+00:00,164.9,200,ask,WavyWalnuts,AverageAlmonds,8455465
2026-07-05T15:13:12.582565,2026-07-05T15:13:12.590322+00:00,164.8,200,bid,WavyWalnuts,AverageAlmonds,8455475
2026-07-05T15:13:12.673016,2026-07-05T15:13:12.693730+00:00,164.8,300,bid,YieldingYams,AverageAlmonds,8455476
2026-07-05T15:13:12.689791,2026-07-05T15:13:12.693730+00:00,164.9,14,ask,YieldingYams,Xuanyu Liu,8455478
2026-07-05T15:13:16.216378,2026-07-05T15:13:16.227262+00:00,165.0,200,bid,WavyWalnuts,YieldingYams,8455533
2026-07-05T15:13:17.236801,2026-07-05T15:13:17.258721+00:00,165.0,20,bid,BrilliantBurritos,YieldingYams,8455545
2026-07-05T15:13:17.427756,2026-07-05T15:13:17.437189+00:00,165.0,200,bid,WavyWalnuts,YieldingYams,8455546
2026-07-05T15:13:25.806205,2026-07-05T15:13:25.816072+00:00,164.8,500,ask,AverageAlmonds,YieldingYams,8455658
2026-07-05T15:13:26.261363,2026-07-05T15:13:26.270576+00:00,164.8,125,bid,AverageAlmonds,YieldingYams,8455662
2026-07-05T15:13:26.261363,2026-07-05T15:13:26.270576+00:00,164.9,200,bid,AverageAlmonds,WavyWalnuts,8455663
2026-07-05T15:13:29.282106,2026-07-05T15:13:29.290362+00:00,165.0,200,bid,AverageAlmonds,WavyWalnuts,8455716
2026-07-05T15:13:29.282106,2026-07-05T15:13:29.295359+00:00,165.0,300,bid,AverageAlmonds,YieldingYams,8455717
2026-07-05T15:13:29.877556,2026-07-05T15:13:29.886483+00:00,165.0,200,bid,AverageAlmonds,WavyWalnuts,8455726
2026-07-05T15:13:32.132283,2026-07-05T15:13:32.144065+00:00,165.0,20,bid,BrilliantBurritos,WavyWalnuts,8455757
2026-07-05T15:13:35.612674,2026-07-05T15:13:35.619402+00:00,165.0,200,ask,AverageAlmonds,WavyWalnuts,8455801
2026-07-05T15:13:35.967772,2026-07-05T15:13:35.971667+00:00,165.1,3,ask,AverageAlmonds,Xuanyu Liu,8455810
2026-07-05T15:13:37.594006,2026-07-05T15:13:37.601631+00:00,165.2,200,bid,YieldingYams,WavyWalnuts,8455846
2026-07-05T15:13:39.664133,2026-07-05T15:13:39.668137+00:00,165.3,11,ask,YieldingYams,Xuanyu Liu,8455878
2026-07-05T15:13:42.838559,2026-07-05T15:13:42.845906+00:00,165.4,200,bid,YieldingYams,WavyWalnuts,8455918
2026-07-05T15:13:43.893590,2026-07-05T15:13:43.905348+00:00,165.6,20,bid,BrilliantBurritos,YieldingYams,8455937
2026-07-05T15:13:44.100311,2026-07-05T15:13:44.104150+00:00,165.5,12,ask,WavyWalnuts,Xuanyu Liu,8455945
2026-07-05T15:13:44.157077,2026-07-05T15:13:44.163787+00:00,165.5,188,ask,WavyWalnuts,YieldingYams,8455946
2026-07-05T15:13:47.719149,2026-07-05T15:13:47.725980+00:00,165.6,20,bid,BrilliantBurritos,YieldingYams,8455987
2026-07-05T15:13:56.117393,2026-07-05T15:13:56.129094+00:00,165.5,20,bid,BrilliantBurritos,WavyWalnuts,8456114
2026-07-05T15:13:56.188862,2026-07-05T15:13:56.198580+00:00,165.4,200,ask,YieldingYams,WavyWalnuts,8456117
2026-07-05T15:13:59.816267,2026-07-05T15:13:59.820850+00:00,165.2,200,ask,YieldingYams,WavyWalnuts,8456176
2026-07-05T15:14:00.071837,2026-07-05T15:14:00.083416+00:00,165.4,20,bid,BrilliantBurritos,YieldingYams,8456180
2026-07-05T15:14:06.461301,2026-07-05T15:14:06.470012+00:00,165.5,200,bid,YieldingYams,WavyWalnuts,8456258
2026-07-05T15:14:06.461301,2026-07-05T15:14:06.470012+00:00,165.6,425,bid,YieldingYams,AverageAlmonds,8456259
2026-07-05T15:14:08.050505,2026-07-05T15:14:08.060617+00:00,165.5,20,bid,BrilliantBurritos,AverageAlmonds,8456275
2026-07-05T15:14:10.414935,2026-07-05T15:14:10.418960+00:00,165.4,11,ask,YieldingYams,Xuanyu Liu,8456318
2026-07-05T15:14:11.937223,2026-07-05T15:14:11.944249+00:00,165.5,200,ask,YieldingYams,WavyWalnuts,8456349
2026-07-05T15:14:13.151141,2026-07-05T15:14:13.153404+00:00,165.4,200,ask,YieldingYams,WavyWalnuts,8456363
2026-07-05T15:14:15.570780,2026-07-05T15:14:15.582477+00:00,165.4,200,bid,WavyWalnuts,YieldingYams,8456406
2026-07-05T15:14:15.929573,2026-07-05T15:14:15.937257+00:00,165.5,20,bid,BrilliantBurritos,YieldingYams,8456415
2026-07-05T15:14:20.415121,2026-07-05T15:14:20.425448+00:00,165.3,200,ask,YieldingYams,WavyWalnuts,8456482
2026-07-05T15:14:21.623748,2026-07-05T15:14:21.643098+00:00,165.2,200,ask,YieldingYams,WavyWalnuts,8456496
2026-07-05T15:14:22.851248,2026-07-05T15:14:22.855210+00:00,165.1,23,bid,Xuanyu Liu,WavyWalnuts,8456509
2026-07-05T15:14:24.048465,2026-07-05T15:14:24.058614+00:00,165.0,200,ask,YieldingYams,WavyWalnuts,8456529
2026-07-05T15:14:24.843318,2026-07-05T15:14:24.858909+00:00,165.0,500,ask,AverageAlmonds,YieldingYams,8456541
2026-07-05T15:14:24.870550,2026-07-05T15:14:24.874784+00:00,165.0,11,bid,Xuanyu Liu,YieldingYams,8456543
2026-07-05T15:14:24.974027,2026-07-05T15:14:24.984207+00:00,165.0,114,bid,AverageAlmonds,YieldingYams,8456545
2026-07-05T15:14:26.151569,2026-07-05T15:14:26.158618+00:00,165.2,200,bid,YieldingYams,WavyWalnuts,8456565
2026-07-05T15:14:34.038183,2026-07-05T15:14:34.049443+00:00,165.2,500,ask,AverageAlmonds,YieldingYams,8456677
2026-07-05T15:14:34.843622,2026-07-05T15:14:34.858561+00:00,165.2,20,bid,BrilliantBurritos,YieldingYams,8456696
2026-07-05T15:14:34.950059,2026-07-05T15:14:34.960086+00:00,165.2,105,bid,WavyWalnuts,YieldingYams,8456699
2026-07-05T15:14:37.991540,2026-07-05T15:14:37.995418+00:00,165.4,3,bid,Xuanyu Liu,YieldingYams,8456740
2026-07-05T15:14:43.006799,2026-07-05T15:14:43.010880+00:00,165.5,14,bid,Xuanyu Liu,WavyWalnuts,8456809
2026-07-05T15:14:43.336235,2026-07-05T15:14:43.346027+00:00,165.5,20,bid,BrilliantBurritos,WavyWalnuts,8456815
2026-07-05T15:14:43.422713,2026-07-05T15:14:43.431516+00:00,165.4,200,ask,YieldingYams,WavyWalnuts,8456816
2026-07-05T15:14:45.841198,2026-07-05T15:14:45.848525+00:00,165.5,200,bid,WavyWalnuts,YieldingYams,8456856
2026-07-05T15:14:47.597438,2026-07-05T15:14:47.606926+00:00,165.4,20,ask,YieldingYams,BrilliantBurritos,8456878
2026-07-05T15:14:48.497459,2026-07-05T15:14:48.501309+00:00,165.6,11,ask,YieldingYams,Xuanyu Liu,8456895
2026-07-05T15:14:50.226650,2026-07-05T15:14:50.234127+00:00,165.7,25,bid,Harold Schneider,WavyWalnuts,8456929
2026-07-05T15:14:50.250915,2026-07-05T15:14:50.254823+00:00,165.7,10,bid,Xuanyu Liu,WavyWalnuts,8456932
2026-07-05T15:14:50.690021,2026-07-05T15:14:50.698604+00:00,165.5,200,ask,YieldingYams,WavyWalnuts,8456938
2026-07-05T15:14:51.921255,2026-07-05T15:14:51.928892+00:00,165.7,20,bid,BrilliantBurritos,YieldingYams,8456962
2026-07-05T15:14:55.599503,2026-07-05T15:14:55.603443+00:00,165.7,1,bid,Xuanyu Liu,WavyWalnuts,8457010
2026-07-05T15:14:56.244296,2026-07-05T15:14:56.258577+00:00,165.7,20,bid,BrilliantBurritos,WavyWalnuts,8457018
2026-07-05T15:14:58.973692,2026-07-05T15:14:58.984819+00:00,165.7,200,ask,WavyWalnuts,YieldingYams,8457046
2026-07-05T15:15:00.266061,2026-07-05T15:15:00.277879+00:00,165.7,25,bid,Harold Schneider,YieldingYams,8457064
2026-07-05T15:15:00.280711,2026-07-05T15:15:00.288179+00:00,165.6,10,bid,YieldingYams,Harold Schneider,8457065
2026-07-05T15:15:01.184480,2026-07-05T15:15:01.196314+00:00,165.7,20,ask,WavyWalnuts,BrilliantBurritos,8457077
2026-07-05T15:15:01.583992,2026-07-05T15:15:01.590718+00:00,165.8,200,bid,WavyWalnuts,YieldingYams,8457086
2026-07-05T15:15:01.964622,2026-07-05T15:15:01.969778+00:00,165.5,10,ask,Harold Schneider,Xuanyu Liu,8457098
2026-07-05T15:15:01.964622,2026-07-05T15:15:01.969778+00:00,165.5,1,ask,YieldingYams,Xuanyu Liu,8457099
2026-07-05T15:15:02.810393,2026-07-05T15:15:02.814314+00:00,165.7,3,ask,WavyWalnuts,Xuanyu Liu,8457113
2026-07-05T15:15:06.437453,2026-07-05T15:15:06.446329+00:00,165.8,200,ask,YieldingYams,WavyWalnuts,8457170
2026-07-05T15:15:12.446654,2026-07-05T15:15:12.458590+00:00,165.8,20,ask,WavyWalnuts,BrilliantBurritos,8457268
2026-07-05T15:15:14.589313,2026-07-05T15:15:14.596936+00:00,165.8,20,ask,YieldingYams,BrilliantBurritos,8457298
2026-07-05T15:15:14.926974,2026-07-05T15:15:14.937199+00:00,165.8,200,ask,YieldingYams,WavyWalnuts,8457304
2026-07-05T15:15:16.137174,2026-07-05T15:15:16.147289+00:00,165.9,200,ask,YieldingYams,WavyWalnuts,8457322
2026-07-05T15:15:17.098427,2026-07-05T15:15:17.108507+00:00,165.9,425,ask,YieldingYams,AverageAlmonds,8457331
2026-07-05T15:15:17.705924,2026-07-05T15:15:17.709366+00:00,165.8,3,bid,Xuanyu Liu,AverageAlmonds,8457341
2026-07-05T15:15:18.567571,2026-07-05T15:15:18.574425+00:00,165.7,200,bid,WavyWalnuts,AverageAlmonds,8457352
2026-07-05T15:15:18.662811,2026-07-05T15:15:18.674683+00:00,165.7,300,bid,YieldingYams,AverageAlmonds,8457354
2026-07-05T15:15:18.892666,2026-07-05T15:15:18.900311+00:00,165.7,325,ask,YieldingYams,AverageAlmonds,8457359
2026-07-05T15:15:20.949673,2026-07-05T15:15:20.953541+00:00,165.5,3,ask,WavyWalnuts,Xuanyu Liu,8457393
2026-07-05T15:15:22.202100,2026-07-05T15:15:22.212672+00:00,165.4,200,ask,YieldingYams,WavyWalnuts,8457415
2026-07-05T15:15:22.857801,2026-07-05T15:15:22.869954+00:00,165.4,20,ask,YieldingYams,BrilliantBurritos,8457426
2026-07-05T15:15:23.906847,2026-07-05T15:15:23.918593+00:00,165.5,200,bid,YieldingYams,WavyWalnuts,8457448
2026-07-05T15:15:24.618395,2026-07-05T15:15:24.629315+00:00,165.6,200,ask,YieldingYams,WavyWalnuts,8457463
2026-07-05T15:15:24.982966,2026-07-05T15:15:24.987498+00:00,165.5,6,bid,Xuanyu Liu,AverageAlmonds,8457472
2026-07-05T15:15:25.825383,2026-07-05T15:15:25.834703+00:00,165.5,200,bid,WavyWalnuts,AverageAlmonds,8457485
2026-07-05T15:15:28.479162,2026-07-05T15:15:28.488730+00:00,165.5,20,ask,WavyWalnuts,BrilliantBurritos,8457533
2026-07-05T15:15:28.611461,2026-07-05T15:15:28.622594+00:00,165.5,180,ask,WavyWalnuts,AverageAlmonds,8457539
2026-07-05T15:15:30.451304,2026-07-05T15:15:30.469007+00:00,165.5,500,bid,YieldingYams,AverageAlmonds,8457561
2026-07-05T15:15:32.834667,2026-07-05T15:15:32.842028+00:00,165.5,200,ask,WavyWalnuts,AverageAlmonds,8457589
2026-07-05T15:15:34.299243,2026-07-05T15:15:34.309182+00:00,165.4,200,bid,WavyWalnuts,AverageAlmonds,8457611
2026-07-05T15:15:35.273862,2026-07-05T15:15:35.285135+00:00,165.3,500,ask,YieldingYams,AverageAlmonds,8457627
2026-07-05T15:15:35.337475,2026-07-05T15:15:35.347508+00:00,165.3,20,ask,YieldingYams,BrilliantBurritos,8457631
2026-07-05T15:15:35.868574,2026-07-05T15:15:35.876703+00:00,165.3,500,ask,YieldingYams,AverageAlmonds,8457637
2026-07-05T15:15:36.472255,2026-07-05T15:15:36.479510+00:00,165.3,125,ask,YieldingYams,AverageAlmonds,8457642
2026-07-05T15:15:36.472255,2026-07-05T15:15:36.484758+00:00,165.2,200,ask,WavyWalnuts,AverageAlmonds,8457643
2026-07-05T15:15:36.491638,2026-07-05T15:15:36.495365+00:00,165.2,20,bid,Xuanyu Liu,AverageAlmonds,8457645
2026-07-05T15:15:36.771530,2026-07-05T15:15:36.775576+00:00,165.1,26,ask,WavyWalnuts,Xuanyu Liu,8457652
2026-07-05T15:15:39.620690,2026-07-05T15:15:39.632587+00:00,165.0,200,bid,YieldingYams,WavyWalnuts,8457691
2026-07-05T15:15:40.357838,2026-07-05T15:15:40.361733+00:00,165.1,3,bid,Xuanyu Liu,WavyWalnuts,8457703
2026-07-05T15:15:40.731720,2026-07-05T15:15:40.743726+00:00,165.0,20,ask,YieldingYams,BrilliantBurritos,8457707
2026-07-05T15:15:43.993066,2026-07-05T15:15:43.998031+00:00,165.0,3,ask,WavyWalnuts,Xuanyu Liu,8457762
2026-07-05T15:15:44.858542,2026-07-05T15:15:44.870355+00:00,165.0,197,ask,WavyWalnuts,YieldingYams,8457777
2026-07-05T15:15:47.503136,2026-07-05T15:15:47.514505+00:00,164.9,200,ask,WavyWalnuts,YieldingYams,8457818
2026-07-05T15:15:47.612502,2026-07-05T15:15:47.621035+00:00,164.9,200,bid,WavyWalnuts,YieldingYams,8457821
2026-07-05T15:15:50.355293,2026-07-05T15:15:50.358567+00:00,164.9,25,ask,WavyWalnuts,Harold Schneider,8457856
2026-07-05T15:15:50.382355,2026-07-05T15:15:50.386125+00:00,164.9,3,ask,WavyWalnuts,Xuanyu Liu,8457859
2026-07-05T15:15:51.252875,2026-07-05T15:15:51.258662+00:00,165.0,200,bid,WavyWalnuts,YieldingYams,8457874
2026-07-05T15:15:52.466445,2026-07-05T15:15:52.475464+00:00,164.9,200,bid,WavyWalnuts,YieldingYams,8457886
2026-07-05T15:15:54.905942,2026-07-05T15:15:54.910329+00:00,165.0,11,ask,WavyWalnuts,Xuanyu Liu,8457914
2026-07-05T15:15:55.389326,2026-07-05T15:15:55.398291+00:00,165.0,25,ask,WavyWalnuts,Harold Schneider,8457922
2026-07-05T15:15:55.414418,2026-07-05T15:15:55.418199+00:00,165.0,10,ask,WavyWalnuts,Xuanyu Liu,8457925
2026-07-05T15:15:55.775785,2026-07-05T15:15:55.779521+00:00,165.2,10,bid,Xuanyu Liu,WavyWalnuts,8457935
2026-07-05T15:15:56.683469,2026-07-05T15:15:56.693092+00:00,165.3,20,bid,BrilliantBurritos,YieldingYams,8457954
2026-07-05T15:15:58.006085,2026-07-05T15:15:58.014825+00:00,165.2,200,ask,WavyWalnuts,YieldingYams,8457970
2026-07-05T15:15:58.526195,2026-07-05T15:15:58.537511+00:00,165.1,200,bid,WavyWalnuts,YieldingYams,8457982
2026-07-05T15:16:00.640596,2026-07-05T15:16:00.644252+00:00,165.3,11,ask,YieldingYams,Xuanyu Liu,8458007
2026-07-05T15:16:00.949944,2026-07-05T15:16:00.961263+00:00,165.3,200,ask,YieldingYams,WavyWalnuts,8458009
2026-07-05T15:16:01.134238,2026-07-05T15:16:01.146393+00:00,165.3,20,ask,YieldingYams,BrilliantBurritos,8458010
2026-07-05T15:16:02.053913,2026-07-05T15:16:02.058930+00:00,165.2,22,bid,Xuanyu Liu,YieldingYams,8458021
2026-07-05T15:16:03.605545,2026-07-05T15:16:03.617619+00:00,165.0,20,ask,WavyWalnuts,BrilliantBurritos,8458041
2026-07-05T15:16:04.362799,2026-07-05T15:16:04.375177+00:00,165.0,20,ask,WavyWalnuts,BrilliantBurritos,8458048
2026-07-05T15:16:08.365105,2026-07-05T15:16:08.369420+00:00,165.2,3,bid,Xuanyu Liu,WavyWalnuts,8458114
2026-07-05T15:16:08.521582,2026-07-05T15:16:08.529922+00:00,165.2,197,bid,YieldingYams,WavyWalnuts,8458119
2026-07-05T15:16:09.435745,2026-07-05T15:16:09.446367+00:00,165.2,200,ask,YieldingYams,WavyWalnuts,8458127
2026-07-05T15:16:10.457056,2026-07-05T15:16:10.464068+00:00,165.4,2,bid,Harold Schneider,YieldingYams,8458148
2026-07-05T15:16:11.062411,2026-07-05T15:16:11.074236+00:00,165.2,20,ask,WavyWalnuts,BrilliantBurritos,8458159
2026-07-05T15:16:12.542367,2026-07-05T15:16:12.554155+00:00,165.4,20,bid,BrilliantBurritos,YieldingYams,8458178
2026-07-05T15:16:15.083504,2026-07-05T15:16:15.091024+00:00,165.3,200,ask,WavyWalnuts,YieldingYams,8458220
2026-07-05T15:16:15.103032,2026-07-05T15:16:15.107561+00:00,165.3,3,bid,Xuanyu Liu,YieldingYams,8458222
2026-07-05T15:16:15.491617,2026-07-05T15:16:15.502932+00:00,165.3,25,bid,Harold Schneider,YieldingYams,8458229
2026-07-05T15:16:15.501186,2026-07-05T15:16:15.508247+00:00,165.3,200,bid,WavyWalnuts,YieldingYams,8458230
2026-07-05T15:16:15.533582,2026-07-05T15:16:15.545533+00:00,165.3,2,bid,Harold Schneider,YieldingYams,8458233
2026-07-05T15:16:16.842472,2026-07-05T15:16:16.858613+00:00,165.1,20,ask,YieldingYams,BrilliantBurritos,8458254
2026-07-05T15:16:17.933463,2026-07-05T15:16:17.937788+00:00,165.2,3,ask,YieldingYams,Xuanyu Liu,8458273
2026-07-05T15:16:20.335622,2026-07-05T15:16:20.344183+00:00,165.2,200,ask,WavyWalnuts,YieldingYams,8458307
2026-07-05T15:16:20.348940,2026-07-05T15:16:20.359893+00:00,165.2,200,bid,WavyWalnuts,YieldingYams,8458309
2026-07-05T15:16:20.548281,2026-07-05T15:16:20.564010+00:00,165.0,2,ask,AverageAlmonds,Harold Schneider,8458311
2026-07-05T15:16:22.771293,2026-07-05T15:16:22.780436+00:00,165.1,200,ask,YieldingYams,WavyWalnuts,8458348
2026-07-05T15:16:23.982629,2026-07-05T15:16:23.991172+00:00,165.2,200,ask,YieldingYams,WavyWalnuts,8458364
2026-07-05T15:16:25.189843,2026-07-05T15:16:25.200164+00:00,165.2,200,ask,AverageAlmonds,WavyWalnuts,8458377
2026-07-05T15:16:25.566249,2026-07-05T15:16:25.578025+00:00,165.2,2,ask,AverageAlmonds,Harold Schneider,8458382
2026-07-05T15:16:25.790515,2026-07-05T15:16:25.802604+00:00,165.2,20,ask,AverageAlmonds,BrilliantBurritos,8458384
2026-07-05T15:16:27.333283,2026-07-05T15:16:27.340933+00:00,165.3,500,bid,AverageAlmonds,YieldingYams,8458407
2026-07-05T15:16:27.953792,2026-07-05T15:16:27.958597+00:00,165.3,125,bid,AverageAlmonds,YieldingYams,8458422
2026-07-05T15:16:29.165509,2026-07-05T15:16:29.196199+00:00,165.5,200,bid,AverageAlmonds,WavyWalnuts,8458444
2026-07-05T15:16:29.191856,2026-07-05T15:16:29.196199+00:00,165.5,3,ask,AverageAlmonds,Xuanyu Liu,8458446
2026-07-05T15:16:30.342971,2026-07-05T15:16:30.352782+00:00,165.6,20,bid,BrilliantBurritos,YieldingYams,8458462
2026-07-05T15:16:30.578391,2026-07-05T15:16:30.589977+00:00,165.4,21,ask,AverageAlmonds,Harold Schneider,8458474
2026-07-05T15:16:30.595955,2026-07-05T15:16:30.605689+00:00,165.4,2,ask,AverageAlmonds,Harold Schneider,8458476
2026-07-05T15:16:30.834132,2026-07-05T15:16:30.844513+00:00,165.4,477,ask,AverageAlmonds,YieldingYams,8458481
2026-07-05T15:16:30.972096,2026-07-05T15:16:30.984008+00:00,165.4,148,bid,AverageAlmonds,YieldingYams,8458482
2026-07-05T15:16:31.238322,2026-07-05T15:16:31.247270+00:00,165.5,200,ask,AverageAlmonds,WavyWalnuts,8458488
2026-07-05T15:16:31.601806,2026-07-05T15:16:31.606300+00:00,165.6,11,ask,AverageAlmonds,Xuanyu Liu,8458492
2026-07-05T15:16:32.449933,2026-07-05T15:16:32.474326+00:00,165.6,200,ask,AverageAlmonds,WavyWalnuts,8458508
2026-07-05T15:16:33.692331,2026-07-05T15:16:33.697135+00:00,165.7,14,bid,Xuanyu Liu,YieldingYams,8458526
2026-07-05T15:16:34.870678,2026-07-05T15:16:34.878130+00:00,165.6,200,ask,AverageAlmonds,WavyWalnuts,8458550
2026-07-05T15:16:35.612915,2026-07-05T15:16:35.624885+00:00,165.7,2,ask,AverageAlmonds,Harold Schneider,8458561
2026-07-05T15:16:38.247303,2026-07-05T15:16:38.264101+00:00,165.5,20,ask,YieldingYams,BrilliantBurritos,8458594
2026-07-05T15:16:38.513387,2026-07-05T15:16:38.520385+00:00,165.5,200,ask,YieldingYams,WavyWalnuts,8458600
2026-07-05T15:16:41.295378,2026-07-05T15:16:41.300046+00:00,165.4,14,ask,AverageAlmonds,Xuanyu Liu,8458644
2026-07-05T15:16:41.343907,2026-07-05T15:16:41.353805+00:00,165.4,486,ask,AverageAlmonds,YieldingYams,8458646
2026-07-05T15:16:43.089862,2026-07-05T15:16:43.123305+00:00,165.5,200,bid,AverageAlmonds,WavyWalnuts,8458662
2026-07-05T15:16:43.119111,2026-07-05T15:16:43.123305+00:00,165.5,12,ask,AverageAlmonds,Xuanyu Liu,8458664
2026-07-05T15:16:43.234529,2026-07-05T15:16:43.239071+00:00,165.5,11,ask,AverageAlmonds,Xuanyu Liu,8458668
2026-07-05T15:16:44.295455,2026-07-05T15:16:44.305407+00:00,165.6,200,bid,AverageAlmonds,WavyWalnuts,8458681
2026-07-05T15:16:44.321013,2026-07-05T15:16:44.325312+00:00,165.6,12,ask,AverageAlmonds,Xuanyu Liu,8458683
2026-07-05T15:16:44.896082,2026-07-05T15:16:44.902701+00:00,165.7,500,bid,AverageAlmonds,YieldingYams,8458698
2026-07-05T15:16:45.295524,2026-07-05T15:16:45.299546+00:00,165.7,11,ask,YieldingYams,Xuanyu Liu,8458706
2026-07-05T15:16:45.492994,2026-07-05T15:16:45.500479+00:00,165.8,200,bid,AverageAlmonds,WavyWalnuts,8458707
2026-07-05T15:16:45.527079,2026-07-05T15:16:45.531849+00:00,165.8,11,ask,AverageAlmonds,Xuanyu Liu,8458710
2026-07-05T15:16:46.346546,2026-07-05T15:16:46.350345+00:00,165.9,11,bid,Xuanyu Liu,YieldingYams,8458721
2026-07-05T15:16:47.546744,2026-07-05T15:16:47.550449+00:00,166.0,11,bid,Xuanyu Liu,YieldingYams,8458750
2026-07-05T15:16:47.920375,2026-07-05T15:16:47.924213+00:00,165.9,12,bid,Xuanyu Liu,YieldingYams,8458762
2026-07-05T15:16:47.938983,2026-07-05T15:16:47.950284+00:00,165.9,500,bid,AverageAlmonds,YieldingYams,8458763
2026-07-05T15:16:48.206290,2026-07-05T15:16:48.214581+00:00,165.9,113,bid,WavyWalnuts,YieldingYams,8458771
2026-07-05T15:16:49.429146,2026-07-05T15:16:49.438151+00:00,166.1,200,ask,YieldingYams,WavyWalnuts,8458802
2026-07-05T15:16:49.564773,2026-07-05T15:16:49.568453+00:00,166.4,11,bid,Xuanyu Liu,YieldingYams,8458805
2026-07-05T15:16:50.538215,2026-07-05T15:16:50.541817+00:00,166.2,23,bid,Xuanyu Liu,YieldingYams,8458819
2026-07-05T15:16:50.655268,2026-07-05T15:16:50.659096+00:00,166.1,3,bid,Xuanyu Liu,WavyWalnuts,8458822
2026-07-05T15:16:52.726065,2026-07-05T15:16:52.730027+00:00,165.9,3,ask,YieldingYams,Xuanyu Liu,8458852
2026-07-05T15:16:53.070237,2026-07-05T15:16:53.077954+00:00,165.9,200,ask,YieldingYams,WavyWalnuts,8458859
2026-07-05T15:16:56.695375,2026-07-05T15:16:56.706102+00:00,166.0,200,bid,WavyWalnuts,YieldingYams,8458922
2026-07-05T15:16:57.014956,2026-07-05T15:16:57.026507+00:00,166.0,425,bid,AverageAlmonds,YieldingYams,8458930
2026-07-05T15:16:58.508755,2026-07-05T15:16:58.523868+00:00,166.2,20,bid,BrilliantBurritos,WavyWalnuts,8458954
2026-07-05T15:16:59.717906,2026-07-05T15:16:59.728414+00:00,166.2,200,bid,YieldingYams,WavyWalnuts,8458968
2026-07-05T15:17:00.250648,2026-07-05T15:17:00.258578+00:00,166.2,20,ask,YieldingYams,BrilliantBurritos,8458972
2026-07-05T15:17:01.034284,2026-07-05T15:17:01.052663+00:00,166.2,200,ask,WavyWalnuts,YieldingYams,8458983
2026-07-05T15:17:01.048722,2026-07-05T15:17:01.052663+00:00,166.2,3,bid,Xuanyu Liu,YieldingYams,8458986
2026-07-05T15:17:01.526710,2026-07-05T15:17:01.534265+00:00,166.2,200,bid,WavyWalnuts,YieldingYams,8458995
2026-07-05T15:17:03.951829,2026-07-05T15:17:03.963611+00:00,166.2,200,ask,YieldingYams,WavyWalnuts,8459039
2026-07-05T15:17:06.373327,2026-07-05T15:17:06.382463+00:00,166.2,200,ask,YieldingYams,WavyWalnuts,8459086
2026-07-05T15:17:08.579561,2026-07-05T15:17:08.583373+00:00,166.1,3,ask,WavyWalnuts,Xuanyu Liu,8459112
2026-07-05T15:17:08.930316,2026-07-05T15:17:08.934276+00:00,166.2,11,ask,YieldingYams,Xuanyu Liu,8459120
2026-07-05T15:17:08.974199,2026-07-05T15:17:08.983059+00:00,166.2,20,ask,YieldingYams,BrilliantBurritos,8459121
2026-07-05T15:17:14.988591,2026-07-05T15:17:15.000181+00:00,166.3,20,bid,BrilliantBurritos,WavyWalnuts,8459201
2026-07-05T15:17:15.471545,2026-07-05T15:17:15.480508+00:00,166.3,180,bid,YieldingYams,WavyWalnuts,8459205
2026-07-05T15:17:16.072542,2026-07-05T15:17:16.082800+00:00,166.3,200,ask,YieldingYams,WavyWalnuts,8459216
2026-07-05T15:17:16.268843,2026-07-05T15:17:16.279738+00:00,166.6,20,bid,BrilliantBurritos,YieldingYams,8459219
2026-07-05T15:17:19.408816,2026-07-05T15:17:19.415296+00:00,166.3,200,bid,YieldingYams,WavyWalnuts,8459258
2026-07-05T15:17:19.706319,2026-07-05T15:17:19.715796+00:00,166.4,200,ask,YieldingYams,WavyWalnuts,8459263
2026-07-05T15:17:22.147627,2026-07-05T15:17:22.152019+00:00,166.2,12,ask,WavyWalnuts,Xuanyu Liu,8459300
2026-07-05T15:17:23.369605,2026-07-05T15:17:23.373534+00:00,166.3,11,ask,YieldingYams,Xuanyu Liu,8459314
2026-07-05T15:17:24.558625,2026-07-05T15:17:24.570490+00:00,166.3,200,ask,YieldingYams,WavyWalnuts,8459331
2026-07-05T15:17:25.985879,2026-07-05T15:17:26.008204+00:00,166.2,200,ask,WavyWalnuts,YieldingYams,8459353
2026-07-05T15:17:26.003707,2026-07-05T15:17:26.008204+00:00,166.2,11,bid,Xuanyu Liu,YieldingYams,8459355
2026-07-05T15:17:26.072335,2026-07-05T15:17:26.079264+00:00,166.2,414,bid,AverageAlmonds,YieldingYams,8459356
2026-07-05T15:17:26.545778,2026-07-05T15:17:26.553322+00:00,166.2,20,ask,AverageAlmonds,BrilliantBurritos,8459363
2026-07-05T15:17:26.982903,2026-07-05T15:17:26.993385+00:00,166.3,20,ask,WavyWalnuts,BrilliantBurritos,8459368
2026-07-05T15:17:27.305235,2026-07-05T15:17:27.315257+00:00,166.3,180,ask,WavyWalnuts,YieldingYams,8459374
2026-07-05T15:17:27.880497,2026-07-05T15:17:27.890506+00:00,166.3,445,bid,AverageAlmonds,YieldingYams,8459381
2026-07-05T15:17:28.527205,2026-07-05T15:17:28.536635+00:00,166.4,200,bid,AverageAlmonds,WavyWalnuts,8459390
2026-07-05T15:17:29.398380,2026-07-05T15:17:29.405806+00:00,166.3,200,ask,YieldingYams,WavyWalnuts,8459402
2026-07-05T15:17:29.927221,2026-07-05T15:17:29.936644+00:00,166.4,500,ask,AverageAlmonds,YieldingYams,8459410
2026-07-05T15:17:31.817362,2026-07-05T15:17:31.827382+00:00,166.4,200,ask,YieldingYams,WavyWalnuts,8459438
2026-07-05T15:17:35.204136,2026-07-05T15:17:35.231981+00:00,166.4,200,bid,YieldingYams,WavyWalnuts,8459495
2026-07-05T15:17:35.228189,2026-07-05T15:17:35.231981+00:00,166.4,11,ask,YieldingYams,Xuanyu Liu,8459500
2026-07-05T15:17:35.457805,2026-07-05T15:17:35.469447+00:00,166.4,200,ask,YieldingYams,WavyWalnuts,8459501
2026-07-05T15:17:36.680066,2026-07-05T15:17:36.683883+00:00,166.5,12,ask,WavyWalnuts,Xuanyu Liu,8459523
2026-07-05T15:17:37.823248,2026-07-05T15:17:37.832318+00:00,166.5,188,ask,WavyWalnuts,YieldingYams,8459540
2026-07-05T15:17:41.752861,2026-07-05T15:17:41.769046+00:00,166.6,200,bid,YieldingYams,WavyWalnuts,8459588
2026-07-05T15:17:42.728378,2026-07-05T15:17:42.737085+00:00,166.6,200,ask,YieldingYams,WavyWalnuts,8459609
2026-07-05T15:17:44.374378,2026-07-05T15:17:44.387207+00:00,166.4,20,ask,WavyWalnuts,BrilliantBurritos,8459624
2026-07-05T15:17:47.010741,2026-07-05T15:17:47.018486+00:00,166.3,200,ask,WavyWalnuts,YieldingYams,8459658
2026-07-05T15:17:47.573556,2026-07-05T15:17:47.580154+00:00,166.3,200,bid,WavyWalnuts,YieldingYams,8459665
2026-07-05T15:17:48.785904,2026-07-05T15:17:48.796284+00:00,166.3,200,ask,YieldingYams,WavyWalnuts,8459683
2026-07-05T15:17:52.971548,2026-07-05T15:17:52.983645+00:00,166.6,20,bid,BrilliantBurritos,YieldingYams,8459735
2026-07-05T15:17:53.574106,2026-07-05T15:17:53.581241+00:00,166.5,200,ask,WavyWalnuts,YieldingYams,8459746
2026-07-05T15:17:53.592762,2026-07-05T15:17:53.596803+00:00,166.5,12,bid,Xuanyu Liu,YieldingYams,8459748
2026-07-05T15:17:54.048351,2026-07-05T15:17:54.052589+00:00,166.5,11,bid,Xuanyu Liu,YieldingYams,8459757
2026-07-05T15:17:56.200268,2026-07-05T15:17:56.222716+00:00,166.3,200,ask,WavyWalnuts,YieldingYams,8459786
2026-07-05T15:17:56.218410,2026-07-05T15:17:56.222716+00:00,166.3,23,bid,Xuanyu Liu,YieldingYams,8459789
2026-07-05T15:17:57.259390,2026-07-05T15:17:57.269379+00:00,166.3,200,bid,WavyWalnuts,YieldingYams,8459805
2026-07-05T15:17:59.181690,2026-07-05T15:17:59.193720+00:00,166.4,20,bid,BrilliantBurritos,YieldingYams,8459831
2026-07-05T15:17:59.680073,2026-07-05T15:17:59.687561+00:00,166.4,200,bid,WavyWalnuts,YieldingYams,8459838
2026-07-05T15:18:00.153704,2026-07-05T15:18:00.158376+00:00,166.4,11,ask,YieldingYams,Xuanyu Liu,8459849
2026-07-05T15:18:01.784541,2026-07-05T15:18:01.791401+00:00,166.4,20,ask,YieldingYams,BrilliantBurritos,8459877
2026-07-05T15:18:02.106083,2026-07-05T15:18:02.116021+00:00,166.4,200,ask,YieldingYams,WavyWalnuts,8459879
2026-07-05T15:18:08.709624,2026-07-05T15:18:08.719118+00:00,166.4,20,bid,BrilliantBurritos,WavyWalnuts,8459991
2026-07-05T15:18:10.600340,2026-07-05T15:18:10.611250+00:00,166.2,200,ask,YieldingYams,WavyWalnuts,8460014
2026-07-05T15:18:11.931963,2026-07-05T15:18:11.942418+00:00,166.1,200,ask,WavyWalnuts,YieldingYams,8460036
2026-07-05T15:18:12.323122,2026-07-05T15:18:12.335039+00:00,165.9,20,ask,YieldingYams,BrilliantBurritos,8460042
2026-07-05T15:18:13.018310,2026-07-05T15:18:13.027985+00:00,166.1,200,bid,WavyWalnuts,YieldingYams,8460051
2026-07-05T15:18:13.989344,2026-07-05T15:18:14.001119+00:00,166.1,20,ask,YieldingYams,BrilliantBurritos,8460061
2026-07-05T15:18:18.381860,2026-07-05T15:18:18.394067+00:00,166.4,20,bid,BrilliantBurritos,YieldingYams,8460119
2026-07-05T15:18:18.497205,2026-07-05T15:18:18.501692+00:00,166.2,11,bid,Xuanyu Liu,YieldingYams,8460127
2026-07-05T15:18:21.507784,2026-07-05T15:18:21.514970+00:00,166.1,200,ask,YieldingYams,WavyWalnuts,8460153
2026-07-05T15:18:22.007069,2026-07-05T15:18:22.019103+00:00,166.1,20,ask,YieldingYams,BrilliantBurritos,8460160
2026-07-05T15:18:23.388945,2026-07-05T15:18:23.397168+00:00,166.1,20,ask,YieldingYams,BrilliantBurritos,8460171
2026-07-05T15:18:26.640769,2026-07-05T15:18:26.647609+00:00,166.1,500,bid,AverageAlmonds,YieldingYams,8460220
2026-07-05T15:18:27.235437,2026-07-05T15:18:27.243801+00:00,166.1,125,bid,AverageAlmonds,YieldingYams,8460225
2026-07-05T15:18:27.573159,2026-07-05T15:18:27.583837+00:00,166.2,200,ask,AverageAlmonds,WavyWalnuts,8460231
2026-07-05T15:18:28.781789,2026-07-05T15:18:28.789832+00:00,166.2,200,ask,YieldingYams,WavyWalnuts,8460254
2026-07-05T15:18:28.987269,2026-07-05T15:18:28.991125+00:00,166.3,3,bid,Xuanyu Liu,YieldingYams,8460262
2026-07-05T15:18:30.864892,2026-07-05T15:18:30.869219+00:00,166.0,37,ask,WavyWalnuts,Xuanyu Liu,8460284
2026-07-05T15:18:30.902370,2026-07-05T15:18:30.906190+00:00,166.1,12,ask,AverageAlmonds,Xuanyu Liu,8460287
2026-07-05T15:18:31.619384,2026-07-05T15:18:31.627622+00:00,166.1,500,ask,AverageAlmonds,YieldingYams,8460299
2026-07-05T15:18:32.064241,2026-07-05T15:18:32.068074+00:00,166.1,23,bid,Xuanyu Liu,YieldingYams,8460308
2026-07-05T15:18:33.451226,2026-07-05T15:18:33.457867+00:00,166.2,20,bid,BrilliantBurritos,WavyWalnuts,8460332
2026-07-05T15:18:36.876664,2026-07-05T15:18:36.897964+00:00,166.1,200,ask,WavyWalnuts,YieldingYams,8460397
2026-07-05T15:18:36.894007,2026-07-05T15:18:36.897964+00:00,166.0,12,bid,Xuanyu Liu,YieldingYams,8460399
2026-07-05T15:18:42.089490,2026-07-05T15:18:42.093300+00:00,166.0,11,bid,Xuanyu Liu,WavyWalnuts,8460484
2026-07-05T15:18:42.128012,2026-07-05T15:18:42.136621+00:00,166.0,189,bid,YieldingYams,WavyWalnuts,8460485
2026-07-05T15:18:46.068429,2026-07-05T15:18:46.077406+00:00,165.9,200,ask,WavyWalnuts,YieldingYams,8460542
2026-07-05T15:18:46.909212,2026-07-05T15:18:46.918034+00:00,165.9,200,bid,WavyWalnuts,YieldingYams,8460556
2026-07-05T15:18:47.392382,2026-07-05T15:18:47.396587+00:00,165.9,23,ask,YieldingYams,Xuanyu Liu,8460568
2026-07-05T15:18:51.041313,2026-07-05T15:18:51.045294+00:00,165.9,11,ask,WavyWalnuts,Xuanyu Liu,8460621
2026-07-05T15:18:51.311003,2026-07-05T15:18:51.322378+00:00,166.0,500,bid,YieldingYams,AverageAlmonds,8460623
2026-07-05T15:18:51.328339,2026-07-05T15:18:51.332056+00:00,166.0,12,ask,YieldingYams,Xuanyu Liu,8460625
2026-07-05T15:18:51.454650,2026-07-05T15:18:51.464230+00:00,166.0,113,ask,YieldingYams,AverageAlmonds,8460627
2026-07-05T15:18:52.953003,2026-07-05T15:18:52.969061+00:00,165.9,200,bid,WavyWalnuts,YieldingYams,8460644
2026-07-05T15:18:54.161223,2026-07-05T15:18:54.170890+00:00,165.8,200,bid,WavyWalnuts,YieldingYams,8460667
2026-07-05T15:18:55.368157,2026-07-05T15:18:55.379387+00:00,165.8,200,bid,WavyWalnuts,YieldingYams,8460689
2026-07-05T15:18:56.607186,2026-07-05T15:18:56.614974+00:00,165.8,200,bid,WavyWalnuts,YieldingYams,8460712
2026-07-05T15:19:00.469747,2026-07-05T15:19:00.473694+00:00,165.9,23,bid,Xuanyu Liu,YieldingYams,8460763
2026-07-05T15:19:03.128899,2026-07-05T15:19:03.133570+00:00,165.8,12,bid,Xuanyu Liu,YieldingYams,8460809
2026-07-05T15:19:03.868178,2026-07-05T15:19:03.879714+00:00,165.8,200,bid,WavyWalnuts,YieldingYams,8460823
2026-07-05T15:19:04.438724,2026-07-05T15:19:04.442661+00:00,165.7,11,bid,Xuanyu Liu,YieldingYams,8460834
2026-07-05T15:19:09.573789,2026-07-05T15:19:09.585971+00:00,165.8,20,bid,BrilliantBurritos,YieldingYams,8460927
2026-07-05T15:19:09.920349,2026-07-05T15:19:09.927276+00:00,165.6,200,ask,YieldingYams,WavyWalnuts,8460936
2026-07-05T15:19:10.998899,2026-07-05T15:19:11.002781+00:00,165.6,3,bid,Xuanyu Liu,YieldingYams,8460948
2026-07-05T15:19:15.132303,2026-07-05T15:19:15.136527+00:00,165.7,3,bid,Xuanyu Liu,WavyWalnuts,8461006
2026-07-05T15:19:15.927592,2026-07-05T15:19:15.938936+00:00,165.7,25,bid,Harold Schneider,WavyWalnuts,8461018
2026-07-05T15:19:15.950499,2026-07-05T15:19:15.954756+00:00,165.7,10,bid,Xuanyu Liu,WavyWalnuts,8461020
2026-07-05T15:19:17.184375,2026-07-05T15:19:17.191177+00:00,165.7,200,bid,WavyWalnuts,YieldingYams,8461037
2026-07-05T15:19:18.394172,2026-07-05T15:19:18.401348+00:00,165.8,200,bid,WavyWalnuts,YieldingYams,8461055
2026-07-05T15:19:19.943064,2026-07-05T15:19:19.951355+00:00,165.9,20,bid,BrilliantBurritos,YieldingYams,8461088
2026-07-05T15:19:23.246621,2026-07-05T15:19:23.250543+00:00,166.0,10,ask,WavyWalnuts,Xuanyu Liu,8461133
2026-07-05T15:19:24.442575,2026-07-05T15:19:24.464040+00:00,166.1,200,bid,WavyWalnuts,YieldingYams,8461148
2026-07-05T15:19:25.650733,2026-07-05T15:19:25.659627+00:00,166.0,200,bid,WavyWalnuts,YieldingYams,8461174
2026-07-05T15:19:26.010544,2026-07-05T15:19:26.016925+00:00,166.0,2,bid,Harold Schneider,YieldingYams,8461177
2026-07-05T15:19:28.076426,2026-07-05T15:19:28.085436+00:00,166.0,200,bid,WavyWalnuts,AverageAlmonds,8461203
2026-07-05T15:19:29.629588,2026-07-05T15:19:29.637875+00:00,165.9,500,ask,YieldingYams,AverageAlmonds,8461225
2026-07-05T15:19:30.705047,2026-07-05T15:19:30.708914+00:00,165.9,11,bid,Xuanyu Liu,YieldingYams,8461234
2026-07-05T15:19:31.027848,2026-07-05T15:19:31.039517+00:00,165.9,25,bid,Harold Schneider,YieldingYams,8461240
2026-07-05T15:19:31.039175,2026-07-05T15:19:31.050955+00:00,165.9,2,bid,Harold Schneider,YieldingYams,8461241
2026-07-05T15:19:36.056686,2026-07-05T15:19:36.068573+00:00,165.9,2,bid,Harold Schneider,YieldingYams,8461324
2026-07-05T15:19:39.865263,2026-07-05T15:19:39.877080+00:00,165.6,200,bid,YieldingYams,WavyWalnuts,8461374
2026-07-05T15:19:40.189901,2026-07-05T15:19:40.196805+00:00,165.6,200,ask,YieldingYams,WavyWalnuts,8461380
2026-07-05T15:19:41.075993,2026-07-05T15:19:41.087946+00:00,165.9,2,bid,Harold Schneider,YieldingYams,8461398
2026-07-05T15:19:41.578402,2026-07-05T15:19:41.590412+00:00,165.5,20,ask,YieldingYams,BrilliantBurritos,8461408
2026-07-05T15:19:43.804014,2026-07-05T15:19:43.813255+00:00,165.6,200,bid,YieldingYams,WavyWalnuts,8461434
2026-07-05T15:19:43.804014,2026-07-05T15:19:43.813255+00:00,165.6,425,bid,YieldingYams,AverageAlmonds,8461435
2026-07-05T15:19:46.094072,2026-07-05T15:19:46.101034+00:00,165.5,2,bid,Harold Schneider,WavyWalnuts,8461466
2026-07-05T15:19:46.753756,2026-07-05T15:19:46.757588+00:00,165.5,23,bid,Xuanyu Liu,WavyWalnuts,8461480
2026-07-05T15:19:47.489492,2026-07-05T15:19:47.493969+00:00,165.4,12,bid,Xuanyu Liu,WavyWalnuts,8461496
2026-07-05T15:19:49.058409,2026-07-05T15:19:49.069948+00:00,165.4,200,bid,YieldingYams,WavyWalnuts,8461526
2026-07-05T15:19:51.089957,2026-07-05T15:19:51.097831+00:00,165.4,200,bid,WavyWalnuts,YieldingYams,8461557
2026-07-05T15:19:51.112510,2026-07-05T15:19:51.119553+00:00,165.4,25,bid,Harold Schneider,YieldingYams,8461559
2026-07-05T15:19:52.298109,2026-07-05T15:19:52.309367+00:00,165.3,200,bid,WavyWalnuts,YieldingYams,8461576
2026-07-05T15:19:54.312730,2026-07-05T15:19:54.322855+00:00,165.3,200,bid,YieldingYams,WavyWalnuts,8461611
2026-07-05T15:19:54.312730,2026-07-05T15:19:54.322855+00:00,165.4,425,bid,YieldingYams,AverageAlmonds,8461612
2026-07-05T15:19:54.900818,2026-07-05T15:19:54.912947+00:00,165.1,20,ask,WavyWalnuts,BrilliantBurritos,8461622
2026-07-05T15:19:56.140194,2026-07-05T15:19:56.148070+00:00,165.2,25,bid,Harold Schneider,YieldingYams,8461646
2026-07-05T15:19:57.142213,2026-07-05T15:19:57.151220+00:00,165.2,200,bid,WavyWalnuts,AverageAlmonds,8461667
2026-07-05T15:19:59.466877,2026-07-05T15:19:59.470814+00:00,165.0,35,ask,YieldingYams,Xuanyu Liu,8461709
2026-07-05T15:20:01.177953,2026-07-05T15:20:01.185573+00:00,165.0,2,ask,YieldingYams,Harold Schneider,8461737
2026-07-05T15:20:02.193951,2026-07-05T15:20:02.204064+00:00,165.1,500,bid,YieldingYams,AverageAlmonds,8461755
2026-07-05T15:20:02.193951,2026-07-05T15:20:02.204064+00:00,165.3,125,bid,YieldingYams,WavyWalnuts,8461756
2026-07-05T15:20:03.190778,2026-07-05T15:20:03.198319+00:00,165.1,200,bid,WavyWalnuts,AverageAlmonds,8461763
2026-07-05T15:20:04.401227,2026-07-05T15:20:04.409685+00:00,165.1,200,bid,WavyWalnuts,AverageAlmonds,8461785
2026-07-05T15:20:04.476441,2026-07-05T15:20:04.488151+00:00,164.9,20,ask,YieldingYams,BrilliantBurritos,8461787
2026-07-05T15:20:04.854390,2026-07-05T15:20:04.863598+00:00,165.1,500,bid,YieldingYams,AverageAlmonds,8461792
2026-07-05T15:20:05.318387,2026-07-05T15:20:05.328100+00:00,165.1,125,ask,YieldingYams,AverageAlmonds,8461798
2026-07-05T15:20:05.780054,2026-07-05T15:20:05.784081+00:00,165.0,11,ask,WavyWalnuts,Xuanyu Liu,8461804
2026-07-05T15:20:06.167101,2026-07-05T15:20:06.178019+00:00,165.0,189,ask,WavyWalnuts,YieldingYams,8461808
2026-07-05T15:20:06.195095,2026-07-05T15:20:06.206703+00:00,164.8,2,ask,YieldingYams,Harold Schneider,8461809
2026-07-05T15:20:06.567165,2026-07-05T15:20:06.576707+00:00,165.0,20,bid,BrilliantBurritos,YieldingYams,8461812
2026-07-05T15:20:06.817626,2026-07-05T15:20:06.826891+00:00,165.0,200,bid,WavyWalnuts,YieldingYams,8461819
2026-07-05T15:20:08.946186,2026-07-05T15:20:08.950289+00:00,164.9,3,ask,WavyWalnuts,Xuanyu Liu,8461855
2026-07-05T15:20:11.213428,2026-07-05T15:20:11.221752+00:00,165.0,25,ask,WavyWalnuts,Harold Schneider,8461891
2026-07-05T15:20:11.229440,2026-07-05T15:20:11.241010+00:00,165.0,2,ask,WavyWalnuts,Harold Schneider,8461893
2026-07-05T15:20:11.272592,2026-07-05T15:20:11.284431+00:00,165.2,20,bid,BrilliantBurritos,YieldingYams,8461895
2026-07-05T15:20:16.252401,2026-07-05T15:20:16.258604+00:00,165.1,25,ask,WavyWalnuts,Harold Schneider,8461970
2026-07-05T15:20:16.284236,2026-07-05T15:20:16.290939+00:00,165.1,2,ask,WavyWalnuts,Harold Schneider,8461973
2026-07-05T15:20:16.839026,2026-07-05T15:20:16.849496+00:00,165.1,200,ask,WavyWalnuts,AverageAlmonds,8461980
2026-07-05T15:20:17.442250,2026-07-05T15:20:17.446801+00:00,165.0,500,ask,YieldingYams,AverageAlmonds,8461988
2026-07-05T15:20:18.072160,2026-07-05T15:20:18.082505+00:00,164.8,200,ask,WavyWalnuts,AverageAlmonds,8462001
2026-07-05T15:20:18.072160,2026-07-05T15:20:18.082505+00:00,164.8,300,ask,YieldingYams,AverageAlmonds,8462002
2026-07-05T15:20:18.675046,2026-07-05T15:20:18.685120+00:00,164.8,325,ask,YieldingYams,AverageAlmonds,8462008
2026-07-05T15:20:18.910383,2026-07-05T15:20:18.919782+00:00,164.7,175,bid,WavyWalnuts,AverageAlmonds,8462012
2026-07-05T15:20:19.257095,2026-07-05T15:20:19.268682+00:00,164.7,25,ask,WavyWalnuts,YieldingYams,8462013
2026-07-05T15:20:20.119649,2026-07-05T15:20:20.131201+00:00,164.6,200,bid,WavyWalnuts,YieldingYams,8462029
