timestamp,recv_time,price,volume,aggressor_side,buyer,seller,trade_id
2026-07-05T00:00:01.918919,2026-07-05T00:00:01.930311+00:00,143.2,200,ask,WavyWalnuts,YieldingYams,7644266
2026-07-05T00:00:04.157001,2026-07-05T00:00:04.168813+00:00,143.2,20,bid,BrilliantBurritos,AverageAlmonds,7644297
2026-07-05T00:00:04.552546,2026-07-05T00:00:04.558621+00:00,143.1,500,ask,YieldingYams,AverageAlmonds,7644303
2026-07-05T00:00:05.164782,2026-07-05T00:00:05.174262+00:00,143.0,25,ask,WavyWalnuts,Yinxuan Li,7644316
2026-07-05T00:00:05.759057,2026-07-05T00:00:05.769066+00:00,143.0,500,ask,YieldingYams,AverageAlmonds,7644329
2026-07-05T00:00:06.355865,2026-07-05T00:00:06.354358+00:00,143.0,200,ask,WavyWalnuts,AverageAlmonds,7644346
2026-07-05T00:00:07.330323,2026-07-05T00:00:07.342259+00:00,143.0,20,bid,BrilliantBurritos,WavyWalnuts,7644357
2026-07-05T00:00:08.090118,2026-07-05T00:00:08.102188+00:00,143.0,20,bid,BrilliantBurritos,WavyWalnuts,7644363
2026-07-05T00:00:08.502509,2026-07-05T00:00:08.512506+00:00,143.0,180,bid,YieldingYams,WavyWalnuts,7644377
2026-07-05T00:00:08.769309,2026-07-05T00:00:08.779524+00:00,143.0,445,ask,YieldingYams,AverageAlmonds,7644380
2026-07-05T00:00:09.371211,2026-07-05T00:00:09.379735+00:00,142.9,200,ask,WavyWalnuts,AverageAlmonds,7644386
2026-07-05T00:00:09.809309,2026-07-05T00:00:09.820321+00:00,142.9,300,bid,YieldingYams,AverageAlmonds,7644391
2026-07-05T00:00:09.994578,2026-07-05T00:00:10.004111+00:00,142.9,325,ask,YieldingYams,AverageAlmonds,7644393
2026-07-05T00:00:11.806898,2026-07-05T00:00:11.864725+00:00,142.7,500,ask,YieldingYams,AverageAlmonds,7644417
2026-07-05T00:00:12.283607,2026-07-05T00:00:12.295877+00:00,142.7,20,ask,YieldingYams,BrilliantBurritos,7644423
2026-07-05T00:00:12.406506,2026-07-05T00:00:12.418065+00:00,142.7,105,ask,YieldingYams,AverageAlmonds,7644425
2026-07-05T00:00:12.428352,2026-07-05T00:00:12.438919+00:00,142.6,200,ask,WavyWalnuts,YieldingYams,7644427
2026-07-05T00:00:12.435395,2026-07-05T00:00:12.444501+00:00,142.4,200,bid,WavyWalnuts,YieldingYams,7644428
2026-07-05T00:00:13.313541,2026-07-05T00:00:13.321657+00:00,142.2,20,ask,YieldingYams,BrilliantBurritos,7644448
2026-07-05T00:00:13.646329,2026-07-05T00:00:13.658562+00:00,142.4,200,bid,WavyWalnuts,YieldingYams,7644454
2026-07-05T00:00:15.185986,2026-07-05T00:00:15.197994+00:00,142.5,17,ask,YieldingYams,Yinxuan Li,7644480
2026-07-05T00:00:16.077710,2026-07-05T00:00:16.084975+00:00,142.5,200,ask,YieldingYams,WavyWalnuts,7644501
2026-07-05T00:00:18.498648,2026-07-05T00:00:18.508880+00:00,142.5,200,ask,YieldingYams,WavyWalnuts,7644543
2026-07-05T00:00:20.287183,2026-07-05T00:00:20.295129+00:00,142.6,500,bid,YieldingYams,AverageAlmonds,7644564
2026-07-05T00:00:20.873925,2026-07-05T00:00:20.883301+00:00,142.6,125,ask,YieldingYams,AverageAlmonds,7644571
2026-07-05T00:00:21.488194,2026-07-05T00:00:21.496862+00:00,142.5,200,ask,WavyWalnuts,AverageAlmonds,7644575
2026-07-05T00:00:22.123341,2026-07-05T00:00:22.134585+00:00,142.4,200,bid,WavyWalnuts,AverageAlmonds,7644590
2026-07-05T00:00:23.334495,2026-07-05T00:00:23.343997+00:00,142.4,200,bid,WavyWalnuts,YieldingYams,7644603
2026-07-05T00:00:24.569996,2026-07-05T00:00:24.601362+00:00,142.5,200,bid,WavyWalnuts,YieldingYams,7644619
2026-07-05T00:00:25.785629,2026-07-05T00:00:25.795743+00:00,142.4,200,bid,WavyWalnuts,YieldingYams,7644643
2026-07-05T00:00:28.207036,2026-07-05T00:00:28.218921+00:00,142.4,200,ask,YieldingYams,WavyWalnuts,7644686
2026-07-05T00:00:30.202691,2026-07-05T00:00:30.214684+00:00,142.5,20,bid,BrilliantBurritos,YieldingYams,7644710
2026-07-05T00:00:30.622044,2026-07-05T00:00:30.630126+00:00,142.5,200,bid,WavyWalnuts,YieldingYams,7644715
2026-07-05T00:00:31.368293,2026-07-05T00:00:31.371926+00:00,142.6,11,bid,Xuanyu Liu,YieldingYams,7644732
2026-07-05T00:00:34.262523,2026-07-05T00:00:34.273613+00:00,142.5,200,ask,YieldingYams,WavyWalnuts,7644774
2026-07-05T00:00:34.741000,2026-07-05T00:00:34.744764+00:00,142.5,3,bid,Xuanyu Liu,YieldingYams,7644783
2026-07-05T00:00:37.903986,2026-07-05T00:00:37.907751+00:00,142.5,3,bid,Xuanyu Liu,WavyWalnuts,7644819
2026-07-05T00:00:38.257964,2026-07-05T00:00:38.270005+00:00,142.4,20,ask,YieldingYams,BrilliantBurritos,7644824
2026-07-05T00:00:40.226842,2026-07-05T00:00:40.234736+00:00,142.5,25,bid,Yinxuan Li,WavyWalnuts,7644851
2026-07-05T00:00:42.602991,2026-07-05T00:00:42.610507+00:00,142.2,200,ask,WavyWalnuts,YieldingYams,7644889
2026-07-05T00:00:43.686869,2026-07-05T00:00:43.698813+00:00,142.2,20,bid,BrilliantBurritos,YieldingYams,7644905
2026-07-05T00:00:46.530276,2026-07-05T00:00:46.536900+00:00,142.2,200,bid,YieldingYams,WavyWalnuts,7644944
2026-07-05T00:00:46.548454,2026-07-05T00:00:46.552056+00:00,142.3,3,ask,YieldingYams,Xuanyu Liu,7644946
2026-07-05T00:00:47.591818,2026-07-05T00:00:47.600356+00:00,142.3,200,ask,YieldingYams,WavyWalnuts,7644959
2026-07-05T00:00:48.800041,2026-07-05T00:00:48.807007+00:00,142.2,200,ask,YieldingYams,WavyWalnuts,7644979
2026-07-05T00:00:50.009036,2026-07-05T00:00:50.019257+00:00,142.1,200,ask,YieldingYams,WavyWalnuts,7644994
2026-07-05T00:00:50.283760,2026-07-05T00:00:50.295825+00:00,142.1,20,ask,YieldingYams,BrilliantBurritos,7644998
2026-07-05T00:00:51.214625,2026-07-05T00:00:51.222357+00:00,142.1,200,bid,WavyWalnuts,YieldingYams,7645007
2026-07-05T00:00:54.843293,2026-07-05T00:00:54.854979+00:00,142.1,200,bid,WavyWalnuts,YieldingYams,7645070
2026-07-05T00:00:58.283921,2026-07-05T00:00:58.290658+00:00,142.1,20,ask,YieldingYams,BrilliantBurritos,7645103
2026-07-05T00:00:59.684383,2026-07-05T00:00:59.696048+00:00,142.1,200,ask,YieldingYams,WavyWalnuts,7645126
2026-07-05T00:01:00.251191,2026-07-05T00:01:00.258651+00:00,142.1,425,ask,YieldingYams,AverageAlmonds,7645131
2026-07-05T00:01:03.071238,2026-07-05T00:01:03.075500+00:00,141.9,3,ask,WavyWalnuts,Xuanyu Liu,7645181
2026-07-05T00:01:04.902195,2026-07-05T00:01:04.909753+00:00,142.0,500,bid,YieldingYams,AverageAlmonds,7645214
2026-07-05T00:01:04.920602,2026-07-05T00:01:04.924310+00:00,142.1,23,ask,YieldingYams,Xuanyu Liu,7645216
2026-07-05T00:01:05.094264,2026-07-05T00:01:05.102053+00:00,142.1,102,ask,YieldingYams,AverageAlmonds,7645217
2026-07-05T00:01:05.247933,2026-07-05T00:01:05.254624+00:00,141.9,25,ask,WavyWalnuts,Yinxuan Li,7645219
2026-07-05T00:01:09.388852,2026-07-05T00:01:09.400611+00:00,141.7,200,ask,YieldingYams,WavyWalnuts,7645276
2026-07-05T00:01:09.765623,2026-07-05T00:01:09.777346+00:00,141.9,20,bid,BrilliantBurritos,YieldingYams,7645281
2026-07-05T00:01:11.460580,2026-07-05T00:01:11.470536+00:00,141.6,200,bid,YieldingYams,WavyWalnuts,7645307
2026-07-05T00:01:12.666895,2026-07-05T00:01:12.677304+00:00,141.6,20,ask,YieldingYams,BrilliantBurritos,7645321
2026-07-05T00:01:14.076631,2026-07-05T00:01:14.084318+00:00,141.6,200,bid,YieldingYams,WavyWalnuts,7645346
2026-07-05T00:01:15.681226,2026-07-05T00:01:15.685193+00:00,141.7,23,ask,WavyWalnuts,Xuanyu Liu,7645367
2026-07-05T00:01:16.694031,2026-07-05T00:01:16.703690+00:00,141.6,200,ask,WavyWalnuts,YieldingYams,7645385
2026-07-05T00:01:19.054056,2026-07-05T00:01:19.058605+00:00,141.6,200,bid,WavyWalnuts,YieldingYams,7645415
2026-07-05T00:01:19.193060,2026-07-05T00:01:19.205188+00:00,141.6,20,bid,BrilliantBurritos,YieldingYams,7645417
2026-07-05T00:01:20.266695,2026-07-05T00:01:20.274465+00:00,141.5,200,bid,WavyWalnuts,YieldingYams,7645435
2026-07-05T00:01:21.477622,2026-07-05T00:01:21.488989+00:00,141.5,200,bid,WavyWalnuts,YieldingYams,7645458
2026-07-05T00:01:25.291379,2026-07-05T00:01:25.295138+00:00,141.4,35,bid,Xuanyu Liu,YieldingYams,7645522
2026-07-05T00:01:27.691665,2026-07-05T00:01:27.703331+00:00,141.2,11,ask,AverageAlmonds,Zihao Wu,7645555
2026-07-05T00:01:28.036256,2026-07-05T00:01:28.058587+00:00,141.4,20,bid,BrilliantBurritos,YieldingYams,7645560
2026-07-05T00:01:31.123309,2026-07-05T00:01:31.133469+00:00,141.3,500,bid,AverageAlmonds,YieldingYams,7645607
2026-07-05T00:01:34.801085,2026-07-05T00:01:34.804779+00:00,141.6,14,bid,Xuanyu Liu,WavyWalnuts,7645681
2026-07-05T00:01:34.865172,2026-07-05T00:01:34.871827+00:00,141.5,200,ask,AverageAlmonds,WavyWalnuts,7645683
2026-07-05T00:01:35.992575,2026-07-05T00:01:36.000160+00:00,141.4,20,ask,YieldingYams,BrilliantBurritos,7645694
2026-07-05T00:01:38.516535,2026-07-05T00:01:38.524713+00:00,141.6,200,ask,YieldingYams,WavyWalnuts,7645736
2026-07-05T00:01:40.318374,2026-07-05T00:01:40.328783+00:00,141.5,200,ask,WavyWalnuts,YieldingYams,7645755
2026-07-05T00:01:40.822754,2026-07-05T00:01:40.830689+00:00,141.5,425,bid,AverageAlmonds,YieldingYams,7645762
2026-07-05T00:01:40.846891,2026-07-05T00:01:40.853285+00:00,141.7,20,bid,BrilliantBurritos,WavyWalnuts,7645764
2026-07-05T00:01:41.624565,2026-07-05T00:01:41.636069+00:00,141.6,200,bid,YieldingYams,WavyWalnuts,7645779
2026-07-05T00:01:42.150289,2026-07-05T00:01:42.161264+00:00,141.7,200,ask,YieldingYams,WavyWalnuts,7645785
2026-07-05T00:01:44.252304,2026-07-05T00:01:44.258561+00:00,141.5,200,ask,WavyWalnuts,YieldingYams,7645821
2026-07-05T00:01:44.252304,2026-07-05T00:01:44.258561+00:00,141.4,425,ask,AverageAlmonds,YieldingYams,7645822
2026-07-05T00:01:45.941871,2026-07-05T00:01:45.953772+00:00,141.6,20,ask,WavyWalnuts,BrilliantBurritos,7645841
2026-07-05T00:01:46.899228,2026-07-05T00:01:46.905999+00:00,141.6,180,ask,WavyWalnuts,YieldingYams,7645857
2026-07-05T00:01:47.395720,2026-07-05T00:01:47.399510+00:00,141.6,3,bid,Xuanyu Liu,YieldingYams,7645863
2026-07-05T00:01:47.715118,2026-07-05T00:01:47.727223+00:00,141.6,11,bid,Zihao Wu,YieldingYams,7645872
2026-07-05T00:01:48.198402,2026-07-05T00:01:48.209937+00:00,141.6,200,bid,WavyWalnuts,YieldingYams,7645884
2026-07-05T00:01:49.152198,2026-07-05T00:01:49.163812+00:00,141.7,20,bid,BrilliantBurritos,YieldingYams,7645901
2026-07-05T00:01:53.035215,2026-07-05T00:01:53.045830+00:00,141.8,200,ask,YieldingYams,WavyWalnuts,7645961
2026-07-05T00:01:54.239802,2026-07-05T00:01:54.248266+00:00,141.9,200,bid,WavyWalnuts,AverageAlmonds,7645978
2026-07-05T00:01:54.742743,2026-07-05T00:01:54.749952+00:00,141.8,500,ask,YieldingYams,AverageAlmonds,7645985
2026-07-05T00:01:55.446752,2026-07-05T00:01:55.457609+00:00,141.8,200,bid,WavyWalnuts,YieldingYams,7646004
2026-07-05T00:01:56.659127,2026-07-05T00:01:56.669431+00:00,141.6,200,bid,WavyWalnuts,YieldingYams,7646018
2026-07-05T00:01:56.965505,2026-07-05T00:01:56.970188+00:00,141.4,3,ask,YieldingYams,Xuanyu Liu,7646022
2026-07-05T00:01:58.697201,2026-07-05T00:01:58.707752+00:00,141.4,200,ask,WavyWalnuts,YieldingYams,7646050
2026-07-05T00:02:01.312816,2026-07-05T00:02:01.323647+00:00,141.5,200,bid,YieldingYams,WavyWalnuts,7646088
2026-07-05T00:02:01.488866,2026-07-05T00:02:01.498042+00:00,141.5,200,ask,YieldingYams,WavyWalnuts,7646093
2026-07-05T00:02:06.325736,2026-07-05T00:02:06.334894+00:00,141.3,200,bid,WavyWalnuts,YieldingYams,7646172
2026-07-05T00:02:08.743755,2026-07-05T00:02:08.751460+00:00,141.3,200,bid,WavyWalnuts,YieldingYams,7646211
2026-07-05T00:02:09.170174,2026-07-05T00:02:09.181740+00:00,141.2,500,ask,AverageAlmonds,YieldingYams,7646221
2026-07-05T00:02:09.257823,2026-07-05T00:02:09.269546+00:00,141.1,125,bid,AverageAlmonds,YieldingYams,7646223
2026-07-05T00:02:12.366449,2026-07-05T00:02:12.376219+00:00,141.4,200,bid,WavyWalnuts,YieldingYams,7646270
2026-07-05T00:02:13.121580,2026-07-05T00:02:13.125301+00:00,141.4,14,ask,YieldingYams,Xuanyu Liu,7646287
2026-07-05T00:02:16.142170,2026-07-05T00:02:16.153955+00:00,141.2,20,ask,WavyWalnuts,BrilliantBurritos,7646326
2026-07-05T00:02:17.210016,2026-07-05T00:02:17.213625+00:00,141.3,12,ask,WavyWalnuts,Xuanyu Liu,7646351
2026-07-05T00:02:20.823384,2026-07-05T00:02:20.832144+00:00,141.4,200,bid,WavyWalnuts,YieldingYams,7646402
2026-07-05T00:02:22.033950,2026-07-05T00:02:22.044462+00:00,141.3,200,bid,WavyWalnuts,YieldingYams,7646414
2026-07-05T00:02:22.281329,2026-07-05T00:02:22.285622+00:00,141.1,11,ask,YieldingYams,Xuanyu Liu,7646419
2026-07-05T00:02:23.257855,2026-07-05T00:02:23.261475+00:00,141.2,12,ask,WavyWalnuts,Xuanyu Liu,7646443
2026-07-05T00:02:28.073936,2026-07-05T00:02:28.084655+00:00,141.2,200,bid,WavyWalnuts,YieldingYams,7646524
2026-07-05T00:02:28.610132,2026-07-05T00:02:28.614310+00:00,141.0,11,ask,YieldingYams,Xuanyu Liu,7646534
2026-07-05T00:02:29.289894,2026-07-05T00:02:29.296692+00:00,141.2,200,bid,WavyWalnuts,YieldingYams,7646544
2026-07-05T00:02:30.518157,2026-07-05T00:02:30.521438+00:00,141.1,11,ask,WavyWalnuts,Xuanyu Liu,7646568
2026-07-05T00:02:31.436336,2026-07-05T00:02:31.442965+00:00,141.1,189,ask,WavyWalnuts,YieldingYams,7646581
2026-07-05T00:02:31.712315,2026-07-05T00:02:31.723793+00:00,141.1,200,bid,WavyWalnuts,YieldingYams,7646585
2026-07-05T00:02:34.938698,2026-07-05T00:02:34.943049+00:00,141.2,22,bid,Xuanyu Liu,WavyWalnuts,7646635
2026-07-05T00:02:35.286729,2026-07-05T00:02:35.298475+00:00,141.0,20,ask,YieldingYams,BrilliantBurritos,7646640
2026-07-05T00:02:39.840825,2026-07-05T00:02:39.849318+00:00,141.2,20,ask,YieldingYams,BrilliantBurritos,7646707
2026-07-05T00:02:40.610738,2026-07-05T00:02:40.619375+00:00,141.3,200,bid,YieldingYams,WavyWalnuts,7646718
2026-07-05T00:02:41.382964,2026-07-05T00:02:41.391584+00:00,141.3,425,ask,YieldingYams,AverageAlmonds,7646723
2026-07-05T00:02:41.418579,2026-07-05T00:02:41.422771+00:00,141.3,12,bid,Xuanyu Liu,AverageAlmonds,7646727
2026-07-05T00:02:41.940822,2026-07-05T00:02:41.944196+00:00,141.2,11,bid,Xuanyu Liu,YieldingYams,7646743
2026-07-05T00:02:42.627916,2026-07-05T00:02:42.638452+00:00,141.2,200,bid,WavyWalnuts,YieldingYams,7646752
2026-07-05T00:02:46.838270,2026-07-05T00:02:46.850080+00:00,141.0,20,ask,WavyWalnuts,BrilliantBurritos,7646823
2026-07-05T00:02:49.774837,2026-07-05T00:02:49.790217+00:00,140.9,200,ask,WavyWalnuts,YieldingYams,7646871
2026-07-05T00:02:49.774837,2026-07-05T00:02:49.790217+00:00,140.9,425,ask,AverageAlmonds,YieldingYams,7646872
2026-07-05T00:02:50.573831,2026-07-05T00:02:50.577638+00:00,141.1,12,bid,Xuanyu Liu,WavyWalnuts,7646890
2026-07-05T00:02:52.255630,2026-07-05T00:02:52.269045+00:00,141.1,200,bid,AverageAlmonds,WavyWalnuts,7646913
2026-07-05T00:02:53.737361,2026-07-05T00:02:53.740567+00:00,141.2,11,bid,Xuanyu Liu,YieldingYams,7646942
2026-07-05T00:02:57.640006,2026-07-05T00:02:57.643738+00:00,141.2,3,bid,Xuanyu Liu,YieldingYams,7646998
2026-07-05T00:03:03.630761,2026-07-05T00:03:03.642294+00:00,141.2,20,bid,BrilliantBurritos,YieldingYams,7647079
2026-07-05T00:03:06.521011,2026-07-05T00:03:06.529120+00:00,141.2,20,bid,BrilliantBurritos,YieldingYams,7647119
2026-07-05T00:03:06.840219,2026-07-05T00:03:06.853720+00:00,141.2,200,ask,WavyWalnuts,YieldingYams,7647123
2026-07-05T00:03:06.840219,2026-07-05T00:03:06.853720+00:00,141.1,425,ask,AverageAlmonds,YieldingYams,7647124
2026-07-05T00:03:09.259937,2026-07-05T00:03:09.269913+00:00,141.2,200,ask,YieldingYams,WavyWalnuts,7647166
2026-07-05T00:03:09.720475,2026-07-05T00:03:09.724319+00:00,141.5,14,bid,Xuanyu Liu,YieldingYams,7647170
2026-07-05T00:03:10.381222,2026-07-05T00:03:10.392853+00:00,141.5,25,bid,Yinxuan Li,YieldingYams,7647177
2026-07-05T00:03:10.467359,2026-07-05T00:03:10.475331+00:00,141.3,200,ask,YieldingYams,WavyWalnuts,7647182
2026-07-05T00:03:11.674399,2026-07-05T00:03:11.759229+00:00,141.2,200,ask,YieldingYams,WavyWalnuts,7647198
2026-07-05T00:03:12.096142,2026-07-05T00:03:12.099608+00:00,141.3,23,bid,Xuanyu Liu,YieldingYams,7647209
2026-07-05T00:03:12.932359,2026-07-05T00:03:12.936335+00:00,141.2,11,ask,AverageAlmonds,Xuanyu Liu,7647218
2026-07-05T00:03:13.391867,2026-07-05T00:03:13.405952+00:00,141.2,489,ask,AverageAlmonds,YieldingYams,7647227
2026-07-05T00:03:14.700978,2026-07-05T00:03:14.731180+00:00,141.3,200,bid,YieldingYams,WavyWalnuts,7647245
2026-07-05T00:03:14.726682,2026-07-05T00:03:14.731180+00:00,141.3,12,ask,YieldingYams,Xuanyu Liu,7647247
2026-07-05T00:03:20.401433,2026-07-05T00:03:20.408307+00:00,141.6,25,bid,Yinxuan Li,YieldingYams,7647320
2026-07-05T00:03:20.593614,2026-07-05T00:03:20.605280+00:00,141.6,20,bid,BrilliantBurritos,YieldingYams,7647323
2026-07-05T00:03:22.589135,2026-07-05T00:03:22.600358+00:00,141.5,200,ask,YieldingYams,WavyWalnuts,7647353
2026-07-05T00:03:23.387781,2026-07-05T00:03:23.399815+00:00,141.5,20,ask,YieldingYams,BrilliantBurritos,7647363
2026-07-05T00:03:25.022686,2026-07-05T00:03:25.026220+00:00,141.5,12,bid,Xuanyu Liu,WavyWalnuts,7647388
2026-07-05T00:03:25.211588,2026-07-05T00:03:25.232226+00:00,141.3,200,ask,WavyWalnuts,YieldingYams,7647390
2026-07-05T00:03:25.228728,2026-07-05T00:03:25.232226+00:00,141.3,23,bid,Xuanyu Liu,YieldingYams,7647392
2026-07-05T00:03:25.415650,2026-07-05T00:03:25.425346+00:00,141.3,18,bid,Yinxuan Li,YieldingYams,7647397
2026-07-05T00:03:25.585161,2026-07-05T00:03:25.588670+00:00,141.1,23,ask,YieldingYams,Xuanyu Liu,7647403
2026-07-05T00:03:30.426914,2026-07-05T00:03:30.434513+00:00,141.4,25,bid,Yinxuan Li,YieldingYams,7647457
2026-07-05T00:03:30.464655,2026-07-05T00:03:30.474925+00:00,141.3,200,ask,WavyWalnuts,YieldingYams,7647459
2026-07-05T00:03:32.260755,2026-07-05T00:03:32.269025+00:00,141.3,200,bid,WavyWalnuts,YieldingYams,7647488
2026-07-05T00:03:33.468358,2026-07-05T00:03:33.474947+00:00,141.2,200,bid,WavyWalnuts,YieldingYams,7647512
2026-07-05T00:03:40.434500,2026-07-05T00:03:40.446292+00:00,141.3,20,bid,BrilliantBurritos,YieldingYams,7647596
2026-07-05T00:03:42.971498,2026-07-05T00:03:42.983232+00:00,141.1,20,ask,WavyWalnuts,BrilliantBurritos,7647633
2026-07-05T00:03:43.580672,2026-07-05T00:03:43.589259+00:00,141.2,200,ask,WavyWalnuts,YieldingYams,7647641
2026-07-05T00:03:43.594260,2026-07-05T00:03:43.597385+00:00,141.1,23,bid,Xuanyu Liu,YieldingYams,7647643
2026-07-05T00:03:44.345512,2026-07-05T00:03:44.358629+00:00,141.1,20,bid,BrilliantBurritos,YieldingYams,7647651
2026-07-05T00:03:44.591059,2026-07-05T00:03:44.595328+00:00,141.0,23,ask,WavyWalnuts,Xuanyu Liu,7647660
2026-07-05T00:03:46.780823,2026-07-05T00:03:46.791795+00:00,141.0,200,ask,AverageAlmonds,WavyWalnuts,7647695
2026-07-05T00:03:50.452487,2026-07-05T00:03:50.458598+00:00,141.1,25,bid,Yinxuan Li,YieldingYams,7647750
2026-07-05T00:03:51.580535,2026-07-05T00:03:51.590954+00:00,141.1,500,bid,AverageAlmonds,YieldingYams,7647760
2026-07-05T00:03:52.170984,2026-07-05T00:03:52.180019+00:00,141.1,125,bid,AverageAlmonds,YieldingYams,7647766
2026-07-05T00:03:52.196108,2026-07-05T00:03:52.199726+00:00,141.1,12,ask,AverageAlmonds,Xuanyu Liu,7647768
2026-07-05T00:03:52.739840,2026-07-05T00:03:52.747464+00:00,141.2,200,bid,YieldingYams,WavyWalnuts,7647772
2026-07-05T00:03:52.758079,2026-07-05T00:03:52.761791+00:00,141.2,11,ask,YieldingYams,Xuanyu Liu,7647774
2026-07-05T00:03:52.829939,2026-07-05T00:03:52.839214+00:00,141.2,200,ask,YieldingYams,WavyWalnuts,7647776
2026-07-05T00:03:54.054949,2026-07-05T00:03:54.058719+00:00,141.3,200,ask,WavyWalnuts,YieldingYams,7647798
2026-07-05T00:03:55.173351,2026-07-05T00:03:55.181006+00:00,141.3,20,bid,BrilliantBurritos,YieldingYams,7647806
2026-07-05T00:03:55.461354,2026-07-05T00:03:55.468946+00:00,141.2,25,bid,Yinxuan Li,YieldingYams,7647815
2026-07-05T00:03:56.459033,2026-07-05T00:03:56.469136+00:00,141.2,200,bid,WavyWalnuts,YieldingYams,7647829
2026-07-05T00:03:56.632881,2026-07-05T00:03:56.644824+00:00,141.1,20,ask,AverageAlmonds,BrilliantBurritos,7647831
2026-07-05T00:04:04.563432,2026-07-05T00:04:04.566649+00:00,141.4,3,ask,YieldingYams,Xuanyu Liu,7647961
2026-07-05T00:04:04.807769,2026-07-05T00:04:04.818006+00:00,141.5,20,bid,BrilliantBurritos,WavyWalnuts,7647965
2026-07-05T00:04:04.933068,2026-07-05T00:04:04.943971+00:00,141.4,200,ask,YieldingYams,WavyWalnuts,7647969
2026-07-05T00:04:05.497903,2026-07-05T00:04:05.508792+00:00,141.4,25,ask,YieldingYams,Yinxuan Li,7647973
2026-07-05T00:04:07.179100,2026-07-05T00:04:07.190380+00:00,141.6,200,bid,YieldingYams,WavyWalnuts,7648006
2026-07-05T00:04:07.368796,2026-07-05T00:04:07.379924+00:00,141.6,200,ask,YieldingYams,WavyWalnuts,7648009
2026-07-05T00:04:09.789532,2026-07-05T00:04:09.801104+00:00,141.6,200,bid,WavyWalnuts,AverageAlmonds,7648042
2026-07-05T00:04:14.856654,2026-07-05T00:04:14.868355+00:00,141.6,20,bid,BrilliantBurritos,YieldingYams,7648112
2026-07-05T00:04:19.186480,2026-07-05T00:04:19.190597+00:00,141.4,3,ask,WavyWalnuts,Xuanyu Liu,7648162
2026-07-05T00:04:20.315419,2026-07-05T00:04:20.326916+00:00,141.4,200,ask,WavyWalnuts,YieldingYams,7648174
2026-07-05T00:04:20.522802,2026-07-05T00:04:20.534539+00:00,141.2,25,ask,AverageAlmonds,Yinxuan Li,7648178
2026-07-05T00:04:22.938343,2026-07-05T00:04:22.958586+00:00,141.2,200,ask,WavyWalnuts,YieldingYams,7648219
2026-07-05T00:04:22.938343,2026-07-05T00:04:22.958586+00:00,141.1,425,ask,AverageAlmonds,YieldingYams,7648220
2026-07-05T00:04:25.515137,2026-07-05T00:04:25.518806+00:00,141.2,11,ask,YieldingYams,Xuanyu Liu,7648256
2026-07-05T00:04:25.532691,2026-07-05T00:04:25.539833+00:00,141.2,25,ask,YieldingYams,Yinxuan Li,7648258
2026-07-05T00:04:25.741029,2026-07-05T00:04:25.744488+00:00,141.2,35,ask,AverageAlmonds,Xuanyu Liu,7648264
2026-07-05T00:04:26.086111,2026-07-05T00:04:26.111779+00:00,141.3,200,bid,AverageAlmonds,WavyWalnuts,7648267
2026-07-05T00:04:26.107706,2026-07-05T00:04:26.111779+00:00,141.3,11,ask,AverageAlmonds,Xuanyu Liu,7648269
2026-07-05T00:04:27.307602,2026-07-05T00:04:27.311034+00:00,141.4,11,ask,AverageAlmonds,Xuanyu Liu,7648282
2026-07-05T00:04:28.684168,2026-07-05T00:04:28.688000+00:00,141.5,7,bid,Xuanyu Liu,WavyWalnuts,7648305
2026-07-05T00:04:28.864982,2026-07-05T00:04:28.868687+00:00,141.5,15,bid,Xuanyu Liu,WavyWalnuts,7648307
2026-07-05T00:04:30.386287,2026-07-05T00:04:30.390039+00:00,141.4,12,bid,Xuanyu Liu,WavyWalnuts,7648330
2026-07-05T00:04:35.206465,2026-07-05T00:04:35.217290+00:00,141.2,200,bid,WavyWalnuts,YieldingYams,7648400
2026-07-05T00:04:37.369498,2026-07-05T00:04:37.381238+00:00,141.2,200,ask,WavyWalnuts,YieldingYams,7648429
2026-07-05T00:04:37.626429,2026-07-05T00:04:37.637845+00:00,141.1,200,bid,WavyWalnuts,YieldingYams,7648431
2026-07-05T00:04:40.064150,2026-07-05T00:04:40.067586+00:00,141.2,12,ask,WavyWalnuts,Xuanyu Liu,7648470
2026-07-05T00:04:40.562754,2026-07-05T00:04:40.574530+00:00,141.2,25,ask,WavyWalnuts,Yinxuan Li,7648475
2026-07-05T00:04:41.303457,2026-07-05T00:04:41.311472+00:00,141.2,200,ask,WavyWalnuts,YieldingYams,7648486
2026-07-05T00:04:42.466136,2026-07-05T00:04:42.473847+00:00,141.2,200,bid,WavyWalnuts,YieldingYams,7648497
2026-07-05T00:04:42.709249,2026-07-05T00:04:42.720748+00:00,141.4,20,bid,BrilliantBurritos,WavyWalnuts,7648503
2026-07-05T00:04:45.572836,2026-07-05T00:04:45.584834+00:00,141.2,18,ask,WavyWalnuts,Yinxuan Li,7648550
2026-07-05T00:04:49.224626,2026-07-05T00:04:49.228891+00:00,141.3,12,bid,Xuanyu Liu,YieldingYams,7648612
2026-07-05T00:04:51.829933,2026-07-05T00:04:51.841806+00:00,141.3,200,bid,YieldingYams,WavyWalnuts,7648639
2026-07-05T00:04:52.158296,2026-07-05T00:04:52.169026+00:00,141.3,200,ask,YieldingYams,WavyWalnuts,7648646
2026-07-05T00:04:53.748095,2026-07-05T00:04:53.758604+00:00,141.2,20,ask,YieldingYams,BrilliantBurritos,7648666
2026-07-05T00:04:57.096966,2026-07-05T00:04:57.112349+00:00,141.3,500,ask,AverageAlmonds,YieldingYams,7648717
2026-07-05T00:04:57.096966,2026-07-05T00:04:57.112349+00:00,141.3,125,ask,WavyWalnuts,YieldingYams,7648718
2026-07-05T00:04:58.177037,2026-07-05T00:04:58.184474+00:00,141.5,200,bid,AverageAlmonds,WavyWalnuts,7648727
2026-07-05T00:04:58.202204,2026-07-05T00:04:58.205657+00:00,141.5,23,ask,AverageAlmonds,Xuanyu Liu,7648730
2026-07-05T00:04:59.435304,2026-07-05T00:04:59.458607+00:00,141.6,200,bid,WavyWalnuts,YieldingYams,7648755
2026-07-05T00:04:59.733957,2026-07-05T00:04:59.737359+00:00,141.6,11,ask,YieldingYams,Xuanyu Liu,7648759
2026-07-05T00:05:01.050217,2026-07-05T00:05:01.054105+00:00,141.7,11,bid,Xuanyu Liu,YieldingYams,7648781
2026-07-05T00:05:01.897256,2026-07-05T00:05:01.901388+00:00,141.6,11,bid,Xuanyu Liu,WavyWalnuts,7648794
2026-07-05T00:05:04.305414,2026-07-05T00:05:04.314654+00:00,141.6,200,ask,AverageAlmonds,WavyWalnuts,7648840
2026-07-05T00:05:05.526440,2026-07-05T00:05:05.530278+00:00,141.6,12,bid,Xuanyu Liu,WavyWalnuts,7648857
2026-07-05T00:05:06.048044,2026-07-05T00:05:06.064157+00:00,141.6,188,bid,AverageAlmonds,WavyWalnuts,7648863
2026-07-05T00:05:10.048039,2026-07-05T00:05:10.052044+00:00,141.7,37,bid,Xuanyu Liu,WavyWalnuts,7648925
2026-07-05T00:05:10.218482,2026-07-05T00:05:10.226965+00:00,141.7,163,bid,YieldingYams,WavyWalnuts,7648927
2026-07-05T00:05:10.356933,2026-07-05T00:05:10.358611+00:00,141.7,200,ask,YieldingYams,WavyWalnuts,7648932
2026-07-05T00:05:14.160136,2026-07-05T00:05:14.170175+00:00,141.7,200,ask,WavyWalnuts,YieldingYams,7648994
2026-07-05T00:05:15.190551,2026-07-05T00:05:15.199686+00:00,141.7,200,bid,WavyWalnuts,YieldingYams,7649005
2026-07-05T00:05:16.782449,2026-07-05T00:05:16.792620+00:00,141.8,200,bid,YieldingYams,WavyWalnuts,7649033
2026-07-05T00:05:17.289114,2026-07-05T00:05:17.300813+00:00,142.1,20,bid,BrilliantBurritos,YieldingYams,7649045
2026-07-05T00:05:17.615727,2026-07-05T00:05:17.622262+00:00,141.8,200,ask,YieldingYams,WavyWalnuts,7649050
2026-07-05T00:05:18.957141,2026-07-05T00:05:18.963776+00:00,141.6,20,ask,WavyWalnuts,BrilliantBurritos,7649068
2026-07-05T00:05:24.161092,2026-07-05T00:05:24.169918+00:00,141.6,20,ask,YieldingYams,BrilliantBurritos,7649150
2026-07-05T00:05:24.859192,2026-07-05T00:05:24.869458+00:00,141.7,200,bid,WavyWalnuts,YieldingYams,7649167
2026-07-05T00:05:25.583627,2026-07-05T00:05:25.587528+00:00,141.7,3,bid,Xuanyu Liu,YieldingYams,7649173
2026-07-05T00:05:25.632580,2026-07-05T00:05:25.640227+00:00,141.7,25,bid,Yinxuan Li,YieldingYams,7649177
2026-07-05T00:05:26.066249,2026-07-05T00:05:26.074625+00:00,141.7,200,bid,WavyWalnuts,YieldingYams,7649184
2026-07-05T00:05:26.809288,2026-07-05T00:05:26.818297+00:00,141.5,20,ask,YieldingYams,BrilliantBurritos,7649196
2026-07-05T00:05:27.300228,2026-07-05T00:05:27.320053+00:00,141.8,200,bid,YieldingYams,WavyWalnuts,7649205
2026-07-05T00:05:28.484259,2026-07-05T00:05:28.493457+00:00,141.8,200,ask,YieldingYams,WavyWalnuts,7649225
2026-07-05T00:05:29.063581,2026-07-05T00:05:29.066798+00:00,141.9,34,bid,Xuanyu Liu,YieldingYams,7649232
2026-07-05T00:05:30.650871,2026-07-05T00:05:30.659433+00:00,141.9,16,bid,Yinxuan Li,WavyWalnuts,7649247
2026-07-05T00:05:36.981309,2026-07-05T00:05:36.985538+00:00,141.9,11,ask,WavyWalnuts,Xuanyu Liu,7649345
2026-07-05T00:05:38.178466,2026-07-05T00:05:38.185219+00:00,141.9,200,ask,YieldingYams,WavyWalnuts,7649358
2026-07-05T00:05:40.591769,2026-07-05T00:05:40.600367+00:00,141.9,200,bid,WavyWalnuts,YieldingYams,7649391
2026-07-05T00:05:40.668966,2026-07-05T00:05:40.679840+00:00,141.9,25,bid,Yinxuan Li,YieldingYams,7649394
2026-07-05T00:05:41.709217,2026-07-05T00:05:41.713139+00:00,141.8,23,ask,AverageAlmonds,Xuanyu Liu,7649409
2026-07-05T00:05:41.774369,2026-07-05T00:05:41.777778+00:00,141.9,3,ask,YieldingYams,Xuanyu Liu,7649412
2026-07-05T00:05:45.450616,2026-07-05T00:05:45.458602+00:00,142.0,200,bid,WavyWalnuts,YieldingYams,7649450
2026-07-05T00:05:50.684410,2026-07-05T00:05:50.696468+00:00,141.9,25,ask,YieldingYams,Yinxuan Li,7649528
2026-07-05T00:05:50.941972,2026-07-05T00:05:50.950670+00:00,142.0,200,bid,YieldingYams,WavyWalnuts,7649535
2026-07-05T00:05:50.956322,2026-07-05T00:05:50.959984+00:00,142.0,3,ask,YieldingYams,Xuanyu Liu,7649537
2026-07-05T00:05:51.504440,2026-07-05T00:05:51.513617+00:00,142.0,200,ask,YieldingYams,WavyWalnuts,7649543
2026-07-05T00:05:52.711512,2026-07-05T00:05:52.721135+00:00,142.0,200,bid,WavyWalnuts,YieldingYams,7649565
2026-07-05T00:05:53.918605,2026-07-05T00:05:53.929535+00:00,142.0,200,bid,WavyWalnuts,YieldingYams,7649582
2026-07-05T00:05:54.374380,2026-07-05T00:05:54.377907+00:00,141.9,23,ask,AverageAlmonds,Xuanyu Liu,7649593
2026-07-05T00:05:54.464221,2026-07-05T00:05:54.491453+00:00,142.0,425,bid,AverageAlmonds,YieldingYams,7649595
2026-07-05T00:05:54.487711,2026-07-05T00:05:54.491453+00:00,142.0,11,ask,AverageAlmonds,Xuanyu Liu,7649597
2026-07-05T00:05:55.722691,2026-07-05T00:05:55.730817+00:00,142.0,25,ask,YieldingYams,Yinxuan Li,7649617
2026-07-05T00:05:56.424274,2026-07-05T00:05:56.436482+00:00,142.0,20,ask,YieldingYams,BrilliantBurritos,7649628
2026-07-05T00:05:57.557951,2026-07-05T00:05:57.569698+00:00,142.1,200,bid,WavyWalnuts,YieldingYams,7649642
2026-07-05T00:06:00.769825,2026-07-05T00:06:00.781529+00:00,141.9,16,ask,WavyWalnuts,Yinxuan Li,7649685
2026-07-05T00:06:02.411754,2026-07-05T00:06:02.419844+00:00,142.1,200,bid,WavyWalnuts,YieldingYams,7649718
2026-07-05T00:06:04.042969,2026-07-05T00:06:04.058650+00:00,142.0,200,ask,WavyWalnuts,YieldingYams,7649744
2026-07-05T00:06:04.829746,2026-07-05T00:06:04.836394+00:00,141.9,200,bid,WavyWalnuts,YieldingYams,7649755
2026-07-05T00:06:05.060839,2026-07-05T00:06:05.072748+00:00,141.9,20,bid,BrilliantBurritos,YieldingYams,7649756
2026-07-05T00:06:07.968611,2026-07-05T00:06:07.977766+00:00,142.1,200,bid,YieldingYams,WavyWalnuts,7649786
2026-07-05T00:06:12.609143,2026-07-05T00:06:12.621023+00:00,142.1,20,ask,YieldingYams,BrilliantBurritos,7649844
2026-07-05T00:06:13.151115,2026-07-05T00:06:13.155183+00:00,142.1,12,ask,YieldingYams,Xuanyu Liu,7649853
2026-07-05T00:06:13.363130,2026-07-05T00:06:13.371146+00:00,142.3,20,bid,BrilliantBurritos,YieldingYams,7649860
2026-07-05T00:06:14.528564,2026-07-05T00:06:14.532051+00:00,142.2,11,ask,YieldingYams,Xuanyu Liu,7649873
2026-07-05T00:06:15.826016,2026-07-05T00:06:15.835684+00:00,142.4,200,ask,WavyWalnuts,YieldingYams,7649895
2026-07-05T00:06:21.074132,2026-07-05T00:06:21.078006+00:00,142.4,11,bid,Xuanyu Liu,YieldingYams,7649959
2026-07-05T00:06:22.373172,2026-07-05T00:06:22.393909+00:00,142.3,200,ask,WavyWalnuts,YieldingYams,7649973
2026-07-05T00:06:22.390286,2026-07-05T00:06:22.393909+00:00,142.2,23,bid,Xuanyu Liu,YieldingYams,7649976
2026-07-05T00:06:23.001978,2026-07-05T00:06:23.011069+00:00,142.2,200,bid,WavyWalnuts,YieldingYams,7649985
2026-07-05T00:06:24.989890,2026-07-05T00:06:25.000866+00:00,142.3,200,ask,WavyWalnuts,YieldingYams,7650012
2026-07-05T00:06:25.416221,2026-07-05T00:06:25.423952+00:00,142.2,200,bid,WavyWalnuts,YieldingYams,7650025
2026-07-05T00:06:31.484756,2026-07-05T00:06:31.492693+00:00,142.1,200,ask,YieldingYams,WavyWalnuts,7650090
2026-07-05T00:06:32.705870,2026-07-05T00:06:32.709268+00:00,142.0,11,ask,WavyWalnuts,Xuanyu Liu,7650109
2026-07-05T00:06:35.116639,2026-07-05T00:06:35.124940+00:00,142.0,200,bid,WavyWalnuts,YieldingYams,7650142
2026-07-05T00:06:36.702348,2026-07-05T00:06:36.711896+00:00,142.1,20,bid,BrilliantBurritos,WavyWalnuts,7650166
2026-07-05T00:06:41.177706,2026-07-05T00:06:41.188394+00:00,141.8,200,ask,YieldingYams,WavyWalnuts,7650232
2026-07-05T00:06:45.106368,2026-07-05T00:06:45.118237+00:00,141.7,20,ask,YieldingYams,BrilliantBurritos,7650282
2026-07-05T00:06:45.969473,2026-07-05T00:06:45.980096+00:00,141.8,200,bid,YieldingYams,WavyWalnuts,7650292
2026-07-05T00:06:46.026422,2026-07-05T00:06:46.035136+00:00,141.8,200,ask,YieldingYams,WavyWalnuts,7650295
2026-07-05T00:06:49.901593,2026-07-05T00:06:49.919955+00:00,142.0,200,bid,YieldingYams,WavyWalnuts,7650350
2026-07-05T00:06:49.916517,2026-07-05T00:06:49.919955+00:00,142.0,12,ask,YieldingYams,Xuanyu Liu,7650352
2026-07-05T00:06:50.072851,2026-07-05T00:06:50.082170+00:00,142.2,20,bid,BrilliantBurritos,YieldingYams,7650356
2026-07-05T00:06:52.520814,2026-07-05T00:06:52.531114+00:00,142.0,200,ask,WavyWalnuts,YieldingYams,7650392
2026-07-05T00:06:53.808920,2026-07-05T00:06:53.817120+00:00,142.0,425,bid,AverageAlmonds,YieldingYams,7650412
2026-07-05T00:06:53.827353,2026-07-05T00:06:53.846592+00:00,142.2,200,bid,YieldingYams,WavyWalnuts,7650413
2026-07-05T00:06:53.842644,2026-07-05T00:06:53.846592+00:00,142.2,11,ask,YieldingYams,Xuanyu Liu,7650416
2026-07-05T00:06:53.958229,2026-07-05T00:06:53.970313+00:00,142.2,19,ask,YieldingYams,Kaleb Liu,7650419
2026-07-05T00:06:54.497248,2026-07-05T00:06:54.506577+00:00,142.2,200,ask,YieldingYams,WavyWalnuts,7650429
2026-07-05T00:06:56.444640,2026-07-05T00:06:56.458786+00:00,142.3,200,bid,YieldingYams,WavyWalnuts,7650456
2026-07-05T00:06:56.667125,2026-07-05T00:06:56.674601+00:00,142.3,20,ask,YieldingYams,BrilliantBurritos,7650463
2026-07-05T00:06:56.972943,2026-07-05T00:06:56.982045+00:00,142.3,3,ask,YieldingYams,Kaleb Liu,7650466
2026-07-05T00:06:57.774908,2026-07-05T00:06:57.778583+00:00,142.3,11,bid,Xuanyu Liu,YieldingYams,7650484
2026-07-05T00:07:01.767027,2026-07-05T00:07:01.777555+00:00,142.4,200,bid,WavyWalnuts,AverageAlmonds,7650525
2026-07-05T00:07:01.798349,2026-07-05T00:07:01.810262+00:00,142.2,20,ask,YieldingYams,BrilliantBurritos,7650526
2026-07-05T00:07:03.604387,2026-07-05T00:07:03.611472+00:00,142.4,20,bid,BrilliantBurritos,YieldingYams,7650557
2026-07-05T00:07:06.528507,2026-07-05T00:07:06.535333+00:00,142.2,500,ask,YieldingYams,AverageAlmonds,7650590
2026-07-05T00:07:06.612322,2026-07-05T00:07:06.631793+00:00,142.2,125,ask,YieldingYams,WavyWalnuts,7650595
2026-07-05T00:07:06.628250,2026-07-05T00:07:06.631793+00:00,142.2,12,bid,Xuanyu Liu,WavyWalnuts,7650598
2026-07-05T00:07:09.030472,2026-07-05T00:07:09.037550+00:00,142.2,200,bid,WavyWalnuts,AverageAlmonds,7650620
2026-07-05T00:07:10.239234,2026-07-05T00:07:10.248625+00:00,142.2,200,bid,WavyWalnuts,AverageAlmonds,7650642
2026-07-05T00:07:10.895323,2026-07-05T00:07:10.905662+00:00,142.1,500,bid,YieldingYams,AverageAlmonds,7650650
2026-07-05T00:07:11.377785,2026-07-05T00:07:11.385810+00:00,142.1,125,ask,YieldingYams,AverageAlmonds,7650659
2026-07-05T00:07:11.399759,2026-07-05T00:07:11.403453+00:00,142.0,11,bid,Xuanyu Liu,AverageAlmonds,7650662
2026-07-05T00:07:11.454050,2026-07-05T00:07:11.456750+00:00,142.0,200,bid,WavyWalnuts,AverageAlmonds,7650666
2026-07-05T00:07:12.608938,2026-07-05T00:07:12.612657+00:00,141.9,12,bid,Xuanyu Liu,AverageAlmonds,7650693
2026-07-05T00:07:12.664284,2026-07-05T00:07:12.674111+00:00,141.9,200,bid,WavyWalnuts,AverageAlmonds,7650694
2026-07-05T00:07:13.875855,2026-07-05T00:07:13.884247+00:00,141.9,200,bid,WavyWalnuts,AverageAlmonds,7650708
2026-07-05T00:07:14.820802,2026-07-05T00:07:14.828139+00:00,141.9,500,bid,YieldingYams,AverageAlmonds,7650727
2026-07-05T00:07:15.017616,2026-07-05T00:07:15.025536+00:00,141.9,125,ask,YieldingYams,AverageAlmonds,7650728
2026-07-05T00:07:15.086566,2026-07-05T00:07:15.094176+00:00,141.8,200,bid,WavyWalnuts,AverageAlmonds,7650731
2026-07-05T00:07:16.295686,2026-07-05T00:07:16.304397+00:00,141.8,200,bid,WavyWalnuts,YieldingYams,7650748
2026-07-05T00:07:17.506943,2026-07-05T00:07:17.515974+00:00,141.7,200,bid,WavyWalnuts,YieldingYams,7650757
2026-07-05T00:07:18.719403,2026-07-05T00:07:18.728697+00:00,141.7,200,bid,WavyWalnuts,YieldingYams,7650770
2026-07-05T00:07:18.900937,2026-07-05T00:07:18.908612+00:00,141.9,20,bid,BrilliantBurritos,YieldingYams,7650778
2026-07-05T00:07:21.140052,2026-07-05T00:07:21.158824+00:00,141.7,200,bid,WavyWalnuts,YieldingYams,7650812
2026-07-05T00:07:21.646176,2026-07-05T00:07:21.655246+00:00,141.7,20,ask,YieldingYams,BrilliantBurritos,7650823
2026-07-05T00:07:22.016710,2026-07-05T00:07:22.028573+00:00,141.7,2,ask,YieldingYams,Kaleb Liu,7650829
2026-07-05T00:07:22.684318,2026-07-05T00:07:22.695939+00:00,141.8,200,bid,YieldingYams,WavyWalnuts,7650841
2026-07-05T00:07:25.950287,2026-07-05T00:07:25.961333+00:00,141.7,20,ask,WavyWalnuts,BrilliantBurritos,7650894
2026-07-05T00:07:25.979666,2026-07-05T00:07:25.989818+00:00,141.9,200,bid,WavyWalnuts,YieldingYams,7650895
2026-07-05T00:07:27.191367,2026-07-05T00:07:27.201555+00:00,141.9,200,bid,WavyWalnuts,YieldingYams,7650914
2026-07-05T00:07:29.239609,2026-07-05T00:07:29.243146+00:00,142.2,11,bid,Xuanyu Liu,WavyWalnuts,7650945
2026-07-05T00:07:29.629754,2026-07-05T00:07:29.632989+00:00,142.0,3,bid,Xuanyu Liu,WavyWalnuts,7650947
2026-07-05T00:07:33.250082,2026-07-05T00:07:33.258639+00:00,141.9,200,ask,YieldingYams,WavyWalnuts,7650998
2026-07-05T00:07:38.419492,2026-07-05T00:07:38.430455+00:00,142.1,500,bid,YieldingYams,AverageAlmonds,7651065
2026-07-05T00:07:38.626504,2026-07-05T00:07:38.637292+00:00,142.1,125,ask,YieldingYams,AverageAlmonds,7651066
2026-07-05T00:07:38.648660,2026-07-05T00:07:38.652507+00:00,142.0,3,bid,Xuanyu Liu,AverageAlmonds,7651068
2026-07-05T00:07:39.048109,2026-07-05T00:07:39.058553+00:00,142.0,12,bid,Kaleb Liu,AverageAlmonds,7651075
2026-07-05T00:07:40.057562,2026-07-05T00:07:40.069412+00:00,142.0,6,bid,Kaleb Liu,WavyWalnuts,7651088
2026-07-05T00:07:41.070098,2026-07-05T00:07:41.081919+00:00,142.1,3,bid,Kaleb Liu,WavyWalnuts,7651096
2026-07-05T00:07:43.460836,2026-07-05T00:07:43.468728+00:00,142.0,200,ask,WavyWalnuts,AverageAlmonds,7651129
2026-07-05T00:07:44.019799,2026-07-05T00:07:44.030388+00:00,141.8,20,ask,YieldingYams,BrilliantBurritos,7651139
2026-07-05T00:07:44.987353,2026-07-05T00:07:44.996238+00:00,142.0,200,bid,YieldingYams,WavyWalnuts,7651154
2026-07-05T00:07:45.103080,2026-07-05T00:07:45.106829+00:00,142.0,3,ask,YieldingYams,Xuanyu Liu,7651157
2026-07-05T00:07:47.620450,2026-07-05T00:07:47.623968+00:00,142.1,3,ask,YieldingYams,Xuanyu Liu,7651190
2026-07-05T00:07:47.754220,2026-07-05T00:07:47.758565+00:00,142.1,200,ask,YieldingYams,WavyWalnuts,7651195
2026-07-05T00:07:48.264808,2026-07-05T00:07:48.268384+00:00,142.2,3,bid,Xuanyu Liu,AverageAlmonds,7651203
2026-07-05T00:07:49.089290,2026-07-05T00:07:49.101228+00:00,142.2,2,bid,Kaleb Liu,AverageAlmonds,7651217
2026-07-05T00:07:50.099928,2026-07-05T00:07:50.109842+00:00,142.1,3,ask,YieldingYams,Kaleb Liu,7651234
2026-07-05T00:07:50.181321,2026-07-05T00:07:50.189258+00:00,142.1,200,ask,YieldingYams,WavyWalnuts,7651239
2026-07-05T00:07:56.234043,2026-07-05T00:07:56.244799+00:00,142.0,200,ask,YieldingYams,WavyWalnuts,7651349
2026-07-05T00:07:57.440105,2026-07-05T00:07:57.458944+00:00,142.1,200,bid,WavyWalnuts,YieldingYams,7651357
2026-07-05T00:08:05.136828,2026-07-05T00:08:05.148938+00:00,141.9,4,ask,YieldingYams,Kaleb Liu,7651477
2026-07-05T00:08:05.980722,2026-07-05T00:08:05.988732+00:00,142.0,200,ask,WavyWalnuts,YieldingYams,7651486
2026-07-05T00:08:07.125748,2026-07-05T00:08:07.132873+00:00,141.8,200,bid,WavyWalnuts,YieldingYams,7651495
2026-07-05T00:08:08.349938,2026-07-05T00:08:08.354051+00:00,141.9,3,ask,WavyWalnuts,Xuanyu Liu,7651515
2026-07-05T00:08:10.713377,2026-07-05T00:08:10.723538+00:00,142.1,20,bid,BrilliantBurritos,WavyWalnuts,7651545
2026-07-05T00:08:11.218406,2026-07-05T00:08:11.227673+00:00,142.0,200,ask,WavyWalnuts,YieldingYams,7651550
2026-07-05T00:08:12.155600,2026-07-05T00:08:12.167266+00:00,141.8,2,ask,YieldingYams,Kaleb Liu,7651566
2026-07-05T00:08:13.031964,2026-07-05T00:08:13.043456+00:00,142.1,20,bid,BrilliantBurritos,WavyWalnuts,7651579
2026-07-05T00:08:15.179475,2026-07-05T00:08:15.183284+00:00,142.1,11,ask,YieldingYams,Xuanyu Liu,7651609
2026-07-05T00:08:15.600998,2026-07-05T00:08:15.607905+00:00,142.1,200,ask,YieldingYams,WavyWalnuts,7651614
2026-07-05T00:08:18.021371,2026-07-05T00:08:18.030012+00:00,142.2,200,bid,WavyWalnuts,YieldingYams,7651639
2026-07-05T00:08:18.171857,2026-07-05T00:08:18.183944+00:00,142.2,6,bid,Kaleb Liu,YieldingYams,7651644
2026-07-05T00:08:19.188689,2026-07-05T00:08:19.201810+00:00,142.1,3,bid,Kaleb Liu,YieldingYams,7651663
2026-07-05T00:08:19.232840,2026-07-05T00:08:19.242412+00:00,142.1,200,bid,WavyWalnuts,YieldingYams,7651669
2026-07-05T00:08:21.230174,2026-07-05T00:08:21.237367+00:00,142.1,20,ask,YieldingYams,BrilliantBurritos,7651691
2026-07-05T00:08:21.740841,2026-07-05T00:08:21.745070+00:00,142.2,12,ask,YieldingYams,Xuanyu Liu,7651697
2026-07-05T00:08:22.221587,2026-07-05T00:08:22.228687+00:00,142.2,2,ask,YieldingYams,Kaleb Liu,7651704
2026-07-05T00:08:22.871145,2026-07-05T00:08:22.882566+00:00,142.2,200,ask,YieldingYams,WavyWalnuts,7651714
2026-07-05T00:08:23.243254,2026-07-05T00:08:23.258589+00:00,142.2,2,bid,Kaleb Liu,YieldingYams,7651717
2026-07-05T00:08:23.248789,2026-07-05T00:08:23.258589+00:00,142.2,20,bid,BrilliantBurritos,YieldingYams,7651718
2026-07-05T00:08:24.053847,2026-07-05T00:08:24.070950+00:00,142.2,20,bid,BrilliantBurritos,YieldingYams,7651736
2026-07-05T00:08:24.257082,2026-07-05T00:08:24.263785+00:00,142.2,1,bid,Kaleb Liu,YieldingYams,7651738
2026-07-05T00:08:25.826710,2026-07-05T00:08:25.838371+00:00,142.1,200,ask,WavyWalnuts,AverageAlmonds,7651758
2026-07-05T00:08:25.826710,2026-07-05T00:08:25.838371+00:00,142.1,300,ask,YieldingYams,AverageAlmonds,7651759
2026-07-05T00:08:26.446823,2026-07-05T00:08:26.458554+00:00,142.1,325,ask,YieldingYams,AverageAlmonds,7651768
2026-07-05T00:08:26.960788,2026-07-05T00:08:26.967703+00:00,142.0,200,ask,WavyWalnuts,YieldingYams,7651777
2026-07-05T00:08:26.978806,2026-07-05T00:08:26.982366+00:00,142.0,12,bid,Xuanyu Liu,YieldingYams,7651779
2026-07-05T00:08:30.938366,2026-07-05T00:08:30.950254+00:00,142.2,20,bid,BrilliantBurritos,WavyWalnuts,7651841
2026-07-05T00:08:31.344842,2026-07-05T00:08:31.353537+00:00,142.2,200,bid,WavyWalnuts,AverageAlmonds,7651847
2026-07-05T00:08:31.754020,2026-07-05T00:08:31.763619+00:00,142.0,20,ask,YieldingYams,BrilliantBurritos,7651852
2026-07-05T00:08:32.557432,2026-07-05T00:08:32.569212+00:00,142.1,200,bid,WavyWalnuts,YieldingYams,7651872
2026-07-05T00:08:34.981077,2026-07-05T00:08:34.991809+00:00,142.1,200,bid,WavyWalnuts,YieldingYams,7651907
2026-07-05T00:08:36.191088,2026-07-05T00:08:36.201425+00:00,142.2,200,bid,WavyWalnuts,AverageAlmonds,7651924
2026-07-05T00:08:40.980341,2026-07-05T00:08:40.989484+00:00,142.0,200,ask,WavyWalnuts,AverageAlmonds,7651995
2026-07-05T00:08:41.031341,2026-07-05T00:08:41.040145+00:00,142.0,200,bid,WavyWalnuts,AverageAlmonds,7652000
2026-07-05T00:08:45.226893,2026-07-05T00:08:45.236019+00:00,141.9,500,ask,YieldingYams,AverageAlmonds,7652066
2026-07-05T00:08:47.931308,2026-07-05T00:08:47.940394+00:00,141.6,200,ask,WavyWalnuts,YieldingYams,7652115
2026-07-05T00:08:47.946057,2026-07-05T00:08:47.950037+00:00,141.6,11,bid,Xuanyu Liu,YieldingYams,7652117
2026-07-05T00:08:48.501235,2026-07-05T00:08:48.507877+00:00,141.5,20,ask,WavyWalnuts,BrilliantBurritos,7652128
2026-07-05T00:08:49.497947,2026-07-05T00:08:49.505074+00:00,141.6,200,ask,YieldingYams,WavyWalnuts,7652147
2026-07-05T00:08:50.714020,2026-07-05T00:08:50.723662+00:00,141.6,200,ask,YieldingYams,WavyWalnuts,7652171
2026-07-05T00:08:51.509191,2026-07-05T00:08:51.513058+00:00,141.8,3,bid,Xuanyu Liu,YieldingYams,7652186
2026-07-05T00:08:57.132286,2026-07-05T00:08:57.141491+00:00,141.5,200,ask,WavyWalnuts,YieldingYams,7652298
2026-07-05T00:08:57.973276,2026-07-05T00:08:57.981882+00:00,141.5,200,bid,WavyWalnuts,YieldingYams,7652312
2026-07-05T00:08:58.573635,2026-07-05T00:08:58.581346+00:00,141.4,20,ask,YieldingYams,BrilliantBurritos,7652325
2026-07-05T00:09:01.093648,2026-07-05T00:09:01.097719+00:00,141.5,3,bid,Xuanyu Liu,YieldingYams,7652368
2026-07-05T00:09:01.605511,2026-07-05T00:09:01.613755+00:00,141.5,200,bid,WavyWalnuts,YieldingYams,7652376
2026-07-05T00:09:05.003759,2026-07-05T00:09:05.010490+00:00,141.5,200,ask,WavyWalnuts,YieldingYams,7652424
2026-07-05T00:09:05.231913,2026-07-05T00:09:05.242812+00:00,141.5,200,bid,WavyWalnuts,YieldingYams,7652430
2026-07-05T00:09:07.648004,2026-07-05T00:09:07.656482+00:00,141.7,200,bid,WavyWalnuts,YieldingYams,7652465
2026-07-05T00:09:10.083335,2026-07-05T00:09:10.089965+00:00,141.5,200,ask,YieldingYams,WavyWalnuts,7652504
2026-07-05T00:09:10.485331,2026-07-05T00:09:10.488963+00:00,141.8,11,bid,Xuanyu Liu,AverageAlmonds,7652515
2026-07-05T00:09:10.967866,2026-07-05T00:09:10.974502+00:00,141.8,25,bid,Yinxuan Li,YieldingYams,7652520
2026-07-05T00:09:11.293398,2026-07-05T00:09:11.303121+00:00,141.6,200,ask,YieldingYams,WavyWalnuts,7652525
2026-07-05T00:09:11.577128,2026-07-05T00:09:11.580906+00:00,141.7,12,bid,Xuanyu Liu,YieldingYams,7652531
2026-07-05T00:09:12.517322,2026-07-05T00:09:12.520936+00:00,141.6,11,bid,Xuanyu Liu,WavyWalnuts,7652552
2026-07-05T00:09:13.712698,2026-07-05T00:09:13.722658+00:00,141.5,200,ask,YieldingYams,WavyWalnuts,7652564
2026-07-05T00:09:15.529988,2026-07-05T00:09:15.538436+00:00,141.7,200,bid,YieldingYams,WavyWalnuts,7652596
2026-07-05T00:09:15.544163,2026-07-05T00:09:15.547849+00:00,141.7,23,ask,YieldingYams,Xuanyu Liu,7652598
2026-07-05T00:09:20.980837,2026-07-05T00:09:20.989981+00:00,141.7,200,bid,WavyWalnuts,YieldingYams,7652682
2026-07-05T00:09:23.382874,2026-07-05T00:09:23.389869+00:00,141.8,200,ask,WavyWalnuts,YieldingYams,7652723
2026-07-05T00:09:27.330296,2026-07-05T00:09:27.333863+00:00,141.9,11,ask,YieldingYams,Xuanyu Liu,7652774
2026-07-05T00:09:27.612870,2026-07-05T00:09:27.624370+00:00,141.9,500,ask,YieldingYams,AverageAlmonds,7652779
2026-07-05T00:09:28.626325,2026-07-05T00:09:28.637206+00:00,141.8,200,ask,WavyWalnuts,YieldingYams,7652795
2026-07-05T00:09:29.507181,2026-07-05T00:09:29.510950+00:00,141.7,3,ask,WavyWalnuts,Xuanyu Liu,7652809
2026-07-05T00:09:30.659831,2026-07-05T00:09:30.669811+00:00,141.9,200,bid,WavyWalnuts,YieldingYams,7652820
2026-07-05T00:09:30.988411,2026-07-05T00:09:30.997100+00:00,141.7,25,ask,YieldingYams,Yinxuan Li,7652827
2026-07-05T00:09:33.062005,2026-07-05T00:09:33.068950+00:00,141.8,200,ask,WavyWalnuts,AverageAlmonds,7652864
2026-07-05T00:09:33.062005,2026-07-05T00:09:33.074211+00:00,141.8,300,ask,YieldingYams,AverageAlmonds,7652865
2026-07-05T00:09:33.084740,2026-07-05T00:09:33.094937+00:00,141.8,200,ask,YieldingYams,WavyWalnuts,7652866
2026-07-05T00:09:33.656240,2026-07-05T00:09:33.657412+00:00,141.8,125,ask,YieldingYams,AverageAlmonds,7652874
2026-07-05T00:09:41.564653,2026-07-05T00:09:41.576187+00:00,141.8,200,ask,YieldingYams,WavyWalnuts,7652980
2026-07-05T00:09:43.327341,2026-07-05T00:09:43.337292+00:00,141.8,500,bid,AverageAlmonds,YieldingYams,7653008
2026-07-05T00:09:43.919981,2026-07-05T00:09:43.929819+00:00,141.8,125,bid,AverageAlmonds,YieldingYams,7653015
2026-07-05T00:09:43.981367,2026-07-05T00:09:43.990801+00:00,141.8,200,ask,AverageAlmonds,WavyWalnuts,7653021
2026-07-05T00:09:44.392411,2026-07-05T00:09:44.396300+00:00,142.0,3,ask,YieldingYams,Xuanyu Liu,7653025
2026-07-05T00:09:45.196748,2026-07-05T00:09:45.205882+00:00,142.0,200,ask,YieldingYams,WavyWalnuts,7653044
2026-07-05T00:09:45.264442,2026-07-05T00:09:45.268026+00:00,142.2,3,bid,Xuanyu Liu,YieldingYams,7653049
2026-07-05T00:09:46.404689,2026-07-05T00:09:46.416020+00:00,141.9,200,ask,YieldingYams,WavyWalnuts,7653068
2026-07-05T00:09:47.014127,2026-07-05T00:09:47.017387+00:00,142.0,3,bid,Xuanyu Liu,YieldingYams,7653074
2026-07-05T00:09:47.275509,2026-07-05T00:09:47.287482+00:00,142.0,1,bid,Kaleb Liu,YieldingYams,7653078
2026-07-05T00:09:47.623561,2026-07-05T00:09:47.627075+00:00,141.9,11,bid,Xuanyu Liu,WavyWalnuts,7653086
2026-07-05T00:09:48.290232,2026-07-05T00:09:48.297631+00:00,141.9,1,bid,Kaleb Liu,WavyWalnuts,7653101
2026-07-05T00:09:48.408035,2026-07-05T00:09:48.411810+00:00,141.8,11,ask,YieldingYams,Xuanyu Liu,7653105
2026-07-05T00:09:48.818658,2026-07-05T00:09:48.826282+00:00,141.8,200,ask,YieldingYams,WavyWalnuts,7653111
2026-07-05T00:09:52.254073,2026-07-05T00:09:52.257535+00:00,141.8,3,ask,YieldingYams,Xuanyu Liu,7653168
2026-07-05T00:09:52.467834,2026-07-05T00:09:52.479347+00:00,141.8,200,ask,YieldingYams,WavyWalnuts,7653176
2026-07-05T00:09:54.876040,2026-07-05T00:09:54.879823+00:00,141.8,3,ask,YieldingYams,Xuanyu Liu,7653217
2026-07-05T00:09:58.503176,2026-07-05T00:09:58.509323+00:00,142.0,11,ask,AverageAlmonds,Xuanyu Liu,7653281
2026-07-05T00:09:58.788247,2026-07-05T00:09:58.795780+00:00,142.0,289,ask,AverageAlmonds,YieldingYams,7653285
2026-07-05T00:09:58.788247,2026-07-05T00:09:58.800768+00:00,141.9,200,ask,WavyWalnuts,YieldingYams,7653286
2026-07-05T00:09:59.075409,2026-07-05T00:09:59.082863+00:00,141.9,136,bid,AverageAlmonds,YieldingYams,7653292
2026-07-05T00:09:59.315772,2026-07-05T00:09:59.327742+00:00,142.0,1,ask,AverageAlmonds,Kaleb Liu,7653297
2026-07-05T00:09:59.763585,2026-07-05T00:09:59.767052+00:00,142.1,12,ask,WavyWalnuts,Xuanyu Liu,7653314
2026-07-05T00:10:00.326641,2026-07-05T00:10:00.334540+00:00,142.1,3,ask,WavyWalnuts,Kaleb Liu,7653323
2026-07-05T00:10:00.732340,2026-07-05T00:10:00.744429+00:00,142.1,20,ask,WavyWalnuts,BrilliantBurritos,7653329
2026-07-05T00:10:00.956735,2026-07-05T00:10:00.958538+00:00,142.2,200,bid,WavyWalnuts,YieldingYams,7653335
2026-07-05T00:10:01.341322,2026-07-05T00:10:01.353415+00:00,142.0,2,ask,AverageAlmonds,Kaleb Liu,7653346
2026-07-05T00:10:01.423155,2026-07-05T00:10:01.426711+00:00,142.2,23,ask,YieldingYams,Xuanyu Liu,7653355
2026-07-05T00:10:02.355864,2026-07-05T00:10:02.358590+00:00,142.2,9,ask,YieldingYams,Kaleb Liu,7653371
2026-07-05T00:10:03.380622,2026-07-05T00:10:03.387901+00:00,142.1,200,ask,YieldingYams,WavyWalnuts,7653384
2026-07-05T00:10:04.311878,2026-07-05T00:10:04.323549+00:00,142.2,20,bid,BrilliantBurritos,YieldingYams,7653396
2026-07-05T00:10:04.531795,2026-07-05T00:10:04.539254+00:00,142.2,500,bid,AverageAlmonds,YieldingYams,7653398
2026-07-05T00:10:05.127813,2026-07-05T00:10:05.139067+00:00,142.2,105,bid,AverageAlmonds,YieldingYams,7653412
2026-07-05T00:10:05.127813,2026-07-05T00:10:05.139067+00:00,142.2,200,bid,AverageAlmonds,WavyWalnuts,7653413
2026-07-05T00:10:05.798444,2026-07-05T00:10:05.809853+00:00,142.4,200,ask,YieldingYams,WavyWalnuts,7653422
2026-07-05T00:10:07.007504,2026-07-05T00:10:07.019020+00:00,142.3,200,ask,YieldingYams,WavyWalnuts,7653440
2026-07-05T00:10:09.254100,2026-07-05T00:10:09.264930+00:00,142.5,200,bid,YieldingYams,WavyWalnuts,7653469
2026-07-05T00:10:09.394117,2026-07-05T00:10:09.405947+00:00,142.5,5,ask,YieldingYams,Kaleb Liu,7653471
2026-07-05T00:10:10.376179,2026-07-05T00:10:10.388159+00:00,142.5,20,ask,YieldingYams,BrilliantBurritos,7653485
2026-07-05T00:10:10.411957,2026-07-05T00:10:10.418949+00:00,142.5,2,ask,YieldingYams,Kaleb Liu,7653487
2026-07-05T00:10:13.067339,2026-07-05T00:10:13.078135+00:00,142.6,200,bid,WavyWalnuts,YieldingYams,7653535
2026-07-05T00:10:17.239923,2026-07-05T00:10:17.247716+00:00,142.5,500,bid,AverageAlmonds,YieldingYams,7653593
2026-07-05T00:10:17.838928,2026-07-05T00:10:17.846237+00:00,142.5,125,bid,AverageAlmonds,YieldingYams,7653609
2026-07-05T00:10:17.838928,2026-07-05T00:10:17.851206+00:00,142.6,200,bid,AverageAlmonds,WavyWalnuts,7653610
2026-07-05T00:10:17.867985,2026-07-05T00:10:17.871924+00:00,142.6,11,ask,AverageAlmonds,Xuanyu Liu,7653612
2026-07-05T00:10:18.457514,2026-07-05T00:10:18.469446+00:00,142.6,8,ask,YieldingYams,Kaleb Liu,7653621
2026-07-05T00:10:19.121505,2026-07-05T00:10:19.133330+00:00,142.6,200,ask,YieldingYams,WavyWalnuts,7653631
2026-07-05T00:10:20.064450,2026-07-05T00:10:20.068079+00:00,142.8,23,bid,Xuanyu Liu,YieldingYams,7653654
2026-07-05T00:10:21.538394,2026-07-05T00:10:21.545995+00:00,142.8,200,bid,WavyWalnuts,YieldingYams,7653674
2026-07-05T00:10:23.661295,2026-07-05T00:10:23.669040+00:00,142.9,20,bid,BrilliantBurritos,WavyWalnuts,7653705
2026-07-05T00:10:25.163727,2026-07-05T00:10:25.174222+00:00,142.7,200,ask,YieldingYams,WavyWalnuts,7653736
2026-07-05T00:10:26.388716,2026-07-05T00:10:26.392020+00:00,142.8,23,bid,Xuanyu Liu,WavyWalnuts,7653748
2026-07-05T00:10:33.682582,2026-07-05T00:10:33.691309+00:00,142.8,200,ask,YieldingYams,WavyWalnuts,7653862
2026-07-05T00:10:39.059005,2026-07-05T00:10:39.062862+00:00,142.8,14,bid,Xuanyu Liu,WavyWalnuts,7653943
2026-07-05T00:10:39.491365,2026-07-05T00:10:39.503632+00:00,142.7,15,bid,Kaleb Liu,YieldingYams,7653947
2026-07-05T00:10:40.507494,2026-07-05T00:10:40.514719+00:00,142.7,7,bid,Kaleb Liu,YieldingYams,7653972
2026-07-05T00:10:41.517719,2026-07-05T00:10:41.529625+00:00,142.7,4,bid,Kaleb Liu,YieldingYams,7654004
2026-07-05T00:10:51.854632,2026-07-05T00:10:51.866350+00:00,142.8,200,ask,YieldingYams,WavyWalnuts,7654156
2026-07-05T00:10:53.066228,2026-07-05T00:10:53.073959+00:00,142.7,200,ask,YieldingYams,WavyWalnuts,7654177
2026-07-05T00:10:54.273829,2026-07-05T00:10:54.283275+00:00,142.7,200,ask,YieldingYams,WavyWalnuts,7654191
2026-07-05T00:10:56.432911,2026-07-05T00:10:56.440548+00:00,142.7,200,bid,YieldingYams,WavyWalnuts,7654231
2026-07-05T00:10:56.546019,2026-07-05T00:10:56.558590+00:00,143.0,1,bid,Kaleb Liu,YieldingYams,7654233
2026-07-05T00:10:56.691896,2026-07-05T00:10:56.699650+00:00,142.8,200,ask,YieldingYams,WavyWalnuts,7654238
2026-07-05T00:10:57.557908,2026-07-05T00:10:57.569896+00:00,143.0,1,bid,Kaleb Liu,YieldingYams,7654251
2026-07-05T00:10:57.901697,2026-07-05T00:10:57.909083+00:00,142.7,200,ask,YieldingYams,WavyWalnuts,7654263
2026-07-05T00:10:58.041735,2026-07-05T00:10:58.045593+00:00,142.7,3,ask,YieldingYams,Xuanyu Liu,7654268
2026-07-05T00:11:00.447453,2026-07-05T00:11:00.451187+00:00,142.8,11,ask,YieldingYams,Xuanyu Liu,7654304
2026-07-05T00:11:01.540808,2026-07-05T00:11:01.549554+00:00,142.8,200,ask,YieldingYams,WavyWalnuts,7654311
2026-07-05T00:11:02.473590,2026-07-05T00:11:02.485663+00:00,142.9,20,bid,BrilliantBurritos,YieldingYams,7654326
2026-07-05T00:11:04.375510,2026-07-05T00:11:04.379057+00:00,142.9,11,bid,Xuanyu Liu,YieldingYams,7654353
2026-07-05T00:11:06.578436,2026-07-05T00:11:06.588287+00:00,143.0,1,bid,Kaleb Liu,YieldingYams,7654389
2026-07-05T00:11:06.973343,2026-07-05T00:11:06.981819+00:00,142.9,500,bid,YieldingYams,AverageAlmonds,7654398
2026-07-05T00:11:06.973343,2026-07-05T00:11:06.981819+00:00,143.1,125,bid,YieldingYams,WavyWalnuts,7654399
2026-07-05T00:11:09.313046,2026-07-05T00:11:09.322337+00:00,142.9,500,ask,YieldingYams,AverageAlmonds,7654424
2026-07-05T00:11:09.595656,2026-07-05T00:11:09.606801+00:00,142.9,200,ask,WavyWalnuts,YieldingYams,7654426
2026-07-05T00:11:10.690250,2026-07-05T00:11:10.694034+00:00,142.7,11,ask,YieldingYams,Xuanyu Liu,7654445
2026-07-05T00:11:10.921529,2026-07-05T00:11:10.925310+00:00,142.8,12,ask,YieldingYams,Xuanyu Liu,7654449
2026-07-05T00:11:11.239115,2026-07-05T00:11:11.246305+00:00,142.8,200,ask,YieldingYams,WavyWalnuts,7654457
2026-07-05T00:11:11.592703,2026-07-05T00:11:11.601855+00:00,142.8,3,ask,YieldingYams,Kaleb Liu,7654460
2026-07-05T00:11:12.229516,2026-07-05T00:11:12.233111+00:00,142.9,11,ask,YieldingYams,Xuanyu Liu,7654464
2026-07-05T00:11:12.452199,2026-07-05T00:11:12.458639+00:00,142.9,200,ask,YieldingYams,WavyWalnuts,7654473
2026-07-05T00:11:12.602636,2026-07-05T00:11:12.618231+00:00,142.9,5,ask,YieldingYams,Kaleb Liu,7654475
2026-07-05T00:11:13.660241,2026-07-05T00:11:13.670284+00:00,142.8,200,ask,YieldingYams,WavyWalnuts,7654498
2026-07-05T00:11:14.685318,2026-07-05T00:11:14.693182+00:00,143.0,20,bid,BrilliantBurritos,YieldingYams,7654507
2026-07-05T00:11:16.144739,2026-07-05T00:11:16.168377+00:00,142.7,200,ask,WavyWalnuts,YieldingYams,7654531
2026-07-05T00:11:16.164651,2026-07-05T00:11:16.168377+00:00,142.7,11,bid,Xuanyu Liu,YieldingYams,7654533
2026-07-05T00:11:16.625461,2026-07-05T00:11:16.639777+00:00,142.7,4,bid,Kaleb Liu,YieldingYams,7654539
2026-07-05T00:11:17.012210,2026-07-05T00:11:17.016248+00:00,142.5,23,ask,YieldingYams,Xuanyu Liu,7654553
2026-07-05T00:11:17.653175,2026-07-05T00:11:17.664918+00:00,142.5,10,ask,YieldingYams,Kaleb Liu,7654562
2026-07-05T00:11:18.664236,2026-07-05T00:11:18.676052+00:00,142.5,5,ask,YieldingYams,Kaleb Liu,7654581
2026-07-05T00:11:18.707694,2026-07-05T00:11:18.719251+00:00,142.5,20,ask,YieldingYams,BrilliantBurritos,7654583
2026-07-05T00:11:18.775867,2026-07-05T00:11:18.780139+00:00,142.6,11,ask,YieldingYams,Xuanyu Liu,7654587
2026-07-05T00:11:19.303744,2026-07-05T00:11:19.315786+00:00,142.7,20,bid,BrilliantBurritos,WavyWalnuts,7654598
2026-07-05T00:11:20.560341,2026-07-05T00:11:20.572139+00:00,142.7,20,bid,BrilliantBurritos,WavyWalnuts,7654621
2026-07-05T00:11:21.376578,2026-07-05T00:11:21.384692+00:00,142.8,200,bid,YieldingYams,WavyWalnuts,7654631
2026-07-05T00:11:21.675968,2026-07-05T00:11:21.688133+00:00,142.9,2,ask,YieldingYams,Kaleb Liu,7654641
2026-07-05T00:11:22.687387,2026-07-05T00:11:22.695221+00:00,143.0,200,bid,YieldingYams,WavyWalnuts,7654659
2026-07-05T00:11:23.690137,2026-07-05T00:11:23.702069+00:00,143.0,1,ask,YieldingYams,Kaleb Liu,7654672
2026-07-05T00:11:24.000667,2026-07-05T00:11:24.011595+00:00,142.9,200,ask,WavyWalnuts,YieldingYams,7654680
2026-07-05T00:11:25.702337,2026-07-05T00:11:25.711263+00:00,142.9,11,bid,Kaleb Liu,WavyWalnuts,7654717
2026-07-05T00:11:26.956206,2026-07-05T00:11:26.963763+00:00,142.8,200,bid,WavyWalnuts,YieldingYams,7654734
2026-07-05T00:11:29.234691,2026-07-05T00:11:29.245325+00:00,142.7,200,ask,WavyWalnuts,YieldingYams,7654764
2026-07-05T00:11:29.371789,2026-07-05T00:11:29.380115+00:00,142.6,200,bid,WavyWalnuts,YieldingYams,7654772
2026-07-05T00:11:30.821613,2026-07-05T00:11:30.833518+00:00,142.5,20,ask,YieldingYams,BrilliantBurritos,7654795
2026-07-05T00:11:31.857062,2026-07-05T00:11:31.863941+00:00,142.7,200,bid,YieldingYams,WavyWalnuts,7654808
2026-07-05T00:11:32.834452,2026-07-05T00:11:32.838257+00:00,142.9,11,bid,Xuanyu Liu,YieldingYams,7654816
2026-07-05T00:11:32.903232,2026-07-05T00:11:32.911402+00:00,142.9,20,bid,BrilliantBurritos,YieldingYams,7654821
2026-07-05T00:11:33.021475,2026-07-05T00:11:33.025265+00:00,142.8,12,bid,Xuanyu Liu,WavyWalnuts,7654824
2026-07-05T00:11:35.722755,2026-07-05T00:11:35.729477+00:00,142.6,2,ask,YieldingYams,Kaleb Liu,7654859
2026-07-05T00:11:36.664040,2026-07-05T00:11:36.667671+00:00,142.7,11,bid,Xuanyu Liu,WavyWalnuts,7654874
2026-07-05T00:11:37.094407,2026-07-05T00:11:37.102439+00:00,142.7,189,bid,YieldingYams,WavyWalnuts,7654883
2026-07-05T00:11:38.734264,2026-07-05T00:11:38.746283+00:00,142.6,1,ask,WavyWalnuts,Kaleb Liu,7654914
2026-07-05T00:11:39.712765,2026-07-05T00:11:39.724089+00:00,142.7,200,ask,WavyWalnuts,YieldingYams,7654939
2026-07-05T00:11:42.330734,2026-07-05T00:11:42.341250+00:00,142.8,200,bid,YieldingYams,WavyWalnuts,7654967
2026-07-05T00:11:49.277783,2026-07-05T00:11:49.289952+00:00,142.8,200,ask,WavyWalnuts,AverageAlmonds,7655079
2026-07-05T00:11:51.037051,2026-07-05T00:11:51.043927+00:00,142.8,20,bid,BrilliantBurritos,YieldingYams,7655113
2026-07-05T00:11:51.522205,2026-07-05T00:11:51.529626+00:00,142.8,500,bid,YieldingYams,AverageAlmonds,7655119
2026-07-05T00:11:51.685492,2026-07-05T00:11:51.692753+00:00,142.8,125,ask,YieldingYams,AverageAlmonds,7655124
2026-07-05T00:11:54.144258,2026-07-05T00:11:54.155517+00:00,142.6,200,ask,WavyWalnuts,YieldingYams,7655179
2026-07-05T00:11:54.165684,2026-07-05T00:11:54.169477+00:00,142.6,23,bid,Xuanyu Liu,YieldingYams,7655181
2026-07-05T00:11:54.785521,2026-07-05T00:11:54.794316+00:00,142.6,200,bid,WavyWalnuts,YieldingYams,7655195
2026-07-05T00:11:54.993232,2026-07-05T00:11:54.997935+00:00,142.6,3,bid,Xuanyu Liu,YieldingYams,7655200
2026-07-05T00:11:57.147476,2026-07-05T00:11:57.158585+00:00,142.6,20,ask,WavyWalnuts,BrilliantBurritos,7655219
2026-07-05T00:11:57.206108,2026-07-05T00:11:57.217892+00:00,142.7,200,bid,WavyWalnuts,YieldingYams,7655222
2026-07-05T00:11:58.375168,2026-07-05T00:11:58.384683+00:00,142.6,500,ask,YieldingYams,AverageAlmonds,7655239
2026-07-05T00:11:58.969639,2026-07-05T00:11:58.979934+00:00,142.6,125,ask,YieldingYams,AverageAlmonds,7655248
2026-07-05T00:11:58.969639,2026-07-05T00:11:58.979934+00:00,142.6,200,ask,WavyWalnuts,AverageAlmonds,7655249
2026-07-05T00:11:59.619598,2026-07-05T00:11:59.629495+00:00,142.5,200,bid,WavyWalnuts,AverageAlmonds,7655252
2026-07-05T00:12:00.692912,2026-07-05T00:12:00.700672+00:00,142.5,500,bid,YieldingYams,AverageAlmonds,7655267
2026-07-05T00:12:01.385788,2026-07-05T00:12:01.395769+00:00,142.6,125,ask,YieldingYams,AverageAlmonds,7655281
2026-07-05T00:12:02.732769,2026-07-05T00:12:02.740309+00:00,142.3,20,ask,YieldingYams,BrilliantBurritos,7655305
2026-07-05T00:12:04.768337,2026-07-05T00:12:04.784814+00:00,142.3,20,ask,YieldingYams,BrilliantBurritos,7655342
2026-07-05T00:12:04.776057,2026-07-05T00:12:04.784814+00:00,142.4,7,bid,Kaleb Liu,WavyWalnuts,7655343
2026-07-05T00:12:07.445667,2026-07-05T00:12:07.464079+00:00,142.6,20,bid,BrilliantBurritos,YieldingYams,7655384
2026-07-05T00:12:08.069512,2026-07-05T00:12:08.078067+00:00,142.6,200,bid,WavyWalnuts,YieldingYams,7655389
2026-07-05T00:12:09.250166,2026-07-05T00:12:09.258603+00:00,142.5,500,ask,YieldingYams,AverageAlmonds,7655403
2026-07-05T00:12:09.842129,2026-07-05T00:12:09.849813+00:00,142.5,125,ask,YieldingYams,AverageAlmonds,7655411
2026-07-05T00:12:09.842129,2026-07-05T00:12:09.849813+00:00,142.5,200,ask,WavyWalnuts,AverageAlmonds,7655412
2026-07-05T00:12:12.348844,2026-07-05T00:12:12.361391+00:00,142.3,20,bid,BrilliantBurritos,YieldingYams,7655439
2026-07-05T00:12:12.918388,2026-07-05T00:12:12.925190+00:00,142.3,200,bid,WavyWalnuts,YieldingYams,7655456
2026-07-05T00:12:16.555436,2026-07-05T00:12:16.568658+00:00,142.1,200,ask,YieldingYams,WavyWalnuts,7655506
2026-07-05T00:12:16.797934,2026-07-05T00:12:16.809932+00:00,142.3,3,bid,Kaleb Liu,YieldingYams,7655510
2026-07-05T00:12:17.808544,2026-07-05T00:12:17.820331+00:00,142.1,2,ask,WavyWalnuts,Kaleb Liu,7655523
2026-07-05T00:12:18.818714,2026-07-05T00:12:18.830626+00:00,142.1,1,ask,WavyWalnuts,Kaleb Liu,7655539
2026-07-05T00:12:19.053278,2026-07-05T00:12:19.058562+00:00,142.1,200,bid,YieldingYams,WavyWalnuts,7655544
2026-07-05T00:12:19.829638,2026-07-05T00:12:19.841579+00:00,142.4,3,bid,Kaleb Liu,YieldingYams,7655561
2026-07-05T00:12:20.746971,2026-07-05T00:12:20.758618+00:00,142.2,200,bid,AverageAlmonds,WavyWalnuts,7655571
2026-07-05T00:12:20.746971,2026-07-05T00:12:20.758618+00:00,142.2,300,bid,AverageAlmonds,YieldingYams,7655572
2026-07-05T00:12:21.340629,2026-07-05T00:12:21.349189+00:00,142.2,325,bid,AverageAlmonds,YieldingYams,7655576
2026-07-05T00:12:21.669644,2026-07-05T00:12:21.687746+00:00,142.3,200,bid,YieldingYams,WavyWalnuts,7655580
2026-07-05T00:12:21.684227,2026-07-05T00:12:21.687746+00:00,142.4,14,ask,YieldingYams,Xuanyu Liu,7655582
2026-07-05T00:12:22.598588,2026-07-05T00:12:22.606489+00:00,142.4,200,ask,YieldingYams,WavyWalnuts,7655598
2026-07-05T00:12:23.844270,2026-07-05T00:12:23.866357+00:00,142.4,2,ask,YieldingYams,Kaleb Liu,7655630
2026-07-05T00:12:25.614638,2026-07-05T00:12:25.644112+00:00,142.4,200,ask,WavyWalnuts,YieldingYams,7655658
2026-07-05T00:12:25.640580,2026-07-05T00:12:25.644112+00:00,142.4,11,bid,Xuanyu Liu,YieldingYams,7655663
2026-07-05T00:12:26.858916,2026-07-05T00:12:26.870536+00:00,142.3,1,ask,WavyWalnuts,Kaleb Liu,7655689
2026-07-05T00:12:28.669841,2026-07-05T00:12:28.680285+00:00,142.3,200,ask,AverageAlmonds,WavyWalnuts,7655718
2026-07-05T00:12:29.544768,2026-07-05T00:12:29.552257+00:00,142.3,500,ask,AverageAlmonds,YieldingYams,7655733
2026-07-05T00:12:29.886532,2026-07-05T00:12:29.896260+00:00,142.2,200,ask,AverageAlmonds,WavyWalnuts,7655739
2026-07-05T00:12:30.863591,2026-07-05T00:12:30.867033+00:00,142.3,11,ask,YieldingYams,Xuanyu Liu,7655760
2026-07-05T00:12:31.098528,2026-07-05T00:12:31.107400+00:00,142.3,200,ask,YieldingYams,WavyWalnuts,7655764
2026-07-05T00:12:31.675842,2026-07-05T00:12:31.679380+00:00,142.4,12,ask,AverageAlmonds,Xuanyu Liu,7655770
2026-07-05T00:12:32.306553,2026-07-05T00:12:32.317197+00:00,142.3,200,ask,YieldingYams,WavyWalnuts,7655785
2026-07-05T00:12:32.991170,2026-07-05T00:12:32.995533+00:00,142.5,23,bid,Xuanyu Liu,YieldingYams,7655798
2026-07-05T00:12:33.513542,2026-07-05T00:12:33.525089+00:00,142.4,200,ask,AverageAlmonds,WavyWalnuts,7655805
2026-07-05T00:12:34.726327,2026-07-05T00:12:34.736851+00:00,142.4,200,ask,AverageAlmonds,WavyWalnuts,7655821
2026-07-05T00:12:35.289857,2026-07-05T00:12:35.297657+00:00,142.5,500,bid,AverageAlmonds,YieldingYams,7655829
2026-07-05T00:12:35.878274,2026-07-05T00:12:35.885236+00:00,142.5,6,bid,Kaleb Liu,YieldingYams,7655836
2026-07-05T00:12:35.892297,2026-07-05T00:12:35.900986+00:00,142.5,119,bid,AverageAlmonds,YieldingYams,7655838
2026-07-05T00:12:35.938037,2026-07-05T00:12:35.948335+00:00,142.5,200,ask,AverageAlmonds,WavyWalnuts,7655840
2026-07-05T00:12:36.833939,2026-07-05T00:12:36.845893+00:00,142.5,20,ask,YieldingYams,BrilliantBurritos,7655853
2026-07-05T00:12:36.891604,2026-07-05T00:12:36.899925+00:00,142.5,1,ask,YieldingYams,Kaleb Liu,7655856
2026-07-05T00:12:37.145747,2026-07-05T00:12:37.158640+00:00,142.5,200,ask,YieldingYams,WavyWalnuts,7655866
2026-07-05T00:12:38.908217,2026-07-05T00:12:38.919027+00:00,142.7,200,bid,AverageAlmonds,WavyWalnuts,7655888
2026-07-05T00:12:38.908217,2026-07-05T00:12:38.919027+00:00,142.7,300,bid,AverageAlmonds,YieldingYams,7655889
2026-07-05T00:12:39.559625,2026-07-05T00:12:39.569646+00:00,142.6,200,ask,AverageAlmonds,WavyWalnuts,7655906
2026-07-05T00:12:42.905492,2026-07-05T00:12:42.917328+00:00,142.7,1,bid,Kaleb Liu,WavyWalnuts,7655959
2026-07-05T00:12:43.978462,2026-07-05T00:12:43.986731+00:00,142.7,200,bid,YieldingYams,WavyWalnuts,7655981
2026-07-05T00:12:44.403656,2026-07-05T00:12:44.413283+00:00,142.8,200,ask,YieldingYams,WavyWalnuts,7655996
2026-07-05T00:12:45.630361,2026-07-05T00:12:45.634056+00:00,142.8,3,bid,Xuanyu Liu,WavyWalnuts,7656012
2026-07-05T00:12:46.825074,2026-07-05T00:12:46.833021+00:00,142.7,200,ask,YieldingYams,WavyWalnuts,7656030
2026-07-05T00:12:50.544646,2026-07-05T00:12:50.555495+00:00,142.6,200,bid,YieldingYams,WavyWalnuts,7656093
2026-07-05T00:12:50.923100,2026-07-05T00:12:50.934555+00:00,142.7,1,ask,YieldingYams,Kaleb Liu,7656101
2026-07-05T00:12:51.931369,2026-07-05T00:12:51.940364+00:00,142.8,1,bid,Kaleb Liu,WavyWalnuts,7656114
2026-07-05T00:12:52.884575,2026-07-05T00:12:52.895761+00:00,142.7,200,ask,YieldingYams,WavyWalnuts,7656127
2026-07-05T00:12:52.947832,2026-07-05T00:12:52.958581+00:00,142.8,1,bid,Kaleb Liu,AverageAlmonds,7656128
2026-07-05T00:12:54.077521,2026-07-05T00:12:54.081441+00:00,142.7,3,bid,Xuanyu Liu,AverageAlmonds,7656153
2026-07-05T00:12:54.094329,2026-07-05T00:12:54.102245+00:00,142.7,200,bid,WavyWalnuts,AverageAlmonds,7656154
2026-07-05T00:12:54.468708,2026-07-05T00:12:54.476084+00:00,142.7,297,bid,YieldingYams,AverageAlmonds,7656160
2026-07-05T00:12:55.267784,2026-07-05T00:12:55.275109+00:00,142.7,328,ask,YieldingYams,AverageAlmonds,7656166
2026-07-05T00:12:56.204234,2026-07-05T00:12:56.215171+00:00,142.6,25,bid,Yinxuan Li,AverageAlmonds,7656192
2026-07-05T00:12:58.300356,2026-07-05T00:12:58.303920+00:00,142.5,3,ask,YieldingYams,Xuanyu Liu,7656220
2026-07-05T00:12:59.706291,2026-07-05T00:12:59.713896+00:00,142.6,500,bid,YieldingYams,AverageAlmonds,7656235
2026-07-05T00:13:00.166028,2026-07-05T00:13:00.175622+00:00,142.6,125,ask,YieldingYams,WavyWalnuts,7656241
2026-07-05T00:13:01.689458,2026-07-05T00:13:01.702217+00:00,142.4,20,bid,BrilliantBurritos,YieldingYams,7656262
2026-07-05T00:13:03.799360,2026-07-05T00:13:03.809051+00:00,142.5,200,bid,WavyWalnuts,YieldingYams,7656279
2026-07-05T00:13:04.975472,2026-07-05T00:13:04.993762+00:00,142.4,500,ask,YieldingYams,AverageAlmonds,7656290
2026-07-05T00:13:04.989276,2026-07-05T00:13:04.993762+00:00,142.4,3,ask,YieldingYams,Xuanyu Liu,7656291
2026-07-05T00:13:05.986326,2026-07-05T00:13:05.997978+00:00,142.5,20,bid,BrilliantBurritos,WavyWalnuts,7656298
2026-07-05T00:13:06.219447,2026-07-05T00:13:06.231223+00:00,142.4,25,ask,YieldingYams,Yinxuan Li,7656303
2026-07-05T00:13:07.431704,2026-07-05T00:13:07.441792+00:00,142.4,200,bid,WavyWalnuts,YieldingYams,7656321
2026-07-05T00:13:07.989543,2026-07-05T00:13:08.002065+00:00,142.5,1,bid,Kaleb Liu,AverageAlmonds,7656329
2026-07-05T00:13:12.268759,2026-07-05T00:13:12.275536+00:00,142.4,200,bid,WavyWalnuts,YieldingYams,7656383
2026-07-05T00:13:18.547055,2026-07-05T00:13:18.558576+00:00,142.4,20,ask,WavyWalnuts,BrilliantBurritos,7656470
2026-07-05T00:13:23.188297,2026-07-05T00:13:23.195903+00:00,142.5,200,ask,YieldingYams,WavyWalnuts,7656535
2026-07-05T00:13:24.405498,2026-07-05T00:13:24.415083+00:00,142.6,200,ask,YieldingYams,WavyWalnuts,7656564
2026-07-05T00:13:25.610642,2026-07-05T00:13:25.617654+00:00,142.6,200,bid,WavyWalnuts,YieldingYams,7656592
2026-07-05T00:13:28.026966,2026-07-05T00:13:28.033909+00:00,142.6,200,bid,WavyWalnuts,YieldingYams,7656625
2026-07-05T00:13:28.568992,2026-07-05T00:13:28.573328+00:00,142.6,11,ask,YieldingYams,Xuanyu Liu,7656641
2026-07-05T00:13:29.025449,2026-07-05T00:13:29.037298+00:00,142.6,1,ask,YieldingYams,Kaleb Liu,7656655
2026-07-05T00:13:31.167966,2026-07-05T00:13:31.175037+00:00,142.6,200,bid,YieldingYams,WavyWalnuts,7656695
2026-07-05T00:13:32.042957,2026-07-05T00:13:32.051786+00:00,142.7,1,ask,YieldingYams,Kaleb Liu,7656709
2026-07-05T00:13:32.477853,2026-07-05T00:13:32.485489+00:00,142.8,200,bid,YieldingYams,WavyWalnuts,7656715
2026-07-05T00:13:32.498378,2026-07-05T00:13:32.501894+00:00,142.8,12,ask,YieldingYams,Xuanyu Liu,7656717
2026-07-05T00:13:36.407119,2026-07-05T00:13:36.417536+00:00,142.9,500,bid,YieldingYams,AverageAlmonds,7656786
2026-07-05T00:13:36.436693,2026-07-05T00:13:36.465530+00:00,142.9,125,ask,YieldingYams,AverageAlmonds,7656788
2026-07-05T00:13:36.452473,2026-07-05T00:13:36.465530+00:00,142.9,20,bid,BrilliantBurritos,AverageAlmonds,7656790
2026-07-05T00:13:37.042573,2026-07-05T00:13:37.058560+00:00,142.8,200,ask,WavyWalnuts,AverageAlmonds,7656795
2026-07-05T00:13:37.055484,2026-07-05T00:13:37.058560+00:00,142.8,21,bid,Kaleb Liu,AverageAlmonds,7656796
2026-07-05T00:13:37.084132,2026-07-05T00:13:37.095641+00:00,142.0,34,ask,AverageAlmonds,Zihao Wu,7656800
2026-07-05T00:13:39.032346,2026-07-05T00:13:39.039386+00:00,142.6,200,ask,WavyWalnuts,YieldingYams,7656837
2026-07-05T00:13:40.067069,2026-07-05T00:13:40.075772+00:00,142.3,9,ask,YieldingYams,Kaleb Liu,7656855
2026-07-05T00:13:40.130263,2026-07-05T00:13:40.136968+00:00,142.5,200,bid,WavyWalnuts,YieldingYams,7656864
2026-07-05T00:13:41.076713,2026-07-05T00:13:41.088486+00:00,142.5,9,ask,YieldingYams,Kaleb Liu,7656872
2026-07-05T00:13:41.341342,2026-07-05T00:13:41.349427+00:00,142.5,200,ask,YieldingYams,WavyWalnuts,7656878
2026-07-05T00:13:41.659411,2026-07-05T00:13:41.663269+00:00,142.6,11,ask,YieldingYams,Xuanyu Liu,7656886
2026-07-05T00:13:42.087532,2026-07-05T00:13:42.098325+00:00,142.6,8,ask,YieldingYams,Kaleb Liu,7656895
2026-07-05T00:13:43.775362,2026-07-05T00:13:43.779180+00:00,142.6,11,bid,Xuanyu Liu,WavyWalnuts,7656928
2026-07-05T00:13:46.890739,2026-07-05T00:13:46.898798+00:00,142.6,200,bid,YieldingYams,WavyWalnuts,7656964
2026-07-05T00:13:48.201251,2026-07-05T00:13:48.208915+00:00,142.7,500,bid,YieldingYams,AverageAlmonds,7656981
2026-07-05T00:13:48.222058,2026-07-05T00:13:48.225652+00:00,142.7,11,ask,YieldingYams,Xuanyu Liu,7656983
2026-07-05T00:13:48.551493,2026-07-05T00:13:48.564120+00:00,142.8,20,bid,BrilliantBurritos,WavyWalnuts,7656992
2026-07-05T00:13:48.893197,2026-07-05T00:13:48.896942+00:00,142.7,34,ask,YieldingYams,Xuanyu Liu,7656998
2026-07-05T00:13:49.107100,2026-07-05T00:13:49.115843+00:00,142.7,24,ask,YieldingYams,Kaleb Liu,7657001
2026-07-05T00:13:49.146131,2026-07-05T00:13:49.157274+00:00,142.7,56,ask,YieldingYams,AverageAlmonds,7657003
2026-07-05T00:13:49.512327,2026-07-05T00:13:49.521043+00:00,142.6,200,ask,WavyWalnuts,YieldingYams,7657008
2026-07-05T00:13:50.117582,2026-07-05T00:13:50.129673+00:00,142.6,13,bid,Kaleb Liu,YieldingYams,7657013
2026-07-05T00:13:50.634674,2026-07-05T00:13:50.642835+00:00,142.6,20,bid,BrilliantBurritos,YieldingYams,7657023
2026-07-05T00:13:54.662690,2026-07-05T00:13:54.669348+00:00,142.5,200,ask,YieldingYams,WavyWalnuts,7657067
2026-07-05T00:13:59.575373,2026-07-05T00:13:59.582972+00:00,142.5,23,bid,Zihao Wu,WavyWalnuts,7657149
2026-07-05T00:14:00.063977,2026-07-05T00:14:00.067464+00:00,142.4,11,bid,Xuanyu Liu,YieldingYams,7657159
2026-07-05T00:14:04.343304,2026-07-05T00:14:04.353000+00:00,142.4,200,bid,WavyWalnuts,YieldingYams,7657214
2026-07-05T00:14:04.666450,2026-07-05T00:14:04.670493+00:00,142.4,23,bid,Xuanyu Liu,YieldingYams,7657220
2026-07-05T00:14:05.505459,2026-07-05T00:14:05.515213+00:00,142.3,500,ask,YieldingYams,AverageAlmonds,7657234
2026-07-05T00:14:06.093531,2026-07-05T00:14:06.119063+00:00,142.3,125,ask,YieldingYams,AverageAlmonds,7657243
2026-07-05T00:14:06.115424,2026-07-05T00:14:06.119063+00:00,142.3,11,bid,Xuanyu Liu,AverageAlmonds,7657247
2026-07-05T00:14:06.569971,2026-07-05T00:14:06.588607+00:00,142.1,200,ask,WavyWalnuts,YieldingYams,7657255
2026-07-05T00:14:06.585119,2026-07-05T00:14:06.588607+00:00,142.1,16,bid,Xuanyu Liu,YieldingYams,7657257
2026-07-05T00:14:07.919578,2026-07-05T00:14:07.923284+00:00,142.0,4,ask,YieldingYams,Xuanyu Liu,7657277
2026-07-05T00:14:09.191255,2026-07-05T00:14:09.201839+00:00,142.0,200,ask,YieldingYams,WavyWalnuts,7657288
2026-07-05T00:14:10.519251,2026-07-05T00:14:10.526070+00:00,142.1,200,bid,YieldingYams,WavyWalnuts,7657302
2026-07-05T00:14:10.537138,2026-07-05T00:14:10.540751+00:00,142.1,12,ask,YieldingYams,Xuanyu Liu,7657304
2026-07-05T00:14:10.623905,2026-07-05T00:14:10.635642+00:00,142.3,20,bid,BrilliantBurritos,AverageAlmonds,7657305
2026-07-05T00:14:13.971810,2026-07-05T00:14:13.980321+00:00,142.0,200,ask,WavyWalnuts,AverageAlmonds,7657343
2026-07-05T00:14:14.578263,2026-07-05T00:14:14.586155+00:00,141.9,200,ask,WavyWalnuts,AverageAlmonds,7657351
2026-07-05T00:14:14.578263,2026-07-05T00:14:14.591299+00:00,141.8,300,ask,YieldingYams,AverageAlmonds,7657352
2026-07-05T00:14:15.168346,2026-07-05T00:14:15.179562+00:00,141.8,325,ask,YieldingYams,AverageAlmonds,7657362
2026-07-05T00:14:15.230475,2026-07-05T00:14:15.240040+00:00,141.8,175,bid,WavyWalnuts,AverageAlmonds,7657366
2026-07-05T00:14:15.763107,2026-07-05T00:14:15.769787+00:00,141.8,25,ask,WavyWalnuts,YieldingYams,7657377
2026-07-05T00:14:16.163116,2026-07-05T00:14:16.170942+00:00,141.7,6,bid,Kaleb Liu,YieldingYams,7657384
2026-07-05T00:14:16.439826,2026-07-05T00:14:16.458579+00:00,141.7,200,bid,WavyWalnuts,YieldingYams,7657391
2026-07-05T00:14:16.608543,2026-07-05T00:14:16.615971+00:00,141.4,20,ask,YieldingYams,BrilliantBurritos,7657392
2026-07-05T00:14:17.174497,2026-07-05T00:14:17.186221+00:00,141.6,3,bid,Kaleb Liu,YieldingYams,7657405
2026-07-05T00:14:17.349946,2026-07-05T00:14:17.353578+00:00,141.4,23,ask,YieldingYams,Xuanyu Liu,7657413
2026-07-05T00:14:17.648632,2026-07-05T00:14:17.652829+00:00,141.6,200,bid,WavyWalnuts,YieldingYams,7657418
2026-07-05T00:14:18.185995,2026-07-05T00:14:18.194378+00:00,141.4,10,ask,YieldingYams,Kaleb Liu,7657431
2026-07-05T00:14:18.396453,2026-07-05T00:14:18.400067+00:00,141.5,11,ask,YieldingYams,Xuanyu Liu,7657437
2026-07-05T00:14:19.197243,2026-07-05T00:14:19.209233+00:00,141.5,12,ask,YieldingYams,Kaleb Liu,7657444
2026-07-05T00:14:19.602674,2026-07-05T00:14:19.611038+00:00,141.7,11,bid,Zihao Wu,YieldingYams,7657456
2026-07-05T00:14:20.077701,2026-07-05T00:14:20.081206+00:00,141.6,11,ask,WavyWalnuts,Xuanyu Liu,7657469
2026-07-05T00:14:20.212412,2026-07-05T00:14:20.224317+00:00,141.6,14,ask,WavyWalnuts,Kaleb Liu,7657470
2026-07-05T00:14:20.960025,2026-07-05T00:14:20.968438+00:00,141.6,20,ask,WavyWalnuts,BrilliantBurritos,7657479
2026-07-05T00:14:21.270279,2026-07-05T00:14:21.279198+00:00,141.8,200,bid,WavyWalnuts,YieldingYams,7657483
2026-07-05T00:14:23.699525,2026-07-05T00:14:23.703272+00:00,142.0,11,bid,Xuanyu Liu,YieldingYams,7657521
2026-07-05T00:14:24.950878,2026-07-05T00:14:24.954838+00:00,141.9,11,bid,Xuanyu Liu,YieldingYams,7657543
2026-07-05T00:14:27.326692,2026-07-05T00:14:27.338527+00:00,141.8,200,bid,WavyWalnuts,YieldingYams,7657584
2026-07-05T00:14:29.753801,2026-07-05T00:14:29.756749+00:00,141.9,200,bid,WavyWalnuts,YieldingYams,7657613
2026-07-05T00:14:30.969700,2026-07-05T00:14:30.976797+00:00,142.0,200,bid,WavyWalnuts,YieldingYams,7657637
2026-07-05T00:14:33.392773,2026-07-05T00:14:33.402019+00:00,141.9,200,ask,YieldingYams,WavyWalnuts,7657674
2026-07-05T00:14:34.117058,2026-07-05T00:14:34.121341+00:00,141.8,23,bid,Xuanyu Liu,YieldingYams,7657689
2026-07-05T00:14:35.429384,2026-07-05T00:14:35.433055+00:00,141.7,12,bid,Xuanyu Liu,YieldingYams,7657707
2026-07-05T00:14:36.337977,2026-07-05T00:14:36.341455+00:00,141.6,12,ask,AverageAlmonds,Xuanyu Liu,7657721
2026-07-05T00:14:37.026836,2026-07-05T00:14:37.035540+00:00,141.8,200,bid,WavyWalnuts,YieldingYams,7657729
2026-07-05T00:14:38.217980,2026-07-05T00:14:38.221758+00:00,141.7,11,ask,AverageAlmonds,Xuanyu Liu,7657745
2026-07-05T00:14:38.253724,2026-07-05T00:14:38.257323+00:00,141.8,12,ask,WavyWalnuts,Xuanyu Liu,7657747
2026-07-05T00:14:39.335639,2026-07-05T00:14:39.345120+00:00,141.8,188,ask,WavyWalnuts,YieldingYams,7657761
2026-07-05T00:14:40.607866,2026-07-05T00:14:40.615149+00:00,141.8,437,bid,AverageAlmonds,YieldingYams,7657783
2026-07-05T00:14:40.642619,2026-07-05T00:14:40.649620+00:00,141.9,200,bid,YieldingYams,WavyWalnuts,7657784
2026-07-05T00:14:40.657951,2026-07-05T00:14:40.670113+00:00,142.0,200,ask,YieldingYams,WavyWalnuts,7657786
2026-07-05T00:14:40.666436,2026-07-05T00:14:40.670113+00:00,142.0,22,ask,YieldingYams,Xuanyu Liu,7657788
2026-07-05T00:14:41.248443,2026-07-05T00:14:41.258549+00:00,142.0,7,ask,YieldingYams,Kaleb Liu,7657798
2026-07-05T00:14:48.540591,2026-07-05T00:14:48.550983+00:00,142.0,200,ask,WavyWalnuts,YieldingYams,7657929
2026-07-05T00:14:49.140670,2026-07-05T00:14:49.149020+00:00,141.9,200,bid,WavyWalnuts,YieldingYams,7657936
2026-07-05T00:14:50.732382,2026-07-05T00:14:50.744008+00:00,141.9,20,bid,BrilliantBurritos,WavyWalnuts,7657966
2026-07-05T00:14:51.155799,2026-07-05T00:14:51.158600+00:00,141.9,180,bid,YieldingYams,WavyWalnuts,7657974
2026-07-05T00:14:52.145751,2026-07-05T00:14:52.149637+00:00,142.1,11,bid,Xuanyu Liu,YieldingYams,7657986
2026-07-05T00:14:55.209420,2026-07-05T00:14:55.212915+00:00,142.0,11,bid,Xuanyu Liu,WavyWalnuts,7658025
2026-07-05T00:14:55.378268,2026-07-05T00:14:55.382435+00:00,142.0,12,bid,Xuanyu Liu,WavyWalnuts,7658029
2026-07-05T00:14:57.729670,2026-07-05T00:14:57.732822+00:00,141.9,11,bid,Xuanyu Liu,YieldingYams,7658070
2026-07-05T00:15:02.469622,2026-07-05T00:15:02.480198+00:00,141.8,200,ask,YieldingYams,WavyWalnuts,7658131
2026-07-05T00:15:04.765132,2026-07-05T00:15:04.769515+00:00,142.1,12,bid,Xuanyu Liu,YieldingYams,7658162
2026-07-05T00:15:05.567374,2026-07-05T00:15:05.594384+00:00,142.0,200,ask,WavyWalnuts,YieldingYams,7658167
2026-07-05T00:15:05.590579,2026-07-05T00:15:05.594384+00:00,142.0,11,bid,Xuanyu Liu,YieldingYams,7658171
2026-07-05T00:15:13.510864,2026-07-05T00:15:13.521496+00:00,142.1,200,ask,WavyWalnuts,YieldingYams,7658259
2026-07-05T00:15:14.818926,2026-07-05T00:15:14.827867+00:00,142.1,200,bid,YieldingYams,WavyWalnuts,7658273
2026-07-05T00:15:19.460826,2026-07-05T00:15:19.469604+00:00,142.2,200,ask,YieldingYams,WavyWalnuts,7658330
2026-07-05T00:15:26.664175,2026-07-05T00:15:26.667572+00:00,142.1,3,bid,Xuanyu Liu,YieldingYams,7658438
2026-07-05T00:15:26.731632,2026-07-05T00:15:26.740481+00:00,142.1,200,bid,WavyWalnuts,YieldingYams,7658439
2026-07-05T00:15:27.312978,2026-07-05T00:15:27.324940+00:00,142.1,5,bid,Kaleb Liu,YieldingYams,7658443
2026-07-05T00:15:27.937611,2026-07-05T00:15:27.947482+00:00,142.1,200,bid,WavyWalnuts,YieldingYams,7658456
2026-07-05T00:15:27.945732,2026-07-05T00:15:27.952699+00:00,142.1,500,bid,YieldingYams,AverageAlmonds,7658457
2026-07-05T00:15:28.430573,2026-07-05T00:15:28.442453+00:00,142.2,125,ask,YieldingYams,AverageAlmonds,7658463
2026-07-05T00:15:29.160053,2026-07-05T00:15:29.163673+00:00,141.9,3,bid,Xuanyu Liu,WavyWalnuts,7658475
2026-07-05T00:15:29.254009,2026-07-05T00:15:29.263191+00:00,141.9,197,bid,YieldingYams,WavyWalnuts,7658477
2026-07-05T00:15:30.325320,2026-07-05T00:15:30.337247+00:00,142.1,2,bid,Kaleb Liu,AverageAlmonds,7658488
2026-07-05T00:15:30.353253,2026-07-05T00:15:30.358677+00:00,142.0,200,ask,YieldingYams,WavyWalnuts,7658491
2026-07-05T00:15:31.248419,2026-07-05T00:15:31.255102+00:00,142.1,20,bid,BrilliantBurritos,YieldingYams,7658506
2026-07-05T00:15:31.335027,2026-07-05T00:15:31.347000+00:00,142.1,1,bid,Kaleb Liu,YieldingYams,7658510
2026-07-05T00:15:31.874088,2026-07-05T00:15:31.885098+00:00,141.9,200,ask,WavyWalnuts,YieldingYams,7658523
2026-07-05T00:15:32.246223,2026-07-05T00:15:32.252699+00:00,141.7,20,ask,YieldingYams,BrilliantBurritos,7658530
2026-07-05T00:15:32.346583,2026-07-05T00:15:32.358106+00:00,141.9,20,bid,Kaleb Liu,YieldingYams,7658532
2026-07-05T00:15:32.767418,2026-07-05T00:15:32.775252+00:00,141.9,200,bid,WavyWalnuts,YieldingYams,7658538
2026-07-05T00:15:34.497803,2026-07-05T00:15:34.508781+00:00,142.2,200,bid,YieldingYams,WavyWalnuts,7658571
2026-07-05T00:15:34.514737,2026-07-05T00:15:34.518366+00:00,142.2,3,ask,YieldingYams,Xuanyu Liu,7658573
2026-07-05T00:15:37.119628,2026-07-05T00:15:37.128069+00:00,142.2,200,bid,YieldingYams,WavyWalnuts,7658612
2026-07-05T00:15:37.316656,2026-07-05T00:15:37.324041+00:00,142.4,20,bid,BrilliantBurritos,YieldingYams,7658617
2026-07-05T00:15:37.613326,2026-07-05T00:15:37.620129+00:00,142.2,200,ask,YieldingYams,WavyWalnuts,7658621
2026-07-05T00:15:39.362895,2026-07-05T00:15:39.374443+00:00,142.2,10,bid,Kaleb Liu,WavyWalnuts,7658642
2026-07-05T00:15:41.063752,2026-07-05T00:15:41.067324+00:00,142.1,3,bid,Xuanyu Liu,YieldingYams,7658665
2026-07-05T00:15:41.239281,2026-07-05T00:15:41.247527+00:00,142.1,200,bid,WavyWalnuts,YieldingYams,7658671
2026-07-05T00:15:41.372857,2026-07-05T00:15:41.379756+00:00,142.1,5,bid,Kaleb Liu,YieldingYams,7658675
2026-07-05T00:15:41.387419,2026-07-05T00:15:41.395575+00:00,142.1,25,bid,Yinxuan Li,YieldingYams,7658678
2026-07-05T00:15:42.808031,2026-07-05T00:15:42.811757+00:00,142.1,11,bid,Xuanyu Liu,WavyWalnuts,7658705
2026-07-05T00:15:43.404825,2026-07-05T00:15:43.413706+00:00,142.1,2,bid,Kaleb Liu,WavyWalnuts,7658715
2026-07-05T00:15:44.416856,2026-07-05T00:15:44.427257+00:00,142.1,1,bid,Kaleb Liu,WavyWalnuts,7658737
2026-07-05T00:15:45.428603,2026-07-05T00:15:45.436678+00:00,142.1,1,bid,Kaleb Liu,WavyWalnuts,7658760
2026-07-05T00:15:45.917348,2026-07-05T00:15:45.928149+00:00,142.0,20,ask,YieldingYams,BrilliantBurritos,7658765
2026-07-05T00:15:48.462504,2026-07-05T00:15:48.469180+00:00,141.8,20,ask,WavyWalnuts,BrilliantBurritos,7658807
2026-07-05T00:15:54.549622,2026-07-05T00:15:54.555834+00:00,142.0,200,ask,YieldingYams,WavyWalnuts,7658890
2026-07-05T00:15:58.178637,2026-07-05T00:15:58.186386+00:00,142.1,200,ask,AverageAlmonds,WavyWalnuts,7658937
2026-07-05T00:16:01.145694,2026-07-05T00:16:01.152329+00:00,142.2,200,bid,AverageAlmonds,WavyWalnuts,7658976
2026-07-05T00:16:01.547198,2026-07-05T00:16:01.559041+00:00,142.3,20,bid,BrilliantBurritos,YieldingYams,7658985
2026-07-05T00:16:02.958200,2026-07-05T00:16:02.965484+00:00,142.3,500,bid,AverageAlmonds,YieldingYams,7659006
2026-07-05T00:16:03.015270,2026-07-05T00:16:03.023537+00:00,142.3,125,bid,WavyWalnuts,YieldingYams,7659007
2026-07-05T00:16:03.389419,2026-07-05T00:16:03.393542+00:00,142.4,11,ask,YieldingYams,Xuanyu Liu,7659012
2026-07-05T00:16:07.307982,2026-07-05T00:16:07.316031+00:00,142.4,200,bid,YieldingYams,WavyWalnuts,7659067
2026-07-05T00:16:07.790810,2026-07-05T00:16:07.802869+00:00,142.4,20,ask,YieldingYams,BrilliantBurritos,7659073
2026-07-05T00:16:08.165842,2026-07-05T00:16:08.170387+00:00,142.4,3,ask,YieldingYams,Xuanyu Liu,7659079
2026-07-05T00:16:09.933061,2026-07-05T00:16:09.941532+00:00,142.3,200,ask,WavyWalnuts,YieldingYams,7659102
2026-07-05T00:16:15.063931,2026-07-05T00:16:15.075318+00:00,142.3,500,bid,AverageAlmonds,YieldingYams,7659174
2026-07-05T00:16:15.200001,2026-07-05T00:16:15.207047+00:00,142.3,200,bid,YieldingYams,WavyWalnuts,7659176
2026-07-05T00:16:16.433687,2026-07-05T00:16:16.443890+00:00,142.3,25,ask,YieldingYams,Yinxuan Li,7659196
2026-07-05T00:16:17.374956,2026-07-05T00:16:17.385872+00:00,142.5,20,bid,BrilliantBurritos,WavyWalnuts,7659202
2026-07-05T00:16:17.496897,2026-07-05T00:16:17.500673+00:00,142.4,3,ask,AverageAlmonds,Xuanyu Liu,7659206
2026-07-05T00:16:17.655677,2026-07-05T00:16:17.659440+00:00,142.5,3,bid,Xuanyu Liu,WavyWalnuts,7659212
2026-07-05T00:16:18.476737,2026-07-05T00:16:18.488586+00:00,142.5,4,bid,Kaleb Liu,WavyWalnuts,7659228
2026-07-05T00:16:19.488750,2026-07-05T00:16:19.498691+00:00,142.6,2,bid,Kaleb Liu,WavyWalnuts,7659245
2026-07-05T00:16:22.372580,2026-07-05T00:16:22.384193+00:00,142.7,20,bid,BrilliantBurritos,YieldingYams,7659273
2026-07-05T00:16:25.681502,2026-07-05T00:16:25.688990+00:00,142.6,200,ask,WavyWalnuts,YieldingYams,7659317
2026-07-05T00:16:29.615099,2026-07-05T00:16:29.626161+00:00,142.6,200,ask,WavyWalnuts,YieldingYams,7659361
2026-07-05T00:16:29.647572,2026-07-05T00:16:29.658603+00:00,142.6,200,bid,WavyWalnuts,YieldingYams,7659362
2026-07-05T00:16:30.466114,2026-07-05T00:16:30.475576+00:00,142.6,20,bid,BrilliantBurritos,YieldingYams,7659375
2026-07-05T00:16:30.822861,2026-07-05T00:16:30.831032+00:00,142.6,205,bid,AverageAlmonds,YieldingYams,7659378
2026-07-05T00:16:32.067067,2026-07-05T00:16:32.074683+00:00,142.6,200,ask,YieldingYams,WavyWalnuts,7659397
2026-07-05T00:16:33.280109,2026-07-05T00:16:33.290359+00:00,142.6,200,ask,YieldingYams,WavyWalnuts,7659412
2026-07-05T00:16:33.517790,2026-07-05T00:16:33.525682+00:00,142.8,1,bid,Kaleb Liu,YieldingYams,7659416
2026-07-05T00:16:34.528108,2026-07-05T00:16:34.540189+00:00,142.5,3,ask,YieldingYams,Kaleb Liu,7659427
2026-07-05T00:16:35.539466,2026-07-05T00:16:35.548795+00:00,142.5,1,ask,WavyWalnuts,Kaleb Liu,7659449
2026-07-05T00:16:38.097758,2026-07-05T00:16:38.112669+00:00,142.7,20,bid,BrilliantBurritos,YieldingYams,7659482
2026-07-05T00:16:38.125376,2026-07-05T00:16:38.133741+00:00,142.7,200,bid,WavyWalnuts,YieldingYams,7659485
2026-07-05T00:16:41.701553,2026-07-05T00:16:41.708492+00:00,142.8,500,bid,AverageAlmonds,YieldingYams,7659556
2026-07-05T00:16:41.757202,2026-07-05T00:16:41.768968+00:00,142.8,125,bid,WavyWalnuts,YieldingYams,7659559
2026-07-05T00:16:42.556682,2026-07-05T00:16:42.568459+00:00,142.8,1,ask,WavyWalnuts,Kaleb Liu,7659567
2026-07-05T00:16:42.944723,2026-07-05T00:16:42.954732+00:00,142.9,20,ask,AverageAlmonds,BrilliantBurritos,7659572
2026-07-05T00:16:51.997241,2026-07-05T00:16:52.005036+00:00,143.1,200,bid,AverageAlmonds,WavyWalnuts,7659702
2026-07-05T00:16:52.646839,2026-07-05T00:16:52.658631+00:00,143.2,200,bid,WavyWalnuts,YieldingYams,7659712
2026-07-05T00:16:53.470992,2026-07-05T00:16:53.478046+00:00,143.3,20,bid,BrilliantBurritos,YieldingYams,7659719
2026-07-05T00:16:55.072616,2026-07-05T00:16:55.080082+00:00,143.2,200,bid,WavyWalnuts,YieldingYams,7659737
2026-07-05T00:16:56.482914,2026-07-05T00:16:56.491536+00:00,143.1,25,ask,YieldingYams,Yinxuan Li,7659759
2026-07-05T00:16:58.747643,2026-07-05T00:16:58.751343+00:00,143.2,3,ask,YieldingYams,Xuanyu Liu,7659800
2026-07-05T00:16:59.587213,2026-07-05T00:16:59.599475+00:00,143.2,1,ask,YieldingYams,Kaleb Liu,7659813
2026-07-05T00:17:01.080424,2026-07-05T00:17:01.087132+00:00,143.2,200,ask,WavyWalnuts,YieldingYams,7659836
2026-07-05T00:17:01.913212,2026-07-05T00:17:01.916837+00:00,143.1,11,ask,WavyWalnuts,Xuanyu Liu,7659861
2026-07-05T00:17:02.406174,2026-07-05T00:17:02.410438+00:00,143.2,12,ask,YieldingYams,Xuanyu Liu,7659877
2026-07-05T00:17:02.606581,2026-07-05T00:17:02.618439+00:00,143.2,4,ask,YieldingYams,Kaleb Liu,7659880
2026-07-05T00:17:03.616262,2026-07-05T00:17:03.628014+00:00,143.2,2,ask,YieldingYams,Kaleb Liu,7659894
2026-07-05T00:17:04.134506,2026-07-05T00:17:04.138202+00:00,143.3,11,ask,AverageAlmonds,Xuanyu Liu,7659902
2026-07-05T00:17:04.627116,2026-07-05T00:17:04.638921+00:00,143.3,1,ask,AverageAlmonds,Kaleb Liu,7659910
2026-07-05T00:17:04.776373,2026-07-05T00:17:04.786004+00:00,143.2,200,ask,YieldingYams,WavyWalnuts,7659919
2026-07-05T00:17:05.635774,2026-07-05T00:17:05.645800+00:00,143.2,1,ask,YieldingYams,Kaleb Liu,7659934
2026-07-05T00:17:06.648265,2026-07-05T00:17:06.659631+00:00,143.3,4,ask,YieldingYams,Kaleb Liu,7659949
2026-07-05T00:17:07.199464,2026-07-05T00:17:07.207268+00:00,143.3,200,ask,YieldingYams,WavyWalnuts,7659966
2026-07-05T00:17:08.288723,2026-07-05T00:17:08.292419+00:00,143.2,12,ask,YieldingYams,Xuanyu Liu,7659979
2026-07-05T00:17:08.660447,2026-07-05T00:17:08.672101+00:00,143.2,7,ask,YieldingYams,Kaleb Liu,7659984
2026-07-05T00:17:08.934645,2026-07-05T00:17:08.991870+00:00,143.4,200,bid,YieldingYams,WavyWalnuts,7659999
2026-07-05T00:17:08.987925,2026-07-05T00:17:08.991870+00:00,143.4,22,ask,YieldingYams,Xuanyu Liu,7660004
2026-07-05T00:17:09.618568,2026-07-05T00:17:09.629572+00:00,143.4,200,ask,YieldingYams,WavyWalnuts,7660020
2026-07-05T00:17:09.671546,2026-07-05T00:17:09.683319+00:00,143.4,19,ask,YieldingYams,Kaleb Liu,7660022
2026-07-05T00:17:11.469428,2026-07-05T00:17:11.472940+00:00,143.5,11,bid,Xuanyu Liu,YieldingYams,7660061
2026-07-05T00:17:12.070447,2026-07-05T00:17:12.079774+00:00,143.4,200,ask,YieldingYams,WavyWalnuts,7660065
2026-07-05T00:17:14.686835,2026-07-05T00:17:14.698734+00:00,143.4,1,ask,WavyWalnuts,Kaleb Liu,7660100
2026-07-05T00:17:15.482466,2026-07-05T00:17:15.489575+00:00,143.4,199,ask,WavyWalnuts,YieldingYams,7660113
2026-07-05T00:17:17.731081,2026-07-05T00:17:17.735057+00:00,143.4,11,ask,WavyWalnuts,Xuanyu Liu,7660138
2026-07-05T00:17:18.102211,2026-07-05T00:17:18.113779+00:00,143.4,189,ask,WavyWalnuts,YieldingYams,7660145
2026-07-05T00:17:18.117829,2026-07-05T00:17:18.129212+00:00,143.3,200,bid,WavyWalnuts,YieldingYams,7660146
2026-07-05T00:17:19.327812,2026-07-05T00:17:19.337340+00:00,143.3,200,bid,WavyWalnuts,YieldingYams,7660171
2026-07-05T00:17:19.703256,2026-07-05T00:17:19.710494+00:00,143.4,9,ask,YieldingYams,Kaleb Liu,7660177
2026-07-05T00:17:20.712511,2026-07-05T00:17:20.719801+00:00,143.4,4,ask,YieldingYams,Kaleb Liu,7660190
2026-07-05T00:17:20.736124,2026-07-05T00:17:20.740344+00:00,143.5,12,ask,YieldingYams,Xuanyu Liu,7660193
2026-07-05T00:17:20.947716,2026-07-05T00:17:20.951547+00:00,143.5,11,ask,YieldingYams,Xuanyu Liu,7660196
2026-07-05T00:17:21.722863,2026-07-05T00:17:21.732825+00:00,143.5,13,ask,YieldingYams,Kaleb Liu,7660211
2026-07-05T00:17:22.732329,2026-07-05T00:17:22.739683+00:00,143.5,7,ask,WavyWalnuts,Kaleb Liu,7660227
2026-07-05T00:17:23.741776,2026-07-05T00:17:23.758605+00:00,143.5,3,ask,WavyWalnuts,Kaleb Liu,7660245
2026-07-05T00:17:24.093514,2026-07-05T00:17:24.105499+00:00,143.5,197,ask,WavyWalnuts,AverageAlmonds,7660250
2026-07-05T00:17:24.093514,2026-07-05T00:17:24.105499+00:00,143.5,303,ask,YieldingYams,AverageAlmonds,7660251
2026-07-05T00:17:25.319988,2026-07-05T00:17:25.326862+00:00,143.4,200,ask,WavyWalnuts,AverageAlmonds,7660270
2026-07-05T00:17:25.383264,2026-07-05T00:17:25.390460+00:00,143.4,200,bid,WavyWalnuts,AverageAlmonds,7660273
2026-07-05T00:17:26.534250,2026-07-05T00:17:26.545324+00:00,143.3,500,ask,YieldingYams,AverageAlmonds,7660292
2026-07-05T00:17:27.124076,2026-07-05T00:17:27.134814+00:00,143.4,200,ask,WavyWalnuts,AverageAlmonds,7660301
2026-07-05T00:17:27.124076,2026-07-05T00:17:27.134814+00:00,143.3,125,ask,YieldingYams,AverageAlmonds,7660302
2026-07-05T00:17:27.757577,2026-07-05T00:17:27.769259+00:00,142.9,2,ask,YieldingYams,Kaleb Liu,7660324
2026-07-05T00:17:27.797366,2026-07-05T00:17:27.806417+00:00,143.1,200,bid,WavyWalnuts,YieldingYams,7660327
2026-07-05T00:17:28.767739,2026-07-05T00:17:28.779999+00:00,142.8,1,ask,YieldingYams,Kaleb Liu,7660340
2026-07-05T00:17:29.004690,2026-07-05T00:17:29.013359+00:00,143.1,200,bid,WavyWalnuts,YieldingYams,7660344
2026-07-05T00:17:30.211863,2026-07-05T00:17:30.221752+00:00,143.2,200,bid,WavyWalnuts,YieldingYams,7660369
2026-07-05T00:17:33.182894,2026-07-05T00:17:33.191903+00:00,143.1,200,ask,WavyWalnuts,AverageAlmonds,7660400
2026-07-05T00:17:33.781238,2026-07-05T00:17:33.791433+00:00,143.0,500,ask,YieldingYams,AverageAlmonds,7660414
2026-07-05T00:17:35.042169,2026-07-05T00:17:35.049489+00:00,143.0,200,bid,WavyWalnuts,AverageAlmonds,7660431
2026-07-05T00:17:36.250427,2026-07-05T00:17:36.258621+00:00,143.1,200,bid,WavyWalnuts,YieldingYams,7660446
2026-07-05T00:17:36.269820,2026-07-05T00:17:36.279701+00:00,142.9,20,ask,YieldingYams,BrilliantBurritos,7660449
2026-07-05T00:17:37.469402,2026-07-05T00:17:37.478751+00:00,143.1,200,bid,WavyWalnuts,YieldingYams,7660464
2026-07-05T00:17:37.749903,2026-07-05T00:17:37.753568+00:00,143.0,6,ask,YieldingYams,Xuanyu Liu,7660469
2026-07-05T00:17:38.030287,2026-07-05T00:17:38.037233+00:00,143.0,500,ask,YieldingYams,AverageAlmonds,7660473
2026-07-05T00:17:38.677549,2026-07-05T00:17:38.686665+00:00,143.1,200,bid,WavyWalnuts,AverageAlmonds,7660482
2026-07-05T00:17:39.297584,2026-07-05T00:17:39.309538+00:00,142.9,20,ask,YieldingYams,BrilliantBurritos,7660496
2026-07-05T00:17:39.885816,2026-07-05T00:17:39.894777+00:00,143.1,200,bid,WavyWalnuts,YieldingYams,7660504
2026-07-05T00:17:41.097355,2026-07-05T00:17:41.104885+00:00,143.1,200,bid,WavyWalnuts,AverageAlmonds,7660522
2026-07-05T00:17:42.307576,2026-07-05T00:17:42.316126+00:00,143.1,200,bid,WavyWalnuts,AverageAlmonds,7660539
2026-07-05T00:17:44.728526,2026-07-05T00:17:44.737988+00:00,143.2,200,bid,WavyWalnuts,AverageAlmonds,7660575
2026-07-05T00:17:45.811503,2026-07-05T00:17:45.823698+00:00,143.2,20,bid,BrilliantBurritos,YieldingYams,7660588
2026-07-05T00:17:45.938209,2026-07-05T00:17:45.947630+00:00,143.2,200,bid,WavyWalnuts,YieldingYams,7660590
2026-07-05T00:17:47.150597,2026-07-05T00:17:47.163964+00:00,143.2,200,bid,WavyWalnuts,AverageAlmonds,7660610
2026-07-05T00:17:48.359867,2026-07-05T00:17:48.369604+00:00,143.3,200,bid,WavyWalnuts,YieldingYams,7660628
2026-07-05T00:17:49.417567,2026-07-05T00:17:49.421512+00:00,143.3,3,bid,Xuanyu Liu,YieldingYams,7660644
2026-07-05T00:17:51.962338,2026-07-05T00:17:51.968953+00:00,143.1,200,ask,WavyWalnuts,AverageAlmonds,7660681
2026-07-05T00:17:52.138939,2026-07-05T00:17:52.146130+00:00,143.1,300,bid,YieldingYams,AverageAlmonds,7660689
2026-07-05T00:17:52.523708,2026-07-05T00:17:52.527631+00:00,143.2,3,bid,Xuanyu Liu,WavyWalnuts,7660692
2026-07-05T00:17:53.165644,2026-07-05T00:17:53.183559+00:00,143.1,325,ask,YieldingYams,AverageAlmonds,7660707
2026-07-05T00:17:53.180064,2026-07-05T00:17:53.183559+00:00,143.1,11,bid,Xuanyu Liu,AverageAlmonds,7660709
2026-07-05T00:17:53.767413,2026-07-05T00:17:53.778833+00:00,143.0,200,ask,WavyWalnuts,AverageAlmonds,7660718
2026-07-05T00:17:53.767413,2026-07-05T00:17:53.778833+00:00,143.0,300,ask,YieldingYams,AverageAlmonds,7660719
2026-07-05T00:17:55.649955,2026-07-05T00:17:55.648471+00:00,143.0,200,ask,YieldingYams,WavyWalnuts,7660747
2026-07-05T00:17:55.683604,2026-07-05T00:17:55.687311+00:00,143.1,23,bid,Xuanyu Liu,AverageAlmonds,7660749
2026-07-05T00:17:55.812722,2026-07-05T00:17:55.824547+00:00,143.1,1,bid,Kaleb Liu,AverageAlmonds,7660750
2026-07-05T00:17:56.820467,2026-07-05T00:17:56.824024+00:00,143.0,11,bid,Xuanyu Liu,AverageAlmonds,7660765
2026-07-05T00:17:56.823150,2026-07-05T00:17:56.839262+00:00,143.0,2,bid,Kaleb Liu,AverageAlmonds,7660766
2026-07-05T00:17:56.856767,2026-07-05T00:17:56.868321+00:00,143.0,200,bid,WavyWalnuts,AverageAlmonds,7660768
2026-07-05T00:17:57.374700,2026-07-05T00:17:57.385670+00:00,143.0,287,bid,YieldingYams,AverageAlmonds,7660776
2026-07-05T00:17:57.404583,2026-07-05T00:17:57.415154+00:00,143.0,338,ask,YieldingYams,AverageAlmonds,7660777
2026-07-05T00:17:57.832262,2026-07-05T00:17:57.858542+00:00,143.0,1,bid,Kaleb Liu,AverageAlmonds,7660784
2026-07-05T00:17:58.631981,2026-07-05T00:17:58.635843+00:00,142.9,12,bid,Xuanyu Liu,AverageAlmonds,7660795
2026-07-05T00:17:58.685113,2026-07-05T00:17:58.693630+00:00,142.8,200,ask,WavyWalnuts,YieldingYams,7660798
2026-07-05T00:17:58.698975,2026-07-05T00:17:58.702510+00:00,142.8,10,bid,Xuanyu Liu,YieldingYams,7660800
2026-07-05T00:17:59.292643,2026-07-05T00:17:59.296340+00:00,142.7,10,ask,WavyWalnuts,Xuanyu Liu,7660806
2026-07-05T00:18:01.308594,2026-07-05T00:18:01.318579+00:00,142.7,200,ask,WavyWalnuts,YieldingYams,7660832
2026-07-05T00:18:08.276025,2026-07-05T00:18:08.280478+00:00,143.0,23,bid,Xuanyu Liu,AverageAlmonds,7660911
2026-07-05T00:18:08.854053,2026-07-05T00:18:08.853104+00:00,143.1,4,bid,Kaleb Liu,WavyWalnuts,7660922
2026-07-05T00:18:09.862856,2026-07-05T00:18:09.869766+00:00,143.0,4,bid,Kaleb Liu,WavyWalnuts,7660942
2026-07-05T00:18:10.873911,2026-07-05T00:18:10.885700+00:00,143.0,2,bid,Kaleb Liu,WavyWalnuts,7660952
2026-07-05T00:18:11.400999,2026-07-05T00:18:11.412480+00:00,143.0,200,bid,WavyWalnuts,YieldingYams,7660966
2026-07-05T00:18:12.613169,2026-07-05T00:18:12.621667+00:00,143.1,200,bid,WavyWalnuts,YieldingYams,7660986
2026-07-05T00:18:13.093080,2026-07-05T00:18:13.103600+00:00,143.1,500,bid,YieldingYams,AverageAlmonds,7660990
2026-07-05T00:18:13.128363,2026-07-05T00:18:13.139922+00:00,143.1,125,ask,YieldingYams,AverageAlmonds,7660991
2026-07-05T00:18:14.663985,2026-07-05T00:18:14.667493+00:00,143.1,11,bid,Xuanyu Liu,YieldingYams,7661020
2026-07-05T00:18:14.901652,2026-07-05T00:18:14.909681+00:00,143.1,4,bid,Kaleb Liu,YieldingYams,7661027
2026-07-05T00:18:15.033519,2026-07-05T00:18:15.044112+00:00,143.1,200,bid,WavyWalnuts,YieldingYams,7661031
2026-07-05T00:18:15.697319,2026-07-05T00:18:15.706639+00:00,142.9,20,ask,YieldingYams,BrilliantBurritos,7661041
2026-07-05T00:18:17.771608,2026-07-05T00:18:17.775244+00:00,143.2,3,bid,Xuanyu Liu,AverageAlmonds,7661068
2026-07-05T00:18:17.980897,2026-07-05T00:18:17.992811+00:00,143.1,200,ask,WavyWalnuts,AverageAlmonds,7661073
2026-07-05T00:18:17.980897,2026-07-05T00:18:17.992811+00:00,143.0,300,ask,YieldingYams,AverageAlmonds,7661074
2026-07-05T00:18:18.577284,2026-07-05T00:18:18.584749+00:00,142.9,500,ask,YieldingYams,AverageAlmonds,7661086
2026-07-05T00:18:19.179602,2026-07-05T00:18:19.188253+00:00,143.0,200,ask,WavyWalnuts,AverageAlmonds,7661095
2026-07-05T00:18:19.179602,2026-07-05T00:18:19.188253+00:00,142.9,125,ask,YieldingYams,AverageAlmonds,7661096
2026-07-05T00:18:19.869903,2026-07-05T00:18:19.879563+00:00,142.8,200,bid,WavyWalnuts,YieldingYams,7661107
2026-07-05T00:18:19.915398,2026-07-05T00:18:19.927001+00:00,142.8,5,bid,Kaleb Liu,YieldingYams,7661110
2026-07-05T00:18:21.926816,2026-07-05T00:18:21.938811+00:00,142.9,8,bid,Kaleb Liu,YieldingYams,7661127
2026-07-05T00:18:22.286597,2026-07-05T00:18:22.294388+00:00,142.9,200,bid,WavyWalnuts,AverageAlmonds,7661129
2026-07-05T00:18:22.937541,2026-07-05T00:18:22.958688+00:00,142.9,4,bid,Kaleb Liu,YieldingYams,7661144
2026-07-05T00:18:23.950381,2026-07-05T00:18:23.962207+00:00,142.9,2,bid,Kaleb Liu,AverageAlmonds,7661158
2026-07-05T00:18:24.706897,2026-07-05T00:18:24.718004+00:00,142.9,200,bid,WavyWalnuts,YieldingYams,7661166
2026-07-05T00:18:24.960347,2026-07-05T00:18:24.972160+00:00,142.9,20,bid,Kaleb Liu,AverageAlmonds,7661169
2026-07-05T00:18:25.916684,2026-07-05T00:18:25.926297+00:00,142.9,200,bid,WavyWalnuts,YieldingYams,7661184
2026-07-05T00:18:25.970907,2026-07-05T00:18:25.977790+00:00,142.9,10,bid,Kaleb Liu,YieldingYams,7661186
2026-07-05T00:18:26.194275,2026-07-05T00:18:26.197782+00:00,142.8,3,bid,Xuanyu Liu,YieldingYams,7661189
2026-07-05T00:18:26.583082,2026-07-05T00:18:26.589995+00:00,142.8,19,bid,Yinxuan Li,YieldingYams,7661194
2026-07-05T00:18:27.125278,2026-07-05T00:18:27.133761+00:00,142.8,200,bid,WavyWalnuts,YieldingYams,7661204
2026-07-05T00:18:28.797118,2026-07-05T00:18:28.806372+00:00,142.7,200,ask,WavyWalnuts,YieldingYams,7661230
2026-07-05T00:18:28.982645,2026-07-05T00:18:28.994802+00:00,142.7,5,bid,Kaleb Liu,YieldingYams,7661232
2026-07-05T00:18:29.994383,2026-07-05T00:18:30.006273+00:00,142.7,2,bid,Kaleb Liu,YieldingYams,7661245
2026-07-05T00:18:34.817174,2026-07-05T00:18:34.829144+00:00,142.9,20,bid,BrilliantBurritos,YieldingYams,7661326
2026-07-05T00:18:35.352923,2026-07-05T00:18:35.358602+00:00,142.8,200,ask,WavyWalnuts,YieldingYams,7661343
2026-07-05T00:18:38.004425,2026-07-05T00:18:38.011989+00:00,142.9,200,bid,YieldingYams,WavyWalnuts,7661373
2026-07-05T00:18:38.018211,2026-07-05T00:18:38.027654+00:00,143.1,200,ask,YieldingYams,WavyWalnuts,7661375
2026-07-05T00:18:38.021612,2026-07-05T00:18:38.033072+00:00,143.3,1,bid,Kaleb Liu,YieldingYams,7661376
2026-07-05T00:18:39.034195,2026-07-05T00:18:39.046254+00:00,143.3,1,bid,Kaleb Liu,YieldingYams,7661389
2026-07-05T00:18:39.226438,2026-07-05T00:18:39.237734+00:00,143.1,200,ask,YieldingYams,WavyWalnuts,7661399
2026-07-05T00:18:39.489795,2026-07-05T00:18:39.501781+00:00,143.0,20,ask,YieldingYams,BrilliantBurritos,7661401
2026-07-05T00:18:40.459523,2026-07-05T00:18:40.463776+00:00,143.1,11,bid,Xuanyu Liu,WavyWalnuts,7661424
2026-07-05T00:18:41.045727,2026-07-05T00:18:41.052199+00:00,143.1,1,bid,Kaleb Liu,WavyWalnuts,7661436
2026-07-05T00:18:41.158702,2026-07-05T00:18:41.170194+00:00,142.9,20,ask,WavyWalnuts,BrilliantBurritos,7661441
2026-07-05T00:18:41.609404,2026-07-05T00:18:41.618142+00:00,143.1,25,bid,Yinxuan Li,WavyWalnuts,7661447
2026-07-05T00:18:41.648564,2026-07-05T00:18:41.658615+00:00,142.9,200,ask,YieldingYams,WavyWalnuts,7661449
2026-07-05T00:18:41.939122,2026-07-05T00:18:41.967401+00:00,142.9,500,ask,AverageAlmonds,YieldingYams,7661452
