timestamp,recv_time,price,volume,aggressor_side,buyer,seller,trade_id
2026-07-03T18:00:00.659257,2026-07-03T18:00:00.665848+00:00,110.7,200,ask,,,6035980
2026-07-03T18:00:01.870521,2026-07-03T18:00:01.880767+00:00,110.8,200,ask,,,6035995
2026-07-03T18:00:02.694199,2026-07-03T18:00:02.700384+00:00,110.7,20,ask,,,6036000
2026-07-03T18:00:05.498968,2026-07-03T18:00:05.510840+00:00,110.7,200,ask,,,6036060
2026-07-03T18:00:07.905533,2026-07-03T18:00:07.973998+00:00,110.6,200,ask,,,6036111
2026-07-03T18:00:07.969931,2026-07-03T18:00:07.973998+00:00,110.6,3,bid,,,6036115
2026-07-03T18:00:10.533698,2026-07-03T18:00:10.558140+00:00,110.7,200,bid,,,6036151
2026-07-03T18:00:14.483906,2026-07-03T18:00:14.494422+00:00,110.9,200,ask,,,6036192
2026-07-03T18:00:18.155367,2026-07-03T18:00:18.153303+00:00,110.9,500,bid,,,6036237
2026-07-03T18:00:18.437215,2026-07-03T18:00:18.469117+00:00,111.0,200,bid,,,6036245
2026-07-03T18:00:19.221094,2026-07-03T18:00:19.232801+00:00,111.0,20,ask,,,6036251
2026-07-03T18:00:21.057689,2026-07-03T18:00:21.079626+00:00,110.9,500,ask,,,6036279
2026-07-03T18:00:21.225091,2026-07-03T18:00:21.235136+00:00,110.9,125,bid,,,6036283
2026-07-03T18:00:23.654142,2026-07-03T18:00:23.652115+00:00,111.1,200,bid,,,6036320
2026-07-03T18:00:24.874063,2026-07-03T18:00:24.884927+00:00,111.1,200,bid,,,6036333
2026-07-03T18:00:29.849856,2026-07-03T18:00:29.854255+00:00,111.1,3,ask,,,6036401
2026-07-03T18:00:32.853736,2026-07-03T18:00:32.858716+00:00,111.2,200,ask,,,6036441
2026-07-03T18:00:34.164258,2026-07-03T18:00:34.171880+00:00,111.2,200,bid,,,6036456
2026-07-03T18:00:35.772460,2026-07-03T18:00:35.779128+00:00,111.2,200,ask,,,6036479
2026-07-03T18:00:36.192044,2026-07-03T18:00:36.196653+00:00,111.4,14,bid,,,6036486
2026-07-03T18:00:38.097783,2026-07-03T18:00:38.161452+00:00,111.3,200,ask,,,6036520
2026-07-03T18:00:38.125225,2026-07-03T18:00:38.161452+00:00,111.3,12,bid,,,6036522
2026-07-03T18:00:38.185952,2026-07-03T18:00:38.198057+00:00,111.3,200,bid,,,6036527
2026-07-03T18:00:39.401220,2026-07-03T18:00:39.409335+00:00,111.3,200,bid,,,6036541
2026-07-03T18:00:39.427412,2026-07-03T18:00:39.458980+00:00,111.5,500,bid,,,6036544
2026-07-03T18:00:39.427412,2026-07-03T18:00:39.458980+00:00,111.5,125,bid,,,6036545
2026-07-03T18:00:41.773766,2026-07-03T18:00:41.780242+00:00,111.4,200,ask,,,6036568
2026-07-03T18:00:42.046531,2026-07-03T18:00:42.058555+00:00,111.4,300,bid,,,6036575
2026-07-03T18:00:42.046531,2026-07-03T18:00:42.058555+00:00,111.4,200,bid,,,6036576
2026-07-03T18:00:43.359465,2026-07-03T18:00:43.369123+00:00,111.3,200,ask,,,6036592
2026-07-03T18:00:44.738667,2026-07-03T18:00:44.749981+00:00,111.3,20,bid,,,6036625
2026-07-03T18:00:45.665795,2026-07-03T18:00:45.670701+00:00,111.0,12,ask,,,6036641
2026-07-03T18:00:45.730321,2026-07-03T18:00:45.736864+00:00,111.2,20,bid,,,6036643
2026-07-03T18:00:49.324480,2026-07-03T18:00:49.336106+00:00,110.9,20,ask,,,6036696
2026-07-03T18:00:50.723665,2026-07-03T18:00:50.735272+00:00,110.9,20,ask,,,6036709
2026-07-03T18:00:53.838788,2026-07-03T18:00:53.852581+00:00,111.1,200,bid,,,6036754
2026-07-03T18:00:53.909482,2026-07-03T18:00:53.933103+00:00,111.1,200,ask,,,6036761
2026-07-03T18:00:55.120335,2026-07-03T18:00:55.127858+00:00,111.1,200,ask,,,6036780
2026-07-03T18:00:55.147933,2026-07-03T18:00:55.163161+00:00,110.9,200,ask,,,6036782
2026-07-03T18:00:55.159568,2026-07-03T18:00:55.163161+00:00,110.9,12,bid,,,6036784
2026-07-03T18:00:58.306431,2026-07-03T18:00:58.310220+00:00,111.0,23,ask,,,6036830
2026-07-03T18:01:01.685730,2026-07-03T18:01:01.693610+00:00,111.0,200,ask,,,6036882
2026-07-03T18:01:01.685730,2026-07-03T18:01:01.698614+00:00,110.9,425,ask,,,6036883
2026-07-03T18:01:02.413559,2026-07-03T18:01:02.417310+00:00,111.1,11,bid,,,6036890
2026-07-03T18:01:04.811603,2026-07-03T18:01:04.815656+00:00,111.0,200,ask,,,6036925
2026-07-03T18:01:06.017255,2026-07-03T18:01:06.026062+00:00,111.1,200,bid,,,6036942
2026-07-03T18:01:08.854561,2026-07-03T18:01:08.858599+00:00,111.2,20,bid,,,6036974
2026-07-03T18:01:13.298058,2026-07-03T18:01:13.301841+00:00,111.1,200,ask,,,6037029
2026-07-03T18:01:14.058802,2026-07-03T18:01:14.070025+00:00,111.2,20,bid,,,6037040
2026-07-03T18:01:18.730310,2026-07-03T18:01:18.732800+00:00,111.4,500,bid,,,6037096
2026-07-03T18:01:19.311918,2026-07-03T18:01:19.363882+00:00,111.4,125,ask,,,6037102
2026-07-03T18:01:19.936754,2026-07-03T18:01:19.940344+00:00,111.3,12,bid,,,6037115
2026-07-03T18:01:20.046616,2026-07-03T18:01:20.053209+00:00,111.2,200,ask,,,6037116
2026-07-03T18:01:20.064282,2026-07-03T18:01:20.067714+00:00,111.2,11,bid,,,6037118
2026-07-03T18:01:25.295713,2026-07-03T18:01:25.297739+00:00,111.1,500,bid,,,6037174
2026-07-03T18:01:25.325171,2026-07-03T18:01:25.328748+00:00,111.2,23,ask,,,6037179
2026-07-03T18:01:25.361817,2026-07-03T18:01:25.382769+00:00,111.2,102,ask,,,6037180
2026-07-03T18:01:25.396992,2026-07-03T18:01:25.409612+00:00,111.0,200,bid,,,6037183
2026-07-03T18:01:26.281278,2026-07-03T18:01:26.306221+00:00,110.4,20,ask,,,6037194
2026-07-03T18:01:26.609970,2026-07-03T18:01:26.621490+00:00,111.1,200,bid,,,6037206
2026-07-03T18:01:26.619217,2026-07-03T18:01:26.626713+00:00,111.1,300,bid,,,6037207
2026-07-03T18:01:27.172056,2026-07-03T18:01:27.180160+00:00,111.1,325,ask,,,6037219
2026-07-03T18:01:27.306034,2026-07-03T18:01:27.323972+00:00,110.5,20,ask,,,6037225
2026-07-03T18:01:29.032709,2026-07-03T18:01:29.047390+00:00,111.1,200,bid,,,6037252
2026-07-03T18:01:29.950487,2026-07-03T18:01:29.954483+00:00,111.0,11,ask,,,6037262
2026-07-03T18:01:31.455202,2026-07-03T18:01:31.468714+00:00,111.0,200,ask,,,6037275
2026-07-03T18:01:33.878980,2026-07-03T18:01:33.903721+00:00,110.8,200,ask,,,6037302
2026-07-03T18:01:37.507836,2026-07-03T18:01:37.536368+00:00,110.7,200,bid,,,6037353
2026-07-03T18:01:38.716191,2026-07-03T18:01:38.730104+00:00,110.8,200,bid,,,6037375
2026-07-03T18:01:39.288482,2026-07-03T18:01:39.306205+00:00,110.7,500,ask,,,6037383
2026-07-03T18:01:39.435429,2026-07-03T18:01:39.439405+00:00,110.7,3,ask,,,6037387
2026-07-03T18:01:39.555049,2026-07-03T18:01:39.549966+00:00,110.7,20,ask,,,6037389
2026-07-03T18:01:41.150367,2026-07-03T18:01:41.155682+00:00,110.6,200,bid,,,6037406
2026-07-03T18:01:41.603798,2026-07-03T18:01:41.615521+00:00,110.4,20,ask,,,6037410
2026-07-03T18:01:42.354882,2026-07-03T18:01:42.385625+00:00,110.6,500,bid,,,6037419
2026-07-03T18:01:42.898812,2026-07-03T18:01:42.917328+00:00,110.6,125,ask,,,6037435
2026-07-03T18:01:46.007583,2026-07-03T18:01:46.009701+00:00,110.5,200,bid,,,6037477
2026-07-03T18:01:47.216179,2026-07-03T18:01:47.222245+00:00,110.5,200,bid,,,6037487
2026-07-03T18:01:47.752513,2026-07-03T18:01:47.760175+00:00,110.4,500,ask,,,6037496
2026-07-03T18:01:48.056184,2026-07-03T18:01:48.080105+00:00,110.6,20,bid,,,6037506
2026-07-03T18:01:48.341720,2026-07-03T18:01:48.358617+00:00,110.4,125,ask,,,6037511
2026-07-03T18:01:48.474931,2026-07-03T18:01:48.496348+00:00,110.4,20,bid,,,6037514
2026-07-03T18:01:49.228974,2026-07-03T18:01:49.253211+00:00,110.4,20,bid,,,6037529
2026-07-03T18:01:49.634133,2026-07-03T18:01:49.669177+00:00,110.4,200,bid,,,6037532
2026-07-03T18:01:50.795901,2026-07-03T18:01:50.814357+00:00,110.4,500,ask,,,6037546
2026-07-03T18:01:50.850306,2026-07-03T18:01:50.858609+00:00,110.4,125,ask,,,6037547
2026-07-03T18:01:51.539759,2026-07-03T18:01:51.561587+00:00,110.3,20,bid,,,6037554
2026-07-03T18:01:52.063161,2026-07-03T18:01:52.074375+00:00,110.3,200,bid,,,6037561
2026-07-03T18:01:52.142941,2026-07-03T18:01:52.149584+00:00,110.0,20,ask,,,6037565
2026-07-03T18:01:54.486731,2026-07-03T18:01:54.493296+00:00,110.5,200,bid,,,6037600
2026-07-03T18:01:55.696228,2026-07-03T18:01:55.704030+00:00,110.4,200,bid,,,6037620
2026-07-03T18:01:55.727279,2026-07-03T18:01:55.758557+00:00,110.3,20,ask,,,6037621
2026-07-03T18:01:56.852149,2026-07-03T18:01:56.895431+00:00,110.3,500,ask,,,6037632
2026-07-03T18:01:58.411268,2026-07-03T18:01:58.415049+00:00,110.3,3,ask,,,6037654
2026-07-03T18:01:58.738731,2026-07-03T18:01:58.750247+00:00,110.4,20,bid,,,6037659
2026-07-03T18:01:59.323175,2026-07-03T18:01:59.329868+00:00,110.4,200,bid,,,6037666
2026-07-03T18:02:00.534047,2026-07-03T18:02:00.567949+00:00,110.4,200,bid,,,6037681
2026-07-03T18:02:03.559664,2026-07-03T18:02:03.567849+00:00,110.2,3,bid,,,6037720
2026-07-03T18:02:04.157532,2026-07-03T18:02:04.160851+00:00,110.2,200,bid,,,6037726
2026-07-03T18:02:04.719403,2026-07-03T18:02:04.732045+00:00,110.1,500,ask,,,6037738
2026-07-03T18:02:05.314104,2026-07-03T18:02:05.324912+00:00,110.1,125,ask,,,6037743
2026-07-03T18:02:05.942156,2026-07-03T18:02:05.952843+00:00,110.0,200,ask,,,6037751
2026-07-03T18:02:06.609959,2026-07-03T18:02:06.614282+00:00,109.9,3,ask,,,6037766
2026-07-03T18:02:06.999552,2026-07-03T18:02:07.027290+00:00,110.0,20,bid,,,6037771
2026-07-03T18:02:07.781233,2026-07-03T18:02:07.821075+00:00,110.1,200,bid,,,6037788
2026-07-03T18:02:08.578615,2026-07-03T18:02:08.582370+00:00,110.0,5,ask,,,6037798
2026-07-03T18:02:09.571815,2026-07-03T18:02:09.591099+00:00,110.0,500,ask,,,6037808
2026-07-03T18:02:11.016544,2026-07-03T18:02:11.020139+00:00,110.1,5,bid,,,6037835
2026-07-03T18:02:11.433294,2026-07-03T18:02:11.436819+00:00,110.1,200,bid,,,6037843
2026-07-03T18:02:12.501662,2026-07-03T18:02:12.544237+00:00,110.1,500,bid,,,6037857
2026-07-03T18:02:12.577569,2026-07-03T18:02:12.585818+00:00,110.1,125,ask,,,6037859
2026-07-03T18:02:13.187690,2026-07-03T18:02:13.238608+00:00,110.0,200,ask,,,6037871
2026-07-03T18:02:13.234832,2026-07-03T18:02:13.238608+00:00,110.0,3,bid,,,6037876
2026-07-03T18:02:13.836178,2026-07-03T18:02:13.842646+00:00,110.0,500,bid,,,6037889
2026-07-03T18:02:16.277371,2026-07-03T18:02:16.288324+00:00,110.0,200,bid,,,6037926
2026-07-03T18:02:16.835525,2026-07-03T18:02:16.842132+00:00,110.0,500,ask,,,6037932
2026-07-03T18:02:17.433763,2026-07-03T18:02:17.439360+00:00,110.0,125,ask,,,6037939
2026-07-03T18:02:21.082364,2026-07-03T18:02:21.120031+00:00,110.0,200,ask,,,6037989
2026-07-03T18:02:21.082364,2026-07-03T18:02:21.120031+00:00,110.0,300,ask,,,6037990
2026-07-03T18:02:21.114251,2026-07-03T18:02:21.120031+00:00,110.0,200,ask,,,6037992
2026-07-03T18:02:21.677096,2026-07-03T18:02:21.685586+00:00,110.0,125,ask,,,6037997
2026-07-03T18:02:23.534793,2026-07-03T18:02:23.542069+00:00,110.0,200,bid,,,6038022
2026-07-03T18:02:25.958915,2026-07-03T18:02:25.968705+00:00,110.0,200,bid,,,6038069
2026-07-03T18:02:27.128810,2026-07-03T18:02:27.135631+00:00,109.9,500,ask,,,6038078
2026-07-03T18:02:27.726637,2026-07-03T18:02:27.758589+00:00,109.9,125,ask,,,6038081
2026-07-03T18:02:27.726637,2026-07-03T18:02:27.758589+00:00,109.9,200,ask,,,6038082
2026-07-03T18:02:28.373727,2026-07-03T18:02:28.388870+00:00,109.8,200,bid,,,6038088
2026-07-03T18:02:29.094389,2026-07-03T18:02:29.115957+00:00,109.6,20,ask,,,6038094
2026-07-03T18:02:29.571424,2026-07-03T18:02:29.582704+00:00,109.8,500,bid,,,6038099
2026-07-03T18:02:30.514437,2026-07-03T18:02:30.524795+00:00,109.8,20,ask,,,6038110
2026-07-03T18:02:30.797223,2026-07-03T18:02:30.829711+00:00,109.8,105,ask,,,6038115
2026-07-03T18:02:30.883841,2026-07-03T18:02:30.894668+00:00,109.6,200,ask,,,6038116
2026-07-03T18:02:32.007805,2026-07-03T18:02:32.015854+00:00,109.5,200,bid,,,6038130
2026-07-03T18:02:34.425167,2026-07-03T18:02:34.458601+00:00,109.7,200,ask,,,6038158
2026-07-03T18:02:37.413291,2026-07-03T18:02:37.424148+00:00,109.7,500,ask,,,6038186
2026-07-03T18:02:37.441169,2026-07-03T18:02:37.463828+00:00,109.7,200,ask,,,6038188
2026-07-03T18:02:38.057768,2026-07-03T18:02:38.066204+00:00,109.6,200,bid,,,6038197
2026-07-03T18:02:38.710433,2026-07-03T18:02:38.719708+00:00,109.4,20,ask,,,6038202
2026-07-03T18:02:38.749605,2026-07-03T18:02:38.758602+00:00,109.6,500,bid,,,6038204
2026-07-03T18:02:39.245396,2026-07-03T18:02:39.250207+00:00,109.6,125,ask,,,6038208
2026-07-03T18:02:40.062486,2026-07-03T18:02:40.073113+00:00,109.5,200,ask,,,6038223
2026-07-03T18:02:42.901938,2026-07-03T18:02:42.932644+00:00,109.3,200,ask,,,6038278
2026-07-03T18:02:45.324304,2026-07-03T18:02:45.332486+00:00,109.2,200,ask,,,6038305
2026-07-03T18:02:46.872225,2026-07-03T18:02:46.883762+00:00,109.1,20,ask,,,6038329
2026-07-03T18:02:49.022101,2026-07-03T18:02:49.026100+00:00,109.2,26,bid,,,6038357
2026-07-03T18:02:49.263293,2026-07-03T18:02:49.302108+00:00,109.0,200,ask,,,6038358
2026-07-03T18:02:49.298519,2026-07-03T18:02:49.302108+00:00,109.0,23,bid,,,6038363
2026-07-03T18:02:49.346730,2026-07-03T18:02:49.370225+00:00,108.8,20,ask,,,6038364
2026-07-03T18:02:52.217849,2026-07-03T18:02:52.221884+00:00,108.8,12,ask,,,6038401
2026-07-03T18:02:52.789479,2026-07-03T18:02:52.793501+00:00,108.8,20,ask,,,6038406
2026-07-03T18:02:53.207342,2026-07-03T18:02:53.211139+00:00,108.9,11,ask,,,6038417
2026-07-03T18:02:55.811154,2026-07-03T18:02:55.835921+00:00,108.8,200,ask,,,6038458
2026-07-03T18:02:55.842625,2026-07-03T18:02:55.846610+00:00,108.8,11,bid,,,6038460
2026-07-03T18:02:56.222482,2026-07-03T18:02:56.229011+00:00,108.8,200,bid,,,6038468
2026-07-03T18:02:57.097692,2026-07-03T18:02:57.101108+00:00,108.6,11,ask,,,6038480
2026-07-03T18:02:58.538306,2026-07-03T18:02:58.542260+00:00,108.9,23,ask,,,6038499
2026-07-03T18:02:59.862880,2026-07-03T18:02:59.887805+00:00,108.9,200,ask,,,6038529
2026-07-03T18:03:01.649305,2026-07-03T18:03:01.654227+00:00,108.8,11,bid,,,6038548
2026-07-03T18:03:02.284273,2026-07-03T18:03:02.310999+00:00,108.8,200,bid,,,6038559
2026-07-03T18:03:02.742387,2026-07-03T18:03:02.758570+00:00,108.8,20,ask,,,6038567
2026-07-03T18:03:04.705934,2026-07-03T18:03:04.732159+00:00,108.9,200,ask,,,6038591
2026-07-03T18:03:06.290858,2026-07-03T18:03:06.309127+00:00,109.0,200,bid,,,6038615
2026-07-03T18:03:06.305821,2026-07-03T18:03:06.309127+00:00,109.0,11,ask,,,6038619
2026-07-03T18:03:08.310169,2026-07-03T18:03:08.341805+00:00,109.0,200,ask,,,6038651
2026-07-03T18:03:08.310169,2026-07-03T18:03:08.341805+00:00,109.0,300,ask,,,6038652
2026-07-03T18:03:08.905643,2026-07-03T18:03:08.912109+00:00,109.0,325,ask,,,6038661
2026-07-03T18:03:08.927868,2026-07-03T18:03:08.938358+00:00,108.9,200,ask,,,6038664
2026-07-03T18:03:08.945313,2026-07-03T18:03:08.949630+00:00,108.9,11,bid,,,6038666
2026-07-03T18:03:11.961829,2026-07-03T18:03:11.989875+00:00,108.8,200,bid,,,6038710
2026-07-03T18:03:12.855264,2026-07-03T18:03:12.880077+00:00,108.9,500,bid,,,6038719
2026-07-03T18:03:12.876411,2026-07-03T18:03:12.880077+00:00,108.9,14,ask,,,6038721
2026-07-03T18:03:13.172066,2026-07-03T18:03:13.183100+00:00,108.9,111,ask,,,6038723
2026-07-03T18:03:14.165668,2026-07-03T18:03:14.173207+00:00,108.7,200,ask,,,6038743
2026-07-03T18:03:14.386888,2026-07-03T18:03:14.427307+00:00,108.7,200,bid,,,6038749
2026-07-03T18:03:20.737642,2026-07-03T18:03:20.784421+00:00,108.7,200,ask,,,6038817
2026-07-03T18:03:22.104920,2026-07-03T18:03:22.111443+00:00,108.4,20,ask,,,6038830
2026-07-03T18:03:25.186658,2026-07-03T18:03:25.221442+00:00,108.7,20,bid,,,6038863
2026-07-03T18:03:27.302593,2026-07-03T18:03:27.339247+00:00,108.5,200,bid,,,6038891
2026-07-03T18:03:27.700693,2026-07-03T18:03:27.709372+00:00,108.5,200,ask,,,6038896
2026-07-03T18:03:27.752558,2026-07-03T18:03:27.763818+00:00,108.5,20,ask,,,6038897
2026-07-03T18:03:28.616796,2026-07-03T18:03:28.633769+00:00,108.4,500,ask,,,6038907
2026-07-03T18:03:28.874200,2026-07-03T18:03:28.930459+00:00,108.4,125,bid,,,6038911
2026-07-03T18:03:29.923388,2026-07-03T18:03:29.941241+00:00,108.7,200,bid,,,6038923
2026-07-03T18:03:29.937293,2026-07-03T18:03:29.941241+00:00,108.7,3,ask,,,6038926
2026-07-03T18:03:30.163932,2026-07-03T18:03:30.167616+00:00,108.8,3,bid,,,6038935
2026-07-03T18:03:31.334845,2026-07-03T18:03:31.389561+00:00,108.7,200,ask,,,6038954
2026-07-03T18:03:34.522080,2026-07-03T18:03:34.535036+00:00,108.7,20,ask,,,6039005
2026-07-03T18:03:36.509362,2026-07-03T18:03:36.513183+00:00,108.7,3,bid,,,6039029
2026-07-03T18:03:38.606863,2026-07-03T18:03:38.617851+00:00,108.7,200,bid,,,6039057
2026-07-03T18:03:39.619904,2026-07-03T18:03:39.631529+00:00,108.5,20,ask,,,6039067
2026-07-03T18:03:40.424097,2026-07-03T18:03:40.458609+00:00,108.6,200,ask,,,6039075
2026-07-03T18:03:41.021647,2026-07-03T18:03:41.030849+00:00,108.6,200,bid,,,6039082
2026-07-03T18:03:44.665069,2026-07-03T18:03:44.694592+00:00,108.6,200,bid,,,6039136
2026-07-03T18:03:45.235662,2026-07-03T18:03:45.240953+00:00,108.6,425,bid,,,6039142
2026-07-03T18:03:45.674595,2026-07-03T18:03:45.683910+00:00,108.8,200,bid,,,6039148
2026-07-03T18:03:45.689882,2026-07-03T18:03:45.694059+00:00,108.8,3,ask,,,6039150
2026-07-03T18:03:47.685056,2026-07-03T18:03:47.689073+00:00,108.8,3,bid,,,6039175
2026-07-03T18:03:48.105816,2026-07-03T18:03:48.133896+00:00,108.8,20,bid,,,6039178
2026-07-03T18:03:48.308491,2026-07-03T18:03:48.334989+00:00,108.8,200,bid,,,6039183
2026-07-03T18:03:49.621356,2026-07-03T18:03:49.630937+00:00,108.9,200,bid,,,6039200
2026-07-03T18:03:50.719162,2026-07-03T18:03:50.731180+00:00,109.0,200,ask,,,6039223
2026-07-03T18:03:52.122434,2026-07-03T18:03:52.134091+00:00,109.0,20,bid,,,6039233
2026-07-03T18:03:52.273079,2026-07-03T18:03:52.276759+00:00,108.9,34,bid,,,6039240
2026-07-03T18:03:54.064240,2026-07-03T18:03:54.068234+00:00,108.8,11,ask,,,6039271
2026-07-03T18:03:54.365062,2026-07-03T18:03:54.369235+00:00,108.9,12,ask,,,6039279
2026-07-03T18:03:54.870635,2026-07-03T18:03:54.896332+00:00,108.9,188,ask,,,6039286
2026-07-03T18:03:56.194952,2026-07-03T18:03:56.199764+00:00,108.9,11,ask,,,6039303
2026-07-03T18:03:56.934080,2026-07-03T18:03:56.941546+00:00,108.9,20,ask,,,6039314
2026-07-03T18:03:57.507878,2026-07-03T18:03:57.511662+00:00,109.0,3,ask,,,6039330
2026-07-03T18:03:58.181002,2026-07-03T18:03:58.192577+00:00,109.0,20,ask,,,6039345
2026-07-03T18:03:58.646239,2026-07-03T18:03:58.650181+00:00,109.2,3,bid,,,6039354
2026-07-03T18:04:01.435977,2026-07-03T18:04:01.443685+00:00,109.1,200,bid,,,6039392
2026-07-03T18:04:02.832744,2026-07-03T18:04:02.834889+00:00,109.1,200,bid,,,6039415
2026-07-03T18:04:04.967400,2026-07-03T18:04:04.971551+00:00,108.9,3,ask,,,6039441
2026-07-03T18:04:05.889011,2026-07-03T18:04:05.901797+00:00,109.2,20,bid,,,6039452
2026-07-03T18:04:07.557100,2026-07-03T18:04:07.564106+00:00,109.1,20,bid,,,6039475
2026-07-03T18:04:08.880802,2026-07-03T18:04:08.905625+00:00,109.0,200,ask,,,6039489
2026-07-03T18:04:10.632591,2026-07-03T18:04:10.651728+00:00,109.1,200,bid,,,6039514
2026-07-03T18:04:10.647919,2026-07-03T18:04:10.651728+00:00,109.1,14,ask,,,6039516
2026-07-03T18:04:10.957811,2026-07-03T18:04:10.969127+00:00,109.1,20,ask,,,6039520
2026-07-03T18:04:11.941923,2026-07-03T18:04:11.949589+00:00,109.2,200,bid,,,6039532
2026-07-03T18:04:11.941923,2026-07-03T18:04:11.949589+00:00,109.2,425,bid,,,6039533
2026-07-03T18:04:13.081419,2026-07-03T18:04:13.089394+00:00,109.1,200,ask,,,6039549
2026-07-03T18:04:13.454926,2026-07-03T18:04:13.457917+00:00,108.9,20,ask,,,6039554
2026-07-03T18:04:17.355326,2026-07-03T18:04:17.400619+00:00,109.0,200,ask,,,6039621
2026-07-03T18:04:22.215614,2026-07-03T18:04:22.240772+00:00,109.0,20,bid,,,6039680
2026-07-03T18:04:23.417616,2026-07-03T18:04:23.420023+00:00,108.9,200,bid,,,6039695
2026-07-03T18:04:24.628187,2026-07-03T18:04:24.636287+00:00,108.9,200,bid,,,6039706
2026-07-03T18:04:25.838390,2026-07-03T18:04:25.846007+00:00,108.9,200,bid,,,6039724
2026-07-03T18:04:27.048524,2026-07-03T18:04:27.058817+00:00,108.8,200,bid,,,6039735
2026-07-03T18:04:32.936967,2026-07-03T18:04:32.938694+00:00,108.7,200,ask,,,6039830
2026-07-03T18:04:36.564034,2026-07-03T18:04:36.567558+00:00,108.8,11,bid,,,6039874
2026-07-03T18:04:36.760462,2026-07-03T18:04:36.764124+00:00,108.7,3,bid,,,6039882
2026-07-03T18:04:39.503246,2026-07-03T18:04:39.512064+00:00,108.6,500,ask,,,6039921
2026-07-03T18:04:39.719038,2026-07-03T18:04:39.754575+00:00,108.6,125,bid,,,6039925
2026-07-03T18:04:39.719038,2026-07-03T18:04:39.754575+00:00,108.7,200,bid,,,6039926
2026-07-03T18:04:40.434194,2026-07-03T18:04:40.442774+00:00,108.7,20,ask,,,6039938
2026-07-03T18:04:42.739977,2026-07-03T18:04:42.758676+00:00,108.8,200,bid,,,6039967
2026-07-03T18:04:42.787593,2026-07-03T18:04:42.797047+00:00,108.8,200,ask,,,6039969
2026-07-03T18:04:43.994863,2026-07-03T18:04:44.022720+00:00,108.9,200,bid,,,6039979
2026-07-03T18:04:45.205832,2026-07-03T18:04:45.212255+00:00,108.8,200,ask,,,6039996
2026-07-03T18:04:46.415111,2026-07-03T18:04:46.444484+00:00,108.8,200,ask,,,6040018
2026-07-03T18:04:47.373521,2026-07-03T18:04:47.381604+00:00,108.8,500,ask,,,6040031
2026-07-03T18:04:47.582238,2026-07-03T18:04:47.649980+00:00,108.7,125,bid,,,6040034
2026-07-03T18:04:48.075677,2026-07-03T18:04:48.087600+00:00,108.9,20,ask,,,6040037
2026-07-03T18:04:48.683529,2026-07-03T18:04:48.686452+00:00,108.9,500,ask,,,6040049
2026-07-03T18:04:48.787547,2026-07-03T18:04:48.794491+00:00,108.9,125,bid,,,6040052
2026-07-03T18:04:49.747954,2026-07-03T18:04:49.758567+00:00,109.0,20,ask,,,6040068
2026-07-03T18:04:50.973139,2026-07-03T18:04:50.994859+00:00,109.1,20,bid,,,6040085
2026-07-03T18:04:53.639843,2026-07-03T18:04:53.663922+00:00,109.0,200,bid,,,6040109
2026-07-03T18:04:53.639843,2026-07-03T18:04:53.663922+00:00,109.0,300,bid,,,6040110
2026-07-03T18:04:54.894880,2026-07-03T18:04:54.902564+00:00,108.9,200,ask,,,6040128
2026-07-03T18:04:57.283064,2026-07-03T18:04:57.289939+00:00,109.0,500,bid,,,6040151
2026-07-03T18:04:57.923241,2026-07-03T18:04:57.933850+00:00,109.1,200,bid,,,6040159
2026-07-03T18:05:03.174297,2026-07-03T18:05:03.181489+00:00,109.1,200,ask,,,6040223
2026-07-03T18:05:03.192833,2026-07-03T18:05:03.196734+00:00,109.0,3,bid,,,6040225
2026-07-03T18:05:04.584015,2026-07-03T18:05:04.591459+00:00,108.9,200,ask,,,6040243
2026-07-03T18:05:05.800155,2026-07-03T18:05:05.809865+00:00,108.9,200,ask,,,6040263
2026-07-03T18:05:08.218349,2026-07-03T18:05:08.227989+00:00,109.0,200,bid,,,6040297
2026-07-03T18:05:17.590123,2026-07-03T18:05:17.596997+00:00,109.0,200,ask,,,6040432
2026-07-03T18:05:21.598945,2026-07-03T18:05:21.608282+00:00,108.9,20,ask,,,6040488
2026-07-03T18:05:24.151218,2026-07-03T18:05:24.154131+00:00,109.0,200,bid,,,6040517
2026-07-03T18:05:24.166168,2026-07-03T18:05:24.169940+00:00,109.0,3,ask,,,6040519
2026-07-03T18:05:26.395830,2026-07-03T18:05:26.405375+00:00,109.0,200,ask,,,6040549
2026-07-03T18:05:26.697267,2026-07-03T18:05:26.703342+00:00,109.2,20,bid,,,6040551
2026-07-03T18:05:28.086864,2026-07-03T18:05:28.097090+00:00,109.1,200,bid,,,6040565
2026-07-03T18:05:28.819706,2026-07-03T18:05:28.827431+00:00,109.2,200,ask,,,6040582
2026-07-03T18:05:33.630605,2026-07-03T18:05:33.634533+00:00,109.2,3,ask,,,6040649
2026-07-03T18:05:33.662135,2026-07-03T18:05:33.686683+00:00,109.2,200,ask,,,6040651
2026-07-03T18:05:36.078381,2026-07-03T18:05:36.084747+00:00,109.1,200,ask,,,6040681
2026-07-03T18:05:36.711033,2026-07-03T18:05:36.717678+00:00,109.1,20,ask,,,6040686
2026-07-03T18:05:37.292042,2026-07-03T18:05:37.309298+00:00,109.0,200,ask,,,6040693
2026-07-03T18:05:38.510075,2026-07-03T18:05:38.521642+00:00,109.0,200,ask,,,6040715
2026-07-03T18:05:43.364872,2026-07-03T18:05:43.369209+00:00,109.0,11,ask,,,6040773
2026-07-03T18:05:43.839540,2026-07-03T18:05:43.851040+00:00,109.0,189,ask,,,6040776
2026-07-03T18:05:44.548555,2026-07-03T18:05:44.558610+00:00,108.8,200,ask,,,6040791
2026-07-03T18:05:44.579981,2026-07-03T18:05:44.589894+00:00,109.0,20,bid,,,6040792
2026-07-03T18:05:46.117908,2026-07-03T18:05:46.119921+00:00,108.8,20,ask,,,6040808
2026-07-03T18:05:46.404185,2026-07-03T18:05:46.411134+00:00,108.9,20,bid,,,6040814
2026-07-03T18:05:47.769257,2026-07-03T18:05:47.795457+00:00,108.8,200,ask,,,6040835
2026-07-03T18:05:48.171176,2026-07-03T18:05:48.178171+00:00,108.8,200,bid,,,6040841
2026-07-03T18:05:51.139786,2026-07-03T18:05:51.146552+00:00,108.9,500,bid,,,6040881
2026-07-03T18:05:51.699558,2026-07-03T18:05:51.709452+00:00,108.9,200,bid,,,6040888
2026-07-03T18:05:54.316007,2026-07-03T18:05:54.323309+00:00,109.1,200,bid,,,6040922
2026-07-03T18:05:56.644044,2026-07-03T18:05:56.679001+00:00,109.2,200,bid,,,6040950
2026-07-03T18:05:58.243681,2026-07-03T18:05:58.258651+00:00,109.2,200,bid,,,6040976
2026-07-03T18:06:00.265112,2026-07-03T18:06:00.276943+00:00,109.3,200,bid,,,6041003
2026-07-03T18:06:01.476112,2026-07-03T18:06:01.488469+00:00,109.3,200,ask,,,6041020
2026-07-03T18:06:02.192080,2026-07-03T18:06:02.195486+00:00,109.3,11,bid,,,6041035
2026-07-03T18:06:03.503727,2026-07-03T18:06:03.507901+00:00,109.2,3,bid,,,6041056
2026-07-03T18:06:04.794201,2026-07-03T18:06:04.808299+00:00,109.1,200,ask,,,6041080
2026-07-03T18:06:04.794201,2026-07-03T18:06:04.808299+00:00,109.1,425,ask,,,6041081
2026-07-03T18:06:06.101124,2026-07-03T18:06:06.140954+00:00,109.2,200,bid,,,6041102
2026-07-03T18:06:06.136823,2026-07-03T18:06:06.140954+00:00,109.2,3,ask,,,6041105
2026-07-03T18:06:11.389444,2026-07-03T18:06:11.400950+00:00,109.1,20,bid,,,6041188
2026-07-03T18:06:11.495786,2026-07-03T18:06:11.499485+00:00,109.1,3,bid,,,6041192
2026-07-03T18:06:11.739592,2026-07-03T18:06:11.776097+00:00,109.1,500,bid,,,6041197
2026-07-03T18:06:12.658839,2026-07-03T18:06:12.670314+00:00,109.2,200,bid,,,6041211
2026-07-03T18:06:13.971836,2026-07-03T18:06:13.979306+00:00,109.3,200,bid,,,6041220
2026-07-03T18:06:14.785523,2026-07-03T18:06:14.816192+00:00,109.3,200,ask,,,6041244
2026-07-03T18:06:15.323726,2026-07-03T18:06:15.327645+00:00,109.3,3,bid,,,6041248
2026-07-03T18:06:18.432824,2026-07-03T18:06:18.439921+00:00,109.1,200,ask,,,6041287
2026-07-03T18:06:20.802609,2026-07-03T18:06:20.846147+00:00,109.2,200,bid,,,6041316
2026-07-03T18:06:20.855217,2026-07-03T18:06:20.858608+00:00,109.2,200,ask,,,6041320
2026-07-03T18:06:20.992399,2026-07-03T18:06:21.003929+00:00,109.3,20,bid,,,6041323
2026-07-03T18:06:21.855774,2026-07-03T18:06:21.864750+00:00,109.2,500,ask,,,6041331
2026-07-03T18:06:21.855774,2026-07-03T18:06:21.864750+00:00,109.0,125,ask,,,6041332
2026-07-03T18:06:22.066577,2026-07-03T18:06:22.096319+00:00,109.3,200,ask,,,6041339
2026-07-03T18:06:23.169235,2026-07-03T18:06:23.194291+00:00,109.3,500,ask,,,6041359
2026-07-03T18:06:23.233675,2026-07-03T18:06:23.242551+00:00,109.2,125,bid,,,6041360
2026-07-03T18:06:23.276947,2026-07-03T18:06:23.306196+00:00,109.3,200,ask,,,6041362
2026-07-03T18:06:24.487404,2026-07-03T18:06:24.500441+00:00,109.4,200,ask,,,6041380
2026-07-03T18:06:24.507690,2026-07-03T18:06:24.511739+00:00,109.5,57,bid,,,6041382
2026-07-03T18:06:25.695022,2026-07-03T18:06:25.727480+00:00,109.4,200,ask,,,6041398
2026-07-03T18:06:27.364843,2026-07-03T18:06:27.368801+00:00,109.3,11,ask,,,6041424
2026-07-03T18:06:27.459479,2026-07-03T18:06:27.466531+00:00,109.4,500,bid,,,6041425
2026-07-03T18:06:28.118868,2026-07-03T18:06:28.141701+00:00,109.3,200,ask,,,6041434
2026-07-03T18:06:29.333158,2026-07-03T18:06:29.336510+00:00,109.4,12,ask,,,6041456
2026-07-03T18:06:31.033359,2026-07-03T18:06:31.041226+00:00,109.4,200,ask,,,6041476
2026-07-03T18:06:31.099172,2026-07-03T18:06:31.106276+00:00,109.4,425,bid,,,6041477
2026-07-03T18:06:32.301887,2026-07-03T18:06:32.318706+00:00,109.4,200,bid,,,6041493
2026-07-03T18:06:32.954695,2026-07-03T18:06:32.952588+00:00,109.5,200,ask,,,6041503
2026-07-03T18:06:34.181544,2026-07-03T18:06:34.212794+00:00,109.4,200,ask,,,6041524
2026-07-03T18:06:34.397424,2026-07-03T18:06:34.408668+00:00,109.6,20,bid,,,6041526
2026-07-03T18:06:34.964411,2026-07-03T18:06:34.995656+00:00,109.4,500,ask,,,6041530
2026-07-03T18:06:35.341952,2026-07-03T18:06:35.358614+00:00,109.4,125,bid,,,6041534
2026-07-03T18:06:35.405252,2026-07-03T18:06:35.415823+00:00,109.4,200,ask,,,6041536
2026-07-03T18:06:36.616599,2026-07-03T18:06:36.628166+00:00,109.4,200,ask,,,6041554
2026-07-03T18:06:38.908106,2026-07-03T18:06:38.912551+00:00,109.4,12,bid,,,6041578
2026-07-03T18:06:40.248524,2026-07-03T18:06:40.268550+00:00,109.5,200,ask,,,6041596
2026-07-03T18:06:40.264691,2026-07-03T18:06:40.268550+00:00,109.5,23,ask,,,6041598
2026-07-03T18:06:41.458926,2026-07-03T18:06:41.495428+00:00,109.5,200,ask,,,6041616
2026-07-03T18:06:42.857034,2026-07-03T18:06:42.864118+00:00,109.2,200,ask,,,6041645
2026-07-03T18:06:43.873086,2026-07-03T18:06:43.882005+00:00,109.2,200,bid,,,6041653
2026-07-03T18:06:45.486052,2026-07-03T18:06:45.500602+00:00,109.1,200,ask,,,6041681
2026-07-03T18:06:45.496942,2026-07-03T18:06:45.500602+00:00,109.1,11,bid,,,6041683
2026-07-03T18:06:46.288657,2026-07-03T18:06:46.296027+00:00,109.0,200,ask,,,6041692
2026-07-03T18:06:46.897647,2026-07-03T18:06:46.910111+00:00,109.1,20,ask,,,6041700
2026-07-03T18:06:48.130994,2026-07-03T18:06:48.138468+00:00,109.2,200,bid,,,6041716
2026-07-03T18:06:48.359262,2026-07-03T18:06:48.386228+00:00,109.4,20,bid,,,6041722
2026-07-03T18:06:49.221568,2026-07-03T18:06:49.233569+00:00,109.3,20,bid,,,6041728
2026-07-03T18:06:52.084139,2026-07-03T18:06:52.087685+00:00,109.2,12,bid,,,6041762
2026-07-03T18:06:52.918374,2026-07-03T18:06:52.931017+00:00,109.2,500,bid,,,6041770
2026-07-03T18:06:53.382461,2026-07-03T18:06:53.389121+00:00,109.3,200,bid,,,6041779
2026-07-03T18:06:54.432506,2026-07-03T18:06:54.436473+00:00,109.4,11,bid,,,6041797
2026-07-03T18:06:55.460730,2026-07-03T18:06:55.482398+00:00,109.4,20,bid,,,6041812
2026-07-03T18:06:55.798714,2026-07-03T18:06:55.803536+00:00,109.4,11,bid,,,6041817
2026-07-03T18:06:55.978530,2026-07-03T18:06:55.993805+00:00,109.3,200,ask,,,6041820
2026-07-03T18:06:57.320319,2026-07-03T18:06:57.349731+00:00,109.4,200,bid,,,6041837
2026-07-03T18:06:58.422740,2026-07-03T18:06:58.426234+00:00,109.6,12,bid,,,6041851
2026-07-03T18:06:59.597286,2026-07-03T18:06:59.601868+00:00,109.6,200,bid,,,6041871
2026-07-03T18:07:01.583198,2026-07-03T18:07:01.594866+00:00,109.5,20,ask,,,6041889
2026-07-03T18:07:02.565255,2026-07-03T18:07:02.626715+00:00,109.7,500,bid,,,6041897
2026-07-03T18:07:02.565255,2026-07-03T18:07:02.626715+00:00,109.7,125,bid,,,6041898
2026-07-03T18:07:03.221222,2026-07-03T18:07:03.230395+00:00,109.7,200,bid,,,6041905
2026-07-03T18:07:04.428418,2026-07-03T18:07:04.456352+00:00,109.5,200,bid,,,6041920
2026-07-03T18:07:07.813616,2026-07-03T18:07:07.820981+00:00,109.5,200,bid,,,6041962
2026-07-03T18:07:07.833260,2026-07-03T18:07:07.837077+00:00,109.5,12,ask,,,6041964
2026-07-03T18:07:08.053847,2026-07-03T18:07:08.064248+00:00,109.5,200,ask,,,6041969
2026-07-03T18:07:10.425378,2026-07-03T18:07:10.457771+00:00,109.5,20,bid,,,6041999
2026-07-03T18:07:11.665055,2026-07-03T18:07:11.694921+00:00,109.4,500,bid,,,6042022
2026-07-03T18:07:11.764142,2026-07-03T18:07:11.767586+00:00,109.4,11,ask,,,6042025
2026-07-03T18:07:13.702892,2026-07-03T18:07:13.720761+00:00,109.4,20,ask,,,6042047
2026-07-03T18:07:14.157731,2026-07-03T18:07:14.161483+00:00,109.5,11,ask,,,6042057
2026-07-03T18:07:18.995283,2026-07-03T18:07:19.002412+00:00,109.6,200,ask,,,6042108
2026-07-03T18:07:20.129104,2026-07-03T18:07:20.158630+00:00,109.6,500,bid,,,6042119
2026-07-03T18:07:20.200731,2026-07-03T18:07:20.222005+00:00,109.6,125,bid,,,6042122
2026-07-03T18:07:23.965627,2026-07-03T18:07:23.987460+00:00,109.8,20,bid,,,6042167
2026-07-03T18:07:24.859583,2026-07-03T18:07:24.869539+00:00,109.8,180,bid,,,6042183
2026-07-03T18:07:25.037660,2026-07-03T18:07:25.039564+00:00,109.9,200,ask,,,6042189
2026-07-03T18:07:30.132826,2026-07-03T18:07:30.158599+00:00,109.7,200,ask,,,6042255
2026-07-03T18:07:31.080723,2026-07-03T18:07:31.112762+00:00,109.7,200,bid,,,6042265
2026-07-03T18:07:32.497288,2026-07-03T18:07:32.501182+00:00,109.7,12,ask,,,6042282
2026-07-03T18:07:33.498514,2026-07-03T18:07:33.521358+00:00,109.7,200,ask,,,6042299
2026-07-03T18:07:34.707882,2026-07-03T18:07:34.731671+00:00,109.6,200,ask,,,6042323
2026-07-03T18:07:35.146562,2026-07-03T18:07:35.158017+00:00,109.6,20,ask,,,6042330
2026-07-03T18:07:39.312833,2026-07-03T18:07:39.320515+00:00,109.6,200,ask,,,6042376
2026-07-03T18:07:43.224256,2026-07-03T18:07:43.230313+00:00,109.5,20,ask,,,6042431
2026-07-03T18:07:43.258213,2026-07-03T18:07:43.285388+00:00,109.5,200,ask,,,6042432
2026-07-03T18:07:44.569570,2026-07-03T18:07:44.586186+00:00,109.5,200,bid,,,6042443
2026-07-03T18:07:47.205976,2026-07-03T18:07:47.215005+00:00,109.4,200,ask,,,6042479
2026-07-03T18:07:48.019071,2026-07-03T18:07:48.043866+00:00,109.4,200,bid,,,6042496
2026-07-03T18:07:48.220640,2026-07-03T18:07:48.227608+00:00,109.2,20,ask,,,6042499
2026-07-03T18:07:49.277473,2026-07-03T18:07:49.283623+00:00,109.6,20,bid,,,6042513
2026-07-03T18:07:50.546020,2026-07-03T18:07:50.557325+00:00,109.4,20,ask,,,6042535
2026-07-03T18:07:51.148867,2026-07-03T18:07:51.150001+00:00,109.4,200,ask,,,6042548
2026-07-03T18:07:51.661241,2026-07-03T18:07:51.672718+00:00,109.4,200,bid,,,6042552
2026-07-03T18:07:52.765220,2026-07-03T18:07:52.769397+00:00,109.5,34,ask,,,6042579
2026-07-03T18:07:52.877975,2026-07-03T18:07:52.887910+00:00,109.5,200,ask,,,6042580
2026-07-03T18:07:53.326905,2026-07-03T18:07:53.338634+00:00,109.5,20,ask,,,6042584
2026-07-03T18:07:57.692745,2026-07-03T18:07:57.701523+00:00,109.4,200,ask,,,6042632
2026-07-03T18:07:57.739982,2026-07-03T18:07:57.749664+00:00,109.4,200,bid,,,6042635
2026-07-03T18:07:59.121478,2026-07-03T18:07:59.126568+00:00,109.3,3,ask,,,6042650
2026-07-03T18:07:59.450310,2026-07-03T18:07:59.456157+00:00,109.4,20,bid,,,6042656
2026-07-03T18:08:01.964649,2026-07-03T18:08:01.987608+00:00,109.4,20,bid,,,6042686
2026-07-03T18:08:02.599286,2026-07-03T18:08:02.612498+00:00,109.4,200,bid,,,6042697
2026-07-03T18:08:04.312283,2026-07-03T18:08:04.341861+00:00,109.4,200,bid,,,6042725
2026-07-03T18:08:04.312283,2026-07-03T18:08:04.341861+00:00,109.4,300,bid,,,6042726
2026-07-03T18:08:04.935873,2026-07-03T18:08:04.940959+00:00,109.4,325,bid,,,6042735
2026-07-03T18:08:05.363535,2026-07-03T18:08:05.371390+00:00,109.4,20,ask,,,6042741
2026-07-03T18:08:05.544476,2026-07-03T18:08:05.553580+00:00,109.5,200,bid,,,6042744
2026-07-03T18:08:06.751905,2026-07-03T18:08:06.758610+00:00,109.6,200,bid,,,6042770
2026-07-03T18:08:07.438929,2026-07-03T18:08:07.445978+00:00,109.6,200,ask,,,6042776
2026-07-03T18:08:08.162400,2026-07-03T18:08:08.174057+00:00,109.8,20,bid,,,6042782
2026-07-03T18:08:09.498967,2026-07-03T18:08:09.513360+00:00,109.8,200,bid,,,6042804
2026-07-03T18:08:09.509743,2026-07-03T18:08:09.513360+00:00,109.9,14,ask,,,6042806
2026-07-03T18:08:09.853196,2026-07-03T18:08:09.891132+00:00,109.9,200,ask,,,6042808
2026-07-03T18:08:14.622257,2026-07-03T18:08:14.633688+00:00,109.9,500,bid,,,6042874
2026-07-03T18:08:15.895342,2026-07-03T18:08:15.910216+00:00,109.8,200,ask,,,6042896
2026-07-03T18:08:17.362394,2026-07-03T18:08:17.408402+00:00,109.8,500,ask,,,6042919
2026-07-03T18:08:17.362394,2026-07-03T18:08:17.408402+00:00,109.8,125,ask,,,6042920
2026-07-03T18:08:17.653493,2026-07-03T18:08:17.658595+00:00,110.0,200,bid,,,6042923
2026-07-03T18:08:17.977504,2026-07-03T18:08:17.985293+00:00,110.0,20,ask,,,6042929
2026-07-03T18:08:18.327433,2026-07-03T18:08:18.331338+00:00,110.1,11,bid,,,6042938
2026-07-03T18:08:19.519172,2026-07-03T18:08:19.545593+00:00,110.0,200,ask,,,6042953
2026-07-03T18:08:20.020695,2026-07-03T18:08:20.024501+00:00,110.0,3,bid,,,6042959
2026-07-03T18:08:20.725555,2026-07-03T18:08:20.734762+00:00,110.0,200,bid,,,6042972
2026-07-03T18:08:21.245953,2026-07-03T18:08:21.249691+00:00,109.8,14,ask,,,6042978
2026-07-03T18:08:21.336715,2026-07-03T18:08:21.340857+00:00,110.0,23,ask,,,6042981
2026-07-03T18:08:23.143849,2026-07-03T18:08:23.145696+00:00,110.0,200,ask,,,6042999
2026-07-03T18:08:24.356299,2026-07-03T18:08:24.360060+00:00,110.1,11,bid,,,6043013
2026-07-03T18:08:26.532420,2026-07-03T18:08:26.553155+00:00,110.0,200,ask,,,6043042
2026-07-03T18:08:26.549266,2026-07-03T18:08:26.553155+00:00,109.9,23,bid,,,6043044
2026-07-03T18:08:27.972013,2026-07-03T18:08:27.979279+00:00,109.9,200,ask,,,6043069
2026-07-03T18:08:29.196634,2026-07-03T18:08:29.206214+00:00,109.9,200,ask,,,6043091
2026-07-03T18:08:30.405017,2026-07-03T18:08:30.408086+00:00,109.9,200,ask,,,6043113
2026-07-03T18:08:31.574297,2026-07-03T18:08:31.583428+00:00,109.8,500,bid,,,6043124
2026-07-03T18:08:31.612006,2026-07-03T18:08:31.619462+00:00,109.8,125,bid,,,6043128
2026-07-03T18:08:32.620050,2026-07-03T18:08:32.623732+00:00,109.9,11,ask,,,6043149
2026-07-03T18:08:34.028612,2026-07-03T18:08:34.038077+00:00,109.8,200,ask,,,6043162
2026-07-03T18:08:35.241072,2026-07-03T18:08:35.258601+00:00,109.8,200,ask,,,6043178
2026-07-03T18:08:36.450773,2026-07-03T18:08:36.464636+00:00,109.8,200,ask,,,6043195
2026-07-03T18:08:38.364948,2026-07-03T18:08:38.366577+00:00,109.9,200,bid,,,6043223
2026-07-03T18:08:42.293407,2026-07-03T18:08:42.298747+00:00,110.0,200,ask,,,6043271
2026-07-03T18:08:42.489295,2026-07-03T18:08:42.496144+00:00,110.0,200,bid,,,6043272
2026-07-03T18:08:42.498885,2026-07-03T18:08:42.521902+00:00,109.8,20,ask,,,6043273
2026-07-03T18:08:43.625557,2026-07-03T18:08:43.629906+00:00,110.1,12,ask,,,6043295
2026-07-03T18:08:44.917454,2026-07-03T18:08:44.945907+00:00,110.2,200,bid,,,6043309
2026-07-03T18:08:44.941897,2026-07-03T18:08:44.945907+00:00,110.2,11,ask,,,6043312
2026-07-03T18:08:45.492428,2026-07-03T18:08:45.505360+00:00,110.2,414,ask,,,6043316
2026-07-03T18:08:45.492428,2026-07-03T18:08:45.510361+00:00,110.2,86,ask,,,6043317
2026-07-03T18:08:46.091528,2026-07-03T18:08:46.095079+00:00,110.2,114,ask,,,6043326
2026-07-03T18:08:46.226180,2026-07-03T18:08:46.236771+00:00,110.1,200,ask,,,6043328
2026-07-03T18:08:46.242858,2026-07-03T18:08:46.246331+00:00,110.0,23,bid,,,6043330
2026-07-03T18:08:46.482577,2026-07-03T18:08:46.486093+00:00,110.0,11,bid,,,6043333
2026-07-03T18:08:47.351639,2026-07-03T18:08:47.358596+00:00,110.0,200,bid,,,6043345
2026-07-03T18:08:48.454513,2026-07-03T18:08:48.458506+00:00,110.1,11,ask,,,6043359
2026-07-03T18:08:48.567438,2026-07-03T18:08:48.602145+00:00,110.1,200,ask,,,6043362
2026-07-03T18:08:50.341498,2026-07-03T18:08:50.350319+00:00,110.1,500,ask,,,6043387
2026-07-03T18:08:50.935941,2026-07-03T18:08:50.941051+00:00,110.1,125,ask,,,6043393
2026-07-03T18:08:51.468596,2026-07-03T18:08:51.480090+00:00,109.9,200,ask,,,6043407
2026-07-03T18:08:52.186492,2026-07-03T18:08:52.190899+00:00,109.9,200,bid,,,6043413
2026-07-03T18:08:53.656491,2026-07-03T18:08:53.651261+00:00,109.9,20,bid,,,6043442
2026-07-03T18:08:54.617362,2026-07-03T18:08:54.645597+00:00,109.9,200,ask,,,6043453
2026-07-03T18:08:55.838083,2026-07-03T18:08:55.841948+00:00,109.8,11,bid,,,6043468
2026-07-03T18:08:59.335413,2026-07-03T18:08:59.342197+00:00,109.8,200,bid,,,6043501
2026-07-03T18:09:00.673469,2026-07-03T18:09:00.707451+00:00,109.8,200,ask,,,6043516
2026-07-03T18:09:00.690264,2026-07-03T18:09:00.707451+00:00,109.8,200,bid,,,6043519
2026-07-03T18:09:01.904398,2026-07-03T18:09:01.914545+00:00,109.8,200,bid,,,6043533
2026-07-03T18:09:02.330230,2026-07-03T18:09:02.358586+00:00,109.8,20,bid,,,6043541
2026-07-03T18:09:04.332454,2026-07-03T18:09:04.358129+00:00,109.8,200,bid,,,6043565
2026-07-03T18:09:05.544269,2026-07-03T18:09:05.550054+00:00,109.9,200,ask,,,6043575
2026-07-03T18:09:07.386187,2026-07-03T18:09:07.389630+00:00,110.0,3,bid,,,6043603
2026-07-03T18:09:08.539064,2026-07-03T18:09:08.546083+00:00,109.9,200,ask,,,6043611
2026-07-03T18:09:09.174522,2026-07-03T18:09:09.181247+00:00,109.9,200,bid,,,6043622
2026-07-03T18:09:10.384954,2026-07-03T18:09:10.399921+00:00,110.1,200,ask,,,6043635
2026-07-03T18:09:10.959453,2026-07-03T18:09:10.966835+00:00,110.3,20,bid,,,6043641
2026-07-03T18:09:13.801391,2026-07-03T18:09:13.811388+00:00,110.0,20,bid,,,6043678
2026-07-03T18:09:15.220665,2026-07-03T18:09:15.223233+00:00,109.9,200,bid,,,6043695
2026-07-03T18:09:22.276722,2026-07-03T18:09:22.283349+00:00,110.1,20,bid,,,6043785
2026-07-03T18:09:22.922423,2026-07-03T18:09:22.942440+00:00,110.0,200,bid,,,6043799
2026-07-03T18:09:24.260733,2026-07-03T18:09:24.268683+00:00,110.1,200,ask,,,6043815
2026-07-03T18:09:24.450904,2026-07-03T18:09:24.454906+00:00,110.1,3,bid,,,6043821
2026-07-03T18:09:24.924411,2026-07-03T18:09:24.941170+00:00,110.1,200,bid,,,6043826
2026-07-03T18:09:25.569970,2026-07-03T18:09:25.591906+00:00,110.2,500,bid,,,6043835
2026-07-03T18:09:26.044983,2026-07-03T18:09:26.071817+00:00,110.2,125,ask,,,6043838
2026-07-03T18:09:28.190869,2026-07-03T18:09:28.221126+00:00,110.0,200,ask,,,6043863
2026-07-03T18:09:28.216956,2026-07-03T18:09:28.221126+00:00,110.0,11,bid,,,6043867
2026-07-03T18:09:29.500514,2026-07-03T18:09:29.507011+00:00,110.1,200,bid,,,6043883
2026-07-03T18:09:29.500514,2026-07-03T18:09:29.512220+00:00,110.1,425,bid,,,6043884
2026-07-03T18:09:30.289870,2026-07-03T18:09:30.314463+00:00,110.0,200,ask,,,6043901
2026-07-03T18:09:30.989447,2026-07-03T18:09:30.996779+00:00,109.9,200,bid,,,6043912
2026-07-03T18:09:31.905899,2026-07-03T18:09:31.917746+00:00,109.9,20,bid,,,6043919
2026-07-03T18:09:36.346907,2026-07-03T18:09:36.358651+00:00,109.8,200,ask,,,6043961
2026-07-03T18:09:39.983710,2026-07-03T18:09:40.013473+00:00,109.7,200,bid,,,6044012
2026-07-03T18:09:40.009567,2026-07-03T18:09:40.013473+00:00,109.7,11,ask,,,6044016
2026-07-03T18:09:41.297202,2026-07-03T18:09:41.317269+00:00,109.7,200,ask,,,6044036
2026-07-03T18:09:43.001206,2026-07-03T18:09:43.012409+00:00,109.7,500,ask,,,6044051
2026-07-03T18:09:43.092077,2026-07-03T18:09:43.101037+00:00,109.7,125,ask,,,6044053
2026-07-03T18:09:45.513366,2026-07-03T18:09:45.530029+00:00,109.5,200,bid,,,6044086
2026-07-03T18:09:46.659523,2026-07-03T18:09:46.663557+00:00,109.4,3,ask,,,6044103
2026-07-03T18:09:50.356644,2026-07-03T18:09:50.358605+00:00,109.3,200,ask,,,6044149
2026-07-03T18:09:53.354689,2026-07-03T18:09:53.358586+00:00,109.4,20,bid,,,6044185
2026-07-03T18:09:57.620662,2026-07-03T18:09:57.640112+00:00,109.2,200,ask,,,6044232
2026-07-03T18:09:57.689399,2026-07-03T18:09:57.700869+00:00,109.2,20,ask,,,6044234
2026-07-03T18:09:59.666433,2026-07-03T18:09:59.682502+00:00,109.1,200,ask,,,6044260
2026-07-03T18:10:00.038506,2026-07-03T18:10:00.045811+00:00,109.1,200,bid,,,6044267
2026-07-03T18:10:02.283645,2026-07-03T18:10:02.321868+00:00,109.3,200,bid,,,6044297
2026-07-03T18:10:10.159891,2026-07-03T18:10:10.161514+00:00,109.3,200,bid,,,6044411
2026-07-03T18:10:10.176891,2026-07-03T18:10:10.180550+00:00,109.4,3,ask,,,6044413
2026-07-03T18:10:11.889066,2026-07-03T18:10:11.893305+00:00,109.5,3,bid,,,6044437
2026-07-03T18:10:12.125170,2026-07-03T18:10:12.168663+00:00,109.4,200,ask,,,6044441
2026-07-03T18:10:13.084432,2026-07-03T18:10:13.090947+00:00,109.3,20,ask,,,6044459
2026-07-03T18:10:14.094073,2026-07-03T18:10:14.113798+00:00,109.4,200,ask,,,6044474
2026-07-03T18:10:17.000570,2026-07-03T18:10:17.004399+00:00,109.5,3,ask,,,6044514
2026-07-03T18:10:19.392479,2026-07-03T18:10:19.401838+00:00,109.4,200,ask,,,6044545
2026-07-03T18:10:20.688187,2026-07-03T18:10:20.706171+00:00,109.4,200,ask,,,6044558
2026-07-03T18:10:20.702348,2026-07-03T18:10:20.706171+00:00,109.4,3,bid,,,6044560
2026-07-03T18:10:21.996941,2026-07-03T18:10:22.003742+00:00,109.4,200,bid,,,6044580
2026-07-03T18:10:22.596972,2026-07-03T18:10:22.599645+00:00,109.4,20,ask,,,6044588
2026-07-03T18:10:23.019239,2026-07-03T18:10:23.039426+00:00,109.4,200,ask,,,6044593
2026-07-03T18:10:24.227505,2026-07-03T18:10:24.258606+00:00,109.4,200,bid,,,6044607
2026-07-03T18:10:25.957082,2026-07-03T18:10:25.968750+00:00,109.6,200,bid,,,6044627
2026-07-03T18:10:26.530679,2026-07-03T18:10:26.534569+00:00,109.7,3,ask,,,6044636
2026-07-03T18:10:27.269904,2026-07-03T18:10:27.279579+00:00,109.8,200,bid,,,6044646
2026-07-03T18:10:27.269904,2026-07-03T18:10:27.279579+00:00,109.8,425,bid,,,6044647
2026-07-03T18:10:29.056524,2026-07-03T18:10:29.069021+00:00,109.7,200,bid,,,6044672
2026-07-03T18:10:30.919383,2026-07-03T18:10:30.923628+00:00,109.5,34,ask,,,6044696
2026-07-03T18:10:35.103327,2026-07-03T18:10:35.128616+00:00,109.5,200,bid,,,6044757
2026-07-03T18:10:37.188843,2026-07-03T18:10:37.192556+00:00,109.5,23,bid,,,6044782
2026-07-03T18:10:37.545694,2026-07-03T18:10:37.549644+00:00,109.4,11,bid,,,6044787
2026-07-03T18:10:37.751847,2026-07-03T18:10:37.759999+00:00,109.4,189,bid,,,6044788
2026-07-03T18:10:41.153013,2026-07-03T18:10:41.156756+00:00,109.4,200,bid,,,6044842
2026-07-03T18:10:42.991025,2026-07-03T18:10:43.000418+00:00,109.3,200,ask,,,6044868
2026-07-03T18:10:43.585846,2026-07-03T18:10:43.619768+00:00,109.3,200,bid,,,6044876
2026-07-03T18:10:44.798346,2026-07-03T18:10:44.804832+00:00,109.4,200,ask,,,6044895
2026-07-03T18:10:45.070582,2026-07-03T18:10:45.082228+00:00,109.4,20,ask,,,6044898
2026-07-03T18:10:46.749371,2026-07-03T18:10:46.753485+00:00,109.5,3,bid,,,6044924
2026-07-03T18:10:46.936470,2026-07-03T18:10:46.946181+00:00,109.5,197,bid,,,6044925
2026-07-03T18:10:49.050363,2026-07-03T18:10:49.063665+00:00,109.6,20,bid,,,6044957
2026-07-03T18:10:52.182399,2026-07-03T18:10:52.192544+00:00,109.5,200,bid,,,6044992
2026-07-03T18:10:53.269303,2026-07-03T18:10:53.280691+00:00,109.5,200,ask,,,6045005
2026-07-03T18:10:54.808738,2026-07-03T18:10:54.824326+00:00,109.5,200,ask,,,6045025
2026-07-03T18:10:55.682437,2026-07-03T18:10:55.691179+00:00,109.4,200,bid,,,6045037
2026-07-03T18:10:56.583757,2026-07-03T18:10:56.608583+00:00,109.6,20,bid,,,6045054
2026-07-03T18:11:00.053480,2026-07-03T18:11:00.069091+00:00,109.4,200,bid,,,6045108
2026-07-03T18:11:01.167195,2026-07-03T18:11:01.178491+00:00,109.4,20,ask,,,6045123
2026-07-03T18:11:06.993659,2026-07-03T18:11:07.000012+00:00,109.3,20,ask,,,6045209
2026-07-03T18:11:07.928245,2026-07-03T18:11:07.937320+00:00,109.4,200,bid,,,6045220
2026-07-03T18:11:09.011452,2026-07-03T18:11:09.017670+00:00,109.4,200,ask,,,6045228
2026-07-03T18:11:09.243904,2026-07-03T18:11:09.252527+00:00,109.4,500,ask,,,6045231
2026-07-03T18:11:10.218539,2026-07-03T18:11:10.254916+00:00,109.4,125,bid,,,6045247
2026-07-03T18:11:10.555254,2026-07-03T18:11:10.564819+00:00,109.5,75,ask,,,6045255
2026-07-03T18:11:11.428805,2026-07-03T18:11:11.436056+00:00,109.4,200,ask,,,6045266
2026-07-03T18:11:14.030742,2026-07-03T18:11:14.038188+00:00,109.5,20,bid,,,6045293
2026-07-03T18:11:14.408221,2026-07-03T18:11:14.415710+00:00,109.5,500,bid,,,6045298
2026-07-03T18:11:14.482904,2026-07-03T18:11:14.494620+00:00,109.6,200,bid,,,6045301
2026-07-03T18:11:14.513058,2026-07-03T18:11:14.516778+00:00,109.6,3,ask,,,6045305
2026-07-03T18:11:15.060575,2026-07-03T18:11:15.095092+00:00,109.6,200,ask,,,6045311
2026-07-03T18:11:15.796226,2026-07-03T18:11:15.806099+00:00,109.5,500,ask,,,6045321
2026-07-03T18:11:15.796226,2026-07-03T18:11:15.806099+00:00,109.4,125,ask,,,6045322
2026-07-03T18:11:17.014164,2026-07-03T18:11:17.026008+00:00,109.6,20,bid,,,6045340
2026-07-03T18:11:19.863670,2026-07-03T18:11:19.891058+00:00,109.6,200,bid,,,6045373
2026-07-03T18:11:20.467450,2026-07-03T18:11:20.474448+00:00,109.7,500,bid,,,6045379
2026-07-03T18:11:21.041153,2026-07-03T18:11:21.058408+00:00,109.8,200,bid,,,6045387
2026-07-03T18:11:21.100306,2026-07-03T18:11:21.106717+00:00,109.8,200,ask,,,6045391
2026-07-03T18:11:23.509111,2026-07-03T18:11:23.513578+00:00,110.1,3,bid,,,6045424
2026-07-03T18:11:23.664347,2026-07-03T18:11:23.671928+00:00,110.0,200,ask,,,6045427
2026-07-03T18:11:24.737358,2026-07-03T18:11:24.747199+00:00,110.0,200,bid,,,6045439
2026-07-03T18:11:24.976510,2026-07-03T18:11:24.984280+00:00,110.1,500,bid,,,6045444
2026-07-03T18:11:25.321021,2026-07-03T18:11:25.330068+00:00,110.1,125,ask,,,6045454
2026-07-03T18:11:27.161520,2026-07-03T18:11:27.190678+00:00,110.0,200,bid,,,6045482
2026-07-03T18:11:31.532751,2026-07-03T18:11:31.558611+00:00,110.1,200,ask,,,6045535
2026-07-03T18:11:32.765417,2026-07-03T18:11:32.787228+00:00,110.1,20,bid,,,6045555
2026-07-03T18:11:34.431915,2026-07-03T18:11:34.436403+00:00,110.1,200,ask,,,6045579
2026-07-03T18:11:38.056850,2026-07-03T18:11:38.065741+00:00,110.2,200,bid,,,6045629
2026-07-03T18:11:39.390899,2026-07-03T18:11:39.401048+00:00,110.3,200,bid,,,6045643
2026-07-03T18:11:39.407669,2026-07-03T18:11:39.411707+00:00,110.3,3,ask,,,6045645
2026-07-03T18:11:44.114457,2026-07-03T18:11:44.116511+00:00,110.4,200,bid,,,6045699
2026-07-03T18:11:46.539577,2026-07-03T18:11:46.548462+00:00,110.3,200,ask,,,6045725
2026-07-03T18:11:50.161786,2026-07-03T18:11:50.168865+00:00,110.4,200,ask,,,6045766
2026-07-03T18:11:50.201313,2026-07-03T18:11:50.222996+00:00,110.6,20,bid,,,6045767
2026-07-03T18:11:53.214571,2026-07-03T18:11:53.218407+00:00,110.3,23,ask,,,6045814
2026-07-03T18:11:55.011868,2026-07-03T18:11:55.022034+00:00,110.2,200,ask,,,6045831
2026-07-03T18:11:57.398335,2026-07-03T18:11:57.417857+00:00,110.2,200,bid,,,6045858
2026-07-03T18:11:57.720435,2026-07-03T18:11:57.746027+00:00,110.3,200,bid,,,6045861
2026-07-03T18:11:58.635118,2026-07-03T18:11:58.638085+00:00,110.3,200,ask,,,6045876
2026-07-03T18:12:00.339624,2026-07-03T18:12:00.349381+00:00,110.2,500,ask,,,6045895
2026-07-03T18:12:00.339624,2026-07-03T18:12:00.349381+00:00,110.2,125,ask,,,6045896
2026-07-03T18:12:02.270366,2026-07-03T18:12:02.279358+00:00,110.4,200,bid,,,6045920
2026-07-03T18:12:03.419324,2026-07-03T18:12:03.426852+00:00,110.6,20,bid,,,6045940
2026-07-03T18:12:04.690164,2026-07-03T18:12:04.704244+00:00,110.3,200,ask,,,6045954
2026-07-03T18:12:05.136240,2026-07-03T18:12:05.153592+00:00,110.5,20,bid,,,6045958
2026-07-03T18:12:05.612799,2026-07-03T18:12:05.641431+00:00,110.3,500,ask,,,6045968
2026-07-03T18:12:05.627966,2026-07-03T18:12:05.641431+00:00,110.2,23,bid,,,6045971
2026-07-03T18:12:05.857511,2026-07-03T18:12:05.862240+00:00,110.2,102,bid,,,6045979
2026-07-03T18:12:08.323866,2026-07-03T18:12:08.332928+00:00,110.5,200,bid,,,6046010
2026-07-03T18:12:08.994970,2026-07-03T18:12:08.998802+00:00,110.5,3,bid,,,6046021
2026-07-03T18:12:09.175287,2026-07-03T18:12:09.181475+00:00,110.2,20,ask,,,6046023
2026-07-03T18:12:11.957294,2026-07-03T18:12:11.964030+00:00,110.3,200,ask,,,6046068
2026-07-03T18:12:15.400281,2026-07-03T18:12:15.422045+00:00,110.3,20,bid,,,6046121
2026-07-03T18:12:16.105233,2026-07-03T18:12:16.116855+00:00,110.3,200,bid,,,6046128
2026-07-03T18:12:17.994036,2026-07-03T18:12:18.029148+00:00,110.3,200,ask,,,6046149
2026-07-03T18:12:18.725698,2026-07-03T18:12:18.742752+00:00,110.1,500,ask,,,6046159
2026-07-03T18:12:19.192493,2026-07-03T18:12:19.267847+00:00,110.1,125,bid,,,6046161
2026-07-03T18:12:22.872695,2026-07-03T18:12:22.880572+00:00,110.2,200,ask,,,6046222
2026-07-03T18:12:24.077666,2026-07-03T18:12:24.088191+00:00,110.2,200,bid,,,6046241
2026-07-03T18:12:25.294121,2026-07-03T18:12:25.306009+00:00,110.2,200,bid,,,6046255
2026-07-03T18:12:26.747763,2026-07-03T18:12:26.751867+00:00,110.1,3,ask,,,6046271
2026-07-03T18:12:27.715990,2026-07-03T18:12:27.723062+00:00,110.2,200,bid,,,6046280
2026-07-03T18:12:27.928083,2026-07-03T18:12:27.931869+00:00,110.2,11,ask,,,6046286
2026-07-03T18:12:28.925744,2026-07-03T18:12:28.928192+00:00,110.2,200,ask,,,6046302
2026-07-03T18:12:32.556064,2026-07-03T18:12:32.558547+00:00,110.2,200,bid,,,6046347
2026-07-03T18:12:33.168714,2026-07-03T18:12:33.172204+00:00,110.3,12,ask,,,6046358
2026-07-03T18:12:33.767323,2026-07-03T18:12:33.774270+00:00,110.3,200,ask,,,6046367
2026-07-03T18:12:34.489752,2026-07-03T18:12:34.493531+00:00,110.4,12,bid,,,6046381
2026-07-03T18:12:35.996338,2026-07-03T18:12:36.004230+00:00,110.5,20,bid,,,6046404
2026-07-03T18:12:37.079287,2026-07-03T18:12:37.088960+00:00,110.4,200,ask,,,6046423
2026-07-03T18:12:37.393839,2026-07-03T18:12:37.404020+00:00,110.4,200,bid,,,6046428
2026-07-03T18:12:39.696628,2026-07-03T18:12:39.708748+00:00,110.3,200,ask,,,6046466
2026-07-03T18:12:42.240390,2026-07-03T18:12:42.251494+00:00,110.2,200,ask,,,6046511
2026-07-03T18:12:42.546247,2026-07-03T18:12:42.549662+00:00,110.0,12,ask,,,6046517
2026-07-03T18:12:44.667625,2026-07-03T18:12:44.669993+00:00,110.2,200,bid,,,6046536
2026-07-03T18:12:44.945472,2026-07-03T18:12:44.949356+00:00,110.1,11,ask,,,6046545
2026-07-03T18:12:46.754839,2026-07-03T18:12:46.766365+00:00,110.2,20,bid,,,6046565
2026-07-03T18:12:49.226940,2026-07-03T18:12:49.233526+00:00,110.1,20,ask,,,6046601
2026-07-03T18:12:50.729671,2026-07-03T18:12:50.736370+00:00,110.2,200,bid,,,6046616
2026-07-03T18:12:51.941446,2026-07-03T18:12:51.964210+00:00,110.2,200,ask,,,6046634
2026-07-03T18:12:52.829927,2026-07-03T18:12:52.833652+00:00,110.1,11,bid,,,6046647
2026-07-03T18:12:53.149361,2026-07-03T18:12:53.154024+00:00,110.1,200,bid,,,6046651
2026-07-03T18:12:54.356666,2026-07-03T18:12:54.366505+00:00,110.1,200,bid,,,6046666
2026-07-03T18:12:55.566721,2026-07-03T18:12:55.575418+00:00,110.1,200,ask,,,6046678
2026-07-03T18:12:56.763175,2026-07-03T18:12:56.774047+00:00,110.1,425,ask,,,6046695
2026-07-03T18:12:59.549708,2026-07-03T18:12:59.553832+00:00,109.9,12,bid,,,6046740
2026-07-03T18:13:00.719611,2026-07-03T18:13:00.726204+00:00,109.7,200,ask,,,6046757
2026-07-03T18:13:00.739929,2026-07-03T18:13:00.744369+00:00,109.7,14,bid,,,6046759
2026-07-03T18:13:02.755905,2026-07-03T18:13:02.759931+00:00,109.7,14,ask,,,6046801
2026-07-03T18:13:02.839873,2026-07-03T18:13:02.843872+00:00,109.7,200,ask,,,6046803
2026-07-03T18:13:03.536934,2026-07-03T18:13:03.558606+00:00,109.7,20,bid,,,6046814
2026-07-03T18:13:05.973643,2026-07-03T18:13:05.982968+00:00,109.7,200,ask,,,6046850
2026-07-03T18:13:06.461962,2026-07-03T18:13:06.495764+00:00,109.6,200,bid,,,6046854
2026-07-03T18:13:11.870035,2026-07-03T18:13:11.878605+00:00,109.7,500,bid,,,6046912
2026-07-03T18:13:12.190652,2026-07-03T18:13:12.194553+00:00,109.7,11,bid,,,6046919
2026-07-03T18:13:13.711471,2026-07-03T18:13:13.722766+00:00,109.7,200,bid,,,6046937
2026-07-03T18:13:13.727423,2026-07-03T18:13:13.738600+00:00,109.7,20,ask,,,6046939
2026-07-03T18:13:13.753613,2026-07-03T18:13:13.780639+00:00,109.7,200,ask,,,6046942
2026-07-03T18:13:13.829533,2026-07-03T18:13:13.855309+00:00,109.7,80,ask,,,6046943
2026-07-03T18:13:13.865639,2026-07-03T18:13:13.869705+00:00,109.6,3,bid,,,6046946
2026-07-03T18:13:14.307900,2026-07-03T18:13:14.358540+00:00,109.6,500,bid,,,6046951
2026-07-03T18:13:14.414462,2026-07-03T18:13:14.422917+00:00,109.4,20,ask,,,6046954
2026-07-03T18:13:14.910441,2026-07-03T18:13:14.919322+00:00,109.6,42,bid,,,6046960
2026-07-03T18:13:14.961419,2026-07-03T18:13:14.985493+00:00,109.6,200,ask,,,6046964
2026-07-03T18:13:15.164515,2026-07-03T18:13:15.168292+00:00,109.8,3,ask,,,6046969
2026-07-03T18:13:16.170024,2026-07-03T18:13:16.185540+00:00,109.8,200,ask,,,6046982
2026-07-03T18:13:16.472629,2026-07-03T18:13:16.476505+00:00,109.8,3,bid,,,6046989
2026-07-03T18:13:17.055887,2026-07-03T18:13:17.054043+00:00,109.8,20,bid,,,6046995
2026-07-03T18:13:17.376650,2026-07-03T18:13:17.383031+00:00,109.8,200,bid,,,6047001
2026-07-03T18:13:20.975326,2026-07-03T18:13:21.023517+00:00,109.8,500,bid,,,6047039
2026-07-03T18:13:21.006449,2026-07-03T18:13:21.029222+00:00,109.8,125,bid,,,6047043
2026-07-03T18:13:21.711762,2026-07-03T18:13:21.735968+00:00,110.0,200,bid,,,6047050
2026-07-03T18:13:24.642480,2026-07-03T18:13:24.650260+00:00,110.0,200,ask,,,6047093
2026-07-03T18:13:28.269375,2026-07-03T18:13:28.283660+00:00,110.0,200,bid,,,6047147
2026-07-03T18:13:29.476588,2026-07-03T18:13:29.501973+00:00,110.0,200,bid,,,6047163
2026-07-03T18:13:29.570123,2026-07-03T18:13:29.594868+00:00,110.2,200,bid,,,6047164
2026-07-03T18:13:32.188238,2026-07-03T18:13:32.195883+00:00,110.2,200,bid,,,6047201
2026-07-03T18:13:33.497254,2026-07-03T18:13:33.504141+00:00,110.3,200,ask,,,6047214
2026-07-03T18:13:34.805616,2026-07-03T18:13:34.831563+00:00,110.2,200,ask,,,6047229
2026-07-03T18:13:36.123588,2026-07-03T18:13:36.132228+00:00,110.2,200,bid,,,6047246
2026-07-03T18:13:37.440004,2026-07-03T18:13:37.448830+00:00,110.2,200,ask,,,6047257
2026-07-03T18:13:37.930569,2026-07-03T18:13:37.958745+00:00,110.2,425,bid,,,6047262
2026-07-03T18:13:38.746080,2026-07-03T18:13:38.768383+00:00,110.3,200,bid,,,6047277
2026-07-03T18:13:38.764446,2026-07-03T18:13:38.768383+00:00,110.3,3,ask,,,6047279
2026-07-03T18:13:39.501477,2026-07-03T18:13:39.505496+00:00,110.3,11,ask,,,6047292
2026-07-03T18:13:40.057220,2026-07-03T18:13:40.068747+00:00,110.2,200,ask,,,6047304
2026-07-03T18:13:40.366951,2026-07-03T18:13:40.401182+00:00,110.2,200,bid,,,6047309
2026-07-03T18:13:41.385869,2026-07-03T18:13:41.389828+00:00,110.3,12,ask,,,6047328
2026-07-03T18:13:44.091965,2026-07-03T18:13:44.103694+00:00,110.5,20,bid,,,6047363
2026-07-03T18:13:45.855999,2026-07-03T18:13:45.859963+00:00,110.4,11,ask,,,6047388
2026-07-03T18:13:46.580088,2026-07-03T18:13:46.589123+00:00,110.4,20,ask,,,6047395
2026-07-03T18:13:47.154049,2026-07-03T18:13:47.158234+00:00,110.6,20,bid,,,6047409
2026-07-03T18:13:48.838924,2026-07-03T18:13:48.857179+00:00,110.4,200,ask,,,6047430
2026-07-03T18:13:55.143576,2026-07-03T18:13:55.153785+00:00,110.4,20,ask,,,6047502
2026-07-03T18:13:57.333168,2026-07-03T18:13:57.352693+00:00,110.6,200,bid,,,6047530
2026-07-03T18:13:59.181613,2026-07-03T18:13:59.187814+00:00,110.4,20,ask,,,6047554
2026-07-03T18:13:59.715477,2026-07-03T18:13:59.759591+00:00,110.4,180,ask,,,6047561
2026-07-03T18:13:59.756066,2026-07-03T18:13:59.759591+00:00,110.4,11,bid,,,6047565
2026-07-03T18:14:01.023538,2026-07-03T18:14:01.030567+00:00,110.5,200,bid,,,6047579
2026-07-03T18:14:02.341456,2026-07-03T18:14:02.361233+00:00,110.5,200,ask,,,6047597
2026-07-03T18:14:02.383342,2026-07-03T18:14:02.387580+00:00,110.4,12,bid,,,6047601
2026-07-03T18:14:03.202628,2026-07-03T18:14:03.214313+00:00,110.4,20,bid,,,6047612
2026-07-03T18:14:03.386465,2026-07-03T18:14:03.416289+00:00,110.4,200,bid,,,6047615
2026-07-03T18:14:05.338692,2026-07-03T18:14:05.345441+00:00,110.4,20,ask,,,6047637
2026-07-03T18:14:07.017455,2026-07-03T18:14:07.058536+00:00,110.4,200,ask,,,6047664
2026-07-03T18:14:09.731408,2026-07-03T18:14:09.753608+00:00,110.5,20,bid,,,6047697
2026-07-03T18:14:10.194066,2026-07-03T18:14:10.220224+00:00,110.4,200,ask,,,6047704
2026-07-03T18:14:10.665593,2026-07-03T18:14:10.669356+00:00,110.3,11,bid,,,6047710
2026-07-03T18:14:11.501360,2026-07-03T18:14:11.512122+00:00,110.3,189,bid,,,6047720
2026-07-03T18:14:11.841056,2026-07-03T18:14:11.851289+00:00,110.4,200,ask,,,6047722
2026-07-03T18:14:15.474973,2026-07-03T18:14:15.506340+00:00,110.3,200,bid,,,6047771
2026-07-03T18:14:16.129546,2026-07-03T18:14:16.140779+00:00,110.3,20,bid,,,6047782
2026-07-03T18:14:17.903200,2026-07-03T18:14:17.911632+00:00,110.3,200,bid,,,6047804
2026-07-03T18:14:18.168201,2026-07-03T18:14:18.188120+00:00,110.1,20,ask,,,6047808
2026-07-03T18:14:19.110621,2026-07-03T18:14:19.116162+00:00,110.3,200,bid,,,6047820
2026-07-03T18:14:22.750351,2026-07-03T18:14:22.753354+00:00,110.5,200,bid,,,6047882
2026-07-03T18:14:23.974586,2026-07-03T18:14:24.011515+00:00,110.5,200,ask,,,6047895
2026-07-03T18:14:25.950178,2026-07-03T18:14:25.958550+00:00,110.5,200,ask,,,6047918
2026-07-03T18:14:27.154830,2026-07-03T18:14:27.166318+00:00,110.4,20,ask,,,6047931
2026-07-03T18:14:29.893317,2026-07-03T18:14:29.897263+00:00,110.6,11,ask,,,6047960
2026-07-03T18:14:33.641128,2026-07-03T18:14:33.658036+00:00,110.8,20,bid,,,6048009
2026-07-03T18:14:34.863761,2026-07-03T18:14:34.871398+00:00,110.8,200,bid,,,6048025
2026-07-03T18:14:35.466430,2026-07-03T18:14:35.477837+00:00,110.7,20,ask,,,6048031
2026-07-03T18:14:36.028128,2026-07-03T18:14:36.052206+00:00,110.7,500,ask,,,6048034
2026-07-03T18:14:36.436798,2026-07-03T18:14:36.446860+00:00,110.6,200,ask,,,6048039
2026-07-03T18:14:37.342968,2026-07-03T18:14:37.354906+00:00,110.5,20,ask,,,6048053
2026-07-03T18:14:37.649014,2026-07-03T18:14:37.653031+00:00,110.5,23,ask,,,6048057
2026-07-03T18:14:37.748487,2026-07-03T18:14:37.758744+00:00,110.5,157,ask,,,6048060
2026-07-03T18:14:39.635067,2026-07-03T18:14:39.638975+00:00,110.4,12,ask,,,6048092
2026-07-03T18:14:40.414450,2026-07-03T18:14:40.424499+00:00,110.4,200,ask,,,6048100
2026-07-03T18:14:40.907632,2026-07-03T18:14:40.918308+00:00,110.4,200,bid,,,6048109
2026-07-03T18:14:41.971731,2026-07-03T18:14:41.980534+00:00,110.4,20,ask,,,6048122
2026-07-03T18:14:43.043718,2026-07-03T18:14:43.063198+00:00,110.5,200,bid,,,6048131
2026-07-03T18:14:43.059472,2026-07-03T18:14:43.063198+00:00,110.5,11,ask,,,6048133
2026-07-03T18:14:43.292195,2026-07-03T18:14:43.301875+00:00,110.5,414,ask,,,6048135
2026-07-03T18:14:43.318684,2026-07-03T18:14:43.339809+00:00,110.5,86,bid,,,6048138
2026-07-03T18:14:43.335867,2026-07-03T18:14:43.339809+00:00,110.6,11,ask,,,6048140
2026-07-03T18:14:43.886189,2026-07-03T18:14:43.915690+00:00,110.6,103,ask,,,6048150
2026-07-03T18:14:43.967174,2026-07-03T18:14:43.970953+00:00,110.5,11,bid,,,6048155
2026-07-03T18:14:45.748191,2026-07-03T18:14:45.757187+00:00,110.5,200,bid,,,6048184
2026-07-03T18:14:46.986743,2026-07-03T18:14:46.992346+00:00,110.5,500,bid,,,6048199
2026-07-03T18:14:47.126604,2026-07-03T18:14:47.130581+00:00,110.5,23,ask,,,6048203
2026-07-03T18:14:47.525537,2026-07-03T18:14:47.534167+00:00,110.5,102,ask,,,6048207
2026-07-03T18:14:48.171257,2026-07-03T18:14:48.224363+00:00,110.5,200,bid,,,6048214
2026-07-03T18:14:49.379178,2026-07-03T18:14:49.389486+00:00,110.4,200,bid,,,6048228
2026-07-03T18:14:50.499576,2026-07-03T18:14:50.510841+00:00,110.5,20,bid,,,6048245
2026-07-03T18:14:50.591492,2026-07-03T18:14:50.600859+00:00,110.4,200,bid,,,6048251
2026-07-03T18:14:52.230826,2026-07-03T18:14:52.254909+00:00,110.4,500,bid,,,6048269
2026-07-03T18:14:52.230826,2026-07-03T18:14:52.254909+00:00,110.4,125,bid,,,6048270
2026-07-03T18:14:54.259474,2026-07-03T18:14:54.263585+00:00,110.3,12,bid,,,6048297
2026-07-03T18:14:56.645453,2026-07-03T18:14:56.694438+00:00,110.4,20,bid,,,6048327
2026-07-03T18:14:56.658477,2026-07-03T18:14:56.694438+00:00,110.4,200,bid,,,6048328
2026-07-03T18:14:59.645199,2026-07-03T18:14:59.658638+00:00,110.4,200,ask,,,6048362
2026-07-03T18:15:00.104157,2026-07-03T18:15:00.112111+00:00,110.4,300,bid,,,6048374
2026-07-03T18:15:00.241917,2026-07-03T18:15:00.249497+00:00,110.4,325,ask,,,6048376
2026-07-03T18:15:00.273112,2026-07-03T18:15:00.277898+00:00,110.3,11,bid,,,6048378
2026-07-03T18:15:00.298628,2026-07-03T18:15:00.340680+00:00,110.3,164,bid,,,6048379
2026-07-03T18:15:00.844448,2026-07-03T18:15:00.878809+00:00,110.4,36,ask,,,6048383
2026-07-03T18:15:01.470369,2026-07-03T18:15:01.474105+00:00,110.2,11,bid,,,6048395
2026-07-03T18:15:01.513529,2026-07-03T18:15:01.547548+00:00,110.2,200,bid,,,6048397
2026-07-03T18:15:02.723884,2026-07-03T18:15:02.754272+00:00,110.2,200,bid,,,6048413
2026-07-03T18:15:02.736313,2026-07-03T18:15:02.754272+00:00,110.2,300,bid,,,6048414
2026-07-03T18:15:03.293467,2026-07-03T18:15:03.305183+00:00,110.3,325,ask,,,6048425
2026-07-03T18:15:03.933797,2026-07-03T18:15:03.966914+00:00,110.3,200,bid,,,6048435
2026-07-03T18:15:04.066149,2026-07-03T18:15:04.069809+00:00,110.1,12,bid,,,6048437
2026-07-03T18:15:04.880990,2026-07-03T18:15:04.892623+00:00,109.9,20,ask,,,6048444
2026-07-03T18:15:05.141741,2026-07-03T18:15:05.158621+00:00,110.1,200,bid,,,6048451
2026-07-03T18:15:07.561545,2026-07-03T18:15:07.569813+00:00,110.1,200,ask,,,6048498
2026-07-03T18:15:07.598270,2026-07-03T18:15:07.625283+00:00,110.1,20,ask,,,6048499
2026-07-03T18:15:08.785395,2026-07-03T18:15:08.806873+00:00,110.1,200,ask,,,6048517
2026-07-03T18:15:09.237301,2026-07-03T18:15:09.241448+00:00,110.2,23,bid,,,6048533
2026-07-03T18:15:09.352193,2026-07-03T18:15:09.358592+00:00,110.1,500,ask,,,6048535
2026-07-03T18:15:09.949064,2026-07-03T18:15:09.980718+00:00,110.1,125,ask,,,6048539
2026-07-03T18:15:09.976723,2026-07-03T18:15:09.980718+00:00,110.1,11,bid,,,6048545
2026-07-03T18:15:10.626848,2026-07-03T18:15:10.630776+00:00,110.0,3,bid,,,6048556
2026-07-03T18:15:12.439011,2026-07-03T18:15:12.442755+00:00,109.8,14,ask,,,6048576
2026-07-03T18:15:14.515210,2026-07-03T18:15:14.525363+00:00,109.8,200,ask,,,6048594
2026-07-03T18:15:14.834032,2026-07-03T18:15:14.843413+00:00,109.8,200,bid,,,6048598
2026-07-03T18:15:17.255558,2026-07-03T18:15:17.248495+00:00,109.7,200,ask,,,6048631
2026-07-03T18:15:22.368347,2026-07-03T18:15:22.371233+00:00,109.5,500,ask,,,6048691
2026-07-03T18:15:22.368347,2026-07-03T18:15:22.371233+00:00,109.5,125,ask,,,6048692
2026-07-03T18:15:22.389133,2026-07-03T18:15:22.393156+00:00,109.5,20,ask,,,6048693
2026-07-03T18:15:24.508254,2026-07-03T18:15:24.518109+00:00,109.6,200,ask,,,6048725
2026-07-03T18:15:24.931888,2026-07-03T18:15:24.943250+00:00,109.8,20,bid,,,6048727
2026-07-03T18:15:25.715967,2026-07-03T18:15:25.742360+00:00,109.8,200,ask,,,6048741
2026-07-03T18:15:26.925837,2026-07-03T18:15:26.933246+00:00,109.8,200,ask,,,6048757
2026-07-03T18:15:28.138564,2026-07-03T18:15:28.158648+00:00,109.8,200,ask,,,6048775
2026-07-03T18:15:28.193467,2026-07-03T18:15:28.197384+00:00,110.0,14,bid,,,6048778
2026-07-03T18:15:34.752522,2026-07-03T18:15:34.758742+00:00,109.6,200,bid,,,6048866
2026-07-03T18:15:35.497920,2026-07-03T18:15:35.500898+00:00,109.6,20,ask,,,6048876
2026-07-03T18:15:37.720463,2026-07-03T18:15:37.723913+00:00,109.7,3,bid,,,6048911
2026-07-03T18:15:37.772080,2026-07-03T18:15:37.780184+00:00,109.7,500,bid,,,6048914
2026-07-03T18:15:37.813534,2026-07-03T18:15:37.822375+00:00,109.7,122,bid,,,6048918
2026-07-03T18:15:38.763304,2026-07-03T18:15:38.770123+00:00,109.9,20,ask,,,6048924
2026-07-03T18:15:40.726384,2026-07-03T18:15:40.730188+00:00,110.0,200,ask,,,6048962
2026-07-03T18:15:41.460265,2026-07-03T18:15:41.470600+00:00,110.0,200,bid,,,6048970
2026-07-03T18:15:42.060219,2026-07-03T18:15:42.063631+00:00,110.1,3,ask,,,6048990
2026-07-03T18:15:42.672293,2026-07-03T18:15:42.696263+00:00,110.1,200,ask,,,6049002
2026-07-03T18:15:42.887985,2026-07-03T18:15:42.909781+00:00,110.2,20,bid,,,6049008
2026-07-03T18:15:44.653569,2026-07-03T18:15:44.661694+00:00,110.1,200,bid,,,6049034
2026-07-03T18:15:47.516046,2026-07-03T18:15:47.524927+00:00,110.2,200,ask,,,6049084
2026-07-03T18:15:52.367555,2026-07-03T18:15:52.377841+00:00,110.1,200,bid,,,6049149
2026-07-03T18:15:53.499727,2026-07-03T18:15:53.506450+00:00,109.8,20,ask,,,6049166
2026-07-03T18:15:55.178881,2026-07-03T18:15:55.187805+00:00,109.8,200,ask,,,6049181
2026-07-03T18:15:55.334654,2026-07-03T18:15:55.377078+00:00,109.7,425,bid,,,6049183
2026-07-03T18:15:56.081386,2026-07-03T18:15:56.088064+00:00,110.0,20,bid,,,6049200
2026-07-03T18:15:58.420750,2026-07-03T18:15:58.427167+00:00,109.8,200,ask,,,6049230
2026-07-03T18:15:58.803746,2026-07-03T18:15:58.815157+00:00,109.8,20,ask,,,6049234
2026-07-03T18:15:58.976793,2026-07-03T18:15:58.987976+00:00,109.9,500,bid,,,6049235
2026-07-03T18:15:59.632190,2026-07-03T18:15:59.642268+00:00,109.9,200,ask,,,6049244
2026-07-03T18:16:03.081826,2026-07-03T18:16:03.087464+00:00,109.9,200,ask,,,6049281
2026-07-03T18:16:04.331713,2026-07-03T18:16:04.343395+00:00,109.9,20,bid,,,6049294
2026-07-03T18:16:06.270963,2026-07-03T18:16:06.274698+00:00,109.9,3,ask,,,6049325
2026-07-03T18:16:09.270338,2026-07-03T18:16:09.323231+00:00,110.0,200,bid,,,6049363
2026-07-03T18:16:09.318967,2026-07-03T18:16:09.323231+00:00,110.0,11,ask,,,6049368
2026-07-03T18:16:09.454860,2026-07-03T18:16:09.458387+00:00,110.1,11,bid,,,6049375
2026-07-03T18:16:10.517410,2026-07-03T18:16:10.524313+00:00,110.1,200,bid,,,6049391
2026-07-03T18:16:11.728217,2026-07-03T18:16:11.731089+00:00,110.1,200,bid,,,6049411
2026-07-03T18:16:13.565130,2026-07-03T18:16:13.574355+00:00,110.1,200,ask,,,6049434
2026-07-03T18:16:15.359979,2026-07-03T18:16:15.379334+00:00,110.1,200,ask,,,6049455
2026-07-03T18:16:20.104419,2026-07-03T18:16:20.111106+00:00,110.4,200,bid,,,6049507
2026-07-03T18:16:20.161267,2026-07-03T18:16:20.187123+00:00,110.4,20,ask,,,6049508
2026-07-03T18:16:25.341230,2026-07-03T18:16:25.344753+00:00,110.5,200,ask,,,6049566
2026-07-03T18:16:26.247323,2026-07-03T18:16:26.253377+00:00,110.5,200,bid,,,6049578
2026-07-03T18:16:27.458371,2026-07-03T18:16:27.484591+00:00,110.6,200,bid,,,6049594
2026-07-03T18:16:28.667671,2026-07-03T18:16:28.675460+00:00,110.6,200,bid,,,6049611
2026-07-03T18:16:30.053192,2026-07-03T18:16:30.065083+00:00,110.6,20,bid,,,6049622
2026-07-03T18:16:31.889029,2026-07-03T18:16:31.900258+00:00,110.6,200,ask,,,6049656
2026-07-03T18:16:35.818482,2026-07-03T18:16:35.824910+00:00,110.5,200,ask,,,6049704
2026-07-03T18:16:35.835997,2026-07-03T18:16:35.839940+00:00,110.4,3,bid,,,6049706
2026-07-03T18:16:38.360834,2026-07-03T18:16:38.369741+00:00,110.4,200,bid,,,6049734
2026-07-03T18:16:38.454786,2026-07-03T18:16:38.458966+00:00,110.5,3,ask,,,6049740
2026-07-03T18:16:39.572392,2026-07-03T18:16:39.579551+00:00,110.5,200,ask,,,6049753
2026-07-03T18:16:40.780362,2026-07-03T18:16:40.782693+00:00,110.5,200,ask,,,6049767
2026-07-03T18:16:40.996990,2026-07-03T18:16:41.001006+00:00,110.7,3,bid,,,6049772
2026-07-03T18:16:41.954283,2026-07-03T18:16:41.974939+00:00,110.5,500,ask,,,6049782
2026-07-03T18:16:44.401868,2026-07-03T18:16:44.408698+00:00,110.5,200,ask,,,6049826
2026-07-03T18:16:45.616052,2026-07-03T18:16:45.649491+00:00,110.4,200,ask,,,6049842
2026-07-03T18:16:48.040901,2026-07-03T18:16:48.042361+00:00,110.4,200,bid,,,6049878
2026-07-03T18:16:50.458519,2026-07-03T18:16:50.469427+00:00,110.6,200,bid,,,6049910
2026-07-03T18:16:50.549403,2026-07-03T18:16:50.552812+00:00,110.6,26,bid,,,6049913
2026-07-03T18:16:50.893466,2026-07-03T18:16:50.918305+00:00,110.6,20,bid,,,6049916
2026-07-03T18:16:51.200328,2026-07-03T18:16:51.206434+00:00,110.5,20,ask,,,6049921
2026-07-03T18:16:51.564336,2026-07-03T18:16:51.568163+00:00,110.5,11,bid,,,6049926
2026-07-03T18:16:51.664545,2026-07-03T18:16:51.671948+00:00,110.5,200,bid,,,6049929
2026-07-03T18:16:52.875565,2026-07-03T18:16:52.896348+00:00,110.6,200,bid,,,6049955
2026-07-03T18:16:54.086536,2026-07-03T18:16:54.112888+00:00,110.6,200,bid,,,6049968
2026-07-03T18:16:54.196503,2026-07-03T18:16:54.201084+00:00,110.7,37,ask,,,6049972
2026-07-03T18:16:54.667264,2026-07-03T18:16:54.697385+00:00,110.7,500,ask,,,6049980
2026-07-03T18:16:55.259387,2026-07-03T18:16:55.295216+00:00,110.7,88,ask,,,6049988
2026-07-03T18:16:55.295767,2026-07-03T18:16:55.337242+00:00,110.7,200,bid,,,6049990
2026-07-03T18:16:56.820251,2026-07-03T18:16:56.823906+00:00,110.6,3,bid,,,6050023
2026-07-03T18:16:57.720450,2026-07-03T18:16:57.731880+00:00,110.6,200,bid,,,6050036
2026-07-03T18:16:58.114502,2026-07-03T18:16:58.115866+00:00,110.6,500,bid,,,6050040
2026-07-03T18:16:58.911844,2026-07-03T18:16:58.958568+00:00,110.6,125,ask,,,6050055
2026-07-03T18:16:58.931158,2026-07-03T18:16:58.958568+00:00,110.6,200,bid,,,6050056
2026-07-03T18:16:59.445043,2026-07-03T18:16:59.449030+00:00,110.4,23,bid,,,6050064
2026-07-03T18:17:00.143273,2026-07-03T18:17:00.151671+00:00,110.4,200,bid,,,6050073
2026-07-03T18:17:01.354274,2026-07-03T18:17:01.350394+00:00,110.5,200,bid,,,6050090
2026-07-03T18:17:03.357458,2026-07-03T18:17:03.358627+00:00,110.6,200,bid,,,6050123
2026-07-03T18:17:03.377243,2026-07-03T18:17:03.381526+00:00,110.6,12,ask,,,6050126
2026-07-03T18:17:04.674385,2026-07-03T18:17:04.686228+00:00,110.6,200,ask,,,6050138
2026-07-03T18:17:07.298173,2026-07-03T18:17:07.331097+00:00,110.3,200,ask,,,6050180
2026-07-03T18:17:07.394124,2026-07-03T18:17:07.415554+00:00,110.2,200,ask,,,6050184
2026-07-03T18:17:08.574713,2026-07-03T18:17:08.584306+00:00,110.3,425,bid,,,6050197
2026-07-03T18:17:08.601731,2026-07-03T18:17:08.621603+00:00,110.3,75,ask,,,6050198
2026-07-03T18:17:08.609239,2026-07-03T18:17:08.621603+00:00,110.2,125,bid,,,6050199
2026-07-03T18:17:09.160352,2026-07-03T18:17:09.203629+00:00,110.4,20,ask,,,6050209
2026-07-03T18:17:09.826692,2026-07-03T18:17:09.858611+00:00,110.4,200,ask,,,6050217
2026-07-03T18:17:11.059279,2026-07-03T18:17:11.063390+00:00,110.2,12,bid,,,6050237
2026-07-03T18:17:11.234602,2026-07-03T18:17:11.242597+00:00,110.2,188,bid,,,6050240
2026-07-03T18:17:14.668467,2026-07-03T18:17:14.675049+00:00,110.4,200,bid,,,6050291
2026-07-03T18:17:15.877450,2026-07-03T18:17:15.896294+00:00,110.3,200,bid,,,6050316
2026-07-03T18:17:17.111397,2026-07-03T18:17:17.115893+00:00,110.3,12,ask,,,6050331
2026-07-03T18:17:17.820500,2026-07-03T18:17:17.827046+00:00,110.3,188,ask,,,6050344
2026-07-03T18:17:19.511599,2026-07-03T18:17:19.512608+00:00,110.2,200,ask,,,6050370
2026-07-03T18:17:20.464849,2026-07-03T18:17:20.469199+00:00,110.1,12,bid,,,6050380
2026-07-03T18:17:22.205281,2026-07-03T18:17:22.208692+00:00,110.0,12,ask,,,6050405
2026-07-03T18:17:24.351259,2026-07-03T18:17:24.362266+00:00,110.0,200,ask,,,6050428
2026-07-03T18:17:25.559251,2026-07-03T18:17:25.569781+00:00,109.9,200,ask,,,6050440
2026-07-03T18:17:25.586086,2026-07-03T18:17:25.595661+00:00,110.0,20,bid,,,6050441
2026-07-03T18:17:26.766988,2026-07-03T18:17:26.770456+00:00,109.9,200,ask,,,6050454
2026-07-03T18:17:27.393066,2026-07-03T18:17:27.396760+00:00,109.9,11,ask,,,6050464
2026-07-03T18:17:28.290642,2026-07-03T18:17:28.297932+00:00,109.9,500,ask,,,6050473
2026-07-03T18:17:28.290642,2026-07-03T18:17:28.303156+00:00,109.9,125,ask,,,6050474
2026-07-03T18:17:29.598572,2026-07-03T18:17:29.618821+00:00,110.0,200,bid,,,6050501
2026-07-03T18:17:30.416969,2026-07-03T18:17:30.436610+00:00,110.1,200,ask,,,6050514
2026-07-03T18:17:31.383323,2026-07-03T18:17:31.402716+00:00,110.0,20,bid,,,6050529
2026-07-03T18:17:31.692162,2026-07-03T18:17:31.696399+00:00,109.9,3,ask,,,6050541
2026-07-03T18:17:32.420221,2026-07-03T18:17:32.431524+00:00,110.0,20,bid,,,6050551
2026-07-03T18:17:32.832988,2026-07-03T18:17:32.834540+00:00,109.9,200,ask,,,6050555
2026-07-03T18:17:34.039428,2026-07-03T18:17:34.058553+00:00,110.0,200,ask,,,6050572
2026-07-03T18:17:34.880770,2026-07-03T18:17:34.885298+00:00,109.9,14,bid,,,6050582
2026-07-03T18:17:35.222281,2026-07-03T18:17:35.231323+00:00,109.9,500,bid,,,6050584
2026-07-03T18:17:35.249486,2026-07-03T18:17:35.258558+00:00,109.7,200,ask,,,6050587
2026-07-03T18:17:36.456846,2026-07-03T18:17:36.468669+00:00,109.9,200,ask,,,6050607
2026-07-03T18:17:36.873723,2026-07-03T18:17:36.877466+00:00,109.9,14,ask,,,6050614
2026-07-03T18:17:37.664750,2026-07-03T18:17:37.676213+00:00,109.9,200,ask,,,6050620
2026-07-03T18:17:38.870931,2026-07-03T18:17:38.885823+00:00,109.9,200,ask,,,6050636
2026-07-03T18:17:40.072818,2026-07-03T18:17:40.102611+00:00,110.0,500,bid,,,6050656
2026-07-03T18:17:40.104810,2026-07-03T18:17:40.134158+00:00,109.9,200,bid,,,6050657
2026-07-03T18:17:41.300178,2026-07-03T18:17:41.306457+00:00,110.0,200,ask,,,6050667
2026-07-03T18:17:41.417712,2026-07-03T18:17:41.444284+00:00,110.0,500,ask,,,6050669
2026-07-03T18:17:41.417712,2026-07-03T18:17:41.444284+00:00,109.8,125,ask,,,6050670
2026-07-03T18:17:43.713579,2026-07-03T18:17:43.719990+00:00,110.1,200,bid,,,6050700
2026-07-03T18:17:43.790867,2026-07-03T18:17:43.802547+00:00,110.1,20,bid,,,6050702
2026-07-03T18:17:44.924652,2026-07-03T18:17:44.956553+00:00,110.1,200,ask,,,6050720
2026-07-03T18:17:45.364894,2026-07-03T18:17:45.369162+00:00,110.2,3,ask,,,6050728
2026-07-03T18:17:46.655185,2026-07-03T18:17:46.663843+00:00,110.3,200,bid,,,6050740
2026-07-03T18:17:48.390431,2026-07-03T18:17:48.400578+00:00,110.3,20,ask,,,6050758
2026-07-03T18:17:50.582306,2026-07-03T18:17:50.584070+00:00,110.2,200,ask,,,6050782
2026-07-03T18:17:51.890970,2026-07-03T18:17:51.914014+00:00,110.2,200,bid,,,6050802
2026-07-03T18:17:53.416943,2026-07-03T18:17:53.419723+00:00,110.4,200,bid,,,6050820
2026-07-03T18:17:57.139774,2026-07-03T18:17:57.171986+00:00,110.4,200,bid,,,6050878
2026-07-03T18:17:58.456833,2026-07-03T18:17:58.458537+00:00,110.4,200,ask,,,6050900
2026-07-03T18:17:59.043717,2026-07-03T18:17:59.047476+00:00,110.3,11,ask,,,6050918
2026-07-03T18:17:59.782560,2026-07-03T18:17:59.786375+00:00,110.4,12,ask,,,6050925
2026-07-03T18:18:00.696824,2026-07-03T18:18:00.700238+00:00,110.5,11,ask,,,6050933
2026-07-03T18:18:03.690585,2026-07-03T18:18:03.696920+00:00,110.5,200,bid,,,6050971
2026-07-03T18:18:05.514826,2026-07-03T18:18:05.521935+00:00,110.5,200,ask,,,6050999
2026-07-03T18:18:06.328806,2026-07-03T18:18:06.332922+00:00,110.5,23,bid,,,6051005
2026-07-03T18:18:07.296291,2026-07-03T18:18:07.310237+00:00,110.5,500,bid,,,6051016
2026-07-03T18:18:07.620004,2026-07-03T18:18:07.626528+00:00,110.6,200,bid,,,6051020
2026-07-03T18:18:07.937377,2026-07-03T18:18:07.958609+00:00,110.6,200,ask,,,6051026
2026-07-03T18:18:08.802062,2026-07-03T18:18:08.829131+00:00,110.8,20,bid,,,6051036
2026-07-03T18:18:08.930845,2026-07-03T18:18:08.967846+00:00,110.4,200,ask,,,6051037
2026-07-03T18:18:08.930845,2026-07-03T18:18:08.967846+00:00,110.4,425,ask,,,6051038
2026-07-03T18:18:09.174964,2026-07-03T18:18:09.186064+00:00,110.5,20,bid,,,6051039
2026-07-03T18:18:09.182154,2026-07-03T18:18:09.186064+00:00,110.5,11,bid,,,6051041
2026-07-03T18:18:10.245774,2026-07-03T18:18:10.258578+00:00,110.5,169,bid,,,6051062
2026-07-03T18:18:10.358108,2026-07-03T18:18:10.390002+00:00,110.6,200,ask,,,6051065
2026-07-03T18:18:11.581882,2026-07-03T18:18:11.590532+00:00,110.5,200,ask,,,6051087
2026-07-03T18:18:12.747494,2026-07-03T18:18:12.756323+00:00,110.6,500,bid,,,6051101
2026-07-03T18:18:12.882962,2026-07-03T18:18:12.892505+00:00,110.6,200,bid,,,6051108
2026-07-03T18:18:13.401395,2026-07-03T18:18:13.424632+00:00,110.7,20,ask,,,6051114
2026-07-03T18:18:14.626757,2026-07-03T18:18:14.633532+00:00,110.7,20,ask,,,6051137
2026-07-03T18:18:18.840395,2026-07-03T18:18:18.847716+00:00,110.9,200,bid,,,6051192
2026-07-03T18:18:20.051205,2026-07-03T18:18:20.058641+00:00,110.8,200,ask,,,6051217
2026-07-03T18:18:21.926332,2026-07-03T18:18:21.938147+00:00,110.7,20,ask,,,6051245
2026-07-03T18:18:22.466189,2026-07-03T18:18:22.502984+00:00,110.7,200,ask,,,6051251
2026-07-03T18:18:25.494141,2026-07-03T18:18:25.497846+00:00,110.6,11,ask,,,6051279
2026-07-03T18:18:25.970744,2026-07-03T18:18:25.975594+00:00,110.6,189,ask,,,6051284
2026-07-03T18:18:27.297343,2026-07-03T18:18:27.305758+00:00,110.7,200,bid,,,6051298
2026-07-03T18:18:28.504947,2026-07-03T18:18:28.528702+00:00,110.7,200,bid,,,6051311
2026-07-03T18:18:33.348717,2026-07-03T18:18:33.356623+00:00,110.8,200,bid,,,6051369
2026-07-03T18:18:35.261648,2026-07-03T18:18:35.270346+00:00,110.7,20,ask,,,6051388
2026-07-03T18:18:37.015313,2026-07-03T18:18:37.018889+00:00,110.8,11,bid,,,6051414
2026-07-03T18:18:38.202739,2026-07-03T18:18:38.233117+00:00,110.7,200,ask,,,6051428
2026-07-03T18:18:38.207248,2026-07-03T18:18:38.233117+00:00,110.7,20,ask,,,6051429
2026-07-03T18:18:38.582592,2026-07-03T18:18:38.589187+00:00,110.7,20,ask,,,6051434
2026-07-03T18:18:39.109631,2026-07-03T18:18:39.113537+00:00,110.7,3,bid,,,6051442
2026-07-03T18:18:39.408428,2026-07-03T18:18:39.411451+00:00,110.7,200,bid,,,6051445
2026-07-03T18:18:40.616646,2026-07-03T18:18:40.623988+00:00,110.8,200,bid,,,6051459
2026-07-03T18:18:43.066951,2026-07-03T18:18:43.079600+00:00,111.0,200,bid,,,6051493
2026-07-03T18:18:44.325193,2026-07-03T18:18:44.331410+00:00,111.0,500,bid,,,6051508
2026-07-03T18:18:44.807865,2026-07-03T18:18:44.815342+00:00,111.0,125,ask,,,6051515
2026-07-03T18:18:48.251983,2026-07-03T18:18:48.254758+00:00,111.0,200,bid,,,6051573
2026-07-03T18:18:48.456610,2026-07-03T18:18:48.469122+00:00,111.0,425,ask,,,6051576
2026-07-03T18:18:50.880600,2026-07-03T18:18:50.902679+00:00,110.9,200,bid,,,6051614
2026-07-03T18:18:50.880600,2026-07-03T18:18:50.902679+00:00,110.9,425,bid,,,6051615
2026-07-03T18:18:51.882291,2026-07-03T18:18:51.888998+00:00,110.9,20,bid,,,6051632
2026-07-03T18:18:53.910121,2026-07-03T18:18:53.951152+00:00,110.7,200,ask,,,6051681
2026-07-03T18:18:53.910121,2026-07-03T18:18:53.951152+00:00,110.7,300,ask,,,6051682
2026-07-03T18:18:56.123892,2026-07-03T18:18:56.134093+00:00,110.7,200,ask,,,6051716
2026-07-03T18:18:56.372266,2026-07-03T18:18:56.395883+00:00,110.5,20,ask,,,6051724
2026-07-03T18:18:57.432675,2026-07-03T18:18:57.460591+00:00,110.7,200,bid,,,6051742
2026-07-03T18:19:00.098022,2026-07-03T18:19:00.156438+00:00,110.7,200,bid,,,6051793
2026-07-03T18:19:01.948419,2026-07-03T18:19:01.955125+00:00,110.8,20,bid,,,6051823
2026-07-03T18:19:03.632317,2026-07-03T18:19:03.643266+00:00,110.8,200,ask,,,6051839
2026-07-03T18:19:09.264353,2026-07-03T18:19:09.273558+00:00,110.6,200,ask,,,6051906
2026-07-03T18:19:09.726153,2026-07-03T18:19:09.737692+00:00,110.6,20,bid,,,6051913
2026-07-03T18:19:10.802219,2026-07-03T18:19:10.815001+00:00,110.5,20,ask,,,6051924
2026-07-03T18:19:12.067752,2026-07-03T18:19:12.075614+00:00,110.7,200,bid,,,6051938
2026-07-03T18:19:12.112643,2026-07-03T18:19:12.158630+00:00,110.7,200,ask,,,6051940
2026-07-03T18:19:13.191011,2026-07-03T18:19:13.199635+00:00,110.7,500,ask,,,6051958
2026-07-03T18:19:13.270782,2026-07-03T18:19:13.298669+00:00,110.6,125,bid,,,6051962
2026-07-03T18:19:13.320753,2026-07-03T18:19:13.348380+00:00,110.7,200,ask,,,6051965
2026-07-03T18:19:14.243546,2026-07-03T18:19:14.259060+00:00,110.6,20,ask,,,6051976
2026-07-03T18:19:14.536625,2026-07-03T18:19:14.558536+00:00,110.8,200,ask,,,6051987
2026-07-03T18:19:15.744311,2026-07-03T18:19:15.775366+00:00,110.8,200,ask,,,6052002
2026-07-03T18:19:15.820847,2026-07-03T18:19:15.852123+00:00,110.7,500,ask,,,6052004
2026-07-03T18:19:16.917219,2026-07-03T18:19:16.926965+00:00,110.7,125,bid,,,6052015
2026-07-03T18:19:16.951411,2026-07-03T18:19:16.958879+00:00,110.7,200,ask,,,6052018
2026-07-03T18:19:18.166128,2026-07-03T18:19:18.213479+00:00,110.8,200,ask,,,6052041
2026-07-03T18:19:19.329866,2026-07-03T18:19:19.339825+00:00,110.9,500,bid,,,6052054
2026-07-03T18:19:19.744551,2026-07-03T18:19:19.759149+00:00,110.9,200,bid,,,6052063
2026-07-03T18:19:22.465944,2026-07-03T18:19:22.469922+00:00,110.8,3,ask,,,6052103
2026-07-03T18:19:24.207531,2026-07-03T18:19:24.232141+00:00,110.8,200,ask,,,6052117
2026-07-03T18:19:26.629718,2026-07-03T18:19:26.651792+00:00,110.8,200,ask,,,6052134
2026-07-03T18:19:29.626866,2026-07-03T18:19:29.638048+00:00,110.9,500,bid,,,6052174
2026-07-03T18:19:29.677584,2026-07-03T18:19:29.683616+00:00,110.9,20,bid,,,6052175
2026-07-03T18:19:30.218895,2026-07-03T18:19:30.230074+00:00,110.9,105,bid,,,6052178
2026-07-03T18:19:30.286907,2026-07-03T18:19:30.321691+00:00,111.0,200,bid,,,6052180
2026-07-03T18:19:31.001199,2026-07-03T18:19:31.007472+00:00,111.0,20,ask,,,6052186
2026-07-03T18:19:32.678528,2026-07-03T18:19:32.701902+00:00,111.0,200,ask,,,6052209
2026-07-03T18:19:33.899769,2026-07-03T18:19:33.911182+00:00,110.9,20,ask,,,6052232
2026-07-03T18:19:35.107725,2026-07-03T18:19:35.124760+00:00,111.0,200,ask,,,6052243
2026-07-03T18:19:36.321129,2026-07-03T18:19:36.330292+00:00,111.0,200,ask,,,6052259
2026-07-03T18:19:38.745260,2026-07-03T18:19:38.754320+00:00,111.0,200,bid,,,6052286
2026-07-03T18:19:39.958927,2026-07-03T18:19:39.964358+00:00,111.0,200,ask,,,6052307
2026-07-03T18:19:40.508363,2026-07-03T18:19:40.527212+00:00,111.0,20,ask,,,6052312
2026-07-03T18:19:40.778781,2026-07-03T18:19:40.783006+00:00,110.9,3,bid,,,6052318
2026-07-03T18:19:42.382537,2026-07-03T18:19:42.407074+00:00,110.8,200,ask,,,6052347
2026-07-03T18:19:44.101857,2026-07-03T18:19:44.103217+00:00,110.8,20,ask,,,6052367
2026-07-03T18:19:45.688200,2026-07-03T18:19:45.694839+00:00,110.9,20,bid,,,6052388
2026-07-03T18:19:46.009635,2026-07-03T18:19:46.018690+00:00,110.8,500,ask,,,6052394
2026-07-03T18:19:46.541756,2026-07-03T18:19:46.564546+00:00,110.8,125,bid,,,6052401
2026-07-03T18:19:46.690705,2026-07-03T18:19:46.694477+00:00,110.8,14,ask,,,6052409
2026-07-03T18:19:47.333351,2026-07-03T18:19:47.337178+00:00,110.9,12,ask,,,6052415
2026-07-03T18:19:48.628904,2026-07-03T18:19:48.637134+00:00,111.0,200,bid,,,6052431
2026-07-03T18:19:48.644970,2026-07-03T18:19:48.649029+00:00,111.0,11,ask,,,6052433
2026-07-03T18:19:50.866317,2026-07-03T18:19:50.874657+00:00,111.1,200,bid,,,6052451
2026-07-03T18:19:52.075882,2026-07-03T18:19:52.083056+00:00,111.1,200,bid,,,6052464
2026-07-03T18:19:53.324045,2026-07-03T18:19:53.327610+00:00,111.2,12,ask,,,6052479
2026-07-03T18:19:56.500106,2026-07-03T18:19:56.535261+00:00,111.3,500,bid,,,6052515
2026-07-03T18:19:56.844770,2026-07-03T18:19:56.855089+00:00,111.3,125,ask,,,6052518
2026-07-03T18:20:04.349311,2026-07-03T18:20:04.355370+00:00,111.1,20,bid,,,6052614
2026-07-03T18:20:05.387010,2026-07-03T18:20:05.396068+00:00,111.0,200,bid,,,6052629
2026-07-03T18:20:09.869653,2026-07-03T18:20:09.880925+00:00,111.1,20,bid,,,6052696
2026-07-03T18:20:10.932631,2026-07-03T18:20:10.959714+00:00,111.0,200,ask,,,6052712
2026-07-03T18:20:10.932631,2026-07-03T18:20:10.959714+00:00,110.8,425,ask,,,6052713
2026-07-03T18:20:11.270671,2026-07-03T18:20:11.282351+00:00,111.3,20,bid,,,6052727
2026-07-03T18:20:13.015405,2026-07-03T18:20:13.019336+00:00,111.2,12,bid,,,6052752
2026-07-03T18:20:13.571971,2026-07-03T18:20:13.575733+00:00,111.1,11,bid,,,6052765
2026-07-03T18:20:16.165274,2026-07-03T18:20:16.174612+00:00,111.1,200,bid,,,6052800
2026-07-03T18:20:16.253921,2026-07-03T18:20:16.248499+00:00,111.1,200,ask,,,6052803
2026-07-03T18:20:17.478571,2026-07-03T18:20:17.485134+00:00,111.2,200,ask,,,6052821
2026-07-03T18:20:17.500479,2026-07-03T18:20:17.504338+00:00,110.9,12,bid,,,6052823
2026-07-03T18:20:18.040899,2026-07-03T18:20:18.047862+00:00,110.9,413,bid,,,6052829
2026-07-03T18:20:22.912428,2026-07-03T18:20:22.923784+00:00,111.2,20,bid,,,6052892
2026-07-03T18:20:23.524621,2026-07-03T18:20:23.531556+00:00,111.2,200,bid,,,6052898
2026-07-03T18:20:26.633150,2026-07-03T18:20:26.643665+00:00,111.3,200,bid,,,6052923
2026-07-03T18:20:27.154324,2026-07-03T18:20:27.152477+00:00,111.3,200,ask,,,6052928
2026-07-03T18:20:29.590095,2026-07-03T18:20:29.627106+00:00,111.1,200,ask,,,6052961
2026-07-03T18:20:33.246265,2026-07-03T18:20:33.250238+00:00,111.2,3,ask,,,6053012
2026-07-03T18:20:34.445196,2026-07-03T18:20:34.458616+00:00,111.3,200,bid,,,6053024
2026-07-03T18:20:39.279767,2026-07-03T18:20:39.288411+00:00,111.3,200,ask,,,6053078
2026-07-03T18:20:40.488631,2026-07-03T18:20:40.496682+00:00,111.3,200,ask,,,6053092
2026-07-03T18:20:42.900690,2026-07-03T18:20:42.917430+00:00,111.4,200,bid,,,6053122
2026-07-03T18:20:44.973410,2026-07-03T18:20:44.983995+00:00,111.3,200,ask,,,6053148
2026-07-03T18:20:46.014754,2026-07-03T18:20:46.021220+00:00,111.1,20,ask,,,6053171
2026-07-03T18:20:49.938640,2026-07-03T18:20:49.942243+00:00,111.1,9,ask,,,6053225
2026-07-03T18:20:50.723522,2026-07-03T18:20:50.750314+00:00,111.2,500,bid,,,6053233
2026-07-03T18:20:51.320789,2026-07-03T18:20:51.351358+00:00,111.2,125,bid,,,6053244
2026-07-03T18:20:51.347247,2026-07-03T18:20:51.351358+00:00,111.2,11,ask,,,6053246
2026-07-03T18:20:51.375909,2026-07-03T18:20:51.395096+00:00,111.2,200,ask,,,6053247
2026-07-03T18:20:51.559542,2026-07-03T18:20:51.563493+00:00,111.6,46,ask,,,6053250
2026-07-03T18:20:52.585454,2026-07-03T18:20:52.589599+00:00,111.6,200,ask,,,6053264
2026-07-03T18:20:54.145943,2026-07-03T18:20:54.150119+00:00,111.5,69,bid,,,6053283
2026-07-03T18:20:54.169902,2026-07-03T18:20:54.177893+00:00,111.5,131,bid,,,6053285
2026-07-03T18:20:55.000618,2026-07-03T18:20:55.011595+00:00,111.5,200,ask,,,6053292
2026-07-03T18:20:57.440024,2026-07-03T18:20:57.443990+00:00,111.6,12,ask,,,6053334
2026-07-03T18:20:59.413923,2026-07-03T18:20:59.432074+00:00,111.6,200,ask,,,6053360
2026-07-03T18:20:59.836818,2026-07-03T18:20:59.841841+00:00,111.5,200,bid,,,6053362
2026-07-03T18:21:00.736081,2026-07-03T18:21:00.739564+00:00,111.5,11,ask,,,6053378
2026-07-03T18:21:01.064623,2026-07-03T18:21:01.068560+00:00,111.6,12,ask,,,6053382
2026-07-03T18:21:03.130104,2026-07-03T18:21:03.136463+00:00,111.6,20,ask,,,6053407
2026-07-03T18:21:03.341707,2026-07-03T18:21:03.348893+00:00,111.7,200,bid,,,6053410
2026-07-03T18:21:03.370231,2026-07-03T18:21:03.374652+00:00,111.9,34,ask,,,6053413
2026-07-03T18:21:03.468359,2026-07-03T18:21:03.491781+00:00,111.9,200,ask,,,6053416
2026-07-03T18:21:03.682392,2026-07-03T18:21:03.686272+00:00,112.1,23,bid,,,6053424
2026-07-03T18:21:04.678803,2026-07-03T18:21:04.682664+00:00,112.0,11,bid,,,6053445
2026-07-03T18:21:06.018970,2026-07-03T18:21:06.048506+00:00,111.9,20,ask,,,6053462
2026-07-03T18:21:08.584127,2026-07-03T18:21:08.586246+00:00,111.8,200,ask,,,6053486
2026-07-03T18:21:08.882212,2026-07-03T18:21:08.892408+00:00,111.8,425,bid,,,6053490
2026-07-03T18:21:09.503439,2026-07-03T18:21:09.507374+00:00,111.9,11,ask,,,6053501
2026-07-03T18:21:09.515382,2026-07-03T18:21:09.523622+00:00,111.9,200,ask,,,6053502
2026-07-03T18:21:11.974193,2026-07-03T18:21:11.979341+00:00,112.0,11,ask,,,6053531
2026-07-03T18:21:12.371741,2026-07-03T18:21:12.384889+00:00,112.1,20,bid,,,6053533
2026-07-03T18:21:12.504921,2026-07-03T18:21:12.561162+00:00,112.2,200,bid,,,6053534
2026-07-03T18:21:12.556946,2026-07-03T18:21:12.561162+00:00,112.3,23,ask,,,6053539
2026-07-03T18:21:13.169564,2026-07-03T18:21:13.176605+00:00,112.3,200,ask,,,6053547
2026-07-03T18:21:14.374848,2026-07-03T18:21:14.405762+00:00,112.3,200,bid,,,6053562
2026-07-03T18:21:15.582328,2026-07-03T18:21:15.616153+00:00,112.4,200,bid,,,6053574
2026-07-03T18:21:16.429769,2026-07-03T18:21:16.436557+00:00,112.5,500,bid,,,6053584
2026-07-03T18:21:16.465722,2026-07-03T18:21:16.469840+00:00,112.5,6,ask,,,6053586
2026-07-03T18:21:16.741441,2026-07-03T18:21:16.754346+00:00,112.5,119,ask,,,6053589
2026-07-03T18:21:17.740775,2026-07-03T18:21:17.751419+00:00,112.4,200,ask,,,6053604
2026-07-03T18:21:17.928427,2026-07-03T18:21:17.958550+00:00,112.1,20,ask,,,6053607
2026-07-03T18:21:18.009834,2026-07-03T18:21:18.032660+00:00,112.3,200,bid,,,6053611
2026-07-03T18:21:18.835166,2026-07-03T18:21:18.846759+00:00,112.3,20,bid,,,6053625
2026-07-03T18:21:19.048860,2026-07-03T18:21:19.058594+00:00,112.5,500,bid,,,6053626
2026-07-03T18:21:19.181332,2026-07-03T18:21:19.190047+00:00,112.5,125,ask,,,6053628
2026-07-03T18:21:19.226168,2026-07-03T18:21:19.269563+00:00,112.5,200,bid,,,6053630
2026-07-03T18:21:20.433531,2026-07-03T18:21:20.458578+00:00,112.4,200,bid,,,6053643
2026-07-03T18:21:22.977417,2026-07-03T18:21:22.995912+00:00,112.4,200,ask,,,6053674
2026-07-03T18:21:23.554388,2026-07-03T18:21:23.555309+00:00,112.4,20,bid,,,6053685
2026-07-03T18:21:24.285328,2026-07-03T18:21:24.293291+00:00,112.4,200,bid,,,6053693
2026-07-03T18:21:25.278590,2026-07-03T18:21:25.280229+00:00,112.5,200,ask,,,6053708
2026-07-03T18:21:25.636538,2026-07-03T18:21:25.641305+00:00,112.3,6,bid,,,6053719
2026-07-03T18:21:31.297339,2026-07-03T18:21:31.326159+00:00,112.1,500,bid,,,6053792
2026-07-03T18:21:32.154638,2026-07-03T18:21:32.158974+00:00,112.1,6,ask,,,6053802
2026-07-03T18:21:36.070095,2026-07-03T18:21:36.087664+00:00,112.1,200,bid,,,6053856
2026-07-03T18:21:37.381790,2026-07-03T18:21:37.412460+00:00,112.1,200,ask,,,6053879
2026-07-03T18:21:37.402375,2026-07-03T18:21:37.412460+00:00,112.0,200,bid,,,6053881
2026-07-03T18:21:38.267578,2026-07-03T18:21:38.285456+00:00,112.0,20,bid,,,6053887
2026-07-03T18:21:39.827306,2026-07-03T18:21:39.858743+00:00,111.9,200,ask,,,6053907
2026-07-03T18:21:41.038902,2026-07-03T18:21:41.051436+00:00,111.9,200,ask,,,6053928
2026-07-03T18:21:41.310196,2026-07-03T18:21:41.316954+00:00,111.9,300,ask,,,6053932
2026-07-03T18:21:44.662745,2026-07-03T18:21:44.689569+00:00,111.8,200,ask,,,6053977
2026-07-03T18:21:45.870213,2026-07-03T18:21:45.896110+00:00,111.7,200,ask,,,6053992
2026-07-03T18:21:47.078581,2026-07-03T18:21:47.087038+00:00,111.7,200,ask,,,6054012
2026-07-03T18:21:48.263447,2026-07-03T18:21:48.280151+00:00,111.8,500,bid,,,6054026
2026-07-03T18:21:48.861616,2026-07-03T18:21:48.877263+00:00,111.7,200,bid,,,6054031
2026-07-03T18:21:48.861616,2026-07-03T18:21:48.877263+00:00,111.8,125,bid,,,6054032
2026-07-03T18:21:49.499563,2026-07-03T18:21:49.509885+00:00,112.0,200,ask,,,6054049
2026-07-03T18:21:50.707590,2026-07-03T18:21:50.716911+00:00,112.0,200,ask,,,6054058
2026-07-03T18:21:51.110773,2026-07-03T18:21:51.115296+00:00,112.2,6,bid,,,6054066
2026-07-03T18:21:51.920208,2026-07-03T18:21:51.970977+00:00,112.1,200,ask,,,6054074
2026-07-03T18:21:53.154446,2026-07-03T18:21:53.158493+00:00,112.1,11,bid,,,6054103
2026-07-03T18:21:55.558646,2026-07-03T18:21:55.575785+00:00,112.1,200,ask,,,6054141
2026-07-03T18:21:58.339207,2026-07-03T18:21:58.345188+00:00,112.2,200,ask,,,6054189
2026-07-03T18:22:00.701721,2026-07-03T18:22:00.705976+00:00,112.3,12,bid,,,6054225
2026-07-03T18:22:01.916236,2026-07-03T18:22:01.922968+00:00,112.3,20,ask,,,6054241
2026-07-03T18:22:02.832675,2026-07-03T18:22:02.858578+00:00,112.4,200,bid,,,6054258
2026-07-03T18:22:04.879317,2026-07-03T18:22:04.886148+00:00,112.4,200,ask,,,6054287
2026-07-03T18:22:04.897565,2026-07-03T18:22:04.901403+00:00,112.4,11,bid,,,6054289
2026-07-03T18:22:08.888952,2026-07-03T18:22:08.896227+00:00,112.3,200,bid,,,6054344
2026-07-03T18:22:10.098505,2026-07-03T18:22:10.106202+00:00,112.3,200,bid,,,6054361
2026-07-03T18:22:11.348992,2026-07-03T18:22:11.353537+00:00,112.4,11,bid,,,6054377
2026-07-03T18:22:13.308745,2026-07-03T18:22:13.313224+00:00,112.4,35,bid,,,6054400
2026-07-03T18:22:15.352552,2026-07-03T18:22:15.355442+00:00,112.4,200,bid,,,6054429
2026-07-03T18:22:17.986475,2026-07-03T18:22:17.995397+00:00,112.4,200,ask,,,6054458
2026-07-03T18:22:23.572639,2026-07-03T18:22:23.599598+00:00,112.5,20,ask,,,6054527
2026-07-03T18:22:27.148415,2026-07-03T18:22:27.156041+00:00,112.5,200,bid,,,6054572
2026-07-03T18:22:29.476301,2026-07-03T18:22:29.517190+00:00,112.6,200,bid,,,6054593
2026-07-03T18:22:31.905770,2026-07-03T18:22:31.909996+00:00,112.7,200,bid,,,6054625
2026-07-03T18:22:33.115688,2026-07-03T18:22:33.124077+00:00,112.7,200,bid,,,6054645
2026-07-03T18:22:34.348478,2026-07-03T18:22:34.356440+00:00,112.7,200,ask,,,6054658
2026-07-03T18:22:36.315343,2026-07-03T18:22:36.341903+00:00,112.7,200,ask,,,6054687
2026-07-03T18:22:36.348485,2026-07-03T18:22:36.352314+00:00,112.6,11,bid,,,6054689
2026-07-03T18:22:38.699192,2026-07-03T18:22:38.703209+00:00,112.6,3,bid,,,6054721
2026-07-03T18:22:40.409819,2026-07-03T18:22:40.421464+00:00,112.5,200,ask,,,6054747
2026-07-03T18:22:41.619701,2026-07-03T18:22:41.650275+00:00,112.4,200,ask,,,6054758
2026-07-03T18:22:42.831117,2026-07-03T18:22:42.856366+00:00,112.4,200,ask,,,6054778
2026-07-03T18:22:43.985513,2026-07-03T18:22:43.994441+00:00,112.5,500,bid,,,6054789
2026-07-03T18:22:44.182740,2026-07-03T18:22:44.192476+00:00,112.5,200,bid,,,6054797
2026-07-03T18:22:44.198534,2026-07-03T18:22:44.202156+00:00,112.7,14,ask,,,6054799
2026-07-03T18:22:45.244409,2026-07-03T18:22:45.256753+00:00,112.7,200,ask,,,6054822
2026-07-03T18:22:46.802621,2026-07-03T18:22:46.809093+00:00,112.6,200,ask,,,6054842
2026-07-03T18:22:47.603051,2026-07-03T18:22:47.609567+00:00,112.6,425,bid,,,6054856
2026-07-03T18:22:48.108420,2026-07-03T18:22:48.112575+00:00,112.7,200,bid,,,6054864
2026-07-03T18:22:48.181930,2026-07-03T18:22:48.225109+00:00,112.9,50,ask,,,6054868
2026-07-03T18:22:48.873933,2026-07-03T18:22:48.899893+00:00,112.9,200,ask,,,6054883
2026-07-03T18:22:50.079886,2026-07-03T18:22:50.091015+00:00,112.9,200,bid,,,6054899
2026-07-03T18:22:50.199181,2026-07-03T18:22:50.203304+00:00,112.9,15,bid,,,6054903
2026-07-03T18:22:51.288218,2026-07-03T18:22:51.293015+00:00,113.0,200,bid,,,6054915
2026-07-03T18:22:53.295932,2026-07-03T18:22:53.300130+00:00,113.2,23,bid,,,6054942
2026-07-03T18:22:54.465087,2026-07-03T18:22:54.469107+00:00,113.2,12,bid,,,6054967
2026-07-03T18:22:54.649913,2026-07-03T18:22:54.663883+00:00,113.2,188,bid,,,6054971
2026-07-03T18:22:54.649913,2026-07-03T18:22:54.663883+00:00,113.2,437,bid,,,6054972
2026-07-03T18:22:55.961672,2026-07-03T18:22:55.984045+00:00,113.1,200,ask,,,6054994
2026-07-03T18:22:55.995874,2026-07-03T18:22:55.999814+00:00,113.1,11,bid,,,6054997
2026-07-03T18:22:57.357338,2026-07-03T18:22:57.355765+00:00,113.1,200,ask,,,6055015
2026-07-03T18:22:59.750215,2026-07-03T18:22:59.769170+00:00,113.1,20,bid,,,6055045
2026-07-03T18:23:03.374527,2026-07-03T18:23:03.388310+00:00,113.1,500,ask,,,6055089
2026-07-03T18:23:03.842342,2026-07-03T18:23:03.846363+00:00,113.1,3,bid,,,6055092
2026-07-03T18:23:11.688705,2026-07-03T18:23:11.711777+00:00,113.0,200,bid,,,6055203
2026-07-03T18:23:12.440737,2026-07-03T18:23:12.448558+00:00,113.1,425,ask,,,6055217
2026-07-03T18:23:12.998032,2026-07-03T18:23:13.005678+00:00,113.0,200,ask,,,6055223
2026-07-03T18:23:13.112397,2026-07-03T18:23:13.123942+00:00,113.0,200,bid,,,6055226
2026-07-03T18:23:14.306339,2026-07-03T18:23:14.312522+00:00,113.1,500,bid,,,6055247
2026-07-03T18:23:14.321393,2026-07-03T18:23:14.325691+00:00,113.1,125,ask,,,6055248
2026-07-03T18:23:15.589972,2026-07-03T18:23:15.601563+00:00,112.9,20,ask,,,6055267
2026-07-03T18:23:19.821708,2026-07-03T18:23:19.825860+00:00,112.6,37,ask,,,6055307
2026-07-03T18:23:20.365602,2026-07-03T18:23:20.374489+00:00,112.7,200,bid,,,6055313
2026-07-03T18:23:20.867390,2026-07-03T18:23:20.870846+00:00,112.8,13,ask,,,6055321
2026-07-03T18:23:22.170954,2026-07-03T18:23:22.200767+00:00,112.9,200,bid,,,6055344
2026-07-03T18:23:22.985786,2026-07-03T18:23:22.989846+00:00,113.1,13,bid,,,6055356
2026-07-03T18:23:23.482329,2026-07-03T18:23:23.503829+00:00,112.9,200,ask,,,6055362
2026-07-03T18:23:23.515338,2026-07-03T18:23:23.519315+00:00,112.9,23,bid,,,6055364
2026-07-03T18:23:25.633466,2026-07-03T18:23:25.639647+00:00,112.9,20,bid,,,6055392
2026-07-03T18:23:26.165922,2026-07-03T18:23:26.170254+00:00,112.8,23,ask,,,6055399
2026-07-03T18:23:26.426521,2026-07-03T18:23:26.434365+00:00,112.8,200,ask,,,6055406
2026-07-03T18:23:27.608635,2026-07-03T18:23:27.613604+00:00,112.9,12,ask,,,6055420
2026-07-03T18:23:27.638390,2026-07-03T18:23:27.671422+00:00,112.9,200,ask,,,6055422
2026-07-03T18:23:28.716220,2026-07-03T18:23:28.724271+00:00,112.9,500,ask,,,6055434
2026-07-03T18:23:28.847226,2026-07-03T18:23:28.851812+00:00,112.9,125,bid,,,6055436
2026-07-03T18:23:30.061980,2026-07-03T18:23:30.089800+00:00,113.0,200,ask,,,6055446
2026-07-03T18:23:32.186856,2026-07-03T18:23:32.198734+00:00,113.0,20,ask,,,6055483
2026-07-03T18:23:34.226428,2026-07-03T18:23:34.231408+00:00,113.1,500,bid,,,6055509
2026-07-03T18:23:34.821882,2026-07-03T18:23:34.831060+00:00,113.1,125,bid,,,6055525
2026-07-03T18:23:35.260163,2026-07-03T18:23:35.273638+00:00,113.2,200,bid,,,6055535
2026-07-03T18:23:36.114387,2026-07-03T18:23:36.141368+00:00,113.2,200,ask,,,6055543
2026-07-03T18:23:36.509544,2026-07-03T18:23:36.530611+00:00,113.2,20,ask,,,6055550
2026-07-03T18:23:37.262834,2026-07-03T18:23:37.305382+00:00,113.3,500,bid,,,6055559
2026-07-03T18:23:37.859833,2026-07-03T18:23:37.922285+00:00,113.3,125,bid,,,6055568
2026-07-03T18:23:37.859833,2026-07-03T18:23:37.922285+00:00,113.3,200,bid,,,6055569
2026-07-03T18:23:38.526170,2026-07-03T18:23:38.534880+00:00,113.4,200,ask,,,6055586
2026-07-03T18:23:38.797640,2026-07-03T18:23:38.801280+00:00,113.6,23,bid,,,6055592
2026-07-03T18:23:39.219903,2026-07-03T18:23:39.224061+00:00,113.4,23,bid,,,6055602
2026-07-03T18:23:39.669969,2026-07-03T18:23:39.709137+00:00,113.4,500,bid,,,6055606
2026-07-03T18:23:40.268554,2026-07-03T18:23:40.277852+00:00,113.4,102,bid,,,6055614
2026-07-03T18:23:40.268554,2026-07-03T18:23:40.277852+00:00,113.4,200,bid,,,6055615
2026-07-03T18:23:40.939168,2026-07-03T18:23:40.947637+00:00,113.6,200,ask,,,6055630
2026-07-03T18:23:43.389617,2026-07-03T18:23:43.405494+00:00,113.6,200,bid,,,6055666
2026-07-03T18:23:44.596470,2026-07-03T18:23:44.622798+00:00,113.6,200,bid,,,6055680
2026-07-03T18:23:47.060300,2026-07-03T18:23:47.078580+00:00,113.6,200,ask,,,6055723
2026-07-03T18:23:47.074731,2026-07-03T18:23:47.078580+00:00,113.5,3,bid,,,6055725
2026-07-03T18:23:47.227639,2026-07-03T18:23:47.239230+00:00,113.5,20,bid,,,6055728
2026-07-03T18:23:48.219427,2026-07-03T18:23:48.229449+00:00,113.5,200,bid,,,6055744
2026-07-03T18:23:49.675835,2026-07-03T18:23:49.687056+00:00,113.6,200,ask,,,6055755
2026-07-03T18:23:50.267791,2026-07-03T18:23:50.277084+00:00,113.4,20,ask,,,6055766
