timestamp,recv_time,price,volume,aggressor_side,buyer,seller,trade_id
2026-07-04T03:00:00.718165,2026-07-04T03:00:00.723319+00:00,131.7,23,bid,Xuanyu Liu,AverageAlmonds,6490049
2026-07-04T03:00:01.042316,2026-07-04T03:00:01.058621+00:00,131.6,500,ask,YieldingYams,AverageAlmonds,6490050
2026-07-04T03:00:01.067323,2026-07-04T03:00:01.058621+00:00,131.6,125,ask,YieldingYams,WavyWalnuts,6490052
2026-07-04T03:00:01.100328,2026-07-04T03:00:01.103705+00:00,131.6,3,bid,Xuanyu Liu,WavyWalnuts,6490054
2026-07-04T03:00:03.005159,2026-07-04T03:00:03.016779+00:00,131.4,20,ask,WavyWalnuts,BrilliantBurritos,6490077
2026-07-04T03:00:04.091260,2026-07-04T03:00:04.102619+00:00,131.4,200,ask,WavyWalnuts,YieldingYams,6490093
2026-07-04T03:00:08.026410,2026-07-04T03:00:08.034079+00:00,131.3,200,ask,WavyWalnuts,YieldingYams,6490153
2026-07-04T03:00:09.305029,2026-07-04T03:00:09.317104+00:00,131.2,20,ask,WavyWalnuts,BrilliantBurritos,6490171
2026-07-04T03:00:12.582763,2026-07-04T03:00:12.592644+00:00,131.3,20,bid,BrilliantBurritos,AverageAlmonds,6490217
2026-07-04T03:00:13.150094,2026-07-04T03:00:13.158573+00:00,131.2,500,ask,YieldingYams,AverageAlmonds,6490225
2026-07-04T03:00:13.274408,2026-07-04T03:00:13.282397+00:00,131.2,200,ask,WavyWalnuts,YieldingYams,6490226
2026-07-04T03:00:13.994368,2026-07-04T03:00:14.001133+00:00,130.9,20,ask,YieldingYams,BrilliantBurritos,6490238
2026-07-04T03:00:14.389013,2026-07-04T03:00:14.396425+00:00,131.1,200,bid,WavyWalnuts,YieldingYams,6490244
2026-07-04T03:00:14.583506,2026-07-04T03:00:14.590403+00:00,131.1,500,bid,YieldingYams,AverageAlmonds,6490246
2026-07-04T03:00:14.955231,2026-07-04T03:00:14.954310+00:00,131.2,125,ask,YieldingYams,AverageAlmonds,6490249
2026-07-04T03:00:15.596370,2026-07-04T03:00:15.605799+00:00,131.0,200,bid,WavyWalnuts,AverageAlmonds,6490258
2026-07-04T03:00:15.893241,2026-07-04T03:00:15.900780+00:00,131.0,300,bid,YieldingYams,AverageAlmonds,6490263
2026-07-04T03:00:16.155723,2026-07-04T03:00:16.158561+00:00,131.1,325,ask,YieldingYams,AverageAlmonds,6490271
2026-07-04T03:00:16.807229,2026-07-04T03:00:16.815144+00:00,131.0,200,bid,WavyWalnuts,AverageAlmonds,6490282
2026-07-04T03:00:16.950619,2026-07-04T03:00:16.958615+00:00,131.0,20,bid,BrilliantBurritos,AverageAlmonds,6490287
2026-07-04T03:00:21.640690,2026-07-04T03:00:21.651230+00:00,130.8,200,ask,YieldingYams,WavyWalnuts,6490349
2026-07-04T03:00:25.292308,2026-07-04T03:00:25.301142+00:00,130.8,200,bid,WavyWalnuts,YieldingYams,6490393
2026-07-04T03:00:28.918043,2026-07-04T03:00:28.928910+00:00,130.8,200,bid,WavyWalnuts,YieldingYams,6490433
2026-07-04T03:00:32.560764,2026-07-04T03:00:32.569381+00:00,130.7,200,ask,YieldingYams,WavyWalnuts,6490483
2026-07-04T03:00:34.229470,2026-07-04T03:00:34.239267+00:00,130.7,200,bid,YieldingYams,WavyWalnuts,6490502
2026-07-04T03:00:34.974934,2026-07-04T03:00:34.982897+00:00,130.8,200,ask,YieldingYams,WavyWalnuts,6490514
2026-07-04T03:00:35.376328,2026-07-04T03:00:35.384032+00:00,131.0,20,bid,BrilliantBurritos,YieldingYams,6490521
2026-07-04T03:00:35.565530,2026-07-04T03:00:35.569169+00:00,130.7,26,bid,Xuanyu Liu,YieldingYams,6490527
2026-07-04T03:00:36.179744,2026-07-04T03:00:36.190919+00:00,130.7,200,bid,WavyWalnuts,YieldingYams,6490535
2026-07-04T03:00:38.654412,2026-07-04T03:00:38.658109+00:00,130.8,26,ask,WavyWalnuts,Xuanyu Liu,6490572
2026-07-04T03:00:39.485524,2026-07-04T03:00:39.492569+00:00,130.8,174,ask,WavyWalnuts,YieldingYams,6490581
2026-07-04T03:00:39.801265,2026-07-04T03:00:39.813073+00:00,130.8,200,bid,WavyWalnuts,YieldingYams,6490587
2026-07-04T03:00:44.927405,2026-07-04T03:00:44.931408+00:00,131.0,14,bid,Xuanyu Liu,WavyWalnuts,6490651
2026-07-04T03:00:45.869612,2026-07-04T03:00:45.880007+00:00,130.8,200,ask,YieldingYams,WavyWalnuts,6490663
2026-07-04T03:00:48.603296,2026-07-04T03:00:48.615201+00:00,131.0,20,bid,BrilliantBurritos,YieldingYams,6490700
2026-07-04T03:00:48.704653,2026-07-04T03:00:48.708903+00:00,130.9,12,bid,Xuanyu Liu,YieldingYams,6490702
2026-07-04T03:00:52.646329,2026-07-04T03:00:52.649775+00:00,130.8,12,ask,YieldingYams,Xuanyu Liu,6490752
2026-07-04T03:00:53.939936,2026-07-04T03:00:53.946794+00:00,130.9,200,bid,YieldingYams,WavyWalnuts,6490776
2026-07-04T03:00:53.959478,2026-07-04T03:00:53.963091+00:00,130.9,11,ask,YieldingYams,Xuanyu Liu,6490778
2026-07-04T03:00:55.347590,2026-07-04T03:00:55.358645+00:00,130.8,20,ask,WavyWalnuts,BrilliantBurritos,6490795
2026-07-04T03:00:57.881530,2026-07-04T03:00:57.890589+00:00,130.9,200,ask,WavyWalnuts,YieldingYams,6490835
2026-07-04T03:01:00.504336,2026-07-04T03:01:00.526580+00:00,130.8,200,ask,WavyWalnuts,YieldingYams,6490861
2026-07-04T03:01:00.522530,2026-07-04T03:01:00.526580+00:00,130.8,11,bid,Xuanyu Liu,YieldingYams,6490864
2026-07-04T03:01:00.806368,2026-07-04T03:01:00.809728+00:00,130.6,11,ask,YieldingYams,Xuanyu Liu,6490870
2026-07-04T03:01:01.827640,2026-07-04T03:01:01.831033+00:00,130.8,3,ask,YieldingYams,Xuanyu Liu,6490883
2026-07-04T03:01:02.459438,2026-07-04T03:01:02.470927+00:00,130.8,20,ask,YieldingYams,BrilliantBurritos,6490892
2026-07-04T03:01:02.818315,2026-07-04T03:01:02.826231+00:00,130.8,200,ask,YieldingYams,WavyWalnuts,6490899
2026-07-04T03:01:03.963820,2026-07-04T03:01:03.967272+00:00,130.9,3,bid,Xuanyu Liu,AverageAlmonds,6490911
2026-07-04T03:01:04.030043,2026-07-04T03:01:04.041007+00:00,130.8,200,ask,YieldingYams,WavyWalnuts,6490915
2026-07-04T03:01:05.751189,2026-07-04T03:01:05.758593+00:00,130.9,500,bid,YieldingYams,AverageAlmonds,6490941
2026-07-04T03:01:05.751189,2026-07-04T03:01:05.758593+00:00,131.0,125,bid,YieldingYams,WavyWalnuts,6490942
2026-07-04T03:01:08.211234,2026-07-04T03:01:08.215188+00:00,130.9,11,bid,Xuanyu Liu,YieldingYams,6490971
2026-07-04T03:01:08.894371,2026-07-04T03:01:08.900788+00:00,131.0,200,bid,WavyWalnuts,YieldingYams,6490980
2026-07-04T03:01:10.052840,2026-07-04T03:01:10.058718+00:00,130.9,500,ask,YieldingYams,AverageAlmonds,6491000
2026-07-04T03:01:10.644973,2026-07-04T03:01:10.656191+00:00,130.9,125,ask,YieldingYams,AverageAlmonds,6491006
2026-07-04T03:01:10.997215,2026-07-04T03:01:11.014153+00:00,130.8,200,ask,WavyWalnuts,YieldingYams,6491012
2026-07-04T03:01:11.010702,2026-07-04T03:01:11.014153+00:00,130.8,12,bid,Xuanyu Liu,YieldingYams,6491014
2026-07-04T03:01:11.309699,2026-07-04T03:01:11.317271+00:00,130.8,200,bid,WavyWalnuts,YieldingYams,6491020
2026-07-04T03:01:12.519590,2026-07-04T03:01:12.526653+00:00,130.7,200,ask,YieldingYams,WavyWalnuts,6491040
2026-07-04T03:01:13.725293,2026-07-04T03:01:13.732571+00:00,130.7,200,bid,WavyWalnuts,YieldingYams,6491052
2026-07-04T03:01:17.364448,2026-07-04T03:01:17.368224+00:00,130.8,23,ask,WavyWalnuts,Xuanyu Liu,6491098
2026-07-04T03:01:17.547356,2026-07-04T03:01:17.553714+00:00,130.8,177,ask,WavyWalnuts,YieldingYams,6491102
2026-07-04T03:01:25.674677,2026-07-04T03:01:25.686367+00:00,130.7,20,bid,BrilliantBurritos,WavyWalnuts,6491211
2026-07-04T03:01:25.836652,2026-07-04T03:01:25.846997+00:00,130.6,200,ask,YieldingYams,WavyWalnuts,6491218
2026-07-04T03:01:27.045076,2026-07-04T03:01:27.054261+00:00,130.8,200,ask,YieldingYams,WavyWalnuts,6491239
2026-07-04T03:01:29.336878,2026-07-04T03:01:29.343978+00:00,130.8,200,bid,YieldingYams,WavyWalnuts,6491267
2026-07-04T03:01:30.649287,2026-07-04T03:01:30.658555+00:00,130.7,200,ask,WavyWalnuts,YieldingYams,6491284
2026-07-04T03:01:30.664670,2026-07-04T03:01:30.674494+00:00,130.5,200,bid,WavyWalnuts,YieldingYams,6491285
2026-07-04T03:01:31.874828,2026-07-04T03:01:31.885260+00:00,130.5,200,bid,WavyWalnuts,YieldingYams,6491303
2026-07-04T03:01:31.957226,2026-07-04T03:01:31.945773+00:00,130.7,500,bid,YieldingYams,AverageAlmonds,6491305
2026-07-04T03:01:32.459257,2026-07-04T03:01:32.498817+00:00,130.7,125,ask,YieldingYams,AverageAlmonds,6491317
2026-07-04T03:01:32.505815,2026-07-04T03:01:32.509868+00:00,130.6,11,bid,Xuanyu Liu,AverageAlmonds,6491323
2026-07-04T03:01:33.268357,2026-07-04T03:01:33.279398+00:00,130.6,200,ask,WavyWalnuts,YieldingYams,6491338
2026-07-04T03:01:33.598576,2026-07-04T03:01:33.602859+00:00,130.4,2,ask,YieldingYams,Xuanyu Liu,6491344
2026-07-04T03:01:35.615860,2026-07-04T03:01:35.627881+00:00,130.4,9,ask,WavyWalnuts,Xuanyu Liu,6491362
2026-07-04T03:01:37.240925,2026-07-04T03:01:37.244514+00:00,130.5,3,ask,YieldingYams,Xuanyu Liu,6491387
2026-07-04T03:01:38.508629,2026-07-04T03:01:38.520211+00:00,130.5,500,ask,YieldingYams,AverageAlmonds,6491398
2026-07-04T03:01:38.538619,2026-07-04T03:01:38.546017+00:00,130.5,200,ask,WavyWalnuts,YieldingYams,6491399
2026-07-04T03:01:41.160254,2026-07-04T03:01:41.170677+00:00,130.6,500,bid,YieldingYams,AverageAlmonds,6491444
2026-07-04T03:01:41.515158,2026-07-04T03:01:41.523180+00:00,130.6,125,ask,YieldingYams,AverageAlmonds,6491448
2026-07-04T03:01:42.727446,2026-07-04T03:01:42.734429+00:00,130.5,200,ask,WavyWalnuts,AverageAlmonds,6491468
2026-07-04T03:01:42.744915,2026-07-04T03:01:42.748341+00:00,130.5,3,bid,Xuanyu Liu,AverageAlmonds,6491470
2026-07-04T03:01:43.333061,2026-07-04T03:01:43.342344+00:00,130.4,500,ask,YieldingYams,AverageAlmonds,6491481
2026-07-04T03:01:43.798573,2026-07-04T03:01:43.803385+00:00,130.4,11,bid,Xuanyu Liu,YieldingYams,6491488
2026-07-04T03:01:43.994381,2026-07-04T03:01:44.001278+00:00,130.4,200,bid,WavyWalnuts,YieldingYams,6491490
2026-07-04T03:01:45.101049,2026-07-04T03:01:45.111756+00:00,130.4,14,ask,YieldingYams,Xuanyu Liu,6491516
2026-07-04T03:01:45.777145,2026-07-04T03:01:45.787872+00:00,130.4,500,ask,YieldingYams,AverageAlmonds,6491525
2026-07-04T03:01:46.375692,2026-07-04T03:01:46.386311+00:00,130.4,111,ask,YieldingYams,AverageAlmonds,6491533
2026-07-04T03:01:46.402712,2026-07-04T03:01:46.413583+00:00,130.3,200,ask,WavyWalnuts,YieldingYams,6491534
2026-07-04T03:01:46.422571,2026-07-04T03:01:46.429436+00:00,130.2,200,bid,WavyWalnuts,YieldingYams,6491535
2026-07-04T03:01:47.713463,2026-07-04T03:01:47.723688+00:00,130.2,200,bid,YieldingYams,WavyWalnuts,6491558
2026-07-04T03:01:49.553360,2026-07-04T03:01:49.558538+00:00,130.3,20,bid,BrilliantBurritos,WavyWalnuts,6491581
2026-07-04T03:01:50.364568,2026-07-04T03:01:50.368814+00:00,130.2,3,bid,Xuanyu Liu,YieldingYams,6491596
2026-07-04T03:01:51.289157,2026-07-04T03:01:51.292725+00:00,130.1,11,bid,Xuanyu Liu,WavyWalnuts,6491612
2026-07-04T03:01:51.653073,2026-07-04T03:01:51.662039+00:00,130.1,189,bid,YieldingYams,WavyWalnuts,6491616
2026-07-04T03:01:54.278144,2026-07-04T03:01:54.284921+00:00,130.0,200,ask,WavyWalnuts,YieldingYams,6491644
2026-07-04T03:01:54.295890,2026-07-04T03:01:54.299483+00:00,129.9,12,bid,Xuanyu Liu,YieldingYams,6491646
2026-07-04T03:01:54.898547,2026-07-04T03:01:54.907488+00:00,129.9,200,bid,WavyWalnuts,YieldingYams,6491659
2026-07-04T03:01:56.433761,2026-07-04T03:01:56.445595+00:00,129.9,20,ask,YieldingYams,BrilliantBurritos,6491687
2026-07-04T03:02:04.775246,2026-07-04T03:02:04.782105+00:00,129.8,500,ask,AverageAlmonds,YieldingYams,6491785
2026-07-04T03:02:04.775246,2026-07-04T03:02:04.787275+00:00,129.8,125,ask,WavyWalnuts,YieldingYams,6491786
2026-07-04T03:02:04.942391,2026-07-04T03:02:04.954299+00:00,130.0,20,bid,BrilliantBurritos,WavyWalnuts,6491791
2026-07-04T03:02:06.084567,2026-07-04T03:02:06.095408+00:00,130.0,200,bid,YieldingYams,WavyWalnuts,6491808
2026-07-04T03:02:09.515185,2026-07-04T03:02:09.524925+00:00,130.3,20,bid,BrilliantBurritos,WavyWalnuts,6491848
2026-07-04T03:02:11.824456,2026-07-04T03:02:11.833999+00:00,130.3,200,bid,WavyWalnuts,YieldingYams,6491875
2026-07-04T03:02:15.455631,2026-07-04T03:02:15.468683+00:00,130.2,200,ask,YieldingYams,WavyWalnuts,6491912
2026-07-04T03:02:16.729332,2026-07-04T03:02:16.732742+00:00,130.0,26,ask,YieldingYams,Xuanyu Liu,6491933
2026-07-04T03:02:17.878772,2026-07-04T03:02:17.888004+00:00,130.0,200,ask,YieldingYams,WavyWalnuts,6491947
2026-07-04T03:02:28.178455,2026-07-04T03:02:28.190230+00:00,130.5,20,bid,BrilliantBurritos,YieldingYams,6492093
2026-07-04T03:02:28.787792,2026-07-04T03:02:28.798902+00:00,130.4,200,bid,WavyWalnuts,YieldingYams,6492103
2026-07-04T03:02:30.640915,2026-07-04T03:02:30.652698+00:00,130.4,20,bid,BrilliantBurritos,YieldingYams,6492124
2026-07-04T03:02:31.208937,2026-07-04T03:02:31.217055+00:00,130.3,200,bid,WavyWalnuts,YieldingYams,6492130
2026-07-04T03:02:36.789722,2026-07-04T03:02:36.793284+00:00,130.3,3,bid,Xuanyu Liu,WavyWalnuts,6492199
2026-07-04T03:02:37.277565,2026-07-04T03:02:37.280758+00:00,130.2,11,bid,Xuanyu Liu,WavyWalnuts,6492206
2026-07-04T03:02:37.574083,2026-07-04T03:02:37.585190+00:00,130.2,189,bid,YieldingYams,WavyWalnuts,6492213
2026-07-04T03:02:41.509030,2026-07-04T03:02:41.518361+00:00,130.2,200,bid,YieldingYams,WavyWalnuts,6492267
2026-07-04T03:02:44.523003,2026-07-04T03:02:44.533561+00:00,130.3,200,bid,WavyWalnuts,YieldingYams,6492313
2026-07-04T03:02:46.944687,2026-07-04T03:02:46.955557+00:00,130.5,200,bid,WavyWalnuts,YieldingYams,6492341
2026-07-04T03:02:48.131098,2026-07-04T03:02:48.140650+00:00,130.6,20,ask,YieldingYams,BrilliantBurritos,6492353
2026-07-04T03:02:48.161505,2026-07-04T03:02:48.170821+00:00,130.6,200,ask,YieldingYams,WavyWalnuts,6492356
2026-07-04T03:02:48.399390,2026-07-04T03:02:48.402981+00:00,130.8,12,bid,Xuanyu Liu,YieldingYams,6492359
2026-07-04T03:02:48.733401,2026-07-04T03:02:48.737461+00:00,130.7,11,bid,Xuanyu Liu,AverageAlmonds,6492370
2026-07-04T03:02:49.403465,2026-07-04T03:02:49.407105+00:00,130.6,12,bid,Xuanyu Liu,YieldingYams,6492384
2026-07-04T03:02:50.697851,2026-07-04T03:02:50.707897+00:00,130.5,500,bid,YieldingYams,AverageAlmonds,6492405
2026-07-04T03:02:50.697851,2026-07-04T03:02:50.707897+00:00,130.5,125,bid,YieldingYams,WavyWalnuts,6492406
2026-07-04T03:02:51.559916,2026-07-04T03:02:51.563540+00:00,130.3,12,ask,WavyWalnuts,Xuanyu Liu,6492417
2026-07-04T03:02:51.787614,2026-07-04T03:02:51.799242+00:00,130.4,200,bid,WavyWalnuts,AverageAlmonds,6492422
2026-07-04T03:02:52.996058,2026-07-04T03:02:53.005987+00:00,130.4,200,bid,WavyWalnuts,YieldingYams,6492435
2026-07-04T03:02:53.337410,2026-07-04T03:02:53.340896+00:00,130.4,11,ask,YieldingYams,Xuanyu Liu,6492441
2026-07-04T03:02:57.253864,2026-07-04T03:02:57.265517+00:00,130.6,200,bid,YieldingYams,WavyWalnuts,6492494
2026-07-04T03:02:57.836773,2026-07-04T03:02:57.844129+00:00,130.6,200,ask,YieldingYams,WavyWalnuts,6492499
2026-07-04T03:02:57.840182,2026-07-04T03:02:57.844129+00:00,130.7,23,bid,Xuanyu Liu,AverageAlmonds,6492500
2026-07-04T03:02:59.027292,2026-07-04T03:02:59.031332+00:00,130.6,11,bid,Xuanyu Liu,AverageAlmonds,6492516
2026-07-04T03:02:59.383425,2026-07-04T03:02:59.395226+00:00,130.6,20,bid,BrilliantBurritos,AverageAlmonds,6492518
2026-07-04T03:03:01.049237,2026-07-04T03:03:01.053227+00:00,130.5,11,ask,YieldingYams,Xuanyu Liu,6492552
2026-07-04T03:03:03.809831,2026-07-04T03:03:03.811580+00:00,130.6,500,bid,YieldingYams,AverageAlmonds,6492582
2026-07-04T03:03:03.822270,2026-07-04T03:03:03.825449+00:00,130.7,23,ask,YieldingYams,Xuanyu Liu,6492584
2026-07-04T03:03:03.848305,2026-07-04T03:03:03.856618+00:00,130.7,102,ask,YieldingYams,AverageAlmonds,6492585
2026-07-04T03:03:03.883786,2026-07-04T03:03:03.892698+00:00,130.7,200,bid,WavyWalnuts,AverageAlmonds,6492587
2026-07-04T03:03:05.092928,2026-07-04T03:03:05.101739+00:00,130.7,200,bid,WavyWalnuts,AverageAlmonds,6492612
2026-07-04T03:03:06.303576,2026-07-04T03:03:06.310413+00:00,130.7,200,bid,WavyWalnuts,YieldingYams,6492633
2026-07-04T03:03:07.318583,2026-07-04T03:03:07.322192+00:00,130.7,34,bid,Xuanyu Liu,YieldingYams,6492655
2026-07-04T03:03:07.487385,2026-07-04T03:03:07.491036+00:00,130.6,11,bid,Xuanyu Liu,AverageAlmonds,6492658
2026-07-04T03:03:07.514900,2026-07-04T03:03:07.523696+00:00,130.6,200,bid,WavyWalnuts,AverageAlmonds,6492659
2026-07-04T03:03:08.736723,2026-07-04T03:03:08.740318+00:00,130.5,11,ask,WavyWalnuts,Xuanyu Liu,6492673
2026-07-04T03:03:13.564729,2026-07-04T03:03:13.574845+00:00,130.6,200,bid,WavyWalnuts,YieldingYams,6492743
2026-07-04T03:03:17.104856,2026-07-04T03:03:17.116410+00:00,130.6,20,ask,WavyWalnuts,BrilliantBurritos,6492785
2026-07-04T03:03:22.157125,2026-07-04T03:03:22.158582+00:00,130.5,200,ask,WavyWalnuts,YieldingYams,6492854
2026-07-04T03:03:23.299204,2026-07-04T03:03:23.302865+00:00,130.4,11,ask,WavyWalnuts,Xuanyu Liu,6492874
2026-07-04T03:03:23.483674,2026-07-04T03:03:23.488220+00:00,130.5,12,ask,YieldingYams,Xuanyu Liu,6492878
2026-07-04T03:03:24.497999,2026-07-04T03:03:24.508697+00:00,130.5,200,ask,YieldingYams,WavyWalnuts,6492893
2026-07-04T03:03:26.111259,2026-07-04T03:03:26.122645+00:00,130.5,20,ask,YieldingYams,BrilliantBurritos,6492912
2026-07-04T03:03:27.402080,2026-07-04T03:03:27.409325+00:00,130.5,200,ask,WavyWalnuts,YieldingYams,6492932
2026-07-04T03:03:29.198323,2026-07-04T03:03:29.209970+00:00,130.6,20,bid,BrilliantBurritos,WavyWalnuts,6492958
2026-07-04T03:03:31.340122,2026-07-04T03:03:31.349630+00:00,130.6,200,bid,YieldingYams,WavyWalnuts,6492986
2026-07-04T03:03:31.340122,2026-07-04T03:03:31.349630+00:00,130.8,425,bid,YieldingYams,AverageAlmonds,6492987
2026-07-04T03:03:32.604578,2026-07-04T03:03:32.608818+00:00,130.5,12,bid,Xuanyu Liu,WavyWalnuts,6493003
2026-07-04T03:03:32.651009,2026-07-04T03:03:32.658665+00:00,130.5,188,bid,YieldingYams,WavyWalnuts,6493005
2026-07-04T03:03:33.966106,2026-07-04T03:03:33.988180+00:00,130.4,200,ask,WavyWalnuts,YieldingYams,6493019
2026-07-04T03:03:33.984816,2026-07-04T03:03:33.988180+00:00,130.3,22,bid,Xuanyu Liu,YieldingYams,6493021
2026-07-04T03:03:34.165982,2026-07-04T03:03:34.173810+00:00,130.3,200,bid,WavyWalnuts,YieldingYams,6493027
2026-07-04T03:03:34.574448,2026-07-04T03:03:34.586139+00:00,130.1,20,ask,YieldingYams,BrilliantBurritos,6493030
2026-07-04T03:03:35.377321,2026-07-04T03:03:35.386035+00:00,130.4,200,bid,WavyWalnuts,YieldingYams,6493041
2026-07-04T03:03:35.818996,2026-07-04T03:03:35.822721+00:00,130.2,11,ask,YieldingYams,Xuanyu Liu,6493053
2026-07-04T03:03:37.001308,2026-07-04T03:03:37.005023+00:00,130.2,11,ask,WavyWalnuts,Xuanyu Liu,6493069
2026-07-04T03:03:38.334592,2026-07-04T03:03:38.373487+00:00,130.3,200,bid,AverageAlmonds,WavyWalnuts,6493094
2026-07-04T03:03:38.369570,2026-07-04T03:03:38.373487+00:00,130.3,12,ask,AverageAlmonds,Xuanyu Liu,6493096
2026-07-04T03:03:39.020411,2026-07-04T03:03:39.028262+00:00,130.3,200,ask,AverageAlmonds,WavyWalnuts,6493105
2026-07-04T03:03:40.529921,2026-07-04T03:03:40.539460+00:00,130.2,500,ask,AverageAlmonds,YieldingYams,6493123
2026-07-04T03:03:40.767572,2026-07-04T03:03:40.776898+00:00,130.2,125,bid,AverageAlmonds,YieldingYams,6493126
2026-07-04T03:03:40.767572,2026-07-04T03:03:40.776898+00:00,130.3,200,bid,AverageAlmonds,WavyWalnuts,6493127
2026-07-04T03:03:41.837006,2026-07-04T03:03:41.858801+00:00,130.4,200,bid,YieldingYams,WavyWalnuts,6493143
2026-07-04T03:03:45.053289,2026-07-04T03:03:45.064181+00:00,130.3,200,ask,YieldingYams,WavyWalnuts,6493169
2026-07-04T03:03:46.846196,2026-07-04T03:03:46.858636+00:00,130.4,500,bid,AverageAlmonds,YieldingYams,6493198
2026-07-04T03:03:47.144649,2026-07-04T03:03:47.162874+00:00,130.4,200,bid,YieldingYams,WavyWalnuts,6493202
2026-07-04T03:03:47.159139,2026-07-04T03:03:47.162874+00:00,130.5,23,ask,YieldingYams,Xuanyu Liu,6493204
2026-07-04T03:03:48.462457,2026-07-04T03:03:48.469186+00:00,130.5,500,ask,AverageAlmonds,YieldingYams,6493222
2026-07-04T03:03:48.643809,2026-07-04T03:03:48.653069+00:00,130.5,125,bid,AverageAlmonds,YieldingYams,6493224
2026-07-04T03:03:49.769569,2026-07-04T03:03:49.780655+00:00,130.6,200,bid,YieldingYams,WavyWalnuts,6493240
2026-07-04T03:03:53.705780,2026-07-04T03:03:53.714436+00:00,130.5,200,bid,YieldingYams,WavyWalnuts,6493290
2026-07-04T03:03:56.346933,2026-07-04T03:03:56.350532+00:00,130.6,11,ask,YieldingYams,Xuanyu Liu,6493317
2026-07-04T03:04:02.101660,2026-07-04T03:04:02.108600+00:00,130.6,20,bid,BrilliantBurritos,YieldingYams,6493389
2026-07-04T03:04:04.216861,2026-07-04T03:04:04.225443+00:00,130.4,200,ask,WavyWalnuts,YieldingYams,6493421
2026-07-04T03:04:08.661032,2026-07-04T03:04:08.666332+00:00,130.3,3,ask,WavyWalnuts,Xuanyu Liu,6493495
2026-07-04T03:04:09.877588,2026-07-04T03:04:09.885489+00:00,130.4,20,ask,WavyWalnuts,BrilliantBurritos,6493503
2026-07-04T03:04:10.521693,2026-07-04T03:04:10.531220+00:00,130.6,200,bid,WavyWalnuts,YieldingYams,6493513
2026-07-04T03:04:12.088583,2026-07-04T03:04:12.163828+00:00,130.6,500,bid,YieldingYams,AverageAlmonds,6493527
2026-07-04T03:04:12.088583,2026-07-04T03:04:12.163828+00:00,130.6,125,bid,YieldingYams,WavyWalnuts,6493528
2026-07-04T03:04:14.905966,2026-07-04T03:04:14.916996+00:00,130.5,20,bid,BrilliantBurritos,WavyWalnuts,6493566
2026-07-04T03:04:14.963931,2026-07-04T03:04:14.967640+00:00,130.4,3,ask,YieldingYams,Xuanyu Liu,6493568
2026-07-04T03:04:16.568593,2026-07-04T03:04:16.579624+00:00,130.3,200,ask,YieldingYams,WavyWalnuts,6493588
2026-07-04T03:04:20.190751,2026-07-04T03:04:20.198805+00:00,130.3,200,ask,YieldingYams,WavyWalnuts,6493639
2026-07-04T03:04:20.295592,2026-07-04T03:04:20.307632+00:00,130.5,20,bid,BrilliantBurritos,YieldingYams,6493640
2026-07-04T03:04:21.321103,2026-07-04T03:04:21.324811+00:00,130.4,11,ask,YieldingYams,Xuanyu Liu,6493656
2026-07-04T03:04:21.398165,2026-07-04T03:04:21.405223+00:00,130.4,200,ask,YieldingYams,WavyWalnuts,6493659
2026-07-04T03:04:23.928603,2026-07-04T03:04:23.939837+00:00,130.4,200,ask,WavyWalnuts,YieldingYams,6493696
2026-07-04T03:04:25.017668,2026-07-04T03:04:25.028280+00:00,130.4,200,bid,WavyWalnuts,YieldingYams,6493714
2026-07-04T03:04:26.549559,2026-07-04T03:04:26.558365+00:00,130.5,500,bid,YieldingYams,AverageAlmonds,6493733
2026-07-04T03:04:26.787167,2026-07-04T03:04:26.796536+00:00,130.5,125,ask,YieldingYams,AverageAlmonds,6493736
2026-07-04T03:04:27.466290,2026-07-04T03:04:27.474492+00:00,130.5,200,bid,WavyWalnuts,AverageAlmonds,6493750
2026-07-04T03:04:27.858748,2026-07-04T03:04:27.865039+00:00,130.5,300,bid,YieldingYams,AverageAlmonds,6493754
2026-07-04T03:04:27.870892,2026-07-04T03:04:27.874401+00:00,130.5,23,ask,YieldingYams,Xuanyu Liu,6493756
2026-07-04T03:04:28.015938,2026-07-04T03:04:28.023982+00:00,130.5,302,ask,YieldingYams,AverageAlmonds,6493757
2026-07-04T03:04:28.675905,2026-07-04T03:04:28.684004+00:00,130.5,200,bid,WavyWalnuts,AverageAlmonds,6493770
2026-07-04T03:04:29.883961,2026-07-04T03:04:29.894824+00:00,130.3,200,bid,WavyWalnuts,YieldingYams,6493784
2026-07-04T03:04:33.101840,2026-07-04T03:04:33.119390+00:00,130.2,200,ask,WavyWalnuts,YieldingYams,6493827
2026-07-04T03:04:33.116147,2026-07-04T03:04:33.119390+00:00,130.1,23,bid,Xuanyu Liu,YieldingYams,6493829
2026-07-04T03:04:33.504475,2026-07-04T03:04:33.510956+00:00,130.1,200,bid,WavyWalnuts,YieldingYams,6493833
2026-07-04T03:04:33.912226,2026-07-04T03:04:33.923637+00:00,130.1,20,bid,BrilliantBurritos,YieldingYams,6493843
2026-07-04T03:04:35.234924,2026-07-04T03:04:35.246466+00:00,130.3,20,bid,BrilliantBurritos,YieldingYams,6493856
2026-07-04T03:04:38.360041,2026-07-04T03:04:38.369829+00:00,130.4,200,ask,WavyWalnuts,YieldingYams,6493903
2026-07-04T03:04:38.375244,2026-07-04T03:04:38.378592+00:00,130.3,11,bid,Xuanyu Liu,YieldingYams,6493907
2026-07-04T03:04:38.901499,2026-07-04T03:04:38.910296+00:00,130.3,20,bid,BrilliantBurritos,YieldingYams,6493911
2026-07-04T03:04:39.556979,2026-07-04T03:04:39.558591+00:00,130.3,200,bid,WavyWalnuts,YieldingYams,6493922
2026-07-04T03:04:39.681171,2026-07-04T03:04:39.684819+00:00,130.3,11,ask,YieldingYams,Xuanyu Liu,6493927
2026-07-04T03:04:40.976664,2026-07-04T03:04:40.984779+00:00,130.4,200,bid,YieldingYams,WavyWalnuts,6493947
2026-07-04T03:04:42.183344,2026-07-04T03:04:42.186819+00:00,130.5,14,bid,Xuanyu Liu,WavyWalnuts,6493963
2026-07-04T03:04:43.183761,2026-07-04T03:04:43.191761+00:00,130.5,200,bid,WavyWalnuts,YieldingYams,6493977
2026-07-04T03:04:44.394713,2026-07-04T03:04:44.406465+00:00,130.5,200,ask,YieldingYams,WavyWalnuts,6493990
2026-07-04T03:04:46.226908,2026-07-04T03:04:46.234455+00:00,130.4,200,ask,WavyWalnuts,YieldingYams,6494011
2026-07-04T03:04:46.812002,2026-07-04T03:04:46.821736+00:00,130.2,200,bid,WavyWalnuts,YieldingYams,6494018
2026-07-04T03:04:48.957240,2026-07-04T03:04:48.968851+00:00,130.3,20,ask,YieldingYams,BrilliantBurritos,6494054
2026-07-04T03:04:50.156037,2026-07-04T03:04:50.163665+00:00,130.4,200,bid,YieldingYams,WavyWalnuts,6494073
2026-07-04T03:04:50.394047,2026-07-04T03:04:50.401346+00:00,130.4,425,ask,YieldingYams,AverageAlmonds,6494077
2026-07-04T03:04:54.881863,2026-07-04T03:04:54.885206+00:00,130.3,3,ask,YieldingYams,Xuanyu Liu,6494149
2026-07-04T03:04:55.241596,2026-07-04T03:04:55.258828+00:00,130.3,500,ask,YieldingYams,AverageAlmonds,6494151
2026-07-04T03:04:55.412092,2026-07-04T03:04:55.420249+00:00,130.3,200,ask,WavyWalnuts,YieldingYams,6494154
2026-07-04T03:04:56.722880,2026-07-04T03:04:56.731624+00:00,130.2,200,bid,YieldingYams,WavyWalnuts,6494172
2026-07-04T03:04:57.679408,2026-07-04T03:04:57.688786+00:00,130.2,425,ask,YieldingYams,AverageAlmonds,6494188
2026-07-04T03:04:57.716886,2026-07-04T03:04:57.726589+00:00,130.1,75,bid,WavyWalnuts,AverageAlmonds,6494192
2026-07-04T03:04:58.035705,2026-07-04T03:04:58.046799+00:00,130.3,125,ask,WavyWalnuts,YieldingYams,6494197
2026-07-04T03:04:58.933011,2026-07-04T03:04:58.944066+00:00,130.0,200,bid,WavyWalnuts,AverageAlmonds,6494217
2026-07-04T03:04:59.346179,2026-07-04T03:04:59.355810+00:00,130.0,300,bid,YieldingYams,AverageAlmonds,6494222
2026-07-04T03:05:00.938645,2026-07-04T03:05:00.948479+00:00,130.0,20,ask,WavyWalnuts,BrilliantBurritos,6494243
2026-07-04T03:05:01.361787,2026-07-04T03:05:01.369116+00:00,130.1,200,bid,WavyWalnuts,YieldingYams,6494248
2026-07-04T03:05:01.972404,2026-07-04T03:05:01.990076+00:00,130.1,500,bid,YieldingYams,AverageAlmonds,6494266
2026-07-04T03:05:01.986012,2026-07-04T03:05:01.990076+00:00,130.1,11,ask,YieldingYams,Xuanyu Liu,6494269
2026-07-04T03:05:02.492611,2026-07-04T03:05:02.504238+00:00,130.1,114,ask,YieldingYams,AverageAlmonds,6494276
2026-07-04T03:05:02.573791,2026-07-04T03:05:02.582152+00:00,130.1,200,bid,WavyWalnuts,AverageAlmonds,6494279
2026-07-04T03:05:03.783634,2026-07-04T03:05:03.794935+00:00,130.0,200,bid,WavyWalnuts,YieldingYams,6494292
2026-07-04T03:05:07.421580,2026-07-04T03:05:07.425119+00:00,129.9,11,bid,Xuanyu Liu,WavyWalnuts,6494344
2026-07-04T03:05:08.022074,2026-07-04T03:05:08.032858+00:00,129.9,20,bid,BrilliantBurritos,WavyWalnuts,6494353
2026-07-04T03:05:14.992738,2026-07-04T03:05:15.015060+00:00,129.7,20,ask,AverageAlmonds,BrilliantBurritos,6494452
2026-07-04T03:05:18.015905,2026-07-04T03:05:18.027390+00:00,130.0,20,bid,BrilliantBurritos,WavyWalnuts,6494491
2026-07-04T03:05:18.303784,2026-07-04T03:05:18.306880+00:00,129.9,3,bid,Xuanyu Liu,WavyWalnuts,6494498
2026-07-04T03:05:19.502415,2026-07-04T03:05:19.512260+00:00,129.8,200,ask,YieldingYams,WavyWalnuts,6494515
2026-07-04T03:05:22.956943,2026-07-04T03:05:22.957165+00:00,130.0,200,bid,YieldingYams,WavyWalnuts,6494560
2026-07-04T03:05:22.974468,2026-07-04T03:05:22.977560+00:00,130.0,3,ask,YieldingYams,Xuanyu Liu,6494563
2026-07-04T03:05:23.150667,2026-07-04T03:05:23.158633+00:00,130.0,200,ask,YieldingYams,WavyWalnuts,6494564
2026-07-04T03:05:25.264002,2026-07-04T03:05:25.275751+00:00,130.0,20,bid,BrilliantBurritos,YieldingYams,6494598
2026-07-04T03:05:25.573017,2026-07-04T03:05:25.579676+00:00,130.0,200,bid,WavyWalnuts,YieldingYams,6494602
2026-07-04T03:05:26.827639,2026-07-04T03:05:26.839318+00:00,130.0,20,ask,YieldingYams,BrilliantBurritos,6494617
2026-07-04T03:05:28.206414,2026-07-04T03:05:28.212929+00:00,130.2,200,bid,YieldingYams,WavyWalnuts,6494631
2026-07-04T03:05:29.722058,2026-07-04T03:05:29.731956+00:00,130.1,20,ask,WavyWalnuts,BrilliantBurritos,6494651
2026-07-04T03:05:31.824637,2026-07-04T03:05:31.836047+00:00,130.2,20,bid,BrilliantBurritos,YieldingYams,6494689
2026-07-04T03:05:32.857430,2026-07-04T03:05:32.869121+00:00,130.4,200,bid,WavyWalnuts,YieldingYams,6494702
2026-07-04T03:05:32.882588,2026-07-04T03:05:32.886292+00:00,130.1,11,ask,YieldingYams,Xuanyu Liu,6494705
2026-07-04T03:05:33.475224,2026-07-04T03:05:33.479421+00:00,130.2,12,ask,YieldingYams,Xuanyu Liu,6494713
2026-07-04T03:05:34.073143,2026-07-04T03:05:34.082597+00:00,130.2,200,ask,YieldingYams,WavyWalnuts,6494725
2026-07-04T03:05:35.215141,2026-07-04T03:05:35.223963+00:00,130.3,500,bid,AverageAlmonds,YieldingYams,6494745
2026-07-04T03:05:36.083434,2026-07-04T03:05:36.094265+00:00,130.3,200,bid,YieldingYams,WavyWalnuts,6494756
2026-07-04T03:05:40.028206,2026-07-04T03:05:40.034734+00:00,130.3,200,ask,WavyWalnuts,YieldingYams,6494801
2026-07-04T03:05:41.331872,2026-07-04T03:05:41.339773+00:00,130.3,200,bid,WavyWalnuts,YieldingYams,6494819
2026-07-04T03:05:42.553423,2026-07-04T03:05:42.558797+00:00,130.4,200,ask,YieldingYams,WavyWalnuts,6494830
2026-07-04T03:05:43.760680,2026-07-04T03:05:43.770517+00:00,130.4,200,ask,YieldingYams,WavyWalnuts,6494850
2026-07-04T03:05:43.985829,2026-07-04T03:05:43.989405+00:00,130.4,12,bid,Xuanyu Liu,YieldingYams,6494853
2026-07-04T03:05:50.522799,2026-07-04T03:05:50.529770+00:00,130.3,200,bid,YieldingYams,WavyWalnuts,6494939
2026-07-04T03:05:51.801648,2026-07-04T03:05:51.805092+00:00,130.4,14,bid,Xuanyu Liu,WavyWalnuts,6494962
2026-07-04T03:05:54.450892,2026-07-04T03:05:54.458617+00:00,130.2,500,ask,AverageAlmonds,YieldingYams,6495005
2026-07-04T03:05:54.562585,2026-07-04T03:05:54.571715+00:00,130.2,125,bid,AverageAlmonds,YieldingYams,6495008
2026-07-04T03:05:55.757493,2026-07-04T03:05:55.768861+00:00,130.3,200,bid,YieldingYams,WavyWalnuts,6495026
2026-07-04T03:05:55.796173,2026-07-04T03:05:55.799735+00:00,130.3,3,ask,YieldingYams,Xuanyu Liu,6495029
2026-07-04T03:05:55.845286,2026-07-04T03:05:55.852465+00:00,130.3,200,ask,YieldingYams,WavyWalnuts,6495033
2026-07-04T03:05:58.611367,2026-07-04T03:05:58.620674+00:00,130.1,20,ask,AverageAlmonds,BrilliantBurritos,6495067
2026-07-04T03:06:01.023866,2026-07-04T03:06:01.040200+00:00,130.3,200,bid,YieldingYams,WavyWalnuts,6495099
2026-07-04T03:06:01.037017,2026-07-04T03:06:01.040200+00:00,130.3,8,ask,YieldingYams,Xuanyu Liu,6495101
2026-07-04T03:06:03.962020,2026-07-04T03:06:03.973589+00:00,130.3,20,ask,WavyWalnuts,BrilliantBurritos,6495144
2026-07-04T03:06:04.307688,2026-07-04T03:06:04.317540+00:00,130.4,200,bid,WavyWalnuts,YieldingYams,6495151
2026-07-04T03:06:05.517320,2026-07-04T03:06:05.527684+00:00,130.4,200,bid,WavyWalnuts,YieldingYams,6495169
2026-07-04T03:06:07.664367,2026-07-04T03:06:07.668431+00:00,130.5,11,bid,Xuanyu Liu,YieldingYams,6495200
2026-07-04T03:06:08.592860,2026-07-04T03:06:08.604369+00:00,130.3,20,ask,YieldingYams,BrilliantBurritos,6495207
2026-07-04T03:06:09.153328,2026-07-04T03:06:09.158598+00:00,130.3,200,ask,YieldingYams,WavyWalnuts,6495212
2026-07-04T03:06:10.358970,2026-07-04T03:06:10.369079+00:00,130.4,200,bid,WavyWalnuts,YieldingYams,6495226
2026-07-04T03:06:12.818882,2026-07-04T03:06:12.826598+00:00,130.4,200,bid,YieldingYams,WavyWalnuts,6495252
2026-07-04T03:06:14.140825,2026-07-04T03:06:14.144372+00:00,130.4,3,bid,Xuanyu Liu,YieldingYams,6495273
2026-07-04T03:06:14.563765,2026-07-04T03:06:14.570402+00:00,130.3,20,ask,WavyWalnuts,BrilliantBurritos,6495280
2026-07-04T03:06:15.475011,2026-07-04T03:06:15.483685+00:00,130.3,200,ask,WavyWalnuts,YieldingYams,6495295
2026-07-04T03:06:15.475011,2026-07-04T03:06:15.489135+00:00,130.2,425,ask,AverageAlmonds,YieldingYams,6495296
2026-07-04T03:06:16.409153,2026-07-04T03:06:16.418593+00:00,130.3,200,ask,AverageAlmonds,WavyWalnuts,6495309
2026-07-04T03:06:17.150593,2026-07-04T03:06:17.154336+00:00,130.4,3,ask,YieldingYams,Xuanyu Liu,6495314
2026-07-04T03:06:17.617861,2026-07-04T03:06:17.628725+00:00,130.4,200,ask,YieldingYams,WavyWalnuts,6495321
2026-07-04T03:06:21.676201,2026-07-04T03:06:21.687982+00:00,130.3,20,ask,YieldingYams,BrilliantBurritos,6495363
2026-07-04T03:06:23.665239,2026-07-04T03:06:23.674368+00:00,130.4,200,ask,YieldingYams,WavyWalnuts,6495385
2026-07-04T03:06:26.078521,2026-07-04T03:06:26.087141+00:00,130.4,200,bid,WavyWalnuts,YieldingYams,6495412
2026-07-04T03:06:27.286674,2026-07-04T03:06:27.292075+00:00,130.5,200,bid,WavyWalnuts,YieldingYams,6495428
2026-07-04T03:06:29.796694,2026-07-04T03:06:29.800170+00:00,130.6,3,bid,Xuanyu Liu,YieldingYams,6495453
2026-07-04T03:06:29.906538,2026-07-04T03:06:29.910226+00:00,130.5,11,bid,Xuanyu Liu,YieldingYams,6495456
2026-07-04T03:06:33.377965,2026-07-04T03:06:33.384271+00:00,130.5,200,ask,YieldingYams,WavyWalnuts,6495505
2026-07-04T03:06:35.169399,2026-07-04T03:06:35.173343+00:00,130.6,11,ask,YieldingYams,Xuanyu Liu,6495522
2026-07-04T03:06:35.796211,2026-07-04T03:06:35.805436+00:00,130.6,200,ask,YieldingYams,WavyWalnuts,6495527
2026-07-04T03:06:39.277194,2026-07-04T03:06:39.280921+00:00,130.4,3,ask,AverageAlmonds,Xuanyu Liu,6495588
2026-07-04T03:06:39.419878,2026-07-04T03:06:39.430510+00:00,130.5,200,bid,WavyWalnuts,YieldingYams,6495593
2026-07-04T03:06:41.558253,2026-07-04T03:06:41.569959+00:00,130.4,20,bid,BrilliantBurritos,WavyWalnuts,6495629
2026-07-04T03:06:41.674614,2026-07-04T03:06:41.685764+00:00,130.4,180,bid,YieldingYams,WavyWalnuts,6495631
2026-07-04T03:06:41.840558,2026-07-04T03:06:41.847370+00:00,130.5,200,ask,YieldingYams,WavyWalnuts,6495632
2026-07-04T03:06:43.051024,2026-07-04T03:06:43.059150+00:00,130.3,200,ask,AverageAlmonds,WavyWalnuts,6495645
2026-07-04T03:06:43.654479,2026-07-04T03:06:43.658629+00:00,130.4,20,bid,BrilliantBurritos,YieldingYams,6495654
2026-07-04T03:06:44.828727,2026-07-04T03:06:44.835379+00:00,130.3,500,bid,AverageAlmonds,YieldingYams,6495665
2026-07-04T03:06:45.424775,2026-07-04T03:06:45.433655+00:00,130.3,125,bid,AverageAlmonds,YieldingYams,6495669
2026-07-04T03:06:45.603032,2026-07-04T03:06:45.616111+00:00,130.4,200,bid,YieldingYams,WavyWalnuts,6495672
2026-07-04T03:06:45.612443,2026-07-04T03:06:45.616111+00:00,130.5,14,ask,YieldingYams,Xuanyu Liu,6495674
2026-07-04T03:06:45.621721,2026-07-04T03:06:45.625740+00:00,130.5,23,ask,YieldingYams,Xuanyu Liu,6495676
2026-07-04T03:06:46.696519,2026-07-04T03:06:46.705332+00:00,130.5,200,ask,YieldingYams,WavyWalnuts,6495690
2026-07-04T03:06:46.702516,2026-07-04T03:06:46.710634+00:00,130.5,20,ask,YieldingYams,BrilliantBurritos,6495692
2026-07-04T03:06:47.904534,2026-07-04T03:06:47.911455+00:00,130.4,200,ask,YieldingYams,WavyWalnuts,6495704
2026-07-04T03:06:48.239235,2026-07-04T03:06:48.242811+00:00,130.5,11,bid,Xuanyu Liu,YieldingYams,6495708
2026-07-04T03:06:48.720865,2026-07-04T03:06:48.724538+00:00,130.5,12,bid,Xuanyu Liu,YieldingYams,6495721
2026-07-04T03:06:49.086066,2026-07-04T03:06:49.094488+00:00,130.5,500,bid,AverageAlmonds,YieldingYams,6495725
2026-07-04T03:06:49.110516,2026-07-04T03:06:49.120833+00:00,130.5,102,bid,WavyWalnuts,YieldingYams,6495727
2026-07-04T03:06:55.032660,2026-07-04T03:06:55.048353+00:00,130.5,20,ask,WavyWalnuts,BrilliantBurritos,6495799
2026-07-04T03:06:55.711154,2026-07-04T03:06:55.722935+00:00,130.7,20,bid,BrilliantBurritos,YieldingYams,6495810
2026-07-04T03:06:57.397242,2026-07-04T03:06:57.416441+00:00,130.6,200,ask,WavyWalnuts,YieldingYams,6495824
2026-07-04T03:06:57.412544,2026-07-04T03:06:57.416441+00:00,130.5,14,bid,Xuanyu Liu,YieldingYams,6495827
2026-07-04T03:06:57.470488,2026-07-04T03:06:57.482598+00:00,130.5,20,bid,BrilliantBurritos,YieldingYams,6495828
2026-07-04T03:07:00.034209,2026-07-04T03:07:00.045102+00:00,130.4,200,bid,YieldingYams,WavyWalnuts,6495865
2026-07-04T03:07:01.240151,2026-07-04T03:07:01.248483+00:00,130.6,200,ask,YieldingYams,WavyWalnuts,6495878
2026-07-04T03:07:01.424351,2026-07-04T03:07:01.428885+00:00,130.6,3,bid,Xuanyu Liu,YieldingYams,6495881
2026-07-04T03:07:03.963798,2026-07-04T03:07:03.974164+00:00,130.5,200,ask,WavyWalnuts,YieldingYams,6495918
2026-07-04T03:07:04.867023,2026-07-04T03:07:04.876718+00:00,130.5,200,bid,WavyWalnuts,YieldingYams,6495926
2026-07-04T03:07:05.798545,2026-07-04T03:07:05.806555+00:00,130.7,20,bid,BrilliantBurritos,YieldingYams,6495938
2026-07-04T03:07:06.086082,2026-07-04T03:07:06.089581+00:00,130.5,3,ask,WavyWalnuts,Xuanyu Liu,6495941
2026-07-04T03:07:08.492013,2026-07-04T03:07:08.499213+00:00,130.7,200,bid,WavyWalnuts,YieldingYams,6495972
2026-07-04T03:07:09.702518,2026-07-04T03:07:09.710857+00:00,130.7,200,ask,YieldingYams,WavyWalnuts,6495989
2026-07-04T03:07:11.817445,2026-07-04T03:07:11.824635+00:00,130.6,200,bid,YieldingYams,WavyWalnuts,6496011
2026-07-04T03:07:13.129859,2026-07-04T03:07:13.136761+00:00,130.6,200,ask,WavyWalnuts,YieldingYams,6496033
2026-07-04T03:07:13.344843,2026-07-04T03:07:13.357517+00:00,130.6,200,bid,WavyWalnuts,YieldingYams,6496038
2026-07-04T03:07:14.566933,2026-07-04T03:07:14.570306+00:00,130.5,3,ask,WavyWalnuts,Xuanyu Liu,6496056
2026-07-04T03:07:15.746049,2026-07-04T03:07:15.750559+00:00,130.5,197,ask,WavyWalnuts,YieldingYams,6496070
2026-07-04T03:07:16.977607,2026-07-04T03:07:16.986201+00:00,130.5,200,bid,WavyWalnuts,YieldingYams,6496086
2026-07-04T03:07:19.486331,2026-07-04T03:07:19.497928+00:00,130.5,20,ask,WavyWalnuts,BrilliantBurritos,6496121
2026-07-04T03:07:20.978488,2026-07-04T03:07:20.986100+00:00,130.5,200,bid,YieldingYams,WavyWalnuts,6496140
2026-07-04T03:07:22.756540,2026-07-04T03:07:22.756199+00:00,130.5,20,bid,BrilliantBurritos,YieldingYams,6496166
2026-07-04T03:07:24.946696,2026-07-04T03:07:24.958553+00:00,130.4,200,ask,WavyWalnuts,YieldingYams,6496200
2026-07-04T03:07:28.617870,2026-07-04T03:07:28.629668+00:00,130.4,20,ask,YieldingYams,BrilliantBurritos,6496253
2026-07-04T03:07:29.925046,2026-07-04T03:07:29.929097+00:00,130.3,11,ask,WavyWalnuts,Xuanyu Liu,6496268
2026-07-04T03:07:31.174051,2026-07-04T03:07:31.177524+00:00,130.3,12,ask,YieldingYams,Xuanyu Liu,6496289
2026-07-04T03:07:31.490956,2026-07-04T03:07:31.514147+00:00,130.4,200,bid,YieldingYams,WavyWalnuts,6496291
2026-07-04T03:07:31.509978,2026-07-04T03:07:31.514147+00:00,130.4,11,ask,YieldingYams,Xuanyu Liu,6496293
2026-07-04T03:07:34.110207,2026-07-04T03:07:34.126590+00:00,130.5,200,bid,YieldingYams,WavyWalnuts,6496328
2026-07-04T03:07:34.123068,2026-07-04T03:07:34.126590+00:00,130.5,23,ask,YieldingYams,Xuanyu Liu,6496330
2026-07-04T03:07:35.148278,2026-07-04T03:07:35.158432+00:00,130.5,200,ask,YieldingYams,WavyWalnuts,6496342
2026-07-04T03:07:37.568447,2026-07-04T03:07:37.577415+00:00,130.4,200,ask,YieldingYams,WavyWalnuts,6496357
2026-07-04T03:07:41.982321,2026-07-04T03:07:41.992025+00:00,130.3,200,ask,WavyWalnuts,YieldingYams,6496393
2026-07-04T03:07:42.976119,2026-07-04T03:07:42.982845+00:00,130.3,425,bid,AverageAlmonds,YieldingYams,6496402
2026-07-04T03:07:43.288955,2026-07-04T03:07:43.297820+00:00,130.4,200,bid,YieldingYams,WavyWalnuts,6496406
2026-07-04T03:07:43.607784,2026-07-04T03:07:43.617393+00:00,130.4,200,ask,YieldingYams,WavyWalnuts,6496411
2026-07-04T03:07:44.815250,2026-07-04T03:07:44.823964+00:00,130.4,200,bid,WavyWalnuts,YieldingYams,6496429
2026-07-04T03:07:46.591375,2026-07-04T03:07:46.598742+00:00,130.4,500,bid,AverageAlmonds,YieldingYams,6496448
2026-07-04T03:07:46.996688,2026-07-04T03:07:47.000383+00:00,130.3,11,ask,WavyWalnuts,Xuanyu Liu,6496457
2026-07-04T03:07:47.215616,2026-07-04T03:07:47.260629+00:00,130.4,125,bid,AverageAlmonds,YieldingYams,6496458
2026-07-04T03:07:47.254463,2026-07-04T03:07:47.260629+00:00,130.5,200,bid,YieldingYams,WavyWalnuts,6496461
2026-07-04T03:07:47.257148,2026-07-04T03:07:47.260629+00:00,130.5,12,ask,YieldingYams,Xuanyu Liu,6496462
2026-07-04T03:07:47.265914,2026-07-04T03:07:47.269282+00:00,130.5,11,ask,YieldingYams,Xuanyu Liu,6496464
2026-07-04T03:07:48.461902,2026-07-04T03:07:48.468957+00:00,130.5,200,ask,YieldingYams,WavyWalnuts,6496487
2026-07-04T03:07:53.310807,2026-07-04T03:07:53.321747+00:00,130.4,200,ask,YieldingYams,WavyWalnuts,6496551
2026-07-04T03:07:53.816274,2026-07-04T03:07:53.820085+00:00,130.5,11,bid,Xuanyu Liu,YieldingYams,6496558
2026-07-04T03:07:54.521921,2026-07-04T03:07:54.531210+00:00,130.4,200,ask,AverageAlmonds,WavyWalnuts,6496569
2026-07-04T03:07:56.424317,2026-07-04T03:07:56.433657+00:00,130.5,200,bid,YieldingYams,WavyWalnuts,6496602
2026-07-04T03:07:56.936253,2026-07-04T03:07:56.946867+00:00,130.6,200,ask,YieldingYams,WavyWalnuts,6496607
2026-07-04T03:07:58.185848,2026-07-04T03:07:58.197295+00:00,130.4,20,ask,AverageAlmonds,BrilliantBurritos,6496620
2026-07-04T03:07:59.375156,2026-07-04T03:07:59.384855+00:00,130.6,200,ask,YieldingYams,WavyWalnuts,6496632
2026-07-04T03:07:59.623050,2026-07-04T03:07:59.634705+00:00,130.6,20,ask,YieldingYams,BrilliantBurritos,6496641
2026-07-04T03:08:00.600793,2026-07-04T03:08:00.604287+00:00,130.6,12,bid,Xuanyu Liu,WavyWalnuts,6496657
2026-07-04T03:08:01.819883,2026-07-04T03:08:01.830214+00:00,130.6,200,bid,WavyWalnuts,YieldingYams,6496675
2026-07-04T03:08:03.034502,2026-07-04T03:08:03.042354+00:00,130.6,200,ask,YieldingYams,WavyWalnuts,6496694
2026-07-04T03:08:04.243410,2026-07-04T03:08:04.250383+00:00,130.6,200,ask,YieldingYams,WavyWalnuts,6496711
2026-07-04T03:08:05.925004,2026-07-04T03:08:05.928947+00:00,130.7,11,bid,Xuanyu Liu,WavyWalnuts,6496729
2026-07-04T03:08:06.632454,2026-07-04T03:08:06.644192+00:00,130.6,20,ask,YieldingYams,BrilliantBurritos,6496747
2026-07-04T03:08:07.829910,2026-07-04T03:08:07.833418+00:00,130.7,11,bid,Xuanyu Liu,WavyWalnuts,6496766
2026-07-04T03:08:08.216874,2026-07-04T03:08:08.220397+00:00,130.6,12,bid,Xuanyu Liu,YieldingYams,6496772
2026-07-04T03:08:13.736869,2026-07-04T03:08:13.744000+00:00,130.7,20,ask,WavyWalnuts,BrilliantBurritos,6496833
2026-07-04T03:08:13.922359,2026-07-04T03:08:13.933949+00:00,130.8,200,bid,WavyWalnuts,YieldingYams,6496837
2026-07-04T03:08:17.321965,2026-07-04T03:08:17.326333+00:00,130.9,23,bid,Xuanyu Liu,WavyWalnuts,6496875
2026-07-04T03:08:17.384619,2026-07-04T03:08:17.388096+00:00,130.8,11,bid,Xuanyu Liu,YieldingYams,6496877
2026-07-04T03:08:21.217874,2026-07-04T03:08:21.221379+00:00,130.8,11,ask,WavyWalnuts,Xuanyu Liu,6496915
2026-07-04T03:08:28.476249,2026-07-04T03:08:28.484824+00:00,130.7,200,ask,YieldingYams,WavyWalnuts,6496998
2026-07-04T03:08:29.211898,2026-07-04T03:08:29.215512+00:00,130.7,11,bid,Xuanyu Liu,YieldingYams,6497010
2026-07-04T03:08:30.893417,2026-07-04T03:08:30.902460+00:00,130.7,200,bid,WavyWalnuts,AverageAlmonds,6497033
2026-07-04T03:08:33.816125,2026-07-04T03:08:33.824441+00:00,130.6,200,ask,WavyWalnuts,AverageAlmonds,6497062
2026-07-04T03:08:34.513274,2026-07-04T03:08:34.522349+00:00,130.6,200,bid,WavyWalnuts,AverageAlmonds,6497078
2026-07-04T03:08:35.722746,2026-07-04T03:08:35.730501+00:00,130.6,200,bid,WavyWalnuts,AverageAlmonds,6497094
2026-07-04T03:08:35.742482,2026-07-04T03:08:35.750153+00:00,130.6,300,bid,YieldingYams,AverageAlmonds,6497095
2026-07-04T03:08:36.249902,2026-07-04T03:08:36.258681+00:00,130.6,325,ask,YieldingYams,AverageAlmonds,6497100
2026-07-04T03:08:36.930753,2026-07-04T03:08:36.940373+00:00,130.5,200,bid,WavyWalnuts,AverageAlmonds,6497106
2026-07-04T03:08:37.063668,2026-07-04T03:08:37.067083+00:00,130.4,3,bid,Xuanyu Liu,YieldingYams,6497108
2026-07-04T03:08:38.140285,2026-07-04T03:08:38.151130+00:00,130.4,200,bid,WavyWalnuts,YieldingYams,6497128
2026-07-04T03:08:39.348158,2026-07-04T03:08:39.352632+00:00,130.4,200,bid,WavyWalnuts,YieldingYams,6497149
2026-07-04T03:08:40.450600,2026-07-04T03:08:40.458578+00:00,130.5,20,bid,BrilliantBurritos,YieldingYams,6497166
2026-07-04T03:08:40.557537,2026-07-04T03:08:40.564918+00:00,130.5,200,bid,WavyWalnuts,YieldingYams,6497167
2026-07-04T03:08:40.985521,2026-07-04T03:08:40.988886+00:00,130.5,14,ask,YieldingYams,Xuanyu Liu,6497172
2026-07-04T03:08:42.279197,2026-07-04T03:08:42.286803+00:00,130.6,500,bid,YieldingYams,AverageAlmonds,6497181
2026-07-04T03:08:42.279197,2026-07-04T03:08:42.286803+00:00,130.6,125,bid,YieldingYams,WavyWalnuts,6497182
2026-07-04T03:08:42.666494,2026-07-04T03:08:42.670072+00:00,130.6,14,bid,Xuanyu Liu,WavyWalnuts,6497194
2026-07-04T03:08:44.181753,2026-07-04T03:08:44.192846+00:00,130.7,200,bid,WavyWalnuts,YieldingYams,6497218
2026-07-04T03:08:45.393566,2026-07-04T03:08:45.400594+00:00,130.6,200,bid,WavyWalnuts,AverageAlmonds,6497241
2026-07-04T03:08:46.603305,2026-07-04T03:08:46.613693+00:00,130.6,200,bid,WavyWalnuts,AverageAlmonds,6497253
2026-07-04T03:08:50.235324,2026-07-04T03:08:50.246531+00:00,130.8,200,bid,WavyWalnuts,YieldingYams,6497296
2026-07-04T03:08:51.448006,2026-07-04T03:08:51.478244+00:00,130.8,200,bid,WavyWalnuts,YieldingYams,6497309
2026-07-04T03:08:51.454031,2026-07-04T03:08:51.478244+00:00,130.9,500,bid,YieldingYams,AverageAlmonds,6497310
2026-07-04T03:08:51.474411,2026-07-04T03:08:51.478244+00:00,130.9,3,ask,YieldingYams,Xuanyu Liu,6497312
2026-07-04T03:08:51.973941,2026-07-04T03:08:51.985396+00:00,130.9,122,ask,YieldingYams,AverageAlmonds,6497320
2026-07-04T03:08:53.867364,2026-07-04T03:08:53.875411+00:00,130.9,200,bid,WavyWalnuts,YieldingYams,6497346
2026-07-04T03:08:55.321129,2026-07-04T03:08:55.324854+00:00,131.0,17,bid,Xuanyu Liu,AverageAlmonds,6497366
2026-07-04T03:08:55.964779,2026-07-04T03:08:55.975713+00:00,131.0,20,bid,BrilliantBurritos,YieldingYams,6497373
2026-07-04T03:08:56.284425,2026-07-04T03:08:56.292613+00:00,131.0,200,bid,WavyWalnuts,YieldingYams,6497380
2026-07-04T03:08:56.583993,2026-07-04T03:08:56.587815+00:00,130.8,11,ask,YieldingYams,Xuanyu Liu,6497383
2026-07-04T03:08:57.509753,2026-07-04T03:08:57.513416+00:00,130.9,3,ask,WavyWalnuts,Xuanyu Liu,6497401
2026-07-04T03:09:00.608366,2026-07-04T03:09:00.615038+00:00,130.9,500,bid,YieldingYams,AverageAlmonds,6497438
2026-07-04T03:09:01.070159,2026-07-04T03:09:01.079957+00:00,130.9,125,ask,YieldingYams,AverageAlmonds,6497445
2026-07-04T03:09:03.559416,2026-07-04T03:09:03.569521+00:00,130.8,200,ask,YieldingYams,WavyWalnuts,6497472
2026-07-04T03:09:05.979300,2026-07-04T03:09:05.986795+00:00,130.8,200,bid,WavyWalnuts,YieldingYams,6497501
2026-07-04T03:09:06.220311,2026-07-04T03:09:06.231798+00:00,130.6,20,ask,YieldingYams,BrilliantBurritos,6497506
2026-07-04T03:09:07.187751,2026-07-04T03:09:07.196403+00:00,130.8,200,bid,WavyWalnuts,AverageAlmonds,6497517
2026-07-04T03:09:08.396158,2026-07-04T03:09:08.405971+00:00,130.8,200,bid,WavyWalnuts,YieldingYams,6497538
2026-07-04T03:09:09.616704,2026-07-04T03:09:09.624344+00:00,130.9,20,bid,BrilliantBurritos,YieldingYams,6497555
2026-07-04T03:09:10.816653,2026-07-04T03:09:10.826562+00:00,130.8,200,bid,WavyWalnuts,YieldingYams,6497566
2026-07-04T03:09:11.081036,2026-07-04T03:09:11.089503+00:00,130.9,500,bid,YieldingYams,AverageAlmonds,6497571
2026-07-04T03:09:11.343917,2026-07-04T03:09:11.358768+00:00,130.9,125,ask,YieldingYams,AverageAlmonds,6497574
2026-07-04T03:09:12.026221,2026-07-04T03:09:12.068723+00:00,130.8,200,bid,WavyWalnuts,AverageAlmonds,6497590
2026-07-04T03:09:12.153466,2026-07-04T03:09:12.164082+00:00,130.8,20,bid,BrilliantBurritos,AverageAlmonds,6497592
2026-07-04T03:09:12.410364,2026-07-04T03:09:12.413886+00:00,130.7,3,ask,YieldingYams,Xuanyu Liu,6497594
2026-07-04T03:09:13.234726,2026-07-04T03:09:13.243579+00:00,130.9,200,bid,WavyWalnuts,AverageAlmonds,6497608
2026-07-04T03:09:13.710727,2026-07-04T03:09:13.714925+00:00,130.8,11,ask,YieldingYams,Xuanyu Liu,6497611
2026-07-04T03:09:13.795172,2026-07-04T03:09:13.802070+00:00,130.8,500,ask,YieldingYams,AverageAlmonds,6497613
2026-07-04T03:09:14.390588,2026-07-04T03:09:14.398597+00:00,130.8,114,ask,YieldingYams,AverageAlmonds,6497624
2026-07-04T03:09:14.416883,2026-07-04T03:09:14.420535+00:00,130.8,14,bid,Xuanyu Liu,AverageAlmonds,6497627
2026-07-04T03:09:14.443403,2026-07-04T03:09:14.452721+00:00,130.8,200,bid,WavyWalnuts,AverageAlmonds,6497628
2026-07-04T03:09:14.682999,2026-07-04T03:09:14.693812+00:00,130.0,20,ask,AverageAlmonds,BrilliantBurritos,6497632
2026-07-04T03:09:15.652787,2026-07-04T03:09:15.656978+00:00,130.7,200,bid,WavyWalnuts,YieldingYams,6497643
2026-07-04T03:09:18.032093,2026-07-04T03:09:18.039704+00:00,130.8,500,ask,YieldingYams,AverageAlmonds,6497675
2026-07-04T03:09:18.087218,2026-07-04T03:09:18.098125+00:00,130.8,125,ask,YieldingYams,WavyWalnuts,6497678
2026-07-04T03:09:20.235393,2026-07-04T03:09:20.242346+00:00,130.6,200,ask,WavyWalnuts,YieldingYams,6497707
2026-07-04T03:09:20.511475,2026-07-04T03:09:20.519903+00:00,130.6,200,bid,WavyWalnuts,YieldingYams,6497710
2026-07-04T03:09:22.908024,2026-07-04T03:09:22.919636+00:00,130.5,20,ask,WavyWalnuts,BrilliantBurritos,6497734
2026-07-04T03:09:23.992373,2026-07-04T03:09:24.004056+00:00,130.4,20,ask,YieldingYams,BrilliantBurritos,6497745
2026-07-04T03:09:24.177621,2026-07-04T03:09:24.184769+00:00,130.5,200,ask,WavyWalnuts,YieldingYams,6497750
2026-07-04T03:09:25.484426,2026-07-04T03:09:25.492931+00:00,130.6,200,bid,YieldingYams,WavyWalnuts,6497772
2026-07-04T03:09:31.387811,2026-07-04T03:09:31.394455+00:00,130.6,200,ask,YieldingYams,WavyWalnuts,6497842
2026-07-04T03:09:32.595115,2026-07-04T03:09:32.603361+00:00,130.6,200,ask,YieldingYams,WavyWalnuts,6497854
2026-07-04T03:09:33.236214,2026-07-04T03:09:33.239943+00:00,130.8,14,bid,Xuanyu Liu,YieldingYams,6497860
2026-07-04T03:09:33.398934,2026-07-04T03:09:33.402536+00:00,130.6,23,bid,Xuanyu Liu,YieldingYams,6497865
2026-07-04T03:09:35.021455,2026-07-04T03:09:35.024592+00:00,130.5,12,bid,Xuanyu Liu,WavyWalnuts,6497879
2026-07-04T03:09:35.556884,2026-07-04T03:09:35.557782+00:00,130.5,188,bid,AverageAlmonds,WavyWalnuts,6497890
2026-07-04T03:09:36.222427,2026-07-04T03:09:36.231847+00:00,130.5,200,ask,AverageAlmonds,WavyWalnuts,6497900
2026-07-04T03:09:36.450310,2026-07-04T03:09:36.453812+00:00,130.5,12,ask,AverageAlmonds,Xuanyu Liu,6497904
2026-07-04T03:09:36.787574,2026-07-04T03:09:36.797839+00:00,130.6,500,bid,AverageAlmonds,YieldingYams,6497912
2026-07-04T03:09:37.325390,2026-07-04T03:09:37.328494+00:00,130.6,11,ask,YieldingYams,Xuanyu Liu,6497917
2026-07-04T03:09:37.430996,2026-07-04T03:09:37.438605+00:00,130.6,200,ask,YieldingYams,WavyWalnuts,6497920
2026-07-04T03:09:38.126846,2026-07-04T03:09:38.138302+00:00,130.6,20,ask,YieldingYams,BrilliantBurritos,6497931
2026-07-04T03:09:38.626092,2026-07-04T03:09:38.630030+00:00,130.7,12,ask,AverageAlmonds,Xuanyu Liu,6497938
2026-07-04T03:09:38.634793,2026-07-04T03:09:38.645651+00:00,130.7,488,ask,AverageAlmonds,YieldingYams,6497939
2026-07-04T03:09:39.195698,2026-07-04T03:09:39.198718+00:00,130.6,137,bid,AverageAlmonds,YieldingYams,6497943
2026-07-04T03:09:39.195698,2026-07-04T03:09:39.198718+00:00,130.6,200,bid,AverageAlmonds,WavyWalnuts,6497944
2026-07-04T03:09:39.855380,2026-07-04T03:09:39.858563+00:00,130.8,200,ask,AverageAlmonds,WavyWalnuts,6497960
2026-07-04T03:09:40.961303,2026-07-04T03:09:40.972789+00:00,130.8,20,ask,AverageAlmonds,BrilliantBurritos,6497974
2026-07-04T03:09:41.064451,2026-07-04T03:09:41.072537+00:00,130.8,200,ask,AverageAlmonds,WavyWalnuts,6497975
2026-07-04T03:09:41.263888,2026-07-04T03:09:41.267318+00:00,130.8,12,bid,Xuanyu Liu,YieldingYams,6497979
2026-07-04T03:09:42.237993,2026-07-04T03:09:42.245608+00:00,130.8,313,bid,AverageAlmonds,YieldingYams,6497993
2026-07-04T03:09:42.773884,2026-07-04T03:09:42.777258+00:00,130.8,23,ask,AverageAlmonds,Xuanyu Liu,6498004
2026-07-04T03:09:42.881605,2026-07-04T03:09:42.893941+00:00,131.0,20,bid,BrilliantBurritos,WavyWalnuts,6498009
2026-07-04T03:09:44.273074,2026-07-04T03:09:44.284567+00:00,131.0,20,bid,BrilliantBurritos,WavyWalnuts,6498024
2026-07-04T03:09:45.902611,2026-07-04T03:09:45.913193+00:00,130.8,200,ask,YieldingYams,WavyWalnuts,6498052
2026-07-04T03:09:47.799383,2026-07-04T03:09:47.810207+00:00,130.8,200,ask,WavyWalnuts,YieldingYams,6498068
2026-07-04T03:09:47.799383,2026-07-04T03:09:47.810207+00:00,130.7,425,ask,AverageAlmonds,YieldingYams,6498069
2026-07-04T03:09:49.107579,2026-07-04T03:09:49.127135+00:00,130.8,200,bid,YieldingYams,WavyWalnuts,6498084
2026-07-04T03:09:49.123725,2026-07-04T03:09:49.127135+00:00,130.8,3,ask,YieldingYams,Xuanyu Liu,6498086
2026-07-04T03:09:51.965157,2026-07-04T03:09:51.973027+00:00,130.9,200,bid,WavyWalnuts,YieldingYams,6498122
2026-07-04T03:09:54.374666,2026-07-04T03:09:54.384778+00:00,130.9,200,ask,WavyWalnuts,YieldingYams,6498159
2026-07-04T03:09:54.380301,2026-07-04T03:09:54.389968+00:00,130.9,200,bid,WavyWalnuts,YieldingYams,6498160
2026-07-04T03:09:55.684450,2026-07-04T03:09:55.695142+00:00,130.9,200,bid,YieldingYams,WavyWalnuts,6498180
2026-07-04T03:09:59.223816,2026-07-04T03:09:59.227343+00:00,131.1,3,ask,WavyWalnuts,Xuanyu Liu,6498235
2026-07-04T03:10:00.925769,2026-07-04T03:10:00.932722+00:00,131.1,200,ask,WavyWalnuts,YieldingYams,6498250
2026-07-04T03:10:05.278497,2026-07-04T03:10:05.288376+00:00,131.1,200,ask,YieldingYams,WavyWalnuts,6498314
2026-07-04T03:10:06.502743,2026-07-04T03:10:06.506473+00:00,131.1,11,ask,WavyWalnuts,Xuanyu Liu,6498329
2026-07-04T03:10:08.082697,2026-07-04T03:10:08.086351+00:00,131.1,12,ask,YieldingYams,Xuanyu Liu,6498356
2026-07-04T03:10:08.794400,2026-07-04T03:10:08.798074+00:00,131.2,11,ask,YieldingYams,Xuanyu Liu,6498364
2026-07-04T03:10:08.908607,2026-07-04T03:10:08.919937+00:00,131.2,200,ask,YieldingYams,WavyWalnuts,6498366
2026-07-04T03:10:11.332259,2026-07-04T03:10:11.335342+00:00,131.1,12,ask,WavyWalnuts,Xuanyu Liu,6498407
2026-07-04T03:10:17.416405,2026-07-04T03:10:17.427268+00:00,131.2,200,bid,WavyWalnuts,YieldingYams,6498487
2026-07-04T03:10:17.572847,2026-07-04T03:10:17.576720+00:00,131.0,11,ask,YieldingYams,Xuanyu Liu,6498491
2026-07-04T03:10:18.626611,2026-07-04T03:10:18.634742+00:00,131.2,200,bid,WavyWalnuts,YieldingYams,6498501
2026-07-04T03:10:19.282727,2026-07-04T03:10:19.286221+00:00,131.1,11,ask,YieldingYams,Xuanyu Liu,6498510
2026-07-04T03:10:19.836227,2026-07-04T03:10:19.844620+00:00,131.3,200,bid,WavyWalnuts,YieldingYams,6498522
2026-07-04T03:10:20.592743,2026-07-04T03:10:20.596459+00:00,131.2,12,ask,YieldingYams,Xuanyu Liu,6498532
2026-07-04T03:10:21.044468,2026-07-04T03:10:21.058586+00:00,131.4,200,bid,WavyWalnuts,YieldingYams,6498539
2026-07-04T03:10:22.252324,2026-07-04T03:10:22.256529+00:00,131.4,200,bid,WavyWalnuts,YieldingYams,6498557
2026-07-04T03:10:23.461826,2026-07-04T03:10:23.469148+00:00,131.4,200,ask,YieldingYams,WavyWalnuts,6498574
2026-07-04T03:10:23.828185,2026-07-04T03:10:23.837193+00:00,131.6,20,bid,BrilliantBurritos,YieldingYams,6498581
2026-07-04T03:10:25.110206,2026-07-04T03:10:25.119846+00:00,131.5,25,ask,WavyWalnuts,Richard Zhang,6498599
2026-07-04T03:10:25.877645,2026-07-04T03:10:25.884258+00:00,131.4,200,ask,YieldingYams,WavyWalnuts,6498612
2026-07-04T03:10:27.000468,2026-07-04T03:10:27.003645+00:00,131.6,12,bid,Xuanyu Liu,YieldingYams,6498629
2026-07-04T03:10:27.084908,2026-07-04T03:10:27.093255+00:00,131.4,200,ask,YieldingYams,WavyWalnuts,6498632
2026-07-04T03:10:27.125810,2026-07-04T03:10:27.134040+00:00,131.6,20,bid,BrilliantBurritos,YieldingYams,6498633
2026-07-04T03:10:28.049469,2026-07-04T03:10:28.058571+00:00,131.7,20,bid,BrilliantBurritos,YieldingYams,6498645
2026-07-04T03:10:28.295647,2026-07-04T03:10:28.306559+00:00,131.5,200,ask,YieldingYams,WavyWalnuts,6498647
2026-07-04T03:10:28.459039,2026-07-04T03:10:28.465873+00:00,131.6,500,bid,YieldingYams,AverageAlmonds,6498650
2026-07-04T03:10:28.838722,2026-07-04T03:10:28.846207+00:00,131.6,125,ask,YieldingYams,AverageAlmonds,6498652
2026-07-04T03:10:29.516284,2026-07-04T03:10:29.519648+00:00,131.3,34,bid,Xuanyu Liu,WavyWalnuts,6498665
2026-07-04T03:10:30.124067,2026-07-04T03:10:30.135722+00:00,131.2,25,ask,YieldingYams,Richard Zhang,6498675
2026-07-04T03:10:30.710848,2026-07-04T03:10:30.721651+00:00,131.2,200,ask,YieldingYams,WavyWalnuts,6498689
2026-07-04T03:10:30.724641,2026-07-04T03:10:30.731924+00:00,131.2,20,ask,YieldingYams,BrilliantBurritos,6498690
2026-07-04T03:10:31.918673,2026-07-04T03:10:31.926757+00:00,131.2,200,ask,YieldingYams,WavyWalnuts,6498705
2026-07-04T03:10:33.137232,2026-07-04T03:10:33.140778+00:00,131.3,12,ask,WavyWalnuts,Xuanyu Liu,6498719
2026-07-04T03:10:35.139156,2026-07-04T03:10:35.146661+00:00,131.3,25,ask,WavyWalnuts,Richard Zhang,6498752
2026-07-04T03:10:35.536106,2026-07-04T03:10:35.547333+00:00,131.4,200,bid,WavyWalnuts,YieldingYams,6498760
2026-07-04T03:10:36.778023,2026-07-04T03:10:36.781917+00:00,131.4,11,ask,WavyWalnuts,Xuanyu Liu,6498785
2026-07-04T03:10:39.664458,2026-07-04T03:10:39.668436+00:00,131.5,11,bid,Xuanyu Liu,YieldingYams,6498819
2026-07-04T03:10:40.151849,2026-07-04T03:10:40.159795+00:00,131.4,25,ask,WavyWalnuts,Richard Zhang,6498826
2026-07-04T03:10:42.835765,2026-07-04T03:10:42.839546+00:00,131.5,12,bid,Xuanyu Liu,YieldingYams,6498858
2026-07-04T03:10:44.198874,2026-07-04T03:10:44.218930+00:00,131.4,200,ask,WavyWalnuts,YieldingYams,6498878
2026-07-04T03:10:44.215552,2026-07-04T03:10:44.218930+00:00,131.4,11,bid,Xuanyu Liu,YieldingYams,6498880
2026-07-04T03:10:46.816627,2026-07-04T03:10:46.823423+00:00,131.4,200,bid,YieldingYams,WavyWalnuts,6498920
2026-07-04T03:10:46.834176,2026-07-04T03:10:46.837875+00:00,131.5,11,ask,YieldingYams,Xuanyu Liu,6498923
2026-07-04T03:10:47.675911,2026-07-04T03:10:47.684690+00:00,131.5,200,ask,YieldingYams,WavyWalnuts,6498935
2026-07-04T03:10:48.144975,2026-07-04T03:10:48.148618+00:00,131.5,11,bid,Xuanyu Liu,YieldingYams,6498942
2026-07-04T03:10:49.848820,2026-07-04T03:10:49.858578+00:00,131.4,20,bid,BrilliantBurritos,WavyWalnuts,6498965
2026-07-04T03:10:50.745720,2026-07-04T03:10:50.758610+00:00,131.4,200,ask,WavyWalnuts,YieldingYams,6498982
2026-07-04T03:10:51.301473,2026-07-04T03:10:51.310861+00:00,131.4,200,bid,WavyWalnuts,YieldingYams,6498989
2026-07-04T03:10:51.863788,2026-07-04T03:10:51.874302+00:00,131.4,225,bid,AverageAlmonds,YieldingYams,6498992
2026-07-04T03:10:52.510664,2026-07-04T03:10:52.519139+00:00,131.4,200,ask,YieldingYams,WavyWalnuts,6499005
2026-07-04T03:10:53.718941,2026-07-04T03:10:53.729593+00:00,131.3,200,ask,AverageAlmonds,WavyWalnuts,6499030
2026-07-04T03:10:54.274391,2026-07-04T03:10:54.284245+00:00,131.4,500,bid,AverageAlmonds,YieldingYams,6499037
2026-07-04T03:10:54.682167,2026-07-04T03:10:54.686391+00:00,131.6,11,ask,YieldingYams,Xuanyu Liu,6499046
2026-07-04T03:10:54.930852,2026-07-04T03:10:54.938101+00:00,131.6,200,ask,YieldingYams,WavyWalnuts,6499052
2026-07-04T03:10:55.215562,2026-07-04T03:10:55.227433+00:00,131.6,20,ask,YieldingYams,BrilliantBurritos,6499057
2026-07-04T03:10:56.627920,2026-07-04T03:10:56.639697+00:00,131.5,20,ask,YieldingYams,BrilliantBurritos,6499076
2026-07-04T03:10:59.786600,2026-07-04T03:10:59.790766+00:00,131.5,12,ask,WavyWalnuts,Xuanyu Liu,6499112
2026-07-04T03:11:04.072376,2026-07-04T03:11:04.084115+00:00,131.5,20,ask,WavyWalnuts,BrilliantBurritos,6499153
2026-07-04T03:11:05.141893,2026-07-04T03:11:05.158614+00:00,131.6,200,ask,WavyWalnuts,YieldingYams,6499163
2026-07-04T03:11:05.835178,2026-07-04T03:11:05.844364+00:00,131.5,200,bid,WavyWalnuts,YieldingYams,6499172
2026-07-04T03:11:10.377544,2026-07-04T03:11:10.388840+00:00,131.6,200,ask,WavyWalnuts,YieldingYams,6499219
2026-07-04T03:11:10.673961,2026-07-04T03:11:10.682496+00:00,131.6,200,bid,WavyWalnuts,YieldingYams,6499224
2026-07-04T03:11:11.314541,2026-07-04T03:11:11.317942+00:00,131.6,23,bid,Xuanyu Liu,YieldingYams,6499236
2026-07-04T03:11:13.092222,2026-07-04T03:11:13.102920+00:00,131.6,200,ask,YieldingYams,WavyWalnuts,6499246
2026-07-04T03:11:19.166290,2026-07-04T03:11:19.175256+00:00,131.5,200,ask,AverageAlmonds,WavyWalnuts,6499333
2026-07-04T03:11:20.860068,2026-07-04T03:11:20.863648+00:00,131.5,34,ask,AverageAlmonds,Xuanyu Liu,6499354
2026-07-04T03:11:20.929778,2026-07-04T03:11:20.938195+00:00,131.6,200,bid,AverageAlmonds,WavyWalnuts,6499355
2026-07-04T03:11:20.929778,2026-07-04T03:11:20.938195+00:00,131.6,300,bid,AverageAlmonds,YieldingYams,6499356
2026-07-04T03:11:21.523378,2026-07-04T03:11:21.533367+00:00,131.6,325,bid,AverageAlmonds,YieldingYams,6499362
2026-07-04T03:11:21.547400,2026-07-04T03:11:21.550732+00:00,131.7,23,ask,AverageAlmonds,Xuanyu Liu,6499364
2026-07-04T03:11:22.132018,2026-07-04T03:11:22.140640+00:00,131.8,200,bid,AverageAlmonds,WavyWalnuts,6499374
2026-07-04T03:11:23.974836,2026-07-04T03:11:23.978774+00:00,131.8,23,bid,Xuanyu Liu,YieldingYams,6499396
2026-07-04T03:11:24.546351,2026-07-04T03:11:24.558589+00:00,131.8,500,bid,AverageAlmonds,YieldingYams,6499402
2026-07-04T03:11:24.789093,2026-07-04T03:11:24.797219+00:00,131.8,200,bid,YieldingYams,WavyWalnuts,6499407
2026-07-04T03:11:27.131708,2026-07-04T03:11:27.135671+00:00,132.1,23,bid,Xuanyu Liu,YieldingYams,6499441
2026-07-04T03:11:27.411960,2026-07-04T03:11:27.419154+00:00,132.1,200,bid,YieldingYams,WavyWalnuts,6499447
2026-07-04T03:11:27.626664,2026-07-04T03:11:27.634780+00:00,132.1,200,ask,YieldingYams,WavyWalnuts,6499449
2026-07-04T03:11:31.903313,2026-07-04T03:11:31.915174+00:00,132.0,20,ask,WavyWalnuts,BrilliantBurritos,6499508
2026-07-04T03:11:35.271698,2026-07-04T03:11:35.278673+00:00,132.2,200,ask,WavyWalnuts,YieldingYams,6499545
2026-07-04T03:11:35.289570,2026-07-04T03:11:35.292827+00:00,132.2,11,bid,Xuanyu Liu,YieldingYams,6499547
2026-07-04T03:11:35.699032,2026-07-04T03:11:35.710592+00:00,132.2,20,bid,BrilliantBurritos,YieldingYams,6499554
2026-07-04T03:11:36.087394,2026-07-04T03:11:36.098050+00:00,132.2,200,bid,WavyWalnuts,YieldingYams,6499558
2026-07-04T03:11:37.328237,2026-07-04T03:11:37.332024+00:00,132.2,12,bid,Xuanyu Liu,WavyWalnuts,6499580
2026-07-04T03:11:37.907096,2026-07-04T03:11:37.917188+00:00,132.2,188,bid,YieldingYams,WavyWalnuts,6499583
2026-07-04T03:11:39.932364,2026-07-04T03:11:39.939646+00:00,132.3,20,bid,BrilliantBurritos,WavyWalnuts,6499613
2026-07-04T03:11:45.799877,2026-07-04T03:11:45.807989+00:00,132.5,200,bid,WavyWalnuts,YieldingYams,6499698
2026-07-04T03:11:46.915638,2026-07-04T03:11:46.927670+00:00,132.2,20,ask,YieldingYams,BrilliantBurritos,6499717
2026-07-04T03:11:47.020574,2026-07-04T03:11:47.023956+00:00,132.4,12,ask,WavyWalnuts,Xuanyu Liu,6499719
2026-07-04T03:11:48.432720,2026-07-04T03:11:48.443845+00:00,132.5,20,ask,YieldingYams,BrilliantBurritos,6499742
2026-07-04T03:11:49.277425,2026-07-04T03:11:49.281430+00:00,132.7,12,bid,Xuanyu Liu,WavyWalnuts,6499752
2026-07-04T03:11:49.711015,2026-07-04T03:11:49.714784+00:00,132.6,11,bid,Xuanyu Liu,YieldingYams,6499757
2026-07-04T03:11:51.859083,2026-07-04T03:11:51.863025+00:00,132.5,3,bid,Xuanyu Liu,WavyWalnuts,6499785
2026-07-04T03:11:54.948545,2026-07-04T03:11:54.960080+00:00,132.5,200,bid,YieldingYams,WavyWalnuts,6499841
2026-07-04T03:11:55.452446,2026-07-04T03:11:55.464170+00:00,132.5,425,ask,YieldingYams,AverageAlmonds,6499857
2026-07-04T03:11:55.470140,2026-07-04T03:11:55.479701+00:00,132.5,75,bid,WavyWalnuts,AverageAlmonds,6499859
2026-07-04T03:11:56.046447,2026-07-04T03:11:56.058588+00:00,132.5,125,ask,WavyWalnuts,AverageAlmonds,6499864
2026-07-04T03:11:56.681686,2026-07-04T03:11:56.689823+00:00,132.4,200,bid,WavyWalnuts,YieldingYams,6499879
2026-07-04T03:11:57.891017,2026-07-04T03:11:57.898029+00:00,132.4,200,bid,WavyWalnuts,YieldingYams,6499900
2026-07-04T03:12:00.316499,2026-07-04T03:12:00.324572+00:00,132.3,200,ask,YieldingYams,WavyWalnuts,6499928
2026-07-04T03:12:05.191695,2026-07-04T03:12:05.195211+00:00,132.4,3,ask,WavyWalnuts,Xuanyu Liu,6499987
2026-07-04T03:12:05.270606,2026-07-04T03:12:05.282065+00:00,132.5,20,bid,BrilliantBurritos,YieldingYams,6499989
2026-07-04T03:12:05.465140,2026-07-04T03:12:05.476613+00:00,132.4,197,ask,WavyWalnuts,YieldingYams,6499994
2026-07-04T03:12:06.381931,2026-07-04T03:12:06.392888+00:00,132.4,200,bid,WavyWalnuts,YieldingYams,6500003
2026-07-04T03:12:07.590467,2026-07-04T03:12:07.601103+00:00,132.5,200,bid,WavyWalnuts,YieldingYams,6500023
2026-07-04T03:12:09.410289,2026-07-04T03:12:09.421596+00:00,132.5,200,ask,WavyWalnuts,YieldingYams,6500056
2026-07-04T03:12:10.007579,2026-07-04T03:12:10.017071+00:00,132.3,200,bid,WavyWalnuts,YieldingYams,6500062
2026-07-04T03:12:11.463587,2026-07-04T03:12:11.467022+00:00,132.2,34,ask,WavyWalnuts,Xuanyu Liu,6500084
2026-07-04T03:12:12.437461,2026-07-04T03:12:12.440981+00:00,132.3,12,ask,WavyWalnuts,Xuanyu Liu,6500101
2026-07-04T03:12:14.569872,2026-07-04T03:12:14.573609+00:00,132.5,12,bid,Xuanyu Liu,YieldingYams,6500127
2026-07-04T03:12:15.949918,2026-07-04T03:12:15.958546+00:00,132.3,200,ask,WavyWalnuts,YieldingYams,6500141
2026-07-04T03:12:15.965173,2026-07-04T03:12:15.968387+00:00,132.3,23,bid,Xuanyu Liu,YieldingYams,6500143
2026-07-04T03:12:17.252878,2026-07-04T03:12:17.264064+00:00,132.3,200,bid,WavyWalnuts,YieldingYams,6500164
2026-07-04T03:12:19.698904,2026-07-04T03:12:19.707194+00:00,132.3,200,ask,YieldingYams,WavyWalnuts,6500194
2026-07-04T03:12:20.914135,2026-07-04T03:12:20.922112+00:00,132.3,200,ask,YieldingYams,WavyWalnuts,6500211
2026-07-04T03:12:22.122411,2026-07-04T03:12:22.133610+00:00,132.3,200,ask,YieldingYams,WavyWalnuts,6500223
2026-07-04T03:12:22.652861,2026-07-04T03:12:22.659270+00:00,132.4,20,bid,BrilliantBurritos,AverageAlmonds,6500225
2026-07-04T03:12:23.806014,2026-07-04T03:12:23.813140+00:00,132.4,500,bid,YieldingYams,AverageAlmonds,6500245
2026-07-04T03:12:23.806014,2026-07-04T03:12:23.818397+00:00,132.4,125,bid,YieldingYams,WavyWalnuts,6500246
2026-07-04T03:12:26.386300,2026-07-04T03:12:26.400616+00:00,132.2,20,ask,YieldingYams,BrilliantBurritos,6500287
2026-07-04T03:12:26.425357,2026-07-04T03:12:26.432720+00:00,132.3,200,bid,YieldingYams,WavyWalnuts,6500288
2026-07-04T03:12:26.961787,2026-07-04T03:12:26.969025+00:00,132.3,200,ask,YieldingYams,WavyWalnuts,6500293
2026-07-04T03:12:27.542796,2026-07-04T03:12:27.546292+00:00,132.4,11,bid,Xuanyu Liu,AverageAlmonds,6500299
2026-07-04T03:12:28.488524,2026-07-04T03:12:28.496993+00:00,132.2,20,ask,WavyWalnuts,BrilliantBurritos,6500312
2026-07-04T03:12:30.432933,2026-07-04T03:12:30.443734+00:00,132.3,20,ask,YieldingYams,BrilliantBurritos,6500330
2026-07-04T03:12:31.657420,2026-07-04T03:12:31.660574+00:00,132.4,3,bid,Xuanyu Liu,WavyWalnuts,6500341
2026-07-04T03:12:35.625465,2026-07-04T03:12:35.643032+00:00,132.2,200,ask,WavyWalnuts,YieldingYams,6500404
2026-07-04T03:12:35.639963,2026-07-04T03:12:35.643032+00:00,132.2,3,bid,Xuanyu Liu,YieldingYams,6500406
2026-07-04T03:12:36.648439,2026-07-04T03:12:36.659745+00:00,132.2,200,bid,WavyWalnuts,YieldingYams,6500418
2026-07-04T03:12:38.240736,2026-07-04T03:12:38.247661+00:00,132.2,200,bid,YieldingYams,WavyWalnuts,6500444
2026-07-04T03:12:39.069818,2026-07-04T03:12:39.079988+00:00,132.2,200,ask,YieldingYams,WavyWalnuts,6500452
2026-07-04T03:12:43.917172,2026-07-04T03:12:43.924437+00:00,132.3,200,ask,YieldingYams,WavyWalnuts,6500517
2026-07-04T03:12:44.807441,2026-07-04T03:12:44.810989+00:00,132.5,3,ask,YieldingYams,Xuanyu Liu,6500530
2026-07-04T03:12:45.129638,2026-07-04T03:12:45.139134+00:00,132.5,200,ask,YieldingYams,WavyWalnuts,6500533
2026-07-04T03:12:46.640984,2026-07-04T03:12:46.658577+00:00,132.3,20,ask,YieldingYams,BrilliantBurritos,6500543
2026-07-04T03:12:47.411692,2026-07-04T03:12:47.422188+00:00,132.4,200,bid,YieldingYams,WavyWalnuts,6500551
2026-07-04T03:12:48.720448,2026-07-04T03:12:48.728264+00:00,132.5,200,bid,YieldingYams,WavyWalnuts,6500568
2026-07-04T03:12:48.753592,2026-07-04T03:12:48.758596+00:00,132.5,200,ask,YieldingYams,WavyWalnuts,6500571
2026-07-04T03:12:49.963739,2026-07-04T03:12:49.975070+00:00,132.5,200,ask,YieldingYams,WavyWalnuts,6500584
2026-07-04T03:12:50.031533,2026-07-04T03:12:50.051965+00:00,132.2,200,ask,WavyWalnuts,YieldingYams,6500587
2026-07-04T03:12:50.048662,2026-07-04T03:12:50.051965+00:00,132.2,14,bid,Xuanyu Liu,YieldingYams,6500589
2026-07-04T03:12:52.608106,2026-07-04T03:12:52.611943+00:00,132.1,14,ask,YieldingYams,Xuanyu Liu,6500621
2026-07-04T03:12:56.021946,2026-07-04T03:12:56.030081+00:00,132.1,200,ask,YieldingYams,WavyWalnuts,6500655
2026-07-04T03:12:57.044600,2026-07-04T03:12:57.058612+00:00,132.1,20,ask,YieldingYams,BrilliantBurritos,6500672
2026-07-04T03:12:57.231894,2026-07-04T03:12:57.240291+00:00,132.2,200,ask,AverageAlmonds,WavyWalnuts,6500675
2026-07-04T03:12:58.439266,2026-07-04T03:12:58.458629+00:00,132.1,200,ask,YieldingYams,WavyWalnuts,6500696
2026-07-04T03:12:59.214787,2026-07-04T03:12:59.218343+00:00,132.2,3,bid,Xuanyu Liu,YieldingYams,6500705
2026-07-04T03:12:59.647867,2026-07-04T03:12:59.655995+00:00,132.1,200,ask,AverageAlmonds,WavyWalnuts,6500710
2026-07-04T03:13:00.204246,2026-07-04T03:13:00.211692+00:00,132.2,500,bid,AverageAlmonds,YieldingYams,6500717
2026-07-04T03:13:00.856185,2026-07-04T03:13:00.863853+00:00,132.3,200,ask,YieldingYams,WavyWalnuts,6500727
2026-07-04T03:13:03.627769,2026-07-04T03:13:03.639440+00:00,132.3,20,ask,YieldingYams,BrilliantBurritos,6500766
2026-07-04T03:13:05.198080,2026-07-04T03:13:05.202171+00:00,132.5,11,bid,Xuanyu Liu,WavyWalnuts,6500787
2026-07-04T03:13:06.443456,2026-07-04T03:13:06.446871+00:00,132.5,23,bid,Xuanyu Liu,WavyWalnuts,6500807
2026-07-04T03:13:06.518418,2026-07-04T03:13:06.529762+00:00,132.4,20,ask,YieldingYams,BrilliantBurritos,6500810
2026-07-04T03:13:09.702988,2026-07-04T03:13:09.712612+00:00,132.5,200,bid,YieldingYams,WavyWalnuts,6500851
2026-07-04T03:13:14.977601,2026-07-04T03:13:14.980767+00:00,132.5,12,bid,Xuanyu Liu,YieldingYams,6500924
2026-07-04T03:13:15.402966,2026-07-04T03:13:15.414047+00:00,132.5,200,bid,WavyWalnuts,YieldingYams,6500929
2026-07-04T03:13:17.769882,2026-07-04T03:13:17.779472+00:00,132.6,500,ask,YieldingYams,AverageAlmonds,6500956
2026-07-04T03:13:18.367587,2026-07-04T03:13:18.374217+00:00,132.6,125,ask,YieldingYams,AverageAlmonds,6500965
2026-07-04T03:13:18.367587,2026-07-04T03:13:18.379441+00:00,132.6,200,ask,WavyWalnuts,AverageAlmonds,6500966
2026-07-04T03:13:20.242944,2026-07-04T03:13:20.258601+00:00,132.5,200,bid,WavyWalnuts,YieldingYams,6501000
2026-07-04T03:13:21.064244,2026-07-04T03:13:21.067865+00:00,132.3,12,ask,YieldingYams,Xuanyu Liu,6501012
2026-07-04T03:13:21.470131,2026-07-04T03:13:21.474168+00:00,132.4,11,ask,WavyWalnuts,Xuanyu Liu,6501020
2026-07-04T03:13:24.112770,2026-07-04T03:13:24.121675+00:00,132.5,20,bid,BrilliantBurritos,YieldingYams,6501050
2026-07-04T03:13:27.498515,2026-07-04T03:13:27.505792+00:00,132.3,200,ask,YieldingYams,WavyWalnuts,6501096
2026-07-04T03:13:28.738463,2026-07-04T03:13:28.742502+00:00,132.3,23,bid,Xuanyu Liu,WavyWalnuts,6501108
2026-07-04T03:13:29.943443,2026-07-04T03:13:29.947033+00:00,132.2,11,bid,Xuanyu Liu,WavyWalnuts,6501129
2026-07-04T03:13:30.088699,2026-07-04T03:13:30.100587+00:00,132.2,20,bid,BrilliantBurritos,WavyWalnuts,6501131
2026-07-04T03:13:30.712520,2026-07-04T03:13:30.715756+00:00,132.1,11,bid,Xuanyu Liu,YieldingYams,6501141
2026-07-04T03:13:34.620331,2026-07-04T03:13:34.631692+00:00,131.9,200,ask,WavyWalnuts,YieldingYams,6501192
2026-07-04T03:13:36.874866,2026-07-04T03:13:36.878232+00:00,131.7,11,ask,YieldingYams,Xuanyu Liu,6501219
2026-07-04T03:13:37.143854,2026-07-04T03:13:37.158547+00:00,131.7,20,ask,YieldingYams,BrilliantBurritos,6501221
2026-07-04T03:13:37.241587,2026-07-04T03:13:37.249614+00:00,131.8,200,bid,YieldingYams,WavyWalnuts,6501224
2026-07-04T03:13:37.260730,2026-07-04T03:13:37.264661+00:00,131.8,11,ask,YieldingYams,Xuanyu Liu,6501226
2026-07-04T03:13:40.043796,2026-07-04T03:13:40.047497+00:00,131.9,11,bid,Xuanyu Liu,AverageAlmonds,6501266
2026-07-04T03:13:42.016591,2026-07-04T03:13:42.023627+00:00,131.7,200,ask,YieldingYams,WavyWalnuts,6501295
2026-07-04T03:13:44.486840,2026-07-04T03:13:44.490055+00:00,131.7,11,ask,YieldingYams,Xuanyu Liu,6501327
2026-07-04T03:13:45.105885,2026-07-04T03:13:45.113860+00:00,131.8,200,bid,YieldingYams,WavyWalnuts,6501335
2026-07-04T03:13:45.120355,2026-07-04T03:13:45.123900+00:00,131.8,12,ask,YieldingYams,Xuanyu Liu,6501337
2026-07-04T03:13:45.621954,2026-07-04T03:13:45.631917+00:00,131.8,413,ask,YieldingYams,AverageAlmonds,6501344
2026-07-04T03:13:48.064535,2026-07-04T03:13:48.074935+00:00,131.7,200,bid,WavyWalnuts,YieldingYams,6501368
2026-07-04T03:13:48.243023,2026-07-04T03:13:48.258594+00:00,131.7,20,bid,BrilliantBurritos,YieldingYams,6501370
2026-07-04T03:13:49.286878,2026-07-04T03:13:49.290308+00:00,131.8,11,ask,WavyWalnuts,Xuanyu Liu,6501390
2026-07-04T03:13:50.364879,2026-07-04T03:13:50.368827+00:00,131.9,12,ask,YieldingYams,Xuanyu Liu,6501400
2026-07-04T03:13:50.489079,2026-07-04T03:13:50.496021+00:00,131.9,200,ask,YieldingYams,WavyWalnuts,6501405
2026-07-04T03:13:55.847783,2026-07-04T03:13:55.851646+00:00,131.8,11,ask,WavyWalnuts,Xuanyu Liu,6501490
2026-07-04T03:13:56.704167,2026-07-04T03:13:56.712000+00:00,131.8,20,ask,WavyWalnuts,BrilliantBurritos,6501505
2026-07-04T03:13:58.291325,2026-07-04T03:13:58.302536+00:00,131.9,20,bid,BrilliantBurritos,WavyWalnuts,6501527
2026-07-04T03:13:59.536924,2026-07-04T03:13:59.545854+00:00,131.8,200,ask,WavyWalnuts,YieldingYams,6501535
2026-07-04T03:13:59.944520,2026-07-04T03:13:59.958643+00:00,131.8,20,bid,BrilliantBurritos,YieldingYams,6501543
2026-07-04T03:14:00.163319,2026-07-04T03:14:00.170709+00:00,131.8,200,bid,WavyWalnuts,YieldingYams,6501547
2026-07-04T03:14:02.159571,2026-07-04T03:14:02.178718+00:00,131.9,200,bid,YieldingYams,WavyWalnuts,6501581
2026-07-04T03:14:02.174658,2026-07-04T03:14:02.178718+00:00,131.9,3,ask,YieldingYams,Xuanyu Liu,6501583
2026-07-04T03:14:02.923512,2026-07-04T03:14:02.935386+00:00,132.1,20,bid,BrilliantBurritos,YieldingYams,6501591
2026-07-04T03:14:04.395139,2026-07-04T03:14:04.406805+00:00,131.9,20,ask,YieldingYams,BrilliantBurritos,6501608
2026-07-04T03:14:12.626803,2026-07-04T03:14:12.633510+00:00,132.1,200,ask,WavyWalnuts,YieldingYams,6501713
2026-07-04T03:14:12.643952,2026-07-04T03:14:12.647069+00:00,132.1,3,bid,Xuanyu Liu,YieldingYams,6501715
2026-07-04T03:14:15.878302,2026-07-04T03:14:15.889207+00:00,132.2,20,bid,BrilliantBurritos,WavyWalnuts,6501765
2026-07-04T03:14:16.854917,2026-07-04T03:14:16.858582+00:00,132.2,20,bid,BrilliantBurritos,AverageAlmonds,6501776
2026-07-04T03:14:19.227648,2026-07-04T03:14:19.231159+00:00,132.4,23,bid,Xuanyu Liu,WavyWalnuts,6501800
2026-07-04T03:14:19.555217,2026-07-04T03:14:19.558954+00:00,132.3,11,bid,Xuanyu Liu,WavyWalnuts,6501810
2026-07-04T03:14:23.149144,2026-07-04T03:14:23.153235+00:00,132.2,200,ask,WavyWalnuts,YieldingYams,6501851
2026-07-04T03:14:27.084707,2026-07-04T03:14:27.094478+00:00,132.1,200,bid,YieldingYams,WavyWalnuts,6501907
2026-07-04T03:14:28.015085,2026-07-04T03:14:28.025507+00:00,132.1,200,ask,YieldingYams,WavyWalnuts,6501920
2026-07-04T03:14:28.243629,2026-07-04T03:14:28.258587+00:00,132.4,20,bid,BrilliantBurritos,YieldingYams,6501922
2026-07-04T03:14:29.223328,2026-07-04T03:14:29.234422+00:00,132.1,200,bid,WavyWalnuts,YieldingYams,6501935
2026-07-04T03:14:31.016526,2026-07-04T03:14:31.023844+00:00,132.0,200,ask,WavyWalnuts,YieldingYams,6501963
2026-07-04T03:14:31.639480,2026-07-04T03:14:31.649223+00:00,132.0,200,bid,WavyWalnuts,YieldingYams,6501978
2026-07-04T03:14:36.072343,2026-07-04T03:14:36.083884+00:00,132.2,20,bid,BrilliantBurritos,YieldingYams,6502032
2026-07-04T03:14:36.250553,2026-07-04T03:14:36.253605+00:00,132.3,500,bid,YieldingYams,AverageAlmonds,6502034
2026-07-04T03:14:36.437969,2026-07-04T03:14:36.445038+00:00,132.3,125,ask,YieldingYams,AverageAlmonds,6502038
2026-07-04T03:14:37.558924,2026-07-04T03:14:37.566805+00:00,132.1,200,ask,WavyWalnuts,YieldingYams,6502049
2026-07-04T03:14:38.909305,2026-07-04T03:14:38.916627+00:00,132.1,200,bid,WavyWalnuts,YieldingYams,6502068
2026-07-04T03:14:40.227940,2026-07-04T03:14:40.235605+00:00,132.2,500,bid,YieldingYams,AverageAlmonds,6502085
2026-07-04T03:14:40.677231,2026-07-04T03:14:40.684911+00:00,132.3,125,ask,YieldingYams,AverageAlmonds,6502092
2026-07-04T03:14:41.389850,2026-07-04T03:14:41.393513+00:00,132.2,12,bid,Xuanyu Liu,AverageAlmonds,6502101
2026-07-04T03:14:45.463209,2026-07-04T03:14:45.473753+00:00,132.1,200,ask,WavyWalnuts,YieldingYams,6502156
2026-07-04T03:14:46.169756,2026-07-04T03:14:46.177899+00:00,132.0,200,bid,WavyWalnuts,YieldingYams,6502161
2026-07-04T03:14:47.390834,2026-07-04T03:14:47.394286+00:00,132.1,12,ask,WavyWalnuts,Xuanyu Liu,6502184
2026-07-04T03:14:48.587100,2026-07-04T03:14:48.594441+00:00,132.3,200,bid,WavyWalnuts,YieldingYams,6502202
2026-07-04T03:14:49.597301,2026-07-04T03:14:49.601347+00:00,132.3,23,bid,Xuanyu Liu,AverageAlmonds,6502219
2026-07-04T03:14:49.776538,2026-07-04T03:14:49.780468+00:00,132.2,11,bid,Xuanyu Liu,AverageAlmonds,6502226
2026-07-04T03:14:49.799058,2026-07-04T03:14:49.807335+00:00,132.2,200,bid,WavyWalnuts,AverageAlmonds,6502227
2026-07-04T03:14:50.428042,2026-07-04T03:14:50.439547+00:00,132.1,20,ask,YieldingYams,BrilliantBurritos,6502244
2026-07-04T03:14:50.693220,2026-07-04T03:14:50.700863+00:00,132.2,500,bid,YieldingYams,AverageAlmonds,6502250
2026-07-04T03:14:50.973830,2026-07-04T03:14:50.980982+00:00,132.2,125,ask,YieldingYams,AverageAlmonds,6502252
2026-07-04T03:14:51.009229,2026-07-04T03:14:51.017476+00:00,132.2,200,bid,WavyWalnuts,AverageAlmonds,6502255
2026-07-04T03:14:51.604439,2026-07-04T03:14:51.607908+00:00,132.1,12,bid,Xuanyu Liu,AverageAlmonds,6502266
2026-07-04T03:14:52.809205,2026-07-04T03:14:52.820899+00:00,131.9,20,ask,YieldingYams,BrilliantBurritos,6502280
2026-07-04T03:14:53.427158,2026-07-04T03:14:53.435548+00:00,132.1,200,bid,WavyWalnuts,YieldingYams,6502285
2026-07-04T03:14:54.349727,2026-07-04T03:14:54.358577+00:00,131.9,20,ask,YieldingYams,BrilliantBurritos,6502299
2026-07-04T03:14:55.175910,2026-07-04T03:14:55.187892+00:00,132.1,20,bid,BrilliantBurritos,AverageAlmonds,6502310
2026-07-04T03:14:55.200331,2026-07-04T03:14:55.208876+00:00,132.0,500,ask,YieldingYams,AverageAlmonds,6502311
2026-07-04T03:14:55.795830,2026-07-04T03:14:55.803546+00:00,132.0,125,ask,YieldingYams,AverageAlmonds,6502318
2026-07-04T03:14:55.795830,2026-07-04T03:14:55.803546+00:00,132.0,200,ask,WavyWalnuts,AverageAlmonds,6502319
2026-07-04T03:14:55.928387,2026-07-04T03:14:55.935023+00:00,131.9,200,ask,WavyWalnuts,YieldingYams,6502321
2026-07-04T03:14:57.645590,2026-07-04T03:14:57.658551+00:00,131.8,20,ask,WavyWalnuts,BrilliantBurritos,6502340
2026-07-04T03:14:59.094911,2026-07-04T03:14:59.099065+00:00,131.9,23,ask,YieldingYams,Xuanyu Liu,6502367
2026-07-04T03:14:59.859632,2026-07-04T03:14:59.866509+00:00,132.0,500,bid,YieldingYams,AverageAlmonds,6502377
2026-07-04T03:14:59.859632,2026-07-04T03:14:59.871507+00:00,132.1,125,bid,YieldingYams,WavyWalnuts,6502378
2026-07-04T03:15:00.556197,2026-07-04T03:15:00.567830+00:00,132.0,20,bid,BrilliantBurritos,AverageAlmonds,6502386
2026-07-04T03:15:01.170449,2026-07-04T03:15:01.180594+00:00,131.9,200,ask,WavyWalnuts,YieldingYams,6502393
2026-07-04T03:15:01.900838,2026-07-04T03:15:01.912462+00:00,131.9,20,bid,BrilliantBurritos,YieldingYams,6502403
2026-07-04T03:15:02.491973,2026-07-04T03:15:02.499567+00:00,131.9,200,bid,YieldingYams,WavyWalnuts,6502406
2026-07-04T03:15:05.364476,2026-07-04T03:15:05.367803+00:00,132.0,11,bid,Xuanyu Liu,AverageAlmonds,6502450
2026-07-04T03:15:05.492466,2026-07-04T03:15:05.501478+00:00,131.9,200,ask,WavyWalnuts,AverageAlmonds,6502452
2026-07-04T03:15:05.492466,2026-07-04T03:15:05.501478+00:00,131.9,300,ask,YieldingYams,AverageAlmonds,6502453
2026-07-04T03:15:07.746537,2026-07-04T03:15:07.750175+00:00,131.9,12,bid,Xuanyu Liu,YieldingYams,6502484
2026-07-04T03:15:09.156421,2026-07-04T03:15:09.164205+00:00,131.7,200,ask,YieldingYams,WavyWalnuts,6502503
2026-07-04T03:15:09.985296,2026-07-04T03:15:09.996813+00:00,131.9,20,bid,BrilliantBurritos,YieldingYams,6502513
2026-07-04T03:15:14.901742,2026-07-04T03:15:14.905688+00:00,131.8,23,ask,YieldingYams,Xuanyu Liu,6502585
2026-07-04T03:15:15.217052,2026-07-04T03:15:15.228721+00:00,131.8,200,ask,YieldingYams,WavyWalnuts,6502595
2026-07-04T03:15:17.638023,2026-07-04T03:15:17.645776+00:00,131.6,200,ask,YieldingYams,WavyWalnuts,6502628
2026-07-04T03:15:17.862257,2026-07-04T03:15:17.870262+00:00,131.6,20,ask,YieldingYams,BrilliantBurritos,6502630
2026-07-04T03:15:18.233527,2026-07-04T03:15:18.242007+00:00,131.6,500,ask,AverageAlmonds,YieldingYams,6502638
2026-07-04T03:15:18.786689,2026-07-04T03:15:18.797199+00:00,131.5,125,bid,AverageAlmonds,YieldingYams,6502643
2026-07-04T03:15:19.402030,2026-07-04T03:15:19.412006+00:00,131.6,200,bid,AverageAlmonds,WavyWalnuts,6502650
2026-07-04T03:15:19.465000,2026-07-04T03:15:19.468845+00:00,131.7,34,ask,AverageAlmonds,Xuanyu Liu,6502653
2026-07-04T03:15:20.055044,2026-07-04T03:15:20.058581+00:00,131.6,200,ask,YieldingYams,WavyWalnuts,6502664
2026-07-04T03:15:20.854041,2026-07-04T03:15:20.855318+00:00,131.7,500,ask,AverageAlmonds,YieldingYams,6502678
2026-07-04T03:15:21.218736,2026-07-04T03:15:21.229960+00:00,131.6,125,bid,AverageAlmonds,YieldingYams,6502683
2026-07-04T03:15:21.267791,2026-07-04T03:15:21.279554+00:00,131.7,200,ask,AverageAlmonds,WavyWalnuts,6502686
2026-07-04T03:15:22.175298,2026-07-04T03:15:22.178754+00:00,131.9,12,ask,YieldingYams,Xuanyu Liu,6502703
2026-07-04T03:15:22.479062,2026-07-04T03:15:22.489617+00:00,131.9,200,ask,YieldingYams,WavyWalnuts,6502709
2026-07-04T03:15:23.688319,2026-07-04T03:15:23.695604+00:00,131.9,200,ask,YieldingYams,WavyWalnuts,6502724
2026-07-04T03:15:24.895526,2026-07-04T03:15:24.902738+00:00,131.8,200,ask,YieldingYams,WavyWalnuts,6502739
2026-07-04T03:15:26.105368,2026-07-04T03:15:26.118457+00:00,131.7,200,bid,WavyWalnuts,YieldingYams,6502756
2026-07-04T03:15:26.114912,2026-07-04T03:15:26.118457+00:00,131.7,35,bid,Xuanyu Liu,YieldingYams,6502757
2026-07-04T03:15:26.583360,2026-07-04T03:15:26.594127+00:00,131.6,20,ask,AverageAlmonds,BrilliantBurritos,6502767
2026-07-04T03:15:27.546058,2026-07-04T03:15:27.549607+00:00,131.6,35,ask,AverageAlmonds,Xuanyu Liu,6502781
2026-07-04T03:15:28.523438,2026-07-04T03:15:28.535245+00:00,131.6,200,ask,YieldingYams,WavyWalnuts,6502796
2026-07-04T03:15:30.940784,2026-07-04T03:15:30.947362+00:00,131.5,200,ask,AverageAlmonds,WavyWalnuts,6502838
2026-07-04T03:15:31.490003,2026-07-04T03:15:31.500458+00:00,131.6,500,bid,AverageAlmonds,YieldingYams,6502845
2026-07-04T03:15:32.151368,2026-07-04T03:15:32.168948+00:00,131.5,200,ask,AverageAlmonds,WavyWalnuts,6502853
2026-07-04T03:15:33.358507,2026-07-04T03:15:33.368704+00:00,131.5,200,ask,YieldingYams,WavyWalnuts,6502872
2026-07-04T03:15:34.537964,2026-07-04T03:15:34.547876+00:00,131.6,500,bid,AverageAlmonds,YieldingYams,6502884
2026-07-04T03:15:35.271122,2026-07-04T03:15:35.282456+00:00,131.6,200,bid,YieldingYams,WavyWalnuts,6502896
2026-07-04T03:15:35.781381,2026-07-04T03:15:35.791469+00:00,131.8,200,ask,YieldingYams,WavyWalnuts,6502904
2026-07-04T03:15:37.033235,2026-07-04T03:15:37.037021+00:00,131.6,14,ask,YieldingYams,Xuanyu Liu,6502918
2026-07-04T03:15:38.203533,2026-07-04T03:15:38.212618+00:00,131.6,200,ask,YieldingYams,WavyWalnuts,6502928
2026-07-04T03:15:43.534735,2026-07-04T03:15:43.546344+00:00,131.7,20,ask,WavyWalnuts,BrilliantBurritos,6502996
2026-07-04T03:15:44.265048,2026-07-04T03:15:44.274552+00:00,131.7,200,ask,YieldingYams,WavyWalnuts,6503007
2026-07-04T03:15:47.054193,2026-07-04T03:15:47.062287+00:00,131.6,500,ask,AverageAlmonds,YieldingYams,6503034
2026-07-04T03:15:47.054193,2026-07-04T03:15:47.062287+00:00,131.6,125,ask,WavyWalnuts,YieldingYams,6503035
2026-07-04T03:15:49.066364,2026-07-04T03:15:49.074620+00:00,131.8,200,bid,AverageAlmonds,WavyWalnuts,6503051
2026-07-04T03:15:49.066364,2026-07-04T03:15:49.074620+00:00,131.8,300,bid,AverageAlmonds,YieldingYams,6503052
2026-07-04T03:15:49.655144,2026-07-04T03:15:49.655458+00:00,131.8,325,bid,AverageAlmonds,YieldingYams,6503067
2026-07-04T03:15:49.655144,2026-07-04T03:15:49.655458+00:00,131.8,175,bid,AverageAlmonds,WavyWalnuts,6503068
2026-07-04T03:15:49.690599,2026-07-04T03:15:49.700505+00:00,131.8,25,bid,YieldingYams,WavyWalnuts,6503069
2026-07-04T03:15:50.311489,2026-07-04T03:15:50.323068+00:00,131.9,200,ask,AverageAlmonds,WavyWalnuts,6503077
2026-07-04T03:15:51.526952,2026-07-04T03:15:51.535662+00:00,131.9,200,ask,YieldingYams,WavyWalnuts,6503092
2026-07-04T03:15:52.734077,2026-07-04T03:15:52.743356+00:00,131.9,200,ask,YieldingYams,WavyWalnuts,6503112
2026-07-04T03:15:53.940391,2026-07-04T03:15:53.949660+00:00,131.8,200,bid,WavyWalnuts,YieldingYams,6503127
2026-07-04T03:15:55.717684,2026-07-04T03:15:55.725969+00:00,131.8,200,bid,AverageAlmonds,WavyWalnuts,6503151
2026-07-04T03:15:56.354233,2026-07-04T03:15:56.369116+00:00,131.8,200,ask,YieldingYams,WavyWalnuts,6503159
2026-07-04T03:15:57.577190,2026-07-04T03:15:57.584890+00:00,131.8,200,bid,WavyWalnuts,YieldingYams,6503177
2026-07-04T03:16:00.010812,2026-07-04T03:16:00.019373+00:00,131.6,200,ask,YieldingYams,WavyWalnuts,6503212
2026-07-04T03:16:07.090912,2026-07-04T03:16:07.099327+00:00,131.6,20,ask,WavyWalnuts,BrilliantBurritos,6503305
2026-07-04T03:16:08.493045,2026-07-04T03:16:08.501252+00:00,131.7,200,ask,AverageAlmonds,WavyWalnuts,6503327
2026-07-04T03:16:09.669838,2026-07-04T03:16:09.676488+00:00,131.8,500,bid,AverageAlmonds,YieldingYams,6503338
2026-07-04T03:16:10.261588,2026-07-04T03:16:10.268951+00:00,131.8,125,bid,AverageAlmonds,YieldingYams,6503347
2026-07-04T03:16:10.261588,2026-07-04T03:16:10.274322+00:00,131.8,200,bid,AverageAlmonds,WavyWalnuts,6503348
2026-07-04T03:16:10.705341,2026-07-04T03:16:10.708815+00:00,131.9,3,ask,YieldingYams,Xuanyu Liu,6503357
2026-07-04T03:16:12.149902,2026-07-04T03:16:12.163925+00:00,132.1,20,bid,BrilliantBurritos,YieldingYams,6503375
2026-07-04T03:16:16.968105,2026-07-04T03:16:16.974805+00:00,132.0,200,ask,YieldingYams,WavyWalnuts,6503428
2026-07-04T03:16:20.606234,2026-07-04T03:16:20.617342+00:00,132.2,200,bid,WavyWalnuts,YieldingYams,6503484
2026-07-04T03:16:21.817879,2026-07-04T03:16:21.828239+00:00,132.2,200,bid,WavyWalnuts,YieldingYams,6503497
2026-07-04T03:16:21.893277,2026-07-04T03:16:21.905246+00:00,132.2,20,bid,BrilliantBurritos,YieldingYams,6503499
2026-07-04T03:16:22.519249,2026-07-04T03:16:22.522881+00:00,132.1,11,ask,YieldingYams,Xuanyu Liu,6503510
2026-07-04T03:16:24.221077,2026-07-04T03:16:24.232490+00:00,132.3,20,bid,BrilliantBurritos,WavyWalnuts,6503536
2026-07-04T03:16:27.649823,2026-07-04T03:16:27.653202+00:00,132.0,23,ask,YieldingYams,Xuanyu Liu,6503583
2026-07-04T03:16:27.756377,2026-07-04T03:16:27.760141+00:00,132.1,12,ask,YieldingYams,Xuanyu Liu,6503585
2026-07-04T03:16:27.869763,2026-07-04T03:16:27.879695+00:00,132.1,200,ask,YieldingYams,WavyWalnuts,6503590
2026-07-04T03:16:31.497624,2026-07-04T03:16:31.506698+00:00,132.1,200,ask,YieldingYams,WavyWalnuts,6503644
2026-07-04T03:16:32.987283,2026-07-04T03:16:32.998538+00:00,132.1,200,bid,YieldingYams,WavyWalnuts,6503655
2026-07-04T03:16:37.547107,2026-07-04T03:16:37.558627+00:00,132.0,200,ask,YieldingYams,WavyWalnuts,6503718
2026-07-04T03:16:39.551280,2026-07-04T03:16:39.567868+00:00,132.0,200,bid,YieldingYams,WavyWalnuts,6503742
2026-07-04T03:16:39.564007,2026-07-04T03:16:39.567868+00:00,132.0,11,ask,YieldingYams,Xuanyu Liu,6503744
2026-07-04T03:16:39.965234,2026-07-04T03:16:39.974928+00:00,132.0,200,ask,YieldingYams,WavyWalnuts,6503761
2026-07-04T03:16:40.883263,2026-07-04T03:16:40.886835+00:00,132.0,11,bid,Xuanyu Liu,YieldingYams,6503774
2026-07-04T03:16:41.191061,2026-07-04T03:16:41.194955+00:00,131.9,12,bid,Xuanyu Liu,WavyWalnuts,6503782
2026-07-04T03:16:43.464506,2026-07-04T03:16:43.468114+00:00,131.8,12,ask,YieldingYams,Xuanyu Liu,6503811
2026-07-04T03:16:43.600359,2026-07-04T03:16:43.607353+00:00,131.8,200,ask,YieldingYams,WavyWalnuts,6503814
2026-07-04T03:16:44.808755,2026-07-04T03:16:44.814174+00:00,131.8,200,ask,YieldingYams,WavyWalnuts,6503825
2026-07-04T03:16:46.021718,2026-07-04T03:16:46.033186+00:00,131.8,200,ask,YieldingYams,WavyWalnuts,6503842
2026-07-04T03:16:46.109719,2026-07-04T03:16:46.119765+00:00,131.8,500,ask,AverageAlmonds,YieldingYams,6503845
2026-07-04T03:16:46.553486,2026-07-04T03:16:46.564455+00:00,131.8,20,bid,BrilliantBurritos,YieldingYams,6503849
2026-07-04T03:16:47.189850,2026-07-04T03:16:47.200287+00:00,131.8,105,bid,AverageAlmonds,YieldingYams,6503860
2026-07-04T03:16:47.233179,2026-07-04T03:16:47.241686+00:00,131.8,20,ask,AverageAlmonds,BrilliantBurritos,6503862
2026-07-04T03:16:47.417724,2026-07-04T03:16:47.425156+00:00,131.9,200,bid,YieldingYams,WavyWalnuts,6503865
2026-07-04T03:16:48.444277,2026-07-04T03:16:48.448476+00:00,131.9,200,ask,YieldingYams,WavyWalnuts,6503881
2026-07-04T03:16:49.653126,2026-07-04T03:16:49.658630+00:00,131.9,200,bid,WavyWalnuts,YieldingYams,6503897
2026-07-04T03:16:50.863934,2026-07-04T03:16:50.871084+00:00,131.9,200,bid,WavyWalnuts,YieldingYams,6503913
2026-07-04T03:16:55.312066,2026-07-04T03:16:55.320622+00:00,131.8,200,bid,YieldingYams,WavyWalnuts,6503970
2026-07-04T03:16:56.912638,2026-07-04T03:16:56.923158+00:00,131.7,200,ask,YieldingYams,WavyWalnuts,6503990
2026-07-04T03:16:58.134891,2026-07-04T03:16:58.138921+00:00,131.6,12,bid,Xuanyu Liu,WavyWalnuts,6504012
2026-07-04T03:16:58.853806,2026-07-04T03:16:58.858862+00:00,131.6,20,bid,BrilliantBurritos,WavyWalnuts,6504023
2026-07-04T03:16:59.307845,2026-07-04T03:16:59.311221+00:00,131.4,23,ask,WavyWalnuts,Xuanyu Liu,6504033
2026-07-04T03:16:59.330736,2026-07-04T03:16:59.337142+00:00,131.6,200,bid,WavyWalnuts,YieldingYams,6504035
2026-07-04T03:17:00.537181,2026-07-04T03:17:00.547558+00:00,131.6,200,bid,WavyWalnuts,YieldingYams,6504049
2026-07-04T03:17:00.584060,2026-07-04T03:17:00.587591+00:00,131.6,23,ask,YieldingYams,Xuanyu Liu,6504052
2026-07-04T03:17:05.375461,2026-07-04T03:17:05.384680+00:00,131.6,200,ask,YieldingYams,WavyWalnuts,6504122
2026-07-04T03:17:07.121041,2026-07-04T03:17:07.129237+00:00,131.7,200,bid,YieldingYams,WavyWalnuts,6504141
2026-07-04T03:17:07.797796,2026-07-04T03:17:07.813298+00:00,131.8,200,ask,YieldingYams,WavyWalnuts,6504157
2026-07-04T03:17:08.393097,2026-07-04T03:17:08.404885+00:00,131.8,20,ask,YieldingYams,BrilliantBurritos,6504160
2026-07-04T03:17:09.006990,2026-07-04T03:17:09.016774+00:00,131.7,200,ask,YieldingYams,WavyWalnuts,6504175
2026-07-04T03:17:11.437476,2026-07-04T03:17:11.447500+00:00,131.7,200,bid,WavyWalnuts,YieldingYams,6504208
2026-07-04T03:17:12.423899,2026-07-04T03:17:12.435388+00:00,131.9,20,bid,BrilliantBurritos,YieldingYams,6504220
2026-07-04T03:17:15.001921,2026-07-04T03:17:15.012043+00:00,131.8,500,bid,AverageAlmonds,YieldingYams,6504258
2026-07-04T03:17:15.026288,2026-07-04T03:17:15.033477+00:00,131.8,200,bid,YieldingYams,WavyWalnuts,6504262
2026-07-04T03:17:15.067058,2026-07-04T03:17:15.074315+00:00,131.8,200,ask,YieldingYams,WavyWalnuts,6504264
2026-07-04T03:17:16.277445,2026-07-04T03:17:16.287483+00:00,131.8,20,ask,YieldingYams,BrilliantBurritos,6504280
2026-07-04T03:17:16.344422,2026-07-04T03:17:16.354532+00:00,131.8,500,ask,AverageAlmonds,YieldingYams,6504282
2026-07-04T03:17:16.344422,2026-07-04T03:17:16.354532+00:00,131.8,125,ask,WavyWalnuts,YieldingYams,6504283
2026-07-04T03:17:19.143126,2026-07-04T03:17:19.158570+00:00,131.8,20,ask,AverageAlmonds,BrilliantBurritos,6504318
2026-07-04T03:17:21.328583,2026-07-04T03:17:21.340155+00:00,131.8,20,ask,WavyWalnuts,BrilliantBurritos,6504351
2026-07-04T03:17:21.580117,2026-07-04T03:17:21.586595+00:00,131.8,180,ask,WavyWalnuts,YieldingYams,6504356
2026-07-04T03:17:21.657414,2026-07-04T03:17:21.669032+00:00,131.8,445,bid,AverageAlmonds,YieldingYams,6504357
2026-07-04T03:17:23.905312,2026-07-04T03:17:23.917193+00:00,132.0,20,bid,BrilliantBurritos,YieldingYams,6504392
2026-07-04T03:17:25.521762,2026-07-04T03:17:25.531472+00:00,131.9,200,bid,YieldingYams,WavyWalnuts,6504414
2026-07-04T03:17:25.979319,2026-07-04T03:17:25.982413+00:00,132.0,23,bid,Xuanyu Liu,WavyWalnuts,6504422
2026-07-04T03:17:27.208170,2026-07-04T03:17:27.219917+00:00,131.9,20,ask,WavyWalnuts,BrilliantBurritos,6504442
2026-07-04T03:17:29.460137,2026-07-04T03:17:29.469264+00:00,131.9,200,ask,WavyWalnuts,YieldingYams,6504473
2026-07-04T03:17:29.460137,2026-07-04T03:17:29.469264+00:00,131.9,425,ask,AverageAlmonds,YieldingYams,6504474
2026-07-04T03:17:32.097752,2026-07-04T03:17:32.116515+00:00,132.0,200,ask,WavyWalnuts,YieldingYams,6504526
2026-07-04T03:17:32.112619,2026-07-04T03:17:32.116515+00:00,132.0,11,bid,Xuanyu Liu,YieldingYams,6504529
2026-07-04T03:17:32.854193,2026-07-04T03:17:32.858625+00:00,131.9,20,ask,AverageAlmonds,BrilliantBurritos,6504540
2026-07-04T03:17:35.474473,2026-07-04T03:17:35.477859+00:00,132.0,12,bid,Xuanyu Liu,WavyWalnuts,6504585
2026-07-04T03:17:36.197110,2026-07-04T03:17:36.204434+00:00,132.0,200,bid,AverageAlmonds,WavyWalnuts,6504596
2026-07-04T03:17:37.363900,2026-07-04T03:17:37.367803+00:00,132.0,11,bid,Xuanyu Liu,YieldingYams,6504617
2026-07-04T03:17:39.974345,2026-07-04T03:17:39.984517+00:00,131.8,200,ask,WavyWalnuts,YieldingYams,6504657
2026-07-04T03:17:39.974345,2026-07-04T03:17:39.984517+00:00,131.8,425,ask,AverageAlmonds,YieldingYams,6504658
2026-07-04T03:17:43.499026,2026-07-04T03:17:43.502328+00:00,132.1,26,bid,Xuanyu Liu,YieldingYams,6504719
2026-07-04T03:17:49.376063,2026-07-04T03:17:49.386601+00:00,132.1,20,ask,WavyWalnuts,BrilliantBurritos,6504804
2026-07-04T03:17:49.875408,2026-07-04T03:17:49.879423+00:00,132.2,3,bid,Xuanyu Liu,YieldingYams,6504811
2026-07-04T03:17:51.412324,2026-07-04T03:17:51.416303+00:00,132.1,11,bid,Xuanyu Liu,WavyWalnuts,6504831
2026-07-04T03:17:52.602174,2026-07-04T03:17:52.611315+00:00,132.0,200,ask,AverageAlmonds,WavyWalnuts,6504847
2026-07-04T03:17:53.808814,2026-07-04T03:17:53.816639+00:00,132.0,200,ask,YieldingYams,WavyWalnuts,6504866
2026-07-04T03:17:54.397990,2026-07-04T03:17:54.408306+00:00,132.1,500,ask,AverageAlmonds,YieldingYams,6504872
2026-07-04T03:17:54.474565,2026-07-04T03:17:54.478445+00:00,132.0,12,bid,Xuanyu Liu,YieldingYams,6504877
2026-07-04T03:17:54.961618,2026-07-04T03:17:54.969263+00:00,132.0,113,bid,AverageAlmonds,YieldingYams,6504880
2026-07-04T03:17:55.016844,2026-07-04T03:17:55.026909+00:00,132.1,200,ask,AverageAlmonds,WavyWalnuts,6504883
2026-07-04T03:17:55.592812,2026-07-04T03:17:55.596256+00:00,132.2,12,ask,AverageAlmonds,Xuanyu Liu,6504893
2026-07-04T03:17:56.224650,2026-07-04T03:17:56.231876+00:00,132.1,200,ask,YieldingYams,WavyWalnuts,6504900
2026-07-04T03:17:57.017815,2026-07-04T03:17:57.024860+00:00,132.1,500,ask,AverageAlmonds,YieldingYams,6504907
2026-07-04T03:17:57.370184,2026-07-04T03:17:57.379781+00:00,132.0,125,bid,AverageAlmonds,YieldingYams,6504913
2026-07-04T03:17:57.431093,2026-07-04T03:17:57.437313+00:00,132.2,200,ask,AverageAlmonds,WavyWalnuts,6504916
2026-07-04T03:17:58.329859,2026-07-04T03:17:58.338657+00:00,132.3,500,ask,AverageAlmonds,YieldingYams,6504925
2026-07-04T03:17:58.601189,2026-07-04T03:17:58.611643+00:00,132.2,125,bid,AverageAlmonds,YieldingYams,6504934
2026-07-04T03:17:58.638156,2026-07-04T03:17:58.648210+00:00,132.4,200,ask,AverageAlmonds,WavyWalnuts,6504935
2026-07-04T03:17:59.233405,2026-07-04T03:17:59.237869+00:00,132.5,11,ask,AverageAlmonds,Xuanyu Liu,6504942
2026-07-04T03:17:59.639351,2026-07-04T03:17:59.647187+00:00,132.5,489,ask,AverageAlmonds,YieldingYams,6504953
2026-07-04T03:17:59.813609,2026-07-04T03:17:59.820068+00:00,132.5,136,bid,AverageAlmonds,YieldingYams,6504960
2026-07-04T03:17:59.861691,2026-07-04T03:17:59.869468+00:00,132.5,200,ask,AverageAlmonds,WavyWalnuts,6504963
2026-07-04T03:18:00.966474,2026-07-04T03:18:00.969816+00:00,132.8,23,bid,Xuanyu Liu,YieldingYams,6504977
2026-07-04T03:18:01.072138,2026-07-04T03:18:01.083140+00:00,132.6,200,ask,YieldingYams,WavyWalnuts,6504978
2026-07-04T03:18:02.280219,2026-07-04T03:18:02.290564+00:00,132.6,200,ask,AverageAlmonds,WavyWalnuts,6504995
2026-07-04T03:18:02.528378,2026-07-04T03:18:02.531884+00:00,132.6,12,ask,AverageAlmonds,Xuanyu Liu,6505001
2026-07-04T03:18:02.842611,2026-07-04T03:18:02.846117+00:00,132.7,11,ask,AverageAlmonds,Xuanyu Liu,6505006
2026-07-04T03:18:03.486751,2026-07-04T03:18:03.493617+00:00,132.6,200,ask,YieldingYams,WavyWalnuts,6505019
2026-07-04T03:18:04.693146,2026-07-04T03:18:04.702802+00:00,132.7,200,ask,AverageAlmonds,WavyWalnuts,6505039
2026-07-04T03:18:04.873467,2026-07-04T03:18:04.883284+00:00,132.7,300,ask,AverageAlmonds,YieldingYams,6505043
2026-07-04T03:18:05.252821,2026-07-04T03:18:05.263622+00:00,132.6,325,bid,AverageAlmonds,YieldingYams,6505048
2026-07-04T03:18:05.901708,2026-07-04T03:18:05.912579+00:00,132.6,200,ask,AverageAlmonds,WavyWalnuts,6505058
2026-07-04T03:18:07.110788,2026-07-04T03:18:07.121682+00:00,132.7,200,ask,YieldingYams,WavyWalnuts,6505075
2026-07-04T03:18:07.489742,2026-07-04T03:18:07.496307+00:00,132.7,500,ask,AverageAlmonds,YieldingYams,6505078
2026-07-04T03:18:07.507852,2026-07-04T03:18:07.511709+00:00,132.7,11,bid,Xuanyu Liu,YieldingYams,6505081
2026-07-04T03:18:07.663829,2026-07-04T03:18:07.672845+00:00,132.7,114,bid,AverageAlmonds,YieldingYams,6505083
2026-07-04T03:18:08.322387,2026-07-04T03:18:08.331997+00:00,132.7,200,ask,AverageAlmonds,WavyWalnuts,6505088
2026-07-04T03:18:09.530717,2026-07-04T03:18:09.541012+00:00,132.8,200,ask,AverageAlmonds,WavyWalnuts,6505107
2026-07-04T03:18:10.117054,2026-07-04T03:18:10.127036+00:00,132.8,500,ask,AverageAlmonds,YieldingYams,6505115
2026-07-04T03:18:10.708706,2026-07-04T03:18:10.717396+00:00,132.8,125,bid,AverageAlmonds,YieldingYams,6505123
2026-07-04T03:18:10.738834,2026-07-04T03:18:10.748694+00:00,132.8,200,ask,AverageAlmonds,WavyWalnuts,6505125
2026-07-04T03:18:11.482529,2026-07-04T03:18:11.494083+00:00,132.9,20,ask,YieldingYams,BrilliantBurritos,6505141
2026-07-04T03:18:11.945895,2026-07-04T03:18:11.940989+00:00,132.9,200,ask,YieldingYams,WavyWalnuts,6505144
2026-07-04T03:18:12.065162,2026-07-04T03:18:12.068750+00:00,132.9,14,ask,YieldingYams,Xuanyu Liu,6505148
2026-07-04T03:18:12.734071,2026-07-04T03:18:12.745248+00:00,132.9,500,ask,AverageAlmonds,YieldingYams,6505157
2026-07-04T03:18:13.122679,2026-07-04T03:18:13.130623+00:00,132.7,125,bid,AverageAlmonds,YieldingYams,6505163
2026-07-04T03:18:15.147619,2026-07-04T03:18:15.158573+00:00,133.0,20,bid,BrilliantBurritos,WavyWalnuts,6505188
2026-07-04T03:18:16.784503,2026-07-04T03:18:16.795309+00:00,132.9,200,bid,WavyWalnuts,YieldingYams,6505209
2026-07-04T03:18:17.367866,2026-07-04T03:18:17.375324+00:00,132.9,425,bid,AverageAlmonds,YieldingYams,6505220
2026-07-04T03:18:19.233935,2026-07-04T03:18:19.244248+00:00,133.0,200,ask,YieldingYams,WavyWalnuts,6505240
2026-07-04T03:18:20.447224,2026-07-04T03:18:20.458541+00:00,133.0,200,ask,YieldingYams,WavyWalnuts,6505257
2026-07-04T03:18:21.660076,2026-07-04T03:18:21.670289+00:00,133.0,200,ask,YieldingYams,WavyWalnuts,6505286
2026-07-04T03:18:23.280308,2026-07-04T03:18:23.299810+00:00,133.0,200,bid,YieldingYams,WavyWalnuts,6505312
2026-07-04T03:18:23.296128,2026-07-04T03:18:23.299810+00:00,133.1,26,ask,YieldingYams,Xuanyu Liu,6505314
2026-07-04T03:18:24.080957,2026-07-04T03:18:24.092105+00:00,133.1,200,ask,YieldingYams,WavyWalnuts,6505326
2026-07-04T03:18:25.510490,2026-07-04T03:18:25.522286+00:00,132.9,20,ask,WavyWalnuts,BrilliantBurritos,6505354
2026-07-04T03:18:25.906849,2026-07-04T03:18:25.917697+00:00,132.9,180,ask,WavyWalnuts,YieldingYams,6505357
2026-07-04T03:18:26.494703,2026-07-04T03:18:26.505206+00:00,132.9,200,bid,WavyWalnuts,YieldingYams,6505364
2026-07-04T03:18:27.522206,2026-07-04T03:18:27.533772+00:00,132.9,20,ask,YieldingYams,BrilliantBurritos,6505374
2026-07-04T03:18:30.940617,2026-07-04T03:18:30.944073+00:00,133.1,12,bid,Xuanyu Liu,YieldingYams,6505416
2026-07-04T03:18:32.462536,2026-07-04T03:18:32.469747+00:00,133.0,200,ask,WavyWalnuts,YieldingYams,6505439
2026-07-04T03:18:32.501455,2026-07-04T03:18:32.504680+00:00,133.0,11,bid,Xuanyu Liu,YieldingYams,6505443
2026-07-04T03:18:33.752005,2026-07-04T03:18:33.750915+00:00,132.9,200,ask,AverageAlmonds,WavyWalnuts,6505456
2026-07-04T03:18:33.774462,2026-07-04T03:18:33.784781+00:00,132.9,300,ask,AverageAlmonds,YieldingYams,6505458
2026-07-04T03:18:33.790482,2026-07-04T03:18:33.794019+00:00,132.9,3,bid,Xuanyu Liu,YieldingYams,6505460
2026-07-04T03:18:37.380666,2026-07-04T03:18:37.386707+00:00,132.8,200,ask,YieldingYams,WavyWalnuts,6505509
2026-07-04T03:18:39.024755,2026-07-04T03:18:39.034284+00:00,132.8,200,ask,WavyWalnuts,YieldingYams,6505525
2026-07-04T03:18:39.024755,2026-07-04T03:18:39.034284+00:00,132.7,425,ask,AverageAlmonds,YieldingYams,6505526
2026-07-04T03:18:40.337465,2026-07-04T03:18:40.347828+00:00,132.9,200,ask,WavyWalnuts,YieldingYams,6505550
2026-07-04T03:18:42.219411,2026-07-04T03:18:42.226708+00:00,132.9,200,bid,WavyWalnuts,YieldingYams,6505581
2026-07-04T03:18:46.836584,2026-07-04T03:18:46.840130+00:00,132.9,26,ask,WavyWalnuts,Xuanyu Liu,6505643
2026-07-04T03:18:46.888533,2026-07-04T03:18:46.897916+00:00,132.9,174,ask,WavyWalnuts,YieldingYams,6505644
2026-07-04T03:18:46.888533,2026-07-04T03:18:46.897916+00:00,132.9,451,ask,AverageAlmonds,YieldingYams,6505645
2026-07-04T03:18:48.358509,2026-07-04T03:18:48.370370+00:00,133.2,20,bid,BrilliantBurritos,YieldingYams,6505668
2026-07-04T03:18:54.348037,2026-07-04T03:18:54.364185+00:00,133.1,200,ask,YieldingYams,WavyWalnuts,6505744
2026-07-04T03:18:56.716230,2026-07-04T03:18:56.726872+00:00,133.2,200,bid,AverageAlmonds,WavyWalnuts,6505773
