timestamp,recv_time,price,volume,aggressor_side,buyer,seller,trade_id
2026-07-08T17:00:00.432290,2026-07-08T17:00:00.469346+00:00,148.7,200,bid,WavyWalnuts,YieldingYams,12470432
2026-07-08T17:00:02.791272,2026-07-08T17:00:02.800010+00:00,148.6,200,ask,WavyWalnuts,AverageAlmonds,12470474
2026-07-08T17:00:02.810205,2026-07-08T17:00:02.814455+00:00,148.6,6,bid,Xuanyu Liu,AverageAlmonds,12470476
2026-07-08T17:00:03.793591,2026-07-08T17:00:03.805397+00:00,148.6,20,bid,BrilliantBurritos,WavyWalnuts,12470491
2026-07-08T17:00:05.197724,2026-07-08T17:00:05.205194+00:00,148.5,200,ask,WavyWalnuts,AverageAlmonds,12470514
2026-07-08T17:00:05.275942,2026-07-08T17:00:05.285097+00:00,148.4,200,bid,WavyWalnuts,AverageAlmonds,12470517
2026-07-08T17:00:05.823501,2026-07-08T17:00:05.833661+00:00,148.4,500,bid,YieldingYams,AverageAlmonds,12470529
2026-07-08T17:00:06.397548,2026-07-08T17:00:06.405884+00:00,148.4,125,ask,YieldingYams,AverageAlmonds,12470541
2026-07-08T17:00:06.397548,2026-07-08T17:00:06.405884+00:00,148.3,8,ask,Lachy Miller,AverageAlmonds,12470542
2026-07-08T17:00:06.493964,2026-07-08T17:00:06.504424+00:00,148.3,200,bid,WavyWalnuts,AverageAlmonds,12470546
2026-07-08T17:00:07.705548,2026-07-08T17:00:07.716923+00:00,148.3,200,bid,WavyWalnuts,AverageAlmonds,12470567
2026-07-08T17:00:08.917769,2026-07-08T17:00:08.930186+00:00,148.4,200,bid,WavyWalnuts,YieldingYams,12470584
2026-07-08T17:00:09.421645,2026-07-08T17:00:09.430618+00:00,148.1,20,ask,YieldingYams,BrilliantBurritos,12470593
2026-07-08T17:00:10.130133,2026-07-08T17:00:10.136959+00:00,148.4,200,bid,WavyWalnuts,AverageAlmonds,12470597
2026-07-08T17:00:12.427084,2026-07-08T17:00:12.431285+00:00,148.4,11,bid,Xuanyu Liu,YieldingYams,12470626
2026-07-08T17:00:12.549165,2026-07-08T17:00:12.558949+00:00,148.4,200,bid,WavyWalnuts,YieldingYams,12470631
2026-07-08T17:00:13.722548,2026-07-08T17:00:13.726160+00:00,148.3,8,bid,Xuanyu Liu,Lachy Miller,12470650
2026-07-08T17:00:13.773031,2026-07-08T17:00:13.777031+00:00,148.3,4,bid,Xuanyu Liu,WavyWalnuts,12470652
2026-07-08T17:00:14.966495,2026-07-08T17:00:14.985609+00:00,148.1,200,ask,YieldingYams,WavyWalnuts,12470677
2026-07-08T17:00:16.068710,2026-07-08T17:00:16.080626+00:00,148.3,20,bid,BrilliantBurritos,YieldingYams,12470696
2026-07-08T17:00:17.275192,2026-07-08T17:00:17.286996+00:00,148.0,20,ask,YieldingYams,BrilliantBurritos,12470707
2026-07-08T17:00:21.798159,2026-07-08T17:00:21.810188+00:00,148.0,20,ask,WavyWalnuts,BrilliantBurritos,12470778
2026-07-08T17:00:22.896564,2026-07-08T17:00:22.907032+00:00,148.0,200,ask,WavyWalnuts,YieldingYams,12470798
2026-07-08T17:00:22.914069,2026-07-08T17:00:22.918131+00:00,148.0,22,bid,Xuanyu Liu,YieldingYams,12470800
2026-07-08T17:00:25.025393,2026-07-08T17:00:25.034802+00:00,148.1,20,bid,BrilliantBurritos,YieldingYams,12470835
2026-07-08T17:00:25.403120,2026-07-08T17:00:25.415069+00:00,148.0,20,ask,AverageAlmonds,BrilliantBurritos,12470845
2026-07-08T17:00:27.657902,2026-07-08T17:00:27.661736+00:00,148.1,12,bid,Xuanyu Liu,YieldingYams,12470878
2026-07-08T17:00:30.757029,2026-07-08T17:00:30.776746+00:00,148.2,200,bid,WavyWalnuts,YieldingYams,12470945
2026-07-08T17:00:34.404090,2026-07-08T17:00:34.408312+00:00,148.3,11,bid,Xuanyu Liu,WavyWalnuts,12470997
2026-07-08T17:00:34.559565,2026-07-08T17:00:34.564348+00:00,148.3,8,bid,Xuanyu Liu,WavyWalnuts,12471001
2026-07-08T17:00:37.323082,2026-07-08T17:00:37.342730+00:00,148.3,200,ask,WavyWalnuts,YieldingYams,12471043
2026-07-08T17:00:37.338907,2026-07-08T17:00:37.342730+00:00,148.3,4,bid,Xuanyu Liu,YieldingYams,12471045
2026-07-08T17:00:37.835222,2026-07-08T17:00:37.839584+00:00,148.3,8,bid,Xuanyu Liu,YieldingYams,12471050
2026-07-08T17:00:38.174713,2026-07-08T17:00:38.178607+00:00,148.3,3,bid,Xuanyu Liu,YieldingYams,12471063
2026-07-08T17:00:40.454538,2026-07-08T17:00:40.461477+00:00,148.0,200,ask,YieldingYams,WavyWalnuts,12471099
2026-07-08T17:00:41.276496,2026-07-08T17:00:41.280447+00:00,148.1,3,bid,Xuanyu Liu,YieldingYams,12471114
2026-07-08T17:00:42.169495,2026-07-08T17:00:42.180772+00:00,148.0,20,ask,WavyWalnuts,BrilliantBurritos,12471126
2026-07-08T17:00:42.569706,2026-07-08T17:00:42.581275+00:00,148.0,180,ask,WavyWalnuts,YieldingYams,12471140
2026-07-08T17:00:44.428936,2026-07-08T17:00:44.440873+00:00,148.0,20,bid,BrilliantBurritos,YieldingYams,12471177
2026-07-08T17:00:46.502279,2026-07-08T17:00:46.511489+00:00,147.9,20,ask,YieldingYams,BrilliantBurritos,12471217
2026-07-08T17:00:49.151878,2026-07-08T17:00:49.158535+00:00,147.9,200,bid,YieldingYams,WavyWalnuts,12471264
2026-07-08T17:00:49.373111,2026-07-08T17:00:49.380288+00:00,148.0,20,ask,YieldingYams,BrilliantBurritos,12471267
2026-07-08T17:00:51.341352,2026-07-08T17:00:51.350651+00:00,148.0,200,ask,YieldingYams,WavyWalnuts,12471292
2026-07-08T17:00:54.411792,2026-07-08T17:00:54.421929+00:00,148.1,200,bid,YieldingYams,WavyWalnuts,12471336
2026-07-08T17:00:57.038332,2026-07-08T17:00:57.046016+00:00,148.1,200,bid,YieldingYams,WavyWalnuts,12471392
2026-07-08T17:00:57.407345,2026-07-08T17:00:57.415884+00:00,148.1,200,ask,YieldingYams,WavyWalnuts,12471400
2026-07-08T17:00:58.358919,2026-07-08T17:00:58.369502+00:00,148.1,8,ask,Lachy Miller,YieldingYams,12471424
2026-07-08T17:00:59.827624,2026-07-08T17:00:59.834877+00:00,148.0,200,bid,WavyWalnuts,YieldingYams,12471454
2026-07-08T17:01:03.415923,2026-07-08T17:01:03.427575+00:00,147.9,20,ask,WavyWalnuts,BrilliantBurritos,12471509
2026-07-08T17:01:04.671980,2026-07-08T17:01:04.683611+00:00,148.0,200,bid,WavyWalnuts,YieldingYams,12471537
2026-07-08T17:01:07.086785,2026-07-08T17:01:07.093476+00:00,148.0,200,bid,WavyWalnuts,YieldingYams,12471574
2026-07-08T17:01:11.495200,2026-07-08T17:01:11.504448+00:00,148.1,200,bid,YieldingYams,WavyWalnuts,12471642
2026-07-08T17:01:13.753732,2026-07-08T17:01:13.765626+00:00,148.1,20,ask,YieldingYams,BrilliantBurritos,12471690
2026-07-08T17:01:14.337961,2026-07-08T17:01:14.348242+00:00,148.2,200,ask,YieldingYams,WavyWalnuts,12471699
2026-07-08T17:01:15.435174,2026-07-08T17:01:15.443320+00:00,148.2,8,ask,Lachy Miller,YieldingYams,12471718
2026-07-08T17:01:15.912219,2026-07-08T17:01:15.924279+00:00,148.0,20,ask,YieldingYams,BrilliantBurritos,12471732
2026-07-08T17:01:21.621044,2026-07-08T17:01:21.624978+00:00,148.1,3,ask,WavyWalnuts,Xuanyu Liu,12471821
2026-07-08T17:01:21.993469,2026-07-08T17:01:22.000519+00:00,148.1,197,ask,WavyWalnuts,YieldingYams,12471827
2026-07-08T17:01:21.993469,2026-07-08T17:01:22.005737+00:00,148.1,8,ask,Lachy Miller,YieldingYams,12471828
2026-07-08T17:01:22.410543,2026-07-08T17:01:22.422152+00:00,148.1,20,bid,BrilliantBurritos,YieldingYams,12471843
2026-07-08T17:01:22.821234,2026-07-08T17:01:22.832709+00:00,148.1,200,bid,WavyWalnuts,YieldingYams,12471851
2026-07-08T17:01:25.266087,2026-07-08T17:01:25.282346+00:00,148.1,200,bid,WavyWalnuts,YieldingYams,12471896
2026-07-08T17:01:25.278173,2026-07-08T17:01:25.282346+00:00,147.9,11,ask,YieldingYams,Xuanyu Liu,12471898
2026-07-08T17:01:25.330565,2026-07-08T17:01:25.335230+00:00,147.9,8,ask,YieldingYams,Xuanyu Liu,12471900
2026-07-08T17:01:26.496648,2026-07-08T17:01:26.500976+00:00,148.0,4,ask,WavyWalnuts,Xuanyu Liu,12471921
2026-07-08T17:01:30.601951,2026-07-08T17:01:30.613910+00:00,147.9,20,ask,YieldingYams,BrilliantBurritos,12471989
2026-07-08T17:01:31.326372,2026-07-08T17:01:31.337815+00:00,147.9,200,ask,YieldingYams,WavyWalnuts,12471998
2026-07-08T17:01:33.744022,2026-07-08T17:01:33.754225+00:00,148.1,200,bid,WavyWalnuts,YieldingYams,12472022
2026-07-08T17:01:36.160959,2026-07-08T17:01:36.169633+00:00,148.1,8,bid,WavyWalnuts,Lachy Miller,12472057
2026-07-08T17:01:36.417232,2026-07-08T17:01:36.428285+00:00,148.1,192,ask,WavyWalnuts,YieldingYams,12472059
2026-07-08T17:01:39.801955,2026-07-08T17:01:39.805783+00:00,148.3,11,ask,WavyWalnuts,Xuanyu Liu,12472125
2026-07-08T17:01:41.003222,2026-07-08T17:01:41.012745+00:00,148.3,20,ask,WavyWalnuts,BrilliantBurritos,12472161
2026-07-08T17:01:42.206996,2026-07-08T17:01:42.218683+00:00,148.4,200,bid,WavyWalnuts,YieldingYams,12472177
2026-07-08T17:01:42.995861,2026-07-08T17:01:43.007435+00:00,148.3,20,ask,YieldingYams,BrilliantBurritos,12472197
2026-07-08T17:01:44.191132,2026-07-08T17:01:44.195179+00:00,148.5,23,bid,Xuanyu Liu,YieldingYams,12472226
2026-07-08T17:01:45.665079,2026-07-08T17:01:45.674213+00:00,148.4,20,ask,WavyWalnuts,BrilliantBurritos,12472243
2026-07-08T17:01:45.846920,2026-07-08T17:01:45.858600+00:00,148.4,200,ask,YieldingYams,WavyWalnuts,12472247
2026-07-08T17:01:46.943338,2026-07-08T17:01:46.947304+00:00,148.4,11,bid,Xuanyu Liu,YieldingYams,12472273
2026-07-08T17:01:51.891104,2026-07-08T17:01:51.901693+00:00,148.1,200,ask,YieldingYams,WavyWalnuts,12472357
2026-07-08T17:01:52.182538,2026-07-08T17:01:52.192808+00:00,148.1,8,ask,Lachy Miller,YieldingYams,12472363
2026-07-08T17:01:53.493487,2026-07-08T17:01:53.501841+00:00,148.1,200,bid,YieldingYams,WavyWalnuts,12472383
2026-07-08T17:01:53.738902,2026-07-08T17:01:53.743551+00:00,148.1,23,ask,YieldingYams,Xuanyu Liu,12472387
2026-07-08T17:01:53.788740,2026-07-08T17:01:53.795689+00:00,148.1,20,ask,YieldingYams,BrilliantBurritos,12472388
2026-07-08T17:01:54.841877,2026-07-08T17:01:54.851146+00:00,148.2,500,bid,AverageAlmonds,YieldingYams,12472406
2026-07-08T17:01:55.437316,2026-07-08T17:01:55.473697+00:00,148.2,125,bid,AverageAlmonds,YieldingYams,12472410
2026-07-08T17:01:55.469572,2026-07-08T17:01:55.473697+00:00,148.2,11,ask,AverageAlmonds,Xuanyu Liu,12472412
2026-07-08T17:01:55.584742,2026-07-08T17:01:55.595272+00:00,148.2,200,ask,AverageAlmonds,WavyWalnuts,12472413
2026-07-08T17:01:55.864415,2026-07-08T17:01:55.868338+00:00,148.3,8,ask,Lachy Miller,Xuanyu Liu,12472419
2026-07-08T17:01:56.667899,2026-07-08T17:01:56.671860+00:00,148.3,4,ask,AverageAlmonds,Xuanyu Liu,12472425
2026-07-08T17:01:59.231392,2026-07-08T17:01:59.238140+00:00,148.4,200,ask,AverageAlmonds,WavyWalnuts,12472478
2026-07-08T17:02:01.368508,2026-07-08T17:02:01.375841+00:00,148.4,200,ask,WavyWalnuts,YieldingYams,12472508
2026-07-08T17:02:01.368508,2026-07-08T17:02:01.381030+00:00,148.4,425,ask,AverageAlmonds,YieldingYams,12472509
2026-07-08T17:02:01.655469,2026-07-08T17:02:01.658609+00:00,148.4,200,ask,AverageAlmonds,WavyWalnuts,12472515
2026-07-08T17:02:04.083103,2026-07-08T17:02:04.093899+00:00,148.5,200,ask,YieldingYams,WavyWalnuts,12472557
2026-07-08T17:02:05.312176,2026-07-08T17:02:05.315905+00:00,148.5,8,bid,Xuanyu Liu,WavyWalnuts,12472573
2026-07-08T17:02:06.612665,2026-07-08T17:02:06.621229+00:00,148.4,200,bid,YieldingYams,WavyWalnuts,12472587
2026-07-08T17:02:08.157255,2026-07-08T17:02:08.169192+00:00,148.4,500,bid,AverageAlmonds,YieldingYams,12472610
2026-07-08T17:02:08.751571,2026-07-08T17:02:08.758574+00:00,148.4,125,bid,AverageAlmonds,YieldingYams,12472616
2026-07-08T17:02:14.241936,2026-07-08T17:02:14.249359+00:00,148.3,20,ask,YieldingYams,BrilliantBurritos,12472699
2026-07-08T17:02:16.226939,2026-07-08T17:02:16.230926+00:00,148.5,4,bid,Xuanyu Liu,WavyWalnuts,12472742
2026-07-08T17:02:17.419634,2026-07-08T17:02:17.428449+00:00,148.4,200,ask,AverageAlmonds,WavyWalnuts,12472760
2026-07-08T17:02:18.442723,2026-07-08T17:02:18.494948+00:00,148.4,20,bid,BrilliantBurritos,YieldingYams,12472784
2026-07-08T17:02:18.466351,2026-07-08T17:02:18.494948+00:00,148.4,500,bid,AverageAlmonds,YieldingYams,12472786
2026-07-08T17:02:18.490696,2026-07-08T17:02:18.494948+00:00,148.4,11,bid,Xuanyu Liu,YieldingYams,12472787
2026-07-08T17:02:19.057207,2026-07-08T17:02:19.069039+00:00,148.4,94,bid,AverageAlmonds,YieldingYams,12472792
2026-07-08T17:02:19.739589,2026-07-08T17:02:19.747073+00:00,148.6,200,bid,YieldingYams,WavyWalnuts,12472801
2026-07-08T17:02:19.739589,2026-07-08T17:02:19.764992+00:00,148.6,8,bid,YieldingYams,Lachy Miller,12472802
2026-07-08T17:02:19.761438,2026-07-08T17:02:19.764992+00:00,148.6,23,ask,YieldingYams,Xuanyu Liu,12472807
2026-07-08T17:02:22.389150,2026-07-08T17:02:22.411352+00:00,148.6,500,ask,AverageAlmonds,YieldingYams,12472843
2026-07-08T17:02:22.407597,2026-07-08T17:02:22.411352+00:00,148.6,12,bid,Xuanyu Liu,YieldingYams,12472846
2026-07-08T17:02:22.675912,2026-07-08T17:02:22.686500+00:00,148.5,20,ask,WavyWalnuts,BrilliantBurritos,12472853
2026-07-08T17:02:22.697601,2026-07-08T17:02:22.707775+00:00,148.6,113,bid,AverageAlmonds,YieldingYams,12472854
2026-07-08T17:02:23.466855,2026-07-08T17:02:23.475172+00:00,148.6,200,ask,AverageAlmonds,WavyWalnuts,12472866
2026-07-08T17:02:24.045967,2026-07-08T17:02:24.055075+00:00,148.9,20,bid,BrilliantBurritos,YieldingYams,12472878
2026-07-08T17:02:24.624613,2026-07-08T17:02:24.636401+00:00,148.9,20,bid,BrilliantBurritos,YieldingYams,12472886
2026-07-08T17:02:25.887692,2026-07-08T17:02:25.894943+00:00,148.6,200,ask,YieldingYams,WavyWalnuts,12472904
2026-07-08T17:02:26.639598,2026-07-08T17:02:26.646962+00:00,148.7,20,ask,YieldingYams,BrilliantBurritos,12472923
2026-07-08T17:02:27.097486,2026-07-08T17:02:27.108562+00:00,148.7,200,ask,YieldingYams,WavyWalnuts,12472929
2026-07-08T17:02:28.306758,2026-07-08T17:02:28.314159+00:00,148.7,200,ask,YieldingYams,WavyWalnuts,12472948
2026-07-08T17:02:28.989592,2026-07-08T17:02:28.993502+00:00,148.6,23,bid,Xuanyu Liu,YieldingYams,12472958
2026-07-08T17:02:33.134116,2026-07-08T17:02:33.140652+00:00,148.6,200,bid,WavyWalnuts,YieldingYams,12473018
2026-07-08T17:02:35.570827,2026-07-08T17:02:35.587415+00:00,148.8,200,ask,WavyWalnuts,YieldingYams,12473059
2026-07-08T17:02:36.779959,2026-07-08T17:02:36.790007+00:00,148.6,200,bid,WavyWalnuts,YieldingYams,12473088
2026-07-08T17:02:39.497574,2026-07-08T17:02:39.505059+00:00,148.5,200,bid,YieldingYams,WavyWalnuts,12473129
2026-07-08T17:02:40.435218,2026-07-08T17:02:40.445771+00:00,148.5,200,ask,YieldingYams,WavyWalnuts,12473147
2026-07-08T17:02:40.638212,2026-07-08T17:02:40.642395+00:00,148.5,12,ask,YieldingYams,Xuanyu Liu,12473151
2026-07-08T17:02:40.809138,2026-07-08T17:02:40.820659+00:00,148.4,8,ask,Lachy Miller,YieldingYams,12473153
2026-07-08T17:02:41.641038,2026-07-08T17:02:41.648467+00:00,148.4,200,bid,WavyWalnuts,YieldingYams,12473161
2026-07-08T17:02:43.801162,2026-07-08T17:02:43.805032+00:00,148.4,11,ask,WavyWalnuts,Xuanyu Liu,12473205
2026-07-08T17:02:47.510240,2026-07-08T17:02:47.514724+00:00,148.3,12,ask,WavyWalnuts,Xuanyu Liu,12473264
2026-07-08T17:02:49.970600,2026-07-08T17:02:49.977037+00:00,148.3,8,bid,YieldingYams,Lachy Miller,12473306
2026-07-08T17:02:50.122020,2026-07-08T17:02:50.132709+00:00,148.4,8,bid,WavyWalnuts,Lachy Miller,12473308
2026-07-08T17:02:50.138874,2026-07-08T17:02:50.142707+00:00,148.4,11,ask,WavyWalnuts,Xuanyu Liu,12473310
2026-07-08T17:02:54.960017,2026-07-08T17:02:54.969945+00:00,148.2,200,ask,YieldingYams,WavyWalnuts,12473384
2026-07-08T17:02:56.176037,2026-07-08T17:02:56.184837+00:00,148.3,200,ask,AverageAlmonds,WavyWalnuts,12473405
2026-07-08T17:02:56.530186,2026-07-08T17:02:56.550156+00:00,148.3,300,ask,AverageAlmonds,YieldingYams,12473407
2026-07-08T17:02:56.545859,2026-07-08T17:02:56.550156+00:00,148.3,11,bid,Xuanyu Liu,YieldingYams,12473409
2026-07-08T17:02:56.855224,2026-07-08T17:02:56.867213+00:00,148.2,20,ask,AverageAlmonds,BrilliantBurritos,12473414
2026-07-08T17:02:57.383210,2026-07-08T17:02:57.390991+00:00,148.2,200,ask,AverageAlmonds,WavyWalnuts,12473422
2026-07-08T17:02:59.028092,2026-07-08T17:02:59.037836+00:00,148.3,500,bid,AverageAlmonds,YieldingYams,12473451
2026-07-08T17:02:59.158515,2026-07-08T17:02:59.170432+00:00,148.3,200,bid,YieldingYams,WavyWalnuts,12473453
2026-07-08T17:02:59.158515,2026-07-08T17:02:59.170432+00:00,148.3,8,bid,YieldingYams,Lachy Miller,12473454
2026-07-08T17:03:04.412813,2026-07-08T17:03:04.422508+00:00,148.5,200,ask,WavyWalnuts,YieldingYams,12473530
2026-07-08T17:03:07.036068,2026-07-08T17:03:07.047393+00:00,148.5,200,ask,WavyWalnuts,YieldingYams,12473569
2026-07-08T17:03:07.052233,2026-07-08T17:03:07.058580+00:00,148.5,200,bid,WavyWalnuts,YieldingYams,12473570
2026-07-08T17:03:07.490558,2026-07-08T17:03:07.498251+00:00,148.5,225,bid,AverageAlmonds,YieldingYams,12473578
2026-07-08T17:03:08.263393,2026-07-08T17:03:08.274835+00:00,148.5,200,ask,AverageAlmonds,WavyWalnuts,12473595
2026-07-08T17:03:10.285920,2026-07-08T17:03:10.294809+00:00,148.7,20,bid,BrilliantBurritos,WavyWalnuts,12473618
2026-07-08T17:03:10.682364,2026-07-08T17:03:10.690917+00:00,148.6,200,ask,YieldingYams,WavyWalnuts,12473624
2026-07-08T17:03:12.295342,2026-07-08T17:03:12.299565+00:00,148.5,22,ask,WavyWalnuts,Xuanyu Liu,12473657
2026-07-08T17:03:17.956027,2026-07-08T17:03:17.960175+00:00,148.7,12,ask,WavyWalnuts,Xuanyu Liu,12473757
2026-07-08T17:03:18.006769,2026-07-08T17:03:18.012495+00:00,148.8,20,bid,BrilliantBurritos,YieldingYams,12473759
2026-07-08T17:03:20.160403,2026-07-08T17:03:20.169120+00:00,148.9,200,bid,YieldingYams,WavyWalnuts,12473799
2026-07-08T17:03:20.160403,2026-07-08T17:03:20.169120+00:00,148.9,425,bid,YieldingYams,AverageAlmonds,12473800
2026-07-08T17:03:21.043422,2026-07-08T17:03:21.058552+00:00,148.6,20,ask,WavyWalnuts,BrilliantBurritos,12473815
2026-07-08T17:03:22.348434,2026-07-08T17:03:22.352562+00:00,148.5,11,ask,YieldingYams,Xuanyu Liu,12473845
2026-07-08T17:03:22.809088,2026-07-08T17:03:22.812931+00:00,148.6,6,ask,WavyWalnuts,Xuanyu Liu,12473864
2026-07-08T17:03:24.113856,2026-07-08T17:03:24.121436+00:00,148.6,200,ask,WavyWalnuts,YieldingYams,12473883
2026-07-08T17:03:26.742404,2026-07-08T17:03:26.749231+00:00,148.6,200,ask,WavyWalnuts,YieldingYams,12473915
2026-07-08T17:03:27.643174,2026-07-08T17:03:27.664021+00:00,148.6,200,bid,WavyWalnuts,YieldingYams,12473922
2026-07-08T17:03:32.477296,2026-07-08T17:03:32.484975+00:00,148.5,200,ask,YieldingYams,WavyWalnuts,12474001
2026-07-08T17:03:34.620126,2026-07-08T17:03:34.627295+00:00,148.4,200,ask,WavyWalnuts,YieldingYams,12474033
2026-07-08T17:03:34.620126,2026-07-08T17:03:34.642496+00:00,148.3,8,ask,Lachy Miller,YieldingYams,12474034
2026-07-08T17:03:34.638575,2026-07-08T17:03:34.642496+00:00,148.3,17,bid,Xuanyu Liu,YieldingYams,12474036
2026-07-08T17:03:34.898207,2026-07-08T17:03:34.905239+00:00,148.3,200,bid,WavyWalnuts,YieldingYams,12474039
2026-07-08T17:03:37.769271,2026-07-08T17:03:37.795977+00:00,148.3,200,bid,AverageAlmonds,WavyWalnuts,12474092
2026-07-08T17:03:37.769271,2026-07-08T17:03:37.795977+00:00,148.3,8,bid,AverageAlmonds,Lachy Miller,12474093
2026-07-08T17:03:37.791960,2026-07-08T17:03:37.795977+00:00,148.3,11,ask,AverageAlmonds,Xuanyu Liu,12474095
2026-07-08T17:03:39.873230,2026-07-08T17:03:39.880079+00:00,148.3,500,ask,AverageAlmonds,YieldingYams,12474132
2026-07-08T17:03:40.601619,2026-07-08T17:03:40.613275+00:00,148.3,20,bid,BrilliantBurritos,YieldingYams,12474137
2026-07-08T17:03:40.944892,2026-07-08T17:03:40.952766+00:00,148.3,105,bid,WavyWalnuts,YieldingYams,12474143
2026-07-08T17:03:40.952022,2026-07-08T17:03:40.958608+00:00,148.3,8,ask,WavyWalnuts,Lachy Miller,12474144
2026-07-08T17:03:45.181041,2026-07-08T17:03:45.198467+00:00,148.3,20,ask,WavyWalnuts,BrilliantBurritos,12474211
2026-07-08T17:03:45.811964,2026-07-08T17:03:45.819295+00:00,148.4,200,bid,WavyWalnuts,YieldingYams,12474221
2026-07-08T17:03:47.629580,2026-07-08T17:03:47.633837+00:00,148.5,11,bid,Xuanyu Liu,YieldingYams,12474251
2026-07-08T17:03:51.857267,2026-07-08T17:03:51.869031+00:00,148.6,200,bid,WavyWalnuts,YieldingYams,12474312
2026-07-08T17:03:53.221821,2026-07-08T17:03:53.229743+00:00,148.7,20,bid,BrilliantBurritos,YieldingYams,12474336
2026-07-08T17:03:53.409186,2026-07-08T17:03:53.412960+00:00,148.7,12,bid,Xuanyu Liu,YieldingYams,12474341
2026-07-08T17:03:54.297834,2026-07-08T17:03:54.301534+00:00,148.6,11,bid,Xuanyu Liu,YieldingYams,12474361
2026-07-08T17:03:55.493595,2026-07-08T17:03:55.500789+00:00,148.6,200,bid,WavyWalnuts,YieldingYams,12474384
2026-07-08T17:03:56.188263,2026-07-08T17:03:56.197698+00:00,148.8,20,bid,BrilliantBurritos,WavyWalnuts,12474392
2026-07-08T17:03:57.118115,2026-07-08T17:03:57.122119+00:00,148.8,23,bid,Xuanyu Liu,AverageAlmonds,12474402
2026-07-08T17:03:57.770389,2026-07-08T17:03:57.795612+00:00,148.7,200,ask,WavyWalnuts,AverageAlmonds,12474411
2026-07-08T17:03:57.791371,2026-07-08T17:03:57.795612+00:00,148.7,11,bid,Xuanyu Liu,AverageAlmonds,12474413
2026-07-08T17:03:59.003893,2026-07-08T17:03:59.011452+00:00,148.6,200,ask,WavyWalnuts,AverageAlmonds,12474432
2026-07-08T17:03:59.022268,2026-07-08T17:03:59.025834+00:00,148.6,12,bid,Xuanyu Liu,AverageAlmonds,12474434
2026-07-08T17:03:59.517284,2026-07-08T17:03:59.526228+00:00,148.6,288,bid,YieldingYams,AverageAlmonds,12474449
2026-07-08T17:03:59.517284,2026-07-08T17:03:59.526228+00:00,148.6,200,bid,YieldingYams,WavyWalnuts,12474450
2026-07-08T17:03:59.601465,2026-07-08T17:03:59.609965+00:00,148.6,137,ask,YieldingYams,AverageAlmonds,12474451
2026-07-08T17:04:00.353155,2026-07-08T17:04:00.357155+00:00,148.5,35,ask,WavyWalnuts,Xuanyu Liu,12474462
2026-07-08T17:04:00.740875,2026-07-08T17:04:00.751998+00:00,148.6,20,bid,BrilliantBurritos,AverageAlmonds,12474476
2026-07-08T17:04:01.416552,2026-07-08T17:04:01.425877+00:00,148.5,165,ask,WavyWalnuts,AverageAlmonds,12474483
2026-07-08T17:04:11.210850,2026-07-08T17:04:11.218408+00:00,148.4,200,bid,WavyWalnuts,AverageAlmonds,12474617
2026-07-08T17:04:12.326171,2026-07-08T17:04:12.335367+00:00,148.3,500,ask,YieldingYams,AverageAlmonds,12474629
2026-07-08T17:04:12.641009,2026-07-08T17:04:12.650687+00:00,148.3,200,ask,WavyWalnuts,YieldingYams,12474636
2026-07-08T17:04:13.952914,2026-07-08T17:04:13.958592+00:00,148.3,200,bid,YieldingYams,WavyWalnuts,12474660
2026-07-08T17:04:13.952914,2026-07-08T17:04:13.958592+00:00,148.4,8,bid,YieldingYams,Lachy Miller,12474661
2026-07-08T17:04:16.579170,2026-07-08T17:04:16.590165+00:00,148.5,200,bid,YieldingYams,WavyWalnuts,12474704
2026-07-08T17:04:17.259648,2026-07-08T17:04:17.267524+00:00,148.5,200,ask,YieldingYams,WavyWalnuts,12474713
2026-07-08T17:04:21.836317,2026-07-08T17:04:21.847280+00:00,148.4,200,ask,WavyWalnuts,YieldingYams,12474769
2026-07-08T17:04:21.913200,2026-07-08T17:04:21.917355+00:00,148.4,23,bid,Xuanyu Liu,YieldingYams,12474773
2026-07-08T17:04:23.297668,2026-07-08T17:04:23.304803+00:00,148.3,200,ask,YieldingYams,WavyWalnuts,12474797
2026-07-08T17:04:24.657819,2026-07-08T17:04:24.665694+00:00,148.4,20,bid,BrilliantBurritos,YieldingYams,12474818
2026-07-08T17:04:25.648724,2026-07-08T17:04:25.652617+00:00,148.4,12,bid,Xuanyu Liu,YieldingYams,12474830
2026-07-08T17:04:25.725868,2026-07-08T17:04:25.729669+00:00,148.3,11,bid,Xuanyu Liu,WavyWalnuts,12474832
2026-07-08T17:04:25.769885,2026-07-08T17:04:25.776447+00:00,148.3,189,bid,YieldingYams,WavyWalnuts,12474833
2026-07-08T17:04:25.962342,2026-07-08T17:04:25.974274+00:00,148.5,8,bid,BrilliantBurritos,Lachy Miller,12474836
2026-07-08T17:04:25.962342,2026-07-08T17:04:25.974274+00:00,148.5,12,bid,BrilliantBurritos,YieldingYams,12474837
2026-07-08T17:04:29.891618,2026-07-08T17:04:29.904005+00:00,148.3,20,ask,WavyWalnuts,BrilliantBurritos,12474900
2026-07-08T17:04:31.577068,2026-07-08T17:04:31.588700+00:00,148.1,20,ask,WavyWalnuts,BrilliantBurritos,12474926
2026-07-08T17:04:31.758688,2026-07-08T17:04:31.769122+00:00,148.3,200,bid,WavyWalnuts,YieldingYams,12474929
2026-07-08T17:04:32.226991,2026-07-08T17:04:32.231117+00:00,148.1,8,ask,YieldingYams,Xuanyu Liu,12474947
2026-07-08T17:04:32.353570,2026-07-08T17:04:32.357496+00:00,148.2,3,ask,YieldingYams,Xuanyu Liu,12474954
2026-07-08T17:04:32.971525,2026-07-08T17:04:32.981243+00:00,148.4,200,bid,WavyWalnuts,YieldingYams,12474959
2026-07-08T17:04:33.663965,2026-07-08T17:04:33.667629+00:00,148.4,23,ask,YieldingYams,Xuanyu Liu,12474970
2026-07-08T17:04:34.963370,2026-07-08T17:04:34.971274+00:00,148.4,8,ask,Lachy Miller,YieldingYams,12474994
2026-07-08T17:04:35.394918,2026-07-08T17:04:35.405387+00:00,148.4,200,bid,WavyWalnuts,YieldingYams,12475001
2026-07-08T17:04:36.604981,2026-07-08T17:04:36.612557+00:00,148.4,200,ask,YieldingYams,WavyWalnuts,12475013
2026-07-08T17:04:37.589967,2026-07-08T17:04:37.601545+00:00,148.4,8,ask,Lachy Miller,YieldingYams,12475027
2026-07-08T17:04:37.811770,2026-07-08T17:04:37.820679+00:00,148.4,200,bid,WavyWalnuts,YieldingYams,12475031
2026-07-08T17:04:38.160396,2026-07-08T17:04:38.172398+00:00,148.4,20,bid,BrilliantBurritos,YieldingYams,12475038
2026-07-08T17:04:38.358681,2026-07-08T17:04:38.362863+00:00,148.4,11,bid,Xuanyu Liu,YieldingYams,12475043
2026-07-08T17:04:42.840733,2026-07-08T17:04:42.851737+00:00,148.3,200,ask,WavyWalnuts,YieldingYams,12475104
2026-07-08T17:04:45.028842,2026-07-08T17:04:45.032590+00:00,148.3,12,bid,Xuanyu Liu,AverageAlmonds,12475149
2026-07-08T17:04:45.614789,2026-07-08T17:04:45.623715+00:00,148.2,200,ask,WavyWalnuts,AverageAlmonds,12475163
2026-07-08T17:04:45.614789,2026-07-08T17:04:45.623715+00:00,148.2,8,ask,Lachy Miller,AverageAlmonds,12475164
2026-07-08T17:04:45.631555,2026-07-08T17:04:45.635051+00:00,148.2,11,bid,Xuanyu Liu,AverageAlmonds,12475167
2026-07-08T17:04:46.273567,2026-07-08T17:04:46.280640+00:00,148.2,200,bid,WavyWalnuts,AverageAlmonds,12475173
2026-07-08T17:04:46.876726,2026-07-08T17:04:46.896278+00:00,148.1,3,bid,Xuanyu Liu,AverageAlmonds,12475185
2026-07-08T17:04:48.102755,2026-07-08T17:04:48.106622+00:00,148.1,3,ask,YieldingYams,Xuanyu Liu,12475204
2026-07-08T17:04:48.659333,2026-07-08T17:04:48.669635+00:00,148.1,500,ask,YieldingYams,AverageAlmonds,12475212
2026-07-08T17:04:48.695140,2026-07-08T17:04:48.706320+00:00,148.1,122,ask,YieldingYams,WavyWalnuts,12475213
2026-07-08T17:04:48.695140,2026-07-08T17:04:48.706320+00:00,148.0,8,ask,Lachy Miller,WavyWalnuts,12475214
2026-07-08T17:04:52.322966,2026-07-08T17:04:52.331922+00:00,147.9,200,bid,WavyWalnuts,AverageAlmonds,12475274
2026-07-08T17:04:54.008428,2026-07-08T17:04:54.018464+00:00,147.9,20,bid,BrilliantBurritos,WavyWalnuts,12475300
2026-07-08T17:04:54.764777,2026-07-08T17:04:54.774671+00:00,147.9,200,bid,WavyWalnuts,AverageAlmonds,12475311
2026-07-08T17:05:00.819113,2026-07-08T17:05:00.826457+00:00,147.6,200,bid,WavyWalnuts,YieldingYams,12475415
2026-07-08T17:05:02.514420,2026-07-08T17:05:02.518938+00:00,147.7,11,ask,YieldingYams,Xuanyu Liu,12475443
2026-07-08T17:05:06.797600,2026-07-08T17:05:06.801338+00:00,147.7,23,ask,WavyWalnuts,Xuanyu Liu,12475503
2026-07-08T17:05:07.736170,2026-07-08T17:05:07.746338+00:00,147.8,500,bid,YieldingYams,AverageAlmonds,12475519
2026-07-08T17:05:07.753371,2026-07-08T17:05:07.758224+00:00,147.8,12,ask,YieldingYams,Xuanyu Liu,12475521
2026-07-08T17:05:08.021226,2026-07-08T17:05:08.030844+00:00,147.8,113,ask,YieldingYams,AverageAlmonds,12475527
2026-07-08T17:05:08.021226,2026-07-08T17:05:08.030844+00:00,147.7,200,ask,WavyWalnuts,AverageAlmonds,12475528
2026-07-08T17:05:08.021226,2026-07-08T17:05:08.035859+00:00,147.7,8,ask,Lachy Miller,AverageAlmonds,12475529
2026-07-08T17:05:08.078337,2026-07-08T17:05:08.085295+00:00,147.7,179,bid,WavyWalnuts,AverageAlmonds,12475531
2026-07-08T17:05:08.619903,2026-07-08T17:05:08.627606+00:00,147.8,21,ask,WavyWalnuts,AverageAlmonds,12475537
2026-07-08T17:05:08.619903,2026-07-08T17:05:08.632568+00:00,147.7,8,ask,Lachy Miller,AverageAlmonds,12475538
2026-07-08T17:05:08.641382,2026-07-08T17:05:08.645366+00:00,147.7,8,bid,Xuanyu Liu,AverageAlmonds,12475540
2026-07-08T17:05:08.922210,2026-07-08T17:05:08.925895+00:00,147.5,8,bid,Xuanyu Liu,Lachy Miller,12475548
2026-07-08T17:05:09.067825,2026-07-08T17:05:09.071842+00:00,147.5,7,bid,Xuanyu Liu,YieldingYams,12475554
2026-07-08T17:05:09.288378,2026-07-08T17:05:09.296246+00:00,147.5,200,bid,WavyWalnuts,YieldingYams,12475556
2026-07-08T17:05:10.437419,2026-07-08T17:05:10.446666+00:00,147.5,500,ask,YieldingYams,AverageAlmonds,12475577
2026-07-08T17:05:11.063369,2026-07-08T17:05:11.074167+00:00,147.5,125,ask,YieldingYams,AverageAlmonds,12475585
2026-07-08T17:05:11.080102,2026-07-08T17:05:11.090167+00:00,147.5,20,bid,BrilliantBurritos,AverageAlmonds,12475586
2026-07-08T17:05:11.716334,2026-07-08T17:05:11.726619+00:00,147.6,8,bid,WavyWalnuts,Lachy Miller,12475596
2026-07-08T17:05:11.716334,2026-07-08T17:05:11.726619+00:00,147.6,192,bid,WavyWalnuts,AverageAlmonds,12475597
2026-07-08T17:05:14.139268,2026-07-08T17:05:14.147116+00:00,147.6,200,bid,WavyWalnuts,YieldingYams,12475646
2026-07-08T17:05:18.255828,2026-07-08T17:05:18.258599+00:00,147.4,200,ask,WavyWalnuts,YieldingYams,12475710
2026-07-08T17:05:18.255828,2026-07-08T17:05:18.280556+00:00,147.3,8,ask,Lachy Miller,YieldingYams,12475711
2026-07-08T17:05:18.275770,2026-07-08T17:05:18.280556+00:00,147.3,12,bid,Xuanyu Liu,YieldingYams,12475713
2026-07-08T17:05:18.988774,2026-07-08T17:05:19.000531+00:00,147.3,200,bid,WavyWalnuts,YieldingYams,12475725
2026-07-08T17:05:19.607180,2026-07-08T17:05:19.610806+00:00,147.2,8,ask,YieldingYams,Xuanyu Liu,12475737
2026-07-08T17:05:21.426876,2026-07-08T17:05:21.430663+00:00,147.3,4,ask,WavyWalnuts,Xuanyu Liu,12475777
2026-07-08T17:05:22.625826,2026-07-08T17:05:22.633938+00:00,147.5,200,bid,WavyWalnuts,YieldingYams,12475794
2026-07-08T17:05:22.899098,2026-07-08T17:05:22.910141+00:00,147.5,20,bid,BrilliantBurritos,YieldingYams,12475797
2026-07-08T17:05:24.492709,2026-07-08T17:05:24.500929+00:00,147.4,20,ask,YieldingYams,BrilliantBurritos,12475832
2026-07-08T17:05:25.045114,2026-07-08T17:05:25.052109+00:00,147.4,200,ask,YieldingYams,WavyWalnuts,12475841
2026-07-08T17:05:25.604013,2026-07-08T17:05:25.612746+00:00,147.4,20,ask,YieldingYams,BrilliantBurritos,12475851
2026-07-08T17:05:27.480129,2026-07-08T17:05:27.484045+00:00,147.5,12,bid,Xuanyu Liu,WavyWalnuts,12475888
2026-07-08T17:05:31.389057,2026-07-08T17:05:31.395960+00:00,147.6,200,ask,WavyWalnuts,YieldingYams,12475958
2026-07-08T17:05:35.395234,2026-07-08T17:05:35.402950+00:00,147.6,20,bid,BrilliantBurritos,WavyWalnuts,12476020
2026-07-08T17:05:36.635611,2026-07-08T17:05:36.643384+00:00,147.7,200,bid,YieldingYams,WavyWalnuts,12476039
2026-07-08T17:05:36.635611,2026-07-08T17:05:36.648413+00:00,147.7,8,bid,YieldingYams,Lachy Miller,12476040
2026-07-08T17:05:37.964453,2026-07-08T17:05:37.968343+00:00,147.8,8,ask,YieldingYams,Xuanyu Liu,12476066
2026-07-08T17:05:38.447338,2026-07-08T17:05:38.451331+00:00,147.8,15,ask,YieldingYams,Xuanyu Liu,12476073
2026-07-08T17:05:40.572014,2026-07-08T17:05:40.583757+00:00,147.9,200,bid,YieldingYams,WavyWalnuts,12476115
2026-07-08T17:05:43.195973,2026-07-08T17:05:43.205286+00:00,147.8,200,ask,WavyWalnuts,YieldingYams,12476163
2026-07-08T17:05:43.225569,2026-07-08T17:05:43.245446+00:00,147.8,11,bid,Xuanyu Liu,YieldingYams,12476165
2026-07-08T17:05:43.279755,2026-07-08T17:05:43.287430+00:00,147.8,20,bid,BrilliantBurritos,YieldingYams,12476166
2026-07-08T17:05:44.076386,2026-07-08T17:05:44.081144+00:00,147.8,8,bid,Xuanyu Liu,YieldingYams,12476172
2026-07-08T17:05:46.860630,2026-07-08T17:05:46.868893+00:00,147.7,200,bid,WavyWalnuts,YieldingYams,12476231
2026-07-08T17:05:51.050463,2026-07-08T17:05:51.054397+00:00,147.9,18,bid,Xuanyu Liu,YieldingYams,12476306
2026-07-08T17:05:52.765114,2026-07-08T17:05:52.776707+00:00,147.9,20,bid,BrilliantBurritos,YieldingYams,12476336
2026-07-08T17:05:55.002955,2026-07-08T17:05:55.009953+00:00,147.9,200,bid,YieldingYams,WavyWalnuts,12476379
2026-07-08T17:05:55.110437,2026-07-08T17:05:55.122038+00:00,147.9,20,ask,YieldingYams,BrilliantBurritos,12476382
2026-07-08T17:05:56.530566,2026-07-08T17:05:56.540871+00:00,147.9,20,ask,YieldingYams,BrilliantBurritos,12476410
2026-07-08T17:06:01.288536,2026-07-08T17:06:01.300427+00:00,148.1,20,bid,BrilliantBurritos,YieldingYams,12476489
2026-07-08T17:06:05.026284,2026-07-08T17:06:05.033725+00:00,148.2,200,bid,WavyWalnuts,YieldingYams,12476547
2026-07-08T17:06:07.444332,2026-07-08T17:06:07.451186+00:00,148.2,200,ask,YieldingYams,WavyWalnuts,12476596
2026-07-08T17:06:12.289329,2026-07-08T17:06:12.296635+00:00,148.2,200,bid,WavyWalnuts,YieldingYams,12476676
2026-07-08T17:06:13.386088,2026-07-08T17:06:13.394687+00:00,148.2,8,bid,YieldingYams,Lachy Miller,12476700
2026-07-08T17:06:16.017901,2026-07-08T17:06:16.025502+00:00,148.4,200,bid,YieldingYams,WavyWalnuts,12476751
2026-07-08T17:06:16.083470,2026-07-08T17:06:16.095560+00:00,148.5,8,bid,BrilliantBurritos,Lachy Miller,12476752
2026-07-08T17:06:17.158809,2026-07-08T17:06:17.170397+00:00,148.5,8,ask,Lachy Miller,WavyWalnuts,12476770
2026-07-08T17:06:17.158809,2026-07-08T17:06:17.170397+00:00,148.4,192,ask,YieldingYams,WavyWalnuts,12476771
2026-07-08T17:06:17.334588,2026-07-08T17:06:17.345073+00:00,148.4,8,ask,Lachy Miller,YieldingYams,12476775
2026-07-08T17:06:17.334588,2026-07-08T17:06:17.345073+00:00,148.3,500,ask,AverageAlmonds,YieldingYams,12476776
2026-07-08T17:06:17.685402,2026-07-08T17:06:17.693885+00:00,148.3,117,bid,AverageAlmonds,YieldingYams,12476779
2026-07-08T17:06:18.370461,2026-07-08T17:06:18.381758+00:00,148.6,8,ask,Lachy Miller,WavyWalnuts,12476789
2026-07-08T17:06:18.643174,2026-07-08T17:06:18.654318+00:00,148.5,192,bid,YieldingYams,WavyWalnuts,12476796
2026-07-08T17:06:18.643174,2026-07-08T17:06:18.654318+00:00,148.5,8,bid,YieldingYams,Lachy Miller,12476797
2026-07-08T17:06:21.274106,2026-07-08T17:06:21.284286+00:00,148.3,500,ask,AverageAlmonds,YieldingYams,12476836
2026-07-08T17:06:21.594914,2026-07-08T17:06:21.607088+00:00,148.2,20,ask,WavyWalnuts,BrilliantBurritos,12476843
2026-07-08T17:06:22.513038,2026-07-08T17:06:22.521696+00:00,148.3,125,bid,AverageAlmonds,YieldingYams,12476863
2026-07-08T17:06:23.204639,2026-07-08T17:06:23.216157+00:00,148.3,200,ask,AverageAlmonds,WavyWalnuts,12476872
2026-07-08T17:06:26.832529,2026-07-08T17:06:26.839395+00:00,148.5,200,bid,WavyWalnuts,YieldingYams,12476938
2026-07-08T17:06:28.040593,2026-07-08T17:06:28.048240+00:00,148.5,200,bid,WavyWalnuts,YieldingYams,12476960
2026-07-08T17:06:31.019639,2026-07-08T17:06:31.028824+00:00,148.5,200,bid,AverageAlmonds,WavyWalnuts,12477020
2026-07-08T17:06:31.785231,2026-07-08T17:06:31.796035+00:00,148.5,500,ask,AverageAlmonds,YieldingYams,12477040
2026-07-08T17:06:31.905282,2026-07-08T17:06:31.917203+00:00,148.5,20,bid,BrilliantBurritos,YieldingYams,12477041
2026-07-08T17:06:32.219190,2026-07-08T17:06:32.228003+00:00,148.5,105,bid,AverageAlmonds,YieldingYams,12477045
2026-07-08T17:06:32.219190,2026-07-08T17:06:32.228003+00:00,148.6,200,bid,AverageAlmonds,WavyWalnuts,12477046
2026-07-08T17:06:32.475053,2026-07-08T17:06:32.479032+00:00,148.8,3,ask,Lachy Miller,Xuanyu Liu,12477050
2026-07-08T17:06:32.913775,2026-07-08T17:06:32.922965+00:00,148.8,8,ask,Lachy Miller,WavyWalnuts,12477057
2026-07-08T17:06:33.093669,2026-07-08T17:06:33.104146+00:00,148.7,192,bid,YieldingYams,WavyWalnuts,12477063
2026-07-08T17:06:35.426968,2026-07-08T17:06:35.431133+00:00,148.8,6,bid,Xuanyu Liu,YieldingYams,12477109
2026-07-08T17:06:35.452058,2026-07-08T17:06:35.455896+00:00,148.8,8,bid,Xuanyu Liu,YieldingYams,12477111
2026-07-08T17:06:35.764074,2026-07-08T17:06:35.767790+00:00,148.8,3,bid,Xuanyu Liu,YieldingYams,12477121
2026-07-08T17:06:37.674051,2026-07-08T17:06:37.684799+00:00,148.8,500,bid,AverageAlmonds,YieldingYams,12477150
2026-07-08T17:06:38.879902,2026-07-08T17:06:38.886885+00:00,148.8,200,bid,AverageAlmonds,WavyWalnuts,12477174
2026-07-08T17:06:38.972307,2026-07-08T17:06:38.980152+00:00,148.8,200,ask,AverageAlmonds,WavyWalnuts,12477176
2026-07-08T17:06:39.483483,2026-07-08T17:06:39.491305+00:00,148.9,500,bid,AverageAlmonds,YieldingYams,12477181
2026-07-08T17:06:39.651217,2026-07-08T17:06:39.658748+00:00,149.0,8,bid,YieldingYams,Lachy Miller,12477192
2026-07-08T17:06:39.671467,2026-07-08T17:06:39.675226+00:00,149.0,14,ask,YieldingYams,Xuanyu Liu,12477195
2026-07-08T17:06:40.181556,2026-07-08T17:06:40.190501+00:00,149.0,200,ask,YieldingYams,WavyWalnuts,12477199
2026-07-08T17:06:41.335566,2026-07-08T17:06:41.340241+00:00,149.0,3,bid,Xuanyu Liu,YieldingYams,12477227
2026-07-08T17:06:41.391722,2026-07-08T17:06:41.401249+00:00,148.9,200,ask,AverageAlmonds,WavyWalnuts,12477228
2026-07-08T17:06:41.417955,2026-07-08T17:06:41.421624+00:00,149.0,8,bid,Xuanyu Liu,YieldingYams,12477230
2026-07-08T17:06:41.693328,2026-07-08T17:06:41.697084+00:00,149.0,15,bid,Xuanyu Liu,YieldingYams,12477233
2026-07-08T17:06:43.930880,2026-07-08T17:06:43.941454+00:00,149.0,8,bid,BrilliantBurritos,Lachy Miller,12477277
2026-07-08T17:06:43.930880,2026-07-08T17:06:43.941454+00:00,149.0,12,bid,BrilliantBurritos,WavyWalnuts,12477278
2026-07-08T17:06:46.148255,2026-07-08T17:06:46.164180+00:00,149.0,500,bid,AverageAlmonds,YieldingYams,12477306
2026-07-08T17:06:46.239839,2026-07-08T17:06:46.247795+00:00,148.9,200,ask,YieldingYams,WavyWalnuts,12477313
2026-07-08T17:06:47.448549,2026-07-08T17:06:47.459210+00:00,149.0,8,ask,Lachy Miller,WavyWalnuts,12477334
2026-07-08T17:06:47.448549,2026-07-08T17:06:47.459210+00:00,149.0,192,ask,AverageAlmonds,WavyWalnuts,12477335
2026-07-08T17:06:49.873801,2026-07-08T17:06:49.882476+00:00,149.1,200,bid,WavyWalnuts,YieldingYams,12477383
2026-07-08T17:06:54.403839,2026-07-08T17:06:54.407652+00:00,148.9,23,ask,YieldingYams,Xuanyu Liu,12477447
2026-07-08T17:06:55.187516,2026-07-08T17:06:55.197062+00:00,149.0,20,bid,BrilliantBurritos,WavyWalnuts,12477459
2026-07-08T17:06:58.336771,2026-07-08T17:06:58.344971+00:00,148.9,200,bid,WavyWalnuts,YieldingYams,12477524
2026-07-08T17:06:58.863733,2026-07-08T17:06:58.871507+00:00,148.9,425,bid,AverageAlmonds,YieldingYams,12477531
2026-07-08T17:06:59.116373,2026-07-08T17:06:59.129090+00:00,148.9,20,ask,AverageAlmonds,BrilliantBurritos,12477539
2026-07-08T17:06:59.547070,2026-07-08T17:06:59.558589+00:00,149.1,200,ask,YieldingYams,WavyWalnuts,12477556
2026-07-08T17:07:00.752779,2026-07-08T17:07:00.764325+00:00,149.1,200,bid,WavyWalnuts,YieldingYams,12477571
2026-07-08T17:07:03.184481,2026-07-08T17:07:03.195395+00:00,149.1,200,ask,YieldingYams,WavyWalnuts,12477610
2026-07-08T17:07:04.401050,2026-07-08T17:07:04.408132+00:00,149.1,200,ask,YieldingYams,WavyWalnuts,12477632
2026-07-08T17:07:06.620686,2026-07-08T17:07:06.624420+00:00,149.1,3,ask,YieldingYams,Xuanyu Liu,12477677
2026-07-08T17:07:06.820411,2026-07-08T17:07:06.827420+00:00,149.1,200,ask,YieldingYams,WavyWalnuts,12477681
2026-07-08T17:07:07.213465,2026-07-08T17:07:07.234051+00:00,149.1,8,ask,Lachy Miller,YieldingYams,12477688
2026-07-08T17:07:07.229534,2026-07-08T17:07:07.234051+00:00,149.1,3,bid,Xuanyu Liu,YieldingYams,12477690
2026-07-08T17:07:07.255874,2026-07-08T17:07:07.260424+00:00,149.1,8,bid,Xuanyu Liu,YieldingYams,12477692
2026-07-08T17:07:09.806349,2026-07-08T17:07:09.810087+00:00,149.0,8,ask,YieldingYams,Xuanyu Liu,12477733
2026-07-08T17:07:10.228219,2026-07-08T17:07:10.232373+00:00,149.0,3,ask,YieldingYams,Xuanyu Liu,12477739
2026-07-08T17:07:11.145822,2026-07-08T17:07:11.158641+00:00,149.0,200,ask,WavyWalnuts,YieldingYams,12477759
2026-07-08T17:07:15.297874,2026-07-08T17:07:15.308074+00:00,149.0,200,ask,AverageAlmonds,WavyWalnuts,12477837
2026-07-08T17:07:16.509371,2026-07-08T17:07:16.520181+00:00,148.9,200,ask,YieldingYams,WavyWalnuts,12477864
2026-07-08T17:07:17.707018,2026-07-08T17:07:17.718341+00:00,149.1,500,ask,AverageAlmonds,YieldingYams,12477881
2026-07-08T17:07:17.718252,2026-07-08T17:07:17.728762+00:00,149.0,8,ask,Lachy Miller,WavyWalnuts,12477882
2026-07-08T17:07:17.718252,2026-07-08T17:07:17.728762+00:00,148.9,192,ask,YieldingYams,WavyWalnuts,12477883
2026-07-08T17:07:18.928517,2026-07-08T17:07:18.936188+00:00,149.0,200,ask,AverageAlmonds,WavyWalnuts,12477899
2026-07-08T17:07:21.643086,2026-07-08T17:07:21.650337+00:00,149.3,200,ask,WavyWalnuts,YieldingYams,12477938
2026-07-08T17:07:22.557957,2026-07-08T17:07:22.569797+00:00,149.3,200,bid,WavyWalnuts,YieldingYams,12477953
2026-07-08T17:07:22.954380,2026-07-08T17:07:22.970490+00:00,149.3,8,bid,YieldingYams,Lachy Miller,12477961
2026-07-08T17:07:22.966846,2026-07-08T17:07:22.970490+00:00,149.3,3,ask,YieldingYams,Xuanyu Liu,12477964
2026-07-08T17:07:23.769137,2026-07-08T17:07:23.776010+00:00,149.3,200,ask,YieldingYams,WavyWalnuts,12477978
2026-07-08T17:07:25.790853,2026-07-08T17:07:25.795052+00:00,149.3,8,ask,WavyWalnuts,Xuanyu Liu,12478014
2026-07-08T17:07:26.135928,2026-07-08T17:07:26.143837+00:00,149.3,192,ask,WavyWalnuts,AverageAlmonds,12478019
2026-07-08T17:07:26.554351,2026-07-08T17:07:26.563627+00:00,149.2,20,ask,YieldingYams,BrilliantBurritos,12478024
2026-07-08T17:07:28.224528,2026-07-08T17:07:28.234948+00:00,149.3,500,bid,YieldingYams,AverageAlmonds,12478059
2026-07-08T17:07:28.224528,2026-07-08T17:07:28.234948+00:00,149.4,125,bid,YieldingYams,WavyWalnuts,12478060
2026-07-08T17:07:28.764234,2026-07-08T17:07:28.767980+00:00,149.3,8,bid,Xuanyu Liu,AverageAlmonds,12478066
2026-07-08T17:07:29.093137,2026-07-08T17:07:29.097481+00:00,149.2,8,ask,WavyWalnuts,Xuanyu Liu,12478069
2026-07-08T17:07:29.237655,2026-07-08T17:07:29.242355+00:00,149.2,15,ask,WavyWalnuts,Xuanyu Liu,12478077
2026-07-08T17:07:29.539108,2026-07-08T17:07:29.549858+00:00,149.2,177,ask,WavyWalnuts,YieldingYams,12478083
2026-07-08T17:07:32.023116,2026-07-08T17:07:32.035075+00:00,148.9,20,ask,YieldingYams,BrilliantBurritos,12478119
2026-07-08T17:07:33.955038,2026-07-08T17:07:33.963884+00:00,149.1,20,bid,BrilliantBurritos,YieldingYams,12478149
2026-07-08T17:07:35.562505,2026-07-08T17:07:35.566941+00:00,148.9,11,ask,WavyWalnuts,Xuanyu Liu,12478176
2026-07-08T17:07:35.879092,2026-07-08T17:07:35.882924+00:00,149.0,12,ask,WavyWalnuts,Xuanyu Liu,12478188
2026-07-08T17:07:40.082170,2026-07-08T17:07:40.089898+00:00,149.1,200,bid,YieldingYams,WavyWalnuts,12478244
2026-07-08T17:07:40.082170,2026-07-08T17:07:40.095369+00:00,149.1,8,bid,YieldingYams,Lachy Miller,12478245
2026-07-08T17:07:40.114387,2026-07-08T17:07:40.121552+00:00,149.3,20,bid,BrilliantBurritos,AverageAlmonds,12478248
2026-07-08T17:07:42.603225,2026-07-08T17:07:42.615248+00:00,149.0,20,ask,YieldingYams,BrilliantBurritos,12478288
2026-07-08T17:07:44.387404,2026-07-08T17:07:44.391196+00:00,149.1,11,ask,WavyWalnuts,Xuanyu Liu,12478323
2026-07-08T17:07:45.583081,2026-07-08T17:07:45.591139+00:00,149.2,200,bid,WavyWalnuts,YieldingYams,12478340
2026-07-08T17:07:47.393712,2026-07-08T17:07:47.404258+00:00,149.2,20,bid,BrilliantBurritos,YieldingYams,12478362
2026-07-08T17:07:49.270412,2026-07-08T17:07:49.277911+00:00,149.2,200,ask,WavyWalnuts,YieldingYams,12478393
2026-07-08T17:07:50.423238,2026-07-08T17:07:50.433879+00:00,149.2,200,bid,WavyWalnuts,YieldingYams,12478420
2026-07-08T17:07:50.581212,2026-07-08T17:07:50.591773+00:00,149.2,8,bid,YieldingYams,Lachy Miller,12478424
2026-07-08T17:07:54.519294,2026-07-08T17:07:54.530409+00:00,149.2,200,ask,WavyWalnuts,YieldingYams,12478474
2026-07-08T17:07:57.640830,2026-07-08T17:07:57.658566+00:00,149.0,20,ask,WavyWalnuts,BrilliantBurritos,12478525
2026-07-08T17:08:00.117302,2026-07-08T17:08:00.127397+00:00,148.9,200,ask,YieldingYams,WavyWalnuts,12478569
2026-07-08T17:08:03.713705,2026-07-08T17:08:03.723052+00:00,148.9,200,ask,WavyWalnuts,YieldingYams,12478621
2026-07-08T17:08:06.762673,2026-07-08T17:08:06.766503+00:00,148.8,11,ask,WavyWalnuts,Xuanyu Liu,12478667
2026-07-08T17:08:06.922965,2026-07-08T17:08:06.934508+00:00,149.0,20,bid,BrilliantBurritos,WavyWalnuts,12478670
2026-07-08T17:08:07.664392,2026-07-08T17:08:07.668393+00:00,148.9,12,ask,YieldingYams,Xuanyu Liu,12478685
2026-07-08T17:08:08.975332,2026-07-08T17:08:08.979333+00:00,149.0,11,ask,YieldingYams,Xuanyu Liu,12478708
2026-07-08T17:08:09.805372,2026-07-08T17:08:09.813985+00:00,149.0,200,ask,YieldingYams,WavyWalnuts,12478717
2026-07-08T17:08:10.064380,2026-07-08T17:08:10.076225+00:00,149.0,20,ask,YieldingYams,BrilliantBurritos,12478732
2026-07-08T17:08:12.219383,2026-07-08T17:08:12.227405+00:00,149.0,8,bid,WavyWalnuts,Lachy Miller,12478761
2026-07-08T17:08:12.219383,2026-07-08T17:08:12.232402+00:00,149.0,192,bid,WavyWalnuts,AverageAlmonds,12478762
2026-07-08T17:08:13.436484,2026-07-08T17:08:13.445537+00:00,148.9,200,bid,WavyWalnuts,YieldingYams,12478776
2026-07-08T17:08:14.643866,2026-07-08T17:08:14.658607+00:00,148.8,200,bid,WavyWalnuts,YieldingYams,12478799
2026-07-08T17:08:15.529876,2026-07-08T17:08:15.538801+00:00,148.8,8,bid,YieldingYams,Lachy Miller,12478818
2026-07-08T17:08:16.412892,2026-07-08T17:08:16.422459+00:00,148.9,200,ask,WavyWalnuts,AverageAlmonds,12478826
2026-07-08T17:08:17.013328,2026-07-08T17:08:17.020166+00:00,148.8,500,ask,YieldingYams,AverageAlmonds,12478834
2026-07-08T17:08:18.266955,2026-07-08T17:08:18.274958+00:00,148.9,200,bid,WavyWalnuts,YieldingYams,12478861
2026-07-08T17:08:19.487460,2026-07-08T17:08:19.496688+00:00,148.9,8,bid,BrilliantBurritos,Lachy Miller,12478880
2026-07-08T17:08:20.656227,2026-07-08T17:08:20.668991+00:00,148.8,500,ask,YieldingYams,AverageAlmonds,12478896
2026-07-08T17:08:20.795384,2026-07-08T17:08:20.814396+00:00,148.8,200,ask,WavyWalnuts,YieldingYams,12478903
2026-07-08T17:08:20.810373,2026-07-08T17:08:20.814396+00:00,148.8,11,bid,Xuanyu Liu,YieldingYams,12478905
2026-07-08T17:08:21.909504,2026-07-08T17:08:21.919705+00:00,148.8,200,bid,WavyWalnuts,YieldingYams,12478920
2026-07-08T17:08:22.104933,2026-07-08T17:08:22.113628+00:00,148.8,500,bid,YieldingYams,AverageAlmonds,12478925
2026-07-08T17:08:22.104933,2026-07-08T17:08:22.113628+00:00,148.9,8,bid,YieldingYams,Lachy Miller,12478926
2026-07-08T17:08:22.463208,2026-07-08T17:08:22.502696+00:00,148.9,117,ask,YieldingYams,AverageAlmonds,12478929
2026-07-08T17:08:22.491205,2026-07-08T17:08:22.502696+00:00,148.7,8,bid,Lachy Miller,AverageAlmonds,12478932
2026-07-08T17:08:22.498508,2026-07-08T17:08:22.502696+00:00,148.7,12,bid,Xuanyu Liu,AverageAlmonds,12478933
2026-07-08T17:08:22.550576,2026-07-08T17:08:22.554774+00:00,148.7,34,bid,Xuanyu Liu,AverageAlmonds,12478941
2026-07-08T17:08:22.865164,2026-07-08T17:08:22.868892+00:00,148.5,8,bid,Xuanyu Liu,Lachy Miller,12478949
2026-07-08T17:08:23.119850,2026-07-08T17:08:23.129776+00:00,148.7,200,bid,WavyWalnuts,AverageAlmonds,12478958
2026-07-08T17:08:23.416779,2026-07-08T17:08:23.424222+00:00,148.6,5,bid,YieldingYams,Lachy Miller,12478965
2026-07-08T17:08:23.416779,2026-07-08T17:08:23.439930+00:00,148.7,300,bid,YieldingYams,AverageAlmonds,12478966
2026-07-08T17:08:23.435600,2026-07-08T17:08:23.439930+00:00,148.7,8,ask,YieldingYams,Xuanyu Liu,12478968
2026-07-08T17:08:23.446166,2026-07-08T17:08:23.450374+00:00,148.7,34,ask,YieldingYams,Xuanyu Liu,12478970
2026-07-08T17:08:24.278688,2026-07-08T17:08:24.285756+00:00,148.7,278,ask,YieldingYams,AverageAlmonds,12478978
2026-07-08T17:08:24.278688,2026-07-08T17:08:24.290784+00:00,148.7,8,ask,Lachy Miller,AverageAlmonds,12478979
2026-07-08T17:08:24.729195,2026-07-08T17:08:24.737658+00:00,148.6,200,ask,WavyWalnuts,YieldingYams,12478996
2026-07-08T17:08:24.729195,2026-07-08T17:08:24.737658+00:00,148.5,8,ask,Lachy Miller,YieldingYams,12478997
2026-07-08T17:08:25.540910,2026-07-08T17:08:25.547983+00:00,148.5,200,bid,WavyWalnuts,YieldingYams,12479008
2026-07-08T17:08:26.196449,2026-07-08T17:08:26.200323+00:00,148.6,8,bid,Xuanyu Liu,Lachy Miller,12479020
2026-07-08T17:08:27.028932,2026-07-08T17:08:27.041173+00:00,148.6,20,ask,WavyWalnuts,BrilliantBurritos,12479027
2026-07-08T17:08:28.670450,2026-07-08T17:08:28.680526+00:00,148.7,200,bid,YieldingYams,WavyWalnuts,12479066
2026-07-08T17:08:28.670450,2026-07-08T17:08:28.680526+00:00,148.7,425,bid,YieldingYams,AverageAlmonds,12479067
2026-07-08T17:08:32.602793,2026-07-08T17:08:32.612450+00:00,148.5,200,ask,WavyWalnuts,YieldingYams,12479130
2026-07-08T17:08:35.254685,2026-07-08T17:08:35.258503+00:00,148.4,3,bid,Xuanyu Liu,WavyWalnuts,12479164
2026-07-08T17:08:36.456870,2026-07-08T17:08:36.458617+00:00,148.3,200,ask,YieldingYams,WavyWalnuts,12479177
2026-07-08T17:08:37.531855,2026-07-08T17:08:37.541008+00:00,148.3,20,ask,YieldingYams,BrilliantBurritos,12479199
2026-07-08T17:08:39.163025,2026-07-08T17:08:39.170449+00:00,148.6,200,bid,YieldingYams,WavyWalnuts,12479226
2026-07-08T17:08:40.424583,2026-07-08T17:08:40.432786+00:00,148.6,20,ask,YieldingYams,BrilliantBurritos,12479244
2026-07-08T17:08:41.543955,2026-07-08T17:08:41.548342+00:00,148.6,8,ask,WavyWalnuts,Xuanyu Liu,12479264
2026-07-08T17:08:41.966480,2026-07-08T17:08:41.980189+00:00,148.7,20,bid,BrilliantBurritos,YieldingYams,12479277
2026-07-08T17:08:41.976319,2026-07-08T17:08:41.980189+00:00,148.7,31,bid,Xuanyu Liu,YieldingYams,12479279
2026-07-08T17:08:42.534595,2026-07-08T17:08:42.538353+00:00,148.6,11,bid,Xuanyu Liu,WavyWalnuts,12479290
2026-07-08T17:08:43.077474,2026-07-08T17:08:43.089261+00:00,148.6,20,bid,BrilliantBurritos,WavyWalnuts,12479297
2026-07-08T17:08:43.736535,2026-07-08T17:08:43.752831+00:00,148.5,200,ask,YieldingYams,WavyWalnuts,12479312
2026-07-08T17:08:45.731319,2026-07-08T17:08:45.738831+00:00,148.5,200,ask,WavyWalnuts,YieldingYams,12479338
2026-07-08T17:08:46.148035,2026-07-08T17:08:46.164050+00:00,148.5,200,bid,WavyWalnuts,YieldingYams,12479345
2026-07-08T17:08:47.039857,2026-07-08T17:08:47.058587+00:00,148.5,500,bid,YieldingYams,AverageAlmonds,12479361
2026-07-08T17:08:47.313917,2026-07-08T17:08:47.325083+00:00,148.5,125,ask,YieldingYams,AverageAlmonds,12479366
2026-07-08T17:08:47.313917,2026-07-08T17:08:47.325083+00:00,148.5,8,ask,Lachy Miller,AverageAlmonds,12479367
2026-07-08T17:08:49.657902,2026-07-08T17:08:49.669579+00:00,148.4,200,bid,YieldingYams,WavyWalnuts,12479406
2026-07-08T17:08:51.465432,2026-07-08T17:08:51.469725+00:00,148.5,12,bid,Xuanyu Liu,YieldingYams,12479436
2026-07-08T17:08:54.208999,2026-07-08T17:08:54.212752+00:00,148.5,11,bid,Xuanyu Liu,WavyWalnuts,12479473
2026-07-08T17:08:56.270054,2026-07-08T17:08:56.279592+00:00,148.4,200,ask,WavyWalnuts,YieldingYams,12479508
2026-07-08T17:08:58.913727,2026-07-08T17:08:58.925030+00:00,148.2,200,ask,WavyWalnuts,YieldingYams,12479546
2026-07-08T17:08:58.919283,2026-07-08T17:08:58.930518+00:00,148.2,8,bid,Lachy Miller,YieldingYams,12479547
2026-07-08T17:09:00.964479,2026-07-08T17:09:00.968458+00:00,148.3,3,bid,Xuanyu Liu,YieldingYams,12479580
2026-07-08T17:09:01.947271,2026-07-08T17:09:01.951252+00:00,148.1,3,bid,Xuanyu Liu,WavyWalnuts,12479592
2026-07-08T17:09:03.710088,2026-07-08T17:09:03.713730+00:00,148.1,8,bid,Xuanyu Liu,WavyWalnuts,12479623
2026-07-08T17:09:03.798800,2026-07-08T17:09:03.810487+00:00,148.0,20,ask,YieldingYams,BrilliantBurritos,12479627
2026-07-08T17:09:04.345872,2026-07-08T17:09:04.356350+00:00,148.0,200,ask,AverageAlmonds,WavyWalnuts,12479637
2026-07-08T17:09:05.554999,2026-07-08T17:09:05.564754+00:00,148.0,8,ask,Lachy Miller,WavyWalnuts,12479659
2026-07-08T17:09:05.554999,2026-07-08T17:09:05.564754+00:00,148.0,192,ask,YieldingYams,WavyWalnuts,12479660
2026-07-08T17:09:08.788546,2026-07-08T17:09:08.796797+00:00,148.0,20,ask,WavyWalnuts,BrilliantBurritos,12479711
2026-07-08T17:09:10.398130,2026-07-08T17:09:10.406065+00:00,148.0,8,ask,Lachy Miller,WavyWalnuts,12479739
2026-07-08T17:09:10.398130,2026-07-08T17:09:10.406065+00:00,148.0,192,ask,AverageAlmonds,WavyWalnuts,12479740
2026-07-08T17:09:10.891488,2026-07-08T17:09:10.895455+00:00,148.0,8,ask,AverageAlmonds,Xuanyu Liu,12479751
2026-07-08T17:09:12.826139,2026-07-08T17:09:12.835010+00:00,147.9,200,ask,YieldingYams,WavyWalnuts,12479782
2026-07-08T17:09:13.346444,2026-07-08T17:09:13.355009+00:00,147.9,500,ask,AverageAlmonds,YieldingYams,12479793
2026-07-08T17:09:13.346444,2026-07-08T17:09:13.355009+00:00,147.9,8,ask,Lachy Miller,YieldingYams,12479794
2026-07-08T17:09:13.376304,2026-07-08T17:09:13.385129+00:00,147.8,117,bid,AverageAlmonds,YieldingYams,12479795
2026-07-08T17:09:13.496766,2026-07-08T17:09:13.500481+00:00,148.1,3,ask,Lachy Miller,Xuanyu Liu,12479798
2026-07-08T17:09:14.033193,2026-07-08T17:09:14.041800+00:00,148.1,8,ask,Lachy Miller,WavyWalnuts,12479814
2026-07-08T17:09:14.653734,2026-07-08T17:09:14.658540+00:00,147.8,192,bid,YieldingYams,WavyWalnuts,12479818
2026-07-08T17:09:14.653734,2026-07-08T17:09:14.658540+00:00,147.9,8,bid,YieldingYams,Lachy Miller,12479819
2026-07-08T17:09:15.247371,2026-07-08T17:09:15.264028+00:00,148.0,200,ask,YieldingYams,WavyWalnuts,12479832
2026-07-08T17:09:15.973455,2026-07-08T17:09:15.980468+00:00,148.0,8,ask,Lachy Miller,YieldingYams,12479841
2026-07-08T17:09:16.860415,2026-07-08T17:09:16.864739+00:00,147.7,14,ask,AverageAlmonds,Xuanyu Liu,12479855
2026-07-08T17:09:16.999771,2026-07-08T17:09:17.010985+00:00,147.8,500,bid,AverageAlmonds,YieldingYams,12479857
2026-07-08T17:09:17.287887,2026-07-08T17:09:17.295272+00:00,147.8,200,bid,YieldingYams,WavyWalnuts,12479867
2026-07-08T17:09:18.805185,2026-07-08T17:09:18.812553+00:00,147.9,200,bid,AverageAlmonds,WavyWalnuts,12479885
2026-07-08T17:09:19.918143,2026-07-08T17:09:19.935792+00:00,147.9,500,ask,AverageAlmonds,YieldingYams,12479904
2026-07-08T17:09:19.931942,2026-07-08T17:09:19.935792+00:00,147.9,11,bid,Xuanyu Liu,YieldingYams,12479906
2026-07-08T17:09:20.080129,2026-07-08T17:09:20.088424+00:00,147.9,114,bid,WavyWalnuts,YieldingYams,12479912
2026-07-08T17:09:21.223939,2026-07-08T17:09:21.235036+00:00,148.1,200,bid,YieldingYams,WavyWalnuts,12479935
2026-07-08T17:09:21.223939,2026-07-08T17:09:21.235036+00:00,148.1,8,bid,YieldingYams,Lachy Miller,12479936
2026-07-08T17:09:21.290081,2026-07-08T17:09:21.300792+00:00,148.1,200,ask,YieldingYams,WavyWalnuts,12479938
2026-07-08T17:09:22.537574,2026-07-08T17:09:22.544081+00:00,148.2,500,ask,AverageAlmonds,YieldingYams,12479958
2026-07-08T17:09:23.048412,2026-07-08T17:09:23.058595+00:00,148.2,125,bid,AverageAlmonds,YieldingYams,12479964
2026-07-08T17:09:23.892627,2026-07-08T17:09:23.899448+00:00,148.3,20,ask,YieldingYams,BrilliantBurritos,12479986
2026-07-08T17:09:24.918202,2026-07-08T17:09:24.926486+00:00,148.3,200,ask,YieldingYams,WavyWalnuts,12480004
2026-07-08T17:09:26.297954,2026-07-08T17:09:26.308812+00:00,148.2,20,ask,YieldingYams,BrilliantBurritos,12480025
2026-07-08T17:09:27.305239,2026-07-08T17:09:27.314085+00:00,148.3,200,bid,AverageAlmonds,WavyWalnuts,12480035
2026-07-08T17:09:27.784849,2026-07-08T17:09:27.792095+00:00,148.3,300,ask,AverageAlmonds,YieldingYams,12480045
2026-07-08T17:09:27.903210,2026-07-08T17:09:27.913536+00:00,148.3,325,bid,AverageAlmonds,YieldingYams,12480048
2026-07-08T17:09:28.565116,2026-07-08T17:09:28.576606+00:00,148.3,200,ask,AverageAlmonds,WavyWalnuts,12480055
2026-07-08T17:09:29.129333,2026-07-08T17:09:29.139409+00:00,148.5,8,ask,Lachy Miller,YieldingYams,12480062
2026-07-08T17:09:29.775908,2026-07-08T17:09:29.785348+00:00,148.3,200,ask,YieldingYams,WavyWalnuts,12480070
2026-07-08T17:09:30.457390,2026-07-08T17:09:30.462409+00:00,148.4,3,bid,Xuanyu Liu,YieldingYams,12480086
2026-07-08T17:09:30.638735,2026-07-08T17:09:30.650342+00:00,148.2,20,ask,AverageAlmonds,BrilliantBurritos,12480089
2026-07-08T17:09:32.199554,2026-07-08T17:09:32.211119+00:00,148.2,200,ask,YieldingYams,WavyWalnuts,12480115
2026-07-08T17:09:33.406841,2026-07-08T17:09:33.415236+00:00,148.3,200,ask,YieldingYams,WavyWalnuts,12480145
2026-07-08T17:09:35.857789,2026-07-08T17:09:35.862254+00:00,148.2,14,ask,WavyWalnuts,Xuanyu Liu,12480183
2026-07-08T17:09:35.996186,2026-07-08T17:09:36.006664+00:00,148.2,20,ask,WavyWalnuts,BrilliantBurritos,12480192
2026-07-08T17:09:37.063165,2026-07-08T17:09:37.066884+00:00,148.3,12,ask,WavyWalnuts,Xuanyu Liu,12480211
2026-07-08T17:09:40.671238,2026-07-08T17:09:40.679037+00:00,148.6,200,bid,WavyWalnuts,YieldingYams,12480263
2026-07-08T17:09:43.086981,2026-07-08T17:09:43.096771+00:00,148.5,200,ask,YieldingYams,WavyWalnuts,12480292
2026-07-08T17:09:44.894936,2026-07-08T17:09:44.904018+00:00,148.7,200,bid,YieldingYams,WavyWalnuts,12480319
2026-07-08T17:09:44.965655,2026-07-08T17:09:44.970023+00:00,148.7,11,ask,YieldingYams,Xuanyu Liu,12480323
2026-07-08T17:09:47.527869,2026-07-08T17:09:47.534916+00:00,148.7,500,ask,AverageAlmonds,YieldingYams,12480368
2026-07-08T17:09:47.527869,2026-07-08T17:09:47.540123+00:00,148.6,125,ask,WavyWalnuts,YieldingYams,12480369
2026-07-08T17:09:47.876933,2026-07-08T17:09:47.885992+00:00,148.8,200,bid,AverageAlmonds,WavyWalnuts,12480374
2026-07-08T17:09:47.876933,2026-07-08T17:09:47.885992+00:00,148.8,8,bid,AverageAlmonds,Lachy Miller,12480375
2026-07-08T17:09:47.906628,2026-07-08T17:09:47.910490+00:00,148.8,12,ask,AverageAlmonds,Xuanyu Liu,12480377
2026-07-08T17:09:47.929083,2026-07-08T17:09:47.936331+00:00,148.8,200,ask,AverageAlmonds,WavyWalnuts,12480379
2026-07-08T17:09:48.217730,2026-07-08T17:09:48.225867+00:00,149.0,8,ask,Lachy Miller,BrilliantBurritos,12480384
2026-07-08T17:09:48.838488,2026-07-08T17:09:48.845318+00:00,149.1,8,ask,Lachy Miller,YieldingYams,12480398
2026-07-08T17:09:48.838488,2026-07-08T17:09:48.859808+00:00,148.9,500,ask,AverageAlmonds,YieldingYams,12480399
2026-07-08T17:09:48.856175,2026-07-08T17:09:48.859808+00:00,148.8,46,bid,Xuanyu Liu,YieldingYams,12480401
2026-07-08T17:09:49.083244,2026-07-08T17:09:49.092979+00:00,148.8,71,bid,AverageAlmonds,YieldingYams,12480404
2026-07-08T17:09:50.325548,2026-07-08T17:09:50.333462+00:00,148.9,200,bid,AverageAlmonds,WavyWalnuts,12480422
2026-07-08T17:09:51.699754,2026-07-08T17:09:51.703470+00:00,148.9,57,ask,AverageAlmonds,Xuanyu Liu,12480450
2026-07-08T17:09:52.778368,2026-07-08T17:09:52.785330+00:00,148.9,500,ask,AverageAlmonds,YieldingYams,12480470
2026-07-08T17:09:52.794631,2026-07-08T17:09:52.806253+00:00,148.9,125,bid,WavyWalnuts,YieldingYams,12480473
2026-07-08T17:09:53.941693,2026-07-08T17:09:53.948932+00:00,149.1,200,bid,AverageAlmonds,WavyWalnuts,12480487
2026-07-08T17:09:54.087388,2026-07-08T17:09:54.094803+00:00,149.1,300,ask,AverageAlmonds,YieldingYams,12480499
2026-07-08T17:09:54.539934,2026-07-08T17:09:54.548066+00:00,149.0,325,bid,AverageAlmonds,YieldingYams,12480503
2026-07-08T17:09:54.539934,2026-07-08T17:09:54.553489+00:00,149.2,175,bid,AverageAlmonds,WavyWalnuts,12480504
2026-07-08T17:09:55.141091,2026-07-08T17:09:55.149555+00:00,149.2,25,bid,AverageAlmonds,WavyWalnuts,12480511
2026-07-08T17:09:55.141091,2026-07-08T17:09:55.149555+00:00,149.2,8,bid,AverageAlmonds,Lachy Miller,12480512
2026-07-08T17:09:55.232623,2026-07-08T17:09:55.241924+00:00,149.3,8,bid,Lachy Miller,WavyWalnuts,12480515
2026-07-08T17:09:55.776176,2026-07-08T17:09:55.786816+00:00,149.3,192,bid,AverageAlmonds,WavyWalnuts,12480527
2026-07-08T17:09:56.503384,2026-07-08T17:09:56.512723+00:00,149.3,200,ask,AverageAlmonds,WavyWalnuts,12480546
2026-07-08T17:09:58.930804,2026-07-08T17:09:58.939176+00:00,149.4,200,bid,WavyWalnuts,YieldingYams,12480583
2026-07-08T17:10:00.141684,2026-07-08T17:10:00.148484+00:00,149.5,200,bid,WavyWalnuts,YieldingYams,12480607
2026-07-08T17:10:04.987758,2026-07-08T17:10:05.002241+00:00,149.4,200,bid,WavyWalnuts,YieldingYams,12480673
2026-07-08T17:10:07.205722,2026-07-08T17:10:07.215529+00:00,149.3,200,ask,WavyWalnuts,YieldingYams,12480714
2026-07-08T17:10:07.404123,2026-07-08T17:10:07.411970+00:00,149.3,200,bid,WavyWalnuts,YieldingYams,12480715
2026-07-08T17:10:12.255287,2026-07-08T17:10:12.265783+00:00,149.4,200,bid,WavyWalnuts,YieldingYams,12480781
2026-07-08T17:10:16.356313,2026-07-08T17:10:16.368053+00:00,149.5,500,bid,AverageAlmonds,YieldingYams,12480860
2026-07-08T17:10:16.397286,2026-07-08T17:10:16.404791+00:00,149.5,8,bid,YieldingYams,Lachy Miller,12480862
2026-07-08T17:10:16.684536,2026-07-08T17:10:16.696351+00:00,149.5,20,ask,YieldingYams,BrilliantBurritos,12480871
2026-07-08T17:10:19.527222,2026-07-08T17:10:19.534593+00:00,149.7,200,bid,WavyWalnuts,YieldingYams,12480912
2026-07-08T17:10:20.002629,2026-07-08T17:10:20.012995+00:00,149.7,425,bid,AverageAlmonds,YieldingYams,12480913
2026-07-08T17:10:20.002629,2026-07-08T17:10:20.012995+00:00,149.7,8,bid,AverageAlmonds,Lachy Miller,12480914
2026-07-08T17:10:21.806365,2026-07-08T17:10:21.817033+00:00,149.9,200,bid,AverageAlmonds,WavyWalnuts,12480946
2026-07-08T17:10:21.806365,2026-07-08T17:10:21.817033+00:00,149.9,300,bid,AverageAlmonds,YieldingYams,12480947
2026-07-08T17:10:22.402504,2026-07-08T17:10:22.410148+00:00,149.9,325,bid,AverageAlmonds,YieldingYams,12480955
2026-07-08T17:10:22.402504,2026-07-08T17:10:22.437882+00:00,150.0,8,bid,AverageAlmonds,Lachy Miller,12480956
2026-07-08T17:10:22.433675,2026-07-08T17:10:22.437882+00:00,150.0,23,ask,AverageAlmonds,Xuanyu Liu,12480958
2026-07-08T17:10:22.947671,2026-07-08T17:10:22.958556+00:00,150.1,200,bid,YieldingYams,WavyWalnuts,12480966
2026-07-08T17:10:23.158389,2026-07-08T17:10:23.168962+00:00,150.1,200,ask,YieldingYams,WavyWalnuts,12480967
2026-07-08T17:10:23.251487,2026-07-08T17:10:23.257956+00:00,150.3,20,bid,BrilliantBurritos,YieldingYams,12480969
2026-07-08T17:10:24.264923,2026-07-08T17:10:24.275600+00:00,150.2,500,ask,AverageAlmonds,YieldingYams,12480985
2026-07-08T17:10:24.563930,2026-07-08T17:10:24.570635+00:00,149.9,20,ask,YieldingYams,BrilliantBurritos,12480992
2026-07-08T17:10:25.583191,2026-07-08T17:10:25.591085+00:00,150.1,200,ask,YieldingYams,WavyWalnuts,12481000
2026-07-08T17:10:26.795918,2026-07-08T17:10:26.804216+00:00,150.1,200,ask,YieldingYams,WavyWalnuts,12481016
2026-07-08T17:10:26.898711,2026-07-08T17:10:26.902582+00:00,150.2,12,bid,Xuanyu Liu,YieldingYams,12481020
2026-07-08T17:10:27.551926,2026-07-08T17:10:27.558560+00:00,150.2,20,bid,BrilliantBurritos,YieldingYams,12481025
2026-07-08T17:10:29.214314,2026-07-08T17:10:29.222867+00:00,150.2,200,bid,WavyWalnuts,YieldingYams,12481053
2026-07-08T17:10:29.599214,2026-07-08T17:10:29.604993+00:00,150.3,8,bid,Xuanyu Liu,Lachy Miller,12481062
2026-07-08T17:10:29.599214,2026-07-08T17:10:29.604993+00:00,150.3,3,bid,Xuanyu Liu,YieldingYams,12481063
2026-07-08T17:10:30.842258,2026-07-08T17:10:30.846046+00:00,150.2,11,bid,Xuanyu Liu,YieldingYams,12481082
2026-07-08T17:10:35.154254,2026-07-08T17:10:35.164036+00:00,150.1,20,bid,BrilliantBurritos,YieldingYams,12481141
2026-07-08T17:10:35.565330,2026-07-08T17:10:35.569982+00:00,150.1,12,bid,Xuanyu Liu,YieldingYams,12481147
2026-07-08T17:10:35.980238,2026-07-08T17:10:35.983966+00:00,150.1,8,bid,Xuanyu Liu,YieldingYams,12481158
2026-07-08T17:10:37.393338,2026-07-08T17:10:37.411776+00:00,150.0,500,ask,AverageAlmonds,YieldingYams,12481173
2026-07-08T17:10:37.407899,2026-07-08T17:10:37.411776+00:00,150.0,3,bid,Xuanyu Liu,YieldingYams,12481175
2026-07-08T17:10:37.523257,2026-07-08T17:10:37.531336+00:00,150.0,122,bid,AverageAlmonds,YieldingYams,12481176
2026-07-08T17:10:37.708650,2026-07-08T17:10:37.720340+00:00,150.0,200,ask,AverageAlmonds,WavyWalnuts,12481180
2026-07-08T17:10:38.703707,2026-07-08T17:10:38.711224+00:00,150.3,8,ask,Lachy Miller,YieldingYams,12481195
2026-07-08T17:10:38.792385,2026-07-08T17:10:38.796267+00:00,150.2,23,bid,Xuanyu Liu,YieldingYams,12481200
2026-07-08T17:10:38.921019,2026-07-08T17:10:38.930501+00:00,150.0,200,ask,YieldingYams,WavyWalnuts,12481203
2026-07-08T17:10:38.926818,2026-07-08T17:10:38.930501+00:00,150.2,3,bid,Xuanyu Liu,YieldingYams,12481205
2026-07-08T17:10:40.016293,2026-07-08T17:10:40.023210+00:00,150.1,500,ask,AverageAlmonds,YieldingYams,12481230
2026-07-08T17:10:40.558546,2026-07-08T17:10:40.570199+00:00,150.0,200,bid,AverageAlmonds,WavyWalnuts,12481235
2026-07-08T17:10:41.170910,2026-07-08T17:10:41.177570+00:00,150.1,125,bid,AverageAlmonds,YieldingYams,12481243
2026-07-08T17:10:41.327720,2026-07-08T17:10:41.334721+00:00,150.3,8,ask,Lachy Miller,YieldingYams,12481248
2026-07-08T17:10:41.345260,2026-07-08T17:10:41.355590+00:00,150.1,200,ask,AverageAlmonds,WavyWalnuts,12481250
2026-07-08T17:10:42.104742,2026-07-08T17:10:42.116253+00:00,150.1,20,ask,YieldingYams,BrilliantBurritos,12481258
2026-07-08T17:10:44.971373,2026-07-08T17:10:44.979523+00:00,150.2,200,ask,AverageAlmonds,WavyWalnuts,12481310
2026-07-08T17:10:46.569913,2026-07-08T17:10:46.577726+00:00,150.2,200,bid,YieldingYams,WavyWalnuts,12481340
2026-07-08T17:10:50.501197,2026-07-08T17:10:50.510188+00:00,150.2,200,bid,YieldingYams,WavyWalnuts,12481406
2026-07-08T17:10:50.980704,2026-07-08T17:10:50.992367+00:00,150.5,20,bid,BrilliantBurritos,YieldingYams,12481413
2026-07-08T17:10:52.238185,2026-07-08T17:10:52.246054+00:00,150.2,200,ask,YieldingYams,WavyWalnuts,12481435
2026-07-08T17:10:53.448155,2026-07-08T17:10:53.458660+00:00,150.3,200,ask,YieldingYams,WavyWalnuts,12481465
2026-07-08T17:10:55.876644,2026-07-08T17:10:55.884159+00:00,150.2,8,ask,Lachy Miller,WavyWalnuts,12481513
2026-07-08T17:10:56.340945,2026-07-08T17:10:56.350243+00:00,150.2,20,bid,BrilliantBurritos,WavyWalnuts,12481527
2026-07-08T17:11:01.036285,2026-07-08T17:11:01.047731+00:00,150.2,20,bid,BrilliantBurritos,WavyWalnuts,12481590
2026-07-08T17:11:04.358232,2026-07-08T17:11:04.369024+00:00,150.0,200,ask,AverageAlmonds,WavyWalnuts,12481641
2026-07-08T17:11:04.790241,2026-07-08T17:11:04.797232+00:00,150.1,500,bid,AverageAlmonds,YieldingYams,12481650
2026-07-08T17:11:05.408471,2026-07-08T17:11:05.427076+00:00,150.1,3,ask,AverageAlmonds,Xuanyu Liu,12481658
2026-07-08T17:11:08.881042,2026-07-08T17:11:08.889335+00:00,150.3,200,bid,YieldingYams,WavyWalnuts,12481720
2026-07-08T17:11:08.881042,2026-07-08T17:11:08.889335+00:00,150.3,8,bid,YieldingYams,Lachy Miller,12481721
2026-07-08T17:11:09.199581,2026-07-08T17:11:09.211094+00:00,150.3,200,ask,YieldingYams,WavyWalnuts,12481726
2026-07-08T17:11:10.477360,2026-07-08T17:11:10.489167+00:00,150.4,20,bid,BrilliantBurritos,YieldingYams,12481742
2026-07-08T17:11:11.623182,2026-07-08T17:11:11.631242+00:00,150.3,200,ask,YieldingYams,WavyWalnuts,12481753
2026-07-08T17:11:14.056313,2026-07-08T17:11:14.058563+00:00,150.3,200,ask,YieldingYams,WavyWalnuts,12481783
2026-07-08T17:11:15.263919,2026-07-08T17:11:15.274239+00:00,150.3,200,ask,YieldingYams,WavyWalnuts,12481801
2026-07-08T17:11:15.856482,2026-07-08T17:11:15.863606+00:00,150.3,20,ask,YieldingYams,BrilliantBurritos,12481812
2026-07-08T17:11:16.765239,2026-07-08T17:11:16.774289+00:00,150.4,20,bid,BrilliantBurritos,WavyWalnuts,12481835
2026-07-08T17:11:17.838778,2026-07-08T17:11:17.848202+00:00,150.3,20,ask,YieldingYams,BrilliantBurritos,12481854
2026-07-08T17:11:18.334357,2026-07-08T17:11:18.349515+00:00,150.4,20,bid,BrilliantBurritos,WavyWalnuts,12481861
2026-07-08T17:11:20.274349,2026-07-08T17:11:20.278391+00:00,150.2,23,ask,YieldingYams,Xuanyu Liu,12481896
2026-07-08T17:11:22.294598,2026-07-08T17:11:22.306226+00:00,150.3,20,bid,BrilliantBurritos,WavyWalnuts,12481939
2026-07-08T17:11:26.688282,2026-07-08T17:11:26.699997+00:00,150.2,20,ask,YieldingYams,BrilliantBurritos,12482010
2026-07-08T17:11:29.794073,2026-07-08T17:11:29.803375+00:00,150.4,200,bid,WavyWalnuts,AverageAlmonds,12482051
2026-07-08T17:11:32.033819,2026-07-08T17:11:32.044848+00:00,150.2,200,ask,WavyWalnuts,AverageAlmonds,12482096
2026-07-08T17:11:32.033819,2026-07-08T17:11:32.044848+00:00,150.2,300,ask,YieldingYams,AverageAlmonds,12482097
2026-07-08T17:11:32.517549,2026-07-08T17:11:32.521311+00:00,150.2,12,bid,Xuanyu Liu,YieldingYams,12482103
2026-07-08T17:11:32.652515,2026-07-08T17:11:32.654449+00:00,150.1,8,ask,Lachy Miller,AverageAlmonds,12482104
2026-07-08T17:11:32.652515,2026-07-08T17:11:32.668695+00:00,150.0,200,ask,WavyWalnuts,AverageAlmonds,12482105
2026-07-08T17:11:32.676739,2026-07-08T17:11:32.680614+00:00,150.0,14,bid,Xuanyu Liu,AverageAlmonds,12482107
2026-07-08T17:11:33.266532,2026-07-08T17:11:33.275488+00:00,149.9,500,ask,YieldingYams,AverageAlmonds,12482117
2026-07-08T17:11:33.856485,2026-07-08T17:11:33.858550+00:00,149.9,200,ask,WavyWalnuts,AverageAlmonds,12482133
2026-07-08T17:11:37.062612,2026-07-08T17:11:37.069126+00:00,149.7,200,ask,YieldingYams,WavyWalnuts,12482184
2026-07-08T17:11:38.283168,2026-07-08T17:11:38.293174+00:00,149.7,20,ask,WavyWalnuts,BrilliantBurritos,12482213
2026-07-08T17:11:39.072028,2026-07-08T17:11:39.080006+00:00,149.7,180,ask,WavyWalnuts,YieldingYams,12482228
2026-07-08T17:11:39.486637,2026-07-08T17:11:39.493608+00:00,149.6,200,bid,WavyWalnuts,YieldingYams,12482238
2026-07-08T17:11:40.393649,2026-07-08T17:11:40.397363+00:00,149.5,3,ask,YieldingYams,Xuanyu Liu,12482250
2026-07-08T17:11:42.102358,2026-07-08T17:11:42.106641+00:00,149.5,11,ask,YieldingYams,Xuanyu Liu,12482274
2026-07-08T17:11:43.126866,2026-07-08T17:11:43.135256+00:00,149.6,200,ask,YieldingYams,WavyWalnuts,12482289
2026-07-08T17:11:44.341218,2026-07-08T17:11:44.350616+00:00,149.7,200,ask,YieldingYams,WavyWalnuts,12482311
2026-07-08T17:11:46.771536,2026-07-08T17:11:46.778367+00:00,149.6,20,ask,WavyWalnuts,BrilliantBurritos,12482341
2026-07-08T17:11:52.207753,2026-07-08T17:11:52.218043+00:00,149.8,200,bid,YieldingYams,WavyWalnuts,12482435
2026-07-08T17:11:54.443580,2026-07-08T17:11:54.454797+00:00,149.8,500,ask,YieldingYams,AverageAlmonds,12482469
2026-07-08T17:11:55.252264,2026-07-08T17:11:55.258574+00:00,149.8,200,bid,WavyWalnuts,YieldingYams,12482487
2026-07-08T17:11:55.255003,2026-07-08T17:11:55.258574+00:00,149.5,20,ask,YieldingYams,BrilliantBurritos,12482488
2026-07-08T17:11:56.461374,2026-07-08T17:11:56.471232+00:00,149.8,200,bid,WavyWalnuts,YieldingYams,12482511
2026-07-08T17:11:58.185892,2026-07-08T17:11:58.190155+00:00,149.7,11,bid,Xuanyu Liu,WavyWalnuts,12482539
2026-07-08T17:12:00.107002,2026-07-08T17:12:00.113723+00:00,149.8,200,bid,WavyWalnuts,AverageAlmonds,12482573
2026-07-08T17:12:01.315092,2026-07-08T17:12:01.324622+00:00,149.7,200,bid,WavyWalnuts,AverageAlmonds,12482585
2026-07-08T17:12:02.316947,2026-07-08T17:12:02.326764+00:00,149.7,20,bid,BrilliantBurritos,AverageAlmonds,12482609
2026-07-08T17:12:04.020709,2026-07-08T17:12:04.032301+00:00,149.7,500,bid,YieldingYams,AverageAlmonds,12482644
2026-07-08T17:12:04.020709,2026-07-08T17:12:04.032301+00:00,149.7,8,bid,YieldingYams,Lachy Miller,12482645
2026-07-08T17:12:04.140735,2026-07-08T17:12:04.148333+00:00,149.7,117,ask,YieldingYams,AverageAlmonds,12482647
2026-07-08T17:12:04.180896,2026-07-08T17:12:04.184594+00:00,149.7,3,bid,Xuanyu Liu,AverageAlmonds,12482649
2026-07-08T17:12:04.950258,2026-07-08T17:12:04.958600+00:00,149.7,200,bid,WavyWalnuts,AverageAlmonds,12482657
2026-07-08T17:12:05.334623,2026-07-08T17:12:05.343678+00:00,149.4,8,bid,YieldingYams,Lachy Miller,12482662
2026-07-08T17:12:05.848153,2026-07-08T17:12:05.860000+00:00,149.4,20,ask,YieldingYams,BrilliantBurritos,12482674
2026-07-08T17:12:06.160039,2026-07-08T17:12:06.169104+00:00,149.6,200,bid,WavyWalnuts,YieldingYams,12482680
2026-07-08T17:12:07.961829,2026-07-08T17:12:07.969317+00:00,149.6,500,bid,YieldingYams,AverageAlmonds,12482706
2026-07-08T17:12:08.587106,2026-07-08T17:12:08.598782+00:00,149.6,125,ask,YieldingYams,WavyWalnuts,12482719
2026-07-08T17:12:11.005627,2026-07-08T17:12:11.012290+00:00,149.3,200,ask,YieldingYams,WavyWalnuts,12482763
2026-07-08T17:12:16.229973,2026-07-08T17:12:16.238126+00:00,149.3,20,ask,WavyWalnuts,BrilliantBurritos,12482846
2026-07-08T17:12:18.253110,2026-07-08T17:12:18.258616+00:00,149.4,200,bid,WavyWalnuts,YieldingYams,12482880
2026-07-08T17:12:18.284832,2026-07-08T17:12:18.296498+00:00,149.2,20,ask,YieldingYams,BrilliantBurritos,12482881
2026-07-08T17:12:21.315339,2026-07-08T17:12:21.327266+00:00,149.3,20,ask,YieldingYams,BrilliantBurritos,12482925
2026-07-08T17:12:21.889080,2026-07-08T17:12:21.895673+00:00,149.3,200,ask,YieldingYams,WavyWalnuts,12482933
2026-07-08T17:12:22.464074,2026-07-08T17:12:22.471408+00:00,149.4,500,bid,YieldingYams,AverageAlmonds,12482943
2026-07-08T17:12:22.914984,2026-07-08T17:12:22.925849+00:00,149.4,125,ask,YieldingYams,AverageAlmonds,12482950
2026-07-08T17:12:22.914984,2026-07-08T17:12:22.925849+00:00,149.4,8,ask,Lachy Miller,AverageAlmonds,12482951
2026-07-08T17:12:29.883487,2026-07-08T17:12:29.888101+00:00,149.0,3,ask,WavyWalnuts,Xuanyu Liu,12483060
2026-07-08T17:12:30.332458,2026-07-08T17:12:30.339917+00:00,149.0,197,ask,WavyWalnuts,YieldingYams,12483069
2026-07-08T17:12:30.332458,2026-07-08T17:12:30.345156+00:00,148.9,8,ask,Lachy Miller,YieldingYams,12483070
2026-07-08T17:12:31.579993,2026-07-08T17:12:31.586864+00:00,148.9,200,bid,WavyWalnuts,YieldingYams,12483082
2026-07-08T17:12:32.692632,2026-07-08T17:12:32.704302+00:00,148.8,20,ask,YieldingYams,BrilliantBurritos,12483100
2026-07-08T17:12:35.068959,2026-07-08T17:12:35.080396+00:00,148.7,20,ask,WavyWalnuts,BrilliantBurritos,12483142
2026-07-08T17:12:35.593585,2026-07-08T17:12:35.604545+00:00,148.8,200,ask,WavyWalnuts,YieldingYams,12483159
2026-07-08T17:12:37.224850,2026-07-08T17:12:37.236756+00:00,148.9,20,bid,BrilliantBurritos,WavyWalnuts,12483191
2026-07-08T17:12:39.538372,2026-07-08T17:12:39.549108+00:00,148.9,200,bid,YieldingYams,WavyWalnuts,12483221
2026-07-08T17:12:39.538372,2026-07-08T17:12:39.549108+00:00,148.9,8,bid,YieldingYams,Lachy Miller,12483222
2026-07-08T17:12:43.481883,2026-07-08T17:12:43.488341+00:00,148.8,200,ask,WavyWalnuts,YieldingYams,12483276
2026-07-08T17:12:46.096974,2026-07-08T17:12:46.107894+00:00,148.8,200,bid,WavyWalnuts,YieldingYams,12483318
2026-07-08T17:12:48.540963,2026-07-08T17:12:48.549225+00:00,148.7,200,ask,YieldingYams,WavyWalnuts,12483348
2026-07-08T17:12:48.815604,2026-07-08T17:12:48.819275+00:00,148.8,3,bid,Xuanyu Liu,YieldingYams,12483355
2026-07-08T17:12:49.070745,2026-07-08T17:12:49.078572+00:00,148.8,20,bid,BrilliantBurritos,YieldingYams,12483360
2026-07-08T17:12:49.752534,2026-07-08T17:12:49.757425+00:00,148.6,200,ask,YieldingYams,WavyWalnuts,12483368
2026-07-08T17:12:52.661372,2026-07-08T17:12:52.668985+00:00,148.7,200,bid,YieldingYams,WavyWalnuts,12483411
2026-07-08T17:12:55.617764,2026-07-08T17:12:55.627506+00:00,148.6,20,ask,YieldingYams,BrilliantBurritos,12483453
2026-07-08T17:12:58.239889,2026-07-08T17:12:58.250283+00:00,148.8,200,ask,YieldingYams,WavyWalnuts,12483500
2026-07-08T17:13:01.896742,2026-07-08T17:13:01.900599+00:00,148.7,3,ask,WavyWalnuts,Xuanyu Liu,12483558
2026-07-08T17:13:03.116399,2026-07-08T17:13:03.120357+00:00,148.8,11,ask,WavyWalnuts,Xuanyu Liu,12483580
2026-07-08T17:13:03.171974,2026-07-08T17:13:03.180769+00:00,148.8,189,ask,WavyWalnuts,YieldingYams,12483581
2026-07-08T17:13:07.109149,2026-07-08T17:13:07.119528+00:00,148.7,200,ask,WavyWalnuts,YieldingYams,12483645
2026-07-08T17:13:07.341733,2026-07-08T17:13:07.353534+00:00,148.7,20,bid,BrilliantBurritos,YieldingYams,12483649
2026-07-08T17:13:07.718226,2026-07-08T17:13:07.725532+00:00,148.7,405,bid,AverageAlmonds,YieldingYams,12483656
2026-07-08T17:13:08.416941,2026-07-08T17:13:08.424819+00:00,148.8,200,bid,YieldingYams,WavyWalnuts,12483669
2026-07-08T17:13:08.416941,2026-07-08T17:13:08.424819+00:00,148.8,8,bid,YieldingYams,Lachy Miller,12483670
2026-07-08T17:13:08.687548,2026-07-08T17:13:08.695755+00:00,149.0,8,bid,BrilliantBurritos,Lachy Miller,12483673
2026-07-08T17:13:09.153102,2026-07-08T17:13:09.158634+00:00,148.8,200,ask,YieldingYams,WavyWalnuts,12483681
2026-07-08T17:13:12.776592,2026-07-08T17:13:12.787938+00:00,149.0,200,bid,WavyWalnuts,YieldingYams,12483739
2026-07-08T17:13:17.639627,2026-07-08T17:13:17.644278+00:00,148.9,11,bid,Xuanyu Liu,WavyWalnuts,12483818
2026-07-08T17:13:19.851707,2026-07-08T17:13:19.863776+00:00,148.8,20,ask,WavyWalnuts,BrilliantBurritos,12483866
2026-07-08T17:13:21.248089,2026-07-08T17:13:21.258610+00:00,148.9,200,bid,WavyWalnuts,YieldingYams,12483886
2026-07-08T17:13:22.455160,2026-07-08T17:13:22.462242+00:00,148.8,200,bid,WavyWalnuts,YieldingYams,12483908
2026-07-08T17:13:25.930453,2026-07-08T17:13:25.937811+00:00,148.7,20,bid,BrilliantBurritos,WavyWalnuts,12483972
2026-07-08T17:13:30.032643,2026-07-08T17:13:30.036833+00:00,148.6,34,ask,YieldingYams,Xuanyu Liu,12484042
2026-07-08T17:13:30.939753,2026-07-08T17:13:30.947641+00:00,148.6,200,ask,YieldingYams,WavyWalnuts,12484051
2026-07-08T17:13:34.673415,2026-07-08T17:13:34.683363+00:00,148.8,200,ask,WavyWalnuts,YieldingYams,12484137
2026-07-08T17:13:34.673415,2026-07-08T17:13:34.683363+00:00,148.7,8,ask,Lachy Miller,YieldingYams,12484138
2026-07-08T17:13:35.780129,2026-07-08T17:13:35.789448+00:00,148.7,200,bid,WavyWalnuts,YieldingYams,12484148
2026-07-08T17:13:37.360184,2026-07-08T17:13:37.366989+00:00,148.6,20,ask,WavyWalnuts,BrilliantBurritos,12484174
2026-07-08T17:13:39.558866,2026-07-08T17:13:39.570762+00:00,148.7,20,bid,BrilliantBurritos,WavyWalnuts,12484211
2026-07-08T17:13:39.945321,2026-07-08T17:13:39.958669+00:00,148.7,180,bid,YieldingYams,WavyWalnuts,12484220
2026-07-08T17:13:42.124381,2026-07-08T17:13:42.134352+00:00,148.5,20,ask,YieldingYams,BrilliantBurritos,12484258
2026-07-08T17:13:43.885475,2026-07-08T17:13:43.892906+00:00,148.7,200,bid,YieldingYams,WavyWalnuts,12484283
2026-07-08T17:13:43.885475,2026-07-08T17:13:43.898123+00:00,148.7,8,bid,YieldingYams,Lachy Miller,12484284
2026-07-08T17:13:45.469440,2026-07-08T17:13:45.475838+00:00,148.8,200,bid,WavyWalnuts,YieldingYams,12484313
2026-07-08T17:13:47.390758,2026-07-08T17:13:47.399396+00:00,148.9,20,bid,BrilliantBurritos,YieldingYams,12484355
2026-07-08T17:13:50.044463,2026-07-08T17:13:50.058544+00:00,149.0,20,bid,BrilliantBurritos,WavyWalnuts,12484388
2026-07-08T17:13:50.303313,2026-07-08T17:13:50.311710+00:00,148.9,200,bid,WavyWalnuts,AverageAlmonds,12484393
2026-07-08T17:13:51.973248,2026-07-08T17:13:51.980256+00:00,148.8,200,ask,WavyWalnuts,AverageAlmonds,12484416
2026-07-08T17:13:51.973248,2026-07-08T17:13:51.985760+00:00,148.8,300,ask,YieldingYams,AverageAlmonds,12484417
2026-07-08T17:13:52.569945,2026-07-08T17:13:52.577475+00:00,148.8,325,ask,YieldingYams,AverageAlmonds,12484424
2026-07-08T17:13:52.569945,2026-07-08T17:13:52.582935+00:00,148.7,8,ask,Lachy Miller,AverageAlmonds,12484425
2026-07-08T17:13:52.664344,2026-07-08T17:13:52.668113+00:00,148.5,8,bid,Xuanyu Liu,Lachy Miller,12484429
2026-07-08T17:13:55.081282,2026-07-08T17:13:55.085221+00:00,148.4,8,ask,WavyWalnuts,Xuanyu Liu,12484476
2026-07-08T17:13:55.725552,2026-07-08T17:13:55.735649+00:00,148.3,200,ask,WavyWalnuts,YieldingYams,12484491
2026-07-08T17:13:56.353003,2026-07-08T17:13:56.361234+00:00,148.3,200,bid,WavyWalnuts,YieldingYams,12484502
2026-07-08T17:13:57.563796,2026-07-08T17:13:57.575190+00:00,148.3,200,bid,WavyWalnuts,YieldingYams,12484516
2026-07-08T17:14:00.971778,2026-07-08T17:14:00.979095+00:00,148.2,200,bid,YieldingYams,WavyWalnuts,12484564
2026-07-08T17:14:02.410555,2026-07-08T17:14:02.421515+00:00,148.4,200,bid,WavyWalnuts,YieldingYams,12484591
2026-07-08T17:14:03.602456,2026-07-08T17:14:03.611858+00:00,148.5,8,bid,YieldingYams,Lachy Miller,12484609
2026-07-08T17:14:03.623499,2026-07-08T17:14:03.627223+00:00,148.5,3,ask,YieldingYams,Xuanyu Liu,12484612
2026-07-08T17:14:03.634804,2026-07-08T17:14:03.638535+00:00,148.5,8,ask,YieldingYams,Xuanyu Liu,12484614
2026-07-08T17:14:04.849797,2026-07-08T17:14:04.853576+00:00,148.5,23,ask,YieldingYams,Xuanyu Liu,12484648
2026-07-08T17:14:05.147555,2026-07-08T17:14:05.158616+00:00,148.4,20,ask,YieldingYams,BrilliantBurritos,12484652
2026-07-08T17:14:10.915054,2026-07-08T17:14:10.919091+00:00,148.5,12,ask,WavyWalnuts,Xuanyu Liu,12484740
2026-07-08T17:14:11.115510,2026-07-08T17:14:11.119463+00:00,148.6,23,bid,Xuanyu Liu,YieldingYams,12484747
2026-07-08T17:14:12.796831,2026-07-08T17:14:12.818418+00:00,148.5,200,ask,WavyWalnuts,YieldingYams,12484775
2026-07-08T17:14:12.814930,2026-07-08T17:14:12.818418+00:00,148.4,23,bid,Xuanyu Liu,YieldingYams,12484777
2026-07-08T17:14:14.127501,2026-07-08T17:14:14.131747+00:00,148.4,12,ask,YieldingYams,Xuanyu Liu,12484802
2026-07-08T17:14:14.330421,2026-07-08T17:14:14.334295+00:00,148.4,11,ask,YieldingYams,Xuanyu Liu,12484805
2026-07-08T17:14:15.434793,2026-07-08T17:14:15.438665+00:00,148.5,11,ask,YieldingYams,Xuanyu Liu,12484822
2026-07-08T17:14:17.506242,2026-07-08T17:14:17.510223+00:00,148.6,11,bid,Xuanyu Liu,WavyWalnuts,12484849
2026-07-08T17:14:18.896640,2026-07-08T17:14:18.903406+00:00,148.7,20,bid,BrilliantBurritos,YieldingYams,12484871
2026-07-08T17:14:21.681433,2026-07-08T17:14:21.693089+00:00,148.6,20,bid,BrilliantBurritos,WavyWalnuts,12484908
2026-07-08T17:14:21.997322,2026-07-08T17:14:22.006894+00:00,148.5,200,ask,WavyWalnuts,YieldingYams,12484911
2026-07-08T17:14:21.997322,2026-07-08T17:14:22.006894+00:00,148.5,8,ask,Lachy Miller,YieldingYams,12484912
2026-07-08T17:14:23.308598,2026-07-08T17:14:23.319717+00:00,148.5,8,bid,YieldingYams,Lachy Miller,12484929
2026-07-08T17:14:23.308598,2026-07-08T17:14:23.319717+00:00,148.6,200,bid,YieldingYams,WavyWalnuts,12484930
2026-07-08T17:14:23.836583,2026-07-08T17:14:23.840800+00:00,148.8,23,bid,Xuanyu Liu,YieldingYams,12484934
2026-07-08T17:14:24.222066,2026-07-08T17:14:24.233498+00:00,148.6,200,ask,YieldingYams,WavyWalnuts,12484942
2026-07-08T17:14:24.624244,2026-07-08T17:14:24.642729+00:00,148.6,8,ask,Lachy Miller,YieldingYams,12484948
2026-07-08T17:14:24.638932,2026-07-08T17:14:24.642729+00:00,148.6,19,bid,Xuanyu Liu,YieldingYams,12484950
2026-07-08T17:14:27.002087,2026-07-08T17:14:27.006964+00:00,148.5,8,ask,WavyWalnuts,Xuanyu Liu,12484988
2026-07-08T17:14:32.502904,2026-07-08T17:14:32.511631+00:00,148.6,200,bid,YieldingYams,WavyWalnuts,12485084
2026-07-08T17:14:32.502904,2026-07-08T17:14:32.511631+00:00,148.6,8,bid,YieldingYams,Lachy Miller,12485085
2026-07-08T17:14:36.183208,2026-07-08T17:14:36.194972+00:00,148.7,200,bid,AverageAlmonds,WavyWalnuts,12485129
2026-07-08T17:14:36.183208,2026-07-08T17:14:36.194972+00:00,148.7,300,bid,AverageAlmonds,YieldingYams,12485130
2026-07-08T17:14:37.388323,2026-07-08T17:14:37.395482+00:00,148.8,200,bid,AverageAlmonds,WavyWalnuts,12485150
2026-07-08T17:14:37.388323,2026-07-08T17:14:37.400773+00:00,148.8,300,bid,AverageAlmonds,YieldingYams,12485151
2026-07-08T17:14:37.754075,2026-07-08T17:14:37.758561+00:00,148.8,200,bid,YieldingYams,WavyWalnuts,12485160
2026-07-08T17:14:37.754075,2026-07-08T17:14:37.758561+00:00,148.8,8,bid,YieldingYams,Lachy Miller,12485161
2026-07-08T17:14:38.560161,2026-07-08T17:14:38.572115+00:00,148.8,20,ask,YieldingYams,BrilliantBurritos,12485170
2026-07-08T17:14:41.313083,2026-07-08T17:14:41.321549+00:00,148.9,20,bid,BrilliantBurritos,WavyWalnuts,12485205
2026-07-08T17:14:43.008216,2026-07-08T17:14:43.015471+00:00,148.8,200,ask,WavyWalnuts,YieldingYams,12485246
2026-07-08T17:14:43.008216,2026-07-08T17:14:43.020702+00:00,148.7,425,ask,AverageAlmonds,YieldingYams,12485247
2026-07-08T17:14:44.318144,2026-07-08T17:14:44.327920+00:00,148.9,200,bid,YieldingYams,WavyWalnuts,12485272
2026-07-08T17:14:50.888370,2026-07-08T17:14:50.894706+00:00,149.0,200,bid,YieldingYams,WavyWalnuts,12485364
2026-07-08T17:14:53.515239,2026-07-08T17:14:53.524975+00:00,149.2,200,bid,YieldingYams,WavyWalnuts,12485406
2026-07-08T17:14:54.109736,2026-07-08T17:14:54.121425+00:00,149.4,20,bid,BrilliantBurritos,YieldingYams,12485416
2026-07-08T17:14:54.494569,2026-07-08T17:14:54.505101+00:00,149.2,200,ask,YieldingYams,WavyWalnuts,12485423
2026-07-08T17:14:54.831256,2026-07-08T17:14:54.840113+00:00,149.2,8,ask,Lachy Miller,YieldingYams,12485432
2026-07-08T17:14:55.719347,2026-07-08T17:14:55.723655+00:00,149.1,8,ask,WavyWalnuts,Xuanyu Liu,12485450
2026-07-08T17:14:56.913447,2026-07-08T17:14:56.923151+00:00,149.2,200,bid,WavyWalnuts,YieldingYams,12485461
2026-07-08T17:14:57.460864,2026-07-08T17:14:57.469751+00:00,149.1,500,ask,AverageAlmonds,YieldingYams,12485472
2026-07-08T17:14:57.966173,2026-07-08T17:14:57.974388+00:00,149.1,125,bid,AverageAlmonds,YieldingYams,12485479
2026-07-08T17:14:58.076739,2026-07-08T17:14:58.080499+00:00,149.2,3,ask,Lachy Miller,Xuanyu Liu,12485483
2026-07-08T17:14:58.127642,2026-07-08T17:14:58.137044+00:00,149.2,5,ask,Lachy Miller,WavyWalnuts,12485486
2026-07-08T17:14:58.617543,2026-07-08T17:14:58.628164+00:00,149.2,195,bid,AverageAlmonds,WavyWalnuts,12485489
2026-07-08T17:14:58.737963,2026-07-08T17:14:58.741874+00:00,149.4,8,ask,Lachy Miller,Xuanyu Liu,12485495
2026-07-08T17:14:58.835752,2026-07-08T17:14:58.843819+00:00,149.4,20,bid,BrilliantBurritos,YieldingYams,12485496
2026-07-08T17:15:00.092220,2026-07-08T17:15:00.095897+00:00,149.3,4,ask,YieldingYams,Xuanyu Liu,12485507
2026-07-08T17:15:03.646405,2026-07-08T17:15:03.658603+00:00,149.3,20,ask,YieldingYams,BrilliantBurritos,12485555
2026-07-08T17:15:04.053344,2026-07-08T17:15:04.052025+00:00,149.4,200,bid,YieldingYams,WavyWalnuts,12485564
2026-07-08T17:15:04.185818,2026-07-08T17:15:04.193581+00:00,149.4,200,ask,YieldingYams,WavyWalnuts,12485570
2026-07-08T17:15:05.368336,2026-07-08T17:15:05.379497+00:00,149.3,500,ask,AverageAlmonds,YieldingYams,12485593
2026-07-08T17:15:05.368336,2026-07-08T17:15:05.379497+00:00,149.3,8,ask,Lachy Miller,YieldingYams,12485594
2026-07-08T17:15:05.399232,2026-07-08T17:15:05.403738+00:00,149.3,12,bid,Xuanyu Liu,YieldingYams,12485598
2026-07-08T17:15:05.861768,2026-07-08T17:15:05.871201+00:00,149.3,105,bid,AverageAlmonds,YieldingYams,12485602
2026-07-08T17:15:06.614866,2026-07-08T17:15:06.624029+00:00,149.3,200,ask,AverageAlmonds,WavyWalnuts,12485620
2026-07-08T17:15:06.679151,2026-07-08T17:15:06.687116+00:00,149.5,8,bid,YieldingYams,Lachy Miller,12485621
2026-07-08T17:15:07.823410,2026-07-08T17:15:07.832613+00:00,149.5,200,ask,YieldingYams,WavyWalnuts,12485635
2026-07-08T17:15:09.031064,2026-07-08T17:15:09.041288+00:00,149.4,200,ask,YieldingYams,WavyWalnuts,12485650
2026-07-08T17:15:09.395649,2026-07-08T17:15:09.407471+00:00,149.6,20,bid,BrilliantBurritos,YieldingYams,12485659
2026-07-08T17:15:11.325121,2026-07-08T17:15:11.332238+00:00,149.4,200,bid,AverageAlmonds,WavyWalnuts,12485690
2026-07-08T17:15:13.862877,2026-07-08T17:15:13.869389+00:00,149.4,200,ask,AverageAlmonds,WavyWalnuts,12485732
2026-07-08T17:15:14.072084,2026-07-08T17:15:14.083811+00:00,149.5,20,bid,BrilliantBurritos,YieldingYams,12485734
2026-07-08T17:15:14.536128,2026-07-08T17:15:14.541018+00:00,149.3,8,ask,Lachy Miller,Xuanyu Liu,12485745
2026-07-08T17:15:14.536128,2026-07-08T17:15:14.541018+00:00,149.3,4,ask,AverageAlmonds,Xuanyu Liu,12485746
2026-07-08T17:15:14.942495,2026-07-08T17:15:14.958591+00:00,149.4,500,bid,AverageAlmonds,YieldingYams,12485754
2026-07-08T17:15:15.536078,2026-07-08T17:15:15.544470+00:00,149.4,125,bid,AverageAlmonds,YieldingYams,12485764
2026-07-08T17:15:15.536078,2026-07-08T17:15:15.544470+00:00,149.5,200,bid,AverageAlmonds,WavyWalnuts,12485765
2026-07-08T17:15:15.536078,2026-07-08T17:15:15.549433+00:00,149.5,8,bid,AverageAlmonds,Lachy Miller,12485766
2026-07-08T17:15:15.675478,2026-07-08T17:15:15.679370+00:00,149.7,8,ask,Lachy Miller,Xuanyu Liu,12485772
2026-07-08T17:15:16.606362,2026-07-08T17:15:16.618345+00:00,149.4,20,ask,YieldingYams,BrilliantBurritos,12485793
2026-07-08T17:15:16.776313,2026-07-08T17:15:16.787699+00:00,149.6,200,bid,AverageAlmonds,WavyWalnuts,12485795
2026-07-08T17:15:17.200176,2026-07-08T17:15:17.206685+00:00,149.6,300,ask,AverageAlmonds,YieldingYams,12485800
2026-07-08T17:15:17.369610,2026-07-08T17:15:17.379355+00:00,149.5,325,bid,AverageAlmonds,YieldingYams,12485801
2026-07-08T17:15:20.993488,2026-07-08T17:15:21.003680+00:00,149.7,200,bid,AverageAlmonds,WavyWalnuts,12485871
2026-07-08T17:15:20.993488,2026-07-08T17:15:21.003680+00:00,149.7,8,bid,AverageAlmonds,Lachy Miller,12485872
2026-07-08T17:15:21.029237,2026-07-08T17:15:21.033751+00:00,149.7,3,ask,AverageAlmonds,Xuanyu Liu,12485875
2026-07-08T17:15:21.109606,2026-07-08T17:15:21.117439+00:00,149.7,200,ask,AverageAlmonds,WavyWalnuts,12485882
2026-07-08T17:15:22.323390,2026-07-08T17:15:22.333839+00:00,149.7,200,ask,YieldingYams,WavyWalnuts,12485904
2026-07-08T17:15:30.370760,2026-07-08T17:15:30.382227+00:00,149.9,20,bid,BrilliantBurritos,WavyWalnuts,12486062
2026-07-08T17:15:32.679295,2026-07-08T17:15:32.691132+00:00,149.7,20,ask,YieldingYams,BrilliantBurritos,12486099
2026-07-08T17:15:37.203404,2026-07-08T17:15:37.212003+00:00,149.9,20,ask,YieldingYams,BrilliantBurritos,12486171
2026-07-08T17:15:43.468877,2026-07-08T17:15:43.476476+00:00,149.8,200,ask,WavyWalnuts,YieldingYams,12486290
2026-07-08T17:15:46.107472,2026-07-08T17:15:46.111406+00:00,149.6,11,bid,Xuanyu Liu,YieldingYams,12486335
2026-07-08T17:15:47.403515,2026-07-08T17:15:47.424087+00:00,149.5,200,ask,WavyWalnuts,YieldingYams,12486361
2026-07-08T17:15:47.420250,2026-07-08T17:15:47.424087+00:00,149.5,12,bid,Xuanyu Liu,YieldingYams,12486364
2026-07-08T17:15:51.343304,2026-07-08T17:15:51.352206+00:00,149.7,200,bid,YieldingYams,WavyWalnuts,12486436
2026-07-08T17:15:52.582479,2026-07-08T17:15:52.592879+00:00,149.7,200,ask,YieldingYams,WavyWalnuts,12486459
2026-07-08T17:15:52.660742,2026-07-08T17:15:52.669645+00:00,149.6,8,ask,Lachy Miller,YieldingYams,12486461
2026-07-08T17:15:52.675381,2026-07-08T17:15:52.679336+00:00,149.6,8,bid,Xuanyu Liu,YieldingYams,12486464
2026-07-08T17:15:52.687022,2026-07-08T17:15:52.690977+00:00,149.6,3,bid,Xuanyu Liu,YieldingYams,12486466
2026-07-08T17:15:53.971644,2026-07-08T17:15:53.978985+00:00,149.5,200,ask,WavyWalnuts,YieldingYams,12486488
2026-07-08T17:15:55.736303,2026-07-08T17:15:55.740794+00:00,149.4,8,ask,WavyWalnuts,Xuanyu Liu,12486519
2026-07-08T17:15:56.066685,2026-07-08T17:15:56.070731+00:00,149.4,3,ask,WavyWalnuts,Xuanyu Liu,12486529
2026-07-08T17:15:57.903327,2026-07-08T17:15:57.911113+00:00,149.5,200,bid,YieldingYams,WavyWalnuts,12486570
2026-07-08T17:15:57.903327,2026-07-08T17:15:57.916345+00:00,149.5,8,bid,YieldingYams,Lachy Miller,12486571
2026-07-08T17:15:57.922747,2026-07-08T17:15:57.926844+00:00,149.6,12,ask,YieldingYams,Xuanyu Liu,12486573
2026-07-08T17:15:58.621722,2026-07-08T17:15:58.632518+00:00,149.6,200,ask,YieldingYams,WavyWalnuts,12486581
2026-07-08T17:15:59.215967,2026-07-08T17:15:59.225884+00:00,149.6,205,ask,YieldingYams,AverageAlmonds,12486592
2026-07-08T17:16:01.465333,2026-07-08T17:16:01.477294+00:00,149.5,20,ask,YieldingYams,BrilliantBurritos,12486641
2026-07-08T17:16:02.199309,2026-07-08T17:16:02.206098+00:00,149.6,500,ask,YieldingYams,AverageAlmonds,12486658
2026-07-08T17:16:02.250733,2026-07-08T17:16:02.258636+00:00,149.6,125,ask,YieldingYams,WavyWalnuts,12486662
2026-07-08T17:16:04.525842,2026-07-08T17:16:04.536550+00:00,149.6,200,bid,YieldingYams,WavyWalnuts,12486708
2026-07-08T17:16:04.525842,2026-07-08T17:16:04.536550+00:00,149.6,8,bid,YieldingYams,Lachy Miller,12486709
2026-07-08T17:16:04.673854,2026-07-08T17:16:04.681866+00:00,149.6,200,ask,YieldingYams,WavyWalnuts,12486710
2026-07-08T17:16:05.880932,2026-07-08T17:16:05.891979+00:00,149.6,200,bid,WavyWalnuts,YieldingYams,12486726
2026-07-08T17:16:05.888046,2026-07-08T17:16:05.891979+00:00,149.6,12,bid,Xuanyu Liu,YieldingYams,12486728
2026-07-08T17:16:08.503858,2026-07-08T17:16:08.513000+00:00,149.5,200,ask,WavyWalnuts,YieldingYams,12486771
2026-07-08T17:16:10.735984,2026-07-08T17:16:10.746556+00:00,149.4,200,bid,WavyWalnuts,YieldingYams,12486812
2026-07-08T17:16:13.757170,2026-07-08T17:16:13.768711+00:00,149.5,200,bid,YieldingYams,WavyWalnuts,12486850
2026-07-08T17:16:13.757170,2026-07-08T17:16:13.768711+00:00,149.5,8,bid,YieldingYams,Lachy Miller,12486851
2026-07-08T17:16:13.780145,2026-07-08T17:16:13.784499+00:00,149.5,12,ask,YieldingYams,Xuanyu Liu,12486854
2026-07-08T17:16:13.863989,2026-07-08T17:16:13.870911+00:00,149.5,20,ask,YieldingYams,BrilliantBurritos,12486857
2026-07-08T17:16:15.075662,2026-07-08T17:16:15.084866+00:00,149.6,200,ask,WavyWalnuts,YieldingYams,12486880
2026-07-08T17:16:15.075662,2026-07-08T17:16:15.084866+00:00,149.5,8,ask,Lachy Miller,YieldingYams,12486881
2026-07-08T17:16:15.090915,2026-07-08T17:16:15.094791+00:00,149.5,23,bid,Xuanyu Liu,YieldingYams,12486883
2026-07-08T17:16:15.570375,2026-07-08T17:16:15.580416+00:00,149.5,200,bid,WavyWalnuts,YieldingYams,12486890
2026-07-08T17:16:16.387340,2026-07-08T17:16:16.395848+00:00,149.6,8,bid,YieldingYams,Lachy Miller,12486901
2026-07-08T17:16:17.699813,2026-07-08T17:16:17.711111+00:00,149.7,500,bid,YieldingYams,AverageAlmonds,12486932
2026-07-08T17:16:17.944769,2026-07-08T17:16:17.958570+00:00,149.7,125,ask,YieldingYams,AverageAlmonds,12486934
2026-07-08T17:16:17.944769,2026-07-08T17:16:17.958570+00:00,149.6,8,ask,Lachy Miller,AverageAlmonds,12486935
2026-07-08T17:16:17.990133,2026-07-08T17:16:18.000302+00:00,149.6,200,bid,WavyWalnuts,AverageAlmonds,12486938
2026-07-08T17:16:18.168766,2026-07-08T17:16:18.172863+00:00,149.4,8,bid,Xuanyu Liu,Lachy Miller,12486940
2026-07-08T17:16:18.497825,2026-07-08T17:16:18.501284+00:00,149.4,4,bid,Xuanyu Liu,Lachy Miller,12486943
2026-07-08T17:16:19.197123,2026-07-08T17:16:19.205984+00:00,149.6,200,bid,WavyWalnuts,YieldingYams,12486950
2026-07-08T17:16:22.955353,2026-07-08T17:16:22.963888+00:00,149.6,200,ask,WavyWalnuts,YieldingYams,12487009
2026-07-08T17:16:24.062979,2026-07-08T17:16:24.066972+00:00,149.4,12,ask,WavyWalnuts,Xuanyu Liu,12487024
2026-07-08T17:16:25.252016,2026-07-08T17:16:25.261263+00:00,149.6,200,bid,WavyWalnuts,YieldingYams,12487042
2026-07-08T17:16:25.595956,2026-07-08T17:16:25.599688+00:00,149.6,23,ask,YieldingYams,Xuanyu Liu,12487049
2026-07-08T17:16:28.615214,2026-07-08T17:16:28.627141+00:00,149.6,20,ask,WavyWalnuts,BrilliantBurritos,12487091
2026-07-08T17:16:28.889830,2026-07-08T17:16:28.897461+00:00,149.6,20,ask,YieldingYams,BrilliantBurritos,12487105
2026-07-08T17:16:28.895556,2026-07-08T17:16:28.902719+00:00,149.6,200,ask,YieldingYams,WavyWalnuts,12487106
2026-07-08T17:16:30.102465,2026-07-08T17:16:30.111841+00:00,149.5,200,ask,YieldingYams,WavyWalnuts,12487119
2026-07-08T17:16:30.444996,2026-07-08T17:16:30.449043+00:00,149.7,23,bid,Xuanyu Liu,YieldingYams,12487125
2026-07-08T17:16:34.794059,2026-07-08T17:16:34.797945+00:00,149.7,12,bid,Xuanyu Liu,YieldingYams,12487193
2026-07-08T17:16:36.094085,2026-07-08T17:16:36.101377+00:00,149.6,200,ask,WavyWalnuts,YieldingYams,12487213
2026-07-08T17:16:36.094085,2026-07-08T17:16:36.106441+00:00,149.6,8,ask,Lachy Miller,YieldingYams,12487214
2026-07-08T17:16:36.140265,2026-07-08T17:16:36.144200+00:00,149.6,11,bid,Xuanyu Liu,YieldingYams,12487218
2026-07-08T17:16:36.774817,2026-07-08T17:16:36.778633+00:00,149.6,3,bid,Xuanyu Liu,YieldingYams,12487231
2026-07-08T17:16:37.145928,2026-07-08T17:16:37.163969+00:00,149.4,20,ask,WavyWalnuts,BrilliantBurritos,12487235
2026-07-08T17:16:37.405143,2026-07-08T17:16:37.412351+00:00,149.5,200,bid,YieldingYams,WavyWalnuts,12487242
2026-07-08T17:16:42.668525,2026-07-08T17:16:42.677333+00:00,149.6,200,bid,YieldingYams,WavyWalnuts,12487319
2026-07-08T17:16:44.685095,2026-07-08T17:16:44.696671+00:00,149.7,20,bid,BrilliantBurritos,YieldingYams,12487358
2026-07-08T17:16:49.497198,2026-07-08T17:16:49.501926+00:00,149.6,3,ask,Lachy Miller,Xuanyu Liu,12487424
2026-07-08T17:16:54.501740,2026-07-08T17:16:54.510082+00:00,149.7,200,ask,WavyWalnuts,YieldingYams,12487518
2026-07-08T17:16:54.501740,2026-07-08T17:16:54.510082+00:00,149.7,8,ask,Lachy Miller,YieldingYams,12487519
2026-07-08T17:16:55.830555,2026-07-08T17:16:55.834337+00:00,149.6,11,ask,WavyWalnuts,Xuanyu Liu,12487541
2026-07-08T17:16:56.763855,2026-07-08T17:16:56.767325+00:00,149.7,12,ask,WavyWalnuts,Xuanyu Liu,12487556
2026-07-08T17:16:57.964889,2026-07-08T17:16:57.968977+00:00,149.8,11,ask,WavyWalnuts,Xuanyu Liu,12487569
2026-07-08T17:16:58.501991,2026-07-08T17:16:58.510692+00:00,149.8,189,ask,WavyWalnuts,AverageAlmonds,12487573
2026-07-08T17:16:59.104537,2026-07-08T17:16:59.113436+00:00,149.7,500,ask,YieldingYams,AverageAlmonds,12487587
2026-07-08T17:16:59.724723,2026-07-08T17:16:59.731308+00:00,149.7,125,ask,YieldingYams,AverageAlmonds,12487593
2026-07-08T17:17:00.334650,2026-07-08T17:17:00.344375+00:00,149.6,200,ask,WavyWalnuts,AverageAlmonds,12487604
2026-07-08T17:17:00.352428,2026-07-08T17:17:00.356153+00:00,149.6,11,bid,Xuanyu Liu,AverageAlmonds,12487606
2026-07-08T17:17:04.935141,2026-07-08T17:17:04.939581+00:00,149.5,8,ask,WavyWalnuts,Xuanyu Liu,12487682
2026-07-08T17:17:06.325005,2026-07-08T17:17:06.332385+00:00,149.5,200,ask,WavyWalnuts,YieldingYams,12487707
2026-07-08T17:17:06.325005,2026-07-08T17:17:06.337673+00:00,149.4,8,ask,Lachy Miller,YieldingYams,12487708
2026-07-08T17:17:06.433192,2026-07-08T17:17:06.444687+00:00,149.4,200,bid,WavyWalnuts,YieldingYams,12487712
2026-07-08T17:17:07.640523,2026-07-08T17:17:07.648086+00:00,149.5,8,bid,YieldingYams,Lachy Miller,12487732
2026-07-08T17:17:07.655550,2026-07-08T17:17:07.663595+00:00,149.5,200,ask,YieldingYams,WavyWalnuts,12487733
2026-07-08T17:17:08.955098,2026-07-08T17:17:08.958630+00:00,149.4,200,ask,WavyWalnuts,YieldingYams,12487749
2026-07-08T17:17:08.969772,2026-07-08T17:17:08.973846+00:00,149.4,8,bid,Xuanyu Liu,YieldingYams,12487751
2026-07-08T17:17:10.068820,2026-07-08T17:17:10.080054+00:00,149.4,200,bid,WavyWalnuts,YieldingYams,12487763
2026-07-08T17:17:10.266364,2026-07-08T17:17:10.275293+00:00,149.5,8,bid,YieldingYams,Lachy Miller,12487765
2026-07-08T17:17:12.497270,2026-07-08T17:17:12.505749+00:00,149.5,200,ask,YieldingYams,WavyWalnuts,12487794
2026-07-08T17:17:12.893558,2026-07-08T17:17:12.904583+00:00,149.4,8,ask,Lachy Miller,YieldingYams,12487802
2026-07-08T17:17:16.126427,2026-07-08T17:17:16.137271+00:00,149.4,200,ask,YieldingYams,WavyWalnuts,12487855
2026-07-08T17:17:18.554048,2026-07-08T17:17:18.557781+00:00,149.5,11,ask,WavyWalnuts,Xuanyu Liu,12487892
2026-07-08T17:17:19.752895,2026-07-08T17:17:19.758648+00:00,149.6,200,bid,WavyWalnuts,YieldingYams,12487912
2026-07-08T17:17:20.918397,2026-07-08T17:17:20.927868+00:00,149.5,500,ask,YieldingYams,AverageAlmonds,12487933
2026-07-08T17:17:21.521667,2026-07-08T17:17:21.532502+00:00,149.5,125,ask,YieldingYams,AverageAlmonds,12487946
2026-07-08T17:17:21.521667,2026-07-08T17:17:21.532502+00:00,149.5,200,ask,WavyWalnuts,AverageAlmonds,12487947
2026-07-08T17:17:21.547588,2026-07-08T17:17:21.551791+00:00,149.5,23,bid,Xuanyu Liu,AverageAlmonds,12487949
2026-07-08T17:17:21.580619,2026-07-08T17:17:21.585096+00:00,149.3,8,bid,Xuanyu Liu,Lachy Miller,12487951
2026-07-08T17:17:21.899324,2026-07-08T17:17:21.902867+00:00,149.3,6,bid,Xuanyu Liu,Lachy Miller,12487954
2026-07-08T17:17:22.080737,2026-07-08T17:17:22.089162+00:00,149.3,2,bid,YieldingYams,Lachy Miller,12487958
2026-07-08T17:17:24.304920,2026-07-08T17:17:24.308807+00:00,149.5,26,ask,YieldingYams,Xuanyu Liu,12487998
2026-07-08T17:17:24.708764,2026-07-08T17:17:24.727842+00:00,149.6,500,bid,YieldingYams,AverageAlmonds,12488005
2026-07-08T17:17:24.723931,2026-07-08T17:17:24.727842+00:00,149.6,11,ask,YieldingYams,Xuanyu Liu,12488007
2026-07-08T17:17:24.866321,2026-07-08T17:17:24.877979+00:00,149.8,20,bid,BrilliantBurritos,WavyWalnuts,12488013
2026-07-08T17:17:25.154921,2026-07-08T17:17:25.168724+00:00,149.6,114,ask,YieldingYams,AverageAlmonds,12488015
2026-07-08T17:17:25.807668,2026-07-08T17:17:25.816610+00:00,149.6,200,bid,WavyWalnuts,AverageAlmonds,12488022
2026-07-08T17:17:28.516453,2026-07-08T17:17:28.525840+00:00,149.6,20,bid,BrilliantBurritos,YieldingYams,12488058
2026-07-08T17:17:28.646898,2026-07-08T17:17:28.658626+00:00,149.5,200,ask,WavyWalnuts,YieldingYams,12488063
2026-07-08T17:17:28.646898,2026-07-08T17:17:28.658626+00:00,149.4,8,ask,Lachy Miller,YieldingYams,12488064
2026-07-08T17:17:30.673621,2026-07-08T17:17:30.677858+00:00,149.2,12,ask,YieldingYams,Xuanyu Liu,12488101
2026-07-08T17:17:30.680261,2026-07-08T17:17:30.698190+00:00,149.2,200,ask,YieldingYams,WavyWalnuts,12488102
2026-07-08T17:17:33.106892,2026-07-08T17:17:33.110927+00:00,149.3,11,ask,WavyWalnuts,Xuanyu Liu,12488144
2026-07-08T17:17:36.740308,2026-07-08T17:17:36.748268+00:00,149.3,200,ask,YieldingYams,WavyWalnuts,12488217
2026-07-08T17:17:45.708466,2026-07-08T17:17:45.715448+00:00,149.2,200,bid,YieldingYams,WavyWalnuts,12488366
2026-07-08T17:17:45.708466,2026-07-08T17:17:45.720459+00:00,149.3,8,bid,YieldingYams,Lachy Miller,12488367
2026-07-08T17:17:46.082248,2026-07-08T17:17:46.086328+00:00,149.5,11,bid,Xuanyu Liu,YieldingYams,12488373
2026-07-08T17:17:46.420159,2026-07-08T17:17:46.428851+00:00,149.3,200,ask,YieldingYams,WavyWalnuts,12488376
2026-07-08T17:17:47.028204,2026-07-08T17:17:47.037336+00:00,149.3,8,ask,Lachy Miller,YieldingYams,12488383
2026-07-08T17:17:47.048314,2026-07-08T17:17:47.052342+00:00,149.2,35,bid,Xuanyu Liu,YieldingYams,12488386
2026-07-08T17:17:49.649992,2026-07-08T17:17:49.658565+00:00,149.3,200,bid,YieldingYams,WavyWalnuts,12488415
2026-07-08T17:17:53.678540,2026-07-08T17:17:53.686529+00:00,149.4,8,bid,WavyWalnuts,Lachy Miller,12488463
2026-07-08T17:17:53.678540,2026-07-08T17:17:53.686529+00:00,149.4,192,bid,WavyWalnuts,YieldingYams,12488464
2026-07-08T17:17:57.345711,2026-07-08T17:17:57.355878+00:00,149.3,200,bid,WavyWalnuts,YieldingYams,12488523
2026-07-08T17:17:59.092667,2026-07-08T17:17:59.097111+00:00,149.3,14,bid,Xuanyu Liu,WavyWalnuts,12488545
2026-07-08T17:17:59.768185,2026-07-08T17:17:59.778307+00:00,149.2,200,ask,YieldingYams,WavyWalnuts,12488553
2026-07-08T17:18:05.420449,2026-07-08T17:18:05.430032+00:00,149.3,200,ask,WavyWalnuts,YieldingYams,12488641
2026-07-08T17:18:05.420449,2026-07-08T17:18:05.430032+00:00,149.3,8,ask,Lachy Miller,YieldingYams,12488642
2026-07-08T17:18:05.441548,2026-07-08T17:18:05.446162+00:00,149.2,3,bid,Xuanyu Liu,YieldingYams,12488644
2026-07-08T17:18:05.619909,2026-07-08T17:18:05.623311+00:00,149.1,8,bid,Xuanyu Liu,Lachy Miller,12488649
