timestamp,recv_time,price,volume,aggressor_side,buyer,seller,trade_id
2026-07-07T15:00:00.670160,2026-07-07T15:00:00.660187+00:00,143.6,20,ask,,,11004434
2026-07-07T15:00:02.380950,2026-07-07T15:00:02.390894+00:00,143.8,200,bid,,,11004458
2026-07-07T15:00:02.834909,2026-07-07T15:00:02.844991+00:00,143.6,20,ask,,,11004463
2026-07-07T15:00:03.593590,2026-07-07T15:00:03.600553+00:00,143.8,200,bid,,,11004478
2026-07-07T15:00:05.456555,2026-07-07T15:00:05.458574+00:00,143.8,20,ask,,,11004510
2026-07-07T15:00:06.324794,2026-07-07T15:00:06.335605+00:00,143.9,12,bid,,,11004521
2026-07-07T15:00:06.991773,2026-07-07T15:00:07.003808+00:00,144.0,20,bid,,,11004533
2026-07-07T15:00:07.341892,2026-07-07T15:00:07.353574+00:00,143.8,12,ask,,,11004541
2026-07-07T15:00:14.505818,2026-07-07T15:00:14.523282+00:00,144.2,200,bid,,,11004648
2026-07-07T15:00:16.940556,2026-07-07T15:00:16.949743+00:00,144.1,200,ask,,,11004688
2026-07-07T15:00:17.465586,2026-07-07T15:00:17.469892+00:00,144.2,12,bid,,,11004693
2026-07-07T15:00:18.153866,2026-07-07T15:00:18.163659+00:00,144.0,200,ask,,,11004698
2026-07-07T15:00:23.006616,2026-07-07T15:00:25.654090+00:00,143.7,200,ask,,,11004770
2026-07-07T15:00:24.215374,2026-07-07T15:00:25.654090+00:00,143.7,200,ask,,,11004787
2026-07-07T15:00:25.649467,2026-07-07T15:00:25.654090+00:00,143.8,22,bid,,,11004819
2026-07-07T15:00:26.636909,2026-07-07T15:00:26.657636+00:00,143.7,200,ask,,,11004831
2026-07-07T15:00:26.653167,2026-07-07T15:00:26.657636+00:00,143.7,12,bid,,,11004833
2026-07-07T15:00:26.937082,2026-07-07T15:00:26.948805+00:00,143.7,20,bid,,,11004837
2026-07-07T15:00:27.944887,2026-07-07T15:00:27.963101+00:00,143.7,200,bid,,,11004851
2026-07-07T15:00:27.959177,2026-07-07T15:00:27.963101+00:00,143.7,12,ask,,,11004853
2026-07-07T15:00:31.918756,2026-07-07T15:00:31.923375+00:00,143.7,12,bid,,,11004930
2026-07-07T15:00:32.149472,2026-07-07T15:00:32.164141+00:00,143.7,12,bid,,,11004931
2026-07-07T15:00:32.697901,2026-07-07T15:00:32.705675+00:00,143.7,200,bid,,,11004935
2026-07-07T15:00:33.909032,2026-07-07T15:00:33.915801+00:00,143.8,12,bid,,,11004968
2026-07-07T15:00:36.180370,2026-07-07T15:00:36.189624+00:00,143.7,12,bid,,,11004996
2026-07-07T15:00:37.544291,2026-07-07T15:00:37.558588+00:00,143.6,200,ask,,,11005018
2026-07-07T15:00:41.181585,2026-07-07T15:00:41.186040+00:00,143.5,11,bid,,,11005072
2026-07-07T15:00:41.972453,2026-07-07T15:00:41.980448+00:00,143.5,12,bid,,,11005081
2026-07-07T15:00:43.615858,2026-07-07T15:00:43.626599+00:00,143.4,200,ask,,,11005115
2026-07-07T15:00:44.492950,2026-07-07T15:00:44.564285+00:00,143.6,12,bid,,,11005132
2026-07-07T15:00:46.372819,2026-07-07T15:00:46.383705+00:00,143.3,500,ask,,,11005162
2026-07-07T15:00:46.389899,2026-07-07T15:00:46.394046+00:00,143.3,12,bid,,,11005164
2026-07-07T15:00:46.763423,2026-07-07T15:00:46.774182+00:00,143.3,12,bid,,,11005178
2026-07-07T15:00:46.836129,2026-07-07T15:00:46.844186+00:00,143.3,101,bid,,,11005181
2026-07-07T15:00:48.988244,2026-07-07T15:00:48.995944+00:00,143.5,200,bid,,,11005219
2026-07-07T15:00:49.007078,2026-07-07T15:00:49.011240+00:00,143.6,12,ask,,,11005222
2026-07-07T15:00:49.042246,2026-07-07T15:00:49.053125+00:00,143.9,12,bid,,,11005223
2026-07-07T15:00:49.663966,2026-07-07T15:00:49.671714+00:00,143.6,200,ask,,,11005231
2026-07-07T15:00:50.066574,2026-07-07T15:00:50.074049+00:00,143.9,12,bid,,,11005236
2026-07-07T15:00:50.871256,2026-07-07T15:00:50.877859+00:00,143.6,200,ask,,,11005245
2026-07-07T15:00:54.331653,2026-07-07T15:00:54.343329+00:00,143.8,12,bid,,,11005311
2026-07-07T15:00:56.861307,2026-07-07T15:00:56.869329+00:00,143.7,200,ask,,,11005355
2026-07-07T15:00:56.917096,2026-07-07T15:00:56.924339+00:00,143.6,200,bid,,,11005356
2026-07-07T15:00:57.104092,2026-07-07T15:00:57.112364+00:00,143.6,12,bid,,,11005359
2026-07-07T15:00:58.124731,2026-07-07T15:00:58.131590+00:00,143.6,200,bid,,,11005374
2026-07-07T15:01:01.698692,2026-07-07T15:01:01.702862+00:00,143.9,23,bid,,,11005439
2026-07-07T15:01:01.764722,2026-07-07T15:01:01.772681+00:00,143.8,200,ask,,,11005441
2026-07-07T15:01:01.901475,2026-07-07T15:01:01.913238+00:00,144.0,10,bid,,,11005446
2026-07-07T15:01:02.134990,2026-07-07T15:01:02.139043+00:00,143.8,3,bid,,,11005451
2026-07-07T15:01:07.371522,2026-07-07T15:01:07.380431+00:00,143.7,500,ask,,,11005525
2026-07-07T15:01:08.157730,2026-07-07T15:01:08.169673+00:00,143.7,20,bid,,,11005535
2026-07-07T15:01:08.700077,2026-07-07T15:01:08.711450+00:00,143.7,200,bid,,,11005546
2026-07-07T15:01:11.353189,2026-07-07T15:01:11.358552+00:00,143.9,20,bid,,,11005582
2026-07-07T15:01:12.634976,2026-07-07T15:01:12.643024+00:00,143.9,200,bid,,,11005611
2026-07-07T15:01:14.407025,2026-07-07T15:01:14.411853+00:00,143.8,26,ask,,,11005631
2026-07-07T15:01:16.254921,2026-07-07T15:01:16.258557+00:00,143.8,12,ask,,,11005665
2026-07-07T15:01:16.568660,2026-07-07T15:01:16.579840+00:00,143.8,200,ask,,,11005672
2026-07-07T15:01:17.491045,2026-07-07T15:01:17.502292+00:00,143.8,200,bid,,,11005686
2026-07-07T15:01:18.701559,2026-07-07T15:01:18.712496+00:00,143.9,200,ask,,,11005709
2026-07-07T15:01:20.553447,2026-07-07T15:01:20.565672+00:00,143.9,12,ask,,,11005732
2026-07-07T15:01:21.122674,2026-07-07T15:01:21.129310+00:00,143.9,200,ask,,,11005738
2026-07-07T15:01:22.588477,2026-07-07T15:01:22.600899+00:00,143.9,12,ask,,,11005759
2026-07-07T15:01:24.848630,2026-07-07T15:01:24.853040+00:00,143.9,11,ask,,,11005793
2026-07-07T15:01:25.766589,2026-07-07T15:01:25.776661+00:00,143.9,200,ask,,,11005809
2026-07-07T15:01:25.952758,2026-07-07T15:01:25.958567+00:00,143.9,200,bid,,,11005812
2026-07-07T15:01:26.477677,2026-07-07T15:01:26.490342+00:00,143.7,20,ask,,,11005824
2026-07-07T15:01:28.414155,2026-07-07T15:01:28.424675+00:00,143.9,200,ask,,,11005855
2026-07-07T15:01:28.869045,2026-07-07T15:01:28.880595+00:00,143.7,12,ask,,,11005868
2026-07-07T15:01:29.579218,2026-07-07T15:01:29.588755+00:00,143.9,200,bid,,,11005878
2026-07-07T15:01:31.204305,2026-07-07T15:01:31.208642+00:00,143.9,12,ask,,,11005898
2026-07-07T15:01:31.902299,2026-07-07T15:01:31.909019+00:00,143.9,12,ask,,,11005915
2026-07-07T15:01:31.997267,2026-07-07T15:01:32.004449+00:00,144.0,200,bid,,,11005916
2026-07-07T15:01:33.428146,2026-07-07T15:01:33.432207+00:00,143.8,22,ask,,,11005949
2026-07-07T15:01:33.717228,2026-07-07T15:01:33.726398+00:00,143.8,200,ask,,,11005956
2026-07-07T15:01:34.432946,2026-07-07T15:01:34.445739+00:00,143.8,200,bid,,,11005964
2026-07-07T15:01:35.981500,2026-07-07T15:01:35.993312+00:00,143.8,12,ask,,,11005994
2026-07-07T15:01:36.761185,2026-07-07T15:01:36.769901+00:00,143.8,12,ask,,,11006003
2026-07-07T15:01:37.236921,2026-07-07T15:01:37.248786+00:00,143.9,20,bid,,,11006013
2026-07-07T15:01:37.730438,2026-07-07T15:01:37.742106+00:00,143.8,200,ask,,,11006023
2026-07-07T15:01:37.730438,2026-07-07T15:01:37.742106+00:00,143.8,300,ask,,,11006024
2026-07-07T15:01:38.332075,2026-07-07T15:01:38.343273+00:00,143.8,325,ask,,,11006028
2026-07-07T15:01:39.308643,2026-07-07T15:01:39.312739+00:00,143.7,11,bid,,,11006045
2026-07-07T15:01:39.795759,2026-07-07T15:01:39.807210+00:00,143.6,12,ask,,,11006054
2026-07-07T15:01:40.281400,2026-07-07T15:01:40.293012+00:00,143.7,20,bid,,,11006060
2026-07-07T15:01:41.088121,2026-07-07T15:01:41.098862+00:00,143.4,12,ask,,,11006078
2026-07-07T15:01:41.574993,2026-07-07T15:01:41.586155+00:00,143.6,200,bid,,,11006084
2026-07-07T15:01:43.598681,2026-07-07T15:01:43.610541+00:00,143.6,12,ask,,,11006110
2026-07-07T15:01:46.831271,2026-07-07T15:01:46.839567+00:00,143.6,200,bid,,,11006156
2026-07-07T15:01:47.779776,2026-07-07T15:01:47.789991+00:00,143.6,200,ask,,,11006175
2026-07-07T15:01:49.470698,2026-07-07T15:01:49.481513+00:00,143.6,20,bid,,,11006196
2026-07-07T15:01:49.905853,2026-07-07T15:01:49.917612+00:00,143.6,12,bid,,,11006210
2026-07-07T15:01:50.914086,2026-07-07T15:01:50.925706+00:00,143.5,10,ask,,,11006221
2026-07-07T15:01:54.694989,2026-07-07T15:01:54.704819+00:00,143.8,200,bid,,,11006288
2026-07-07T15:01:55.528289,2026-07-07T15:01:55.532512+00:00,143.9,11,bid,,,11006297
2026-07-07T15:01:56.025374,2026-07-07T15:01:56.029576+00:00,143.8,12,bid,,,11006306
2026-07-07T15:01:56.225707,2026-07-07T15:01:56.233636+00:00,143.8,12,bid,,,11006309
2026-07-07T15:01:56.750489,2026-07-07T15:01:56.758602+00:00,143.8,12,bid,,,11006322
2026-07-07T15:02:00.524619,2026-07-07T15:02:00.536390+00:00,143.9,12,bid,,,11006389
2026-07-07T15:02:02.576305,2026-07-07T15:02:02.584898+00:00,143.8,200,bid,,,11006427
2026-07-07T15:02:03.536847,2026-07-07T15:02:03.545869+00:00,143.8,200,ask,,,11006448
2026-07-07T15:02:04.800119,2026-07-07T15:02:04.813057+00:00,143.8,12,bid,,,11006466
2026-07-07T15:02:05.757483,2026-07-07T15:02:05.769428+00:00,143.9,20,bid,,,11006472
2026-07-07T15:02:05.962754,2026-07-07T15:02:05.970311+00:00,143.7,200,ask,,,11006476
2026-07-07T15:02:07.657366,2026-07-07T15:02:07.669048+00:00,143.6,20,ask,,,11006514
2026-07-07T15:02:07.820974,2026-07-07T15:02:07.831337+00:00,143.6,180,ask,,,11006516
2026-07-07T15:02:09.356591,2026-07-07T15:02:09.357737+00:00,143.8,20,bid,,,11006533
2026-07-07T15:02:10.444048,2026-07-07T15:02:10.469081+00:00,143.7,200,bid,,,11006552
2026-07-07T15:02:10.465017,2026-07-07T15:02:10.469081+00:00,143.8,12,ask,,,11006555
2026-07-07T15:02:11.386898,2026-07-07T15:02:11.392144+00:00,143.9,23,bid,,,11006574
2026-07-07T15:02:11.638482,2026-07-07T15:02:11.647673+00:00,143.8,413,ask,,,11006579
2026-07-07T15:02:11.756189,2026-07-07T15:02:11.758608+00:00,143.6,200,ask,,,11006580
2026-07-07T15:02:12.926776,2026-07-07T15:02:12.938269+00:00,143.6,12,bid,,,11006598
2026-07-07T15:02:14.379062,2026-07-07T15:02:14.388279+00:00,143.5,200,ask,,,11006619
2026-07-07T15:02:14.451257,2026-07-07T15:02:14.454241+00:00,143.5,200,bid,,,11006620
2026-07-07T15:02:14.691935,2026-07-07T15:02:14.700380+00:00,143.3,12,ask,,,11006624
2026-07-07T15:02:15.449771,2026-07-07T15:02:15.459562+00:00,143.3,12,ask,,,11006636
2026-07-07T15:02:15.687721,2026-07-07T15:02:15.707076+00:00,143.4,200,bid,,,11006639
2026-07-07T15:02:15.714956,2026-07-07T15:02:15.718998+00:00,143.5,23,ask,,,11006641
2026-07-07T15:02:16.876085,2026-07-07T15:02:16.885341+00:00,143.5,200,ask,,,11006654
2026-07-07T15:02:17.482591,2026-07-07T15:02:17.494373+00:00,143.3,12,ask,,,11006661
2026-07-07T15:02:19.620019,2026-07-07T15:02:19.627138+00:00,143.3,200,ask,,,11006700
2026-07-07T15:02:20.514541,2026-07-07T15:02:20.524228+00:00,143.2,200,bid,,,11006716
2026-07-07T15:02:21.741617,2026-07-07T15:02:21.745753+00:00,143.4,22,ask,,,11006742
2026-07-07T15:02:22.554921,2026-07-07T15:02:22.558629+00:00,143.6,20,bid,,,11006755
2026-07-07T15:02:24.063160,2026-07-07T15:02:24.074648+00:00,143.5,20,bid,,,11006783
2026-07-07T15:02:24.888883,2026-07-07T15:02:24.910855+00:00,143.4,200,ask,,,11006806
2026-07-07T15:02:24.906667,2026-07-07T15:02:24.910855+00:00,143.3,22,bid,,,11006808
2026-07-07T15:02:25.804116,2026-07-07T15:02:25.814116+00:00,143.3,12,bid,,,11006824
2026-07-07T15:02:26.575841,2026-07-07T15:02:26.582577+00:00,143.3,200,bid,,,11006837
2026-07-07T15:02:27.323054,2026-07-07T15:02:27.332012+00:00,143.0,12,ask,,,11006846
2026-07-07T15:02:27.531306,2026-07-07T15:02:27.535286+00:00,143.3,11,ask,,,11006855
2026-07-07T15:02:28.620709,2026-07-07T15:02:28.627557+00:00,143.3,12,ask,,,11006881
2026-07-07T15:02:30.317116,2026-07-07T15:02:30.322162+00:00,143.3,11,bid,,,11006906
2026-07-07T15:02:32.142324,2026-07-07T15:02:32.153935+00:00,143.2,11,ask,,,11006948
2026-07-07T15:02:32.905852,2026-07-07T15:02:32.917264+00:00,143.3,11,bid,,,11006964
2026-07-07T15:02:34.989296,2026-07-07T15:02:35.000798+00:00,143.3,20,ask,,,11007000
2026-07-07T15:02:36.692349,2026-07-07T15:02:36.702834+00:00,143.3,200,ask,,,11007030
2026-07-07T15:02:36.692349,2026-07-07T15:02:36.702834+00:00,143.2,425,ask,,,11007031
2026-07-07T15:02:37.481102,2026-07-07T15:02:37.490028+00:00,143.3,20,bid,,,11007051
2026-07-07T15:02:38.000451,2026-07-07T15:02:38.008304+00:00,143.3,180,bid,,,11007060
2026-07-07T15:02:39.415097,2026-07-07T15:02:39.426620+00:00,143.3,20,ask,,,11007082
2026-07-07T15:02:41.174111,2026-07-07T15:02:41.184789+00:00,143.3,12,ask,,,11007110
2026-07-07T15:02:41.408781,2026-07-07T15:02:41.420635+00:00,143.3,20,ask,,,11007116
2026-07-07T15:02:44.687768,2026-07-07T15:02:44.694516+00:00,143.2,12,ask,,,11007171
2026-07-07T15:02:45.195488,2026-07-07T15:02:45.207164+00:00,143.3,12,bid,,,11007180
2026-07-07T15:02:45.947331,2026-07-07T15:02:45.963768+00:00,143.3,200,ask,,,11007198
2026-07-07T15:02:49.155424,2026-07-07T15:02:49.182916+00:00,143.4,200,bid,,,11007246
2026-07-07T15:02:49.179096,2026-07-07T15:02:49.182916+00:00,143.4,11,ask,,,11007249
2026-07-07T15:02:49.761206,2026-07-07T15:02:49.771305+00:00,143.5,500,bid,,,11007253
2026-07-07T15:02:50.606829,2026-07-07T15:02:50.618716+00:00,143.6,20,bid,,,11007263
2026-07-07T15:02:52.419552,2026-07-07T15:02:52.427171+00:00,143.5,200,bid,,,11007286
2026-07-07T15:02:53.236820,2026-07-07T15:02:53.248094+00:00,143.6,12,bid,,,11007301
2026-07-07T15:02:53.993555,2026-07-07T15:02:54.005450+00:00,143.5,12,ask,,,11007314
2026-07-07T15:02:54.415153,2026-07-07T15:02:54.423461+00:00,143.5,200,ask,,,11007321
2026-07-07T15:02:55.254299,2026-07-07T15:02:55.258571+00:00,143.6,12,bid,,,11007345
2026-07-07T15:02:57.474922,2026-07-07T15:02:57.486589+00:00,143.5,20,ask,,,11007393
2026-07-07T15:02:59.006556,2026-07-07T15:02:59.013203+00:00,143.7,200,ask,,,11007411
2026-07-07T15:02:59.026762,2026-07-07T15:02:59.031388+00:00,143.7,11,bid,,,11007414
2026-07-07T15:02:59.272282,2026-07-07T15:02:59.276519+00:00,143.6,12,bid,,,11007419
2026-07-07T15:02:59.784806,2026-07-07T15:02:59.789713+00:00,143.6,11,bid,,,11007433
2026-07-07T15:03:01.791271,2026-07-07T15:03:01.802648+00:00,143.7,12,bid,,,11007464
2026-07-07T15:03:03.048787,2026-07-07T15:03:03.060577+00:00,143.7,12,bid,,,11007490
2026-07-07T15:03:03.969566,2026-07-07T15:03:03.981162+00:00,143.7,20,bid,,,11007501
2026-07-07T15:03:04.258289,2026-07-07T15:03:04.269842+00:00,143.6,200,bid,,,11007506
2026-07-07T15:03:05.852235,2026-07-07T15:03:05.864067+00:00,143.7,12,bid,,,11007525
2026-07-07T15:03:07.952572,2026-07-07T15:03:07.963840+00:00,143.7,12,bid,,,11007560
2026-07-07T15:03:08.188579,2026-07-07T15:03:08.199869+00:00,143.7,200,bid,,,11007561
2026-07-07T15:03:08.471152,2026-07-07T15:03:08.482637+00:00,143.8,12,bid,,,11007565
2026-07-07T15:03:09.182103,2026-07-07T15:03:09.189128+00:00,143.7,425,ask,,,11007576
2026-07-07T15:03:09.273542,2026-07-07T15:03:09.277795+00:00,143.7,12,bid,,,11007579
2026-07-07T15:03:09.505301,2026-07-07T15:03:09.514613+00:00,143.6,200,ask,,,11007585
2026-07-07T15:03:09.520946,2026-07-07T15:03:09.525371+00:00,143.6,11,bid,,,11007587
2026-07-07T15:03:09.801149,2026-07-07T15:03:09.812288+00:00,143.6,3,bid,,,11007591
2026-07-07T15:03:10.070764,2026-07-07T15:03:10.078380+00:00,143.6,3,bid,,,11007598
2026-07-07T15:03:10.139491,2026-07-07T15:03:10.158766+00:00,143.6,20,bid,,,11007602
2026-07-07T15:03:10.332520,2026-07-07T15:03:10.343277+00:00,143.6,3,bid,,,11007611
2026-07-07T15:03:10.594005,2026-07-07T15:03:10.605241+00:00,143.6,3,bid,,,11007615
2026-07-07T15:03:10.818045,2026-07-07T15:03:10.826214+00:00,143.4,200,ask,,,11007616
2026-07-07T15:03:10.838819,2026-07-07T15:03:10.843774+00:00,143.4,3,bid,,,11007618
2026-07-07T15:03:10.869542,2026-07-07T15:03:10.880277+00:00,143.4,15,bid,,,11007621
2026-07-07T15:03:11.129470,2026-07-07T15:03:11.138259+00:00,143.4,3,bid,,,11007627
2026-07-07T15:03:11.399885,2026-07-07T15:03:11.408276+00:00,143.4,3,bid,,,11007632
2026-07-07T15:03:12.209299,2026-07-07T15:03:12.220408+00:00,143.5,12,bid,,,11007647
2026-07-07T15:03:14.478425,2026-07-07T15:03:14.490301+00:00,143.5,20,bid,,,11007682
2026-07-07T15:03:18.607664,2026-07-07T15:03:18.616478+00:00,143.5,200,bid,,,11007765
2026-07-07T15:03:18.856044,2026-07-07T15:03:18.858550+00:00,143.4,500,ask,,,11007769
2026-07-07T15:03:19.814796,2026-07-07T15:03:19.821926+00:00,143.5,200,bid,,,11007781
2026-07-07T15:03:21.014199,2026-07-07T15:03:21.018433+00:00,143.0,14,ask,,,11007812
2026-07-07T15:03:21.025526,2026-07-07T15:03:21.033653+00:00,143.2,200,bid,,,11007815
2026-07-07T15:03:21.052777,2026-07-07T15:03:21.064342+00:00,143.0,12,ask,,,11007816
2026-07-07T15:03:21.359678,2026-07-07T15:03:21.371923+00:00,143.1,12,ask,,,11007819
2026-07-07T15:03:21.834478,2026-07-07T15:03:21.846198+00:00,143.3,20,bid,,,11007825
2026-07-07T15:03:22.250581,2026-07-07T15:03:22.254386+00:00,143.2,11,ask,,,11007835
2026-07-07T15:03:22.650646,2026-07-07T15:03:22.658578+00:00,143.2,189,ask,,,11007843
2026-07-07T15:03:23.960238,2026-07-07T15:03:23.969912+00:00,143.1,200,ask,,,11007869
2026-07-07T15:03:24.130278,2026-07-07T15:03:24.134539+00:00,143.1,11,bid,,,11007874
2026-07-07T15:03:24.654268,2026-07-07T15:03:24.663620+00:00,143.1,200,bid,,,11007882
2026-07-07T15:03:25.125503,2026-07-07T15:03:25.132325+00:00,143.1,12,bid,,,11007899
2026-07-07T15:03:28.951029,2026-07-07T15:03:28.951285+00:00,143.2,20,bid,,,11007950
2026-07-07T15:03:29.205858,2026-07-07T15:03:29.213306+00:00,143.0,200,ask,,,11007955
2026-07-07T15:03:29.224206,2026-07-07T15:03:29.228399+00:00,143.0,23,bid,,,11007957
2026-07-07T15:03:30.719574,2026-07-07T15:03:30.728106+00:00,143.1,200,bid,,,11007976
2026-07-07T15:03:33.466711,2026-07-07T15:03:33.478377+00:00,143.1,12,ask,,,11008024
2026-07-07T15:03:34.364143,2026-07-07T15:03:34.374211+00:00,143.1,200,ask,,,11008047
2026-07-07T15:03:34.736369,2026-07-07T15:03:34.748214+00:00,143.2,12,bid,,,11008052
2026-07-07T15:03:37.065067,2026-07-07T15:03:37.076051+00:00,143.1,200,ask,,,11008093
2026-07-07T15:03:37.991560,2026-07-07T15:03:37.999633+00:00,143.1,200,bid,,,11008112
2026-07-07T15:03:39.208119,2026-07-07T15:03:39.217109+00:00,143.2,200,ask,,,11008138
2026-07-07T15:03:41.632831,2026-07-07T15:03:41.642762+00:00,143.2,200,bid,,,11008187
2026-07-07T15:03:42.646969,2026-07-07T15:03:42.663905+00:00,143.0,20,ask,,,11008198
2026-07-07T15:03:45.269372,2026-07-07T15:03:45.276440+00:00,143.1,200,ask,,,11008258
2026-07-07T15:03:45.781333,2026-07-07T15:03:45.788617+00:00,143.1,11,ask,,,11008265
2026-07-07T15:03:47.689220,2026-07-07T15:03:47.700863+00:00,143.0,200,ask,,,11008292
2026-07-07T15:03:48.895639,2026-07-07T15:03:48.899532+00:00,143.1,11,ask,,,11008310
2026-07-07T15:03:48.900431,2026-07-07T15:03:48.914766+00:00,143.1,200,ask,,,11008311
2026-07-07T15:03:49.301578,2026-07-07T15:03:49.313290+00:00,143.1,12,ask,,,11008319
2026-07-07T15:03:49.494221,2026-07-07T15:03:49.505921+00:00,143.1,20,ask,,,11008323
2026-07-07T15:03:49.745872,2026-07-07T15:03:49.758612+00:00,143.1,382,ask,,,11008331
2026-07-07T15:03:50.888746,2026-07-07T15:03:50.900429+00:00,142.8,20,ask,,,11008353
2026-07-07T15:03:51.837887,2026-07-07T15:03:51.845825+00:00,142.9,12,bid,,,11008367
2026-07-07T15:03:52.648391,2026-07-07T15:03:52.652087+00:00,142.8,12,ask,,,11008380
2026-07-07T15:03:52.812747,2026-07-07T15:03:52.822647+00:00,142.9,200,bid,,,11008382
2026-07-07T15:03:52.828300,2026-07-07T15:03:52.831993+00:00,142.9,11,ask,,,11008384
2026-07-07T15:03:52.854374,2026-07-07T15:03:52.861399+00:00,142.9,12,ask,,,11008385
2026-07-07T15:03:53.622974,2026-07-07T15:03:53.631571+00:00,142.9,12,ask,,,11008400
2026-07-07T15:03:53.784266,2026-07-07T15:03:53.792257+00:00,143.0,20,bid,,,11008402
2026-07-07T15:03:55.440078,2026-07-07T15:03:55.457975+00:00,143.0,500,bid,,,11008430
2026-07-07T15:03:55.453981,2026-07-07T15:03:55.457975+00:00,143.1,23,ask,,,11008432
2026-07-07T15:03:55.765153,2026-07-07T15:03:55.769650+00:00,143.2,23,bid,,,11008435
2026-07-07T15:03:55.792942,2026-07-07T15:03:55.800819+00:00,143.1,102,ask,,,11008436
2026-07-07T15:03:55.819272,2026-07-07T15:03:55.823285+00:00,143.0,23,bid,,,11008438
2026-07-07T15:03:55.882937,2026-07-07T15:03:55.894454+00:00,143.0,12,bid,,,11008439
2026-07-07T15:03:58.582311,2026-07-07T15:03:58.585914+00:00,142.9,9,ask,,,11008481
2026-07-07T15:03:58.652802,2026-07-07T15:03:58.659679+00:00,142.9,12,ask,,,11008484
2026-07-07T15:03:58.849283,2026-07-07T15:03:58.858619+00:00,142.9,179,ask,,,11008487
2026-07-07T15:03:58.988148,2026-07-07T15:03:58.992121+00:00,142.8,14,ask,,,11008489
2026-07-07T15:03:59.393179,2026-07-07T15:03:59.405032+00:00,142.7,20,ask,,,11008492
2026-07-07T15:03:59.669365,2026-07-07T15:03:59.681276+00:00,142.7,12,ask,,,11008499
2026-07-07T15:03:59.776557,2026-07-07T15:03:59.785635+00:00,142.9,200,bid,,,11008500
2026-07-07T15:04:00.987124,2026-07-07T15:04:00.997666+00:00,142.9,200,bid,,,11008523
2026-07-07T15:04:02.200130,2026-07-07T15:04:02.209933+00:00,142.8,200,bid,,,11008544
2026-07-07T15:04:02.964610,2026-07-07T15:04:02.976516+00:00,142.6,12,ask,,,11008555
2026-07-07T15:04:03.313898,2026-07-07T15:04:03.318632+00:00,142.8,12,ask,,,11008558
2026-07-07T15:04:07.354928,2026-07-07T15:04:07.358598+00:00,142.7,20,ask,,,11008616
2026-07-07T15:04:11.061872,2026-07-07T15:04:11.073657+00:00,142.8,12,ask,,,11008673
2026-07-07T15:04:11.609175,2026-07-07T15:04:11.613825+00:00,142.9,12,bid,,,11008686
2026-07-07T15:04:12.320681,2026-07-07T15:04:12.332516+00:00,142.9,12,bid,,,11008695
2026-07-07T15:04:14.110876,2026-07-07T15:04:14.118074+00:00,142.9,12,bid,,,11008727
2026-07-07T15:04:14.327420,2026-07-07T15:04:14.335260+00:00,142.9,200,bid,,,11008728
2026-07-07T15:04:15.098684,2026-07-07T15:04:15.108592+00:00,142.9,500,bid,,,11008749
2026-07-07T15:04:15.200736,2026-07-07T15:04:15.208588+00:00,142.9,125,ask,,,11008753
2026-07-07T15:04:16.427251,2026-07-07T15:04:16.434836+00:00,142.7,200,ask,,,11008774
2026-07-07T15:04:16.448516,2026-07-07T15:04:16.452491+00:00,142.7,23,bid,,,11008776
2026-07-07T15:04:17.736805,2026-07-07T15:04:17.743699+00:00,142.7,200,bid,,,11008796
2026-07-07T15:04:19.160299,2026-07-07T15:04:19.169764+00:00,142.7,200,bid,,,11008811
2026-07-07T15:04:19.774796,2026-07-07T15:04:19.784517+00:00,142.7,12,bid,,,11008826
2026-07-07T15:04:20.391051,2026-07-07T15:04:20.395870+00:00,142.6,11,bid,,,11008837
2026-07-07T15:04:24.089180,2026-07-07T15:04:24.101126+00:00,142.5,12,ask,,,11008899
2026-07-07T15:04:24.308805,2026-07-07T15:04:24.315246+00:00,142.4,200,ask,,,11008903
2026-07-07T15:04:26.863012,2026-07-07T15:04:26.872335+00:00,142.6,12,bid,,,11008936
2026-07-07T15:04:27.642159,2026-07-07T15:04:27.646585+00:00,142.4,11,ask,,,11008944
2026-07-07T15:04:28.372538,2026-07-07T15:04:28.384237+00:00,142.4,12,ask,,,11008961
2026-07-07T15:04:29.573493,2026-07-07T15:04:29.583679+00:00,142.3,200,ask,,,11008969
2026-07-07T15:04:30.783408,2026-07-07T15:04:30.795370+00:00,142.3,20,bid,,,11008992
2026-07-07T15:04:34.886171,2026-07-07T15:04:34.895947+00:00,142.3,200,bid,,,11009045
2026-07-07T15:04:35.653180,2026-07-07T15:04:35.664871+00:00,142.1,12,ask,,,11009057
2026-07-07T15:04:36.128699,2026-07-07T15:04:36.139813+00:00,142.3,200,bid,,,11009066
2026-07-07T15:04:36.128699,2026-07-07T15:04:36.139813+00:00,142.4,425,bid,,,11009067
2026-07-07T15:04:37.441890,2026-07-07T15:04:37.450819+00:00,142.3,200,ask,,,11009099
2026-07-07T15:04:37.945343,2026-07-07T15:04:37.953925+00:00,142.2,12,bid,,,11009104
2026-07-07T15:04:38.510381,2026-07-07T15:04:38.519072+00:00,142.2,200,bid,,,11009112
2026-07-07T15:04:38.701814,2026-07-07T15:04:38.713831+00:00,142.2,12,bid,,,11009116
2026-07-07T15:04:39.718381,2026-07-07T15:04:39.725160+00:00,142.2,200,bid,,,11009123
2026-07-07T15:04:41.496206,2026-07-07T15:04:41.507863+00:00,142.2,12,bid,,,11009147
2026-07-07T15:04:42.137021,2026-07-07T15:04:42.146771+00:00,142.2,200,bid,,,11009155
2026-07-07T15:04:43.347238,2026-07-07T15:04:43.355752+00:00,142.2,200,bid,,,11009175
2026-07-07T15:04:44.557890,2026-07-07T15:04:44.569397+00:00,142.3,200,bid,,,11009199
2026-07-07T15:04:45.271275,2026-07-07T15:04:45.283041+00:00,142.3,12,bid,,,11009211
2026-07-07T15:04:45.769400,2026-07-07T15:04:45.776331+00:00,142.2,200,bid,,,11009215
2026-07-07T15:04:48.196002,2026-07-07T15:04:48.202375+00:00,142.2,200,ask,,,11009245
2026-07-07T15:04:49.260461,2026-07-07T15:04:49.264773+00:00,142.2,11,bid,,,11009260
2026-07-07T15:04:49.405790,2026-07-07T15:04:49.415606+00:00,142.2,200,bid,,,11009263
2026-07-07T15:04:53.036884,2026-07-07T15:04:53.047259+00:00,142.1,200,bid,,,11009321
2026-07-07T15:04:53.651120,2026-07-07T15:04:53.658611+00:00,142.0,12,ask,,,11009335
2026-07-07T15:04:55.020061,2026-07-07T15:04:55.031883+00:00,142.0,20,ask,,,11009351
2026-07-07T15:05:00.195668,2026-07-07T15:05:00.203480+00:00,142.1,12,ask,,,11009417
2026-07-07T15:05:00.297722,2026-07-07T15:05:00.304526+00:00,142.3,200,bid,,,11009419
2026-07-07T15:05:02.379638,2026-07-07T15:05:02.390095+00:00,142.3,200,ask,,,11009448
2026-07-07T15:05:04.711917,2026-07-07T15:05:04.723901+00:00,142.1,12,ask,,,11009486
2026-07-07T15:05:05.019506,2026-07-07T15:05:05.024451+00:00,142.3,2,ask,,,11009493
2026-07-07T15:05:05.143650,2026-07-07T15:05:05.150855+00:00,142.3,200,ask,,,11009497
2026-07-07T15:05:06.230457,2026-07-07T15:05:06.241382+00:00,142.3,12,ask,,,11009513
2026-07-07T15:05:08.605399,2026-07-07T15:05:08.609980+00:00,142.3,21,ask,,,11009544
2026-07-07T15:05:08.766047,2026-07-07T15:05:08.776032+00:00,142.3,12,ask,,,11009545
2026-07-07T15:05:09.805793,2026-07-07T15:05:09.817090+00:00,142.3,12,ask,,,11009559
2026-07-07T15:05:12.116233,2026-07-07T15:05:12.127547+00:00,142.2,200,ask,,,11009583
2026-07-07T15:05:12.446139,2026-07-07T15:05:12.450402+00:00,142.1,12,bid,,,11009598
2026-07-07T15:05:12.592050,2026-07-07T15:05:12.600345+00:00,142.0,4,ask,,,11009599
2026-07-07T15:05:13.618173,2026-07-07T15:05:13.625883+00:00,142.1,20,bid,,,11009611
2026-07-07T15:05:14.602324,2026-07-07T15:05:14.613134+00:00,142.2,12,bid,,,11009627
2026-07-07T15:05:16.835910,2026-07-07T15:05:16.841046+00:00,142.1,200,ask,,,11009652
2026-07-07T15:05:17.649188,2026-07-07T15:05:17.660706+00:00,142.0,12,ask,,,11009665
2026-07-07T15:05:18.912992,2026-07-07T15:05:18.923765+00:00,142.2,12,bid,,,11009689
2026-07-07T15:05:19.102309,2026-07-07T15:05:19.111653+00:00,142.0,20,ask,,,11009693
2026-07-07T15:05:19.920024,2026-07-07T15:05:19.927397+00:00,142.1,12,ask,,,11009712
2026-07-07T15:05:27.375275,2026-07-07T15:05:27.379775+00:00,142.2,12,ask,,,11009816
2026-07-07T15:05:28.160636,2026-07-07T15:05:28.168870+00:00,142.2,200,ask,,,11009827
2026-07-07T15:05:28.489500,2026-07-07T15:05:28.501122+00:00,142.4,20,bid,,,11009835
2026-07-07T15:05:30.334672,2026-07-07T15:05:30.345448+00:00,142.3,20,bid,,,11009858
2026-07-07T15:05:31.213769,2026-07-07T15:05:31.225633+00:00,142.2,12,ask,,,11009871
2026-07-07T15:05:31.792029,2026-07-07T15:05:31.805021+00:00,142.3,200,ask,,,11009874
2026-07-07T15:05:32.222916,2026-07-07T15:05:32.234994+00:00,142.5,12,bid,,,11009890
2026-07-07T15:05:32.964374,2026-07-07T15:05:32.976114+00:00,142.3,20,bid,,,11009893
2026-07-07T15:05:32.998721,2026-07-07T15:05:33.003511+00:00,142.3,200,bid,,,11009894
2026-07-07T15:05:34.206633,2026-07-07T15:05:34.209717+00:00,142.3,200,bid,,,11009916
2026-07-07T15:05:35.146746,2026-07-07T15:05:35.150721+00:00,142.2,12,bid,,,11009933
2026-07-07T15:05:35.278048,2026-07-07T15:05:35.281943+00:00,142.1,11,bid,,,11009937
2026-07-07T15:05:36.265919,2026-07-07T15:05:36.277529+00:00,142.1,12,bid,,,11009957
2026-07-07T15:05:39.201335,2026-07-07T15:05:39.209425+00:00,142.1,200,bid,,,11009988
2026-07-07T15:05:46.304047,2026-07-07T15:05:46.315724+00:00,142.2,200,bid,,,11010081
2026-07-07T15:05:46.551908,2026-07-07T15:05:46.558582+00:00,141.9,12,ask,,,11010085
2026-07-07T15:05:47.526489,2026-07-07T15:05:47.536889+00:00,142.1,200,bid,,,11010102
2026-07-07T15:05:48.561388,2026-07-07T15:05:48.572970+00:00,142.1,12,bid,,,11010117
2026-07-07T15:05:49.950423,2026-07-07T15:05:49.968674+00:00,141.9,200,ask,,,11010137
2026-07-07T15:05:52.351461,2026-07-07T15:05:52.359082+00:00,141.8,200,ask,,,11010176
2026-07-07T15:05:52.351461,2026-07-07T15:05:52.364416+00:00,141.8,425,ask,,,11010177
2026-07-07T15:05:53.664188,2026-07-07T15:05:53.671427+00:00,141.9,500,ask,,,11010198
2026-07-07T15:05:53.664188,2026-07-07T15:05:53.676876+00:00,141.9,125,ask,,,11010199
2026-07-07T15:05:55.032439,2026-07-07T15:05:55.044285+00:00,141.9,20,ask,,,11010226
2026-07-07T15:05:57.232022,2026-07-07T15:05:57.239982+00:00,142.0,200,ask,,,11010263
2026-07-07T15:05:57.337254,2026-07-07T15:05:57.347547+00:00,142.0,20,ask,,,11010265
2026-07-07T15:06:01.142771,2026-07-07T15:06:01.150801+00:00,142.0,200,bid,,,11010329
2026-07-07T15:06:01.342020,2026-07-07T15:06:01.353553+00:00,142.1,12,bid,,,11010337
2026-07-07T15:06:01.769859,2026-07-07T15:06:01.780454+00:00,142.0,20,ask,,,11010339
2026-07-07T15:06:02.458069,2026-07-07T15:06:02.464779+00:00,142.0,20,ask,,,11010346
2026-07-07T15:06:02.872708,2026-07-07T15:06:02.879764+00:00,142.1,200,bid,,,11010350
2026-07-07T15:06:05.530771,2026-07-07T15:06:05.539309+00:00,142.1,500,ask,,,11010382
2026-07-07T15:06:05.709903,2026-07-07T15:06:05.718287+00:00,142.1,125,bid,,,11010384
2026-07-07T15:06:06.927317,2026-07-07T15:06:06.938589+00:00,142.2,200,ask,,,11010406
2026-07-07T15:06:07.636099,2026-07-07T15:06:07.647859+00:00,142.2,12,ask,,,11010427
2026-07-07T15:06:09.144661,2026-07-07T15:06:09.158649+00:00,142.3,12,bid,,,11010453
2026-07-07T15:06:11.690197,2026-07-07T15:06:11.699334+00:00,142.1,20,ask,,,11010487
2026-07-07T15:06:12.975290,2026-07-07T15:06:12.986757+00:00,142.1,200,ask,,,11010505
2026-07-07T15:06:13.418619,2026-07-07T15:06:13.430653+00:00,142.1,12,ask,,,11010513
2026-07-07T15:06:14.185520,2026-07-07T15:06:14.197211+00:00,142.1,200,ask,,,11010525
2026-07-07T15:06:14.698789,2026-07-07T15:06:14.706180+00:00,142.2,500,ask,,,11010532
2026-07-07T15:06:15.067989,2026-07-07T15:06:15.074750+00:00,141.9,125,bid,,,11010538
2026-07-07T15:06:15.102293,2026-07-07T15:06:15.122953+00:00,142.9,20,bid,,,11010540
2026-07-07T15:06:15.118082,2026-07-07T15:06:15.122953+00:00,142.1,50,ask,,,11010544
2026-07-07T15:06:15.187959,2026-07-07T15:06:15.196998+00:00,142.9,12,bid,,,11010545
2026-07-07T15:06:15.393827,2026-07-07T15:06:15.401866+00:00,142.1,200,ask,,,11010555
2026-07-07T15:06:16.622925,2026-07-07T15:06:16.627560+00:00,142.2,4,bid,,,11010571
2026-07-07T15:06:16.750901,2026-07-07T15:06:16.770093+00:00,142.1,4,ask,,,11010576
2026-07-07T15:06:16.754784,2026-07-07T15:06:16.770093+00:00,142.2,12,bid,,,11010577
2026-07-07T15:06:17.006636,2026-07-07T15:06:17.016069+00:00,142.1,12,ask,,,11010585
2026-07-07T15:06:17.525855,2026-07-07T15:06:17.534687+00:00,142.1,20,ask,,,11010590
2026-07-07T15:06:23.879278,2026-07-07T15:06:23.886745+00:00,142.2,200,ask,,,11010672
2026-07-07T15:06:25.199217,2026-07-07T15:06:25.207059+00:00,142.2,200,ask,,,11010682
2026-07-07T15:06:25.987302,2026-07-07T15:06:25.994779+00:00,142.2,425,bid,,,11010695
2026-07-07T15:06:26.505456,2026-07-07T15:06:26.514796+00:00,142.3,200,bid,,,11010700
2026-07-07T15:06:26.616054,2026-07-07T15:06:26.631382+00:00,142.4,12,ask,,,11010707
2026-07-07T15:06:27.508389,2026-07-07T15:06:27.517700+00:00,142.4,200,ask,,,11010721
2026-07-07T15:06:27.839619,2026-07-07T15:06:27.843967+00:00,142.3,23,bid,,,11010725
2026-07-07T15:06:28.655547,2026-07-07T15:06:28.657002+00:00,142.2,12,ask,,,11010737
2026-07-07T15:06:29.135232,2026-07-07T15:06:29.142907+00:00,142.2,500,ask,,,11010745
2026-07-07T15:06:30.445767,2026-07-07T15:06:30.457044+00:00,142.3,200,bid,,,11010761
2026-07-07T15:06:30.933029,2026-07-07T15:06:30.937028+00:00,142.3,35,ask,,,11010769
2026-07-07T15:06:30.936222,2026-07-07T15:06:30.952598+00:00,142.3,9,ask,,,11010770
2026-07-07T15:06:31.467980,2026-07-07T15:06:31.476246+00:00,142.3,3,ask,,,11010783
2026-07-07T15:06:33.004432,2026-07-07T15:06:33.016468+00:00,142.2,9,ask,,,11010814
2026-07-07T15:06:34.428026,2026-07-07T15:06:34.439888+00:00,142.2,20,bid,,,11010834
2026-07-07T15:06:35.026807,2026-07-07T15:06:35.033624+00:00,142.1,5,ask,,,11010845
2026-07-07T15:06:35.712566,2026-07-07T15:06:35.720962+00:00,142.2,200,bid,,,11010857
2026-07-07T15:06:35.734564,2026-07-07T15:06:35.739084+00:00,142.2,11,ask,,,11010862
2026-07-07T15:06:35.976250,2026-07-07T15:06:35.987244+00:00,142.2,200,ask,,,11010866
2026-07-07T15:06:36.910217,2026-07-07T15:06:36.919888+00:00,142.4,20,bid,,,11010885
2026-07-07T15:06:42.287501,2026-07-07T15:06:42.295469+00:00,142.2,200,ask,,,11010968
2026-07-07T15:06:43.231575,2026-07-07T15:06:43.240630+00:00,142.2,200,bid,,,11010989
2026-07-07T15:06:46.708499,2026-07-07T15:06:46.713052+00:00,142.4,11,bid,,,11011047
2026-07-07T15:06:49.630230,2026-07-07T15:06:49.638254+00:00,142.3,500,ask,,,11011091
2026-07-07T15:06:50.167971,2026-07-07T15:06:50.174637+00:00,142.3,200,ask,,,11011100
2026-07-07T15:06:50.186646,2026-07-07T15:06:50.190763+00:00,142.2,12,bid,,,11011102
2026-07-07T15:06:50.490882,2026-07-07T15:06:50.499675+00:00,142.2,200,bid,,,11011106
2026-07-07T15:06:53.092830,2026-07-07T15:06:53.098065+00:00,142.2,12,ask,,,11011133
2026-07-07T15:06:54.126760,2026-07-07T15:06:54.137486+00:00,142.3,200,bid,,,11011159
2026-07-07T15:06:58.063895,2026-07-07T15:06:58.067532+00:00,142.3,11,ask,,,11011205
2026-07-07T15:06:58.978607,2026-07-07T15:06:58.986425+00:00,142.3,200,ask,,,11011214
2026-07-07T15:06:59.951623,2026-07-07T15:06:59.955827+00:00,142.5,11,bid,,,11011233
2026-07-07T15:07:00.201877,2026-07-07T15:07:00.206041+00:00,142.4,12,bid,,,11011236
2026-07-07T15:07:00.671356,2026-07-07T15:07:00.679513+00:00,142.4,188,bid,,,11011252
2026-07-07T15:07:01.395069,2026-07-07T15:07:01.404514+00:00,142.4,200,ask,,,11011262
2026-07-07T15:07:01.925989,2026-07-07T15:07:01.936627+00:00,142.6,12,bid,,,11011275
2026-07-07T15:07:02.431823,2026-07-07T15:07:02.444069+00:00,142.5,12,bid,,,11011283
2026-07-07T15:07:02.622463,2026-07-07T15:07:02.627477+00:00,142.4,12,ask,,,11011287
2026-07-07T15:07:03.295733,2026-07-07T15:07:03.305964+00:00,142.4,188,ask,,,11011296
2026-07-07T15:07:04.701273,2026-07-07T15:07:04.710785+00:00,142.2,12,ask,,,11011317
2026-07-07T15:07:06.726490,2026-07-07T15:07:06.733370+00:00,142.2,12,ask,,,11011343
2026-07-07T15:07:07.438669,2026-07-07T15:07:07.446109+00:00,142.3,200,bid,,,11011350
2026-07-07T15:07:09.004437,2026-07-07T15:07:09.014080+00:00,142.2,200,ask,,,11011366
2026-07-07T15:07:09.864622,2026-07-07T15:07:09.875672+00:00,142.2,500,bid,,,11011377
2026-07-07T15:07:10.199370,2026-07-07T15:07:10.209168+00:00,142.2,125,ask,,,11011380
2026-07-07T15:07:11.179906,2026-07-07T15:07:11.191267+00:00,142.1,200,ask,,,11011393
2026-07-07T15:07:12.308746,2026-07-07T15:07:12.313306+00:00,142.0,11,ask,,,11011410
2026-07-07T15:07:13.516502,2026-07-07T15:07:13.520621+00:00,142.1,11,ask,,,11011426
2026-07-07T15:07:13.807200,2026-07-07T15:07:13.815354+00:00,142.1,189,ask,,,11011427
2026-07-07T15:07:14.707592,2026-07-07T15:07:14.716412+00:00,142.1,200,bid,,,11011446
2026-07-07T15:07:16.480565,2026-07-07T15:07:16.492370+00:00,142.0,20,bid,,,11011468
2026-07-07T15:07:18.097326,2026-07-07T15:07:18.106258+00:00,141.9,200,ask,,,11011494
2026-07-07T15:07:18.119279,2026-07-07T15:07:18.123524+00:00,141.8,11,bid,,,11011498
2026-07-07T15:07:18.333582,2026-07-07T15:07:18.342786+00:00,141.8,200,bid,,,11011503
2026-07-07T15:07:23.560893,2026-07-07T15:07:23.569321+00:00,141.6,20,bid,,,11011581
2026-07-07T15:07:24.336347,2026-07-07T15:07:24.344647+00:00,141.6,180,bid,,,11011590
2026-07-07T15:07:24.379526,2026-07-07T15:07:24.386862+00:00,141.7,200,ask,,,11011591
2026-07-07T15:07:26.964273,2026-07-07T15:07:26.974691+00:00,141.8,200,bid,,,11011627
2026-07-07T15:07:27.901076,2026-07-07T15:07:27.905168+00:00,141.8,23,ask,,,11011646
2026-07-07T15:07:29.624767,2026-07-07T15:07:29.636468+00:00,141.8,200,bid,,,11011667
2026-07-07T15:07:33.458063,2026-07-07T15:07:33.469746+00:00,141.9,20,ask,,,11011713
2026-07-07T15:07:37.253572,2026-07-07T15:07:37.265196+00:00,142.0,20,bid,,,11011763
2026-07-07T15:07:38.893992,2026-07-07T15:07:38.901049+00:00,141.9,200,bid,,,11011787
2026-07-07T15:07:42.528836,2026-07-07T15:07:42.539050+00:00,142.0,200,ask,,,11011838
2026-07-07T15:07:44.075440,2026-07-07T15:07:44.079512+00:00,141.9,10,bid,,,11011857
2026-07-07T15:07:47.381454,2026-07-07T15:07:47.386344+00:00,141.8,2,bid,,,11011896
2026-07-07T15:07:47.995844,2026-07-07T15:07:48.004154+00:00,141.8,198,bid,,,11011901
2026-07-07T15:07:48.569780,2026-07-07T15:07:48.581304+00:00,141.9,200,ask,,,11011916
2026-07-07T15:07:49.776217,2026-07-07T15:07:49.785618+00:00,141.8,200,bid,,,11011930
2026-07-07T15:07:51.005982,2026-07-07T15:07:51.014619+00:00,141.9,20,bid,,,11011949
2026-07-07T15:07:51.964827,2026-07-07T15:07:51.968942+00:00,141.8,11,bid,,,11011959
2026-07-07T15:07:52.218915,2026-07-07T15:07:52.222894+00:00,141.7,11,bid,,,11011965
2026-07-07T15:07:53.124862,2026-07-07T15:07:53.136385+00:00,141.7,12,bid,,,11011981
2026-07-07T15:07:53.166158,2026-07-07T15:07:53.170231+00:00,141.7,23,bid,,,11011983
2026-07-07T15:07:54.910833,2026-07-07T15:07:54.920039+00:00,141.6,12,ask,,,11012014
2026-07-07T15:07:55.185656,2026-07-07T15:07:55.193508+00:00,141.8,12,bid,,,11012021
2026-07-07T15:07:57.193414,2026-07-07T15:07:57.202727+00:00,141.7,200,bid,,,11012051
2026-07-07T15:07:59.429376,2026-07-07T15:07:59.440844+00:00,141.8,20,bid,,,11012082
2026-07-07T15:07:59.482030,2026-07-07T15:07:59.485739+00:00,141.7,12,bid,,,11012084
2026-07-07T15:08:02.222434,2026-07-07T15:08:02.234059+00:00,141.7,20,bid,,,11012124
2026-07-07T15:08:03.100252,2026-07-07T15:08:03.108698+00:00,141.6,200,ask,,,11012136
2026-07-07T15:08:05.067735,2026-07-07T15:08:05.074631+00:00,141.6,200,ask,,,11012169
2026-07-07T15:08:05.067735,2026-07-07T15:08:05.079925+00:00,141.5,425,ask,,,11012170
2026-07-07T15:08:10.616952,2026-07-07T15:08:10.625564+00:00,141.8,20,bid,,,11012230
2026-07-07T15:08:12.937575,2026-07-07T15:08:12.945507+00:00,141.9,200,bid,,,11012253
2026-07-07T15:08:12.952244,2026-07-07T15:08:12.956080+00:00,142.0,12,ask,,,11012255
2026-07-07T15:08:13.029043,2026-07-07T15:08:13.036631+00:00,142.2,12,bid,,,11012256
2026-07-07T15:08:13.999512,2026-07-07T15:08:14.014241+00:00,142.0,200,ask,,,11012282
2026-07-07T15:08:15.303652,2026-07-07T15:08:15.307945+00:00,141.9,23,bid,,,11012300
2026-07-07T15:08:15.822972,2026-07-07T15:08:15.830804+00:00,141.9,12,bid,,,11012309
2026-07-07T15:08:16.858010,2026-07-07T15:08:16.869822+00:00,141.8,12,ask,,,11012327
2026-07-07T15:08:18.246703,2026-07-07T15:08:18.253534+00:00,141.9,20,ask,,,11012347
2026-07-07T15:08:18.390302,2026-07-07T15:08:18.401239+00:00,142.1,12,bid,,,11012351
2026-07-07T15:08:18.855292,2026-07-07T15:08:18.859341+00:00,142.0,11,ask,,,11012365
2026-07-07T15:08:18.948432,2026-07-07T15:08:18.955179+00:00,142.1,11,bid,,,11012367
2026-07-07T15:08:19.454669,2026-07-07T15:08:19.458616+00:00,142.0,12,ask,,,11012376
2026-07-07T15:08:20.118999,2026-07-07T15:08:20.136611+00:00,142.2,20,bid,,,11012391
2026-07-07T15:08:21.355405,2026-07-07T15:08:21.366907+00:00,142.1,20,bid,,,11012414
2026-07-07T15:08:22.478438,2026-07-07T15:08:22.489409+00:00,142.0,200,bid,,,11012427
2026-07-07T15:08:22.753259,2026-07-07T15:08:22.758570+00:00,141.7,12,ask,,,11012432
2026-07-07T15:08:24.901229,2026-07-07T15:08:24.908031+00:00,141.9,200,bid,,,11012471
2026-07-07T15:08:25.524455,2026-07-07T15:08:25.531613+00:00,141.8,12,ask,,,11012482
2026-07-07T15:08:26.113420,2026-07-07T15:08:26.124618+00:00,141.8,200,ask,,,11012488
2026-07-07T15:08:26.781752,2026-07-07T15:08:26.793991+00:00,141.8,11,ask,,,11012500
2026-07-07T15:08:27.110327,2026-07-07T15:08:27.118760+00:00,141.9,500,bid,,,11012503
2026-07-07T15:08:27.376652,2026-07-07T15:08:27.386475+00:00,141.9,200,bid,,,11012505
2026-07-07T15:08:28.251734,2026-07-07T15:08:28.253695+00:00,141.9,20,ask,,,11012515
2026-07-07T15:08:28.530257,2026-07-07T15:08:28.541561+00:00,141.9,200,ask,,,11012522
2026-07-07T15:08:30.963093,2026-07-07T15:08:30.967552+00:00,142.0,12,ask,,,11012574
2026-07-07T15:08:31.183089,2026-07-07T15:08:31.187546+00:00,142.0,34,ask,,,11012581
2026-07-07T15:08:32.154277,2026-07-07T15:08:32.163628+00:00,142.1,200,bid,,,11012588
2026-07-07T15:08:35.030454,2026-07-07T15:08:35.042114+00:00,142.1,20,bid,,,11012634
2026-07-07T15:08:39.176590,2026-07-07T15:08:39.187400+00:00,141.9,200,ask,,,11012687
2026-07-07T15:08:40.615780,2026-07-07T15:08:40.623615+00:00,141.9,200,bid,,,11012706
2026-07-07T15:08:41.031111,2026-07-07T15:08:41.042864+00:00,141.9,425,bid,,,11012713
2026-07-07T15:08:41.293739,2026-07-07T15:08:41.300859+00:00,141.9,20,ask,,,11012717
2026-07-07T15:08:41.824824,2026-07-07T15:08:41.834348+00:00,141.9,200,ask,,,11012727
2026-07-07T15:08:43.047401,2026-07-07T15:08:43.051425+00:00,142.0,11,ask,,,11012747
2026-07-07T15:08:43.058757,2026-07-07T15:08:43.067105+00:00,142.2,20,bid,,,11012748
2026-07-07T15:08:43.111335,2026-07-07T15:08:43.122123+00:00,142.0,189,ask,,,11012749
2026-07-07T15:08:43.382618,2026-07-07T15:08:43.392280+00:00,142.0,20,bid,,,11012752
2026-07-07T15:08:45.448083,2026-07-07T15:08:45.456628+00:00,142.0,200,bid,,,11012783
2026-07-07T15:08:50.287654,2026-07-07T15:08:50.298504+00:00,142.0,200,bid,,,11012842
2026-07-07T15:08:53.639945,2026-07-07T15:08:53.649772+00:00,142.0,500,bid,,,11012890
2026-07-07T15:08:53.639945,2026-07-07T15:08:53.649772+00:00,142.1,125,bid,,,11012891
2026-07-07T15:08:54.405543,2026-07-07T15:08:54.410575+00:00,141.9,11,bid,,,11012902
2026-07-07T15:08:55.467159,2026-07-07T15:08:55.476395+00:00,141.8,20,ask,,,11012910
2026-07-07T15:08:56.507505,2026-07-07T15:08:56.515294+00:00,141.9,12,bid,,,11012919
2026-07-07T15:08:56.785752,2026-07-07T15:08:56.792570+00:00,141.8,500,ask,,,11012922
2026-07-07T15:08:57.392332,2026-07-07T15:08:57.396004+00:00,141.9,11,bid,,,11012929
2026-07-07T15:08:57.521554,2026-07-07T15:08:57.532955+00:00,141.8,11,ask,,,11012932
2026-07-07T15:08:57.566905,2026-07-07T15:08:57.577828+00:00,141.9,200,bid,,,11012933
2026-07-07T15:08:57.595697,2026-07-07T15:08:57.599730+00:00,141.8,12,bid,,,11012936
2026-07-07T15:09:01.226262,2026-07-07T15:09:01.234133+00:00,141.9,200,bid,,,11012981
2026-07-07T15:09:02.620641,2026-07-07T15:09:02.631234+00:00,141.9,20,bid,,,11012997
2026-07-07T15:09:02.801799,2026-07-07T15:09:02.813699+00:00,141.9,11,bid,,,11013001
2026-07-07T15:09:02.871245,2026-07-07T15:09:02.889049+00:00,141.8,200,ask,,,11013004
2026-07-07T15:09:02.885248,2026-07-07T15:09:02.889049+00:00,141.8,11,bid,,,11013006
2026-07-07T15:09:02.930193,2026-07-07T15:09:02.941144+00:00,141.6,20,ask,,,11013012
2026-07-07T15:09:03.645121,2026-07-07T15:09:03.658591+00:00,141.8,200,bid,,,11013029
2026-07-07T15:09:04.854855,2026-07-07T15:09:04.865449+00:00,141.8,200,bid,,,11013044
2026-07-07T15:09:05.083870,2026-07-07T15:09:05.096004+00:00,141.8,12,bid,,,11013049
2026-07-07T15:09:08.299833,2026-07-07T15:09:08.310251+00:00,141.7,200,ask,,,11013093
2026-07-07T15:09:13.361449,2026-07-07T15:09:13.369278+00:00,141.7,200,ask,,,11013164
2026-07-07T15:09:14.533423,2026-07-07T15:09:14.542586+00:00,141.6,200,bid,,,11013179
2026-07-07T15:09:16.988991,2026-07-07T15:09:17.000759+00:00,141.6,12,ask,,,11013219
2026-07-07T15:09:17.297557,2026-07-07T15:09:17.305984+00:00,141.6,188,ask,,,11013229
2026-07-07T15:09:19.369861,2026-07-07T15:09:19.376586+00:00,141.5,200,bid,,,11013244
2026-07-07T15:09:21.796652,2026-07-07T15:09:21.805768+00:00,141.4,200,ask,,,11013273
2026-07-07T15:09:22.021687,2026-07-07T15:09:22.032834+00:00,141.4,12,ask,,,11013280
2026-07-07T15:09:22.419809,2026-07-07T15:09:22.431732+00:00,141.4,20,ask,,,11013284
2026-07-07T15:09:23.005847,2026-07-07T15:09:23.013577+00:00,141.4,200,ask,,,11013289
2026-07-07T15:09:24.712505,2026-07-07T15:09:24.721222+00:00,141.5,20,bid,,,11013305
2026-07-07T15:09:25.355527,2026-07-07T15:09:25.358587+00:00,141.5,20,bid,,,11013315
2026-07-07T15:09:26.264350,2026-07-07T15:09:26.276011+00:00,141.4,20,ask,,,11013322
2026-07-07T15:09:28.117200,2026-07-07T15:09:28.121145+00:00,141.3,23,ask,,,11013351
2026-07-07T15:09:28.873724,2026-07-07T15:09:28.886054+00:00,141.3,20,ask,,,11013365
2026-07-07T15:09:29.113440,2026-07-07T15:09:29.120895+00:00,141.4,200,bid,,,11013368
2026-07-07T15:09:29.136507,2026-07-07T15:09:29.141215+00:00,141.4,11,ask,,,11013371
2026-07-07T15:09:29.468193,2026-07-07T15:09:29.479492+00:00,141.4,414,ask,,,11013373
2026-07-07T15:09:31.471763,2026-07-07T15:09:31.482840+00:00,141.3,200,ask,,,11013392
2026-07-07T15:09:31.764544,2026-07-07T15:09:31.768796+00:00,141.2,11,bid,,,11013397
2026-07-07T15:09:32.620013,2026-07-07T15:09:32.627218+00:00,141.2,12,bid,,,11013413
2026-07-07T15:09:32.678179,2026-07-07T15:09:32.687221+00:00,141.2,200,bid,,,11013415
2026-07-07T15:09:32.875067,2026-07-07T15:09:32.886623+00:00,141.2,12,bid,,,11013419
2026-07-07T15:09:33.053877,2026-07-07T15:09:33.058591+00:00,141.2,500,bid,,,11013422
2026-07-07T15:09:33.107440,2026-07-07T15:09:33.114202+00:00,141.3,125,ask,,,11013426
2026-07-07T15:09:33.394907,2026-07-07T15:09:33.406883+00:00,140.4,9,ask,,,11013435
2026-07-07T15:09:34.321094,2026-07-07T15:09:34.329032+00:00,141.1,200,ask,,,11013452
2026-07-07T15:09:36.908165,2026-07-07T15:09:36.919576+00:00,141.1,20,bid,,,11013485
2026-07-07T15:09:37.516447,2026-07-07T15:09:37.523597+00:00,141.1,200,bid,,,11013491
2026-07-07T15:09:37.564992,2026-07-07T15:09:37.568977+00:00,141.1,12,bid,,,11013493
2026-07-07T15:09:38.704057,2026-07-07T15:09:38.710594+00:00,141.1,12,bid,,,11013513
2026-07-07T15:09:38.724917,2026-07-07T15:09:38.734535+00:00,141.1,200,bid,,,11013514
2026-07-07T15:09:40.910943,2026-07-07T15:09:40.918957+00:00,141.0,200,ask,,,11013541
2026-07-07T15:09:40.930450,2026-07-07T15:09:40.934628+00:00,140.9,11,bid,,,11013545
2026-07-07T15:09:41.007880,2026-07-07T15:09:41.015823+00:00,140.7,11,ask,,,11013546
2026-07-07T15:09:42.817005,2026-07-07T15:09:42.825663+00:00,140.8,500,ask,,,11013575
2026-07-07T15:09:43.017393,2026-07-07T15:09:43.029173+00:00,141.0,12,bid,,,11013579
2026-07-07T15:09:43.047162,2026-07-07T15:09:43.052853+00:00,140.8,20,ask,,,11013580
2026-07-07T15:09:43.413608,2026-07-07T15:09:43.423416+00:00,140.8,105,ask,,,11013585
2026-07-07T15:09:43.413608,2026-07-07T15:09:43.423416+00:00,140.7,200,ask,,,11013586
2026-07-07T15:09:43.443861,2026-07-07T15:09:43.448057+00:00,140.7,23,bid,,,11013589
2026-07-07T15:09:43.569912,2026-07-07T15:09:43.574451+00:00,140.6,3,bid,,,11013595
2026-07-07T15:09:44.786511,2026-07-07T15:09:44.797922+00:00,140.6,200,bid,,,11013607
2026-07-07T15:09:45.336085,2026-07-07T15:09:45.342968+00:00,140.4,12,ask,,,11013623
2026-07-07T15:09:46.593787,2026-07-07T15:09:46.605710+00:00,140.5,12,bid,,,11013637
2026-07-07T15:09:47.123153,2026-07-07T15:09:47.127237+00:00,140.4,14,ask,,,11013645
2026-07-07T15:09:49.368726,2026-07-07T15:09:49.380373+00:00,140.3,12,ask,,,11013684
2026-07-07T15:09:50.834832,2026-07-07T15:09:50.841620+00:00,140.5,200,bid,,,11013701
2026-07-07T15:09:52.748671,2026-07-07T15:09:52.758589+00:00,140.5,500,bid,,,11013731
2026-07-07T15:09:53.086173,2026-07-07T15:09:53.097428+00:00,140.5,125,ask,,,11013736
2026-07-07T15:09:53.654495,2026-07-07T15:09:53.668670+00:00,140.4,12,ask,,,11013745
2026-07-07T15:09:57.956126,2026-07-07T15:09:57.958656+00:00,140.3,4,ask,,,11013804
2026-07-07T15:10:00.903696,2026-07-07T15:10:00.908442+00:00,140.3,12,ask,,,11013841
2026-07-07T15:10:01.937447,2026-07-07T15:10:01.944673+00:00,140.4,200,bid,,,11013849
2026-07-07T15:10:01.959050,2026-07-07T15:10:01.963996+00:00,140.4,11,ask,,,11013854
2026-07-07T15:10:02.448222,2026-07-07T15:10:02.454719+00:00,140.4,20,ask,,,11013857
2026-07-07T15:10:02.791000,2026-07-07T15:10:02.801170+00:00,140.4,394,ask,,,11013863
2026-07-07T15:10:05.377670,2026-07-07T15:10:05.381817+00:00,140.2,12,ask,,,11013892
2026-07-07T15:10:06.386331,2026-07-07T15:10:06.396011+00:00,140.3,20,bid,,,11013909
2026-07-07T15:10:06.574969,2026-07-07T15:10:06.583961+00:00,140.3,200,bid,,,11013917
2026-07-07T15:10:07.190028,2026-07-07T15:10:07.198062+00:00,140.3,500,bid,,,11013922
2026-07-07T15:10:07.234641,2026-07-07T15:10:07.238246+00:00,140.4,22,ask,,,11013924
2026-07-07T15:10:07.625803,2026-07-07T15:10:07.657620+00:00,140.4,103,ask,,,11013932
2026-07-07T15:10:07.653162,2026-07-07T15:10:07.657620+00:00,140.1,22,bid,,,11013934
2026-07-07T15:10:07.783973,2026-07-07T15:10:07.793290+00:00,140.1,200,bid,,,11013938
2026-07-07T15:10:08.500577,2026-07-07T15:10:08.508831+00:00,140.1,500,bid,,,11013950
2026-07-07T15:10:08.567968,2026-07-07T15:10:08.579729+00:00,140.3,3,bid,,,11013954
2026-07-07T15:10:08.829330,2026-07-07T15:10:08.840703+00:00,140.2,125,ask,,,11013961
2026-07-07T15:10:09.360855,2026-07-07T15:10:09.369900+00:00,140.1,3,ask,,,11013977
2026-07-07T15:10:09.814140,2026-07-07T15:10:09.825773+00:00,140.1,197,ask,,,11013981
2026-07-07T15:10:12.636522,2026-07-07T15:10:12.648112+00:00,140.1,200,bid,,,11014026
2026-07-07T15:10:15.055925,2026-07-07T15:10:15.068952+00:00,140.2,200,bid,,,11014060
2026-07-07T15:10:16.368927,2026-07-07T15:10:16.377205+00:00,140.1,200,ask,,,11014081
2026-07-07T15:10:17.479451,2026-07-07T15:10:17.489613+00:00,140.0,200,bid,,,11014098
2026-07-07T15:10:18.734176,2026-07-07T15:10:18.738482+00:00,140.2,12,bid,,,11014114
2026-07-07T15:10:20.317994,2026-07-07T15:10:20.324538+00:00,140.2,200,bid,,,11014129
2026-07-07T15:10:22.885293,2026-07-07T15:10:22.897194+00:00,140.2,12,bid,,,11014161
2026-07-07T15:10:25.060911,2026-07-07T15:10:25.065225+00:00,140.1,11,bid,,,11014195
2026-07-07T15:10:25.152683,2026-07-07T15:10:25.164371+00:00,140.1,12,bid,,,11014197
2026-07-07T15:10:29.323296,2026-07-07T15:10:29.327637+00:00,140.2,12,bid,,,11014252
2026-07-07T15:10:29.431307,2026-07-07T15:10:29.440749+00:00,140.2,12,bid,,,11014253
2026-07-07T15:10:33.464633,2026-07-07T15:10:33.475876+00:00,140.2,12,bid,,,11014303
2026-07-07T15:10:33.489564,2026-07-07T15:10:33.499405+00:00,140.2,188,bid,,,11014304
2026-07-07T15:10:33.656448,2026-07-07T15:10:33.668687+00:00,140.2,437,ask,,,11014306
2026-07-07T15:10:34.408593,2026-07-07T15:10:34.417772+00:00,140.1,200,bid,,,11014317
2026-07-07T15:10:35.000318,2026-07-07T15:10:35.011808+00:00,140.0,12,bid,,,11014331
2026-07-07T15:10:35.616529,2026-07-07T15:10:35.623204+00:00,140.0,200,bid,,,11014338
2026-07-07T15:10:36.525187,2026-07-07T15:10:36.533657+00:00,139.9,12,ask,,,11014356
2026-07-07T15:10:36.612242,2026-07-07T15:10:36.619398+00:00,139.9,20,ask,,,11014357
2026-07-07T15:10:36.826890,2026-07-07T15:10:36.838271+00:00,140.2,200,bid,,,11014360
2026-07-07T15:10:37.792569,2026-07-07T15:10:37.799294+00:00,140.0,12,ask,,,11014374
2026-07-07T15:10:38.037302,2026-07-07T15:10:38.047668+00:00,140.2,200,bid,,,11014376
2026-07-07T15:10:39.218894,2026-07-07T15:10:39.230531+00:00,140.2,20,ask,,,11014388
2026-07-07T15:10:41.077562,2026-07-07T15:10:41.086149+00:00,140.2,12,ask,,,11014410
2026-07-07T15:10:42.092530,2026-07-07T15:10:42.101768+00:00,140.4,12,bid,,,11014423
2026-07-07T15:10:43.999139,2026-07-07T15:10:44.006139+00:00,140.3,200,ask,,,11014442
2026-07-07T15:10:44.017183,2026-07-07T15:10:44.021398+00:00,140.2,14,bid,,,11014444
2026-07-07T15:10:45.325063,2026-07-07T15:10:45.333430+00:00,140.1,200,ask,,,11014476
2026-07-07T15:10:45.978976,2026-07-07T15:10:45.990509+00:00,140.1,20,ask,,,11014488
2026-07-07T15:10:46.380632,2026-07-07T15:10:46.390916+00:00,140.1,12,ask,,,11014492
2026-07-07T15:10:47.264365,2026-07-07T15:10:47.268974+00:00,140.0,3,ask,,,11014507
2026-07-07T15:10:49.273919,2026-07-07T15:10:49.285101+00:00,140.0,500,ask,,,11014542
2026-07-07T15:10:49.273919,2026-07-07T15:10:49.285101+00:00,140.0,125,ask,,,11014543
2026-07-07T15:10:49.430344,2026-07-07T15:10:49.434294+00:00,140.1,11,ask,,,11014545
2026-07-07T15:10:51.208241,2026-07-07T15:10:51.217045+00:00,140.1,200,bid,,,11014571
2026-07-07T15:10:51.376632,2026-07-07T15:10:51.388299+00:00,140.2,200,ask,,,11014574
2026-07-07T15:10:53.940238,2026-07-07T15:10:53.947079+00:00,140.2,12,bid,,,11014610
2026-07-07T15:10:54.729798,2026-07-07T15:10:54.739156+00:00,140.2,12,bid,,,11014624
2026-07-07T15:10:54.998890,2026-07-07T15:10:55.007349+00:00,140.1,20,ask,,,11014633
2026-07-07T15:10:55.456367,2026-07-07T15:10:55.458553+00:00,140.2,200,bid,,,11014636
2026-07-07T15:10:57.865711,2026-07-07T15:10:57.875389+00:00,140.2,500,bid,,,11014664
2026-07-07T15:10:58.461557,2026-07-07T15:10:58.470187+00:00,140.2,125,bid,,,11014681
2026-07-07T15:10:58.517299,2026-07-07T15:10:58.528980+00:00,140.3,12,bid,,,11014683
2026-07-07T15:10:59.025108,2026-07-07T15:10:59.038704+00:00,140.2,12,ask,,,11014694
2026-07-07T15:10:59.851340,2026-07-07T15:10:59.868862+00:00,140.2,200,ask,,,11014706
2026-07-07T15:11:00.014497,2026-07-07T15:11:00.026480+00:00,140.4,20,bid,,,11014710
2026-07-07T15:11:01.060070,2026-07-07T15:11:01.068960+00:00,140.2,200,ask,,,11014723
2026-07-07T15:11:02.268896,2026-07-07T15:11:02.275597+00:00,140.3,200,ask,,,11014754
2026-07-07T15:11:07.365330,2026-07-07T15:11:07.374690+00:00,140.0,12,ask,,,11014836
2026-07-07T15:11:08.318989,2026-07-07T15:11:08.329291+00:00,140.0,200,ask,,,11014843
2026-07-07T15:11:09.646906,2026-07-07T15:11:09.657085+00:00,140.0,12,ask,,,11014864
2026-07-07T15:11:10.743030,2026-07-07T15:11:10.752491+00:00,140.0,200,ask,,,11014877
2026-07-07T15:11:11.156385,2026-07-07T15:11:11.158580+00:00,140.0,12,ask,,,11014884
2026-07-07T15:11:11.186847,2026-07-07T15:11:11.194646+00:00,140.1,500,bid,,,11014885
2026-07-07T15:11:11.627884,2026-07-07T15:11:11.631937+00:00,140.1,12,ask,,,11014893
2026-07-07T15:11:11.950279,2026-07-07T15:11:11.957802+00:00,140.1,200,ask,,,11014898
2026-07-07T15:11:13.158107,2026-07-07T15:11:13.169133+00:00,140.0,200,ask,,,11014916
2026-07-07T15:11:13.211179,2026-07-07T15:11:13.218940+00:00,140.0,12,ask,,,11014917
2026-07-07T15:11:14.261773,2026-07-07T15:11:14.267120+00:00,140.2,500,ask,,,11014933
2026-07-07T15:11:14.824049,2026-07-07T15:11:14.832350+00:00,140.2,125,bid,,,11014943
2026-07-07T15:11:14.824049,2026-07-07T15:11:14.832350+00:00,140.2,200,bid,,,11014944
2026-07-07T15:11:14.851487,2026-07-07T15:11:14.855791+00:00,140.2,11,ask,,,11014946
2026-07-07T15:11:15.897992,2026-07-07T15:11:15.906014+00:00,140.4,20,bid,,,11014959
2026-07-07T15:11:18.449207,2026-07-07T15:11:18.458569+00:00,140.2,200,bid,,,11014996
2026-07-07T15:11:20.415001,2026-07-07T15:11:20.423919+00:00,140.2,200,ask,,,11015025
2026-07-07T15:11:22.126157,2026-07-07T15:11:22.130106+00:00,140.2,23,ask,,,11015046
2026-07-07T15:11:24.046127,2026-07-07T15:11:24.055231+00:00,140.4,200,bid,,,11015075
2026-07-07T15:11:24.780363,2026-07-07T15:11:24.784732+00:00,140.3,11,ask,,,11015088
2026-07-07T15:11:28.543683,2026-07-07T15:11:28.558620+00:00,140.4,20,ask,,,11015142
2026-07-07T15:11:29.567973,2026-07-07T15:11:29.579805+00:00,140.3,20,ask,,,11015160
2026-07-07T15:11:33.738105,2026-07-07T15:11:33.748912+00:00,140.4,200,ask,,,11015205
2026-07-07T15:11:36.159947,2026-07-07T15:11:36.169276+00:00,140.4,200,bid,,,11015248
2026-07-07T15:11:39.157847,2026-07-07T15:11:39.169416+00:00,140.7,12,bid,,,11015288
2026-07-07T15:11:39.805706,2026-07-07T15:11:39.809757+00:00,140.5,11,bid,,,11015296
2026-07-07T15:11:41.838980,2026-07-07T15:11:41.849624+00:00,140.5,200,ask,,,11015324
2026-07-07T15:11:41.845745,2026-07-07T15:11:41.854825+00:00,140.5,20,bid,,,11015325
2026-07-07T15:11:43.181146,2026-07-07T15:11:43.185304+00:00,140.4,9,bid,,,11015347
2026-07-07T15:11:43.193837,2026-07-07T15:11:43.200799+00:00,140.2,9,ask,,,11015348
2026-07-07T15:11:43.412901,2026-07-07T15:11:43.424039+00:00,140.4,200,bid,,,11015353
2026-07-07T15:11:45.789712,2026-07-07T15:11:45.803770+00:00,140.4,200,ask,,,11015384
2026-07-07T15:11:45.810287,2026-07-07T15:11:45.814566+00:00,140.3,14,bid,,,11015386
2026-07-07T15:11:47.472326,2026-07-07T15:11:47.478936+00:00,140.4,12,bid,,,11015407
2026-07-07T15:11:47.592211,2026-07-07T15:11:47.603930+00:00,140.4,20,bid,,,11015409
2026-07-07T15:11:49.726054,2026-07-07T15:11:49.733742+00:00,140.4,200,bid,,,11015437
2026-07-07T15:11:50.683231,2026-07-07T15:11:50.693115+00:00,140.4,200,ask,,,11015457
2026-07-07T15:11:51.039215,2026-07-07T15:11:51.047492+00:00,140.4,500,ask,,,11015466
2026-07-07T15:11:51.052225,2026-07-07T15:11:51.059884+00:00,140.4,20,bid,,,11015468
2026-07-07T15:11:51.056298,2026-07-07T15:11:51.059884+00:00,140.4,23,bid,,,11015469
2026-07-07T15:11:51.775934,2026-07-07T15:11:51.787412+00:00,140.4,12,bid,,,11015480
2026-07-07T15:11:55.839774,2026-07-07T15:11:55.851685+00:00,140.6,12,bid,,,11015529
2026-07-07T15:11:57.171378,2026-07-07T15:11:57.178853+00:00,140.4,20,ask,,,11015544
2026-07-07T15:11:57.948764,2026-07-07T15:11:57.959091+00:00,140.5,200,ask,,,11015557
2026-07-07T15:12:00.832814,2026-07-07T15:12:00.839794+00:00,140.5,200,bid,,,11015601
2026-07-07T15:12:00.832814,2026-07-07T15:12:00.844992+00:00,140.6,300,bid,,,11015602
2026-07-07T15:12:01.453551,2026-07-07T15:12:01.458615+00:00,140.6,325,bid,,,11015608
2026-07-07T15:12:01.576534,2026-07-07T15:12:01.599455+00:00,140.8,200,ask,,,11015611
2026-07-07T15:12:01.594546,2026-07-07T15:12:01.599455+00:00,140.8,23,ask,,,11015613
2026-07-07T15:12:02.424880,2026-07-07T15:12:02.435596+00:00,140.8,12,ask,,,11015623
2026-07-07T15:12:03.194268,2026-07-07T15:12:03.198353+00:00,140.9,11,bid,,,11015641
2026-07-07T15:12:04.189817,2026-07-07T15:12:04.199470+00:00,140.9,200,bid,,,11015656
2026-07-07T15:12:06.488230,2026-07-07T15:12:06.498955+00:00,141.0,9,ask,,,11015693
2026-07-07T15:12:07.766015,2026-07-07T15:12:07.777854+00:00,141.1,20,bid,,,11015707
2026-07-07T15:12:08.144532,2026-07-07T15:12:08.158609+00:00,140.9,200,ask,,,11015716
2026-07-07T15:12:08.760660,2026-07-07T15:12:08.771160+00:00,140.7,9,ask,,,11015732
2026-07-07T15:12:08.827414,2026-07-07T15:12:08.836631+00:00,140.9,200,bid,,,11015734
2026-07-07T15:12:10.017970,2026-07-07T15:12:10.029730+00:00,141.1,9,bid,,,11015754
2026-07-07T15:12:12.800299,2026-07-07T15:12:12.812086+00:00,141.0,12,ask,,,11015798
2026-07-07T15:12:13.667018,2026-07-07T15:12:13.678047+00:00,141.1,200,ask,,,11015813
2026-07-07T15:12:14.080055,2026-07-07T15:12:14.091161+00:00,141.1,3,ask,,,11015818
2026-07-07T15:12:14.978527,2026-07-07T15:12:14.985916+00:00,141.2,20,bid,,,11015834
2026-07-07T15:12:22.243567,2026-07-07T15:12:22.248185+00:00,141.1,34,ask,,,11015923
2026-07-07T15:12:25.186812,2026-07-07T15:12:25.197469+00:00,141.1,200,ask,,,11015964
2026-07-07T15:12:25.763476,2026-07-07T15:12:25.770685+00:00,141.1,200,bid,,,11015977
2026-07-07T15:12:26.510803,2026-07-07T15:12:26.514899+00:00,141.0,23,ask,,,11015987
2026-07-07T15:12:28.195325,2026-07-07T15:12:28.199503+00:00,141.1,11,ask,,,11016000
2026-07-07T15:12:29.127521,2026-07-07T15:12:29.138449+00:00,141.1,189,ask,,,11016009
2026-07-07T15:12:31.116280,2026-07-07T15:12:31.127610+00:00,141.0,500,ask,,,11016034
2026-07-07T15:12:31.737541,2026-07-07T15:12:31.746240+00:00,141.0,125,ask,,,11016040
2026-07-07T15:12:31.809896,2026-07-07T15:12:31.816948+00:00,141.0,200,bid,,,11016044
2026-07-07T15:12:34.236802,2026-07-07T15:12:34.248344+00:00,140.9,200,bid,,,11016080
2026-07-07T15:12:34.435412,2026-07-07T15:12:34.439635+00:00,140.8,11,bid,,,11016086
2026-07-07T15:12:34.931197,2026-07-07T15:12:34.935243+00:00,140.6,17,ask,,,11016092
2026-07-07T15:12:35.445630,2026-07-07T15:12:35.458569+00:00,140.8,200,bid,,,11016102
2026-07-07T15:12:42.273260,2026-07-07T15:12:42.284670+00:00,140.8,200,bid,,,11016193
2026-07-07T15:12:44.195601,2026-07-07T15:12:44.204784+00:00,140.8,20,ask,,,11016211
2026-07-07T15:12:44.898451,2026-07-07T15:12:44.904918+00:00,140.8,180,ask,,,11016226
2026-07-07T15:12:45.130908,2026-07-07T15:12:45.142016+00:00,140.7,200,ask,,,11016231
2026-07-07T15:12:46.339396,2026-07-07T15:12:46.345803+00:00,140.8,200,ask,,,11016245
2026-07-07T15:12:48.828367,2026-07-07T15:12:48.834819+00:00,140.8,200,bid,,,11016268
2026-07-07T15:12:48.894382,2026-07-07T15:12:48.906143+00:00,141.1,20,bid,,,11016271
2026-07-07T15:12:49.975133,2026-07-07T15:12:49.982668+00:00,140.9,200,ask,,,11016278
2026-07-07T15:12:52.390514,2026-07-07T15:12:52.402136+00:00,140.8,200,ask,,,11016316
2026-07-07T15:12:54.809801,2026-07-07T15:12:54.819036+00:00,140.8,200,bid,,,11016349
2026-07-07T15:12:59.595630,2026-07-07T15:12:59.605028+00:00,140.8,200,ask,,,11016401
2026-07-07T15:12:59.674186,2026-07-07T15:12:59.685059+00:00,140.8,200,bid,,,11016403
2026-07-07T15:13:00.202464,2026-07-07T15:13:00.213613+00:00,140.7,500,ask,,,11016410
2026-07-07T15:13:00.655147,2026-07-07T15:13:00.659212+00:00,140.6,17,bid,,,11016419
2026-07-07T15:13:00.883723,2026-07-07T15:13:00.891737+00:00,140.6,200,bid,,,11016423
2026-07-07T15:13:01.578582,2026-07-07T15:13:01.589263+00:00,140.4,20,ask,,,11016430
2026-07-07T15:13:03.262899,2026-07-07T15:13:03.269612+00:00,140.6,200,ask,,,11016450
2026-07-07T15:13:03.300321,2026-07-07T15:13:03.307006+00:00,140.6,200,bid,,,11016452
2026-07-07T15:13:04.508713,2026-07-07T15:13:04.516447+00:00,140.6,200,bid,,,11016463
2026-07-07T15:13:04.585939,2026-07-07T15:13:04.589627+00:00,140.7,17,ask,,,11016470
2026-07-07T15:13:11.712254,2026-07-07T15:13:11.724026+00:00,140.9,500,ask,,,11016566
2026-07-07T15:13:11.724011,2026-07-07T15:13:11.739472+00:00,140.9,20,ask,,,11016569
2026-07-07T15:13:12.303614,2026-07-07T15:13:12.310582+00:00,140.9,105,ask,,,11016577
2026-07-07T15:13:12.374119,2026-07-07T15:13:12.385901+00:00,140.7,20,ask,,,11016580
2026-07-07T15:13:12.985535,2026-07-07T15:13:12.996913+00:00,140.8,200,ask,,,11016593
2026-07-07T15:13:15.400815,2026-07-07T15:13:15.408284+00:00,140.7,200,ask,,,11016624
2026-07-07T15:13:17.821192,2026-07-07T15:13:17.829234+00:00,140.5,200,bid,,,11016645
2026-07-07T15:13:19.916512,2026-07-07T15:13:19.928458+00:00,140.4,20,ask,,,11016663
2026-07-07T15:13:21.465003,2026-07-07T15:13:21.474528+00:00,140.6,200,bid,,,11016681
2026-07-07T15:13:25.113441,2026-07-07T15:13:25.121176+00:00,140.6,200,bid,,,11016731
2026-07-07T15:13:25.980429,2026-07-07T15:13:25.992545+00:00,140.8,20,bid,,,11016741
2026-07-07T15:13:26.279536,2026-07-07T15:13:26.290143+00:00,140.7,20,bid,,,11016746
2026-07-07T15:13:26.873105,2026-07-07T15:13:26.880205+00:00,140.6,500,ask,,,11016752
2026-07-07T15:13:27.468644,2026-07-07T15:13:27.479799+00:00,140.6,500,ask,,,11016759
2026-07-07T15:13:28.711993,2026-07-07T15:13:28.715865+00:00,140.6,6,bid,,,11016771
2026-07-07T15:13:33.608216,2026-07-07T15:13:33.618920+00:00,140.4,200,ask,,,11016829
2026-07-07T15:13:34.818559,2026-07-07T15:13:34.827684+00:00,140.4,200,ask,,,11016839
2026-07-07T15:13:34.852278,2026-07-07T15:13:34.864085+00:00,140.6,20,bid,,,11016840
2026-07-07T15:13:34.882079,2026-07-07T15:13:34.886343+00:00,140.3,11,bid,,,11016842
2026-07-07T15:13:37.249456,2026-07-07T15:13:37.253369+00:00,140.1,12,bid,,,11016878
2026-07-07T15:13:37.317967,2026-07-07T15:13:37.330238+00:00,140.1,20,bid,,,11016880
2026-07-07T15:13:38.795129,2026-07-07T15:13:38.806462+00:00,140.1,200,bid,,,11016902
2026-07-07T15:13:39.556740,2026-07-07T15:13:39.556807+00:00,140.3,12,bid,,,11016911
2026-07-07T15:13:41.409485,2026-07-07T15:13:41.414135+00:00,140.1,22,bid,,,11016937
2026-07-07T15:13:41.420237,2026-07-07T15:13:41.429390+00:00,140.0,200,ask,,,11016938
2026-07-07T15:13:41.436611,2026-07-07T15:13:41.441744+00:00,140.0,12,bid,,,11016940
2026-07-07T15:13:42.080094,2026-07-07T15:13:42.088667+00:00,140.0,200,bid,,,11016951
2026-07-07T15:13:43.832797,2026-07-07T15:13:43.849661+00:00,140.0,12,bid,,,11016973
2026-07-07T15:13:45.351105,2026-07-07T15:13:45.360882+00:00,139.9,200,ask,,,11016990
2026-07-07T15:13:48.053783,2026-07-07T15:13:48.058557+00:00,139.9,200,bid,,,11017033
2026-07-07T15:13:48.148347,2026-07-07T15:13:48.163815+00:00,139.9,200,ask,,,11017037
2026-07-07T15:13:51.903517,2026-07-07T15:13:51.915128+00:00,140.0,200,bid,,,11017084
2026-07-07T15:13:52.126899,2026-07-07T15:13:52.135809+00:00,140.1,12,ask,,,11017090
2026-07-07T15:13:57.186515,2026-07-07T15:13:57.198189+00:00,140.0,12,ask,,,11017162
2026-07-07T15:13:59.033907,2026-07-07T15:13:59.043980+00:00,140.1,200,ask,,,11017186
2026-07-07T15:14:01.101680,2026-07-07T15:14:01.111654+00:00,140.0,200,ask,,,11017212
2026-07-07T15:14:01.449710,2026-07-07T15:14:01.458588+00:00,140.0,200,bid,,,11017220
2026-07-07T15:14:01.719450,2026-07-07T15:14:01.728384+00:00,140.0,12,bid,,,11017228
2026-07-07T15:14:03.366428,2026-07-07T15:14:03.378283+00:00,140.3,20,bid,,,11017243
2026-07-07T15:14:03.719707,2026-07-07T15:14:03.741705+00:00,140.3,180,bid,,,11017256
2026-07-07T15:14:03.736807,2026-07-07T15:14:03.741705+00:00,140.3,12,ask,,,11017258
2026-07-07T15:14:03.873094,2026-07-07T15:14:03.883048+00:00,140.3,200,ask,,,11017261
2026-07-07T15:14:05.084461,2026-07-07T15:14:05.095556+00:00,140.2,200,bid,,,11017278
2026-07-07T15:14:06.305201,2026-07-07T15:14:06.316166+00:00,140.2,200,bid,,,11017296
2026-07-07T15:14:06.528269,2026-07-07T15:14:06.539239+00:00,140.2,12,ask,,,11017300
2026-07-07T15:14:07.045963,2026-07-07T15:14:07.058560+00:00,140.4,12,bid,,,11017313
2026-07-07T15:14:07.074574,2026-07-07T15:14:07.085847+00:00,140.2,20,ask,,,11017315
2026-07-07T15:14:07.533624,2026-07-07T15:14:07.537708+00:00,140.3,12,bid,,,11017318
2026-07-07T15:14:08.004184,2026-07-07T15:14:08.011430+00:00,140.2,20,ask,,,11017321
2026-07-07T15:14:11.096982,2026-07-07T15:14:11.111517+00:00,140.3,12,bid,,,11017369
2026-07-07T15:14:11.602803,2026-07-07T15:14:11.610347+00:00,140.1,12,ask,,,11017375
2026-07-07T15:14:13.562454,2026-07-07T15:14:13.570737+00:00,140.3,200,bid,,,11017399
2026-07-07T15:14:15.530648,2026-07-07T15:14:15.537297+00:00,140.3,200,bid,,,11017416
2026-07-07T15:14:16.396012,2026-07-07T15:14:16.406437+00:00,140.5,12,bid,,,11017427
2026-07-07T15:14:19.448043,2026-07-07T15:14:19.459870+00:00,140.4,20,ask,,,11017471
2026-07-07T15:14:19.816678,2026-07-07T15:14:19.828524+00:00,140.5,20,bid,,,11017475
2026-07-07T15:14:20.859882,2026-07-07T15:14:20.863865+00:00,140.4,11,bid,,,11017492
2026-07-07T15:14:23.205988,2026-07-07T15:14:23.221914+00:00,140.5,12,bid,,,11017522
2026-07-07T15:14:23.251627,2026-07-07T15:14:23.258563+00:00,140.4,200,ask,,,11017523
2026-07-07T15:14:23.985822,2026-07-07T15:14:23.995209+00:00,140.1,12,ask,,,11017532
2026-07-07T15:14:24.482418,2026-07-07T15:14:24.490373+00:00,140.3,20,ask,,,11017545
2026-07-07T15:14:25.007121,2026-07-07T15:14:25.015636+00:00,140.4,12,bid,,,11017554
2026-07-07T15:14:25.032159,2026-07-07T15:14:25.043899+00:00,140.3,20,ask,,,11017555
2026-07-07T15:14:25.677392,2026-07-07T15:14:25.688051+00:00,140.4,200,bid,,,11017563
2026-07-07T15:14:26.833286,2026-07-07T15:14:26.841024+00:00,140.4,500,ask,,,11017572
2026-07-07T15:14:26.886619,2026-07-07T15:14:26.894886+00:00,140.4,125,ask,,,11017575
2026-07-07T15:14:28.057303,2026-07-07T15:14:28.079319+00:00,140.3,12,bid,,,11017598
2026-07-07T15:14:29.967929,2026-07-07T15:14:29.979358+00:00,140.2,200,bid,,,11017631
2026-07-07T15:14:30.032936,2026-07-07T15:14:30.037758+00:00,140.3,11,ask,,,11017633
2026-07-07T15:14:30.451842,2026-07-07T15:14:30.459211+00:00,140.3,414,ask,,,11017638
2026-07-07T15:14:31.299173,2026-07-07T15:14:31.304118+00:00,140.0,11,bid,,,11017657
2026-07-07T15:14:31.740146,2026-07-07T15:14:31.750165+00:00,140.0,200,bid,,,11017669
2026-07-07T15:14:32.948003,2026-07-07T15:14:32.951685+00:00,140.0,200,bid,,,11017697
2026-07-07T15:14:36.585085,2026-07-07T15:14:36.591726+00:00,140.1,200,ask,,,11017744
2026-07-07T15:14:37.794452,2026-07-07T15:14:37.801889+00:00,140.1,200,ask,,,11017759
2026-07-07T15:14:38.051797,2026-07-07T15:14:38.058580+00:00,140.2,20,bid,,,11017761
2026-07-07T15:14:38.778008,2026-07-07T15:14:38.786663+00:00,140.2,12,bid,,,11017774
2026-07-07T15:14:44.698471,2026-07-07T15:14:44.702971+00:00,140.1,23,bid,,,11017848
2026-07-07T15:14:47.061370,2026-07-07T15:14:47.073216+00:00,140.2,12,bid,,,11017874
2026-07-07T15:14:48.829076,2026-07-07T15:14:48.840917+00:00,140.2,20,bid,,,11017892
2026-07-07T15:14:49.643369,2026-07-07T15:14:49.647426+00:00,140.1,3,bid,,,11017903
2026-07-07T15:14:49.836929,2026-07-07T15:14:49.848203+00:00,140.1,3,bid,,,11017906
2026-07-07T15:14:50.100462,2026-07-07T15:14:50.109395+00:00,140.1,3,bid,,,11017913
2026-07-07T15:14:50.362597,2026-07-07T15:14:50.369163+00:00,140.1,3,bid,,,11017918
2026-07-07T15:14:50.625447,2026-07-07T15:14:50.635442+00:00,140.1,3,bid,,,11017922
2026-07-07T15:14:50.885629,2026-07-07T15:14:50.892872+00:00,140.1,3,bid,,,11017926
2026-07-07T15:14:51.397706,2026-07-07T15:14:51.408129+00:00,140.1,3,bid,,,11017932
2026-07-07T15:14:51.666971,2026-07-07T15:14:51.675544+00:00,140.1,3,bid,,,11017936
2026-07-07T15:14:52.191266,2026-07-07T15:14:52.202166+00:00,140.1,3,bid,,,11017946
2026-07-07T15:14:52.452919,2026-07-07T15:14:52.455026+00:00,140.1,3,bid,,,11017953
2026-07-07T15:14:52.713537,2026-07-07T15:14:52.724595+00:00,140.1,3,bid,,,11017959
2026-07-07T15:14:52.973244,2026-07-07T15:14:52.984649+00:00,140.1,3,bid,,,11017968
2026-07-07T15:14:53.233184,2026-07-07T15:14:53.242206+00:00,140.1,3,bid,,,11017972
2026-07-07T15:14:53.595882,2026-07-07T15:14:53.606639+00:00,139.9,200,ask,,,11017982
2026-07-07T15:14:53.748079,2026-07-07T15:14:53.758543+00:00,139.9,3,bid,,,11017985
2026-07-07T15:14:53.940320,2026-07-07T15:14:53.947062+00:00,139.8,20,ask,,,11017986
2026-07-07T15:14:54.011242,2026-07-07T15:14:54.018115+00:00,139.9,3,bid,,,11017988
2026-07-07T15:14:54.275800,2026-07-07T15:14:54.284170+00:00,139.9,3,bid,,,11017994
2026-07-07T15:14:54.549936,2026-07-07T15:14:54.559483+00:00,139.9,3,bid,,,11017997
2026-07-07T15:14:54.598899,2026-07-07T15:14:54.610838+00:00,139.9,20,bid,,,11017999
2026-07-07T15:14:54.822329,2026-07-07T15:14:54.833670+00:00,139.9,3,bid,,,11018004
2026-07-07T15:14:55.593747,2026-07-07T15:14:55.603512+00:00,140.0,4,bid,,,11018014
2026-07-07T15:14:55.947466,2026-07-07T15:14:55.955715+00:00,139.8,200,ask,,,11018022
2026-07-07T15:14:56.464802,2026-07-07T15:14:56.474339+00:00,139.9,500,bid,,,11018030
2026-07-07T15:14:57.084971,2026-07-07T15:14:57.094873+00:00,139.9,125,bid,,,11018040
2026-07-07T15:14:57.519196,2026-07-07T15:14:57.526258+00:00,140.0,200,bid,,,11018046
2026-07-07T15:14:58.367930,2026-07-07T15:14:58.374925+00:00,140.1,200,ask,,,11018057
2026-07-07T15:14:58.844857,2026-07-07T15:14:58.852208+00:00,140.0,500,ask,,,11018067
2026-07-07T15:14:58.891454,2026-07-07T15:14:58.898162+00:00,140.0,125,bid,,,11018068
2026-07-07T15:14:59.600167,2026-07-07T15:14:59.610289+00:00,140.0,200,ask,,,11018083
2026-07-07T15:15:00.811896,2026-07-07T15:15:00.830711+00:00,140.1,200,ask,,,11018097
2026-07-07T15:15:02.026313,2026-07-07T15:15:02.033431+00:00,140.1,200,ask,,,11018119
2026-07-07T15:15:02.778340,2026-07-07T15:15:02.798430+00:00,140.2,500,ask,,,11018130
2026-07-07T15:15:02.794432,2026-07-07T15:15:02.798430+00:00,140.2,3,bid,,,11018132
2026-07-07T15:15:02.837758,2026-07-07T15:15:02.849525+00:00,140.2,35,bid,,,11018133
2026-07-07T15:15:02.932747,2026-07-07T15:15:02.939655+00:00,140.2,13,bid,,,11018138
2026-07-07T15:15:03.238941,2026-07-07T15:15:03.247958+00:00,140.1,200,ask,,,11018147
2026-07-07T15:15:03.723450,2026-07-07T15:15:03.728800+00:00,140.1,3,ask,,,11018153
2026-07-07T15:15:04.060117,2026-07-07T15:15:04.071909+00:00,140.1,20,ask,,,11018158
2026-07-07T15:15:04.391876,2026-07-07T15:15:04.400649+00:00,140.2,35,ask,,,11018165
2026-07-07T15:15:04.449518,2026-07-07T15:15:04.458582+00:00,140.2,200,ask,,,11018166
2026-07-07T15:15:04.482106,2026-07-07T15:15:04.490452+00:00,140.2,13,ask,,,11018168
2026-07-07T15:15:06.282017,2026-07-07T15:15:06.289304+00:00,140.2,20,ask,,,11018187
2026-07-07T15:15:09.300527,2026-07-07T15:15:09.311486+00:00,140.2,200,ask,,,11018224
2026-07-07T15:15:10.364019,2026-07-07T15:15:10.375546+00:00,140.2,20,ask,,,11018235
2026-07-07T15:15:14.151786,2026-07-07T15:15:14.154875+00:00,140.2,200,ask,,,11018273
2026-07-07T15:15:14.510681,2026-07-07T15:15:14.522481+00:00,140.2,12,ask,,,11018278
2026-07-07T15:15:16.018579,2026-07-07T15:15:16.026518+00:00,140.3,20,ask,,,11018294
2026-07-07T15:15:17.355863,2026-07-07T15:15:17.368010+00:00,140.3,20,ask,,,11018304
2026-07-07T15:15:18.590819,2026-07-07T15:15:18.594885+00:00,140.4,3,ask,,,11018325
2026-07-07T15:15:18.824841,2026-07-07T15:15:18.833505+00:00,140.6,3,bid,,,11018329
2026-07-07T15:15:20.834311,2026-07-07T15:15:20.845807+00:00,140.4,12,ask,,,11018361
2026-07-07T15:15:23.096149,2026-07-07T15:15:23.107100+00:00,140.6,9,bid,,,11018387
2026-07-07T15:15:28.913028,2026-07-07T15:15:28.924696+00:00,140.3,12,ask,,,11018473
2026-07-07T15:15:29.055382,2026-07-07T15:15:29.059703+00:00,140.3,23,ask,,,11018478
2026-07-07T15:15:29.088984,2026-07-07T15:15:29.093080+00:00,140.4,11,ask,,,11018481
2026-07-07T15:15:29.187395,2026-07-07T15:15:29.194633+00:00,140.4,12,ask,,,11018482
2026-07-07T15:15:30.720079,2026-07-07T15:15:30.726709+00:00,140.3,12,ask,,,11018504
2026-07-07T15:15:34.037229,2026-07-07T15:15:34.045126+00:00,140.5,12,bid,,,11018546
2026-07-07T15:15:34.340394,2026-07-07T15:15:34.348352+00:00,140.5,188,bid,,,11018558
2026-07-07T15:15:34.477023,2026-07-07T15:15:34.484771+00:00,140.5,20,ask,,,11018561
2026-07-07T15:15:35.840622,2026-07-07T15:15:35.850789+00:00,140.4,12,ask,,,11018576
2026-07-07T15:15:36.869880,2026-07-07T15:15:36.881306+00:00,140.6,12,bid,,,11018590
2026-07-07T15:15:38.335945,2026-07-07T15:15:38.342842+00:00,140.5,200,ask,,,11018610
2026-07-07T15:15:39.083607,2026-07-07T15:15:39.095576+00:00,140.7,20,bid,,,11018619
2026-07-07T15:15:42.068992,2026-07-07T15:15:42.080660+00:00,140.5,20,bid,,,11018657
2026-07-07T15:15:42.231616,2026-07-07T15:15:42.243596+00:00,140.4,12,ask,,,11018658
2026-07-07T15:15:42.464173,2026-07-07T15:15:42.473078+00:00,140.5,20,bid,,,11018662
2026-07-07T15:15:44.405318,2026-07-07T15:15:44.458639+00:00,140.4,200,ask,,,11018686
2026-07-07T15:15:44.911770,2026-07-07T15:15:44.916608+00:00,140.6,37,bid,,,11018693
2026-07-07T15:15:45.013756,2026-07-07T15:15:45.024595+00:00,140.6,12,bid,,,11018694
2026-07-07T15:15:45.613585,2026-07-07T15:15:45.622560+00:00,140.4,200,ask,,,11018702
2026-07-07T15:15:46.283604,2026-07-07T15:15:46.292554+00:00,140.5,12,bid,,,11018722
2026-07-07T15:15:47.298976,2026-07-07T15:15:47.310778+00:00,140.3,12,bid,,,11018739
2026-07-07T15:15:51.141719,2026-07-07T15:15:51.153745+00:00,140.2,20,ask,,,11018790
2026-07-07T15:15:51.330899,2026-07-07T15:15:51.340862+00:00,140.4,12,bid,,,11018792
2026-07-07T15:15:52.874250,2026-07-07T15:15:52.880942+00:00,140.3,200,bid,,,11018815
2026-07-07T15:15:54.860027,2026-07-07T15:15:54.871795+00:00,140.3,12,ask,,,11018839
2026-07-07T15:15:56.643833,2026-07-07T15:15:56.654853+00:00,140.5,500,bid,,,11018860
2026-07-07T15:15:57.012446,2026-07-07T15:15:57.022346+00:00,140.5,125,ask,,,11018870
2026-07-07T15:15:57.012446,2026-07-07T15:15:57.022346+00:00,140.4,200,ask,,,11018871
2026-07-07T15:15:57.727250,2026-07-07T15:15:57.731481+00:00,140.2,14,ask,,,11018886
2026-07-07T15:15:57.964552,2026-07-07T15:15:57.968910+00:00,140.3,12,ask,,,11018890
2026-07-07T15:15:58.936203,2026-07-07T15:15:58.948447+00:00,140.3,12,ask,,,11018900
2026-07-07T15:16:00.732594,2026-07-07T15:16:00.737040+00:00,140.5,26,bid,,,11018913
2026-07-07T15:16:00.955464,2026-07-07T15:16:00.956186+00:00,140.5,12,bid,,,11018916
2026-07-07T15:16:01.864848,2026-07-07T15:16:01.874118+00:00,140.4,500,ask,,,11018927
2026-07-07T15:16:03.507353,2026-07-07T15:16:03.519094+00:00,140.4,20,ask,,,11018942
2026-07-07T15:16:04.998166,2026-07-07T15:16:05.006413+00:00,140.4,200,bid,,,11018957
2026-07-07T15:16:05.242543,2026-07-07T15:16:05.249625+00:00,140.2,12,ask,,,11018962
2026-07-07T15:16:07.050122,2026-07-07T15:16:07.054103+00:00,140.3,3,ask,,,11018987
2026-07-07T15:16:09.272066,2026-07-07T15:16:09.279929+00:00,140.3,12,ask,,,11019009
2026-07-07T15:16:09.527305,2026-07-07T15:16:09.539114+00:00,140.3,12,ask,,,11019013
2026-07-07T15:16:10.213877,2026-07-07T15:16:10.218251+00:00,140.2,34,ask,,,11019024
2026-07-07T15:16:11.049780,2026-07-07T15:16:11.055818+00:00,140.2,12,ask,,,11019034
2026-07-07T15:16:13.468909,2026-07-07T15:16:13.478827+00:00,140.0,200,ask,,,11019060
2026-07-07T15:16:14.613169,2026-07-07T15:16:14.622031+00:00,139.8,12,ask,,,11019077
2026-07-07T15:16:17.737833,2026-07-07T15:16:17.749607+00:00,140.1,20,bid,,,11019123
2026-07-07T15:16:17.885111,2026-07-07T15:16:17.891553+00:00,140.0,12,ask,,,11019127
2026-07-07T15:16:19.643046,2026-07-07T15:16:19.654958+00:00,139.9,12,ask,,,11019150
2026-07-07T15:16:20.864813,2026-07-07T15:16:20.869018+00:00,139.9,12,ask,,,11019178
2026-07-07T15:16:21.763490,2026-07-07T15:16:21.774704+00:00,139.9,20,ask,,,11019194
2026-07-07T15:16:22.163563,2026-07-07T15:16:22.175646+00:00,139.9,12,ask,,,11019199
2026-07-07T15:16:23.142441,2026-07-07T15:16:23.158581+00:00,139.9,200,ask,,,11019213
2026-07-07T15:16:24.350388,2026-07-07T15:16:24.359568+00:00,140.0,200,bid,,,11019232
2026-07-07T15:16:26.467465,2026-07-07T15:16:26.479425+00:00,139.9,12,ask,,,11019250
2026-07-07T15:16:26.768986,2026-07-07T15:16:26.777183+00:00,140.1,200,bid,,,11019259
2026-07-07T15:16:26.840064,2026-07-07T15:16:26.843841+00:00,140.1,22,ask,,,11019262
2026-07-07T15:16:28.487728,2026-07-07T15:16:28.499501+00:00,140.1,10,ask,,,11019287
2026-07-07T15:16:30.395830,2026-07-07T15:16:30.406743+00:00,140.1,200,ask,,,11019310
2026-07-07T15:16:31.606574,2026-07-07T15:16:31.616692+00:00,140.0,200,ask,,,11019327
2026-07-07T15:16:32.813655,2026-07-07T15:16:32.824493+00:00,140.0,200,ask,,,11019346
2026-07-07T15:16:36.443811,2026-07-07T15:16:36.451193+00:00,140.0,200,bid,,,11019382
2026-07-07T15:16:38.629031,2026-07-07T15:16:38.633008+00:00,140.0,12,ask,,,11019405
2026-07-07T15:16:38.704072,2026-07-07T15:16:38.708223+00:00,140.0,17,ask,,,11019407
2026-07-07T15:16:41.285085,2026-07-07T15:16:41.295823+00:00,140.1,200,bid,,,11019429
2026-07-07T15:16:42.498326,2026-07-07T15:16:42.507022+00:00,140.1,200,bid,,,11019447
2026-07-07T15:16:43.869717,2026-07-07T15:16:43.880731+00:00,140.1,200,ask,,,11019461
2026-07-07T15:16:46.504829,2026-07-07T15:16:46.508982+00:00,140.1,6,bid,,,11019502
2026-07-07T15:16:47.815677,2026-07-07T15:16:47.820119+00:00,140.0,11,bid,,,11019524
2026-07-07T15:16:48.167515,2026-07-07T15:16:48.171657+00:00,140.0,23,bid,,,11019535
2026-07-07T15:16:53.395450,2026-07-07T15:16:53.405592+00:00,139.9,200,bid,,,11019608
2026-07-07T15:16:54.604313,2026-07-07T15:16:54.613833+00:00,139.9,200,bid,,,11019621
2026-07-07T15:16:58.232546,2026-07-07T15:16:58.243728+00:00,140.0,200,ask,,,11019667
2026-07-07T15:16:59.465604,2026-07-07T15:16:59.469942+00:00,140.0,11,bid,,,11019677
2026-07-07T15:16:59.474356,2026-07-07T15:16:59.485266+00:00,140.0,12,bid,,,11019678
2026-07-07T15:16:59.603778,2026-07-07T15:16:59.610983+00:00,140.0,177,bid,,,11019682
2026-07-07T15:17:00.656718,2026-07-07T15:17:00.658614+00:00,140.0,200,ask,,,11019692
2026-07-07T15:17:00.931921,2026-07-07T15:17:00.936091+00:00,140.0,12,bid,,,11019696
2026-07-07T15:17:01.866099,2026-07-07T15:17:01.877466+00:00,140.0,200,bid,,,11019711
2026-07-07T15:17:02.242922,2026-07-07T15:17:02.254368+00:00,140.2,12,bid,,,11019719
2026-07-07T15:17:05.170451,2026-07-07T15:17:05.174581+00:00,140.3,11,bid,,,11019762
2026-07-07T15:17:05.282293,2026-07-07T15:17:05.293708+00:00,140.3,24,bid,,,11019766
2026-07-07T15:17:06.916344,2026-07-07T15:17:06.928079+00:00,140.4,20,bid,,,11019790
2026-07-07T15:17:07.585907,2026-07-07T15:17:07.597672+00:00,140.4,12,bid,,,11019799
2026-07-07T15:17:08.487045,2026-07-07T15:17:08.494814+00:00,140.3,200,ask,,,11019814
2026-07-07T15:17:08.764468,2026-07-07T15:17:08.774331+00:00,140.3,300,bid,,,11019817
2026-07-07T15:17:09.084146,2026-07-07T15:17:09.091978+00:00,140.4,325,ask,,,11019819
2026-07-07T15:17:09.697074,2026-07-07T15:17:09.708804+00:00,140.2,200,ask,,,11019830
2026-07-07T15:17:10.366802,2026-07-07T15:17:10.374322+00:00,140.2,200,bid,,,11019840
2026-07-07T15:17:10.664383,2026-07-07T15:17:10.673909+00:00,140.2,12,bid,,,11019842
2026-07-07T15:17:11.671110,2026-07-07T15:17:11.678935+00:00,140.1,12,bid,,,11019852
2026-07-07T15:17:14.002919,2026-07-07T15:17:14.015226+00:00,140.2,200,bid,,,11019893
2026-07-07T15:17:14.378190,2026-07-07T15:17:14.387430+00:00,140.1,20,ask,,,11019900
2026-07-07T15:17:16.426970,2026-07-07T15:17:16.434110+00:00,140.2,200,bid,,,11019924
2026-07-07T15:17:16.450560,2026-07-07T15:17:16.462269+00:00,140.2,12,bid,,,11019927
2026-07-07T15:17:17.634522,2026-07-07T15:17:17.645802+00:00,140.1,200,bid,,,11019942
2026-07-07T15:17:18.842012,2026-07-07T15:17:18.852242+00:00,140.0,200,bid,,,11019959
2026-07-07T15:17:21.253245,2026-07-07T15:17:21.258647+00:00,139.9,12,ask,,,11019998
2026-07-07T15:17:23.683001,2026-07-07T15:17:23.689660+00:00,139.9,200,ask,,,11020037
2026-07-07T15:17:27.128343,2026-07-07T15:17:27.138248+00:00,139.8,200,ask,,,11020089
2026-07-07T15:17:27.128343,2026-07-07T15:17:27.138248+00:00,139.8,425,ask,,,11020090
2026-07-07T15:17:27.313288,2026-07-07T15:17:27.321705+00:00,139.8,200,ask,,,11020091
2026-07-07T15:17:27.619761,2026-07-07T15:17:27.626530+00:00,139.8,12,ask,,,11020101
2026-07-07T15:17:28.524662,2026-07-07T15:17:28.535992+00:00,139.9,200,ask,,,11020109
2026-07-07T15:17:29.731943,2026-07-07T15:17:29.739975+00:00,139.9,200,ask,,,11020125
2026-07-07T15:17:29.747185,2026-07-07T15:17:29.770803+00:00,139.9,500,ask,,,11020126
2026-07-07T15:17:29.766863,2026-07-07T15:17:29.770803+00:00,139.7,26,bid,,,11020128
2026-07-07T15:17:29.933604,2026-07-07T15:17:29.942651+00:00,139.7,12,bid,,,11020131
2026-07-07T15:17:30.284605,2026-07-07T15:17:30.291942+00:00,139.7,87,bid,,,11020142
2026-07-07T15:17:30.944996,2026-07-07T15:17:30.950201+00:00,139.8,200,ask,,,11020152
2026-07-07T15:17:31.055350,2026-07-07T15:17:31.064969+00:00,139.8,300,ask,,,11020156
2026-07-07T15:17:31.487363,2026-07-07T15:17:31.494565+00:00,139.8,325,bid,,,11020164
2026-07-07T15:17:32.154925,2026-07-07T15:17:32.158673+00:00,139.7,200,ask,,,11020173
2026-07-07T15:17:32.436702,2026-07-07T15:17:32.447499+00:00,140.1,20,bid,,,11020180
2026-07-07T15:17:32.553034,2026-07-07T15:17:32.557317+00:00,139.9,14,ask,,,11020184
2026-07-07T15:17:32.759969,2026-07-07T15:17:32.768967+00:00,139.9,12,ask,,,11020189
2026-07-07T15:17:33.363548,2026-07-07T15:17:33.372463+00:00,139.9,200,ask,,,11020196
2026-07-07T15:17:34.029145,2026-07-07T15:17:34.036805+00:00,139.8,12,ask,,,11020210
2026-07-07T15:17:35.969510,2026-07-07T15:17:35.981245+00:00,139.8,20,ask,,,11020233
2026-07-07T15:17:36.899904,2026-07-07T15:17:36.904322+00:00,139.8,23,ask,,,11020253
2026-07-07T15:17:36.993521,2026-07-07T15:17:37.003369+00:00,139.9,200,bid,,,11020257
2026-07-07T15:17:37.547387,2026-07-07T15:17:37.557363+00:00,139.9,425,bid,,,11020271
2026-07-07T15:17:37.572671,2026-07-07T15:17:37.576813+00:00,139.9,12,ask,,,11020274
2026-07-07T15:17:37.621078,2026-07-07T15:17:37.625382+00:00,140.0,11,ask,,,11020277
2026-07-07T15:17:38.304081,2026-07-07T15:17:38.315722+00:00,140.0,12,ask,,,11020284
2026-07-07T15:17:40.334851,2026-07-07T15:17:40.346674+00:00,140.0,12,ask,,,11020314
2026-07-07T15:17:41.536564,2026-07-07T15:17:41.546453+00:00,139.9,200,ask,,,11020328
2026-07-07T15:17:41.840500,2026-07-07T15:17:41.851600+00:00,139.9,200,bid,,,11020335
2026-07-07T15:17:42.354671,2026-07-07T15:17:42.358600+00:00,139.7,12,ask,,,11020343
2026-07-07T15:17:44.261544,2026-07-07T15:17:44.268884+00:00,139.9,200,ask,,,11020364
2026-07-07T15:17:46.640317,2026-07-07T15:17:46.648683+00:00,140.0,12,ask,,,11020397
2026-07-07T15:17:49.142990,2026-07-07T15:17:49.164008+00:00,139.9,200,ask,,,11020424
2026-07-07T15:17:51.574714,2026-07-07T15:17:51.585638+00:00,139.9,200,bid,,,11020475
2026-07-07T15:17:52.801995,2026-07-07T15:17:52.810902+00:00,139.8,200,bid,,,11020501
2026-07-07T15:17:53.150369,2026-07-07T15:17:53.152663+00:00,139.7,12,ask,,,11020518
2026-07-07T15:17:54.547599,2026-07-07T15:17:54.558587+00:00,139.7,200,ask,,,11020540
2026-07-07T15:17:55.984967,2026-07-07T15:17:55.995566+00:00,139.5,200,ask,,,11020570
2026-07-07T15:17:57.294761,2026-07-07T15:17:57.306375+00:00,139.4,200,ask,,,11020596
2026-07-07T15:17:59.926496,2026-07-07T15:17:59.930864+00:00,139.1,11,ask,,,11020637
2026-07-07T15:18:00.618608,2026-07-07T15:18:00.622775+00:00,139.2,12,ask,,,11020648
2026-07-07T15:18:02.542987,2026-07-07T15:18:02.553757+00:00,139.3,200,bid,,,11020678
2026-07-07T15:18:04.957296,2026-07-07T15:18:04.963856+00:00,139.4,200,bid,,,11020708
2026-07-07T15:18:06.486549,2026-07-07T15:18:06.495155+00:00,139.4,200,ask,,,11020729
2026-07-07T15:18:07.796372,2026-07-07T15:18:07.807492+00:00,139.3,500,ask,,,11020744
2026-07-07T15:18:07.851347,2026-07-07T15:18:07.858581+00:00,139.3,125,bid,,,11020746
2026-07-07T15:18:09.063360,2026-07-07T15:18:09.070035+00:00,139.4,200,bid,,,11020763
2026-07-07T15:18:09.673991,2026-07-07T15:18:09.681364+00:00,139.5,500,bid,,,11020771
2026-07-07T15:18:10.263246,2026-07-07T15:18:10.270875+00:00,139.5,125,bid,,,11020778
2026-07-07T15:18:10.263246,2026-07-07T15:18:10.276344+00:00,139.5,200,bid,,,11020779
2026-07-07T15:18:10.298788,2026-07-07T15:18:10.303534+00:00,139.5,11,ask,,,11020781
2026-07-07T15:18:10.426761,2026-07-07T15:18:10.430958+00:00,139.6,6,ask,,,11020786
2026-07-07T15:18:10.530410,2026-07-07T15:18:10.542175+00:00,139.8,20,bid,,,11020789
2026-07-07T15:18:12.713766,2026-07-07T15:18:12.724276+00:00,139.7,500,bid,,,11020830
2026-07-07T15:18:13.031291,2026-07-07T15:18:13.037808+00:00,139.7,200,bid,,,11020833
2026-07-07T15:18:13.454799,2026-07-07T15:18:13.465032+00:00,139.8,200,ask,,,11020839
2026-07-07T15:18:13.938084,2026-07-07T15:18:13.952109+00:00,139.8,20,ask,,,11020843
2026-07-07T15:18:14.342442,2026-07-07T15:18:14.349434+00:00,139.7,500,ask,,,11020849
2026-07-07T15:18:14.518905,2026-07-07T15:18:14.529953+00:00,139.7,125,bid,,,11020850
2026-07-07T15:18:16.978988,2026-07-07T15:18:16.990558+00:00,139.6,200,ask,,,11020881
2026-07-07T15:18:16.978988,2026-07-07T15:18:16.990558+00:00,139.6,425,ask,,,11020882
2026-07-07T15:18:18.309843,2026-07-07T15:18:18.317617+00:00,139.7,200,ask,,,11020897
2026-07-07T15:18:19.519799,2026-07-07T15:18:19.527935+00:00,139.7,200,ask,,,11020907
2026-07-07T15:18:19.615901,2026-07-07T15:18:19.620601+00:00,139.7,6,bid,,,11020913
2026-07-07T15:18:20.580865,2026-07-07T15:18:20.588381+00:00,139.7,500,bid,,,11020931
2026-07-07T15:18:20.907123,2026-07-07T15:18:20.913611+00:00,139.7,200,bid,,,11020935
2026-07-07T15:18:23.175044,2026-07-07T15:18:23.179356+00:00,139.8,34,bid,,,11020973
2026-07-07T15:18:23.545582,2026-07-07T15:18:23.549453+00:00,139.7,11,bid,,,11020978
2026-07-07T15:18:24.219213,2026-07-07T15:18:24.227469+00:00,139.7,500,bid,,,11020990
2026-07-07T15:18:24.733191,2026-07-07T15:18:24.741826+00:00,139.7,12,bid,,,11021006
2026-07-07T15:18:24.862607,2026-07-07T15:18:24.869950+00:00,139.7,200,bid,,,11021014
2026-07-07T15:18:24.989376,2026-07-07T15:18:25.001151+00:00,139.7,12,ask,,,11021018
2026-07-07T15:18:25.501642,2026-07-07T15:18:25.510823+00:00,140.0,12,bid,,,11021020
2026-07-07T15:18:26.175494,2026-07-07T15:18:26.186486+00:00,139.8,200,bid,,,11021038
2026-07-07T15:18:28.813384,2026-07-07T15:18:28.825438+00:00,139.8,12,ask,,,11021075
2026-07-07T15:18:30.152166,2026-07-07T15:18:30.156431+00:00,139.8,12,bid,,,11021104
2026-07-07T15:18:31.095643,2026-07-07T15:18:31.107438+00:00,139.8,12,bid,,,11021129
2026-07-07T15:18:32.884887,2026-07-07T15:18:32.896358+00:00,139.8,12,bid,,,11021150
2026-07-07T15:18:34.133295,2026-07-07T15:18:34.158597+00:00,139.8,200,ask,,,11021172
2026-07-07T15:18:34.174806,2026-07-07T15:18:34.186477+00:00,139.8,12,ask,,,11021175
2026-07-07T15:18:35.191723,2026-07-07T15:18:35.203535+00:00,139.8,12,ask,,,11021187
2026-07-07T15:18:36.689245,2026-07-07T15:18:36.699376+00:00,139.6,200,ask,,,11021222
2026-07-07T15:18:38.000513,2026-07-07T15:18:38.021873+00:00,139.6,200,bid,,,11021236
2026-07-07T15:18:38.017896,2026-07-07T15:18:38.021873+00:00,139.6,12,ask,,,11021239
2026-07-07T15:18:39.315462,2026-07-07T15:18:39.326733+00:00,139.5,200,ask,,,11021255
2026-07-07T15:18:40.381326,2026-07-07T15:18:40.393057+00:00,139.3,20,ask,,,11021275
2026-07-07T15:18:45.336875,2026-07-07T15:18:45.340965+00:00,139.6,12,bid,,,11021352
2026-07-07T15:18:45.793607,2026-07-07T15:18:45.805123+00:00,139.6,12,bid,,,11021360
2026-07-07T15:18:45.864611,2026-07-07T15:18:45.875342+00:00,139.6,176,bid,,,11021364
2026-07-07T15:18:48.485304,2026-07-07T15:18:48.495063+00:00,139.6,200,bid,,,11021402
2026-07-07T15:18:48.633440,2026-07-07T15:18:48.642959+00:00,139.7,200,ask,,,11021407
2026-07-07T15:18:48.850186,2026-07-07T15:18:48.859496+00:00,139.7,20,ask,,,11021409
2026-07-07T15:18:51.112574,2026-07-07T15:18:51.119902+00:00,139.7,200,bid,,,11021441
2026-07-07T15:18:58.034233,2026-07-07T15:18:58.038255+00:00,140.0,11,bid,,,11021526
2026-07-07T15:18:58.971861,2026-07-07T15:18:58.981595+00:00,139.8,200,ask,,,11021539
2026-07-07T15:18:59.530365,2026-07-07T15:18:59.541923+00:00,139.8,200,bid,,,11021547
2026-07-07T15:19:01.114702,2026-07-07T15:19:01.121954+00:00,140.0,12,bid,,,11021567
2026-07-07T15:19:01.654451,2026-07-07T15:19:01.654789+00:00,139.9,12,ask,,,11021584
2026-07-07T15:19:02.919235,2026-07-07T15:19:02.923315+00:00,140.0,11,ask,,,11021602
2026-07-07T15:19:05.531736,2026-07-07T15:19:05.542672+00:00,140.0,200,bid,,,11021637
2026-07-07T15:19:05.592306,2026-07-07T15:19:05.603970+00:00,140.0,200,ask,,,11021639
2026-07-07T15:19:05.967323,2026-07-07T15:19:05.974855+00:00,140.0,12,ask,,,11021644
2026-07-07T15:19:06.844510,2026-07-07T15:19:06.858584+00:00,140.0,200,ask,,,11021658
2026-07-07T15:19:08.010639,2026-07-07T15:19:08.018400+00:00,140.0,200,bid,,,11021683
2026-07-07T15:19:08.169871,2026-07-07T15:19:08.173832+00:00,140.0,23,ask,,,11021689
2026-07-07T15:19:08.292014,2026-07-07T15:19:08.303827+00:00,140.2,20,bid,,,11021693
2026-07-07T15:19:09.225342,2026-07-07T15:19:09.234092+00:00,140.0,200,ask,,,11021702
2026-07-07T15:19:12.107378,2026-07-07T15:19:12.114065+00:00,140.0,200,ask,,,11021743
2026-07-07T15:19:12.938787,2026-07-07T15:19:12.950109+00:00,140.0,20,bid,,,11021752
2026-07-07T15:19:13.297752,2026-07-07T15:19:13.309436+00:00,140.0,12,bid,,,11021759
2026-07-07T15:19:13.415569,2026-07-07T15:19:13.426245+00:00,140.0,200,bid,,,11021766
2026-07-07T15:19:14.061279,2026-07-07T15:19:14.069024+00:00,140.0,200,ask,,,11021774
2026-07-07T15:19:16.487448,2026-07-07T15:19:16.495169+00:00,140.1,200,ask,,,11021808
2026-07-07T15:19:17.339866,2026-07-07T15:19:17.347499+00:00,140.3,12,bid,,,11021819
2026-07-07T15:19:17.595377,2026-07-07T15:19:17.604066+00:00,140.0,12,ask,,,11021830
2026-07-07T15:19:17.720783,2026-07-07T15:19:17.725047+00:00,140.1,11,bid,,,11021834
2026-07-07T15:19:18.215465,2026-07-07T15:19:18.220070+00:00,140.1,12,bid,,,11021840
2026-07-07T15:19:18.914582,2026-07-07T15:19:18.922519+00:00,140.2,200,bid,,,11021850
2026-07-07T15:19:20.127083,2026-07-07T15:19:20.133941+00:00,140.1,200,bid,,,11021860
2026-07-07T15:19:21.336627,2026-07-07T15:19:21.344889+00:00,140.1,200,bid,,,11021872
2026-07-07T15:19:21.634631,2026-07-07T15:19:21.641712+00:00,139.8,12,ask,,,11021877
2026-07-07T15:19:21.834151,2026-07-07T15:19:21.845741+00:00,139.8,20,ask,,,11021886
2026-07-07T15:19:23.760649,2026-07-07T15:19:23.769179+00:00,140.0,200,ask,,,11021916
2026-07-07T15:19:25.935584,2026-07-07T15:19:25.945876+00:00,140.1,12,bid,,,11021959
2026-07-07T15:19:26.181551,2026-07-07T15:19:26.193194+00:00,139.9,200,ask,,,11021964
2026-07-07T15:19:27.828524,2026-07-07T15:19:27.839741+00:00,139.9,200,ask,,,11021980
2026-07-07T15:19:27.828524,2026-07-07T15:19:27.839741+00:00,139.9,425,ask,,,11021981
2026-07-07T15:19:28.752105,2026-07-07T15:19:28.758552+00:00,139.8,12,ask,,,11021998
2026-07-07T15:19:29.005610,2026-07-07T15:19:29.013969+00:00,139.9,200,bid,,,11022000
2026-07-07T15:19:29.807687,2026-07-07T15:19:29.816384+00:00,139.9,200,ask,,,11022012
2026-07-07T15:19:30.242010,2026-07-07T15:19:30.250727+00:00,140.0,500,bid,,,11022014
2026-07-07T15:19:30.771104,2026-07-07T15:19:30.779185+00:00,140.1,12,bid,,,11022029
2026-07-07T15:19:30.837740,2026-07-07T15:19:30.875299+00:00,140.1,500,bid,,,11022032
2026-07-07T15:19:31.437941,2026-07-07T15:19:31.446634+00:00,140.0,200,bid,,,11022042
2026-07-07T15:19:32.228700,2026-07-07T15:19:32.236562+00:00,140.1,200,ask,,,11022058
2026-07-07T15:19:32.286906,2026-07-07T15:19:32.298725+00:00,140.1,12,ask,,,11022059
2026-07-07T15:19:33.075728,2026-07-07T15:19:33.084242+00:00,140.1,500,ask,,,11022075
2026-07-07T15:19:33.243820,2026-07-07T15:19:33.255453+00:00,140.1,125,bid,,,11022078
2026-07-07T15:19:34.462007,2026-07-07T15:19:34.468695+00:00,140.3,200,bid,,,11022088
2026-07-07T15:19:34.494642,2026-07-07T15:19:34.499135+00:00,140.3,12,ask,,,11022092
2026-07-07T15:19:34.650980,2026-07-07T15:19:34.664187+00:00,140.3,200,ask,,,11022093
2026-07-07T15:19:41.942169,2026-07-07T15:19:41.948013+00:00,140.6,11,ask,,,11022190
2026-07-07T15:19:44.944111,2026-07-07T15:19:44.958553+00:00,140.7,12,bid,,,11022227
2026-07-07T15:19:45.509640,2026-07-07T15:19:45.513688+00:00,140.7,11,bid,,,11022237
2026-07-07T15:19:47.814099,2026-07-07T15:19:47.824533+00:00,140.7,500,ask,,,11022265
2026-07-07T15:19:47.983915,2026-07-07T15:19:47.994527+00:00,140.7,125,ask,,,11022270
2026-07-07T15:19:48.210443,2026-07-07T15:19:48.222238+00:00,140.7,12,bid,,,11022274
2026-07-07T15:19:49.192992,2026-07-07T15:19:49.201782+00:00,140.6,200,bid,,,11022288
2026-07-07T15:19:49.243052,2026-07-07T15:19:49.250625+00:00,140.4,12,ask,,,11022289
2026-07-07T15:19:50.228711,2026-07-07T15:19:50.236815+00:00,140.6,500,ask,,,11022309
2026-07-07T15:19:50.500767,2026-07-07T15:19:50.512609+00:00,140.6,12,ask,,,11022316
2026-07-07T15:19:50.814635,2026-07-07T15:19:50.822100+00:00,140.6,113,ask,,,11022318
2026-07-07T15:19:51.608171,2026-07-07T15:19:51.619788+00:00,140.6,200,bid,,,11022323
2026-07-07T15:19:54.265666,2026-07-07T15:19:54.277781+00:00,140.6,12,bid,,,11022363
2026-07-07T15:19:55.067494,2026-07-07T15:19:55.074965+00:00,140.5,200,ask,,,11022373
2026-07-07T15:19:55.067494,2026-07-07T15:19:55.079944+00:00,140.5,300,ask,,,11022374
2026-07-07T15:19:55.234976,2026-07-07T15:19:55.245356+00:00,140.5,200,ask,,,11022376
2026-07-07T15:19:58.353499,2026-07-07T15:19:58.356699+00:00,140.5,20,bid,,,11022410
2026-07-07T15:19:58.693806,2026-07-07T15:19:58.705310+00:00,140.4,500,ask,,,11022413
2026-07-07T15:19:58.870808,2026-07-07T15:19:58.877659+00:00,140.4,125,ask,,,11022415
2026-07-07T15:20:00.084233,2026-07-07T15:20:00.091742+00:00,140.3,200,bid,,,11022438
2026-07-07T15:20:04.930532,2026-07-07T15:20:04.937144+00:00,140.4,200,bid,,,11022505
2026-07-07T15:20:05.379259,2026-07-07T15:20:05.391036+00:00,140.2,12,ask,,,11022511
2026-07-07T15:20:06.157322,2026-07-07T15:20:06.164910+00:00,140.5,200,bid,,,11022519
2026-07-07T15:20:08.131846,2026-07-07T15:20:08.143566+00:00,140.6,20,bid,,,11022538
2026-07-07T15:20:08.703821,2026-07-07T15:20:08.713105+00:00,140.4,12,ask,,,11022549
2026-07-07T15:20:09.214648,2026-07-07T15:20:09.223843+00:00,140.6,20,bid,,,11022556
2026-07-07T15:20:10.589471,2026-07-07T15:20:10.600902+00:00,140.5,20,ask,,,11022565
2026-07-07T15:20:11.723052,2026-07-07T15:20:11.735046+00:00,140.6,12,bid,,,11022587
2026-07-07T15:20:12.630545,2026-07-07T15:20:12.641242+00:00,140.6,200,bid,,,11022601
2026-07-07T15:20:12.630545,2026-07-07T15:20:12.641242+00:00,140.7,300,bid,,,11022602
2026-07-07T15:20:13.217157,2026-07-07T15:20:13.227871+00:00,140.7,325,bid,,,11022610
2026-07-07T15:20:13.496328,2026-07-07T15:20:13.503506+00:00,140.7,12,ask,,,11022620
2026-07-07T15:20:13.744563,2026-07-07T15:20:13.750576+00:00,140.8,200,bid,,,11022626
2026-07-07T15:20:14.517370,2026-07-07T15:20:14.528534+00:00,141.0,12,bid,,,11022639
2026-07-07T15:20:14.655629,2026-07-07T15:20:14.659788+00:00,140.9,12,bid,,,11022642
2026-07-07T15:20:15.226291,2026-07-07T15:20:15.231231+00:00,140.9,11,bid,,,11022653
2026-07-07T15:20:16.544728,2026-07-07T15:20:16.558582+00:00,140.9,12,bid,,,11022669
2026-07-07T15:20:17.088013,2026-07-07T15:20:17.099897+00:00,140.8,20,ask,,,11022675
2026-07-07T15:20:18.326175,2026-07-07T15:20:18.336085+00:00,140.9,12,bid,,,11022694
2026-07-07T15:20:18.565115,2026-07-07T15:20:18.576732+00:00,140.9,20,bid,,,11022699
2026-07-07T15:20:20.303563,2026-07-07T15:20:20.314497+00:00,140.9,200,bid,,,11022728
2026-07-07T15:20:20.689519,2026-07-07T15:20:20.699592+00:00,140.9,200,ask,,,11022736
2026-07-07T15:20:21.115356,2026-07-07T15:20:21.125633+00:00,141.2,12,bid,,,11022743
2026-07-07T15:20:22.905595,2026-07-07T15:20:22.915924+00:00,141.0,12,bid,,,11022780
2026-07-07T15:20:24.252169,2026-07-07T15:20:24.256569+00:00,140.9,12,bid,,,11022796
2026-07-07T15:20:25.270512,2026-07-07T15:20:25.282323+00:00,140.7,20,ask,,,11022807
2026-07-07T15:20:25.952099,2026-07-07T15:20:25.958554+00:00,140.9,12,bid,,,11022819
2026-07-07T15:20:27.963223,2026-07-07T15:20:27.970102+00:00,140.8,200,ask,,,11022855
2026-07-07T15:20:29.548839,2026-07-07T15:20:29.558575+00:00,140.8,200,bid,,,11022877
2026-07-07T15:20:29.548839,2026-07-07T15:20:29.558575+00:00,140.8,300,bid,,,11022878
2026-07-07T15:20:31.529451,2026-07-07T15:20:31.541169+00:00,140.7,12,ask,,,11022900
2026-07-07T15:20:34.005314,2026-07-07T15:20:34.012822+00:00,140.8,200,ask,,,11022934
2026-07-07T15:20:36.264331,2026-07-07T15:20:36.268594+00:00,140.7,23,ask,,,11022970
2026-07-07T15:20:36.315268,2026-07-07T15:20:36.325517+00:00,140.7,24,ask,,,11022973
2026-07-07T15:20:37.351577,2026-07-07T15:20:37.376704+00:00,140.8,200,bid,,,11022992
2026-07-07T15:20:37.372735,2026-07-07T15:20:37.376704+00:00,140.8,12,ask,,,11022994
2026-07-07T15:20:37.834803,2026-07-07T15:20:37.844500+00:00,140.8,12,ask,,,11023001
2026-07-07T15:20:41.277761,2026-07-07T15:20:41.289427+00:00,140.8,20,ask,,,11023039
2026-07-07T15:20:42.147102,2026-07-07T15:20:42.158620+00:00,140.8,12,ask,,,11023053
2026-07-07T15:20:43.685473,2026-07-07T15:20:43.693282+00:00,140.8,200,ask,,,11023070
2026-07-07T15:20:44.172145,2026-07-07T15:20:44.180405+00:00,140.7,12,ask,,,11023076
2026-07-07T15:20:46.104011,2026-07-07T15:20:46.114898+00:00,140.7,200,bid,,,11023106
2026-07-07T15:20:46.132720,2026-07-07T15:20:46.141123+00:00,140.7,20,bid,,,11023107
2026-07-07T15:20:47.391778,2026-07-07T15:20:47.403581+00:00,140.6,20,ask,,,11023121
2026-07-07T15:20:49.192428,2026-07-07T15:20:49.204418+00:00,140.5,20,ask,,,11023152
2026-07-07T15:20:52.152479,2026-07-07T15:20:52.153754+00:00,140.6,200,bid,,,11023185
2026-07-07T15:20:53.296857,2026-07-07T15:20:53.301319+00:00,140.4,11,ask,,,11023200
2026-07-07T15:20:53.361487,2026-07-07T15:20:53.372746+00:00,140.6,200,bid,,,11023202
2026-07-07T15:20:54.460119,2026-07-07T15:20:54.464514+00:00,140.6,23,ask,,,11023215
2026-07-07T15:20:55.020544,2026-07-07T15:20:55.030279+00:00,140.6,20,ask,,,11023223
2026-07-07T15:21:01.586960,2026-07-07T15:21:01.591165+00:00,140.7,11,ask,,,11023313
2026-07-07T15:21:02.274110,2026-07-07T15:21:02.284821+00:00,140.8,200,bid,,,11023323
2026-07-07T15:21:02.293671,2026-07-07T15:21:02.298185+00:00,140.9,6,ask,,,11023325
2026-07-07T15:21:02.798606,2026-07-07T15:21:02.807932+00:00,141.1,20,bid,,,11023336
2026-07-07T15:21:05.193643,2026-07-07T15:21:05.200424+00:00,140.8,20,ask,,,11023358
2026-07-07T15:21:06.696031,2026-07-07T15:21:06.707534+00:00,140.8,200,ask,,,11023370
2026-07-07T15:21:08.809853,2026-07-07T15:21:08.821457+00:00,140.7,20,bid,,,11023395
2026-07-07T15:21:09.122529,2026-07-07T15:21:09.129042+00:00,140.8,200,bid,,,11023399
2026-07-07T15:21:10.331873,2026-07-07T15:21:10.340861+00:00,140.8,200,ask,,,11023420
2026-07-07T15:21:12.763913,2026-07-07T15:21:12.774566+00:00,140.7,200,ask,,,11023455
2026-07-07T15:21:13.751219,2026-07-07T15:21:13.756254+00:00,140.7,425,bid,,,11023465
2026-07-07T15:21:18.805580,2026-07-07T15:21:18.812209+00:00,140.8,200,bid,,,11023508
2026-07-07T15:21:21.227827,2026-07-07T15:21:21.235720+00:00,140.7,200,ask,,,11023534
2026-07-07T15:21:21.991229,2026-07-07T15:21:21.998524+00:00,141.0,20,bid,,,11023548
2026-07-07T15:21:22.435128,2026-07-07T15:21:22.443087+00:00,140.8,200,ask,,,11023552
2026-07-07T15:21:23.643051,2026-07-07T15:21:23.649818+00:00,140.8,200,ask,,,11023569
2026-07-07T15:21:24.027889,2026-07-07T15:21:24.039183+00:00,140.9,500,bid,,,11023578
2026-07-07T15:21:24.648307,2026-07-07T15:21:24.657678+00:00,141.0,500,bid,,,11023593
