timestamp,recv_time,price,volume,aggressor_side,buyer,seller,trade_id
2026-07-04T01:00:00.294743,2026-07-04T01:00:00.298899+00:00,136.0,500,ask,AverageAlmonds,YieldingYams,6389183
2026-07-04T01:00:00.347459,2026-07-04T01:00:00.350836+00:00,136.0,12,bid,Xuanyu Liu,YieldingYams,6389185
2026-07-04T01:00:00.427127,2026-07-04T01:00:00.439060+00:00,135.8,20,ask,WavyWalnuts,BrilliantBurritos,6389186
2026-07-04T01:00:00.656302,2026-07-04T01:00:00.662994+00:00,136.0,113,bid,AverageAlmonds,YieldingYams,6389188
2026-07-04T01:00:00.710820,2026-07-04T01:00:00.701643+00:00,136.0,200,ask,AverageAlmonds,WavyWalnuts,6389191
2026-07-04T01:00:01.089335,2026-07-04T01:00:01.086264+00:00,136.0,20,ask,YieldingYams,BrilliantBurritos,6389201
2026-07-04T01:00:03.099052,2026-07-04T01:00:03.105635+00:00,136.1,500,bid,AverageAlmonds,YieldingYams,6389216
2026-07-04T01:00:03.695082,2026-07-04T01:00:03.703127+00:00,136.1,125,bid,AverageAlmonds,YieldingYams,6389224
2026-07-04T01:00:03.695082,2026-07-04T01:00:03.703127+00:00,136.1,200,bid,AverageAlmonds,WavyWalnuts,6389225
2026-07-04T01:00:04.538241,2026-07-04T01:00:04.549692+00:00,136.2,20,bid,BrilliantBurritos,WavyWalnuts,6389239
2026-07-04T01:00:06.038815,2026-07-04T01:00:06.050203+00:00,136.3,20,bid,BrilliantBurritos,YieldingYams,6389251
2026-07-04T01:00:09.172557,2026-07-04T01:00:09.179474+00:00,136.2,200,ask,YieldingYams,WavyWalnuts,6389287
2026-07-04T01:00:10.380117,2026-07-04T01:00:10.388402+00:00,136.2,200,bid,WavyWalnuts,YieldingYams,6389309
2026-07-04T01:00:10.555959,2026-07-04T01:00:10.563920+00:00,136.1,20,ask,AverageAlmonds,BrilliantBurritos,6389317
2026-07-04T01:00:12.484151,2026-07-04T01:00:12.495963+00:00,136.3,20,bid,BrilliantBurritos,WavyWalnuts,6389338
2026-07-04T01:00:13.365999,2026-07-04T01:00:13.390267+00:00,136.3,200,bid,AverageAlmonds,WavyWalnuts,6389350
2026-07-04T01:00:13.386783,2026-07-04T01:00:13.390267+00:00,136.3,8,ask,AverageAlmonds,Xuanyu Liu,6389352
2026-07-04T01:00:13.394245,2026-07-04T01:00:13.405945+00:00,136.3,292,ask,AverageAlmonds,YieldingYams,6389353
2026-07-04T01:00:13.963272,2026-07-04T01:00:13.972581+00:00,136.3,333,bid,AverageAlmonds,YieldingYams,6389361
2026-07-04T01:00:14.700639,2026-07-04T01:00:14.710725+00:00,136.4,200,bid,YieldingYams,WavyWalnuts,6389379
2026-07-04T01:00:15.229931,2026-07-04T01:00:15.240814+00:00,136.5,200,ask,YieldingYams,WavyWalnuts,6389387
2026-07-04T01:00:16.030794,2026-07-04T01:00:16.034687+00:00,136.6,19,bid,Xuanyu Liu,YieldingYams,6389400
2026-07-04T01:00:16.439139,2026-07-04T01:00:16.450569+00:00,136.4,200,ask,YieldingYams,WavyWalnuts,6389405
2026-07-04T01:00:24.956490,2026-07-04T01:00:24.964029+00:00,136.3,200,bid,WavyWalnuts,YieldingYams,6389512
2026-07-04T01:00:26.083543,2026-07-04T01:00:26.091951+00:00,136.2,500,bid,AverageAlmonds,YieldingYams,6389524
2026-07-04T01:00:26.171397,2026-07-04T01:00:26.181861+00:00,136.2,125,bid,WavyWalnuts,YieldingYams,6389528
2026-07-04T01:00:27.388096,2026-07-04T01:00:27.397908+00:00,136.3,200,ask,YieldingYams,WavyWalnuts,6389552
2026-07-04T01:00:31.031711,2026-07-04T01:00:31.041718+00:00,136.3,200,ask,AverageAlmonds,WavyWalnuts,6389604
2026-07-04T01:00:31.826656,2026-07-04T01:00:31.834046+00:00,136.3,500,ask,AverageAlmonds,YieldingYams,6389614
2026-07-04T01:00:31.844455,2026-07-04T01:00:31.847896+00:00,136.3,12,bid,Xuanyu Liu,YieldingYams,6389617
2026-07-04T01:00:32.519092,2026-07-04T01:00:32.528726+00:00,136.2,20,ask,AverageAlmonds,BrilliantBurritos,6389621
2026-07-04T01:00:33.138425,2026-07-04T01:00:33.143144+00:00,136.3,200,bid,YieldingYams,WavyWalnuts,6389627
2026-07-04T01:00:33.566002,2026-07-04T01:00:33.577419+00:00,136.5,20,bid,BrilliantBurritos,YieldingYams,6389632
2026-07-04T01:00:34.892921,2026-07-04T01:00:34.896488+00:00,136.3,20,ask,AverageAlmonds,BrilliantBurritos,6389648
2026-07-04T01:00:35.498791,2026-07-04T01:00:35.503176+00:00,136.4,11,bid,Xuanyu Liu,YieldingYams,6389665
2026-07-04T01:00:36.800641,2026-07-04T01:00:36.812461+00:00,136.2,20,ask,WavyWalnuts,BrilliantBurritos,6389684
2026-07-04T01:00:37.111567,2026-07-04T01:00:37.116008+00:00,136.3,3,bid,Xuanyu Liu,WavyWalnuts,6389689
2026-07-04T01:00:37.583330,2026-07-04T01:00:37.591095+00:00,136.3,197,bid,AverageAlmonds,WavyWalnuts,6389695
2026-07-04T01:00:38.386955,2026-07-04T01:00:38.397746+00:00,136.3,500,ask,AverageAlmonds,YieldingYams,6389707
2026-07-04T01:00:38.783843,2026-07-04T01:00:38.791676+00:00,136.3,125,bid,AverageAlmonds,YieldingYams,6389717
2026-07-04T01:00:39.423630,2026-07-04T01:00:39.434043+00:00,136.4,200,bid,AverageAlmonds,WavyWalnuts,6389723
2026-07-04T01:00:39.693153,2026-07-04T01:00:39.701580+00:00,136.5,200,bid,YieldingYams,WavyWalnuts,6389731
2026-07-04T01:00:43.112322,2026-07-04T01:00:43.123920+00:00,136.4,20,ask,WavyWalnuts,BrilliantBurritos,6389768
2026-07-04T01:00:44.931226,2026-07-04T01:00:44.939478+00:00,136.5,200,bid,YieldingYams,WavyWalnuts,6389799
2026-07-04T01:00:45.570459,2026-07-04T01:00:45.579871+00:00,136.6,200,ask,YieldingYams,WavyWalnuts,6389810
2026-07-04T01:00:52.825451,2026-07-04T01:00:52.834881+00:00,136.6,200,ask,YieldingYams,WavyWalnuts,6389879
2026-07-04T01:00:55.245456,2026-07-04T01:00:55.256119+00:00,136.5,200,ask,YieldingYams,WavyWalnuts,6389907
2026-07-04T01:00:56.469716,2026-07-04T01:00:56.473243+00:00,136.6,3,bid,Xuanyu Liu,WavyWalnuts,6389925
2026-07-04T01:00:59.854196,2026-07-04T01:00:59.866159+00:00,136.3,20,ask,WavyWalnuts,BrilliantBurritos,6389965
2026-07-04T01:01:01.837542,2026-07-04T01:01:01.858644+00:00,136.5,20,bid,BrilliantBurritos,YieldingYams,6389986
2026-07-04T01:01:02.514228,2026-07-04T01:01:02.523387+00:00,136.4,200,bid,WavyWalnuts,YieldingYams,6389995
2026-07-04T01:01:03.724014,2026-07-04T01:01:03.730644+00:00,136.4,200,bid,WavyWalnuts,YieldingYams,6390021
2026-07-04T01:01:03.998351,2026-07-04T01:01:04.002455+00:00,136.3,3,ask,AverageAlmonds,Xuanyu Liu,6390029
2026-07-04T01:01:09.187182,2026-07-04T01:01:09.190893+00:00,136.4,3,ask,YieldingYams,Xuanyu Liu,6390081
2026-07-04T01:01:09.704760,2026-07-04T01:01:09.708247+00:00,136.5,11,ask,AverageAlmonds,Xuanyu Liu,6390085
2026-07-04T01:01:09.767931,2026-07-04T01:01:09.776212+00:00,136.6,200,bid,WavyWalnuts,YieldingYams,6390086
2026-07-04T01:01:10.380435,2026-07-04T01:01:10.389040+00:00,136.7,20,bid,BrilliantBurritos,YieldingYams,6390100
2026-07-04T01:01:12.435161,2026-07-04T01:01:12.441847+00:00,136.8,200,bid,YieldingYams,WavyWalnuts,6390136
2026-07-04T01:01:18.996600,2026-07-04T01:01:19.006637+00:00,136.9,200,ask,WavyWalnuts,YieldingYams,6390212
2026-07-04T01:01:19.433477,2026-07-04T01:01:19.442032+00:00,136.8,200,bid,WavyWalnuts,YieldingYams,6390216
2026-07-04T01:01:20.306835,2026-07-04T01:01:20.318149+00:00,136.8,500,bid,YieldingYams,AverageAlmonds,6390238
2026-07-04T01:01:20.561286,2026-07-04T01:01:20.569213+00:00,136.8,125,ask,YieldingYams,AverageAlmonds,6390243
2026-07-04T01:01:20.642395,2026-07-04T01:01:20.650910+00:00,136.7,200,bid,WavyWalnuts,AverageAlmonds,6390244
2026-07-04T01:01:24.272318,2026-07-04T01:01:24.279315+00:00,136.5,200,bid,WavyWalnuts,AverageAlmonds,6390288
2026-07-04T01:01:24.707702,2026-07-04T01:01:24.719616+00:00,136.3,20,ask,YieldingYams,BrilliantBurritos,6390297
2026-07-04T01:01:25.425871,2026-07-04T01:01:25.429431+00:00,136.4,11,bid,Xuanyu Liu,AverageAlmonds,6390306
2026-07-04T01:01:25.481032,2026-07-04T01:01:25.489431+00:00,136.4,200,bid,WavyWalnuts,AverageAlmonds,6390307
2026-07-04T01:01:25.574601,2026-07-04T01:01:25.577826+00:00,136.3,3,bid,Xuanyu Liu,YieldingYams,6390309
2026-07-04T01:01:29.494654,2026-07-04T01:01:29.502124+00:00,136.4,200,bid,YieldingYams,WavyWalnuts,6390369
2026-07-04T01:01:34.740187,2026-07-04T01:01:34.747234+00:00,136.5,200,bid,YieldingYams,WavyWalnuts,6390435
2026-07-04T01:01:35.134476,2026-07-04T01:01:35.142965+00:00,136.7,20,bid,BrilliantBurritos,YieldingYams,6390438
2026-07-04T01:01:37.555278,2026-07-04T01:01:37.564362+00:00,136.5,200,bid,WavyWalnuts,YieldingYams,6390454
2026-07-04T01:01:38.762228,2026-07-04T01:01:38.772121+00:00,136.5,200,bid,WavyWalnuts,YieldingYams,6390472
2026-07-04T01:01:39.217844,2026-07-04T01:01:39.229535+00:00,136.5,20,bid,BrilliantBurritos,YieldingYams,6390476
2026-07-04T01:01:39.972176,2026-07-04T01:01:39.980647+00:00,136.5,200,bid,WavyWalnuts,YieldingYams,6390495
2026-07-04T01:01:42.102642,2026-07-04T01:01:42.114141+00:00,136.4,20,ask,WavyWalnuts,BrilliantBurritos,6390522
2026-07-04T01:01:43.600102,2026-07-04T01:01:43.608230+00:00,136.4,200,ask,YieldingYams,WavyWalnuts,6390554
2026-07-04T01:01:46.554214,2026-07-04T01:01:46.558548+00:00,136.3,200,ask,WavyWalnuts,YieldingYams,6390588
2026-07-04T01:01:47.235152,2026-07-04T01:01:47.244801+00:00,136.3,200,bid,WavyWalnuts,YieldingYams,6390602
2026-07-04T01:01:48.318700,2026-07-04T01:01:48.328364+00:00,136.4,20,ask,YieldingYams,BrilliantBurritos,6390620
2026-07-04T01:01:53.278268,2026-07-04T01:01:53.284958+00:00,136.3,500,ask,YieldingYams,AverageAlmonds,6390704
2026-07-04T01:01:53.287039,2026-07-04T01:01:53.295457+00:00,136.5,20,bid,BrilliantBurritos,WavyWalnuts,6390705
2026-07-04T01:01:56.954143,2026-07-04T01:01:56.957845+00:00,136.4,3,ask,WavyWalnuts,Xuanyu Liu,6390761
2026-07-04T01:01:57.058022,2026-07-04T01:01:57.069629+00:00,136.4,197,ask,WavyWalnuts,YieldingYams,6390763
2026-07-04T01:01:58.998912,2026-07-04T01:01:59.010652+00:00,136.4,20,bid,BrilliantBurritos,YieldingYams,6390790
2026-07-04T01:01:59.339058,2026-07-04T01:01:59.346257+00:00,136.3,200,ask,WavyWalnuts,AverageAlmonds,6390798
2026-07-04T01:01:59.354976,2026-07-04T01:01:59.369070+00:00,136.3,200,bid,WavyWalnuts,AverageAlmonds,6390799
2026-07-04T01:01:59.698914,2026-07-04T01:01:59.707906+00:00,136.3,20,bid,BrilliantBurritos,AverageAlmonds,6390804
2026-07-04T01:01:59.805286,2026-07-04T01:01:59.808751+00:00,136.2,23,ask,YieldingYams,Xuanyu Liu,6390808
2026-07-04T01:02:03.561750,2026-07-04T01:02:03.570217+00:00,136.0,20,ask,YieldingYams,BrilliantBurritos,6390854
2026-07-04T01:02:04.122653,2026-07-04T01:02:04.130667+00:00,136.0,20,ask,WavyWalnuts,BrilliantBurritos,6390869
2026-07-04T01:02:10.178554,2026-07-04T01:02:10.185900+00:00,136.2,200,bid,YieldingYams,WavyWalnuts,6390935
2026-07-04T01:02:10.249756,2026-07-04T01:02:10.258544+00:00,136.2,425,ask,YieldingYams,AverageAlmonds,6390938
2026-07-04T01:02:12.801401,2026-07-04T01:02:12.818658+00:00,136.1,200,ask,WavyWalnuts,YieldingYams,6390969
2026-07-04T01:02:12.815543,2026-07-04T01:02:12.818658+00:00,136.1,12,bid,Xuanyu Liu,YieldingYams,6390971
2026-07-04T01:02:14.112281,2026-07-04T01:02:14.121378+00:00,136.2,200,bid,YieldingYams,WavyWalnuts,6390992
2026-07-04T01:02:15.935101,2026-07-04T01:02:15.942299+00:00,136.2,20,bid,BrilliantBurritos,YieldingYams,6391008
2026-07-04T01:02:18.050670,2026-07-04T01:02:18.058398+00:00,136.3,200,ask,WavyWalnuts,YieldingYams,6391036
2026-07-04T01:02:20.230005,2026-07-04T01:02:20.241809+00:00,136.2,20,ask,WavyWalnuts,BrilliantBurritos,6391057
2026-07-04T01:02:21.905525,2026-07-04T01:02:21.909380+00:00,136.3,11,bid,Xuanyu Liu,YieldingYams,6391085
2026-07-04T01:02:22.964146,2026-07-04T01:02:22.974612+00:00,136.2,500,ask,YieldingYams,AverageAlmonds,6391109
2026-07-04T01:02:23.312730,2026-07-04T01:02:23.316403+00:00,136.2,3,bid,Xuanyu Liu,YieldingYams,6391117
2026-07-04T01:02:23.606938,2026-07-04T01:02:23.617282+00:00,136.2,200,bid,WavyWalnuts,YieldingYams,6391121
2026-07-04T01:02:24.821660,2026-07-04T01:02:24.828694+00:00,136.3,200,bid,WavyWalnuts,YieldingYams,6391135
2026-07-04T01:02:27.190477,2026-07-04T01:02:27.200502+00:00,136.1,500,ask,YieldingYams,AverageAlmonds,6391163
2026-07-04T01:02:27.235487,2026-07-04T01:02:27.246272+00:00,136.1,200,ask,WavyWalnuts,YieldingYams,6391164
2026-07-04T01:02:27.244488,2026-07-04T01:02:27.248494+00:00,136.1,200,bid,WavyWalnuts,YieldingYams,6391165
2026-07-04T01:02:28.457133,2026-07-04T01:02:28.466150+00:00,136.1,200,bid,WavyWalnuts,YieldingYams,6391186
2026-07-04T01:02:28.547616,2026-07-04T01:02:28.567195+00:00,136.1,500,bid,YieldingYams,AverageAlmonds,6391188
2026-07-04T01:02:28.563687,2026-07-04T01:02:28.567195+00:00,136.2,3,ask,YieldingYams,Xuanyu Liu,6391191
2026-07-04T01:02:29.022953,2026-07-04T01:02:29.032466+00:00,136.2,122,ask,YieldingYams,AverageAlmonds,6391198
2026-07-04T01:02:29.664684,2026-07-04T01:02:29.673859+00:00,136.0,200,bid,WavyWalnuts,AverageAlmonds,6391217
2026-07-04T01:02:29.870210,2026-07-04T01:02:29.873758+00:00,135.9,11,ask,YieldingYams,Xuanyu Liu,6391220
2026-07-04T01:02:31.168842,2026-07-04T01:02:31.187056+00:00,136.0,500,bid,YieldingYams,AverageAlmonds,6391241
2026-07-04T01:02:31.183451,2026-07-04T01:02:31.187056+00:00,136.0,12,ask,YieldingYams,Xuanyu Liu,6391244
2026-07-04T01:02:31.435026,2026-07-04T01:02:31.441775+00:00,136.0,113,ask,YieldingYams,AverageAlmonds,6391248
2026-07-04T01:02:32.102505,2026-07-04T01:02:32.106046+00:00,135.9,12,bid,Xuanyu Liu,WavyWalnuts,6391269
2026-07-04T01:02:33.309613,2026-07-04T01:02:33.313678+00:00,135.8,11,bid,Xuanyu Liu,WavyWalnuts,6391288
2026-07-04T01:02:34.502809,2026-07-04T01:02:34.512195+00:00,135.7,200,ask,YieldingYams,WavyWalnuts,6391296
2026-07-04T01:02:34.634498,2026-07-04T01:02:34.638147+00:00,135.7,11,ask,YieldingYams,Xuanyu Liu,6391302
2026-07-04T01:02:37.792570,2026-07-04T01:02:37.801183+00:00,135.7,200,ask,WavyWalnuts,YieldingYams,6391344
2026-07-04T01:02:40.950092,2026-07-04T01:02:40.953553+00:00,135.8,23,ask,WavyWalnuts,Xuanyu Liu,6391392
2026-07-04T01:02:41.750091,2026-07-04T01:02:41.754794+00:00,135.8,177,ask,WavyWalnuts,YieldingYams,6391408
2026-07-04T01:02:42.138493,2026-07-04T01:02:42.145872+00:00,135.8,20,bid,BrilliantBurritos,YieldingYams,6391412
2026-07-04T01:02:44.170621,2026-07-04T01:02:44.180766+00:00,135.7,200,ask,YieldingYams,WavyWalnuts,6391443
2026-07-04T01:02:49.040369,2026-07-04T01:02:49.048217+00:00,135.8,200,bid,WavyWalnuts,AverageAlmonds,6391519
2026-07-04T01:02:51.460813,2026-07-04T01:02:51.469070+00:00,135.8,200,bid,WavyWalnuts,AverageAlmonds,6391539
2026-07-04T01:02:52.675369,2026-07-04T01:02:52.685154+00:00,135.7,200,bid,WavyWalnuts,AverageAlmonds,6391557
2026-07-04T01:02:54.693597,2026-07-04T01:02:54.697051+00:00,135.8,11,bid,Xuanyu Liu,WavyWalnuts,6391597
2026-07-04T01:02:55.114770,2026-07-04T01:02:55.119386+00:00,135.7,12,bid,Xuanyu Liu,WavyWalnuts,6391603
2026-07-04T01:02:56.879543,2026-07-04T01:02:56.883583+00:00,135.6,11,bid,Xuanyu Liu,AverageAlmonds,6391620
2026-07-04T01:02:57.483838,2026-07-04T01:02:57.505698+00:00,135.5,200,ask,WavyWalnuts,YieldingYams,6391629
2026-07-04T01:02:57.501923,2026-07-04T01:02:57.505698+00:00,135.5,3,bid,Xuanyu Liu,YieldingYams,6391631
2026-07-04T01:02:57.513922,2026-07-04T01:02:57.521245+00:00,135.5,200,bid,WavyWalnuts,YieldingYams,6391632
2026-07-04T01:02:58.791314,2026-07-04T01:02:58.799007+00:00,135.5,200,bid,YieldingYams,WavyWalnuts,6391643
2026-07-04T01:02:58.809152,2026-07-04T01:02:58.812300+00:00,135.5,14,ask,YieldingYams,Xuanyu Liu,6391645
2026-07-04T01:02:59.932815,2026-07-04T01:02:59.943541+00:00,135.5,200,ask,YieldingYams,WavyWalnuts,6391666
2026-07-04T01:03:00.917814,2026-07-04T01:03:00.929915+00:00,135.5,20,bid,BrilliantBurritos,YieldingYams,6391673
2026-07-04T01:03:01.138443,2026-07-04T01:03:01.148359+00:00,135.5,200,bid,WavyWalnuts,YieldingYams,6391677
2026-07-04T01:03:01.410270,2026-07-04T01:03:01.418238+00:00,135.6,500,bid,YieldingYams,AverageAlmonds,6391681
2026-07-04T01:03:01.696963,2026-07-04T01:03:01.705621+00:00,135.6,125,ask,YieldingYams,AverageAlmonds,6391682
2026-07-04T01:03:03.087110,2026-07-04T01:03:03.090701+00:00,135.4,23,ask,WavyWalnuts,Xuanyu Liu,6391702
2026-07-04T01:03:03.948712,2026-07-04T01:03:03.958602+00:00,135.5,20,bid,BrilliantBurritos,YieldingYams,6391712
2026-07-04T01:03:08.010180,2026-07-04T01:03:08.017196+00:00,135.4,200,ask,WavyWalnuts,YieldingYams,6391772
2026-07-04T01:03:09.416918,2026-07-04T01:03:09.420847+00:00,135.4,11,bid,Xuanyu Liu,YieldingYams,6391792
2026-07-04T01:03:09.601091,2026-07-04T01:03:09.612483+00:00,135.4,200,bid,WavyWalnuts,YieldingYams,6391793
2026-07-04T01:03:11.946815,2026-07-04T01:03:11.956181+00:00,135.5,200,bid,YieldingYams,WavyWalnuts,6391821
2026-07-04T01:03:13.258463,2026-07-04T01:03:13.270099+00:00,135.5,200,ask,YieldingYams,WavyWalnuts,6391842
2026-07-04T01:03:15.684447,2026-07-04T01:03:15.694320+00:00,135.4,200,bid,WavyWalnuts,YieldingYams,6391882
2026-07-04T01:03:15.764323,2026-07-04T01:03:15.768233+00:00,135.2,23,ask,YieldingYams,Xuanyu Liu,6391888
2026-07-04T01:03:15.906052,2026-07-04T01:03:15.909432+00:00,135.4,22,ask,YieldingYams,Xuanyu Liu,6391893
2026-07-04T01:03:16.948750,2026-07-04T01:03:16.953050+00:00,135.5,11,bid,Xuanyu Liu,WavyWalnuts,6391912
2026-07-04T01:03:17.203998,2026-07-04T01:03:17.214307+00:00,135.5,189,bid,YieldingYams,WavyWalnuts,6391913
2026-07-04T01:03:17.203998,2026-07-04T01:03:17.214307+00:00,135.6,436,bid,YieldingYams,AverageAlmonds,6391914
2026-07-04T01:03:21.739427,2026-07-04T01:03:21.758552+00:00,135.6,200,bid,WavyWalnuts,AverageAlmonds,6391973
2026-07-04T01:03:22.448727,2026-07-04T01:03:22.458644+00:00,135.6,500,bid,YieldingYams,AverageAlmonds,6391986
2026-07-04T01:03:22.914818,2026-07-04T01:03:22.922700+00:00,135.6,125,ask,YieldingYams,AverageAlmonds,6391992
2026-07-04T01:03:23.221865,2026-07-04T01:03:23.233614+00:00,135.6,20,bid,BrilliantBurritos,AverageAlmonds,6391997
2026-07-04T01:03:23.760522,2026-07-04T01:03:23.779068+00:00,135.4,200,ask,WavyWalnuts,YieldingYams,6392004
2026-07-04T01:03:23.775571,2026-07-04T01:03:23.779068+00:00,135.4,11,bid,Xuanyu Liu,YieldingYams,6392006
2026-07-04T01:03:26.221045,2026-07-04T01:03:26.232767+00:00,135.4,20,bid,BrilliantBurritos,WavyWalnuts,6392049
2026-07-04T01:03:29.021321,2026-07-04T01:03:29.029575+00:00,135.4,200,bid,WavyWalnuts,YieldingYams,6392081
2026-07-04T01:03:31.456023,2026-07-04T01:03:31.459615+00:00,135.3,12,bid,Xuanyu Liu,WavyWalnuts,6392103
2026-07-04T01:03:32.657657,2026-07-04T01:03:32.668677+00:00,135.2,200,ask,YieldingYams,WavyWalnuts,6392117
2026-07-04T01:03:38.720889,2026-07-04T01:03:38.730086+00:00,135.1,200,bid,WavyWalnuts,YieldingYams,6392209
2026-07-04T01:03:39.933563,2026-07-04T01:03:39.940255+00:00,135.1,200,ask,YieldingYams,WavyWalnuts,6392238
2026-07-04T01:03:42.348604,2026-07-04T01:03:42.359846+00:00,135.1,200,ask,YieldingYams,WavyWalnuts,6392274
2026-07-04T01:03:42.894453,2026-07-04T01:03:42.905075+00:00,135.1,425,ask,YieldingYams,AverageAlmonds,6392281
2026-07-04T01:03:42.910642,2026-07-04T01:03:42.914246+00:00,135.1,11,bid,Xuanyu Liu,AverageAlmonds,6392283
2026-07-04T01:03:42.941292,2026-07-04T01:03:42.952787+00:00,134.8,20,ask,WavyWalnuts,BrilliantBurritos,6392285
2026-07-04T01:03:43.424483,2026-07-04T01:03:43.428075+00:00,135.0,12,bid,Xuanyu Liu,YieldingYams,6392295
2026-07-04T01:03:43.850671,2026-07-04T01:03:43.857031+00:00,134.9,20,ask,WavyWalnuts,BrilliantBurritos,6392313
2026-07-04T01:03:46.514801,2026-07-04T01:03:46.526280+00:00,135.0,20,bid,BrilliantBurritos,YieldingYams,6392355
2026-07-04T01:03:47.194420,2026-07-04T01:03:47.202635+00:00,135.0,200,bid,WavyWalnuts,YieldingYams,6392368
2026-07-04T01:03:49.975449,2026-07-04T01:03:49.978880+00:00,135.0,200,ask,WavyWalnuts,YieldingYams,6392401
2026-07-04T01:03:52.040829,2026-07-04T01:03:52.052211+00:00,134.9,200,ask,YieldingYams,WavyWalnuts,6392427
2026-07-04T01:03:54.455463,2026-07-04T01:03:54.468973+00:00,135.0,200,bid,WavyWalnuts,AverageAlmonds,6392460
2026-07-04T01:03:55.232504,2026-07-04T01:03:55.242628+00:00,135.0,500,bid,YieldingYams,AverageAlmonds,6392465
2026-07-04T01:03:55.247717,2026-07-04T01:03:55.250809+00:00,135.0,12,ask,YieldingYams,Xuanyu Liu,6392468
2026-07-04T01:03:55.938048,2026-07-04T01:03:55.947072+00:00,135.0,20,ask,YieldingYams,BrilliantBurritos,6392481
2026-07-04T01:03:56.549383,2026-07-04T01:03:56.560407+00:00,135.0,200,ask,WavyWalnuts,YieldingYams,6392488
2026-07-04T01:03:56.931050,2026-07-04T01:03:56.939977+00:00,134.9,200,bid,WavyWalnuts,YieldingYams,6392493
2026-07-04T01:03:58.860227,2026-07-04T01:03:58.871751+00:00,135.2,20,bid,BrilliantBurritos,WavyWalnuts,6392518
2026-07-04T01:03:59.357968,2026-07-04T01:03:59.368663+00:00,135.0,200,ask,YieldingYams,WavyWalnuts,6392526
2026-07-04T01:04:03.103625,2026-07-04T01:04:03.115107+00:00,135.1,200,bid,YieldingYams,WavyWalnuts,6392594
2026-07-04T01:04:03.212982,2026-07-04T01:04:03.217152+00:00,135.1,11,ask,YieldingYams,Xuanyu Liu,6392597
2026-07-04T01:04:06.847678,2026-07-04T01:04:06.858552+00:00,135.3,20,bid,BrilliantBurritos,YieldingYams,6392647
2026-07-04T01:04:09.028022,2026-07-04T01:04:09.037282+00:00,135.1,200,ask,YieldingYams,WavyWalnuts,6392679
2026-07-04T01:04:10.234653,2026-07-04T01:04:10.245160+00:00,135.0,200,ask,YieldingYams,WavyWalnuts,6392690
2026-07-04T01:04:10.741916,2026-07-04T01:04:10.757084+00:00,135.2,20,bid,BrilliantBurritos,YieldingYams,6392695
2026-07-04T01:04:11.443421,2026-07-04T01:04:11.458574+00:00,135.1,200,ask,YieldingYams,WavyWalnuts,6392703
2026-07-04T01:04:12.658987,2026-07-04T01:04:12.669245+00:00,135.2,200,ask,YieldingYams,WavyWalnuts,6392727
2026-07-04T01:04:12.661935,2026-07-04T01:04:12.669245+00:00,135.5,20,bid,BrilliantBurritos,YieldingYams,6392728
2026-07-04T01:04:13.866043,2026-07-04T01:04:13.875761+00:00,135.2,200,ask,YieldingYams,WavyWalnuts,6392740
2026-07-04T01:04:16.632988,2026-07-04T01:04:16.640525+00:00,135.3,20,bid,BrilliantBurritos,YieldingYams,6392769
2026-07-04T01:04:17.023210,2026-07-04T01:04:17.026289+00:00,135.3,11,bid,Xuanyu Liu,YieldingYams,6392775
2026-07-04T01:04:17.487521,2026-07-04T01:04:17.497426+00:00,135.3,200,bid,WavyWalnuts,YieldingYams,6392778
2026-07-04T01:04:17.530159,2026-07-04T01:04:17.533281+00:00,135.2,12,bid,Xuanyu Liu,YieldingYams,6392781
2026-07-04T01:04:18.695015,2026-07-04T01:04:18.705553+00:00,135.2,200,bid,WavyWalnuts,YieldingYams,6392801
2026-07-04T01:04:19.901920,2026-07-04T01:04:19.917368+00:00,135.2,200,bid,WavyWalnuts,YieldingYams,6392821
2026-07-04T01:04:25.399331,2026-07-04T01:04:25.408618+00:00,135.3,200,bid,YieldingYams,WavyWalnuts,6392886
2026-07-04T01:04:25.941275,2026-07-04T01:04:25.949515+00:00,135.3,200,ask,YieldingYams,WavyWalnuts,6392895
2026-07-04T01:04:29.577981,2026-07-04T01:04:29.587589+00:00,135.5,200,bid,WavyWalnuts,YieldingYams,6392937
2026-07-04T01:04:31.962509,2026-07-04T01:04:31.969174+00:00,135.5,200,ask,WavyWalnuts,YieldingYams,6392957
2026-07-04T01:04:31.992814,2026-07-04T01:04:32.000877+00:00,135.5,200,bid,WavyWalnuts,YieldingYams,6392960
2026-07-04T01:04:33.201235,2026-07-04T01:04:33.210874+00:00,135.5,200,bid,WavyWalnuts,YieldingYams,6392982
2026-07-04T01:04:39.252005,2026-07-04T01:04:39.258661+00:00,135.5,200,bid,WavyWalnuts,AverageAlmonds,6393065
2026-07-04T01:04:39.832677,2026-07-04T01:04:39.843083+00:00,135.5,500,bid,YieldingYams,AverageAlmonds,6393073
2026-07-04T01:04:40.394919,2026-07-04T01:04:40.406167+00:00,135.5,125,ask,YieldingYams,AverageAlmonds,6393080
2026-07-04T01:04:40.478319,2026-07-04T01:04:40.489837+00:00,135.5,200,bid,WavyWalnuts,AverageAlmonds,6393083
2026-07-04T01:04:41.149862,2026-07-04T01:04:41.154862+00:00,135.4,500,bid,YieldingYams,AverageAlmonds,6393091
2026-07-04T01:04:43.765960,2026-07-04T01:04:43.774361+00:00,135.4,500,bid,YieldingYams,AverageAlmonds,6393124
2026-07-04T01:04:43.765960,2026-07-04T01:04:43.774361+00:00,135.5,125,bid,YieldingYams,WavyWalnuts,6393125
2026-07-04T01:04:44.114893,2026-07-04T01:04:44.122438+00:00,135.4,200,bid,WavyWalnuts,AverageAlmonds,6393128
2026-07-04T01:04:45.097433,2026-07-04T01:04:45.101196+00:00,135.2,14,bid,Xuanyu Liu,YieldingYams,6393145
2026-07-04T01:04:45.323539,2026-07-04T01:04:45.330582+00:00,135.2,200,bid,WavyWalnuts,YieldingYams,6393147
2026-07-04T01:04:47.691227,2026-07-04T01:04:47.702072+00:00,135.2,500,ask,YieldingYams,AverageAlmonds,6393192
2026-07-04T01:04:48.895122,2026-07-04T01:04:48.906912+00:00,135.3,20,bid,BrilliantBurritos,YieldingYams,6393202
2026-07-04T01:04:48.947418,2026-07-04T01:04:48.955396+00:00,135.3,200,bid,WavyWalnuts,YieldingYams,6393204
2026-07-04T01:04:50.343107,2026-07-04T01:04:50.358564+00:00,135.4,500,bid,YieldingYams,AverageAlmonds,6393230
2026-07-04T01:04:50.343107,2026-07-04T01:04:50.358564+00:00,135.4,125,bid,YieldingYams,WavyWalnuts,6393231
2026-07-04T01:04:54.991625,2026-07-04T01:04:55.007222+00:00,135.3,200,ask,WavyWalnuts,AverageAlmonds,6393288
2026-07-04T01:04:58.214342,2026-07-04T01:04:58.222671+00:00,135.2,200,ask,WavyWalnuts,YieldingYams,6393331
2026-07-04T01:04:58.570524,2026-07-04T01:04:58.579860+00:00,134.9,20,ask,YieldingYams,BrilliantBurritos,6393332
2026-07-04T01:04:59.824879,2026-07-04T01:04:59.836266+00:00,135.0,200,bid,WavyWalnuts,YieldingYams,6393356
2026-07-04T01:05:01.049998,2026-07-04T01:05:01.053522+00:00,135.0,3,ask,WavyWalnuts,Xuanyu Liu,6393372
2026-07-04T01:05:01.348289,2026-07-04T01:05:01.352125+00:00,135.0,11,ask,WavyWalnuts,Xuanyu Liu,6393378
2026-07-04T01:05:02.244289,2026-07-04T01:05:02.254225+00:00,135.2,200,bid,WavyWalnuts,YieldingYams,6393391
2026-07-04T01:05:03.454600,2026-07-04T01:05:03.463664+00:00,135.0,200,bid,WavyWalnuts,AverageAlmonds,6393415
2026-07-04T01:05:03.468663,2026-07-04T01:05:03.479642+00:00,135.0,300,bid,YieldingYams,AverageAlmonds,6393416
2026-07-04T01:05:04.016252,2026-07-04T01:05:04.022881+00:00,135.0,325,ask,YieldingYams,AverageAlmonds,6393421
2026-07-04T01:05:04.659593,2026-07-04T01:05:04.669052+00:00,134.1,20,ask,AverageAlmonds,BrilliantBurritos,6393434
2026-07-04T01:05:04.665311,2026-07-04T01:05:04.674333+00:00,134.9,200,bid,WavyWalnuts,AverageAlmonds,6393435
2026-07-04T01:05:05.872855,2026-07-04T01:05:05.884737+00:00,134.9,200,bid,WavyWalnuts,AverageAlmonds,6393454
2026-07-04T01:05:06.494964,2026-07-04T01:05:06.498132+00:00,134.8,23,ask,YieldingYams,Xuanyu Liu,6393468
2026-07-04T01:05:07.095858,2026-07-04T01:05:07.099231+00:00,134.9,12,ask,WavyWalnuts,Xuanyu Liu,6393476
2026-07-04T01:05:08.707767,2026-07-04T01:05:08.717880+00:00,134.9,200,bid,YieldingYams,WavyWalnuts,6393501
2026-07-04T01:05:12.062316,2026-07-04T01:05:12.069041+00:00,135.0,20,bid,BrilliantBurritos,YieldingYams,6393543
2026-07-04T01:05:12.816134,2026-07-04T01:05:12.819767+00:00,134.9,11,ask,YieldingYams,Xuanyu Liu,6393562
2026-07-04T01:05:13.164041,2026-07-04T01:05:13.174970+00:00,134.9,200,ask,YieldingYams,WavyWalnuts,6393566
2026-07-04T01:05:16.566128,2026-07-04T01:05:16.572888+00:00,134.9,200,bid,YieldingYams,WavyWalnuts,6393602
2026-07-04T01:05:16.583053,2026-07-04T01:05:16.586619+00:00,134.9,11,ask,YieldingYams,Xuanyu Liu,6393604
2026-07-04T01:05:16.741068,2026-07-04T01:05:16.752546+00:00,134.9,414,ask,YieldingYams,AverageAlmonds,6393605
2026-07-04T01:05:17.878194,2026-07-04T01:05:17.885015+00:00,134.7,200,ask,WavyWalnuts,YieldingYams,6393617
2026-07-04T01:05:19.080088,2026-07-04T01:05:19.083813+00:00,134.7,11,bid,Xuanyu Liu,YieldingYams,6393642
2026-07-04T01:05:21.116128,2026-07-04T01:05:21.127468+00:00,134.8,20,bid,BrilliantBurritos,WavyWalnuts,6393675
2026-07-04T01:05:22.847757,2026-07-04T01:05:22.863885+00:00,134.7,200,ask,YieldingYams,WavyWalnuts,6393702
2026-07-04T01:05:27.061635,2026-07-04T01:05:27.070219+00:00,134.8,200,ask,WavyWalnuts,YieldingYams,6393756
2026-07-04T01:05:31.706274,2026-07-04T01:05:31.717910+00:00,135.0,20,bid,BrilliantBurritos,YieldingYams,6393814
2026-07-04T01:05:32.516677,2026-07-04T01:05:32.524162+00:00,134.9,200,bid,WavyWalnuts,AverageAlmonds,6393821
2026-07-04T01:05:33.724905,2026-07-04T01:05:33.731821+00:00,134.9,200,bid,WavyWalnuts,YieldingYams,6393846
2026-07-04T01:05:36.241838,2026-07-04T01:05:36.252874+00:00,135.0,500,bid,YieldingYams,AverageAlmonds,6393880
2026-07-04T01:05:36.720893,2026-07-04T01:05:36.729912+00:00,135.0,125,ask,YieldingYams,AverageAlmonds,6393886
2026-07-04T01:05:37.367063,2026-07-04T01:05:37.375496+00:00,135.0,200,bid,WavyWalnuts,AverageAlmonds,6393896
2026-07-04T01:05:38.090135,2026-07-04T01:05:38.094044+00:00,135.0,23,bid,Xuanyu Liu,YieldingYams,6393905
2026-07-04T01:05:39.137192,2026-07-04T01:05:39.155247+00:00,134.9,200,ask,WavyWalnuts,AverageAlmonds,6393916
2026-07-04T01:05:39.152074,2026-07-04T01:05:39.155247+00:00,134.9,11,bid,Xuanyu Liu,AverageAlmonds,6393918
2026-07-04T01:05:39.443243,2026-07-04T01:05:39.458606+00:00,134.9,20,bid,BrilliantBurritos,AverageAlmonds,6393925
2026-07-04T01:05:39.996084,2026-07-04T01:05:40.007749+00:00,134.9,20,bid,BrilliantBurritos,AverageAlmonds,6393937
2026-07-04T01:05:41.361131,2026-07-04T01:05:41.372997+00:00,134.7,20,ask,YieldingYams,BrilliantBurritos,6393957
2026-07-04T01:05:41.489066,2026-07-04T01:05:41.496775+00:00,134.7,200,ask,WavyWalnuts,YieldingYams,6393960
2026-07-04T01:05:43.529825,2026-07-04T01:05:43.541595+00:00,134.8,20,bid,BrilliantBurritos,YieldingYams,6393990
2026-07-04T01:05:45.602414,2026-07-04T01:05:45.606192+00:00,134.8,12,bid,Xuanyu Liu,WavyWalnuts,6394009
2026-07-04T01:05:50.686626,2026-07-04T01:05:50.698063+00:00,135.0,200,bid,YieldingYams,WavyWalnuts,6394082
2026-07-04T01:05:50.700949,2026-07-04T01:05:50.709009+00:00,135.0,200,ask,YieldingYams,WavyWalnuts,6394084
2026-07-04T01:05:51.851398,2026-07-04T01:05:51.858414+00:00,135.0,225,ask,YieldingYams,AverageAlmonds,6394097
2026-07-04T01:05:51.998869,2026-07-04T01:05:52.005278+00:00,134.8,200,ask,WavyWalnuts,YieldingYams,6394102
2026-07-04T01:05:52.018034,2026-07-04T01:05:52.021517+00:00,134.8,11,bid,Xuanyu Liu,YieldingYams,6394105
2026-07-04T01:05:54.325207,2026-07-04T01:05:54.335318+00:00,134.7,200,ask,YieldingYams,WavyWalnuts,6394138
2026-07-04T01:05:55.532753,2026-07-04T01:05:55.540649+00:00,134.7,200,ask,YieldingYams,WavyWalnuts,6394153
2026-07-04T01:05:57.311401,2026-07-04T01:05:57.320955+00:00,134.7,200,ask,WavyWalnuts,AverageAlmonds,6394182
2026-07-04T01:05:57.311401,2026-07-04T01:05:57.320955+00:00,134.7,300,ask,YieldingYams,AverageAlmonds,6394183
2026-07-04T01:05:57.907388,2026-07-04T01:05:57.914163+00:00,134.7,325,ask,YieldingYams,AverageAlmonds,6394191
2026-07-04T01:05:59.865766,2026-07-04T01:05:59.877374+00:00,134.6,200,ask,WavyWalnuts,YieldingYams,6394213
2026-07-04T01:06:07.740412,2026-07-04T01:06:07.748577+00:00,134.7,500,bid,YieldingYams,AverageAlmonds,6394320
2026-07-04T01:06:08.205712,2026-07-04T01:06:08.211997+00:00,134.7,125,ask,YieldingYams,AverageAlmonds,6394327
2026-07-04T01:06:12.475243,2026-07-04T01:06:12.484843+00:00,134.7,200,ask,YieldingYams,WavyWalnuts,6394370
2026-07-04T01:06:12.928534,2026-07-04T01:06:12.932461+00:00,134.7,11,ask,YieldingYams,Xuanyu Liu,6394379
2026-07-04T01:06:13.154623,2026-07-04T01:06:13.166149+00:00,134.6,20,ask,YieldingYams,BrilliantBurritos,6394381
2026-07-04T01:06:16.103086,2026-07-04T01:06:16.117208+00:00,134.8,200,bid,WavyWalnuts,YieldingYams,6394417
2026-07-04T01:06:18.231044,2026-07-04T01:06:18.248453+00:00,134.7,200,ask,WavyWalnuts,YieldingYams,6394452
2026-07-04T01:06:18.244948,2026-07-04T01:06:18.248453+00:00,134.6,11,bid,Xuanyu Liu,YieldingYams,6394454
2026-07-04T01:06:18.521016,2026-07-04T01:06:18.531343+00:00,134.6,200,bid,WavyWalnuts,YieldingYams,6394456
2026-07-04T01:06:19.054337,2026-07-04T01:06:19.065629+00:00,134.6,20,bid,BrilliantBurritos,YieldingYams,6394467
2026-07-04T01:06:19.553745,2026-07-04T01:06:19.557183+00:00,134.6,23,ask,YieldingYams,Xuanyu Liu,6394477
2026-07-04T01:06:19.731338,2026-07-04T01:06:19.738735+00:00,134.8,200,bid,WavyWalnuts,YieldingYams,6394480
2026-07-04T01:06:22.371467,2026-07-04T01:06:22.375026+00:00,134.9,23,bid,Xuanyu Liu,YieldingYams,6394518
2026-07-04T01:06:23.040997,2026-07-04T01:06:23.052906+00:00,134.7,20,ask,WavyWalnuts,BrilliantBurritos,6394525
2026-07-04T01:06:23.485599,2026-07-04T01:06:23.496525+00:00,134.8,200,ask,WavyWalnuts,YieldingYams,6394530
2026-07-04T01:06:23.501717,2026-07-04T01:06:23.505225+00:00,134.7,3,bid,Xuanyu Liu,YieldingYams,6394532
2026-07-04T01:06:24.578147,2026-07-04T01:06:24.587292+00:00,134.7,200,bid,WavyWalnuts,YieldingYams,6394550
2026-07-04T01:06:25.765097,2026-07-04T01:06:25.775265+00:00,134.7,500,ask,YieldingYams,AverageAlmonds,6394565
2026-07-04T01:06:26.127975,2026-07-04T01:06:26.139402+00:00,134.6,200,ask,WavyWalnuts,YieldingYams,6394569
2026-07-04T01:06:26.997922,2026-07-04T01:06:27.005926+00:00,134.5,200,bid,WavyWalnuts,YieldingYams,6394586
2026-07-04T01:06:27.146723,2026-07-04T01:06:27.158610+00:00,134.2,20,ask,YieldingYams,BrilliantBurritos,6394588
2026-07-04T01:06:28.209497,2026-07-04T01:06:28.218047+00:00,134.6,200,bid,WavyWalnuts,YieldingYams,6394602
2026-07-04T01:06:28.785208,2026-07-04T01:06:28.788344+00:00,134.5,3,ask,YieldingYams,Xuanyu Liu,6394611
2026-07-04T01:06:31.864704,2026-07-04T01:06:31.867876+00:00,134.7,3,bid,Xuanyu Liu,YieldingYams,6394664
2026-07-04T01:06:32.685524,2026-07-04T01:06:32.693176+00:00,134.6,200,ask,WavyWalnuts,YieldingYams,6394674
2026-07-04T01:06:34.028140,2026-07-04T01:06:34.039762+00:00,134.4,20,ask,WavyWalnuts,BrilliantBurritos,6394697
2026-07-04T01:06:37.889035,2026-07-04T01:06:37.895836+00:00,134.4,200,ask,YieldingYams,WavyWalnuts,6394744
2026-07-04T01:06:40.045669,2026-07-04T01:06:40.057242+00:00,134.5,20,bid,BrilliantBurritos,WavyWalnuts,6394776
2026-07-04T01:06:40.562200,2026-07-04T01:06:40.569716+00:00,134.5,200,ask,WavyWalnuts,YieldingYams,6394783
2026-07-04T01:06:41.509013,2026-07-04T01:06:41.515700+00:00,134.4,200,bid,WavyWalnuts,YieldingYams,6394800
2026-07-04T01:06:41.868723,2026-07-04T01:06:41.884891+00:00,134.6,200,bid,YieldingYams,WavyWalnuts,6394805
2026-07-04T01:06:41.881793,2026-07-04T01:06:41.884891+00:00,134.6,3,ask,YieldingYams,Xuanyu Liu,6394807
2026-07-04T01:06:42.728102,2026-07-04T01:06:42.738971+00:00,134.6,200,ask,YieldingYams,WavyWalnuts,6394824
2026-07-04T01:06:42.828302,2026-07-04T01:06:42.840061+00:00,134.8,20,bid,BrilliantBurritos,YieldingYams,6394828
2026-07-04T01:06:43.934566,2026-07-04T01:06:43.945556+00:00,134.5,200,bid,WavyWalnuts,YieldingYams,6394845
2026-07-04T01:06:44.501834,2026-07-04T01:06:44.505760+00:00,134.5,3,bid,Xuanyu Liu,YieldingYams,6394851
2026-07-04T01:06:45.141430,2026-07-04T01:06:45.149842+00:00,134.5,200,bid,WavyWalnuts,YieldingYams,6394861
2026-07-04T01:06:45.770223,2026-07-04T01:06:45.774016+00:00,134.3,3,ask,YieldingYams,Xuanyu Liu,6394871
2026-07-04T01:06:46.351109,2026-07-04T01:06:46.364180+00:00,134.5,200,ask,YieldingYams,WavyWalnuts,6394876
2026-07-04T01:06:46.602029,2026-07-04T01:06:46.613880+00:00,134.7,20,bid,BrilliantBurritos,YieldingYams,6394881
2026-07-04T01:06:48.781660,2026-07-04T01:06:48.789940+00:00,134.5,200,bid,WavyWalnuts,YieldingYams,6394899
2026-07-04T01:06:50.888983,2026-07-04T01:06:50.892874+00:00,134.4,11,ask,YieldingYams,Xuanyu Liu,6394936
2026-07-04T01:06:52.421940,2026-07-04T01:06:52.429681+00:00,134.5,200,bid,WavyWalnuts,YieldingYams,6394956
2026-07-04T01:06:54.774684,2026-07-04T01:06:54.786668+00:00,134.4,20,ask,WavyWalnuts,BrilliantBurritos,6394986
2026-07-04T01:06:54.847097,2026-07-04T01:06:54.858538+00:00,134.5,200,bid,WavyWalnuts,YieldingYams,6394989
2026-07-04T01:06:56.056001,2026-07-04T01:06:56.064054+00:00,134.4,200,bid,WavyWalnuts,YieldingYams,6395003
2026-07-04T01:06:57.588758,2026-07-04T01:06:57.607147+00:00,134.4,200,bid,YieldingYams,WavyWalnuts,6395029
2026-07-04T01:06:57.603642,2026-07-04T01:06:57.607147+00:00,134.5,12,ask,YieldingYams,Xuanyu Liu,6395033
2026-07-04T01:06:58.473338,2026-07-04T01:06:58.482830+00:00,134.5,200,ask,YieldingYams,WavyWalnuts,6395050
2026-07-04T01:06:58.916342,2026-07-04T01:06:58.920025+00:00,134.4,12,bid,Xuanyu Liu,YieldingYams,6395054
2026-07-04T01:07:00.886764,2026-07-04T01:07:00.895375+00:00,134.3,200,ask,AverageAlmonds,WavyWalnuts,6395078
2026-07-04T01:07:01.518525,2026-07-04T01:07:01.525407+00:00,134.4,500,ask,AverageAlmonds,YieldingYams,6395086
2026-07-04T01:07:02.064876,2026-07-04T01:07:02.074267+00:00,134.4,125,bid,AverageAlmonds,YieldingYams,6395091
2026-07-04T01:07:02.102345,2026-07-04T01:07:02.111117+00:00,134.4,200,ask,AverageAlmonds,WavyWalnuts,6395093
2026-07-04T01:07:02.836175,2026-07-04T01:07:02.840046+00:00,134.6,10,ask,YieldingYams,Xuanyu Liu,6395102
2026-07-04T01:07:03.197369,2026-07-04T01:07:03.207153+00:00,134.6,20,ask,YieldingYams,BrilliantBurritos,6395105
2026-07-04T01:07:03.312937,2026-07-04T01:07:03.323155+00:00,134.6,200,ask,YieldingYams,WavyWalnuts,6395106
2026-07-04T01:07:04.150467,2026-07-04T01:07:04.154152+00:00,134.7,10,bid,Xuanyu Liu,YieldingYams,6395123
2026-07-04T01:07:04.522158,2026-07-04T01:07:04.533567+00:00,134.5,200,ask,YieldingYams,WavyWalnuts,6395127
2026-07-04T01:07:05.729526,2026-07-04T01:07:05.737180+00:00,134.6,200,ask,YieldingYams,WavyWalnuts,6395143
2026-07-04T01:07:08.068873,2026-07-04T01:07:08.075859+00:00,134.7,200,bid,YieldingYams,WavyWalnuts,6395161
2026-07-04T01:07:09.902631,2026-07-04T01:07:09.906225+00:00,134.9,11,bid,Xuanyu Liu,WavyWalnuts,6395188
2026-07-04T01:07:10.693144,2026-07-04T01:07:10.711690+00:00,134.8,200,ask,WavyWalnuts,YieldingYams,6395201
2026-07-04T01:07:10.708359,2026-07-04T01:07:10.711690+00:00,134.8,3,bid,Xuanyu Liu,YieldingYams,6395203
2026-07-04T01:07:11.551829,2026-07-04T01:07:11.558574+00:00,134.6,20,ask,YieldingYams,BrilliantBurritos,6395216
2026-07-04T01:07:11.775585,2026-07-04T01:07:11.784644+00:00,134.8,200,bid,WavyWalnuts,YieldingYams,6395227
2026-07-04T01:07:16.634341,2026-07-04T01:07:16.643915+00:00,134.9,200,ask,YieldingYams,WavyWalnuts,6395285
2026-07-04T01:07:18.635438,2026-07-04T01:07:18.646938+00:00,134.9,20,ask,WavyWalnuts,BrilliantBurritos,6395311
2026-07-04T01:07:22.682782,2026-07-04T01:07:22.690985+00:00,134.9,200,ask,YieldingYams,WavyWalnuts,6395347
2026-07-04T01:07:29.580755,2026-07-04T01:07:29.592332+00:00,135.0,20,bid,BrilliantBurritos,YieldingYams,6395431
2026-07-04T01:07:34.300023,2026-07-04T01:07:34.310810+00:00,135.1,200,ask,WavyWalnuts,YieldingYams,6395493
2026-07-04T01:07:34.822053,2026-07-04T01:07:34.830067+00:00,135.1,200,bid,WavyWalnuts,YieldingYams,6395498
2026-07-04T01:07:36.041419,2026-07-04T01:07:36.044531+00:00,135.2,3,ask,WavyWalnuts,Xuanyu Liu,6395517
2026-07-04T01:07:36.434863,2026-07-04T01:07:36.458602+00:00,135.3,20,bid,BrilliantBurritos,YieldingYams,6395527
2026-07-04T01:07:39.563882,2026-07-04T01:07:39.567042+00:00,135.3,11,ask,YieldingYams,Xuanyu Liu,6395559
2026-07-04T01:07:39.652616,2026-07-04T01:07:39.663915+00:00,135.3,200,ask,YieldingYams,WavyWalnuts,6395565
2026-07-04T01:07:40.592972,2026-07-04T01:07:40.600779+00:00,135.3,20,ask,YieldingYams,BrilliantBurritos,6395582
2026-07-04T01:07:43.470306,2026-07-04T01:07:43.479475+00:00,135.1,200,ask,WavyWalnuts,YieldingYams,6395623
2026-07-04T01:07:44.704539,2026-07-04T01:07:44.708019+00:00,135.1,11,bid,Xuanyu Liu,YieldingYams,6395638
2026-07-04T01:07:46.097110,2026-07-04T01:07:46.104383+00:00,135.0,200,ask,WavyWalnuts,YieldingYams,6395663
2026-07-04T01:07:52.913715,2026-07-04T01:07:52.922786+00:00,135.2,200,bid,AverageAlmonds,WavyWalnuts,6395760
2026-07-04T01:07:52.913715,2026-07-04T01:07:52.922786+00:00,135.2,300,bid,AverageAlmonds,YieldingYams,6395761
2026-07-04T01:07:52.964192,2026-07-04T01:07:52.975707+00:00,135.2,200,bid,WavyWalnuts,YieldingYams,6395763
2026-07-04T01:07:53.513656,2026-07-04T01:07:53.521766+00:00,135.2,125,bid,AverageAlmonds,YieldingYams,6395768
2026-07-04T01:07:53.951277,2026-07-04T01:07:53.958624+00:00,135.4,20,bid,BrilliantBurritos,WavyWalnuts,6395774
2026-07-04T01:07:54.177202,2026-07-04T01:07:54.188308+00:00,135.3,200,ask,YieldingYams,WavyWalnuts,6395779
2026-07-04T01:07:59.083271,2026-07-04T01:07:59.095009+00:00,135.3,20,ask,YieldingYams,BrilliantBurritos,6395853
2026-07-04T01:08:00.235459,2026-07-04T01:08:00.245475+00:00,135.5,200,bid,WavyWalnuts,YieldingYams,6395875
2026-07-04T01:08:03.166048,2026-07-04T01:08:03.169503+00:00,135.5,3,bid,Xuanyu Liu,YieldingYams,6395918
2026-07-04T01:08:03.689740,2026-07-04T01:08:03.693582+00:00,135.5,14,bid,Xuanyu Liu,YieldingYams,6395928
2026-07-04T01:08:04.455583,2026-07-04T01:08:04.468008+00:00,135.4,200,ask,WavyWalnuts,YieldingYams,6395940
2026-07-04T01:08:04.464340,2026-07-04T01:08:04.468008+00:00,135.4,12,bid,Xuanyu Liu,YieldingYams,6395942
2026-07-04T01:08:05.095314,2026-07-04T01:08:05.099242+00:00,135.3,23,ask,WavyWalnuts,Xuanyu Liu,6395952
2026-07-04T01:08:07.506169,2026-07-04T01:08:07.514700+00:00,135.4,200,bid,WavyWalnuts,YieldingYams,6395983
2026-07-04T01:08:08.715832,2026-07-04T01:08:08.725093+00:00,135.5,200,bid,WavyWalnuts,YieldingYams,6396002
2026-07-04T01:08:09.938493,2026-07-04T01:08:09.942159+00:00,135.5,3,ask,WavyWalnuts,Xuanyu Liu,6396021
2026-07-04T01:08:10.995853,2026-07-04T01:08:11.002983+00:00,135.5,197,ask,WavyWalnuts,YieldingYams,6396030
2026-07-04T01:08:15.966655,2026-07-04T01:08:15.975411+00:00,135.7,200,bid,WavyWalnuts,YieldingYams,6396093
2026-07-04T01:08:17.176766,2026-07-04T01:08:17.184954+00:00,135.6,200,ask,YieldingYams,WavyWalnuts,6396111
2026-07-04T01:08:17.660919,2026-07-04T01:08:17.672580+00:00,135.6,20,bid,BrilliantBurritos,YieldingYams,6396115
2026-07-04T01:08:20.832748,2026-07-04T01:08:20.843834+00:00,135.4,200,ask,YieldingYams,WavyWalnuts,6396149
2026-07-04T01:08:22.040353,2026-07-04T01:08:22.046533+00:00,135.4,200,bid,WavyWalnuts,YieldingYams,6396169
2026-07-04T01:08:22.637882,2026-07-04T01:08:22.645959+00:00,135.2,20,ask,YieldingYams,BrilliantBurritos,6396176
2026-07-04T01:08:25.460109,2026-07-04T01:08:25.469323+00:00,135.3,200,bid,YieldingYams,WavyWalnuts,6396213
2026-07-04T01:08:26.776520,2026-07-04T01:08:26.786783+00:00,135.3,200,ask,WavyWalnuts,YieldingYams,6396234
2026-07-04T01:08:29.261771,2026-07-04T01:08:29.268919+00:00,135.3,20,bid,BrilliantBurritos,WavyWalnuts,6396263
2026-07-04T01:08:33.437379,2026-07-04T01:08:33.458788+00:00,135.2,20,bid,BrilliantBurritos,WavyWalnuts,6396321
2026-07-04T01:08:34.862403,2026-07-04T01:08:34.874189+00:00,135.2,20,bid,BrilliantBurritos,YieldingYams,6396347
2026-07-04T01:08:38.983933,2026-07-04T01:08:38.995391+00:00,135.1,20,bid,BrilliantBurritos,WavyWalnuts,6396397
2026-07-04T01:08:41.184700,2026-07-04T01:08:41.192937+00:00,135.1,200,bid,YieldingYams,WavyWalnuts,6396426
2026-07-04T01:08:41.427090,2026-07-04T01:08:41.438397+00:00,135.2,200,ask,YieldingYams,WavyWalnuts,6396431
2026-07-04T01:08:43.396682,2026-07-04T01:08:43.403788+00:00,135.1,20,ask,YieldingYams,BrilliantBurritos,6396462
2026-07-04T01:08:43.779851,2026-07-04T01:08:43.789719+00:00,135.2,200,bid,AverageAlmonds,WavyWalnuts,6396467
2026-07-04T01:08:43.838758,2026-07-04T01:08:43.848425+00:00,135.2,200,ask,AverageAlmonds,WavyWalnuts,6396471
2026-07-04T01:08:45.130607,2026-07-04T01:08:45.136857+00:00,135.1,500,ask,AverageAlmonds,YieldingYams,6396488
2026-07-04T01:08:46.254889,2026-07-04T01:08:46.258606+00:00,135.1,125,bid,WavyWalnuts,YieldingYams,6396512
2026-07-04T01:08:47.470233,2026-07-04T01:08:47.479932+00:00,135.2,200,ask,YieldingYams,WavyWalnuts,6396536
2026-07-04T01:08:49.203981,2026-07-04T01:08:49.210732+00:00,135.1,200,bid,AverageAlmonds,WavyWalnuts,6396552
2026-07-04T01:08:49.847789,2026-07-04T01:08:49.858550+00:00,135.3,20,bid,BrilliantBurritos,YieldingYams,6396566
2026-07-04T01:08:54.737014,2026-07-04T01:08:54.740504+00:00,135.3,3,bid,Xuanyu Liu,WavyWalnuts,6396629
2026-07-04T01:08:55.587173,2026-07-04T01:08:55.598963+00:00,135.3,20,bid,BrilliantBurritos,WavyWalnuts,6396640
2026-07-04T01:08:59.501893,2026-07-04T01:08:59.511231+00:00,135.4,500,bid,AverageAlmonds,YieldingYams,6396695
2026-07-04T01:08:59.537997,2026-07-04T01:08:59.558957+00:00,135.5,200,bid,YieldingYams,WavyWalnuts,6396697
2026-07-04T01:08:59.555069,2026-07-04T01:08:59.558957+00:00,135.6,3,ask,YieldingYams,Xuanyu Liu,6396699
2026-07-04T01:09:00.755982,2026-07-04T01:09:00.751929+00:00,135.6,200,ask,YieldingYams,WavyWalnuts,6396715
2026-07-04T01:09:00.921614,2026-07-04T01:09:00.933535+00:00,135.4,20,ask,AverageAlmonds,BrilliantBurritos,6396718
2026-07-04T01:09:02.537854,2026-07-04T01:09:02.544802+00:00,135.5,200,bid,AverageAlmonds,WavyWalnuts,6396735
2026-07-04T01:09:04.590294,2026-07-04T01:09:04.598825+00:00,135.5,20,ask,AverageAlmonds,BrilliantBurritos,6396768
2026-07-04T01:09:05.604023,2026-07-04T01:09:05.615053+00:00,135.7,200,ask,YieldingYams,WavyWalnuts,6396790
2026-07-04T01:09:08.602160,2026-07-04T01:09:08.611739+00:00,135.6,20,ask,YieldingYams,BrilliantBurritos,6396832
2026-07-04T01:09:11.640362,2026-07-04T01:09:11.647516+00:00,135.7,200,ask,YieldingYams,WavyWalnuts,6396878
2026-07-04T01:09:15.011323,2026-07-04T01:09:15.023065+00:00,135.9,20,bid,BrilliantBurritos,YieldingYams,6396914
2026-07-04T01:09:15.292597,2026-07-04T01:09:15.299731+00:00,135.8,200,ask,WavyWalnuts,YieldingYams,6396919
2026-07-04T01:09:17.914705,2026-07-04T01:09:17.922306+00:00,135.7,200,bid,YieldingYams,WavyWalnuts,6396946
2026-07-04T01:09:18.354116,2026-07-04T01:09:18.365704+00:00,136.0,20,bid,BrilliantBurritos,YieldingYams,6396953
2026-07-04T01:09:21.272272,2026-07-04T01:09:21.283852+00:00,135.6,20,ask,YieldingYams,BrilliantBurritos,6397003
2026-07-04T01:09:21.851169,2026-07-04T01:09:21.853739+00:00,135.7,200,bid,YieldingYams,WavyWalnuts,6397010
2026-07-04T01:09:22.539968,2026-07-04T01:09:22.550039+00:00,135.8,200,ask,YieldingYams,WavyWalnuts,6397020
2026-07-04T01:09:24.472691,2026-07-04T01:09:24.483435+00:00,135.7,200,bid,YieldingYams,WavyWalnuts,6397050
2026-07-04T01:09:32.231292,2026-07-04T01:09:32.242407+00:00,135.8,200,bid,WavyWalnuts,YieldingYams,6397136
2026-07-04T01:09:32.344191,2026-07-04T01:09:32.358620+00:00,135.8,500,bid,YieldingYams,AverageAlmonds,6397141
2026-07-04T01:09:32.798431,2026-07-04T01:09:32.807900+00:00,135.8,125,ask,YieldingYams,AverageAlmonds,6397148
2026-07-04T01:09:33.440865,2026-07-04T01:09:33.458629+00:00,135.8,200,bid,WavyWalnuts,AverageAlmonds,6397155
2026-07-04T01:09:34.368761,2026-07-04T01:09:34.375862+00:00,135.5,20,ask,YieldingYams,BrilliantBurritos,6397166
2026-07-04T01:09:34.650325,2026-07-04T01:09:34.658824+00:00,135.7,200,bid,WavyWalnuts,YieldingYams,6397172
2026-07-04T01:09:35.858100,2026-07-04T01:09:35.867547+00:00,135.8,200,bid,WavyWalnuts,YieldingYams,6397190
2026-07-04T01:09:37.067411,2026-07-04T01:09:37.077986+00:00,135.8,200,bid,WavyWalnuts,AverageAlmonds,6397213
2026-07-04T01:09:37.621615,2026-07-04T01:09:37.629695+00:00,135.7,500,ask,YieldingYams,AverageAlmonds,6397222
2026-07-04T01:09:38.245026,2026-07-04T01:09:38.258549+00:00,135.7,125,ask,YieldingYams,AverageAlmonds,6397231
2026-07-04T01:09:39.485406,2026-07-04T01:09:39.495495+00:00,135.7,200,bid,WavyWalnuts,YieldingYams,6397251
2026-07-04T01:09:40.205442,2026-07-04T01:09:40.215161+00:00,135.6,500,bid,YieldingYams,AverageAlmonds,6397256
2026-07-04T01:09:44.143251,2026-07-04T01:09:44.158623+00:00,135.9,200,bid,YieldingYams,WavyWalnuts,6397311
2026-07-04T01:09:44.143251,2026-07-04T01:09:44.158623+00:00,135.9,425,bid,YieldingYams,AverageAlmonds,6397312
2026-07-04T01:09:45.344668,2026-07-04T01:09:45.358601+00:00,135.6,20,ask,WavyWalnuts,BrilliantBurritos,6397331
2026-07-04T01:09:46.764733,2026-07-04T01:09:46.776222+00:00,135.7,500,bid,YieldingYams,AverageAlmonds,6397347
2026-07-04T01:09:46.764733,2026-07-04T01:09:46.776222+00:00,135.7,125,bid,YieldingYams,WavyWalnuts,6397348
2026-07-04T01:09:49.170352,2026-07-04T01:09:49.177084+00:00,135.6,200,bid,WavyWalnuts,AverageAlmonds,6397383
2026-07-04T01:09:49.727361,2026-07-04T01:09:49.734520+00:00,135.5,500,ask,YieldingYams,AverageAlmonds,6397386
2026-07-04T01:09:50.382180,2026-07-04T01:09:50.390042+00:00,135.6,200,bid,WavyWalnuts,AverageAlmonds,6397399
2026-07-04T01:09:52.180771,2026-07-04T01:09:52.193391+00:00,135.5,200,ask,WavyWalnuts,AverageAlmonds,6397422
2026-07-04T01:09:52.213276,2026-07-04T01:09:52.217401+00:00,135.5,3,bid,Xuanyu Liu,AverageAlmonds,6397425
2026-07-04T01:09:52.781835,2026-07-04T01:09:52.792350+00:00,135.4,500,ask,YieldingYams,AverageAlmonds,6397433
2026-07-04T01:09:52.864231,2026-07-04T01:09:52.875852+00:00,135.4,20,ask,YieldingYams,BrilliantBurritos,6397434
2026-07-04T01:09:53.337438,2026-07-04T01:09:53.346050+00:00,135.3,200,ask,WavyWalnuts,YieldingYams,6397441
2026-07-04T01:09:53.351750,2026-07-04T01:09:53.355407+00:00,135.3,23,bid,Xuanyu Liu,YieldingYams,6397443
2026-07-04T01:09:54.478891,2026-07-04T01:09:54.482815+00:00,135.2,23,ask,WavyWalnuts,Xuanyu Liu,6397466
2026-07-04T01:09:54.876706,2026-07-04T01:09:54.888620+00:00,135.3,20,bid,BrilliantBurritos,YieldingYams,6397473
2026-07-04T01:09:58.229756,2026-07-04T01:09:58.241206+00:00,135.2,200,ask,WavyWalnuts,AverageAlmonds,6397519
2026-07-04T01:09:58.577779,2026-07-04T01:09:58.586740+00:00,135.2,300,bid,YieldingYams,AverageAlmonds,6397524
2026-07-04T01:10:00.646559,2026-07-04T01:10:00.654963+00:00,135.2,200,ask,WavyWalnuts,AverageAlmonds,6397551
2026-07-04T01:10:01.321967,2026-07-04T01:10:01.325597+00:00,135.1,3,ask,WavyWalnuts,Xuanyu Liu,6397562
2026-07-04T01:10:02.531098,2026-07-04T01:10:02.541549+00:00,135.1,200,bid,WavyWalnuts,YieldingYams,6397575
2026-07-04T01:10:03.834193,2026-07-04T01:10:03.840605+00:00,135.1,500,bid,YieldingYams,AverageAlmonds,6397593
2026-07-04T01:10:04.286327,2026-07-04T01:10:04.296122+00:00,135.1,125,ask,YieldingYams,AverageAlmonds,6397598
2026-07-04T01:10:05.777555,2026-07-04T01:10:05.784120+00:00,135.2,20,bid,BrilliantBurritos,YieldingYams,6397617
2026-07-04T01:10:06.451471,2026-07-04T01:10:06.464050+00:00,135.1,200,ask,WavyWalnuts,YieldingYams,6397625
2026-07-04T01:10:07.360087,2026-07-04T01:10:07.369087+00:00,135.1,200,bid,WavyWalnuts,YieldingYams,6397641
2026-07-04T01:10:08.019692,2026-07-04T01:10:08.031134+00:00,134.9,20,ask,YieldingYams,BrilliantBurritos,6397652
2026-07-04T01:10:11.700975,2026-07-04T01:10:11.711574+00:00,134.9,200,ask,WavyWalnuts,YieldingYams,6397686
2026-07-04T01:10:15.825106,2026-07-04T01:10:15.836320+00:00,134.7,200,ask,YieldingYams,WavyWalnuts,6397739
2026-07-04T01:10:20.661904,2026-07-04T01:10:20.669537+00:00,134.9,200,bid,WavyWalnuts,YieldingYams,6397799
2026-07-04T01:10:23.084617,2026-07-04T01:10:23.093374+00:00,135.0,200,bid,WavyWalnuts,YieldingYams,6397834
2026-07-04T01:10:24.660878,2026-07-04T01:10:24.672398+00:00,135.0,20,ask,WavyWalnuts,BrilliantBurritos,6397852
2026-07-04T01:10:30.367283,2026-07-04T01:10:30.374160+00:00,134.9,200,bid,WavyWalnuts,YieldingYams,6397926
2026-07-04T01:10:31.579444,2026-07-04T01:10:31.587398+00:00,134.8,200,ask,YieldingYams,WavyWalnuts,6397937
2026-07-04T01:10:32.788256,2026-07-04T01:10:32.795990+00:00,134.8,200,ask,YieldingYams,WavyWalnuts,6397949
2026-07-04T01:10:33.350286,2026-07-04T01:10:33.349738+00:00,134.8,425,ask,YieldingYams,AverageAlmonds,6397959
2026-07-04T01:10:34.004659,2026-07-04T01:10:34.014689+00:00,134.7,200,ask,WavyWalnuts,YieldingYams,6397962
2026-07-04T01:10:35.213319,2026-07-04T01:10:35.222973+00:00,134.5,200,bid,WavyWalnuts,YieldingYams,6397976
2026-07-04T01:10:35.619854,2026-07-04T01:10:35.623809+00:00,134.5,14,ask,YieldingYams,Xuanyu Liu,6397984
2026-07-04T01:10:38.798396,2026-07-04T01:10:38.806907+00:00,134.5,500,ask,YieldingYams,AverageAlmonds,6398028
2026-07-04T01:10:41.955285,2026-07-04T01:10:41.958687+00:00,134.4,23,ask,WavyWalnuts,Xuanyu Liu,6398072
2026-07-04T01:10:43.015533,2026-07-04T01:10:43.023489+00:00,134.4,500,ask,YieldingYams,AverageAlmonds,6398089
2026-07-04T01:10:43.185505,2026-07-04T01:10:43.195518+00:00,134.4,200,ask,WavyWalnuts,YieldingYams,6398093
2026-07-04T01:10:44.495362,2026-07-04T01:10:44.502081+00:00,134.3,200,bid,YieldingYams,WavyWalnuts,6398112
2026-07-04T01:10:47.308589,2026-07-04T01:10:47.316653+00:00,134.4,200,bid,WavyWalnuts,YieldingYams,6398158
2026-07-04T01:10:48.298878,2026-07-04T01:10:48.305476+00:00,134.2,20,ask,YieldingYams,BrilliantBurritos,6398172
2026-07-04T01:10:49.682091,2026-07-04T01:10:49.688760+00:00,134.3,200,ask,WavyWalnuts,AverageAlmonds,6398181
2026-07-04T01:10:49.730394,2026-07-04T01:10:49.737096+00:00,134.3,200,bid,WavyWalnuts,AverageAlmonds,6398182
2026-07-04T01:10:49.746438,2026-07-04T01:10:49.752884+00:00,134.3,100,bid,YieldingYams,AverageAlmonds,6398183
2026-07-04T01:10:50.201432,2026-07-04T01:10:50.213329+00:00,134.3,20,ask,YieldingYams,BrilliantBurritos,6398188
2026-07-04T01:10:50.942753,2026-07-04T01:10:50.952006+00:00,134.4,200,bid,WavyWalnuts,AverageAlmonds,6398193
2026-07-04T01:10:55.787686,2026-07-04T01:10:55.798043+00:00,134.2,200,ask,YieldingYams,WavyWalnuts,6398240
2026-07-04T01:10:58.203253,2026-07-04T01:10:58.209749+00:00,134.2,200,ask,YieldingYams,WavyWalnuts,6398262
2026-07-04T01:10:58.786311,2026-07-04T01:10:58.796910+00:00,134.2,425,ask,YieldingYams,AverageAlmonds,6398272
2026-07-04T01:11:03.645010,2026-07-04T01:11:03.655640+00:00,134.0,20,ask,WavyWalnuts,BrilliantBurritos,6398325
2026-07-04T01:11:04.841408,2026-07-04T01:11:04.849810+00:00,134.1,200,ask,WavyWalnuts,AverageAlmonds,6398340
2026-07-04T01:11:05.378845,2026-07-04T01:11:05.390688+00:00,134.1,20,bid,BrilliantBurritos,AverageAlmonds,6398348
2026-07-04T01:11:06.701725,2026-07-04T01:11:06.708541+00:00,134.2,200,bid,WavyWalnuts,AverageAlmonds,6398368
2026-07-04T01:11:07.278274,2026-07-04T01:11:07.281997+00:00,134.0,12,ask,YieldingYams,Xuanyu Liu,6398376
2026-07-04T01:11:07.926576,2026-07-04T01:11:07.930523+00:00,134.1,11,ask,WavyWalnuts,Xuanyu Liu,6398391
2026-07-04T01:11:08.095112,2026-07-04T01:11:08.101854+00:00,134.2,500,bid,YieldingYams,AverageAlmonds,6398393
2026-07-04T01:11:08.111553,2026-07-04T01:11:08.114646+00:00,134.2,11,ask,YieldingYams,Xuanyu Liu,6398395
2026-07-04T01:11:08.453770,2026-07-04T01:11:08.450963+00:00,134.2,114,ask,YieldingYams,AverageAlmonds,6398400
2026-07-04T01:11:08.516070,2026-07-04T01:11:08.523055+00:00,134.1,20,ask,WavyWalnuts,BrilliantBurritos,6398407
2026-07-04T01:11:10.385869,2026-07-04T01:11:10.389252+00:00,134.2,11,bid,Xuanyu Liu,YieldingYams,6398436
2026-07-04T01:11:11.542138,2026-07-04T01:11:11.551423+00:00,134.2,200,bid,WavyWalnuts,YieldingYams,6398455
2026-07-04T01:11:12.106035,2026-07-04T01:11:12.113114+00:00,134.1,500,ask,YieldingYams,AverageAlmonds,6398460
2026-07-04T01:11:12.705216,2026-07-04T01:11:12.715682+00:00,134.1,125,ask,YieldingYams,AverageAlmonds,6398473
2026-07-04T01:11:12.723890,2026-07-04T01:11:12.727998+00:00,134.1,11,bid,Xuanyu Liu,AverageAlmonds,6398476
2026-07-04T01:11:13.338950,2026-07-04T01:11:13.363706+00:00,134.0,200,ask,WavyWalnuts,YieldingYams,6398481
2026-07-04T01:11:13.359885,2026-07-04T01:11:13.363706+00:00,134.0,12,bid,Xuanyu Liu,YieldingYams,6398484
2026-07-04T01:11:15.957748,2026-07-04T01:11:15.969356+00:00,134.1,200,ask,WavyWalnuts,YieldingYams,6398518
2026-07-04T01:11:17.561173,2026-07-04T01:11:17.564550+00:00,134.0,200,ask,YieldingYams,WavyWalnuts,6398544
2026-07-04T01:11:17.561173,2026-07-04T01:11:17.569681+00:00,134.0,300,ask,YieldingYams,AverageAlmonds,6398545
2026-07-04T01:11:17.600937,2026-07-04T01:11:17.612579+00:00,134.0,200,ask,WavyWalnuts,AverageAlmonds,6398548
2026-07-04T01:11:18.160718,2026-07-04T01:11:18.183791+00:00,134.0,125,ask,YieldingYams,AverageAlmonds,6398555
2026-07-04T01:11:18.180137,2026-07-04T01:11:18.183791+00:00,134.0,23,bid,Xuanyu Liu,AverageAlmonds,6398557
2026-07-04T01:11:21.510474,2026-07-04T01:11:21.522200+00:00,134.0,20,bid,BrilliantBurritos,YieldingYams,6398605
2026-07-04T01:11:22.446078,2026-07-04T01:11:22.458772+00:00,134.0,200,bid,WavyWalnuts,YieldingYams,6398628
2026-07-04T01:11:23.869991,2026-07-04T01:11:23.881666+00:00,134.0,20,bid,BrilliantBurritos,AverageAlmonds,6398644
2026-07-04T01:11:25.146937,2026-07-04T01:11:25.157526+00:00,134.0,500,bid,YieldingYams,AverageAlmonds,6398659
2026-07-04T01:11:25.414134,2026-07-04T01:11:25.425463+00:00,134.0,125,ask,YieldingYams,AverageAlmonds,6398662
2026-07-04T01:11:30.869376,2026-07-04T01:11:30.879658+00:00,133.9,200,ask,WavyWalnuts,AverageAlmonds,6398736
2026-07-04T01:11:30.885214,2026-07-04T01:11:30.888831+00:00,133.9,11,bid,Xuanyu Liu,AverageAlmonds,6398739
2026-07-04T01:11:30.917166,2026-07-04T01:11:30.928779+00:00,133.9,200,bid,WavyWalnuts,AverageAlmonds,6398740
2026-07-04T01:11:31.472838,2026-07-04T01:11:31.479710+00:00,133.8,500,ask,YieldingYams,AverageAlmonds,6398744
2026-07-04T01:11:31.719167,2026-07-04T01:11:31.723577+00:00,133.8,3,bid,Xuanyu Liu,YieldingYams,6398752
2026-07-04T01:11:33.038560,2026-07-04T01:11:33.050316+00:00,133.8,20,bid,BrilliantBurritos,WavyWalnuts,6398777
2026-07-04T01:11:34.547714,2026-07-04T01:11:34.558557+00:00,133.7,200,bid,WavyWalnuts,YieldingYams,6398797
2026-07-04T01:11:44.225949,2026-07-04T01:11:44.236427+00:00,133.5,200,ask,YieldingYams,WavyWalnuts,6398915
2026-07-04T01:11:49.576831,2026-07-04T01:11:49.588211+00:00,133.6,20,ask,YieldingYams,BrilliantBurritos,6398977
2026-07-04T01:11:51.082969,2026-07-04T01:11:51.094850+00:00,133.7,20,bid,BrilliantBurritos,WavyWalnuts,6399004
2026-07-04T01:11:51.372883,2026-07-04T01:11:51.381366+00:00,133.7,180,bid,YieldingYams,WavyWalnuts,6399008
2026-07-04T01:11:55.118956,2026-07-04T01:11:55.128897+00:00,133.8,200,bid,WavyWalnuts,YieldingYams,6399068
2026-07-04T01:11:56.327930,2026-07-04T01:11:56.339800+00:00,133.9,200,bid,WavyWalnuts,YieldingYams,6399087
2026-07-04T01:11:56.880383,2026-07-04T01:11:56.887569+00:00,133.8,500,ask,YieldingYams,AverageAlmonds,6399094
2026-07-04T01:11:57.498472,2026-07-04T01:11:57.508087+00:00,133.8,125,ask,YieldingYams,AverageAlmonds,6399101
2026-07-04T01:11:57.540603,2026-07-04T01:11:57.551262+00:00,133.8,200,bid,WavyWalnuts,AverageAlmonds,6399102
2026-07-04T01:11:58.581438,2026-07-04T01:11:58.588399+00:00,133.7,20,bid,BrilliantBurritos,YieldingYams,6399117
2026-07-04T01:11:58.751279,2026-07-04T01:11:58.758612+00:00,133.7,200,bid,WavyWalnuts,YieldingYams,6399121
2026-07-04T01:12:01.080700,2026-07-04T01:12:01.084312+00:00,133.8,37,bid,Xuanyu Liu,AverageAlmonds,6399147
2026-07-04T01:12:01.868937,2026-07-04T01:12:01.877518+00:00,133.8,200,bid,YieldingYams,WavyWalnuts,6399162
2026-07-04T01:12:01.868937,2026-07-04T01:12:01.877518+00:00,133.8,425,bid,YieldingYams,AverageAlmonds,6399163
2026-07-04T01:12:02.126136,2026-07-04T01:12:02.129751+00:00,133.6,11,ask,WavyWalnuts,Xuanyu Liu,6399166
2026-07-04T01:12:05.283727,2026-07-04T01:12:05.287338+00:00,133.6,12,ask,YieldingYams,Xuanyu Liu,6399199
2026-07-04T01:12:07.218483,2026-07-04T01:12:07.229070+00:00,133.6,200,ask,YieldingYams,WavyWalnuts,6399224
2026-07-04T01:12:07.779137,2026-07-04T01:12:07.785642+00:00,133.6,425,ask,YieldingYams,AverageAlmonds,6399233
2026-07-04T01:12:08.431471,2026-07-04T01:12:08.441612+00:00,133.4,200,ask,WavyWalnuts,YieldingYams,6399251
2026-07-04T01:12:09.639800,2026-07-04T01:12:09.650521+00:00,133.3,200,bid,WavyWalnuts,YieldingYams,6399274
2026-07-04T01:12:11.882664,2026-07-04T01:12:11.889318+00:00,133.4,20,ask,WavyWalnuts,BrilliantBurritos,6399310
2026-07-04T01:12:12.051718,2026-07-04T01:12:12.069322+00:00,133.5,200,bid,WavyWalnuts,YieldingYams,6399314
2026-07-04T01:12:16.890057,2026-07-04T01:12:16.893456+00:00,133.5,23,bid,Xuanyu Liu,YieldingYams,6399374
2026-07-04T01:12:17.528162,2026-07-04T01:12:17.536262+00:00,133.3,20,ask,WavyWalnuts,BrilliantBurritos,6399390
2026-07-04T01:12:19.326138,2026-07-04T01:12:19.335579+00:00,133.4,200,ask,YieldingYams,WavyWalnuts,6399411
2026-07-04T01:12:19.881015,2026-07-04T01:12:19.888354+00:00,133.4,425,ask,YieldingYams,AverageAlmonds,6399417
2026-07-04T01:12:19.901005,2026-07-04T01:12:19.904503+00:00,133.4,12,bid,Xuanyu Liu,AverageAlmonds,6399419
2026-07-04T01:12:21.744950,2026-07-04T01:12:21.754316+00:00,133.4,200,bid,WavyWalnuts,YieldingYams,6399452
2026-07-04T01:12:22.849124,2026-07-04T01:12:22.854453+00:00,133.4,500,bid,YieldingYams,AverageAlmonds,6399462
2026-07-04T01:12:22.911445,2026-07-04T01:12:22.921979+00:00,133.4,125,ask,YieldingYams,AverageAlmonds,6399463
2026-07-04T01:12:24.020735,2026-07-04T01:12:24.032862+00:00,133.2,20,ask,WavyWalnuts,BrilliantBurritos,6399477
2026-07-04T01:12:24.180197,2026-07-04T01:12:24.184484+00:00,133.3,11,bid,Xuanyu Liu,YieldingYams,6399479
2026-07-04T01:12:26.248024,2026-07-04T01:12:26.258542+00:00,133.4,20,bid,BrilliantBurritos,WavyWalnuts,6399513
2026-07-04T01:12:27.795166,2026-07-04T01:12:27.805889+00:00,133.1,200,ask,YieldingYams,WavyWalnuts,6399545
2026-07-04T01:12:31.420176,2026-07-04T01:12:31.426452+00:00,133.1,200,ask,YieldingYams,WavyWalnuts,6399589
2026-07-04T01:12:33.325825,2026-07-04T01:12:33.344670+00:00,133.2,200,bid,YieldingYams,WavyWalnuts,6399607
2026-07-04T01:12:33.341160,2026-07-04T01:12:33.344670+00:00,133.2,11,ask,YieldingYams,Xuanyu Liu,6399609
2026-07-04T01:12:34.395458,2026-07-04T01:12:34.402338+00:00,133.2,20,ask,YieldingYams,BrilliantBurritos,6399619
2026-07-04T01:12:36.927974,2026-07-04T01:12:36.932303+00:00,133.1,12,ask,YieldingYams,Xuanyu Liu,6399662
2026-07-04T01:12:37.486902,2026-07-04T01:12:37.490575+00:00,133.3,23,ask,WavyWalnuts,Xuanyu Liu,6399670
2026-07-04T01:12:38.577289,2026-07-04T01:12:38.586351+00:00,133.3,177,ask,WavyWalnuts,YieldingYams,6399683
2026-07-04T01:12:39.870681,2026-07-04T01:12:39.879572+00:00,133.2,200,ask,WavyWalnuts,AverageAlmonds,6399693
2026-07-04T01:12:39.903068,2026-07-04T01:12:39.911084+00:00,133.2,300,bid,YieldingYams,AverageAlmonds,6399695
2026-07-04T01:12:39.912987,2026-07-04T01:12:39.921326+00:00,133.3,200,ask,YieldingYams,WavyWalnuts,6399697
2026-07-04T01:12:39.932610,2026-07-04T01:12:39.936518+00:00,133.3,11,ask,YieldingYams,Xuanyu Liu,6399700
2026-07-04T01:12:40.461861,2026-07-04T01:12:40.468978+00:00,133.3,114,ask,YieldingYams,AverageAlmonds,6399706
2026-07-04T01:12:40.461861,2026-07-04T01:12:40.487460+00:00,133.1,200,ask,WavyWalnuts,AverageAlmonds,6399707
2026-07-04T01:12:40.484268,2026-07-04T01:12:40.487460+00:00,133.1,11,bid,Xuanyu Liu,AverageAlmonds,6399711
2026-07-04T01:12:41.118911,2026-07-04T01:12:41.126842+00:00,133.1,200,bid,WavyWalnuts,AverageAlmonds,6399721
2026-07-04T01:12:41.922439,2026-07-04T01:12:41.932639+00:00,133.0,20,ask,YieldingYams,BrilliantBurritos,6399737
2026-07-04T01:12:42.200639,2026-07-04T01:12:42.204702+00:00,133.0,14,ask,YieldingYams,Xuanyu Liu,6399740
2026-07-04T01:12:43.485221,2026-07-04T01:12:43.491778+00:00,133.1,500,ask,YieldingYams,AverageAlmonds,6399754
2026-07-04T01:12:43.549268,2026-07-04T01:12:43.559769+00:00,133.1,125,ask,YieldingYams,WavyWalnuts,6399757
2026-07-04T01:12:45.150654,2026-07-04T01:12:45.158556+00:00,133.0,200,bid,YieldingYams,WavyWalnuts,6399772
2026-07-04T01:12:47.770827,2026-07-04T01:12:47.779451+00:00,133.1,500,bid,YieldingYams,AverageAlmonds,6399810
2026-07-04T01:12:48.332359,2026-07-04T01:12:48.340121+00:00,133.1,125,ask,YieldingYams,AverageAlmonds,6399813
2026-07-04T01:12:51.705335,2026-07-04T01:12:51.722073+00:00,132.9,200,ask,WavyWalnuts,YieldingYams,6399857
2026-07-04T01:12:52.028291,2026-07-04T01:12:52.037979+00:00,132.9,200,bid,WavyWalnuts,YieldingYams,6399862
2026-07-04T01:12:53.237427,2026-07-04T01:12:53.248412+00:00,133.0,200,ask,YieldingYams,WavyWalnuts,6399881
2026-07-04T01:12:58.082941,2026-07-04T01:12:58.088866+00:00,133.0,200,ask,YieldingYams,WavyWalnuts,6399942
2026-07-04T01:12:58.375675,2026-07-04T01:12:58.387107+00:00,133.0,20,ask,YieldingYams,BrilliantBurritos,6399944
2026-07-04T01:13:01.186803,2026-07-04T01:13:01.190501+00:00,133.2,14,bid,Xuanyu Liu,WavyWalnuts,6399985
2026-07-04T01:13:02.133752,2026-07-04T01:13:02.141891+00:00,133.3,20,bid,BrilliantBurritos,YieldingYams,6400001
2026-07-04T01:13:02.938004,2026-07-04T01:13:02.949115+00:00,133.2,200,bid,WavyWalnuts,YieldingYams,6400014
2026-07-04T01:13:04.823970,2026-07-04T01:13:04.830611+00:00,133.1,200,ask,WavyWalnuts,YieldingYams,6400037
2026-07-04T01:13:06.574803,2026-07-04T01:13:06.585732+00:00,133.1,200,ask,YieldingYams,WavyWalnuts,6400060
2026-07-04T01:13:07.192169,2026-07-04T01:13:07.204013+00:00,133.1,20,ask,YieldingYams,BrilliantBurritos,6400066
2026-07-04T01:13:10.069763,2026-07-04T01:13:10.079497+00:00,133.3,500,bid,YieldingYams,AverageAlmonds,6400103
2026-07-04T01:13:10.085132,2026-07-04T01:13:10.088831+00:00,133.3,11,ask,YieldingYams,Xuanyu Liu,6400105
2026-07-04T01:13:10.134607,2026-07-04T01:13:10.144311+00:00,133.3,114,ask,YieldingYams,AverageAlmonds,6400108
2026-07-04T01:13:10.134607,2026-07-04T01:13:10.144311+00:00,133.2,200,ask,WavyWalnuts,AverageAlmonds,6400109
2026-07-04T01:13:11.343615,2026-07-04T01:13:11.358581+00:00,133.1,200,ask,WavyWalnuts,AverageAlmonds,6400129
2026-07-04T01:13:11.377561,2026-07-04T01:13:11.387144+00:00,133.1,300,bid,YieldingYams,AverageAlmonds,6400130
2026-07-04T01:13:12.552525,2026-07-04T01:13:12.558626+00:00,133.1,325,ask,YieldingYams,AverageAlmonds,6400143
2026-07-04T01:13:12.688155,2026-07-04T01:13:12.707742+00:00,132.9,200,ask,WavyWalnuts,YieldingYams,6400145
2026-07-04T01:13:12.704396,2026-07-04T01:13:12.707742+00:00,132.9,11,bid,Xuanyu Liu,YieldingYams,6400147
2026-07-04T01:13:16.241247,2026-07-04T01:13:16.250165+00:00,132.7,200,ask,YieldingYams,WavyWalnuts,6400189
2026-07-04T01:13:17.923486,2026-07-04T01:13:17.934609+00:00,132.7,200,bid,YieldingYams,WavyWalnuts,6400212
2026-07-04T01:13:18.043081,2026-07-04T01:13:18.046708+00:00,132.7,11,ask,YieldingYams,Xuanyu Liu,6400218
2026-07-04T01:13:23.161374,2026-07-04T01:13:23.169512+00:00,132.8,200,bid,YieldingYams,WavyWalnuts,6400281
2026-07-04T01:13:23.481683,2026-07-04T01:13:23.489717+00:00,132.8,200,ask,YieldingYams,WavyWalnuts,6400290
2026-07-04T01:13:25.909572,2026-07-04T01:13:25.917178+00:00,132.5,200,ask,YieldingYams,WavyWalnuts,6400322
2026-07-04T01:13:26.189737,2026-07-04T01:13:26.199047+00:00,132.5,20,ask,YieldingYams,BrilliantBurritos,6400327
2026-07-04T01:13:27.125118,2026-07-04T01:13:27.132338+00:00,132.5,200,ask,AverageAlmonds,WavyWalnuts,6400344
2026-07-04T01:13:28.340577,2026-07-04T01:13:28.352146+00:00,132.5,200,ask,YieldingYams,WavyWalnuts,6400364
2026-07-04T01:13:28.912709,2026-07-04T01:13:28.919372+00:00,132.5,500,bid,AverageAlmonds,YieldingYams,6400368
2026-07-04T01:13:29.507041,2026-07-04T01:13:29.516958+00:00,132.5,125,bid,AverageAlmonds,YieldingYams,6400378
2026-07-04T01:13:29.698091,2026-07-04T01:13:29.722134+00:00,132.6,200,bid,YieldingYams,WavyWalnuts,6400382
2026-07-04T01:13:29.718255,2026-07-04T01:13:29.722134+00:00,132.8,3,ask,YieldingYams,Xuanyu Liu,6400386
2026-07-04T01:13:30.825608,2026-07-04T01:13:30.834547+00:00,132.8,200,ask,YieldingYams,WavyWalnuts,6400402
2026-07-04T01:13:32.318423,2026-07-04T01:13:32.327380+00:00,132.9,200,bid,YieldingYams,WavyWalnuts,6400427
2026-07-04T01:13:33.242318,2026-07-04T01:13:33.258600+00:00,133.0,200,ask,YieldingYams,WavyWalnuts,6400441
2026-07-04T01:13:42.219522,2026-07-04T01:13:42.230417+00:00,133.1,500,bid,AverageAlmonds,YieldingYams,6400569
2026-07-04T01:13:42.845121,2026-07-04T01:13:42.848773+00:00,133.1,3,ask,YieldingYams,Xuanyu Liu,6400580
2026-07-04T01:13:45.424299,2026-07-04T01:13:45.433260+00:00,133.2,200,bid,YieldingYams,WavyWalnuts,6400625
2026-07-04T01:13:46.732975,2026-07-04T01:13:46.744040+00:00,133.3,200,bid,YieldingYams,WavyWalnuts,6400643
2026-07-04T01:13:47.758931,2026-07-04T01:13:47.769138+00:00,133.3,200,ask,YieldingYams,WavyWalnuts,6400657
2026-07-04T01:13:48.967774,2026-07-04T01:13:48.974827+00:00,133.2,200,ask,AverageAlmonds,WavyWalnuts,6400679
2026-07-04T01:13:50.661433,2026-07-04T01:13:50.672970+00:00,133.2,500,ask,AverageAlmonds,YieldingYams,6400703
2026-07-04T01:13:50.661433,2026-07-04T01:13:50.672970+00:00,133.1,125,ask,WavyWalnuts,YieldingYams,6400704
2026-07-04T01:13:51.403929,2026-07-04T01:13:51.407394+00:00,133.2,3,bid,Xuanyu Liu,WavyWalnuts,6400719
2026-07-04T01:13:51.851137,2026-07-04T01:13:51.854622+00:00,133.1,3,ask,AverageAlmonds,Xuanyu Liu,6400728
2026-07-04T01:13:51.973276,2026-07-04T01:13:51.980344+00:00,133.2,197,bid,YieldingYams,WavyWalnuts,6400730
2026-07-04T01:13:51.990864,2026-07-04T01:13:51.994721+00:00,133.4,34,ask,YieldingYams,Xuanyu Liu,6400732
2026-07-04T01:13:52.599312,2026-07-04T01:13:52.606585+00:00,133.4,200,ask,YieldingYams,WavyWalnuts,6400742
2026-07-04T01:13:52.834811,2026-07-04T01:13:52.838270+00:00,133.6,11,bid,Xuanyu Liu,YieldingYams,6400748
2026-07-04T01:13:53.807801,2026-07-04T01:13:53.814462+00:00,133.4,200,ask,YieldingYams,WavyWalnuts,6400762
2026-07-04T01:13:54.610042,2026-07-04T01:13:54.613491+00:00,133.4,23,bid,Xuanyu Liu,YieldingYams,6400776
2026-07-04T01:13:54.985292,2026-07-04T01:13:54.996784+00:00,133.1,20,ask,YieldingYams,BrilliantBurritos,6400784
2026-07-04T01:13:55.030677,2026-07-04T01:13:55.034455+00:00,133.3,3,bid,Xuanyu Liu,WavyWalnuts,6400786
2026-07-04T01:13:57.211541,2026-07-04T01:13:57.221217+00:00,133.2,200,ask,WavyWalnuts,YieldingYams,6400817
2026-07-04T01:13:57.211541,2026-07-04T01:13:57.221217+00:00,133.2,425,ask,AverageAlmonds,YieldingYams,6400818
2026-07-04T01:13:58.180499,2026-07-04T01:13:58.183978+00:00,133.1,3,ask,AverageAlmonds,Xuanyu Liu,6400839
2026-07-04T01:13:58.184900,2026-07-04T01:13:58.199458+00:00,133.1,20,ask,AverageAlmonds,BrilliantBurritos,6400840
2026-07-04T01:13:58.986243,2026-07-04T01:13:58.998529+00:00,133.4,20,bid,BrilliantBurritos,YieldingYams,6400857
2026-07-04T01:13:59.857680,2026-07-04T01:13:59.860956+00:00,133.2,11,ask,WavyWalnuts,Xuanyu Liu,6400873
2026-07-04T01:14:02.260948,2026-07-04T01:14:02.268950+00:00,133.3,200,bid,WavyWalnuts,YieldingYams,6400911
2026-07-04T01:14:03.591468,2026-07-04T01:14:03.599495+00:00,133.1,20,ask,YieldingYams,BrilliantBurritos,6400928
2026-07-04T01:14:03.751689,2026-07-04T01:14:03.757487+00:00,133.1,200,ask,WavyWalnuts,YieldingYams,6400929
2026-07-04T01:14:04.515381,2026-07-04T01:14:04.518822+00:00,133.0,12,ask,AverageAlmonds,Xuanyu Liu,6400942
2026-07-04T01:14:04.629200,2026-07-04T01:14:04.636740+00:00,133.1,425,bid,AverageAlmonds,YieldingYams,6400945
2026-07-04T01:14:04.649572,2026-07-04T01:14:04.653347+00:00,133.1,11,ask,AverageAlmonds,Xuanyu Liu,6400947
2026-07-04T01:14:05.058917,2026-07-04T01:14:05.067375+00:00,133.2,200,bid,YieldingYams,WavyWalnuts,6400953
2026-07-04T01:14:05.072664,2026-07-04T01:14:05.076020+00:00,133.2,12,ask,YieldingYams,Xuanyu Liu,6400956
2026-07-04T01:14:06.251709,2026-07-04T01:14:06.258628+00:00,133.2,20,ask,YieldingYams,BrilliantBurritos,6400969
2026-07-04T01:14:08.316516,2026-07-04T01:14:08.327175+00:00,133.2,200,bid,WavyWalnuts,YieldingYams,6400995
2026-07-04T01:14:12.919280,2026-07-04T01:14:12.929762+00:00,133.2,200,ask,WavyWalnuts,YieldingYams,6401055
2026-07-04T01:14:13.161983,2026-07-04T01:14:13.170996+00:00,133.2,200,bid,WavyWalnuts,YieldingYams,6401062
2026-07-04T01:14:15.754588,2026-07-04T01:14:15.766214+00:00,133.2,20,ask,WavyWalnuts,BrilliantBurritos,6401097
2026-07-04T01:14:16.798410,2026-07-04T01:14:16.806225+00:00,133.3,200,bid,WavyWalnuts,YieldingYams,6401112
2026-07-04T01:14:19.487185,2026-07-04T01:14:19.488888+00:00,133.3,200,bid,YieldingYams,WavyWalnuts,6401152
2026-07-04T01:14:21.422266,2026-07-04T01:14:21.434086+00:00,133.4,20,bid,BrilliantBurritos,WavyWalnuts,6401182
2026-07-04T01:14:22.869069,2026-07-04T01:14:22.880708+00:00,133.3,200,ask,YieldingYams,WavyWalnuts,6401202
2026-07-04T01:14:24.081111,2026-07-04T01:14:24.090297+00:00,133.3,200,ask,AverageAlmonds,WavyWalnuts,6401220
2026-07-04T01:14:24.478268,2026-07-04T01:14:24.482386+00:00,133.3,11,ask,AverageAlmonds,Xuanyu Liu,6401228
2026-07-04T01:14:24.729058,2026-07-04T01:14:24.739935+00:00,133.2,500,ask,AverageAlmonds,YieldingYams,6401234
2026-07-04T01:14:25.197644,2026-07-04T01:14:25.204774+00:00,133.2,125,bid,AverageAlmonds,YieldingYams,6401240
2026-07-04T01:14:26.054420,2026-07-04T01:14:26.058333+00:00,133.4,11,ask,YieldingYams,Xuanyu Liu,6401257
2026-07-04T01:14:27.469081,2026-07-04T01:14:27.480931+00:00,133.3,20,ask,WavyWalnuts,BrilliantBurritos,6401279
2026-07-04T01:14:28.924807,2026-07-04T01:14:28.935053+00:00,133.4,200,bid,WavyWalnuts,YieldingYams,6401292
2026-07-04T01:14:29.638373,2026-07-04T01:14:29.647396+00:00,133.2,20,ask,YieldingYams,BrilliantBurritos,6401307
2026-07-04T01:14:33.764397,2026-07-04T01:14:33.774778+00:00,133.2,200,ask,YieldingYams,WavyWalnuts,6401373
2026-07-04T01:14:33.913021,2026-07-04T01:14:33.924020+00:00,133.2,500,ask,AverageAlmonds,YieldingYams,6401374
2026-07-04T01:14:34.261859,2026-07-04T01:14:34.269230+00:00,133.1,125,bid,AverageAlmonds,YieldingYams,6401380
2026-07-04T01:14:34.920835,2026-07-04T01:14:34.924238+00:00,133.2,12,ask,AverageAlmonds,Xuanyu Liu,6401398
2026-07-04T01:14:36.541949,2026-07-04T01:14:36.545533+00:00,133.3,11,ask,YieldingYams,Xuanyu Liu,6401421
2026-07-04T01:14:37.391908,2026-07-04T01:14:37.398976+00:00,133.3,200,ask,YieldingYams,WavyWalnuts,6401432
2026-07-04T01:14:40.462297,2026-07-04T01:14:40.468847+00:00,133.3,200,ask,WavyWalnuts,YieldingYams,6401476
2026-07-04T01:14:40.462297,2026-07-04T01:14:40.474241+00:00,133.2,425,ask,AverageAlmonds,YieldingYams,6401477
2026-07-04T01:14:47.020353,2026-07-04T01:14:47.026101+00:00,133.3,200,bid,YieldingYams,WavyWalnuts,6401562
2026-07-04T01:14:47.046188,2026-07-04T01:14:47.050037+00:00,133.4,6,ask,YieldingYams,Xuanyu Liu,6401564
2026-07-04T01:14:48.329888,2026-07-04T01:14:48.337834+00:00,133.6,200,ask,WavyWalnuts,YieldingYams,6401588
2026-07-04T01:14:50.476995,2026-07-04T01:14:50.486023+00:00,133.7,20,bid,BrilliantBurritos,WavyWalnuts,6401621
2026-07-04T01:14:58.885860,2026-07-04T01:14:58.896552+00:00,133.3,20,ask,WavyWalnuts,BrilliantBurritos,6401731
2026-07-04T01:15:02.823746,2026-07-04T01:15:02.833902+00:00,133.7,200,bid,WavyWalnuts,YieldingYams,6401789
2026-07-04T01:15:04.566213,2026-07-04T01:15:04.569826+00:00,133.8,6,bid,Xuanyu Liu,YieldingYams,6401813
2026-07-04T01:15:08.896950,2026-07-04T01:15:08.900201+00:00,133.7,11,bid,Xuanyu Liu,WavyWalnuts,6401859
2026-07-04T01:15:11.836446,2026-07-04T01:15:11.847745+00:00,133.6,200,ask,WavyWalnuts,AverageAlmonds,6401892
2026-07-04T01:15:11.923160,2026-07-04T01:15:11.930145+00:00,133.6,300,bid,YieldingYams,AverageAlmonds,6401895
2026-07-04T01:15:12.433243,2026-07-04T01:15:12.439978+00:00,133.6,325,ask,YieldingYams,AverageAlmonds,6401897
2026-07-04T01:15:13.230704,2026-07-04T01:15:13.239780+00:00,133.6,200,bid,YieldingYams,WavyWalnuts,6401916
2026-07-04T01:15:13.230704,2026-07-04T01:15:13.239780+00:00,133.6,425,bid,YieldingYams,AverageAlmonds,6401917
2026-07-04T01:15:13.707822,2026-07-04T01:15:13.718221+00:00,133.6,200,bid,WavyWalnuts,AverageAlmonds,6401922
2026-07-04T01:15:14.932091,2026-07-04T01:15:14.936440+00:00,133.5,17,ask,WavyWalnuts,Xuanyu Liu,6401937
2026-07-04T01:15:15.849369,2026-07-04T01:15:15.858605+00:00,133.5,183,ask,WavyWalnuts,YieldingYams,6401953
2026-07-04T01:15:16.126405,2026-07-04T01:15:16.136065+00:00,133.4,200,bid,WavyWalnuts,YieldingYams,6401960
2026-07-04T01:15:21.120540,2026-07-04T01:15:21.129580+00:00,133.3,20,bid,BrilliantBurritos,WavyWalnuts,6402028
2026-07-04T01:15:22.423641,2026-07-04T01:15:22.432440+00:00,133.3,200,bid,YieldingYams,WavyWalnuts,6402042
2026-07-04T01:15:23.734817,2026-07-04T01:15:23.745439+00:00,133.4,200,ask,WavyWalnuts,YieldingYams,6402054
2026-07-04T01:15:25.053489,2026-07-04T01:15:25.060447+00:00,133.3,200,ask,WavyWalnuts,YieldingYams,6402072
2026-07-04T01:15:25.071784,2026-07-04T01:15:25.075722+00:00,133.2,6,bid,Xuanyu Liu,YieldingYams,6402074
2026-07-04T01:15:25.803098,2026-07-04T01:15:25.812812+00:00,133.2,200,bid,WavyWalnuts,YieldingYams,6402089
2026-07-04T01:15:27.024424,2026-07-04T01:15:27.032791+00:00,133.3,200,ask,YieldingYams,WavyWalnuts,6402110
2026-07-04T01:15:31.871440,2026-07-04T01:15:31.879654+00:00,133.4,200,bid,WavyWalnuts,YieldingYams,6402183
2026-07-04T01:15:33.087770,2026-07-04T01:15:33.091168+00:00,133.3,6,ask,WavyWalnuts,Xuanyu Liu,6402214
2026-07-04T01:15:35.500462,2026-07-04T01:15:35.508435+00:00,133.5,200,bid,WavyWalnuts,YieldingYams,6402239
2026-07-04T01:15:37.845553,2026-07-04T01:15:37.858569+00:00,133.5,500,bid,AverageAlmonds,YieldingYams,6402272
2026-07-04T01:15:37.937430,2026-07-04T01:15:37.941002+00:00,133.4,6,bid,Xuanyu Liu,WavyWalnuts,6402275
2026-07-04T01:15:38.151033,2026-07-04T01:15:38.153079+00:00,133.4,194,bid,YieldingYams,WavyWalnuts,6402276
2026-07-04T01:15:38.425120,2026-07-04T01:15:38.436770+00:00,133.4,20,ask,YieldingYams,BrilliantBurritos,6402279
2026-07-04T01:15:43.388330,2026-07-04T01:15:43.399330+00:00,133.6,200,ask,WavyWalnuts,YieldingYams,6402332
2026-07-04T01:15:45.179551,2026-07-04T01:15:45.189204+00:00,133.7,200,bid,WavyWalnuts,YieldingYams,6402349
2026-07-04T01:15:48.613505,2026-07-04T01:15:48.625656+00:00,133.8,20,bid,BrilliantBurritos,YieldingYams,6402393
2026-07-04T01:15:48.622575,2026-07-04T01:15:48.625656+00:00,133.7,500,ask,AverageAlmonds,YieldingYams,6402394
2026-07-04T01:15:48.738788,2026-07-04T01:15:48.748306+00:00,133.6,125,bid,AverageAlmonds,YieldingYams,6402396
2026-07-04T01:15:48.738788,2026-07-04T01:15:48.748306+00:00,133.8,200,bid,AverageAlmonds,WavyWalnuts,6402397
2026-07-04T01:15:48.811444,2026-07-04T01:15:48.821170+00:00,133.8,175,ask,AverageAlmonds,WavyWalnuts,6402400
2026-07-04T01:15:48.900748,2026-07-04T01:15:48.904545+00:00,133.7,25,bid,Xuanyu Liu,WavyWalnuts,6402404
2026-07-04T01:15:49.930125,2026-07-04T01:15:49.937752+00:00,133.7,500,ask,AverageAlmonds,YieldingYams,6402420
2026-07-04T01:15:49.944025,2026-07-04T01:15:49.975983+00:00,133.7,125,bid,AverageAlmonds,YieldingYams,6402421
2026-07-04T01:15:51.236328,2026-07-04T01:15:51.244137+00:00,133.8,200,bid,YieldingYams,WavyWalnuts,6402445
2026-07-04T01:15:51.434347,2026-07-04T01:15:51.445466+00:00,134.2,20,bid,BrilliantBurritos,YieldingYams,6402448
2026-07-04T01:15:52.433839,2026-07-04T01:15:52.443374+00:00,134.0,200,ask,YieldingYams,WavyWalnuts,6402464
2026-07-04T01:15:54.848176,2026-07-04T01:15:54.854530+00:00,133.9,200,ask,YieldingYams,WavyWalnuts,6402493
2026-07-04T01:15:55.186107,2026-07-04T01:15:55.189654+00:00,134.0,20,bid,Xuanyu Liu,YieldingYams,6402502
2026-07-04T01:15:56.054899,2026-07-04T01:15:56.063931+00:00,133.9,200,ask,AverageAlmonds,WavyWalnuts,6402516
2026-07-04T01:15:56.471285,2026-07-04T01:15:56.480402+00:00,133.9,300,ask,AverageAlmonds,YieldingYams,6402522
2026-07-04T01:15:56.485256,2026-07-04T01:15:56.488388+00:00,133.9,12,bid,Xuanyu Liu,YieldingYams,6402524
2026-07-04T01:15:59.679425,2026-07-04T01:15:59.686327+00:00,134.0,200,ask,YieldingYams,WavyWalnuts,6402562
2026-07-04T01:16:00.884301,2026-07-04T01:16:00.894073+00:00,134.1,200,bid,WavyWalnuts,YieldingYams,6402580
2026-07-04T01:16:02.930762,2026-07-04T01:16:02.942763+00:00,134.1,20,bid,BrilliantBurritos,WavyWalnuts,6402599
2026-07-04T01:16:07.094267,2026-07-04T01:16:07.106155+00:00,134.1,20,ask,WavyWalnuts,BrilliantBurritos,6402633
2026-07-04T01:16:07.871854,2026-07-04T01:16:07.875498+00:00,134.2,11,bid,Xuanyu Liu,YieldingYams,6402642
2026-07-04T01:16:08.164577,2026-07-04T01:16:08.174619+00:00,134.2,200,bid,WavyWalnuts,YieldingYams,6402643
2026-07-04T01:16:09.379761,2026-07-04T01:16:09.386399+00:00,134.2,200,ask,YieldingYams,WavyWalnuts,6402663
2026-07-04T01:16:10.978763,2026-07-04T01:16:10.982684+00:00,134.4,12,bid,Xuanyu Liu,AverageAlmonds,6402680
2026-07-04T01:16:14.231893,2026-07-04T01:16:14.239985+00:00,134.3,200,ask,YieldingYams,WavyWalnuts,6402719
2026-07-04T01:16:14.832310,2026-07-04T01:16:14.836017+00:00,134.2,11,bid,Xuanyu Liu,YieldingYams,6402726
2026-07-04T01:16:15.439534,2026-07-04T01:16:15.448712+00:00,134.2,200,bid,WavyWalnuts,YieldingYams,6402741
2026-07-04T01:16:16.597591,2026-07-04T01:16:16.608616+00:00,134.3,500,ask,YieldingYams,AverageAlmonds,6402762
2026-07-04T01:16:16.648210,2026-07-04T01:16:16.658613+00:00,134.3,125,ask,YieldingYams,WavyWalnuts,6402764
2026-07-04T01:16:17.430694,2026-07-04T01:16:17.438189+00:00,134.1,200,ask,WavyWalnuts,YieldingYams,6402776
2026-07-04T01:16:21.625984,2026-07-04T01:16:21.636039+00:00,134.1,20,ask,YieldingYams,BrilliantBurritos,6402816
2026-07-04T01:16:23.997535,2026-07-04T01:16:24.001626+00:00,134.2,3,bid,Xuanyu Liu,YieldingYams,6402847
2026-07-04T01:16:26.331095,2026-07-04T01:16:26.341282+00:00,134.1,200,ask,YieldingYams,WavyWalnuts,6402880
2026-07-04T01:16:27.538843,2026-07-04T01:16:27.545476+00:00,134.0,200,ask,YieldingYams,WavyWalnuts,6402892
2026-07-04T01:16:31.575699,2026-07-04T01:16:31.587561+00:00,133.9,20,ask,YieldingYams,BrilliantBurritos,6402948
2026-07-04T01:16:31.859847,2026-07-04T01:16:31.868963+00:00,134.1,200,bid,YieldingYams,WavyWalnuts,6402952
2026-07-04T01:16:33.132448,2026-07-04T01:16:33.136166+00:00,134.2,3,bid,Xuanyu Liu,WavyWalnuts,6402978
2026-07-04T01:16:35.806460,2026-07-04T01:16:35.810146+00:00,134.1,11,bid,Xuanyu Liu,YieldingYams,6403010
2026-07-04T01:16:42.356830,2026-07-04T01:16:42.363594+00:00,133.8,200,ask,WavyWalnuts,YieldingYams,6403103
2026-07-04T01:16:46.287216,2026-07-04T01:16:46.295354+00:00,133.6,200,ask,WavyWalnuts,YieldingYams,6403154
2026-07-04T01:16:46.287216,2026-07-04T01:16:46.295354+00:00,133.6,425,ask,AverageAlmonds,YieldingYams,6403155
2026-07-04T01:16:51.708287,2026-07-04T01:16:51.719444+00:00,133.7,500,bid,AverageAlmonds,YieldingYams,6403208
2026-07-04T01:16:51.777619,2026-07-04T01:16:51.784212+00:00,133.7,125,bid,WavyWalnuts,YieldingYams,6403209
2026-07-04T01:16:51.795123,2026-07-04T01:16:51.798896+00:00,133.7,11,ask,WavyWalnuts,Xuanyu Liu,6403211
2026-07-04T01:16:52.823906,2026-07-04T01:16:52.832549+00:00,133.9,200,bid,YieldingYams,WavyWalnuts,6403225
2026-07-04T01:16:52.838268,2026-07-04T01:16:52.841776+00:00,133.9,3,ask,YieldingYams,Xuanyu Liu,6403227
2026-07-04T01:16:52.843606,2026-07-04T01:16:52.857067+00:00,134.1,20,bid,BrilliantBurritos,YieldingYams,6403228
2026-07-04T01:16:54.748433,2026-07-04T01:16:54.759829+00:00,133.9,200,bid,AverageAlmonds,WavyWalnuts,6403252
2026-07-04T01:16:54.862967,2026-07-04T01:16:54.872746+00:00,134.0,20,bid,BrilliantBurritos,YieldingYams,6403256
2026-07-04T01:16:56.782316,2026-07-04T01:16:56.793031+00:00,133.9,500,ask,AverageAlmonds,YieldingYams,6403277
2026-07-04T01:16:57.152229,2026-07-04T01:16:57.158649+00:00,133.9,125,bid,AverageAlmonds,YieldingYams,6403284
2026-07-04T01:16:58.089139,2026-07-04T01:16:58.097706+00:00,134.1,200,bid,YieldingYams,WavyWalnuts,6403299
2026-07-04T01:16:58.503472,2026-07-04T01:16:58.507096+00:00,134.3,26,bid,Xuanyu Liu,YieldingYams,6403311
2026-07-04T01:16:59.418272,2026-07-04T01:16:59.421850+00:00,134.2,11,bid,Xuanyu Liu,YieldingYams,6403322
2026-07-04T01:17:00.232204,2026-07-04T01:17:00.238953+00:00,134.2,200,bid,WavyWalnuts,YieldingYams,6403332
2026-07-04T01:17:00.726558,2026-07-04T01:17:00.730244+00:00,134.1,12,bid,Xuanyu Liu,YieldingYams,6403337
2026-07-04T01:17:01.454370,2026-07-04T01:17:01.463891+00:00,134.1,200,bid,WavyWalnuts,YieldingYams,6403347
2026-07-04T01:17:01.663974,2026-07-04T01:17:01.667647+00:00,133.9,12,ask,YieldingYams,Xuanyu Liu,6403351
2026-07-04T01:17:02.063735,2026-07-04T01:17:02.067491+00:00,134.2,34,ask,YieldingYams,Xuanyu Liu,6403362
2026-07-04T01:17:02.637027,2026-07-04T01:17:02.646257+00:00,134.2,20,ask,YieldingYams,BrilliantBurritos,6403368
2026-07-04T01:17:03.696570,2026-07-04T01:17:03.708400+00:00,134.4,20,bid,BrilliantBurritos,YieldingYams,6403389
2026-07-04T01:17:04.668908,2026-07-04T01:17:04.675763+00:00,134.3,200,bid,YieldingYams,WavyWalnuts,6403403
2026-07-04T01:17:04.770100,2026-07-04T01:17:04.773610+00:00,134.5,11,bid,Xuanyu Liu,YieldingYams,6403405
2026-07-04T01:17:06.312930,2026-07-04T01:17:06.322604+00:00,134.4,200,bid,WavyWalnuts,YieldingYams,6403426
2026-07-04T01:17:08.733528,2026-07-04T01:17:08.740002+00:00,134.5,200,bid,WavyWalnuts,YieldingYams,6403463
2026-07-04T01:17:09.227504,2026-07-04T01:17:09.238953+00:00,134.2,20,ask,YieldingYams,BrilliantBurritos,6403470
2026-07-04T01:17:09.935751,2026-07-04T01:17:09.939654+00:00,134.4,11,ask,YieldingYams,Xuanyu Liu,6403483
2026-07-04T01:17:11.328637,2026-07-04T01:17:11.340265+00:00,134.4,20,ask,WavyWalnuts,BrilliantBurritos,6403499
2026-07-04T01:17:17.762504,2026-07-04T01:17:17.770039+00:00,134.5,200,bid,YieldingYams,WavyWalnuts,6403589
2026-07-04T01:17:17.762504,2026-07-04T01:17:17.775321+00:00,134.5,425,bid,YieldingYams,AverageAlmonds,6403590
2026-07-04T01:17:18.469287,2026-07-04T01:17:18.472829+00:00,134.4,3,ask,WavyWalnuts,Xuanyu Liu,6403598
2026-07-04T01:17:19.420402,2026-07-04T01:17:19.432119+00:00,134.4,20,ask,WavyWalnuts,BrilliantBurritos,6403615
2026-07-04T01:17:20.820235,2026-07-04T01:17:20.831583+00:00,134.4,200,ask,WavyWalnuts,AverageAlmonds,6403640
2026-07-04T01:17:20.848188,2026-07-04T01:17:20.858613+00:00,134.3,200,ask,YieldingYams,WavyWalnuts,6403644
2026-07-04T01:17:21.393631,2026-07-04T01:17:21.404355+00:00,134.3,425,ask,YieldingYams,AverageAlmonds,6403656
2026-07-04T01:17:28.122701,2026-07-04T01:17:28.131222+00:00,134.2,200,bid,WavyWalnuts,AverageAlmonds,6403743
2026-07-04T01:17:31.081543,2026-07-04T01:17:31.089228+00:00,134.1,200,ask,WavyWalnuts,AverageAlmonds,6403785
2026-07-04T01:17:31.081543,2026-07-04T01:17:31.089228+00:00,134.1,300,ask,YieldingYams,AverageAlmonds,6403786
2026-07-04T01:17:35.653031,2026-07-04T01:17:35.664405+00:00,134.0,20,ask,YieldingYams,BrilliantBurritos,6403840
2026-07-04T01:17:36.081721,2026-07-04T01:17:36.097413+00:00,134.1,500,bid,YieldingYams,AverageAlmonds,6403847
2026-07-04T01:17:36.094379,2026-07-04T01:17:36.097413+00:00,134.1,3,ask,YieldingYams,Xuanyu Liu,6403849
2026-07-04T01:17:36.522505,2026-07-04T01:17:36.532472+00:00,134.1,122,ask,YieldingYams,AverageAlmonds,6403854
2026-07-04T01:17:37.389834,2026-07-04T01:17:37.397677+00:00,133.9,200,ask,WavyWalnuts,YieldingYams,6403862
2026-07-04T01:17:38.943246,2026-07-04T01:17:38.953161+00:00,133.9,500,ask,YieldingYams,AverageAlmonds,6403884
2026-07-04T01:17:39.536092,2026-07-04T01:17:39.546359+00:00,133.9,125,ask,YieldingYams,AverageAlmonds,6403892
2026-07-04T01:17:40.007684,2026-07-04T01:17:40.015077+00:00,133.8,200,ask,WavyWalnuts,YieldingYams,6403897
2026-07-04T01:17:40.213069,2026-07-04T01:17:40.224286+00:00,133.8,200,bid,WavyWalnuts,YieldingYams,6403901
2026-07-04T01:17:41.426618,2026-07-04T01:17:41.437631+00:00,133.8,200,ask,YieldingYams,WavyWalnuts,6403913
2026-07-04T01:17:42.797057,2026-07-04T01:17:42.801166+00:00,133.8,11,ask,YieldingYams,Xuanyu Liu,6403925
2026-07-04T01:17:43.846378,2026-07-04T01:17:43.853719+00:00,133.8,200,ask,YieldingYams,WavyWalnuts,6403939
2026-07-04T01:17:43.944916,2026-07-04T01:17:43.948330+00:00,133.9,12,ask,YieldingYams,Xuanyu Liu,6403942
2026-07-04T01:17:45.057990,2026-07-04T01:17:45.069605+00:00,133.9,200,ask,YieldingYams,WavyWalnuts,6403956
2026-07-04T01:17:49.114373,2026-07-04T01:17:49.117691+00:00,133.7,11,ask,WavyWalnuts,Xuanyu Liu,6404005
2026-07-04T01:17:49.346389,2026-07-04T01:17:49.358620+00:00,133.7,20,ask,WavyWalnuts,BrilliantBurritos,6404012
2026-07-04T01:17:49.911396,2026-07-04T01:17:49.919918+00:00,133.7,200,ask,YieldingYams,WavyWalnuts,6404023
2026-07-04T01:17:50.489779,2026-07-04T01:17:50.493265+00:00,133.9,23,ask,YieldingYams,Xuanyu Liu,6404030
2026-07-04T01:17:51.783153,2026-07-04T01:17:51.792421+00:00,134.0,200,bid,YieldingYams,WavyWalnuts,6404052
2026-07-04T01:17:51.798267,2026-07-04T01:17:51.802181+00:00,134.0,11,ask,YieldingYams,Xuanyu Liu,6404054
2026-07-04T01:17:52.249544,2026-07-04T01:17:52.258609+00:00,134.0,414,ask,YieldingYams,AverageAlmonds,6404062
2026-07-04T01:17:52.275439,2026-07-04T01:17:52.278927+00:00,134.0,34,bid,Xuanyu Liu,AverageAlmonds,6404064
2026-07-04T01:17:54.746386,2026-07-04T01:17:54.758570+00:00,134.0,200,bid,WavyWalnuts,AverageAlmonds,6404094
2026-07-04T01:17:55.443915,2026-07-04T01:17:55.447862+00:00,133.9,12,ask,YieldingYams,Xuanyu Liu,6404106
2026-07-04T01:17:55.956393,2026-07-04T01:17:55.963952+00:00,134.0,200,bid,WavyWalnuts,YieldingYams,6404111
2026-07-04T01:17:57.167295,2026-07-04T01:17:57.174506+00:00,133.9,200,bid,WavyWalnuts,AverageAlmonds,6404132
2026-07-04T01:17:58.316275,2026-07-04T01:17:58.325689+00:00,133.8,500,ask,YieldingYams,AverageAlmonds,6404150
2026-07-04T01:17:58.379263,2026-07-04T01:17:58.386489+00:00,133.7,200,bid,WavyWalnuts,YieldingYams,6404151
2026-07-04T01:17:59.591472,2026-07-04T01:17:59.602411+00:00,133.7,200,bid,WavyWalnuts,YieldingYams,6404169
2026-07-04T01:18:00.803043,2026-07-04T01:18:00.810425+00:00,133.7,200,bid,WavyWalnuts,AverageAlmonds,6404187
2026-07-04T01:18:01.041183,2026-07-04T01:18:01.049635+00:00,133.4,20,ask,YieldingYams,BrilliantBurritos,6404189
2026-07-04T01:18:01.965058,2026-07-04T01:18:01.976468+00:00,133.4,20,ask,YieldingYams,BrilliantBurritos,6404202
2026-07-04T01:18:02.011653,2026-07-04T01:18:02.021226+00:00,133.6,200,bid,WavyWalnuts,AverageAlmonds,6404204
2026-07-04T01:18:03.220082,2026-07-04T01:18:03.228966+00:00,133.5,200,bid,WavyWalnuts,AverageAlmonds,6404222
2026-07-04T01:18:03.560051,2026-07-04T01:18:03.567227+00:00,133.5,300,bid,YieldingYams,AverageAlmonds,6404229
2026-07-04T01:18:03.761670,2026-07-04T01:18:03.769216+00:00,133.5,325,ask,YieldingYams,AverageAlmonds,6404231
2026-07-04T01:18:04.429432,2026-07-04T01:18:04.438562+00:00,133.5,200,bid,WavyWalnuts,AverageAlmonds,6404246
2026-07-04T01:18:05.637703,2026-07-04T01:18:05.647236+00:00,133.5,200,bid,WavyWalnuts,YieldingYams,6404263
2026-07-04T01:18:06.213521,2026-07-04T01:18:06.233442+00:00,133.5,500,bid,YieldingYams,AverageAlmonds,6404273
2026-07-04T01:18:06.229894,2026-07-04T01:18:06.233442+00:00,133.5,11,ask,YieldingYams,Xuanyu Liu,6404276
2026-07-04T01:18:06.795397,2026-07-04T01:18:06.805116+00:00,133.5,114,ask,YieldingYams,AverageAlmonds,6404283
2026-07-04T01:18:08.056272,2026-07-04T01:18:08.068974+00:00,133.3,200,ask,YieldingYams,WavyWalnuts,6404299
2026-07-04T01:18:08.111240,2026-07-04T01:18:08.115161+00:00,133.4,46,bid,Xuanyu Liu,AverageAlmonds,6404303
2026-07-04T01:18:09.739121,2026-07-04T01:18:09.746105+00:00,133.3,20,ask,YieldingYams,BrilliantBurritos,6404323
2026-07-04T01:18:13.747621,2026-07-04T01:18:13.756296+00:00,133.1,20,ask,YieldingYams,BrilliantBurritos,6404379
2026-07-04T01:18:15.390827,2026-07-04T01:18:15.400886+00:00,133.2,200,bid,YieldingYams,WavyWalnuts,6404408
2026-07-04T01:18:17.720823,2026-07-04T01:18:17.729598+00:00,133.2,200,bid,WavyWalnuts,YieldingYams,6404445
2026-07-04T01:18:18.783939,2026-07-04T01:18:18.795450+00:00,133.1,20,ask,YieldingYams,BrilliantBurritos,6404461
2026-07-04T01:18:20.147665,2026-07-04T01:18:20.154854+00:00,133.2,200,bid,WavyWalnuts,YieldingYams,6404485
2026-07-04T01:18:22.585716,2026-07-04T01:18:22.589043+00:00,133.2,12,ask,WavyWalnuts,Xuanyu Liu,6404517
2026-07-04T01:18:23.730095,2026-07-04T01:18:23.741455+00:00,133.2,188,ask,WavyWalnuts,AverageAlmonds,6404530
2026-07-04T01:18:23.895210,2026-07-04T01:18:23.898704+00:00,133.2,12,bid,Xuanyu Liu,AverageAlmonds,6404532
2026-07-04T01:18:24.581824,2026-07-04T01:18:24.592668+00:00,133.1,200,ask,WavyWalnuts,YieldingYams,6404543
2026-07-04T01:18:24.597901,2026-07-04T01:18:24.601236+00:00,133.1,11,bid,Xuanyu Liu,YieldingYams,6404545
2026-07-04T01:18:24.987215,2026-07-04T01:18:24.994609+00:00,133.1,200,bid,WavyWalnuts,YieldingYams,6404551
2026-07-04T01:18:26.197206,2026-07-04T01:18:26.204950+00:00,133.1,200,ask,YieldingYams,WavyWalnuts,6404571
2026-07-04T01:18:27.108783,2026-07-04T01:18:27.112154+00:00,133.1,11,ask,YieldingYams,Xuanyu Liu,6404584
2026-07-04T01:18:27.706303,2026-07-04T01:18:27.713368+00:00,132.9,20,ask,YieldingYams,BrilliantBurritos,6404592
2026-07-04T01:18:31.139242,2026-07-04T01:18:31.146734+00:00,132.8,200,ask,WavyWalnuts,YieldingYams,6404647
2026-07-04T01:18:32.933578,2026-07-04T01:18:32.945219+00:00,132.8,20,bid,BrilliantBurritos,YieldingYams,6404668
2026-07-04T01:18:35.892699,2026-07-04T01:18:35.903290+00:00,132.6,200,ask,YieldingYams,WavyWalnuts,6404712
2026-07-04T01:18:38.652574,2026-07-04T01:18:38.664140+00:00,132.7,20,bid,BrilliantBurritos,YieldingYams,6404747
2026-07-04T01:18:38.993255,2026-07-04T01:18:39.002196+00:00,132.5,200,ask,WavyWalnuts,YieldingYams,6404756
2026-07-04T01:18:39.514203,2026-07-04T01:18:39.525047+00:00,132.5,200,bid,WavyWalnuts,YieldingYams,6404763
2026-07-04T01:18:40.727628,2026-07-04T01:18:40.735129+00:00,132.5,200,ask,YieldingYams,WavyWalnuts,6404786
2026-07-04T01:18:42.917693,2026-07-04T01:18:42.924383+00:00,132.6,200,bid,YieldingYams,WavyWalnuts,6404821
2026-07-04T01:18:48.151935,2026-07-04T01:18:48.158566+00:00,132.5,200,ask,WavyWalnuts,YieldingYams,6404887
2026-07-04T01:18:49.200573,2026-07-04T01:18:49.209604+00:00,132.5,200,bid,WavyWalnuts,YieldingYams,6404901
2026-07-04T01:18:52.830585,2026-07-04T01:18:52.840922+00:00,132.5,200,ask,YieldingYams,WavyWalnuts,6404955
2026-07-04T01:18:54.035359,2026-07-04T01:18:54.045003+00:00,132.6,200,bid,WavyWalnuts,YieldingYams,6404965
2026-07-04T01:18:59.947564,2026-07-04T01:18:59.951316+00:00,132.7,11,bid,Xuanyu Liu,YieldingYams,6405036
2026-07-04T01:19:01.302081,2026-07-04T01:19:01.312299+00:00,132.7,200,bid,WavyWalnuts,YieldingYams,6405059
2026-07-04T01:19:02.367009,2026-07-04T01:19:02.378824+00:00,132.7,20,bid,BrilliantBurritos,YieldingYams,6405071
2026-07-04T01:19:06.472889,2026-07-04T01:19:06.479920+00:00,132.7,200,bid,YieldingYams,WavyWalnuts,6405136
2026-07-04T01:19:07.162341,2026-07-04T01:19:07.174348+00:00,132.8,20,ask,YieldingYams,BrilliantBurritos,6405149
2026-07-04T01:19:07.364526,2026-07-04T01:19:07.374366+00:00,132.8,200,ask,YieldingYams,WavyWalnuts,6405156
2026-07-04T01:19:08.577546,2026-07-04T01:19:08.587903+00:00,132.8,200,ask,YieldingYams,WavyWalnuts,6405175
2026-07-04T01:19:10.964099,2026-07-04T01:19:10.967841+00:00,132.7,3,bid,Xuanyu Liu,AverageAlmonds,6405216
2026-07-04T01:19:12.214550,2026-07-04T01:19:12.221243+00:00,132.6,200,ask,YieldingYams,WavyWalnuts,6405229
2026-07-04T01:19:14.327343,2026-07-04T01:19:14.336742+00:00,132.8,200,bid,YieldingYams,WavyWalnuts,6405271
2026-07-04T01:19:15.636743,2026-07-04T01:19:15.646101+00:00,132.9,500,bid,YieldingYams,AverageAlmonds,6405290
2026-07-04T01:19:15.789505,2026-07-04T01:19:15.798323+00:00,132.9,125,ask,YieldingYams,AverageAlmonds,6405294
2026-07-04T01:19:20.481544,2026-07-04T01:19:20.491257+00:00,132.9,20,bid,BrilliantBurritos,WavyWalnuts,6405354
2026-07-04T01:19:22.184919,2026-07-04T01:19:22.195390+00:00,132.7,200,bid,YieldingYams,WavyWalnuts,6405381
2026-07-04T01:19:23.085453,2026-07-04T01:19:23.092682+00:00,132.7,200,ask,YieldingYams,WavyWalnuts,6405394
2026-07-04T01:19:24.291162,2026-07-04T01:19:24.300389+00:00,132.7,200,bid,WavyWalnuts,YieldingYams,6405409
2026-07-04T01:19:25.512494,2026-07-04T01:19:25.516040+00:00,132.7,3,ask,WavyWalnuts,Xuanyu Liu,6405431
2026-07-04T01:19:26.708271,2026-07-04T01:19:26.719100+00:00,132.8,200,bid,WavyWalnuts,YieldingYams,6405450
2026-07-04T01:19:27.376161,2026-07-04T01:19:27.385648+00:00,132.8,20,bid,BrilliantBurritos,YieldingYams,6405469
2026-07-04T01:19:27.902467,2026-07-04T01:19:27.913258+00:00,132.7,500,ask,YieldingYams,AverageAlmonds,6405479
2026-07-04T01:19:28.497884,2026-07-04T01:19:28.505805+00:00,132.7,125,ask,YieldingYams,AverageAlmonds,6405486
2026-07-04T01:19:28.497884,2026-07-04T01:19:28.505805+00:00,132.7,200,ask,WavyWalnuts,AverageAlmonds,6405487
2026-07-04T01:19:30.045847,2026-07-04T01:19:30.058638+00:00,132.6,200,ask,WavyWalnuts,YieldingYams,6405516
2026-07-04T01:19:35.182107,2026-07-04T01:19:35.192607+00:00,132.8,200,bid,WavyWalnuts,YieldingYams,6405586
2026-07-04T01:19:36.595661,2026-07-04T01:19:36.606814+00:00,132.8,200,ask,WavyWalnuts,YieldingYams,6405599
2026-07-04T01:19:37.601957,2026-07-04T01:19:37.610539+00:00,132.8,200,bid,WavyWalnuts,YieldingYams,6405614
2026-07-04T01:19:41.863015,2026-07-04T01:19:41.874784+00:00,133.0,20,bid,BrilliantBurritos,WavyWalnuts,6405671
2026-07-04T01:19:43.666885,2026-07-04T01:19:43.675170+00:00,132.9,200,bid,WavyWalnuts,YieldingYams,6405690
2026-07-04T01:19:44.469240,2026-07-04T01:19:44.472693+00:00,132.8,23,ask,YieldingYams,Xuanyu Liu,6405708
2026-07-04T01:19:48.678111,2026-07-04T01:19:48.686758+00:00,132.9,20,bid,BrilliantBurritos,AverageAlmonds,6405766
2026-07-04T01:19:52.710435,2026-07-04T01:19:52.719690+00:00,132.7,200,ask,WavyWalnuts,AverageAlmonds,6405816
2026-07-04T01:19:54.515029,2026-07-04T01:19:54.526847+00:00,132.6,200,ask,WavyWalnuts,YieldingYams,6405839
2026-07-04T01:19:54.515029,2026-07-04T01:19:54.526847+00:00,132.6,300,ask,YieldingYams,AverageAlmonds,6405840
2026-07-04T01:19:54.941093,2026-07-04T01:19:54.948665+00:00,132.6,200,ask,WavyWalnuts,AverageAlmonds,6405854
2026-07-04T01:19:55.687693,2026-07-04T01:19:55.691370+00:00,132.4,11,ask,YieldingYams,Xuanyu Liu,6405862
2026-07-04T01:19:55.824691,2026-07-04T01:19:55.832535+00:00,132.5,200,bid,WavyWalnuts,AverageAlmonds,6405865
2026-07-04T01:19:57.037064,2026-07-04T01:19:57.046121+00:00,132.6,200,bid,WavyWalnuts,AverageAlmonds,6405879
2026-07-04T01:19:58.269545,2026-07-04T01:19:58.273873+00:00,132.5,12,ask,WavyWalnuts,Xuanyu Liu,6405902
2026-07-04T01:19:59.464785,2026-07-04T01:19:59.473991+00:00,132.5,200,ask,YieldingYams,WavyWalnuts,6405915
2026-07-04T01:20:00.559835,2026-07-04T01:20:00.569133+00:00,132.6,125,ask,YieldingYams,AverageAlmonds,6405926
2026-07-04T01:20:03.135301,2026-07-04T01:20:03.142937+00:00,132.5,200,bid,WavyWalnuts,YieldingYams,6405973
2026-07-04T01:20:03.540338,2026-07-04T01:20:03.552052+00:00,132.5,20,bid,BrilliantBurritos,YieldingYams,6405976
2026-07-04T01:20:04.123271,2026-07-04T01:20:04.126437+00:00,132.5,11,ask,YieldingYams,Xuanyu Liu,6405984
2026-07-04T01:20:05.195358,2026-07-04T01:20:05.199318+00:00,132.5,11,ask,YieldingYams,Xuanyu Liu,6405999
2026-07-04T01:20:05.414420,2026-07-04T01:20:05.422921+00:00,132.5,500,ask,YieldingYams,AverageAlmonds,6406002
2026-07-04T01:20:05.425286,2026-07-04T01:20:05.433658+00:00,132.5,200,ask,WavyWalnuts,YieldingYams,6406003
2026-07-04T01:20:06.736456,2026-07-04T01:20:06.746432+00:00,132.3,200,ask,WavyWalnuts,YieldingYams,6406022
2026-07-04T01:20:06.762358,2026-07-04T01:20:06.769565+00:00,132.3,200,bid,WavyWalnuts,YieldingYams,6406023
2026-07-04T01:20:07.971606,2026-07-04T01:20:07.978999+00:00,132.3,200,bid,WavyWalnuts,YieldingYams,6406035
2026-07-04T01:20:09.891539,2026-07-04T01:20:09.899162+00:00,132.4,20,ask,WavyWalnuts,BrilliantBurritos,6406057
2026-07-04T01:20:11.024900,2026-07-04T01:20:11.036307+00:00,132.5,20,bid,BrilliantBurritos,WavyWalnuts,6406067
2026-07-04T01:20:11.515263,2026-07-04T01:20:11.518768+00:00,132.3,29,ask,WavyWalnuts,Xuanyu Liu,6406078
2026-07-04T01:20:16.470939,2026-07-04T01:20:16.474942+00:00,132.4,6,bid,Xuanyu Liu,WavyWalnuts,6406147
2026-07-04T01:20:17.206087,2026-07-04T01:20:17.213419+00:00,132.4,194,bid,YieldingYams,WavyWalnuts,6406164
2026-07-04T01:20:17.661670,2026-07-04T01:20:17.671899+00:00,132.5,200,bid,WavyWalnuts,AverageAlmonds,6406171
2026-07-04T01:20:17.836896,2026-07-04T01:20:17.840599+00:00,132.4,6,ask,YieldingYams,Xuanyu Liu,6406175
2026-07-04T01:20:19.512497,2026-07-04T01:20:19.522322+00:00,132.3,20,ask,WavyWalnuts,BrilliantBurritos,6406199
2026-07-04T01:20:20.561097,2026-07-04T01:20:20.570161+00:00,132.3,500,ask,YieldingYams,AverageAlmonds,6406211
2026-07-04T01:20:21.065815,2026-07-04T01:20:21.077494+00:00,132.5,20,bid,BrilliantBurritos,YieldingYams,6406220
2026-07-04T01:20:21.150562,2026-07-04T01:20:21.159707+00:00,132.3,200,ask,WavyWalnuts,AverageAlmonds,6406223
2026-07-04T01:20:22.369684,2026-07-04T01:20:22.380649+00:00,132.2,500,ask,YieldingYams,AverageAlmonds,6406246
2026-07-04T01:20:22.516204,2026-07-04T01:20:22.525891+00:00,132.3,200,bid,WavyWalnuts,YieldingYams,6406256
2026-07-04T01:20:22.984390,2026-07-04T01:20:22.988197+00:00,132.1,6,bid,Xuanyu Liu,AverageAlmonds,6406268
2026-07-04T01:20:23.725702,2026-07-04T01:20:23.732969+00:00,132.1,200,bid,WavyWalnuts,AverageAlmonds,6406281
2026-07-04T01:20:23.745744,2026-07-04T01:20:23.758584+00:00,132.1,300,bid,YieldingYams,AverageAlmonds,6406282
2026-07-04T01:20:24.166286,2026-07-04T01:20:24.174451+00:00,132.3,325,ask,YieldingYams,AverageAlmonds,6406289
2026-07-04T01:20:24.931921,2026-07-04T01:20:24.942265+00:00,132.1,200,bid,WavyWalnuts,AverageAlmonds,6406300
2026-07-04T01:20:25.058224,2026-07-04T01:20:25.068424+00:00,132.1,300,bid,YieldingYams,AverageAlmonds,6406304
2026-07-04T01:20:25.372152,2026-07-04T01:20:25.380960+00:00,132.1,325,ask,YieldingYams,AverageAlmonds,6406310
2026-07-04T01:20:30.333668,2026-07-04T01:20:30.345149+00:00,132.1,20,bid,BrilliantBurritos,AverageAlmonds,6406395
2026-07-04T01:20:30.841353,2026-07-04T01:20:30.844804+00:00,132.0,11,bid,Xuanyu Liu,AverageAlmonds,6406401
2026-07-04T01:20:30.980569,2026-07-04T01:20:30.990320+00:00,132.0,200,bid,WavyWalnuts,AverageAlmonds,6406404
2026-07-04T01:20:32.907916,2026-07-04T01:20:32.919001+00:00,131.9,200,ask,WavyWalnuts,YieldingYams,6406444
2026-07-04T01:20:32.924619,2026-07-04T01:20:32.928011+00:00,131.8,23,bid,Xuanyu Liu,YieldingYams,6406446
2026-07-04T01:20:33.395355,2026-07-04T01:20:33.403677+00:00,131.8,200,bid,WavyWalnuts,YieldingYams,6406456
2026-07-04T01:20:35.524384,2026-07-04T01:20:35.534993+00:00,131.8,200,ask,WavyWalnuts,YieldingYams,6406485
2026-07-04T01:20:35.816552,2026-07-04T01:20:35.827191+00:00,131.7,200,bid,WavyWalnuts,YieldingYams,6406486
2026-07-04T01:20:36.743205,2026-07-04T01:20:36.758568+00:00,131.7,20,bid,BrilliantBurritos,YieldingYams,6406494
2026-07-04T01:20:37.029338,2026-07-04T01:20:37.036462+00:00,131.8,200,ask,YieldingYams,WavyWalnuts,6406498
2026-07-04T01:20:37.564236,2026-07-04T01:20:37.575992+00:00,132.0,20,bid,BrilliantBurritos,AverageAlmonds,6406507
