timestamp,recv_time,price,volume,aggressor_side,buyer,seller,trade_id
2026-07-08T23:00:00.692068,2026-07-08T23:00:00.699067+00:00,141.3,200,bid,AverageAlmonds,WavyWalnuts,12792600
2026-07-08T23:00:05.980654,2026-07-08T23:00:05.993703+00:00,141.4,20,ask,WavyWalnuts,BrilliantBurritos,12792677
2026-07-08T23:00:06.251476,2026-07-08T23:00:06.256403+00:00,141.5,11,bid,Xuanyu Liu,WavyWalnuts,12792684
2026-07-08T23:00:06.319847,2026-07-08T23:00:06.331681+00:00,141.5,20,bid,BrilliantBurritos,WavyWalnuts,12792686
2026-07-08T23:00:06.786598,2026-07-08T23:00:06.795739+00:00,141.5,169,bid,YieldingYams,WavyWalnuts,12792699
2026-07-08T23:00:07.453370,2026-07-08T23:00:07.456831+00:00,141.7,3,bid,Xuanyu Liu,WavyWalnuts,12792713
2026-07-08T23:00:11.955742,2026-07-08T23:00:11.967421+00:00,141.8,20,bid,BrilliantBurritos,YieldingYams,12792784
2026-07-08T23:00:15.978361,2026-07-08T23:00:15.986354+00:00,141.7,200,bid,YieldingYams,WavyWalnuts,12792849
2026-07-08T23:00:17.109791,2026-07-08T23:00:17.117013+00:00,141.7,200,ask,YieldingYams,WavyWalnuts,12792864
2026-07-08T23:00:22.426635,2026-07-08T23:00:22.438558+00:00,141.6,20,ask,WavyWalnuts,BrilliantBurritos,12792922
2026-07-08T23:00:23.154021,2026-07-08T23:00:23.158610+00:00,141.7,200,bid,WavyWalnuts,YieldingYams,12792935
2026-07-08T23:00:24.362649,2026-07-08T23:00:24.370273+00:00,141.7,200,bid,WavyWalnuts,YieldingYams,12792950
2026-07-08T23:00:25.181446,2026-07-08T23:00:25.185347+00:00,141.7,14,ask,YieldingYams,Xuanyu Liu,12792967
2026-07-08T23:00:25.569921,2026-07-08T23:00:25.580199+00:00,141.8,200,bid,WavyWalnuts,AverageAlmonds,12792971
2026-07-08T23:00:26.476882,2026-07-08T23:00:26.487767+00:00,141.8,500,bid,YieldingYams,AverageAlmonds,12792980
2026-07-08T23:00:26.493978,2026-07-08T23:00:26.498009+00:00,141.9,23,ask,YieldingYams,Xuanyu Liu,12792983
2026-07-08T23:00:26.726412,2026-07-08T23:00:26.735499+00:00,141.9,102,ask,YieldingYams,AverageAlmonds,12792986
2026-07-08T23:00:26.777679,2026-07-08T23:00:26.786403+00:00,141.7,200,bid,WavyWalnuts,AverageAlmonds,12792988
2026-07-08T23:00:28.579773,2026-07-08T23:00:28.583568+00:00,141.6,11,bid,Xuanyu Liu,AverageAlmonds,12793018
2026-07-08T23:00:29.106399,2026-07-08T23:00:29.113496+00:00,141.6,489,bid,YieldingYams,AverageAlmonds,12793022
2026-07-08T23:00:30.410689,2026-07-08T23:00:30.421061+00:00,141.6,136,ask,YieldingYams,WavyWalnuts,12793036
2026-07-08T23:00:34.492610,2026-07-08T23:00:34.504380+00:00,141.4,20,bid,BrilliantBurritos,WavyWalnuts,12793096
2026-07-08T23:00:44.836270,2026-07-08T23:00:44.839941+00:00,141.3,12,bid,Xuanyu Liu,YieldingYams,12793218
2026-07-08T23:00:44.873916,2026-07-08T23:00:44.885656+00:00,141.2,20,ask,WavyWalnuts,BrilliantBurritos,12793220
2026-07-08T23:00:47.400255,2026-07-08T23:00:47.411784+00:00,141.1,200,ask,YieldingYams,WavyWalnuts,12793250
2026-07-08T23:00:47.485343,2026-07-08T23:00:47.489092+00:00,141.1,11,bid,Xuanyu Liu,YieldingYams,12793252
2026-07-08T23:00:51.417029,2026-07-08T23:00:51.427580+00:00,140.9,500,ask,AverageAlmonds,YieldingYams,12793319
2026-07-08T23:00:51.417029,2026-07-08T23:00:51.427580+00:00,140.8,125,ask,WavyWalnuts,YieldingYams,12793320
2026-07-08T23:00:54.875174,2026-07-08T23:00:54.879908+00:00,141.0,3,bid,Xuanyu Liu,WavyWalnuts,12793370
2026-07-08T23:00:56.653586,2026-07-08T23:00:56.653402+00:00,141.1,200,bid,YieldingYams,WavyWalnuts,12793394
2026-07-08T23:00:57.094132,2026-07-08T23:00:57.100881+00:00,141.1,200,ask,YieldingYams,WavyWalnuts,12793403
2026-07-08T23:01:00.718003,2026-07-08T23:01:00.725206+00:00,141.1,200,ask,YieldingYams,WavyWalnuts,12793470
2026-07-08T23:01:01.950166,2026-07-08T23:01:01.954021+00:00,141.1,3,bid,Xuanyu Liu,WavyWalnuts,12793487
2026-07-08T23:01:01.966253,2026-07-08T23:01:01.974751+00:00,141.1,20,bid,Heero Sipayung,WavyWalnuts,12793489
2026-07-08T23:01:02.192840,2026-07-08T23:01:02.201911+00:00,141.1,20,bid,Heero Sipayung,WavyWalnuts,12793492
2026-07-08T23:01:02.431785,2026-07-08T23:01:02.441755+00:00,141.1,20,bid,Heero Sipayung,WavyWalnuts,12793500
2026-07-08T23:01:02.441999,2026-07-08T23:01:02.453597+00:00,141.0,7,ask,YieldingYams,Heero Sipayung,12793501
2026-07-08T23:01:03.131952,2026-07-08T23:01:03.143688+00:00,141.1,20,bid,BrilliantBurritos,WavyWalnuts,12793512
2026-07-08T23:01:04.477262,2026-07-08T23:01:04.484069+00:00,141.1,20,bid,Heero Sipayung,WavyWalnuts,12793530
2026-07-08T23:01:04.520573,2026-07-08T23:01:04.532422+00:00,141.1,180,bid,YieldingYams,WavyWalnuts,12793531
2026-07-08T23:01:05.832996,2026-07-08T23:01:05.842529+00:00,141.1,200,ask,WavyWalnuts,YieldingYams,12793558
2026-07-08T23:01:05.904262,2026-07-08T23:01:05.911578+00:00,141.1,20,bid,Heero Sipayung,YieldingYams,12793561
2026-07-08T23:01:06.135595,2026-07-08T23:01:06.145228+00:00,141.1,20,bid,Heero Sipayung,YieldingYams,12793567
2026-07-08T23:01:06.357710,2026-07-08T23:01:06.364823+00:00,141.1,20,bid,Heero Sipayung,YieldingYams,12793570
2026-07-08T23:01:06.579719,2026-07-08T23:01:06.587575+00:00,141.1,20,bid,Heero Sipayung,YieldingYams,12793573
2026-07-08T23:01:06.800466,2026-07-08T23:01:06.807958+00:00,141.1,20,bid,Heero Sipayung,YieldingYams,12793576
2026-07-08T23:01:07.020512,2026-07-08T23:01:07.027776+00:00,141.1,20,bid,BrilliantBurritos,YieldingYams,12793579
2026-07-08T23:01:07.073042,2026-07-08T23:01:07.084796+00:00,141.1,20,bid,Heero Sipayung,YieldingYams,12793580
2026-07-08T23:01:08.455878,2026-07-08T23:01:08.469949+00:00,141.2,200,bid,YieldingYams,WavyWalnuts,12793597
2026-07-08T23:01:08.465948,2026-07-08T23:01:08.469949+00:00,141.2,3,ask,YieldingYams,Xuanyu Liu,12793599
2026-07-08T23:01:14.310845,2026-07-08T23:01:14.322399+00:00,141.0,20,ask,WavyWalnuts,BrilliantBurritos,12793681
2026-07-08T23:01:16.330514,2026-07-08T23:01:16.342110+00:00,141.1,200,bid,YieldingYams,WavyWalnuts,12793703
2026-07-08T23:01:18.876896,2026-07-08T23:01:18.885606+00:00,141.3,200,bid,WavyWalnuts,YieldingYams,12793735
2026-07-08T23:01:19.095979,2026-07-08T23:01:19.107787+00:00,141.3,20,ask,YieldingYams,Heero Sipayung,12793741
2026-07-08T23:01:19.323309,2026-07-08T23:01:19.335340+00:00,141.3,20,ask,YieldingYams,Heero Sipayung,12793745
2026-07-08T23:01:19.547285,2026-07-08T23:01:19.558563+00:00,141.3,20,ask,YieldingYams,Heero Sipayung,12793753
2026-07-08T23:01:19.766817,2026-07-08T23:01:19.778389+00:00,141.3,20,ask,YieldingYams,Heero Sipayung,12793758
2026-07-08T23:01:19.990001,2026-07-08T23:01:19.998930+00:00,141.3,20,ask,YieldingYams,Heero Sipayung,12793761
2026-07-08T23:01:21.245148,2026-07-08T23:01:21.249065+00:00,141.4,200,ask,WavyWalnuts,AverageAlmonds,12793781
2026-07-08T23:01:21.847990,2026-07-08T23:01:21.858633+00:00,141.3,200,ask,WavyWalnuts,AverageAlmonds,12793791
2026-07-08T23:01:21.847990,2026-07-08T23:01:21.858633+00:00,141.3,300,ask,YieldingYams,AverageAlmonds,12793792
2026-07-08T23:01:22.442184,2026-07-08T23:01:22.449219+00:00,141.3,325,ask,YieldingYams,AverageAlmonds,12793796
2026-07-08T23:01:22.469809,2026-07-08T23:01:22.473908+00:00,141.3,3,bid,Xuanyu Liu,AverageAlmonds,12793800
2026-07-08T23:01:22.526642,2026-07-08T23:01:22.530812+00:00,141.2,11,bid,Xuanyu Liu,WavyWalnuts,12793806
2026-07-08T23:01:22.636601,2026-07-08T23:01:22.643176+00:00,141.2,20,bid,Heero Sipayung,WavyWalnuts,12793809
2026-07-08T23:01:22.858015,2026-07-08T23:01:22.869699+00:00,141.2,20,bid,Heero Sipayung,WavyWalnuts,12793814
2026-07-08T23:01:23.105864,2026-07-08T23:01:23.114770+00:00,141.2,20,bid,Heero Sipayung,WavyWalnuts,12793820
2026-07-08T23:01:23.330679,2026-07-08T23:01:23.342360+00:00,141.2,20,bid,Heero Sipayung,WavyWalnuts,12793827
2026-07-08T23:01:23.419564,2026-07-08T23:01:23.424086+00:00,141.1,14,ask,YieldingYams,Xuanyu Liu,12793830
2026-07-08T23:01:23.542402,2026-07-08T23:01:23.554511+00:00,141.1,20,ask,YieldingYams,Heero Sipayung,12793831
2026-07-08T23:01:23.763703,2026-07-08T23:01:23.775327+00:00,141.1,20,ask,YieldingYams,Heero Sipayung,12793836
2026-07-08T23:01:23.984508,2026-07-08T23:01:23.991814+00:00,141.1,20,ask,YieldingYams,Heero Sipayung,12793846
2026-07-08T23:01:24.204571,2026-07-08T23:01:24.211357+00:00,141.3,500,bid,YieldingYams,AverageAlmonds,12793852
2026-07-08T23:01:24.204571,2026-07-08T23:01:24.216803+00:00,141.3,125,bid,YieldingYams,WavyWalnuts,12793853
2026-07-08T23:01:25.517568,2026-07-08T23:01:25.526732+00:00,141.2,200,ask,WavyWalnuts,YieldingYams,12793870
2026-07-08T23:01:26.140603,2026-07-08T23:01:26.158612+00:00,141.2,200,bid,WavyWalnuts,YieldingYams,12793882
2026-07-08T23:01:28.140687,2026-07-08T23:01:28.158836+00:00,141.2,500,bid,YieldingYams,AverageAlmonds,12793912
2026-07-08T23:01:28.504412,2026-07-08T23:01:28.513979+00:00,141.3,125,ask,YieldingYams,AverageAlmonds,12793916
2026-07-08T23:01:28.504412,2026-07-08T23:01:28.513979+00:00,141.1,200,ask,WavyWalnuts,AverageAlmonds,12793917
2026-07-08T23:01:29.449868,2026-07-08T23:01:29.458580+00:00,141.1,500,bid,YieldingYams,AverageAlmonds,12793928
2026-07-08T23:01:29.728250,2026-07-08T23:01:29.736880+00:00,141.1,125,ask,YieldingYams,AverageAlmonds,12793931
2026-07-08T23:01:29.728250,2026-07-08T23:01:29.736880+00:00,141.0,200,ask,WavyWalnuts,AverageAlmonds,12793932
2026-07-08T23:01:30.761201,2026-07-08T23:01:30.769689+00:00,140.9,500,bid,YieldingYams,AverageAlmonds,12793950
2026-07-08T23:01:30.935315,2026-07-08T23:01:30.946699+00:00,140.9,125,ask,YieldingYams,AverageAlmonds,12793955
2026-07-08T23:01:30.986687,2026-07-08T23:01:30.997380+00:00,140.9,200,bid,WavyWalnuts,AverageAlmonds,12793956
2026-07-08T23:01:32.196930,2026-07-08T23:01:32.206613+00:00,140.7,200,bid,WavyWalnuts,YieldingYams,12793971
2026-07-08T23:01:32.302378,2026-07-08T23:01:32.311185+00:00,140.5,20,ask,YieldingYams,BrilliantBurritos,12793974
2026-07-08T23:01:32.932080,2026-07-08T23:01:32.935927+00:00,140.5,26,ask,YieldingYams,Xuanyu Liu,12793990
2026-07-08T23:01:33.054644,2026-07-08T23:01:33.058559+00:00,140.5,20,ask,YieldingYams,Heero Sipayung,12793994
2026-07-08T23:01:33.274373,2026-07-08T23:01:33.286362+00:00,140.5,20,ask,YieldingYams,Heero Sipayung,12793997
2026-07-08T23:01:33.406247,2026-07-08T23:01:33.415160+00:00,140.7,200,bid,WavyWalnuts,AverageAlmonds,12794001
2026-07-08T23:01:33.497079,2026-07-08T23:01:33.509051+00:00,140.5,20,ask,YieldingYams,Heero Sipayung,12794002
2026-07-08T23:01:33.717376,2026-07-08T23:01:33.729260+00:00,140.5,20,ask,YieldingYams,Heero Sipayung,12794006
2026-07-08T23:01:33.963928,2026-07-08T23:01:33.974311+00:00,140.5,20,ask,YieldingYams,Heero Sipayung,12794008
2026-07-08T23:01:33.977499,2026-07-08T23:01:33.984755+00:00,140.7,20,bid,Heero Sipayung,YieldingYams,12794010
2026-07-08T23:01:34.613917,2026-07-08T23:01:34.622842+00:00,140.7,200,bid,WavyWalnuts,YieldingYams,12794021
2026-07-08T23:01:35.824288,2026-07-08T23:01:35.835343+00:00,140.6,200,bid,WavyWalnuts,YieldingYams,12794032
2026-07-08T23:01:36.200233,2026-07-08T23:01:36.212245+00:00,140.5,20,ask,YieldingYams,Heero Sipayung,12794035
2026-07-08T23:01:36.421187,2026-07-08T23:01:36.428284+00:00,140.5,13,ask,YieldingYams,Heero Sipayung,12794038
2026-07-08T23:01:36.999143,2026-07-08T23:01:37.009256+00:00,140.5,500,ask,YieldingYams,AverageAlmonds,12794051
2026-07-08T23:01:37.330640,2026-07-08T23:01:37.334490+00:00,140.5,12,bid,Xuanyu Liu,YieldingYams,12794059
2026-07-08T23:01:38.245757,2026-07-08T23:01:38.255942+00:00,140.5,200,bid,WavyWalnuts,YieldingYams,12794073
2026-07-08T23:01:39.926661,2026-07-08T23:01:39.934171+00:00,140.5,500,bid,YieldingYams,AverageAlmonds,12794095
2026-07-08T23:01:40.005418,2026-07-08T23:01:40.013377+00:00,140.5,125,ask,YieldingYams,AverageAlmonds,12794098
2026-07-08T23:01:40.665973,2026-07-08T23:01:40.673460+00:00,140.5,200,bid,WavyWalnuts,AverageAlmonds,12794102
2026-07-08T23:01:41.873351,2026-07-08T23:01:41.882898+00:00,140.5,200,bid,WavyWalnuts,YieldingYams,12794119
2026-07-08T23:01:42.574013,2026-07-08T23:01:42.584928+00:00,140.4,500,bid,YieldingYams,AverageAlmonds,12794128
2026-07-08T23:01:43.052837,2026-07-08T23:01:43.060716+00:00,140.5,125,ask,YieldingYams,AverageAlmonds,12794131
2026-07-08T23:01:43.888612,2026-07-08T23:01:43.964373+00:00,140.4,200,ask,WavyWalnuts,YieldingYams,12794147
2026-07-08T23:01:44.292382,2026-07-08T23:01:44.300697+00:00,140.3,200,bid,WavyWalnuts,YieldingYams,12794154
2026-07-08T23:01:46.253253,2026-07-08T23:01:46.264807+00:00,140.4,20,bid,BrilliantBurritos,AverageAlmonds,12794171
2026-07-08T23:01:47.819159,2026-07-08T23:01:47.826692+00:00,140.4,500,bid,YieldingYams,AverageAlmonds,12794186
2026-07-08T23:01:47.891846,2026-07-08T23:01:47.899020+00:00,140.4,125,ask,YieldingYams,AverageAlmonds,12794190
2026-07-08T23:01:49.151434,2026-07-08T23:01:49.155924+00:00,140.3,9,bid,Xuanyu Liu,YieldingYams,12794216
2026-07-08T23:01:50.343149,2026-07-08T23:01:50.354190+00:00,140.3,200,bid,WavyWalnuts,YieldingYams,12794238
2026-07-08T23:01:52.762266,2026-07-08T23:01:52.770343+00:00,140.2,200,ask,YieldingYams,WavyWalnuts,12794271
2026-07-08T23:01:53.990985,2026-07-08T23:01:54.005721+00:00,140.1,200,ask,YieldingYams,WavyWalnuts,12794290
2026-07-08T23:01:54.905388,2026-07-08T23:01:54.917555+00:00,140.1,20,bid,BrilliantBurritos,YieldingYams,12794298
2026-07-08T23:01:57.641911,2026-07-08T23:01:57.646775+00:00,139.9,2,bid,Xuanyu Liu,WavyWalnuts,12794342
2026-07-08T23:01:59.970842,2026-07-08T23:01:59.982177+00:00,139.9,20,bid,BrilliantBurritos,WavyWalnuts,12794377
2026-07-08T23:02:00.384418,2026-07-08T23:02:00.396093+00:00,139.8,20,ask,YieldingYams,BrilliantBurritos,12794381
2026-07-08T23:02:03.557308,2026-07-08T23:02:03.564029+00:00,139.9,200,bid,YieldingYams,WavyWalnuts,12794418
2026-07-08T23:02:04.878256,2026-07-08T23:02:04.884670+00:00,139.8,200,ask,WavyWalnuts,YieldingYams,12794428
2026-07-08T23:02:05.422755,2026-07-08T23:02:05.434766+00:00,139.6,20,ask,YieldingYams,BrilliantBurritos,12794440
2026-07-08T23:02:07.308273,2026-07-08T23:02:07.316141+00:00,139.7,200,ask,YieldingYams,WavyWalnuts,12794458
2026-07-08T23:02:11.549787,2026-07-08T23:02:11.557534+00:00,139.8,20,ask,WavyWalnuts,BrilliantBurritos,12794505
2026-07-08T23:02:12.153581,2026-07-08T23:02:12.164170+00:00,139.8,200,ask,YieldingYams,WavyWalnuts,12794520
2026-07-08T23:02:12.764949,2026-07-08T23:02:12.769094+00:00,139.8,3,bid,Xuanyu Liu,YieldingYams,12794528
2026-07-08T23:02:14.115027,2026-07-08T23:02:14.119459+00:00,139.7,3,ask,YieldingYams,Xuanyu Liu,12794552
2026-07-08T23:02:15.467645,2026-07-08T23:02:15.479751+00:00,139.7,20,ask,AverageAlmonds,BrilliantBurritos,12794577
2026-07-08T23:02:23.285815,2026-07-08T23:02:23.297807+00:00,139.8,20,ask,YieldingYams,BrilliantBurritos,12794663
2026-07-08T23:02:23.691569,2026-07-08T23:02:23.700477+00:00,140.0,20,bid,BrilliantBurritos,WavyWalnuts,12794668
2026-07-08T23:02:24.545382,2026-07-08T23:02:24.546865+00:00,139.8,200,ask,WavyWalnuts,YieldingYams,12794678
2026-07-08T23:02:25.853354,2026-07-08T23:02:25.858562+00:00,139.8,200,bid,YieldingYams,WavyWalnuts,12794698
2026-07-08T23:02:27.165258,2026-07-08T23:02:27.171885+00:00,139.9,200,bid,YieldingYams,WavyWalnuts,12794710
2026-07-08T23:02:27.182789,2026-07-08T23:02:27.186869+00:00,139.9,11,ask,YieldingYams,Xuanyu Liu,12794712
2026-07-08T23:02:29.123032,2026-07-08T23:02:29.133574+00:00,140.0,200,ask,YieldingYams,WavyWalnuts,12794737
2026-07-08T23:02:30.347452,2026-07-08T23:02:30.351339+00:00,139.9,11,bid,Xuanyu Liu,WavyWalnuts,12794756
2026-07-08T23:02:31.544227,2026-07-08T23:02:31.552090+00:00,139.8,200,ask,YieldingYams,WavyWalnuts,12794767
2026-07-08T23:02:36.277941,2026-07-08T23:02:36.282343+00:00,139.9,11,ask,WavyWalnuts,Xuanyu Liu,12794823
2026-07-08T23:02:36.378474,2026-07-08T23:02:36.385746+00:00,139.9,189,ask,WavyWalnuts,YieldingYams,12794824
2026-07-08T23:02:36.403982,2026-07-08T23:02:36.411829+00:00,139.9,200,bid,WavyWalnuts,YieldingYams,12794826
2026-07-08T23:02:37.616605,2026-07-08T23:02:37.623938+00:00,139.9,200,bid,WavyWalnuts,YieldingYams,12794841
2026-07-08T23:02:40.331039,2026-07-08T23:02:40.335371+00:00,140.0,11,bid,Xuanyu Liu,YieldingYams,12794887
2026-07-08T23:02:41.248703,2026-07-08T23:02:41.258275+00:00,140.0,200,bid,WavyWalnuts,YieldingYams,12794901
2026-07-08T23:02:41.394102,2026-07-08T23:02:41.405969+00:00,140.0,20,bid,BrilliantBurritos,YieldingYams,12794903
2026-07-08T23:02:42.734028,2026-07-08T23:02:42.745934+00:00,140.1,20,bid,BrilliantBurritos,WavyWalnuts,12794930
2026-07-08T23:02:42.934832,2026-07-08T23:02:42.942748+00:00,140.1,180,bid,YieldingYams,WavyWalnuts,12794931
2026-07-08T23:02:44.492391,2026-07-08T23:02:44.504013+00:00,139.9,20,ask,WavyWalnuts,BrilliantBurritos,12794949
2026-07-08T23:02:45.580310,2026-07-08T23:02:45.583883+00:00,139.9,3,bid,Xuanyu Liu,YieldingYams,12794967
2026-07-08T23:02:49.714947,2026-07-08T23:02:49.723280+00:00,140.0,200,bid,WavyWalnuts,YieldingYams,12795020
2026-07-08T23:02:50.276784,2026-07-08T23:02:50.290486+00:00,139.8,20,ask,YieldingYams,BrilliantBurritos,12795026
2026-07-08T23:02:52.573783,2026-07-08T23:02:52.581676+00:00,140.0,20,ask,YieldingYams,BrilliantBurritos,12795055
2026-07-08T23:02:54.733092,2026-07-08T23:02:54.741043+00:00,140.0,200,ask,WavyWalnuts,YieldingYams,12795094
2026-07-08T23:02:58.995033,2026-07-08T23:02:59.004465+00:00,139.9,20,ask,WavyWalnuts,BrilliantBurritos,12795158
2026-07-08T23:03:01.289916,2026-07-08T23:03:01.300073+00:00,139.9,200,ask,WavyWalnuts,YieldingYams,12795186
2026-07-08T23:03:01.878539,2026-07-08T23:03:01.887462+00:00,139.9,200,bid,WavyWalnuts,YieldingYams,12795196
2026-07-08T23:03:05.224946,2026-07-08T23:03:05.235453+00:00,140.0,200,bid,YieldingYams,WavyWalnuts,12795249
2026-07-08T23:03:08.502798,2026-07-08T23:03:08.511363+00:00,139.8,20,ask,YieldingYams,BrilliantBurritos,12795295
2026-07-08T23:03:10.340311,2026-07-08T23:03:10.347206+00:00,140.1,200,bid,WavyWalnuts,YieldingYams,12795334
2026-07-08T23:03:10.490026,2026-07-08T23:03:10.494132+00:00,140.0,3,ask,YieldingYams,Xuanyu Liu,12795336
2026-07-08T23:03:17.406407,2026-07-08T23:03:17.410401+00:00,139.8,23,ask,WavyWalnuts,Xuanyu Liu,12795421
2026-07-08T23:03:18.061014,2026-07-08T23:03:18.072764+00:00,139.8,20,ask,YieldingYams,BrilliantBurritos,12795430
2026-07-08T23:03:18.802387,2026-07-08T23:03:18.809784+00:00,140.0,200,bid,WavyWalnuts,YieldingYams,12795449
2026-07-08T23:03:18.817770,2026-07-08T23:03:18.829407+00:00,140.0,20,bid,BrilliantBurritos,YieldingYams,12795450
2026-07-08T23:03:23.582181,2026-07-08T23:03:23.589687+00:00,140.0,200,bid,YieldingYams,WavyWalnuts,12795521
2026-07-08T23:03:26.054627,2026-07-08T23:03:26.063672+00:00,140.0,200,ask,YieldingYams,WavyWalnuts,12795557
2026-07-08T23:03:27.510430,2026-07-08T23:03:27.520251+00:00,140.0,200,ask,WavyWalnuts,YieldingYams,12795573
2026-07-08T23:03:28.819180,2026-07-08T23:03:28.826297+00:00,139.9,200,bid,YieldingYams,WavyWalnuts,12795584
2026-07-08T23:03:30.010163,2026-07-08T23:03:30.014647+00:00,140.0,12,bid,Xuanyu Liu,WavyWalnuts,12795601
2026-07-08T23:03:32.759058,2026-07-08T23:03:32.770923+00:00,139.8,20,ask,YieldingYams,BrilliantBurritos,12795636
2026-07-08T23:03:34.098507,2026-07-08T23:03:34.109076+00:00,139.9,200,bid,YieldingYams,WavyWalnuts,12795656
2026-07-08T23:03:35.885954,2026-07-08T23:03:35.897880+00:00,140.0,20,bid,BrilliantBurritos,YieldingYams,12795678
2026-07-08T23:03:38.182692,2026-07-08T23:03:38.193170+00:00,139.9,200,bid,WavyWalnuts,YieldingYams,12795713
2026-07-08T23:03:39.392676,2026-07-08T23:03:39.401037+00:00,139.9,200,bid,WavyWalnuts,AverageAlmonds,12795727
2026-07-08T23:03:39.497369,2026-07-08T23:03:39.501265+00:00,139.9,11,bid,Xuanyu Liu,AverageAlmonds,12795730
2026-07-08T23:03:40.551257,2026-07-08T23:03:40.555096+00:00,139.8,3,bid,Xuanyu Liu,AverageAlmonds,12795743
2026-07-08T23:03:40.603781,2026-07-08T23:03:40.615525+00:00,139.8,200,bid,WavyWalnuts,AverageAlmonds,12795744
2026-07-08T23:03:40.818096,2026-07-08T23:03:40.825623+00:00,139.8,20,bid,BrilliantBurritos,AverageAlmonds,12795749
2026-07-08T23:03:47.874494,2026-07-08T23:03:47.884620+00:00,139.9,200,ask,YieldingYams,WavyWalnuts,12795852
2026-07-08T23:03:49.082643,2026-07-08T23:03:49.090287+00:00,139.9,200,ask,YieldingYams,WavyWalnuts,12795866
2026-07-08T23:03:50.287965,2026-07-08T23:03:50.296443+00:00,139.9,200,bid,WavyWalnuts,YieldingYams,12795881
2026-07-08T23:03:50.629320,2026-07-08T23:03:50.637653+00:00,139.7,20,ask,YieldingYams,BrilliantBurritos,12795884
2026-07-08T23:03:53.549196,2026-07-08T23:03:53.558582+00:00,139.8,20,ask,YieldingYams,BrilliantBurritos,12795919
2026-07-08T23:03:57.717574,2026-07-08T23:03:57.727912+00:00,139.8,200,ask,WavyWalnuts,YieldingYams,12795961
2026-07-08T23:03:58.787993,2026-07-08T23:03:58.797915+00:00,139.8,200,bid,WavyWalnuts,YieldingYams,12795975
2026-07-08T23:04:04.748321,2026-07-08T23:04:04.758603+00:00,139.9,200,bid,AverageAlmonds,WavyWalnuts,12796049
2026-07-08T23:04:06.010526,2026-07-08T23:04:06.022618+00:00,139.9,20,ask,YieldingYams,BrilliantBurritos,12796065
2026-07-08T23:04:07.537007,2026-07-08T23:04:07.548644+00:00,140.0,20,ask,YieldingYams,BrilliantBurritos,12796083
2026-07-08T23:04:08.505665,2026-07-08T23:04:08.509750+00:00,140.0,3,bid,Xuanyu Liu,WavyWalnuts,12796105
2026-07-08T23:04:08.626002,2026-07-08T23:04:08.633632+00:00,140.0,20,bid,Heero Sipayung,WavyWalnuts,12796108
2026-07-08T23:04:08.866104,2026-07-08T23:04:08.877791+00:00,140.0,20,bid,Heero Sipayung,WavyWalnuts,12796111
2026-07-08T23:04:09.109738,2026-07-08T23:04:09.121806+00:00,140.0,20,bid,Heero Sipayung,WavyWalnuts,12796115
2026-07-08T23:04:09.350743,2026-07-08T23:04:09.358533+00:00,140.0,20,bid,Heero Sipayung,WavyWalnuts,12796122
2026-07-08T23:04:09.620861,2026-07-08T23:04:09.630297+00:00,140.0,20,bid,Heero Sipayung,WavyWalnuts,12796125
2026-07-08T23:04:09.868297,2026-07-08T23:04:09.880000+00:00,140.0,20,bid,Heero Sipayung,WavyWalnuts,12796134
2026-07-08T23:04:10.107883,2026-07-08T23:04:10.119422+00:00,140.0,20,bid,Heero Sipayung,WavyWalnuts,12796139
2026-07-08T23:04:10.243426,2026-07-08T23:04:10.251687+00:00,139.9,20,ask,YieldingYams,BrilliantBurritos,12796142
2026-07-08T23:04:10.347242,2026-07-08T23:04:10.358577+00:00,140.0,20,bid,Heero Sipayung,WavyWalnuts,12796144
2026-07-08T23:04:10.364545,2026-07-08T23:04:10.376209+00:00,139.9,13,ask,YieldingYams,Heero Sipayung,12796145
2026-07-08T23:04:13.846801,2026-07-08T23:04:13.856801+00:00,140.1,200,bid,AverageAlmonds,WavyWalnuts,12796191
2026-07-08T23:04:13.871600,2026-07-08T23:04:13.875567+00:00,140.1,3,ask,AverageAlmonds,Xuanyu Liu,12796193
2026-07-08T23:04:15.752682,2026-07-08T23:04:15.758626+00:00,140.0,200,ask,YieldingYams,WavyWalnuts,12796222
2026-07-08T23:04:16.976638,2026-07-08T23:04:16.980502+00:00,140.1,3,bid,Xuanyu Liu,WavyWalnuts,12796234
2026-07-08T23:04:17.039206,2026-07-08T23:04:17.047036+00:00,140.1,20,bid,Heero Sipayung,WavyWalnuts,12796238
2026-07-08T23:04:18.695966,2026-07-08T23:04:18.705653+00:00,140.0,200,ask,WavyWalnuts,YieldingYams,12796259
2026-07-08T23:04:18.874129,2026-07-08T23:04:18.885235+00:00,140.0,20,bid,Heero Sipayung,YieldingYams,12796264
2026-07-08T23:04:19.090096,2026-07-08T23:04:19.099224+00:00,139.9,13,ask,AverageAlmonds,Heero Sipayung,12796269
2026-07-08T23:04:20.585410,2026-07-08T23:04:20.591995+00:00,139.9,200,ask,YieldingYams,WavyWalnuts,12796291
2026-07-08T23:04:21.921122,2026-07-08T23:04:21.928059+00:00,139.9,13,bid,Heero Sipayung,WavyWalnuts,12796310
2026-07-08T23:04:23.932611,2026-07-08T23:04:23.940074+00:00,139.9,200,bid,YieldingYams,WavyWalnuts,12796335
2026-07-08T23:04:24.622505,2026-07-08T23:04:24.634441+00:00,139.9,20,ask,YieldingYams,BrilliantBurritos,12796345
2026-07-08T23:04:26.595862,2026-07-08T23:04:26.602657+00:00,139.9,200,bid,YieldingYams,WavyWalnuts,12796374
2026-07-08T23:04:26.633216,2026-07-08T23:04:26.641663+00:00,139.9,200,ask,YieldingYams,WavyWalnuts,12796376
2026-07-08T23:04:29.303548,2026-07-08T23:04:29.311040+00:00,140.1,20,bid,BrilliantBurritos,WavyWalnuts,12796414
2026-07-08T23:04:34.327247,2026-07-08T23:04:34.339087+00:00,139.9,20,bid,BrilliantBurritos,WavyWalnuts,12796484
2026-07-08T23:04:34.465848,2026-07-08T23:04:34.474276+00:00,139.9,180,bid,YieldingYams,WavyWalnuts,12796485
2026-07-08T23:04:35.117712,2026-07-08T23:04:35.126940+00:00,139.9,200,ask,YieldingYams,WavyWalnuts,12796492
2026-07-08T23:04:37.090865,2026-07-08T23:04:37.096184+00:00,139.9,200,bid,YieldingYams,WavyWalnuts,12796516
2026-07-08T23:04:37.533405,2026-07-08T23:04:37.543975+00:00,140.0,200,ask,YieldingYams,WavyWalnuts,12796523
2026-07-08T23:04:39.699690,2026-07-08T23:04:39.704075+00:00,139.8,3,ask,YieldingYams,Xuanyu Liu,12796545
2026-07-08T23:04:39.957816,2026-07-08T23:04:39.969463+00:00,140.0,200,bid,WavyWalnuts,YieldingYams,12796551
2026-07-08T23:04:41.164555,2026-07-08T23:04:41.174200+00:00,140.0,200,bid,WavyWalnuts,YieldingYams,12796566
2026-07-08T23:04:42.448196,2026-07-08T23:04:42.458566+00:00,139.9,20,ask,YieldingYams,Heero Sipayung,12796580
2026-07-08T23:04:42.660176,2026-07-08T23:04:42.671725+00:00,139.9,20,ask,YieldingYams,Heero Sipayung,12796583
2026-07-08T23:04:42.871113,2026-07-08T23:04:42.883008+00:00,139.9,20,ask,YieldingYams,Heero Sipayung,12796585
2026-07-08T23:04:43.083862,2026-07-08T23:04:43.090425+00:00,139.9,20,ask,YieldingYams,Heero Sipayung,12796590
2026-07-08T23:04:43.295904,2026-07-08T23:04:43.307719+00:00,139.9,20,ask,YieldingYams,Heero Sipayung,12796595
2026-07-08T23:04:43.508627,2026-07-08T23:04:43.520289+00:00,139.9,20,ask,YieldingYams,Heero Sipayung,12796598
2026-07-08T23:04:43.544046,2026-07-08T23:04:43.552220+00:00,140.0,18,bid,Heero Sipayung,WavyWalnuts,12796600
2026-07-08T23:04:44.321651,2026-07-08T23:04:44.333333+00:00,139.8,20,ask,WavyWalnuts,BrilliantBurritos,12796609
2026-07-08T23:04:47.567714,2026-07-08T23:04:47.578852+00:00,139.8,200,ask,WavyWalnuts,YieldingYams,12796640
2026-07-08T23:04:52.409628,2026-07-08T23:04:52.419866+00:00,139.7,20,ask,AverageAlmonds,Heero Sipayung,12796707
2026-07-08T23:04:52.621248,2026-07-08T23:04:52.632138+00:00,139.8,20,ask,AverageAlmonds,Heero Sipayung,12796712
2026-07-08T23:04:52.835262,2026-07-08T23:04:52.843254+00:00,139.8,20,ask,AverageAlmonds,Heero Sipayung,12796716
2026-07-08T23:04:52.846759,2026-07-08T23:04:52.858580+00:00,139.8,460,ask,AverageAlmonds,YieldingYams,12796718
2026-07-08T23:04:53.186988,2026-07-08T23:04:53.195245+00:00,139.8,165,bid,AverageAlmonds,YieldingYams,12796723
2026-07-08T23:04:53.186988,2026-07-08T23:04:53.195245+00:00,139.9,200,bid,AverageAlmonds,WavyWalnuts,12796724
2026-07-08T23:04:53.220064,2026-07-08T23:04:53.224226+00:00,139.9,3,ask,AverageAlmonds,Xuanyu Liu,12796726
2026-07-08T23:04:53.254193,2026-07-08T23:04:53.265958+00:00,139.9,20,ask,AverageAlmonds,Heero Sipayung,12796728
2026-07-08T23:04:53.257459,2026-07-08T23:04:53.265958+00:00,139.9,112,ask,AverageAlmonds,WavyWalnuts,12796729
2026-07-08T23:04:53.470512,2026-07-08T23:04:53.481984+00:00,139.7,18,ask,WavyWalnuts,Heero Sipayung,12796733
2026-07-08T23:04:53.787900,2026-07-08T23:04:53.797287+00:00,139.9,88,bid,AverageAlmonds,WavyWalnuts,12796741
2026-07-08T23:04:55.453329,2026-07-08T23:04:55.457050+00:00,140.1,3,bid,Xuanyu Liu,YieldingYams,12796762
2026-07-08T23:04:55.644297,2026-07-08T23:04:55.653212+00:00,139.9,20,ask,WavyWalnuts,BrilliantBurritos,12796765
2026-07-08T23:04:56.902771,2026-07-08T23:04:56.910784+00:00,140.0,200,ask,YieldingYams,WavyWalnuts,12796779
2026-07-08T23:04:58.113388,2026-07-08T23:04:58.120708+00:00,140.0,200,ask,YieldingYams,WavyWalnuts,12796793
2026-07-08T23:04:59.322159,2026-07-08T23:04:59.329624+00:00,140.0,200,ask,YieldingYams,WavyWalnuts,12796811
2026-07-08T23:05:00.529228,2026-07-08T23:05:00.537822+00:00,139.8,200,ask,YieldingYams,WavyWalnuts,12796831
2026-07-08T23:05:05.006987,2026-07-08T23:05:05.010813+00:00,139.9,3,ask,WavyWalnuts,Xuanyu Liu,12796908
2026-07-08T23:05:05.368858,2026-07-08T23:05:05.379618+00:00,140.0,200,bid,WavyWalnuts,YieldingYams,12796913
2026-07-08T23:05:05.948749,2026-07-08T23:05:05.952455+00:00,140.0,11,ask,YieldingYams,Xuanyu Liu,12796923
2026-07-08T23:05:06.587441,2026-07-08T23:05:06.598833+00:00,140.0,200,ask,YieldingYams,WavyWalnuts,12796933
2026-07-08T23:05:08.553344,2026-07-08T23:05:08.558215+00:00,139.8,200,ask,WavyWalnuts,YieldingYams,12796962
2026-07-08T23:05:09.874797,2026-07-08T23:05:09.878562+00:00,139.9,23,ask,YieldingYams,Xuanyu Liu,12796984
2026-07-08T23:05:10.210243,2026-07-08T23:05:10.222069+00:00,139.9,200,ask,YieldingYams,WavyWalnuts,12796994
2026-07-08T23:05:11.417107,2026-07-08T23:05:11.426235+00:00,139.8,200,bid,WavyWalnuts,YieldingYams,12797010
2026-07-08T23:05:13.847780,2026-07-08T23:05:13.858574+00:00,139.8,200,bid,WavyWalnuts,YieldingYams,12797045
2026-07-08T23:05:15.082752,2026-07-08T23:05:15.086327+00:00,139.8,11,bid,Xuanyu Liu,WavyWalnuts,12797067
2026-07-08T23:05:15.170812,2026-07-08T23:05:15.177709+00:00,139.8,189,bid,YieldingYams,WavyWalnuts,12797068
2026-07-08T23:05:16.290818,2026-07-08T23:05:16.294856+00:00,139.9,23,bid,Xuanyu Liu,WavyWalnuts,12797089
2026-07-08T23:05:17.483595,2026-07-08T23:05:17.494489+00:00,139.8,200,ask,YieldingYams,WavyWalnuts,12797100
2026-07-08T23:05:18.714122,2026-07-08T23:05:18.717994+00:00,139.7,3,bid,Xuanyu Liu,WavyWalnuts,12797120
2026-07-08T23:05:20.251779,2026-07-08T23:05:20.258575+00:00,139.7,20,bid,BrilliantBurritos,WavyWalnuts,12797137
2026-07-08T23:05:21.115516,2026-07-08T23:05:21.122193+00:00,139.6,200,ask,AverageAlmonds,WavyWalnuts,12797147
2026-07-08T23:05:21.249838,2026-07-08T23:05:21.258609+00:00,139.7,20,bid,BrilliantBurritos,YieldingYams,12797149
2026-07-08T23:05:21.723138,2026-07-08T23:05:21.724346+00:00,139.6,500,ask,AverageAlmonds,YieldingYams,12797160
2026-07-08T23:05:22.256101,2026-07-08T23:05:22.264051+00:00,139.5,125,bid,AverageAlmonds,YieldingYams,12797171
2026-07-08T23:05:23.030935,2026-07-08T23:05:23.040046+00:00,139.8,200,bid,YieldingYams,WavyWalnuts,12797183
2026-07-08T23:05:24.755594,2026-07-08T23:05:24.759550+00:00,139.7,3,bid,Xuanyu Liu,WavyWalnuts,12797217
2026-07-08T23:05:24.893945,2026-07-08T23:05:24.904462+00:00,139.7,20,bid,Heero Sipayung,WavyWalnuts,12797219
2026-07-08T23:05:25.106472,2026-07-08T23:05:25.117512+00:00,139.7,20,bid,Heero Sipayung,WavyWalnuts,12797222
2026-07-08T23:05:25.320366,2026-07-08T23:05:25.327693+00:00,139.7,20,bid,Heero Sipayung,WavyWalnuts,12797228
2026-07-08T23:05:25.530957,2026-07-08T23:05:25.538040+00:00,139.7,20,bid,Heero Sipayung,WavyWalnuts,12797231
2026-07-08T23:05:25.653234,2026-07-08T23:05:25.658565+00:00,139.7,117,bid,YieldingYams,WavyWalnuts,12797234
2026-07-08T23:05:26.964186,2026-07-08T23:05:26.974227+00:00,139.8,200,bid,YieldingYams,WavyWalnuts,12797247
2026-07-08T23:05:28.276937,2026-07-08T23:05:28.287908+00:00,139.8,200,ask,WavyWalnuts,YieldingYams,12797263
2026-07-08T23:05:28.372379,2026-07-08T23:05:28.382984+00:00,139.8,200,bid,WavyWalnuts,YieldingYams,12797267
2026-07-08T23:05:29.589430,2026-07-08T23:05:29.600948+00:00,139.8,200,bid,WavyWalnuts,YieldingYams,12797284
2026-07-08T23:05:29.618156,2026-07-08T23:05:29.622601+00:00,139.9,3,ask,YieldingYams,Xuanyu Liu,12797286
2026-07-08T23:05:29.930096,2026-07-08T23:05:29.942175+00:00,140.0,20,bid,BrilliantBurritos,WavyWalnuts,12797292
2026-07-08T23:05:30.806348,2026-07-08T23:05:30.817611+00:00,139.9,200,ask,YieldingYams,WavyWalnuts,12797303
2026-07-08T23:05:33.534850,2026-07-08T23:05:33.545652+00:00,139.9,200,ask,WavyWalnuts,YieldingYams,12797339
2026-07-08T23:05:36.853592,2026-07-08T23:05:36.865367+00:00,139.8,200,bid,WavyWalnuts,YieldingYams,12797387
2026-07-08T23:05:37.618564,2026-07-08T23:05:37.630321+00:00,139.8,20,ask,YieldingYams,Heero Sipayung,12797400
2026-07-08T23:05:37.829887,2026-07-08T23:05:37.841417+00:00,139.8,20,ask,YieldingYams,Heero Sipayung,12797408
2026-07-08T23:05:38.044776,2026-07-08T23:05:38.056534+00:00,139.8,20,ask,YieldingYams,Heero Sipayung,12797413
2026-07-08T23:05:38.079764,2026-07-08T23:05:38.091124+00:00,139.8,200,ask,YieldingYams,WavyWalnuts,12797418
2026-07-08T23:05:38.269659,2026-07-08T23:05:38.281117+00:00,139.8,20,ask,YieldingYams,Heero Sipayung,12797421
2026-07-08T23:05:39.287648,2026-07-08T23:05:39.295012+00:00,139.9,200,bid,WavyWalnuts,YieldingYams,12797443
2026-07-08T23:05:40.499129,2026-07-08T23:05:40.509755+00:00,139.8,200,bid,WavyWalnuts,YieldingYams,12797460
2026-07-08T23:05:42.693337,2026-07-08T23:05:42.701723+00:00,140.0,200,bid,YieldingYams,WavyWalnuts,12797496
2026-07-08T23:05:45.316357,2026-07-08T23:05:45.326993+00:00,140.0,200,bid,YieldingYams,WavyWalnuts,12797529
2026-07-08T23:05:46.630458,2026-07-08T23:05:46.640784+00:00,140.0,200,ask,WavyWalnuts,YieldingYams,12797555
2026-07-08T23:05:47.711113,2026-07-08T23:05:47.719202+00:00,139.8,500,ask,YieldingYams,AverageAlmonds,12797567
2026-07-08T23:05:47.940787,2026-07-08T23:05:47.951175+00:00,139.8,200,ask,WavyWalnuts,YieldingYams,12797571
2026-07-08T23:05:53.154069,2026-07-08T23:05:53.154956+00:00,139.6,500,ask,YieldingYams,AverageAlmonds,12797649
2026-07-08T23:05:56.198610,2026-07-08T23:05:56.207086+00:00,139.6,200,ask,WavyWalnuts,AverageAlmonds,12797688
2026-07-08T23:05:56.198610,2026-07-08T23:05:56.207086+00:00,139.6,300,ask,YieldingYams,AverageAlmonds,12797689
2026-07-08T23:05:56.791683,2026-07-08T23:05:56.799653+00:00,139.6,325,ask,YieldingYams,AverageAlmonds,12797698
2026-07-08T23:05:56.791683,2026-07-08T23:05:56.804844+00:00,139.5,175,ask,WavyWalnuts,AverageAlmonds,12797699
2026-07-08T23:05:58.035335,2026-07-08T23:05:58.039310+00:00,139.5,3,bid,Xuanyu Liu,AverageAlmonds,12797719
2026-07-08T23:05:58.212597,2026-07-08T23:05:58.224143+00:00,139.5,20,bid,Heero Sipayung,YieldingYams,12797722
2026-07-08T23:05:58.423931,2026-07-08T23:05:58.430754+00:00,139.5,20,bid,Heero Sipayung,AverageAlmonds,12797725
2026-07-08T23:05:58.634146,2026-07-08T23:05:58.644302+00:00,139.5,20,bid,Heero Sipayung,AverageAlmonds,12797731
2026-07-08T23:06:02.302279,2026-07-08T23:06:02.313610+00:00,139.1,200,ask,YieldingYams,WavyWalnuts,12797778
2026-07-08T23:06:02.757069,2026-07-08T23:06:02.768970+00:00,138.9,20,ask,WavyWalnuts,BrilliantBurritos,12797789
2026-07-08T23:06:03.510823,2026-07-08T23:06:03.518499+00:00,139.1,200,bid,WavyWalnuts,YieldingYams,12797799
2026-07-08T23:06:06.207151,2026-07-08T23:06:06.216598+00:00,139.2,20,bid,BrilliantBurritos,YieldingYams,12797832
2026-07-08T23:06:07.139033,2026-07-08T23:06:07.148672+00:00,139.0,200,ask,YieldingYams,WavyWalnuts,12797854
2026-07-08T23:06:08.301890,2026-07-08T23:06:08.311448+00:00,139.1,500,bid,AverageAlmonds,YieldingYams,12797871
2026-07-08T23:06:08.344952,2026-07-08T23:06:08.353194+00:00,139.1,125,bid,WavyWalnuts,YieldingYams,12797872
2026-07-08T23:06:08.368431,2026-07-08T23:06:08.372678+00:00,139.3,3,ask,WavyWalnuts,Xuanyu Liu,12797874
2026-07-08T23:06:08.911843,2026-07-08T23:06:08.918855+00:00,139.3,72,ask,WavyWalnuts,YieldingYams,12797882
2026-07-08T23:06:11.523205,2026-07-08T23:06:11.534938+00:00,139.1,20,ask,WavyWalnuts,Heero Sipayung,12797924
2026-07-08T23:06:11.734606,2026-07-08T23:06:11.746504+00:00,139.1,20,ask,WavyWalnuts,Heero Sipayung,12797928
2026-07-08T23:06:11.946395,2026-07-08T23:06:11.957811+00:00,139.1,20,ask,WavyWalnuts,Heero Sipayung,12797931
2026-07-08T23:06:12.517570,2026-07-08T23:06:12.528078+00:00,139.2,500,bid,AverageAlmonds,YieldingYams,12797942
2026-07-08T23:06:13.111659,2026-07-08T23:06:13.143859+00:00,139.3,200,bid,AverageAlmonds,WavyWalnuts,12797954
2026-07-08T23:06:13.139959,2026-07-08T23:06:13.143859+00:00,139.3,3,ask,AverageAlmonds,Xuanyu Liu,12797956
2026-07-08T23:06:14.412473,2026-07-08T23:06:14.416323+00:00,139.5,23,ask,WavyWalnuts,Xuanyu Liu,12797975
2026-07-08T23:06:14.564724,2026-07-08T23:06:14.568652+00:00,139.6,12,bid,Xuanyu Liu,YieldingYams,12797978
2026-07-08T23:06:14.597125,2026-07-08T23:06:14.605921+00:00,139.5,20,ask,WavyWalnuts,BrilliantBurritos,12797979
2026-07-08T23:06:16.827000,2026-07-08T23:06:16.837853+00:00,139.6,200,bid,WavyWalnuts,YieldingYams,12798007
2026-07-08T23:06:18.096383,2026-07-08T23:06:18.103239+00:00,139.7,200,bid,YieldingYams,WavyWalnuts,12798018
2026-07-08T23:06:18.114356,2026-07-08T23:06:18.118043+00:00,139.7,12,ask,YieldingYams,Xuanyu Liu,12798020
2026-07-08T23:06:19.258096,2026-07-08T23:06:19.265078+00:00,139.7,200,ask,YieldingYams,WavyWalnuts,12798035
2026-07-08T23:06:21.887676,2026-07-08T23:06:21.899762+00:00,139.8,20,bid,BrilliantBurritos,WavyWalnuts,12798072
2026-07-08T23:06:22.026362,2026-07-08T23:06:22.033055+00:00,139.8,180,bid,YieldingYams,WavyWalnuts,12798073
2026-07-08T23:06:24.051320,2026-07-08T23:06:24.054955+00:00,139.9,26,bid,Xuanyu Liu,WavyWalnuts,12798111
2026-07-08T23:06:24.653830,2026-07-08T23:06:24.668713+00:00,139.9,200,bid,YieldingYams,WavyWalnuts,12798122
2026-07-08T23:06:26.510173,2026-07-08T23:06:26.528304+00:00,139.9,200,ask,YieldingYams,WavyWalnuts,12798143
2026-07-08T23:06:28.877464,2026-07-08T23:06:28.886635+00:00,139.8,500,bid,AverageAlmonds,YieldingYams,12798170
2026-07-08T23:06:29.364750,2026-07-08T23:06:29.375826+00:00,139.8,20,bid,BrilliantBurritos,YieldingYams,12798179
2026-07-08T23:06:29.475523,2026-07-08T23:06:29.483430+00:00,139.8,105,bid,AverageAlmonds,YieldingYams,12798181
2026-07-08T23:06:29.893707,2026-07-08T23:06:29.902570+00:00,139.9,200,bid,YieldingYams,WavyWalnuts,12798187
2026-07-08T23:06:31.292681,2026-07-08T23:06:31.302309+00:00,139.9,500,bid,AverageAlmonds,YieldingYams,12798208
2026-07-08T23:06:31.920328,2026-07-08T23:06:31.922846+00:00,139.9,125,bid,AverageAlmonds,YieldingYams,12798216
2026-07-08T23:06:33.833811,2026-07-08T23:06:33.844401+00:00,140.1,500,ask,AverageAlmonds,YieldingYams,12798240
2026-07-08T23:06:33.833811,2026-07-08T23:06:33.844401+00:00,140.1,125,ask,WavyWalnuts,YieldingYams,12798241
2026-07-08T23:06:35.142565,2026-07-08T23:06:35.151372+00:00,140.2,200,bid,YieldingYams,WavyWalnuts,12798262
2026-07-08T23:06:36.196520,2026-07-08T23:06:36.205795+00:00,140.2,200,ask,YieldingYams,WavyWalnuts,12798276
2026-07-08T23:06:36.896680,2026-07-08T23:06:36.908349+00:00,140.0,20,ask,WavyWalnuts,BrilliantBurritos,12798291
2026-07-08T23:06:38.457268,2026-07-08T23:06:38.461041+00:00,140.0,3,ask,WavyWalnuts,Xuanyu Liu,12798321
2026-07-08T23:06:39.076263,2026-07-08T23:06:39.087704+00:00,140.0,500,ask,AverageAlmonds,YieldingYams,12798330
2026-07-08T23:06:39.178763,2026-07-08T23:06:39.188140+00:00,140.0,125,bid,AverageAlmonds,YieldingYams,12798333
2026-07-08T23:06:39.847366,2026-07-08T23:06:39.854726+00:00,140.0,200,ask,AverageAlmonds,WavyWalnuts,12798344
2026-07-08T23:06:40.431825,2026-07-08T23:06:40.435594+00:00,140.2,7,ask,YieldingYams,Xuanyu Liu,12798351
2026-07-08T23:06:41.060869,2026-07-08T23:06:41.069455+00:00,140.2,200,ask,YieldingYams,WavyWalnuts,12798366
2026-07-08T23:06:42.270442,2026-07-08T23:06:42.279466+00:00,140.2,200,ask,YieldingYams,WavyWalnuts,12798388
2026-07-08T23:06:43.053855,2026-07-08T23:06:43.058094+00:00,140.2,10,bid,Xuanyu Liu,YieldingYams,12798395
2026-07-08T23:06:45.261674,2026-07-08T23:06:45.269803+00:00,140.0,20,ask,YieldingYams,BrilliantBurritos,12798425
2026-07-08T23:06:46.264205,2026-07-08T23:06:46.268128+00:00,139.9,3,ask,YieldingYams,Xuanyu Liu,12798443
2026-07-08T23:06:49.614746,2026-07-08T23:06:49.618403+00:00,140.0,3,bid,Xuanyu Liu,YieldingYams,12798498
2026-07-08T23:06:50.376842,2026-07-08T23:06:50.388855+00:00,140.0,20,bid,BrilliantBurritos,YieldingYams,12798509
2026-07-08T23:06:50.745883,2026-07-08T23:06:50.754594+00:00,140.0,200,bid,WavyWalnuts,YieldingYams,12798514
2026-07-08T23:06:51.954768,2026-07-08T23:06:51.955056+00:00,139.9,200,ask,YieldingYams,WavyWalnuts,12798537
2026-07-08T23:06:52.212017,2026-07-08T23:06:52.220234+00:00,140.3,20,bid,BrilliantBurritos,AverageAlmonds,12798542
2026-07-08T23:06:55.576293,2026-07-08T23:06:55.587676+00:00,139.9,200,bid,WavyWalnuts,YieldingYams,12798581
2026-07-08T23:06:59.365175,2026-07-08T23:06:59.373347+00:00,139.7,20,ask,WavyWalnuts,BrilliantBurritos,12798636
2026-07-08T23:07:00.114937,2026-07-08T23:07:00.122905+00:00,139.7,180,ask,WavyWalnuts,YieldingYams,12798645
2026-07-08T23:07:00.114937,2026-07-08T23:07:00.122905+00:00,139.7,445,ask,AverageAlmonds,YieldingYams,12798646
2026-07-08T23:07:00.430866,2026-07-08T23:07:00.441682+00:00,139.7,200,ask,AverageAlmonds,WavyWalnuts,12798652
2026-07-08T23:07:02.813260,2026-07-08T23:07:02.823658+00:00,139.8,200,bid,AverageAlmonds,WavyWalnuts,12798705
2026-07-08T23:07:02.866100,2026-07-08T23:07:02.875855+00:00,139.8,200,ask,AverageAlmonds,WavyWalnuts,12798711
2026-07-08T23:07:07.626098,2026-07-08T23:07:07.636103+00:00,139.9,500,bid,AverageAlmonds,YieldingYams,12798777
2026-07-08T23:07:07.727188,2026-07-08T23:07:07.736565+00:00,139.9,125,bid,WavyWalnuts,YieldingYams,12798780
2026-07-08T23:07:09.410771,2026-07-08T23:07:09.422911+00:00,139.9,20,ask,WavyWalnuts,BrilliantBurritos,12798801
2026-07-08T23:07:10.606982,2026-07-08T23:07:10.613725+00:00,139.9,200,ask,WavyWalnuts,YieldingYams,12798824
2026-07-08T23:07:17.899856,2026-07-08T23:07:17.903769+00:00,139.9,3,ask,WavyWalnuts,Xuanyu Liu,12798919
2026-07-08T23:07:19.819410,2026-07-08T23:07:19.823149+00:00,140.0,11,ask,YieldingYams,Xuanyu Liu,12798955
2026-07-08T23:07:20.547849,2026-07-08T23:07:20.556349+00:00,140.1,20,bid,BrilliantBurritos,WavyWalnuts,12798968
2026-07-08T23:07:22.241763,2026-07-08T23:07:22.248603+00:00,140.0,200,ask,YieldingYams,WavyWalnuts,12798993
2026-07-08T23:07:25.051966,2026-07-08T23:07:25.059981+00:00,140.2,200,bid,YieldingYams,WavyWalnuts,12799039
2026-07-08T23:07:27.090459,2026-07-08T23:07:27.094013+00:00,140.3,12,ask,WavyWalnuts,Xuanyu Liu,12799071
2026-07-08T23:07:28.846787,2026-07-08T23:07:28.858544+00:00,140.3,500,ask,YieldingYams,AverageAlmonds,12799086
2026-07-08T23:07:29.443547,2026-07-08T23:07:29.458838+00:00,140.3,200,ask,WavyWalnuts,AverageAlmonds,12799093
2026-07-08T23:07:30.309389,2026-07-08T23:07:30.321283+00:00,140.3,200,bid,YieldingYams,WavyWalnuts,12799104
2026-07-08T23:07:30.309389,2026-07-08T23:07:30.321283+00:00,140.3,425,bid,YieldingYams,AverageAlmonds,12799105
2026-07-08T23:07:30.393336,2026-07-08T23:07:30.405198+00:00,140.3,20,bid,BrilliantBurritos,AverageAlmonds,12799106
2026-07-08T23:07:30.722620,2026-07-08T23:07:30.732429+00:00,140.2,200,bid,WavyWalnuts,AverageAlmonds,12799113
2026-07-08T23:07:31.637546,2026-07-08T23:07:31.645204+00:00,140.2,500,bid,YieldingYams,AverageAlmonds,12799127
2026-07-08T23:07:31.855039,2026-07-08T23:07:31.858554+00:00,140.2,125,ask,YieldingYams,AverageAlmonds,12799132
2026-07-08T23:07:31.959374,2026-07-08T23:07:31.964632+00:00,140.1,12,bid,Xuanyu Liu,WavyWalnuts,12799136
2026-07-08T23:07:34.271144,2026-07-08T23:07:34.279000+00:00,140.0,200,ask,WavyWalnuts,YieldingYams,12799173
2026-07-08T23:07:36.633873,2026-07-08T23:07:36.645476+00:00,140.0,2,bid,Ramzy Ramadhani,YieldingYams,12799207
2026-07-08T23:07:36.648705,2026-07-08T23:07:36.652399+00:00,140.0,10,bid,Xuanyu Liu,YieldingYams,12799208
2026-07-08T23:07:40.052363,2026-07-08T23:07:40.056091+00:00,140.4,1,bid,Xuanyu Liu,WavyWalnuts,12799250
2026-07-08T23:07:40.426711,2026-07-08T23:07:40.436152+00:00,140.4,200,bid,WavyWalnuts,YieldingYams,12799255
2026-07-08T23:07:40.965609,2026-07-08T23:07:40.969336+00:00,140.3,3,bid,Xuanyu Liu,AverageAlmonds,12799261
2026-07-08T23:07:41.634086,2026-07-08T23:07:41.641980+00:00,140.3,200,bid,WavyWalnuts,AverageAlmonds,12799271
2026-07-08T23:07:44.053138,2026-07-08T23:07:44.063944+00:00,140.3,200,bid,WavyWalnuts,YieldingYams,12799306
2026-07-08T23:07:45.275236,2026-07-08T23:07:45.279105+00:00,140.4,3,ask,WavyWalnuts,Xuanyu Liu,12799330
2026-07-08T23:07:46.374938,2026-07-08T23:07:46.378863+00:00,140.5,3,bid,Xuanyu Liu,AverageAlmonds,12799344
2026-07-08T23:07:48.080494,2026-07-08T23:07:48.088856+00:00,140.4,20,bid,BrilliantBurritos,WavyWalnuts,12799363
2026-07-08T23:07:50.112787,2026-07-08T23:07:50.119956+00:00,140.3,200,bid,WavyWalnuts,YieldingYams,12799384
2026-07-08T23:07:55.221243,2026-07-08T23:07:55.230133+00:00,140.2,200,ask,WavyWalnuts,YieldingYams,12799446
2026-07-08T23:07:56.550472,2026-07-08T23:07:56.554978+00:00,140.1,3,ask,YieldingYams,Xuanyu Liu,12799463
2026-07-08T23:07:57.843190,2026-07-08T23:07:57.850684+00:00,140.2,200,bid,YieldingYams,WavyWalnuts,12799477
2026-07-08T23:08:01.838462,2026-07-08T23:08:01.845720+00:00,140.4,200,bid,YieldingYams,WavyWalnuts,12799535
2026-07-08T23:08:03.150811,2026-07-08T23:08:03.175850+00:00,140.4,200,ask,WavyWalnuts,YieldingYams,12799544
2026-07-08T23:08:03.170919,2026-07-08T23:08:03.175850+00:00,140.3,3,bid,Xuanyu Liu,YieldingYams,12799546
2026-07-08T23:08:03.417304,2026-07-08T23:08:03.442784+00:00,140.3,200,bid,WavyWalnuts,YieldingYams,12799553
2026-07-08T23:08:08.083642,2026-07-08T23:08:08.094301+00:00,140.3,20,ask,WavyWalnuts,BrilliantBurritos,12799610
2026-07-08T23:08:08.279685,2026-07-08T23:08:08.290363+00:00,140.4,200,bid,WavyWalnuts,YieldingYams,12799614
2026-07-08T23:08:09.491087,2026-07-08T23:08:09.497920+00:00,140.5,200,bid,WavyWalnuts,YieldingYams,12799634
2026-07-08T23:08:09.949144,2026-07-08T23:08:09.955677+00:00,140.3,2,ask,YieldingYams,Ramzy Ramadhani,12799640
2026-07-08T23:08:10.226742,2026-07-08T23:08:10.237159+00:00,140.5,2,bid,Ramzy Ramadhani,YieldingYams,12799648
2026-07-08T23:08:10.486887,2026-07-08T23:08:10.498918+00:00,140.5,2,bid,Ramzy Ramadhani,YieldingYams,12799649
2026-07-08T23:08:10.746223,2026-07-08T23:08:10.758552+00:00,140.5,2,bid,Ramzy Ramadhani,YieldingYams,12799653
2026-07-08T23:08:11.050360,2026-07-08T23:08:11.056225+00:00,140.4,200,ask,WavyWalnuts,YieldingYams,12799656
2026-07-08T23:08:11.050360,2026-07-08T23:08:11.056225+00:00,140.3,425,ask,AverageAlmonds,YieldingYams,12799657
2026-07-08T23:08:11.780886,2026-07-08T23:08:11.790506+00:00,140.7,2,bid,Ramzy Ramadhani,WavyWalnuts,12799670
2026-07-08T23:08:12.055344,2026-07-08T23:08:12.067148+00:00,140.6,2,bid,Ramzy Ramadhani,WavyWalnuts,12799676
2026-07-08T23:08:12.321432,2026-07-08T23:08:12.333100+00:00,140.6,2,bid,Ramzy Ramadhani,WavyWalnuts,12799678
2026-07-08T23:08:12.359040,2026-07-08T23:08:12.378799+00:00,140.4,500,ask,AverageAlmonds,YieldingYams,12799679
2026-07-08T23:08:12.375134,2026-07-08T23:08:12.378799+00:00,140.4,3,bid,Xuanyu Liu,YieldingYams,12799681
2026-07-08T23:08:12.436216,2026-07-08T23:08:12.445633+00:00,140.4,122,bid,AverageAlmonds,YieldingYams,12799682
2026-07-08T23:08:12.588310,2026-07-08T23:08:12.594867+00:00,140.6,2,bid,Ramzy Ramadhani,WavyWalnuts,12799688
2026-07-08T23:08:12.854323,2026-07-08T23:08:12.866163+00:00,140.6,2,bid,Ramzy Ramadhani,WavyWalnuts,12799691
2026-07-08T23:08:14.186156,2026-07-08T23:08:14.196268+00:00,140.5,2,bid,Ramzy Ramadhani,YieldingYams,12799703
2026-07-08T23:08:14.345479,2026-07-08T23:08:14.355317+00:00,140.5,200,bid,WavyWalnuts,YieldingYams,12799706
2026-07-08T23:08:14.454281,2026-07-08T23:08:14.465148+00:00,140.5,2,bid,Ramzy Ramadhani,YieldingYams,12799708
2026-07-08T23:08:14.720999,2026-07-08T23:08:14.727965+00:00,140.5,2,bid,Ramzy Ramadhani,YieldingYams,12799709
2026-07-08T23:08:14.984314,2026-07-08T23:08:15.000302+00:00,140.6,2,bid,Ramzy Ramadhani,YieldingYams,12799712
2026-07-08T23:08:15.248407,2026-07-08T23:08:15.257451+00:00,140.6,2,bid,Ramzy Ramadhani,YieldingYams,12799718
2026-07-08T23:08:15.558420,2026-07-08T23:08:15.570198+00:00,140.5,200,ask,AverageAlmonds,WavyWalnuts,12799725
2026-07-08T23:08:17.238643,2026-07-08T23:08:17.248126+00:00,140.6,20,bid,BrilliantBurritos,YieldingYams,12799740
2026-07-08T23:08:17.894459,2026-07-08T23:08:17.905629+00:00,140.6,200,bid,AverageAlmonds,WavyWalnuts,12799752
2026-07-08T23:08:17.974580,2026-07-08T23:08:17.984108+00:00,140.6,200,ask,AverageAlmonds,WavyWalnuts,12799755
2026-07-08T23:08:18.173028,2026-07-08T23:08:18.184882+00:00,140.8,2,bid,Ramzy Ramadhani,YieldingYams,12799757
2026-07-08T23:08:18.442413,2026-07-08T23:08:18.449486+00:00,140.8,2,bid,Ramzy Ramadhani,YieldingYams,12799763
2026-07-08T23:08:18.712993,2026-07-08T23:08:18.724902+00:00,140.8,2,bid,Ramzy Ramadhani,YieldingYams,12799767
2026-07-08T23:08:18.981861,2026-07-08T23:08:18.989441+00:00,140.8,2,bid,Ramzy Ramadhani,YieldingYams,12799773
2026-07-08T23:08:19.245462,2026-07-08T23:08:19.258542+00:00,140.6,2,bid,Ramzy Ramadhani,WavyWalnuts,12799779
2026-07-08T23:08:19.509917,2026-07-08T23:08:19.521832+00:00,140.6,2,bid,Ramzy Ramadhani,WavyWalnuts,12799781
2026-07-08T23:08:19.776345,2026-07-08T23:08:19.787723+00:00,140.6,2,bid,Ramzy Ramadhani,WavyWalnuts,12799789
2026-07-08T23:08:19.955173,2026-07-08T23:08:19.969736+00:00,140.6,20,bid,BrilliantBurritos,WavyWalnuts,12799794
2026-07-08T23:08:20.042529,2026-07-08T23:08:20.054370+00:00,140.6,2,bid,Ramzy Ramadhani,WavyWalnuts,12799796
2026-07-08T23:08:20.211608,2026-07-08T23:08:20.222853+00:00,140.6,172,bid,YieldingYams,WavyWalnuts,12799798
2026-07-08T23:08:20.393641,2026-07-08T23:08:20.402723+00:00,140.6,200,ask,YieldingYams,WavyWalnuts,12799806
2026-07-08T23:08:21.560607,2026-07-08T23:08:21.567746+00:00,140.6,500,ask,AverageAlmonds,YieldingYams,12799817
2026-07-08T23:08:22.144040,2026-07-08T23:08:22.169173+00:00,140.5,125,bid,AverageAlmonds,YieldingYams,12799828
2026-07-08T23:08:22.869358,2026-07-08T23:08:22.879035+00:00,140.6,200,bid,YieldingYams,WavyWalnuts,12799839
2026-07-08T23:08:22.889791,2026-07-08T23:08:22.893631+00:00,140.7,3,ask,YieldingYams,Xuanyu Liu,12799841
2026-07-08T23:08:22.963855,2026-07-08T23:08:22.975665+00:00,140.7,25,ask,YieldingYams,Ramzy Ramadhani,12799844
2026-07-08T23:08:23.233584,2026-07-08T23:08:23.245459+00:00,140.7,17,ask,YieldingYams,Ramzy Ramadhani,12799847
2026-07-08T23:08:24.026661,2026-07-08T23:08:24.036491+00:00,140.7,200,ask,YieldingYams,WavyWalnuts,12799854
2026-07-08T23:08:25.310852,2026-07-08T23:08:25.322953+00:00,140.7,2,bid,Ramzy Ramadhani,WavyWalnuts,12799879
2026-07-08T23:08:25.491058,2026-07-08T23:08:25.497830+00:00,140.7,198,bid,YieldingYams,WavyWalnuts,12799880
2026-07-08T23:08:25.575457,2026-07-08T23:08:25.587078+00:00,140.9,2,bid,Ramzy Ramadhani,YieldingYams,12799881
2026-07-08T23:08:25.839320,2026-07-08T23:08:25.846179+00:00,140.9,2,bid,Ramzy Ramadhani,YieldingYams,12799884
2026-07-08T23:08:26.106104,2026-07-08T23:08:26.115752+00:00,140.9,2,bid,Ramzy Ramadhani,YieldingYams,12799888
2026-07-08T23:08:26.135900,2026-07-08T23:08:26.142867+00:00,140.7,20,ask,YieldingYams,BrilliantBurritos,12799890
2026-07-08T23:08:26.378798,2026-07-08T23:08:26.395769+00:00,140.9,2,bid,Ramzy Ramadhani,YieldingYams,12799894
2026-07-08T23:08:30.102484,2026-07-08T23:08:30.113958+00:00,140.6,2,bid,Ramzy Ramadhani,WavyWalnuts,12799951
2026-07-08T23:08:30.366462,2026-07-08T23:08:30.378144+00:00,140.6,2,bid,Ramzy Ramadhani,WavyWalnuts,12799956
2026-07-08T23:08:30.616235,2026-07-08T23:08:30.623688+00:00,140.6,196,bid,AverageAlmonds,WavyWalnuts,12799957
2026-07-08T23:08:32.061902,2026-07-08T23:08:32.070037+00:00,140.7,200,bid,YieldingYams,WavyWalnuts,12799977
2026-07-08T23:08:32.207462,2026-07-08T23:08:32.216312+00:00,140.7,14,ask,YieldingYams,Ramzy Ramadhani,12799983
2026-07-08T23:08:34.923072,2026-07-08T23:08:34.934042+00:00,140.6,200,ask,YieldingYams,WavyWalnuts,12800008
2026-07-08T23:08:37.299291,2026-07-08T23:08:37.309462+00:00,140.6,200,bid,YieldingYams,WavyWalnuts,12800041
2026-07-08T23:08:37.335564,2026-07-08T23:08:37.347764+00:00,140.6,200,ask,YieldingYams,WavyWalnuts,12800043
2026-07-08T23:08:38.554737,2026-07-08T23:08:38.565751+00:00,140.6,200,ask,YieldingYams,WavyWalnuts,12800073
2026-07-08T23:08:39.728901,2026-07-08T23:08:39.736862+00:00,140.4,20,ask,WavyWalnuts,BrilliantBurritos,12800092
2026-07-08T23:08:39.809207,2026-07-08T23:08:39.820945+00:00,140.5,2,bid,Ramzy Ramadhani,YieldingYams,12800094
2026-07-08T23:08:39.917164,2026-07-08T23:08:39.923750+00:00,140.4,200,ask,WavyWalnuts,YieldingYams,12800099
2026-07-08T23:08:40.074354,2026-07-08T23:08:40.085914+00:00,140.4,2,bid,Ramzy Ramadhani,YieldingYams,12800100
2026-07-08T23:08:40.341413,2026-07-08T23:08:40.353318+00:00,140.4,2,bid,Ramzy Ramadhani,YieldingYams,12800103
2026-07-08T23:08:40.611826,2026-07-08T23:08:40.623481+00:00,140.4,2,bid,Ramzy Ramadhani,YieldingYams,12800110
2026-07-08T23:08:40.875769,2026-07-08T23:08:40.887647+00:00,140.4,2,bid,Ramzy Ramadhani,YieldingYams,12800119
2026-07-08T23:08:41.929261,2026-07-08T23:08:41.941317+00:00,140.5,2,bid,Ramzy Ramadhani,WavyWalnuts,12800139
2026-07-08T23:08:42.200529,2026-07-08T23:08:42.211685+00:00,140.5,2,bid,Ramzy Ramadhani,WavyWalnuts,12800144
2026-07-08T23:08:42.464809,2026-07-08T23:08:42.476754+00:00,140.5,2,bid,Ramzy Ramadhani,WavyWalnuts,12800146
2026-07-08T23:08:42.759930,2026-07-08T23:08:42.769136+00:00,140.3,2,bid,Ramzy Ramadhani,YieldingYams,12800151
2026-07-08T23:08:43.032001,2026-07-08T23:08:43.043622+00:00,140.3,2,bid,Ramzy Ramadhani,YieldingYams,12800154
2026-07-08T23:08:43.394992,2026-07-08T23:08:43.405587+00:00,140.3,200,bid,WavyWalnuts,YieldingYams,12800162
2026-07-08T23:08:43.557455,2026-07-08T23:08:43.569291+00:00,140.3,2,bid,Ramzy Ramadhani,YieldingYams,12800168
2026-07-08T23:08:43.824667,2026-07-08T23:08:43.831817+00:00,140.3,2,bid,Ramzy Ramadhani,YieldingYams,12800173
2026-07-08T23:08:44.093927,2026-07-08T23:08:44.101443+00:00,140.3,2,bid,Ramzy Ramadhani,YieldingYams,12800181
2026-07-08T23:08:44.363097,2026-07-08T23:08:44.374677+00:00,140.3,2,bid,Ramzy Ramadhani,YieldingYams,12800185
2026-07-08T23:08:44.627939,2026-07-08T23:08:44.639610+00:00,140.3,2,bid,Ramzy Ramadhani,YieldingYams,12800191
2026-07-08T23:08:44.892619,2026-07-08T23:08:44.900318+00:00,140.3,2,bid,Ramzy Ramadhani,YieldingYams,12800198
2026-07-08T23:08:45.159198,2026-07-08T23:08:45.169123+00:00,140.4,2,bid,Ramzy Ramadhani,WavyWalnuts,12800202
2026-07-08T23:08:45.461018,2026-07-08T23:08:45.472949+00:00,140.4,2,bid,Ramzy Ramadhani,WavyWalnuts,12800209
2026-07-08T23:08:45.728693,2026-07-08T23:08:45.740526+00:00,140.4,2,bid,Ramzy Ramadhani,WavyWalnuts,12800214
2026-07-08T23:08:45.826472,2026-07-08T23:08:45.841739+00:00,140.3,200,ask,YieldingYams,WavyWalnuts,12800219
2026-07-08T23:08:50.400908,2026-07-08T23:08:50.408476+00:00,140.5,200,ask,WavyWalnuts,YieldingYams,12800292
2026-07-08T23:08:52.685127,2026-07-08T23:08:52.695232+00:00,140.5,20,bid,BrilliantBurritos,WavyWalnuts,12800316
2026-07-08T23:08:53.766596,2026-07-08T23:08:53.778617+00:00,140.4,2,bid,Ramzy Ramadhani,YieldingYams,12800326
2026-07-08T23:08:54.033863,2026-07-08T23:08:54.045050+00:00,140.4,2,bid,Ramzy Ramadhani,YieldingYams,12800333
2026-07-08T23:08:54.317649,2026-07-08T23:08:54.326289+00:00,140.4,2,bid,Ramzy Ramadhani,YieldingYams,12800340
2026-07-08T23:08:54.582229,2026-07-08T23:08:54.589384+00:00,140.4,2,bid,Ramzy Ramadhani,YieldingYams,12800347
2026-07-08T23:08:54.863473,2026-07-08T23:08:54.874651+00:00,140.4,2,bid,Ramzy Ramadhani,YieldingYams,12800350
2026-07-08T23:08:55.128592,2026-07-08T23:08:55.140463+00:00,140.4,2,bid,Ramzy Ramadhani,YieldingYams,12800353
2026-07-08T23:08:55.392682,2026-07-08T23:08:55.404570+00:00,140.4,2,bid,Ramzy Ramadhani,YieldingYams,12800359
2026-07-08T23:08:55.641026,2026-07-08T23:08:55.651037+00:00,140.3,200,ask,WavyWalnuts,YieldingYams,12800364
2026-07-08T23:08:55.658118,2026-07-08T23:08:55.669940+00:00,140.3,2,bid,Ramzy Ramadhani,YieldingYams,12800365
2026-07-08T23:08:55.923160,2026-07-08T23:08:55.934937+00:00,140.3,2,bid,Ramzy Ramadhani,YieldingYams,12800366
2026-07-08T23:08:56.188832,2026-07-08T23:08:56.199578+00:00,140.3,2,bid,Ramzy Ramadhani,YieldingYams,12800368
2026-07-08T23:08:56.725891,2026-07-08T23:08:56.732913+00:00,140.3,200,bid,WavyWalnuts,YieldingYams,12800378
2026-07-08T23:08:57.754084,2026-07-08T23:08:57.765555+00:00,140.4,20,ask,YieldingYams,BrilliantBurritos,12800394
2026-07-08T23:08:57.941802,2026-07-08T23:08:57.950661+00:00,140.4,200,ask,YieldingYams,WavyWalnuts,12800398
2026-07-08T23:08:59.130896,2026-07-08T23:08:59.134504+00:00,140.5,3,bid,Xuanyu Liu,YieldingYams,12800412
2026-07-08T23:08:59.380525,2026-07-08T23:08:59.388210+00:00,140.5,25,bid,Ramzy Ramadhani,YieldingYams,12800419
2026-07-08T23:08:59.646592,2026-07-08T23:08:59.658587+00:00,140.5,25,bid,Ramzy Ramadhani,YieldingYams,12800424
2026-07-08T23:08:59.919250,2026-07-08T23:08:59.930726+00:00,140.5,25,bid,Ramzy Ramadhani,YieldingYams,12800431
2026-07-08T23:09:00.190873,2026-07-08T23:09:00.199945+00:00,140.5,25,bid,Ramzy Ramadhani,YieldingYams,12800435
2026-07-08T23:09:00.459844,2026-07-08T23:09:00.471547+00:00,140.5,25,bid,Ramzy Ramadhani,YieldingYams,12800440
2026-07-08T23:09:00.730340,2026-07-08T23:09:00.742152+00:00,140.5,17,bid,Ramzy Ramadhani,YieldingYams,12800444
2026-07-08T23:09:01.246966,2026-07-08T23:09:01.263857+00:00,140.4,2,ask,WavyWalnuts,Ramzy Ramadhani,12800458
2026-07-08T23:09:01.537631,2026-07-08T23:09:01.551651+00:00,140.4,2,ask,WavyWalnuts,Ramzy Ramadhani,12800462
2026-07-08T23:09:01.819213,2026-07-08T23:09:01.829563+00:00,140.5,2,ask,WavyWalnuts,Ramzy Ramadhani,12800467
2026-07-08T23:09:02.082374,2026-07-08T23:09:02.093907+00:00,140.5,2,ask,WavyWalnuts,Ramzy Ramadhani,12800470
2026-07-08T23:09:02.200903,2026-07-08T23:09:02.208494+00:00,140.5,196,ask,WavyWalnuts,YieldingYams,12800472
2026-07-08T23:09:02.219868,2026-07-08T23:09:02.223862+00:00,140.3,10,bid,Xuanyu Liu,YieldingYams,12800474
2026-07-08T23:09:02.348281,2026-07-08T23:09:02.358628+00:00,140.1,2,ask,YieldingYams,Ramzy Ramadhani,12800475
2026-07-08T23:09:02.618270,2026-07-08T23:09:02.627570+00:00,140.1,2,ask,YieldingYams,Ramzy Ramadhani,12800480
2026-07-08T23:09:02.781810,2026-07-08T23:09:02.791310+00:00,140.3,200,bid,WavyWalnuts,YieldingYams,12800484
2026-07-08T23:09:02.882058,2026-07-08T23:09:02.893689+00:00,140.1,2,ask,YieldingYams,Ramzy Ramadhani,12800486
2026-07-08T23:09:03.145224,2026-07-08T23:09:03.164010+00:00,140.1,2,ask,YieldingYams,Ramzy Ramadhani,12800492
2026-07-08T23:09:03.416238,2026-07-08T23:09:03.425031+00:00,140.1,2,ask,YieldingYams,Ramzy Ramadhani,12800493
2026-07-08T23:09:03.680840,2026-07-08T23:09:03.692807+00:00,140.2,2,ask,YieldingYams,Ramzy Ramadhani,12800495
2026-07-08T23:09:04.831500,2026-07-08T23:09:04.835436+00:00,140.3,10,ask,YieldingYams,Xuanyu Liu,12800512
2026-07-08T23:09:05.455452,2026-07-08T23:09:05.459354+00:00,140.5,11,bid,Xuanyu Liu,YieldingYams,12800521
2026-07-08T23:09:05.541049,2026-07-08T23:09:05.547723+00:00,140.5,20,bid,Ramzy Ramadhani,YieldingYams,12800523
2026-07-08T23:09:06.145695,2026-07-08T23:09:06.150004+00:00,140.4,12,bid,Xuanyu Liu,YieldingYams,12800534
2026-07-08T23:09:09.417641,2026-07-08T23:09:09.426594+00:00,140.1,20,ask,YieldingYams,BrilliantBurritos,12800579
2026-07-08T23:09:10.358591,2026-07-08T23:09:10.362240+00:00,140.2,12,ask,YieldingYams,Xuanyu Liu,12800588
2026-07-08T23:09:11.795144,2026-07-08T23:09:11.806819+00:00,140.1,2,ask,WavyWalnuts,Ramzy Ramadhani,12800603
2026-07-08T23:09:12.056555,2026-07-08T23:09:12.074612+00:00,140.1,2,ask,WavyWalnuts,Ramzy Ramadhani,12800610
2026-07-08T23:09:12.325481,2026-07-08T23:09:12.336870+00:00,140.1,2,ask,WavyWalnuts,Ramzy Ramadhani,12800617
2026-07-08T23:09:12.587098,2026-07-08T23:09:12.599047+00:00,140.1,2,ask,WavyWalnuts,Ramzy Ramadhani,12800620
2026-07-08T23:09:12.670109,2026-07-08T23:09:12.680119+00:00,140.1,198,ask,WavyWalnuts,YieldingYams,12800621
2026-07-08T23:09:13.135013,2026-07-08T23:09:13.158566+00:00,139.9,20,ask,YieldingYams,BrilliantBurritos,12800624
2026-07-08T23:09:14.871836,2026-07-08T23:09:14.880380+00:00,140.1,200,bid,WavyWalnuts,YieldingYams,12800643
2026-07-08T23:09:15.019696,2026-07-08T23:09:15.024028+00:00,140.0,14,ask,AverageAlmonds,Xuanyu Liu,12800648
2026-07-08T23:09:15.176524,2026-07-08T23:09:15.189549+00:00,140.0,25,ask,AverageAlmonds,Ramzy Ramadhani,12800650
2026-07-08T23:09:15.188056,2026-07-08T23:09:15.194740+00:00,140.0,2,ask,AverageAlmonds,Ramzy Ramadhani,12800652
2026-07-08T23:09:15.471205,2026-07-08T23:09:15.480276+00:00,139.9,2,ask,YieldingYams,Ramzy Ramadhani,12800661
2026-07-08T23:09:15.737531,2026-07-08T23:09:15.749441+00:00,139.9,2,ask,YieldingYams,Ramzy Ramadhani,12800666
2026-07-08T23:09:16.004099,2026-07-08T23:09:16.016050+00:00,139.9,2,ask,YieldingYams,Ramzy Ramadhani,12800668
2026-07-08T23:09:16.268897,2026-07-08T23:09:16.280445+00:00,140.1,25,ask,WavyWalnuts,Ramzy Ramadhani,12800670
2026-07-08T23:09:16.278310,2026-07-08T23:09:16.285992+00:00,140.2,2,bid,Ramzy Ramadhani,YieldingYams,12800672
2026-07-08T23:09:16.541491,2026-07-08T23:09:16.553138+00:00,140.2,2,bid,Ramzy Ramadhani,YieldingYams,12800677
2026-07-08T23:09:16.820195,2026-07-08T23:09:16.827728+00:00,140.2,2,bid,Ramzy Ramadhani,YieldingYams,12800681
2026-07-08T23:09:17.086625,2026-07-08T23:09:17.093146+00:00,140.2,2,bid,Ramzy Ramadhani,YieldingYams,12800683
2026-07-08T23:09:17.349555,2026-07-08T23:09:17.363744+00:00,140.2,2,bid,Ramzy Ramadhani,YieldingYams,12800687
2026-07-08T23:09:17.613595,2026-07-08T23:09:17.625350+00:00,140.2,2,bid,Ramzy Ramadhani,YieldingYams,12800690
2026-07-08T23:09:29.432154,2026-07-08T23:09:29.440060+00:00,140.5,200,bid,WavyWalnuts,YieldingYams,12800864
2026-07-08T23:09:30.639700,2026-07-08T23:09:30.651233+00:00,140.7,200,bid,WavyWalnuts,YieldingYams,12800876
2026-07-08T23:09:31.381013,2026-07-08T23:09:31.392865+00:00,140.7,20,ask,YieldingYams,BrilliantBurritos,12800883
2026-07-08T23:09:32.618267,2026-07-08T23:09:32.632985+00:00,140.7,2,ask,YieldingYams,Ramzy Ramadhani,12800914
2026-07-08T23:09:32.888976,2026-07-08T23:09:32.900404+00:00,140.7,2,ask,YieldingYams,Ramzy Ramadhani,12800918
2026-07-08T23:09:33.001796,2026-07-08T23:09:33.011971+00:00,140.7,500,ask,YieldingYams,AverageAlmonds,12800919
2026-07-08T23:09:33.058629,2026-07-08T23:09:33.070318+00:00,140.7,121,ask,YieldingYams,WavyWalnuts,12800920
2026-07-08T23:09:33.152737,2026-07-08T23:09:33.164470+00:00,140.4,2,ask,WavyWalnuts,Ramzy Ramadhani,12800923
2026-07-08T23:09:33.417409,2026-07-08T23:09:33.427391+00:00,140.4,2,ask,WavyWalnuts,Ramzy Ramadhani,12800925
2026-07-08T23:09:33.643077,2026-07-08T23:09:33.654228+00:00,140.6,79,bid,YieldingYams,WavyWalnuts,12800928
2026-07-08T23:09:33.700986,2026-07-08T23:09:33.712861+00:00,140.6,2,ask,YieldingYams,Ramzy Ramadhani,12800931
2026-07-08T23:09:34.237905,2026-07-08T23:09:34.247892+00:00,140.6,500,ask,YieldingYams,AverageAlmonds,12800937
2026-07-08T23:09:34.837987,2026-07-08T23:09:34.845627+00:00,140.6,44,ask,YieldingYams,AverageAlmonds,12800942
2026-07-08T23:09:34.965500,2026-07-08T23:09:34.972299+00:00,140.5,200,ask,WavyWalnuts,YieldingYams,12800945
2026-07-08T23:09:34.983692,2026-07-08T23:09:34.987602+00:00,140.4,3,bid,Xuanyu Liu,YieldingYams,12800947
2026-07-08T23:09:35.057182,2026-07-08T23:09:35.063954+00:00,140.4,20,bid,Heero Sipayung,YieldingYams,12800950
2026-07-08T23:09:35.065771,2026-07-08T23:09:35.074161+00:00,140.4,25,bid,Ramzy Ramadhani,YieldingYams,12800952
2026-07-08T23:09:35.268821,2026-07-08T23:09:35.279713+00:00,140.4,20,bid,Heero Sipayung,YieldingYams,12800957
2026-07-08T23:09:35.333225,2026-07-08T23:09:35.340410+00:00,140.4,25,bid,Ramzy Ramadhani,YieldingYams,12800959
2026-07-08T23:09:35.476683,2026-07-08T23:09:35.501758+00:00,140.4,200,bid,WavyWalnuts,YieldingYams,12800960
2026-07-08T23:09:35.496948,2026-07-08T23:09:35.517403+00:00,140.4,20,bid,Heero Sipayung,YieldingYams,12800965
2026-07-08T23:09:35.505516,2026-07-08T23:09:35.517403+00:00,140.2,13,ask,YieldingYams,Heero Sipayung,12800966
2026-07-08T23:09:36.692693,2026-07-08T23:09:36.709558+00:00,140.4,200,ask,YieldingYams,WavyWalnuts,12800985
2026-07-08T23:09:36.916365,2026-07-08T23:09:36.928067+00:00,140.4,2,ask,YieldingYams,Ramzy Ramadhani,12800990
2026-07-08T23:09:37.150348,2026-07-08T23:09:37.154699+00:00,140.4,3,ask,YieldingYams,Xuanyu Liu,12800995
2026-07-08T23:09:37.181204,2026-07-08T23:09:37.191119+00:00,140.4,25,ask,YieldingYams,Ramzy Ramadhani,12800997
2026-07-08T23:09:37.194979,2026-07-08T23:09:37.201537+00:00,140.4,2,ask,YieldingYams,Ramzy Ramadhani,12801001
2026-07-08T23:09:37.313831,2026-07-08T23:09:37.325315+00:00,140.4,20,ask,YieldingYams,Heero Sipayung,12801004
2026-07-08T23:09:37.460321,2026-07-08T23:09:37.471923+00:00,140.4,25,ask,YieldingYams,Ramzy Ramadhani,12801009
2026-07-08T23:09:37.473297,2026-07-08T23:09:37.482354+00:00,140.4,2,ask,YieldingYams,Ramzy Ramadhani,12801012
2026-07-08T23:09:37.523857,2026-07-08T23:09:37.535996+00:00,140.4,20,ask,YieldingYams,Heero Sipayung,12801013
2026-07-08T23:09:37.738246,2026-07-08T23:09:37.750054+00:00,140.2,2,ask,WavyWalnuts,Ramzy Ramadhani,12801015
2026-07-08T23:09:38.003840,2026-07-08T23:09:38.015634+00:00,140.2,2,ask,YieldingYams,Ramzy Ramadhani,12801022
2026-07-08T23:09:38.269889,2026-07-08T23:09:38.281702+00:00,140.2,2,ask,YieldingYams,Ramzy Ramadhani,12801024
2026-07-08T23:09:38.534984,2026-07-08T23:09:38.541695+00:00,140.2,2,ask,YieldingYams,Ramzy Ramadhani,12801033
2026-07-08T23:09:39.076477,2026-07-08T23:09:39.084777+00:00,140.2,2,ask,YieldingYams,Ramzy Ramadhani,12801039
2026-07-08T23:09:39.342571,2026-07-08T23:09:39.351194+00:00,140.2,2,ask,YieldingYams,Ramzy Ramadhani,12801047
2026-07-08T23:09:39.607435,2026-07-08T23:09:39.619123+00:00,140.2,2,ask,YieldingYams,Ramzy Ramadhani,12801051
2026-07-08T23:09:39.878617,2026-07-08T23:09:39.886383+00:00,140.2,2,ask,WavyWalnuts,Ramzy Ramadhani,12801057
2026-07-08T23:09:40.147290,2026-07-08T23:09:40.158542+00:00,140.2,2,ask,YieldingYams,Ramzy Ramadhani,12801058
2026-07-08T23:09:40.412560,2026-07-08T23:09:40.424064+00:00,140.1,2,ask,WavyWalnuts,Ramzy Ramadhani,12801061
2026-07-08T23:09:40.679929,2026-07-08T23:09:40.691531+00:00,140.1,2,ask,WavyWalnuts,Ramzy Ramadhani,12801066
2026-07-08T23:09:44.142182,2026-07-08T23:09:44.163872+00:00,140.1,200,bid,YieldingYams,WavyWalnuts,12801111
2026-07-08T23:09:45.176468,2026-07-08T23:09:45.184877+00:00,140.1,200,ask,YieldingYams,WavyWalnuts,12801125
2026-07-08T23:09:50.030352,2026-07-08T23:09:50.037147+00:00,140.1,200,bid,WavyWalnuts,YieldingYams,12801191
2026-07-08T23:09:52.165616,2026-07-08T23:09:52.169732+00:00,140.1,20,ask,YieldingYams,BrilliantBurritos,12801213
2026-07-08T23:09:56.088124,2026-07-08T23:09:56.097781+00:00,140.2,200,bid,WavyWalnuts,AverageAlmonds,12801259
2026-07-08T23:09:57.298769,2026-07-08T23:09:57.305546+00:00,140.1,200,bid,WavyWalnuts,YieldingYams,12801278
2026-07-08T23:10:02.543167,2026-07-08T23:10:02.548499+00:00,140.1,7,ask,YieldingYams,Heero Sipayung,12801352
2026-07-08T23:10:02.697736,2026-07-08T23:10:02.714467+00:00,140.1,25,ask,YieldingYams,Ramzy Ramadhani,12801356
2026-07-08T23:10:02.985411,2026-07-08T23:10:02.993694+00:00,140.1,25,ask,YieldingYams,Ramzy Ramadhani,12801364
2026-07-08T23:10:03.256622,2026-07-08T23:10:03.268306+00:00,140.1,25,ask,YieldingYams,Ramzy Ramadhani,12801367
2026-07-08T23:10:03.556365,2026-07-08T23:10:03.558574+00:00,140.1,25,ask,YieldingYams,Ramzy Ramadhani,12801371
2026-07-08T23:10:03.820959,2026-07-08T23:10:03.832751+00:00,140.1,6,ask,YieldingYams,Ramzy Ramadhani,12801379
2026-07-08T23:10:04.563861,2026-07-08T23:10:04.574275+00:00,140.0,200,ask,YieldingYams,WavyWalnuts,12801395
2026-07-08T23:10:05.655642,2026-07-08T23:10:05.667456+00:00,140.2,2,bid,Ramzy Ramadhani,YieldingYams,12801413
2026-07-08T23:10:05.920490,2026-07-08T23:10:05.931215+00:00,140.2,2,bid,Ramzy Ramadhani,YieldingYams,12801418
2026-07-08T23:10:06.185806,2026-07-08T23:10:06.197483+00:00,140.2,2,bid,Ramzy Ramadhani,YieldingYams,12801419
2026-07-08T23:10:06.453594,2026-07-08T23:10:06.457641+00:00,140.2,2,bid,Ramzy Ramadhani,YieldingYams,12801426
2026-07-08T23:10:06.721081,2026-07-08T23:10:06.730128+00:00,140.2,2,bid,Ramzy Ramadhani,WavyWalnuts,12801434
2026-07-08T23:10:07.771333,2026-07-08T23:10:07.781975+00:00,140.1,200,bid,YieldingYams,WavyWalnuts,12801451
2026-07-08T23:10:10.088011,2026-07-08T23:10:10.099834+00:00,140.1,20,ask,YieldingYams,BrilliantBurritos,12801478
2026-07-08T23:10:10.393587,2026-07-08T23:10:10.400710+00:00,140.2,200,bid,YieldingYams,WavyWalnuts,12801480
2026-07-08T23:10:10.454712,2026-07-08T23:10:10.466344+00:00,140.3,10,ask,YieldingYams,Ramzy Ramadhani,12801481
2026-07-08T23:10:10.611410,2026-07-08T23:10:10.622445+00:00,140.3,200,ask,YieldingYams,WavyWalnuts,12801485
2026-07-08T23:10:11.823595,2026-07-08T23:10:11.830870+00:00,140.2,200,bid,WavyWalnuts,YieldingYams,12801503
2026-07-08T23:10:12.788216,2026-07-08T23:10:12.800208+00:00,140.2,2,bid,Ramzy Ramadhani,YieldingYams,12801513
2026-07-08T23:10:13.057819,2026-07-08T23:10:13.069300+00:00,140.3,2,bid,Ramzy Ramadhani,YieldingYams,12801519
2026-07-08T23:10:13.323524,2026-07-08T23:10:13.331884+00:00,140.3,2,bid,Ramzy Ramadhani,YieldingYams,12801523
2026-07-08T23:10:13.601899,2026-07-08T23:10:13.615109+00:00,140.3,2,bid,Ramzy Ramadhani,YieldingYams,12801530
2026-07-08T23:10:13.878781,2026-07-08T23:10:13.885199+00:00,140.3,2,bid,Ramzy Ramadhani,YieldingYams,12801537
2026-07-08T23:10:14.928332,2026-07-08T23:10:14.935999+00:00,140.2,2,bid,Ramzy Ramadhani,YieldingYams,12801556
2026-07-08T23:10:15.455820,2026-07-08T23:10:15.464955+00:00,140.2,200,bid,WavyWalnuts,YieldingYams,12801564
2026-07-08T23:10:15.636171,2026-07-08T23:10:15.644250+00:00,140.2,500,bid,YieldingYams,AverageAlmonds,12801569
2026-07-08T23:10:15.728956,2026-07-08T23:10:15.741005+00:00,140.2,12,ask,YieldingYams,Ramzy Ramadhani,12801572
2026-07-08T23:10:16.032681,2026-07-08T23:10:16.042095+00:00,140.2,113,ask,YieldingYams,AverageAlmonds,12801582
2026-07-08T23:10:16.317616,2026-07-08T23:10:16.329169+00:00,140.0,2,bid,Ramzy Ramadhani,AverageAlmonds,12801588
2026-07-08T23:10:16.584093,2026-07-08T23:10:16.595905+00:00,140.0,2,bid,Ramzy Ramadhani,AverageAlmonds,12801592
2026-07-08T23:10:16.850230,2026-07-08T23:10:16.856766+00:00,140.1,2,bid,Ramzy Ramadhani,AverageAlmonds,12801596
2026-07-08T23:10:17.119486,2026-07-08T23:10:17.128220+00:00,140.1,2,bid,Ramzy Ramadhani,WavyWalnuts,12801603
2026-07-08T23:10:17.384467,2026-07-08T23:10:17.396016+00:00,140.1,2,bid,Ramzy Ramadhani,AverageAlmonds,12801605
2026-07-08T23:10:17.648633,2026-07-08T23:10:17.663976+00:00,140.1,2,bid,Ramzy Ramadhani,WavyWalnuts,12801606
2026-07-08T23:10:18.178516,2026-07-08T23:10:18.190243+00:00,140.2,2,bid,Ramzy Ramadhani,YieldingYams,12801618
2026-07-08T23:10:18.449109,2026-07-08T23:10:18.456556+00:00,140.1,2,bid,Ramzy Ramadhani,AverageAlmonds,12801627
2026-07-08T23:10:18.715074,2026-07-08T23:10:18.726689+00:00,140.1,2,bid,Ramzy Ramadhani,AverageAlmonds,12801633
2026-07-08T23:10:18.980899,2026-07-08T23:10:18.992666+00:00,140.1,2,bid,Ramzy Ramadhani,AverageAlmonds,12801637
2026-07-08T23:10:19.244755,2026-07-08T23:10:19.256765+00:00,140.2,2,bid,Ramzy Ramadhani,YieldingYams,12801645
2026-07-08T23:10:19.512858,2026-07-08T23:10:19.524705+00:00,140.2,2,bid,Ramzy Ramadhani,YieldingYams,12801647
2026-07-08T23:10:19.778211,2026-07-08T23:10:19.789914+00:00,140.1,2,bid,Ramzy Ramadhani,YieldingYams,12801651
2026-07-08T23:10:20.042645,2026-07-08T23:10:20.049083+00:00,140.0,25,ask,WavyWalnuts,Ramzy Ramadhani,12801653
2026-07-08T23:10:20.493106,2026-07-08T23:10:20.504853+00:00,139.9,20,ask,WavyWalnuts,BrilliantBurritos,12801669
2026-07-08T23:10:21.115537,2026-07-08T23:10:21.127303+00:00,140.0,1,ask,YieldingYams,Ramzy Ramadhani,12801683
2026-07-08T23:10:21.455049,2026-07-08T23:10:21.458056+00:00,140.0,500,ask,YieldingYams,AverageAlmonds,12801689
2026-07-08T23:10:22.075724,2026-07-08T23:10:22.086810+00:00,140.0,124,ask,YieldingYams,AverageAlmonds,12801704
2026-07-08T23:10:24.214443,2026-07-08T23:10:24.226429+00:00,140.0,2,bid,Ramzy Ramadhani,AverageAlmonds,12801739
2026-07-08T23:10:24.499304,2026-07-08T23:10:24.510692+00:00,140.0,2,bid,Ramzy Ramadhani,WavyWalnuts,12801743
2026-07-08T23:10:24.763852,2026-07-08T23:10:24.775460+00:00,139.8,4,ask,YieldingYams,Ramzy Ramadhani,12801750
2026-07-08T23:10:26.112766,2026-07-08T23:10:26.120069+00:00,139.9,500,bid,YieldingYams,AverageAlmonds,12801775
2026-07-08T23:10:26.295616,2026-07-08T23:10:26.304444+00:00,139.9,125,ask,YieldingYams,AverageAlmonds,12801779
2026-07-08T23:10:27.422246,2026-07-08T23:10:27.431867+00:00,139.8,200,ask,WavyWalnuts,YieldingYams,12801790
2026-07-08T23:10:28.779909,2026-07-08T23:10:28.783775+00:00,139.8,3,ask,YieldingYams,Xuanyu Liu,12801808
2026-07-08T23:10:28.792419,2026-07-08T23:10:28.804125+00:00,139.8,200,ask,YieldingYams,WavyWalnuts,12801809
2026-07-08T23:10:30.000914,2026-07-08T23:10:30.007838+00:00,139.8,200,ask,YieldingYams,WavyWalnuts,12801830
2026-07-08T23:10:31.157374,2026-07-08T23:10:31.169123+00:00,140.0,20,bid,BrilliantBurritos,YieldingYams,12801845
2026-07-08T23:10:32.700521,2026-07-08T23:10:32.709366+00:00,140.0,500,bid,YieldingYams,AverageAlmonds,12801874
2026-07-08T23:10:32.700521,2026-07-08T23:10:32.709366+00:00,140.0,125,bid,YieldingYams,WavyWalnuts,12801875
2026-07-08T23:10:36.243758,2026-07-08T23:10:36.258553+00:00,139.8,20,ask,WavyWalnuts,BrilliantBurritos,12801918
2026-07-08T23:10:37.272010,2026-07-08T23:10:37.279764+00:00,139.9,200,bid,WavyWalnuts,YieldingYams,12801933
2026-07-08T23:10:38.483350,2026-07-08T23:10:38.493684+00:00,139.9,200,bid,WavyWalnuts,YieldingYams,12801945
2026-07-08T23:10:39.690680,2026-07-08T23:10:39.699067+00:00,139.9,200,bid,WavyWalnuts,YieldingYams,12801968
2026-07-08T23:10:40.576445,2026-07-08T23:10:40.580209+00:00,139.8,11,ask,YieldingYams,Xuanyu Liu,12801973
2026-07-08T23:10:40.917870,2026-07-08T23:10:40.921430+00:00,139.9,12,ask,WavyWalnuts,Xuanyu Liu,12801981
2026-07-08T23:10:42.109931,2026-07-08T23:10:42.116731+00:00,140.1,200,bid,WavyWalnuts,YieldingYams,12801988
2026-07-08T23:10:45.743885,2026-07-08T23:10:45.752575+00:00,140.2,200,bid,WavyWalnuts,YieldingYams,12802049
2026-07-08T23:10:46.964272,2026-07-08T23:10:46.968138+00:00,140.2,11,ask,WavyWalnuts,Xuanyu Liu,12802070
2026-07-08T23:10:49.369775,2026-07-08T23:10:49.376225+00:00,140.1,200,bid,WavyWalnuts,YieldingYams,12802111
2026-07-08T23:10:50.392442,2026-07-08T23:10:50.399414+00:00,140.2,20,bid,BrilliantBurritos,YieldingYams,12802126
2026-07-08T23:10:52.969663,2026-07-08T23:10:52.988819+00:00,140.1,12,ask,AverageAlmonds,Xuanyu Liu,12802156
2026-07-08T23:10:53.713057,2026-07-08T23:10:53.716614+00:00,140.2,11,ask,YieldingYams,Xuanyu Liu,12802172
2026-07-08T23:10:54.439229,2026-07-08T23:10:54.446223+00:00,140.2,20,ask,YieldingYams,BrilliantBurritos,12802181
2026-07-08T23:10:58.965375,2026-07-08T23:10:58.970230+00:00,140.2,11,bid,Xuanyu Liu,YieldingYams,12802240
2026-07-08T23:10:59.165841,2026-07-08T23:10:59.177624+00:00,140.2,20,bid,BrilliantBurritos,YieldingYams,12802243
2026-07-08T23:11:00.290713,2026-07-08T23:11:00.297941+00:00,140.2,200,bid,WavyWalnuts,YieldingYams,12802256
2026-07-08T23:11:01.409923,2026-07-08T23:11:01.417566+00:00,140.2,425,bid,AverageAlmonds,YieldingYams,12802272
2026-07-08T23:11:04.609835,2026-07-08T23:11:04.621691+00:00,140.5,20,bid,BrilliantBurritos,YieldingYams,12802320
2026-07-08T23:11:05.138991,2026-07-08T23:11:05.146496+00:00,140.4,200,ask,AverageAlmonds,WavyWalnuts,12802328
2026-07-08T23:11:09.112549,2026-07-08T23:11:09.123034+00:00,140.5,20,ask,YieldingYams,BrilliantBurritos,12802383
2026-07-08T23:11:10.305969,2026-07-08T23:11:10.317777+00:00,140.5,20,bid,BrilliantBurritos,WavyWalnuts,12802400
2026-07-08T23:11:11.185051,2026-07-08T23:11:11.192395+00:00,140.3,200,ask,YieldingYams,WavyWalnuts,12802423
2026-07-08T23:11:17.237997,2026-07-08T23:11:17.248915+00:00,140.5,200,bid,WavyWalnuts,YieldingYams,12802502
2026-07-08T23:11:19.917999,2026-07-08T23:11:19.925289+00:00,140.3,200,ask,WavyWalnuts,YieldingYams,12802529
2026-07-08T23:11:20.873879,2026-07-08T23:11:20.883624+00:00,140.3,200,bid,WavyWalnuts,YieldingYams,12802551
2026-07-08T23:11:21.245920,2026-07-08T23:11:21.249384+00:00,140.4,8,ask,YieldingYams,Xuanyu Liu,12802554
2026-07-08T23:11:21.526706,2026-07-08T23:11:21.531386+00:00,140.4,3,ask,YieldingYams,Xuanyu Liu,12802559
2026-07-08T23:11:23.847435,2026-07-08T23:11:23.869123+00:00,140.5,200,bid,YieldingYams,WavyWalnuts,12802597
2026-07-08T23:11:23.865266,2026-07-08T23:11:23.869123+00:00,140.5,11,ask,YieldingYams,Xuanyu Liu,12802599
2026-07-08T23:11:26.475935,2026-07-08T23:11:26.484923+00:00,140.7,200,bid,YieldingYams,WavyWalnuts,12802637
2026-07-08T23:11:26.914135,2026-07-08T23:11:26.925510+00:00,140.7,200,ask,YieldingYams,WavyWalnuts,12802646
2026-07-08T23:11:28.124755,2026-07-08T23:11:28.135897+00:00,140.6,200,bid,WavyWalnuts,YieldingYams,12802670
2026-07-08T23:11:31.737205,2026-07-08T23:11:31.741436+00:00,140.7,12,ask,YieldingYams,Xuanyu Liu,12802711
2026-07-08T23:11:34.177670,2026-07-08T23:11:34.186937+00:00,140.8,200,bid,WavyWalnuts,YieldingYams,12802741
2026-07-08T23:11:36.964187,2026-07-08T23:11:36.974792+00:00,140.6,200,ask,WavyWalnuts,YieldingYams,12802777
2026-07-08T23:11:37.209375,2026-07-08T23:11:37.218763+00:00,140.4,20,ask,YieldingYams,BrilliantBurritos,12802788
2026-07-08T23:11:40.148177,2026-07-08T23:11:40.148281+00:00,140.7,500,ask,YieldingYams,AverageAlmonds,12802822
2026-07-08T23:11:42.646982,2026-07-08T23:11:42.655486+00:00,140.7,200,bid,WavyWalnuts,YieldingYams,12802847
2026-07-08T23:11:48.608825,2026-07-08T23:11:48.612318+00:00,140.9,12,bid,Xuanyu Liu,YieldingYams,12802934
2026-07-08T23:11:50.087761,2026-07-08T23:11:50.097802+00:00,140.9,200,ask,WavyWalnuts,YieldingYams,12802959
2026-07-08T23:11:50.103932,2026-07-08T23:11:50.107808+00:00,140.9,11,bid,Xuanyu Liu,YieldingYams,12802961
2026-07-08T23:11:51.399022,2026-07-08T23:11:51.406628+00:00,140.8,200,ask,WavyWalnuts,YieldingYams,12802988
2026-07-08T23:11:51.418144,2026-07-08T23:11:51.422406+00:00,140.8,11,bid,Xuanyu Liu,YieldingYams,12802990
2026-07-08T23:11:54.017305,2026-07-08T23:11:54.026370+00:00,140.9,500,bid,YieldingYams,AverageAlmonds,12803030
2026-07-08T23:11:54.017305,2026-07-08T23:11:54.026370+00:00,140.9,125,bid,YieldingYams,WavyWalnuts,12803031
2026-07-08T23:11:54.705981,2026-07-08T23:11:54.715433+00:00,140.7,200,ask,WavyWalnuts,AverageAlmonds,12803039
2026-07-08T23:11:54.743153,2026-07-08T23:11:54.758595+00:00,140.7,200,bid,WavyWalnuts,AverageAlmonds,12803041
2026-07-08T23:11:55.951518,2026-07-08T23:11:55.961982+00:00,140.7,200,bid,WavyWalnuts,AverageAlmonds,12803069
2026-07-08T23:11:56.518721,2026-07-08T23:11:56.527316+00:00,140.6,500,ask,YieldingYams,AverageAlmonds,12803075
2026-07-08T23:11:57.161159,2026-07-08T23:11:57.169138+00:00,140.6,200,bid,WavyWalnuts,AverageAlmonds,12803084
2026-07-08T23:11:57.951438,2026-07-08T23:11:57.958624+00:00,140.6,500,bid,YieldingYams,AverageAlmonds,12803091
2026-07-08T23:11:58.329382,2026-07-08T23:11:58.333281+00:00,140.7,12,bid,Xuanyu Liu,AverageAlmonds,12803103
2026-07-08T23:11:59.263210,2026-07-08T23:11:59.274539+00:00,140.6,200,ask,WavyWalnuts,YieldingYams,12803115
2026-07-08T23:11:59.280440,2026-07-08T23:11:59.284371+00:00,140.5,23,bid,Xuanyu Liu,YieldingYams,12803117
2026-07-08T23:11:59.482743,2026-07-08T23:11:59.486739+00:00,140.3,23,ask,YieldingYams,Xuanyu Liu,12803121
2026-07-08T23:11:59.577889,2026-07-08T23:11:59.587428+00:00,140.5,200,bid,WavyWalnuts,YieldingYams,12803123
2026-07-08T23:12:00.126541,2026-07-08T23:12:00.138666+00:00,140.5,20,bid,BrilliantBurritos,YieldingYams,12803130
2026-07-08T23:12:00.590785,2026-07-08T23:12:00.595319+00:00,140.4,12,ask,YieldingYams,Xuanyu Liu,12803135
2026-07-08T23:12:02.636402,2026-07-08T23:12:02.640975+00:00,140.6,12,bid,Xuanyu Liu,YieldingYams,12803153
2026-07-08T23:12:03.175904,2026-07-08T23:12:03.184844+00:00,140.5,200,ask,WavyWalnuts,AverageAlmonds,12803165
2026-07-08T23:12:03.199357,2026-07-08T23:12:03.204443+00:00,140.5,11,bid,Xuanyu Liu,AverageAlmonds,12803167
2026-07-08T23:12:03.223925,2026-07-08T23:12:03.235753+00:00,140.5,200,bid,WavyWalnuts,AverageAlmonds,12803170
2026-07-08T23:12:04.439767,2026-07-08T23:12:04.446950+00:00,140.5,200,bid,WavyWalnuts,YieldingYams,12803185
2026-07-08T23:12:10.085617,2026-07-08T23:12:10.097259+00:00,140.5,20,ask,YieldingYams,BrilliantBurritos,12803262
2026-07-08T23:12:10.504214,2026-07-08T23:12:10.515327+00:00,140.5,200,ask,YieldingYams,WavyWalnuts,12803272
2026-07-08T23:12:15.329654,2026-07-08T23:12:15.334094+00:00,140.3,11,ask,YieldingYams,Xuanyu Liu,12803332
2026-07-08T23:12:16.567110,2026-07-08T23:12:16.575389+00:00,140.4,200,bid,WavyWalnuts,YieldingYams,12803346
2026-07-08T23:12:17.647648,2026-07-08T23:12:17.651527+00:00,140.4,12,ask,YieldingYams,Xuanyu Liu,12803363
2026-07-08T23:12:21.565464,2026-07-08T23:12:21.573215+00:00,140.6,200,bid,YieldingYams,WavyWalnuts,12803419
2026-07-08T23:12:24.205912,2026-07-08T23:12:24.209884+00:00,140.6,12,bid,Xuanyu Liu,YieldingYams,12803456
2026-07-08T23:12:25.515482,2026-07-08T23:12:25.520142+00:00,140.5,11,bid,Xuanyu Liu,YieldingYams,12803470
2026-07-08T23:12:26.781390,2026-07-08T23:12:26.788496+00:00,140.5,500,bid,AverageAlmonds,YieldingYams,12803485
2026-07-08T23:12:26.804925,2026-07-08T23:12:26.815048+00:00,140.6,200,bid,YieldingYams,WavyWalnuts,12803486
2026-07-08T23:12:27.446682,2026-07-08T23:12:27.458599+00:00,140.7,200,ask,AverageAlmonds,WavyWalnuts,12803493
2026-07-08T23:12:30.734143,2026-07-08T23:12:30.742732+00:00,140.6,200,ask,WavyWalnuts,YieldingYams,12803537
2026-07-08T23:12:30.734143,2026-07-08T23:12:30.742732+00:00,140.6,425,ask,AverageAlmonds,YieldingYams,12803538
2026-07-08T23:12:31.125704,2026-07-08T23:12:31.133900+00:00,140.7,200,ask,AverageAlmonds,WavyWalnuts,12803543
2026-07-08T23:12:32.055914,2026-07-08T23:12:32.059824+00:00,140.8,12,bid,Xuanyu Liu,YieldingYams,12803561
2026-07-08T23:12:32.336479,2026-07-08T23:12:32.347072+00:00,140.7,200,ask,AverageAlmonds,WavyWalnuts,12803562
2026-07-08T23:12:33.369463,2026-07-08T23:12:33.373068+00:00,140.7,11,bid,Xuanyu Liu,YieldingYams,12803588
2026-07-08T23:12:33.437529,2026-07-08T23:12:33.445790+00:00,140.7,500,bid,AverageAlmonds,YieldingYams,12803590
2026-07-08T23:12:34.133893,2026-07-08T23:12:34.145833+00:00,140.7,2,bid,Ramzy Ramadhani,YieldingYams,12803602
2026-07-08T23:12:34.400045,2026-07-08T23:12:34.411885+00:00,140.7,2,bid,Ramzy Ramadhani,YieldingYams,12803607
2026-07-08T23:12:34.665176,2026-07-08T23:12:34.674250+00:00,140.8,200,bid,YieldingYams,WavyWalnuts,12803613
2026-07-08T23:12:34.939854,2026-07-08T23:12:34.946754+00:00,140.8,4,ask,YieldingYams,Ramzy Ramadhani,12803623
2026-07-08T23:12:37.553337,2026-07-08T23:12:37.569783+00:00,140.9,25,bid,Ramzy Ramadhani,WavyWalnuts,12803662
2026-07-08T23:12:37.557595,2026-07-08T23:12:37.569783+00:00,140.9,2,bid,Ramzy Ramadhani,WavyWalnuts,12803663
2026-07-08T23:12:37.560755,2026-07-08T23:12:37.569783+00:00,140.9,20,bid,Heero Sipayung,WavyWalnuts,12803664
2026-07-08T23:12:37.565651,2026-07-08T23:12:37.569783+00:00,140.9,6,bid,Xuanyu Liu,WavyWalnuts,12803665
2026-07-08T23:12:37.568962,2026-07-08T23:12:37.585391+00:00,140.8,5,ask,YieldingYams,Heero Sipayung,12803666
2026-07-08T23:12:37.827603,2026-07-08T23:12:37.839265+00:00,140.9,2,bid,Ramzy Ramadhani,WavyWalnuts,12803669
2026-07-08T23:12:38.094044,2026-07-08T23:12:38.104724+00:00,140.9,2,bid,Ramzy Ramadhani,WavyWalnuts,12803673
2026-07-08T23:12:38.372456,2026-07-08T23:12:38.384302+00:00,140.9,2,bid,Ramzy Ramadhani,WavyWalnuts,12803679
2026-07-08T23:12:38.595568,2026-07-08T23:12:38.605433+00:00,140.9,200,bid,YieldingYams,WavyWalnuts,12803682
2026-07-08T23:12:38.664990,2026-07-08T23:12:38.676474+00:00,141.3,2,bid,Ramzy Ramadhani,AverageAlmonds,12803683
2026-07-08T23:12:40.253309,2026-07-08T23:12:40.264855+00:00,141.1,2,bid,Ramzy Ramadhani,WavyWalnuts,12803709
2026-07-08T23:12:40.517581,2026-07-08T23:12:40.527163+00:00,141.1,2,bid,Ramzy Ramadhani,WavyWalnuts,12803719
2026-07-08T23:12:40.788929,2026-07-08T23:12:40.800911+00:00,141.1,2,bid,Ramzy Ramadhani,WavyWalnuts,12803721
2026-07-08T23:12:41.056329,2026-07-08T23:12:41.058614+00:00,141.1,2,bid,Ramzy Ramadhani,YieldingYams,12803725
2026-07-08T23:12:41.359003,2026-07-08T23:12:41.369672+00:00,141.0,25,bid,Ramzy Ramadhani,YieldingYams,12803729
2026-07-08T23:12:41.366233,2026-07-08T23:12:41.374876+00:00,141.0,2,bid,Ramzy Ramadhani,YieldingYams,12803730
2026-07-08T23:12:41.390181,2026-07-08T23:12:41.400947+00:00,141.0,20,bid,Heero Sipayung,YieldingYams,12803732
2026-07-08T23:12:41.602232,2026-07-08T23:12:41.612400+00:00,141.0,20,bid,Heero Sipayung,YieldingYams,12803737
2026-07-08T23:12:41.638251,2026-07-08T23:12:41.649987+00:00,141.0,25,bid,Ramzy Ramadhani,YieldingYams,12803739
2026-07-08T23:12:41.642773,2026-07-08T23:12:41.649987+00:00,140.9,2,ask,WavyWalnuts,Ramzy Ramadhani,12803740
2026-07-08T23:12:41.651419,2026-07-08T23:12:41.658583+00:00,140.9,20,ask,WavyWalnuts,BrilliantBurritos,12803741
2026-07-08T23:12:41.907906,2026-07-08T23:12:41.919997+00:00,140.9,2,ask,WavyWalnuts,Ramzy Ramadhani,12803749
2026-07-08T23:12:42.037044,2026-07-08T23:12:42.046989+00:00,141.0,200,bid,WavyWalnuts,YieldingYams,12803751
2026-07-08T23:12:42.420983,2026-07-08T23:12:42.430710+00:00,141.0,20,bid,BrilliantBurritos,YieldingYams,12803762
2026-07-08T23:12:43.832301,2026-07-08T23:12:43.840228+00:00,141.0,200,bid,YieldingYams,WavyWalnuts,12803789
2026-07-08T23:12:43.861750,2026-07-08T23:12:43.865323+00:00,141.1,3,ask,YieldingYams,Xuanyu Liu,12803791
2026-07-08T23:12:44.580528,2026-07-08T23:12:44.587248+00:00,141.1,20,ask,YieldingYams,BrilliantBurritos,12803808
2026-07-08T23:12:46.459645,2026-07-08T23:12:46.463347+00:00,141.0,3,bid,Xuanyu Liu,YieldingYams,12803839
2026-07-08T23:12:46.462392,2026-07-08T23:12:46.478577+00:00,141.0,20,bid,Heero Sipayung,YieldingYams,12803840
2026-07-08T23:12:46.675725,2026-07-08T23:12:46.684793+00:00,141.0,20,bid,Heero Sipayung,YieldingYams,12803846
2026-07-08T23:12:46.702704,2026-07-08T23:12:46.711144+00:00,141.0,25,bid,Ramzy Ramadhani,YieldingYams,12803850
2026-07-08T23:12:46.706475,2026-07-08T23:12:46.716125+00:00,141.0,2,bid,Ramzy Ramadhani,YieldingYams,12803851
2026-07-08T23:12:46.895907,2026-07-08T23:12:46.906925+00:00,141.0,20,bid,Heero Sipayung,YieldingYams,12803856
2026-07-08T23:12:46.973666,2026-07-08T23:12:46.981879+00:00,141.0,25,bid,Ramzy Ramadhani,YieldingYams,12803861
2026-07-08T23:12:47.242462,2026-07-08T23:12:47.254132+00:00,141.0,2,bid,Ramzy Ramadhani,YieldingYams,12803866
2026-07-08T23:12:49.070938,2026-07-08T23:12:49.080624+00:00,141.0,200,bid,YieldingYams,WavyWalnuts,12803890
2026-07-08T23:12:50.355411,2026-07-08T23:12:50.368970+00:00,141.1,20,bid,Heero Sipayung,WavyWalnuts,12803908
2026-07-08T23:12:50.363942,2026-07-08T23:12:50.374097+00:00,141.0,13,ask,YieldingYams,Heero Sipayung,12803909
2026-07-08T23:12:51.753478,2026-07-08T23:12:51.758609+00:00,141.0,2,ask,WavyWalnuts,Ramzy Ramadhani,12803936
2026-07-08T23:12:52.016730,2026-07-08T23:12:52.025698+00:00,141.0,2,ask,WavyWalnuts,Ramzy Ramadhani,12803942
2026-07-08T23:12:52.288074,2026-07-08T23:12:52.297917+00:00,141.0,2,ask,WavyWalnuts,Ramzy Ramadhani,12803945
2026-07-08T23:12:52.553025,2026-07-08T23:12:52.564554+00:00,141.0,2,ask,WavyWalnuts,Ramzy Ramadhani,12803949
2026-07-08T23:12:52.825738,2026-07-08T23:12:52.840744+00:00,141.0,2,ask,WavyWalnuts,Ramzy Ramadhani,12803951
2026-07-08T23:12:55.199979,2026-07-08T23:12:55.209819+00:00,141.0,2,ask,YieldingYams,Ramzy Ramadhani,12803984
2026-07-08T23:12:55.465777,2026-07-08T23:12:55.475226+00:00,141.0,2,ask,YieldingYams,Ramzy Ramadhani,12803994
2026-07-08T23:12:55.619212,2026-07-08T23:12:55.626086+00:00,141.2,200,bid,YieldingYams,WavyWalnuts,12803995
2026-07-08T23:12:55.637359,2026-07-08T23:12:55.641083+00:00,141.2,3,ask,YieldingYams,Xuanyu Liu,12803997
2026-07-08T23:12:55.732433,2026-07-08T23:12:55.744340+00:00,141.2,25,ask,YieldingYams,Ramzy Ramadhani,12803998
2026-07-08T23:12:55.744216,2026-07-08T23:12:55.754570+00:00,141.2,2,ask,YieldingYams,Ramzy Ramadhani,12804000
2026-07-08T23:12:55.780763,2026-07-08T23:12:55.792388+00:00,141.2,20,ask,YieldingYams,Heero Sipayung,12804001
2026-07-08T23:12:55.864285,2026-07-08T23:12:55.873918+00:00,141.2,375,ask,YieldingYams,AverageAlmonds,12804006
2026-07-08T23:12:56.007661,2026-07-08T23:12:56.018631+00:00,141.0,2,ask,WavyWalnuts,Ramzy Ramadhani,12804009
2026-07-08T23:12:56.272561,2026-07-08T23:12:56.282389+00:00,141.0,2,ask,WavyWalnuts,Ramzy Ramadhani,12804016
2026-07-08T23:12:56.592793,2026-07-08T23:12:56.602852+00:00,141.2,20,ask,WavyWalnuts,Heero Sipayung,12804022
2026-07-08T23:12:56.804716,2026-07-08T23:12:56.811413+00:00,141.2,20,ask,WavyWalnuts,Heero Sipayung,12804024
2026-07-08T23:12:56.818789,2026-07-08T23:12:56.826766+00:00,141.2,25,ask,WavyWalnuts,Ramzy Ramadhani,12804026
2026-07-08T23:12:56.935120,2026-07-08T23:12:56.942622+00:00,141.2,135,ask,WavyWalnuts,YieldingYams,12804028
2026-07-08T23:12:57.771091,2026-07-08T23:12:57.779533+00:00,141.1,200,bid,WavyWalnuts,YieldingYams,12804041
2026-07-08T23:13:00.193348,2026-07-08T23:13:00.201824+00:00,141.1,200,bid,WavyWalnuts,YieldingYams,12804068
2026-07-08T23:13:01.412833,2026-07-08T23:13:01.420232+00:00,141.1,200,bid,WavyWalnuts,YieldingYams,12804079
2026-07-08T23:13:03.609427,2026-07-08T23:13:03.621357+00:00,141.1,20,bid,BrilliantBurritos,AverageAlmonds,12804115
2026-07-08T23:13:04.825658,2026-07-08T23:13:04.837178+00:00,141.1,200,bid,YieldingYams,WavyWalnuts,12804128
2026-07-08T23:13:04.825658,2026-07-08T23:13:04.837178+00:00,141.1,425,bid,YieldingYams,AverageAlmonds,12804129
2026-07-08T23:13:06.905644,2026-07-08T23:13:06.917596+00:00,141.1,2,bid,Ramzy Ramadhani,YieldingYams,12804155
2026-07-08T23:13:07.170459,2026-07-08T23:13:07.178779+00:00,141.1,2,bid,Ramzy Ramadhani,YieldingYams,12804159
2026-07-08T23:13:07.442392,2026-07-08T23:13:07.450062+00:00,141.1,2,bid,Ramzy Ramadhani,YieldingYams,12804161
2026-07-08T23:13:07.468693,2026-07-08T23:13:07.477744+00:00,141.1,200,bid,WavyWalnuts,YieldingYams,12804162
2026-07-08T23:13:07.718313,2026-07-08T23:13:07.727827+00:00,141.1,2,bid,Ramzy Ramadhani,YieldingYams,12804165
2026-07-08T23:13:07.987467,2026-07-08T23:13:08.002345+00:00,141.1,2,bid,Ramzy Ramadhani,YieldingYams,12804168
2026-07-08T23:13:08.683080,2026-07-08T23:13:08.694444+00:00,141.1,200,bid,WavyWalnuts,YieldingYams,12804184
2026-07-08T23:13:08.760042,2026-07-08T23:13:08.770577+00:00,141.1,500,bid,YieldingYams,AverageAlmonds,12804187
2026-07-08T23:13:09.179708,2026-07-08T23:13:09.189662+00:00,141.2,125,ask,YieldingYams,AverageAlmonds,12804191
2026-07-08T23:13:09.896031,2026-07-08T23:13:09.907063+00:00,141.1,200,bid,WavyWalnuts,AverageAlmonds,12804202
2026-07-08T23:13:10.108066,2026-07-08T23:13:10.119683+00:00,141.1,2,bid,Ramzy Ramadhani,AverageAlmonds,12804204
2026-07-08T23:13:10.399058,2026-07-08T23:13:10.410857+00:00,141.1,2,bid,Ramzy Ramadhani,AverageAlmonds,12804208
2026-07-08T23:13:10.668318,2026-07-08T23:13:10.675028+00:00,141.1,2,bid,Ramzy Ramadhani,AverageAlmonds,12804215
2026-07-08T23:13:10.937717,2026-07-08T23:13:10.947832+00:00,141.1,2,bid,Ramzy Ramadhani,AverageAlmonds,12804220
2026-07-08T23:13:10.996692,2026-07-08T23:13:11.008047+00:00,141.0,500,ask,YieldingYams,AverageAlmonds,12804221
2026-07-08T23:13:11.109296,2026-07-08T23:13:11.119198+00:00,141.2,200,bid,WavyWalnuts,YieldingYams,12804226
2026-07-08T23:13:11.203254,2026-07-08T23:13:11.215194+00:00,141.2,2,bid,Ramzy Ramadhani,YieldingYams,12804228
2026-07-08T23:13:11.640137,2026-07-08T23:13:11.643950+00:00,141.0,3,bid,Xuanyu Liu,AverageAlmonds,12804235
2026-07-08T23:13:11.737014,2026-07-08T23:13:11.745433+00:00,141.0,25,bid,Ramzy Ramadhani,AverageAlmonds,12804239
2026-07-08T23:13:11.776026,2026-07-08T23:13:11.787565+00:00,141.0,20,bid,Heero Sipayung,AverageAlmonds,12804241
2026-07-08T23:13:11.987369,2026-07-08T23:13:11.998529+00:00,141.0,20,bid,Heero Sipayung,AverageAlmonds,12804244
2026-07-08T23:13:12.321295,2026-07-08T23:13:12.332495+00:00,141.0,200,bid,WavyWalnuts,AverageAlmonds,12804249
2026-07-08T23:13:13.530162,2026-07-08T23:13:13.539761+00:00,140.9,200,bid,WavyWalnuts,AverageAlmonds,12804268
2026-07-08T23:13:14.739082,2026-07-08T23:13:14.746786+00:00,140.9,200,bid,WavyWalnuts,AverageAlmonds,12804281
2026-07-08T23:13:15.601951,2026-07-08T23:13:15.605838+00:00,140.8,3,ask,YieldingYams,Xuanyu Liu,12804295
2026-07-08T23:13:15.607668,2026-07-08T23:13:15.621379+00:00,140.8,20,ask,YieldingYams,Heero Sipayung,12804296
2026-07-08T23:13:15.719427,2026-07-08T23:13:15.731379+00:00,140.8,25,ask,YieldingYams,Ramzy Ramadhani,12804299
2026-07-08T23:13:15.818055,2026-07-08T23:13:15.829519+00:00,140.8,20,ask,YieldingYams,Heero Sipayung,12804303
2026-07-08T23:13:15.946608,2026-07-08T23:13:15.955141+00:00,140.9,200,bid,WavyWalnuts,AverageAlmonds,12804310
2026-07-08T23:13:15.990355,2026-07-08T23:13:16.001908+00:00,140.8,25,ask,YieldingYams,Ramzy Ramadhani,12804312
2026-07-08T23:13:16.028749,2026-07-08T23:13:16.038852+00:00,140.8,20,ask,YieldingYams,Heero Sipayung,12804314
2026-07-08T23:13:16.246594,2026-07-08T23:13:16.263833+00:00,140.8,20,ask,YieldingYams,Heero Sipayung,12804317
2026-07-08T23:13:16.259955,2026-07-08T23:13:16.268865+00:00,140.8,25,ask,YieldingYams,Ramzy Ramadhani,12804319
2026-07-08T23:13:16.267837,2026-07-08T23:13:16.279205+00:00,140.9,2,bid,Ramzy Ramadhani,AverageAlmonds,12804321
2026-07-08T23:13:16.531091,2026-07-08T23:13:16.542836+00:00,140.9,2,bid,Ramzy Ramadhani,AverageAlmonds,12804327
2026-07-08T23:13:16.794821,2026-07-08T23:13:16.802413+00:00,140.9,2,bid,Ramzy Ramadhani,AverageAlmonds,12804330
2026-07-08T23:13:17.065622,2026-07-08T23:13:17.074421+00:00,140.9,2,bid,Ramzy Ramadhani,YieldingYams,12804336
2026-07-08T23:13:17.155412,2026-07-08T23:13:17.163919+00:00,140.9,200,bid,WavyWalnuts,YieldingYams,12804340
2026-07-08T23:13:18.364415,2026-07-08T23:13:18.375029+00:00,140.9,200,bid,WavyWalnuts,AverageAlmonds,12804367
2026-07-08T23:13:19.206496,2026-07-08T23:13:19.218313+00:00,140.8,20,ask,YieldingYams,BrilliantBurritos,12804372
2026-07-08T23:13:19.249170,2026-07-08T23:13:19.258547+00:00,140.9,500,bid,YieldingYams,AverageAlmonds,12804374
2026-07-08T23:13:22.002077,2026-07-08T23:13:22.012675+00:00,140.7,200,ask,YieldingYams,WavyWalnuts,12804420
2026-07-08T23:13:22.912970,2026-07-08T23:13:22.922050+00:00,140.7,20,ask,YieldingYams,BrilliantBurritos,12804437
2026-07-08T23:13:23.211263,2026-07-08T23:13:23.226808+00:00,140.8,200,ask,YieldingYams,WavyWalnuts,12804439
2026-07-08T23:13:28.285532,2026-07-08T23:13:28.297217+00:00,140.8,20,ask,YieldingYams,Heero Sipayung,12804521
2026-07-08T23:13:28.441111,2026-07-08T23:13:28.458655+00:00,140.7,25,ask,WavyWalnuts,Ramzy Ramadhani,12804525
2026-07-08T23:13:28.496416,2026-07-08T23:13:28.508078+00:00,140.7,2,ask,WavyWalnuts,Heero Sipayung,12804528
2026-07-08T23:13:28.712574,2026-07-08T23:13:28.724340+00:00,140.7,25,ask,WavyWalnuts,Ramzy Ramadhani,12804533
2026-07-08T23:13:28.730135,2026-07-08T23:13:28.739899+00:00,140.9,2,bid,Ramzy Ramadhani,WavyWalnuts,12804535
2026-07-08T23:13:28.995382,2026-07-08T23:13:29.007163+00:00,140.9,2,bid,Ramzy Ramadhani,WavyWalnuts,12804540
2026-07-08T23:13:29.260697,2026-07-08T23:13:29.267731+00:00,140.9,2,bid,Ramzy Ramadhani,WavyWalnuts,12804544
2026-07-08T23:13:29.528483,2026-07-08T23:13:29.540454+00:00,140.9,2,bid,Ramzy Ramadhani,WavyWalnuts,12804548
2026-07-08T23:13:29.819546,2026-07-08T23:13:29.854188+00:00,140.9,2,bid,Ramzy Ramadhani,WavyWalnuts,12804552
2026-07-08T23:13:31.331448,2026-07-08T23:13:31.342133+00:00,141.0,20,bid,BrilliantBurritos,WavyWalnuts,12804587
2026-07-08T23:13:34.025108,2026-07-08T23:13:34.033393+00:00,140.9,500,ask,YieldingYams,AverageAlmonds,12804629
2026-07-08T23:13:34.618972,2026-07-08T23:13:34.628270+00:00,140.9,125,ask,YieldingYams,AverageAlmonds,12804644
2026-07-08T23:13:35.384769,2026-07-08T23:13:35.394757+00:00,140.8,200,bid,WavyWalnuts,YieldingYams,12804653
2026-07-08T23:13:35.771099,2026-07-08T23:13:35.782473+00:00,140.8,2,bid,Ramzy Ramadhani,YieldingYams,12804665
2026-07-08T23:13:36.036675,2026-07-08T23:13:36.047476+00:00,140.8,2,bid,Ramzy Ramadhani,YieldingYams,12804673
2026-07-08T23:13:36.302312,2026-07-08T23:13:36.314017+00:00,140.9,2,bid,Ramzy Ramadhani,AverageAlmonds,12804676
2026-07-08T23:13:36.346282,2026-07-08T23:13:36.357882+00:00,140.7,20,ask,YieldingYams,BrilliantBurritos,12804677
2026-07-08T23:13:36.567452,2026-07-08T23:13:36.579046+00:00,140.7,21,ask,YieldingYams,Ramzy Ramadhani,12804680
2026-07-08T23:13:37.806758,2026-07-08T23:13:37.821058+00:00,140.8,200,bid,WavyWalnuts,AverageAlmonds,12804704
2026-07-08T23:13:41.522076,2026-07-08T23:13:41.531720+00:00,140.8,500,bid,YieldingYams,AverageAlmonds,12804771
2026-07-08T23:13:41.909765,2026-07-08T23:13:41.916441+00:00,140.8,125,ask,YieldingYams,AverageAlmonds,12804775
2026-07-08T23:13:43.884678,2026-07-08T23:13:43.958616+00:00,140.6,200,bid,WavyWalnuts,YieldingYams,12804804
2026-07-08T23:13:46.313944,2026-07-08T23:13:46.320766+00:00,140.6,200,ask,YieldingYams,WavyWalnuts,12804820
2026-07-08T23:13:47.346843,2026-07-08T23:13:47.353528+00:00,140.6,500,ask,YieldingYams,AverageAlmonds,12804832
2026-07-08T23:13:47.529663,2026-07-08T23:13:47.539085+00:00,140.6,125,ask,YieldingYams,WavyWalnuts,12804838
2026-07-08T23:13:50.415483,2026-07-08T23:13:50.419075+00:00,140.2,14,ask,YieldingYams,Xuanyu Liu,12804881
2026-07-08T23:13:50.701051,2026-07-08T23:13:50.705364+00:00,140.3,12,ask,YieldingYams,Xuanyu Liu,12804886
2026-07-08T23:13:50.994103,2026-07-08T23:13:51.008421+00:00,140.4,20,bid,BrilliantBurritos,WavyWalnuts,12804892
2026-07-08T23:13:51.156042,2026-07-08T23:13:51.164071+00:00,140.3,200,ask,YieldingYams,WavyWalnuts,12804895
2026-07-08T23:13:55.864276,2026-07-08T23:13:55.874230+00:00,140.3,20,bid,BrilliantBurritos,YieldingYams,12804937
2026-07-08T23:13:57.642479,2026-07-08T23:13:57.654287+00:00,140.2,500,ask,YieldingYams,AverageAlmonds,12804956
2026-07-08T23:13:58.235030,2026-07-08T23:13:58.245062+00:00,140.2,125,ask,YieldingYams,AverageAlmonds,12804971
2026-07-08T23:13:59.618932,2026-07-08T23:13:59.627309+00:00,140.2,200,bid,WavyWalnuts,AverageAlmonds,12804992
2026-07-08T23:14:00.827927,2026-07-08T23:14:00.835503+00:00,140.1,200,bid,WavyWalnuts,YieldingYams,12805008
2026-07-08T23:14:09.077096,2026-07-08T23:14:09.083765+00:00,140.0,200,ask,WavyWalnuts,YieldingYams,12805132
2026-07-08T23:14:09.296526,2026-07-08T23:14:09.303001+00:00,139.9,200,bid,WavyWalnuts,YieldingYams,12805137
2026-07-08T23:14:11.713081,2026-07-08T23:14:11.721648+00:00,140.1,200,bid,WavyWalnuts,YieldingYams,12805168
2026-07-08T23:14:15.618714,2026-07-08T23:14:15.626528+00:00,140.2,200,bid,YieldingYams,WavyWalnuts,12805225
2026-07-08T23:14:17.756482,2026-07-08T23:14:17.758565+00:00,140.4,20,bid,BrilliantBurritos,WavyWalnuts,12805249
2026-07-08T23:14:20.897331,2026-07-08T23:14:20.909006+00:00,140.2,20,bid,BrilliantBurritos,WavyWalnuts,12805293
2026-07-08T23:14:22.191869,2026-07-08T23:14:22.214023+00:00,140.2,200,bid,YieldingYams,WavyWalnuts,12805308
2026-07-08T23:14:22.209725,2026-07-08T23:14:22.214023+00:00,140.2,11,ask,YieldingYams,Xuanyu Liu,12805310
2026-07-08T23:14:24.812238,2026-07-08T23:14:24.822831+00:00,140.2,200,bid,YieldingYams,WavyWalnuts,12805356
2026-07-08T23:14:26.254119,2026-07-08T23:14:26.258587+00:00,140.4,200,bid,WavyWalnuts,YieldingYams,12805377
2026-07-08T23:14:26.289914,2026-07-08T23:14:26.298189+00:00,140.4,20,bid,BrilliantBurritos,YieldingYams,12805379
2026-07-08T23:14:31.559637,2026-07-08T23:14:31.568898+00:00,140.4,500,ask,YieldingYams,AverageAlmonds,12805452
2026-07-08T23:14:32.151079,2026-07-08T23:14:32.163823+00:00,140.4,125,ask,YieldingYams,AverageAlmonds,12805460
2026-07-08T23:14:32.675706,2026-07-08T23:14:32.683163+00:00,140.2,200,ask,WavyWalnuts,YieldingYams,12805467
2026-07-08T23:14:32.694266,2026-07-08T23:14:32.698649+00:00,140.2,4,bid,Xuanyu Liu,YieldingYams,12805469
2026-07-08T23:14:34.710471,2026-07-08T23:14:34.714811+00:00,140.1,38,ask,WavyWalnuts,Xuanyu Liu,12805497
2026-07-08T23:14:34.757364,2026-07-08T23:14:34.761096+00:00,140.2,12,ask,WavyWalnuts,Xuanyu Liu,12805500
2026-07-08T23:14:35.177719,2026-07-08T23:14:35.186189+00:00,140.2,188,ask,WavyWalnuts,AverageAlmonds,12805505
2026-07-08T23:14:35.948635,2026-07-08T23:14:35.958675+00:00,140.3,200,bid,WavyWalnuts,YieldingYams,12805511
2026-07-08T23:14:36.435319,2026-07-08T23:14:36.439364+00:00,140.3,12,bid,Xuanyu Liu,YieldingYams,12805527
2026-07-08T23:14:40.785012,2026-07-08T23:14:40.791994+00:00,140.2,200,ask,YieldingYams,WavyWalnuts,12805592
2026-07-08T23:14:40.980446,2026-07-08T23:14:40.985244+00:00,140.3,45,bid,Xuanyu Liu,AverageAlmonds,12805599
2026-07-08T23:14:42.692615,2026-07-08T23:14:42.703921+00:00,140.3,2,bid,Ramzy Ramadhani,YieldingYams,12805623
2026-07-08T23:14:42.959250,2026-07-08T23:14:42.971168+00:00,140.1,2,ask,YieldingYams,Ramzy Ramadhani,12805624
2026-07-08T23:14:47.099901,2026-07-08T23:14:47.104344+00:00,140.1,12,bid,Xuanyu Liu,YieldingYams,12805678
2026-07-08T23:14:50.476730,2026-07-08T23:14:50.485465+00:00,140.1,200,ask,YieldingYams,WavyWalnuts,12805719
2026-07-08T23:14:55.411716,2026-07-08T23:14:55.419594+00:00,140.1,20,bid,BrilliantBurritos,YieldingYams,12805795
2026-07-08T23:14:56.243371,2026-07-08T23:14:56.254521+00:00,140.1,200,bid,YieldingYams,WavyWalnuts,12805805
2026-07-08T23:14:56.265213,2026-07-08T23:14:56.269903+00:00,140.1,23,ask,YieldingYams,Xuanyu Liu,12805807
2026-07-08T23:14:57.745963,2026-07-08T23:14:57.749864+00:00,140.2,11,bid,Xuanyu Liu,WavyWalnuts,12805827
2026-07-08T23:15:00.631346,2026-07-08T23:15:00.640767+00:00,140.1,500,ask,YieldingYams,AverageAlmonds,12805865
2026-07-08T23:15:01.229537,2026-07-08T23:15:01.239858+00:00,140.1,125,ask,YieldingYams,AverageAlmonds,12805876
