timestamp,recv_time,price,volume,aggressor_side,buyer,seller,trade_id
2026-07-08T18:00:07.729563,2026-07-08T18:00:07.740444+00:00,152.0,200,ask,WavyWalnuts,YieldingYams,12528976
2026-07-08T18:00:09.067512,2026-07-08T18:00:09.071118+00:00,151.9,3,bid,Xuanyu Liu,YieldingYams,12528993
2026-07-08T18:00:11.085668,2026-07-08T18:00:11.092585+00:00,151.9,200,bid,AverageAlmonds,WavyWalnuts,12529026
2026-07-08T18:00:11.726655,2026-07-08T18:00:11.740631+00:00,151.9,20,ask,WavyWalnuts,BrilliantBurritos,12529030
2026-07-08T18:00:15.605010,2026-07-08T18:00:15.631865+00:00,151.9,200,ask,WavyWalnuts,YieldingYams,12529089
2026-07-08T18:00:15.627399,2026-07-08T18:00:15.631865+00:00,151.9,3,bid,Xuanyu Liu,YieldingYams,12529093
2026-07-08T18:00:15.931588,2026-07-08T18:00:15.939247+00:00,151.9,422,bid,AverageAlmonds,YieldingYams,12529098
2026-07-08T18:00:16.552954,2026-07-08T18:00:16.558624+00:00,151.9,20,ask,WavyWalnuts,BrilliantBurritos,12529108
2026-07-08T18:00:17.811155,2026-07-08T18:00:17.819140+00:00,152.2,20,bid,BrilliantBurritos,YieldingYams,12529130
2026-07-08T18:00:20.911373,2026-07-08T18:00:20.923421+00:00,152.2,20,bid,BrilliantBurritos,YieldingYams,12529175
2026-07-08T18:00:23.989767,2026-07-08T18:00:24.001471+00:00,152.2,20,ask,WavyWalnuts,BrilliantBurritos,12529220
2026-07-08T18:00:24.038932,2026-07-08T18:00:24.043457+00:00,152.4,11,bid,Xuanyu Liu,WavyWalnuts,12529222
2026-07-08T18:00:25.049006,2026-07-08T18:00:25.058662+00:00,152.3,500,ask,YieldingYams,AverageAlmonds,12529236
2026-07-08T18:00:25.512151,2026-07-08T18:00:25.519131+00:00,152.3,20,ask,YieldingYams,BrilliantBurritos,12529240
2026-07-08T18:00:25.645348,2026-07-08T18:00:25.670936+00:00,152.3,105,ask,YieldingYams,AverageAlmonds,12529241
2026-07-08T18:00:25.667190,2026-07-08T18:00:25.670936+00:00,152.3,12,bid,Xuanyu Liu,AverageAlmonds,12529243
2026-07-08T18:00:26.911185,2026-07-08T18:00:26.927990+00:00,152.3,200,bid,WavyWalnuts,YieldingYams,12529263
2026-07-08T18:00:28.123825,2026-07-08T18:00:28.133796+00:00,152.3,200,bid,WavyWalnuts,YieldingYams,12529275
2026-07-08T18:00:29.336354,2026-07-08T18:00:29.344655+00:00,152.3,200,bid,WavyWalnuts,AverageAlmonds,12529291
2026-07-08T18:00:29.896150,2026-07-08T18:00:29.906721+00:00,152.2,500,ask,YieldingYams,AverageAlmonds,12529300
2026-07-08T18:00:30.543881,2026-07-08T18:00:30.553977+00:00,152.2,200,bid,WavyWalnuts,YieldingYams,12529310
2026-07-08T18:00:31.752585,2026-07-08T18:00:31.758564+00:00,152.3,200,bid,WavyWalnuts,YieldingYams,12529320
2026-07-08T18:00:32.665024,2026-07-08T18:00:32.668890+00:00,152.2,12,ask,YieldingYams,Xuanyu Liu,12529329
2026-07-08T18:00:32.961636,2026-07-08T18:00:32.969385+00:00,152.4,200,bid,WavyWalnuts,AverageAlmonds,12529341
2026-07-08T18:00:33.470652,2026-07-08T18:00:33.474200+00:00,152.4,12,bid,Xuanyu Liu,AverageAlmonds,12529349
2026-07-08T18:00:33.979314,2026-07-08T18:00:33.991318+00:00,152.3,20,ask,YieldingYams,BrilliantBurritos,12529355
2026-07-08T18:00:37.158491,2026-07-08T18:00:37.169009+00:00,152.5,500,ask,YieldingYams,AverageAlmonds,12529401
2026-07-08T18:00:37.752880,2026-07-08T18:00:37.755544+00:00,152.5,125,ask,YieldingYams,AverageAlmonds,12529414
2026-07-08T18:00:37.752880,2026-07-08T18:00:37.755544+00:00,152.5,200,ask,WavyWalnuts,AverageAlmonds,12529415
2026-07-08T18:00:37.778015,2026-07-08T18:00:37.782380+00:00,152.4,23,bid,Xuanyu Liu,AverageAlmonds,12529417
2026-07-08T18:00:37.916357,2026-07-08T18:00:37.926685+00:00,152.4,152,bid,YieldingYams,AverageAlmonds,12529421
2026-07-08T18:00:38.356077,2026-07-08T18:00:38.364015+00:00,152.4,473,ask,YieldingYams,AverageAlmonds,12529423
2026-07-08T18:00:39.231555,2026-07-08T18:00:39.255745+00:00,152.3,200,ask,WavyWalnuts,YieldingYams,12529434
2026-07-08T18:00:39.251389,2026-07-08T18:00:39.255745+00:00,152.3,11,bid,Xuanyu Liu,YieldingYams,12529436
2026-07-08T18:00:39.864825,2026-07-08T18:00:39.868736+00:00,152.0,23,ask,YieldingYams,Xuanyu Liu,12529448
2026-07-08T18:00:41.464583,2026-07-08T18:00:41.474713+00:00,152.3,200,bid,WavyWalnuts,YieldingYams,12529467
2026-07-08T18:00:42.676211,2026-07-08T18:00:42.684401+00:00,152.3,200,bid,WavyWalnuts,YieldingYams,12529478
2026-07-08T18:00:44.423774,2026-07-08T18:00:44.434073+00:00,152.2,200,ask,WavyWalnuts,AverageAlmonds,12529505
2026-07-08T18:00:44.475386,2026-07-08T18:00:44.486390+00:00,152.1,300,bid,YieldingYams,AverageAlmonds,12529509
2026-07-08T18:00:45.022061,2026-07-08T18:00:45.032070+00:00,152.1,325,ask,YieldingYams,AverageAlmonds,12529515
2026-07-08T18:00:45.627237,2026-07-08T18:00:45.633733+00:00,152.0,200,ask,WavyWalnuts,AverageAlmonds,12529520
2026-07-08T18:00:45.647176,2026-07-08T18:00:45.650888+00:00,152.0,12,bid,Xuanyu Liu,AverageAlmonds,12529522
2026-07-08T18:00:47.186690,2026-07-08T18:00:47.198294+00:00,152.0,20,bid,BrilliantBurritos,AverageAlmonds,12529545
2026-07-08T18:00:49.278064,2026-07-08T18:00:49.287723+00:00,151.8,500,ask,YieldingYams,AverageAlmonds,12529564
2026-07-08T18:00:49.741734,2026-07-08T18:00:49.745462+00:00,151.9,11,bid,Xuanyu Liu,YieldingYams,12529571
2026-07-08T18:00:49.892134,2026-07-08T18:00:49.896061+00:00,151.8,11,bid,Xuanyu Liu,AverageAlmonds,12529575
2026-07-08T18:00:51.159411,2026-07-08T18:00:51.169254+00:00,151.6,200,ask,YieldingYams,WavyWalnuts,12529588
2026-07-08T18:00:51.444852,2026-07-08T18:00:51.458580+00:00,151.7,20,bid,BrilliantBurritos,AverageAlmonds,12529594
2026-07-08T18:00:52.254437,2026-07-08T18:00:52.266172+00:00,151.7,20,bid,BrilliantBurritos,AverageAlmonds,12529604
2026-07-08T18:00:52.355242,2026-07-08T18:00:52.358607+00:00,151.7,500,bid,YieldingYams,AverageAlmonds,12529605
2026-07-08T18:00:52.371079,2026-07-08T18:00:52.379962+00:00,151.8,125,ask,YieldingYams,WavyWalnuts,12529607
2026-07-08T18:00:52.514898,2026-07-08T18:00:52.519259+00:00,151.5,11,ask,WavyWalnuts,Xuanyu Liu,12529610
2026-07-08T18:00:53.601330,2026-07-08T18:00:53.605665+00:00,151.6,11,ask,WavyWalnuts,Xuanyu Liu,12529627
2026-07-08T18:00:54.800467,2026-07-08T18:00:54.808484+00:00,151.7,200,bid,WavyWalnuts,YieldingYams,12529647
2026-07-08T18:00:56.007063,2026-07-08T18:00:56.017967+00:00,151.6,200,bid,WavyWalnuts,YieldingYams,12529663
2026-07-08T18:00:57.618026,2026-07-08T18:00:57.621690+00:00,151.7,12,ask,YieldingYams,Xuanyu Liu,12529692
2026-07-08T18:00:57.873579,2026-07-08T18:00:57.880818+00:00,151.8,20,bid,BrilliantBurritos,WavyWalnuts,12529702
2026-07-08T18:00:58.423480,2026-07-08T18:00:58.434651+00:00,151.7,200,ask,YieldingYams,WavyWalnuts,12529707
2026-07-08T18:00:58.918711,2026-07-08T18:00:58.928045+00:00,151.8,500,bid,YieldingYams,AverageAlmonds,12529712
2026-07-08T18:00:58.941811,2026-07-08T18:00:58.949064+00:00,151.9,125,ask,YieldingYams,AverageAlmonds,12529713
2026-07-08T18:01:00.837337,2026-07-08T18:01:00.844488+00:00,151.7,200,bid,WavyWalnuts,AverageAlmonds,12529738
2026-07-08T18:01:02.048905,2026-07-08T18:01:02.063995+00:00,151.7,200,bid,WavyWalnuts,AverageAlmonds,12529757
2026-07-08T18:01:03.212554,2026-07-08T18:01:03.222044+00:00,151.7,20,ask,YieldingYams,BrilliantBurritos,12529775
2026-07-08T18:01:05.683861,2026-07-08T18:01:05.698134+00:00,151.7,200,bid,WavyWalnuts,YieldingYams,12529806
2026-07-08T18:01:06.895699,2026-07-08T18:01:06.907349+00:00,151.6,200,bid,WavyWalnuts,AverageAlmonds,12529816
2026-07-08T18:01:08.122238,2026-07-08T18:01:08.129419+00:00,151.6,500,bid,YieldingYams,AverageAlmonds,12529827
2026-07-08T18:01:08.645157,2026-07-08T18:01:08.658692+00:00,151.7,125,ask,YieldingYams,AverageAlmonds,12529844
2026-07-08T18:01:09.253920,2026-07-08T18:01:09.261342+00:00,151.5,200,ask,WavyWalnuts,AverageAlmonds,12529847
2026-07-08T18:01:09.262058,2026-07-08T18:01:09.277127+00:00,150.6,20,ask,AverageAlmonds,BrilliantBurritos,12529848
2026-07-08T18:01:20.156288,2026-07-08T18:01:20.163614+00:00,151.5,200,ask,WavyWalnuts,AverageAlmonds,12530010
2026-07-08T18:01:20.512616,2026-07-08T18:01:20.516625+00:00,151.4,23,ask,YieldingYams,Xuanyu Liu,12530015
2026-07-08T18:01:20.762884,2026-07-08T18:01:20.774282+00:00,151.4,500,ask,YieldingYams,AverageAlmonds,12530016
2026-07-08T18:01:21.224196,2026-07-08T18:01:21.236048+00:00,151.4,200,ask,WavyWalnuts,YieldingYams,12530023
2026-07-08T18:01:23.174067,2026-07-08T18:01:23.184617+00:00,151.3,500,ask,YieldingYams,AverageAlmonds,12530055
2026-07-08T18:01:23.769717,2026-07-08T18:01:23.777139+00:00,151.3,125,ask,YieldingYams,AverageAlmonds,12530058
2026-07-08T18:01:23.769717,2026-07-08T18:01:23.782397+00:00,151.3,200,ask,WavyWalnuts,AverageAlmonds,12530059
2026-07-08T18:01:23.838474,2026-07-08T18:01:23.850307+00:00,151.3,175,bid,WavyWalnuts,AverageAlmonds,12530060
2026-07-08T18:01:23.853235,2026-07-08T18:01:23.860780+00:00,151.3,25,ask,WavyWalnuts,YieldingYams,12530061
2026-07-08T18:01:23.872083,2026-07-08T18:01:23.875910+00:00,151.1,12,bid,Xuanyu Liu,YieldingYams,12530063
2026-07-08T18:01:24.190697,2026-07-08T18:01:24.195337+00:00,150.9,12,ask,YieldingYams,Xuanyu Liu,12530068
2026-07-08T18:01:26.838007,2026-07-08T18:01:26.841395+00:00,151.1,14,ask,WavyWalnuts,Xuanyu Liu,12530111
2026-07-08T18:01:27.355072,2026-07-08T18:01:27.359313+00:00,151.3,3,bid,Xuanyu Liu,YieldingYams,12530117
2026-07-08T18:01:27.801396,2026-07-08T18:01:27.822352+00:00,151.2,200,ask,WavyWalnuts,YieldingYams,12530126
2026-07-08T18:01:27.818459,2026-07-08T18:01:27.822352+00:00,151.1,23,bid,Xuanyu Liu,YieldingYams,12530128
2026-07-08T18:01:28.689783,2026-07-08T18:01:28.700667+00:00,151.1,200,bid,WavyWalnuts,YieldingYams,12530141
2026-07-08T18:01:32.175447,2026-07-08T18:01:32.187218+00:00,151.1,20,ask,WavyWalnuts,BrilliantBurritos,12530194
2026-07-08T18:01:33.702072,2026-07-08T18:01:33.706218+00:00,151.0,26,ask,YieldingYams,Xuanyu Liu,12530216
2026-07-08T18:01:34.348507,2026-07-08T18:01:34.356192+00:00,151.1,200,bid,YieldingYams,WavyWalnuts,12530221
2026-07-08T18:01:34.348507,2026-07-08T18:01:34.356192+00:00,151.1,425,bid,YieldingYams,AverageAlmonds,12530222
2026-07-08T18:01:35.664860,2026-07-08T18:01:35.673169+00:00,151.0,20,bid,BrilliantBurritos,AverageAlmonds,12530238
2026-07-08T18:01:36.525783,2026-07-08T18:01:36.533201+00:00,150.9,500,ask,YieldingYams,AverageAlmonds,12530249
2026-07-08T18:01:39.596258,2026-07-08T18:01:39.603099+00:00,150.9,200,bid,WavyWalnuts,AverageAlmonds,12530284
2026-07-08T18:01:40.804530,2026-07-08T18:01:40.813960+00:00,150.8,200,bid,WavyWalnuts,AverageAlmonds,12530304
2026-07-08T18:01:41.487952,2026-07-08T18:01:41.500009+00:00,150.8,20,bid,BrilliantBurritos,AverageAlmonds,12530312
2026-07-08T18:01:42.206981,2026-07-08T18:01:42.214609+00:00,150.8,500,bid,YieldingYams,AverageAlmonds,12530321
2026-07-08T18:01:42.588089,2026-07-08T18:01:42.599511+00:00,150.8,125,ask,YieldingYams,AverageAlmonds,12530328
2026-07-08T18:01:43.519419,2026-07-08T18:01:43.530694+00:00,150.7,200,ask,WavyWalnuts,YieldingYams,12530346
2026-07-08T18:01:50.506624,2026-07-08T18:01:50.516173+00:00,150.6,200,ask,YieldingYams,WavyWalnuts,12530461
2026-07-08T18:01:52.290744,2026-07-08T18:01:52.302635+00:00,150.5,20,ask,WavyWalnuts,BrilliantBurritos,12530482
2026-07-08T18:01:52.697742,2026-07-08T18:01:52.708761+00:00,150.5,180,ask,WavyWalnuts,YieldingYams,12530489
2026-07-08T18:01:52.925108,2026-07-08T18:01:52.939168+00:00,150.4,200,bid,WavyWalnuts,YieldingYams,12530493
2026-07-08T18:01:54.134708,2026-07-08T18:01:54.143625+00:00,150.5,200,bid,WavyWalnuts,YieldingYams,12530509
2026-07-08T18:01:56.648324,2026-07-08T18:01:56.657933+00:00,150.5,200,bid,YieldingYams,WavyWalnuts,12530538
2026-07-08T18:01:57.959425,2026-07-08T18:01:57.971153+00:00,150.6,200,bid,YieldingYams,WavyWalnuts,12530559
2026-07-08T18:01:58.951826,2026-07-08T18:01:58.955651+00:00,150.8,3,bid,Xuanyu Liu,YieldingYams,12530576
2026-07-08T18:02:00.188969,2026-07-08T18:02:00.200507+00:00,150.8,200,bid,WavyWalnuts,YieldingYams,12530592
2026-07-08T18:02:01.898186,2026-07-08T18:02:01.904981+00:00,150.9,500,bid,YieldingYams,AverageAlmonds,12530612
2026-07-08T18:02:01.898186,2026-07-08T18:02:01.910220+00:00,150.9,125,bid,YieldingYams,WavyWalnuts,12530613
2026-07-08T18:02:02.113862,2026-07-08T18:02:02.117800+00:00,150.8,11,bid,Xuanyu Liu,AverageAlmonds,12530622
2026-07-08T18:02:02.583762,2026-07-08T18:02:02.592947+00:00,150.7,200,ask,WavyWalnuts,AverageAlmonds,12530626
2026-07-08T18:02:02.610748,2026-07-08T18:02:02.614307+00:00,150.7,12,bid,Xuanyu Liu,AverageAlmonds,12530629
2026-07-08T18:02:04.518561,2026-07-08T18:02:04.527023+00:00,150.7,200,bid,YieldingYams,WavyWalnuts,12530657
2026-07-08T18:02:04.518561,2026-07-08T18:02:04.527023+00:00,150.7,425,bid,YieldingYams,AverageAlmonds,12530658
2026-07-08T18:02:05.329767,2026-07-08T18:02:05.333966+00:00,150.6,12,ask,WavyWalnuts,Xuanyu Liu,12530669
2026-07-08T18:02:07.138226,2026-07-08T18:02:07.146449+00:00,150.9,200,bid,WavyWalnuts,AverageAlmonds,12530690
2026-07-08T18:02:07.138226,2026-07-08T18:02:07.146449+00:00,150.9,425,bid,YieldingYams,AverageAlmonds,12530691
2026-07-08T18:02:07.460039,2026-07-08T18:02:07.469370+00:00,150.9,200,bid,YieldingYams,WavyWalnuts,12530700
2026-07-08T18:02:07.930172,2026-07-08T18:02:07.942044+00:00,150.0,20,ask,AverageAlmonds,BrilliantBurritos,12530706
2026-07-08T18:02:12.307694,2026-07-08T18:02:12.318590+00:00,150.5,200,ask,YieldingYams,WavyWalnuts,12530765
2026-07-08T18:02:18.984595,2026-07-08T18:02:18.994918+00:00,150.4,200,ask,WavyWalnuts,YieldingYams,12530864
2026-07-08T18:02:19.009195,2026-07-08T18:02:19.018370+00:00,150.4,12,bid,Xuanyu Liu,YieldingYams,12530867
2026-07-08T18:02:21.610316,2026-07-08T18:02:21.618946+00:00,150.5,200,bid,YieldingYams,WavyWalnuts,12530890
2026-07-08T18:02:21.953292,2026-07-08T18:02:21.962640+00:00,150.6,425,ask,YieldingYams,AverageAlmonds,12530900
2026-07-08T18:02:24.229159,2026-07-08T18:02:24.239340+00:00,150.4,200,ask,WavyWalnuts,YieldingYams,12530925
2026-07-08T18:02:26.347646,2026-07-08T18:02:26.355155+00:00,150.2,20,ask,WavyWalnuts,BrilliantBurritos,12530961
2026-07-08T18:02:26.862885,2026-07-08T18:02:26.875151+00:00,150.4,200,ask,WavyWalnuts,YieldingYams,12530965
2026-07-08T18:02:28.171145,2026-07-08T18:02:28.178791+00:00,150.4,200,bid,YieldingYams,WavyWalnuts,12530981
2026-07-08T18:02:29.278927,2026-07-08T18:02:29.289137+00:00,150.4,200,ask,YieldingYams,WavyWalnuts,12530995
2026-07-08T18:02:30.486478,2026-07-08T18:02:30.494459+00:00,150.3,200,bid,WavyWalnuts,YieldingYams,12531009
2026-07-08T18:02:32.102211,2026-07-08T18:02:32.113352+00:00,150.3,200,ask,WavyWalnuts,YieldingYams,12531030
2026-07-08T18:02:33.765366,2026-07-08T18:02:33.769544+00:00,150.3,11,bid,Xuanyu Liu,YieldingYams,12531045
2026-07-08T18:02:34.118780,2026-07-08T18:02:34.129898+00:00,150.3,200,bid,WavyWalnuts,YieldingYams,12531053
2026-07-08T18:02:36.091626,2026-07-08T18:02:36.103739+00:00,150.3,20,ask,YieldingYams,BrilliantBurritos,12531071
2026-07-08T18:02:36.542061,2026-07-08T18:02:36.552957+00:00,150.3,200,ask,YieldingYams,WavyWalnuts,12531086
2026-07-08T18:02:37.407824,2026-07-08T18:02:37.419776+00:00,150.4,20,bid,BrilliantBurritos,YieldingYams,12531093
2026-07-08T18:02:37.764717,2026-07-08T18:02:37.768547+00:00,150.3,12,bid,Xuanyu Liu,WavyWalnuts,12531101
2026-07-08T18:02:38.959076,2026-07-08T18:02:38.969359+00:00,150.2,200,ask,YieldingYams,WavyWalnuts,12531118
2026-07-08T18:02:40.430374,2026-07-08T18:02:40.442255+00:00,150.1,20,ask,YieldingYams,BrilliantBurritos,12531142
2026-07-08T18:02:41.285324,2026-07-08T18:02:41.289311+00:00,150.1,11,bid,Xuanyu Liu,YieldingYams,12531155
2026-07-08T18:02:45.665998,2026-07-08T18:02:45.675980+00:00,150.2,20,bid,BrilliantBurritos,YieldingYams,12531214
2026-07-08T18:02:46.447514,2026-07-08T18:02:46.454178+00:00,150.2,20,bid,BrilliantBurritos,YieldingYams,12531227
2026-07-08T18:02:46.483254,2026-07-08T18:02:46.487283+00:00,150.0,23,ask,WavyWalnuts,Xuanyu Liu,12531230
2026-07-08T18:02:48.661180,2026-07-08T18:02:48.669043+00:00,150.1,200,bid,WavyWalnuts,YieldingYams,12531272
2026-07-08T18:02:49.169492,2026-07-08T18:02:49.180737+00:00,150.1,20,bid,BrilliantBurritos,YieldingYams,12531276
2026-07-08T18:02:49.868321,2026-07-08T18:02:49.879333+00:00,150.1,200,bid,WavyWalnuts,YieldingYams,12531285
2026-07-08T18:02:53.086338,2026-07-08T18:02:53.094092+00:00,150.2,200,bid,YieldingYams,WavyWalnuts,12531328
2026-07-08T18:02:57.016996,2026-07-08T18:02:57.028274+00:00,150.3,200,bid,YieldingYams,WavyWalnuts,12531377
2026-07-08T18:02:58.328331,2026-07-08T18:02:58.337374+00:00,150.3,200,ask,WavyWalnuts,YieldingYams,12531405
2026-07-08T18:02:58.735592,2026-07-08T18:02:58.747424+00:00,150.2,20,bid,BrilliantBurritos,YieldingYams,12531414
2026-07-08T18:02:59.574776,2026-07-08T18:02:59.585877+00:00,150.2,200,bid,WavyWalnuts,YieldingYams,12531421
2026-07-08T18:03:00.964556,2026-07-08T18:03:00.974647+00:00,150.1,200,bid,YieldingYams,WavyWalnuts,12531445
2026-07-08T18:03:03.137602,2026-07-08T18:03:03.147312+00:00,150.2,200,bid,AverageAlmonds,WavyWalnuts,12531477
2026-07-08T18:03:03.168338,2026-07-08T18:03:03.172555+00:00,150.2,11,ask,AverageAlmonds,Xuanyu Liu,12531479
2026-07-08T18:03:04.419999,2026-07-08T18:03:04.431085+00:00,150.3,200,bid,WavyWalnuts,YieldingYams,12531502
2026-07-08T18:03:05.626815,2026-07-08T18:03:05.636372+00:00,150.4,200,bid,WavyWalnuts,YieldingYams,12531511
2026-07-08T18:03:08.236638,2026-07-08T18:03:08.248345+00:00,150.4,20,bid,BrilliantBurritos,YieldingYams,12531550
2026-07-08T18:03:08.830787,2026-07-08T18:03:08.839287+00:00,150.3,200,ask,WavyWalnuts,YieldingYams,12531566
2026-07-08T18:03:10.140651,2026-07-08T18:03:10.146512+00:00,150.2,200,bid,YieldingYams,WavyWalnuts,12531577
2026-07-08T18:03:10.461670,2026-07-08T18:03:10.468986+00:00,150.3,200,ask,YieldingYams,WavyWalnuts,12531588
2026-07-08T18:03:14.970192,2026-07-08T18:03:14.974549+00:00,150.2,23,ask,AverageAlmonds,Xuanyu Liu,12531666
2026-07-08T18:03:15.246991,2026-07-08T18:03:15.255096+00:00,150.3,500,bid,AverageAlmonds,YieldingYams,12531667
2026-07-08T18:03:15.403107,2026-07-08T18:03:15.407065+00:00,150.3,3,ask,YieldingYams,Xuanyu Liu,12531670
2026-07-08T18:03:16.613689,2026-07-08T18:03:16.625491+00:00,150.4,20,bid,BrilliantBurritos,WavyWalnuts,12531681
2026-07-08T18:03:17.725899,2026-07-08T18:03:17.735387+00:00,150.3,200,ask,YieldingYams,WavyWalnuts,12531696
2026-07-08T18:03:20.145630,2026-07-08T18:03:20.163808+00:00,150.5,200,bid,WavyWalnuts,YieldingYams,12531720
2026-07-08T18:03:20.707602,2026-07-08T18:03:20.715501+00:00,150.6,20,bid,BrilliantBurritos,YieldingYams,12531734
2026-07-08T18:03:22.916793,2026-07-08T18:03:22.928394+00:00,150.5,20,bid,BrilliantBurritos,YieldingYams,12531763
2026-07-08T18:03:23.250063,2026-07-08T18:03:23.258624+00:00,150.4,200,ask,WavyWalnuts,YieldingYams,12531767
2026-07-08T18:03:24.595488,2026-07-08T18:03:24.607412+00:00,150.2,20,ask,WavyWalnuts,BrilliantBurritos,12531787
2026-07-08T18:03:27.416045,2026-07-08T18:03:27.425136+00:00,150.5,200,bid,WavyWalnuts,YieldingYams,12531829
2026-07-08T18:03:31.049625,2026-07-08T18:03:31.058600+00:00,150.5,200,ask,YieldingYams,WavyWalnuts,12531879
2026-07-08T18:03:32.104605,2026-07-08T18:03:32.116515+00:00,150.6,20,bid,BrilliantBurritos,YieldingYams,12531889
2026-07-08T18:03:35.048282,2026-07-08T18:03:35.052046+00:00,150.7,3,ask,YieldingYams,Xuanyu Liu,12531930
2026-07-08T18:03:35.890245,2026-07-08T18:03:35.900971+00:00,150.7,200,ask,YieldingYams,WavyWalnuts,12531946
2026-07-08T18:03:38.428878,2026-07-08T18:03:38.439358+00:00,150.6,20,ask,YieldingYams,BrilliantBurritos,12531987
2026-07-08T18:03:38.983932,2026-07-08T18:03:38.992794+00:00,150.6,200,ask,WavyWalnuts,YieldingYams,12531991
2026-07-08T18:03:39.521279,2026-07-08T18:03:39.527977+00:00,150.6,200,bid,WavyWalnuts,YieldingYams,12532006
2026-07-08T18:03:40.314889,2026-07-08T18:03:40.319506+00:00,150.7,23,ask,YieldingYams,Xuanyu Liu,12532011
2026-07-08T18:03:40.735426,2026-07-08T18:03:40.743286+00:00,150.7,200,ask,YieldingYams,WavyWalnuts,12532019
2026-07-08T18:03:41.963514,2026-07-08T18:03:41.974222+00:00,150.8,200,ask,YieldingYams,WavyWalnuts,12532033
2026-07-08T18:03:44.227480,2026-07-08T18:03:44.229105+00:00,150.8,200,bid,YieldingYams,WavyWalnuts,12532058
2026-07-08T18:03:44.227480,2026-07-08T18:03:44.235788+00:00,150.9,425,bid,YieldingYams,AverageAlmonds,12532059
2026-07-08T18:03:45.441130,2026-07-08T18:03:45.449785+00:00,150.8,20,bid,BrilliantBurritos,AverageAlmonds,12532070
2026-07-08T18:03:46.602069,2026-07-08T18:03:46.605807+00:00,150.8,23,bid,Xuanyu Liu,YieldingYams,12532094
2026-07-08T18:03:46.932431,2026-07-08T18:03:46.944186+00:00,150.8,20,bid,BrilliantBurritos,AverageAlmonds,12532097
2026-07-08T18:03:47.338826,2026-07-08T18:03:47.342269+00:00,150.7,3,bid,Xuanyu Liu,AverageAlmonds,12532103
2026-07-08T18:03:52.089099,2026-07-08T18:03:52.099135+00:00,150.7,200,bid,YieldingYams,WavyWalnuts,12532146
2026-07-08T18:03:58.536208,2026-07-08T18:03:58.547934+00:00,150.6,20,bid,BrilliantBurritos,YieldingYams,12532253
2026-07-08T18:03:58.893309,2026-07-08T18:03:58.900399+00:00,150.5,200,ask,YieldingYams,WavyWalnuts,12532256
2026-07-08T18:03:59.431507,2026-07-08T18:03:59.438473+00:00,150.5,425,ask,YieldingYams,AverageAlmonds,12532264
2026-07-08T18:04:02.612489,2026-07-08T18:04:02.620355+00:00,150.4,200,ask,WavyWalnuts,YieldingYams,12532300
2026-07-08T18:04:03.729604,2026-07-08T18:04:03.738376+00:00,150.3,200,bid,WavyWalnuts,YieldingYams,12532318
2026-07-08T18:04:05.503391,2026-07-08T18:04:05.512305+00:00,150.2,200,ask,WavyWalnuts,AverageAlmonds,12532342
2026-07-08T18:04:08.568342,2026-07-08T18:04:08.579844+00:00,150.0,200,ask,YieldingYams,WavyWalnuts,12532377
2026-07-08T18:04:10.485878,2026-07-08T18:04:10.498936+00:00,150.0,200,bid,YieldingYams,WavyWalnuts,12532416
2026-07-08T18:04:10.984620,2026-07-08T18:04:10.995631+00:00,150.0,200,ask,YieldingYams,WavyWalnuts,12532426
2026-07-08T18:04:11.933263,2026-07-08T18:04:11.937758+00:00,149.8,37,ask,WavyWalnuts,Xuanyu Liu,12532437
2026-07-08T18:04:12.206301,2026-07-08T18:04:12.210229+00:00,149.9,12,ask,WavyWalnuts,Xuanyu Liu,12532445
2026-07-08T18:04:13.417571,2026-07-08T18:04:13.425538+00:00,150.0,200,ask,YieldingYams,WavyWalnuts,12532458
2026-07-08T18:04:18.255647,2026-07-08T18:04:18.257224+00:00,150.0,200,ask,YieldingYams,WavyWalnuts,12532523
2026-07-08T18:04:19.462969,2026-07-08T18:04:19.469929+00:00,150.0,200,ask,YieldingYams,WavyWalnuts,12532535
2026-07-08T18:04:20.668970,2026-07-08T18:04:20.679494+00:00,150.0,200,bid,WavyWalnuts,YieldingYams,12532556
2026-07-08T18:04:22.278997,2026-07-08T18:04:22.283007+00:00,150.0,11,ask,YieldingYams,Xuanyu Liu,12532580
2026-07-08T18:04:24.888068,2026-07-08T18:04:24.895669+00:00,150.0,200,ask,WavyWalnuts,YieldingYams,12532618
2026-07-08T18:04:26.741587,2026-07-08T18:04:26.751743+00:00,150.0,200,bid,WavyWalnuts,YieldingYams,12532645
2026-07-08T18:04:30.379356,2026-07-08T18:04:30.390685+00:00,150.0,200,ask,YieldingYams,WavyWalnuts,12532682
2026-07-08T18:04:31.587189,2026-07-08T18:04:31.595421+00:00,150.0,200,ask,YieldingYams,WavyWalnuts,12532700
2026-07-08T18:04:32.808831,2026-07-08T18:04:32.812395+00:00,150.0,11,bid,Xuanyu Liu,WavyWalnuts,12532716
2026-07-08T18:04:36.702787,2026-07-08T18:04:36.714526+00:00,149.9,200,bid,YieldingYams,WavyWalnuts,12532768
2026-07-08T18:04:44.564005,2026-07-08T18:04:44.576168+00:00,149.8,20,ask,WavyWalnuts,BrilliantBurritos,12532901
2026-07-08T18:04:44.576821,2026-07-08T18:04:44.586393+00:00,149.8,180,ask,WavyWalnuts,YieldingYams,12532902
2026-07-08T18:04:44.908600,2026-07-08T18:04:44.916948+00:00,149.8,200,bid,WavyWalnuts,YieldingYams,12532911
2026-07-08T18:04:49.299000,2026-07-08T18:04:49.310782+00:00,149.8,20,ask,AverageAlmonds,BrilliantBurritos,12532977
2026-07-08T18:04:49.764772,2026-07-08T18:04:49.774088+00:00,149.7,200,ask,YieldingYams,WavyWalnuts,12532981
2026-07-08T18:04:51.437294,2026-07-08T18:04:51.449004+00:00,149.8,20,ask,WavyWalnuts,BrilliantBurritos,12533000
2026-07-08T18:04:52.438944,2026-07-08T18:04:52.449496+00:00,149.9,200,ask,WavyWalnuts,YieldingYams,12533019
2026-07-08T18:04:53.635690,2026-07-08T18:04:53.642103+00:00,149.8,20,ask,AverageAlmonds,BrilliantBurritos,12533031
2026-07-08T18:04:57.575639,2026-07-08T18:04:57.586658+00:00,149.9,200,bid,AverageAlmonds,WavyWalnuts,12533077
2026-07-08T18:04:57.718175,2026-07-08T18:04:57.725685+00:00,149.9,300,ask,AverageAlmonds,YieldingYams,12533078
2026-07-08T18:04:58.227257,2026-07-08T18:04:58.238468+00:00,149.9,200,bid,WavyWalnuts,YieldingYams,12533082
2026-07-08T18:04:58.783773,2026-07-08T18:04:58.795394+00:00,149.9,125,bid,AverageAlmonds,YieldingYams,12533094
2026-07-08T18:05:00.332918,2026-07-08T18:05:00.340413+00:00,150.0,200,bid,YieldingYams,WavyWalnuts,12533110
2026-07-08T18:05:01.647560,2026-07-08T18:05:01.658598+00:00,150.0,200,ask,WavyWalnuts,YieldingYams,12533133
2026-07-08T18:05:01.853152,2026-07-08T18:05:01.863894+00:00,150.0,200,bid,WavyWalnuts,YieldingYams,12533135
2026-07-08T18:05:03.061888,2026-07-08T18:05:03.072769+00:00,150.0,200,bid,WavyWalnuts,YieldingYams,12533155
2026-07-08T18:05:11.470618,2026-07-08T18:05:11.474528+00:00,150.0,11,ask,WavyWalnuts,Xuanyu Liu,12533264
2026-07-08T18:05:16.234975,2026-07-08T18:05:16.246440+00:00,150.1,20,bid,BrilliantBurritos,WavyWalnuts,12533320
2026-07-08T18:05:16.448492,2026-07-08T18:05:16.452496+00:00,150.0,11,ask,WavyWalnuts,Xuanyu Liu,12533324
2026-07-08T18:05:16.595432,2026-07-08T18:05:16.606950+00:00,150.0,20,ask,WavyWalnuts,BrilliantBurritos,12533328
2026-07-08T18:05:21.299612,2026-07-08T18:05:21.306653+00:00,150.0,200,bid,YieldingYams,WavyWalnuts,12533402
2026-07-08T18:05:21.299612,2026-07-08T18:05:21.311935+00:00,150.1,425,bid,YieldingYams,AverageAlmonds,12533403
2026-07-08T18:05:21.515468,2026-07-08T18:05:21.519333+00:00,149.7,29,ask,WavyWalnuts,Xuanyu Liu,12533411
2026-07-08T18:05:22.481145,2026-07-08T18:05:22.488916+00:00,150.1,200,bid,WavyWalnuts,AverageAlmonds,12533425
2026-07-08T18:05:23.690419,2026-07-08T18:05:23.695971+00:00,149.9,200,bid,WavyWalnuts,YieldingYams,12533443
2026-07-08T18:05:25.227422,2026-07-08T18:05:25.238164+00:00,150.0,500,bid,YieldingYams,AverageAlmonds,12533454
2026-07-08T18:05:27.328638,2026-07-08T18:05:27.335315+00:00,149.8,200,ask,YieldingYams,WavyWalnuts,12533498
2026-07-08T18:05:27.923470,2026-07-08T18:05:27.928403+00:00,149.8,17,bid,Xuanyu Liu,YieldingYams,12533504
2026-07-08T18:05:30.517820,2026-07-08T18:05:30.528050+00:00,149.5,20,ask,WavyWalnuts,BrilliantBurritos,12533548
2026-07-08T18:05:32.163690,2026-07-08T18:05:32.174459+00:00,149.6,200,ask,YieldingYams,WavyWalnuts,12533572
2026-07-08T18:05:33.499704,2026-07-08T18:05:33.507339+00:00,149.6,20,bid,BrilliantBurritos,YieldingYams,12533596
2026-07-08T18:05:34.142581,2026-07-08T18:05:34.147044+00:00,149.6,23,bid,Xuanyu Liu,YieldingYams,12533611
2026-07-08T18:05:34.615191,2026-07-08T18:05:34.627226+00:00,149.5,20,ask,AverageAlmonds,BrilliantBurritos,12533616
2026-07-08T18:05:35.756601,2026-07-08T18:05:35.763612+00:00,149.4,500,ask,AverageAlmonds,YieldingYams,12533634
2026-07-08T18:05:35.776064,2026-07-08T18:05:35.780202+00:00,149.4,23,bid,Xuanyu Liu,YieldingYams,12533637
2026-07-08T18:05:37.064587,2026-07-08T18:05:37.072020+00:00,149.4,200,bid,YieldingYams,WavyWalnuts,12533655
2026-07-08T18:05:38.214578,2026-07-08T18:05:38.225930+00:00,149.5,200,ask,YieldingYams,WavyWalnuts,12533669
2026-07-08T18:05:40.993215,2026-07-08T18:05:41.002919+00:00,149.4,200,ask,WavyWalnuts,YieldingYams,12533712
2026-07-08T18:05:41.009761,2026-07-08T18:05:41.014451+00:00,149.3,11,bid,Xuanyu Liu,YieldingYams,12533716
2026-07-08T18:05:42.303400,2026-07-08T18:05:42.324095+00:00,149.2,200,ask,WavyWalnuts,YieldingYams,12533740
2026-07-08T18:05:42.320273,2026-07-08T18:05:42.324095+00:00,149.2,1,bid,Xuanyu Liu,YieldingYams,12533742
2026-07-08T18:05:42.379994,2026-07-08T18:05:42.388273+00:00,149.2,424,bid,AverageAlmonds,YieldingYams,12533744
2026-07-08T18:05:43.627341,2026-07-08T18:05:43.630905+00:00,149.4,1,ask,YieldingYams,Xuanyu Liu,12533769
2026-07-08T18:05:46.688445,2026-07-08T18:05:46.695482+00:00,149.5,200,bid,WavyWalnuts,YieldingYams,12533817
2026-07-08T18:05:47.898849,2026-07-08T18:05:47.906773+00:00,149.5,200,bid,WavyWalnuts,YieldingYams,12533839
2026-07-08T18:05:49.107666,2026-07-08T18:05:49.117389+00:00,149.5,200,bid,WavyWalnuts,YieldingYams,12533854
2026-07-08T18:05:51.468601,2026-07-08T18:05:51.479104+00:00,149.5,200,bid,YieldingYams,WavyWalnuts,12533890
2026-07-08T18:05:51.523981,2026-07-08T18:05:51.536388+00:00,149.5,200,ask,YieldingYams,WavyWalnuts,12533891
2026-07-08T18:05:52.799788,2026-07-08T18:05:52.804054+00:00,149.5,12,bid,Xuanyu Liu,YieldingYams,12533908
2026-07-08T18:05:53.116040,2026-07-08T18:05:53.120159+00:00,149.5,11,bid,Xuanyu Liu,YieldingYams,12533913
2026-07-08T18:05:53.848943,2026-07-08T18:05:53.858598+00:00,149.3,20,ask,WavyWalnuts,BrilliantBurritos,12533922
2026-07-08T18:05:53.950532,2026-07-08T18:05:53.955090+00:00,149.5,200,bid,WavyWalnuts,YieldingYams,12533925
2026-07-08T18:05:55.162199,2026-07-08T18:05:55.169321+00:00,149.4,200,ask,YieldingYams,WavyWalnuts,12533942
2026-07-08T18:05:55.400008,2026-07-08T18:05:55.409996+00:00,149.3,500,ask,AverageAlmonds,YieldingYams,12533947
2026-07-08T18:05:55.416061,2026-07-08T18:05:55.419940+00:00,149.3,3,bid,Xuanyu Liu,YieldingYams,12533949
2026-07-08T18:05:55.705112,2026-07-08T18:05:55.713994+00:00,149.3,122,bid,AverageAlmonds,YieldingYams,12533953
2026-07-08T18:05:58.280942,2026-07-08T18:05:58.291554+00:00,149.3,20,ask,YieldingYams,BrilliantBurritos,12533987
2026-07-08T18:06:00.006117,2026-07-08T18:06:00.016657+00:00,149.4,200,bid,WavyWalnuts,YieldingYams,12534013
2026-07-08T18:06:01.220169,2026-07-08T18:06:01.231192+00:00,149.4,200,bid,WavyWalnuts,YieldingYams,12534024
2026-07-08T18:06:02.438886,2026-07-08T18:06:02.448945+00:00,149.3,200,ask,YieldingYams,WavyWalnuts,12534041
2026-07-08T18:06:04.596786,2026-07-08T18:06:04.601261+00:00,149.3,3,bid,Xuanyu Liu,YieldingYams,12534063
2026-07-08T18:06:04.816295,2026-07-08T18:06:04.823454+00:00,149.3,500,bid,AverageAlmonds,YieldingYams,12534065
2026-07-08T18:06:04.861562,2026-07-08T18:06:04.878395+00:00,149.3,122,bid,WavyWalnuts,YieldingYams,12534067
2026-07-08T18:06:07.249664,2026-07-08T18:06:07.253759+00:00,149.5,3,ask,YieldingYams,Xuanyu Liu,12534100
2026-07-08T18:06:07.301469,2026-07-08T18:06:07.312156+00:00,149.5,200,ask,YieldingYams,WavyWalnuts,12534102
2026-07-08T18:06:09.838838,2026-07-08T18:06:09.848923+00:00,149.5,200,ask,WavyWalnuts,YieldingYams,12534139
2026-07-08T18:06:12.166354,2026-07-08T18:06:12.175522+00:00,149.5,200,bid,WavyWalnuts,YieldingYams,12534174
2026-07-08T18:06:15.110525,2026-07-08T18:06:15.122685+00:00,149.5,20,ask,YieldingYams,BrilliantBurritos,12534217
2026-07-08T18:06:15.349878,2026-07-08T18:06:15.353608+00:00,149.5,3,ask,YieldingYams,Xuanyu Liu,12534223
2026-07-08T18:06:15.817286,2026-07-08T18:06:15.827872+00:00,149.5,200,ask,YieldingYams,WavyWalnuts,12534230
2026-07-08T18:06:17.025078,2026-07-08T18:06:17.034758+00:00,149.3,200,ask,YieldingYams,WavyWalnuts,12534248
2026-07-08T18:06:20.324637,2026-07-08T18:06:20.336098+00:00,149.3,200,ask,WavyWalnuts,YieldingYams,12534289
2026-07-08T18:06:20.324637,2026-07-08T18:06:20.336098+00:00,149.3,425,ask,AverageAlmonds,YieldingYams,12534290
2026-07-08T18:06:22.944638,2026-07-08T18:06:22.952490+00:00,149.4,200,bid,YieldingYams,WavyWalnuts,12534333
2026-07-08T18:06:24.279598,2026-07-08T18:06:24.290544+00:00,149.3,200,ask,YieldingYams,WavyWalnuts,12534357
2026-07-08T18:06:24.814403,2026-07-08T18:06:24.818373+00:00,149.5,3,bid,Xuanyu Liu,YieldingYams,12534369
2026-07-08T18:06:28.446091,2026-07-08T18:06:28.456507+00:00,149.4,500,bid,AverageAlmonds,YieldingYams,12534410
2026-07-08T18:06:29.040017,2026-07-08T18:06:29.049027+00:00,149.4,125,bid,AverageAlmonds,YieldingYams,12534424
2026-07-08T18:06:29.647704,2026-07-08T18:06:29.655956+00:00,149.5,200,bid,AverageAlmonds,WavyWalnuts,12534435
2026-07-08T18:06:29.677706,2026-07-08T18:06:29.681415+00:00,149.5,3,ask,AverageAlmonds,Xuanyu Liu,12534437
2026-07-08T18:06:30.331728,2026-07-08T18:06:30.341755+00:00,149.5,200,ask,AverageAlmonds,WavyWalnuts,12534452
2026-07-08T18:06:31.108811,2026-07-08T18:06:31.113038+00:00,149.7,3,bid,Xuanyu Liu,YieldingYams,12534457
2026-07-08T18:06:31.542433,2026-07-08T18:06:31.552346+00:00,149.6,200,ask,AverageAlmonds,WavyWalnuts,12534465
2026-07-08T18:06:32.815886,2026-07-08T18:06:32.827860+00:00,149.6,20,ask,AverageAlmonds,BrilliantBurritos,12534478
2026-07-08T18:06:33.167831,2026-07-08T18:06:33.175302+00:00,149.7,20,bid,BrilliantBurritos,YieldingYams,12534484
2026-07-08T18:06:33.291187,2026-07-08T18:06:33.298892+00:00,149.7,500,bid,AverageAlmonds,YieldingYams,12534486
2026-07-08T18:06:33.421002,2026-07-08T18:06:33.430785+00:00,149.7,200,bid,YieldingYams,WavyWalnuts,12534489
2026-07-08T18:06:33.979764,2026-07-08T18:06:33.987726+00:00,149.7,200,ask,YieldingYams,WavyWalnuts,12534504
2026-07-08T18:06:34.734787,2026-07-08T18:06:34.745287+00:00,149.8,500,ask,AverageAlmonds,YieldingYams,12534510
2026-07-08T18:06:35.093608,2026-07-08T18:06:35.101979+00:00,149.8,125,bid,AverageAlmonds,YieldingYams,12534513
2026-07-08T18:06:35.195008,2026-07-08T18:06:35.202578+00:00,149.8,200,ask,AverageAlmonds,WavyWalnuts,12534516
2026-07-08T18:06:36.043087,2026-07-08T18:06:36.050181+00:00,149.9,500,ask,AverageAlmonds,YieldingYams,12534528
2026-07-08T18:06:36.404469,2026-07-08T18:06:36.411264+00:00,149.8,200,ask,AverageAlmonds,WavyWalnuts,12534535
2026-07-08T18:06:36.908905,2026-07-08T18:06:36.920280+00:00,149.9,125,bid,AverageAlmonds,YieldingYams,12534549
2026-07-08T18:06:38.720256,2026-07-08T18:06:38.729335+00:00,150.0,200,bid,WavyWalnuts,YieldingYams,12534575
2026-07-08T18:06:38.720256,2026-07-08T18:06:38.729335+00:00,150.0,300,bid,AverageAlmonds,YieldingYams,12534576
2026-07-08T18:06:38.816036,2026-07-08T18:06:38.826198+00:00,150.0,200,bid,AverageAlmonds,WavyWalnuts,12534579
2026-07-08T18:06:39.125408,2026-07-08T18:06:39.137397+00:00,150.0,20,bid,BrilliantBurritos,YieldingYams,12534582
2026-07-08T18:06:39.966410,2026-07-08T18:06:39.970140+00:00,150.2,14,ask,AverageAlmonds,Xuanyu Liu,12534595
2026-07-08T18:06:39.970549,2026-07-08T18:06:39.985380+00:00,150.2,486,ask,AverageAlmonds,YieldingYams,12534596
2026-07-08T18:06:40.544676,2026-07-08T18:06:40.552650+00:00,150.2,139,bid,AverageAlmonds,YieldingYams,12534610
2026-07-08T18:06:40.544676,2026-07-08T18:06:40.558559+00:00,150.3,200,bid,AverageAlmonds,WavyWalnuts,12534611
2026-07-08T18:06:41.257233,2026-07-08T18:06:41.261427+00:00,150.4,11,bid,Xuanyu Liu,WavyWalnuts,12534627
2026-07-08T18:06:41.278039,2026-07-08T18:06:41.287130+00:00,150.3,500,ask,AverageAlmonds,YieldingYams,12534628
2026-07-08T18:06:41.293200,2026-07-08T18:06:41.297394+00:00,150.3,3,bid,Xuanyu Liu,YieldingYams,12534630
2026-07-08T18:06:41.749445,2026-07-08T18:06:41.757453+00:00,150.3,122,bid,AverageAlmonds,YieldingYams,12534637
2026-07-08T18:06:41.749445,2026-07-08T18:06:41.757453+00:00,150.4,189,bid,AverageAlmonds,WavyWalnuts,12534638
2026-07-08T18:06:42.455064,2026-07-08T18:06:42.463885+00:00,150.5,200,ask,AverageAlmonds,WavyWalnuts,12534651
2026-07-08T18:06:42.587190,2026-07-08T18:06:42.595370+00:00,150.5,300,ask,AverageAlmonds,YieldingYams,12534652
2026-07-08T18:06:42.953141,2026-07-08T18:06:42.958624+00:00,150.4,325,bid,AverageAlmonds,YieldingYams,12534657
2026-07-08T18:06:42.981696,2026-07-08T18:06:42.985852+00:00,150.6,3,ask,AverageAlmonds,Xuanyu Liu,12534661
2026-07-08T18:06:43.748677,2026-07-08T18:06:43.752473+00:00,150.6,29,bid,Xuanyu Liu,WavyWalnuts,12534688
2026-07-08T18:06:46.434593,2026-07-08T18:06:46.439282+00:00,150.5,19,ask,WavyWalnuts,Xuanyu Liu,12534727
2026-07-08T18:06:49.150646,2026-07-08T18:06:49.158603+00:00,150.6,200,ask,WavyWalnuts,YieldingYams,12534766
2026-07-08T18:06:50.977840,2026-07-08T18:06:50.989562+00:00,150.6,200,bid,WavyWalnuts,YieldingYams,12534798
2026-07-08T18:06:53.280771,2026-07-08T18:06:53.306157+00:00,150.7,20,bid,BrilliantBurritos,WavyWalnuts,12534817
2026-07-08T18:06:53.302410,2026-07-08T18:06:53.306157+00:00,150.5,4,ask,WavyWalnuts,Xuanyu Liu,12534820
2026-07-08T18:06:53.839935,2026-07-08T18:06:53.850145+00:00,150.7,20,bid,BrilliantBurritos,WavyWalnuts,12534830
2026-07-08T18:06:56.293658,2026-07-08T18:06:56.328486+00:00,150.6,200,bid,AverageAlmonds,WavyWalnuts,12534855
2026-07-08T18:06:56.323947,2026-07-08T18:06:56.328486+00:00,150.6,3,ask,AverageAlmonds,Xuanyu Liu,12534858
2026-07-08T18:06:58.323072,2026-07-08T18:06:58.333297+00:00,150.6,200,ask,WavyWalnuts,YieldingYams,12534877
2026-07-08T18:06:58.323072,2026-07-08T18:06:58.333297+00:00,150.5,425,ask,AverageAlmonds,YieldingYams,12534878
2026-07-08T18:06:59.646835,2026-07-08T18:06:59.650920+00:00,150.7,3,ask,YieldingYams,Xuanyu Liu,12534903
2026-07-08T18:07:00.938540,2026-07-08T18:07:00.946459+00:00,150.8,200,bid,YieldingYams,WavyWalnuts,12534924
2026-07-08T18:07:00.958151,2026-07-08T18:07:00.962122+00:00,150.8,11,ask,YieldingYams,Xuanyu Liu,12534926
2026-07-08T18:07:02.225261,2026-07-08T18:07:02.236932+00:00,150.8,20,ask,YieldingYams,BrilliantBurritos,12534952
2026-07-08T18:07:02.733282,2026-07-08T18:07:02.737237+00:00,150.9,11,bid,Xuanyu Liu,WavyWalnuts,12534959
2026-07-08T18:07:03.592549,2026-07-08T18:07:03.600186+00:00,150.8,500,ask,AverageAlmonds,YieldingYams,12534971
2026-07-08T18:07:03.592549,2026-07-08T18:07:03.605704+00:00,150.6,125,ask,WavyWalnuts,YieldingYams,12534972
2026-07-08T18:07:04.302069,2026-07-08T18:07:04.312614+00:00,150.8,200,ask,AverageAlmonds,WavyWalnuts,12534987
2026-07-08T18:07:04.712373,2026-07-08T18:07:04.724297+00:00,151.6,20,bid,BrilliantBurritos,AverageAlmonds,12535000
2026-07-08T18:07:04.903782,2026-07-08T18:07:04.910885+00:00,150.8,500,ask,AverageAlmonds,YieldingYams,12535003
2026-07-08T18:07:04.922781,2026-07-08T18:07:04.926855+00:00,150.7,3,bid,Xuanyu Liu,YieldingYams,12535005
2026-07-08T18:07:05.364696,2026-07-08T18:07:05.374291+00:00,150.7,122,bid,AverageAlmonds,YieldingYams,12535011
2026-07-08T18:07:06.212841,2026-07-08T18:07:06.219864+00:00,150.9,500,ask,AverageAlmonds,YieldingYams,12535026
2026-07-08T18:07:07.125783,2026-07-08T18:07:07.137570+00:00,150.9,20,bid,BrilliantBurritos,YieldingYams,12535036
2026-07-08T18:07:07.521899,2026-07-08T18:07:07.529124+00:00,150.9,200,bid,YieldingYams,WavyWalnuts,12535042
2026-07-08T18:07:09.141591,2026-07-08T18:07:09.148336+00:00,151.1,200,bid,WavyWalnuts,YieldingYams,12535069
2026-07-08T18:07:16.425210,2026-07-08T18:07:16.433125+00:00,151.3,200,bid,WavyWalnuts,YieldingYams,12535156
2026-07-08T18:07:16.703996,2026-07-08T18:07:16.715788+00:00,151.0,20,ask,YieldingYams,BrilliantBurritos,12535157
2026-07-08T18:07:20.071104,2026-07-08T18:07:20.075393+00:00,151.3,3,bid,Xuanyu Liu,WavyWalnuts,12535198
2026-07-08T18:07:20.650865,2026-07-08T18:07:20.658560+00:00,151.3,197,bid,YieldingYams,WavyWalnuts,12535203
2026-07-08T18:07:21.274562,2026-07-08T18:07:21.285809+00:00,151.3,200,ask,YieldingYams,WavyWalnuts,12535207
2026-07-08T18:07:23.691350,2026-07-08T18:07:23.699986+00:00,151.3,200,bid,WavyWalnuts,YieldingYams,12535233
2026-07-08T18:07:27.522019,2026-07-08T18:07:27.533751+00:00,151.2,20,ask,YieldingYams,BrilliantBurritos,12535283
2026-07-08T18:07:29.750777,2026-07-08T18:07:29.754881+00:00,151.1,200,ask,YieldingYams,WavyWalnuts,12535323
2026-07-08T18:07:30.734797,2026-07-08T18:07:30.746665+00:00,151.3,20,bid,BrilliantBurritos,YieldingYams,12535328
2026-07-08T18:07:30.960275,2026-07-08T18:07:30.971356+00:00,151.1,200,ask,YieldingYams,WavyWalnuts,12535330
2026-07-08T18:07:33.023898,2026-07-08T18:07:33.035656+00:00,151.1,20,bid,BrilliantBurritos,WavyWalnuts,12535357
2026-07-08T18:07:35.080589,2026-07-08T18:07:35.091764+00:00,151.1,200,ask,WavyWalnuts,YieldingYams,12535380
2026-07-08T18:07:40.898983,2026-07-08T18:07:40.910699+00:00,151.3,20,bid,BrilliantBurritos,YieldingYams,12535460
2026-07-08T18:07:42.962523,2026-07-08T18:07:42.966346+00:00,151.2,3,ask,YieldingYams,Xuanyu Liu,12535494
2026-07-08T18:07:49.499084,2026-07-08T18:07:49.509402+00:00,151.5,200,ask,WavyWalnuts,YieldingYams,12535590
2026-07-08T18:07:50.331699,2026-07-08T18:07:50.343595+00:00,151.5,200,bid,WavyWalnuts,YieldingYams,12535612
2026-07-08T18:07:52.757425,2026-07-08T18:07:52.764538+00:00,151.5,200,bid,WavyWalnuts,YieldingYams,12535637
2026-07-08T18:07:53.973678,2026-07-08T18:07:53.980884+00:00,151.6,200,bid,WavyWalnuts,YieldingYams,12535651
2026-07-08T18:07:57.603824,2026-07-08T18:07:57.619216+00:00,151.5,200,bid,WavyWalnuts,YieldingYams,12535705
2026-07-08T18:07:59.703197,2026-07-08T18:07:59.707624+00:00,151.5,14,bid,Xuanyu Liu,AverageAlmonds,12535728
2026-07-08T18:07:59.987742,2026-07-08T18:07:59.991397+00:00,151.4,12,bid,Xuanyu Liu,YieldingYams,12535732
2026-07-08T18:08:00.021341,2026-07-08T18:08:00.029166+00:00,151.4,200,bid,WavyWalnuts,YieldingYams,12535733
2026-07-08T18:08:04.864050,2026-07-08T18:08:04.874615+00:00,151.3,200,bid,WavyWalnuts,YieldingYams,12535800
2026-07-08T18:08:06.073611,2026-07-08T18:08:06.084815+00:00,151.4,200,bid,WavyWalnuts,YieldingYams,12535817
2026-07-08T18:08:14.549759,2026-07-08T18:08:14.558593+00:00,151.2,200,bid,WavyWalnuts,YieldingYams,12535925
2026-07-08T18:08:15.761531,2026-07-08T18:08:15.773057+00:00,151.2,200,bid,WavyWalnuts,YieldingYams,12535945
2026-07-08T18:08:16.884466,2026-07-08T18:08:16.896055+00:00,151.2,20,bid,BrilliantBurritos,YieldingYams,12535970
2026-07-08T18:08:16.973063,2026-07-08T18:08:16.984912+00:00,151.2,200,bid,WavyWalnuts,YieldingYams,12535972
2026-07-08T18:08:17.010481,2026-07-08T18:08:17.014406+00:00,151.2,12,ask,YieldingYams,Xuanyu Liu,12535974
2026-07-08T18:08:18.692226,2026-07-08T18:08:18.695723+00:00,151.4,23,bid,Xuanyu Liu,YieldingYams,12535999
2026-07-08T18:08:19.402707,2026-07-08T18:08:19.410942+00:00,151.2,20,ask,YieldingYams,BrilliantBurritos,12536007
2026-07-08T18:08:20.925395,2026-07-08T18:08:20.936777+00:00,151.5,200,bid,YieldingYams,WavyWalnuts,12536037
2026-07-08T18:08:21.828906,2026-07-08T18:08:21.836594+00:00,151.5,200,ask,YieldingYams,WavyWalnuts,12536052
2026-07-08T18:08:23.038908,2026-07-08T18:08:23.045537+00:00,151.3,200,ask,YieldingYams,WavyWalnuts,12536062
2026-07-08T18:08:24.252357,2026-07-08T18:08:24.258580+00:00,151.3,200,ask,YieldingYams,WavyWalnuts,12536075
2026-07-08T18:08:26.692594,2026-07-08T18:08:26.704445+00:00,151.0,20,ask,YieldingYams,BrilliantBurritos,12536114
2026-07-08T18:08:27.901374,2026-07-08T18:08:27.905340+00:00,151.2,11,ask,WavyWalnuts,Xuanyu Liu,12536132
2026-07-08T18:08:30.130613,2026-07-08T18:08:30.140422+00:00,151.2,200,ask,WavyWalnuts,YieldingYams,12536160
2026-07-08T18:08:30.309489,2026-07-08T18:08:30.318387+00:00,151.2,200,bid,WavyWalnuts,YieldingYams,12536164
2026-07-08T18:08:30.512079,2026-07-08T18:08:30.523968+00:00,151.2,20,bid,BrilliantBurritos,YieldingYams,12536167
2026-07-08T18:08:31.411704,2026-07-08T18:08:31.415109+00:00,151.0,12,ask,AverageAlmonds,Xuanyu Liu,12536180
2026-07-08T18:08:31.451724,2026-07-08T18:08:31.455173+00:00,151.2,14,ask,YieldingYams,Xuanyu Liu,12536183
2026-07-08T18:08:31.521457,2026-07-08T18:08:31.530636+00:00,151.2,200,ask,YieldingYams,WavyWalnuts,12536184
2026-07-08T18:08:32.732795,2026-07-08T18:08:32.741840+00:00,151.2,200,ask,YieldingYams,WavyWalnuts,12536202
2026-07-08T18:08:35.362292,2026-07-08T18:08:35.370549+00:00,151.0,200,bid,YieldingYams,WavyWalnuts,12536234
2026-07-08T18:08:36.672732,2026-07-08T18:08:36.679735+00:00,151.1,200,bid,YieldingYams,WavyWalnuts,12536244
2026-07-08T18:08:37.792272,2026-07-08T18:08:37.804172+00:00,151.3,20,bid,BrilliantBurritos,YieldingYams,12536260
2026-07-08T18:08:38.188288,2026-07-08T18:08:38.200123+00:00,151.1,20,ask,WavyWalnuts,BrilliantBurritos,12536266
2026-07-08T18:08:38.809833,2026-07-08T18:08:38.813895+00:00,151.2,3,bid,Xuanyu Liu,WavyWalnuts,12536274
2026-07-08T18:08:39.301383,2026-07-08T18:08:39.309793+00:00,151.2,197,bid,YieldingYams,WavyWalnuts,12536288
2026-07-08T18:08:41.382734,2026-07-08T18:08:41.393614+00:00,151.1,20,ask,AverageAlmonds,BrilliantBurritos,12536320
2026-07-08T18:08:42.433783,2026-07-08T18:08:42.440647+00:00,151.2,200,ask,AverageAlmonds,WavyWalnuts,12536339
2026-07-08T18:08:43.534533,2026-07-08T18:08:43.538444+00:00,151.2,3,ask,AverageAlmonds,Xuanyu Liu,12536347
2026-07-08T18:08:44.032808,2026-07-08T18:08:44.069915+00:00,151.2,20,ask,AverageAlmonds,BrilliantBurritos,12536357
2026-07-08T18:08:44.543625,2026-07-08T18:08:44.554321+00:00,151.2,500,ask,AverageAlmonds,YieldingYams,12536363
2026-07-08T18:08:45.303938,2026-07-08T18:08:45.316005+00:00,151.2,125,bid,AverageAlmonds,YieldingYams,12536370
2026-07-08T18:08:45.908351,2026-07-08T18:08:45.916550+00:00,151.3,200,bid,AverageAlmonds,WavyWalnuts,12536374
2026-07-08T18:08:47.470325,2026-07-08T18:08:47.482227+00:00,151.4,20,bid,BrilliantBurritos,YieldingYams,12536395
2026-07-08T18:08:48.166866,2026-07-08T18:08:48.178604+00:00,151.4,20,bid,BrilliantBurritos,YieldingYams,12536407
2026-07-08T18:08:52.125811,2026-07-08T18:08:52.136691+00:00,151.3,200,ask,AverageAlmonds,WavyWalnuts,12536464
2026-07-08T18:08:55.033785,2026-07-08T18:08:55.044139+00:00,151.3,500,ask,AverageAlmonds,YieldingYams,12536496
2026-07-08T18:08:55.600912,2026-07-08T18:08:55.607679+00:00,151.3,125,bid,AverageAlmonds,YieldingYams,12536507
2026-07-08T18:08:55.600912,2026-07-08T18:08:55.613123+00:00,151.4,200,bid,AverageAlmonds,WavyWalnuts,12536508
2026-07-08T18:08:55.771203,2026-07-08T18:08:55.779984+00:00,151.4,175,ask,AverageAlmonds,WavyWalnuts,12536517
2026-07-08T18:08:56.205417,2026-07-08T18:08:56.213497+00:00,151.4,25,bid,AverageAlmonds,WavyWalnuts,12536522
2026-07-08T18:08:56.240700,2026-07-08T18:08:56.244178+00:00,151.4,3,ask,AverageAlmonds,Xuanyu Liu,12536524
2026-07-08T18:08:56.734986,2026-07-08T18:08:56.738990+00:00,151.4,34,ask,AverageAlmonds,Xuanyu Liu,12536532
2026-07-08T18:09:00.543193,2026-07-08T18:09:00.558600+00:00,151.5,20,bid,BrilliantBurritos,WavyWalnuts,12536581
2026-07-08T18:09:01.573752,2026-07-08T18:09:01.584571+00:00,151.4,200,ask,WavyWalnuts,YieldingYams,12536591
2026-07-08T18:09:03.073315,2026-07-08T18:09:03.076934+00:00,151.3,12,ask,AverageAlmonds,Xuanyu Liu,12536613
2026-07-08T18:09:03.273050,2026-07-08T18:09:03.280762+00:00,151.4,20,bid,BrilliantBurritos,YieldingYams,12536619
2026-07-08T18:09:05.504925,2026-07-08T18:09:05.513122+00:00,151.4,200,ask,WavyWalnuts,YieldingYams,12536655
2026-07-08T18:09:11.970787,2026-07-08T18:09:11.982519+00:00,151.5,500,bid,AverageAlmonds,YieldingYams,12536755
2026-07-08T18:09:12.498481,2026-07-08T18:09:12.502288+00:00,151.6,12,bid,Xuanyu Liu,WavyWalnuts,12536761
2026-07-08T18:09:12.565570,2026-07-08T18:09:12.571952+00:00,151.6,188,bid,AverageAlmonds,WavyWalnuts,12536764
2026-07-08T18:09:14.705383,2026-07-08T18:09:14.717365+00:00,151.5,20,ask,WavyWalnuts,BrilliantBurritos,12536786
2026-07-08T18:09:15.125842,2026-07-08T18:09:15.132950+00:00,151.6,200,ask,AverageAlmonds,WavyWalnuts,12536793
2026-07-08T18:09:16.615976,2026-07-08T18:09:16.627916+00:00,151.5,20,ask,AverageAlmonds,BrilliantBurritos,12536817
2026-07-08T18:09:17.242586,2026-07-08T18:09:17.258792+00:00,151.6,20,bid,BrilliantBurritos,YieldingYams,12536832
2026-07-08T18:09:21.896484,2026-07-08T18:09:21.908348+00:00,151.5,20,ask,YieldingYams,BrilliantBurritos,12536899
2026-07-08T18:09:22.387443,2026-07-08T18:09:22.398720+00:00,151.6,200,ask,AverageAlmonds,WavyWalnuts,12536911
2026-07-08T18:09:23.595286,2026-07-08T18:09:23.605402+00:00,151.6,200,ask,AverageAlmonds,WavyWalnuts,12536923
2026-07-08T18:09:24.784403,2026-07-08T18:09:24.796409+00:00,151.7,20,bid,BrilliantBurritos,YieldingYams,12536946
2026-07-08T18:09:25.292866,2026-07-08T18:09:25.306283+00:00,151.7,500,bid,AverageAlmonds,YieldingYams,12536951
2026-07-08T18:09:25.884917,2026-07-08T18:09:25.892998+00:00,151.7,125,bid,AverageAlmonds,YieldingYams,12536963
2026-07-08T18:09:26.015217,2026-07-08T18:09:26.026309+00:00,151.7,200,ask,AverageAlmonds,WavyWalnuts,12536968
2026-07-08T18:09:26.464598,2026-07-08T18:09:26.468576+00:00,151.9,12,ask,YieldingYams,Xuanyu Liu,12536973
2026-07-08T18:09:27.226589,2026-07-08T18:09:27.236109+00:00,151.9,200,ask,YieldingYams,WavyWalnuts,12536983
2026-07-08T18:09:28.437617,2026-07-08T18:09:28.445120+00:00,152.0,200,ask,YieldingYams,WavyWalnuts,12537013
2026-07-08T18:09:29.084702,2026-07-08T18:09:29.088193+00:00,151.9,23,bid,Xuanyu Liu,YieldingYams,12537021
2026-07-08T18:09:29.644388,2026-07-08T18:09:29.656064+00:00,151.9,200,bid,WavyWalnuts,YieldingYams,12537030
2026-07-08T18:09:32.158992,2026-07-08T18:09:32.170843+00:00,151.9,20,ask,YieldingYams,BrilliantBurritos,12537061
2026-07-08T18:09:34.327966,2026-07-08T18:09:34.331689+00:00,151.9,11,ask,YieldingYams,Xuanyu Liu,12537091
2026-07-08T18:09:34.493534,2026-07-08T18:09:34.503592+00:00,151.9,200,ask,YieldingYams,WavyWalnuts,12537094
2026-07-08T18:09:34.965236,2026-07-08T18:09:34.975180+00:00,152.2,20,bid,BrilliantBurritos,YieldingYams,12537097
2026-07-08T18:09:35.636343,2026-07-08T18:09:35.639996+00:00,152.0,12,ask,YieldingYams,Xuanyu Liu,12537110
2026-07-08T18:09:35.705415,2026-07-08T18:09:35.716917+00:00,152.0,200,ask,YieldingYams,WavyWalnuts,12537112
2026-07-08T18:09:36.916726,2026-07-08T18:09:36.928284+00:00,152.0,200,ask,YieldingYams,WavyWalnuts,12537130
2026-07-08T18:09:38.238257,2026-07-08T18:09:38.246352+00:00,152.0,200,bid,YieldingYams,WavyWalnuts,12537147
2026-07-08T18:09:39.338227,2026-07-08T18:09:39.346799+00:00,152.0,200,ask,YieldingYams,WavyWalnuts,12537167
2026-07-08T18:09:41.770803,2026-07-08T18:09:41.779760+00:00,151.9,200,ask,YieldingYams,WavyWalnuts,12537208
2026-07-08T18:09:43.475830,2026-07-08T18:09:43.485021+00:00,152.0,200,bid,YieldingYams,WavyWalnuts,12537230
2026-07-08T18:09:46.097585,2026-07-08T18:09:46.104835+00:00,152.0,200,ask,WavyWalnuts,YieldingYams,12537275
2026-07-08T18:09:47.366315,2026-07-08T18:09:47.370966+00:00,151.8,11,ask,YieldingYams,Xuanyu Liu,12537289
2026-07-08T18:09:47.406691,2026-07-08T18:09:47.427773+00:00,152.0,200,bid,YieldingYams,WavyWalnuts,12537290
2026-07-08T18:09:47.423416,2026-07-08T18:09:47.427773+00:00,152.0,23,ask,YieldingYams,Xuanyu Liu,12537292
2026-07-08T18:09:48.732303,2026-07-08T18:09:48.736238+00:00,152.1,11,ask,YieldingYams,Xuanyu Liu,12537303
2026-07-08T18:09:49.018428,2026-07-08T18:09:49.030063+00:00,152.1,200,ask,YieldingYams,WavyWalnuts,12537313
2026-07-08T18:09:51.246316,2026-07-08T18:09:51.254000+00:00,152.0,20,ask,YieldingYams,BrilliantBurritos,12537342
2026-07-08T18:09:51.435767,2026-07-08T18:09:51.442614+00:00,152.1,200,ask,YieldingYams,WavyWalnuts,12537346
2026-07-08T18:09:57.887492,2026-07-08T18:09:57.894802+00:00,152.0,200,bid,YieldingYams,WavyWalnuts,12537429
2026-07-08T18:10:01.087186,2026-07-08T18:10:01.095643+00:00,152.2,20,bid,BrilliantBurritos,WavyWalnuts,12537466
2026-07-08T18:10:03.120778,2026-07-08T18:10:03.124407+00:00,152.2,11,bid,Xuanyu Liu,YieldingYams,12537503
2026-07-08T18:10:03.165413,2026-07-08T18:10:03.169069+00:00,152.1,12,bid,Xuanyu Liu,YieldingYams,12537505
2026-07-08T18:10:09.449079,2026-07-08T18:10:09.452995+00:00,152.1,11,bid,Xuanyu Liu,WavyWalnuts,12537624
2026-07-08T18:10:11.921831,2026-07-08T18:10:11.931744+00:00,152.1,500,bid,AverageAlmonds,YieldingYams,12537654
2026-07-08T18:10:12.080666,2026-07-08T18:10:12.085106+00:00,152.1,11,bid,Xuanyu Liu,YieldingYams,12537660
2026-07-08T18:10:12.328222,2026-07-08T18:10:12.335252+00:00,152.1,200,bid,YieldingYams,WavyWalnuts,12537664
2026-07-08T18:10:13.204414,2026-07-08T18:10:13.215623+00:00,152.4,200,ask,YieldingYams,WavyWalnuts,12537673
2026-07-08T18:10:13.665015,2026-07-08T18:10:13.669099+00:00,152.3,12,bid,Xuanyu Liu,YieldingYams,12537679
2026-07-08T18:10:14.719523,2026-07-08T18:10:14.729451+00:00,152.2,20,ask,AverageAlmonds,BrilliantBurritos,12537697
2026-07-08T18:10:15.241850,2026-07-08T18:10:15.245784+00:00,152.4,11,bid,Xuanyu Liu,WavyWalnuts,12537703
2026-07-08T18:10:15.621318,2026-07-08T18:10:15.628453+00:00,152.3,200,ask,YieldingYams,WavyWalnuts,12537708
2026-07-08T18:10:19.482227,2026-07-08T18:10:19.491821+00:00,152.4,20,bid,BrilliantBurritos,YieldingYams,12537775
2026-07-08T18:10:20.453663,2026-07-08T18:10:20.455585+00:00,152.4,200,bid,WavyWalnuts,YieldingYams,12537790
2026-07-08T18:10:24.703648,2026-07-08T18:10:24.711553+00:00,152.4,20,ask,YieldingYams,BrilliantBurritos,12537858
2026-07-08T18:10:25.901354,2026-07-08T18:10:25.908125+00:00,152.5,20,ask,YieldingYams,BrilliantBurritos,12537872
2026-07-08T18:10:26.750371,2026-07-08T18:10:26.763750+00:00,152.6,200,ask,WavyWalnuts,YieldingYams,12537884
2026-07-08T18:10:28.933683,2026-07-08T18:10:28.937901+00:00,152.5,11,ask,WavyWalnuts,Xuanyu Liu,12537908
2026-07-08T18:10:29.367759,2026-07-08T18:10:29.379089+00:00,152.5,189,ask,WavyWalnuts,YieldingYams,12537915
2026-07-08T18:10:30.131249,2026-07-08T18:10:30.140891+00:00,152.5,200,bid,WavyWalnuts,YieldingYams,12537925
2026-07-08T18:10:38.632139,2026-07-08T18:10:38.641942+00:00,152.4,200,ask,YieldingYams,WavyWalnuts,12538045
2026-07-08T18:10:41.176903,2026-07-08T18:10:41.180731+00:00,152.4,12,ask,WavyWalnuts,Xuanyu Liu,12538073
2026-07-08T18:10:42.421797,2026-07-08T18:10:42.433532+00:00,152.5,20,bid,BrilliantBurritos,YieldingYams,12538096
2026-07-08T18:10:42.470440,2026-07-08T18:10:42.474877+00:00,152.5,11,ask,YieldingYams,Xuanyu Liu,12538101
2026-07-08T18:10:43.485756,2026-07-08T18:10:43.496975+00:00,152.5,200,ask,YieldingYams,WavyWalnuts,12538110
2026-07-08T18:10:44.303960,2026-07-08T18:10:44.308525+00:00,152.5,11,bid,Xuanyu Liu,YieldingYams,12538115
2026-07-08T18:10:45.082891,2026-07-08T18:10:45.103823+00:00,152.4,200,ask,WavyWalnuts,YieldingYams,12538130
2026-07-08T18:10:45.100008,2026-07-08T18:10:45.103823+00:00,152.4,12,bid,Xuanyu Liu,YieldingYams,12538132
2026-07-08T18:10:54.246955,2026-07-08T18:10:54.258607+00:00,152.3,200,ask,WavyWalnuts,YieldingYams,12538234
2026-07-08T18:10:54.246955,2026-07-08T18:10:54.258607+00:00,152.3,425,ask,AverageAlmonds,YieldingYams,12538235
2026-07-08T18:10:59.208654,2026-07-08T18:10:59.218965+00:00,152.5,200,bid,WavyWalnuts,YieldingYams,12538294
2026-07-08T18:11:00.417939,2026-07-08T18:11:00.426955+00:00,152.6,200,bid,WavyWalnuts,YieldingYams,12538313
2026-07-08T18:11:02.127619,2026-07-08T18:11:02.131750+00:00,152.6,3,ask,YieldingYams,Xuanyu Liu,12538333
2026-07-08T18:11:05.266451,2026-07-08T18:11:05.274728+00:00,152.7,200,ask,YieldingYams,WavyWalnuts,12538375
2026-07-08T18:11:06.062588,2026-07-08T18:11:06.066275+00:00,152.8,3,bid,Xuanyu Liu,YieldingYams,12538391
2026-07-08T18:11:06.487616,2026-07-08T18:11:06.491601+00:00,152.7,11,bid,Xuanyu Liu,WavyWalnuts,12538394
2026-07-08T18:11:09.452231,2026-07-08T18:11:09.458593+00:00,152.7,20,bid,BrilliantBurritos,YieldingYams,12538441
2026-07-08T18:11:11.625189,2026-07-08T18:11:11.635667+00:00,152.7,20,ask,YieldingYams,BrilliantBurritos,12538474
2026-07-08T18:11:12.191373,2026-07-08T18:11:12.200579+00:00,152.7,20,ask,YieldingYams,BrilliantBurritos,12538481
2026-07-08T18:11:17.835136,2026-07-08T18:11:17.845506+00:00,152.8,200,ask,WavyWalnuts,YieldingYams,12538538
2026-07-08T18:11:18.388508,2026-07-08T18:11:18.400289+00:00,152.5,20,ask,YieldingYams,BrilliantBurritos,12538545
2026-07-08T18:11:18.574974,2026-07-08T18:11:18.584858+00:00,152.7,200,bid,WavyWalnuts,YieldingYams,12538547
2026-07-08T18:11:19.159993,2026-07-08T18:11:19.168698+00:00,152.7,500,bid,YieldingYams,AverageAlmonds,12538551
2026-07-08T18:11:19.224895,2026-07-08T18:11:19.230845+00:00,152.8,11,ask,YieldingYams,Xuanyu Liu,12538554
2026-07-08T18:11:19.737117,2026-07-08T18:11:19.745135+00:00,152.8,114,ask,YieldingYams,AverageAlmonds,12538562
2026-07-08T18:11:19.785099,2026-07-08T18:11:19.794365+00:00,152.6,200,bid,WavyWalnuts,AverageAlmonds,12538564
2026-07-08T18:11:20.996639,2026-07-08T18:11:21.007517+00:00,152.7,200,bid,WavyWalnuts,AverageAlmonds,12538576
2026-07-08T18:11:24.899481,2026-07-08T18:11:24.903421+00:00,152.7,11,bid,Xuanyu Liu,YieldingYams,12538637
2026-07-08T18:11:25.738869,2026-07-08T18:11:25.742951+00:00,152.5,23,bid,Xuanyu Liu,YieldingYams,12538643
2026-07-08T18:11:28.725967,2026-07-08T18:11:28.729801+00:00,152.6,3,bid,Xuanyu Liu,WavyWalnuts,12538674
2026-07-08T18:11:30.964125,2026-07-08T18:11:30.975558+00:00,152.4,200,ask,WavyWalnuts,YieldingYams,12538708
2026-07-08T18:11:31.891985,2026-07-08T18:11:31.901692+00:00,152.4,200,bid,WavyWalnuts,YieldingYams,12538722
2026-07-08T18:11:33.108328,2026-07-08T18:11:33.114945+00:00,152.4,200,ask,YieldingYams,WavyWalnuts,12538744
2026-07-08T18:11:37.964215,2026-07-08T18:11:37.975357+00:00,152.5,200,bid,WavyWalnuts,YieldingYams,12538814
2026-07-08T18:11:39.176856,2026-07-08T18:11:39.184543+00:00,152.5,200,bid,WavyWalnuts,YieldingYams,12538833
2026-07-08T18:11:40.245002,2026-07-08T18:11:40.255318+00:00,152.3,20,ask,YieldingYams,BrilliantBurritos,12538851
2026-07-08T18:11:40.386543,2026-07-08T18:11:40.396629+00:00,152.6,200,bid,WavyWalnuts,YieldingYams,12538858
2026-07-08T18:11:41.596604,2026-07-08T18:11:41.604287+00:00,152.6,200,bid,WavyWalnuts,YieldingYams,12538875
2026-07-08T18:11:42.815415,2026-07-08T18:11:42.819337+00:00,152.8,3,ask,WavyWalnuts,Xuanyu Liu,12538896
2026-07-08T18:11:42.825089,2026-07-08T18:11:42.828892+00:00,152.8,11,ask,WavyWalnuts,Xuanyu Liu,12538898
2026-07-08T18:11:43.979719,2026-07-08T18:11:44.058673+00:00,152.8,186,ask,WavyWalnuts,AverageAlmonds,12538916
2026-07-08T18:11:44.015322,2026-07-08T18:11:44.069650+00:00,152.8,200,bid,WavyWalnuts,AverageAlmonds,12538918
2026-07-08T18:11:44.489143,2026-07-08T18:11:44.493088+00:00,152.8,14,bid,Xuanyu Liu,AverageAlmonds,12538925
2026-07-08T18:11:45.225282,2026-07-08T18:11:45.234421+00:00,152.8,200,bid,WavyWalnuts,AverageAlmonds,12538940
2026-07-08T18:11:45.788452,2026-07-08T18:11:45.799541+00:00,152.7,500,ask,YieldingYams,AverageAlmonds,12538947
2026-07-08T18:11:46.383469,2026-07-08T18:11:46.394599+00:00,152.7,125,ask,YieldingYams,AverageAlmonds,12538952
2026-07-08T18:11:46.434758,2026-07-08T18:11:46.442721+00:00,152.6,200,bid,WavyWalnuts,AverageAlmonds,12538955
2026-07-08T18:11:47.662075,2026-07-08T18:11:47.665891+00:00,152.6,3,ask,WavyWalnuts,Xuanyu Liu,12538975
2026-07-08T18:11:49.357572,2026-07-08T18:11:49.360964+00:00,152.7,11,ask,YieldingYams,Xuanyu Liu,12538994
2026-07-08T18:11:50.038576,2026-07-08T18:11:50.049324+00:00,152.7,500,ask,YieldingYams,AverageAlmonds,12539009
2026-07-08T18:11:50.635659,2026-07-08T18:11:50.645353+00:00,152.7,114,ask,YieldingYams,AverageAlmonds,12539012
2026-07-08T18:11:50.658816,2026-07-08T18:11:50.668795+00:00,152.6,200,ask,WavyWalnuts,YieldingYams,12539013
2026-07-08T18:11:53.712175,2026-07-08T18:11:53.720135+00:00,152.5,200,bid,WavyWalnuts,YieldingYams,12539054
2026-07-08T18:11:54.716825,2026-07-08T18:11:54.727311+00:00,152.4,20,ask,YieldingYams,BrilliantBurritos,12539073
2026-07-08T18:11:55.903772,2026-07-08T18:11:55.910843+00:00,152.6,200,bid,YieldingYams,WavyWalnuts,12539089
2026-07-08T18:11:55.903772,2026-07-08T18:11:55.915891+00:00,152.6,425,bid,YieldingYams,AverageAlmonds,12539090
2026-07-08T18:11:56.163983,2026-07-08T18:11:56.167417+00:00,152.6,12,ask,WavyWalnuts,Xuanyu Liu,12539094
2026-07-08T18:11:57.220433,2026-07-08T18:11:57.227492+00:00,152.6,188,ask,WavyWalnuts,YieldingYams,12539105
2026-07-08T18:11:59.335513,2026-07-08T18:11:59.347672+00:00,152.6,20,ask,YieldingYams,BrilliantBurritos,12539137
2026-07-08T18:12:00.937594,2026-07-08T18:12:00.945959+00:00,152.6,500,ask,YieldingYams,AverageAlmonds,12539150
2026-07-08T18:12:00.978010,2026-07-08T18:12:00.989978+00:00,152.6,125,ask,YieldingYams,WavyWalnuts,12539152
2026-07-08T18:12:04.610512,2026-07-08T18:12:04.621717+00:00,152.5,200,bid,WavyWalnuts,YieldingYams,12539191
2026-07-08T18:12:05.820186,2026-07-08T18:12:05.827378+00:00,152.5,200,bid,WavyWalnuts,YieldingYams,12539211
2026-07-08T18:12:06.700449,2026-07-08T18:12:06.704446+00:00,152.4,11,ask,YieldingYams,Xuanyu Liu,12539229
2026-07-08T18:12:07.045269,2026-07-08T18:12:07.049535+00:00,152.5,12,ask,WavyWalnuts,Xuanyu Liu,12539233
2026-07-08T18:12:08.254817,2026-07-08T18:12:08.258613+00:00,152.6,11,ask,WavyWalnuts,Xuanyu Liu,12539246
2026-07-08T18:12:09.017534,2026-07-08T18:12:09.028625+00:00,152.6,189,ask,WavyWalnuts,YieldingYams,12539264
2026-07-08T18:12:10.573622,2026-07-08T18:12:10.580378+00:00,152.5,20,ask,WavyWalnuts,BrilliantBurritos,12539288
2026-07-08T18:12:10.659413,2026-07-08T18:12:10.669025+00:00,152.6,200,bid,WavyWalnuts,YieldingYams,12539289
2026-07-08T18:12:11.640444,2026-07-08T18:12:11.649108+00:00,152.6,20,ask,YieldingYams,BrilliantBurritos,12539306
2026-07-08T18:12:11.874157,2026-07-08T18:12:11.884310+00:00,152.6,200,ask,YieldingYams,WavyWalnuts,12539309
2026-07-08T18:12:17.293109,2026-07-08T18:12:17.300769+00:00,152.8,20,bid,BrilliantBurritos,WavyWalnuts,12539392
2026-07-08T18:12:19.509408,2026-07-08T18:12:19.518928+00:00,152.8,500,bid,YieldingYams,AverageAlmonds,12539433
2026-07-08T18:12:19.509408,2026-07-08T18:12:19.518928+00:00,152.9,125,bid,YieldingYams,WavyWalnuts,12539434
2026-07-08T18:12:19.690408,2026-07-08T18:12:19.699997+00:00,152.7,200,ask,WavyWalnuts,AverageAlmonds,12539435
2026-07-08T18:12:20.335258,2026-07-08T18:12:20.346555+00:00,152.7,200,bid,WavyWalnuts,AverageAlmonds,12539440
2026-07-08T18:12:21.545015,2026-07-08T18:12:21.554396+00:00,152.7,200,bid,WavyWalnuts,YieldingYams,12539456
2026-07-08T18:12:23.467647,2026-07-08T18:12:23.473330+00:00,152.8,11,ask,YieldingYams,Xuanyu Liu,12539487
2026-07-08T18:12:23.919473,2026-07-08T18:12:23.927493+00:00,152.8,500,ask,YieldingYams,AverageAlmonds,12539489
2026-07-08T18:12:24.754171,2026-07-08T18:12:24.763833+00:00,152.7,200,ask,WavyWalnuts,YieldingYams,12539501
2026-07-08T18:12:25.117231,2026-07-08T18:12:25.128776+00:00,152.7,20,bid,BrilliantBurritos,YieldingYams,12539505
2026-07-08T18:12:25.172999,2026-07-08T18:12:25.179825+00:00,152.7,200,bid,WavyWalnuts,YieldingYams,12539507
2026-07-08T18:12:25.686099,2026-07-08T18:12:25.690070+00:00,152.4,23,ask,YieldingYams,Xuanyu Liu,12539516
2026-07-08T18:12:26.075282,2026-07-08T18:12:26.079300+00:00,152.5,6,ask,YieldingYams,Xuanyu Liu,12539528
2026-07-08T18:12:27.373542,2026-07-08T18:12:27.382009+00:00,152.7,200,bid,YieldingYams,WavyWalnuts,12539550
2026-07-08T18:12:28.576843,2026-07-08T18:12:28.588695+00:00,152.7,20,ask,YieldingYams,BrilliantBurritos,12539565
2026-07-08T18:12:32.455410,2026-07-08T18:12:32.458595+00:00,152.8,200,bid,WavyWalnuts,YieldingYams,12539626
2026-07-08T18:12:33.931837,2026-07-08T18:12:33.939932+00:00,152.6,200,ask,WavyWalnuts,YieldingYams,12539653
2026-07-08T18:12:33.946389,2026-07-08T18:12:33.950312+00:00,152.6,6,bid,Xuanyu Liu,YieldingYams,12539655
2026-07-08T18:12:34.872455,2026-07-08T18:12:34.880435+00:00,152.6,200,bid,WavyWalnuts,YieldingYams,12539663
2026-07-08T18:12:36.082170,2026-07-08T18:12:36.092539+00:00,152.6,200,ask,YieldingYams,WavyWalnuts,12539676
2026-07-08T18:12:37.010865,2026-07-08T18:12:37.022606+00:00,152.4,20,ask,WavyWalnuts,BrilliantBurritos,12539691
2026-07-08T18:12:38.335172,2026-07-08T18:12:38.339295+00:00,152.7,34,bid,Xuanyu Liu,WavyWalnuts,12539704
2026-07-08T18:12:38.528115,2026-07-08T18:12:38.531480+00:00,152.6,11,bid,Xuanyu Liu,WavyWalnuts,12539709
2026-07-08T18:12:39.188673,2026-07-08T18:12:39.199547+00:00,152.6,189,bid,YieldingYams,WavyWalnuts,12539713
2026-07-08T18:12:50.946733,2026-07-08T18:12:50.951270+00:00,153.1,23,bid,Xuanyu Liu,WavyWalnuts,12539873
2026-07-08T18:12:52.316160,2026-07-08T18:12:52.320024+00:00,153.0,12,bid,Xuanyu Liu,YieldingYams,12539889
2026-07-08T18:12:54.159710,2026-07-08T18:12:54.163589+00:00,152.9,12,ask,YieldingYams,Xuanyu Liu,12539917
2026-07-08T18:12:54.266598,2026-07-08T18:12:54.276433+00:00,152.9,200,ask,YieldingYams,WavyWalnuts,12539920
2026-07-08T18:12:56.321762,2026-07-08T18:12:56.333433+00:00,153.0,200,bid,YieldingYams,WavyWalnuts,12539948
2026-07-08T18:12:56.340852,2026-07-08T18:12:56.345026+00:00,153.0,11,ask,YieldingYams,Xuanyu Liu,12539950
2026-07-08T18:13:01.315390,2026-07-08T18:13:01.326847+00:00,153.1,20,ask,WavyWalnuts,BrilliantBurritos,12540006
2026-07-08T18:13:01.523061,2026-07-08T18:13:01.530183+00:00,153.2,200,bid,WavyWalnuts,YieldingYams,12540007
2026-07-08T18:13:01.635211,2026-07-08T18:13:01.644570+00:00,153.0,20,ask,YieldingYams,BrilliantBurritos,12540009
2026-07-08T18:13:03.954902,2026-07-08T18:13:03.965184+00:00,153.1,200,ask,YieldingYams,WavyWalnuts,12540036
2026-07-08T18:13:04.400451,2026-07-08T18:13:04.411878+00:00,153.2,20,bid,BrilliantBurritos,AverageAlmonds,12540045
2026-07-08T18:13:05.167494,2026-07-08T18:13:05.174651+00:00,153.0,200,ask,YieldingYams,WavyWalnuts,12540055
2026-07-08T18:13:05.537313,2026-07-08T18:13:05.541664+00:00,153.1,11,bid,Xuanyu Liu,YieldingYams,12540060
2026-07-08T18:13:06.827346,2026-07-08T18:13:06.835018+00:00,153.1,200,bid,YieldingYams,WavyWalnuts,12540074
2026-07-08T18:13:07.493556,2026-07-08T18:13:07.505019+00:00,153.1,20,ask,YieldingYams,BrilliantBurritos,12540084
2026-07-08T18:13:07.560982,2026-07-08T18:13:07.572139+00:00,153.1,405,ask,YieldingYams,AverageAlmonds,12540085
2026-07-08T18:13:08.137901,2026-07-08T18:13:08.145105+00:00,153.0,200,ask,WavyWalnuts,YieldingYams,12540096
2026-07-08T18:13:08.792139,2026-07-08T18:13:08.802759+00:00,152.9,200,bid,WavyWalnuts,YieldingYams,12540106
2026-07-08T18:13:10.004752,2026-07-08T18:13:10.011478+00:00,153.0,200,ask,YieldingYams,WavyWalnuts,12540118
2026-07-08T18:13:10.775167,2026-07-08T18:13:10.779378+00:00,153.0,12,bid,Xuanyu Liu,YieldingYams,12540132
2026-07-08T18:13:12.447293,2026-07-08T18:13:12.451961+00:00,152.9,11,bid,Xuanyu Liu,WavyWalnuts,12540153
2026-07-08T18:13:14.706764,2026-07-08T18:13:14.711254+00:00,152.7,3,bid,Xuanyu Liu,YieldingYams,12540178
2026-07-08T18:13:18.118429,2026-07-08T18:13:18.126671+00:00,152.7,20,bid,BrilliantBurritos,WavyWalnuts,12540231
2026-07-08T18:13:20.021229,2026-07-08T18:13:20.032939+00:00,152.6,20,bid,BrilliantBurritos,WavyWalnuts,12540268
2026-07-08T18:13:21.477378,2026-07-08T18:13:21.485119+00:00,152.6,200,bid,AverageAlmonds,WavyWalnuts,12540295
2026-07-08T18:13:22.652266,2026-07-08T18:13:22.656449+00:00,152.6,14,ask,AverageAlmonds,Xuanyu Liu,12540314
2026-07-08T18:13:23.285696,2026-07-08T18:13:23.295029+00:00,152.7,500,bid,AverageAlmonds,YieldingYams,12540322
2026-07-08T18:13:23.349139,2026-07-08T18:13:23.371657+00:00,152.7,125,bid,WavyWalnuts,YieldingYams,12540323
2026-07-08T18:13:23.367562,2026-07-08T18:13:23.371657+00:00,152.8,23,ask,WavyWalnuts,Xuanyu Liu,12540325
2026-07-08T18:13:23.938423,2026-07-08T18:13:23.953635+00:00,153.0,20,ask,YieldingYams,Xuanyu Liu,12540336
2026-07-08T18:13:24.560524,2026-07-08T18:13:24.571022+00:00,153.0,200,ask,YieldingYams,WavyWalnuts,12540345
2026-07-08T18:13:25.336129,2026-07-08T18:13:25.340015+00:00,153.0,31,bid,Xuanyu Liu,YieldingYams,12540366
2026-07-08T18:13:25.762327,2026-07-08T18:13:25.765994+00:00,153.0,12,bid,Xuanyu Liu,YieldingYams,12540373
2026-07-08T18:13:26.985525,2026-07-08T18:13:27.009318+00:00,153.0,200,bid,WavyWalnuts,YieldingYams,12540384
2026-07-08T18:13:30.612102,2026-07-08T18:13:30.620764+00:00,152.9,200,ask,AverageAlmonds,WavyWalnuts,12540436
2026-07-08T18:13:31.828375,2026-07-08T18:13:31.832409+00:00,153.0,12,ask,AverageAlmonds,Xuanyu Liu,12540458
2026-07-08T18:13:31.834185,2026-07-08T18:13:31.848013+00:00,153.0,200,ask,AverageAlmonds,WavyWalnuts,12540459
2026-07-08T18:13:31.837210,2026-07-08T18:13:31.848013+00:00,153.0,288,ask,AverageAlmonds,YieldingYams,12540460
2026-07-08T18:13:33.146632,2026-07-08T18:13:33.153628+00:00,153.0,200,bid,YieldingYams,WavyWalnuts,12540477
2026-07-08T18:13:33.164571,2026-07-08T18:13:33.168504+00:00,153.0,11,ask,YieldingYams,Xuanyu Liu,12540479
2026-07-08T18:13:33.615479,2026-07-08T18:13:33.634663+00:00,153.1,12,ask,AverageAlmonds,Xuanyu Liu,12540482
2026-07-08T18:13:34.219249,2026-07-08T18:13:34.223450+00:00,153.2,11,ask,AverageAlmonds,Xuanyu Liu,12540489
2026-07-08T18:13:34.249900,2026-07-08T18:13:34.259683+00:00,153.2,200,ask,AverageAlmonds,WavyWalnuts,12540491
2026-07-08T18:13:35.242468,2026-07-08T18:13:35.246694+00:00,153.3,11,bid,Xuanyu Liu,YieldingYams,12540509
2026-07-08T18:13:35.480314,2026-07-08T18:13:35.483732+00:00,153.2,12,bid,Xuanyu Liu,WavyWalnuts,12540513
2026-07-08T18:13:36.003115,2026-07-08T18:13:36.013259+00:00,153.2,188,bid,AverageAlmonds,WavyWalnuts,12540518
2026-07-08T18:13:36.003115,2026-07-08T18:13:36.013259+00:00,153.2,312,bid,AverageAlmonds,YieldingYams,12540519
2026-07-08T18:13:36.596190,2026-07-08T18:13:36.605305+00:00,153.2,313,bid,AverageAlmonds,YieldingYams,12540529
2026-07-08T18:13:36.673512,2026-07-08T18:13:36.681718+00:00,153.3,187,ask,AverageAlmonds,WavyWalnuts,12540532
2026-07-08T18:13:37.074124,2026-07-08T18:13:37.083311+00:00,153.2,13,bid,YieldingYams,WavyWalnuts,12540535
2026-07-08T18:13:37.885607,2026-07-08T18:13:37.895851+00:00,153.3,200,ask,YieldingYams,WavyWalnuts,12540552
2026-07-08T18:13:39.092260,2026-07-08T18:13:39.102143+00:00,153.3,200,ask,YieldingYams,WavyWalnuts,12540565
2026-07-08T18:13:39.693625,2026-07-08T18:13:39.700807+00:00,153.3,500,ask,AverageAlmonds,YieldingYams,12540573
2026-07-08T18:13:39.712679,2026-07-08T18:13:39.716197+00:00,153.3,11,bid,Xuanyu Liu,YieldingYams,12540575
2026-07-08T18:13:40.243160,2026-07-08T18:13:40.250833+00:00,153.3,114,bid,AverageAlmonds,YieldingYams,12540579
2026-07-08T18:13:40.300875,2026-07-08T18:13:40.308585+00:00,153.4,200,ask,AverageAlmonds,WavyWalnuts,12540581
2026-07-08T18:13:41.407626,2026-07-08T18:13:41.419136+00:00,153.4,20,ask,AverageAlmonds,BrilliantBurritos,12540596
2026-07-08T18:13:41.650376,2026-07-08T18:13:41.654469+00:00,153.5,26,bid,Xuanyu Liu,WavyWalnuts,12540603
2026-07-08T18:13:43.618133,2026-07-08T18:13:43.629139+00:00,153.5,200,bid,YieldingYams,WavyWalnuts,12540628
2026-07-08T18:13:44.406828,2026-07-08T18:13:44.418689+00:00,153.5,20,ask,YieldingYams,BrilliantBurritos,12540637
2026-07-08T18:13:45.139250,2026-07-08T18:13:45.158620+00:00,153.6,200,bid,WavyWalnuts,YieldingYams,12540650
2026-07-08T18:13:45.704211,2026-07-08T18:13:45.711090+00:00,153.6,425,bid,AverageAlmonds,YieldingYams,12540656
2026-07-08T18:13:51.474290,2026-07-08T18:13:51.484242+00:00,153.6,200,ask,WavyWalnuts,YieldingYams,12540756
2026-07-08T18:13:52.411608,2026-07-08T18:13:52.421354+00:00,153.6,200,bid,WavyWalnuts,YieldingYams,12540772
2026-07-08T18:13:53.737045,2026-07-08T18:13:53.749001+00:00,153.6,20,ask,YieldingYams,BrilliantBurritos,12540794
2026-07-08T18:13:57.260168,2026-07-08T18:13:57.269345+00:00,153.6,200,bid,WavyWalnuts,YieldingYams,12540849
2026-07-08T18:14:02.682735,2026-07-08T18:14:02.689940+00:00,153.7,20,ask,AverageAlmonds,BrilliantBurritos,12540918
2026-07-08T18:14:03.316742,2026-07-08T18:14:03.328025+00:00,153.7,500,ask,AverageAlmonds,YieldingYams,12540929
2026-07-08T18:14:03.869331,2026-07-08T18:14:03.877614+00:00,153.7,125,bid,AverageAlmonds,YieldingYams,12540933
2026-07-08T18:14:03.869331,2026-07-08T18:14:03.877614+00:00,153.7,200,bid,AverageAlmonds,WavyWalnuts,12540934
2026-07-08T18:14:06.916949,2026-07-08T18:14:06.921008+00:00,153.9,26,bid,Xuanyu Liu,WavyWalnuts,12540977
2026-07-08T18:14:14.243656,2026-07-08T18:14:14.264136+00:00,154.0,200,bid,WavyWalnuts,YieldingYams,12541073
2026-07-08T18:14:14.327911,2026-07-08T18:14:14.339800+00:00,154.0,20,bid,BrilliantBurritos,YieldingYams,12541074
2026-07-08T18:14:15.116180,2026-07-08T18:14:15.120449+00:00,154.0,12,ask,YieldingYams,Xuanyu Liu,12541079
2026-07-08T18:14:17.744611,2026-07-08T18:14:17.748791+00:00,154.1,12,bid,Xuanyu Liu,YieldingYams,12541112
2026-07-08T18:14:19.653113,2026-07-08T18:14:19.677592+00:00,154.1,11,bid,Xuanyu Liu,WavyWalnuts,12541132
2026-07-08T18:14:20.297449,2026-07-08T18:14:20.307163+00:00,154.0,200,ask,YieldingYams,WavyWalnuts,12541140
2026-07-08T18:14:20.358071,2026-07-08T18:14:20.362221+00:00,154.0,12,bid,Xuanyu Liu,YieldingYams,12541142
2026-07-08T18:14:22.725698,2026-07-08T18:14:22.733393+00:00,153.8,200,ask,YieldingYams,WavyWalnuts,12541187
2026-07-08T18:14:23.607518,2026-07-08T18:14:23.619506+00:00,153.7,20,ask,YieldingYams,BrilliantBurritos,12541198
2026-07-08T18:14:24.266179,2026-07-08T18:14:24.277646+00:00,153.8,200,bid,YieldingYams,WavyWalnuts,12541212
2026-07-08T18:14:24.512744,2026-07-08T18:14:24.526618+00:00,154.0,20,bid,BrilliantBurritos,YieldingYams,12541215
2026-07-08T18:14:25.142636,2026-07-08T18:14:25.152165+00:00,153.8,200,ask,YieldingYams,WavyWalnuts,12541223
2026-07-08T18:14:28.243845,2026-07-08T18:14:28.258582+00:00,153.8,200,bid,YieldingYams,WavyWalnuts,12541262
2026-07-08T18:14:29.989868,2026-07-08T18:14:29.999744+00:00,153.9,200,bid,WavyWalnuts,YieldingYams,12541288
2026-07-08T18:14:30.592026,2026-07-08T18:14:30.607683+00:00,153.9,20,bid,BrilliantBurritos,YieldingYams,12541300
2026-07-08T18:14:33.172751,2026-07-08T18:14:33.184374+00:00,153.9,20,bid,BrilliantBurritos,YieldingYams,12541338
2026-07-08T18:14:34.794138,2026-07-08T18:14:34.805493+00:00,154.0,200,bid,YieldingYams,WavyWalnuts,12541354
2026-07-08T18:14:34.860558,2026-07-08T18:14:34.869200+00:00,154.0,200,ask,YieldingYams,WavyWalnuts,12541358
2026-07-08T18:14:35.630074,2026-07-08T18:14:35.640250+00:00,154.0,20,ask,YieldingYams,BrilliantBurritos,12541374
2026-07-08T18:14:37.414579,2026-07-08T18:14:37.421512+00:00,153.9,200,bid,YieldingYams,WavyWalnuts,12541396
2026-07-08T18:14:38.483691,2026-07-08T18:14:38.492136+00:00,153.9,200,ask,YieldingYams,WavyWalnuts,12541410
2026-07-08T18:14:38.618654,2026-07-08T18:14:38.622062+00:00,153.9,46,ask,YieldingYams,Xuanyu Liu,12541413
2026-07-08T18:14:40.904643,2026-07-08T18:14:40.912019+00:00,153.8,200,ask,YieldingYams,WavyWalnuts,12541442
2026-07-08T18:14:44.537324,2026-07-08T18:14:44.546329+00:00,153.9,200,bid,WavyWalnuts,YieldingYams,12541484
2026-07-08T18:14:45.279606,2026-07-08T18:14:45.283513+00:00,153.8,3,ask,YieldingYams,Xuanyu Liu,12541502
2026-07-08T18:14:47.884099,2026-07-08T18:14:47.890986+00:00,153.9,200,bid,YieldingYams,WavyWalnuts,12541540
2026-07-08T18:14:48.852897,2026-07-08T18:14:48.858627+00:00,154.0,20,bid,BrilliantBurritos,WavyWalnuts,12541555
2026-07-08T18:14:52.234869,2026-07-08T18:14:52.246381+00:00,153.9,20,ask,WavyWalnuts,BrilliantBurritos,12541599
2026-07-08T18:14:55.768573,2026-07-08T18:14:55.776083+00:00,154.0,200,bid,YieldingYams,WavyWalnuts,12541649
2026-07-08T18:14:56.641319,2026-07-08T18:14:56.658596+00:00,154.1,200,ask,YieldingYams,WavyWalnuts,12541659
2026-07-08T18:14:57.849130,2026-07-08T18:14:57.854433+00:00,154.1,200,ask,YieldingYams,WavyWalnuts,12541676
2026-07-08T18:15:01.481986,2026-07-08T18:15:01.491596+00:00,154.2,200,bid,WavyWalnuts,YieldingYams,12541717
2026-07-08T18:15:04.960974,2026-07-08T18:15:04.972380+00:00,154.3,200,bid,YieldingYams,WavyWalnuts,12541756
2026-07-08T18:15:06.315266,2026-07-08T18:15:06.323364+00:00,154.4,200,bid,WavyWalnuts,YieldingYams,12541775
2026-07-08T18:15:06.629981,2026-07-08T18:15:06.641447+00:00,154.4,20,bid,BrilliantBurritos,YieldingYams,12541776
2026-07-08T18:15:07.792909,2026-07-08T18:15:07.804492+00:00,154.5,20,bid,BrilliantBurritos,AverageAlmonds,12541787
2026-07-08T18:15:09.953972,2026-07-08T18:15:09.958613+00:00,154.3,200,ask,YieldingYams,WavyWalnuts,12541809
2026-07-08T18:15:10.210160,2026-07-08T18:15:10.220931+00:00,154.4,500,bid,YieldingYams,AverageAlmonds,12541813
2026-07-08T18:15:10.501229,2026-07-08T18:15:10.512135+00:00,154.4,125,ask,YieldingYams,AverageAlmonds,12541817
2026-07-08T18:15:12.829355,2026-07-08T18:15:12.840662+00:00,154.2,200,bid,YieldingYams,WavyWalnuts,12541855
2026-07-08T18:15:12.829355,2026-07-08T18:15:12.840662+00:00,154.3,425,bid,YieldingYams,AverageAlmonds,12541856
2026-07-08T18:15:14.795105,2026-07-08T18:15:14.806364+00:00,154.2,200,bid,WavyWalnuts,YieldingYams,12541877
2026-07-08T18:15:16.048819,2026-07-08T18:15:16.058606+00:00,154.3,20,bid,BrilliantBurritos,YieldingYams,12541887
2026-07-08T18:15:16.606944,2026-07-08T18:15:16.610719+00:00,154.0,3,ask,YieldingYams,Xuanyu Liu,12541901
2026-07-08T18:15:19.266312,2026-07-08T18:15:19.270117+00:00,154.0,11,ask,YieldingYams,Xuanyu Liu,12541944
2026-07-08T18:15:20.869539,2026-07-08T18:15:20.873340+00:00,154.1,12,ask,WavyWalnuts,Xuanyu Liu,12541960
2026-07-08T18:15:22.047955,2026-07-08T18:15:22.058553+00:00,154.1,188,ask,WavyWalnuts,YieldingYams,12541984
2026-07-08T18:15:22.921641,2026-07-08T18:15:22.925994+00:00,154.0,11,ask,WavyWalnuts,Xuanyu Liu,12542006
2026-07-08T18:15:23.272255,2026-07-08T18:15:23.282307+00:00,154.1,200,bid,WavyWalnuts,YieldingYams,12542013
2026-07-08T18:15:28.589972,2026-07-08T18:15:28.601025+00:00,154.0,200,ask,WavyWalnuts,YieldingYams,12542091
2026-07-08T18:15:30.119358,2026-07-08T18:15:30.131341+00:00,154.0,20,bid,BrilliantBurritos,WavyWalnuts,12542108
2026-07-08T18:15:31.213454,2026-07-08T18:15:31.219983+00:00,154.0,200,bid,YieldingYams,WavyWalnuts,12542130
2026-07-08T18:15:32.989425,2026-07-08T18:15:32.993812+00:00,154.1,11,bid,Xuanyu Liu,WavyWalnuts,12542165
2026-07-08T18:15:33.835469,2026-07-08T18:15:33.842317+00:00,154.1,189,bid,YieldingYams,WavyWalnuts,12542176
2026-07-08T18:15:36.606128,2026-07-08T18:15:36.617559+00:00,154.1,200,ask,YieldingYams,WavyWalnuts,12542215
2026-07-08T18:15:36.932430,2026-07-08T18:15:36.944081+00:00,154.3,20,bid,BrilliantBurritos,YieldingYams,12542222
2026-07-08T18:15:37.816043,2026-07-08T18:15:37.822590+00:00,154.1,200,ask,AverageAlmonds,WavyWalnuts,12542242
2026-07-08T18:15:48.164883,2026-07-08T18:15:48.168753+00:00,154.3,12,bid,Xuanyu Liu,WavyWalnuts,12542393
2026-07-08T18:15:50.686180,2026-07-08T18:15:50.698009+00:00,154.3,20,bid,BrilliantBurritos,YieldingYams,12542427
2026-07-08T18:15:51.133622,2026-07-08T18:15:51.141869+00:00,154.3,200,bid,WavyWalnuts,YieldingYams,12542430
2026-07-08T18:15:52.509575,2026-07-08T18:15:52.521180+00:00,154.5,20,bid,BrilliantBurritos,YieldingYams,12542447
2026-07-08T18:15:54.494592,2026-07-08T18:15:54.498335+00:00,154.4,14,bid,Xuanyu Liu,YieldingYams,12542461
2026-07-08T18:15:57.547545,2026-07-08T18:15:57.559257+00:00,154.4,20,bid,BrilliantBurritos,AverageAlmonds,12542500
2026-07-08T18:15:59.710014,2026-07-08T18:15:59.721793+00:00,154.5,20,bid,BrilliantBurritos,YieldingYams,12542524
2026-07-08T18:16:00.755542,2026-07-08T18:16:00.758595+00:00,154.4,200,ask,WavyWalnuts,AverageAlmonds,12542537
2026-07-08T18:16:01.379283,2026-07-08T18:16:01.387261+00:00,154.4,200,bid,YieldingYams,WavyWalnuts,12542548
2026-07-08T18:16:02.009121,2026-07-08T18:16:02.017700+00:00,154.4,200,ask,YieldingYams,WavyWalnuts,12542553
2026-07-08T18:16:03.999082,2026-07-08T18:16:04.005909+00:00,154.2,200,ask,WavyWalnuts,YieldingYams,12542585
2026-07-08T18:16:04.017336,2026-07-08T18:16:04.021385+00:00,154.2,3,bid,Xuanyu Liu,YieldingYams,12542587
2026-07-08T18:16:04.426931,2026-07-08T18:16:04.433710+00:00,154.2,200,bid,WavyWalnuts,YieldingYams,12542593
2026-07-08T18:16:05.639531,2026-07-08T18:16:05.648133+00:00,154.3,200,ask,YieldingYams,WavyWalnuts,12542612
2026-07-08T18:16:05.936027,2026-07-08T18:16:05.945982+00:00,154.5,20,bid,BrilliantBurritos,YieldingYams,12542615
2026-07-08T18:16:11.910566,2026-07-08T18:16:11.930413+00:00,154.2,200,ask,WavyWalnuts,YieldingYams,12542702
2026-07-08T18:16:11.926632,2026-07-08T18:16:11.930413+00:00,154.2,23,bid,Xuanyu Liu,YieldingYams,12542704
2026-07-08T18:16:12.911883,2026-07-08T18:16:12.922691+00:00,154.2,200,bid,WavyWalnuts,YieldingYams,12542714
2026-07-08T18:16:13.547155,2026-07-08T18:16:13.551134+00:00,154.2,12,ask,YieldingYams,Xuanyu Liu,12542729
2026-07-08T18:16:14.135437,2026-07-08T18:16:14.139567+00:00,154.3,11,ask,WavyWalnuts,Xuanyu Liu,12542731
2026-07-08T18:16:15.856899,2026-07-08T18:16:15.863824+00:00,154.3,200,ask,WavyWalnuts,YieldingYams,12542752
2026-07-08T18:16:16.541922,2026-07-08T18:16:16.549852+00:00,154.2,200,bid,WavyWalnuts,YieldingYams,12542763
2026-07-08T18:16:17.673750,2026-07-08T18:16:17.685506+00:00,154.2,20,bid,BrilliantBurritos,YieldingYams,12542778
2026-07-08T18:16:22.594514,2026-07-08T18:16:22.605659+00:00,154.2,200,ask,YieldingYams,WavyWalnuts,12542843
2026-07-08T18:16:23.818181,2026-07-08T18:16:23.822236+00:00,154.2,11,bid,Xuanyu Liu,WavyWalnuts,12542858
2026-07-08T18:16:30.269423,2026-07-08T18:16:30.275858+00:00,154.2,200,ask,WavyWalnuts,YieldingYams,12542941
2026-07-08T18:16:32.051831,2026-07-08T18:16:32.056284+00:00,154.2,20,bid,BrilliantBurritos,YieldingYams,12542965
2026-07-08T18:16:32.095607,2026-07-08T18:16:32.099967+00:00,154.1,11,ask,WavyWalnuts,Xuanyu Liu,12542967
2026-07-08T18:16:32.893180,2026-07-08T18:16:32.905972+00:00,154.1,200,ask,WavyWalnuts,YieldingYams,12542983
2026-07-08T18:16:35.696448,2026-07-08T18:16:35.700322+00:00,154.1,3,ask,WavyWalnuts,Xuanyu Liu,12543025
2026-07-08T18:16:36.821007,2026-07-08T18:16:36.832373+00:00,154.1,200,ask,WavyWalnuts,YieldingYams,12543043
2026-07-08T18:16:37.075205,2026-07-08T18:16:37.082707+00:00,154.1,425,bid,AverageAlmonds,YieldingYams,12543048
2026-07-08T18:16:38.128478,2026-07-08T18:16:38.136949+00:00,154.2,200,bid,YieldingYams,WavyWalnuts,12543068
2026-07-08T18:16:38.358104,2026-07-08T18:16:38.369908+00:00,154.3,200,ask,YieldingYams,WavyWalnuts,12543070
2026-07-08T18:16:39.459379,2026-07-08T18:16:39.463339+00:00,154.3,14,bid,Xuanyu Liu,YieldingYams,12543085
2026-07-08T18:16:40.038289,2026-07-08T18:16:40.049974+00:00,154.3,20,bid,BrilliantBurritos,YieldingYams,12543093
2026-07-08T18:16:40.765249,2026-07-08T18:16:40.773986+00:00,154.2,200,ask,WavyWalnuts,YieldingYams,12543104
2026-07-08T18:16:40.772727,2026-07-08T18:16:40.794479+00:00,154.2,200,bid,WavyWalnuts,YieldingYams,12543105
2026-07-08T18:16:40.790448,2026-07-08T18:16:40.794479+00:00,154.2,12,bid,Xuanyu Liu,YieldingYams,12543108
2026-07-08T18:16:41.326981,2026-07-08T18:16:41.334573+00:00,154.2,213,bid,AverageAlmonds,YieldingYams,12543112
2026-07-08T18:16:43.384909,2026-07-08T18:16:43.407796+00:00,154.3,200,bid,YieldingYams,WavyWalnuts,12543141
2026-07-08T18:16:43.403457,2026-07-08T18:16:43.407796+00:00,154.3,12,ask,YieldingYams,Xuanyu Liu,12543143
2026-07-08T18:16:44.425347,2026-07-08T18:16:44.429064+00:00,154.4,11,ask,WavyWalnuts,Xuanyu Liu,12543150
2026-07-08T18:16:45.128136,2026-07-08T18:16:45.132753+00:00,154.5,23,bid,Xuanyu Liu,YieldingYams,12543163
2026-07-08T18:16:45.172299,2026-07-08T18:16:45.179176+00:00,154.5,20,bid,BrilliantBurritos,YieldingYams,12543164
2026-07-08T18:16:45.610519,2026-07-08T18:16:45.620803+00:00,154.5,200,bid,WavyWalnuts,YieldingYams,12543177
2026-07-08T18:16:54.669730,2026-07-08T18:16:54.673508+00:00,154.6,12,ask,YieldingYams,Xuanyu Liu,12543297
2026-07-08T18:16:55.186897,2026-07-08T18:16:55.191137+00:00,154.7,11,ask,YieldingYams,Xuanyu Liu,12543303
2026-07-08T18:16:56.498103,2026-07-08T18:16:56.505009+00:00,154.8,200,bid,YieldingYams,WavyWalnuts,12543323
2026-07-08T18:16:56.516784,2026-07-08T18:16:56.520926+00:00,154.8,3,ask,YieldingYams,Xuanyu Liu,12543325
2026-07-08T18:16:57.935251,2026-07-08T18:16:57.947143+00:00,154.9,20,bid,BrilliantBurritos,YieldingYams,12543350
2026-07-08T18:17:00.315913,2026-07-08T18:17:00.327721+00:00,154.8,20,bid,BrilliantBurritos,YieldingYams,12543388
2026-07-08T18:17:01.392817,2026-07-08T18:17:01.402876+00:00,154.6,200,ask,YieldingYams,WavyWalnuts,12543399
2026-07-08T18:17:01.771960,2026-07-08T18:17:01.775722+00:00,154.7,3,ask,YieldingYams,Xuanyu Liu,12543407
2026-07-08T18:17:02.786371,2026-07-08T18:17:02.793065+00:00,154.8,20,bid,BrilliantBurritos,WavyWalnuts,12543424
2026-07-08T18:17:03.808236,2026-07-08T18:17:03.818354+00:00,154.6,200,ask,YieldingYams,WavyWalnuts,12543439
2026-07-08T18:17:04.836870,2026-07-08T18:17:04.848339+00:00,154.5,20,ask,AverageAlmonds,BrilliantBurritos,12543449
2026-07-08T18:17:06.992959,2026-07-08T18:17:07.002460+00:00,154.5,500,ask,AverageAlmonds,YieldingYams,12543476
2026-07-08T18:17:07.432799,2026-07-08T18:17:07.440787+00:00,154.5,125,bid,WavyWalnuts,YieldingYams,12543480
2026-07-08T18:17:08.314627,2026-07-08T18:17:08.318274+00:00,154.6,11,ask,YieldingYams,Xuanyu Liu,12543496
2026-07-08T18:17:09.864931,2026-07-08T18:17:09.868981+00:00,154.7,12,ask,WavyWalnuts,Xuanyu Liu,12543521
2026-07-08T18:17:14.032152,2026-07-08T18:17:14.044973+00:00,154.8,20,ask,YieldingYams,BrilliantBurritos,12543586
2026-07-08T18:17:15.310904,2026-07-08T18:17:15.321420+00:00,155.2,20,bid,BrilliantBurritos,WavyWalnuts,12543605
2026-07-08T18:17:15.919842,2026-07-08T18:17:15.924202+00:00,155.1,11,ask,WavyWalnuts,Xuanyu Liu,12543612
2026-07-08T18:17:19.537671,2026-07-08T18:17:19.545316+00:00,155.2,200,bid,WavyWalnuts,YieldingYams,12543665
2026-07-08T18:17:21.406856,2026-07-08T18:17:21.416288+00:00,155.1,200,ask,WavyWalnuts,YieldingYams,12543693
2026-07-08T18:17:23.595802,2026-07-08T18:17:23.604523+00:00,155.2,20,bid,BrilliantBurritos,YieldingYams,12543727
2026-07-08T18:17:23.983074,2026-07-08T18:17:23.992364+00:00,155.2,20,bid,BrilliantBurritos,YieldingYams,12543731
2026-07-08T18:17:24.026966,2026-07-08T18:17:24.033843+00:00,155.2,200,bid,YieldingYams,WavyWalnuts,12543733
2026-07-08T18:17:24.044858,2026-07-08T18:17:24.048872+00:00,155.2,23,ask,YieldingYams,Xuanyu Liu,12543735
2026-07-08T18:17:25.340263,2026-07-08T18:17:25.358877+00:00,155.2,200,ask,WavyWalnuts,YieldingYams,12543754
2026-07-08T18:17:25.623585,2026-07-08T18:17:25.640115+00:00,155.2,20,bid,BrilliantBurritos,YieldingYams,12543759
2026-07-08T18:17:27.987463,2026-07-08T18:17:27.994442+00:00,155.3,200,ask,WavyWalnuts,YieldingYams,12543785
2026-07-08T18:17:29.266554,2026-07-08T18:17:29.274684+00:00,155.1,200,ask,YieldingYams,WavyWalnuts,12543803
2026-07-08T18:17:32.225909,2026-07-08T18:17:32.230363+00:00,155.2,11,bid,Xuanyu Liu,WavyWalnuts,12543840
2026-07-08T18:17:32.841822,2026-07-08T18:17:32.853390+00:00,155.2,20,bid,BrilliantBurritos,WavyWalnuts,12543851
2026-07-08T18:17:35.386768,2026-07-08T18:17:35.390353+00:00,155.2,12,bid,Xuanyu Liu,YieldingYams,12543887
2026-07-08T18:17:35.892405,2026-07-08T18:17:35.900278+00:00,155.1,200,ask,WavyWalnuts,YieldingYams,12543900
2026-07-08T18:17:35.911381,2026-07-08T18:17:35.915674+00:00,155.1,11,bid,Xuanyu Liu,YieldingYams,12543902
2026-07-08T18:17:38.785564,2026-07-08T18:17:38.797540+00:00,154.9,20,ask,WavyWalnuts,BrilliantBurritos,12543931
2026-07-08T18:17:38.991111,2026-07-08T18:17:38.995084+00:00,155.1,23,bid,Xuanyu Liu,YieldingYams,12543939
2026-07-08T18:17:43.807367,2026-07-08T18:17:43.817437+00:00,155.0,200,ask,AverageAlmonds,WavyWalnuts,12544002
2026-07-08T18:17:44.214531,2026-07-08T18:17:44.226379+00:00,155.2,20,bid,BrilliantBurritos,YieldingYams,12544007
2026-07-08T18:17:45.015042,2026-07-08T18:17:45.025561+00:00,155.0,200,ask,AverageAlmonds,WavyWalnuts,12544015
2026-07-08T18:17:46.224729,2026-07-08T18:17:46.232141+00:00,155.1,200,ask,YieldingYams,WavyWalnuts,12544035
2026-07-08T18:17:47.677490,2026-07-08T18:17:47.687585+00:00,155.2,200,ask,WavyWalnuts,YieldingYams,12544047
2026-07-08T18:17:50.967110,2026-07-08T18:17:50.974177+00:00,155.4,200,bid,AverageAlmonds,WavyWalnuts,12544087
2026-07-08T18:17:50.967110,2026-07-08T18:17:50.979468+00:00,155.4,300,bid,AverageAlmonds,YieldingYams,12544088
2026-07-08T18:17:51.588458,2026-07-08T18:17:51.598201+00:00,155.4,325,bid,AverageAlmonds,YieldingYams,12544096
2026-07-08T18:17:51.588458,2026-07-08T18:17:51.598201+00:00,155.4,175,bid,AverageAlmonds,WavyWalnuts,12544097
2026-07-08T18:17:51.613773,2026-07-08T18:17:51.624162+00:00,155.4,25,bid,YieldingYams,WavyWalnuts,12544099
2026-07-08T18:17:52.006248,2026-07-08T18:17:52.018067+00:00,155.5,20,ask,YieldingYams,BrilliantBurritos,12544104
2026-07-08T18:17:52.291809,2026-07-08T18:17:52.303405+00:00,155.5,200,ask,YieldingYams,WavyWalnuts,12544106
2026-07-08T18:17:53.424524,2026-07-08T18:17:53.428212+00:00,155.7,11,ask,AverageAlmonds,Xuanyu Liu,12544129
2026-07-08T18:17:53.503282,2026-07-08T18:17:53.512883+00:00,155.7,200,ask,AverageAlmonds,WavyWalnuts,12544131
2026-07-08T18:17:54.242018,2026-07-08T18:17:54.253174+00:00,155.7,500,ask,AverageAlmonds,YieldingYams,12544143
2026-07-08T18:17:54.605884,2026-07-08T18:17:54.613207+00:00,155.7,125,bid,AverageAlmonds,YieldingYams,12544152
2026-07-08T18:17:54.635792,2026-07-08T18:17:54.639678+00:00,155.8,12,ask,AverageAlmonds,Xuanyu Liu,12544155
2026-07-08T18:17:54.710266,2026-07-08T18:17:54.720731+00:00,155.8,200,ask,AverageAlmonds,WavyWalnuts,12544162
2026-07-08T18:17:54.807231,2026-07-08T18:17:54.810967+00:00,156.6,12,bid,Xuanyu Liu,AverageAlmonds,12544169
2026-07-08T18:17:55.564613,2026-07-08T18:17:55.568660+00:00,156.1,17,bid,Xuanyu Liu,YieldingYams,12544178
2026-07-08T18:17:55.920983,2026-07-08T18:17:55.929540+00:00,155.8,200,ask,YieldingYams,WavyWalnuts,12544185
2026-07-08T18:17:56.860847,2026-07-08T18:17:56.871438+00:00,155.9,500,ask,AverageAlmonds,YieldingYams,12544201
2026-07-08T18:17:57.014542,2026-07-08T18:17:57.023440+00:00,155.9,125,bid,AverageAlmonds,YieldingYams,12544205
2026-07-08T18:17:57.135626,2026-07-08T18:17:57.142410+00:00,155.9,200,ask,AverageAlmonds,WavyWalnuts,12544208
2026-07-08T18:17:57.305530,2026-07-08T18:17:57.316782+00:00,155.9,20,ask,AverageAlmonds,BrilliantBurritos,12544212
2026-07-08T18:17:58.346142,2026-07-08T18:17:58.355991+00:00,155.8,200,ask,YieldingYams,WavyWalnuts,12544229
2026-07-08T18:17:58.554087,2026-07-08T18:17:58.565612+00:00,155.8,20,ask,YieldingYams,BrilliantBurritos,12544233
2026-07-08T18:17:59.555201,2026-07-08T18:17:59.553802+00:00,155.9,200,ask,AverageAlmonds,WavyWalnuts,12544248
2026-07-08T18:18:00.067364,2026-07-08T18:18:00.075063+00:00,156.0,500,bid,AverageAlmonds,YieldingYams,12544251
2026-07-08T18:18:00.661637,2026-07-08T18:18:00.669000+00:00,156.0,125,bid,AverageAlmonds,YieldingYams,12544258
2026-07-08T18:18:00.755603,2026-07-08T18:18:00.760325+00:00,156.0,3,ask,AverageAlmonds,Xuanyu Liu,12544260
2026-07-08T18:18:00.776123,2026-07-08T18:18:00.786294+00:00,156.0,200,ask,AverageAlmonds,WavyWalnuts,12544263
2026-07-08T18:18:01.894074,2026-07-08T18:18:01.897939+00:00,156.1,3,ask,AverageAlmonds,Xuanyu Liu,12544271
2026-07-08T18:18:01.986555,2026-07-08T18:18:01.995928+00:00,156.1,200,ask,AverageAlmonds,WavyWalnuts,12544274
2026-07-08T18:18:05.650118,2026-07-08T18:18:05.658569+00:00,156.1,200,ask,YieldingYams,WavyWalnuts,12544323
2026-07-08T18:18:06.135475,2026-07-08T18:18:06.144156+00:00,156.3,20,bid,BrilliantBurritos,YieldingYams,12544327
2026-07-08T18:18:07.350942,2026-07-08T18:18:07.354564+00:00,156.1,200,bid,YieldingYams,WavyWalnuts,12544340
2026-07-08T18:18:09.277899,2026-07-08T18:18:09.286895+00:00,156.0,200,ask,YieldingYams,WavyWalnuts,12544369
2026-07-08T18:18:10.498399,2026-07-08T18:18:10.501836+00:00,156.0,11,ask,WavyWalnuts,Xuanyu Liu,12544386
2026-07-08T18:18:11.714362,2026-07-08T18:18:11.718429+00:00,156.1,12,ask,WavyWalnuts,Xuanyu Liu,12544407
2026-07-08T18:18:12.376411,2026-07-08T18:18:12.388024+00:00,156.1,20,ask,WavyWalnuts,BrilliantBurritos,12544419
2026-07-08T18:18:13.790043,2026-07-08T18:18:13.794279+00:00,156.0,23,ask,YieldingYams,Xuanyu Liu,12544435
2026-07-08T18:18:16.545613,2026-07-08T18:18:16.553660+00:00,156.0,200,bid,WavyWalnuts,YieldingYams,12544484
2026-07-08T18:18:16.683558,2026-07-08T18:18:16.692845+00:00,155.8,20,ask,YieldingYams,BrilliantBurritos,12544485
2026-07-08T18:18:17.754446,2026-07-08T18:18:17.758578+00:00,156.0,200,bid,WavyWalnuts,YieldingYams,12544508
2026-07-08T18:18:21.390192,2026-07-08T18:18:21.394463+00:00,156.2,11,ask,WavyWalnuts,Xuanyu Liu,12544563
2026-07-08T18:18:25.737608,2026-07-08T18:18:25.748803+00:00,156.6,200,bid,YieldingYams,WavyWalnuts,12544638
2026-07-08T18:18:26.024852,2026-07-08T18:18:26.028772+00:00,156.7,11,bid,Xuanyu Liu,AverageAlmonds,12544644
2026-07-08T18:18:26.206745,2026-07-08T18:18:26.213319+00:00,156.6,200,ask,YieldingYams,WavyWalnuts,12544649
2026-07-08T18:18:27.063910,2026-07-08T18:18:27.067629+00:00,156.6,12,bid,Xuanyu Liu,YieldingYams,12544660
2026-07-08T18:18:30.380475,2026-07-08T18:18:30.388341+00:00,156.4,200,ask,WavyWalnuts,AverageAlmonds,12544723
2026-07-08T18:18:32.126704,2026-07-08T18:18:32.136442+00:00,156.4,20,bid,BrilliantBurritos,YieldingYams,12544763
2026-07-08T18:18:33.629909,2026-07-08T18:18:33.636471+00:00,156.3,200,ask,WavyWalnuts,YieldingYams,12544782
2026-07-08T18:18:33.647652,2026-07-08T18:18:33.651584+00:00,156.2,11,bid,Xuanyu Liu,YieldingYams,12544784
2026-07-08T18:18:34.676394,2026-07-08T18:18:34.684459+00:00,156.2,200,bid,WavyWalnuts,YieldingYams,12544800
2026-07-08T18:18:37.103261,2026-07-08T18:18:37.113638+00:00,156.3,200,ask,YieldingYams,WavyWalnuts,12544837
2026-07-08T18:18:39.137167,2026-07-08T18:18:39.141016+00:00,156.1,23,ask,WavyWalnuts,Xuanyu Liu,12544870
2026-07-08T18:18:39.154195,2026-07-08T18:18:39.156284+00:00,156.1,20,ask,WavyWalnuts,BrilliantBurritos,12544872
2026-07-08T18:18:39.518776,2026-07-08T18:18:39.529461+00:00,156.2,200,bid,WavyWalnuts,YieldingYams,12544880
2026-07-08T18:18:42.795573,2026-07-08T18:18:42.804966+00:00,156.1,200,ask,WavyWalnuts,YieldingYams,12544945
2026-07-08T18:18:44.349947,2026-07-08T18:18:44.358582+00:00,156.0,200,ask,YieldingYams,WavyWalnuts,12544972
2026-07-08T18:18:45.575986,2026-07-08T18:18:45.580227+00:00,156.0,12,bid,Xuanyu Liu,WavyWalnuts,12544990
2026-07-08T18:18:46.755203,2026-07-08T18:18:46.764280+00:00,156.0,188,bid,YieldingYams,WavyWalnuts,12545005
2026-07-08T18:18:49.631339,2026-07-08T18:18:49.643185+00:00,155.9,20,ask,AverageAlmonds,BrilliantBurritos,12545042
2026-07-08T18:18:50.419959,2026-07-08T18:18:50.431799+00:00,156.0,200,ask,AverageAlmonds,WavyWalnuts,12545062
2026-07-08T18:18:50.969105,2026-07-08T18:18:50.972976+00:00,156.2,12,ask,AverageAlmonds,Xuanyu Liu,12545073
2026-07-08T18:18:51.628681,2026-07-08T18:18:51.639522+00:00,156.1,200,ask,YieldingYams,WavyWalnuts,12545085
2026-07-08T18:18:52.034749,2026-07-08T18:18:52.038636+00:00,156.3,12,bid,Xuanyu Liu,YieldingYams,12545090
2026-07-08T18:18:52.842631,2026-07-08T18:18:52.858608+00:00,156.2,200,ask,AverageAlmonds,WavyWalnuts,12545103
2026-07-08T18:18:53.325536,2026-07-08T18:18:53.348692+00:00,156.2,300,ask,AverageAlmonds,YieldingYams,12545106
2026-07-08T18:18:53.344877,2026-07-08T18:18:53.348692+00:00,156.2,11,bid,Xuanyu Liu,YieldingYams,12545108
2026-07-08T18:18:53.377597,2026-07-08T18:18:53.386438+00:00,156.2,314,bid,AverageAlmonds,YieldingYams,12545109
2026-07-08T18:18:55.957481,2026-07-08T18:18:55.964155+00:00,156.6,200,bid,YieldingYams,WavyWalnuts,12545148
2026-07-08T18:18:56.162190,2026-07-08T18:18:56.173909+00:00,156.8,20,bid,BrilliantBurritos,YieldingYams,12545151
2026-07-08T18:18:58.552499,2026-07-08T18:18:58.556785+00:00,156.5,20,ask,WavyWalnuts,BrilliantBurritos,12545189
2026-07-08T18:18:58.578585,2026-07-08T18:18:58.587875+00:00,156.5,180,ask,WavyWalnuts,YieldingYams,12545191
2026-07-08T18:18:58.593880,2026-07-08T18:18:58.597546+00:00,156.4,23,bid,Xuanyu Liu,YieldingYams,12545193
2026-07-08T18:18:58.890933,2026-07-08T18:18:58.899426+00:00,156.4,200,bid,WavyWalnuts,YieldingYams,12545197
2026-07-08T18:19:04.891842,2026-07-08T18:19:04.903679+00:00,156.4,200,ask,WavyWalnuts,AverageAlmonds,12545298
2026-07-08T18:19:04.947452,2026-07-08T18:19:04.966782+00:00,156.4,200,bid,WavyWalnuts,AverageAlmonds,12545302
2026-07-08T18:19:05.125775,2026-07-08T18:19:05.135496+00:00,156.4,100,bid,YieldingYams,AverageAlmonds,12545304
2026-07-08T18:19:05.943403,2026-07-08T18:19:05.951486+00:00,156.5,20,bid,BrilliantBurritos,AverageAlmonds,12545312
2026-07-08T18:19:06.453398,2026-07-08T18:19:06.457344+00:00,156.5,11,ask,YieldingYams,Xuanyu Liu,12545320
2026-07-08T18:19:07.301471,2026-07-08T18:19:07.308738+00:00,156.5,500,ask,YieldingYams,AverageAlmonds,12545334
2026-07-08T18:19:07.383449,2026-07-08T18:19:07.394463+00:00,156.5,114,ask,YieldingYams,WavyWalnuts,12545336
2026-07-08T18:19:09.060933,2026-07-08T18:19:09.070862+00:00,156.4,200,ask,WavyWalnuts,YieldingYams,12545354
2026-07-08T18:19:14.299290,2026-07-08T18:19:14.310698+00:00,156.2,20,ask,WavyWalnuts,BrilliantBurritos,12545414
2026-07-08T18:19:18.265913,2026-07-08T18:19:18.274344+00:00,156.0,200,bid,WavyWalnuts,YieldingYams,12545473
2026-07-08T18:19:23.113567,2026-07-08T18:19:23.127411+00:00,155.8,200,ask,YieldingYams,WavyWalnuts,12545537
2026-07-08T18:19:23.493591,2026-07-08T18:19:23.497518+00:00,155.9,11,bid,Xuanyu Liu,YieldingYams,12545546
2026-07-08T18:19:24.320887,2026-07-08T18:19:24.329311+00:00,155.9,200,bid,WavyWalnuts,YieldingYams,12545552
2026-07-08T18:19:27.365695,2026-07-08T18:19:27.373768+00:00,156.1,20,bid,BrilliantBurritos,YieldingYams,12545597
2026-07-08T18:19:27.403249,2026-07-08T18:19:27.413795+00:00,156.0,200,ask,WavyWalnuts,YieldingYams,12545598
2026-07-08T18:19:27.421711,2026-07-08T18:19:27.425534+00:00,156.0,3,bid,Xuanyu Liu,YieldingYams,12545600
2026-07-08T18:19:37.904127,2026-07-08T18:19:37.912189+00:00,156.1,200,bid,YieldingYams,WavyWalnuts,12545749
2026-07-08T18:19:38.832085,2026-07-08T18:19:38.843352+00:00,156.2,200,ask,YieldingYams,WavyWalnuts,12545765
2026-07-08T18:19:39.232660,2026-07-08T18:19:39.236796+00:00,156.3,3,bid,Xuanyu Liu,YieldingYams,12545770
2026-07-08T18:19:41.877430,2026-07-08T18:19:41.881210+00:00,156.2,11,bid,Xuanyu Liu,YieldingYams,12545802
2026-07-08T18:19:42.401508,2026-07-08T18:19:42.405850+00:00,156.0,11,ask,WavyWalnuts,Xuanyu Liu,12545810
2026-07-08T18:19:42.497464,2026-07-08T18:19:42.501245+00:00,156.1,3,ask,WavyWalnuts,Xuanyu Liu,12545815
2026-07-08T18:19:43.169149,2026-07-08T18:19:43.179796+00:00,156.1,197,ask,WavyWalnuts,YieldingYams,12545828
2026-07-08T18:19:57.051312,2026-07-08T18:19:57.059198+00:00,155.8,200,ask,YieldingYams,WavyWalnuts,12546053
2026-07-08T18:19:59.999603,2026-07-08T18:20:00.007855+00:00,155.9,500,bid,AverageAlmonds,YieldingYams,12546086
2026-07-08T18:20:00.201258,2026-07-08T18:20:00.209017+00:00,155.9,200,bid,YieldingYams,WavyWalnuts,12546089
2026-07-08T18:20:00.406167,2026-07-08T18:20:00.416586+00:00,155.9,20,ask,YieldingYams,BrilliantBurritos,12546091
2026-07-08T18:20:00.679154,2026-07-08T18:20:00.690041+00:00,156.0,200,ask,AverageAlmonds,WavyWalnuts,12546095
2026-07-08T18:20:01.890252,2026-07-08T18:20:01.899907+00:00,156.0,200,ask,AverageAlmonds,WavyWalnuts,12546108
2026-07-08T18:20:05.505596,2026-07-08T18:20:05.510113+00:00,156.1,3,ask,YieldingYams,Xuanyu Liu,12546158
2026-07-08T18:20:09.149185,2026-07-08T18:20:09.163993+00:00,156.3,200,bid,WavyWalnuts,YieldingYams,12546204
2026-07-08T18:20:10.148263,2026-07-08T18:20:10.158629+00:00,156.0,20,ask,YieldingYams,BrilliantBurritos,12546222
2026-07-08T18:20:10.356818,2026-07-08T18:20:10.358580+00:00,156.3,200,bid,WavyWalnuts,YieldingYams,12546228
2026-07-08T18:20:12.771956,2026-07-08T18:20:12.779746+00:00,156.3,200,bid,WavyWalnuts,YieldingYams,12546269
2026-07-08T18:20:13.984777,2026-07-08T18:20:13.991306+00:00,156.3,200,bid,WavyWalnuts,YieldingYams,12546282
2026-07-08T18:20:15.193795,2026-07-08T18:20:15.203814+00:00,156.2,200,bid,WavyWalnuts,YieldingYams,12546314
2026-07-08T18:20:15.789032,2026-07-08T18:20:15.796878+00:00,156.0,20,ask,YieldingYams,BrilliantBurritos,12546329
2026-07-08T18:20:18.217364,2026-07-08T18:20:18.229121+00:00,156.4,20,bid,BrilliantBurritos,WavyWalnuts,12546366
2026-07-08T18:20:18.594475,2026-07-08T18:20:18.598338+00:00,156.3,11,ask,YieldingYams,Xuanyu Liu,12546370
2026-07-08T18:20:18.873722,2026-07-08T18:20:18.885302+00:00,156.4,20,bid,BrilliantBurritos,WavyWalnuts,12546376
2026-07-08T18:20:19.901431,2026-07-08T18:20:19.909801+00:00,156.4,180,bid,YieldingYams,WavyWalnuts,12546402
2026-07-08T18:20:30.405837,2026-07-08T18:20:30.416262+00:00,156.2,200,ask,WavyWalnuts,YieldingYams,12546545
2026-07-08T18:20:32.145400,2026-07-08T18:20:32.163988+00:00,156.2,200,ask,YieldingYams,WavyWalnuts,12546588
2026-07-08T18:20:34.339020,2026-07-08T18:20:34.349731+00:00,156.1,200,ask,WavyWalnuts,YieldingYams,12546625
2026-07-08T18:20:36.259637,2026-07-08T18:20:36.263830+00:00,155.9,12,ask,YieldingYams,Xuanyu Liu,12546656
2026-07-08T18:20:37.007350,2026-07-08T18:20:37.012113+00:00,156.0,11,ask,WavyWalnuts,Xuanyu Liu,12546663
2026-07-08T18:20:38.277759,2026-07-08T18:20:38.287168+00:00,155.9,500,ask,AverageAlmonds,YieldingYams,12546682
2026-07-08T18:20:38.277759,2026-07-08T18:20:38.287168+00:00,155.9,125,ask,WavyWalnuts,YieldingYams,12546683
2026-07-08T18:20:42.695646,2026-07-08T18:20:42.707129+00:00,156.1,20,bid,BrilliantBurritos,WavyWalnuts,12546755
2026-07-08T18:20:43.075942,2026-07-08T18:20:43.079934+00:00,156.0,11,bid,Xuanyu Liu,WavyWalnuts,12546769
2026-07-08T18:20:45.775399,2026-07-08T18:20:45.779957+00:00,156.1,23,bid,Xuanyu Liu,YieldingYams,12546809
2026-07-08T18:20:47.478255,2026-07-08T18:20:47.486124+00:00,156.1,200,bid,YieldingYams,WavyWalnuts,12546841
2026-07-08T18:20:47.903484,2026-07-08T18:20:47.911515+00:00,156.1,200,ask,YieldingYams,WavyWalnuts,12546850
2026-07-08T18:20:49.110330,2026-07-08T18:20:49.121143+00:00,156.1,200,bid,WavyWalnuts,YieldingYams,12546868
2026-07-08T18:20:50.320518,2026-07-08T18:20:50.333576+00:00,156.0,200,bid,WavyWalnuts,YieldingYams,12546885
2026-07-08T18:20:51.534026,2026-07-08T18:20:51.544354+00:00,156.0,200,bid,WavyWalnuts,YieldingYams,12546902
2026-07-08T18:20:52.780509,2026-07-08T18:20:52.784538+00:00,156.0,23,ask,WavyWalnuts,Xuanyu Liu,12546922
