timestamp,recv_time,price,volume,aggressor_side,buyer,seller,trade_id
2026-07-02T22:00:00.524032,2026-07-02T22:00:00.528139+00:00,123.4,11,ask,WavyWalnuts,Xuanyu Liu,4864739
2026-07-02T22:00:01.658146,2026-07-02T22:00:01.669358+00:00,123.5,200,bid,WavyWalnuts,YieldingYams,4864768
2026-07-02T22:00:02.711604,2026-07-02T22:00:02.716615+00:00,123.4,20,ask,YieldingYams,BrilliantBurritos,4864781
2026-07-02T22:00:05.192562,2026-07-02T22:00:05.204272+00:00,123.5,20,bid,BrilliantBurritos,WavyWalnuts,4864833
2026-07-02T22:00:05.536952,2026-07-02T22:00:05.541001+00:00,123.4,11,ask,YieldingYams,Xuanyu Liu,4864844
2026-07-02T22:00:05.689628,2026-07-02T22:00:05.698380+00:00,123.5,200,bid,YieldingYams,WavyWalnuts,4864848
2026-07-02T22:00:05.704202,2026-07-02T22:00:05.708124+00:00,123.5,12,ask,YieldingYams,Zihao Wu,4864850
2026-07-02T22:00:05.857120,2026-07-02T22:00:05.858627+00:00,123.5,12,ask,YieldingYams,Xuanyu Liu,4864855
2026-07-02T22:00:06.915231,2026-07-02T22:00:06.924467+00:00,123.6,2,bid,BrilliantBurritos,Kelvin Chan,4864876
2026-07-02T22:00:06.915231,2026-07-02T22:00:06.924467+00:00,123.6,18,bid,BrilliantBurritos,WavyWalnuts,4864877
2026-07-02T22:00:08.309826,2026-07-02T22:00:08.321118+00:00,123.5,200,bid,YieldingYams,WavyWalnuts,4864908
2026-07-02T22:00:08.826625,2026-07-02T22:00:08.837593+00:00,123.5,20,ask,YieldingYams,BrilliantBurritos,4864920
2026-07-02T22:00:08.920220,2026-07-02T22:00:08.928107+00:00,123.5,200,ask,YieldingYams,WavyWalnuts,4864924
2026-07-02T22:00:09.640583,2026-07-02T22:00:09.648972+00:00,123.5,500,ask,AverageAlmonds,YieldingYams,4864932
2026-07-02T22:00:10.072055,2026-07-02T22:00:10.079899+00:00,123.5,125,bid,AverageAlmonds,YieldingYams,4864937
2026-07-02T22:00:10.128722,2026-07-02T22:00:10.135118+00:00,123.5,200,ask,AverageAlmonds,WavyWalnuts,4864941
2026-07-02T22:00:10.262199,2026-07-02T22:00:10.272945+00:00,123.6,1,bid,YieldingYams,Kelvin Chan,4864947
2026-07-02T22:00:10.462538,2026-07-02T22:00:10.474250+00:00,124.2,11,bid,Zihao Wu,AverageAlmonds,4864951
2026-07-02T22:00:10.946675,2026-07-02T22:00:10.955832+00:00,123.6,1,bid,Zihao Wu,Kelvin Chan,4864968
2026-07-02T22:00:11.063005,2026-07-02T22:00:11.073393+00:00,123.8,7,ask,YieldingYams,Zihao Wu,4864972
2026-07-02T22:00:11.335251,2026-07-02T22:00:11.344104+00:00,123.8,200,ask,YieldingYams,WavyWalnuts,4864978
2026-07-02T22:00:11.863999,2026-07-02T22:00:11.875420+00:00,124.0,7,bid,Zihao Wu,YieldingYams,4864987
2026-07-02T22:00:12.543959,2026-07-02T22:00:12.551659+00:00,123.8,200,ask,YieldingYams,WavyWalnuts,4865000
2026-07-02T22:00:14.878713,2026-07-02T22:00:14.885673+00:00,123.9,200,bid,YieldingYams,WavyWalnuts,4865057
2026-07-02T22:00:15.020393,2026-07-02T22:00:15.024358+00:00,123.9,11,ask,YieldingYams,Xuanyu Liu,4865062
2026-07-02T22:00:15.066822,2026-07-02T22:00:15.077314+00:00,123.9,7,ask,YieldingYams,Zihao Wu,4865064
2026-07-02T22:00:16.168303,2026-07-02T22:00:16.174925+00:00,124.0,200,bid,WavyWalnuts,AverageAlmonds,4865085
2026-07-02T22:00:17.478047,2026-07-02T22:00:17.488259+00:00,123.9,200,bid,WavyWalnuts,AverageAlmonds,4865112
2026-07-02T22:00:17.505352,2026-07-02T22:00:17.514611+00:00,123.9,300,bid,YieldingYams,AverageAlmonds,4865118
2026-07-02T22:00:17.936672,2026-07-02T22:00:17.943346+00:00,123.9,325,ask,YieldingYams,AverageAlmonds,4865119
2026-07-02T22:00:18.069991,2026-07-02T22:00:18.081371+00:00,123.9,7,bid,Zihao Wu,AverageAlmonds,4865124
2026-07-02T22:00:18.723413,2026-07-02T22:00:18.727258+00:00,123.7,6,ask,WavyWalnuts,Xuanyu Liu,4865143
2026-07-02T22:00:18.814139,2026-07-02T22:00:18.823753+00:00,123.7,194,ask,WavyWalnuts,YieldingYams,4865144
2026-07-02T22:00:18.871702,2026-07-02T22:00:18.881128+00:00,123.4,7,ask,Kelvin Chan,Zihao Wu,4865146
2026-07-02T22:00:19.908689,2026-07-02T22:00:19.918999+00:00,123.6,200,bid,WavyWalnuts,YieldingYams,4865180
2026-07-02T22:00:21.432205,2026-07-02T22:00:21.450663+00:00,123.6,200,ask,WavyWalnuts,YieldingYams,4865209
2026-07-02T22:00:21.446886,2026-07-02T22:00:21.450663+00:00,123.6,6,bid,Xuanyu Liu,YieldingYams,4865211
2026-07-02T22:00:21.473633,2026-07-02T22:00:21.484954+00:00,123.6,7,bid,Zihao Wu,YieldingYams,4865212
2026-07-02T22:00:22.329811,2026-07-02T22:00:22.338882+00:00,123.6,200,bid,WavyWalnuts,YieldingYams,4865230
2026-07-02T22:00:22.875351,2026-07-02T22:00:22.887043+00:00,123.5,7,ask,YieldingYams,Zihao Wu,4865239
2026-07-02T22:00:29.306437,2026-07-02T22:00:29.314776+00:00,123.6,20,ask,WavyWalnuts,BrilliantBurritos,4865368
2026-07-02T22:00:30.691267,2026-07-02T22:00:30.698064+00:00,123.7,7,bid,Zihao Wu,YieldingYams,4865402
2026-07-02T22:00:30.818392,2026-07-02T22:00:30.827263+00:00,123.7,200,bid,WavyWalnuts,YieldingYams,4865406
2026-07-02T22:00:30.839145,2026-07-02T22:00:30.842855+00:00,123.7,23,bid,Xuanyu Liu,YieldingYams,4865409
2026-07-02T22:00:31.900228,2026-07-02T22:00:31.912479+00:00,123.5,7,ask,YieldingYams,Zihao Wu,4865433
2026-07-02T22:00:31.936300,2026-07-02T22:00:31.944076+00:00,123.8,5,bid,YieldingYams,Kelvin Chan,4865436
2026-07-02T22:00:32.085544,2026-07-02T22:00:32.096369+00:00,123.8,3,ask,YieldingYams,Zihao Wu,4865440
2026-07-02T22:00:32.092702,2026-07-02T22:00:32.096369+00:00,123.8,5,ask,YieldingYams,Xuanyu Liu,4865442
2026-07-02T22:00:32.495626,2026-07-02T22:00:32.503245+00:00,123.9,7,bid,Zihao Wu,Kelvin Chan,4865457
2026-07-02T22:00:32.686187,2026-07-02T22:00:32.697590+00:00,124.0,3,bid,Zihao Wu,YieldingYams,4865461
2026-07-02T22:00:33.256604,2026-07-02T22:00:33.258567+00:00,123.9,200,ask,WavyWalnuts,YieldingYams,4865480
2026-07-02T22:00:34.444685,2026-07-02T22:00:34.463634+00:00,123.8,3,bid,WavyWalnuts,Kelvin Chan,4865503
2026-07-02T22:00:34.469964,2026-07-02T22:00:34.473913+00:00,123.8,7,ask,WavyWalnuts,Xuanyu Liu,4865505
2026-07-02T22:00:34.488206,2026-07-02T22:00:34.499486+00:00,123.8,16,ask,WavyWalnuts,Zihao Wu,4865506
2026-07-02T22:00:34.563659,2026-07-02T22:00:34.571985+00:00,124.0,200,bid,YieldingYams,WavyWalnuts,4865509
2026-07-02T22:00:34.577496,2026-07-02T22:00:34.580831+00:00,124.0,17,ask,YieldingYams,Xuanyu Liu,4865511
2026-07-02T22:00:35.654914,2026-07-02T22:00:35.658564+00:00,124.0,200,ask,YieldingYams,WavyWalnuts,4865528
2026-07-02T22:00:37.110312,2026-07-02T22:00:37.114062+00:00,123.9,6,bid,Xuanyu Liu,YieldingYams,4865583
2026-07-02T22:00:38.067677,2026-07-02T22:00:38.075887+00:00,123.9,2,bid,WavyWalnuts,Kelvin Chan,4865598
2026-07-02T22:00:38.067677,2026-07-02T22:00:38.075887+00:00,124.0,198,bid,WavyWalnuts,YieldingYams,4865599
2026-07-02T22:00:38.493249,2026-07-02T22:00:38.503769+00:00,124.2,16,bid,Zihao Wu,AverageAlmonds,4865609
2026-07-02T22:00:40.806837,2026-07-02T22:00:40.810673+00:00,124.1,11,bid,Xuanyu Liu,YieldingYams,4865678
2026-07-02T22:00:41.444502,2026-07-02T22:00:41.448294+00:00,124.0,1,bid,Xuanyu Liu,Kelvin Chan,4865689
2026-07-02T22:00:41.698173,2026-07-02T22:00:41.707965+00:00,123.9,200,ask,YieldingYams,WavyWalnuts,4865692
2026-07-02T22:00:41.815067,2026-07-02T22:00:41.818843+00:00,124.0,2,bid,Xuanyu Liu,Kelvin Chan,4865694
2026-07-02T22:00:43.440223,2026-07-02T22:00:43.444982+00:00,124.0,1,bid,Xuanyu Liu,Kelvin Chan,4865738
2026-07-02T22:00:43.440223,2026-07-02T22:00:43.444982+00:00,124.0,30,bid,Xuanyu Liu,WavyWalnuts,4865739
2026-07-02T22:00:44.118654,2026-07-02T22:00:44.127807+00:00,123.9,200,ask,YieldingYams,WavyWalnuts,4865764
2026-07-02T22:00:46.647768,2026-07-02T22:00:46.651701+00:00,124.0,11,ask,WavyWalnuts,Xuanyu Liu,4865813
2026-07-02T22:00:47.696973,2026-07-02T22:00:47.701172+00:00,124.1,11,ask,YieldingYams,Xuanyu Liu,4865846
2026-07-02T22:00:47.765021,2026-07-02T22:00:47.771415+00:00,124.1,16,ask,YieldingYams,Zihao Wu,4865848
2026-07-02T22:00:48.218114,2026-07-02T22:00:48.226994+00:00,124.1,500,ask,YieldingYams,AverageAlmonds,4865860
2026-07-02T22:00:48.834436,2026-07-02T22:00:48.843256+00:00,124.1,98,ask,YieldingYams,AverageAlmonds,4865867
2026-07-02T22:00:48.834436,2026-07-02T22:00:48.843256+00:00,124.0,200,ask,WavyWalnuts,AverageAlmonds,4865868
2026-07-02T22:00:49.756253,2026-07-02T22:00:49.760192+00:00,124.0,11,bid,Xuanyu Liu,WavyWalnuts,4865887
2026-07-02T22:00:49.761924,2026-07-02T22:00:49.775936+00:00,124.0,16,bid,Zihao Wu,WavyWalnuts,4865888
2026-07-02T22:00:52.611417,2026-07-02T22:00:52.615328+00:00,123.9,11,bid,Xuanyu Liu,WavyWalnuts,4865943
2026-07-02T22:00:52.923286,2026-07-02T22:00:52.934344+00:00,123.9,189,bid,YieldingYams,WavyWalnuts,4865947
2026-07-02T22:00:56.105150,2026-07-02T22:00:56.116058+00:00,123.9,200,ask,WavyWalnuts,AverageAlmonds,4866010
2026-07-02T22:00:57.440809,2026-07-02T22:00:57.452098+00:00,123.8,3,ask,Kelvin Chan,WavyWalnuts,4866045
2026-07-02T22:00:57.440809,2026-07-02T22:00:57.452098+00:00,123.8,197,ask,YieldingYams,WavyWalnuts,4866046
2026-07-02T22:00:59.498145,2026-07-02T22:00:59.501961+00:00,123.9,11,ask,YieldingYams,Xuanyu Liu,4866089
2026-07-02T22:00:59.713120,2026-07-02T22:00:59.724542+00:00,123.9,500,ask,YieldingYams,AverageAlmonds,4866092
2026-07-02T22:01:00.311795,2026-07-02T22:01:00.322217+00:00,123.9,114,ask,YieldingYams,AverageAlmonds,4866112
2026-07-02T22:01:00.788855,2026-07-02T22:01:00.796621+00:00,123.8,1,ask,Kelvin Chan,YieldingYams,4866124
2026-07-02T22:01:00.788855,2026-07-02T22:01:00.801655+00:00,123.8,200,ask,WavyWalnuts,YieldingYams,4866125
2026-07-02T22:01:00.807991,2026-07-02T22:01:00.811623+00:00,123.6,23,bid,Xuanyu Liu,YieldingYams,4866127
2026-07-02T22:01:01.067311,2026-07-02T22:01:01.076135+00:00,123.6,200,bid,WavyWalnuts,YieldingYams,4866135
2026-07-02T22:01:02.282323,2026-07-02T22:01:02.290218+00:00,123.6,4,ask,Kelvin Chan,WavyWalnuts,4866153
2026-07-02T22:01:02.282323,2026-07-02T22:01:02.295530+00:00,123.5,196,ask,YieldingYams,WavyWalnuts,4866154
2026-07-02T22:01:03.496434,2026-07-02T22:01:03.504457+00:00,123.6,3,ask,Kelvin Chan,WavyWalnuts,4866186
2026-07-02T22:01:04.634431,2026-07-02T22:01:04.641177+00:00,123.5,4,ask,Kelvin Chan,BrilliantBurritos,4866216
2026-07-02T22:01:04.723656,2026-07-02T22:01:04.734033+00:00,123.5,5,ask,Kelvin Chan,YieldingYams,4866217
2026-07-02T22:01:04.739793,2026-07-02T22:01:04.743781+00:00,123.5,1,bid,Xuanyu Liu,YieldingYams,4866219
2026-07-02T22:01:04.799167,2026-07-02T22:01:04.803439+00:00,123.5,2,bid,Xuanyu Liu,YieldingYams,4866221
2026-07-02T22:01:05.533005,2026-07-02T22:01:05.537533+00:00,123.5,2,bid,Xuanyu Liu,YieldingYams,4866236
2026-07-02T22:01:05.579778,2026-07-02T22:01:05.584281+00:00,123.5,2,bid,Xuanyu Liu,YieldingYams,4866238
2026-07-02T22:01:05.752165,2026-07-02T22:01:05.756685+00:00,123.5,2,bid,Xuanyu Liu,YieldingYams,4866240
2026-07-02T22:01:05.793751,2026-07-02T22:01:05.797527+00:00,123.5,2,bid,Xuanyu Liu,YieldingYams,4866242
2026-07-02T22:01:07.129599,2026-07-02T22:01:07.139267+00:00,123.6,200,bid,WavyWalnuts,YieldingYams,4866272
2026-07-02T22:01:07.344122,2026-07-02T22:01:07.358584+00:00,123.5,3,ask,Kelvin Chan,YieldingYams,4866277
2026-07-02T22:01:09.971275,2026-07-02T22:01:09.981775+00:00,123.5,200,bid,YieldingYams,WavyWalnuts,4866337
2026-07-02T22:01:11.909372,2026-07-02T22:01:11.920688+00:00,123.6,20,bid,BrilliantBurritos,WavyWalnuts,4866385
2026-07-02T22:01:13.062542,2026-07-02T22:01:13.069612+00:00,123.5,2,ask,Kelvin Chan,AverageAlmonds,4866401
2026-07-02T22:01:13.062542,2026-07-02T22:01:13.075151+00:00,123.5,498,ask,YieldingYams,AverageAlmonds,4866402
2026-07-02T22:01:13.661901,2026-07-02T22:01:13.669356+00:00,123.5,127,ask,YieldingYams,AverageAlmonds,4866418
2026-07-02T22:01:16.510237,2026-07-02T22:01:16.514324+00:00,123.3,3,ask,Kelvin Chan,Xuanyu Liu,4866483
2026-07-02T22:01:16.832247,2026-07-02T22:01:16.836100+00:00,123.3,8,ask,WavyWalnuts,Xuanyu Liu,4866491
2026-07-02T22:01:17.831594,2026-07-02T22:01:17.847121+00:00,123.3,192,ask,WavyWalnuts,YieldingYams,4866510
2026-07-02T22:01:17.831594,2026-07-02T22:01:17.847121+00:00,123.3,2,ask,Kelvin Chan,YieldingYams,4866511
2026-07-02T22:01:19.144542,2026-07-02T22:01:19.150943+00:00,123.2,1,ask,Kelvin Chan,YieldingYams,4866542
2026-07-02T22:01:20.444438,2026-07-02T22:01:20.451314+00:00,123.2,200,bid,WavyWalnuts,YieldingYams,4866570
2026-07-02T22:01:21.476910,2026-07-02T22:01:21.480571+00:00,123.0,23,ask,YieldingYams,Xuanyu Liu,4866588
2026-07-02T22:01:21.776890,2026-07-02T22:01:21.786498+00:00,123.2,200,bid,YieldingYams,WavyWalnuts,4866592
2026-07-02T22:01:21.794708,2026-07-02T22:01:21.798574+00:00,123.2,23,ask,YieldingYams,Xuanyu Liu,4866594
2026-07-02T22:01:21.797250,2026-07-02T22:01:21.798574+00:00,123.2,16,ask,YieldingYams,Zihao Wu,4866595
2026-07-02T22:01:23.596613,2026-07-02T22:01:23.607924+00:00,123.2,16,bid,Zihao Wu,YieldingYams,4866636
2026-07-02T22:01:25.198292,2026-07-02T22:01:25.205578+00:00,123.1,16,ask,WavyWalnuts,Zihao Wu,4866669
2026-07-02T22:01:25.711397,2026-07-02T22:01:25.719705+00:00,123.1,200,ask,WavyWalnuts,YieldingYams,4866683
2026-07-02T22:01:27.700019,2026-07-02T22:01:27.707599+00:00,123.2,200,bid,WavyWalnuts,YieldingYams,4866721
2026-07-02T22:01:27.800829,2026-07-02T22:01:27.811513+00:00,123.2,16,bid,Zihao Wu,YieldingYams,4866725
2026-07-02T22:01:28.716269,2026-07-02T22:01:28.724821+00:00,123.1,8,ask,Kelvin Chan,BrilliantBurritos,4866738
2026-07-02T22:01:29.002226,2026-07-02T22:01:29.009057+00:00,123.1,6,ask,Kelvin Chan,Zihao Wu,4866748
2026-07-02T22:01:29.002226,2026-07-02T22:01:29.014209+00:00,123.1,10,ask,WavyWalnuts,Zihao Wu,4866749
2026-07-02T22:01:29.603167,2026-07-02T22:01:29.614468+00:00,123.2,16,bid,Zihao Wu,YieldingYams,4866773
2026-07-02T22:01:29.651809,2026-07-02T22:01:29.653602+00:00,123.1,190,ask,WavyWalnuts,YieldingYams,4866777
2026-07-02T22:01:30.114521,2026-07-02T22:01:30.122978+00:00,123.1,200,bid,WavyWalnuts,YieldingYams,4866786
2026-07-02T22:01:30.981305,2026-07-02T22:01:30.985793+00:00,123.1,17,ask,YieldingYams,Xuanyu Liu,4866811
2026-07-02T22:01:31.004331,2026-07-02T22:01:31.015775+00:00,123.1,16,ask,YieldingYams,Zihao Wu,4866812
2026-07-02T22:01:31.325470,2026-07-02T22:01:31.332288+00:00,123.1,200,ask,YieldingYams,WavyWalnuts,4866817
2026-07-02T22:01:32.405965,2026-07-02T22:01:32.412565+00:00,123.0,16,bid,Zihao Wu,YieldingYams,4866859
2026-07-02T22:01:34.007526,2026-07-02T22:01:34.015554+00:00,123.0,2,ask,Kelvin Chan,Zihao Wu,4866889
2026-07-02T22:01:34.136635,2026-07-02T22:01:34.144945+00:00,123.1,20,bid,BrilliantBurritos,YieldingYams,4866898
2026-07-02T22:01:34.207820,2026-07-02T22:01:34.215565+00:00,123.1,2,bid,Zihao Wu,YieldingYams,4866903
2026-07-02T22:01:36.408170,2026-07-02T22:01:36.417044+00:00,122.9,2,ask,Kelvin Chan,BrilliantBurritos,4866952
2026-07-02T22:01:39.370312,2026-07-02T22:01:39.379655+00:00,123.0,20,bid,BrilliantBurritos,WavyWalnuts,4867013
2026-07-02T22:01:39.814456,2026-07-02T22:01:39.822386+00:00,122.9,2,ask,WavyWalnuts,Zihao Wu,4867027
2026-07-02T22:01:40.614573,2026-07-02T22:01:40.626075+00:00,123.0,2,bid,Zihao Wu,YieldingYams,4867043
2026-07-02T22:01:40.995221,2026-07-02T22:01:41.005994+00:00,123.0,200,bid,WavyWalnuts,YieldingYams,4867050
2026-07-02T22:01:41.528674,2026-07-02T22:01:41.540330+00:00,123.3,10,bid,BrilliantBurritos,WavyWalnuts,4867060
2026-07-02T22:01:41.528674,2026-07-02T22:01:41.540330+00:00,123.3,10,bid,BrilliantBurritos,Kelvin Chan,4867061
2026-07-02T22:01:42.207312,2026-07-02T22:01:42.218902+00:00,123.1,200,ask,YieldingYams,WavyWalnuts,4867074
2026-07-02T22:01:43.624342,2026-07-02T22:01:43.628812+00:00,123.2,6,bid,Xuanyu Liu,Kelvin Chan,4867111
2026-07-02T22:01:43.624342,2026-07-02T22:01:43.628812+00:00,123.2,23,bid,Xuanyu Liu,YieldingYams,4867112
2026-07-02T22:01:44.041948,2026-07-02T22:01:44.058609+00:00,123.0,20,ask,YieldingYams,BrilliantBurritos,4867119
2026-07-02T22:01:47.254564,2026-07-02T22:01:47.258423+00:00,123.3,22,bid,Xuanyu Liu,WavyWalnuts,4867168
2026-07-02T22:01:53.237047,2026-07-02T22:01:53.246047+00:00,123.2,200,bid,YieldingYams,WavyWalnuts,4867303
2026-07-02T22:01:53.237047,2026-07-02T22:01:53.246047+00:00,123.3,3,bid,YieldingYams,Kelvin Chan,4867304
2026-07-02T22:01:53.237047,2026-07-02T22:01:53.251063+00:00,123.4,422,bid,YieldingYams,AverageAlmonds,4867305
2026-07-02T22:01:54.216141,2026-07-02T22:01:54.223437+00:00,123.3,7,bid,BrilliantBurritos,Kelvin Chan,4867320
2026-07-02T22:01:57.961725,2026-07-02T22:01:57.970736+00:00,123.2,200,bid,WavyWalnuts,YieldingYams,4867387
2026-07-02T22:02:02.418878,2026-07-02T22:02:02.426955+00:00,123.2,200,bid,YieldingYams,WavyWalnuts,4867479
2026-07-02T22:02:02.418878,2026-07-02T22:02:02.426955+00:00,123.3,6,bid,YieldingYams,Kelvin Chan,4867480
2026-07-02T22:02:02.583479,2026-07-02T22:02:02.587822+00:00,123.4,12,bid,Xuanyu Liu,AverageAlmonds,4867486
2026-07-02T22:02:02.804051,2026-07-02T22:02:02.811614+00:00,123.3,200,ask,YieldingYams,WavyWalnuts,4867490
2026-07-02T22:02:03.922981,2026-07-02T22:02:03.926418+00:00,123.3,11,bid,Xuanyu Liu,AverageAlmonds,4867516
2026-07-02T22:02:04.013844,2026-07-02T22:02:04.015885+00:00,123.2,200,ask,YieldingYams,WavyWalnuts,4867517
2026-07-02T22:02:05.066038,2026-07-02T22:02:05.069589+00:00,123.2,12,bid,Xuanyu Liu,YieldingYams,4867543
2026-07-02T22:02:06.359935,2026-07-02T22:02:06.369645+00:00,123.2,200,bid,YieldingYams,WavyWalnuts,4867564
2026-07-02T22:02:06.430891,2026-07-02T22:02:06.441247+00:00,123.4,2,bid,WavyWalnuts,Kelvin Chan,4867566
2026-07-02T22:02:06.430891,2026-07-02T22:02:06.441247+00:00,123.4,198,bid,WavyWalnuts,AverageAlmonds,4867567
2026-07-02T22:02:06.987848,2026-07-02T22:02:06.995641+00:00,123.3,20,ask,YieldingYams,BrilliantBurritos,4867587
2026-07-02T22:02:07.645767,2026-07-02T22:02:07.658608+00:00,123.3,200,ask,YieldingYams,WavyWalnuts,4867608
2026-07-02T22:02:08.851223,2026-07-02T22:02:08.858632+00:00,123.3,200,bid,WavyWalnuts,YieldingYams,4867631
2026-07-02T22:02:08.993958,2026-07-02T22:02:09.008653+00:00,123.2,20,ask,YieldingYams,BrilliantBurritos,4867638
2026-07-02T22:02:11.621343,2026-07-02T22:02:11.630454+00:00,123.2,200,ask,WavyWalnuts,YieldingYams,4867709
2026-07-02T22:02:14.251248,2026-07-02T22:02:14.267159+00:00,123.0,1,ask,Kelvin Chan,YieldingYams,4867756
2026-07-02T22:02:22.127063,2026-07-02T22:02:22.130716+00:00,123.1,12,ask,YieldingYams,Xuanyu Liu,4867901
2026-07-02T22:02:22.172154,2026-07-02T22:02:22.182406+00:00,123.1,200,ask,YieldingYams,WavyWalnuts,4867904
2026-07-02T22:02:24.594113,2026-07-02T22:02:24.605507+00:00,123.1,200,ask,AverageAlmonds,WavyWalnuts,4867957
2026-07-02T22:02:25.802444,2026-07-02T22:02:25.810548+00:00,123.2,200,ask,YieldingYams,WavyWalnuts,4867996
2026-07-02T22:02:26.911336,2026-07-02T22:02:26.920832+00:00,123.3,500,bid,AverageAlmonds,YieldingYams,4868019
2026-07-02T22:02:27.359836,2026-07-02T22:02:27.375207+00:00,123.2,200,bid,YieldingYams,WavyWalnuts,4868029
2026-07-02T22:02:28.219991,2026-07-02T22:02:28.229686+00:00,123.4,200,ask,YieldingYams,WavyWalnuts,4868054
2026-07-02T22:02:29.429489,2026-07-02T22:02:29.440760+00:00,123.4,200,ask,AverageAlmonds,WavyWalnuts,4868081
2026-07-02T22:02:30.641736,2026-07-02T22:02:30.648500+00:00,123.5,200,ask,AverageAlmonds,WavyWalnuts,4868104
2026-07-02T22:02:31.396988,2026-07-02T22:02:31.407210+00:00,123.5,20,bid,BrilliantBurritos,YieldingYams,4868119
2026-07-02T22:02:32.128232,2026-07-02T22:02:32.139716+00:00,123.4,20,ask,AverageAlmonds,BrilliantBurritos,4868138
2026-07-02T22:02:33.561662,2026-07-02T22:02:33.569563+00:00,123.5,500,bid,AverageAlmonds,YieldingYams,4868155
2026-07-02T22:02:34.037889,2026-07-02T22:02:34.049532+00:00,123.5,20,ask,YieldingYams,BrilliantBurritos,4868162
2026-07-02T22:02:35.486790,2026-07-02T22:02:35.497461+00:00,123.5,200,ask,YieldingYams,WavyWalnuts,4868191
2026-07-02T22:02:36.695781,2026-07-02T22:02:36.702175+00:00,123.5,200,ask,YieldingYams,WavyWalnuts,4868213
2026-07-02T22:02:37.915483,2026-07-02T22:02:37.925709+00:00,123.6,200,ask,YieldingYams,WavyWalnuts,4868241
2026-07-02T22:02:39.122935,2026-07-02T22:02:39.131131+00:00,123.6,200,ask,YieldingYams,WavyWalnuts,4868274
2026-07-02T22:02:40.333911,2026-07-02T22:02:40.344014+00:00,123.5,200,ask,YieldingYams,WavyWalnuts,4868310
2026-07-02T22:02:41.550703,2026-07-02T22:02:41.559924+00:00,123.5,200,bid,WavyWalnuts,YieldingYams,4868335
2026-07-02T22:02:45.777761,2026-07-02T22:02:45.781962+00:00,123.6,12,bid,Xuanyu Liu,YieldingYams,4868450
2026-07-02T22:02:48.833188,2026-07-02T22:02:48.840398+00:00,123.6,200,bid,WavyWalnuts,YieldingYams,4868509
2026-07-02T22:02:50.992891,2026-07-02T22:02:50.999839+00:00,123.6,200,ask,WavyWalnuts,YieldingYams,4868547
2026-07-02T22:02:52.302626,2026-07-02T22:02:52.310528+00:00,123.5,200,ask,WavyWalnuts,YieldingYams,4868571
2026-07-02T22:02:53.610901,2026-07-02T22:02:53.622563+00:00,123.5,200,bid,YieldingYams,WavyWalnuts,4868594
2026-07-02T22:02:56.089910,2026-07-02T22:02:56.101415+00:00,123.6,200,bid,WavyWalnuts,YieldingYams,4868619
2026-07-02T22:02:56.470058,2026-07-02T22:02:56.474383+00:00,123.7,4,bid,Xuanyu Liu,YieldingYams,4868638
2026-07-02T22:02:56.515267,2026-07-02T22:02:56.526633+00:00,123.5,2,ask,YieldingYams,Zihao Wu,4868639
2026-07-02T22:02:56.915474,2026-07-02T22:02:56.927172+00:00,123.7,2,bid,Zihao Wu,YieldingYams,4868645
2026-07-02T22:02:58.853356,2026-07-02T22:02:58.851415+00:00,123.6,200,bid,YieldingYams,WavyWalnuts,4868677
2026-07-02T22:02:59.283968,2026-07-02T22:02:59.292109+00:00,123.6,20,ask,YieldingYams,BrilliantBurritos,4868683
2026-07-02T22:02:59.757681,2026-07-02T22:02:59.769142+00:00,123.6,200,ask,YieldingYams,WavyWalnuts,4868696
2026-07-02T22:03:00.967137,2026-07-02T22:03:00.975680+00:00,123.6,200,bid,WavyWalnuts,YieldingYams,4868731
2026-07-02T22:03:04.116961,2026-07-02T22:03:04.127401+00:00,123.5,200,bid,YieldingYams,WavyWalnuts,4868799
2026-07-02T22:03:06.126119,2026-07-02T22:03:06.134085+00:00,123.7,3,bid,BrilliantBurritos,Kelvin Chan,4868836
2026-07-02T22:03:06.126119,2026-07-02T22:03:06.134085+00:00,123.7,17,bid,BrilliantBurritos,WavyWalnuts,4868837
2026-07-02T22:03:08.249509,2026-07-02T22:03:08.257860+00:00,123.7,6,bid,WavyWalnuts,Kelvin Chan,4868874
2026-07-02T22:03:08.249509,2026-07-02T22:03:08.257860+00:00,123.7,194,bid,WavyWalnuts,YieldingYams,4868875
2026-07-02T22:03:10.671655,2026-07-02T22:03:10.682016+00:00,123.7,3,bid,WavyWalnuts,Kelvin Chan,4868927
2026-07-02T22:03:10.671655,2026-07-02T22:03:10.682016+00:00,123.8,197,bid,WavyWalnuts,YieldingYams,4868928
2026-07-02T22:03:14.318799,2026-07-02T22:03:14.325250+00:00,123.6,200,ask,YieldingYams,WavyWalnuts,4868976
2026-07-02T22:03:14.630315,2026-07-02T22:03:14.634482+00:00,123.6,7,bid,Xuanyu Liu,YieldingYams,4868986
2026-07-02T22:03:18.552833,2026-07-02T22:03:18.558171+00:00,123.6,500,bid,YieldingYams,AverageAlmonds,4869059
2026-07-02T22:03:18.962657,2026-07-02T22:03:18.974186+00:00,123.7,125,ask,YieldingYams,AverageAlmonds,4869069
2026-07-02T22:03:19.160394,2026-07-02T22:03:19.169356+00:00,123.6,200,bid,WavyWalnuts,AverageAlmonds,4869074
2026-07-02T22:03:20.367059,2026-07-02T22:03:20.376415+00:00,123.6,200,bid,WavyWalnuts,YieldingYams,4869100
2026-07-02T22:03:21.574425,2026-07-02T22:03:21.583817+00:00,123.7,200,bid,WavyWalnuts,YieldingYams,4869135
2026-07-02T22:03:22.783670,2026-07-02T22:03:22.793209+00:00,123.7,200,bid,WavyWalnuts,AverageAlmonds,4869149
2026-07-02T22:03:24.933969,2026-07-02T22:03:24.937621+00:00,123.8,3,bid,Xuanyu Liu,Kelvin Chan,4869200
2026-07-02T22:03:24.945772,2026-07-02T22:03:24.953068+00:00,123.8,2,bid,Zihao Wu,Kelvin Chan,4869201
2026-07-02T22:03:24.945772,2026-07-02T22:03:24.958320+00:00,123.8,20,bid,Zihao Wu,YieldingYams,4869202
2026-07-02T22:03:25.096960,2026-07-02T22:03:25.119694+00:00,123.7,200,ask,WavyWalnuts,YieldingYams,4869205
2026-07-02T22:03:25.115154,2026-07-02T22:03:25.119694+00:00,123.6,3,bid,Xuanyu Liu,YieldingYams,4869207
2026-07-02T22:03:25.195326,2026-07-02T22:03:25.206524+00:00,123.6,200,bid,WavyWalnuts,YieldingYams,4869209
2026-07-02T22:03:25.947094,2026-07-02T22:03:25.958475+00:00,123.4,4,ask,Kelvin Chan,Zihao Wu,4869229
2026-07-02T22:03:25.947094,2026-07-02T22:03:25.958475+00:00,123.4,18,ask,YieldingYams,Zihao Wu,4869230
2026-07-02T22:03:26.420086,2026-07-02T22:03:26.424187+00:00,123.6,1,ask,WavyWalnuts,Xuanyu Liu,4869243
2026-07-02T22:03:26.450389,2026-07-02T22:03:26.454403+00:00,123.6,1,ask,WavyWalnuts,Xuanyu Liu,4869245
2026-07-02T22:03:26.489471,2026-07-02T22:03:26.493777+00:00,123.6,1,ask,WavyWalnuts,Xuanyu Liu,4869247
2026-07-02T22:03:27.717254,2026-07-02T22:03:27.730472+00:00,123.8,121,bid,YieldingYams,WavyWalnuts,4869277
2026-07-02T22:03:35.575227,2026-07-02T22:03:35.586403+00:00,123.8,3,bid,YieldingYams,Kelvin Chan,4869431
2026-07-02T22:03:35.575227,2026-07-02T22:03:35.586403+00:00,123.8,200,bid,YieldingYams,WavyWalnuts,4869432
2026-07-02T22:03:35.575227,2026-07-02T22:03:35.586403+00:00,123.8,422,bid,YieldingYams,AverageAlmonds,4869433
2026-07-02T22:03:36.888027,2026-07-02T22:03:36.897128+00:00,123.6,200,ask,WavyWalnuts,YieldingYams,4869462
2026-07-02T22:03:36.888027,2026-07-02T22:03:36.897128+00:00,123.5,1,ask,Kelvin Chan,YieldingYams,4869463
2026-07-02T22:03:37.275331,2026-07-02T22:03:37.281529+00:00,123.5,200,bid,WavyWalnuts,YieldingYams,4869476
2026-07-02T22:03:38.021379,2026-07-02T22:03:38.025526+00:00,123.4,3,ask,Kelvin Chan,Xuanyu Liu,4869504
2026-07-02T22:03:38.215058,2026-07-02T22:03:38.219394+00:00,123.6,23,ask,YieldingYams,Xuanyu Liu,4869511
2026-07-02T22:03:38.289921,2026-07-02T22:03:38.301482+00:00,123.6,20,ask,YieldingYams,BrilliantBurritos,4869514
2026-07-02T22:03:39.507198,2026-07-02T22:03:39.527010+00:00,123.7,200,bid,YieldingYams,WavyWalnuts,4869538
2026-07-02T22:03:39.523695,2026-07-02T22:03:39.527010+00:00,123.7,11,ask,YieldingYams,Xuanyu Liu,4869540
2026-07-02T22:03:40.905511,2026-07-02T22:03:40.912769+00:00,123.8,3,bid,WavyWalnuts,Kelvin Chan,4869566
2026-07-02T22:03:40.905511,2026-07-02T22:03:40.918321+00:00,123.8,197,bid,WavyWalnuts,AverageAlmonds,4869567
2026-07-02T22:03:42.115296,2026-07-02T22:03:42.122207+00:00,123.8,4,bid,WavyWalnuts,Kelvin Chan,4869598
2026-07-02T22:03:42.130806,2026-07-02T22:03:42.137968+00:00,123.8,196,ask,WavyWalnuts,YieldingYams,4869599
2026-07-02T22:03:43.878145,2026-07-02T22:03:43.881776+00:00,123.8,4,bid,Xuanyu Liu,Kelvin Chan,4869627
2026-07-02T22:03:43.887112,2026-07-02T22:03:43.890896+00:00,123.9,7,bid,Xuanyu Liu,WavyWalnuts,4869629
2026-07-02T22:03:44.065546,2026-07-02T22:03:44.069312+00:00,123.8,4,bid,Xuanyu Liu,Kelvin Chan,4869632
2026-07-02T22:03:44.219439,2026-07-02T22:03:44.223232+00:00,123.8,3,bid,Xuanyu Liu,Kelvin Chan,4869639
2026-07-02T22:03:45.226101,2026-07-02T22:03:45.235593+00:00,123.7,20,ask,YieldingYams,BrilliantBurritos,4869660
2026-07-02T22:03:49.377499,2026-07-02T22:03:49.386931+00:00,123.9,2,bid,WavyWalnuts,Kelvin Chan,4869736
2026-07-02T22:03:49.377499,2026-07-02T22:03:49.386931+00:00,123.9,198,bid,WavyWalnuts,YieldingYams,4869737
2026-07-02T22:03:51.798301,2026-07-02T22:03:51.807307+00:00,124.0,200,bid,WavyWalnuts,YieldingYams,4869789
2026-07-02T22:03:53.007859,2026-07-02T22:03:53.017747+00:00,123.9,200,bid,WavyWalnuts,YieldingYams,4869822
2026-07-02T22:03:55.423957,2026-07-02T22:03:55.434591+00:00,123.9,3,bid,WavyWalnuts,Kelvin Chan,4869870
2026-07-02T22:03:55.423957,2026-07-02T22:03:55.434591+00:00,123.9,197,bid,WavyWalnuts,YieldingYams,4869871
2026-07-02T22:03:56.633925,2026-07-02T22:03:56.643303+00:00,123.8,200,bid,WavyWalnuts,YieldingYams,4869914
2026-07-02T22:03:59.188058,2026-07-02T22:03:59.195407+00:00,123.6,6,ask,Kelvin Chan,YieldingYams,4869979
2026-07-02T22:03:59.188058,2026-07-02T22:03:59.200771+00:00,123.6,200,ask,WavyWalnuts,YieldingYams,4869980
2026-07-02T22:03:59.206623,2026-07-02T22:03:59.210404+00:00,123.6,5,bid,Xuanyu Liu,YieldingYams,4869984
2026-07-02T22:03:59.764963,2026-07-02T22:03:59.769338+00:00,123.4,23,ask,YieldingYams,Xuanyu Liu,4869997
2026-07-02T22:04:00.285526,2026-07-02T22:04:00.289241+00:00,123.5,12,ask,WavyWalnuts,Xuanyu Liu,4870012
2026-07-02T22:04:00.586315,2026-07-02T22:04:00.595926+00:00,123.7,20,bid,BrilliantBurritos,YieldingYams,4870017
2026-07-02T22:04:01.493160,2026-07-02T22:04:01.496585+00:00,123.6,11,ask,WavyWalnuts,Xuanyu Liu,4870047
2026-07-02T22:04:02.685520,2026-07-02T22:04:02.692549+00:00,123.8,200,bid,WavyWalnuts,YieldingYams,4870066
2026-07-02T22:04:02.875236,2026-07-02T22:04:02.879401+00:00,123.8,11,bid,Xuanyu Liu,YieldingYams,4870073
2026-07-02T22:04:04.053483,2026-07-02T22:04:04.057533+00:00,123.8,20,ask,YieldingYams,BrilliantBurritos,4870103
2026-07-02T22:04:04.429846,2026-07-02T22:04:04.437934+00:00,123.9,500,bid,YieldingYams,AverageAlmonds,4870109
2026-07-02T22:04:04.429846,2026-07-02T22:04:04.437934+00:00,124.0,2,bid,YieldingYams,Kelvin Chan,4870110
2026-07-02T22:04:04.429846,2026-07-02T22:04:04.443192+00:00,124.0,123,bid,YieldingYams,WavyWalnuts,4870111
2026-07-02T22:04:04.588773,2026-07-02T22:04:04.600128+00:00,123.7,5,ask,WavyWalnuts,Zihao Wu,4870113
2026-07-02T22:04:04.988790,2026-07-02T22:04:05.058967+00:00,123.9,5,bid,Zihao Wu,AverageAlmonds,4870117
2026-07-02T22:04:05.475719,2026-07-02T22:04:05.487111+00:00,123.9,20,bid,BrilliantBurritos,AverageAlmonds,4870132
2026-07-02T22:04:06.339670,2026-07-02T22:04:06.350953+00:00,123.9,20,bid,BrilliantBurritos,YieldingYams,4870154
2026-07-02T22:04:07.069196,2026-07-02T22:04:07.072561+00:00,123.8,12,bid,Xuanyu Liu,YieldingYams,4870178
2026-07-02T22:04:07.538598,2026-07-02T22:04:07.548613+00:00,123.8,200,bid,WavyWalnuts,YieldingYams,4870184
2026-07-02T22:04:07.709515,2026-07-02T22:04:07.720949+00:00,123.6,4,ask,Kelvin Chan,BrilliantBurritos,4870185
2026-07-02T22:04:07.709515,2026-07-02T22:04:07.720949+00:00,123.6,16,ask,YieldingYams,BrilliantBurritos,4870186
2026-07-02T22:04:09.589914,2026-07-02T22:04:09.593619+00:00,123.9,11,bid,Xuanyu Liu,YieldingYams,4870216
2026-07-02T22:04:10.987158,2026-07-02T22:04:10.990817+00:00,123.8,12,bid,Xuanyu Liu,YieldingYams,4870239
2026-07-02T22:04:12.028883,2026-07-02T22:04:12.035956+00:00,123.8,20,bid,BrilliantBurritos,YieldingYams,4870252
2026-07-02T22:04:12.276943,2026-07-02T22:04:12.299816+00:00,123.7,200,ask,WavyWalnuts,YieldingYams,4870262
2026-07-02T22:04:12.296178,2026-07-02T22:04:12.299816+00:00,123.7,11,bid,Xuanyu Liu,YieldingYams,4870266
2026-07-02T22:04:17.520824,2026-07-02T22:04:17.528985+00:00,123.8,500,bid,YieldingYams,AverageAlmonds,4870371
2026-07-02T22:04:17.520824,2026-07-02T22:04:17.528985+00:00,123.8,125,bid,YieldingYams,WavyWalnuts,4870372
2026-07-02T22:04:18.831726,2026-07-02T22:04:18.844722+00:00,123.6,1,ask,Kelvin Chan,YieldingYams,4870398
2026-07-02T22:04:19.581843,2026-07-02T22:04:19.591882+00:00,123.5,6,ask,Kelvin Chan,BrilliantBurritos,4870411
2026-07-02T22:04:21.453166,2026-07-02T22:04:21.458575+00:00,123.6,200,bid,YieldingYams,WavyWalnuts,4870457
2026-07-02T22:04:24.072011,2026-07-02T22:04:24.079662+00:00,123.6,200,ask,WavyWalnuts,YieldingYams,4870507
2026-07-02T22:04:24.085090,2026-07-02T22:04:24.088712+00:00,123.6,3,bid,Xuanyu Liu,YieldingYams,4870509
2026-07-02T22:04:26.025162,2026-07-02T22:04:26.036673+00:00,123.6,20,bid,BrilliantBurritos,YieldingYams,4870554
2026-07-02T22:04:26.931953,2026-07-02T22:04:26.938327+00:00,123.6,200,bid,WavyWalnuts,YieldingYams,4870569
2026-07-02T22:04:28.598297,2026-07-02T22:04:28.609980+00:00,123.5,1,ask,Kelvin Chan,AverageAlmonds,4870611
2026-07-02T22:04:28.598297,2026-07-02T22:04:28.609980+00:00,123.5,499,ask,YieldingYams,AverageAlmonds,4870612
2026-07-02T22:04:29.194597,2026-07-02T22:04:29.201994+00:00,123.5,126,ask,YieldingYams,AverageAlmonds,4870627
2026-07-02T22:04:29.194597,2026-07-02T22:04:29.207252+00:00,123.4,200,ask,WavyWalnuts,AverageAlmonds,4870628
2026-07-02T22:04:29.214272,2026-07-02T22:04:29.223120+00:00,123.4,22,bid,Zihao Wu,AverageAlmonds,4870629
2026-07-02T22:04:29.315225,2026-07-02T22:04:29.325123+00:00,123.4,152,bid,YieldingYams,AverageAlmonds,4870631
2026-07-02T22:04:29.414704,2026-07-02T22:04:29.426178+00:00,123.4,22,ask,YieldingYams,Zihao Wu,4870632
2026-07-02T22:04:29.800798,2026-07-02T22:04:29.811881+00:00,123.5,3,ask,Kelvin Chan,AverageAlmonds,4870639
2026-07-02T22:04:29.800798,2026-07-02T22:04:29.811881+00:00,123.4,451,ask,YieldingYams,AverageAlmonds,4870640
2026-07-02T22:04:29.800798,2026-07-02T22:04:29.811881+00:00,123.4,46,ask,WavyWalnuts,AverageAlmonds,4870641
2026-07-02T22:04:29.911254,2026-07-02T22:04:29.922780+00:00,123.6,20,bid,BrilliantBurritos,YieldingYams,4870646
2026-07-02T22:04:30.399767,2026-07-02T22:04:30.409134+00:00,123.5,3,ask,Kelvin Chan,AverageAlmonds,4870656
2026-07-02T22:04:30.415491,2026-07-02T22:04:30.424930+00:00,123.5,22,bid,Zihao Wu,AverageAlmonds,4870657
2026-07-02T22:04:30.639568,2026-07-02T22:04:30.643522+00:00,123.3,3,bid,Xuanyu Liu,YieldingYams,4870662
2026-07-02T22:04:31.411810,2026-07-02T22:04:31.416754+00:00,123.2,3,ask,WavyWalnuts,Xuanyu Liu,4870684
2026-07-02T22:04:31.416943,2026-07-02T22:04:31.432419+00:00,123.2,22,ask,WavyWalnuts,Zihao Wu,4870685
2026-07-02T22:04:33.273318,2026-07-02T22:04:33.277138+00:00,123.3,3,ask,YieldingYams,Xuanyu Liu,4870714
2026-07-02T22:04:34.526650,2026-07-02T22:04:34.531389+00:00,123.4,3,bid,Xuanyu Liu,AverageAlmonds,4870755
2026-07-02T22:04:36.625327,2026-07-02T22:04:36.632083+00:00,123.3,1,ask,Kelvin Chan,WavyWalnuts,4870799
2026-07-02T22:04:36.627895,2026-07-02T22:04:36.637376+00:00,123.3,22,bid,Zihao Wu,WavyWalnuts,4870800
2026-07-02T22:04:37.126457,2026-07-02T22:04:37.135184+00:00,123.2,20,ask,YieldingYams,BrilliantBurritos,4870813
2026-07-02T22:04:37.189892,2026-07-02T22:04:37.196186+00:00,123.2,2,ask,Kelvin Chan,YieldingYams,4870814
2026-07-02T22:04:37.626021,2026-07-02T22:04:37.637131+00:00,123.1,6,ask,WavyWalnuts,Zihao Wu,4870822
2026-07-02T22:04:37.823865,2026-07-02T22:04:37.835205+00:00,123.2,6,bid,Zihao Wu,YieldingYams,4870827
2026-07-02T22:04:37.835637,2026-07-02T22:04:37.846147+00:00,123.2,200,bid,WavyWalnuts,YieldingYams,4870829
2026-07-02T22:04:39.026061,2026-07-02T22:04:39.038731+00:00,123.3,2,ask,Kelvin Chan,Zihao Wu,4870848
2026-07-02T22:04:39.226008,2026-07-02T22:04:39.234919+00:00,123.3,2,bid,Zihao Wu,WavyWalnuts,4870851
2026-07-02T22:04:39.512172,2026-07-02T22:04:39.526223+00:00,123.3,20,bid,BrilliantBurritos,WavyWalnuts,4870857
2026-07-02T22:04:41.464212,2026-07-02T22:04:41.474771+00:00,123.2,1,ask,Kelvin Chan,WavyWalnuts,4870917
2026-07-02T22:04:41.464212,2026-07-02T22:04:41.474771+00:00,123.1,199,ask,YieldingYams,WavyWalnuts,4870918
2026-07-02T22:04:41.627718,2026-07-02T22:04:41.639276+00:00,123.1,2,ask,YieldingYams,Zihao Wu,4870922
2026-07-02T22:04:43.629799,2026-07-02T22:04:43.641368+00:00,123.1,2,ask,YieldingYams,Zihao Wu,4870964
2026-07-02T22:04:43.762495,2026-07-02T22:04:43.769283+00:00,123.2,200,bid,YieldingYams,WavyWalnuts,4870970
2026-07-02T22:04:43.762495,2026-07-02T22:04:43.774287+00:00,123.2,425,bid,YieldingYams,AverageAlmonds,4870971
2026-07-02T22:04:43.877017,2026-07-02T22:04:43.884579+00:00,123.2,75,bid,WavyWalnuts,AverageAlmonds,4870976
2026-07-02T22:04:44.030150,2026-07-02T22:04:44.041757+00:00,123.4,4,bid,Zihao Wu,WavyWalnuts,4870980
2026-07-02T22:04:44.320809,2026-07-02T22:04:44.344961+00:00,123.2,125,ask,WavyWalnuts,AverageAlmonds,4870988
2026-07-02T22:04:44.320809,2026-07-02T22:04:44.344961+00:00,123.2,5,ask,Kelvin Chan,AverageAlmonds,4870989
2026-07-02T22:04:44.341043,2026-07-02T22:04:44.344961+00:00,123.2,14,bid,Xuanyu Liu,AverageAlmonds,4870991
2026-07-02T22:04:45.631751,2026-07-02T22:04:45.643094+00:00,123.1,4,ask,YieldingYams,Zihao Wu,4871027
2026-07-02T22:04:45.832366,2026-07-02T22:04:45.843828+00:00,123.1,1,ask,YieldingYams,Zihao Wu,4871034
2026-07-02T22:04:46.311420,2026-07-02T22:04:46.320780+00:00,123.3,200,bid,WavyWalnuts,YieldingYams,4871040
2026-07-02T22:04:46.467178,2026-07-02T22:04:46.478837+00:00,123.2,2,ask,Kelvin Chan,BrilliantBurritos,4871041
2026-07-02T22:04:46.467178,2026-07-02T22:04:46.478837+00:00,123.2,18,ask,YieldingYams,BrilliantBurritos,4871042
2026-07-02T22:04:46.770240,2026-07-02T22:04:46.779319+00:00,123.3,20,bid,BrilliantBurritos,AverageAlmonds,4871044
2026-07-02T22:04:47.234173,2026-07-02T22:04:47.240659+00:00,123.3,5,bid,Zihao Wu,AverageAlmonds,4871055
2026-07-02T22:04:47.236983,2026-07-02T22:04:47.240659+00:00,123.2,14,ask,YieldingYams,Xuanyu Liu,4871056
2026-07-02T22:04:48.034240,2026-07-02T22:04:48.042936+00:00,123.1,2,ask,Kelvin Chan,Zihao Wu,4871075
2026-07-02T22:04:48.034240,2026-07-02T22:04:48.042936+00:00,123.1,3,ask,WavyWalnuts,Zihao Wu,4871076
2026-07-02T22:04:49.035584,2026-07-02T22:04:49.046884+00:00,123.2,5,bid,Zihao Wu,YieldingYams,4871087
2026-07-02T22:04:50.573263,2026-07-02T22:04:50.582922+00:00,123.2,20,bid,BrilliantBurritos,WavyWalnuts,4871121
2026-07-02T22:04:53.040025,2026-07-02T22:04:53.046397+00:00,123.1,2,ask,Kelvin Chan,Zihao Wu,4871182
2026-07-02T22:04:53.040025,2026-07-02T22:04:53.046397+00:00,123.1,1,ask,WavyWalnuts,Zihao Wu,4871183
2026-07-02T22:04:53.240026,2026-07-02T22:04:53.258600+00:00,123.1,1,ask,WavyWalnuts,Zihao Wu,4871186
2026-07-02T22:04:53.641945,2026-07-02T22:04:53.649753+00:00,123.3,4,bid,Zihao Wu,YieldingYams,4871194
2026-07-02T22:04:54.841831,2026-07-02T22:04:54.853440+00:00,123.1,4,ask,Kelvin Chan,Zihao Wu,4871216
2026-07-02T22:04:55.642746,2026-07-02T22:04:55.654132+00:00,123.2,4,bid,Zihao Wu,YieldingYams,4871236
2026-07-02T22:04:56.920857,2026-07-02T22:04:56.929474+00:00,123.1,2,ask,Kelvin Chan,YieldingYams,4871261
2026-07-02T22:04:56.935465,2026-07-02T22:04:56.939272+00:00,123.1,3,bid,Xuanyu Liu,YieldingYams,4871263
2026-07-02T22:04:58.378901,2026-07-02T22:04:58.390699+00:00,123.1,20,bid,BrilliantBurritos,WavyWalnuts,4871291
2026-07-02T22:04:59.399116,2026-07-02T22:04:59.410819+00:00,123.0,1,ask,Kelvin Chan,BrilliantBurritos,4871308
2026-07-02T22:04:59.538992,2026-07-02T22:04:59.546776+00:00,123.1,200,bid,YieldingYams,WavyWalnuts,4871312
2026-07-02T22:04:59.646859,2026-07-02T22:04:59.658601+00:00,123.2,4,ask,WavyWalnuts,Zihao Wu,4871316
2026-07-02T22:04:59.847105,2026-07-02T22:04:59.858612+00:00,123.3,4,bid,Zihao Wu,Kelvin Chan,4871320
2026-07-02T22:05:00.859666,2026-07-02T22:05:00.869792+00:00,123.2,200,ask,WavyWalnuts,YieldingYams,4871337
2026-07-02T22:05:04.792191,2026-07-02T22:05:04.799420+00:00,123.3,1,bid,YieldingYams,Kelvin Chan,4871426
2026-07-02T22:05:04.792191,2026-07-02T22:05:04.804652+00:00,123.3,500,bid,YieldingYams,AverageAlmonds,4871427
2026-07-02T22:05:04.792191,2026-07-02T22:05:04.804652+00:00,123.3,124,bid,YieldingYams,WavyWalnuts,4871428
2026-07-02T22:05:05.787395,2026-07-02T22:05:05.798808+00:00,123.3,6,bid,BrilliantBurritos,Kelvin Chan,4871455
2026-07-02T22:05:05.787395,2026-07-02T22:05:05.798808+00:00,123.3,14,bid,BrilliantBurritos,AverageAlmonds,4871456
2026-07-02T22:05:06.109002,2026-07-02T22:05:06.119268+00:00,123.1,200,ask,WavyWalnuts,YieldingYams,4871463
2026-07-02T22:05:06.161014,2026-07-02T22:05:06.165488+00:00,123.1,11,bid,Xuanyu Liu,YieldingYams,4871470
2026-07-02T22:05:08.124611,2026-07-02T22:05:08.133875+00:00,123.0,4,ask,Kelvin Chan,WavyWalnuts,4871502
2026-07-02T22:05:08.124611,2026-07-02T22:05:08.133875+00:00,123.0,196,ask,YieldingYams,WavyWalnuts,4871503
2026-07-02T22:05:10.038320,2026-07-02T22:05:10.046683+00:00,123.0,11,ask,Kelvin Chan,YieldingYams,4871534
2026-07-02T22:05:10.542245,2026-07-02T22:05:10.550159+00:00,123.0,200,bid,WavyWalnuts,YieldingYams,4871543
2026-07-02T22:05:14.300110,2026-07-02T22:05:14.309337+00:00,123.0,20,bid,BrilliantBurritos,WavyWalnuts,4871600
2026-07-02T22:05:15.717813,2026-07-02T22:05:15.759383+00:00,122.9,4,ask,Kelvin Chan,Xuanyu Liu,4871630
2026-07-02T22:05:15.717813,2026-07-02T22:05:15.759383+00:00,122.9,7,ask,YieldingYams,Xuanyu Liu,4871631
2026-07-02T22:05:19.211682,2026-07-02T22:05:19.222206+00:00,123.0,200,bid,YieldingYams,WavyWalnuts,4871698
2026-07-02T22:05:19.238787,2026-07-02T22:05:19.242440+00:00,123.0,3,ask,YieldingYams,Xuanyu Liu,4871700
2026-07-02T22:05:20.229955,2026-07-02T22:05:20.237992+00:00,123.0,200,ask,YieldingYams,WavyWalnuts,4871726
2026-07-02T22:05:22.039446,2026-07-02T22:05:22.042924+00:00,122.9,3,ask,Kelvin Chan,Xuanyu Liu,4871769
2026-07-02T22:05:23.863080,2026-07-02T22:05:23.869747+00:00,122.9,1,ask,Kelvin Chan,WavyWalnuts,4871826
2026-07-02T22:05:24.447052,2026-07-02T22:05:24.464142+00:00,122.9,199,bid,YieldingYams,WavyWalnuts,4871837
2026-07-02T22:05:25.074116,2026-07-02T22:05:25.082419+00:00,122.9,200,ask,YieldingYams,WavyWalnuts,4871852
2026-07-02T22:05:28.708742,2026-07-02T22:05:28.717179+00:00,123.0,200,bid,WavyWalnuts,YieldingYams,4871935
2026-07-02T22:05:29.708410,2026-07-02T22:05:29.712857+00:00,122.9,11,ask,YieldingYams,Xuanyu Liu,4871964
2026-07-02T22:05:31.525222,2026-07-02T22:05:31.528870+00:00,122.9,12,ask,AverageAlmonds,Xuanyu Liu,4871996
2026-07-02T22:05:32.329013,2026-07-02T22:05:32.340453+00:00,123.0,20,bid,BrilliantBurritos,YieldingYams,4872014
2026-07-02T22:05:33.487221,2026-07-02T22:05:33.498848+00:00,122.9,20,ask,WavyWalnuts,BrilliantBurritos,4872047
2026-07-02T22:05:34.771919,2026-07-02T22:05:34.780637+00:00,123.0,200,bid,WavyWalnuts,YieldingYams,4872081
2026-07-02T22:05:35.069642,2026-07-02T22:05:35.073683+00:00,123.0,23,ask,YieldingYams,Xuanyu Liu,4872089
2026-07-02T22:05:35.981346,2026-07-02T22:05:35.989622+00:00,123.0,200,ask,YieldingYams,WavyWalnuts,4872100
2026-07-02T22:05:39.608004,2026-07-02T22:05:39.614816+00:00,123.0,200,bid,WavyWalnuts,YieldingYams,4872165
2026-07-02T22:05:39.840815,2026-07-02T22:05:39.852370+00:00,123.0,20,bid,BrilliantBurritos,YieldingYams,4872169
2026-07-02T22:05:40.817422,2026-07-02T22:05:40.825226+00:00,123.0,200,bid,WavyWalnuts,YieldingYams,4872184
2026-07-02T22:05:42.029764,2026-07-02T22:05:42.040743+00:00,122.9,200,ask,YieldingYams,WavyWalnuts,4872198
2026-07-02T22:05:42.810612,2026-07-02T22:05:42.820619+00:00,122.8,48,ask,Kelvin Chan,YieldingYams,4872213
2026-07-02T22:05:42.810612,2026-07-02T22:05:42.820619+00:00,122.8,500,ask,AverageAlmonds,YieldingYams,4872214
2026-07-02T22:05:43.046585,2026-07-02T22:05:43.058657+00:00,122.8,77,bid,AverageAlmonds,YieldingYams,4872220
2026-07-02T22:05:50.687022,2026-07-02T22:05:50.694263+00:00,122.9,200,ask,WavyWalnuts,YieldingYams,4872427
2026-07-02T22:05:53.625941,2026-07-02T22:05:53.629263+00:00,123.0,2,bid,Xuanyu Liu,Kelvin Chan,4872493
2026-07-02T22:05:54.046843,2026-07-02T22:05:54.050830+00:00,123.0,9,bid,Xuanyu Liu,Kelvin Chan,4872504
2026-07-02T22:05:54.120898,2026-07-02T22:05:54.127172+00:00,123.0,8,bid,WavyWalnuts,Kelvin Chan,4872505
2026-07-02T22:05:55.938386,2026-07-02T22:05:55.956855+00:00,122.9,200,ask,WavyWalnuts,YieldingYams,4872561
2026-07-02T22:05:55.953064,2026-07-02T22:05:55.956855+00:00,122.9,12,bid,Xuanyu Liu,YieldingYams,4872563
2026-07-02T22:05:58.955929,2026-07-02T22:05:58.968703+00:00,122.8,200,bid,WavyWalnuts,YieldingYams,4872610
2026-07-02T22:05:59.396465,2026-07-02T22:05:59.404716+00:00,122.8,425,bid,AverageAlmonds,YieldingYams,4872619
2026-07-02T22:06:00.033161,2026-07-02T22:06:00.038296+00:00,123.1,6,bid,Xuanyu Liu,WavyWalnuts,4872642
2026-07-02T22:06:00.033161,2026-07-02T22:06:00.038296+00:00,123.1,6,bid,Xuanyu Liu,Kelvin Chan,4872643
2026-07-02T22:06:00.178429,2026-07-02T22:06:00.182331+00:00,123.0,11,bid,Xuanyu Liu,WavyWalnuts,4872647
2026-07-02T22:06:01.181382,2026-07-02T22:06:01.229552+00:00,123.0,189,bid,YieldingYams,WavyWalnuts,4872673
2026-07-02T22:06:01.181382,2026-07-02T22:06:01.229552+00:00,123.0,11,bid,YieldingYams,Kelvin Chan,4872674
2026-07-02T22:06:02.580333,2026-07-02T22:06:02.588611+00:00,123.2,200,bid,WavyWalnuts,YieldingYams,4872724
2026-07-02T22:06:03.801932,2026-07-02T22:06:03.819724+00:00,123.1,6,bid,YieldingYams,Kelvin Chan,4872750
2026-07-02T22:06:03.816185,2026-07-02T22:06:03.819724+00:00,123.1,11,ask,YieldingYams,Xuanyu Liu,4872752
2026-07-02T22:06:04.996083,2026-07-02T22:06:05.005261+00:00,123.1,200,ask,YieldingYams,WavyWalnuts,4872773
2026-07-02T22:06:06.763974,2026-07-02T22:06:06.767693+00:00,123.2,6,bid,Xuanyu Liu,Kelvin Chan,4872815
2026-07-02T22:06:07.722471,2026-07-02T22:06:07.728678+00:00,123.3,500,bid,YieldingYams,AverageAlmonds,4872835
2026-07-02T22:06:07.722471,2026-07-02T22:06:07.734137+00:00,123.3,125,bid,YieldingYams,WavyWalnuts,4872836
2026-07-02T22:06:07.788390,2026-07-02T22:06:07.792048+00:00,123.2,5,bid,Xuanyu Liu,Kelvin Chan,4872843
2026-07-02T22:06:07.883436,2026-07-02T22:06:07.887868+00:00,123.1,3,bid,Xuanyu Liu,AverageAlmonds,4872845
2026-07-02T22:06:10.325135,2026-07-02T22:06:10.335444+00:00,123.0,500,ask,YieldingYams,AverageAlmonds,4872905
2026-07-02T22:06:12.239090,2026-07-02T22:06:12.249634+00:00,122.9,200,bid,WavyWalnuts,YieldingYams,4872964
2026-07-02T22:06:12.659971,2026-07-02T22:06:12.664203+00:00,122.8,6,ask,Kelvin Chan,Xuanyu Liu,4872977
2026-07-02T22:06:12.670560,2026-07-02T22:06:12.674773+00:00,122.7,20,ask,YieldingYams,Xuanyu Liu,4872979
2026-07-02T22:06:13.449387,2026-07-02T22:06:13.455896+00:00,122.9,200,bid,WavyWalnuts,YieldingYams,4872993
2026-07-02T22:06:13.871335,2026-07-02T22:06:13.874945+00:00,122.8,7,ask,Kelvin Chan,Xuanyu Liu,4873008
2026-07-02T22:06:13.988456,2026-07-02T22:06:13.992618+00:00,122.8,4,ask,Kelvin Chan,Xuanyu Liu,4873011
2026-07-02T22:06:14.318124,2026-07-02T22:06:14.321808+00:00,122.9,12,ask,YieldingYams,Xuanyu Liu,4873014
2026-07-02T22:06:14.663313,2026-07-02T22:06:14.670066+00:00,122.9,200,ask,YieldingYams,WavyWalnuts,4873028
2026-07-02T22:06:16.908495,2026-07-02T22:06:16.917056+00:00,123.0,200,bid,YieldingYams,WavyWalnuts,4873081
2026-07-02T22:06:19.294876,2026-07-02T22:06:19.299241+00:00,123.0,12,bid,Xuanyu Liu,WavyWalnuts,4873139
2026-07-02T22:06:19.533270,2026-07-02T22:06:19.540824+00:00,123.0,200,bid,YieldingYams,WavyWalnuts,4873147
2026-07-02T22:06:20.991755,2026-07-02T22:06:21.002958+00:00,122.9,20,ask,WavyWalnuts,BrilliantBurritos,4873187
2026-07-02T22:06:25.053758,2026-07-02T22:06:25.054123+00:00,123.2,1,bid,BrilliantBurritos,Kelvin Chan,4873266
2026-07-02T22:06:25.053758,2026-07-02T22:06:25.054123+00:00,123.2,19,bid,BrilliantBurritos,WavyWalnuts,4873267
2026-07-02T22:06:27.959722,2026-07-02T22:06:27.966319+00:00,123.3,2,bid,WavyWalnuts,Kelvin Chan,4873319
2026-07-02T22:06:27.959722,2026-07-02T22:06:27.971501+00:00,123.3,198,bid,WavyWalnuts,YieldingYams,4873320
2026-07-02T22:06:28.724161,2026-07-02T22:06:28.732556+00:00,123.2,2,bid,YieldingYams,Kelvin Chan,4873334
2026-07-02T22:06:30.378309,2026-07-02T22:06:30.401385+00:00,123.3,1,bid,WavyWalnuts,Kelvin Chan,4873374
2026-07-02T22:06:30.397834,2026-07-02T22:06:30.401385+00:00,123.3,12,ask,WavyWalnuts,Xuanyu Liu,4873380
2026-07-02T22:06:31.599656,2026-07-02T22:06:31.606784+00:00,123.4,200,bid,WavyWalnuts,YieldingYams,4873400
2026-07-02T22:06:32.817290,2026-07-02T22:06:32.824631+00:00,123.4,1,bid,WavyWalnuts,Kelvin Chan,4873419
2026-07-02T22:06:32.817290,2026-07-02T22:06:32.829827+00:00,123.4,199,bid,WavyWalnuts,YieldingYams,4873420
2026-07-02T22:06:33.982677,2026-07-02T22:06:33.986042+00:00,123.3,11,ask,YieldingYams,Xuanyu Liu,4873447
2026-07-02T22:06:34.043014,2026-07-02T22:06:34.046494+00:00,123.4,11,ask,WavyWalnuts,Xuanyu Liu,4873450
2026-07-02T22:06:35.235073,2026-07-02T22:06:35.242467+00:00,123.5,200,bid,WavyWalnuts,YieldingYams,4873477
2026-07-02T22:06:35.277943,2026-07-02T22:06:35.285907+00:00,123.5,3,bid,YieldingYams,Kelvin Chan,4873478
2026-07-02T22:06:36.444942,2026-07-02T22:06:36.451926+00:00,123.6,2,bid,WavyWalnuts,Kelvin Chan,4873506
2026-07-02T22:06:36.590280,2026-07-02T22:06:36.599583+00:00,123.6,198,ask,WavyWalnuts,YieldingYams,4873517
2026-07-02T22:06:37.898345,2026-07-02T22:06:37.912942+00:00,123.5,200,bid,YieldingYams,WavyWalnuts,4873557
2026-07-02T22:06:41.135098,2026-07-02T22:06:41.138724+00:00,123.9,11,bid,Xuanyu Liu,WavyWalnuts,4873614
2026-07-02T22:06:41.290325,2026-07-02T22:06:41.294164+00:00,123.8,11,bid,Xuanyu Liu,WavyWalnuts,4873623
2026-07-02T22:06:41.834931,2026-07-02T22:06:41.843628+00:00,123.8,189,bid,YieldingYams,WavyWalnuts,4873633
2026-07-02T22:06:41.834931,2026-07-02T22:06:41.843628+00:00,123.9,436,bid,YieldingYams,AverageAlmonds,4873634
2026-07-02T22:06:43.553838,2026-07-02T22:06:43.565262+00:00,123.6,20,ask,WavyWalnuts,BrilliantBurritos,4873657
2026-07-02T22:06:44.898387,2026-07-02T22:06:44.908384+00:00,123.6,200,ask,YieldingYams,WavyWalnuts,4873679
2026-07-02T22:06:46.105829,2026-07-02T22:06:46.113267+00:00,123.7,200,ask,YieldingYams,WavyWalnuts,4873705
2026-07-02T22:06:47.083110,2026-07-02T22:06:47.091252+00:00,123.7,20,bid,BrilliantBurritos,YieldingYams,4873734
2026-07-02T22:06:47.313981,2026-07-02T22:06:47.322751+00:00,123.7,200,bid,WavyWalnuts,YieldingYams,4873739
2026-07-02T22:06:51.678835,2026-07-02T22:06:51.687386+00:00,123.7,8,bid,BrilliantBurritos,Kelvin Chan,4873797
2026-07-02T22:06:51.678835,2026-07-02T22:06:51.687386+00:00,123.7,12,bid,BrilliantBurritos,WavyWalnuts,4873798
2026-07-02T22:06:53.348783,2026-07-02T22:06:53.358591+00:00,123.5,200,ask,YieldingYams,WavyWalnuts,4873811
2026-07-02T22:06:53.624249,2026-07-02T22:06:53.628074+00:00,123.5,3,bid,Xuanyu Liu,YieldingYams,4873816
2026-07-02T22:06:53.747973,2026-07-02T22:06:53.751753+00:00,123.5,9,bid,Xuanyu Liu,YieldingYams,4873818
2026-07-02T22:06:55.611315,2026-07-02T22:06:55.620518+00:00,123.4,2,ask,Kelvin Chan,BrilliantBurritos,4873857
2026-07-02T22:06:55.611315,2026-07-02T22:06:55.620518+00:00,123.4,18,ask,WavyWalnuts,BrilliantBurritos,4873858
2026-07-02T22:06:58.864518,2026-07-02T22:06:58.875173+00:00,123.4,1,ask,Kelvin Chan,YieldingYams,4873932
2026-07-02T22:07:03.306735,2026-07-02T22:07:03.310667+00:00,123.5,11,bid,Xuanyu Liu,YieldingYams,4874012
2026-07-02T22:07:06.656590,2026-07-02T22:07:06.658604+00:00,123.5,200,bid,WavyWalnuts,YieldingYams,4874072
2026-07-02T22:07:07.878158,2026-07-02T22:07:07.883062+00:00,123.5,11,ask,WavyWalnuts,Xuanyu Liu,4874094
2026-07-02T22:07:08.036034,2026-07-02T22:07:08.044430+00:00,123.6,500,bid,YieldingYams,AverageAlmonds,4874096
2026-07-02T22:07:08.036034,2026-07-02T22:07:08.044430+00:00,123.7,6,bid,YieldingYams,Kelvin Chan,4874097
2026-07-02T22:07:08.059711,2026-07-02T22:07:08.063551+00:00,123.7,23,ask,YieldingYams,Xuanyu Liu,4874102
2026-07-02T22:07:08.399476,2026-07-02T22:07:08.408055+00:00,123.7,96,ask,YieldingYams,AverageAlmonds,4874106
2026-07-02T22:07:08.399476,2026-07-02T22:07:08.408055+00:00,123.5,189,ask,WavyWalnuts,AverageAlmonds,4874107
2026-07-02T22:07:08.422569,2026-07-02T22:07:08.426292+00:00,123.5,1,bid,Xuanyu Liu,AverageAlmonds,4874109
2026-07-02T22:07:08.609864,2026-07-02T22:07:08.614167+00:00,123.5,1,bid,Xuanyu Liu,AverageAlmonds,4874113
2026-07-02T22:07:08.658580,2026-07-02T22:07:08.662595+00:00,123.5,1,bid,Xuanyu Liu,AverageAlmonds,4874115
2026-07-02T22:07:09.070635,2026-07-02T22:07:09.079744+00:00,123.6,10,bid,WavyWalnuts,Kelvin Chan,4874118
2026-07-02T22:07:09.070635,2026-07-02T22:07:09.079744+00:00,123.6,190,bid,WavyWalnuts,AverageAlmonds,4874119
2026-07-02T22:07:09.364156,2026-07-02T22:07:09.368088+00:00,123.5,1,bid,Xuanyu Liu,YieldingYams,4874124
2026-07-02T22:07:09.563886,2026-07-02T22:07:09.567606+00:00,123.5,30,bid,Xuanyu Liu,YieldingYams,4874131
2026-07-02T22:07:10.286484,2026-07-02T22:07:10.295347+00:00,123.5,200,bid,WavyWalnuts,YieldingYams,4874140
2026-07-02T22:07:13.255494,2026-07-02T22:07:13.258557+00:00,123.4,200,ask,WavyWalnuts,AverageAlmonds,4874196
2026-07-02T22:07:13.282373,2026-07-02T22:07:13.293347+00:00,123.4,300,bid,YieldingYams,AverageAlmonds,4874197
2026-07-02T22:07:13.845164,2026-07-02T22:07:13.852417+00:00,123.4,325,ask,YieldingYams,AverageAlmonds,4874202
2026-07-02T22:07:15.343117,2026-07-02T22:07:15.358550+00:00,123.4,20,bid,BrilliantBurritos,YieldingYams,4874222
2026-07-02T22:07:17.216686,2026-07-02T22:07:17.223765+00:00,123.3,2,ask,Kelvin Chan,YieldingYams,4874256
2026-07-02T22:07:17.216686,2026-07-02T22:07:17.228731+00:00,123.3,200,ask,WavyWalnuts,YieldingYams,4874257
2026-07-02T22:07:17.544609,2026-07-02T22:07:17.553518+00:00,123.3,200,bid,WavyWalnuts,YieldingYams,4874263
2026-07-02T22:07:18.356829,2026-07-02T22:07:18.352201+00:00,123.2,8,ask,Kelvin Chan,BrilliantBurritos,4874275
2026-07-02T22:07:18.560526,2026-07-02T22:07:18.571866+00:00,123.2,7,ask,Kelvin Chan,Zihao Wu,4874279
2026-07-02T22:07:18.560526,2026-07-02T22:07:18.571866+00:00,123.2,10,ask,YieldingYams,Zihao Wu,4874280
2026-07-02T22:07:18.754516,2026-07-02T22:07:18.758600+00:00,123.3,200,bid,WavyWalnuts,AverageAlmonds,4874287
2026-07-02T22:07:18.762963,2026-07-02T22:07:18.769519+00:00,123.2,5,ask,YieldingYams,Zihao Wu,4874288
2026-07-02T22:07:21.117363,2026-07-02T22:07:21.124866+00:00,123.3,500,ask,YieldingYams,AverageAlmonds,4874336
2026-07-02T22:07:22.342338,2026-07-02T22:07:22.353011+00:00,123.2,6,ask,Kelvin Chan,AverageAlmonds,4874350
2026-07-02T22:07:22.342338,2026-07-02T22:07:22.353011+00:00,123.2,200,ask,WavyWalnuts,AverageAlmonds,4874351
2026-07-02T22:07:22.359742,2026-07-02T22:07:22.363296+00:00,123.2,12,bid,Xuanyu Liu,AverageAlmonds,4874353
2026-07-02T22:07:22.943995,2026-07-02T22:07:22.951511+00:00,123.1,200,ask,WavyWalnuts,AverageAlmonds,4874376
2026-07-02T22:07:22.943995,2026-07-02T22:07:22.951511+00:00,123.1,300,ask,YieldingYams,AverageAlmonds,4874377
2026-07-02T22:07:23.540521,2026-07-02T22:07:23.549193+00:00,123.1,325,ask,YieldingYams,AverageAlmonds,4874387
2026-07-02T22:07:23.540521,2026-07-02T22:07:23.549193+00:00,123.1,10,ask,Kelvin Chan,AverageAlmonds,4874388
2026-07-02T22:07:23.564131,2026-07-02T22:07:23.567789+00:00,123.1,11,bid,Xuanyu Liu,AverageAlmonds,4874391
2026-07-02T22:07:24.797311,2026-07-02T22:07:24.808238+00:00,123.1,200,bid,WavyWalnuts,AverageAlmonds,4874409
2026-07-02T22:07:26.005418,2026-07-02T22:07:26.013884+00:00,123.1,200,bid,WavyWalnuts,AverageAlmonds,4874437
2026-07-02T22:07:29.637286,2026-07-02T22:07:29.645775+00:00,123.2,200,bid,WavyWalnuts,AverageAlmonds,4874501
2026-07-02T22:07:32.140302,2026-07-02T22:07:32.143849+00:00,123.0,3,ask,Kelvin Chan,Xuanyu Liu,4874549
2026-07-02T22:07:32.149376,2026-07-02T22:07:32.152960+00:00,122.9,8,ask,YieldingYams,Xuanyu Liu,4874551
2026-07-02T22:07:32.958415,2026-07-02T22:07:32.969673+00:00,123.0,500,bid,YieldingYams,AverageAlmonds,4874568
2026-07-02T22:07:32.958415,2026-07-02T22:07:32.969673+00:00,123.1,125,bid,YieldingYams,WavyWalnuts,4874569
2026-07-02T22:07:34.479903,2026-07-02T22:07:34.487261+00:00,123.0,200,bid,WavyWalnuts,YieldingYams,4874595
2026-07-02T22:07:34.933579,2026-07-02T22:07:34.937326+00:00,122.9,7,ask,Kelvin Chan,Xuanyu Liu,4874609
2026-07-02T22:07:34.943469,2026-07-02T22:07:34.947463+00:00,122.8,39,ask,YieldingYams,Xuanyu Liu,4874611
2026-07-02T22:07:35.590515,2026-07-02T22:07:35.602191+00:00,122.8,12,ask,YieldingYams,Zihao Wu,4874622
2026-07-02T22:07:37.263518,2026-07-02T22:07:37.274894+00:00,122.8,20,ask,WavyWalnuts,BrilliantBurritos,4874651
2026-07-02T22:07:38.218895,2026-07-02T22:07:38.230266+00:00,122.9,500,bid,YieldingYams,AverageAlmonds,4874667
2026-07-02T22:07:38.666393,2026-07-02T22:07:38.674853+00:00,122.9,125,ask,YieldingYams,AverageAlmonds,4874675
2026-07-02T22:07:39.066339,2026-07-02T22:07:39.072658+00:00,122.8,20,ask,WavyWalnuts,BrilliantBurritos,4874687
2026-07-02T22:07:39.350928,2026-07-02T22:07:39.358597+00:00,122.9,20,bid,BrilliantBurritos,AverageAlmonds,4874693
2026-07-02T22:07:39.531303,2026-07-02T22:07:39.542142+00:00,122.8,200,ask,WavyWalnuts,YieldingYams,4874694
2026-07-02T22:07:39.583075,2026-07-02T22:07:39.596343+00:00,122.8,12,bid,Zihao Wu,YieldingYams,4874696
2026-07-02T22:07:41.657160,2026-07-02T22:07:41.660600+00:00,122.7,2,ask,Kelvin Chan,Xuanyu Liu,4874746
2026-07-02T22:07:41.738049,2026-07-02T22:07:41.747794+00:00,122.8,200,bid,WavyWalnuts,YieldingYams,4874750
2026-07-02T22:07:42.148632,2026-07-02T22:07:42.174665+00:00,122.8,500,bid,YieldingYams,AverageAlmonds,4874759
2026-07-02T22:07:42.171245,2026-07-02T22:07:42.174665+00:00,122.8,21,ask,YieldingYams,Xuanyu Liu,4874763
2026-07-02T22:07:42.186052,2026-07-02T22:07:42.195279+00:00,122.8,12,ask,YieldingYams,Zihao Wu,4874764
2026-07-02T22:07:43.461965,2026-07-02T22:07:43.469187+00:00,122.7,200,ask,WavyWalnuts,YieldingYams,4874792
2026-07-02T22:07:43.587453,2026-07-02T22:07:43.595704+00:00,122.6,12,bid,Zihao Wu,YieldingYams,4874796
2026-07-02T22:07:45.676857,2026-07-02T22:07:45.688296+00:00,122.4,20,ask,YieldingYams,BrilliantBurritos,4874838
2026-07-02T22:07:46.090668,2026-07-02T22:07:46.101542+00:00,122.5,200,bid,YieldingYams,WavyWalnuts,4874841
2026-07-02T22:07:46.190234,2026-07-02T22:07:46.202040+00:00,122.5,12,ask,YieldingYams,Zihao Wu,4874842
2026-07-02T22:07:47.391352,2026-07-02T22:07:47.399836+00:00,122.8,12,bid,Zihao Wu,YieldingYams,4874860
2026-07-02T22:07:50.233251,2026-07-02T22:07:50.238701+00:00,122.6,200,ask,YieldingYams,WavyWalnuts,4874896
2026-07-02T22:07:50.702472,2026-07-02T22:07:50.708205+00:00,122.8,23,bid,Xuanyu Liu,YieldingYams,4874901
2026-07-02T22:07:51.386333,2026-07-02T22:07:51.390379+00:00,122.7,11,bid,Xuanyu Liu,YieldingYams,4874912
2026-07-02T22:07:51.442761,2026-07-02T22:07:51.450483+00:00,122.5,2,ask,Kelvin Chan,WavyWalnuts,4874914
2026-07-02T22:07:51.442761,2026-07-02T22:07:51.455811+00:00,122.5,198,ask,YieldingYams,WavyWalnuts,4874915
2026-07-02T22:07:52.674441,2026-07-02T22:07:52.678143+00:00,122.5,12,bid,Xuanyu Liu,WavyWalnuts,4874938
2026-07-02T22:07:52.684282,2026-07-02T22:07:52.687945+00:00,122.5,11,bid,Xuanyu Liu,WavyWalnuts,4874940
2026-07-02T22:07:53.825414,2026-07-02T22:07:53.833081+00:00,122.5,20,bid,BrilliantBurritos,WavyWalnuts,4874975
2026-07-02T22:07:53.943616,2026-07-02T22:07:53.947450+00:00,122.4,11,ask,AverageAlmonds,Xuanyu Liu,4874981
2026-07-02T22:07:55.274634,2026-07-02T22:07:55.282047+00:00,122.4,2,ask,Kelvin Chan,YieldingYams,4875006
2026-07-02T22:07:55.274634,2026-07-02T22:07:55.287334+00:00,122.4,200,ask,WavyWalnuts,YieldingYams,4875007
2026-07-02T22:07:57.051000,2026-07-02T22:07:57.058999+00:00,122.5,11,bid,Xuanyu Liu,WavyWalnuts,4875059
2026-07-02T22:07:57.492357,2026-07-02T22:07:57.499339+00:00,122.4,200,ask,YieldingYams,WavyWalnuts,4875066
2026-07-02T22:07:58.699883,2026-07-02T22:07:58.708278+00:00,122.4,200,ask,YieldingYams,WavyWalnuts,4875082
2026-07-02T22:07:59.209710,2026-07-02T22:07:59.217079+00:00,122.4,7,ask,Kelvin Chan,YieldingYams,4875097
2026-07-02T22:07:59.209710,2026-07-02T22:07:59.222285+00:00,122.3,500,ask,AverageAlmonds,YieldingYams,4875098
2026-07-02T22:07:59.227790,2026-07-02T22:07:59.231396+00:00,122.3,23,bid,Xuanyu Liu,YieldingYams,4875101
2026-07-02T22:07:59.247838,2026-07-02T22:07:59.257495+00:00,122.3,95,bid,AverageAlmonds,YieldingYams,4875102
2026-07-02T22:08:00.520665,2026-07-02T22:08:00.528025+00:00,122.5,500,ask,AverageAlmonds,YieldingYams,4875135
2026-07-02T22:08:01.056350,2026-07-02T22:08:01.064036+00:00,122.5,125,bid,AverageAlmonds,YieldingYams,4875148
2026-07-02T22:08:09.561427,2026-07-02T22:08:09.570328+00:00,122.7,200,bid,WavyWalnuts,YieldingYams,4875337
2026-07-02T22:08:15.637816,2026-07-02T22:08:15.665011+00:00,122.7,200,ask,YieldingYams,WavyWalnuts,4875494
2026-07-02T22:08:16.075956,2026-07-02T22:08:16.079357+00:00,122.7,23,ask,YieldingYams,Xuanyu Liu,4875498
2026-07-02T22:08:16.845814,2026-07-02T22:08:16.858605+00:00,122.7,200,ask,YieldingYams,WavyWalnuts,4875526
2026-07-02T22:08:17.070584,2026-07-02T22:08:17.081941+00:00,122.7,12,ask,YieldingYams,Zihao Wu,4875538
2026-07-02T22:08:18.720609,2026-07-02T22:08:18.732447+00:00,122.5,20,ask,YieldingYams,BrilliantBurritos,4875580
2026-07-02T22:08:19.262467,2026-07-02T22:08:19.269484+00:00,122.6,200,bid,WavyWalnuts,YieldingYams,4875603
2026-07-02T22:08:22.824729,2026-07-02T22:08:22.835272+00:00,122.5,200,ask,WavyWalnuts,YieldingYams,4875679
2026-07-02T22:08:22.877417,2026-07-02T22:08:22.888499+00:00,122.5,12,bid,Zihao Wu,YieldingYams,4875683
2026-07-02T22:08:25.307732,2026-07-02T22:08:25.314438+00:00,122.5,200,bid,WavyWalnuts,YieldingYams,4875733
2026-07-02T22:08:27.091786,2026-07-02T22:08:27.099541+00:00,122.4,20,ask,WavyWalnuts,BrilliantBurritos,4875779
2026-07-02T22:08:29.382335,2026-07-02T22:08:29.391588+00:00,122.4,200,ask,WavyWalnuts,YieldingYams,4875824
2026-07-02T22:08:30.145812,2026-07-02T22:08:30.156936+00:00,122.4,200,bid,WavyWalnuts,YieldingYams,4875835
2026-07-02T22:08:33.778637,2026-07-02T22:08:33.787160+00:00,122.6,12,bid,WavyWalnuts,Kelvin Chan,4875907
2026-07-02T22:08:33.778637,2026-07-02T22:08:33.787160+00:00,122.6,188,bid,WavyWalnuts,YieldingYams,4875908
2026-07-02T22:08:35.047580,2026-07-02T22:08:35.051411+00:00,122.7,23,ask,WavyWalnuts,Xuanyu Liu,4875945
2026-07-02T22:08:36.091658,2026-07-02T22:08:36.102991+00:00,122.9,22,bid,Zihao Wu,WavyWalnuts,4875968
2026-07-02T22:08:38.162472,2026-07-02T22:08:38.166569+00:00,122.8,12,bid,Xuanyu Liu,YieldingYams,4876010
2026-07-02T22:08:38.617542,2026-07-02T22:08:38.629855+00:00,122.8,200,bid,WavyWalnuts,YieldingYams,4876018
2026-07-02T22:08:39.895544,2026-07-02T22:08:39.907230+00:00,122.8,22,ask,YieldingYams,Zihao Wu,4876037
2026-07-02T22:08:41.170273,2026-07-02T22:08:41.177165+00:00,122.9,2,bid,YieldingYams,Kelvin Chan,4876059
2026-07-02T22:08:42.253101,2026-07-02T22:08:42.249866+00:00,122.9,200,ask,YieldingYams,WavyWalnuts,4876074
2026-07-02T22:08:43.169697,2026-07-02T22:08:43.179520+00:00,123.1,20,bid,BrilliantBurritos,AverageAlmonds,4876101
2026-07-02T22:08:43.794312,2026-07-02T22:08:43.810013+00:00,123.0,200,bid,YieldingYams,WavyWalnuts,4876116
2026-07-02T22:08:44.538657,2026-07-02T22:08:44.542571+00:00,123.1,37,bid,Xuanyu Liu,AverageAlmonds,4876130
2026-07-02T22:08:45.851830,2026-07-02T22:08:45.857591+00:00,123.0,500,ask,YieldingYams,AverageAlmonds,4876149
2026-07-02T22:08:45.907687,2026-07-02T22:08:45.918906+00:00,123.2,20,bid,BrilliantBurritos,YieldingYams,4876151
2026-07-02T22:08:46.440865,2026-07-02T22:08:46.452360+00:00,123.1,200,ask,WavyWalnuts,AverageAlmonds,4876154
2026-07-02T22:08:47.072970,2026-07-02T22:08:47.079462+00:00,123.0,500,ask,YieldingYams,AverageAlmonds,4876165
2026-07-02T22:08:47.669586,2026-07-02T22:08:47.679828+00:00,123.0,125,ask,YieldingYams,AverageAlmonds,4876182
2026-07-02T22:08:47.669586,2026-07-02T22:08:47.679828+00:00,123.0,200,ask,WavyWalnuts,AverageAlmonds,4876183
2026-07-02T22:08:47.703996,2026-07-02T22:08:47.711155+00:00,122.9,22,bid,Zihao Wu,AverageAlmonds,4876185
2026-07-02T22:08:48.174709,2026-07-02T22:08:48.186315+00:00,122.8,20,bid,BrilliantBurritos,YieldingYams,4876196
2026-07-02T22:08:48.310091,2026-07-02T22:08:48.332143+00:00,122.8,200,bid,WavyWalnuts,YieldingYams,4876205
2026-07-02T22:08:48.907752,2026-07-02T22:08:48.914707+00:00,122.6,22,ask,YieldingYams,Zihao Wu,4876219
2026-07-02T22:08:49.527527,2026-07-02T22:08:49.537878+00:00,122.8,200,bid,WavyWalnuts,YieldingYams,4876242
2026-07-02T22:08:50.738616,2026-07-02T22:08:50.746209+00:00,122.9,200,bid,WavyWalnuts,YieldingYams,4876261
2026-07-02T22:08:51.948889,2026-07-02T22:08:51.957594+00:00,122.9,9,bid,WavyWalnuts,Kelvin Chan,4876294
2026-07-02T22:08:51.948889,2026-07-02T22:08:51.957594+00:00,122.9,191,bid,WavyWalnuts,AverageAlmonds,4876295
2026-07-02T22:08:52.255305,2026-07-02T22:08:52.264461+00:00,122.9,20,bid,BrilliantBurritos,AverageAlmonds,4876300
2026-07-02T22:08:53.159913,2026-07-02T22:08:53.169511+00:00,122.8,200,bid,WavyWalnuts,AverageAlmonds,4876316
2026-07-02T22:08:54.930957,2026-07-02T22:08:54.938426+00:00,122.8,200,ask,WavyWalnuts,AverageAlmonds,4876350
2026-07-02T22:08:55.572022,2026-07-02T22:08:55.581898+00:00,122.8,200,bid,WavyWalnuts,AverageAlmonds,4876365
2026-07-02T22:08:56.914545,2026-07-02T22:08:56.922114+00:00,122.7,200,ask,WavyWalnuts,YieldingYams,4876399
2026-07-02T22:08:57.194616,2026-07-02T22:08:57.198101+00:00,122.5,3,ask,YieldingYams,Xuanyu Liu,4876404
2026-07-02T22:08:58.019844,2026-07-02T22:08:58.023201+00:00,122.6,11,ask,WavyWalnuts,Xuanyu Liu,4876413
2026-07-02T22:08:59.541038,2026-07-02T22:08:59.548293+00:00,122.6,200,ask,WavyWalnuts,YieldingYams,4876437
2026-07-02T22:09:00.207687,2026-07-02T22:09:00.216506+00:00,122.6,20,bid,BrilliantBurritos,YieldingYams,4876461
2026-07-02T22:09:02.162135,2026-07-02T22:09:02.172289+00:00,122.6,200,ask,WavyWalnuts,YieldingYams,4876482
2026-07-02T22:09:02.847784,2026-07-02T22:09:02.853883+00:00,122.6,200,bid,WavyWalnuts,YieldingYams,4876490
2026-07-02T22:09:03.290989,2026-07-02T22:09:03.299927+00:00,122.5,18,ask,Kelvin Chan,BrilliantBurritos,4876496
2026-07-02T22:09:05.271228,2026-07-02T22:09:05.277971+00:00,122.6,200,bid,WavyWalnuts,YieldingYams,4876533
2026-07-02T22:09:06.101400,2026-07-02T22:09:06.105225+00:00,122.6,12,ask,YieldingYams,Xuanyu Liu,4876553
2026-07-02T22:09:06.485810,2026-07-02T22:09:06.494906+00:00,122.8,9,bid,WavyWalnuts,Kelvin Chan,4876557
2026-07-02T22:09:06.485810,2026-07-02T22:09:06.494906+00:00,122.8,191,bid,WavyWalnuts,YieldingYams,4876558
2026-07-02T22:09:07.636675,2026-07-02T22:09:07.647113+00:00,122.6,500,ask,YieldingYams,AverageAlmonds,4876587
2026-07-02T22:09:07.696641,2026-07-02T22:09:07.705786+00:00,122.8,200,bid,WavyWalnuts,YieldingYams,4876588
2026-07-02T22:09:08.907488,2026-07-02T22:09:08.914828+00:00,122.6,200,bid,WavyWalnuts,YieldingYams,4876612
2026-07-02T22:09:09.855458,2026-07-02T22:09:09.859253+00:00,122.5,3,ask,Kelvin Chan,Xuanyu Liu,4876636
2026-07-02T22:09:09.864882,2026-07-02T22:09:09.868757+00:00,122.3,8,ask,YieldingYams,Xuanyu Liu,4876638
2026-07-02T22:09:10.064122,2026-07-02T22:09:10.067812+00:00,122.4,12,ask,YieldingYams,Xuanyu Liu,4876641
2026-07-02T22:09:10.140107,2026-07-02T22:09:10.143717+00:00,122.5,11,ask,WavyWalnuts,Xuanyu Liu,4876644
2026-07-02T22:09:11.355136,2026-07-02T22:09:11.368690+00:00,122.4,1,ask,Kelvin Chan,YieldingYams,4876671
2026-07-02T22:09:11.355136,2026-07-02T22:09:11.368690+00:00,122.4,200,ask,WavyWalnuts,YieldingYams,4876672
2026-07-02T22:09:15.283017,2026-07-02T22:09:15.293714+00:00,122.4,3,ask,Kelvin Chan,YieldingYams,4876740
2026-07-02T22:09:17.384835,2026-07-02T22:09:17.388128+00:00,122.4,11,ask,WavyWalnuts,Xuanyu Liu,4876772
2026-07-02T22:09:17.534728,2026-07-02T22:09:17.544163+00:00,122.4,12,ask,WavyWalnuts,Zihao Wu,4876779
2026-07-02T22:09:17.917757,2026-07-02T22:09:17.921165+00:00,122.5,12,ask,YieldingYams,Xuanyu Liu,4876782
2026-07-02T22:09:18.576632,2026-07-02T22:09:18.584935+00:00,122.5,200,ask,YieldingYams,WavyWalnuts,4876791
2026-07-02T22:09:20.997710,2026-07-02T22:09:21.005809+00:00,122.6,6,bid,WavyWalnuts,Kelvin Chan,4876852
2026-07-02T22:09:21.839975,2026-07-02T22:09:21.846300+00:00,122.6,194,ask,WavyWalnuts,YieldingYams,4876861
2026-07-02T22:09:21.849142,2026-07-02T22:09:21.864037+00:00,122.6,20,bid,BrilliantBurritos,YieldingYams,4876863
2026-07-02T22:09:22.740476,2026-07-02T22:09:22.752047+00:00,122.6,12,bid,Zihao Wu,YieldingYams,4876891
2026-07-02T22:09:23.541318,2026-07-02T22:09:23.552788+00:00,122.6,12,ask,WavyWalnuts,Zihao Wu,4876899
2026-07-02T22:09:24.504246,2026-07-02T22:09:24.512125+00:00,122.6,20,ask,WavyWalnuts,BrilliantBurritos,4876922
2026-07-02T22:09:24.620475,2026-07-02T22:09:24.627549+00:00,122.7,10,bid,WavyWalnuts,Kelvin Chan,4876924
2026-07-02T22:09:27.130629,2026-07-02T22:09:27.140827+00:00,122.7,200,ask,WavyWalnuts,YieldingYams,4876978
2026-07-02T22:09:27.144873,2026-07-02T22:09:27.151027+00:00,122.7,12,bid,Zihao Wu,YieldingYams,4876981
2026-07-02T22:09:27.865301,2026-07-02T22:09:27.873022+00:00,122.7,20,bid,BrilliantBurritos,YieldingYams,4876998
2026-07-02T22:09:28.946842,2026-07-02T22:09:28.958242+00:00,122.5,12,ask,WavyWalnuts,Zihao Wu,4877018
2026-07-02T22:09:31.878229,2026-07-02T22:09:31.885322+00:00,122.6,200,bid,WavyWalnuts,YieldingYams,4877088
2026-07-02T22:09:33.104495,2026-07-02T22:09:33.108983+00:00,122.5,11,ask,WavyWalnuts,Xuanyu Liu,4877110
2026-07-02T22:09:34.295641,2026-07-02T22:09:34.303852+00:00,122.6,200,bid,WavyWalnuts,YieldingYams,4877139
2026-07-02T22:09:35.008188,2026-07-02T22:09:35.018836+00:00,122.4,1,ask,Kelvin Chan,YieldingYams,4877148
2026-07-02T22:09:35.008188,2026-07-02T22:09:35.018836+00:00,122.4,500,ask,AverageAlmonds,YieldingYams,4877149
2026-07-02T22:09:35.482468,2026-07-02T22:09:35.537934+00:00,122.4,124,bid,AverageAlmonds,YieldingYams,4877155
2026-07-02T22:09:35.533845,2026-07-02T22:09:35.537934+00:00,122.5,6,ask,AverageAlmonds,Xuanyu Liu,4877159
2026-07-02T22:09:36.140077,2026-07-02T22:09:36.158733+00:00,122.7,20,bid,BrilliantBurritos,WavyWalnuts,4877174
2026-07-02T22:09:36.689763,2026-07-02T22:09:36.697859+00:00,122.6,500,bid,AverageAlmonds,YieldingYams,4877184
2026-07-02T22:09:36.738344,2026-07-02T22:09:36.745005+00:00,122.6,125,bid,WavyWalnuts,YieldingYams,4877190
2026-07-02T22:09:41.360151,2026-07-02T22:09:41.371711+00:00,122.8,1,bid,Zihao Wu,Kelvin Chan,4877311
2026-07-02T22:09:41.360151,2026-07-02T22:09:41.371711+00:00,122.8,11,bid,Zihao Wu,YieldingYams,4877312
2026-07-02T22:09:41.561309,2026-07-02T22:09:41.568964+00:00,122.6,12,ask,WavyWalnuts,Zihao Wu,4877316
2026-07-02T22:09:44.963903,2026-07-02T22:09:44.973867+00:00,122.7,12,bid,Zihao Wu,YieldingYams,4877384
2026-07-02T22:09:45.164831,2026-07-02T22:09:45.174380+00:00,122.6,12,ask,WavyWalnuts,Zihao Wu,4877389
2026-07-02T22:09:45.502105,2026-07-02T22:09:45.513715+00:00,122.8,1,bid,BrilliantBurritos,Kelvin Chan,4877405
2026-07-02T22:09:45.502105,2026-07-02T22:09:45.513715+00:00,122.8,19,bid,BrilliantBurritos,WavyWalnuts,4877406
2026-07-02T22:09:45.565334,2026-07-02T22:09:45.574403+00:00,122.8,12,bid,Zihao Wu,WavyWalnuts,4877409
2026-07-02T22:09:45.756009,2026-07-02T22:09:45.753431+00:00,122.8,169,bid,AverageAlmonds,WavyWalnuts,4877410
2026-07-02T22:09:46.456431,2026-07-02T22:09:46.464821+00:00,122.8,200,ask,AverageAlmonds,WavyWalnuts,4877432
2026-07-02T22:09:47.668103,2026-07-02T22:09:47.676762+00:00,122.8,200,ask,AverageAlmonds,WavyWalnuts,4877459
2026-07-02T22:09:48.103203,2026-07-02T22:09:48.113518+00:00,122.9,10,bid,YieldingYams,Kelvin Chan,4877460
2026-07-02T22:09:48.877895,2026-07-02T22:09:48.888489+00:00,122.9,200,ask,YieldingYams,WavyWalnuts,4877481
2026-07-02T22:09:49.718307,2026-07-02T22:09:49.729887+00:00,123.0,20,bid,BrilliantBurritos,YieldingYams,4877498
2026-07-02T22:09:50.907581,2026-07-02T22:09:50.911586+00:00,123.0,6,bid,Xuanyu Liu,WavyWalnuts,4877523
2026-07-02T22:09:51.301779,2026-07-02T22:09:51.311029+00:00,122.9,200,ask,YieldingYams,WavyWalnuts,4877534
2026-07-02T22:09:53.736124,2026-07-02T22:09:53.740014+00:00,122.9,11,bid,Xuanyu Liu,WavyWalnuts,4877586
2026-07-02T22:09:54.934967,2026-07-02T22:09:54.945885+00:00,122.8,200,ask,YieldingYams,WavyWalnuts,4877628
2026-07-02T22:09:58.904696,2026-07-02T22:09:58.916475+00:00,123.0,20,bid,BrilliantBurritos,WavyWalnuts,4877699
2026-07-02T22:09:59.801012,2026-07-02T22:09:59.804648+00:00,122.9,12,bid,Xuanyu Liu,WavyWalnuts,4877723
2026-07-02T22:10:00.398960,2026-07-02T22:10:00.403122+00:00,122.9,11,bid,Xuanyu Liu,WavyWalnuts,4877736
2026-07-02T22:10:03.884796,2026-07-02T22:10:03.896140+00:00,122.9,200,ask,WavyWalnuts,YieldingYams,4877798
2026-07-02T22:10:06.719114,2026-07-02T22:10:06.723299+00:00,122.9,11,bid,Xuanyu Liu,YieldingYams,4877853
2026-07-02T22:10:10.365491,2026-07-02T22:10:10.375029+00:00,122.8,20,ask,YieldingYams,BrilliantBurritos,4877916
2026-07-02T22:10:11.737517,2026-07-02T22:10:11.744870+00:00,123.0,2,bid,YieldingYams,Kelvin Chan,4877943
2026-07-02T22:10:11.737517,2026-07-02T22:10:11.758610+00:00,123.0,200,bid,YieldingYams,WavyWalnuts,4877944
2026-07-02T22:10:11.808265,2026-07-02T22:10:11.818325+00:00,123.0,423,ask,YieldingYams,AverageAlmonds,4877948
2026-07-02T22:10:12.985892,2026-07-02T22:10:12.997170+00:00,122.9,20,ask,WavyWalnuts,BrilliantBurritos,4877978
2026-07-02T22:10:13.080657,2026-07-02T22:10:13.091078+00:00,123.0,200,bid,WavyWalnuts,YieldingYams,4877980
2026-07-02T22:10:14.286606,2026-07-02T22:10:14.297211+00:00,123.0,200,bid,WavyWalnuts,YieldingYams,4877999
2026-07-02T22:10:16.712764,2026-07-02T22:10:16.721956+00:00,123.0,200,bid,WavyWalnuts,YieldingYams,4878047
2026-07-02T22:10:18.284279,2026-07-02T22:10:18.295336+00:00,122.9,200,ask,WavyWalnuts,YieldingYams,4878081
2026-07-02T22:10:26.159497,2026-07-02T22:10:26.163721+00:00,122.9,11,ask,YieldingYams,Xuanyu Liu,4878238
2026-07-02T22:10:27.721018,2026-07-02T22:10:27.732311+00:00,122.9,20,ask,YieldingYams,BrilliantBurritos,4878262
2026-07-02T22:10:31.381023,2026-07-02T22:10:31.387463+00:00,123.0,200,bid,YieldingYams,WavyWalnuts,4878314
2026-07-02T22:10:32.386275,2026-07-02T22:10:32.390519+00:00,123.1,11,bid,Xuanyu Liu,AverageAlmonds,4878331
2026-07-02T22:10:32.424772,2026-07-02T22:10:32.433048+00:00,123.0,200,ask,YieldingYams,WavyWalnuts,4878332
2026-07-02T22:10:33.644207,2026-07-02T22:10:33.647871+00:00,123.0,12,bid,Xuanyu Liu,WavyWalnuts,4878354
2026-07-02T22:10:33.998336,2026-07-02T22:10:34.006187+00:00,123.0,188,bid,YieldingYams,WavyWalnuts,4878362
2026-07-02T22:10:34.710759,2026-07-02T22:10:34.721953+00:00,123.1,20,bid,BrilliantBurritos,AverageAlmonds,4878377
2026-07-02T22:10:34.836292,2026-07-02T22:10:34.846815+00:00,123.0,200,ask,YieldingYams,WavyWalnuts,4878381
2026-07-02T22:10:37.215376,2026-07-02T22:10:37.222001+00:00,122.9,200,ask,WavyWalnuts,AverageAlmonds,4878425
2026-07-02T22:10:37.215376,2026-07-02T22:10:37.227261+00:00,122.9,300,ask,YieldingYams,AverageAlmonds,4878426
2026-07-02T22:10:37.807403,2026-07-02T22:10:37.815998+00:00,122.9,325,ask,YieldingYams,AverageAlmonds,4878448
2026-07-02T22:10:37.807403,2026-07-02T22:10:37.815998+00:00,122.8,175,ask,WavyWalnuts,AverageAlmonds,4878449
2026-07-02T22:10:37.971759,2026-07-02T22:10:37.979129+00:00,122.8,25,ask,WavyWalnuts,YieldingYams,4878454
2026-07-02T22:10:37.989580,2026-07-02T22:10:37.993425+00:00,122.8,23,bid,Xuanyu Liu,YieldingYams,4878456
2026-07-02T22:10:38.412302,2026-07-02T22:10:38.419106+00:00,122.7,2,ask,Kelvin Chan,AverageAlmonds,4878465
2026-07-02T22:10:38.464008,2026-07-02T22:10:38.473125+00:00,122.7,200,bid,WavyWalnuts,AverageAlmonds,4878466
2026-07-02T22:10:39.282242,2026-07-02T22:10:39.292317+00:00,122.8,500,bid,YieldingYams,AverageAlmonds,4878481
2026-07-02T22:10:39.297934,2026-07-02T22:10:39.301508+00:00,122.8,12,ask,YieldingYams,Xuanyu Liu,4878483
2026-07-02T22:10:39.615369,2026-07-02T22:10:39.623367+00:00,122.8,113,ask,YieldingYams,AverageAlmonds,4878487
2026-07-02T22:10:40.592884,2026-07-02T22:10:40.604254+00:00,122.7,200,ask,WavyWalnuts,YieldingYams,4878500
2026-07-02T22:10:40.592884,2026-07-02T22:10:40.604254+00:00,122.7,6,ask,Kelvin Chan,YieldingYams,4878501
2026-07-02T22:10:41.514505,2026-07-02T22:10:41.518288+00:00,122.6,12,bid,Xuanyu Liu,YieldingYams,4878529
2026-07-02T22:10:41.905093,2026-07-02T22:10:41.916223+00:00,122.7,200,bid,YieldingYams,WavyWalnuts,4878536
2026-07-02T22:10:43.216616,2026-07-02T22:10:43.226919+00:00,122.7,200,ask,WavyWalnuts,YieldingYams,4878560
2026-07-02T22:10:47.147291,2026-07-02T22:10:47.169695+00:00,122.7,200,ask,WavyWalnuts,YieldingYams,4878656
2026-07-02T22:10:47.165833,2026-07-02T22:10:47.169695+00:00,122.7,11,bid,Xuanyu Liu,YieldingYams,4878659
2026-07-02T22:10:49.341874,2026-07-02T22:10:49.348633+00:00,122.8,200,bid,WavyWalnuts,YieldingYams,4878721
2026-07-02T22:10:51.059819,2026-07-02T22:10:51.063177+00:00,122.9,3,bid,Xuanyu Liu,Kelvin Chan,4878758
2026-07-02T22:10:51.235477,2026-07-02T22:10:51.247081+00:00,122.9,4,bid,Zihao Wu,Kelvin Chan,4878767
2026-07-02T22:10:51.235477,2026-07-02T22:10:51.247081+00:00,122.9,18,bid,Zihao Wu,WavyWalnuts,4878768
2026-07-02T22:10:54.639189,2026-07-02T22:10:54.648958+00:00,122.6,2,ask,Kelvin Chan,Zihao Wu,4878827
2026-07-02T22:10:54.639189,2026-07-02T22:10:54.648958+00:00,122.6,20,ask,YieldingYams,Zihao Wu,4878828
2026-07-02T22:10:57.634044,2026-07-02T22:10:57.641742+00:00,122.9,2,bid,YieldingYams,Kelvin Chan,4878901
2026-07-02T22:10:57.634044,2026-07-02T22:10:57.643035+00:00,122.9,200,bid,YieldingYams,WavyWalnuts,4878902
2026-07-02T22:10:57.828881,2026-07-02T22:10:57.835146+00:00,122.9,200,ask,YieldingYams,WavyWalnuts,4878904
2026-07-02T22:10:58.952661,2026-07-02T22:10:58.958627+00:00,122.7,200,ask,WavyWalnuts,YieldingYams,4878934
2026-07-02T22:10:59.034153,2026-07-02T22:10:59.044044+00:00,122.7,200,bid,WavyWalnuts,YieldingYams,4878938
2026-07-02T22:10:59.054646,2026-07-02T22:10:59.063799+00:00,122.7,22,bid,Zihao Wu,YieldingYams,4878941
2026-07-02T22:11:00.353653,2026-07-02T22:11:00.365358+00:00,122.6,4,ask,Kelvin Chan,BrilliantBurritos,4878970
2026-07-02T22:11:00.353653,2026-07-02T22:11:00.365358+00:00,122.6,16,ask,YieldingYams,BrilliantBurritos,4878971
2026-07-02T22:11:01.048287,2026-07-02T22:11:01.054304+00:00,122.6,22,ask,YieldingYams,Zihao Wu,4878986
2026-07-02T22:11:01.285437,2026-07-02T22:11:01.296746+00:00,122.7,20,bid,BrilliantBurritos,WavyWalnuts,4878991
2026-07-02T22:11:01.456051,2026-07-02T22:11:01.468962+00:00,122.6,200,ask,YieldingYams,WavyWalnuts,4878992
2026-07-02T22:11:01.567570,2026-07-02T22:11:01.574828+00:00,122.6,12,ask,Kelvin Chan,YieldingYams,4878995
2026-07-02T22:11:01.646472,2026-07-02T22:11:01.657441+00:00,122.6,22,bid,Zihao Wu,YieldingYams,4878997
2026-07-02T22:11:01.855015,2026-07-02T22:11:01.865054+00:00,122.5,5,ask,AverageAlmonds,Zihao Wu,4879005
2026-07-02T22:11:02.619955,2026-07-02T22:11:02.628055+00:00,122.6,500,bid,AverageAlmonds,YieldingYams,4879037
2026-07-02T22:11:02.661466,2026-07-02T22:11:02.670057+00:00,122.6,91,bid,WavyWalnuts,YieldingYams,4879038
2026-07-02T22:11:02.874506,2026-07-02T22:11:02.883684+00:00,122.8,200,bid,YieldingYams,WavyWalnuts,4879041
2026-07-02T22:11:03.056681,2026-07-02T22:11:03.067998+00:00,123.0,5,bid,Zihao Wu,YieldingYams,4879045
2026-07-02T22:11:03.875777,2026-07-02T22:11:03.882410+00:00,122.8,200,ask,YieldingYams,WavyWalnuts,4879059
2026-07-02T22:11:04.185328,2026-07-02T22:11:04.192414+00:00,122.9,9,bid,BrilliantBurritos,Kelvin Chan,4879064
2026-07-02T22:11:04.189759,2026-07-02T22:11:04.197679+00:00,122.6,500,ask,AverageAlmonds,YieldingYams,4879065
2026-07-02T22:11:04.189759,2026-07-02T22:11:04.197679+00:00,122.6,125,ask,WavyWalnuts,YieldingYams,4879066
2026-07-02T22:11:05.259592,2026-07-02T22:11:05.266985+00:00,122.5,3,ask,Kelvin Chan,Zihao Wu,4879084
2026-07-02T22:11:05.259592,2026-07-02T22:11:05.266985+00:00,122.5,2,ask,AverageAlmonds,Zihao Wu,4879085
2026-07-02T22:11:05.496431,2026-07-02T22:11:05.506087+00:00,122.7,200,bid,YieldingYams,WavyWalnuts,4879091
2026-07-02T22:11:05.661017,2026-07-02T22:11:05.672633+00:00,122.9,5,bid,Zihao Wu,Kelvin Chan,4879094
2026-07-02T22:11:06.810909,2026-07-02T22:11:06.820662+00:00,122.6,2,ask,Kelvin Chan,YieldingYams,4879126
2026-07-02T22:11:06.810909,2026-07-02T22:11:06.820662+00:00,122.6,200,ask,WavyWalnuts,YieldingYams,4879127
2026-07-02T22:11:07.261511,2026-07-02T22:11:07.270539+00:00,122.5,5,ask,AverageAlmonds,Zihao Wu,4879133
2026-07-02T22:11:07.466184,2026-07-02T22:11:07.474893+00:00,122.6,423,bid,AverageAlmonds,YieldingYams,4879139
2026-07-02T22:11:07.662047,2026-07-02T22:11:07.673647+00:00,122.7,5,bid,Zihao Wu,WavyWalnuts,4879145
2026-07-02T22:11:08.712176,2026-07-02T22:11:08.719952+00:00,122.6,4,ask,Kelvin Chan,WavyWalnuts,4879175
2026-07-02T22:11:08.712176,2026-07-02T22:11:08.719952+00:00,122.6,196,ask,YieldingYams,WavyWalnuts,4879176
2026-07-02T22:11:09.428613,2026-07-02T22:11:09.438714+00:00,122.6,500,ask,AverageAlmonds,YieldingYams,4879185
2026-07-02T22:11:09.870149,2026-07-02T22:11:09.877836+00:00,122.6,125,bid,AverageAlmonds,YieldingYams,4879189
2026-07-02T22:11:09.912965,2026-07-02T22:11:09.927764+00:00,122.9,3,bid,BrilliantBurritos,Kelvin Chan,4879191
2026-07-02T22:11:11.081093,2026-07-02T22:11:11.088616+00:00,122.7,200,bid,AverageAlmonds,WavyWalnuts,4879202
2026-07-02T22:11:11.694511,2026-07-02T22:11:11.704252+00:00,122.7,20,ask,AverageAlmonds,BrilliantBurritos,4879218
2026-07-02T22:11:12.045314,2026-07-02T22:11:12.046641+00:00,122.7,480,ask,AverageAlmonds,YieldingYams,4879224
2026-07-02T22:11:12.301875,2026-07-02T22:11:12.309740+00:00,122.7,145,bid,AverageAlmonds,YieldingYams,4879228
2026-07-02T22:11:12.301875,2026-07-02T22:11:12.314721+00:00,122.8,200,bid,AverageAlmonds,WavyWalnuts,4879229
2026-07-02T22:11:13.202185,2026-07-02T22:11:13.206108+00:00,122.8,3,ask,WavyWalnuts,Xuanyu Liu,4879248
2026-07-02T22:11:13.268923,2026-07-02T22:11:13.279158+00:00,122.8,10,ask,WavyWalnuts,Zihao Wu,4879252
2026-07-02T22:11:13.350615,2026-07-02T22:11:13.360517+00:00,122.9,9,bid,YieldingYams,Kelvin Chan,4879256
2026-07-02T22:11:13.350615,2026-07-02T22:11:13.360517+00:00,123.0,200,bid,YieldingYams,WavyWalnuts,4879257
2026-07-02T22:11:13.367668,2026-07-02T22:11:13.371587+00:00,123.0,23,ask,YieldingYams,Xuanyu Liu,4879259
2026-07-02T22:11:14.268817,2026-07-02T22:11:14.280513+00:00,123.1,7,bid,Zihao Wu,Kelvin Chan,4879283
2026-07-02T22:11:14.268817,2026-07-02T22:11:14.280513+00:00,123.1,3,bid,Zihao Wu,WavyWalnuts,4879284
2026-07-02T22:11:14.869692,2026-07-02T22:11:14.881291+00:00,123.0,10,ask,WavyWalnuts,Zihao Wu,4879297
2026-07-02T22:11:15.069899,2026-07-02T22:11:15.077358+00:00,123.1,6,bid,Zihao Wu,Kelvin Chan,4879301
2026-07-02T22:11:15.069899,2026-07-02T22:11:15.077358+00:00,123.1,4,bid,Zihao Wu,YieldingYams,4879302
2026-07-02T22:11:15.970773,2026-07-02T22:11:15.977117+00:00,123.1,200,bid,WavyWalnuts,YieldingYams,4879329
2026-07-02T22:11:16.310046,2026-07-02T22:11:16.313374+00:00,123.1,4,bid,Xuanyu Liu,Kelvin Chan,4879342
2026-07-02T22:11:19.570619,2026-07-02T22:11:19.579275+00:00,123.1,20,ask,YieldingYams,BrilliantBurritos,4879410
2026-07-02T22:11:19.910154,2026-07-02T22:11:19.917570+00:00,123.2,200,bid,YieldingYams,WavyWalnuts,4879414
2026-07-02T22:11:20.806792,2026-07-02T22:11:20.814376+00:00,123.3,200,ask,YieldingYams,WavyWalnuts,4879431
2026-07-02T22:11:23.278669,2026-07-02T22:11:23.290091+00:00,123.1,8,ask,WavyWalnuts,Zihao Wu,4879476
2026-07-02T22:11:25.638242,2026-07-02T22:11:25.646335+00:00,123.1,200,ask,YieldingYams,WavyWalnuts,4879537
2026-07-02T22:11:25.783077,2026-07-02T22:11:25.786925+00:00,123.2,1,bid,Xuanyu Liu,Kelvin Chan,4879545
2026-07-02T22:11:25.881439,2026-07-02T22:11:25.893405+00:00,123.3,8,bid,Zihao Wu,YieldingYams,4879546
2026-07-02T22:11:26.356336,2026-07-02T22:11:26.367542+00:00,123.1,8,ask,YieldingYams,Zihao Wu,4879556
2026-07-02T22:11:27.764780,2026-07-02T22:11:27.775509+00:00,123.1,200,ask,WavyWalnuts,YieldingYams,4879587
2026-07-02T22:11:27.781475,2026-07-02T22:11:27.785213+00:00,123.1,18,bid,Xuanyu Liu,YieldingYams,4879589
2026-07-02T22:11:27.956670,2026-07-02T22:11:27.955191+00:00,123.1,8,bid,Zihao Wu,YieldingYams,4879594
2026-07-02T22:11:28.710245,2026-07-02T22:11:28.721519+00:00,123.1,20,bid,BrilliantBurritos,YieldingYams,4879612
2026-07-02T22:11:29.158112,2026-07-02T22:11:29.169680+00:00,123.0,8,ask,WavyWalnuts,Zihao Wu,4879615
2026-07-02T22:11:30.496996,2026-07-02T22:11:30.500713+00:00,123.1,11,ask,WavyWalnuts,Xuanyu Liu,4879651
2026-07-02T22:11:32.562078,2026-07-02T22:11:32.569131+00:00,123.2,8,bid,Zihao Wu,WavyWalnuts,4879688
2026-07-02T22:11:32.962379,2026-07-02T22:11:32.974128+00:00,123.2,8,ask,WavyWalnuts,Zihao Wu,4879696
2026-07-02T22:11:33.935124,2026-07-02T22:11:33.946540+00:00,123.2,20,ask,WavyWalnuts,BrilliantBurritos,4879714
2026-07-02T22:11:34.163544,2026-07-02T22:11:34.176256+00:00,123.3,1,bid,Zihao Wu,Kelvin Chan,4879719
2026-07-02T22:11:34.163544,2026-07-02T22:11:34.176256+00:00,123.3,7,bid,Zihao Wu,WavyWalnuts,4879720
2026-07-02T22:11:34.564321,2026-07-02T22:11:34.576028+00:00,123.1,8,ask,WavyWalnuts,Zihao Wu,4879732
2026-07-02T22:11:34.764385,2026-07-02T22:11:34.775643+00:00,123.3,8,bid,Zihao Wu,WavyWalnuts,4879741
2026-07-02T22:11:35.365165,2026-07-02T22:11:35.376888+00:00,123.1,7,ask,WavyWalnuts,Zihao Wu,4879753
2026-07-02T22:11:35.640522,2026-07-02T22:11:35.651276+00:00,123.3,3,bid,YieldingYams,Kelvin Chan,4879760
2026-07-02T22:11:35.965364,2026-07-02T22:11:35.976629+00:00,123.4,7,bid,Zihao Wu,WavyWalnuts,4879765
2026-07-02T22:11:36.545156,2026-07-02T22:11:36.551852+00:00,123.3,200,ask,YieldingYams,WavyWalnuts,4879778
2026-07-02T22:11:36.952322,2026-07-02T22:11:36.962038+00:00,123.1,200,ask,WavyWalnuts,YieldingYams,4879792
2026-07-02T22:11:36.966406,2026-07-02T22:11:36.977587+00:00,122.9,2,ask,Kelvin Chan,Zihao Wu,4879794
2026-07-02T22:11:38.568124,2026-07-02T22:11:38.579012+00:00,123.1,2,bid,Zihao Wu,WavyWalnuts,4879830
2026-07-02T22:11:40.370312,2026-07-02T22:11:40.381755+00:00,123.1,2,ask,WavyWalnuts,Zihao Wu,4879873
2026-07-02T22:11:41.395553,2026-07-02T22:11:41.405248+00:00,123.2,200,bid,WavyWalnuts,YieldingYams,4879902
2026-07-02T22:11:41.571638,2026-07-02T22:11:41.583436+00:00,123.2,2,bid,Zihao Wu,YieldingYams,4879912
2026-07-02T22:11:44.765079,2026-07-02T22:11:44.769399+00:00,123.2,14,bid,Xuanyu Liu,WavyWalnuts,4879977
2026-07-02T22:11:46.126407,2026-07-02T22:11:46.137602+00:00,123.2,200,bid,YieldingYams,WavyWalnuts,4880003
2026-07-02T22:11:46.126407,2026-07-02T22:11:46.137602+00:00,123.3,1,bid,YieldingYams,Kelvin Chan,4880004
2026-07-02T22:11:47.445968,2026-07-02T22:11:47.458551+00:00,123.4,2,bid,WavyWalnuts,Kelvin Chan,4880030
2026-07-02T22:11:47.445968,2026-07-02T22:11:47.458551+00:00,123.4,198,bid,WavyWalnuts,AverageAlmonds,4880031
2026-07-02T22:11:48.762077,2026-07-02T22:11:48.769551+00:00,123.4,1,bid,YieldingYams,Kelvin Chan,4880056
2026-07-02T22:11:48.762077,2026-07-02T22:11:48.774961+00:00,123.5,500,bid,YieldingYams,AverageAlmonds,4880057
2026-07-02T22:11:48.762077,2026-07-02T22:11:48.774961+00:00,123.5,124,bid,YieldingYams,WavyWalnuts,4880058
2026-07-02T22:11:48.779110,2026-07-02T22:11:48.790669+00:00,123.2,1,ask,WavyWalnuts,Zihao Wu,4880059
2026-07-02T22:11:49.980462,2026-07-02T22:11:49.992013+00:00,123.5,1,bid,Zihao Wu,AverageAlmonds,4880078
2026-07-02T22:11:53.995821,2026-07-02T22:11:54.005263+00:00,123.5,1,bid,YieldingYams,Kelvin Chan,4880152
2026-07-02T22:11:54.052785,2026-07-02T22:11:54.068709+00:00,123.5,500,ask,YieldingYams,AverageAlmonds,4880153
2026-07-02T22:11:54.185573,2026-07-02T22:11:54.197290+00:00,123.5,1,ask,YieldingYams,Zihao Wu,4880156
2026-07-02T22:11:54.385778,2026-07-02T22:11:54.397400+00:00,123.6,1,bid,Zihao Wu,Kelvin Chan,4880160
2026-07-02T22:11:54.667104,2026-07-02T22:11:54.676148+00:00,123.5,123,ask,YieldingYams,AverageAlmonds,4880163
2026-07-02T22:11:54.716151,2026-07-02T22:11:54.726336+00:00,123.5,200,bid,WavyWalnuts,AverageAlmonds,4880164
2026-07-02T22:11:55.924335,2026-07-02T22:11:55.933652+00:00,123.5,200,bid,WavyWalnuts,YieldingYams,4880194
2026-07-02T22:11:57.932865,2026-07-02T22:11:57.943842+00:00,123.3,200,ask,WavyWalnuts,YieldingYams,4880228
2026-07-02T22:11:57.989376,2026-07-02T22:11:58.001043+00:00,123.1,1,ask,Kelvin Chan,Zihao Wu,4880229
2026-07-02T22:11:58.389852,2026-07-02T22:11:58.401430+00:00,123.3,1,bid,Zihao Wu,YieldingYams,4880242
2026-07-02T22:11:58.915046,2026-07-02T22:11:58.926308+00:00,123.3,20,bid,BrilliantBurritos,YieldingYams,4880252
2026-07-02T22:12:00.558347,2026-07-02T22:12:00.569561+00:00,123.3,200,ask,WavyWalnuts,YieldingYams,4880285
2026-07-02T22:12:00.775178,2026-07-02T22:12:00.782768+00:00,123.2,200,bid,WavyWalnuts,YieldingYams,4880289
2026-07-02T22:12:01.996766,2026-07-02T22:12:02.008505+00:00,123.1,1,ask,Kelvin Chan,Zihao Wu,4880309
2026-07-02T22:12:02.718644,2026-07-02T22:12:02.730243+00:00,123.1,3,ask,Kelvin Chan,BrilliantBurritos,4880329
2026-07-02T22:12:02.718644,2026-07-02T22:12:02.730243+00:00,123.1,17,ask,YieldingYams,BrilliantBurritos,4880330
2026-07-02T22:12:03.194910,2026-07-02T22:12:03.206571+00:00,123.2,6,ask,Kelvin Chan,WavyWalnuts,4880340
2026-07-02T22:12:03.194910,2026-07-02T22:12:03.206571+00:00,123.2,194,ask,YieldingYams,WavyWalnuts,4880341
2026-07-02T22:12:04.257555,2026-07-02T22:12:04.269156+00:00,123.4,1,bid,Zihao Wu,YieldingYams,4880364
2026-07-02T22:12:04.404900,2026-07-02T22:12:04.411559+00:00,123.2,200,ask,YieldingYams,WavyWalnuts,4880367
2026-07-02T22:12:04.501377,2026-07-02T22:12:04.505010+00:00,123.2,3,bid,Xuanyu Liu,YieldingYams,4880370
2026-07-02T22:12:05.546357,2026-07-02T22:12:05.558574+00:00,123.2,500,bid,AverageAlmonds,YieldingYams,4880402
2026-07-02T22:12:05.610710,2026-07-02T22:12:05.620022+00:00,123.2,122,bid,WavyWalnuts,YieldingYams,4880404
2026-07-02T22:12:06.825236,2026-07-02T22:12:06.833345+00:00,123.4,4,bid,WavyWalnuts,Kelvin Chan,4880424
2026-07-02T22:12:06.861098,2026-07-02T22:12:06.870962+00:00,123.4,1,ask,WavyWalnuts,Zihao Wu,4880425
2026-07-02T22:12:06.925251,2026-07-02T22:12:06.929071+00:00,123.5,11,bid,Xuanyu Liu,YieldingYams,4880431
2026-07-02T22:12:07.060512,2026-07-02T22:12:07.072076+00:00,123.5,1,bid,Zihao Wu,YieldingYams,4880433
2026-07-02T22:12:09.287669,2026-07-02T22:12:09.299265+00:00,123.5,3,bid,BrilliantBurritos,Kelvin Chan,4880473
2026-07-02T22:12:09.287669,2026-07-02T22:12:09.299265+00:00,123.5,17,bid,BrilliantBurritos,YieldingYams,4880474
2026-07-02T22:12:09.722024,2026-07-02T22:12:09.732607+00:00,123.4,500,ask,AverageAlmonds,YieldingYams,4880489
2026-07-02T22:12:09.722024,2026-07-02T22:12:09.732607+00:00,123.4,125,ask,WavyWalnuts,YieldingYams,4880490
2026-07-02T22:12:10.063623,2026-07-02T22:12:10.075224+00:00,123.4,1,ask,WavyWalnuts,Zihao Wu,4880497
2026-07-02T22:12:10.268717,2026-07-02T22:12:10.275313+00:00,123.5,1,bid,Zihao Wu,Kelvin Chan,4880502
2026-07-02T22:12:11.028396,2026-07-02T22:12:11.038771+00:00,123.5,3,bid,YieldingYams,Kelvin Chan,4880519
2026-07-02T22:12:11.028396,2026-07-02T22:12:11.038771+00:00,123.5,200,bid,YieldingYams,WavyWalnuts,4880520
2026-07-02T22:12:11.671497,2026-07-02T22:12:11.680077+00:00,123.5,200,ask,YieldingYams,WavyWalnuts,4880536
2026-07-02T22:12:11.968460,2026-07-02T22:12:11.980142+00:00,123.7,20,bid,BrilliantBurritos,YieldingYams,4880545
2026-07-02T22:12:12.879836,2026-07-02T22:12:12.887119+00:00,123.4,200,ask,AverageAlmonds,WavyWalnuts,4880559
2026-07-02T22:12:13.267497,2026-07-02T22:12:13.277862+00:00,123.4,1,ask,AverageAlmonds,Zihao Wu,4880563
2026-07-02T22:12:14.219020,2026-07-02T22:12:14.228327+00:00,123.4,20,ask,AverageAlmonds,BrilliantBurritos,4880585
2026-07-02T22:12:14.630283,2026-07-02T22:12:14.638713+00:00,123.5,500,bid,AverageAlmonds,YieldingYams,4880595
2026-07-02T22:12:14.959457,2026-07-02T22:12:14.971030+00:00,123.6,8,bid,YieldingYams,Kelvin Chan,4880599
2026-07-02T22:12:14.959457,2026-07-02T22:12:14.971030+00:00,123.6,200,bid,YieldingYams,WavyWalnuts,4880600
2026-07-02T22:12:15.068988,2026-07-02T22:12:15.080423+00:00,123.8,1,bid,Zihao Wu,YieldingYams,4880601
2026-07-02T22:12:16.271132,2026-07-02T22:12:16.278890+00:00,123.5,2,ask,WavyWalnuts,Zihao Wu,4880629
2026-07-02T22:12:16.470025,2026-07-02T22:12:16.493709+00:00,123.7,7,bid,Zihao Wu,Kelvin Chan,4880645
2026-07-02T22:12:16.470025,2026-07-02T22:12:16.493709+00:00,123.7,18,bid,Zihao Wu,WavyWalnuts,4880646
2026-07-02T22:12:16.489341,2026-07-02T22:12:16.493709+00:00,123.7,12,bid,Xuanyu Liu,WavyWalnuts,4880651
2026-07-02T22:12:16.515060,2026-07-02T22:12:16.526049+00:00,123.6,200,ask,YieldingYams,WavyWalnuts,4880653
2026-07-02T22:12:17.727038,2026-07-02T22:12:17.733983+00:00,123.5,200,ask,YieldingYams,WavyWalnuts,4880674
2026-07-02T22:12:18.249717,2026-07-02T22:12:18.258573+00:00,123.7,8,bid,AverageAlmonds,Kelvin Chan,4880689
2026-07-02T22:12:18.249717,2026-07-02T22:12:18.258573+00:00,123.7,492,bid,AverageAlmonds,YieldingYams,4880690
2026-07-02T22:12:18.937503,2026-07-02T22:12:18.947439+00:00,123.7,200,ask,YieldingYams,WavyWalnuts,4880714
2026-07-02T22:12:20.146449,2026-07-02T22:12:20.155433+00:00,123.7,200,ask,YieldingYams,WavyWalnuts,4880740
2026-07-02T22:12:20.208735,2026-07-02T22:12:20.219110+00:00,123.7,500,ask,AverageAlmonds,YieldingYams,4880741
2026-07-02T22:12:20.682300,2026-07-02T22:12:20.691304+00:00,123.7,125,bid,AverageAlmonds,YieldingYams,4880750
2026-07-02T22:12:21.660038,2026-07-02T22:12:21.667504+00:00,123.8,20,bid,BrilliantBurritos,WavyWalnuts,4880758
2026-07-02T22:12:23.668918,2026-07-02T22:12:23.680632+00:00,123.9,20,bid,BrilliantBurritos,WavyWalnuts,4880792
2026-07-02T22:12:24.145210,2026-07-02T22:12:24.148725+00:00,123.9,12,ask,YieldingYams,Xuanyu Liu,4880799
2026-07-02T22:12:24.987264,2026-07-02T22:12:24.994624+00:00,123.9,200,ask,YieldingYams,WavyWalnuts,4880813
2026-07-02T22:12:26.193952,2026-07-02T22:12:26.202875+00:00,124.0,200,ask,YieldingYams,WavyWalnuts,4880826
2026-07-02T22:12:28.611655,2026-07-02T22:12:28.622358+00:00,124.1,200,ask,YieldingYams,WavyWalnuts,4880870
2026-07-02T22:12:29.825020,2026-07-02T22:12:29.831839+00:00,124.0,4,ask,Kelvin Chan,WavyWalnuts,4880888
2026-07-02T22:12:29.825020,2026-07-02T22:12:29.837093+00:00,123.9,196,ask,YieldingYams,WavyWalnuts,4880889
2026-07-02T22:12:30.712103,2026-07-02T22:12:30.722176+00:00,124.0,9,ask,Kelvin Chan,YieldingYams,4880903
2026-07-02T22:12:32.690301,2026-07-02T22:12:32.693929+00:00,123.8,11,ask,WavyWalnuts,Xuanyu Liu,4880947
2026-07-02T22:12:33.333271,2026-07-02T22:12:33.343434+00:00,123.8,189,ask,WavyWalnuts,YieldingYams,4880969
2026-07-02T22:12:33.446292,2026-07-02T22:12:33.452978+00:00,123.7,200,bid,WavyWalnuts,YieldingYams,4880972
2026-07-02T22:12:34.521232,2026-07-02T22:12:34.532510+00:00,123.6,6,ask,Kelvin Chan,BrilliantBurritos,4881001
2026-07-02T22:12:34.967578,2026-07-02T22:12:34.978882+00:00,123.6,20,ask,YieldingYams,BrilliantBurritos,4881012
2026-07-02T22:12:35.864267,2026-07-02T22:12:35.874661+00:00,123.6,200,ask,YieldingYams,WavyWalnuts,4881038
2026-07-02T22:12:37.058200,2026-07-02T22:12:37.069478+00:00,123.7,500,bid,AverageAlmonds,YieldingYams,4881067
2026-07-02T22:12:37.255631,2026-07-02T22:12:37.277754+00:00,123.7,200,bid,YieldingYams,WavyWalnuts,4881070
2026-07-02T22:12:37.274113,2026-07-02T22:12:37.277754+00:00,123.8,3,ask,YieldingYams,Xuanyu Liu,4881073
2026-07-02T22:12:37.292518,2026-07-02T22:12:37.304003+00:00,123.8,25,ask,YieldingYams,Zihao Wu,4881074
2026-07-02T22:12:38.300360,2026-07-02T22:12:38.311361+00:00,123.8,200,ask,YieldingYams,WavyWalnuts,4881093
2026-07-02T22:12:38.565195,2026-07-02T22:12:38.572192+00:00,123.8,9,ask,Kelvin Chan,YieldingYams,4881096
2026-07-02T22:12:38.693993,2026-07-02T22:12:38.702707+00:00,123.8,2,bid,Zihao Wu,YieldingYams,4881097
2026-07-02T22:12:39.502094,2026-07-02T22:12:39.505758+00:00,123.8,3,bid,Xuanyu Liu,YieldingYams,4881116
2026-07-02T22:12:39.512259,2026-07-02T22:12:39.530787+00:00,123.7,10,ask,Kelvin Chan,WavyWalnuts,4881118
2026-07-02T22:12:39.526911,2026-07-02T22:12:39.530787+00:00,123.7,2,bid,Xuanyu Liu,WavyWalnuts,4881120
2026-07-02T22:12:41.183686,2026-07-02T22:12:41.205126+00:00,123.6,10,ask,Kelvin Chan,YieldingYams,4881147
2026-07-02T22:12:41.201440,2026-07-02T22:12:41.205126+00:00,123.6,9,bid,Xuanyu Liu,YieldingYams,4881150
2026-07-02T22:12:41.780874,2026-07-02T22:12:41.784525+00:00,123.5,14,ask,WavyWalnuts,Xuanyu Liu,4881166
2026-07-02T22:12:41.897434,2026-07-02T22:12:41.907226+00:00,123.5,2,ask,WavyWalnuts,Zihao Wu,4881169
2026-07-02T22:12:42.698372,2026-07-02T22:12:42.709886+00:00,123.6,2,bid,Zihao Wu,WavyWalnuts,4881195
2026-07-02T22:12:43.800939,2026-07-02T22:12:43.807858+00:00,123.6,200,bid,YieldingYams,WavyWalnuts,4881224
2026-07-02T22:12:45.101302,2026-07-02T22:12:45.112970+00:00,123.6,2,ask,YieldingYams,Zihao Wu,4881256
2026-07-02T22:12:45.579698,2026-07-02T22:12:45.586934+00:00,123.6,200,ask,YieldingYams,WavyWalnuts,4881267
2026-07-02T22:12:46.438045,2026-07-02T22:12:46.441982+00:00,123.6,3,bid,Xuanyu Liu,YieldingYams,4881278
2026-07-02T22:12:46.502846,2026-07-02T22:12:46.510285+00:00,123.6,2,bid,Zihao Wu,YieldingYams,4881281
2026-07-02T22:12:47.704276,2026-07-02T22:12:47.716089+00:00,123.5,1,ask,Kelvin Chan,Zihao Wu,4881316
2026-07-02T22:12:47.734397,2026-07-02T22:12:47.745587+00:00,123.5,6,ask,Kelvin Chan,YieldingYams,4881318
2026-07-02T22:12:47.734397,2026-07-02T22:12:47.745587+00:00,123.5,200,ask,WavyWalnuts,YieldingYams,4881319
2026-07-02T22:12:47.907613,2026-07-02T22:12:47.915718+00:00,123.5,1,bid,Zihao Wu,YieldingYams,4881326
2026-07-02T22:12:47.995759,2026-07-02T22:12:48.003359+00:00,123.5,200,bid,WavyWalnuts,YieldingYams,4881332
2026-07-02T22:12:48.447821,2026-07-02T22:12:48.451609+00:00,123.5,3,bid,Xuanyu Liu,YieldingYams,4881337
2026-07-02T22:12:48.504753,2026-07-02T22:12:48.515926+00:00,123.4,1,ask,AverageAlmonds,Zihao Wu,4881342
2026-07-02T22:12:48.905271,2026-07-02T22:12:48.915928+00:00,123.4,1,ask,Kelvin Chan,Zihao Wu,4881351
2026-07-02T22:12:49.106478,2026-07-02T22:12:49.116350+00:00,123.7,2,bid,Zihao Wu,WavyWalnuts,4881359
2026-07-02T22:12:49.222817,2026-07-02T22:12:49.231781+00:00,123.6,200,ask,YieldingYams,WavyWalnuts,4881366
2026-07-02T22:12:51.660124,2026-07-02T22:12:51.669727+00:00,123.6,200,ask,WavyWalnuts,YieldingYams,4881410
2026-07-02T22:12:51.675443,2026-07-02T22:12:51.679160+00:00,123.6,8,bid,Xuanyu Liu,YieldingYams,4881414
2026-07-02T22:12:55.276994,2026-07-02T22:12:55.286461+00:00,123.5,200,ask,YieldingYams,WavyWalnuts,4881489
2026-07-02T22:12:55.312143,2026-07-02T22:12:55.323670+00:00,123.5,2,ask,YieldingYams,Zihao Wu,4881491
2026-07-02T22:12:55.713064,2026-07-02T22:12:55.722570+00:00,123.6,2,bid,Zihao Wu,YieldingYams,4881496
2026-07-02T22:12:56.485636,2026-07-02T22:12:56.494518+00:00,123.5,200,ask,AverageAlmonds,WavyWalnuts,4881519
2026-07-02T22:12:57.514467,2026-07-02T22:12:57.525913+00:00,123.5,2,ask,AverageAlmonds,Zihao Wu,4881536
2026-07-02T22:12:58.115155,2026-07-02T22:12:58.125466+00:00,123.6,2,bid,Zihao Wu,YieldingYams,4881548
2026-07-02T22:12:58.897840,2026-07-02T22:12:58.907165+00:00,123.6,200,ask,AverageAlmonds,WavyWalnuts,4881569
2026-07-02T22:12:59.519318,2026-07-02T22:12:59.525979+00:00,123.5,500,ask,AverageAlmonds,YieldingYams,4881578
2026-07-02T22:13:00.037823,2026-07-02T22:13:00.045156+00:00,123.5,125,bid,AverageAlmonds,YieldingYams,4881584
2026-07-02T22:13:00.067972,2026-07-02T22:13:00.072207+00:00,123.7,11,ask,AverageAlmonds,Xuanyu Liu,4881586
2026-07-02T22:13:00.107910,2026-07-02T22:13:00.115607+00:00,123.7,200,ask,AverageAlmonds,WavyWalnuts,4881588
2026-07-02T22:13:02.524515,2026-07-02T22:13:02.535452+00:00,123.8,200,bid,WavyWalnuts,YieldingYams,4881623
2026-07-02T22:13:02.554881,2026-07-02T22:13:02.552612+00:00,123.6,2,ask,AverageAlmonds,Zihao Wu,4881624
2026-07-02T22:13:03.687321,2026-07-02T22:13:03.698379+00:00,123.7,500,bid,AverageAlmonds,YieldingYams,4881651
2026-07-02T22:13:03.733190,2026-07-02T22:13:03.743903+00:00,123.7,125,bid,WavyWalnuts,YieldingYams,4881653
2026-07-02T22:13:03.756544,2026-07-02T22:13:03.763880+00:00,123.9,1,bid,Zihao Wu,Kelvin Chan,4881654
2026-07-02T22:13:03.956823,2026-07-02T22:13:03.968343+00:00,124.0,1,bid,Zihao Wu,WavyWalnuts,4881660
2026-07-02T22:13:04.747262,2026-07-02T22:13:04.763864+00:00,123.9,9,bid,YieldingYams,Kelvin Chan,4881677
2026-07-02T22:13:04.759712,2026-07-02T22:13:04.763864+00:00,123.9,3,ask,YieldingYams,Xuanyu Liu,4881679
2026-07-02T22:13:06.165107,2026-07-02T22:13:06.176435+00:00,124.0,8,bid,WavyWalnuts,Kelvin Chan,4881707
2026-07-02T22:13:06.359288,2026-07-02T22:13:06.370845+00:00,124.0,2,ask,WavyWalnuts,Zihao Wu,4881714
2026-07-02T22:13:06.959821,2026-07-02T22:13:06.971062+00:00,124.1,2,bid,Zihao Wu,YieldingYams,4881727
2026-07-02T22:13:08.196048,2026-07-02T22:13:08.204756+00:00,124.0,20,ask,WavyWalnuts,BrilliantBurritos,4881772
2026-07-02T22:13:10.363438,2026-07-02T22:13:10.374204+00:00,123.9,2,ask,WavyWalnuts,Zihao Wu,4881803
2026-07-02T22:13:11.006084,2026-07-02T22:13:11.013946+00:00,124.0,3,bid,WavyWalnuts,Kelvin Chan,4881813
2026-07-02T22:13:11.999317,2026-07-02T22:13:12.010837+00:00,124.1,1,bid,BrilliantBurritos,Kelvin Chan,4881835
2026-07-02T22:13:12.237357,2026-07-02T22:13:12.241069+00:00,124.1,3,ask,WavyWalnuts,Xuanyu Liu,4881855
2026-07-02T22:13:13.767058,2026-07-02T22:13:13.778366+00:00,124.3,2,bid,Zihao Wu,YieldingYams,4881887
2026-07-02T22:13:14.366960,2026-07-02T22:13:14.374057+00:00,124.3,20,bid,BrilliantBurritos,WavyWalnuts,4881902
2026-07-02T22:13:14.369217,2026-07-02T22:13:14.379019+00:00,124.1,2,ask,YieldingYams,Zihao Wu,4881903
2026-07-02T22:13:15.369043,2026-07-02T22:13:15.380729+00:00,124.2,2,bid,Zihao Wu,WavyWalnuts,4881927
2026-07-02T22:13:16.525794,2026-07-02T22:13:16.533599+00:00,124.1,8,bid,YieldingYams,Kelvin Chan,4881947
2026-07-02T22:13:16.571965,2026-07-02T22:13:16.581623+00:00,124.1,2,ask,YieldingYams,Zihao Wu,4881948
2026-07-02T22:13:17.609567,2026-07-02T22:13:17.619806+00:00,124.1,500,ask,YieldingYams,AverageAlmonds,4881969
2026-07-02T22:13:17.837644,2026-07-02T22:13:17.848081+00:00,124.1,200,ask,WavyWalnuts,YieldingYams,4881975
2026-07-02T22:13:17.971868,2026-07-02T22:13:17.983571+00:00,124.1,2,bid,Zihao Wu,YieldingYams,4881976
2026-07-02T22:13:18.261997,2026-07-02T22:13:18.268677+00:00,124.1,200,bid,WavyWalnuts,YieldingYams,4881980
2026-07-02T22:13:19.146449,2026-07-02T22:13:19.153808+00:00,124.1,500,bid,YieldingYams,AverageAlmonds,4881997
2026-07-02T22:13:19.146449,2026-07-02T22:13:19.158994+00:00,124.2,4,bid,YieldingYams,Kelvin Chan,4881998
2026-07-02T22:13:19.173149,2026-07-02T22:13:19.182096+00:00,124.2,2,ask,YieldingYams,Zihao Wu,4881999
2026-07-02T22:13:19.429514,2026-07-02T22:13:19.438421+00:00,124.2,119,ask,YieldingYams,AverageAlmonds,4882008
2026-07-02T22:13:20.464276,2026-07-02T22:13:20.471650+00:00,124.0,200,ask,WavyWalnuts,YieldingYams,4882027
2026-07-02T22:13:20.574442,2026-07-02T22:13:20.582273+00:00,124.0,2,bid,Zihao Wu,YieldingYams,4882028
2026-07-02T22:13:20.774730,2026-07-02T22:13:20.786134+00:00,123.9,2,ask,WavyWalnuts,Zihao Wu,4882036
