timestamp,recv_time,price,volume,aggressor_side,buyer,seller,trade_id
2026-06-29T09:00:00.426404,2026-06-28T23:00:00.851734+00:00,99.4,200,ask,,,11694953
2026-06-29T09:00:00.869719,2026-06-28T23:00:01.302734+00:00,99.4,20,ask,,,11694959
2026-06-29T09:00:04.085669,2026-06-28T23:00:04.514351+00:00,99.6,1,bid,,,11695027
2026-06-29T09:00:04.085669,2026-06-28T23:00:04.514351+00:00,99.6,199,bid,,,11695028
2026-06-29T09:00:04.631238,2026-06-28T23:00:05.064360+00:00,99.6,426,bid,,,11695040
2026-06-29T09:00:07.730492,2026-06-28T23:00:08.164593+00:00,99.7,20,ask,,,11695088
2026-06-29T09:00:10.332899,2026-06-28T23:00:10.760593+00:00,99.7,25,bid,,,11695129
2026-06-29T09:00:10.541241,2026-06-28T23:00:10.969593+00:00,99.7,25,bid,,,11695140
2026-06-29T09:00:10.752361,2026-06-28T23:00:11.178593+00:00,99.7,25,bid,,,11695145
2026-06-29T09:00:11.324168,2026-06-28T23:00:11.761593+00:00,99.7,125,bid,,,11695152
2026-06-29T09:00:11.357975,2026-06-28T23:00:11.783593+00:00,99.7,200,ask,,,11695156
2026-06-29T09:00:12.568554,2026-06-28T23:00:13.004171+00:00,99.7,200,ask,,,11695174
2026-06-29T09:00:12.645091,2026-06-28T23:00:13.081171+00:00,99.6,500,ask,,,11695178
2026-06-29T09:00:13.114593,2026-06-28T23:00:13.543171+00:00,99.6,125,bid,,,11695188
2026-06-29T09:00:13.962991,2026-06-28T23:00:14.389680+00:00,99.8,25,ask,,,11695200
2026-06-29T09:00:14.436583,2026-06-28T23:00:14.862680+00:00,99.9,20,bid,,,11695217
2026-06-29T09:00:15.265583,2026-06-28T23:00:15.698680+00:00,99.9,1,bid,,,11695234
2026-06-29T09:00:15.265583,2026-06-28T23:00:15.698680+00:00,99.9,200,bid,,,11695235
2026-06-29T09:00:16.583245,2026-06-28T23:00:17.018322+00:00,99.9,200,ask,,,11695272
2026-06-29T09:00:17.397291,2026-06-28T23:00:17.832271+00:00,99.9,200,bid,,,11695281
2026-06-29T09:00:18.607201,2026-06-28T23:00:19.040727+00:00,99.9,1,bid,,,11695307
2026-06-29T09:00:20.583829,2026-06-28T23:00:21.009823+00:00,99.9,25,ask,,,11695337
2026-06-29T09:00:20.793536,2026-06-28T23:00:21.229850+00:00,99.9,25,ask,,,11695344
2026-06-29T09:00:23.142585,2026-06-28T23:00:23.571814+00:00,100.0,2,bid,,,11695379
2026-06-29T09:00:23.142585,2026-06-28T23:00:23.571814+00:00,100.0,200,bid,,,11695380
2026-06-29T09:00:23.609280,2026-06-28T23:00:24.033823+00:00,100.0,1,ask,,,11695392
2026-06-29T09:00:24.657085,2026-06-28T23:00:25.088822+00:00,100.1,6,bid,,,11695425
2026-06-29T09:00:24.657085,2026-06-28T23:00:25.088822+00:00,100.1,194,bid,,,11695426
2026-06-29T09:00:25.764807,2026-06-28T23:00:26.199392+00:00,100.0,5,bid,,,11695452
2026-06-29T09:00:27.883452,2026-06-28T23:00:28.311543+00:00,100.1,20,bid,,,11695501
2026-06-29T09:00:28.852554,2026-06-28T23:00:29.279552+00:00,100.1,500,ask,,,11695519
2026-06-29T09:00:29.451356,2026-06-28T23:00:29.884543+00:00,100.1,125,ask,,,11695528
2026-06-29T09:00:29.707430,2026-06-28T23:00:30.137552+00:00,100.0,200,ask,,,11695534
2026-06-29T09:00:30.709898,2026-06-28T23:00:31.138552+00:00,99.9,200,bid,,,11695562
2026-06-29T09:00:31.292482,2026-06-28T23:00:31.721552+00:00,100.0,500,ask,,,11695574
2026-06-29T09:00:31.887914,2026-06-28T23:00:32.315552+00:00,100.0,125,ask,,,11695594
2026-06-29T09:00:33.646664,2026-06-28T23:00:34.073993+00:00,99.9,200,bid,,,11695641
2026-06-29T09:00:34.346547,2026-06-28T23:00:34.777984+00:00,99.9,200,ask,,,11695660
2026-06-29T09:00:34.909313,2026-06-28T23:00:35.339103+00:00,99.9,225,ask,,,11695674
2026-06-29T09:00:34.960680,2026-06-28T23:00:35.394103+00:00,99.8,4,ask,,,11695675
2026-06-29T09:00:34.960680,2026-06-28T23:00:35.394103+00:00,99.7,200,ask,,,11695676
2026-06-29T09:00:35.550687,2026-06-28T23:00:35.977013+00:00,99.6,200,bid,,,11695681
2026-06-29T09:00:39.189198,2026-06-28T23:00:39.615828+00:00,99.6,10,ask,,,11695736
2026-06-29T09:00:39.189198,2026-06-28T23:00:39.615828+00:00,99.5,190,ask,,,11695737
2026-06-29T09:00:40.200759,2026-06-28T23:00:40.627828+00:00,99.6,9,ask,,,11695760
2026-06-29T09:00:40.397813,2026-06-28T23:00:40.825828+00:00,99.6,200,bid,,,11695762
2026-06-29T09:00:41.604318,2026-06-28T23:00:42.035828+00:00,99.6,200,bid,,,11695788
2026-06-29T09:00:42.811906,2026-06-28T23:00:43.245903+00:00,99.6,200,bid,,,11695811
2026-06-29T09:00:45.240002,2026-06-28T23:00:45.665535+00:00,99.5,8,ask,,,11695842
2026-06-29T09:00:45.240002,2026-06-28T23:00:45.676534+00:00,99.5,192,ask,,,11695843
2026-06-29T09:00:46.449041,2026-06-28T23:00:46.874630+00:00,99.6,8,ask,,,11695857
2026-06-29T09:00:46.466154,2026-06-28T23:00:46.896630+00:00,99.6,25,bid,,,11695860
2026-06-29T09:00:46.675010,2026-06-28T23:00:47.105630+00:00,99.6,25,bid,,,11695868
2026-06-29T09:00:46.884880,2026-06-28T23:00:47.314639+00:00,99.6,25,bid,,,11695872
2026-06-29T09:00:47.096778,2026-06-28T23:00:47.523630+00:00,99.6,25,bid,,,11695877
2026-06-29T09:00:47.306316,2026-06-28T23:00:47.732639+00:00,99.6,25,bid,,,11695885
2026-06-29T09:00:47.517028,2026-06-28T23:00:47.951771+00:00,99.6,18,bid,,,11695893
2026-06-29T09:00:49.377620,2026-06-28T23:00:49.810764+00:00,99.5,8,ask,,,11695922
2026-06-29T09:00:49.377620,2026-06-28T23:00:49.810764+00:00,99.5,500,ask,,,11695923
2026-06-29T09:00:49.377620,2026-06-28T23:00:49.810764+00:00,99.5,117,ask,,,11695924
2026-06-29T09:00:50.091346,2026-06-28T23:00:50.525764+00:00,99.5,8,ask,,,11695939
2026-06-29T09:00:50.091346,2026-06-28T23:00:50.525764+00:00,99.5,192,ask,,,11695940
2026-06-29T09:00:50.731028,2026-06-28T23:00:51.163298+00:00,99.6,25,ask,,,11695949
2026-06-29T09:00:50.940748,2026-06-28T23:00:51.372289+00:00,99.6,25,ask,,,11695953
2026-06-29T09:00:51.150190,2026-06-28T23:00:51.581289+00:00,99.6,1,ask,,,11695962
2026-06-29T09:00:51.303450,2026-06-28T23:00:51.735289+00:00,99.6,200,ask,,,11695973
2026-06-29T09:00:52.510334,2026-06-28T23:00:52.944944+00:00,99.6,200,bid,,,11696000
2026-06-29T09:00:54.624753,2026-06-28T23:00:55.056955+00:00,99.5,1,ask,,,11696046
2026-06-29T09:00:54.624753,2026-06-28T23:00:55.056955+00:00,99.5,200,ask,,,11696047
2026-06-29T09:00:54.771254,2026-06-28T23:00:55.200074+00:00,99.5,25,bid,,,11696051
2026-06-29T09:00:54.983200,2026-06-28T23:00:55.409074+00:00,99.5,25,bid,,,11696060
2026-06-29T09:01:04.809719,2026-06-28T23:01:05.241836+00:00,99.6,25,ask,,,11696223
2026-06-29T09:01:05.020376,2026-06-28T23:01:05.450836+00:00,99.6,25,ask,,,11696229
2026-06-29T09:01:05.116970,2026-06-28T23:01:05.549836+00:00,99.6,150,ask,,,11696233
2026-06-29T09:01:05.857580,2026-06-28T23:01:06.286226+00:00,99.6,200,bid,,,11696259
2026-06-29T09:01:06.001860,2026-06-28T23:01:06.429235+00:00,99.4,20,ask,,,11696261
2026-06-29T09:01:06.634099,2026-06-28T23:01:07.067235+00:00,99.7,25,ask,,,11696267
2026-06-29T09:01:06.848376,2026-06-28T23:01:07.276235+00:00,99.7,5,ask,,,11696274
2026-06-29T09:01:07.068478,2026-06-28T23:01:07.496235+00:00,99.8,3,bid,,,11696281
2026-06-29T09:01:07.068478,2026-06-28T23:01:07.496235+00:00,99.9,197,bid,,,11696282
2026-06-29T09:01:07.258514,2026-06-28T23:01:07.694235+00:00,99.7,5,ask,,,11696287
2026-06-29T09:01:07.739276,2026-06-28T23:01:08.166357+00:00,99.8,11,bid,,,11696298
2026-06-29T09:01:07.867633,2026-06-28T23:01:08.297872+00:00,99.8,15,ask,,,11696301
2026-06-29T09:01:09.489082,2026-06-28T23:01:09.913872+00:00,99.8,200,ask,,,11696324
2026-06-29T09:01:11.683844,2026-06-28T23:01:12.113881+00:00,99.8,25,ask,,,11696349
2026-06-29T09:01:17.292726,2026-06-28T23:01:17.722483+00:00,99.7,20,bid,,,11696448
2026-06-29T09:01:17.912646,2026-06-28T23:01:18.348723+00:00,99.6,4,ask,,,11696468
2026-06-29T09:01:18.233940,2026-06-28T23:01:18.667744+00:00,99.9,2,bid,,,11696476
2026-06-29T09:01:18.233940,2026-06-28T23:01:18.667744+00:00,99.9,200,bid,,,11696477
2026-06-29T09:01:20.862285,2026-06-28T23:01:21.295764+00:00,100.0,2,bid,,,11696523
2026-06-29T09:01:22.174587,2026-06-28T23:01:22.603764+00:00,100.1,3,bid,,,11696563
2026-06-29T09:01:22.174587,2026-06-28T23:01:22.603764+00:00,100.1,200,bid,,,11696564
2026-06-29T09:01:22.341959,2026-06-28T23:01:22.779764+00:00,100.2,20,bid,,,11696569
2026-06-29T09:01:24.329391,2026-06-28T23:01:24.758460+00:00,100.2,2,bid,,,11696626
2026-06-29T09:01:24.329391,2026-06-28T23:01:24.758460+00:00,100.2,18,bid,,,11696627
2026-06-29T09:01:28.839215,2026-06-28T23:01:29.267245+00:00,100.1,200,bid,,,11696702
2026-06-29T09:01:32.475251,2026-06-28T23:01:32.907778+00:00,100.1,200,ask,,,11696765
2026-06-29T09:01:34.890434,2026-06-28T23:01:35.316003+00:00,100.2,1,bid,,,11696800
2026-06-29T09:01:35.290674,2026-06-28T23:01:35.723003+00:00,100.3,2,bid,,,11696816
2026-06-29T09:01:36.099292,2026-06-28T23:01:36.525566+00:00,100.3,200,ask,,,11696833
2026-06-29T09:01:36.102915,2026-06-28T23:01:36.536565+00:00,100.3,20,ask,,,11696834
2026-06-29T09:01:37.547260,2026-06-28T23:01:37.978607+00:00,100.2,20,bid,,,11696867
2026-06-29T09:01:37.932312,2026-06-28T23:01:38.363616+00:00,100.1,200,ask,,,11696883
2026-06-29T09:01:38.512208,2026-06-28T23:01:38.946616+00:00,100.1,200,bid,,,11696905
2026-06-29T09:01:39.245658,2026-06-28T23:01:39.672616+00:00,100.2,2,bid,,,11696917
2026-06-29T09:01:40.556440,2026-06-28T23:01:40.981627+00:00,100.3,200,bid,,,11696941
2026-06-29T09:01:43.173908,2026-06-28T23:01:43.609304+00:00,100.3,7,bid,,,11696990
2026-06-29T09:01:43.173908,2026-06-28T23:01:43.609304+00:00,100.4,200,bid,,,11696991
2026-06-29T09:01:43.173908,2026-06-28T23:01:43.609304+00:00,100.5,418,bid,,,11696992
2026-06-29T09:01:45.784632,2026-06-28T23:01:46.226887+00:00,100.4,6,bid,,,11697038
2026-06-29T09:01:45.784632,2026-06-28T23:01:46.226887+00:00,100.4,194,bid,,,11697039
2026-06-29T09:01:46.204762,2026-06-28T23:01:46.633887+00:00,100.3,20,ask,,,11697047
2026-06-29T09:01:47.108312,2026-06-28T23:01:47.535421+00:00,100.4,9,bid,,,11697068
2026-06-29T09:01:48.927230,2026-06-28T23:01:49.360171+00:00,100.5,7,bid,,,11697099
2026-06-29T09:01:51.047585,2026-06-28T23:01:51.483171+00:00,100.5,6,bid,,,11697138
2026-06-29T09:01:51.047585,2026-06-28T23:01:51.483171+00:00,100.5,200,bid,,,11697139
2026-06-29T09:01:51.812107,2026-06-28T23:01:52.242171+00:00,100.5,419,ask,,,11697160
2026-06-29T09:01:52.196899,2026-06-28T23:01:52.627171+00:00,100.4,4,ask,,,11697163
2026-06-29T09:01:52.419207,2026-06-28T23:01:52.847171+00:00,100.4,7,ask,,,11697171
2026-06-29T09:01:53.045187,2026-06-28T23:01:53.472705+00:00,100.5,200,bid,,,11697184
2026-06-29T09:01:53.671261,2026-06-28T23:01:54.099705+00:00,100.5,500,bid,,,11697192
2026-06-29T09:01:54.217034,2026-06-28T23:01:54.649705+00:00,100.5,125,ask,,,11697210
2026-06-29T09:01:54.234957,2026-06-28T23:01:54.671705+00:00,100.2,2,ask,,,11697211
2026-06-29T09:01:54.256254,2026-06-28T23:01:54.682704+00:00,100.5,200,bid,,,11697215
2026-06-29T09:01:54.986631,2026-06-28T23:01:55.419725+00:00,100.2,6,ask,,,11697216
2026-06-29T09:01:55.464303,2026-06-28T23:01:55.892725+00:00,100.2,200,bid,,,11697232
2026-06-29T09:01:56.683788,2026-06-28T23:01:57.113304+00:00,100.3,200,bid,,,11697266
2026-06-29T09:01:57.897131,2026-06-28T23:01:58.322566+00:00,100.3,200,bid,,,11697286
2026-06-29T09:01:59.110168,2026-06-28T23:01:59.543566+00:00,100.3,200,bid,,,11697310
2026-06-29T09:02:00.325030,2026-06-28T23:02:00.753099+00:00,100.3,200,ask,,,11697325
2026-06-29T09:02:02.854871,2026-06-28T23:02:03.283221+00:00,100.4,200,bid,,,11697379
2026-06-29T09:02:04.171038,2026-06-28T23:02:04.603221+00:00,100.5,500,bid,,,11697408
2026-06-29T09:02:04.510630,2026-06-28T23:02:04.944221+00:00,100.5,125,ask,,,11697411
2026-06-29T09:02:04.510630,2026-06-28T23:02:04.944221+00:00,100.4,200,ask,,,11697412
2026-06-29T09:02:05.726409,2026-06-28T23:02:06.153837+00:00,100.4,200,ask,,,11697451
2026-06-29T09:02:05.726409,2026-06-28T23:02:06.153837+00:00,100.4,300,ask,,,11697452
2026-06-29T09:02:06.320462,2026-06-28T23:02:06.747837+00:00,100.4,325,ask,,,11697466
2026-06-29T09:02:06.791318,2026-06-28T23:02:07.220837+00:00,100.3,200,ask,,,11697470
2026-06-29T09:02:08.104828,2026-06-28T23:02:08.539094+00:00,100.2,200,ask,,,11697502
2026-06-29T09:02:09.414281,2026-06-28T23:02:09.848093+00:00,100.3,200,bid,,,11697534
2026-06-29T09:02:11.216697,2026-06-28T23:02:11.652114+00:00,100.2,200,ask,,,11697577
2026-06-29T09:02:13.344404,2026-06-28T23:02:13.774243+00:00,100.3,500,bid,,,11697621
2026-06-29T09:02:13.578654,2026-06-28T23:02:14.005243+00:00,100.3,125,ask,,,11697624
2026-06-29T09:02:13.633552,2026-06-28T23:02:14.060243+00:00,100.3,200,bid,,,11697625
2026-06-29T09:02:15.933743,2026-06-28T23:02:16.369929+00:00,100.2,20,ask,,,11697659
2026-06-29T09:02:16.631487,2026-06-28T23:02:17.062929+00:00,100.2,200,ask,,,11697675
2026-06-29T09:02:17.256061,2026-06-28T23:02:17.689929+00:00,100.2,200,bid,,,11697683
2026-06-29T09:02:17.284016,2026-06-28T23:02:17.711929+00:00,100.2,300,bid,,,11697688
2026-06-29T09:02:17.593281,2026-06-28T23:02:18.018699+00:00,100.4,20,bid,,,11697691
2026-06-29T09:02:17.820289,2026-06-28T23:02:18.249699+00:00,100.2,325,ask,,,11697698
2026-06-29T09:02:17.820289,2026-06-28T23:02:18.249699+00:00,100.1,1,ask,,,11697699
2026-06-29T09:02:18.593590,2026-06-28T23:02:19.030224+00:00,100.0,200,ask,,,11697709
2026-06-29T09:02:19.900242,2026-06-28T23:02:20.328232+00:00,100.0,200,bid,,,11697730
2026-06-29T09:02:20.876300,2026-06-28T23:02:21.307232+00:00,100.0,200,ask,,,11697754
2026-06-29T09:02:22.524356,2026-06-28T23:02:22.956370+00:00,99.8,8,ask,,,11697782
2026-06-29T09:02:22.524356,2026-06-28T23:02:22.956370+00:00,99.8,200,ask,,,11697783
2026-06-29T09:02:22.524356,2026-06-28T23:02:22.956370+00:00,99.7,417,ask,,,11697784
2026-06-29T09:02:24.497956,2026-06-28T23:02:24.924904+00:00,99.9,9,ask,,,11697822
2026-06-29T09:02:25.673635,2026-06-28T23:02:26.112473+00:00,99.9,191,bid,,,11697838
2026-06-29T09:02:25.673635,2026-06-28T23:02:26.112473+00:00,99.9,309,bid,,,11697839
2026-06-29T09:02:26.450877,2026-06-28T23:02:26.882493+00:00,100.0,200,bid,,,11697850
2026-06-29T09:02:26.974072,2026-06-28T23:02:27.399494+00:00,100.0,200,ask,,,11697865
2026-06-29T09:02:27.006989,2026-06-28T23:02:27.432494+00:00,100.2,3,bid,,,11697866
2026-06-29T09:02:27.006989,2026-06-28T23:02:27.443494+00:00,100.2,17,bid,,,11697867
2026-06-29T09:02:27.766178,2026-06-28T23:02:28.202625+00:00,100.0,500,ask,,,11697880
2026-06-29T09:02:28.109995,2026-06-28T23:02:28.543625+00:00,99.9,125,bid,,,11697885
2026-06-29T09:02:32.364153,2026-06-28T23:02:32.800625+00:00,100.0,200,bid,,,11697955
2026-06-29T09:02:33.036896,2026-06-28T23:02:33.470742+00:00,100.1,200,ask,,,11697957
2026-06-29T09:02:33.524022,2026-06-28T23:02:33.954742+00:00,100.2,1,bid,,,11697975
2026-06-29T09:02:34.313721,2026-06-28T23:02:34.746763+00:00,100.1,500,ask,,,11697988
2026-06-29T09:02:34.313721,2026-06-28T23:02:34.746763+00:00,100.1,125,ask,,,11697989
2026-06-29T09:02:35.336756,2026-06-28T23:02:35.769754+00:00,100.2,5,bid,,,11698003
2026-06-29T09:02:35.620261,2026-06-28T23:02:36.055763+00:00,100.3,5,bid,,,11698010
2026-06-29T09:02:38.245559,2026-06-28T23:02:38.672087+00:00,100.3,200,bid,,,11698069
2026-06-29T09:02:41.538936,2026-06-28T23:02:41.972087+00:00,100.2,200,ask,,,11698141
2026-06-29T09:02:44.793692,2026-06-28T23:02:45.228764+00:00,100.3,2,bid,,,11698201
2026-06-29T09:02:44.793692,2026-06-28T23:02:45.228764+00:00,100.3,200,bid,,,11698202
2026-06-29T09:02:46.110227,2026-06-28T23:02:46.537397+00:00,100.3,500,ask,,,11698233
2026-06-29T09:02:46.888808,2026-06-28T23:02:47.318396+00:00,100.3,125,bid,,,11698246
2026-06-29T09:02:46.888808,2026-06-28T23:02:47.318396+00:00,100.3,200,bid,,,11698247
2026-06-29T09:02:54.372870,2026-06-28T23:02:54.806659+00:00,100.3,20,ask,,,11698387
2026-06-29T09:02:57.915518,2026-06-28T23:02:58.347468+00:00,100.3,500,ask,,,11698447
2026-06-29T09:02:58.480325,2026-06-28T23:02:58.908468+00:00,100.3,125,bid,,,11698453
2026-06-29T09:03:00.557121,2026-06-28T23:03:00.987022+00:00,100.4,200,bid,,,11698498
2026-06-29T09:03:03.242104,2026-06-28T23:03:03.670140+00:00,100.5,12,bid,,,11698541
2026-06-29T09:03:03.242104,2026-06-28T23:03:03.670140+00:00,100.5,200,bid,,,11698542
2026-06-29T09:03:03.308339,2026-06-28T23:03:03.736140+00:00,100.6,200,bid,,,11698544
2026-06-29T09:03:05.688038,2026-06-28T23:03:06.122257+00:00,100.6,20,bid,,,11698583
2026-06-29T09:03:07.113254,2026-06-28T23:03:07.541257+00:00,100.6,4,bid,,,11698609
2026-06-29T09:03:07.113254,2026-06-28T23:03:07.541257+00:00,100.6,200,bid,,,11698610
2026-06-29T09:03:07.198352,2026-06-28T23:03:07.629257+00:00,100.6,1,ask,,,11698612
2026-06-29T09:03:08.213421,2026-06-28T23:03:08.640484+00:00,100.6,3,ask,,,11698627
2026-06-29T09:03:08.432538,2026-06-28T23:03:08.860484+00:00,100.5,200,ask,,,11698631
2026-06-29T09:03:09.356069,2026-06-28T23:03:09.783838+00:00,100.5,200,bid,,,11698644
2026-06-29T09:03:09.824780,2026-06-28T23:03:10.256838+00:00,100.6,1,ask,,,11698656
2026-06-29T09:03:10.569865,2026-06-28T23:03:11.004838+00:00,100.6,200,ask,,,11698675
2026-06-29T09:03:11.778215,2026-06-28T23:03:12.214849+00:00,100.6,200,bid,,,11698698
2026-06-29T09:03:13.726018,2026-06-28T23:03:14.161022+00:00,100.7,2,bid,,,11698732
2026-06-29T09:03:13.726018,2026-06-28T23:03:14.161022+00:00,100.7,18,bid,,,11698733
2026-06-29T09:03:14.008408,2026-06-28T23:03:14.436043+00:00,100.5,20,ask,,,11698735
2026-06-29T09:03:14.197671,2026-06-28T23:03:14.623034+00:00,100.7,200,bid,,,11698743
2026-06-29T09:03:15.043388,2026-06-28T23:03:15.470043+00:00,100.6,1,ask,,,11698756
2026-06-29T09:03:15.857632,2026-06-28T23:03:16.294156+00:00,100.6,1,ask,,,11698791
2026-06-29T09:03:16.611577,2026-06-28T23:03:17.042156+00:00,100.7,3,bid,,,11698808
2026-06-29T09:03:16.611577,2026-06-28T23:03:17.042156+00:00,100.7,197,bid,,,11698809
2026-06-29T09:03:18.580127,2026-06-28T23:03:19.011288+00:00,100.6,20,ask,,,11698845
2026-06-29T09:03:19.030437,2026-06-28T23:03:19.462734+00:00,100.7,200,bid,,,11698859
2026-06-29T09:03:21.530352,2026-06-28T23:03:21.959734+00:00,100.7,200,bid,,,11698895
2026-06-29T09:03:22.667414,2026-06-28T23:03:23.103867+00:00,100.7,200,ask,,,11698917
2026-06-29T09:03:23.874333,2026-06-28T23:03:24.302867+00:00,100.6,200,bid,,,11698936
2026-06-29T09:03:25.081952,2026-06-28T23:03:25.512879+00:00,100.8,2,bid,,,11698953
2026-06-29T09:03:25.081952,2026-06-28T23:03:25.512879+00:00,100.8,198,bid,,,11698954
2026-06-29T09:03:25.754225,2026-06-28T23:03:26.183898+00:00,100.7,20,ask,,,11698959
2026-06-29T09:03:28.095131,2026-06-28T23:03:28.536547+00:00,100.7,200,ask,,,11699002
2026-06-29T09:03:28.204521,2026-06-28T23:03:28.635547+00:00,100.7,20,bid,,,11699006
2026-06-29T09:03:28.703781,2026-06-28T23:03:29.130538+00:00,100.7,200,bid,,,11699010
2026-06-29T09:03:29.401474,2026-06-28T23:03:29.834547+00:00,100.8,4,bid,,,11699020
2026-06-29T09:03:29.401474,2026-06-28T23:03:29.834547+00:00,100.8,500,bid,,,11699021
2026-06-29T09:03:29.868950,2026-06-28T23:03:30.296539+00:00,100.8,121,ask,,,11699029
2026-06-29T09:03:30.120346,2026-06-28T23:03:30.549548+00:00,100.7,20,ask,,,11699036
2026-06-29T09:03:30.710349,2026-06-28T23:03:31.143547+00:00,100.7,180,ask,,,11699049
2026-06-29T09:03:31.824176,2026-06-28T23:03:32.254547+00:00,100.6,20,ask,,,11699078
2026-06-29T09:03:34.764621,2026-06-28T23:03:35.202684+00:00,100.6,200,bid,,,11699149
2026-06-29T09:03:37.188199,2026-06-28T23:03:37.621780+00:00,100.6,200,ask,,,11699195
2026-06-29T09:03:38.575058,2026-06-28T23:03:39.005571+00:00,100.6,200,bid,,,11699226
2026-06-29T09:03:39.613296,2026-06-28T23:03:40.039571+00:00,100.6,200,ask,,,11699249
2026-06-29T09:03:39.885639,2026-06-28T23:03:40.314570+00:00,100.5,1,ask,,,11699259
2026-06-29T09:03:40.783271,2026-06-28T23:03:41.216591+00:00,100.5,20,bid,,,11699284
2026-06-29T09:03:40.818178,2026-06-28T23:03:41.249591+00:00,100.5,200,bid,,,11699286
2026-06-29T09:03:42.500113,2026-06-28T23:03:42.932591+00:00,100.6,500,bid,,,11699312
2026-06-29T09:03:42.500113,2026-06-28T23:03:42.932591+00:00,100.6,125,bid,,,11699313
2026-06-29T09:03:43.232377,2026-06-28T23:03:43.669249+00:00,100.5,200,bid,,,11699343
2026-06-29T09:03:43.818583,2026-06-28T23:03:44.252249+00:00,100.4,1,ask,,,11699354
2026-06-29T09:03:44.439089,2026-06-28T23:03:44.868249+00:00,100.3,200,bid,,,11699367
2026-06-29T09:03:45.649309,2026-06-28T23:03:46.078249+00:00,100.4,200,bid,,,11699392
2026-06-29T09:03:46.861887,2026-06-28T23:03:47.298197+00:00,100.4,200,bid,,,11699405
2026-06-29T09:03:47.010246,2026-06-28T23:03:47.441197+00:00,100.3,4,ask,,,11699412
2026-06-29T09:03:47.010246,2026-06-28T23:03:47.441197+00:00,100.3,16,ask,,,11699413
2026-06-29T09:03:49.283779,2026-06-28T23:03:49.717418+00:00,100.4,200,bid,,,11699457
2026-06-29T09:03:51.087129,2026-06-28T23:03:51.521418+00:00,100.3,500,ask,,,11699494
2026-06-29T09:03:51.681784,2026-06-28T23:03:52.115438+00:00,100.2,200,ask,,,11699500
2026-06-29T09:03:52.926865,2026-06-28T23:03:53.358555+00:00,100.2,200,bid,,,11699533
2026-06-29T09:03:52.992912,2026-06-28T23:03:53.424555+00:00,100.3,500,bid,,,11699536
2026-06-29T09:03:53.490850,2026-06-28T23:03:53.919555+00:00,100.3,125,ask,,,11699543
2026-06-29T09:03:53.504409,2026-06-28T23:03:53.930555+00:00,100.2,1,bid,,,11699544
2026-06-29T09:03:54.142221,2026-06-28T23:03:54.568555+00:00,100.2,200,bid,,,11699563
2026-06-29T09:03:55.100372,2026-06-28T23:03:55.536555+00:00,100.1,1,ask,,,11699585
2026-06-29T09:03:55.353531,2026-06-28T23:03:55.789555+00:00,100.2,200,bid,,,11699586
2026-06-29T09:03:57.740173,2026-06-28T23:03:58.174852+00:00,100.2,1,ask,,,11699645
2026-06-29T09:03:57.740173,2026-06-28T23:03:58.174852+00:00,100.2,499,ask,,,11699646
2026-06-29T09:03:59.566589,2026-06-28T23:04:00.000441+00:00,100.1,5,ask,,,11699676
2026-06-29T09:04:04.796972,2026-06-28T23:04:05.224761+00:00,100.2,200,bid,,,11699783
2026-06-29T09:04:05.062985,2026-06-28T23:04:05.499761+00:00,100.2,200,ask,,,11699789
2026-06-29T09:04:09.778931,2026-06-28T23:04:10.206135+00:00,100.2,20,bid,,,11699890
2026-06-29T09:04:10.516665,2026-06-28T23:04:10.943135+00:00,100.3,20,bid,,,11699910
2026-06-29T09:04:11.108044,2026-06-28T23:04:11.537135+00:00,100.1,200,ask,,,11699914
2026-06-29T09:04:19.818832,2026-06-28T23:04:20.247797+00:00,100.1,20,ask,,,11700094
2026-06-29T09:04:21.742747,2026-06-28T23:04:22.172797+00:00,100.1,20,ask,,,11700124
2026-06-29T09:04:23.220698,2026-06-28T23:04:23.656449+00:00,100.1,200,bid,,,11700158
2026-06-29T09:04:24.427888,2026-06-28T23:04:24.855449+00:00,100.1,200,bid,,,11700182
2026-06-29T09:04:25.636947,2026-06-28T23:04:26.065449+00:00,100.2,200,ask,,,11700210
2026-06-29T09:04:26.846878,2026-06-28T23:04:27.275480+00:00,100.2,200,bid,,,11700227
2026-06-29T09:04:29.266263,2026-06-28T23:04:29.695613+00:00,100.2,20,ask,,,11700276
2026-06-29T09:04:29.298813,2026-06-28T23:04:29.728613+00:00,100.2,200,ask,,,11700281
2026-06-29T09:04:30.142649,2026-06-28T23:04:30.575613+00:00,100.1,20,bid,,,11700298
2026-06-29T09:04:32.374155,2026-06-28T23:04:32.808743+00:00,100.1,20,bid,,,11700341
2026-06-29T09:04:32.924107,2026-06-28T23:04:33.358001+00:00,100.0,1,ask,,,11700362
2026-06-29T09:04:32.924107,2026-06-28T23:04:33.358001+00:00,99.9,199,ask,,,11700363
2026-06-29T09:04:33.703048,2026-06-28T23:04:34.139001+00:00,100.0,5,ask,,,11700366
2026-06-29T09:04:34.134371,2026-06-28T23:04:34.567010+00:00,99.9,5,ask,,,11700387
2026-06-29T09:04:34.134371,2026-06-28T23:04:34.567010+00:00,99.9,195,ask,,,11700388
2026-06-29T09:04:34.688904,2026-06-28T23:04:35.117010+00:00,100.0,500,bid,,,11700394
2026-06-29T09:04:35.345747,2026-06-28T23:04:35.777010+00:00,100.2,200,ask,,,11700409
2026-06-29T09:04:38.937240,2026-06-28T23:04:39.373068+00:00,100.2,500,ask,,,11700482
2026-06-29T09:04:39.748908,2026-06-28T23:04:40.175584+00:00,100.1,20,ask,,,11700504
2026-06-29T09:04:40.248960,2026-06-28T23:04:40.681593+00:00,100.3,200,bid,,,11700516
2026-06-29T09:04:40.248960,2026-06-28T23:04:40.681593+00:00,100.4,1,bid,,,11700517
2026-06-29T09:04:41.391500,2026-06-28T23:04:41.825593+00:00,100.4,200,ask,,,11700538
2026-06-29T09:04:42.573493,2026-06-28T23:04:43.000893+00:00,100.2,20,bid,,,11700553
2026-06-29T09:04:45.493641,2026-06-28T23:04:45.926427+00:00,100.0,2,ask,,,11700612
2026-06-29T09:04:45.493641,2026-06-28T23:04:45.926427+00:00,100.0,200,ask,,,11700613
2026-06-29T09:04:46.230880,2026-06-28T23:04:46.662628+00:00,100.0,200,bid,,,11700634
2026-06-29T09:04:46.357500,2026-06-28T23:04:46.794628+00:00,99.9,2,ask,,,11700635
2026-06-29T09:04:46.357500,2026-06-28T23:04:46.794628+00:00,99.9,18,ask,,,11700636
2026-06-29T09:04:46.640245,2026-06-28T23:04:47.069628+00:00,100.0,25,bid,,,11700642
2026-06-29T09:04:48.610986,2026-06-28T23:04:49.038177+00:00,100.1,500,bid,,,11700692
2026-06-29T09:04:48.664488,2026-06-28T23:04:49.093177+00:00,100.1,125,bid,,,11700695
2026-06-29T09:04:52.439696,2026-06-28T23:04:52.865722+00:00,100.3,9,bid,,,11700753
2026-06-29T09:04:52.439696,2026-06-28T23:04:52.876722+00:00,100.3,11,bid,,,11700754
2026-06-29T09:04:53.511411,2026-06-28T23:04:53.943293+00:00,100.1,200,ask,,,11700770
2026-06-29T09:04:54.679850,2026-06-28T23:04:55.109293+00:00,100.2,500,bid,,,11700794
2026-06-29T09:04:54.711761,2026-06-28T23:04:55.142293+00:00,100.3,8,bid,,,11700797
2026-06-29T09:04:54.732322,2026-06-28T23:04:55.164292+00:00,100.5,200,ask,,,11700799
2026-06-29T09:04:55.946430,2026-06-28T23:04:56.373867+00:00,100.5,200,ask,,,11700829
2026-06-29T09:04:56.042676,2026-06-28T23:04:56.472867+00:00,100.3,149,bid,,,11700832
2026-06-29T09:04:56.064977,2026-06-28T23:04:56.494867+00:00,100.3,25,bid,,,11700834
2026-06-29T09:04:56.274721,2026-06-28T23:04:56.703867+00:00,100.3,25,bid,,,11700836
2026-06-29T09:04:56.491413,2026-06-28T23:04:56.923867+00:00,100.3,426,bid,,,11700844
2026-06-29T09:04:56.512913,2026-06-28T23:04:56.945867+00:00,100.9,2,bid,,,11700846
2026-06-29T09:04:56.717321,2026-06-28T23:04:57.143867+00:00,100.9,2,bid,,,11700850
2026-06-29T09:04:57.124018,2026-06-28T23:04:57.550867+00:00,100.4,2,bid,,,11700859
2026-06-29T09:04:57.163750,2026-06-28T23:04:57.594867+00:00,100.3,200,ask,,,11700861
2026-06-29T09:04:57.330845,2026-06-28T23:04:57.770858+00:00,100.4,3,bid,,,11700866
2026-06-29T09:04:57.336300,2026-06-28T23:04:57.770858+00:00,100.6,2,bid,,,11700867
2026-06-29T09:04:57.540541,2026-06-28T23:04:57.968488+00:00,100.6,2,bid,,,11700878
2026-06-29T09:04:57.752906,2026-06-28T23:04:58.188488+00:00,100.6,2,bid,,,11700888
2026-06-29T09:04:57.958028,2026-06-28T23:04:58.386488+00:00,100.6,2,bid,,,11700890
2026-06-29T09:04:58.164713,2026-06-28T23:04:58.595479+00:00,100.5,2,bid,,,11700892
2026-06-29T09:04:58.373870,2026-06-28T23:04:58.804488+00:00,100.4,200,ask,,,11700899
2026-06-29T09:04:58.972458,2026-06-28T23:04:59.409488+00:00,100.3,25,ask,,,11700910
2026-06-29T09:04:59.184341,2026-06-28T23:04:59.618488+00:00,100.3,25,ask,,,11700922
2026-06-29T09:04:59.400426,2026-06-28T23:04:59.827488+00:00,100.3,25,ask,,,11700926
2026-06-29T09:04:59.546939,2026-06-28T23:04:59.981479+00:00,100.4,64,ask,,,11700930
2026-06-29T09:04:59.584255,2026-06-28T23:05:00.014479+00:00,100.4,200,ask,,,11700932
2026-06-29T09:04:59.632213,2026-06-28T23:05:00.069479+00:00,100.5,1,bid,,,11700936
2026-06-29T09:04:59.632213,2026-06-28T23:05:00.069479+00:00,100.5,1,bid,,,11700937
2026-06-29T09:04:59.839226,2026-06-28T23:05:00.267488+00:00,100.5,1,bid,,,11700945
2026-06-29T09:05:00.796951,2026-06-28T23:05:01.224022+00:00,100.4,200,ask,,,11700958
2026-06-29T09:05:02.009670,2026-06-28T23:05:02.445021+00:00,100.5,200,ask,,,11700992
2026-06-29T09:05:03.227334,2026-06-28T23:05:03.666155+00:00,100.5,200,ask,,,11701022
2026-06-29T09:05:06.175794,2026-06-28T23:05:06.613726+00:00,100.5,500,bid,,,11701063
2026-06-29T09:05:06.883359,2026-06-28T23:05:07.317725+00:00,100.5,55,ask,,,11701079
2026-06-29T09:05:07.573118,2026-06-28T23:05:08.009439+00:00,100.5,20,ask,,,11701091
2026-06-29T09:05:10.498613,2026-06-28T23:05:10.934981+00:00,100.5,200,bid,,,11701128
2026-06-29T09:05:11.712153,2026-06-28T23:05:12.144982+00:00,100.5,200,bid,,,11701145
2026-06-29T09:05:11.871933,2026-06-28T23:05:12.298982+00:00,100.6,1,bid,,,11701150
2026-06-29T09:05:11.871933,2026-06-28T23:05:12.309981+00:00,100.6,24,bid,,,11701151
2026-06-29T09:05:12.083541,2026-06-28T23:05:12.518982+00:00,100.6,25,bid,,,11701153
2026-06-29T09:05:12.293632,2026-06-28T23:05:12.727973+00:00,100.6,25,bid,,,11701159
2026-06-29T09:05:12.502786,2026-06-28T23:05:12.936981+00:00,100.6,25,bid,,,11701164
2026-06-29T09:05:15.337536,2026-06-28T23:05:15.774501+00:00,100.5,200,ask,,,11701190
2026-06-29T09:05:17.782266,2026-06-28T23:05:18.214868+00:00,100.6,20,ask,,,11701218
2026-06-29T09:05:18.235655,2026-06-28T23:05:18.665868+00:00,100.6,20,ask,,,11701228
2026-06-29T09:05:20.169213,2026-06-28T23:05:20.601888+00:00,100.7,200,bid,,,11701269
2026-06-29T09:05:22.243277,2026-06-28T23:05:22.669413+00:00,100.6,200,ask,,,11701302
2026-06-29T09:05:22.243277,2026-06-28T23:05:22.680423+00:00,100.5,8,ask,,,11701303
2026-06-29T09:05:22.251162,2026-06-28T23:05:22.680423+00:00,100.5,170,bid,,,11701304
2026-06-29T09:05:22.331914,2026-06-28T23:05:22.768423+00:00,100.5,5,bid,,,11701308
2026-06-29T09:05:22.521364,2026-06-28T23:05:22.955563+00:00,100.5,242,bid,,,11701313
2026-06-29T09:05:24.259104,2026-06-28T23:05:24.693563+00:00,100.7,35,ask,,,11701361
2026-06-29T09:05:24.289186,2026-06-28T23:05:24.715563+00:00,100.7,30,ask,,,11701363
2026-06-29T09:05:24.860507,2026-06-28T23:05:25.287584+00:00,100.8,3,bid,,,11701374
2026-06-29T09:05:24.860507,2026-06-28T23:05:25.298584+00:00,100.9,200,bid,,,11701375
2026-06-29T09:05:26.173594,2026-06-28T23:05:26.607141+00:00,101.0,200,bid,,,11701411
2026-06-29T09:05:26.173594,2026-06-28T23:05:26.607141+00:00,101.0,5,bid,,,11701412
2026-06-29T09:05:26.173594,2026-06-28T23:05:26.607141+00:00,101.0,420,bid,,,11701413
2026-06-29T09:05:26.531473,2026-06-28T23:05:26.959142+00:00,101.0,20,bid,,,11701423
2026-06-29T09:05:28.187479,2026-06-28T23:05:28.619274+00:00,100.9,20,bid,,,11701457
2026-06-29T09:05:28.645163,2026-06-28T23:05:29.081266+00:00,100.9,200,bid,,,11701465
2026-06-29T09:05:31.408489,2026-06-28T23:05:31.841833+00:00,100.9,2,bid,,,11701523
2026-06-29T09:05:31.408489,2026-06-28T23:05:31.841833+00:00,100.9,200,bid,,,11701524
2026-06-29T09:05:32.794211,2026-06-28T23:05:33.226855+00:00,100.9,500,ask,,,11701557
2026-06-29T09:05:32.898814,2026-06-28T23:05:33.325855+00:00,101.0,3,bid,,,11701561
2026-06-29T09:05:32.898814,2026-06-28T23:05:33.336855+00:00,101.0,17,bid,,,11701562
2026-06-29T09:05:33.391677,2026-06-28T23:05:33.820864+00:00,100.9,125,ask,,,11701568
2026-06-29T09:05:34.028300,2026-06-28T23:05:34.458864+00:00,100.9,200,bid,,,11701574
2026-06-29T09:05:34.028300,2026-06-28T23:05:34.458864+00:00,100.9,425,bid,,,11701575
2026-06-29T09:05:34.743051,2026-06-28T23:05:35.173864+00:00,100.9,20,bid,,,11701592
2026-06-29T09:05:36.772196,2026-06-28T23:05:37.208454+00:00,100.8,1,bid,,,11701623
2026-06-29T09:05:36.856177,2026-06-28T23:05:37.285454+00:00,100.8,65,bid,,,11701627
2026-06-29T09:05:36.985014,2026-06-28T23:05:37.417454+00:00,100.8,25,bid,,,11701631
2026-06-29T09:05:37.195663,2026-06-28T23:05:37.626454+00:00,100.8,25,bid,,,11701637
2026-06-29T09:05:37.406688,2026-06-28T23:05:37.835454+00:00,100.8,25,bid,,,11701640
2026-06-29T09:05:38.315428,2026-06-28T23:05:38.747410+00:00,100.7,2,ask,,,11701657
2026-06-29T09:05:38.315428,2026-06-28T23:05:38.747410+00:00,100.7,198,ask,,,11701658
2026-06-29T09:05:39.524184,2026-06-28T23:05:39.957410+00:00,100.7,2,ask,,,11701684
2026-06-29T09:05:39.524184,2026-06-28T23:05:39.957410+00:00,100.7,198,ask,,,11701685
2026-06-29T09:05:40.734667,2026-06-28T23:05:41.167410+00:00,100.7,3,ask,,,11701708
2026-06-29T09:05:41.907186,2026-06-28T23:05:42.344410+00:00,100.6,2,ask,,,11701728
2026-06-29T09:05:41.945332,2026-06-28T23:05:42.377410+00:00,100.5,200,ask,,,11701730
2026-06-29T09:05:43.219884,2026-06-28T23:05:43.652967+00:00,100.5,2,ask,,,11701752
2026-06-29T09:05:43.219884,2026-06-28T23:05:43.652967+00:00,100.5,500,ask,,,11701753
2026-06-29T09:05:43.219884,2026-06-28T23:05:43.652967+00:00,100.5,123,ask,,,11701754
2026-06-29T09:05:43.346523,2026-06-28T23:05:43.773968+00:00,100.5,20,ask,,,11701755
2026-06-29T09:05:45.569807,2026-06-28T23:05:46.006979+00:00,100.6,2,ask,,,11701798
2026-06-29T09:05:45.677481,2026-06-28T23:05:46.105541+00:00,100.6,3,bid,,,11701800
2026-06-29T09:05:45.838834,2026-06-28T23:05:46.270541+00:00,100.6,195,bid,,,11701806
2026-06-29T09:05:49.779502,2026-06-28T23:05:50.207534+00:00,100.6,1,ask,,,11701880
2026-06-29T09:05:52.734439,2026-06-28T23:05:53.165685+00:00,100.6,70,ask,,,11701923
2026-06-29T09:05:52.796798,2026-06-28T23:05:53.242684+00:00,100.6,98,ask,,,11701927
2026-06-29T09:05:52.837232,2026-06-28T23:05:53.264676+00:00,100.7,200,bid,,,11701931
2026-06-29T09:05:53.689669,2026-06-28T23:05:54.122685+00:00,100.5,3,ask,,,11701952
2026-06-29T09:05:53.689669,2026-06-28T23:05:54.122685+00:00,100.5,17,ask,,,11701953
2026-06-29T09:05:55.255213,2026-06-28T23:05:55.684705+00:00,100.7,200,bid,,,11701978
2026-06-29T09:05:56.342327,2026-06-28T23:05:56.774800+00:00,100.8,3,bid,,,11701998
2026-06-29T09:05:56.364853,2026-06-28T23:05:56.796800+00:00,100.8,32,ask,,,11702002
2026-06-29T09:05:56.444810,2026-06-28T23:05:56.873800+00:00,100.8,25,ask,,,11702006
2026-06-29T09:05:56.653023,2026-06-28T23:05:57.082800+00:00,100.8,25,ask,,,11702008
2026-06-29T09:05:56.868189,2026-06-28T23:05:57.302800+00:00,100.8,18,ask,,,11702020
2026-06-29T09:06:00.277594,2026-06-28T23:06:00.711977+00:00,100.9,3,bid,,,11702087
2026-06-29T09:06:00.277594,2026-06-28T23:06:00.711977+00:00,100.9,500,bid,,,11702088
2026-06-29T09:06:00.628359,2026-06-28T23:06:01.063997+00:00,100.9,122,ask,,,11702093
2026-06-29T09:06:01.591130,2026-06-28T23:06:02.020997+00:00,100.8,200,ask,,,11702114
2026-06-29T09:06:01.692365,2026-06-28T23:06:02.119997+00:00,100.6,25,bid,,,11702119
2026-06-29T09:06:01.901886,2026-06-28T23:06:02.328997+00:00,100.6,25,bid,,,11702127
2026-06-29T09:06:02.499444,2026-06-28T23:06:02.933531+00:00,100.6,200,bid,,,11702134
2026-06-29T09:06:03.108208,2026-06-28T23:06:03.538089+00:00,100.7,25,ask,,,11702154
2026-06-29T09:06:03.317390,2026-06-28T23:06:03.747089+00:00,100.7,25,ask,,,11702156
2026-06-29T09:06:03.525801,2026-06-28T23:06:03.956089+00:00,100.7,25,ask,,,11702161
2026-06-29T09:06:03.735931,2026-06-28T23:06:04.165090+00:00,100.7,25,ask,,,11702165
2026-06-29T09:06:04.316877,2026-06-28T23:06:04.748089+00:00,100.7,20,ask,,,11702176
2026-06-29T09:06:05.549045,2026-06-28T23:06:05.980089+00:00,100.7,25,ask,,,11702200
2026-06-29T09:06:05.762760,2026-06-28T23:06:06.199200+00:00,100.7,25,ask,,,11702206
2026-06-29T09:06:06.086880,2026-06-28T23:06:06.518200+00:00,100.7,150,ask,,,11702213
2026-06-29T09:06:06.086880,2026-06-28T23:06:06.518200+00:00,100.7,350,ask,,,11702214
2026-06-29T09:06:06.686487,2026-06-28T23:06:07.123200+00:00,100.7,275,ask,,,11702219
2026-06-29T09:06:06.838207,2026-06-28T23:06:07.266201+00:00,100.6,200,ask,,,11702223
2026-06-29T09:06:09.460080,2026-06-28T23:06:09.893430+00:00,100.7,200,bid,,,11702263
2026-06-29T09:06:09.460080,2026-06-28T23:06:09.893430+00:00,100.8,425,bid,,,11702264
2026-06-29T09:06:10.001517,2026-06-28T23:06:10.432430+00:00,100.7,20,bid,,,11702282
2026-06-29T09:06:10.964168,2026-06-28T23:06:11.400451+00:00,100.7,200,bid,,,11702298
2026-06-29T09:06:12.079221,2026-06-28T23:06:12.522451+00:00,100.7,500,bid,,,11702324
2026-06-29T09:06:12.175677,2026-06-28T23:06:12.610451+00:00,100.7,125,ask,,,11702328
2026-06-29T09:06:13.395401,2026-06-28T23:06:13.830586+00:00,100.5,200,ask,,,11702344
2026-06-29T09:06:14.989180,2026-06-28T23:06:15.425587+00:00,100.4,5,ask,,,11702388
2026-06-29T09:06:15.204857,2026-06-28T23:06:15.634586+00:00,100.4,7,ask,,,11702395
2026-06-29T09:06:21.896025,2026-06-28T23:06:22.332270+00:00,100.5,20,ask,,,11702525
2026-06-29T09:06:21.959369,2026-06-28T23:06:22.387270+00:00,100.5,200,ask,,,11702529
2026-06-29T09:06:23.881433,2026-06-28T23:06:24.311434+00:00,100.7,200,bid,,,11702557
2026-06-29T09:06:24.431219,2026-06-28T23:06:24.861434+00:00,100.7,1,ask,,,11702579
2026-06-29T09:06:25.596642,2026-06-28T23:06:26.027434+00:00,100.7,200,ask,,,11702607
2026-06-29T09:06:26.204300,2026-06-28T23:06:26.631697+00:00,100.8,4,bid,,,11702612
2026-06-29T09:06:26.802812,2026-06-28T23:06:27.236697+00:00,100.6,200,bid,,,11702622
2026-06-29T09:06:27.272933,2026-06-28T23:06:27.709697+00:00,100.5,20,ask,,,11702626
2026-06-29T09:06:29.708536,2026-06-28T23:06:30.139826+00:00,100.6,20,ask,,,11702675
2026-06-29T09:06:31.656475,2026-06-28T23:06:32.086368+00:00,100.6,25,bid,,,11702716
2026-06-29T09:06:31.864794,2026-06-28T23:06:32.295369+00:00,100.6,25,bid,,,11702721
2026-06-29T09:06:32.074349,2026-06-28T23:06:32.504360+00:00,100.6,25,bid,,,11702730
2026-06-29T09:06:32.286935,2026-06-28T23:06:32.724368+00:00,100.6,25,bid,,,11702738
2026-06-29T09:06:32.855803,2026-06-28T23:06:33.284096+00:00,100.5,200,ask,,,11702751
2026-06-29T09:06:33.098433,2026-06-28T23:06:33.526096+00:00,100.5,25,bid,,,11702756
2026-06-29T09:06:33.332855,2026-06-28T23:06:33.768105+00:00,100.5,25,bid,,,11702759
2026-06-29T09:06:33.542262,2026-06-28T23:06:33.977105+00:00,100.5,25,bid,,,11702772
2026-06-29T09:06:33.919323,2026-06-28T23:06:34.351096+00:00,100.5,500,bid,,,11702777
2026-06-29T09:06:34.064025,2026-06-28T23:06:34.494105+00:00,100.5,50,bid,,,11702780
2026-06-29T09:06:34.147439,2026-06-28T23:06:34.582105+00:00,100.5,25,ask,,,11702782
2026-06-29T09:06:35.792317,2026-06-28T23:06:36.220674+00:00,100.7,20,bid,,,11702802
2026-06-29T09:06:36.485733,2026-06-28T23:06:36.913673+00:00,100.7,200,bid,,,11702815
2026-06-29T09:06:37.694244,2026-06-28T23:06:38.122951+00:00,100.8,4,bid,,,11702836
2026-06-29T09:06:38.298355,2026-06-28T23:06:38.727951+00:00,100.9,500,bid,,,11702854
2026-06-29T09:06:38.763190,2026-06-28T23:06:39.189952+00:00,100.9,125,ask,,,11702871
2026-06-29T09:06:38.763190,2026-06-28T23:06:39.200951+00:00,100.8,196,ask,,,11702872
2026-06-29T09:06:39.607969,2026-06-28T23:06:40.036971+00:00,100.7,200,ask,,,11702881
2026-06-29T09:06:40.914684,2026-06-28T23:06:41.345971+00:00,100.7,200,bid,,,11702905
2026-06-29T09:06:42.420971,2026-06-28T23:06:42.852971+00:00,100.7,500,ask,,,11702939
2026-06-29T09:06:42.528129,2026-06-28T23:06:42.962542+00:00,100.7,125,ask,,,11702941
2026-06-29T09:06:43.534777,2026-06-28T23:06:43.963542+00:00,100.5,1,ask,,,11702966
2026-06-29T09:06:43.534777,2026-06-28T23:06:43.963542+00:00,100.5,200,ask,,,11702967
2026-06-29T09:06:43.576425,2026-06-28T23:06:44.007542+00:00,100.4,25,bid,,,11702970
2026-06-29T09:06:46.992535,2026-06-28T23:06:47.428109+00:00,100.4,7,ask,,,11703043
2026-06-29T09:06:46.992535,2026-06-28T23:06:47.428109+00:00,100.4,13,ask,,,11703044
2026-06-29T09:06:47.464280,2026-06-28T23:06:47.901118+00:00,100.5,500,bid,,,11703054
2026-06-29T09:06:47.588270,2026-06-28T23:06:48.020553+00:00,100.5,25,ask,,,11703055
2026-06-29T09:06:47.798507,2026-06-28T23:06:48.229553+00:00,100.5,25,ask,,,11703062
2026-06-29T09:06:47.874886,2026-06-28T23:06:48.306554+00:00,100.5,75,ask,,,11703064
2026-06-29T09:06:48.774734,2026-06-28T23:06:49.208553+00:00,100.4,7,ask,,,11703076
2026-06-29T09:06:48.774734,2026-06-28T23:06:49.208553+00:00,100.4,200,ask,,,11703077
2026-06-29T09:06:53.217530,2026-06-28T23:06:53.652568+00:00,100.3,25,ask,,,11703165
2026-06-29T09:06:53.332744,2026-06-28T23:06:53.773568+00:00,100.4,20,bid,,,11703167
2026-06-29T09:06:53.426033,2026-06-28T23:06:53.861568+00:00,100.3,25,ask,,,11703170
2026-06-29T09:06:53.638556,2026-06-28T23:06:54.070560+00:00,100.3,25,ask,,,11703175
2026-06-29T09:06:53.848076,2026-06-28T23:06:54.279568+00:00,100.3,25,ask,,,11703183
2026-06-29T09:06:55.230954,2026-06-28T23:06:55.665568+00:00,100.2,1,ask,,,11703215
2026-06-29T09:06:55.230954,2026-06-28T23:06:55.665568+00:00,100.2,19,ask,,,11703216
2026-06-29T09:06:55.320710,2026-06-28T23:06:55.753568+00:00,100.2,181,ask,,,11703217
2026-06-29T09:06:55.320710,2026-06-28T23:06:55.764568+00:00,100.2,444,ask,,,11703218
2026-06-29T09:06:55.817721,2026-06-28T23:06:56.248120+00:00,100.3,1,ask,,,11703231
2026-06-29T09:06:55.817721,2026-06-28T23:06:56.248120+00:00,100.2,199,ask,,,11703232
2026-06-29T09:06:56.069187,2026-06-28T23:06:56.501119+00:00,100.3,2,ask,,,11703239
2026-06-29T09:06:56.478168,2026-06-28T23:06:56.908119+00:00,100.3,2,ask,,,11703245
2026-06-29T09:06:57.029115,2026-06-28T23:06:57.469119+00:00,100.3,2,ask,,,11703255
2026-06-29T09:06:58.244597,2026-06-28T23:06:58.678369+00:00,100.2,2,ask,,,11703273
2026-06-29T09:06:58.244597,2026-06-28T23:06:58.678369+00:00,100.2,198,ask,,,11703274
2026-06-29T09:06:59.452056,2026-06-28T23:06:59.887902+00:00,100.2,2,ask,,,11703297
2026-06-29T09:07:01.856591,2026-06-28T23:07:02.285924+00:00,100.1,200,ask,,,11703335
2026-06-29T09:07:01.856591,2026-06-28T23:07:02.285924+00:00,100.1,2,ask,,,11703336
2026-06-29T09:07:02.993672,2026-06-28T23:07:03.429474+00:00,100.1,423,bid,,,11703363
2026-06-29T09:07:03.073382,2026-06-28T23:07:03.506474+00:00,100.1,77,ask,,,11703366
2026-06-29T09:07:03.073382,2026-06-28T23:07:03.506474+00:00,100.0,1,ask,,,11703367
2026-06-29T09:07:03.165054,2026-06-28T23:07:03.594474+00:00,100.0,122,bid,,,11703373
2026-06-29T09:07:04.281368,2026-06-28T23:07:04.716483+00:00,100.2,200,ask,,,11703396
2026-06-29T09:07:04.288521,2026-06-28T23:07:04.716483+00:00,100.4,20,bid,,,11703397
2026-06-29T09:07:04.482061,2026-06-28T23:07:04.914483+00:00,100.1,500,ask,,,11703400
2026-06-29T09:07:04.820156,2026-06-28T23:07:05.255483+00:00,100.1,125,bid,,,11703404
2026-06-29T09:07:06.644412,2026-06-28T23:07:07.081070+00:00,100.2,20,ask,,,11703461
2026-06-29T09:07:08.405119,2026-06-28T23:07:08.840319+00:00,100.2,500,ask,,,11703489
2026-06-29T09:07:08.405119,2026-06-28T23:07:08.840319+00:00,100.2,125,ask,,,11703490
2026-06-29T09:07:09.721518,2026-06-28T23:07:10.159111+00:00,100.3,200,ask,,,11703504
2026-06-29T09:07:09.918269,2026-06-28T23:07:10.346111+00:00,100.3,25,bid,,,11703511
2026-06-29T09:07:10.114269,2026-06-28T23:07:10.544111+00:00,100.2,20,ask,,,11703515
2026-06-29T09:07:10.127754,2026-06-28T23:07:10.555111+00:00,100.3,25,bid,,,11703517
2026-06-29T09:07:12.079179,2026-06-28T23:07:12.512801+00:00,100.3,200,bid,,,11703546
2026-06-29T09:07:12.987898,2026-06-28T23:07:13.425358+00:00,100.4,2,bid,,,11703566
2026-06-29T09:07:12.987898,2026-06-28T23:07:13.425358+00:00,100.4,18,bid,,,11703567
2026-06-29T09:07:14.956478,2026-06-28T23:07:15.394378+00:00,100.2,500,ask,,,11703601
2026-06-29T09:07:14.956478,2026-06-28T23:07:15.394378+00:00,100.1,2,ask,,,11703602
2026-06-29T09:07:14.956478,2026-06-28T23:07:15.394378+00:00,100.1,123,ask,,,11703603
2026-06-29T09:07:16.382218,2026-06-28T23:07:16.812928+00:00,100.4,9,bid,,,11703626
2026-06-29T09:07:16.382218,2026-06-28T23:07:16.812928+00:00,100.4,191,bid,,,11703627
2026-06-29T09:07:16.655042,2026-06-28T23:07:17.087935+00:00,100.4,20,bid,,,11703633
2026-06-29T09:07:18.880846,2026-06-28T23:07:19.309570+00:00,100.3,200,ask,,,11703680
2026-06-29T09:07:19.702239,2026-06-28T23:07:20.134590+00:00,100.2,2,ask,,,11703702
2026-06-29T09:07:19.702239,2026-06-28T23:07:20.134590+00:00,100.2,18,ask,,,11703703
2026-06-29T09:07:21.225055,2026-06-28T23:07:21.663590+00:00,100.2,200,ask,,,11703737
2026-06-29T09:07:22.728058,2026-06-28T23:07:23.158766+00:00,100.4,20,bid,,,11703755
2026-06-29T09:07:23.999718,2026-06-28T23:07:24.434766+00:00,100.4,20,bid,,,11703785
2026-06-29T09:07:25.429554,2026-06-28T23:07:25.864765+00:00,100.5,8,bid,,,11703810
2026-06-29T09:07:25.429554,2026-06-28T23:07:25.864765+00:00,100.5,200,bid,,,11703811
2026-06-29T09:07:25.562125,2026-06-28T23:07:25.996766+00:00,100.5,25,ask,,,11703814
2026-06-29T09:07:25.596018,2026-06-28T23:07:26.029766+00:00,100.5,20,ask,,,11703816
2026-06-29T09:07:25.774774,2026-06-28T23:07:26.204891+00:00,100.5,25,ask,,,11703817
2026-06-29T09:07:25.985574,2026-06-28T23:07:26.413891+00:00,100.5,25,ask,,,11703828
2026-06-29T09:07:28.053948,2026-06-28T23:07:28.491677+00:00,100.4,200,ask,,,11703866
2026-06-29T09:07:28.495778,2026-06-28T23:07:28.931677+00:00,100.4,200,bid,,,11703879
2026-06-29T09:07:29.400005,2026-06-28T23:07:29.833677+00:00,100.4,8,ask,,,11703892
2026-06-29T09:07:29.705497,2026-06-28T23:07:30.141677+00:00,100.4,200,ask,,,11703899
2026-06-29T09:07:30.913512,2026-06-28T23:07:31.340676+00:00,100.5,200,ask,,,11703938
2026-06-29T09:07:32.062408,2026-06-28T23:07:32.506210+00:00,100.5,500,bid,,,11703965
2026-06-29T09:07:32.656095,2026-06-28T23:07:33.087874+00:00,100.4,200,bid,,,11703981
2026-06-29T09:07:33.296867,2026-06-28T23:07:33.725883+00:00,100.6,4,bid,,,11703993
2026-06-29T09:07:33.335967,2026-06-28T23:07:33.769874+00:00,100.8,200,ask,,,11703999
2026-06-29T09:07:40.233079,2026-06-28T23:07:40.664543+00:00,100.8,3,bid,,,11704131
2026-06-29T09:07:41.646800,2026-06-28T23:07:42.083543+00:00,100.8,1,bid,,,11704159
2026-06-29T09:07:41.856502,2026-06-28T23:07:42.292544+00:00,100.8,1,bid,,,11704168
2026-06-29T09:07:44.270778,2026-06-28T23:07:44.700630+00:00,100.9,25,bid,,,11704215
2026-06-29T09:07:44.481001,2026-06-28T23:07:44.909629+00:00,100.9,25,bid,,,11704223
2026-06-29T09:07:44.692698,2026-06-28T23:07:45.129620+00:00,100.9,25,bid,,,11704234
2026-06-29T09:07:44.901867,2026-06-28T23:07:45.338620+00:00,100.9,25,bid,,,11704237
2026-06-29T09:07:47.478301,2026-06-28T23:07:47.912188+00:00,100.8,20,ask,,,11704286
2026-06-29T09:07:49.444738,2026-06-28T23:07:49.879862+00:00,100.9,7,bid,,,11704314
2026-06-29T09:07:50.123211,2026-06-28T23:07:50.550420+00:00,100.9,6,bid,,,11704324
2026-06-29T09:07:50.332158,2026-06-28T23:07:50.759420+00:00,100.9,6,bid,,,11704332
2026-06-29T09:07:50.332158,2026-06-28T23:07:50.770420+00:00,100.9,19,bid,,,11704333
2026-06-29T09:07:50.544159,2026-06-28T23:07:50.979420+00:00,100.9,25,bid,,,11704336
2026-06-29T09:07:50.756238,2026-06-28T23:07:51.188420+00:00,100.9,25,bid,,,11704346
2026-06-29T09:07:51.493056,2026-06-28T23:07:51.925420+00:00,100.9,200,bid,,,11704363
2026-06-29T09:07:53.174227,2026-06-28T23:07:53.608558+00:00,101.0,4,bid,,,11704392
2026-06-29T09:07:53.910090,2026-06-28T23:07:54.345558+00:00,101.0,6,bid,,,11704417
2026-06-29T09:07:54.773107,2026-06-28T23:07:55.203558+00:00,101.0,20,ask,,,11704433
2026-06-29T09:07:55.597384,2026-06-28T23:07:56.028558+00:00,101.1,4,bid,,,11704462
2026-06-29T09:07:55.597384,2026-06-28T23:07:56.028558+00:00,101.2,500,bid,,,11704463
2026-06-29T09:07:55.597384,2026-06-28T23:07:56.028558+00:00,101.2,121,bid,,,11704464
2026-06-29T09:07:55.638029,2026-06-28T23:07:56.072109+00:00,101.2,20,bid,,,11704465
2026-06-29T09:07:56.116122,2026-06-28T23:07:56.545109+00:00,101.2,59,bid,,,11704476
2026-06-29T09:07:56.116122,2026-06-28T23:07:56.545109+00:00,101.2,91,bid,,,11704477
2026-06-29T09:07:56.932838,2026-06-28T23:07:57.370129+00:00,101.0,200,ask,,,11704498
2026-06-29T09:07:56.943691,2026-06-28T23:07:57.381129+00:00,101.0,50,bid,,,11704499
2026-06-29T09:07:58.244678,2026-06-28T23:07:58.678387+00:00,100.9,200,ask,,,11704523
2026-06-29T09:08:00.475781,2026-06-28T23:08:00.911388+00:00,100.9,20,bid,,,11704563
2026-06-29T09:08:00.829976,2026-06-28T23:08:01.263387+00:00,100.8,2,ask,,,11704569
2026-06-29T09:08:00.829976,2026-06-28T23:08:01.263387+00:00,100.8,18,ask,,,11704570
2026-06-29T09:08:00.861513,2026-06-28T23:08:01.296388+00:00,100.9,180,bid,,,11704571
2026-06-29T09:08:01.165486,2026-06-28T23:08:01.593388+00:00,101.0,200,ask,,,11704582
2026-06-29T09:08:02.376869,2026-06-28T23:08:02.814387+00:00,100.9,200,bid,,,11704606
2026-06-29T09:08:04.799737,2026-06-28T23:08:05.233965+00:00,100.9,200,bid,,,11704652
2026-06-29T09:08:04.821210,2026-06-28T23:08:05.255965+00:00,100.9,200,ask,,,11704653
2026-06-29T09:08:06.206722,2026-06-28T23:08:06.641034+00:00,101.0,2,bid,,,11704698
2026-06-29T09:08:07.423178,2026-06-28T23:08:07.851054+00:00,100.9,200,bid,,,11704716
2026-06-29T09:08:12.678520,2026-06-28T23:08:13.108847+00:00,101.1,2,bid,,,11704808
2026-06-29T09:08:12.678520,2026-06-28T23:08:13.108847+00:00,101.1,200,bid,,,11704809
2026-06-29T09:08:13.993506,2026-06-28T23:08:14.428847+00:00,101.1,200,ask,,,11704839
2026-06-29T09:08:16.034266,2026-06-28T23:08:16.462936+00:00,101.2,1,bid,,,11704895
2026-06-29T09:08:16.695399,2026-06-28T23:08:17.122936+00:00,101.2,20,bid,,,11704906
2026-06-29T09:08:18.118360,2026-06-28T23:08:18.552089+00:00,101.1,200,ask,,,11704937
2026-06-29T09:08:21.719998,2026-06-28T23:08:22.160000+00:00,101.1,20,bid,,,11704991
2026-06-29T09:08:21.862397,2026-06-28T23:08:22.292000+00:00,101.0,8,ask,,,11704997
2026-06-29T09:08:21.862397,2026-06-28T23:08:22.292000+00:00,101.0,200,ask,,,11704998
2026-06-29T09:08:23.172443,2026-06-28T23:08:23.601129+00:00,100.9,8,ask,,,11705023
2026-06-29T09:08:23.172443,2026-06-28T23:08:23.612129+00:00,100.8,500,ask,,,11705024
2026-06-29T09:08:23.172443,2026-06-28T23:08:23.612129+00:00,100.8,117,ask,,,11705025
2026-06-29T09:08:24.173901,2026-06-28T23:08:24.602129+00:00,100.9,10,ask,,,11705046
2026-06-29T09:08:24.482686,2026-06-28T23:08:24.910130+00:00,100.9,190,bid,,,11705050
2026-06-29T09:08:25.381700,2026-06-28T23:08:25.812129+00:00,101.0,200,ask,,,11705061
2026-06-29T09:08:27.799205,2026-06-28T23:08:28.230894+00:00,101.0,200,ask,,,11705117
2026-06-29T09:08:29.007258,2026-06-28T23:08:29.440915+00:00,100.9,5,ask,,,11705140
2026-06-29T09:08:31.036028,2026-06-28T23:08:31.475934+00:00,100.8,6,ask,,,11705173
2026-06-29T09:08:31.036028,2026-06-28T23:08:31.475934+00:00,100.8,200,ask,,,11705174
2026-06-29T09:08:33.657592,2026-06-28T23:08:34.093493+00:00,100.7,6,ask,,,11705227
2026-06-29T09:08:33.806182,2026-06-28T23:08:34.236483+00:00,100.7,500,bid,,,11705230
2026-06-29T09:08:34.402685,2026-06-28T23:08:34.830493+00:00,100.7,119,bid,,,11705247
2026-06-29T09:08:34.963892,2026-06-28T23:08:35.391493+00:00,100.8,200,bid,,,11705251
2026-06-29T09:08:36.485176,2026-06-28T23:08:36.920037+00:00,100.9,20,bid,,,11705278
2026-06-29T09:08:37.506097,2026-06-28T23:08:37.942710+00:00,100.9,200,bid,,,11705297
2026-06-29T09:08:38.716554,2026-06-28T23:08:39.151873+00:00,100.8,200,ask,,,11705314
2026-06-29T09:08:39.922785,2026-06-28T23:08:40.350893+00:00,100.9,200,bid,,,11705330
2026-06-29T09:08:41.131791,2026-06-28T23:08:41.560893+00:00,100.9,200,bid,,,11705348
2026-06-29T09:08:42.340532,2026-06-28T23:08:42.770894+00:00,100.8,200,bid,,,11705360
2026-06-29T09:08:43.508244,2026-06-28T23:08:43.935775+00:00,100.9,500,bid,,,11705381
2026-06-29T09:08:44.110461,2026-06-28T23:08:44.540317+00:00,100.9,125,bid,,,11705391
2026-06-29T09:08:44.110461,2026-06-28T23:08:44.540317+00:00,100.9,200,bid,,,11705392
2026-06-29T09:08:44.290555,2026-06-28T23:08:44.727317+00:00,101.0,25,ask,,,11705401
2026-06-29T09:08:44.507041,2026-06-28T23:08:44.936308+00:00,101.0,25,ask,,,11705407
2026-06-29T09:08:44.726329,2026-06-28T23:08:45.167308+00:00,101.0,25,ask,,,11705412
2026-06-29T09:08:44.754525,2026-06-28T23:08:45.189308+00:00,101.0,200,ask,,,11705415
2026-06-29T09:08:44.937433,2026-06-28T23:08:45.365308+00:00,101.0,25,ask,,,11705418
2026-06-29T09:08:45.147242,2026-06-28T23:08:45.585308+00:00,101.0,25,ask,,,11705426
2026-06-29T09:08:45.356687,2026-06-28T23:08:45.794308+00:00,101.0,25,ask,,,11705430
2026-06-29T09:08:45.961957,2026-06-28T23:08:46.398415+00:00,100.9,200,bid,,,11705440
2026-06-29T09:08:46.778115,2026-06-28T23:08:47.212407+00:00,100.9,25,bid,,,11705451
2026-06-29T09:08:47.175035,2026-06-28T23:08:47.608012+00:00,100.9,200,ask,,,11705459
2026-06-29T09:08:48.398000,2026-06-28T23:08:48.828232+00:00,100.9,200,ask,,,11705474
2026-06-29T09:08:49.594606,2026-06-28T23:08:50.027252+00:00,100.9,23,bid,,,11705495
2026-06-29T09:08:49.605187,2026-06-28T23:08:50.038252+00:00,100.9,200,bid,,,11705496
2026-06-29T09:08:52.051275,2026-06-28T23:08:52.480252+00:00,100.9,200,ask,,,11705545
2026-06-29T09:08:53.240427,2026-06-28T23:08:53.667817+00:00,100.8,200,ask,,,11705564
2026-06-29T09:08:56.873386,2026-06-28T23:08:57.308927+00:00,100.8,200,ask,,,11705633
2026-06-29T09:08:58.081189,2026-06-28T23:08:58.516719+00:00,100.7,200,ask,,,11705657
2026-06-29T09:08:58.605321,2026-06-28T23:08:59.044719+00:00,100.7,300,ask,,,11705663
2026-06-29T09:08:58.605321,2026-06-28T23:08:59.044719+00:00,100.6,4,ask,,,11705664
2026-06-29T09:08:58.619151,2026-06-28T23:08:59.055719+00:00,100.6,2,bid,,,11705666
2026-06-29T09:08:58.630018,2026-06-28T23:08:59.066719+00:00,100.6,319,bid,,,11705667
2026-06-29T09:08:59.288627,2026-06-28T23:08:59.726719+00:00,100.8,200,ask,,,11705694
2026-06-29T09:09:00.506692,2026-06-28T23:09:00.936730+00:00,100.9,200,ask,,,11705713
2026-06-29T09:09:01.733410,2026-06-28T23:09:02.168739+00:00,100.8,200,ask,,,11705742
2026-06-29T09:09:03.032529,2026-06-28T23:09:03.465823+00:00,100.8,25,ask,,,11705774
2026-06-29T09:09:03.247009,2026-06-28T23:09:03.674823+00:00,100.8,25,ask,,,11705777
2026-06-29T09:09:03.456091,2026-06-28T23:09:03.883823+00:00,100.8,25,ask,,,11705779
2026-06-29T09:09:03.666906,2026-06-28T23:09:04.103822+00:00,100.8,25,ask,,,11705788
2026-06-29T09:09:03.872317,2026-06-28T23:09:04.301823+00:00,100.9,50,ask,,,11705791
2026-06-29T09:09:04.152806,2026-06-28T23:09:04.587823+00:00,100.9,200,ask,,,11705795
2026-06-29T09:09:05.360444,2026-06-28T23:09:05.797823+00:00,101.0,1,bid,,,11705817
2026-06-29T09:09:05.360444,2026-06-28T23:09:05.797823+00:00,101.0,199,bid,,,11705818
2026-06-29T09:09:06.470262,2026-06-28T23:09:06.908387+00:00,101.0,4,bid,,,11705841
2026-06-29T09:09:07.636162,2026-06-28T23:09:08.073070+00:00,101.1,3,bid,,,11705857
2026-06-29T09:09:07.802601,2026-06-28T23:09:08.238070+00:00,101.1,3,bid,,,11705860
2026-06-29T09:09:07.827240,2026-06-28T23:09:08.260070+00:00,101.1,2,ask,,,11705862
2026-06-29T09:09:07.876974,2026-06-28T23:09:08.315070+00:00,101.1,1,ask,,,11705864
2026-06-29T09:09:07.957216,2026-06-28T23:09:08.392070+00:00,101.1,2,ask,,,11705866
2026-06-29T09:09:08.369281,2026-06-28T23:09:08.799079+00:00,101.1,1,ask,,,11705870
2026-06-29T09:09:08.407688,2026-06-28T23:09:08.843079+00:00,101.1,1,ask,,,11705874
2026-06-29T09:09:08.688808,2026-06-28T23:09:09.118080+00:00,101.1,1,ask,,,11705882
2026-06-29T09:09:08.729946,2026-06-28T23:09:09.162079+00:00,101.1,1,ask,,,11705884
2026-06-29T09:09:08.761051,2026-06-28T23:09:09.195079+00:00,101.1,2,ask,,,11705886
2026-06-29T09:09:08.871146,2026-06-28T23:09:09.305079+00:00,101.1,1,ask,,,11705890
2026-06-29T09:09:09.002662,2026-06-28T23:09:09.437079+00:00,101.1,200,ask,,,11705894
2026-06-29T09:09:10.227067,2026-06-28T23:09:10.658079+00:00,101.1,1,ask,,,11705904
2026-06-29T09:09:10.757190,2026-06-28T23:09:11.186100+00:00,101.1,199,ask,,,11705919
2026-06-29T09:09:11.271986,2026-06-28T23:09:11.703099+00:00,101.0,20,ask,,,11705930
2026-06-29T09:09:12.632078,2026-06-28T23:09:13.066240+00:00,101.1,200,bid,,,11705957
2026-06-29T09:09:13.841431,2026-06-28T23:09:14.276261+00:00,101.2,200,bid,,,11705981
2026-06-29T09:09:16.260527,2026-06-28T23:09:16.695326+00:00,101.3,200,bid,,,11706022
2026-06-29T09:09:18.302190,2026-06-28T23:09:18.730003+00:00,101.0,200,ask,,,11706054
2026-06-29T09:09:19.906198,2026-06-28T23:09:20.336004+00:00,100.9,6,ask,,,11706093
2026-06-29T09:09:24.720856,2026-06-28T23:09:25.154482+00:00,101.0,200,bid,,,11706186
2026-06-29T09:09:25.928823,2026-06-28T23:09:26.364054+00:00,101.0,200,bid,,,11706203
2026-06-29T09:09:26.017774,2026-06-28T23:09:26.452054+00:00,101.0,20,bid,,,11706205
2026-06-29T09:09:27.138247,2026-06-28T23:09:27.574528+00:00,101.0,200,bid,,,11706229
2026-06-29T09:09:29.562969,2026-06-28T23:09:29.992298+00:00,100.9,6,ask,,,11706280
2026-06-29T09:09:34.404786,2026-06-28T23:09:34.841974+00:00,101.1,1,bid,,,11706383
2026-06-29T09:09:36.638746,2026-06-28T23:09:37.074539+00:00,101.1,200,bid,,,11706431
2026-06-29T09:09:36.823764,2026-06-28T23:09:37.261539+00:00,101.1,200,ask,,,11706436
2026-06-29T09:09:37.117527,2026-06-28T23:09:37.558539+00:00,101.2,5,bid,,,11706439
2026-06-29T09:09:38.032539,2026-06-28T23:09:38.470785+00:00,101.1,200,bid,,,11706448
2026-06-29T09:09:40.572493,2026-06-28T23:09:41.011318+00:00,101.0,200,ask,,,11706507
2026-06-29T09:09:41.661207,2026-06-28T23:09:42.089318+00:00,101.0,200,bid,,,11706524
2026-06-29T09:09:44.100031,2026-06-28T23:09:44.530974+00:00,101.1,200,bid,,,11706570
2026-06-29T09:09:47.133544,2026-06-28T23:09:47.566504+00:00,101.2,2,bid,,,11706628
2026-06-29T09:09:47.745264,2026-06-28T23:09:48.181183+00:00,101.2,200,ask,,,11706644
2026-06-29T09:09:51.074569,2026-06-28T23:09:51.503194+00:00,101.2,200,bid,,,11706704
2026-06-29T09:09:51.074569,2026-06-28T23:09:51.503194+00:00,101.3,2,bid,,,11706705
2026-06-29T09:09:51.101511,2026-06-28T23:09:51.536193+00:00,101.4,137,ask,,,11706708
2026-06-29T09:09:51.379533,2026-06-28T23:09:51.811194+00:00,101.4,200,ask,,,11706709
2026-06-29T09:09:52.387439,2026-06-28T23:09:52.823193+00:00,101.2,200,ask,,,11706723
2026-06-29T09:09:52.583674,2026-06-28T23:09:53.021331+00:00,101.2,200,bid,,,11706733
2026-06-29T09:09:56.476920,2026-06-28T23:09:56.914907+00:00,101.2,20,ask,,,11706802
2026-06-29T09:09:58.933688,2026-06-28T23:09:59.367234+00:00,101.2,200,ask,,,11706838
2026-06-29T09:09:59.857046,2026-06-28T23:10:00.291233+00:00,101.1,200,bid,,,11706863
2026-06-29T09:10:02.274271,2026-06-28T23:10:02.710224+00:00,101.1,200,ask,,,11706909
2026-06-29T09:10:04.172464,2026-06-28T23:10:04.601059+00:00,101.1,200,ask,,,11706950
2026-06-29T09:10:04.172464,2026-06-28T23:10:04.612058+00:00,101.1,425,ask,,,11706951
2026-06-29T09:10:05.479585,2026-06-28T23:10:05.909177+00:00,101.3,4,bid,,,11706969
2026-06-29T09:10:05.479585,2026-06-28T23:10:05.909177+00:00,101.3,200,bid,,,11706970
2026-06-29T09:10:05.903256,2026-06-28T23:10:06.337797+00:00,101.3,200,ask,,,11706979
2026-06-29T09:10:06.807081,2026-06-28T23:10:07.239376+00:00,101.3,47,bid,,,11707008
2026-06-29T09:10:06.994988,2026-06-28T23:10:07.426376+00:00,101.3,25,bid,,,11707013
2026-06-29T09:10:07.205912,2026-06-28T23:10:07.635376+00:00,101.3,25,bid,,,11707019
2026-06-29T09:10:07.420853,2026-06-28T23:10:07.855367+00:00,101.3,3,bid,,,11707026
2026-06-29T09:10:10.756602,2026-06-28T23:10:11.187871+00:00,101.4,7,bid,,,11707086
2026-06-29T09:10:10.756602,2026-06-28T23:10:11.187871+00:00,101.4,193,bid,,,11707087
2026-06-29T09:10:11.249804,2026-06-28T23:10:11.682871+00:00,101.4,20,bid,,,11707108
2026-06-29T09:10:13.178423,2026-06-28T23:10:13.606253+00:00,101.4,200,bid,,,11707133
2026-06-29T09:10:13.349812,2026-06-28T23:10:13.782253+00:00,101.4,6,bid,,,11707135
2026-06-29T09:10:13.436639,2026-06-28T23:10:13.870244+00:00,101.5,25,ask,,,11707140
2026-06-29T09:10:13.645485,2026-06-28T23:10:14.079362+00:00,101.5,25,ask,,,11707146
2026-06-29T09:10:15.389919,2026-06-28T23:10:15.828244+00:00,101.5,20,ask,,,11707172
2026-06-29T09:10:15.601036,2026-06-28T23:10:16.037244+00:00,101.5,200,ask,,,11707183
2026-06-29T09:10:17.960570,2026-06-28T23:10:18.390445+00:00,101.5,200,bid,,,11707222
2026-06-29T09:10:17.960570,2026-06-28T23:10:18.390445+00:00,101.5,300,bid,,,11707223
2026-06-29T09:10:18.587378,2026-06-28T23:10:19.017326+00:00,101.5,325,bid,,,11707240
2026-06-29T09:10:18.615116,2026-06-28T23:10:19.050325+00:00,101.6,4,bid,,,11707241
2026-06-29T09:10:18.615116,2026-06-28T23:10:19.050325+00:00,101.6,200,bid,,,11707242
2026-06-29T09:10:18.631884,2026-06-28T23:10:19.061325+00:00,101.7,6,ask,,,11707244
2026-06-29T09:10:18.812063,2026-06-28T23:10:19.247325+00:00,101.7,5,ask,,,11707247
2026-06-29T09:10:19.143645,2026-06-28T23:10:19.576325+00:00,101.7,5,ask,,,11707255
2026-06-29T09:10:19.238348,2026-06-28T23:10:19.675325+00:00,101.7,5,ask,,,11707259
2026-06-29T09:10:19.409018,2026-06-28T23:10:19.840334+00:00,101.7,5,ask,,,11707263
2026-06-29T09:10:19.932231,2026-06-28T23:10:20.368334+00:00,101.8,5,bid,,,11707274
2026-06-29T09:10:19.932231,2026-06-28T23:10:20.368334+00:00,101.8,200,bid,,,11707275
2026-06-29T09:10:19.943261,2026-06-28T23:10:20.379327+00:00,101.9,21,ask,,,11707276
2026-06-29T09:10:21.249298,2026-06-28T23:10:21.688334+00:00,101.8,200,ask,,,11707307
2026-06-29T09:10:21.647406,2026-06-28T23:10:22.084325+00:00,101.7,3,bid,,,11707318
2026-06-29T09:10:21.647406,2026-06-28T23:10:22.084325+00:00,101.8,197,bid,,,11707319
2026-06-29T09:10:22.557827,2026-06-28T23:10:22.996331+00:00,101.7,3,bid,,,11707336
2026-06-29T09:10:22.557827,2026-06-28T23:10:22.996331+00:00,102.0,500,bid,,,11707337
2026-06-29T09:10:22.810958,2026-06-28T23:10:23.249331+00:00,102.0,122,ask,,,11707353
2026-06-29T09:10:23.868845,2026-06-28T23:10:24.305361+00:00,101.8,200,ask,,,11707370
2026-06-29T09:10:24.065773,2026-06-28T23:10:24.503361+00:00,101.8,200,bid,,,11707379
2026-06-29T09:10:24.109046,2026-06-28T23:10:24.547361+00:00,101.6,20,ask,,,11707380
2026-06-29T09:10:25.176117,2026-06-28T23:10:25.614361+00:00,101.8,2,bid,,,11707396
2026-06-29T09:10:25.176117,2026-06-28T23:10:25.614361+00:00,102.0,200,bid,,,11707397
2026-06-29T09:10:25.176117,2026-06-28T23:10:25.614361+00:00,102.0,423,bid,,,11707398
2026-06-29T09:10:25.278337,2026-06-28T23:10:25.713361+00:00,101.9,2,ask,,,11707401
2026-06-29T09:10:25.687595,2026-06-28T23:10:26.119396+00:00,101.9,1,ask,,,11707403
2026-06-29T09:10:26.498285,2026-06-28T23:10:26.933405+00:00,101.9,200,ask,,,11707423
2026-06-29T09:10:27.694592,2026-06-28T23:10:28.131799+00:00,101.8,2,bid,,,11707442
2026-06-29T09:10:28.903586,2026-06-28T23:10:29.342799+00:00,101.9,2,bid,,,11707476
2026-06-29T09:10:29.474120,2026-06-28T23:10:29.903808+00:00,101.9,198,ask,,,11707484
2026-06-29T09:10:31.729647,2026-06-28T23:10:32.158226+00:00,101.8,200,ask,,,11707527
2026-06-29T09:10:33.749936,2026-06-28T23:10:34.181580+00:00,101.8,200,bid,,,11707557
2026-06-29T09:10:34.968723,2026-06-28T23:10:35.401580+00:00,101.8,200,bid,,,11707582
2026-06-29T09:10:35.335435,2026-06-28T23:10:35.764581+00:00,101.8,20,bid,,,11707585
2026-06-29T09:10:36.723230,2026-06-28T23:10:37.161150+00:00,101.8,20,ask,,,11707618
2026-06-29T09:10:36.968462,2026-06-28T23:10:37.403159+00:00,101.9,200,bid,,,11707622
2026-06-29T09:10:36.968462,2026-06-28T23:10:37.403159+00:00,102.0,1,bid,,,11707623
2026-06-29T09:10:36.968462,2026-06-28T23:10:37.403159+00:00,102.0,424,bid,,,11707624
2026-06-29T09:10:37.386081,2026-06-28T23:10:37.821159+00:00,102.0,200,bid,,,11707629
2026-06-29T09:10:37.912392,2026-06-28T23:10:38.348707+00:00,102.0,20,bid,,,11707636
2026-06-29T09:10:38.593097,2026-06-28T23:10:39.030716+00:00,101.8,200,bid,,,11707651
2026-06-29T09:10:44.012344,2026-06-28T23:10:44.440140+00:00,101.7,200,bid,,,11707753
2026-06-29T09:10:46.131117,2026-06-28T23:10:46.562702+00:00,101.8,200,ask,,,11707790
2026-06-29T09:10:47.062532,2026-06-28T23:10:47.497703+00:00,101.8,200,bid,,,11707809
2026-06-29T09:10:48.273139,2026-06-28T23:10:48.705955+00:00,101.8,200,ask,,,11707835
2026-06-29T09:10:50.405600,2026-06-28T23:10:50.839946+00:00,101.7,20,ask,,,11707869
2026-06-29T09:10:53.684244,2026-06-28T23:10:54.112968+00:00,101.8,500,bid,,,11707941
2026-06-29T09:10:55.309719,2026-06-28T23:10:55.740482+00:00,102.0,1,bid,,,11707977
2026-06-29T09:10:55.309719,2026-06-28T23:10:55.740482+00:00,102.0,200,bid,,,11707978
2026-06-29T09:10:59.262944,2026-06-28T23:10:59.700049+00:00,102.0,200,ask,,,11708036
2026-06-29T09:11:00.415262,2026-06-28T23:11:00.844058+00:00,102.0,200,bid,,,11708065
2026-06-29T09:11:01.622955,2026-06-28T23:11:02.053179+00:00,102.0,200,ask,,,11708089
2026-06-29T09:11:02.712567,2026-06-28T23:11:03.140993+00:00,101.8,10,ask,,,11708108
2026-06-29T09:11:02.712567,2026-06-28T23:11:03.151992+00:00,101.8,10,ask,,,11708109
2026-06-29T09:11:07.116754,2026-06-28T23:11:07.550580+00:00,102.0,200,bid,,,11708200
2026-06-29T09:11:08.868668,2026-06-28T23:11:09.309250+00:00,102.1,1,bid,,,11708223
2026-06-29T09:11:11.045506,2026-06-28T23:11:11.475765+00:00,102.1,200,bid,,,11708260
2026-06-29T09:11:11.045506,2026-06-28T23:11:11.475765+00:00,102.2,3,bid,,,11708261
2026-06-29T09:11:11.291512,2026-06-28T23:11:11.728755+00:00,102.2,200,ask,,,11708267
2026-06-29T09:11:12.503003,2026-06-28T23:11:12.938755+00:00,102.2,200,ask,,,11708293
2026-06-29T09:11:12.565849,2026-06-28T23:11:13.003423+00:00,102.3,3,bid,,,11708294
2026-06-29T09:11:16.133034,2026-06-28T23:11:16.567000+00:00,102.3,3,bid,,,11708358
2026-06-29T09:11:16.133034,2026-06-28T23:11:16.567000+00:00,102.3,197,bid,,,11708359
2026-06-29T09:11:17.592099,2026-06-28T23:11:18.029654+00:00,102.1,200,ask,,,11708391
2026-06-29T09:11:20.984585,2026-06-28T23:11:21.415719+00:00,102.2,200,ask,,,11708460
2026-06-29T09:11:22.828911,2026-06-28T23:11:23.262688+00:00,102.2,200,ask,,,11708496
2026-06-29T09:11:22.828911,2026-06-28T23:11:23.262688+00:00,102.0,6,ask,,,11708497
2026-06-29T09:11:24.610890,2026-06-28T23:11:25.044698+00:00,101.9,4,ask,,,11708526
2026-06-29T09:11:24.815913,2026-06-28T23:11:25.253707+00:00,101.9,25,bid,,,11708531
2026-06-29T09:11:26.768204,2026-06-28T23:11:27.200063+00:00,101.8,4,ask,,,11708580
2026-06-29T09:11:26.768204,2026-06-28T23:11:27.200063+00:00,101.7,200,ask,,,11708581
2026-06-29T09:11:28.084174,2026-06-28T23:11:28.519499+00:00,101.6,500,ask,,,11708611
2026-06-29T09:11:28.210315,2026-06-28T23:11:28.640617+00:00,101.6,125,bid,,,11708616
2026-06-29T09:11:28.230105,2026-06-28T23:11:28.662617+00:00,101.6,25,ask,,,11708618
2026-06-29T09:11:29.389429,2026-06-28T23:11:29.828507+00:00,101.8,200,bid,,,11708641
2026-06-29T09:11:29.470147,2026-06-28T23:11:29.905507+00:00,102.0,200,bid,,,11708643
2026-06-29T09:11:30.701452,2026-06-28T23:11:31.136017+00:00,101.9,200,ask,,,11708665
2026-06-29T09:11:30.968369,2026-06-28T23:11:31.399027+00:00,101.8,1,ask,,,11708666
2026-06-29T09:11:33.098453,2026-06-28T23:11:33.531719+00:00,102.0,200,bid,,,11708706
2026-06-29T09:11:34.306349,2026-06-28T23:11:34.741718+00:00,102.0,200,bid,,,11708736
2026-06-29T09:11:34.626133,2026-06-28T23:11:35.060718+00:00,102.0,300,bid,,,11708744
2026-06-29T09:11:35.513150,2026-06-28T23:11:35.951719+00:00,102.1,7,bid,,,11708768
2026-06-29T09:11:35.513150,2026-06-28T23:11:35.951719+00:00,102.1,193,bid,,,11708769
2026-06-29T09:11:36.726196,2026-06-28T23:11:37.160772+00:00,102.0,200,bid,,,11708793
2026-06-29T09:11:37.669485,2026-06-28T23:11:38.106412+00:00,101.9,25,bid,,,11708806
2026-06-29T09:11:37.885072,2026-06-28T23:11:38.315403+00:00,101.9,25,bid,,,11708819
2026-06-29T09:11:38.105539,2026-06-28T23:11:38.535412+00:00,101.9,25,bid,,,11708823
2026-06-29T09:11:38.327204,2026-06-28T23:11:38.755412+00:00,101.9,25,bid,,,11708827
2026-06-29T09:11:38.540403,2026-06-28T23:11:38.975412+00:00,101.9,25,bid,,,11708831
2026-06-29T09:11:40.363085,2026-06-28T23:11:40.791412+00:00,101.9,200,ask,,,11708878
2026-06-29T09:11:41.578734,2026-06-28T23:11:42.012412+00:00,102.0,200,ask,,,11708897
2026-06-29T09:11:43.808406,2026-06-28T23:11:44.244774+00:00,101.8,1,ask,,,11708936
2026-06-29T09:11:43.808406,2026-06-28T23:11:44.244774+00:00,101.7,200,ask,,,11708937
2026-06-29T09:11:45.215030,2026-06-28T23:11:45.652783+00:00,101.6,6,ask,,,11708965
2026-06-29T09:11:45.215030,2026-06-28T23:11:45.652783+00:00,101.6,194,ask,,,11708966
2026-06-29T09:11:45.282190,2026-06-28T23:11:45.718783+00:00,101.8,20,bid,,,11708967
2026-06-29T09:11:46.424428,2026-06-28T23:11:46.862349+00:00,101.6,200,ask,,,11708998
2026-06-29T09:11:47.160313,2026-06-28T23:11:47.599349+00:00,101.5,25,ask,,,11709009
2026-06-29T09:11:47.574439,2026-06-28T23:11:48.006092+00:00,101.6,500,bid,,,11709017
2026-06-29T09:11:48.799947,2026-06-28T23:11:49.238092+00:00,101.6,20,ask,,,11709043
2026-06-29T09:11:48.844724,2026-06-28T23:11:49.282091+00:00,101.6,200,ask,,,11709048
2026-06-29T09:11:49.049812,2026-06-28T23:11:49.480082+00:00,101.7,1,ask,,,11709050
2026-06-29T09:11:50.360101,2026-06-28T23:11:50.789091+00:00,101.6,200,ask,,,11709076
2026-06-29T09:11:50.360101,2026-06-28T23:11:50.800091+00:00,101.6,1,ask,,,11709077
2026-06-29T09:11:50.626315,2026-06-28T23:11:51.064091+00:00,101.6,424,bid,,,11709081
2026-06-29T09:11:51.667801,2026-06-28T23:11:52.097111+00:00,101.6,200,bid,,,11709089
2026-06-29T09:11:51.776718,2026-06-28T23:11:52.207111+00:00,101.7,25,ask,,,11709090
2026-06-29T09:11:51.985246,2026-06-28T23:11:52.416111+00:00,101.7,25,ask,,,11709094
2026-06-29T09:11:52.194803,2026-06-28T23:11:52.625111+00:00,101.7,1,ask,,,11709101
2026-06-29T09:11:52.472022,2026-06-28T23:11:52.911111+00:00,101.7,200,ask,,,11709117
2026-06-29T09:11:53.405649,2026-06-28T23:11:53.835235+00:00,101.5,25,ask,,,11709132
2026-06-29T09:11:53.679367,2026-06-28T23:11:54.110234+00:00,101.6,200,ask,,,11709155
2026-06-29T09:11:54.029814,2026-06-28T23:11:54.462226+00:00,101.7,20,bid,,,11709157
2026-06-29T09:11:54.291021,2026-06-28T23:11:54.726344+00:00,101.6,1,ask,,,11709160
2026-06-29T09:11:54.291021,2026-06-28T23:11:54.726344+00:00,101.5,500,ask,,,11709161
2026-06-29T09:11:54.830860,2026-06-28T23:11:55.265226+00:00,101.5,124,bid,,,11709172
2026-06-29T09:11:54.891506,2026-06-28T23:11:55.320226+00:00,101.5,200,ask,,,11709174
2026-06-29T09:11:55.419441,2026-06-28T23:11:55.848234+00:00,101.6,2,ask,,,11709186
2026-06-29T09:11:56.102267,2026-06-28T23:11:56.540796+00:00,101.6,1,ask,,,11709209
2026-06-29T09:11:56.102267,2026-06-28T23:11:56.540796+00:00,101.6,199,ask,,,11709210
2026-06-29T09:11:57.311457,2026-06-28T23:11:57.739797+00:00,101.7,200,bid,,,11709232
2026-06-29T09:11:57.875461,2026-06-28T23:11:58.311099+00:00,101.7,425,bid,,,11709250
2026-06-29T09:11:58.536253,2026-06-28T23:11:58.970613+00:00,101.8,200,ask,,,11709261
2026-06-29T09:11:58.745498,2026-06-28T23:11:59.179613+00:00,101.8,20,ask,,,11709262
2026-06-29T09:12:01.828503,2026-06-28T23:12:02.259613+00:00,101.6,1,ask,,,11709318
2026-06-29T09:12:01.828503,2026-06-28T23:12:02.259613+00:00,101.6,19,ask,,,11709319
2026-06-29T09:12:03.325341,2026-06-28T23:12:03.763627+00:00,101.7,500,bid,,,11709344
2026-06-29T09:12:03.377653,2026-06-28T23:12:03.818627+00:00,101.6,1,ask,,,11709347
2026-06-29T09:12:03.458059,2026-06-28T23:12:03.895627+00:00,101.6,199,bid,,,11709349
2026-06-29T09:12:04.594978,2026-06-28T23:12:05.027627+00:00,101.9,7,bid,,,11709371
2026-06-29T09:12:04.594978,2026-06-28T23:12:05.027627+00:00,101.9,13,bid,,,11709372
2026-06-29T09:12:06.079487,2026-06-28T23:12:06.511726+00:00,101.8,500,ask,,,11709400
2026-06-29T09:12:06.255519,2026-06-28T23:12:06.687717+00:00,101.8,25,bid,,,11709406
2026-06-29T09:12:06.330507,2026-06-28T23:12:06.764717+00:00,101.8,100,bid,,,11709408
2026-06-29T09:12:07.385212,2026-06-28T23:12:07.820727+00:00,101.9,6,bid,,,11709434
2026-06-29T09:12:07.385212,2026-06-28T23:12:07.820727+00:00,101.9,200,bid,,,11709435
2026-06-29T09:12:09.433313,2026-06-28T23:12:09.866273+00:00,102.0,200,bid,,,11709468
2026-06-29T09:12:09.671502,2026-06-28T23:12:10.108282+00:00,102.0,25,bid,,,11709473
2026-06-29T09:12:09.816411,2026-06-28T23:12:10.251282+00:00,101.9,20,ask,,,11709476
2026-06-29T09:12:09.880924,2026-06-28T23:12:10.317282+00:00,102.0,25,bid,,,11709480
2026-06-29T09:12:10.654744,2026-06-28T23:12:11.087392+00:00,102.0,200,ask,,,11709491
2026-06-29T09:12:11.863270,2026-06-28T23:12:12.297282+00:00,102.0,200,ask,,,11709510
2026-06-29T09:12:11.962509,2026-06-28T23:12:12.396282+00:00,102.1,1,bid,,,11709516
2026-06-29T09:12:14.205804,2026-06-28T23:12:14.639867+00:00,102.0,20,bid,,,11709558
2026-06-29T09:12:15.255822,2026-06-28T23:12:15.684868+00:00,102.0,200,bid,,,11709571
2026-06-29T09:12:15.494642,2026-06-28T23:12:15.926859+00:00,102.0,200,ask,,,11709578
2026-06-29T09:12:16.704193,2026-06-28T23:12:17.135972+00:00,101.9,200,ask,,,11709609
2026-06-29T09:12:18.702832,2026-06-28T23:12:19.135615+00:00,101.9,25,ask,,,11709659
2026-06-29T09:12:18.912198,2026-06-28T23:12:19.344615+00:00,101.9,25,ask,,,11709662
2026-06-29T09:12:19.118903,2026-06-28T23:12:19.553616+00:00,101.9,200,ask,,,11709666
2026-06-29T09:12:19.121667,2026-06-28T23:12:19.553616+00:00,101.9,25,ask,,,11709667
2026-06-29T09:12:19.530704,2026-06-28T23:12:19.960497+00:00,101.9,20,ask,,,11709678
2026-06-29T09:12:22.739742,2026-06-28T23:12:23.171513+00:00,102.0,200,bid,,,11709755
2026-06-29T09:12:23.944751,2026-06-28T23:12:24.381534+00:00,101.8,4,ask,,,11709781
2026-06-29T09:12:23.944751,2026-06-28T23:12:24.381534+00:00,101.8,16,ask,,,11709782
2026-06-29T09:12:24.413417,2026-06-28T23:12:24.843524+00:00,101.9,200,ask,,,11709791
2026-06-29T09:12:25.968992,2026-06-28T23:12:26.405068+00:00,101.9,20,ask,,,11709820
2026-06-29T09:12:28.809959,2026-06-28T23:12:29.249625+00:00,101.9,200,ask,,,11709872
2026-06-29T09:12:30.415391,2026-06-28T23:12:30.852744+00:00,101.9,20,ask,,,11709905
2026-06-29T09:12:30.962092,2026-06-28T23:12:31.391744+00:00,102.0,200,bid,,,11709927
2026-06-29T09:12:31.710542,2026-06-28T23:12:32.139625+00:00,102.0,20,ask,,,11709943
2026-06-29T09:12:33.768563,2026-06-28T23:12:34.207351+00:00,102.0,25,bid,,,11709985
2026-06-29T09:12:33.979103,2026-06-28T23:12:34.416360+00:00,102.0,25,bid,,,11709988
2026-06-29T09:12:34.189266,2026-06-28T23:12:34.625360+00:00,102.0,25,bid,,,11709993
2026-06-29T09:12:34.893237,2026-06-28T23:12:35.329351+00:00,101.9,6,ask,,,11710017
2026-06-29T09:12:34.893237,2026-06-28T23:12:35.329351+00:00,101.9,200,ask,,,11710018
2026-06-29T09:12:36.011233,2026-06-28T23:12:36.450916+00:00,101.9,419,bid,,,11710044
2026-06-29T09:12:36.064142,2026-06-28T23:12:36.494917+00:00,101.9,81,ask,,,11710045
2026-06-29T09:12:36.201770,2026-06-28T23:12:36.637916+00:00,101.9,119,bid,,,11710050
2026-06-29T09:12:37.511495,2026-06-28T23:12:37.957916+00:00,101.9,500,ask,,,11710073
2026-06-29T09:12:37.838989,2026-06-28T23:12:38.275946+00:00,101.9,125,bid,,,11710082
2026-06-29T09:12:38.818753,2026-06-28T23:12:39.254955+00:00,102.0,200,bid,,,11710102
2026-06-29T09:12:40.904888,2026-06-28T23:12:41.343946+00:00,102.2,6,bid,,,11710143
2026-06-29T09:12:40.904888,2026-06-28T23:12:41.343946+00:00,102.2,194,bid,,,11710144
2026-06-29T09:12:42.116702,2026-06-28T23:12:42.553065+00:00,102.2,200,bid,,,11710169
2026-06-29T09:12:43.327914,2026-06-28T23:12:43.761869+00:00,102.2,3,bid,,,11710182
2026-06-29T09:12:43.327914,2026-06-28T23:12:43.761869+00:00,102.2,197,bid,,,11710183
2026-06-29T09:12:44.012845,2026-06-28T23:12:44.443868+00:00,102.1,25,ask,,,11710196
2026-06-29T09:12:44.537060,2026-06-28T23:12:44.971868+00:00,102.1,200,bid,,,11710203
2026-06-29T09:12:45.426668,2026-06-28T23:12:45.862889+00:00,102.1,25,ask,,,11710224
2026-06-29T09:12:45.638321,2026-06-28T23:12:46.071889+00:00,102.1,25,ask,,,11710226
2026-06-29T09:12:48.124559,2026-06-28T23:12:48.557585+00:00,102.1,200,ask,,,11710264
2026-06-29T09:12:48.124559,2026-06-28T23:12:48.557585+00:00,102.1,300,ask,,,11710265
2026-06-29T09:12:49.287147,2026-06-28T23:12:49.723585+00:00,102.1,200,ask,,,11710285
2026-06-29T09:12:49.386371,2026-06-28T23:12:49.822585+00:00,102.1,200,bid,,,11710287
2026-06-29T09:12:50.599789,2026-06-28T23:12:51.032596+00:00,102.1,200,bid,,,11710307
2026-06-29T09:12:50.611974,2026-06-28T23:12:51.043596+00:00,102.1,300,bid,,,11710311
2026-06-29T09:12:51.167712,2026-06-28T23:12:51.604596+00:00,102.1,325,ask,,,11710325
2026-06-29T09:12:51.920194,2026-06-28T23:12:52.352101+00:00,102.0,4,ask,,,11710349
2026-06-29T09:12:51.920194,2026-06-28T23:12:52.352101+00:00,102.0,200,ask,,,11710350
2026-06-29T09:12:55.847414,2026-06-28T23:12:56.277634+00:00,101.9,1,ask,,,11710427
2026-06-29T09:12:55.847414,2026-06-28T23:12:56.277634+00:00,101.9,200,ask,,,11710428
2026-06-29T09:12:57.873867,2026-06-28T23:12:58.312191+00:00,101.9,200,ask,,,11710460
2026-06-29T09:12:59.665047,2026-06-28T23:13:00.094212+00:00,101.9,20,bid,,,11710512
2026-06-29T09:12:59.776748,2026-06-28T23:13:00.215212+00:00,101.8,2,ask,,,11710515
2026-06-29T09:13:02.714512,2026-06-28T23:13:03.151396+00:00,101.9,200,ask,,,11710569
2026-06-29T09:13:05.020542,2026-06-28T23:13:05.450396+00:00,101.9,200,ask,,,11710617
2026-06-29T09:13:05.020542,2026-06-28T23:13:05.461396+00:00,101.8,8,ask,,,11710618
2026-06-29T09:13:05.130383,2026-06-28T23:13:05.560387+00:00,101.8,200,bid,,,11710623
2026-06-29T09:13:08.795328,2026-06-28T23:13:09.233528+00:00,101.8,200,ask,,,11710699
2026-06-29T09:13:09.313194,2026-06-28T23:13:09.750519+00:00,101.9,25,bid,,,11710714
2026-06-29T09:13:09.528386,2026-06-28T23:13:09.970528+00:00,101.9,25,bid,,,11710727
2026-06-29T09:13:10.008434,2026-06-28T23:13:10.443528+00:00,101.8,4,ask,,,11710737
2026-06-29T09:13:10.264571,2026-06-28T23:13:10.696519+00:00,101.8,196,bid,,,11710747
2026-06-29T09:13:11.217778,2026-06-28T23:13:11.653539+00:00,101.8,200,ask,,,11710767
2026-06-29T09:13:12.229333,2026-06-28T23:13:12.665539+00:00,101.8,20,bid,,,11710779
2026-06-29T09:13:14.197584,2026-06-28T23:13:14.632342+00:00,101.7,4,ask,,,11710829
2026-06-29T09:13:15.375778,2026-06-28T23:13:15.809223+00:00,101.7,500,bid,,,11710850
2026-06-29T09:13:15.505644,2026-06-28T23:13:15.941223+00:00,101.8,200,bid,,,11710853
2026-06-29T09:13:15.611753,2026-06-28T23:13:16.051223+00:00,102.1,2,bid,,,11710857
2026-06-29T09:13:15.611753,2026-06-28T23:13:16.051223+00:00,102.1,18,bid,,,11710858
2026-06-29T09:13:16.066348,2026-06-28T23:13:16.502243+00:00,101.9,200,ask,,,11710874
2026-06-29T09:13:16.838787,2026-06-28T23:13:17.272254+00:00,101.9,102,bid,,,11710892
2026-06-29T09:13:16.949554,2026-06-28T23:13:17.382264+00:00,101.9,25,bid,,,11710896
2026-06-29T09:13:17.159770,2026-06-28T23:13:17.591263+00:00,101.9,25,bid,,,11710902
2026-06-29T09:13:17.369991,2026-06-28T23:13:17.811254+00:00,101.9,25,bid,,,11710913
2026-06-29T09:13:17.580097,2026-06-28T23:13:18.009386+00:00,101.9,25,bid,,,11710918
2026-06-29T09:13:19.004156,2026-06-28T23:13:19.438920+00:00,102.0,6,bid,,,11710938
2026-06-29T09:13:19.004156,2026-06-28T23:13:19.438920+00:00,102.0,14,bid,,,11710939
2026-06-29T09:13:19.435364,2026-06-28T23:13:19.867910+00:00,101.8,200,ask,,,11710953
2026-06-29T09:13:19.596196,2026-06-28T23:13:20.032910+00:00,101.8,425,bid,,,11710961
2026-06-29T09:13:20.742600,2026-06-28T23:13:21.176029+00:00,101.9,200,bid,,,11710984
2026-06-29T09:13:20.742600,2026-06-28T23:13:21.176029+00:00,102.0,5,bid,,,11710985
2026-06-29T09:13:20.888532,2026-06-28T23:13:21.319029+00:00,102.0,20,ask,,,11710988
2026-06-29T09:13:20.913745,2026-06-28T23:13:21.352029+00:00,102.0,200,ask,,,11710991
2026-06-29T09:13:22.004830,2026-06-28T23:13:22.440910+00:00,102.1,10,bid,,,11711018
2026-06-29T09:13:22.178927,2026-06-28T23:13:22.616910+00:00,102.1,20,bid,,,11711020
2026-06-29T09:13:22.215116,2026-06-28T23:13:22.660911+00:00,102.1,25,bid,,,11711022
2026-06-29T09:13:23.339067,2026-06-28T23:13:23.770975+00:00,102.0,200,ask,,,11711045
2026-06-29T09:13:23.371371,2026-06-28T23:13:23.803480+00:00,101.9,98,bid,,,11711046
2026-06-29T09:13:23.433534,2026-06-28T23:13:23.869480+00:00,101.9,10,bid,,,11711050
2026-06-29T09:13:24.592801,2026-06-28T23:13:25.024480+00:00,101.9,20,bid,,,11711070
2026-06-29T09:13:24.681947,2026-06-28T23:13:25.112481+00:00,101.8,5,ask,,,11711074
2026-06-29T09:13:24.681947,2026-06-28T23:13:25.112481+00:00,101.8,500,ask,,,11711075
2026-06-29T09:13:24.681947,2026-06-28T23:13:25.123480+00:00,101.8,120,ask,,,11711076
2026-06-29T09:13:26.043093,2026-06-28T23:13:26.476057+00:00,102.0,25,ask,,,11711093
2026-06-29T09:13:27.303469,2026-06-28T23:13:27.741077+00:00,102.0,200,ask,,,11711119
2026-06-29T09:13:28.169400,2026-06-28T23:13:28.609624+00:00,102.0,200,bid,,,11711139
2026-06-29T09:13:28.502134,2026-06-28T23:13:28.939615+00:00,102.0,20,bid,,,11711144
2026-06-29T09:13:30.587957,2026-06-28T23:13:31.018615+00:00,102.0,200,bid,,,11711190
2026-06-29T09:13:33.005445,2026-06-28T23:13:33.437588+00:00,102.0,200,ask,,,11711231
2026-06-29T09:13:34.672587,2026-06-28T23:13:35.109112+00:00,102.1,25,bid,,,11711258
2026-06-29T09:13:38.489041,2026-06-28T23:13:38.925540+00:00,102.0,3,bid,,,11711319
2026-06-29T09:13:39.056159,2026-06-28T23:13:39.486054+00:00,102.0,200,bid,,,11711333
2026-06-29T09:13:40.410850,2026-06-28T23:13:40.850054+00:00,102.1,200,ask,,,11711358
2026-06-29T09:13:41.468612,2026-06-28T23:13:41.906054+00:00,102.1,200,bid,,,11711385
2026-06-29T09:13:41.773625,2026-06-28T23:13:42.203045+00:00,102.2,1,bid,,,11711389
2026-06-29T09:13:43.029831,2026-06-28T23:13:43.466161+00:00,102.2,200,ask,,,11711412
2026-06-29T09:13:43.883171,2026-06-28T23:13:44.313161+00:00,102.0,200,bid,,,11711424
2026-06-29T09:13:49.951897,2026-06-28T23:13:50.390934+00:00,102.0,200,ask,,,11711547
2026-06-29T09:13:53.466708,2026-06-28T23:13:53.898131+00:00,102.2,20,bid,,,11711606
2026-06-29T09:13:53.584267,2026-06-28T23:13:54.019131+00:00,102.2,200,bid,,,11711608
2026-06-29T09:13:54.792227,2026-06-28T23:13:55.228122+00:00,102.1,200,bid,,,11711634
2026-06-29T09:13:54.847292,2026-06-28T23:13:55.283131+00:00,102.1,300,bid,,,11711635
2026-06-29T09:13:56.467963,2026-06-28T23:13:56.900163+00:00,102.2,20,bid,,,11711656
2026-06-29T09:13:58.430346,2026-06-28T23:13:58.867976+00:00,102.1,200,bid,,,11711688
2026-06-29T09:14:00.083972,2026-06-28T23:14:00.516976+00:00,102.0,10,ask,,,11711713
2026-06-29T09:14:00.083972,2026-06-28T23:14:00.516976+00:00,102.0,200,ask,,,11711714
2026-06-29T09:14:00.844993,2026-06-28T23:14:01.275985+00:00,102.0,200,bid,,,11711737
2026-06-29T09:14:02.056552,2026-06-28T23:14:02.485985+00:00,102.1,200,bid,,,11711749
2026-06-29T09:14:04.469495,2026-06-28T23:14:04.903542+00:00,102.2,1,bid,,,11711794
2026-06-29T09:14:04.469495,2026-06-28T23:14:04.903542+00:00,102.2,199,bid,,,11711795
2026-06-29T09:14:08.098548,2026-06-28T23:14:08.529931+00:00,101.9,10,ask,,,11711864
2026-06-29T09:14:09.284489,2026-06-28T23:14:09.717932+00:00,101.9,190,bid,,,11711895
2026-06-29T09:14:09.311313,2026-06-28T23:14:09.750932+00:00,102.0,200,ask,,,11711900
2026-06-29T09:14:10.791619,2026-06-28T23:14:11.225033+00:00,101.9,20,ask,,,11711919
2026-06-29T09:14:11.726150,2026-06-28T23:14:12.159071+00:00,102.0,200,bid,,,11711933
2026-06-29T09:14:14.519298,2026-06-28T23:14:14.950470+00:00,101.9,200,ask,,,11711970
2026-06-29T09:14:16.574022,2026-06-28T23:14:17.007022+00:00,101.8,4,ask,,,11712006
2026-06-29T09:14:17.786372,2026-06-28T23:14:18.216910+00:00,101.7,5,ask,,,11712031
2026-06-29T09:14:17.786372,2026-06-28T23:14:18.227912+00:00,101.7,195,ask,,,11712032
2026-06-29T09:14:18.458068,2026-06-28T23:14:18.898818+00:00,101.8,4,ask,,,11712043
2026-06-29T09:14:18.458068,2026-06-28T23:14:18.898818+00:00,101.6,500,ask,,,11712044
2026-06-29T09:14:18.458068,2026-06-28T23:14:18.898818+00:00,101.5,121,ask,,,11712045
2026-06-29T09:14:19.884322,2026-06-28T23:14:20.316827+00:00,101.8,2,ask,,,11712079
2026-06-29T09:14:22.575169,2026-06-28T23:14:23.019948+00:00,101.9,500,bid,,,11712145
2026-06-29T09:14:23.171371,2026-06-28T23:14:23.602948+00:00,101.9,125,bid,,,11712167
2026-06-29T09:14:23.191920,2026-06-28T23:14:23.624948+00:00,101.9,25,ask,,,11712168
2026-06-29T09:14:23.401094,2026-06-28T23:14:23.833939+00:00,101.9,25,ask,,,11712175
2026-06-29T09:14:23.611518,2026-06-28T23:14:24.043058+00:00,101.9,25,ask,,,11712181
2026-06-29T09:14:23.691952,2026-06-28T23:14:24.131058+00:00,102.0,200,bid,,,11712184
2026-06-29T09:14:23.691952,2026-06-28T23:14:24.131058+00:00,102.2,3,bid,,,11712185
2026-06-29T09:14:23.707604,2026-06-28T23:14:24.142057+00:00,102.2,200,ask,,,11712189
2026-06-29T09:14:27.236407,2026-06-28T23:14:27.672496+00:00,102.2,20,ask,,,11712269
2026-06-29T09:14:27.620621,2026-06-28T23:14:28.057072+00:00,102.3,9,bid,,,11712275
2026-06-29T09:14:27.620621,2026-06-28T23:14:28.057072+00:00,102.3,200,bid,,,11712276
2026-06-29T09:14:27.801108,2026-06-28T23:14:28.233072+00:00,102.5,20,ask,,,11712279
2026-06-29T09:14:28.675016,2026-06-28T23:14:29.113182+00:00,102.5,200,ask,,,11712297
2026-06-29T09:14:29.883316,2026-06-28T23:14:30.322577+00:00,102.3,7,bid,,,11712317
2026-06-29T09:14:29.883316,2026-06-28T23:14:30.322577+00:00,102.4,193,bid,,,11712318
2026-06-29T09:14:30.875190,2026-06-28T23:14:31.312586+00:00,102.2,20,ask,,,11712328
2026-06-29T09:14:31.092591,2026-06-28T23:14:31.532586+00:00,102.3,4,bid,,,11712335
2026-06-29T09:14:33.524919,2026-06-28T23:14:33.962557+00:00,102.4,5,bid,,,11712367
2026-06-29T09:14:34.817714,2026-06-28T23:14:35.249063+00:00,102.4,7,bid,,,11712400
2026-06-29T09:14:35.038531,2026-06-28T23:14:35.469063+00:00,102.4,6,bid,,,11712404
2026-06-29T09:14:35.330037,2026-06-28T23:14:35.766072+00:00,102.4,5,bid,,,11712406
2026-06-29T09:14:36.581448,2026-06-28T23:14:37.018604+00:00,102.4,5,bid,,,11712431
2026-06-29T09:14:37.900573,2026-06-28T23:14:38.337265+00:00,102.3,33,ask,,,11712447
2026-06-29T09:14:40.704029,2026-06-28T23:14:41.141265+00:00,102.4,200,bid,,,11712480
2026-06-29T09:14:40.798857,2026-06-28T23:14:41.229265+00:00,102.4,200,ask,,,11712485
2026-06-29T09:14:40.858732,2026-06-28T23:14:41.295265+00:00,102.4,25,ask,,,11712489
2026-06-29T09:14:42.007673,2026-06-28T23:14:42.448384+00:00,102.4,200,ask,,,11712508
2026-06-29T09:14:43.214780,2026-06-28T23:14:43.647102+00:00,102.3,200,bid,,,11712540
2026-06-29T09:14:44.351777,2026-06-28T23:14:44.790047+00:00,102.3,500,bid,,,11712560
2026-06-29T09:14:44.423429,2026-06-28T23:14:44.856047+00:00,102.3,125,bid,,,11712561
2026-06-29T09:14:44.486856,2026-06-28T23:14:44.922047+00:00,102.3,25,ask,,,11712562
2026-06-29T09:14:44.696548,2026-06-28T23:14:45.131038+00:00,102.4,25,ask,,,11712565
2026-06-29T09:14:44.910161,2026-06-28T23:14:45.340039+00:00,102.4,25,ask,,,11712569
2026-06-29T09:14:45.120448,2026-06-28T23:14:45.560039+00:00,102.4,25,ask,,,11712577
2026-06-29T09:14:45.563413,2026-06-28T23:14:46.000047+00:00,102.4,20,ask,,,11712593
2026-06-29T09:14:45.633223,2026-06-28T23:14:46.066047+00:00,102.4,200,ask,,,11712595
2026-06-29T09:14:46.839891,2026-06-28T23:14:47.275746+00:00,102.3,200,ask,,,11712613
2026-06-29T09:14:48.046608,2026-06-28T23:14:48.485460+00:00,102.4,200,ask,,,11712646
2026-06-29T09:14:48.566504,2026-06-28T23:14:49.002460+00:00,102.4,20,ask,,,11712653
2026-06-29T09:14:49.253587,2026-06-28T23:14:49.684460+00:00,102.4,200,ask,,,11712665
2026-06-29T09:14:51.636355,2026-06-28T23:14:52.069970+00:00,102.4,200,bid,,,11712706
2026-06-29T09:14:51.636355,2026-06-28T23:14:52.069970+00:00,102.4,300,bid,,,11712707
2026-06-29T09:14:52.232171,2026-06-28T23:14:52.663979+00:00,102.4,325,bid,,,11712726
2026-06-29T09:14:57.727977,2026-06-28T23:14:58.159932+00:00,102.5,200,ask,,,11712848
2026-06-29T09:14:58.938309,2026-06-28T23:14:59.369943+00:00,102.4,200,ask,,,11712863
2026-06-29T09:14:59.392299,2026-06-28T23:14:59.831943+00:00,102.4,20,ask,,,11712874
2026-06-29T09:14:59.496701,2026-06-28T23:14:59.930952+00:00,102.5,500,bid,,,11712876
2026-06-29T09:14:59.717459,2026-06-28T23:15:00.150952+00:00,102.4,10,ask,,,11712885
2026-06-29T09:15:00.353066,2026-06-28T23:15:00.788944+00:00,102.5,200,bid,,,11712888
2026-06-29T09:15:11.014788,2026-06-28T23:15:11.454693+00:00,102.6,500,ask,,,11713085
2026-06-29T09:15:11.415381,2026-06-28T23:15:11.850693+00:00,102.7,20,bid,,,11713098
2026-06-29T09:15:11.609334,2026-06-28T23:15:12.048693+00:00,102.6,125,ask,,,11713102
2026-06-29T09:15:12.133020,2026-06-28T23:15:12.565705+00:00,102.5,200,ask,,,11713113
2026-06-29T09:15:12.133020,2026-06-28T23:15:12.565705+00:00,102.3,7,ask,,,11713114
2026-06-29T09:15:12.151158,2026-06-28T23:15:12.587705+00:00,102.3,150,bid,,,11713116
2026-06-29T09:15:12.257542,2026-06-28T23:15:12.697705+00:00,102.3,200,bid,,,11713121
2026-06-29T09:15:12.829265,2026-06-28T23:15:13.269224+00:00,102.2,11,ask,,,11713135
2026-06-29T09:15:13.461439,2026-06-28T23:15:13.896216+00:00,102.4,145,ask,,,11713145
2026-06-29T09:15:14.580371,2026-06-28T23:15:15.018225+00:00,102.5,20,bid,,,11713168
2026-06-29T09:15:14.674528,2026-06-28T23:15:15.106225+00:00,102.4,200,ask,,,11713174
2026-06-29T09:15:14.752999,2026-06-28T23:15:15.183225+00:00,102.4,8,ask,,,11713177
2026-06-29T09:15:16.061610,2026-06-28T23:15:16.491773+00:00,102.3,4,ask,,,11713205
2026-06-29T09:15:16.191376,2026-06-28T23:15:16.623773+00:00,102.3,25,bid,,,11713207
2026-06-29T09:15:16.402493,2026-06-28T23:15:16.832774+00:00,102.3,25,bid,,,11713210
2026-06-29T09:15:16.610884,2026-06-28T23:15:17.041774+00:00,102.3,25,bid,,,11713213
2026-06-29T09:15:16.820231,2026-06-28T23:15:17.250774+00:00,102.3,25,bid,,,11713219
2026-06-29T09:15:17.368696,2026-06-28T23:15:17.800777+00:00,102.3,200,bid,,,11713227
2026-06-29T09:15:19.085822,2026-06-28T23:15:19.516038+00:00,102.3,20,ask,,,11713269
2026-06-29T09:15:20.095383,2026-06-28T23:15:20.528048+00:00,102.4,20,bid,,,11713290
2026-06-29T09:15:20.748725,2026-06-28T23:15:21.188067+00:00,102.3,200,ask,,,11713309
2026-06-29T09:15:23.188331,2026-06-28T23:15:23.627743+00:00,102.4,200,ask,,,11713362
2026-06-29T09:15:25.276238,2026-06-28T23:15:25.706625+00:00,102.5,200,bid,,,11713405
2026-06-29T09:15:25.334919,2026-06-28T23:15:25.772637+00:00,102.5,5,ask,,,11713408
2026-06-29T09:15:25.439594,2026-06-28T23:15:25.871637+00:00,102.5,25,ask,,,11713412
2026-06-29T09:15:25.648251,2026-06-28T23:15:26.080151+00:00,102.5,20,ask,,,11713421
2026-06-29T09:15:26.778279,2026-06-28T23:15:27.211281+00:00,102.4,20,ask,,,11713440
2026-06-29T09:15:28.887179,2026-06-28T23:15:29.322283+00:00,102.5,20,bid,,,11713463
2026-06-29T09:15:30.527513,2026-06-28T23:15:30.960803+00:00,102.4,200,bid,,,11713481
2026-06-29T09:15:31.644773,2026-06-28T23:15:32.081812+00:00,102.6,200,ask,,,11713489
2026-06-29T09:15:32.854551,2026-06-28T23:15:33.290817+00:00,102.4,200,ask,,,11713508
2026-06-29T09:15:34.872665,2026-06-28T23:15:35.303353+00:00,102.4,25,ask,,,11713528
2026-06-29T09:15:35.081352,2026-06-28T23:15:35.512361+00:00,102.4,25,ask,,,11713530
2026-06-29T09:15:36.482433,2026-06-28T23:15:36.919891+00:00,102.3,200,bid,,,11713547
2026-06-29T09:15:38.565024,2026-06-28T23:15:38.998909+00:00,102.5,20,bid,,,11713589
2026-06-29T09:15:39.693929,2026-06-28T23:15:40.130918+00:00,102.4,200,ask,,,11713612
2026-06-29T09:15:41.326243,2026-06-28T23:15:41.758582+00:00,102.4,200,ask,,,11713628
2026-06-29T09:15:42.533303,2026-06-28T23:15:42.967248+00:00,102.4,200,ask,,,11713650
2026-06-29T09:15:46.240822,2026-06-28T23:15:46.684070+00:00,102.3,200,ask,,,11713708
2026-06-29T09:15:46.413959,2026-06-28T23:15:46.849070+00:00,102.1,20,ask,,,11713710
2026-06-29T09:15:50.169144,2026-06-28T23:15:50.600165+00:00,102.2,4,ask,,,11713781
2026-06-29T09:15:51.019044,2026-06-28T23:15:51.458185+00:00,102.2,200,bid,,,11713800
2026-06-29T09:15:56.717433,2026-06-28T23:15:57.156890+00:00,102.2,200,ask,,,11713890
2026-06-29T09:15:57.105864,2026-06-28T23:15:57.541881+00:00,102.2,200,bid,,,11713904
2026-06-29T09:15:57.131912,2026-06-28T23:15:57.563881+00:00,102.1,2,ask,,,11713906
2026-06-29T09:15:58.023887,2026-06-28T23:15:58.454158+00:00,102.4,200,bid,,,11713933
2026-06-29T09:15:58.314276,2026-06-28T23:15:58.751157+00:00,102.4,200,ask,,,11713942
2026-06-29T09:15:59.522596,2026-06-28T23:15:59.961166+00:00,102.3,200,ask,,,11713965
2026-06-29T09:16:01.284045,2026-06-28T23:16:01.721166+00:00,102.1,20,ask,,,11713998
2026-06-29T09:16:01.946404,2026-06-28T23:16:02.380793+00:00,102.1,200,ask,,,11714012
2026-06-29T09:16:03.153238,2026-06-28T23:16:03.590049+00:00,102.1,6,ask,,,11714037
2026-06-29T09:16:03.153238,2026-06-28T23:16:03.590049+00:00,102.0,194,ask,,,11714038
2026-06-29T09:16:04.183920,2026-06-28T23:16:04.624071+00:00,102.0,4,ask,,,11714065
2026-06-29T09:16:04.360684,2026-06-28T23:16:04.800071+00:00,102.1,200,bid,,,11714068
2026-06-29T09:16:11.120467,2026-06-28T23:16:11.552038+00:00,102.2,200,ask,,,11714195
2026-06-29T09:16:11.627804,2026-06-28T23:16:12.058047+00:00,102.2,200,bid,,,11714211
2026-06-29T09:16:17.687699,2026-06-28T23:16:18.128390+00:00,102.1,200,ask,,,11714325
2026-06-29T09:16:21.991784,2026-06-28T23:16:22.427677+00:00,102.0,2,ask,,,11714418
2026-06-29T09:16:22.905858,2026-06-28T23:16:23.339973+00:00,102.1,200,ask,,,11714439
2026-06-29T09:16:22.905858,2026-06-28T23:16:23.339973+00:00,102.0,7,ask,,,11714440
2026-06-29T09:16:23.780349,2026-06-28T23:16:24.219083+00:00,102.0,200,bid,,,11714466
2026-06-29T09:16:24.003468,2026-06-28T23:16:24.439083+00:00,101.9,1,ask,,,11714471
2026-06-29T09:16:28.627345,2026-06-28T23:16:29.058016+00:00,102.0,200,bid,,,11714570
2026-06-29T09:16:29.835034,2026-06-28T23:16:30.278525+00:00,102.0,200,ask,,,11714590
2026-06-29T09:16:32.139385,2026-06-28T23:16:32.577535+00:00,102.1,200,ask,,,11714634
2026-06-29T09:16:32.139385,2026-06-28T23:16:32.577535+00:00,102.1,300,ask,,,11714635
2026-06-29T09:16:32.740378,2026-06-28T23:16:33.171628+00:00,102.1,325,ask,,,11714649
2026-06-29T09:16:32.740378,2026-06-28T23:16:33.171628+00:00,102.1,175,ask,,,11714650
2026-06-29T09:16:33.341463,2026-06-28T23:16:33.776636+00:00,102.1,25,ask,,,11714664
2026-06-29T09:16:33.451753,2026-06-28T23:16:33.886628+00:00,102.0,200,bid,,,11714666
2026-06-29T09:16:34.366208,2026-06-28T23:16:34.799636+00:00,101.9,6,ask,,,11714680
2026-06-29T09:16:34.661059,2026-06-28T23:16:35.096636+00:00,102.0,200,bid,,,11714684
2026-06-29T09:16:34.688462,2026-06-28T23:16:35.118636+00:00,102.2,1,bid,,,11714685
2026-06-29T09:16:34.688462,2026-06-28T23:16:35.129636+00:00,102.2,500,bid,,,11714686
2026-06-29T09:16:35.171799,2026-06-28T23:16:35.602636+00:00,102.2,124,ask,,,11714697
2026-06-29T09:16:37.305828,2026-06-28T23:16:37.745178+00:00,101.9,9,ask,,,11714744
2026-06-29T09:16:37.305828,2026-06-28T23:16:37.745178+00:00,101.9,200,ask,,,11714745
2026-06-29T09:16:38.163255,2026-06-28T23:16:38.602793+00:00,101.8,10,ask,,,11714763
2026-06-29T09:16:39.376508,2026-06-28T23:16:39.812903+00:00,102.0,20,bid,,,11714783
2026-06-29T09:16:39.503985,2026-06-28T23:16:39.944784+00:00,101.8,200,ask,,,11714789
2026-06-29T09:16:41.263140,2026-06-28T23:16:41.693813+00:00,101.9,200,bid,,,11714821
2026-06-29T09:16:43.129207,2026-06-28T23:16:43.562921+00:00,102.0,200,ask,,,11714855
2026-06-29T09:16:45.192539,2026-06-28T23:16:45.627925+00:00,102.1,7,bid,,,11714879
2026-06-29T09:16:45.192539,2026-06-28T23:16:45.627925+00:00,102.1,200,bid,,,11714880
2026-06-29T09:16:45.545065,2026-06-28T23:16:45.979934+00:00,102.2,8,bid,,,11714887
2026-06-29T09:16:45.545065,2026-06-28T23:16:45.979934+00:00,102.2,192,bid,,,11714888
2026-06-29T09:16:46.088405,2026-06-28T23:16:46.529485+00:00,102.1,418,ask,,,11714908
2026-06-29T09:16:46.757745,2026-06-28T23:16:47.189476+00:00,101.9,200,bid,,,11714929
2026-06-29T09:16:49.188434,2026-06-28T23:16:49.630607+00:00,102.0,20,bid,,,11714985
2026-06-29T09:16:50.392633,2026-06-28T23:16:50.829509+00:00,102.0,200,bid,,,11715008
2026-06-29T09:16:51.250032,2026-06-28T23:16:51.687509+00:00,102.0,20,ask,,,11715026
2026-06-29T09:16:54.032699,2026-06-28T23:16:54.470747+00:00,102.0,200,ask,,,11715082
2026-06-29T09:16:58.285281,2026-06-28T23:16:58.715642+00:00,102.0,200,bid,,,11715165
2026-06-29T09:17:02.224122,2026-06-28T23:17:02.664650+00:00,102.2,7,bid,,,11715260
2026-06-29T09:17:03.534671,2026-06-28T23:17:03.985415+00:00,102.2,200,ask,,,11715286
2026-06-29T09:17:03.694238,2026-06-28T23:17:04.128415+00:00,102.2,200,bid,,,11715288
2026-06-29T09:17:04.880033,2026-06-28T23:17:05.316426+00:00,102.3,6,bid,,,11715306
2026-06-29T09:17:04.880033,2026-06-28T23:17:05.316426+00:00,102.3,500,bid,,,11715307
2026-06-29T09:17:04.904784,2026-06-28T23:17:05.338426+00:00,102.3,119,ask,,,11715308
2026-06-29T09:17:06.112533,2026-06-28T23:17:06.548018+00:00,102.2,8,bid,,,11715333
2026-06-29T09:17:06.193400,2026-06-28T23:17:06.625027+00:00,102.2,192,ask,,,11715334
2026-06-29T09:17:08.527581,2026-06-28T23:17:08.967153+00:00,102.3,200,bid,,,11715397
2026-06-29T09:17:12.697744,2026-06-28T23:17:13.133927+00:00,102.2,20,bid,,,11715485
2026-06-29T09:17:14.055093,2026-06-28T23:17:14.486446+00:00,102.2,500,bid,,,11715515
2026-06-29T09:17:14.521312,2026-06-28T23:17:14.959565+00:00,102.2,125,ask,,,11715531
2026-06-29T09:17:16.675472,2026-06-28T23:17:17.115036+00:00,102.0,200,ask,,,11715581
2026-06-29T09:17:17.006333,2026-06-28T23:17:17.445036+00:00,102.0,200,bid,,,11715591
2026-06-29T09:17:20.626895,2026-06-28T23:17:21.063647+00:00,102.0,200,bid,,,11715653
2026-06-29T09:17:23.231870,2026-06-28T23:17:23.668440+00:00,101.9,200,ask,,,11715705
2026-06-29T09:17:23.493496,2026-06-28T23:17:23.932440+00:00,101.9,20,bid,,,11715710
2026-06-29T09:17:24.255802,2026-06-28T23:17:24.691432+00:00,101.9,200,bid,,,11715740
2026-06-29T09:17:29.811034,2026-06-28T23:17:30.244608+00:00,101.8,1,ask,,,11715841
2026-06-29T09:17:29.941745,2026-06-28T23:17:30.376599+00:00,101.8,25,bid,,,11715843
2026-06-29T09:17:30.150706,2026-06-28T23:17:30.585609+00:00,101.8,25,bid,,,11715846
2026-06-29T09:17:30.364134,2026-06-28T23:17:30.794608+00:00,101.8,25,bid,,,11715853
2026-06-29T09:17:30.573692,2026-06-28T23:17:31.014608+00:00,101.8,25,bid,,,11715855
2026-06-29T09:17:30.783392,2026-06-28T23:17:31.223608+00:00,101.8,25,bid,,,11715861
2026-06-29T09:17:32.748863,2026-06-28T23:17:33.180234+00:00,101.7,200,ask,,,11715890
2026-06-29T09:17:33.916423,2026-06-28T23:17:34.357244+00:00,101.6,20,ask,,,11715906
2026-06-29T09:17:35.162054,2026-06-28T23:17:35.600353+00:00,101.8,200,bid,,,11715922
2026-06-29T09:17:37.578790,2026-06-28T23:17:38.019048+00:00,101.9,200,bid,,,11715955
2026-06-29T09:17:41.222496,2026-06-28T23:17:41.670297+00:00,101.8,200,bid,,,11716021
2026-06-29T09:17:43.497487,2026-06-28T23:17:43.933225+00:00,101.8,20,bid,,,11716054
2026-06-29T09:17:43.643371,2026-06-28T23:17:44.087225+00:00,101.7,200,ask,,,11716058
2026-06-29T09:17:44.354187,2026-06-28T23:17:44.791234+00:00,101.6,1,ask,,,11716075
2026-06-29T09:17:44.354187,2026-06-28T23:17:44.791234+00:00,101.6,19,ask,,,11716076
2026-06-29T09:17:44.808855,2026-06-28T23:17:45.241863+00:00,101.7,500,bid,,,11716080
2026-06-29T09:17:45.394403,2026-06-28T23:17:45.835753+00:00,101.7,125,bid,,,11716093
2026-06-29T09:17:45.394403,2026-06-28T23:17:45.835753+00:00,101.7,200,bid,,,11716094
2026-06-29T09:17:45.614220,2026-06-28T23:17:46.044744+00:00,101.8,25,ask,,,11716096
2026-06-29T09:17:45.823161,2026-06-28T23:17:46.264292+00:00,101.8,25,ask,,,11716101
2026-06-29T09:17:46.051089,2026-06-28T23:17:46.484301+00:00,101.8,25,ask,,,11716110
2026-06-29T09:17:46.275589,2026-06-28T23:17:46.715301+00:00,101.8,16,ask,,,11716115
2026-06-29T09:17:48.143369,2026-06-28T23:17:48.573857+00:00,101.7,200,ask,,,11716150
2026-06-29T09:17:48.484759,2026-06-28T23:17:48.925857+00:00,101.7,200,bid,,,11716154
2026-06-29T09:17:49.452479,2026-06-28T23:17:49.882857+00:00,101.9,200,bid,,,11716173
2026-06-29T09:17:49.452479,2026-06-28T23:17:49.893857+00:00,101.9,1,bid,,,11716174
2026-06-29T09:17:49.492192,2026-06-28T23:17:49.926857+00:00,101.9,25,ask,,,11716175
2026-06-29T09:17:50.899330,2026-06-28T23:17:51.334848+00:00,101.9,200,bid,,,11716198
2026-06-29T09:17:52.107996,2026-06-28T23:17:52.544857+00:00,101.9,200,ask,,,11716236
2026-06-29T09:17:53.314454,2026-06-28T23:17:53.753591+00:00,102.0,1,bid,,,11716260
2026-06-29T09:17:53.390319,2026-06-28T23:17:53.830591+00:00,102.0,199,ask,,,11716263
2026-06-29T09:17:56.852833,2026-06-28T23:17:57.284156+00:00,102.0,20,bid,,,11716332
2026-06-29T09:17:59.220056,2026-06-28T23:17:59.658985+00:00,102.0,2,bid,,,11716389
2026-06-29T09:17:59.220056,2026-06-28T23:17:59.658985+00:00,102.0,18,bid,,,11716390
2026-06-29T09:18:01.242889,2026-06-28T23:18:01.682985+00:00,101.8,500,ask,,,11716448
2026-06-29T09:18:03.022278,2026-06-28T23:18:03.452743+00:00,101.8,200,ask,,,11716471
2026-06-29T09:18:04.971204,2026-06-28T23:18:05.410734+00:00,101.8,20,ask,,,11716510
2026-06-29T09:18:05.171943,2026-06-28T23:18:05.608743+00:00,101.8,180,ask,,,11716513
2026-06-29T09:18:05.171943,2026-06-28T23:18:05.608743+00:00,101.8,445,ask,,,11716514
2026-06-29T09:18:06.479729,2026-06-28T23:18:06.917310+00:00,101.9,200,bid,,,11716548
2026-06-29T09:18:07.855103,2026-06-28T23:18:08.291434+00:00,101.9,200,bid,,,11716575
2026-06-29T09:18:11.756441,2026-06-28T23:18:12.195474+00:00,101.7,20,bid,,,11716655
2026-06-29T09:18:13.035713,2026-06-28T23:18:13.481062+00:00,101.6,3,ask,,,11716684
2026-06-29T09:18:13.035713,2026-06-28T23:18:13.481062+00:00,101.6,500,ask,,,11716685
2026-06-29T09:18:13.035713,2026-06-28T23:18:13.481062+00:00,101.6,122,ask,,,11716686
2026-06-29T09:18:16.341589,2026-06-28T23:18:16.781137+00:00,101.8,200,bid,,,11716740
2026-06-29T09:18:16.953405,2026-06-28T23:18:17.386146+00:00,101.7,1,ask,,,11716755
2026-06-29T09:18:17.526523,2026-06-28T23:18:17.958146+00:00,101.7,500,bid,,,11716767
2026-06-29T09:18:17.555642,2026-06-28T23:18:17.991277+00:00,101.7,125,bid,,,11716770
2026-06-29T09:18:17.555642,2026-06-28T23:18:17.991277+00:00,102.0,7,bid,,,11716771
2026-06-29T09:18:22.192185,2026-06-28T23:18:22.632815+00:00,102.0,200,bid,,,11716856
2026-06-29T09:18:22.192185,2026-06-28T23:18:22.632815+00:00,102.0,425,bid,,,11716857
2026-06-29T09:18:23.614573,2026-06-28T23:18:24.061947+00:00,101.9,200,bid,,,11716886
2026-06-29T09:18:24.826871,2026-06-28T23:18:25.260967+00:00,102.0,200,bid,,,11716908
2026-06-29T09:18:26.005470,2026-06-28T23:18:26.437704+00:00,101.7,5,ask,,,11716936
2026-06-29T09:18:26.039617,2026-06-28T23:18:26.470704+00:00,101.9,200,bid,,,11716940
2026-06-29T09:18:27.249206,2026-06-28T23:18:27.680222+00:00,101.9,200,bid,,,11716962
2026-06-29T09:18:27.620346,2026-06-28T23:18:28.054354+00:00,101.9,3,ask,,,11716966
2026-06-29T09:18:28.407639,2026-06-28T23:18:28.846345+00:00,101.9,500,ask,,,11716982
2026-06-29T09:18:28.461542,2026-06-28T23:18:28.901345+00:00,101.9,122,ask,,,11716985
2026-06-29T09:18:29.689116,2026-06-28T23:18:30.121126+00:00,101.8,200,bid,,,11717015
2026-06-29T09:18:31.414495,2026-06-28T23:18:31.848126+00:00,101.9,20,bid,,,11717047
2026-06-29T09:18:32.114673,2026-06-28T23:18:32.552127+00:00,101.9,200,bid,,,11717058
2026-06-29T09:18:33.860545,2026-06-28T23:18:34.300318+00:00,101.8,500,ask,,,11717077
