timestamp,price,volume,side
2026-07-13 18:43:31.223593,85.30000000000001,3,ask
2026-07-13 18:43:37.847126,85.30000000000001,11,ask
2026-07-13 18:43:41.812689,85.2,11,bid
2026-07-13 18:43:43.628814,85.2,11,ask
2026-07-13 18:43:44.455706,85.2,10,ask
2026-07-13 18:43:46.864244,84.9,10,bid
2026-07-13 18:43:47.071327,84.9,11,bid
2026-07-13 18:43:49.609054,84.80000000000001,3,bid
2026-07-13 18:43:49.964189,85.30000000000001,14,ask
2026-07-13 18:43:51.160315,85.30000000000001,10,ask
2026-07-13 18:43:52.322385,85.2,10,bid
2026-07-13 18:43:56.257738,85.0,11,bid
2026-07-13 18:43:56.346910,84.9,3,bid
2026-07-13 18:43:59.456340,85.0,3,ask
2026-07-13 18:44:02.881241,84.7,3,bid
2026-07-13 18:44:26.469402,84.7,3,ask
2026-07-13 18:44:34.353229,84.60000000000001,3,bid
2026-07-13 18:45:29.483222,84.9,3,ask
2026-07-13 18:45:31.614555,84.80000000000001,3,bid
2026-07-13 18:45:37.691391,85.0,3,ask
2026-07-13 18:45:40.928022,84.60000000000001,3,bid
2026-07-13 18:45:46.524756,84.80000000000001,3,ask
2026-07-13 18:45:47.844451,84.80000000000001,3,bid
2026-07-13 18:45:59.683987,84.9,3,ask
2026-07-13 18:46:01.894475,84.80000000000001,3,bid
2026-07-13 18:46:19.363981,84.60000000000001,3,ask
2026-07-13 18:46:22.049579,84.4,3,bid
2026-07-13 18:46:31.233033,84.5,13,ask
2026-07-13 18:46:31.233033,84.5,1,ask
2026-07-13 18:46:31.527856,84.2,14,bid
2026-07-13 18:46:35.160148,84.5,3,ask
2026-07-13 18:46:39.095747,84.30000000000001,3,bid
2026-07-13 18:47:57.101118,83.80000000000001,14,bid
2026-07-13 18:47:57.260017,83.9,11,ask
2026-07-13 18:47:59.424709,84.0,3,ask
2026-07-13 18:48:20.319602,84.10000000000001,3,bid
2026-07-13 18:48:29.162917,84.2,3,ask
2026-07-13 18:48:37.415070,84.2,3,ask
2026-07-13 18:48:38.295181,83.9,3,bid
2026-07-13 18:48:42.666752,84.0,3,ask
2026-07-13 18:48:42.973633,84.0,3,bid
2026-07-13 18:49:06.770564,83.60000000000001,3,bid
2026-07-13 18:49:06.806135,83.60000000000001,11,bid
2026-07-13 18:49:13.122665,83.7,11,ask
2026-07-13 18:49:14.586215,83.60000000000001,11,bid
2026-07-13 18:49:15.518948,83.60000000000001,10,bid
2026-07-13 18:49:16.266067,84.0,20,ask
2026-07-13 18:49:16.266067,83.9,1,ask
2026-07-13 18:49:22.093559,83.9,11,bid
2026-07-13 18:49:26.043410,83.9,10,bid
2026-07-13 18:49:28.653967,83.80000000000001,21,ask
2026-07-13 18:49:41.183962,84.2,3,ask
2026-07-13 18:50:31.632246,84.10000000000001,3,ask
2026-07-13 18:50:32.942997,84.10000000000001,3,bid
2026-07-13 18:50:38.579427,84.30000000000001,3,ask
2026-07-13 18:50:42.128800,84.30000000000001,3,bid
2026-07-13 18:50:44.909849,84.30000000000001,3,ask
2026-07-13 18:50:55.265703,84.4,11,ask
2026-07-13 18:50:56.178193,84.4,10,ask
2026-07-13 18:50:56.581922,84.4,11,ask
2026-07-13 18:50:58.872169,84.30000000000001,11,bid
2026-07-13 18:51:10.595617,84.10000000000001,10,bid
2026-07-13 18:51:16.325670,84.0,11,bid
2026-07-13 18:51:23.008437,83.60000000000001,3,bid
2026-07-13 18:51:34.707889,83.60000000000001,12,ask
2026-07-13 18:51:34.707889,83.60000000000001,12,ask
2026-07-13 18:51:35.671267,83.30000000000001,21,bid
2026-07-13 18:51:36.016678,83.30000000000001,3,bid
2026-07-13 18:51:38.801031,83.60000000000001,3,ask
2026-07-13 18:51:39.967061,83.60000000000001,11,ask
2026-07-13 18:51:41.964146,83.4,11,bid
2026-07-13 18:51:42.233360,83.4,3,bid
2026-07-13 18:51:45.081913,83.4,3,ask
2026-07-13 18:51:50.451726,83.30000000000001,3,bid
2026-07-13 18:51:51.416393,83.60000000000001,3,ask
2026-07-13 18:51:54.389865,83.4,3,bid
2026-07-13 18:51:55.735703,83.4,3,ask
2026-07-13 18:51:57.963408,83.4,3,bid
2026-07-13 18:52:33.773195,83.10000000000001,3,ask
2026-07-13 18:52:41.702847,82.80000000000001,3,bid
2026-07-13 18:52:43.018618,82.9,3,ask
2026-07-13 18:52:43.347282,83.0,11,ask
2026-07-13 18:52:45.245675,82.9,11,bid
2026-07-13 18:52:46.952550,82.80000000000001,3,bid
2026-07-13 18:53:05.398486,82.9,3,ask
2026-07-13 18:53:06.699338,83.0,3,bid
2026-07-13 18:53:08.071969,83.0,14,ask
2026-07-13 18:53:20.390360,83.0,11,bid
2026-07-13 18:53:22.498460,83.0,3,bid
2026-07-13 18:53:23.820739,82.9,14,ask
2026-07-13 18:53:25.132340,82.80000000000001,14,bid
2026-07-13 18:53:26.450863,82.9,3,ask
2026-07-13 18:53:27.606254,82.7,3,bid
2026-07-13 18:53:54.034389,82.60000000000001,3,bid
2026-07-13 18:53:55.350759,82.7,3,ask
2026-07-13 18:54:30.916028,83.0,3,ask
2026-07-13 18:54:33.009432,82.80000000000001,3,bid
2026-07-13 18:54:36.153713,83.10000000000001,14,ask
2026-07-13 18:54:38.663584,83.0,11,bid
2026-07-13 18:54:38.778594,83.0,3,bid
2026-07-13 18:55:28.812865,82.80000000000001,7,bid
2026-07-13 18:55:28.963520,82.80000000000001,14,bid
2026-07-13 18:55:29.737128,82.80000000000001,3,bid
2026-07-13 18:55:29.966835,83.0,10,ask
2026-07-13 18:55:29.993634,83.10000000000001,11,ask
2026-07-13 18:55:39.286397,82.9,11,bid
2026-07-13 18:55:42.255858,82.9,11,ask
2026-07-13 18:55:42.699784,82.60000000000001,11,bid
2026-07-13 18:55:42.879987,82.5,10,bid
2026-07-13 18:55:43.251255,82.5,4,bid
2026-07-13 18:55:43.290840,82.5,7,bid
2026-07-13 18:55:44.567335,82.5,20,bid
2026-07-13 18:55:45.932634,82.7,9,ask
2026-07-13 18:55:47.194384,82.7,20,ask
2026-07-13 18:55:47.340464,82.7,2,ask
2026-07-13 18:55:55.110611,82.7,11,bid
2026-07-13 18:55:59.089254,82.7,11,ask
2026-07-13 18:56:00.404797,82.80000000000001,11,bid
2026-07-13 18:56:01.721129,82.80000000000001,11,ask
2026-07-13 18:56:06.542430,82.80000000000001,11,bid
2026-07-13 18:56:14.471965,83.10000000000001,11,ask
2026-07-13 18:56:16.195424,83.0,10,ask
2026-07-13 18:56:16.297910,83.10000000000001,11,ask
2026-07-13 18:56:18.687234,83.0,20,bid
2026-07-13 18:56:20.133565,83.0,1,bid
2026-07-13 18:56:22.769281,83.10000000000001,10,ask
2026-07-13 18:56:24.080155,83.0,11,ask
2026-07-13 18:56:27.069116,83.30000000000001,3,ask
2026-07-13 18:56:32.865182,83.30000000000001,3,bid
2026-07-13 18:56:33.071269,83.2,11,bid
2026-07-13 18:56:33.415771,83.4,11,ask
2026-07-13 18:56:33.916789,83.2,11,bid
2026-07-13 18:56:41.163735,83.2,11,ask
2026-07-13 18:56:53.027390,83.5,3,ask
2026-07-13 18:56:57.451099,83.5,3,bid
2026-07-13 18:57:03.532088,83.5,3,ask
2026-07-13 18:57:14.814796,83.10000000000001,3,bid
2026-07-13 18:57:15.333730,83.10000000000001,17,bid
2026-07-13 18:57:15.641039,83.10000000000001,4,bid
2026-07-13 18:57:24.522475,83.10000000000001,10,ask
2026-07-13 18:57:37.638138,83.10000000000001,11,ask
2026-07-13 18:57:40.267075,83.2,3,ask
2026-07-13 18:57:54.746744,83.0,3,bid
2026-07-13 18:57:55.542649,83.0,11,bid
2026-07-13 18:57:58.695728,82.9,3,ask
2026-07-13 18:57:59.045035,82.7,3,bid
2026-07-13 18:58:10.395888,83.10000000000001,11,ask
2026-07-13 18:58:10.509598,83.10000000000001,3,ask
2026-07-13 18:58:14.436634,83.10000000000001,14,bid
2026-07-13 18:58:15.750087,83.2,11,ask
2026-07-13 18:58:16.135652,83.2,3,ask
2026-07-13 18:58:18.606915,83.0,3,bid
2026-07-13 18:58:20.980163,83.0,11,bid
2026-07-13 18:58:22.290388,82.9,11,ask
2026-07-13 18:58:40.667464,83.10000000000001,3,ask
2026-07-13 18:58:58.498260,83.2,14,bid
2026-07-13 18:58:59.715820,83.30000000000001,11,ask
2026-07-13 18:59:01.694639,83.4,3,ask
2026-07-13 18:59:02.999859,83.30000000000001,3,bid
2026-07-13 18:59:05.491692,83.5,3,ask
2026-07-13 18:59:34.577923,83.2,14,bid
2026-07-13 18:59:37.131266,83.30000000000001,14,ask
2026-07-13 18:59:38.505798,83.4,3,bid
2026-07-13 18:59:59.604840,83.7,3,ask
2026-07-13 19:00:27.204609,84.0,14,bid
2026-07-13 19:00:27.820730,84.4,14,ask
2026-07-13 19:00:28.735657,84.5,3,ask
2026-07-13 19:00:31.035173,84.10000000000001,3,bid
2026-07-13 19:00:37.017537,84.7,3,ask
2026-07-13 19:00:50.865216,84.5,20,ask
2026-07-13 19:00:50.865216,84.5,1,ask
2026-07-13 19:00:53.106374,84.5,10,bid
2026-07-13 19:00:53.626411,84.4,11,bid
2026-07-13 19:01:06.752759,84.10000000000001,3,bid
2026-07-13 19:01:18.435275,84.60000000000001,3,ask
2026-07-13 19:01:18.451841,84.60000000000001,21,ask
2026-07-13 19:01:18.468198,84.7,11,ask
2026-07-13 19:01:18.682243,84.5,11,bid
2026-07-13 19:01:18.763260,84.4,10,bid
2026-07-13 19:01:19.939156,84.30000000000001,11,bid
2026-07-13 19:01:22.385222,84.4,3,bid
2026-07-13 19:02:10.909502,84.30000000000001,3,bid
2026-07-13 19:02:16.013257,84.60000000000001,3,ask
2026-07-13 19:02:16.181738,84.60000000000001,3,ask
2026-07-13 19:02:17.163497,84.4,3,bid
2026-07-13 19:02:23.353334,84.60000000000001,3,ask
2026-07-13 19:02:24.290280,84.5,3,bid
2026-07-13 19:02:39.857050,84.7,3,ask
2026-07-13 19:02:40.887655,84.5,3,bid
2026-07-13 19:03:15.728620,85.2,1,ask
2026-07-13 19:03:18.093550,84.9,2,ask
2026-07-13 19:03:23.316143,84.5,3,bid
2026-07-13 19:03:40.526671,84.30000000000001,3,ask
2026-07-13 19:04:03.488529,84.10000000000001,3,bid
2026-07-13 19:04:13.330602,84.60000000000001,3,ask
2026-07-13 19:04:18.581255,84.60000000000001,3,bid
2026-07-13 19:05:00.199256,85.5,35,ask
2026-07-13 19:05:00.747608,85.30000000000001,11,bid
2026-07-13 19:05:02.099548,85.30000000000001,10,bid
2026-07-13 19:05:02.978360,85.2,10,bid
2026-07-13 19:05:05.681654,85.0,1,bid
2026-07-13 19:05:05.816487,85.0,3,bid
2026-07-13 19:05:10.524034,85.10000000000001,3,ask
2026-07-13 19:05:11.068327,85.2,3,bid
2026-07-13 19:05:12.380475,85.2,3,ask
2026-07-13 19:05:16.311753,85.2,3,bid
2026-07-13 19:05:19.207936,85.80000000000001,35,ask
2026-07-13 19:05:19.457940,85.60000000000001,11,bid
2026-07-13 19:05:19.560399,85.5,10,bid
2026-07-13 19:05:19.803854,85.4,11,bid
2026-07-13 19:05:22.873508,85.30000000000001,3,bid
2026-07-13 19:05:23.844463,85.30000000000001,3,ask
2026-07-13 19:05:25.591021,84.80000000000001,3,bid
2026-07-13 19:05:27.628987,84.7,3,bid
2026-07-13 19:05:28.060102,85.10000000000001,3,ask
2026-07-13 19:05:36.014801,85.30000000000001,3,ask
2026-07-13 19:05:37.366633,85.30000000000001,3,bid
2026-07-13 19:05:42.070701,85.2,3,ask
2026-07-13 19:05:43.918552,85.10000000000001,3,bid
2026-07-13 19:05:45.253647,85.10000000000001,3,ask
2026-07-13 19:05:45.835265,84.9,3,bid
2026-07-13 19:05:49.990393,85.10000000000001,3,ask
2026-07-13 19:05:50.640782,84.80000000000001,3,bid
2026-07-13 19:05:56.275245,84.80000000000001,3,ask
2026-07-13 19:05:56.727285,84.60000000000001,3,bid
2026-07-13 19:06:13.495345,84.30000000000001,1,bid
2026-07-13 19:06:14.715994,84.4,2,bid
2026-07-13 19:06:16.057450,84.5,3,ask
2026-07-13 19:06:17.949093,84.7,3,ask
2026-07-13 19:06:19.389880,84.10000000000001,17,bid
2026-07-13 19:06:20.019099,84.4,14,ask
2026-07-13 19:06:23.282156,84.5,3,ask
2026-07-13 19:06:27.268183,84.5,3,bid
2026-07-13 19:06:35.571577,84.80000000000001,3,ask
2026-07-13 19:06:37.810992,84.80000000000001,11,ask
2026-07-13 19:06:41.775065,84.7,11,bid
2026-07-13 19:06:44.389874,84.9,3,bid
2026-07-13 19:06:44.615062,85.10000000000001,3,ask
2026-07-13 19:06:44.652696,85.4,32,ask
2026-07-13 19:06:46.026019,85.2,11,bid
2026-07-13 19:06:48.111910,85.0,10,bid
2026-07-13 19:06:54.538748,84.7,11,bid
2026-07-13 19:06:56.249375,84.80000000000001,3,bid
2026-07-13 19:07:05.413952,84.60000000000001,3,ask
2026-07-13 19:07:21.168175,84.5,20,ask
2026-07-13 19:07:22.483525,84.5,9,bid
2026-07-13 19:07:26.481838,84.30000000000001,11,bid
2026-07-13 19:07:33.828785,84.4,3,bid
2026-07-13 19:07:43.552438,84.4,14,ask
2026-07-13 19:07:44.746956,84.2,11,bid
2026-07-13 19:07:44.834326,83.80000000000001,6,bid
2026-07-13 19:07:46.475233,84.2,3,ask
2026-07-13 19:08:09.911167,84.2,3,ask
2026-07-13 19:08:20.530400,84.2,11,ask
2026-07-13 19:08:26.500090,84.2,2,bid
2026-07-13 19:08:26.935565,84.4,2,ask
2026-07-13 19:08:26.951205,84.4,10,ask
2026-07-13 19:08:27.375597,84.2,9,bid
2026-07-13 19:08:27.584728,84.4,9,ask
2026-07-13 19:08:30.262479,83.9,10,bid
2026-07-13 19:08:32.256980,83.80000000000001,1,bid
2026-07-13 19:08:35.364685,84.10000000000001,1,ask
2026-07-13 19:08:36.003929,83.9,11,bid
2026-07-13 19:08:38.849066,84.0,5,ask
2026-07-13 19:08:38.849066,84.0,16,ask
2026-07-13 19:08:39.538392,83.80000000000001,1,bid
2026-07-13 19:08:39.538392,83.80000000000001,9,bid
2026-07-13 19:08:40.827361,83.80000000000001,11,bid
2026-07-13 19:08:45.571202,83.60000000000001,2,bid
2026-07-13 19:08:47.271146,84.0,2,ask
2026-07-13 19:08:55.031766,83.80000000000001,3,bid
2026-07-13 19:09:52.469577,83.30000000000001,3,bid
2026-07-13 19:09:57.524889,83.4,3,ask
2026-07-13 19:11:07.471197,83.30000000000001,1,bid
2026-07-13 19:11:14.966301,83.5,1,ask
2026-07-13 19:11:16.587366,83.60000000000001,14,ask
2026-07-13 19:11:16.999403,83.2,14,bid
2026-07-13 19:11:20.153428,83.4,3,ask
2026-07-13 19:11:23.572412,83.4,3,bid
2026-07-13 19:11:29.562183,83.60000000000001,3,ask
2026-07-13 19:11:30.840899,83.5,3,bid
2026-07-13 19:11:32.771190,83.9,14,ask
2026-07-13 19:11:35.876517,84.0,10,ask
2026-07-13 19:11:35.979721,83.80000000000001,10,bid
2026-07-13 19:11:39.332729,84.0,10,ask
2026-07-13 19:11:42.840117,83.80000000000001,10,bid
2026-07-13 19:11:45.484260,83.7,11,bid
2026-07-13 19:12:01.303968,83.80000000000001,3,bid
2026-07-13 19:12:11.773854,83.60000000000001,3,bid
2026-07-13 19:12:18.312870,83.7,3,ask
2026-07-13 19:12:42.015658,84.2,3,ask
2026-07-13 19:12:45.947854,84.2,3,bid
2026-07-13 19:12:47.257825,84.10000000000001,3,ask
2026-07-13 19:12:48.871394,83.9,3,bid
2026-07-13 19:12:55.170710,84.30000000000001,3,ask
2026-07-13 19:12:57.782788,84.30000000000001,11,ask
2026-07-13 19:13:01.772764,84.10000000000001,11,bid
2026-07-13 19:13:20.181233,84.0,11,ask
2026-07-13 19:13:21.484334,83.9,11,bid
2026-07-13 19:13:27.274212,84.10000000000001,11,ask
2026-07-13 19:13:28.050695,84.0,10,ask
2026-07-13 19:13:29.325074,84.10000000000001,11,ask
2026-07-13 19:13:29.989963,83.7,32,bid
2026-07-13 19:13:31.995044,83.80000000000001,11,ask
2026-07-13 19:13:36.515010,83.5,14,bid
2026-07-13 19:13:37.270778,83.60000000000001,3,ask
2026-07-13 19:13:39.559802,83.7,11,ask
2026-07-13 19:13:43.870595,83.60000000000001,11,bid
2026-07-13 19:14:08.441050,83.60000000000001,3,bid
2026-07-13 19:14:32.633295,83.4,3,bid
2026-07-13 19:14:33.959635,83.30000000000001,3,ask
2026-07-13 19:15:37.671386,83.30000000000001,3,bid
2026-07-13 19:15:38.703119,83.4,3,ask
2026-07-13 19:15:46.440493,83.80000000000001,3,ask
2026-07-13 19:15:51.680601,83.7,3,bid
2026-07-13 19:15:52.643871,83.80000000000001,3,ask
2026-07-13 19:15:55.178895,83.7,11,ask
2026-07-13 19:15:55.660436,83.30000000000001,14,bid
2026-07-13 19:16:02.185194,83.60000000000001,3,ask
2026-07-13 19:16:11.602457,83.7,11,ask
2026-07-13 19:16:12.722562,83.7,7,bid
2026-07-13 19:16:12.722562,83.7,4,bid
2026-07-13 19:16:25.892262,83.4,3,bid
2026-07-13 19:16:36.732184,83.60000000000001,3,ask
2026-07-13 19:16:40.363310,83.7,11,ask
2026-07-13 19:16:51.000381,84.0,10,ask
2026-07-13 19:16:52.190775,83.9,17,ask
2026-07-13 19:16:56.090058,83.80000000000001,11,bid
2026-07-13 19:16:57.404267,83.80000000000001,10,bid
2026-07-13 19:16:57.771191,83.80000000000001,6,bid
2026-07-13 19:16:58.719553,83.7,10,ask
2026-07-13 19:17:08.395575,83.5,10,bid
2026-07-13 19:17:13.929925,83.30000000000001,14,bid
2026-07-13 19:17:15.798176,83.4,3,ask
2026-07-13 19:17:25.577429,83.10000000000001,3,bid
2026-07-13 19:18:32.222986,82.60000000000001,3,bid
2026-07-13 19:18:36.947786,82.80000000000001,3,ask
2026-07-13 19:18:38.225429,82.60000000000001,3,bid
2026-07-13 19:18:40.233917,82.80000000000001,3,ask
2026-07-13 19:19:16.529694,82.80000000000001,3,ask
2026-07-13 19:19:21.142351,82.9,1,bid
2026-07-13 19:19:31.601593,82.9,1,ask
2026-07-13 19:19:33.997874,82.80000000000001,3,bid
2026-07-13 19:19:34.206211,82.5,3,bid
2026-07-13 19:19:36.317708,82.7,3,ask
2026-07-13 19:21:35.247017,82.4,3,bid
2026-07-13 19:21:36.789153,82.4,11,bid
2026-07-13 19:21:40.821783,82.7,11,ask
2026-07-13 19:21:41.304932,82.7,3,ask
2026-07-13 19:21:44.035720,82.60000000000001,3,bid
2026-07-13 19:21:44.498853,82.60000000000001,11,bid
2026-07-13 19:21:45.821645,82.60000000000001,6,bid
2026-07-13 19:21:45.821645,82.60000000000001,4,bid
2026-07-13 19:21:47.151003,82.60000000000001,10,ask
2026-07-13 19:21:49.572600,82.7,11,ask
2026-07-13 19:21:49.764515,82.80000000000001,11,bid
2026-07-13 19:21:50.315582,82.9,11,ask
2026-07-13 19:21:51.074559,82.9,3,ask
2026-07-13 19:21:58.956138,82.9,3,ask
2026-07-13 19:21:59.870377,82.7,3,bid
2026-07-13 19:22:04.238199,82.7,3,ask
2026-07-13 19:22:09.537066,82.7,3,bid
2026-07-13 19:22:13.467661,82.80000000000001,3,ask
2026-07-13 19:22:16.096702,82.80000000000001,3,bid
2026-07-13 19:22:21.357281,82.80000000000001,3,ask
2026-07-13 19:22:25.292033,83.0,3,bid
2026-07-13 19:22:31.835281,82.9,3,ask
2026-07-13 19:22:34.702679,82.7,3,bid
2026-07-13 19:23:07.354665,82.60000000000001,3,ask
2026-07-13 19:23:12.663805,82.60000000000001,3,bid
2026-07-13 19:23:41.601284,82.0,3,bid
2026-07-13 19:23:48.176904,81.9,3,ask
2026-07-13 19:24:15.936015,81.7,3,ask
2026-07-13 19:24:16.366396,81.5,3,bid
2026-07-13 19:24:39.611305,81.4,3,ask
2026-07-13 19:25:00.646897,81.4,11,ask
2026-07-13 19:25:04.131485,81.4,11,bid
2026-07-13 19:25:12.537100,81.2,11,ask
2026-07-13 19:25:17.771477,81.2,11,bid
2026-07-13 19:25:19.333883,81.4,11,ask
2026-07-13 19:25:19.529022,81.5,10,ask
2026-07-13 19:25:22.557581,81.10000000000001,10,bid
2026-07-13 19:25:25.730145,81.10000000000001,11,bid
2026-07-13 19:25:32.062170,81.4,26,ask
2026-07-13 19:25:34.500532,81.10000000000001,5,bid
2026-07-13 19:25:34.700083,81.0,10,bid
2026-07-13 19:25:36.252986,81.0,10,ask
2026-07-13 19:25:41.487060,80.9,10,bid
2026-07-13 19:25:44.178185,80.80000000000001,11,bid
2026-07-13 19:25:48.090714,80.80000000000001,3,bid
2026-07-13 19:26:21.005133,80.2,6,bid
2026-07-13 19:26:22.680728,80.30000000000001,6,ask
2026-07-13 19:26:28.881677,80.4,3,ask
2026-07-13 19:26:32.498078,80.4,3,bid
2026-07-13 19:26:51.219901,80.30000000000001,3,bid
2026-07-13 19:26:54.111492,80.5,3,ask
2026-07-13 19:27:03.048031,80.30000000000001,3,ask
2026-07-13 19:27:03.947195,80.0,3,bid
2026-07-13 19:27:22.751875,80.2,3,ask
2026-07-13 19:27:26.708511,79.9,3,bid
2026-07-13 19:27:35.918275,80.0,14,ask
2026-07-13 19:27:36.230988,79.9,11,bid
2026-07-13 19:27:36.709051,79.9,3,bid
2026-07-13 19:27:39.137269,80.0,3,ask
2026-07-13 19:27:46.393456,79.9,3,bid
2026-07-13 19:28:48.182613,79.9,3,ask
2026-07-13 19:29:06.594615,80.2,3,bid
2026-07-13 19:29:08.971313,80.2,3,ask
2026-07-13 19:29:23.656722,80.30000000000001,11,ask
2026-07-13 19:29:32.740625,80.7,10,ask
2026-07-13 19:29:32.756550,80.80000000000001,2,ask
2026-07-13 19:29:34.854293,80.60000000000001,2,bid
2026-07-13 19:29:35.256091,80.5,10,bid
2026-07-13 19:29:36.744807,80.5,11,bid
2026-07-13 19:29:36.760375,80.5,3,bid
2026-07-13 19:29:39.032527,80.7,3,ask
2026-07-13 19:29:44.640571,80.60000000000001,11,ask
2026-07-13 19:29:45.948648,80.60000000000001,11,bid
2026-07-13 19:29:53.826229,80.80000000000001,18,ask
2026-07-13 19:29:53.854948,80.80000000000001,3,ask
2026-07-13 19:30:00.328661,80.7,10,bid
2026-07-13 19:30:00.388778,80.7,11,bid
2026-07-13 19:30:01.762670,80.7,11,ask
2026-07-13 19:30:03.028341,80.80000000000001,14,bid
2026-07-13 19:30:04.606113,80.9,3,ask
2026-07-13 19:30:23.191886,80.5,3,bid
2026-07-13 19:30:48.955781,80.7,3,ask
2026-07-13 19:30:50.267244,80.60000000000001,11,ask
2026-07-13 19:30:51.571894,80.60000000000001,11,bid
2026-07-13 19:30:51.674190,80.5,3,bid
2026-07-13 19:30:59.444979,80.7,3,ask
2026-07-13 19:31:07.310261,80.80000000000001,3,bid
2026-07-13 19:31:08.779105,80.9,3,ask
2026-07-13 19:31:08.849983,80.9,11,ask
2026-07-13 19:31:13.860782,80.9,4,bid
2026-07-13 19:31:20.493243,80.80000000000001,4,ask
2026-07-13 19:31:26.801004,80.7,11,bid
2026-07-13 19:31:27.074261,80.7,3,bid
2026-07-13 19:31:28.387376,80.80000000000001,3,ask
2026-07-13 19:31:31.874919,80.7,3,bid
2026-07-13 19:32:02.516225,80.80000000000001,24,ask
2026-07-13 19:32:03.823614,80.7,20,bid
2026-07-13 19:32:03.823614,80.7,4,bid
2026-07-13 19:32:06.457885,80.7,3,ask
2026-07-13 19:32:07.772056,80.7,3,bid
2026-07-13 19:32:34.058806,80.4,3,bid
2026-07-13 19:32:44.762140,80.4,11,bid
2026-07-13 19:32:48.767102,80.2,11,ask
2026-07-13 19:32:48.987541,80.4,3,ask
2026-07-13 19:33:09.460932,80.5,3,ask
2026-07-13 19:33:14.736109,80.5,11,ask
2026-07-13 19:33:16.353569,80.60000000000001,10,ask
2026-07-13 19:33:17.575886,80.5,10,bid
2026-07-13 19:33:21.000877,80.30000000000001,11,bid
2026-07-13 19:33:25.249384,80.30000000000001,11,ask
2026-07-13 19:33:27.097550,80.0,14,bid
2026-07-13 19:34:20.463719,79.80000000000001,3,bid
2026-07-13 19:34:25.746915,79.80000000000001,3,ask
2026-07-13 19:34:27.053825,79.80000000000001,3,bid
2026-07-13 19:34:29.683624,79.9,3,ask
2026-07-13 19:34:31.037316,79.9,3,bid
2026-07-13 19:34:32.521963,79.9,11,bid
2026-07-13 19:34:37.364937,79.80000000000001,11,ask
2026-07-13 19:34:42.838138,79.7,11,bid
2026-07-13 19:34:43.030255,79.60000000000001,10,bid
2026-07-13 19:34:44.082466,79.5,11,bid
2026-07-13 19:34:45.566683,79.60000000000001,2,ask
2026-07-13 19:34:45.657127,79.60000000000001,2,ask
2026-07-13 19:34:45.924209,79.60000000000001,7,ask
2026-07-13 19:34:49.456168,79.7,10,ask
2026-07-13 19:35:03.781130,79.60000000000001,2,ask
2026-07-13 19:35:05.067511,79.60000000000001,9,ask
2026-07-13 19:35:05.191084,79.5,3,ask
2026-07-13 19:35:06.504508,79.5,3,bid
2026-07-13 19:35:08.012681,79.60000000000001,3,ask
2026-07-13 19:35:49.884920,79.2,3,ask
2026-07-13 19:35:51.307511,79.10000000000001,3,bid
2026-07-13 19:36:09.539150,78.80000000000001,3,ask
2026-07-13 19:36:11.894325,78.80000000000001,3,bid
2026-07-13 19:36:28.044930,78.5,3,bid
2026-07-13 19:36:31.452993,78.60000000000001,3,ask
2026-07-13 19:36:33.986603,78.0,14,bid
2026-07-13 19:36:34.626152,78.0,10,bid
2026-07-13 19:36:35.672128,78.30000000000001,2,ask
2026-07-13 19:36:37.091296,78.30000000000001,8,ask
2026-07-13 19:36:38.581212,78.30000000000001,11,ask
2026-07-13 19:36:44.130551,78.4,3,ask
2026-07-13 19:37:11.918606,78.9,3,ask
2026-07-13 19:37:12.738443,78.9,11,ask
2026-07-13 19:37:19.353049,78.7,11,bid
2026-07-13 19:37:20.672753,78.60000000000001,3,bid
2026-07-13 19:38:09.496150,79.0,3,ask
2026-07-13 19:38:12.106280,78.80000000000001,3,bid
2026-07-13 19:38:17.970747,78.80000000000001,3,ask
2026-07-13 19:38:18.442305,78.60000000000001,3,bid
2026-07-13 19:38:22.514199,79.10000000000001,3,ask
2026-07-13 19:38:24.751665,78.7,3,bid
2026-07-13 19:38:28.107615,79.10000000000001,3,ask
2026-07-13 19:38:28.503601,78.9,3,bid
2026-07-13 19:38:43.605343,78.9,3,ask
2026-07-13 19:38:44.907591,78.80000000000001,3,bid
2026-07-13 19:39:06.461135,79.0,14,ask
2026-07-13 19:39:10.283830,78.80000000000001,11,bid
2026-07-13 19:39:13.752625,78.9,3,bid
2026-07-13 19:39:33.669903,78.80000000000001,3,bid
2026-07-13 19:39:34.275134,78.7,3,ask
2026-07-13 19:39:44.131242,78.80000000000001,3,ask
2026-07-13 19:39:47.582027,78.60000000000001,3,bid
2026-07-13 19:40:03.818029,78.7,3,ask
2026-07-13 19:40:13.034585,78.7,3,ask
2026-07-13 19:40:13.034585,78.7,18,ask
2026-07-13 19:40:15.674286,78.60000000000001,10,bid
2026-07-13 19:40:24.889452,78.5,10,ask
2026-07-13 19:40:26.204460,78.5,18,bid
2026-07-13 19:40:26.327180,78.5,3,bid
2026-07-13 19:40:30.068083,78.60000000000001,11,ask
2026-07-13 19:40:38.025801,78.0,11,bid
2026-07-13 19:40:38.378973,77.9,3,bid
2026-07-13 19:40:40.942599,78.10000000000001,3,ask
2026-07-13 19:40:45.882326,78.0,3,bid
2026-07-13 19:41:06.310927,77.4,3,bid
2026-07-13 19:41:06.400436,77.4,11,bid
2026-07-13 19:41:06.672803,77.30000000000001,10,bid
2026-07-13 19:41:08.260043,77.30000000000001,11,bid
2026-07-13 19:41:09.025644,77.5,11,ask
2026-07-13 19:41:09.146915,77.60000000000001,6,ask
2026-07-13 19:41:09.172383,77.7,15,ask
2026-07-13 19:41:10.227067,77.7,3,ask
2026-07-13 19:41:12.654296,77.30000000000001,3,bid
2026-07-13 19:41:12.691051,77.2,11,bid
2026-07-13 19:41:13.317768,77.5,2,ask
2026-07-13 19:41:13.333339,77.4,9,ask
2026-07-13 19:41:13.870604,77.4,3,ask
2026-07-13 19:41:15.401534,77.2,3,bid
2026-07-13 19:41:15.588239,77.10000000000001,11,bid
2026-07-13 19:41:15.797227,77.30000000000001,11,ask
2026-07-13 19:41:17.478889,77.30000000000001,3,ask
2026-07-13 19:41:18.972576,77.30000000000001,3,bid
2026-07-13 19:41:21.705325,77.2,11,bid
2026-07-13 19:41:22.763805,77.2,1,bid
2026-07-13 19:41:22.940403,77.2,9,bid
2026-07-13 19:41:29.300369,77.5,10,ask
2026-07-13 19:41:30.648261,77.5,11,ask
2026-07-13 19:41:41.094061,77.60000000000001,3,ask
2026-07-13 19:42:26.046825,78.0,3,ask
2026-07-13 19:42:29.051593,78.10000000000001,11,ask
2026-07-13 19:42:33.843377,78.0,11,bid
2026-07-13 19:42:48.520784,78.0,3,bid
2026-07-13 19:43:35.706917,78.30000000000001,14,bid
2026-07-13 19:43:36.460212,78.60000000000001,11,ask
2026-07-13 19:43:36.840658,78.60000000000001,3,ask
2026-07-13 19:43:55.487480,78.7,3,ask
2026-07-13 19:43:57.399148,78.5,3,bid
2026-07-13 19:43:59.205410,78.4,3,bid
2026-07-13 19:44:03.183916,78.5,3,ask
2026-07-13 19:44:04.709930,78.2,3,bid
2026-07-13 19:44:06.849385,78.60000000000001,3,ask
2026-07-13 19:44:37.506983,78.4,20,bid
2026-07-13 19:44:37.798279,78.5,1,ask
2026-07-13 19:44:37.798279,78.5,5,ask
2026-07-13 19:44:38.050670,78.5,11,ask
2026-07-13 19:44:42.266883,78.60000000000001,3,ask
2026-07-13 19:44:45.005887,78.4,3,bid
2026-07-13 19:44:57.219276,78.4,3,ask
2026-07-13 19:45:12.533923,78.2,3,bid
2026-07-13 19:45:13.447722,78.0,21,bid
2026-07-13 19:45:13.645726,77.9,11,bid
2026-07-13 19:45:17.490416,78.0,4,ask
2026-07-13 19:45:24.837172,77.9,3,ask
2026-07-13 19:45:25.126745,77.9,4,ask
2026-07-13 19:45:32.006866,77.7,11,bid
2026-07-13 19:45:37.986757,77.60000000000001,5,ask
2026-07-13 19:45:40.419168,77.7,5,bid
2026-07-13 19:45:46.473933,77.7,11,bid
2026-07-13 19:45:51.350817,77.9,11,ask
2026-07-13 19:45:51.466093,77.7,11,bid
2026-07-13 19:45:54.690366,78.10000000000001,11,ask
2026-07-13 19:45:54.829111,78.10000000000001,9,ask
2026-07-13 19:45:54.903309,78.10000000000001,2,ask
2026-07-13 19:45:56.363887,78.10000000000001,20,ask
2026-07-13 19:45:56.544680,78.10000000000001,1,ask
2026-07-13 19:45:57.675907,78.10000000000001,21,bid
2026-07-13 19:45:57.780825,77.9,22,bid
2026-07-13 19:45:58.236565,77.80000000000001,11,bid
2026-07-13 19:46:00.279704,78.0,22,ask
2026-07-13 19:46:00.462783,78.10000000000001,11,ask
2026-07-13 19:46:00.886148,78.2,10,ask
2026-07-13 19:46:04.253268,78.2,10,bid
2026-07-13 19:46:04.277668,78.10000000000001,11,bid
2026-07-13 19:46:07.219381,78.60000000000001,30,ask
2026-07-13 19:46:09.022892,78.60000000000001,2,ask
2026-07-13 19:46:16.763539,78.2,11,bid
2026-07-13 19:46:16.822867,78.10000000000001,10,bid
2026-07-13 19:46:18.722832,78.10000000000001,11,bid
2026-07-13 19:46:19.868827,78.30000000000001,11,ask
2026-07-13 19:46:20.395034,78.30000000000001,10,ask
2026-07-13 19:46:22.660177,78.30000000000001,11,ask
2026-07-13 19:46:23.094170,78.10000000000001,11,bid
2026-07-13 19:46:25.281371,78.10000000000001,10,bid
2026-07-13 19:46:25.582052,78.0,11,bid
2026-07-13 19:46:26.470366,78.2,11,ask
2026-07-13 19:46:27.914105,78.2,10,ask
2026-07-13 19:46:35.712946,78.5,14,ask
2026-07-13 19:46:39.795545,78.4,3,bid
2026-07-13 19:46:42.048433,78.60000000000001,3,ask
2026-07-13 19:46:50.237953,78.60000000000001,3,bid
2026-07-13 19:46:51.548283,78.7,3,ask
2026-07-13 19:47:42.802642,78.9,14,ask
2026-07-13 19:47:43.728905,78.7,11,bid
2026-07-13 19:47:45.179405,78.80000000000001,3,bid
2026-07-13 19:48:20.992089,78.80000000000001,14,bid
2026-07-13 19:48:23.418772,78.9,11,ask
2026-07-13 19:48:41.845632,78.9,11,bid
2026-07-13 19:48:52.682723,79.0,11,ask
2026-07-13 19:48:54.382658,79.10000000000001,3,ask
2026-07-13 19:49:08.321171,78.9,3,bid
2026-07-13 19:49:10.918403,79.10000000000001,3,ask
2026-07-13 19:49:32.983372,79.4,3,ask
2026-07-13 19:49:33.118880,79.2,3,bid
2026-07-13 19:49:37.247950,79.2,3,ask
2026-07-13 19:49:38.557459,79.30000000000001,3,bid
2026-07-13 19:49:41.177782,79.2,3,ask
2026-07-13 19:49:42.494014,79.10000000000001,3,bid
2026-07-13 19:50:28.720110,79.10000000000001,3,ask
2026-07-13 19:50:29.937123,79.10000000000001,21,ask
2026-07-13 19:50:30.130266,78.9,10,bid
2026-07-13 19:50:30.216668,78.9,1,bid
2026-07-13 19:50:30.233458,79.0,10,bid
2026-07-13 19:50:31.190600,79.0,3,bid
2026-07-13 19:50:36.473658,79.0,3,ask
2026-07-13 19:50:36.874248,79.10000000000001,3,bid
2026-07-13 19:50:39.522430,79.4,3,ask
2026-07-13 19:50:45.910472,79.2,3,bid
2026-07-13 19:50:48.271098,79.30000000000001,3,ask
2026-07-13 19:50:52.223483,79.2,3,bid
2026-07-13 19:52:09.808426,79.2,24,bid
2026-07-13 19:52:27.186154,79.60000000000001,10,ask
2026-07-13 19:52:28.172808,79.60000000000001,14,ask
2026-07-13 19:52:30.402538,79.4,3,bid
2026-07-13 19:52:30.784102,79.4,11,bid
2026-07-13 19:52:31.055248,79.4,10,bid
2026-07-13 19:52:33.507772,79.60000000000001,10,ask
2026-07-13 19:52:34.685910,79.60000000000001,11,ask
2026-07-13 19:52:34.723642,79.60000000000001,3,ask
2026-07-13 19:52:38.662861,79.60000000000001,14,bid
2026-07-13 19:52:39.841707,80.0,14,ask
2026-07-13 19:52:39.986231,80.0,3,ask
2026-07-13 19:52:43.069546,79.80000000000001,3,bid
2026-07-13 19:52:49.158492,79.80000000000001,1,bid
2026-07-13 19:52:49.185260,79.9,2,bid
2026-07-13 19:52:52.773921,79.9,3,ask
2026-07-13 19:53:33.633254,80.2,3,ask
2026-07-13 19:53:33.834994,80.2,11,ask
2026-07-13 19:53:36.924227,79.9,14,bid
2026-07-13 19:53:44.330881,79.9,3,ask
2026-07-13 19:53:51.327189,79.80000000000001,3,bid
2026-07-13 19:54:08.575755,79.60000000000001,3,bid
2026-07-13 19:54:09.299129,79.60000000000001,11,bid
2026-07-13 19:54:11.687891,79.5,11,ask
2026-07-13 19:54:11.926906,79.5,3,ask
2026-07-13 19:54:40.857707,79.5,3,ask
2026-07-13 19:54:42.762957,79.4,3,bid
2026-07-13 19:54:43.372226,79.0,14,bid
2026-07-13 19:54:45.870280,79.30000000000001,11,ask
2026-07-13 19:54:49.039565,79.5,3,ask
2026-07-13 19:56:30.318756,79.0,3,ask
2026-07-13 19:56:33.803482,79.0,3,bid
2026-07-13 19:56:37.734930,78.9,3,ask
2026-07-13 19:56:52.172956,78.7,3,bid
2026-07-13 19:57:15.849614,78.4,3,ask
2026-07-13 19:57:18.507377,78.30000000000001,3,bid
2026-07-13 19:57:21.108819,78.4,3,ask
2026-07-13 19:57:23.525654,78.5,2,ask
2026-07-13 19:57:23.551779,78.5,2,ask
2026-07-13 19:57:23.631511,78.5,2,ask
2026-07-13 19:57:23.699972,78.5,2,ask
2026-07-13 19:57:44.703964,78.2,3,ask
2026-07-13 19:57:50.765318,78.2,11,bid
2026-07-13 19:57:51.798810,78.30000000000001,2,ask
2026-07-13 19:57:51.908668,78.30000000000001,1,ask
2026-07-13 19:57:52.144724,78.30000000000001,2,ask
2026-07-13 19:57:52.170414,78.30000000000001,1,ask
2026-07-13 19:57:52.501096,78.30000000000001,1,ask
2026-07-13 19:57:52.559649,78.30000000000001,1,ask
2026-07-13 19:57:55.223079,78.30000000000001,3,ask
2026-07-13 19:57:56.475888,78.10000000000001,11,bid
2026-07-13 19:57:56.534253,78.10000000000001,3,bid
2026-07-13 19:57:59.581424,78.4,3,ask
2026-07-13 19:58:01.807863,78.4,21,ask
2026-07-13 19:58:02.804142,78.10000000000001,21,bid
2026-07-13 19:58:17.414420,78.10000000000001,11,ask
2026-07-13 19:58:17.592636,78.10000000000001,10,ask
2026-07-13 19:58:18.909475,78.2,24,bid
2026-07-13 19:58:21.074215,78.10000000000001,3,ask
2026-07-13 19:58:26.774826,78.30000000000001,21,ask
2026-07-13 19:58:37.636511,78.0,21,bid
2026-07-13 19:58:37.994016,78.0,3,bid
2026-07-13 19:58:40.750763,78.2,3,ask
2026-07-13 19:58:42.539611,78.2,11,ask
2026-07-13 19:58:43.975458,78.0,11,bid
2026-07-13 19:58:44.044837,78.0,3,bid
2026-07-13 19:58:46.485264,78.2,3,ask
2026-07-13 19:58:49.110872,78.2,21,ask
2026-07-13 19:58:50.302227,77.80000000000001,21,bid
2026-07-13 19:58:50.424738,77.80000000000001,3,bid
2026-07-13 19:58:53.408767,78.0,3,ask
2026-07-13 19:58:54.369261,78.0,11,ask
2026-07-13 19:58:56.616992,78.0,11,bid
2026-07-13 19:59:00.957130,77.80000000000001,3,bid
2026-07-13 19:59:09.448882,77.30000000000001,3,bid
2026-07-13 19:59:12.389059,77.4,3,ask
2026-07-13 19:59:18.767413,77.0,14,bid
2026-07-13 19:59:33.839032,77.5,14,ask
2026-07-13 20:00:00.277299,77.80000000000001,3,bid
2026-07-13 20:00:07.591848,77.80000000000001,11,bid
2026-07-13 20:00:13.326345,77.9,10,bid
2026-07-13 20:00:22.045979,77.9,21,ask
2026-07-13 20:00:23.838861,77.9,6,ask
2026-07-13 20:00:24.523692,78.2,3,bid
2026-07-13 20:00:26.466478,77.9,3,bid
2026-07-13 20:00:27.777718,77.9,3,ask
2026-07-13 20:00:47.459124,78.0,3,ask
2026-07-13 20:00:55.375066,78.10000000000001,21,ask
2026-07-13 20:00:56.653105,78.2,10,bid
2026-07-13 20:01:00.868330,78.0,10,ask
2026-07-13 20:01:13.750639,77.9,10,bid
2026-07-13 20:01:19.003688,77.80000000000001,11,bid
2026-07-13 20:01:20.212899,77.80000000000001,3,bid
2026-07-13 20:01:22.233186,77.9,3,ask
2026-07-13 20:01:24.059320,77.9,8,ask
2026-07-13 20:01:25.588553,77.7,8,bid
2026-07-13 20:01:28.215959,77.80000000000001,3,bid
2026-07-13 20:01:28.614351,78.0,1,ask
2026-07-13 20:01:38.098151,77.2,4,bid
2026-07-13 20:01:40.038565,77.5,3,ask
2026-07-13 20:02:33.924415,77.9,3,ask
2026-07-13 20:02:35.220005,77.7,3,bid
2026-07-13 20:02:46.885774,78.0,3,ask
2026-07-13 20:03:05.945829,77.7,3,bid
2026-07-13 20:03:52.809273,78.2,3,bid
2026-07-13 20:03:53.022107,78.10000000000001,3,bid
2026-07-13 20:03:53.332907,78.10000000000001,2,bid
2026-07-13 20:03:53.404308,78.10000000000001,2,bid
2026-07-13 20:03:54.176754,78.7,24,ask
2026-07-13 20:03:57.385130,78.60000000000001,11,bid
2026-07-13 20:04:02.123185,78.4,2,bid
2026-07-13 20:04:08.558431,78.60000000000001,2,ask
2026-07-13 20:04:13.826637,78.7,3,bid
2026-07-13 20:04:16.446584,78.60000000000001,3,ask
2026-07-13 20:04:29.621029,78.80000000000001,3,bid
2026-07-13 20:04:34.869480,79.0,3,ask
2026-07-13 20:04:36.433677,79.10000000000001,3,bid
2026-07-13 20:04:47.998486,78.9,3,ask
2026-07-13 20:04:54.572655,78.9,11,ask
2026-07-13 20:04:57.526899,78.80000000000001,11,bid
2026-07-13 20:05:05.065298,78.7,3,bid
2026-07-13 20:05:10.184323,78.2,3,bid
2026-07-13 20:05:24.796555,78.10000000000001,11,bid
2026-07-13 20:05:26.006739,77.9,21,bid
2026-07-13 20:05:27.432261,77.9,11,bid
2026-07-13 20:05:29.108500,78.10000000000001,11,ask
2026-07-13 20:05:29.693938,78.10000000000001,7,ask
2026-07-13 20:05:30.056094,78.10000000000001,2,ask
2026-07-13 20:05:31.371628,78.10000000000001,2,ask
2026-07-13 20:05:32.700010,78.0,11,bid
2026-07-13 20:05:33.996264,78.0,11,bid
2026-07-13 20:05:34.686992,78.2,11,ask
2026-07-13 20:05:37.246839,78.30000000000001,2,ask
2026-07-13 20:05:37.266786,78.30000000000001,2,ask
2026-07-13 20:05:38.256587,78.30000000000001,7,ask
2026-07-13 20:05:41.754161,78.5,21,ask
2026-07-13 20:05:54.033959,78.60000000000001,3,ask
2026-07-13 20:06:33.041192,78.5,3,ask
2026-07-13 20:06:41.879931,78.80000000000001,11,ask
2026-07-13 20:06:43.515850,78.80000000000001,10,ask
2026-07-13 20:06:45.098698,78.5,10,bid
2026-07-13 20:06:45.927089,78.5,11,bid
2026-07-13 20:06:48.213086,78.7,11,ask
2026-07-13 20:06:54.055339,78.5,14,bid
2026-07-13 20:06:55.613997,78.60000000000001,3,ask
2026-07-13 20:06:57.783217,78.4,3,bid
2026-07-13 20:07:13.780528,78.30000000000001,3,bid
2026-07-13 20:07:29.386763,78.4,3,ask
2026-07-13 20:07:42.831884,78.4,3,bid
2026-07-13 20:07:45.277831,78.30000000000001,11,bid
2026-07-13 20:07:48.377851,78.4,11,ask
2026-07-13 20:07:49.214528,78.4,3,ask
2026-07-13 20:08:44.676422,79.0,3,ask
2026-07-13 20:08:48.337689,78.9,3,bid
2026-07-13 20:08:48.546641,79.10000000000001,3,ask
2026-07-13 20:08:54.218487,78.80000000000001,3,bid
2026-07-13 20:09:10.698529,78.7,3,ask
2026-07-13 20:09:14.527720,78.5,3,bid
2026-07-13 20:09:17.016690,78.60000000000001,3,ask
2026-07-13 20:09:23.159084,78.5,3,bid
2026-07-13 20:09:53.865437,78.5,3,ask
2026-07-13 20:10:08.290665,78.7,11,ask
2026-07-13 20:10:26.738851,78.7,11,bid
2026-07-13 20:10:34.997413,78.4,3,bid
2026-07-13 20:10:38.604642,78.2,3,bid
2026-07-13 20:10:38.629295,78.10000000000001,11,bid
2026-07-13 20:10:39.338876,78.60000000000001,14,ask
2026-07-13 20:10:39.763483,78.60000000000001,3,ask
2026-07-13 20:10:42.546805,78.60000000000001,1,bid
2026-07-13 20:10:42.546805,78.60000000000001,2,bid
2026-07-13 20:12:02.432610,78.7,3,bid
2026-07-13 20:12:07.951711,78.9,3,ask
2026-07-13 20:12:33.282668,79.2,3,ask
2026-07-13 20:12:39.141137,79.2,3,bid
2026-07-13 20:12:47.022238,79.10000000000001,3,ask
2026-07-13 20:13:04.963706,79.0,3,bid
2026-07-13 20:13:17.190555,78.7,3,bid
2026-07-13 20:13:19.564008,78.7,3,ask
2026-07-13 20:13:21.135755,78.7,3,bid
2026-07-13 20:13:26.381213,78.60000000000001,3,ask
2026-07-13 20:14:33.265378,78.80000000000001,3,bid
2026-07-13 20:14:34.584297,78.9,3,ask
2026-07-13 20:14:50.373830,79.10000000000001,14,ask
2026-07-13 20:14:51.670441,79.10000000000001,11,bid
2026-07-13 20:14:55.660250,79.10000000000001,3,bid
2026-07-13 20:15:21.839052,79.0,3,bid
2026-07-13 20:15:30.479596,79.30000000000001,3,ask
2026-07-13 20:15:43.207508,78.7,14,bid
2026-07-13 20:15:45.442241,78.7,21,bid
2026-07-13 20:15:48.812860,78.9,11,ask
2026-07-13 20:15:49.376727,78.9,10,ask
2026-07-13 20:16:14.782241,79.30000000000001,14,ask
2026-07-13 20:16:19.576552,79.2,14,bid
2026-07-13 20:16:21.107450,79.5,14,ask
2026-07-13 20:16:24.831100,79.4,3,bid
2026-07-13 20:16:30.056725,79.60000000000001,3,ask
2026-07-13 20:16:59.506274,79.0,14,bid
2026-07-13 20:17:02.240655,79.4,14,ask
2026-07-13 20:17:14.684886,79.7,3,bid
2026-07-13 20:17:21.248504,79.80000000000001,3,ask
2026-07-13 20:17:24.450475,79.30000000000001,14,bid
2026-07-13 20:17:25.381583,79.30000000000001,10,bid
2026-07-13 20:17:27.553479,79.4,10,ask
2026-07-13 20:17:27.633138,79.5,11,ask
2026-07-13 20:17:30.724160,79.7,3,ask
2026-07-13 20:18:07.250247,80.2,10,ask
2026-07-13 20:18:08.748948,80.0,10,bid
2026-07-13 20:18:34.051879,80.0,3,bid
2026-07-13 20:18:35.553144,80.0,11,bid
2026-07-13 20:18:40.330113,80.10000000000001,11,ask
2026-07-13 20:18:44.102622,80.10000000000001,5,bid
2026-07-13 20:18:44.954451,80.10000000000001,1,bid
2026-07-13 20:18:45.265948,80.10000000000001,1,bid
2026-07-13 20:18:51.985762,80.30000000000001,10,ask
2026-07-13 20:19:11.708717,81.10000000000001,3,ask
2026-07-13 20:19:30.355278,81.0,3,bid
2026-07-13 20:19:58.988451,80.7,3,bid
2026-07-13 20:20:02.961023,80.80000000000001,3,ask
2026-07-13 20:20:35.726169,80.9,3,bid
2026-07-13 20:20:37.039906,80.80000000000001,3,ask
2026-07-13 20:20:43.605882,81.0,14,bid
2026-07-13 20:20:46.228117,81.10000000000001,11,ask
2026-07-13 20:20:56.778076,80.80000000000001,21,bid
2026-07-13 20:21:05.944538,80.9,10,ask
2026-07-13 20:21:16.466321,80.9,11,ask
2026-07-13 20:21:36.943531,81.10000000000001,11,bid
2026-07-13 20:21:38.763881,81.10000000000001,10,bid
2026-07-13 20:21:43.209702,81.5,21,ask
2026-07-13 20:21:45.663496,81.5,3,ask
2026-07-13 20:22:07.648516,81.5,3,ask
2026-07-13 20:22:09.247921,81.2,3,bid
2026-07-13 20:22:11.576117,81.2,3,bid
2026-07-13 20:22:11.710293,81.5,3,ask
2026-07-13 20:22:18.693303,81.80000000000001,14,ask
2026-07-13 20:22:24.722976,81.60000000000001,21,ask
2026-07-13 20:22:26.046395,81.5,32,bid
2026-07-13 20:22:28.234881,81.9,32,ask
2026-07-13 20:22:35.297243,82.0,10,ask
2026-07-13 20:22:37.753867,81.7,10,bid
2026-07-13 20:22:48.606583,81.80000000000001,11,bid
2026-07-13 20:22:53.445324,81.7,10,bid
2026-07-13 20:23:00.285279,81.7,11,bid
2026-07-13 20:23:02.947387,81.5,3,bid
2026-07-13 20:23:25.236972,81.80000000000001,3,ask
2026-07-13 20:23:27.900445,81.7,3,bid
2026-07-13 20:23:58.191746,81.30000000000001,2,ask
2026-07-13 20:23:58.266593,81.30000000000001,1,ask
2026-07-13 20:24:00.097518,81.10000000000001,3,bid
2026-07-13 20:24:02.455689,81.10000000000001,3,bid
2026-07-13 20:24:02.601144,81.30000000000001,3,ask
2026-07-13 20:24:04.746950,81.5,3,ask
2026-07-13 20:24:06.439290,81.2,3,bid
2026-07-13 20:24:09.716858,81.4,3,ask
2026-07-13 20:24:12.766698,81.2,3,bid
2026-07-13 20:24:19.223395,81.5,24,ask
2026-07-13 20:24:20.088587,81.30000000000001,10,bid
2026-07-13 20:24:21.588114,81.10000000000001,14,bid
2026-07-13 20:24:49.650172,81.4,3,ask
2026-07-13 20:24:50.811054,81.0,3,bid
2026-07-13 20:24:50.834416,81.0,3,bid
2026-07-13 20:24:53.881489,81.30000000000001,3,ask
2026-07-13 20:25:09.068040,81.60000000000001,3,bid
2026-07-13 20:25:29.091994,81.60000000000001,3,ask
2026-07-13 20:25:30.398876,81.7,7,bid
2026-07-13 20:25:33.028982,81.80000000000001,7,ask
2026-07-13 20:25:35.096400,81.7,3,bid
2026-07-13 20:25:35.670474,81.7,21,bid
2026-07-13 20:25:41.539773,81.80000000000001,10,ask
2026-07-13 20:25:46.171811,81.7,11,ask
2026-07-13 20:26:00.631679,81.60000000000001,11,bid
2026-07-13 20:26:01.937513,81.60000000000001,10,bid
2026-07-13 20:26:02.847897,81.80000000000001,10,ask
2026-07-13 20:26:04.565170,81.9,11,ask
2026-07-13 20:26:05.894787,81.9,3,ask
2026-07-13 20:26:07.097539,81.80000000000001,14,bid
2026-07-13 20:26:09.869887,82.10000000000001,14,ask
2026-07-13 20:26:37.736709,81.80000000000001,14,bid
2026-07-13 20:26:41.578243,81.9,10,bid
2026-07-13 20:26:49.245729,81.80000000000001,11,bid
2026-07-13 20:26:51.009979,82.10000000000001,11,ask
2026-07-13 20:26:51.875052,82.10000000000001,21,ask
2026-07-13 20:26:59.128119,82.10000000000001,7,bid
2026-07-13 20:27:09.392624,81.80000000000001,25,bid
2026-07-13 20:27:20.759236,81.9,11,bid
2026-07-13 20:27:28.634807,82.0,11,bid
2026-07-13 20:27:47.009744,81.9,11,ask
2026-07-13 20:27:53.720330,81.7,11,bid
2026-07-13 20:28:00.660758,82.2,22,ask
2026-07-13 20:28:08.050314,82.30000000000001,21,ask
2026-07-13 20:28:13.305619,82.60000000000001,14,ask
2026-07-13 20:28:34.802260,82.9,3,ask
2026-07-13 20:29:07.176967,82.9,3,bid
2026-07-13 20:29:09.806155,82.80000000000001,3,ask
2026-07-13 20:29:22.950114,82.80000000000001,21,ask
2026-07-13 20:29:29.290903,82.80000000000001,10,bid
2026-07-13 20:29:30.820934,82.9,5,bid
2026-07-13 20:29:35.617681,82.7,6,bid
2026-07-13 20:29:43.727427,82.4,3,bid
2026-07-13 20:29:54.564224,82.7,3,ask
2026-07-13 20:29:54.595987,82.7,11,ask
2026-07-13 20:30:07.259272,82.9,10,ask
2026-07-13 20:30:10.411058,83.0,11,ask
2026-07-13 20:30:23.693748,83.0,11,bid
2026-07-13 20:30:31.436547,82.9,21,bid
2026-07-13 20:30:39.334537,82.5,3,bid
2026-07-13 20:30:59.097062,82.2,3,ask
2026-07-13 20:31:03.493081,82.4,2,bid
2026-07-13 20:31:03.604814,82.2,1,bid
2026-07-13 20:32:01.153214,81.9,3,ask
2026-07-13 20:32:04.787245,81.9,11,ask
2026-07-13 20:32:11.342208,81.9,3,bid
2026-07-13 20:32:11.342208,81.9,8,bid
2026-07-13 20:32:13.826961,82.10000000000001,11,ask
2026-07-13 20:32:13.976095,82.10000000000001,10,ask
2026-07-13 20:32:17.032736,81.9,10,bid
2026-07-13 20:32:19.204715,81.9,11,bid
2026-07-13 20:32:20.146341,82.10000000000001,11,ask
2026-07-13 20:32:22.486198,82.10000000000001,10,ask
2026-07-13 20:32:23.362135,81.9,10,bid
2026-07-13 20:32:25.228541,81.9,11,bid
2026-07-13 20:32:25.792212,81.9,3,bid
2026-07-13 20:32:26.498804,82.2,14,ask
2026-07-13 20:32:27.097350,82.2,10,ask
2026-07-13 20:32:29.086552,82.0,10,bid
2026-07-13 20:32:34.976214,81.9,11,bid
2026-07-13 20:32:55.057862,81.80000000000001,3,bid
2026-07-13 20:32:58.695514,82.10000000000001,14,ask
2026-07-13 20:33:01.380471,81.80000000000001,11,bid
2026-07-13 20:33:02.184636,81.80000000000001,3,bid
2026-07-13 20:33:06.582059,81.9,3,ask
2026-07-13 20:33:07.702681,81.80000000000001,3,bid
2026-07-13 20:33:12.154720,82.0,3,ask
2026-07-13 20:33:14.034099,81.80000000000001,3,bid
2026-07-13 20:34:50.261108,81.9,3,bid
2026-07-13 20:34:58.507519,81.7,11,bid
2026-07-13 20:35:08.895148,81.7,10,bid
2026-07-13 20:35:11.172994,81.0,44,bid
2026-07-13 20:35:11.517224,81.0,6,bid
2026-07-13 20:35:11.607437,81.4,5,ask
2026-07-13 20:35:14.282155,81.4,1,ask
2026-07-13 20:35:15.431163,81.4,11,ask
2026-07-13 20:35:17.439552,81.60000000000001,11,ask
2026-07-13 20:35:18.063886,81.60000000000001,11,ask
2026-07-13 20:35:19.955136,81.9,11,ask
2026-07-13 20:35:25.699488,82.10000000000001,10,ask
2026-07-13 20:35:26.583458,82.10000000000001,11,ask
2026-07-13 20:35:27.012606,81.9,11,bid
2026-07-13 20:35:27.241827,81.9,10,bid
2026-07-13 20:35:35.112851,82.0,3,bid
2026-07-13 20:35:35.723724,82.0,3,bid
2026-07-13 20:35:36.452446,82.10000000000001,6,ask
2026-07-13 20:35:42.774633,82.60000000000001,24,ask
2026-07-13 20:36:01.337822,82.30000000000001,3,bid
2026-07-13 20:36:02.646047,82.30000000000001,11,bid
2026-07-13 20:36:05.277663,82.2,10,bid
2026-07-13 20:36:08.111719,82.4,10,ask
2026-07-13 20:36:08.924254,82.4,11,ask
2026-07-13 20:36:14.457589,82.60000000000001,3,ask
2026-07-13 20:36:14.481346,82.60000000000001,3,ask
2026-07-13 20:36:17.674742,82.30000000000001,3,bid
2026-07-13 20:36:27.124727,82.9,3,ask
2026-07-13 20:36:57.748146,82.60000000000001,3,bid
2026-07-13 20:36:59.058230,82.7,3,ask
2026-07-13 20:37:00.375452,82.7,11,ask
2026-07-13 20:37:01.988987,82.5,14,bid
2026-07-13 20:37:06.935983,82.60000000000001,3,ask
2026-07-13 20:37:16.141986,82.5,3,bid
2026-07-13 20:37:17.767104,82.80000000000001,14,ask
2026-07-13 20:37:23.432533,82.4,11,bid
2026-07-13 20:37:24.003965,82.4,3,bid
2026-07-13 20:38:11.234762,82.60000000000001,14,bid
2026-07-13 20:38:12.492621,82.80000000000001,14,ask
2026-07-13 20:38:42.722823,82.9,1,bid
2026-07-13 20:38:43.256260,83.10000000000001,1,ask
2026-07-13 20:38:55.853122,83.2,3,ask
2026-07-13 20:38:55.870418,83.30000000000001,11,ask
2026-07-13 20:38:57.155102,83.30000000000001,11,bid
2026-07-13 20:38:58.360615,83.2,3,bid
2026-07-13 20:39:18.146564,82.7,14,bid
2026-07-13 20:39:19.536766,82.60000000000001,11,ask
2026-07-13 20:39:29.090962,82.7,11,bid
2026-07-13 20:39:30.779337,82.7,10,bid
2026-07-13 20:39:45.828707,82.7,10,ask
2026-07-13 20:39:52.106273,83.0,11,ask
2026-07-13 20:39:52.986655,83.0,3,ask
2026-07-13 20:40:12.096636,83.0,3,ask
2026-07-13 20:40:22.084026,82.9,3,ask
2026-07-13 20:40:22.084026,82.9,8,ask
2026-07-13 20:40:22.756671,83.0,4,ask
2026-07-13 20:40:22.835465,83.0,3,ask
2026-07-13 20:40:27.837114,83.10000000000001,14,ask
2026-07-13 20:40:27.853609,83.10000000000001,11,ask
2026-07-13 20:40:31.745598,82.80000000000001,11,bid
2026-07-13 20:40:37.287086,82.60000000000001,11,bid
2026-07-13 20:40:39.643878,82.60000000000001,24,bid
2026-07-13 20:40:40.950612,82.60000000000001,11,ask
2026-07-13 20:40:43.279718,82.60000000000001,3,ask
2026-07-13 20:40:46.787888,82.4,11,bid
2026-07-13 20:40:47.500725,82.4,3,bid
2026-07-13 20:40:49.905694,82.7,3,ask
2026-07-13 20:40:50.124535,82.7,11,ask
2026-07-13 20:40:53.111538,82.4,11,bid
2026-07-13 20:40:55.391531,82.4,3,bid
2026-07-13 20:40:59.316916,82.5,14,ask
2026-07-13 20:40:59.438675,82.10000000000001,14,bid
2026-07-13 20:41:13.699890,81.80000000000001,3,bid
2026-07-13 20:41:18.449061,81.60000000000001,9,bid
2026-07-13 20:41:22.795504,81.80000000000001,9,ask
2026-07-13 20:41:22.948974,81.80000000000001,3,ask
2026-07-13 20:41:34.284621,81.4,3,bid
2026-07-13 20:41:34.741488,81.4,11,bid
2026-07-13 20:41:46.896237,81.4,11,ask
2026-07-13 20:41:56.389507,82.10000000000001,3,ask
2026-07-13 20:41:57.079438,82.10000000000001,3,ask
2026-07-13 20:41:59.605777,81.80000000000001,3,bid
2026-07-13 20:42:03.638852,81.9,3,ask
2026-07-13 20:42:05.925932,81.80000000000001,3,bid
2026-07-13 20:42:08.890409,81.9,3,ask
2026-07-13 20:42:13.173258,82.0,3,bid
2026-07-13 20:42:15.428325,81.9,3,bid
2026-07-13 20:42:18.533013,82.2,3,ask
2026-07-13 20:42:32.495579,82.30000000000001,3,ask
2026-07-13 20:42:34.446648,81.9,3,bid
2026-07-13 20:42:37.750436,81.80000000000001,3,bid
2026-07-13 20:42:39.056870,81.80000000000001,11,bid
2026-07-13 20:42:40.067022,81.80000000000001,10,bid
2026-07-13 20:42:42.270439,81.80000000000001,5,ask
2026-07-13 20:42:44.304145,81.9,5,ask
2026-07-13 20:42:45.626822,81.9,2,ask
2026-07-13 20:42:47.099193,81.60000000000001,23,bid
2026-07-13 20:42:48.261155,81.60000000000001,3,bid
2026-07-13 20:42:49.560812,81.80000000000001,14,ask
2026-07-13 20:42:53.368755,82.4,21,ask
2026-07-13 20:42:53.484910,82.4,3,ask
2026-07-13 20:43:11.838192,82.4,3,bid
2026-07-13 20:43:23.038017,82.30000000000001,3,ask
2026-07-13 20:44:09.335886,83.30000000000001,3,ask
2026-07-13 20:44:09.584267,83.30000000000001,21,ask
2026-07-13 20:44:09.697525,83.0,6,bid
2026-07-13 20:44:09.851363,83.0,4,bid
2026-07-13 20:44:10.896788,83.0,1,bid
2026-07-13 20:44:10.933531,83.0,4,bid
2026-07-13 20:44:10.970420,83.0,3,bid
2026-07-13 20:44:11.048738,83.0,3,bid
2026-07-13 20:44:11.095903,83.0,3,bid
2026-07-13 20:44:15.719661,82.5,3,bid
2026-07-13 20:44:16.139875,82.5,11,bid
2026-07-13 20:44:18.540082,82.60000000000001,11,ask
2026-07-13 20:44:18.759400,82.60000000000001,3,ask
2026-07-13 20:44:32.783855,82.30000000000001,3,bid
2026-07-13 20:44:34.645915,82.60000000000001,3,ask
2026-07-13 20:44:42.372997,82.30000000000001,8,bid
2026-07-13 20:44:44.150995,82.80000000000001,8,ask
2026-07-13 20:45:03.392476,82.60000000000001,3,ask
2026-07-13 20:45:06.377332,82.4,3,bid
2026-07-13 20:46:16.865980,82.4,1,ask
2026-07-13 20:46:16.948774,82.4,1,ask
2026-07-13 20:46:17.544873,82.4,1,ask
2026-07-13 20:46:18.189137,82.60000000000001,3,bid
2026-07-13 20:46:21.399826,82.7,3,ask
2026-07-13 20:46:22.355750,82.5,3,bid
2026-07-13 20:46:31.794501,82.80000000000001,14,ask
2026-07-13 20:46:34.059086,82.60000000000001,11,bid
2026-07-13 20:46:37.856047,82.60000000000001,3,bid
2026-07-13 20:46:44.435871,83.10000000000001,14,ask
2026-07-13 20:46:48.339773,82.9,1,bid
2026-07-13 20:46:48.339773,82.9,10,bid
2026-07-13 20:46:48.411191,82.9,3,bid
2026-07-13 20:47:02.812996,82.9,3,ask
2026-07-13 20:47:16.256068,83.0,3,bid
2026-07-13 20:47:22.537309,83.10000000000001,3,ask
2026-07-13 20:47:25.671136,82.9,3,bid
2026-07-13 20:47:31.743566,82.9,14,ask
2026-07-13 20:47:32.007010,82.7,11,bid
2026-07-13 20:47:33.063331,82.7,3,bid
2026-07-13 20:47:35.167736,83.0,3,ask
2026-07-13 20:47:36.537799,83.0,11,ask
2026-07-13 20:47:38.338901,82.80000000000001,11,bid
2026-07-13 20:47:42.262200,82.9,11,ask
2026-07-13 20:47:47.557885,82.80000000000001,1,ask
2026-07-13 20:47:47.557885,82.80000000000001,6,ask
2026-07-13 20:47:50.179952,82.7,7,bid
2026-07-13 20:47:50.930605,82.9,10,ask
2026-07-13 20:47:51.495975,82.9,6,ask
2026-07-13 20:48:09.972961,82.80000000000001,6,bid
2026-07-13 20:48:13.830323,82.80000000000001,10,bid
2026-07-13 20:48:15.157616,82.80000000000001,11,bid
2026-07-13 20:48:16.467328,82.80000000000001,1,ask
2026-07-13 20:48:16.514994,82.80000000000001,1,ask
2026-07-13 20:48:16.553102,82.80000000000001,1,ask
2026-07-13 20:48:16.594628,82.80000000000001,1,ask
2026-07-13 20:48:16.621140,82.80000000000001,1,ask
2026-07-13 20:48:16.659141,82.80000000000001,1,ask
2026-07-13 20:48:16.706791,82.80000000000001,1,ask
2026-07-13 20:48:16.901597,82.80000000000001,1,ask
2026-07-13 20:48:17.181627,82.80000000000001,1,ask
2026-07-13 20:48:17.270803,82.80000000000001,1,ask
2026-07-13 20:48:17.349488,82.80000000000001,1,ask
2026-07-13 20:48:20.717137,82.7,1,ask
2026-07-13 20:48:20.764973,82.7,1,ask
2026-07-13 20:48:20.802050,82.7,1,ask
2026-07-13 20:48:21.713355,82.80000000000001,3,bid
2026-07-13 20:48:32.092245,82.9,10,ask
2026-07-13 20:48:32.194891,82.9,11,ask
2026-07-13 20:48:37.446673,82.80000000000001,3,ask
2026-07-13 20:48:37.527291,82.80000000000001,3,ask
2026-07-13 20:48:37.901423,82.80000000000001,3,ask
2026-07-13 20:48:37.958553,82.80000000000001,2,ask
2026-07-13 20:48:40.723737,82.60000000000001,22,bid
2026-07-13 20:48:44.780613,82.2,24,bid
2026-07-13 20:49:06.738889,82.30000000000001,2,ask
2026-07-13 20:49:12.990731,82.0,1,ask
2026-07-13 20:49:13.555917,81.80000000000001,3,bid
2026-07-13 20:49:16.452773,82.10000000000001,3,ask
2026-07-13 20:49:16.939671,82.10000000000001,11,ask
2026-07-13 20:49:19.611079,81.9,11,bid
2026-07-13 20:49:22.191061,81.9,3,bid
2026-07-13 20:50:00.721062,82.60000000000001,3,ask
2026-07-13 20:50:10.713723,82.30000000000001,3,bid
2026-07-13 20:50:13.452096,81.9,3,bid
2026-07-13 20:50:16.461520,82.0,2,ask
2026-07-13 20:50:17.169136,82.0,1,ask
2026-07-13 20:50:21.970939,81.7,3,bid
2026-07-13 20:50:26.120336,81.60000000000001,11,bid
2026-07-13 20:50:29.224663,81.60000000000001,11,ask
2026-07-13 20:50:32.452967,81.60000000000001,11,bid
2026-07-13 20:50:33.149674,81.60000000000001,10,bid
2026-07-13 20:50:33.943929,81.60000000000001,4,bid
2026-07-13 20:50:38.545400,81.7,4,ask
2026-07-13 20:50:47.564664,82.10000000000001,10,ask
2026-07-13 20:50:57.753918,81.7,10,bid
2026-07-13 20:51:07.251299,81.30000000000001,11,bid
2026-07-13 20:51:07.363744,81.30000000000001,22,bid
2026-07-13 20:51:10.356725,81.4,22,ask
2026-07-13 20:51:11.320292,81.4,11,ask
2026-07-13 20:51:13.576692,81.30000000000001,11,bid
2026-07-13 20:51:29.712704,81.2,11,bid
2026-07-13 20:51:35.721600,81.0,11,bid
2026-07-13 20:51:37.584277,80.9,3,ask
2026-07-13 20:51:42.836908,80.9,8,ask
2026-07-13 20:51:44.182757,81.10000000000001,11,bid
2026-07-13 20:51:47.596987,81.10000000000001,11,ask
2026-07-13 20:51:53.312580,81.2,3,bid
2026-07-13 20:51:53.446003,81.2,3,bid
2026-07-13 20:51:53.566566,81.2,3,bid
2026-07-13 20:51:53.606891,81.2,2,bid
2026-07-13 20:51:53.781795,81.5,22,ask
2026-07-13 20:52:03.278765,81.5,11,ask
2026-07-13 20:52:16.944929,81.30000000000001,11,bid
2026-07-13 20:52:19.547792,81.30000000000001,11,ask
2026-07-13 20:52:19.945855,81.5,21,ask
2026-07-13 20:52:26.262920,81.7,3,ask
2026-07-13 20:52:32.660973,81.7,2,bid
2026-07-13 20:52:38.975683,81.60000000000001,1,bid
2026-07-13 20:52:39.203491,81.60000000000001,11,bid
2026-07-13 20:52:42.082855,82.2,11,ask
2026-07-13 20:52:42.396523,82.2,3,ask
2026-07-13 20:52:53.684234,82.60000000000001,3,ask
2026-07-13 20:52:54.825487,82.30000000000001,3,bid
2026-07-13 20:52:56.296530,82.30000000000001,3,bid
2026-07-13 20:52:57.627774,82.4,3,ask
2026-07-13 20:53:06.612261,82.0,3,bid
2026-07-13 20:53:31.928396,81.80000000000001,32,bid
2026-07-13 20:53:35.974695,82.10000000000001,32,ask
2026-07-13 20:53:36.827115,82.10000000000001,3,ask
2026-07-13 20:53:41.019122,81.80000000000001,3,bid
2026-07-13 20:53:48.894448,81.7,21,bid
2026-07-13 20:53:51.780221,81.9,21,ask
2026-07-13 20:53:52.827725,81.9,3,ask
2026-07-13 20:54:32.900855,82.30000000000001,3,ask
2026-07-13 20:54:33.624582,82.30000000000001,7,ask
2026-07-13 20:54:34.972866,82.30000000000001,2,bid
2026-07-13 20:54:36.122319,82.30000000000001,5,bid
2026-07-13 20:54:55.143794,82.0,3,bid
2026-07-13 20:55:01.406912,82.10000000000001,3,ask
2026-07-13 20:55:24.905117,82.0,3,bid
2026-07-13 20:55:36.752709,81.60000000000001,3,bid
2026-07-13 20:55:39.439212,81.60000000000001,3,ask
2026-07-13 20:56:21.490710,81.7,7,bid
2026-07-13 20:56:26.899544,82.10000000000001,7,ask
2026-07-13 20:57:20.647662,81.30000000000001,3,bid
2026-07-13 20:57:20.759765,81.5,1,ask
2026-07-13 20:57:24.581133,81.4,5,bid
2026-07-13 20:57:31.130622,81.0,7,bid
2026-07-13 20:57:38.863489,80.60000000000001,21,bid
2026-07-13 20:57:49.490649,80.7,11,ask
2026-07-13 20:57:54.672174,80.80000000000001,11,bid
2026-07-13 20:57:58.663259,80.60000000000001,11,bid
2026-07-13 20:58:04.502817,80.9,11,ask
2026-07-13 20:58:14.525554,80.0,44,bid
2026-07-13 20:58:20.042500,80.2,11,ask
2026-07-13 20:58:20.796437,80.5,33,ask
2026-07-13 20:58:23.576995,80.5,11,ask
2026-07-13 20:58:24.714480,80.30000000000001,11,bid
2026-07-13 20:58:24.892489,80.30000000000001,22,bid
2026-07-13 20:58:30.925839,80.30000000000001,11,ask
2026-07-13 20:58:33.449192,80.4,11,ask
2026-07-13 20:58:39.779699,80.7,11,ask
2026-07-13 20:58:45.283577,80.9,21,ask
2026-07-13 20:58:47.212856,80.9,3,ask
2026-07-13 20:59:00.319149,80.80000000000001,3,bid
2026-07-13 20:59:13.427185,80.9,3,ask
2026-07-13 20:59:18.702450,81.10000000000001,14,ask
2026-07-13 20:59:19.997889,81.10000000000001,11,bid
2026-07-13 20:59:20.974628,80.80000000000001,3,bid
2026-07-13 20:59:46.207133,80.7,3,bid
2026-07-13 20:59:55.389737,80.60000000000001,3,ask
2026-07-13 21:00:01.782734,80.80000000000001,3,ask
2026-07-13 21:00:04.598754,80.60000000000001,3,bid
2026-07-13 21:00:05.922322,80.60000000000001,3,ask
2026-07-13 21:00:26.917495,80.9,3,bid
2026-07-13 21:00:27.343141,81.10000000000001,3,ask
2026-07-13 21:00:28.245178,81.10000000000001,11,ask
2026-07-13 21:00:34.805269,81.10000000000001,10,ask
2026-07-13 21:00:35.627853,81.10000000000001,11,ask
2026-07-13 21:00:36.189886,80.9,32,bid
2026-07-13 21:00:42.683330,80.80000000000001,3,bid
2026-07-13 21:00:59.075952,81.10000000000001,3,ask
2026-07-13 21:01:08.907302,81.0,11,ask
2026-07-13 21:01:12.848400,81.0,11,bid
2026-07-13 21:01:15.476748,81.10000000000001,3,bid
2026-07-13 21:01:27.535497,81.30000000000001,14,ask
2026-07-13 21:01:27.669823,81.0,5,bid
2026-07-13 21:01:27.730505,81.0,5,bid
2026-07-13 21:01:27.975775,81.0,1,bid
2026-07-13 21:01:44.693264,80.80000000000001,3,bid
2026-07-13 21:02:11.814639,80.80000000000001,3,ask
2026-07-13 21:02:19.745863,80.7,3,bid
2026-07-13 21:02:21.060696,80.7,3,ask
2026-07-13 21:02:24.452418,81.10000000000001,11,ask
2026-07-13 21:02:24.998614,81.0,10,ask
2026-07-13 21:02:40.376692,80.80000000000001,10,bid
2026-07-13 21:02:43.364901,80.80000000000001,14,bid
2026-07-13 21:02:45.893260,80.9,3,ask
2026-07-13 21:02:46.720122,80.5,3,bid
2026-07-13 21:02:52.567220,80.60000000000001,1,ask
2026-07-13 21:02:53.874134,80.60000000000001,1,bid
2026-07-13 21:03:20.404963,80.60000000000001,3,ask
2026-07-13 21:03:24.060560,80.60000000000001,3,bid
2026-07-13 21:03:30.205413,80.9,3,ask
2026-07-13 21:03:33.363168,81.10000000000001,11,ask
2026-07-13 21:03:36.554481,81.0,3,bid
2026-07-13 21:03:38.619811,81.10000000000001,3,ask
2026-07-13 21:03:53.222457,80.80000000000001,14,bid
2026-07-13 21:04:20.523600,81.0,14,ask
2026-07-13 21:04:24.673870,81.10000000000001,2,bid
2026-07-13 21:04:27.095924,80.9,2,ask
2026-07-13 21:04:31.059150,80.9,11,bid
2026-07-13 21:04:31.407616,81.10000000000001,21,ask
2026-07-13 21:04:32.365818,81.10000000000001,11,ask
2026-07-13 21:04:34.453795,80.80000000000001,21,bid
2026-07-13 21:04:37.614104,80.9,21,ask
2026-07-13 21:04:41.638518,80.80000000000001,21,bid
2026-07-13 21:04:44.178609,80.7,10,ask
2026-07-13 21:04:47.095701,80.5,21,bid
2026-07-13 21:04:56.586563,80.30000000000001,3,bid
2026-07-13 21:05:23.963255,79.80000000000001,2,bid
2026-07-13 21:05:24.803714,79.80000000000001,1,bid
2026-07-13 21:05:31.420522,80.10000000000001,3,ask
2026-07-13 21:05:34.566462,79.9,3,bid
2026-07-13 21:05:47.131193,80.0,3,ask
2026-07-13 21:06:01.617931,79.9,24,bid
2026-07-13 21:06:10.806076,80.10000000000001,10,ask
2026-07-13 21:06:20.900717,80.2,8,ask
2026-07-13 21:06:32.606432,80.4,3,ask
2026-07-13 21:06:37.851568,80.30000000000001,2,bid
2026-07-13 21:06:40.991715,80.30000000000001,2,ask
2026-07-13 21:06:50.471189,80.60000000000001,3,ask
2026-07-13 21:06:54.809181,80.60000000000001,2,bid
2026-07-13 21:06:56.861488,80.5,1,bid
2026-07-13 21:07:04.465607,80.30000000000001,11,bid
2026-07-13 21:07:05.680138,80.30000000000001,10,bid
2026-07-13 21:07:05.952379,80.2,4,ask
2026-07-13 21:07:06.472646,80.2,5,ask
2026-07-13 21:07:06.520919,80.2,1,ask
2026-07-13 21:07:09.526474,80.0,10,bid
2026-07-13 21:07:16.552681,80.0,1,ask
2026-07-13 21:07:16.552681,80.0,9,ask
2026-07-13 21:07:20.371279,80.4,14,ask
2026-07-13 21:07:36.130651,80.60000000000001,3,ask
2026-07-13 21:07:38.030312,80.60000000000001,3,bid
2026-07-13 21:07:53.209273,80.7,14,bid
2026-07-13 21:07:53.791651,81.10000000000001,14,ask
2026-07-13 21:08:02.391386,81.0,3,ask
2026-07-13 21:08:03.332773,80.7,3,bid
2026-07-13 21:08:03.700951,80.7,3,bid
2026-07-13 21:08:05.524132,80.7,3,ask
2026-07-13 21:08:08.940818,80.9,3,ask
2026-07-13 21:08:09.666973,80.60000000000001,3,bid
2026-07-13 21:08:10.253773,80.60000000000001,3,bid
2026-07-13 21:08:11.031268,80.60000000000001,11,bid
2026-07-13 21:08:12.784067,80.80000000000001,14,ask
2026-07-13 21:08:23.408150,80.60000000000001,3,bid
2026-07-13 21:08:27.352834,80.5,3,ask
2026-07-13 21:08:44.417448,80.7,3,ask
2026-07-13 21:08:47.632596,80.60000000000001,3,bid
2026-07-13 21:09:06.720411,80.10000000000001,14,bid
2026-07-13 21:09:19.945688,79.80000000000001,21,bid
2026-07-13 21:09:21.177199,79.80000000000001,11,bid
2026-07-13 21:09:21.289165,79.80000000000001,11,bid
2026-07-13 21:09:26.865494,79.9,11,ask
2026-07-13 21:09:28.736258,80.2,32,ask
2026-07-13 21:09:29.082241,80.2,14,ask
2026-07-13 21:09:31.193272,80.10000000000001,3,bid
2026-07-13 21:09:31.957167,79.9,11,bid
2026-07-13 21:09:31.972572,79.9,10,bid
2026-07-13 21:09:40.454829,80.0,2,bid
2026-07-13 21:09:41.406163,80.2,2,ask
2026-07-13 21:09:43.617719,80.30000000000001,10,ask
2026-07-13 21:09:44.860706,80.2,4,bid
2026-07-13 21:09:47.771929,79.80000000000001,17,bid
2026-07-13 21:09:49.509053,80.0,11,ask
2026-07-13 21:09:52.747365,80.10000000000001,10,ask
2026-07-13 21:09:57.213562,80.5,11,ask
2026-07-13 21:09:57.601439,80.5,3,ask
2026-07-13 21:10:00.648247,80.2,14,bid
2026-07-13 21:10:03.535702,80.60000000000001,12,ask
2026-07-13 21:10:04.048385,80.60000000000001,2,ask
2026-07-13 21:10:19.080909,80.9,14,ask
2026-07-13 21:10:24.450568,81.0,10,ask
2026-07-13 21:10:32.086607,80.4,24,bid
2026-07-13 21:10:52.013633,80.60000000000001,3,ask
2026-07-13 21:10:54.252271,80.4,3,bid
2026-07-13 21:10:59.957329,80.5,3,ask
2026-07-13 21:11:01.260437,80.4,3,bid
2026-07-13 21:11:36.701911,80.60000000000001,14,ask
2026-07-13 21:11:36.980880,80.7,11,bid
2026-07-13 21:11:41.660508,80.9,11,ask
2026-07-13 21:11:44.613770,80.80000000000001,5,bid
2026-07-13 21:11:44.683602,80.80000000000001,5,bid
2026-07-13 21:11:44.869554,80.80000000000001,1,bid
2026-07-13 21:12:01.687697,80.7,3,bid
2026-07-13 21:12:03.827986,80.80000000000001,3,ask
2026-07-13 21:12:04.336866,80.80000000000001,11,ask
2026-07-13 21:12:05.659762,80.80000000000001,10,ask
2026-07-13 21:12:06.966563,80.7,21,bid
2026-07-13 21:12:07.045187,80.60000000000001,3,bid
2026-07-13 21:12:10.448274,80.60000000000001,2,ask
2026-07-13 21:12:26.021322,80.5,2,bid
2026-07-13 21:12:31.415788,80.4,3,ask
2026-07-13 21:12:33.863016,80.5,3,bid
2026-07-13 21:12:35.466177,80.7,3,ask
2026-07-13 21:12:35.772327,80.7,11,ask
2026-07-13 21:12:35.830786,80.7,32,ask
2026-07-13 21:12:37.629666,80.60000000000001,5,bid
2026-07-13 21:12:37.911633,80.4,27,bid
2026-07-13 21:12:39.792036,80.4,11,bid
2026-07-13 21:12:59.287146,80.10000000000001,3,bid
2026-07-13 21:13:00.820982,80.0,3,ask
2026-07-13 21:13:03.431900,80.0,3,bid
2026-07-13 21:13:04.131048,79.80000000000001,3,bid
2026-07-13 21:13:13.981534,80.0,3,ask
2026-07-13 21:13:42.022434,79.9,14,bid
2026-07-13 21:13:46.901813,79.9,11,ask
2026-07-13 21:13:54.618407,80.30000000000001,3,ask
2026-07-13 21:14:05.904762,80.5,3,ask
2026-07-13 21:14:07.348037,80.10000000000001,3,bid
2026-07-13 21:14:26.453103,79.9,3,bid
2026-07-13 21:14:37.365781,79.9,5,bid
2026-07-13 21:14:40.780924,79.9,8,ask
2026-07-13 21:14:42.131607,79.7,14,bid
2026-07-13 21:14:43.382268,79.7,10,bid
2026-07-13 21:14:44.498860,79.9,10,ask
2026-07-13 21:14:45.241431,80.10000000000001,14,ask
2026-07-13 21:15:07.001895,80.2,3,ask
2026-07-13 21:15:12.235477,80.2,3,bid
2026-07-13 21:15:20.959772,80.60000000000001,3,ask
2026-07-13 21:15:24.063582,80.4,3,bid
2026-07-13 21:15:26.372211,80.60000000000001,3,ask
2026-07-13 21:15:45.411858,80.5,3,bid
2026-07-13 21:16:01.244256,80.30000000000001,3,bid
2026-07-13 21:16:02.154299,80.30000000000001,11,bid
2026-07-13 21:16:04.354754,80.30000000000001,11,ask
2026-07-13 21:16:09.959699,80.60000000000001,3,ask
2026-07-13 21:16:27.134504,80.9,24,ask
2026-07-13 21:16:28.442456,80.9,10,bid
2026-07-13 21:16:29.727842,80.7,14,bid
2026-07-13 21:16:33.635134,80.7,3,ask
2026-07-13 21:16:36.192996,80.7,3,bid
2026-07-13 21:16:38.974272,80.9,14,ask
2026-07-13 21:16:40.284731,81.10000000000001,11,bid
2026-07-13 21:16:42.326183,81.2,11,ask
2026-07-13 21:16:42.935771,81.2,10,ask
2026-07-13 21:16:45.556759,81.30000000000001,9,bid
2026-07-13 21:16:46.876588,81.30000000000001,1,bid
2026-07-13 21:16:51.815012,81.2,11,bid
2026-07-13 21:17:11.336085,80.80000000000001,3,bid
2026-07-13 21:17:42.086416,80.7,14,ask
2026-07-13 21:17:42.196376,80.7,6,bid
2026-07-13 21:17:42.211925,80.7,5,bid
2026-07-13 21:17:42.472612,80.5,3,bid
2026-07-13 21:18:28.115047,80.7,2,ask
2026-07-13 21:18:28.242648,80.7,2,ask
2026-07-13 21:18:28.596527,80.7,2,ask
2026-07-13 21:18:28.728799,80.7,2,ask
2026-07-13 21:18:28.786785,80.7,2,ask
2026-07-13 21:18:29.470246,80.60000000000001,7,bid
2026-07-13 21:18:30.796139,80.60000000000001,3,bid
2026-07-13 21:18:36.040719,80.5,3,ask
2026-07-13 21:18:39.467751,79.9,6,bid
2026-07-13 21:18:45.092344,80.5,3,ask
2026-07-13 21:19:17.137412,80.7,14,ask
2026-07-13 21:19:26.969047,80.80000000000001,11,bid
2026-07-13 21:19:27.455640,80.80000000000001,3,bid
2026-07-13 21:19:32.730337,81.0,14,ask
2026-07-13 21:19:34.038346,80.9,14,bid
2026-07-13 21:19:36.372265,81.0,3,ask
2026-07-13 21:19:40.614224,81.2,3,bid
2026-07-13 21:19:49.796962,81.0,3,bid
2026-07-13 21:19:51.601475,81.10000000000001,3,ask
2026-07-13 21:19:52.206673,81.4,3,ask
2026-07-13 21:19:55.887722,81.10000000000001,3,bid
2026-07-13 21:20:05.582244,81.2,14,ask
2026-07-13 21:20:08.089597,81.10000000000001,11,bid
2026-07-13 21:20:08.194499,81.10000000000001,3,bid
2026-07-13 21:20:20.716829,81.0,3,ask
2026-07-13 21:20:25.271664,80.9,3,bid
2026-07-13 21:20:27.046752,80.9,3,ask
2026-07-13 21:20:33.420792,80.0,27,bid
2026-07-13 21:20:35.932138,80.2,10,ask
2026-07-13 21:20:36.119918,80.30000000000001,11,ask
2026-07-13 21:20:39.701374,80.80000000000001,6,ask
2026-07-13 21:20:49.135797,80.60000000000001,3,bid
2026-07-13 21:21:11.450757,79.80000000000001,2,bid
2026-07-13 21:21:17.773792,80.0,12,bid
2026-07-13 21:21:19.108322,80.2,3,ask
2026-07-13 21:21:19.451144,80.2,3,ask
2026-07-13 21:21:27.148626,79.9,5,ask
2026-07-13 21:21:27.208879,80.10000000000001,3,ask
2026-07-13 21:21:39.929264,79.80000000000001,14,bid
2026-07-13 21:21:41.770758,80.0,4,ask
2026-07-13 21:21:42.232562,80.0,3,ask
2026-07-13 21:21:43.389664,80.0,3,ask
2026-07-13 21:21:45.044349,80.0,1,ask
2026-07-13 21:21:46.911209,79.9,11,bid
2026-07-13 21:21:52.181564,80.10000000000001,11,ask
2026-07-13 21:21:53.531556,80.10000000000001,2,ask
2026-07-13 21:21:54.720936,80.10000000000001,1,ask
2026-07-13 21:22:05.386395,79.7,24,bid
2026-07-13 21:22:05.413496,79.7,11,bid
2026-07-13 21:22:08.329120,79.80000000000001,21,ask
2026-07-13 21:22:13.874621,79.80000000000001,11,ask
2026-07-13 21:22:28.396996,79.9,3,ask
2026-07-13 21:22:52.718120,79.60000000000001,24,bid
2026-07-13 21:22:55.892893,80.10000000000001,24,ask
2026-07-13 21:23:46.570502,79.4,3,ask
2026-07-13 21:23:48.929483,79.4,3,bid
2026-07-13 21:23:59.696273,79.4,3,ask
2026-07-13 21:24:02.335125,79.10000000000001,3,bid
2026-07-13 21:24:33.967404,79.10000000000001,3,bid
2026-07-13 21:24:36.760525,79.10000000000001,11,bid
2026-07-13 21:24:39.071759,79.2,11,ask
2026-07-13 21:24:45.662332,79.2,11,bid
2026-07-13 21:24:53.562171,79.30000000000001,10,bid
2026-07-13 21:25:05.810671,79.5,10,ask
2026-07-13 21:25:06.699936,79.5,11,ask
2026-07-13 21:25:15.904699,79.4,21,bid
2026-07-13 21:25:21.574509,79.5,10,ask
2026-07-13 21:25:23.949695,79.7,11,ask
2026-07-13 21:25:38.552962,79.5,3,ask
2026-07-13 21:26:00.551926,79.2,14,bid
2026-07-13 21:26:02.572611,79.30000000000001,11,ask
2026-07-13 21:26:03.174598,79.30000000000001,3,ask
2026-07-13 21:26:37.398429,79.4,3,ask
2026-07-13 21:26:41.519823,79.30000000000001,3,bid
2026-07-13 21:26:46.162177,79.4,3,ask
2026-07-13 21:27:14.172014,79.80000000000001,21,ask
2026-07-13 21:27:15.411971,79.60000000000001,21,bid
2026-07-13 21:27:16.822645,79.60000000000001,3,bid
2026-07-13 21:27:18.520157,79.9,14,ask
2026-07-13 21:27:23.379856,79.80000000000001,11,bid
2026-07-13 21:27:27.339475,79.60000000000001,3,bid
2026-07-13 21:28:00.169964,80.10000000000001,14,ask
2026-07-13 21:28:02.146772,79.80000000000001,14,bid
2026-07-13 21:28:18.680876,79.60000000000001,3,bid
2026-07-13 21:28:25.003098,79.30000000000001,21,bid
2026-07-13 21:28:27.760208,79.30000000000001,11,bid
2026-07-13 21:28:31.328468,79.2,22,bid
2026-07-13 21:28:34.051579,79.10000000000001,22,bid
2026-07-13 21:28:51.384347,79.5,11,ask
2026-07-13 21:28:51.726065,79.5,11,ask
2026-07-13 21:28:53.466124,79.4,22,bid
2026-07-13 21:28:59.031711,79.60000000000001,11,ask
2026-07-13 21:29:04.483923,79.60000000000001,22,ask
2026-07-13 21:29:09.735963,79.60000000000001,11,ask
2026-07-13 21:29:14.869586,79.9,21,ask
2026-07-13 21:29:21.193617,80.2,11,ask
2026-07-13 21:29:21.543206,80.2,3,ask
2026-07-13 21:29:50.330919,80.80000000000001,3,ask
2026-07-13 21:29:50.379271,80.80000000000001,11,ask
2026-07-13 21:29:51.113217,80.5,4,bid
2026-07-13 21:29:52.918941,80.60000000000001,7,bid
2026-07-13 21:29:53.018757,80.60000000000001,3,bid
2026-07-13 21:30:18.830137,80.0,3,bid
2026-07-13 21:30:20.613208,79.9,3,ask
2026-07-13 21:30:40.364133,79.5,14,bid
2026-07-13 21:30:56.812506,80.2,17,ask
2026-07-13 21:31:02.252022,80.0,3,bid
2026-07-13 21:31:10.537520,79.80000000000001,3,ask
2026-07-13 21:31:12.028318,79.7,3,bid
2026-07-13 21:31:37.327701,79.30000000000001,14,bid
2026-07-13 21:31:41.080086,79.30000000000001,10,bid
2026-07-13 21:31:47.415271,79.0,22,bid
2026-07-13 21:31:53.744694,78.80000000000001,11,bid
2026-07-13 21:31:53.836533,78.80000000000001,11,bid
2026-07-13 21:31:56.862615,79.10000000000001,11,ask
2026-07-13 21:32:08.900674,79.4,11,ask
2026-07-13 21:32:09.549768,79.4,22,ask
2026-07-13 21:32:20.030755,79.4,21,ask
2026-07-13 21:32:28.932892,79.60000000000001,3,ask
2026-07-13 21:32:31.714515,79.4,3,bid
2026-07-13 21:32:42.330464,79.4,21,bid
2026-07-13 21:32:44.353762,79.5,21,ask
2026-07-13 21:32:44.676546,79.5,3,ask
2026-07-13 21:32:55.475127,79.30000000000001,3,bid
2026-07-13 21:33:11.202832,79.2,11,bid
2026-07-13 21:33:15.993446,79.4,11,ask
2026-07-13 21:33:21.695017,79.5,1,bid
2026-07-13 21:33:22.317733,80.0,4,ask
2026-07-13 21:33:47.656570,81.0,24,ask
2026-07-13 21:33:47.963191,81.0,11,ask
2026-07-13 21:33:50.185774,80.9,11,bid
2026-07-13 21:33:51.467625,80.80000000000001,10,bid
2026-07-13 21:33:57.160439,80.7,11,bid
2026-07-13 21:34:13.047271,80.5,3,bid
2026-07-13 21:34:18.586689,80.80000000000001,3,ask
2026-07-13 21:34:19.363474,80.60000000000001,3,bid
2026-07-13 21:34:28.690454,80.60000000000001,3,ask
2026-07-13 21:34:31.300382,80.5,3,bid
2026-07-13 21:34:44.625549,81.10000000000001,14,ask
2026-07-13 21:34:56.615285,80.60000000000001,11,bid
2026-07-13 21:34:56.772798,80.60000000000001,3,bid
2026-07-13 21:35:09.380718,80.4,24,bid
2026-07-13 21:35:10.688783,80.2,10,ask
2026-07-13 21:35:13.306538,80.4,11,ask
2026-07-13 21:35:13.598074,80.4,3,ask
2026-07-13 21:36:03.170324,80.30000000000001,3,bid
2026-07-13 21:36:03.808386,80.2,11,bid
2026-07-13 21:36:32.075488,80.2,14,ask
2026-07-13 21:36:58.319769,80.7,14,ask
2026-07-13 21:37:06.329820,80.7,11,bid
2026-07-13 21:37:08.813231,80.7,3,bid
2026-07-13 21:37:14.066287,80.5,5,ask
2026-07-13 21:37:35.078329,80.5,2,bid
2026-07-13 21:37:44.576599,80.5,4,ask
2026-07-13 21:37:44.646963,80.5,4,ask
2026-07-13 21:37:47.289365,80.10000000000001,3,ask
2026-07-13 21:37:48.214149,79.80000000000001,14,bid
2026-07-13 21:37:52.121153,80.0,3,ask
2026-07-13 21:37:54.557408,79.80000000000001,3,bid
2026-07-13 21:38:13.113295,79.7,3,bid
2026-07-13 21:38:13.490835,79.9,3,ask
2026-07-13 21:38:23.041366,79.60000000000001,3,bid
2026-07-13 21:38:23.615870,79.60000000000001,11,bid
2026-07-13 21:38:26.154790,79.7,11,ask
2026-07-13 21:38:32.525912,80.0,3,ask
2026-07-13 21:38:48.530030,80.2,24,ask
2026-07-13 21:38:49.846318,80.2,21,bid
2026-07-13 21:38:50.741514,80.0,3,bid
2026-07-13 21:39:07.156499,80.0,3,bid
2026-07-13 21:39:13.657696,80.2,3,ask
2026-07-13 21:39:18.705598,80.2,3,bid
2026-07-13 21:39:19.187543,80.4,3,ask
2026-07-13 21:39:38.945007,80.60000000000001,3,ask
2026-07-13 21:39:45.887511,80.5,3,bid
2026-07-13 21:40:17.373378,80.30000000000001,3,bid
2026-07-13 21:40:19.047814,80.30000000000001,21,bid
2026-07-13 21:40:20.088402,80.7,24,ask
2026-07-13 21:40:38.695318,80.5,3,bid
2026-07-13 21:40:49.182785,80.60000000000001,3,ask
2026-07-13 21:41:11.514174,81.10000000000001,3,ask
2026-07-13 21:41:13.949862,81.0,3,bid
2026-07-13 21:41:43.078550,81.2,3,ask
2026-07-13 21:41:48.168557,81.0,3,bid
2026-07-13 21:41:50.605025,81.10000000000001,3,ask
2026-07-13 21:42:00.623447,80.7,3,bid
2026-07-13 21:42:14.572066,80.60000000000001,3,bid
2026-07-13 21:42:22.446620,80.4,3,ask
2026-07-13 21:42:34.197149,80.9,3,ask
2026-07-13 21:42:36.231904,80.5,3,bid
2026-07-13 21:42:53.935132,80.60000000000001,1,ask
2026-07-13 21:42:58.371308,80.2,1,bid
2026-07-13 21:43:05.732669,80.2,3,bid
2026-07-13 21:43:09.690017,80.2,3,ask
2026-07-13 21:43:11.058434,80.10000000000001,24,bid
2026-07-13 21:43:13.379907,80.2,10,ask
2026-07-13 21:43:14.166104,80.5,14,ask
2026-07-13 21:43:45.434903,80.10000000000001,3,bid
2026-07-13 21:43:52.452165,80.5,3,ask
2026-07-13 21:44:16.771518,80.4,3,ask
2026-07-13 21:44:17.533025,80.2,3,bid
2026-07-13 21:44:57.547897,80.4,3,ask
2026-07-13 21:45:08.173175,80.30000000000001,3,bid
2026-07-13 21:45:11.991627,80.5,14,ask
2026-07-13 21:45:14.503382,80.30000000000001,14,bid
2026-07-13 21:45:31.716356,80.30000000000001,14,bid
2026-07-13 21:45:33.020758,80.2,4,ask
2026-07-13 21:45:33.020758,80.2,7,ask
2026-07-13 21:45:34.337969,80.2,11,bid
2026-07-13 21:45:35.661855,80.2,10,bid
2026-07-13 21:45:36.589856,80.4,10,ask
2026-07-13 21:45:36.976183,80.4,11,ask
2026-07-13 21:45:44.158612,80.4,11,bid
2026-07-13 21:45:44.842974,80.2,4,ask
2026-07-13 21:45:46.150529,80.2,14,bid
2026-07-13 21:46:23.472913,80.2,11,bid
2026-07-13 21:46:28.160683,80.30000000000001,33,bid
2026-07-13 21:46:30.366673,80.60000000000001,22,ask
2026-07-13 21:46:36.693855,80.60000000000001,11,ask
2026-07-13 21:46:39.173466,80.7,11,ask
2026-07-13 21:46:42.623873,80.80000000000001,21,ask
2026-07-13 21:46:44.744022,80.80000000000001,3,ask
2026-07-13 21:47:02.002144,81.10000000000001,3,ask
2026-07-13 21:47:12.593206,81.10000000000001,11,ask
2026-07-13 21:47:18.037001,81.10000000000001,6,bid
2026-07-13 21:47:23.291441,81.0,5,bid
2026-07-13 21:47:33.727370,80.7,3,bid
2026-07-13 21:47:43.249974,80.4,14,bid
2026-07-13 21:47:46.955355,80.9,14,ask
2026-07-13 21:47:49.569296,80.60000000000001,14,bid
2026-07-13 21:47:50.660949,80.60000000000001,10,bid
2026-07-13 21:48:02.236602,80.60000000000001,11,bid
2026-07-13 21:48:03.471111,80.60000000000001,11,bid
2026-07-13 21:48:09.284421,80.7,11,ask
2026-07-13 21:48:09.533369,80.7,11,ask
2026-07-13 21:48:11.915958,80.7,7,ask
2026-07-13 21:48:12.026268,80.7,3,ask
2026-07-13 21:48:13.177007,80.7,4,ask
2026-07-13 21:48:14.546449,80.60000000000001,7,ask
2026-07-13 21:48:18.468979,80.5,21,bid
2026-07-13 21:48:27.696980,80.7,10,ask
2026-07-13 21:48:34.191302,80.80000000000001,14,ask
2026-07-13 21:49:09.606227,80.80000000000001,3,bid
2026-07-13 21:49:11.762980,81.30000000000001,3,ask
2026-07-13 21:49:24.024935,80.9,24,bid
2026-07-13 21:49:27.586277,81.0,10,ask
2026-07-13 21:49:27.962084,81.0,14,ask
2026-07-13 21:49:37.132501,80.7,14,bid
2026-07-13 21:49:45.916870,80.7,11,ask
2026-07-13 21:49:47.631931,80.7,3,ask
2026-07-13 21:50:00.756244,81.0,3,ask
2026-07-13 21:50:16.483639,80.9,3,bid
2026-07-13 21:50:24.379451,81.10000000000001,14,ask
2026-07-13 21:50:42.764539,81.10000000000001,11,bid
2026-07-13 21:50:55.858380,80.9,11,ask
2026-07-13 21:51:02.407063,80.80000000000001,14,bid
2026-07-13 21:51:03.735258,80.7,14,ask
2026-07-13 21:51:07.512434,80.9,11,bid
2026-07-13 21:51:19.610241,80.9,11,ask
2026-07-13 21:51:21.526565,80.7,11,bid
2026-07-13 21:51:27.328199,81.0,11,ask
2026-07-13 21:51:39.165463,80.9,9,bid
2026-07-13 21:51:46.812222,80.9,2,bid
2026-07-13 21:51:52.280204,80.80000000000001,3,bid
2026-07-13 21:51:56.294761,80.2,3,bid
2026-07-13 21:52:05.415422,80.30000000000001,3,ask
2026-07-13 21:52:12.107670,80.10000000000001,3,bid
2026-07-13 21:52:17.756734,80.10000000000001,3,ask
2026-07-13 21:52:57.678601,80.9,3,ask
2026-07-13 21:53:19.506808,80.80000000000001,3,bid
2026-07-13 21:54:24.371135,81.60000000000001,3,ask
2026-07-13 21:54:24.642557,81.60000000000001,21,ask
2026-07-13 21:54:28.228680,81.7,11,ask
2026-07-13 21:54:32.230120,81.5,4,bid
2026-07-13 21:54:33.437459,81.60000000000001,7,bid
2026-07-13 21:54:35.191214,81.60000000000001,4,bid
2026-07-13 21:54:37.738467,81.30000000000001,20,bid
2026-07-13 21:54:38.204870,81.5,3,ask
2026-07-13 21:54:39.147661,81.4,4,ask
2026-07-13 21:54:44.059635,81.30000000000001,4,bid
2026-07-13 21:54:44.413178,81.30000000000001,3,bid
2026-07-13 21:54:49.668821,81.5,3,ask
2026-07-13 21:54:56.702915,81.10000000000001,3,bid
2026-07-13 21:55:01.445564,81.2,3,ask
2026-07-13 21:55:04.093773,81.2,3,bid
2026-07-13 21:55:10.968032,81.2,3,ask
2026-07-13 21:55:12.175189,81.10000000000001,3,bid
2026-07-13 21:55:21.145023,81.10000000000001,3,ask
2026-07-13 21:55:26.719161,81.0,3,bid
2026-07-13 21:55:52.605593,81.2,14,ask
2026-07-13 21:55:53.701069,80.9,14,bid
2026-07-13 21:56:06.326800,81.4,3,ask
2026-07-13 21:56:07.033531,81.4,1,ask
2026-07-13 21:56:07.049738,81.2,10,ask
2026-07-13 21:56:09.542673,81.30000000000001,11,bid
2026-07-13 21:56:29.370344,81.4,3,bid
2026-07-13 21:56:31.638020,81.60000000000001,14,ask
2026-07-13 21:56:35.921827,81.4,11,bid
2026-07-13 21:56:43.806718,81.5,11,ask
2026-07-13 21:56:47.494690,81.0,14,bid
2026-07-13 21:56:51.708892,81.30000000000001,14,ask
2026-07-13 21:56:53.828322,81.0,14,bid
2026-07-13 21:57:16.219771,81.0,3,bid
2026-07-13 21:57:20.587376,81.0,11,bid
2026-07-13 21:57:24.535876,81.2,10,bid
2026-07-13 21:57:25.336862,81.0,14,ask
2026-07-13 21:57:25.838799,81.10000000000001,4,bid
2026-07-13 21:57:32.423703,80.9,11,ask
2026-07-13 21:57:33.725649,81.0,11,bid
2026-07-13 21:57:38.599514,80.80000000000001,10,bid
2026-07-13 21:57:39.869348,80.80000000000001,22,bid
2026-07-13 21:57:42.901296,80.80000000000001,11,ask
2026-07-13 21:57:50.777764,81.0,11,ask
2026-07-13 21:57:52.086175,81.0,10,ask
2026-07-13 21:57:53.037874,81.10000000000001,11,ask
2026-07-13 21:57:59.520458,81.5,3,ask
2026-07-13 21:58:19.225797,81.60000000000001,3,ask
2026-07-13 21:58:31.156706,81.80000000000001,11,ask
2026-07-13 21:58:31.520904,81.80000000000001,10,ask
2026-07-13 21:58:39.390434,81.80000000000001,10,bid
2026-07-13 21:58:50.969408,81.60000000000001,14,bid
2026-07-13 21:58:55.561411,81.60000000000001,3,ask
2026-07-13 21:58:57.321648,81.4,3,bid
2026-07-13 21:59:00.437858,81.60000000000001,3,ask
2026-07-13 21:59:09.971293,81.30000000000001,3,bid
2026-07-13 21:59:14.904072,81.4,3,ask
2026-07-13 21:59:20.121646,81.4,3,bid
2026-07-13 21:59:26.678893,81.10000000000001,3,ask
2026-07-13 21:59:27.011071,81.10000000000001,3,bid
2026-07-13 22:00:19.736885,81.30000000000001,3,ask
2026-07-13 22:00:20.961952,81.30000000000001,11,ask
2026-07-13 22:00:23.066504,81.30000000000001,11,bid
2026-07-13 22:00:25.696690,81.30000000000001,3,bid
2026-07-13 22:00:32.186525,81.60000000000001,14,ask
2026-07-13 22:00:47.963568,81.4,10,ask
2026-07-13 22:00:48.000485,81.60000000000001,22,ask
2026-07-13 22:00:51.241862,81.5,22,bid
2026-07-13 22:00:51.763391,81.5,10,bid
2026-07-13 22:00:52.363147,81.5,11,bid
2026-07-13 22:00:53.236393,81.5,3,bid
2026-07-13 22:00:54.399734,82.2,35,ask
2026-07-13 22:00:57.161138,82.0,11,bid
2026-07-13 22:00:59.792528,81.9,10,bid
2026-07-13 22:00:59.904991,81.80000000000001,11,bid
2026-07-13 22:01:10.277151,81.7,3,bid
2026-07-13 22:01:14.219899,81.7,14,ask
2026-07-13 22:01:18.144727,81.80000000000001,11,bid
2026-07-13 22:01:27.310759,81.5,3,bid
2026-07-13 22:01:50.961370,81.7,2,ask
2026-07-13 22:01:50.961370,81.7,1,ask
2026-07-13 22:01:54.232865,81.7,2,ask
2026-07-13 22:02:00.014791,81.4,5,bid
2026-07-13 22:02:32.971220,81.80000000000001,3,ask
2026-07-13 22:02:37.960800,82.0,21,ask
2026-07-13 22:02:38.234604,82.0,11,ask
2026-07-13 22:02:56.662202,81.7,11,ask
2026-07-13 22:02:57.961959,81.7,11,ask
2026-07-13 22:03:21.629875,81.5,5,bid
2026-07-13 22:03:23.120303,81.4,6,bid
2026-07-13 22:03:24.228935,81.4,11,bid
2026-07-13 22:03:28.157452,81.4,3,ask
2026-07-13 22:03:29.469417,81.2,14,bid
2026-07-13 22:03:35.800665,81.0,10,bid
2026-07-13 22:03:38.436324,80.9,11,bid
2026-07-13 22:03:38.672719,80.9,3,bid
2026-07-13 22:04:31.685528,80.7,3,bid
2026-07-13 22:04:35.120789,80.7,11,bid
2026-07-13 22:04:45.636827,80.9,11,ask
2026-07-13 22:04:46.952746,80.9,3,ask
2026-07-13 22:05:13.882891,81.5,3,ask
2026-07-13 22:05:14.517325,81.5,21,ask
2026-07-13 22:05:17.110381,81.5,10,bid
2026-07-13 22:05:24.956207,81.4,11,bid
2026-07-13 22:05:26.547538,81.60000000000001,11,ask
2026-07-13 22:05:27.615694,81.60000000000001,1,ask
2026-07-13 22:05:30.230129,81.4,1,bid
2026-07-13 22:05:32.873423,81.4,11,bid
2026-07-13 22:05:40.664518,81.2,3,bid
2026-07-13 22:05:46.003125,81.4,3,ask
2026-07-13 22:05:48.751292,81.10000000000001,3,bid
2026-07-13 22:06:14.840116,80.9,3,bid
2026-07-13 22:06:17.453248,81.0,3,ask
2026-07-13 22:06:21.382004,80.9,14,bid
2026-07-13 22:06:29.060490,80.9,10,bid
2026-07-13 22:06:33.207679,80.9,11,bid
2026-07-13 22:06:42.385119,81.0,11,bid
2026-07-13 22:06:43.128622,81.0,11,ask
2026-07-13 22:06:43.700439,81.0,11,ask
2026-07-13 22:06:46.301296,80.9,11,bid
2026-07-13 22:06:47.985747,81.10000000000001,11,ask
2026-07-13 22:06:48.938109,81.10000000000001,10,ask
2026-07-13 22:07:03.386704,81.0,21,bid
2026-07-13 22:07:04.698732,81.0,11,ask
2026-07-13 22:07:12.566076,81.0,11,bid
2026-07-13 22:07:17.816990,80.60000000000001,11,bid
2026-07-13 22:07:20.532423,80.80000000000001,11,ask
2026-07-13 22:07:32.247149,81.10000000000001,11,ask
2026-07-13 22:07:34.866172,81.10000000000001,10,ask
2026-07-13 22:07:36.336306,81.10000000000001,11,ask
2026-07-13 22:07:38.794998,81.10000000000001,3,ask
2026-07-13 22:07:40.102677,80.9,14,bid
2026-07-13 22:07:42.649627,81.2,14,ask
2026-07-13 22:08:03.720802,81.10000000000001,24,bid
2026-07-13 22:08:04.820058,81.30000000000001,10,ask
2026-07-13 22:08:05.030846,81.30000000000001,11,ask
2026-07-13 22:08:06.342193,81.30000000000001,3,ask
2026-07-13 22:08:08.030857,81.0,14,bid
2026-07-13 22:08:14.290411,81.30000000000001,11,ask
2026-07-13 22:08:19.816247,81.30000000000001,3,ask
2026-07-13 22:08:26.943796,81.5,3,ask
2026-07-13 22:08:27.338676,81.5,11,ask
2026-07-13 22:08:42.856085,81.30000000000001,14,bid
2026-07-13 22:08:45.726229,81.5,3,ask
2026-07-13 22:08:45.922860,81.60000000000001,11,ask
2026-07-13 22:08:53.609882,81.7,10,ask
2026-07-13 22:08:58.862022,82.0,11,ask
2026-07-13 22:08:59.253822,82.0,11,ask
2026-07-13 22:09:04.122912,81.9,11,bid
2026-07-13 22:09:05.411367,81.9,11,bid
2026-07-13 22:09:10.580348,81.5,10,bid
2026-07-13 22:09:11.747716,81.4,11,bid
2026-07-13 22:09:19.954851,81.30000000000001,3,bid
2026-07-13 22:09:31.290606,81.60000000000001,3,ask
2026-07-13 22:09:36.901516,81.5,3,bid
2026-07-13 22:09:52.434057,81.0,3,bid
2026-07-13 22:10:01.919494,81.2,3,ask
2026-07-13 22:10:35.982637,81.60000000000001,3,bid
2026-07-13 22:10:36.690495,81.80000000000001,3,ask
2026-07-13 22:10:45.152887,82.0,14,ask
2026-07-13 22:10:46.223497,81.60000000000001,14,bid
2026-07-13 22:10:46.461617,81.60000000000001,3,bid
2026-07-13 22:10:48.514169,81.80000000000001,3,ask
2026-07-13 22:10:56.966364,82.0,24,ask
2026-07-13 22:11:05.195244,81.80000000000001,21,bid
2026-07-13 22:11:06.151407,81.80000000000001,3,bid
2026-07-13 22:11:10.657164,82.2,3,ask
2026-07-13 22:11:12.706359,82.10000000000001,3,bid
2026-07-13 22:12:05.184780,81.4,14,bid
2026-07-13 22:12:06.501080,81.5,14,ask
2026-07-13 22:12:08.478934,81.2,24,bid
2026-07-13 22:12:18.283290,81.30000000000001,21,ask
2026-07-13 22:12:23.661741,81.30000000000001,2,ask
2026-07-13 22:12:23.911969,81.30000000000001,1,ask
2026-07-13 22:12:24.828898,81.4,3,bid
2026-07-13 22:12:27.406288,81.5,3,ask
2026-07-13 22:13:12.081072,81.4,3,ask
2026-07-13 22:13:39.646385,81.10000000000001,3,bid
2026-07-13 22:14:08.643127,81.4,3,ask
2026-07-13 22:14:15.071794,81.4,11,ask
2026-07-13 22:14:15.279098,81.4,10,ask
2026-07-13 22:14:18.179127,81.5,10,bid
2026-07-13 22:14:21.613799,81.30000000000001,21,ask
2026-07-13 22:14:22.913781,81.5,4,bid
2026-07-13 22:14:24.325004,81.5,5,bid
2026-07-13 22:14:24.577611,81.5,2,bid
2026-07-13 22:14:33.424695,81.30000000000001,24,bid
2026-07-13 22:14:34.742388,81.2,3,ask
2026-07-13 22:14:47.843704,81.30000000000001,24,ask
2026-07-13 22:14:50.186977,81.30000000000001,3,bid
2026-07-13 22:14:54.405890,81.10000000000001,11,ask
2026-07-13 22:14:55.332905,80.9,11,bid
2026-07-13 22:14:55.714685,80.9,24,bid
2026-07-13 22:14:57.637770,81.0,1,ask
2026-07-13 22:14:57.800813,81.0,1,ask
2026-07-13 22:14:57.847434,81.0,1,ask
2026-07-13 22:15:37.703273,80.7,11,ask
2026-07-13 22:15:40.322612,80.80000000000001,11,bid
2026-07-13 22:15:46.885591,80.80000000000001,11,ask
2026-07-13 22:15:49.957162,80.7,11,bid
2026-07-13 22:15:57.370971,80.7,3,bid
2026-07-13 22:16:18.424355,80.10000000000001,3,bid
2026-07-13 22:16:22.414835,80.4,3,ask
2026-07-13 22:16:56.422366,79.9,35,bid
2026-07-13 22:16:59.507909,80.0,2,ask
2026-07-13 22:16:59.533547,80.10000000000001,19,ask
2026-07-13 22:17:01.191713,80.10000000000001,11,ask
2026-07-13 22:17:02.962190,80.10000000000001,11,bid
2026-07-13 22:17:02.981400,80.10000000000001,21,bid
2026-07-13 22:17:05.853325,80.4,21,ask
2026-07-13 22:17:06.889914,80.4,11,ask
2026-07-13 22:17:12.222161,80.30000000000001,21,bid
2026-07-13 22:17:31.651097,80.7,3,ask
2026-07-13 22:17:32.631865,80.60000000000001,7,ask
2026-07-13 22:17:33.053339,80.7,11,ask
2026-07-13 22:17:43.514217,80.60000000000001,3,ask
2026-07-13 22:17:43.857005,80.30000000000001,3,bid
2026-07-13 22:17:44.904707,80.30000000000001,9,bid
2026-07-13 22:17:45.342975,80.30000000000001,2,bid
2026-07-13 22:17:46.217339,80.30000000000001,10,bid
2026-07-13 22:17:49.300520,80.4,10,ask
2026-07-13 22:17:53.285040,80.60000000000001,11,ask
2026-07-13 22:17:55.471031,80.60000000000001,3,ask
2026-07-13 22:17:58.090151,80.60000000000001,1,bid
2026-07-13 22:17:59.606235,80.9,1,ask
2026-07-13 22:18:02.002514,80.9,3,ask
2026-07-13 22:18:02.818813,80.60000000000001,3,bid
2026-07-13 22:18:23.406259,80.60000000000001,3,ask
2026-07-13 22:18:47.903202,80.80000000000001,3,bid
2026-07-13 22:19:25.956105,81.0,3,ask
2026-07-13 22:19:33.824927,80.9,3,bid
2026-07-13 22:19:37.761424,80.5,3,bid
2026-07-13 22:19:40.866649,80.7,3,ask
2026-07-13 22:20:13.188359,80.2,14,bid
2026-07-13 22:20:18.802506,80.4,11,ask
2026-07-13 22:20:24.638708,80.4,11,bid
2026-07-13 22:20:25.845535,80.5,11,ask
2026-07-13 22:20:26.289072,80.5,3,ask
2026-07-13 22:20:28.917013,80.4,3,bid
2026-07-13 22:20:38.105362,80.30000000000001,3,ask
2026-07-13 22:20:47.635648,80.60000000000001,3,ask
2026-07-13 22:20:48.580090,80.60000000000001,3,bid
2026-07-13 22:21:43.842543,81.5,3,ask
2026-07-13 22:21:48.912749,81.30000000000001,21,ask
2026-07-13 22:21:50.580077,81.10000000000001,21,bid
2026-07-13 22:21:52.847014,81.10000000000001,3,bid
2026-07-13 22:21:53.684863,81.4,3,ask
2026-07-13 22:22:00.715516,81.2,1,ask
2026-07-13 22:22:00.730258,81.10000000000001,10,ask
2026-07-13 22:22:03.229306,80.9,14,bid
2026-07-13 22:22:22.197527,81.4,24,ask
2026-07-13 22:22:25.810043,81.2,10,bid
2026-07-13 22:22:38.323220,81.10000000000001,11,bid
2026-07-13 22:22:40.047720,81.10000000000001,3,bid
2026-07-13 22:22:41.105186,81.30000000000001,3,ask
2026-07-13 22:22:47.934395,81.0,3,bid
2026-07-13 22:23:20.664562,81.10000000000001,3,ask
2026-07-13 22:23:23.273808,81.0,3,bid
2026-07-13 22:23:28.584778,81.5,14,ask
2026-07-13 22:23:29.143334,81.2,1,bid
2026-07-13 22:23:29.399042,81.2,1,bid
2026-07-13 22:23:29.457786,81.2,1,bid
2026-07-13 22:23:29.521930,81.2,1,bid
2026-07-13 22:23:29.583399,81.2,1,bid
2026-07-13 22:23:29.664547,81.2,1,bid
2026-07-13 22:23:29.723540,81.2,1,bid
2026-07-13 22:23:29.817560,81.2,1,bid
2026-07-13 22:23:29.855506,81.2,1,bid
2026-07-13 22:23:30.031685,81.2,1,bid
2026-07-13 22:23:30.199090,81.2,1,bid
2026-07-13 22:23:31.162234,81.2,1,bid
2026-07-13 22:23:38.068653,81.4,3,ask
2026-07-13 22:23:41.281369,81.2,2,bid
2026-07-13 22:23:41.648452,81.2,3,bid
2026-07-13 22:23:56.070723,81.0,14,bid
2026-07-13 22:23:57.061625,81.2,14,ask
2026-07-13 22:24:03.777390,80.80000000000001,3,bid
2026-07-13 22:24:05.254152,80.80000000000001,11,bid
2026-07-13 22:24:06.561386,80.7,11,ask
2026-07-13 22:24:10.502756,80.9,3,ask
2026-07-13 22:24:32.839872,80.7,3,ask
2026-07-13 22:24:47.718124,80.60000000000001,3,bid
2026-07-13 22:25:00.670751,80.9,3,ask
2026-07-13 22:25:02.943293,81.0,11,ask
2026-07-13 22:25:05.513906,80.9,11,bid
2026-07-13 22:25:18.692875,80.9,11,ask
2026-07-13 22:25:20.006372,81.10000000000001,5,bid
2026-07-13 22:25:20.084422,81.10000000000001,5,bid
2026-07-13 22:25:25.253558,81.10000000000001,10,ask
2026-07-13 22:26:10.883178,80.9,11,bid
2026-07-13 22:26:22.604054,80.80000000000001,3,bid
2026-07-13 22:26:25.980929,81.10000000000001,3,ask
2026-07-13 22:26:26.891035,81.10000000000001,21,ask
2026-07-13 22:26:28.925334,80.7,10,bid
2026-07-13 22:26:29.036892,80.7,11,bid
2026-07-13 22:26:29.317259,80.7,3,bid
2026-07-13 22:26:50.498697,80.4,3,bid
2026-07-13 22:27:03.654700,80.4,21,bid
2026-07-13 22:27:12.818668,80.5,11,bid
2026-07-13 22:27:15.766387,80.7,11,ask
2026-07-13 22:27:17.578882,80.80000000000001,10,ask
2026-07-13 22:27:19.942420,80.9,14,ask
2026-07-13 22:27:42.946601,80.80000000000001,3,bid
2026-07-13 22:27:57.439015,81.2,3,ask
2026-07-13 22:28:19.578888,82.0,35,ask
2026-07-13 22:28:19.646679,82.0,22,ask
2026-07-13 22:28:22.269686,82.0,11,bid
2026-07-13 22:28:22.792917,81.9,11,bid
2026-07-13 22:28:25.424938,81.80000000000001,11,bid
2026-07-13 22:28:26.008844,81.7,10,bid
2026-07-13 22:28:38.611439,81.5,14,bid
2026-07-13 22:28:51.109888,81.7,3,ask
2026-07-13 22:28:56.351480,81.80000000000001,3,bid
2026-07-13 22:29:16.040578,81.4,3,bid
2026-07-13 22:29:20.004077,81.30000000000001,11,bid
2026-07-13 22:29:25.188349,81.30000000000001,10,bid
2026-07-13 22:29:27.857642,81.30000000000001,11,bid
2026-07-13 22:29:35.515813,81.7,11,ask
2026-07-13 22:29:35.713086,81.7,10,ask
2026-07-13 22:29:37.031743,81.7,11,ask
2026-07-13 22:29:38.720341,81.4,21,bid
2026-07-13 22:29:41.932627,81.7,10,ask
2026-07-13 22:29:42.265848,81.7,3,ask
2026-07-13 22:29:42.824664,81.60000000000001,8,ask
2026-07-13 22:29:46.184738,81.60000000000001,3,bid
2026-07-13 22:29:46.432413,81.60000000000001,3,bid
2026-07-13 22:29:46.794031,81.60000000000001,3,bid
2026-07-13 22:29:46.841352,81.60000000000001,2,bid
2026-07-13 22:29:48.822878,81.80000000000001,11,ask
2026-07-13 22:30:01.906214,82.0,11,bid
2026-07-13 22:30:09.961583,82.0,11,ask
2026-07-13 22:30:32.468773,82.0,3,ask
2026-07-13 22:31:04.175457,82.10000000000001,24,bid
2026-07-13 22:31:10.496219,81.80000000000001,33,bid
2026-07-13 22:31:11.220524,81.80000000000001,11,bid
2026-07-13 22:31:13.606349,82.0,11,ask
2026-07-13 22:31:16.056489,82.0,11,ask
2026-07-13 22:31:20.609653,81.7,11,bid
2026-07-13 22:31:33.734723,81.5,11,bid
2026-07-13 22:31:35.736965,81.80000000000001,11,ask
2026-07-13 22:31:44.227152,81.80000000000001,11,ask
2026-07-13 22:31:48.764866,81.9,11,ask
2026-07-13 22:31:50.969864,82.0,11,ask
2026-07-13 22:31:56.034076,82.0,10,ask
2026-07-13 22:32:00.464358,82.2,11,ask
2026-07-13 22:32:02.027582,82.2,3,ask
2026-07-13 22:32:13.100538,82.30000000000001,3,ask
2026-07-13 22:32:13.727535,82.10000000000001,3,bid
2026-07-13 22:32:31.732691,82.2,2,ask
2026-07-13 22:32:32.899647,82.10000000000001,2,bid
2026-07-13 22:32:39.599667,82.4,14,ask
2026-07-13 22:32:40.660631,82.5,11,bid
2026-07-13 22:33:00.365062,82.2,3,bid
2026-07-13 22:33:48.602274,82.80000000000001,14,ask
2026-07-13 22:33:55.970840,82.80000000000001,4,bid
2026-07-13 22:34:00.710602,82.9,4,ask
2026-07-13 22:34:00.802130,82.9,10,ask
2026-07-13 22:34:09.913235,82.80000000000001,10,bid
2026-07-13 22:34:19.097399,82.80000000000001,10,ask
2026-07-13 22:34:29.783271,82.80000000000001,10,bid
2026-07-13 22:34:32.185835,82.80000000000001,11,bid
2026-07-13 22:34:32.213696,82.80000000000001,3,bid
2026-07-13 22:34:33.525139,82.80000000000001,14,ask
2026-07-13 22:34:40.080310,83.0,14,bid
2026-07-13 22:34:41.382962,83.0,1,ask
2026-07-13 22:34:54.513925,82.9,13,ask
2026-07-13 22:35:02.165312,83.0,9,ask
2026-07-13 22:35:06.299245,82.9,12,ask
2026-07-13 22:35:07.716555,82.60000000000001,21,bid
2026-07-13 22:35:14.038333,82.5,11,bid
2026-07-13 22:35:15.450267,82.5,3,bid
2026-07-13 22:35:17.205865,82.5,3,ask
2026-07-13 22:35:21.990538,82.4,11,ask
2026-07-13 22:35:29.851639,82.30000000000001,11,bid
2026-07-13 22:35:32.477094,82.30000000000001,3,bid
2026-07-13 22:35:32.950333,82.5,14,ask
2026-07-13 22:35:33.779780,82.5,10,ask
2026-07-13 22:35:40.338807,82.60000000000001,11,ask
2026-07-13 22:35:52.130494,82.60000000000001,21,bid
2026-07-13 22:35:53.409039,82.5,4,ask
2026-07-13 22:36:01.912552,82.7,4,bid
2026-07-13 22:36:06.581732,82.60000000000001,11,bid
2026-07-13 22:36:09.197173,82.4,3,bid
2026-07-13 22:36:13.145943,82.30000000000001,3,ask
2026-07-13 22:36:15.713506,82.2,3,bid
2026-07-13 22:36:26.107288,82.30000000000001,1,bid
2026-07-13 22:36:31.507676,82.4,1,ask
2026-07-13 22:36:33.113720,82.10000000000001,14,bid
2026-07-13 22:36:34.110172,82.10000000000001,21,bid
2026-07-13 22:36:35.801186,82.10000000000001,3,ask
2026-07-13 22:36:36.227475,82.2,18,ask
2026-07-13 22:36:40.452104,82.30000000000001,11,ask
2026-07-13 22:36:43.291829,82.30000000000001,3,ask
2026-07-13 22:36:45.775976,82.0,14,bid
2026-07-13 22:36:47.211128,82.0,10,bid
2026-07-13 22:36:51.521937,82.30000000000001,10,ask
2026-07-13 22:36:52.703393,82.30000000000001,11,ask
2026-07-13 22:37:04.190394,82.7,3,ask
2026-07-13 22:37:17.416034,82.9,3,ask
2026-07-13 22:37:20.046979,82.9,9,ask
2026-07-13 22:37:20.542875,82.7,9,bid
2026-07-13 22:37:21.727755,82.7,3,bid
2026-07-13 22:37:23.651165,82.9,3,ask
2026-07-13 22:37:30.202769,82.9,11,ask
2026-07-13 22:37:33.205941,82.80000000000001,11,bid
2026-07-13 22:37:33.835460,82.80000000000001,3,bid
2026-07-13 22:37:36.317693,82.9,3,ask
2026-07-13 22:37:42.207482,82.7,3,bid
2026-07-13 22:37:49.014410,82.4,3,bid
2026-07-13 22:37:52.125517,82.4,3,ask
2026-07-13 22:37:55.671255,82.4,3,bid
2026-07-13 22:37:58.446832,82.7,3,ask
2026-07-13 22:38:02.109534,82.5,3,bid
2026-07-13 22:38:06.038103,82.30000000000001,3,ask
2026-07-13 22:38:27.056226,82.60000000000001,3,ask
2026-07-13 22:38:30.138988,82.5,3,bid
2026-07-13 22:38:33.605889,82.7,24,ask
2026-07-13 22:38:34.575757,82.5,10,bid
2026-07-13 22:38:35.968691,82.30000000000001,14,bid
2026-07-13 22:38:49.360979,82.30000000000001,3,bid
2026-07-13 22:38:52.301501,82.30000000000001,11,bid
2026-07-13 22:38:58.141434,82.0,10,bid
2026-07-13 22:39:11.215106,82.60000000000001,24,ask
2026-07-13 22:39:14.443502,82.30000000000001,14,bid
2026-07-13 22:39:20.762083,82.0,10,bid
2026-07-13 22:39:23.535175,82.0,22,bid
2026-07-13 22:39:23.868075,82.2,11,ask
2026-07-13 22:39:32.946684,81.60000000000001,11,bid
2026-07-13 22:39:39.267984,81.7,11,ask
2026-07-13 22:39:42.836905,82.0,21,ask
2026-07-13 22:39:43.203744,82.0,11,ask
2026-07-13 22:39:57.645321,82.30000000000001,3,ask
2026-07-13 22:40:14.711688,82.4,14,ask
2026-07-13 22:40:17.691615,82.0,14,bid
2026-07-13 22:40:23.901673,82.10000000000001,3,ask
2026-07-13 22:40:31.726379,82.2,11,ask
2026-07-13 22:40:46.166160,81.80000000000001,14,bid
2026-07-13 22:40:46.181041,81.80000000000001,3,bid
2026-07-13 22:40:51.433831,81.9,3,ask
2026-07-13 22:41:06.965600,81.7,3,bid
2026-07-13 22:41:07.153055,81.7,11,bid
2026-07-13 22:41:08.245554,82.0,14,ask
2026-07-13 22:41:49.133348,82.2,24,ask
2026-07-13 22:41:50.448956,82.10000000000001,24,bid
2026-07-13 22:42:02.266167,81.80000000000001,3,ask
2026-07-13 22:42:03.564812,81.9,3,bid
2026-07-13 22:42:17.987395,82.10000000000001,3,ask
2026-07-13 22:42:18.419610,82.10000000000001,11,ask
2026-07-13 22:42:33.740970,81.9,14,bid
2026-07-13 22:42:39.627917,82.4,3,ask
2026-07-13 22:42:41.445982,82.4,11,ask
2026-07-13 22:42:57.352784,82.30000000000001,10,ask
2026-07-13 22:42:58.660628,82.30000000000001,21,bid
2026-07-13 22:42:59.050435,82.10000000000001,3,bid
2026-07-13 22:43:03.899531,82.30000000000001,3,ask
2026-07-13 22:43:24.404836,81.9,3,bid
2026-07-13 22:43:40.169497,82.30000000000001,3,ask
2026-07-13 22:43:59.070100,82.30000000000001,11,ask
2026-07-13 22:44:01.671825,82.30000000000001,10,ask
2026-07-13 22:44:02.979564,82.10000000000001,21,bid
2026-07-13 22:44:13.485038,82.10000000000001,11,ask
2026-07-13 22:44:15.021972,81.80000000000001,11,bid
2026-07-13 22:44:17.038232,81.80000000000001,3,bid
2026-07-13 22:44:17.675650,81.9,3,ask
2026-07-13 22:44:21.335108,82.10000000000001,21,ask
2026-07-13 22:44:27.682293,82.2,10,bid
2026-07-13 22:44:27.886627,82.2,11,bid
2026-07-13 22:44:31.551572,82.0,2,ask
2026-07-13 22:44:42.324709,82.2,2,bid
2026-07-13 22:45:05.650473,82.0,3,bid
2026-07-13 22:45:53.155957,82.2,14,ask
2026-07-13 22:45:54.175019,81.9,4,bid
2026-07-13 22:45:55.870889,82.2,7,bid
2026-07-13 22:45:56.070937,82.0,3,bid
2026-07-13 22:46:32.592179,81.60000000000001,3,bid
2026-07-13 22:46:35.086967,81.7,32,bid
2026-07-13 22:46:41.631196,81.7,11,ask
2026-07-13 22:46:42.962049,81.7,10,ask
2026-07-13 22:47:05.909220,81.5,10,bid
2026-07-13 22:47:10.504739,81.60000000000001,10,ask
2026-07-13 22:47:13.164548,81.80000000000001,11,ask
2026-07-13 22:47:15.754624,82.2,3,ask
2026-07-13 22:47:30.183145,82.2,2,bid
2026-07-13 22:47:30.197644,82.30000000000001,1,bid
2026-07-13 22:47:30.403726,82.2,5,bid
2026-07-13 22:47:30.514399,82.2,5,bid
2026-07-13 22:47:30.603887,82.2,1,bid
2026-07-13 22:47:30.754828,82.2,5,bid
2026-07-13 22:47:31.081702,82.7,19,ask
2026-07-13 22:47:31.488251,82.7,14,ask
2026-07-13 22:47:33.982637,82.2,5,bid
2026-07-13 22:47:34.032003,82.4,9,bid
2026-07-13 22:47:40.617411,82.0,3,bid
2026-07-13 22:47:42.834967,82.0,11,bid
2026-07-13 22:47:43.729131,82.4,11,ask
2026-07-13 22:47:44.592551,82.4,3,ask
2026-07-13 22:47:53.763638,82.7,3,ask
2026-07-13 22:47:59.585202,82.60000000000001,3,bid
2026-07-13 22:48:02.974004,82.60000000000001,3,ask
2026-07-13 22:48:16.086929,82.2,3,bid
2026-07-13 22:48:18.570007,82.4,3,ask
2026-07-13 22:48:19.186579,82.4,11,ask
2026-07-13 22:48:21.768708,82.4,11,bid
2026-07-13 22:48:27.887747,82.2,3,bid
2026-07-13 22:49:06.088142,81.5,14,bid
2026-07-13 22:49:07.136266,81.60000000000001,4,ask
2026-07-13 22:49:08.142895,81.60000000000001,5,ask
2026-07-13 22:49:08.378744,81.60000000000001,5,ask
2026-07-13 22:49:25.612465,81.30000000000001,24,bid
2026-07-13 22:49:28.182918,81.4,21,ask
2026-07-13 22:49:36.135668,81.4,3,ask
2026-07-13 22:49:51.223665,81.5,2,ask
2026-07-13 22:49:51.580954,81.5,1,ask
2026-07-13 22:49:53.243290,81.5,4,ask
2026-07-13 22:49:53.378649,81.5,4,ask
2026-07-13 22:49:54.546056,81.60000000000001,8,bid
2026-07-13 22:49:56.655999,81.7,11,ask
2026-07-13 22:49:59.795876,81.4,14,bid
2026-07-13 22:50:19.474123,81.4,3,ask
2026-07-13 22:50:22.112039,81.5,3,bid
2026-07-13 22:50:31.138094,81.80000000000001,3,ask
2026-07-13 22:50:39.706506,81.4,11,ask
2026-07-13 22:50:40.673861,81.4,11,bid
2026-07-13 22:50:41.012724,81.30000000000001,3,bid
2026-07-13 22:50:46.959206,81.30000000000001,14,ask
2026-07-13 22:50:50.155317,81.10000000000001,11,bid
2026-07-13 22:50:50.485550,80.9,3,bid
2026-07-13 22:50:51.799328,80.9,3,bid
2026-07-13 22:50:53.602667,81.10000000000001,3,ask
2026-07-13 22:51:05.971866,80.80000000000001,3,bid
2026-07-13 22:51:14.573715,80.80000000000001,3,ask
2026-07-13 22:51:25.058374,80.7,14,bid
2026-07-13 22:51:27.676014,80.7,11,ask
2026-07-13 22:51:53.702940,81.0,3,ask
2026-07-13 22:51:57.872982,81.4,14,ask
2026-07-13 22:51:59.176595,81.5,14,bid
2026-07-13 22:52:10.497801,81.5,3,ask
2026-07-13 22:52:12.746421,81.2,3,bid
2026-07-13 22:52:31.979605,80.9,3,bid
2026-07-13 22:52:34.911535,80.80000000000001,11,bid
2026-07-13 22:52:47.509392,81.0,11,ask
2026-07-13 22:52:50.303956,81.0,3,ask
2026-07-13 22:52:55.363483,80.9,3,bid
2026-07-13 22:52:56.864162,80.9,11,bid
2026-07-13 22:52:59.841718,80.9,11,ask
2026-07-13 22:53:03.748700,81.10000000000001,3,ask
2026-07-13 22:53:12.615946,81.30000000000001,3,ask
2026-07-13 22:53:13.936856,81.2,3,bid
2026-07-13 22:53:21.808364,81.2,3,ask
2026-07-13 22:53:26.086883,81.2,5,ask
2026-07-13 22:53:28.370147,81.10000000000001,5,ask
2026-07-13 22:53:32.293883,80.9,1,ask
2026-07-13 22:53:35.021541,80.60000000000001,14,bid
2026-07-13 22:53:57.210589,80.60000000000001,3,bid
2026-07-13 22:54:01.983983,80.7,3,ask
2026-07-13 22:54:12.958097,80.60000000000001,14,bid
2026-07-13 22:54:12.974427,80.60000000000001,32,bid
2026-07-13 22:54:15.586522,80.60000000000001,6,ask
2026-07-13 22:54:15.791465,80.7,16,ask
2026-07-13 22:54:16.517723,80.7,10,ask
2026-07-13 22:54:21.350843,80.80000000000001,11,ask
2026-07-13 22:54:23.435956,80.80000000000001,11,bid
2026-07-13 22:54:23.767360,80.80000000000001,10,bid
2026-07-13 22:54:25.549469,81.10000000000001,24,ask
2026-07-13 22:55:04.134790,81.4,14,ask
2026-07-13 22:55:06.460925,81.4,11,bid
2026-07-13 22:55:09.378649,81.4,3,bid
2026-07-13 22:55:10.698584,81.2,14,ask
2026-07-13 22:55:12.802740,81.10000000000001,14,bid
2026-07-13 22:55:21.196474,81.30000000000001,3,ask
2026-07-13 22:55:22.557240,81.10000000000001,3,bid
2026-07-13 22:55:30.377983,81.2,3,ask
2026-07-13 22:55:44.782607,81.10000000000001,3,bid
2026-07-13 22:55:57.921970,81.0,3,bid
2026-07-13 22:56:00.465104,81.30000000000001,3,ask
2026-07-13 22:56:08.405298,81.30000000000001,3,ask
2026-07-13 22:56:28.951220,81.30000000000001,11,ask
2026-07-13 22:56:41.209483,81.5,3,bid
2026-07-13 22:56:41.209483,81.5,11,bid
2026-07-13 22:56:41.613541,81.7,3,ask
2026-07-13 22:56:42.525975,81.7,32,ask
2026-07-13 22:56:43.828642,81.7,11,bid
2026-07-13 22:56:44.588700,81.5,21,bid
2026-07-13 22:56:51.740610,81.2,3,bid
2026-07-13 22:57:14.462430,81.0,3,bid
2026-07-13 22:57:16.424296,81.2,3,ask
