timestamp,instrument,side,price,volume,trade_id,order_id
2026-07-17 09:18:39.369194,ASML_DUAL,ask,67.0,30,8558819,40872883
2026-07-17 09:18:40.370237,ASML_DUAL,ask,66.9,20,8558839,40873081
2026-07-17 09:18:41.943177,ASML_DUAL,bid,66.9,30,8558860,40873245
2026-07-17 09:18:44.063336,ASML_DUAL,bid,66.8,18,8558888,40873371
2026-07-17 09:18:46.176817,ASML_DUAL,bid,66.8,30,8558926,40873621
2026-07-17 09:18:50.087147,ASML_DUAL,ask,66.9,18,8558973,40873980
2026-07-17 09:19:01.403162,ASML_DUAL,bid,66.60000000000001,7,8559121,40875063
2026-07-17 09:19:06.175823,ASML_DUAL,ask,67.0,30,8559207,40875577
2026-07-17 09:19:06.783437,ASML_DUAL,ask,67.10000000000001,7,8559216,40875643
2026-07-17 09:19:07.087127,ASML,ask,67.10000000000001,15,8559224,40875684
2026-07-17 09:19:09.466512,ASML_DUAL,bid,67.10000000000001,5,8559252,40875780
2026-07-17 09:19:11.018035,ASML,bid,67.10000000000001,15,8559278,40876015
2026-07-17 09:19:11.049175,ASML_DUAL,bid,67.2,30,8559280,40876011
2026-07-17 09:19:12.446975,ASML,ask,67.3,15,8559305,40876087
2026-07-17 09:19:12.556950,ASML_DUAL,ask,67.2,5,8559310,40876095
2026-07-17 09:19:12.605958,ASML_DUAL,ask,67.2,25,8559311,40876095
2026-07-17 09:19:15.810376,ASML_DUAL,bid,67.10000000000001,15,8559367,40876523
2026-07-17 09:19:17.342585,ASML_DUAL,bid,67.10000000000001,30,8559399,40876685
2026-07-17 09:19:17.927330,ASML,ask,67.2,15,8559410,40876748
2026-07-17 09:19:25.060884,ASML_DUAL,bid,66.9,20,8559548,40877468
2026-07-17 09:19:26.053818,ASML,bid,66.8,15,8559571,40877570
2026-07-17 09:19:32.126291,ASML_DUAL,bid,66.8,10,8559669,40878187
2026-07-17 09:19:34.080989,ASML_DUAL,bid,66.9,8,8559725,40878375
2026-07-17 09:19:35.022629,ASML_DUAL,ask,67.0,30,8559744,40878462
2026-07-17 09:19:35.117939,ASML_DUAL,ask,67.2,28,8559751,40878489
2026-07-17 09:19:36.063134,ASML_DUAL,bid,67.0,30,8559769,40878531
2026-07-17 09:19:45.536334,ASML_DUAL,bid,66.8,8,8559904,40879494
2026-07-17 09:19:45.536334,ASML_DUAL,bid,66.8,2,8559905,40879494
2026-07-17 09:19:46.351682,ASML_DUAL,bid,66.8,30,8559923,40879562
2026-07-17 09:19:48.649782,ASML,ask,67.10000000000001,15,8559974,40879758
2026-07-17 09:19:49.242169,ASML_DUAL,ask,67.0,23,8560001,40879825
2026-07-17 09:19:49.464862,ASML_DUAL,bid,66.9,18,8560006,40879883
2026-07-17 09:19:50.614514,ASML_DUAL,bid,66.9,5,8560031,40879987
2026-07-17 09:19:57.678014,ASML_DUAL,ask,67.0,30,8560141,40880627
2026-07-17 09:20:00.642742,ASML,ask,67.10000000000001,15,8560187,40880816
2026-07-17 09:20:01.992085,ASML_DUAL,ask,66.9,2,8560230,40881031
2026-07-17 09:20:02.514566,ASML_DUAL,ask,67.0,8,8560238,40881089
2026-07-17 09:20:04.212557,ASML_DUAL,bid,66.8,30,8560262,40881094
2026-07-17 09:20:06.164020,ASML_DUAL,ask,66.9,8,8560297,40881430
2026-07-17 09:20:06.208715,ASML_DUAL,ask,66.9,20,8560299,40881430
2026-07-17 09:20:10.037169,ASML_DUAL,bid,66.8,13,8560347,40881798
2026-07-17 09:20:10.921788,ASML_DUAL,bid,66.7,5,8560365,40881895
2026-07-17 09:20:13.166749,ASML_DUAL,ask,66.7,30,8560402,40882071
2026-07-17 09:20:14.308753,ASML_DUAL,ask,66.8,10,8560423,40882095
2026-07-17 09:20:14.838091,ASML_DUAL,bid,66.60000000000001,20,8560434,40882088
2026-07-17 09:20:15.286678,ASML_DUAL,ask,66.8,20,8560443,40882095
2026-07-17 09:20:18.734523,ASML_DUAL,bid,66.60000000000001,20,8560491,40882584
2026-07-17 09:20:19.368860,ASML_DUAL,bid,66.5,10,8560500,40882634
2026-07-17 09:20:19.842835,ASML_DUAL,bid,66.5,20,8560508,40882706
2026-07-17 09:20:19.918541,ASML_DUAL,ask,66.7,10,8560512,40882669
2026-07-17 09:20:26.353465,ASML_DUAL,ask,66.7,30,8560610,40883165
2026-07-17 09:20:26.635492,ASML_DUAL,bid,66.60000000000001,8,8560621,40883339
2026-07-17 09:20:28.060980,ASML_DUAL,bid,66.60000000000001,30,8560636,40883467
2026-07-17 09:20:32.150504,ASML_DUAL,ask,66.60000000000001,30,8560688,40883821
2026-07-17 09:20:32.316555,ASML_DUAL,bid,66.5,6,8560692,40883848
2026-07-17 09:20:37.211883,ASML_DUAL,bid,66.4,8,8560744,40884319
2026-07-17 09:20:40.116542,ASML,bid,66.5,15,8560803,40884479
2026-07-17 09:20:41.097786,ASML_DUAL,bid,66.5,10,8560823,40884726
2026-07-17 09:20:45.633708,ASML_DUAL,bid,66.5,14,8560888,40885142
2026-07-17 09:20:46.130447,ASML_DUAL,bid,66.5,4,8560894,40885181
2026-07-17 09:20:48.706807,ASML_DUAL,ask,66.60000000000001,30,8560945,40885400
2026-07-17 09:20:51.469035,ASML_DUAL,ask,66.60000000000001,30,8560996,40885682
2026-07-17 09:20:52.437624,ASML_DUAL,bid,66.4,30,8561011,40885792
2026-07-17 09:20:52.829148,ASML_DUAL,bid,66.4,30,8561020,40885822
2026-07-17 09:20:55.122600,ASML_DUAL,ask,66.4,30,8561068,40886047
2026-07-17 09:21:02.113870,ASML_DUAL,ask,66.60000000000001,30,8561178,40886518
2026-07-17 09:21:04.242324,ASML_DUAL,ask,66.60000000000001,30,8561217,40886915
2026-07-17 09:21:06.373662,ASML_DUAL,ask,66.7,17,8561252,40887129
2026-07-17 09:21:08.302164,ASML_DUAL,bid,66.5,30,8561284,40887315
2026-07-17 09:21:09.073344,ASML_DUAL,bid,66.4,8,8561294,40887377
2026-07-17 09:21:09.495215,ASML_DUAL,ask,66.5,30,8561308,40887421
2026-07-17 09:21:10.057129,ASML,bid,66.60000000000001,15,8561328,40887522
2026-07-17 09:21:10.414155,ASML_DUAL,bid,66.5,17,8561335,40887517
2026-07-17 09:21:12.729258,ASML_DUAL,ask,66.60000000000001,30,8561380,40887720
2026-07-17 09:21:17.707112,ASML_DUAL,bid,66.3,22,8561473,40888246
2026-07-17 09:21:18.738772,ASML,bid,66.10000000000001,15,8561483,40888270
2026-07-17 09:21:19.084976,ASML_DUAL,bid,66.10000000000001,6,8561504,40888366
2026-07-17 09:21:19.301628,ASML,bid,66.2,15,8561512,40888431
2026-07-17 09:21:19.616214,ASML_DUAL,bid,66.2,8,8561523,40888429
2026-07-17 09:21:19.650675,ASML_DUAL,bid,66.2,2,8561525,40888429
2026-07-17 09:21:20.689221,ASML_DUAL,bid,66.2,20,8561542,40888429
2026-07-17 09:21:20.723505,ASML_DUAL,bid,66.10000000000001,24,8561545,40888560
2026-07-17 09:21:29.788649,ASML_DUAL,bid,66.0,15,8561682,40889371
2026-07-17 09:21:30.226483,ASML_DUAL,ask,66.10000000000001,30,8561691,40889383
2026-07-17 09:21:33.670002,ASML_DUAL,bid,65.9,30,8561745,40889769
2026-07-17 09:21:38.231977,ASML_DUAL,ask,66.2,14,8561841,40890054
2026-07-17 09:21:40.354039,ASML_DUAL,ask,66.3,30,8561875,40890271
2026-07-17 09:21:42.473172,ASML_DUAL,ask,66.3,30,8561912,40890465
2026-07-17 09:21:44.094526,ASML,bid,66.10000000000001,15,8561948,40890690
2026-07-17 09:21:44.594231,ASML_DUAL,ask,66.4,11,8561954,40890782
2026-07-17 09:21:44.632901,ASML_DUAL,bid,66.2,15,8561961,40890781
2026-07-17 09:21:46.318508,ASML_DUAL,ask,66.3,30,8561984,40890886
2026-07-17 09:21:47.744596,ASML_DUAL,ask,66.4,30,8562009,40891069
2026-07-17 09:21:49.585763,ASML_DUAL,bid,66.3,30,8562040,40891172
2026-07-17 09:21:53.130183,ASML_DUAL,ask,66.4,2,8562104,40891661
2026-07-17 09:21:59.186032,ASML_DUAL,bid,66.3,27,8562202,40892165
2026-07-17 09:22:00.698152,ASML,bid,66.10000000000001,15,8562242,40892315
2026-07-17 09:22:01.630725,ASML_DUAL,ask,66.4,30,8562254,40892470
2026-07-17 09:22:01.742830,ASML,ask,66.5,15,8562258,40892472
2026-07-17 09:22:03.786044,ASML_DUAL,ask,66.5,10,8562305,40892701
2026-07-17 09:22:05.125254,ASML_DUAL,ask,66.5,30,8562334,40892851
2026-07-17 09:22:06.040823,ASML_DUAL,bid,66.4,26,8562354,40892855
2026-07-17 09:22:07.323481,ASML_DUAL,bid,66.3,30,8562373,40893045
2026-07-17 09:22:07.306249,ASML,bid,66.2,15,8562371,40893063
2026-07-17 09:22:08.766360,ASML_DUAL,ask,66.5,30,8562395,40893190
2026-07-17 09:22:13.281823,ASML_DUAL,bid,66.3,30,8562487,40893563
2026-07-17 09:22:15.640060,ASML_DUAL,ask,66.5,30,8562519,40893879
2026-07-17 09:22:16.535916,ASML_DUAL,ask,66.5,26,8562530,40893951
2026-07-17 09:22:18.342845,ASML_DUAL,bid,66.3,30,8562560,40893987
2026-07-17 09:22:19.688316,ASML_DUAL,bid,66.2,30,8562588,40894228
2026-07-17 09:22:21.839453,ASML_DUAL,ask,66.5,30,8562622,40894443
2026-07-17 09:22:22.165472,ASML_DUAL,ask,66.5,30,8562636,40894484
2026-07-17 09:22:22.131310,ASML,ask,66.5,15,8562633,40894156
2026-07-17 09:22:23.069107,ASML_DUAL,bid,66.4,30,8562653,40894501
2026-07-17 09:22:24.519294,ASML_DUAL,ask,66.60000000000001,30,8562679,40894707
2026-07-17 09:22:29.429500,ASML_DUAL,bid,66.5,30,8562758,40895112
2026-07-17 09:22:32.933412,ASML,bid,66.3,5,8562820,40895517
2026-07-17 09:22:35.317391,ASML_DUAL,ask,66.5,30,8562866,40895754
2026-07-17 09:22:37.518015,ASML_DUAL,bid,66.4,30,8562908,40895911
2026-07-17 09:22:38.852192,ASML_DUAL,bid,66.3,30,8562941,40895974
2026-07-17 09:22:41.051459,ASML_DUAL,ask,66.60000000000001,22,8562975,40896324
2026-07-17 09:22:42.357906,ASML,bid,66.3,15,8562995,40896397
2026-07-17 09:22:47.098517,ASML_DUAL,ask,66.60000000000001,30,8563070,40896863
2026-07-17 09:22:47.704445,ASML_DUAL,ask,66.60000000000001,1,8563083,40896923
2026-07-17 09:22:47.704445,ASML_DUAL,ask,66.60000000000001,7,8563084,40896923
2026-07-17 09:22:50.296659,ASML_DUAL,bid,66.4,30,8563119,40897029
2026-07-17 09:22:51.488377,ASML_DUAL,ask,66.5,30,8563137,40897252
2026-07-17 09:22:51.781479,ASML_DUAL,bid,66.4,21,8563144,40897262
2026-07-17 09:22:53.669254,ASML_DUAL,ask,66.60000000000001,21,8563175,40897473
2026-07-17 09:22:56.508451,ASML_DUAL,bid,66.5,30,8563233,40897720
2026-07-17 09:22:58.650328,ASML_DUAL,bid,66.5,30,8563267,40897940
2026-07-17 09:22:59.071561,ASML_DUAL,ask,66.5,30,8563273,40897960
2026-07-17 09:23:02.191437,ASML_DUAL,ask,66.5,30,8563331,40898287
2026-07-17 09:23:03.351449,ASML_DUAL,bid,66.60000000000001,30,8563346,40898374
2026-07-17 09:23:11.211637,ASML_DUAL,ask,66.60000000000001,5,8563464,40899122
2026-07-17 09:23:13.634537,ASML_DUAL,ask,66.7,25,8563506,40899356
2026-07-17 09:23:18.227229,ASML_DUAL,bid,66.4,30,8563571,40899730
2026-07-17 09:23:18.508123,ASML_DUAL,bid,66.3,30,8563576,40899751
2026-07-17 09:23:23.038786,ASML_DUAL,ask,66.5,30,8563645,40900209
2026-07-17 09:23:28.814209,ASML_DUAL,bid,66.3,30,8563744,40900599
2026-07-17 09:23:30.978016,ASML_DUAL,bid,66.4,30,8563786,40900973
2026-07-17 09:23:34.906980,ASML,ask,66.7,15,8563848,40901267
2026-07-17 09:23:35.134594,ASML,ask,66.8,2,8563852,40901367
2026-07-17 09:23:35.177269,ASML_DUAL,ask,66.8,30,8563854,40901395
2026-07-17 09:23:37.869684,ASML_DUAL,bid,66.60000000000001,30,8563892,40901623
2026-07-17 09:23:38.867360,ASML_DUAL,ask,66.60000000000001,30,8563911,40901672
2026-07-17 09:23:39.021848,ASML_DUAL,bid,66.60000000000001,30,8563915,40901767
2026-07-17 09:23:39.421966,ASML_DUAL,bid,66.5,30,8563919,40901749
2026-07-17 09:23:40.312973,ASML,ask,66.7,15,8563937,40901800
2026-07-17 09:23:40.431287,ASML_DUAL,bid,66.5,3,8563945,40901897
2026-07-17 09:23:43.010689,ASML,ask,66.8,15,8563985,40901911
2026-07-17 09:23:43.035804,ASML_DUAL,ask,66.7,10,8563988,40901926
2026-07-17 09:23:43.749909,ASML_DUAL,bid,66.7,30,8564011,40902182
2026-07-17 09:23:44.572349,ASML_DUAL,ask,66.8,30,8564020,40902292
2026-07-17 09:23:45.825791,ASML_DUAL,ask,66.9,11,8564048,40902306
2026-07-17 09:23:45.856269,ASML_DUAL,ask,66.9,19,8564050,40902306
2026-07-17 09:23:46.042300,ASML_DUAL,bid,66.7,8,8564054,40902449
2026-07-17 09:23:47.533814,ASML_DUAL,bid,66.8,30,8564076,40902567
2026-07-17 09:23:48.019687,ASML_DUAL,ask,67.10000000000001,1,8564094,40902634
2026-07-17 09:23:48.103385,ASML,ask,67.10000000000001,15,8564097,40902524
2026-07-17 09:23:53.728037,ASML_DUAL,ask,66.8,30,8564197,40903117
2026-07-17 09:23:54.819291,ASML_DUAL,ask,67.0,30,8564217,40903321
2026-07-17 09:23:55.066589,ASML_DUAL,ask,67.0,30,8564219,40903346
2026-07-17 09:23:56.370234,ASML,bid,66.7,15,8564243,40903324
2026-07-17 09:23:59.208359,ASML_DUAL,ask,66.9,18,8564291,40903746
2026-07-17 09:23:59.304516,ASML_DUAL,bid,66.8,30,8564294,40903753
2026-07-17 09:24:00.587346,ASML_DUAL,ask,66.9,30,8564313,40903776
2026-07-17 09:24:01.614620,ASML_DUAL,bid,66.8,30,8564331,40903930
2026-07-17 09:24:05.401597,ASML_DUAL,bid,66.8,30,8564388,40904247
2026-07-17 09:24:07.312534,ASML_DUAL,ask,67.10000000000001,12,8564416,40904501
2026-07-17 09:24:07.964294,ASML_DUAL,ask,67.10000000000001,12,8564426,40904559
2026-07-17 09:24:07.964294,ASML_DUAL,ask,67.10000000000001,18,8564427,40904559
2026-07-17 09:24:08.906844,ASML_DUAL,bid,66.9,30,8564451,40904614
2026-07-17 09:24:11.259849,ASML,bid,66.7,15,8564478,40904872
2026-07-17 09:24:11.344676,ASML_DUAL,bid,66.7,18,8564486,40904885
2026-07-17 09:24:19.073636,ASML_DUAL,bid,66.7,30,8564580,40905549
2026-07-17 09:24:20.110520,ASML_DUAL,ask,66.9,30,8564607,40905741
2026-07-17 09:24:20.368660,ASML_DUAL,ask,66.9,4,8564613,40905767
2026-07-17 09:24:20.368660,ASML_DUAL,ask,66.9,26,8564614,40905767
2026-07-17 09:24:20.624537,ASML,ask,66.9,15,8564629,40905796
2026-07-17 09:24:24.582683,ASML,ask,67.10000000000001,15,8564689,40906052
2026-07-17 09:24:25.497416,ASML_DUAL,ask,67.0,8,8564706,40906241
2026-07-17 09:24:26.577469,ASML_DUAL,ask,67.0,28,8564725,40906356
2026-07-17 09:24:32.974115,ASML_DUAL,bid,66.8,30,8564816,40906893
2026-07-17 09:24:34.771142,ASML_DUAL,ask,66.9,3,8564845,40907047
2026-07-17 09:24:36.091343,ASML_DUAL,ask,66.9,9,8564860,40907047
2026-07-17 09:24:36.116288,ASML_DUAL,ask,66.9,18,8564861,40907216
2026-07-17 09:24:39.492044,ASML,bid,66.60000000000001,15,8564929,40907049
2026-07-17 09:24:47.520127,ASML_DUAL,bid,66.7,3,8565055,40908252
2026-07-17 09:24:47.852794,ASML_DUAL,ask,66.8,8,8565060,40908293
2026-07-17 09:24:48.048532,ASML_DUAL,bid,66.60000000000001,30,8565064,40908307
2026-07-17 09:24:49.634142,ASML_DUAL,bid,66.60000000000001,30,8565082,40908470
2026-07-17 09:24:51.808327,ASML_DUAL,bid,66.60000000000001,21,8565111,40908660
2026-07-17 09:24:54.170081,ASML_DUAL,bid,66.5,30,8565138,40908912
2026-07-17 09:25:04.447044,ASML_DUAL,ask,66.9,30,8565269,40909565
2026-07-17 09:25:04.718878,ASML_DUAL,ask,66.9,8,8565278,40909896
2026-07-17 09:25:05.634786,ASML_DUAL,ask,67.0,30,8565287,40909898
2026-07-17 09:25:08.893108,ASML_DUAL,ask,66.9,20,8565327,40910267
2026-07-17 09:25:10.254202,ASML,ask,67.0,2,8565345,40910359
2026-07-17 09:25:10.512284,ASML_DUAL,bid,66.9,30,8565351,40910429
2026-07-17 09:25:16.433961,ASML_DUAL,ask,67.0,8,8565422,40910949
2026-07-17 09:25:17.262358,ASML_DUAL,bid,66.8,30,8565433,40910999
2026-07-17 09:25:22.176111,ASML,ask,66.8,15,8565506,40911493
2026-07-17 09:25:27.811755,ASML_DUAL,ask,66.8,22,8565596,40912052
2026-07-17 09:25:30.147523,ASML_DUAL,bid,66.7,14,8565631,40912222
2026-07-17 09:25:32.100575,ASML_DUAL,bid,66.8,26,8565664,40912479
2026-07-17 09:25:32.987398,ASML,bid,66.7,15,8565679,40912519
2026-07-17 09:25:34.221645,ASML_DUAL,bid,66.60000000000001,30,8565700,40912565
2026-07-17 09:25:37.481222,ASML,ask,67.0,15,8565747,40912831
2026-07-17 09:25:37.812735,ASML_DUAL,ask,66.9,2,8565753,40912902
2026-07-17 09:25:38.377025,ASML,ask,67.0,15,8565762,40913015
2026-07-17 09:25:38.404301,ASML_DUAL,ask,66.9,28,8565766,40912902
2026-07-17 09:25:46.046744,ASML_DUAL,bid,66.60000000000001,30,8565870,40913669
2026-07-17 09:25:47.164563,ASML_DUAL,bid,66.60000000000001,25,8565897,40913869
2026-07-17 09:25:47.164563,ASML_DUAL,bid,66.60000000000001,5,8565898,40913869
2026-07-17 09:25:52.430996,ASML_DUAL,ask,66.8,10,8566001,40914356
2026-07-17 09:25:52.541120,ASML_DUAL,ask,66.8,10,8566002,40914356
2026-07-17 09:25:52.549183,ASML_DUAL,ask,66.8,10,8566003,40914356
2026-07-17 09:25:54.386647,ASML,ask,67.0,15,8566039,40914432
2026-07-17 09:25:54.743464,ASML_DUAL,ask,66.9,30,8566044,40914574
2026-07-17 09:25:58.274227,ASML_DUAL,bid,66.8,30,8566105,40914893
2026-07-17 09:26:06.438250,ASML,bid,66.7,15,8566210,40915540
2026-07-17 09:26:07.244308,ASML,bid,66.8,2,8566230,40915699
2026-07-17 09:26:07.906597,ASML_DUAL,bid,66.8,5,8566243,40915785
2026-07-17 09:26:08.092358,ASML_DUAL,ask,67.0,30,8566247,40915789
2026-07-17 09:26:09.124988,ASML,bid,66.8,15,8566268,40915868
2026-07-17 09:26:09.386041,ASML_DUAL,bid,66.9,10,8566275,40915924
2026-07-17 09:26:12.700109,ASML_DUAL,ask,66.9,30,8566322,40916146
2026-07-17 09:26:16.651171,ASML_DUAL,bid,66.8,30,8566386,40916558
2026-07-17 09:26:21.787082,ASML_DUAL,bid,66.7,15,8566455,40917124
2026-07-17 09:26:22.628690,ASML_DUAL,bid,66.7,13,8566472,40917213
2026-07-17 09:26:22.628690,ASML_DUAL,bid,66.7,17,8566473,40917213
2026-07-17 09:26:22.952921,ASML_DUAL,ask,66.9,30,8566479,40917214
2026-07-17 09:26:24.498461,ASML_DUAL,ask,66.8,30,8566504,40917351
2026-07-17 09:26:25.669022,ASML_DUAL,bid,66.7,10,8566519,40917529
2026-07-17 09:26:26.902292,ASML_DUAL,bid,66.8,20,8566542,40917646
2026-07-17 09:26:28.522256,ASML_DUAL,bid,66.60000000000001,27,8566577,40917802
2026-07-17 09:26:28.522256,ASML_DUAL,bid,66.60000000000001,3,8566578,40917802
2026-07-17 09:26:29.119509,ASML_DUAL,ask,66.8,10,8566590,40917811
2026-07-17 09:26:29.403373,ASML_DUAL,bid,66.60000000000001,10,8566594,40917893
2026-07-17 09:26:40.833846,ASML_DUAL,ask,67.0,30,8566773,40918959
2026-07-17 09:26:40.842217,ASML,ask,67.10000000000001,2,8566774,40918780
2026-07-17 09:26:41.166187,ASML,ask,67.10000000000001,10,8566783,40918780
2026-07-17 09:26:41.993860,ASML_DUAL,bid,66.9,30,8566798,40919079
2026-07-17 09:26:45.855165,ASML,ask,67.2,15,8566853,40919329
2026-07-17 09:26:48.397209,ASML_DUAL,ask,67.10000000000001,30,8566902,40919433
2026-07-17 09:26:52.022858,ASML_DUAL,bid,66.9,30,8566963,40920030
2026-07-17 09:26:52.628498,ASML_DUAL,ask,67.2,13,8566975,40920022
2026-07-17 09:26:54.756565,ASML_DUAL,ask,67.10000000000001,30,8567009,40920176
2026-07-17 09:26:58.977161,ASML_DUAL,ask,67.2,25,8567065,40920708
2026-07-17 09:27:00.393843,ASML_DUAL,bid,67.0,30,8567093,40920755
2026-07-17 09:27:01.160785,ASML_DUAL,bid,66.9,8,8567105,40920903
2026-07-17 09:27:11.728330,ASML_DUAL,ask,67.0,30,8567255,40921814
2026-07-17 09:27:12.344084,ASML,bid,66.8,15,8567272,40921940
2026-07-17 09:27:13.017455,ASML_DUAL,bid,66.9,5,8567288,40922030
2026-07-17 09:27:13.678715,ASML,ask,67.10000000000001,15,8567295,40922082
2026-07-17 09:27:20.311625,ASML_DUAL,ask,67.10000000000001,30,8567399,40922681
2026-07-17 09:27:21.440157,ASML_DUAL,bid,67.0,30,8567414,40922774
2026-07-17 09:27:22.320597,ASML_DUAL,ask,67.0,30,8567441,40922922
2026-07-17 09:27:22.470557,ASML_DUAL,bid,66.9,30,8567449,40922945
2026-07-17 09:27:26.627609,ASML_DUAL,bid,66.9,30,8567510,40923241
2026-07-17 09:27:30.805382,ASML_DUAL,ask,67.10000000000001,30,8567549,40923487
2026-07-17 09:27:32.929078,ASML_DUAL,ask,67.10000000000001,30,8567568,40923751
2026-07-17 09:27:38.445607,ASML_DUAL,ask,67.10000000000001,15,8567653,40924434
2026-07-17 09:27:40.431353,ASML_DUAL,ask,66.9,21,8567689,40924620
2026-07-17 09:27:40.659637,ASML,bid,66.7,15,8567694,40924602
2026-07-17 09:27:40.745353,ASML_DUAL,ask,66.9,15,8567696,40924652
2026-07-17 09:27:41.640356,ASML_DUAL,bid,66.8,30,8567717,40924580
2026-07-17 09:27:42.082379,ASML,bid,66.7,15,8567727,40924744
2026-07-17 09:27:43.594662,ASML_DUAL,bid,66.7,26,8567757,40924897
2026-07-17 09:27:44.543912,ASML_DUAL,bid,66.7,30,8567777,40924991
2026-07-17 09:27:49.244859,ASML_DUAL,ask,66.8,30,8567842,40925416
2026-07-17 09:27:53.756891,ASML,bid,66.7,15,8567922,40925874
2026-07-17 09:27:56.427999,ASML_DUAL,bid,66.8,25,8567960,40926126
2026-07-17 09:27:57.795025,ASML,ask,66.9,15,8567980,40926288
2026-07-17 09:27:58.933589,ASML_DUAL,bid,66.7,21,8567996,40926289
2026-07-17 09:27:59.056283,ASML_DUAL,ask,66.9,2,8567997,40926291
2026-07-17 09:28:00.457278,ASML_DUAL,ask,66.8,30,8568014,40926433
2026-07-17 09:28:01.633479,ASML_DUAL,bid,66.7,30,8568026,40926567
2026-07-17 09:28:01.774893,ASML,bid,66.60000000000001,15,8568037,40926440
2026-07-17 09:28:02.685280,ASML_DUAL,ask,66.8,30,8568048,40926654
2026-07-17 09:28:02.806748,ASML,ask,66.8,15,8568052,40926736
2026-07-17 09:28:02.837986,ASML_DUAL,ask,66.9,25,8568054,40926747
2026-07-17 09:28:05.860327,ASML_DUAL,ask,66.9,30,8568083,40926986
2026-07-17 09:28:13.672040,ASML_DUAL,ask,67.3,30,8568197,40927737
2026-07-17 09:28:14.886611,ASML_DUAL,bid,67.10000000000001,30,8568220,40927695
2026-07-17 09:28:17.210976,ASML_DUAL,ask,67.3,9,8568248,40928115
2026-07-17 09:28:17.435664,ASML_DUAL,ask,67.3,9,8568254,40928145
2026-07-17 09:28:19.681496,ASML_DUAL,ask,67.2,12,8568284,40928231
2026-07-17 09:28:21.851650,ASML_DUAL,bid,67.0,30,8568318,40928239
2026-07-17 09:28:23.844160,ASML_DUAL,bid,66.9,30,8568346,40928546
2026-07-17 09:28:24.479852,ASML_DUAL,ask,67.0,30,8568358,40928730
2026-07-17 09:28:26.001051,ASML,bid,66.7,15,8568385,40928822
2026-07-17 09:28:26.474926,ASML_DUAL,bid,66.7,2,8568400,40928891
2026-07-17 09:28:26.937083,ASML_DUAL,bid,66.8,30,8568407,40928985
2026-07-17 09:28:27.120475,ASML_DUAL,bid,66.8,30,8568411,40929002
2026-07-17 09:28:27.367714,ASML_DUAL,bid,66.8,29,8568419,40929034
2026-07-17 09:28:29.614586,ASML_DUAL,ask,66.9,30,8568460,40929192
2026-07-17 09:28:34.549719,ASML_DUAL,bid,66.8,30,8568516,40929503
2026-07-17 09:28:37.918545,ASML_DUAL,ask,66.9,13,8568579,40929879
2026-07-17 09:28:39.098272,ASML_DUAL,ask,66.9,10,8568600,40930059
2026-07-17 09:28:40.917857,ASML_DUAL,bid,66.8,22,8568625,40930310
2026-07-17 09:28:43.306646,ASML_DUAL,ask,66.8,10,8568662,40930457
2026-07-17 09:28:45.672028,ASML_DUAL,bid,66.60000000000001,30,8568691,40930693
2026-07-17 09:28:46.027265,ASML,ask,66.9,15,8568700,40930820
2026-07-17 09:28:47.336278,ASML,ask,67.0,11,8568727,40930957
2026-07-17 09:28:47.424079,ASML_DUAL,ask,66.8,30,8568728,40930953
2026-07-17 09:28:48.791373,ASML_DUAL,bid,66.7,30,8568750,40931078
2026-07-17 09:28:50.068069,ASML,ask,67.0,15,8568768,40931097
2026-07-17 09:28:51.693561,ASML_DUAL,ask,67.0,2,8568796,40931235
2026-07-17 09:28:52.070237,ASML_DUAL,ask,67.0,20,8568803,40931366
2026-07-17 09:28:53.590406,ASML_DUAL,ask,67.10000000000001,30,8568826,40931412
2026-07-17 09:28:55.297062,ASML_DUAL,ask,67.10000000000001,30,8568857,40931628
2026-07-17 09:28:58.511997,ASML_DUAL,bid,67.0,30,8568895,40931955
2026-07-17 09:28:59.935519,ASML_DUAL,ask,67.10000000000001,30,8568919,40932003
2026-07-17 09:29:02.220096,ASML,bid,67.0,15,8568952,40932317
2026-07-17 09:29:08.079004,ASML_DUAL,ask,67.10000000000001,30,8569022,40932842
2026-07-17 09:29:08.492795,ASML_DUAL,bid,66.9,30,8569031,40932870
2026-07-17 09:29:15.473148,ASML,bid,66.7,15,8569153,40933569
2026-07-17 09:29:17.701044,ASML_DUAL,bid,66.4,22,8569196,40933816
2026-07-17 09:29:19.090370,ASML_DUAL,bid,66.60000000000001,30,8569218,40933925
2026-07-17 09:29:20.829127,ASML_DUAL,bid,66.60000000000001,3,8569250,40934099
2026-07-17 09:29:21.349816,ASML_DUAL,bid,66.60000000000001,5,8569265,40934168
2026-07-17 09:29:21.349816,ASML_DUAL,bid,66.60000000000001,25,8569266,40934168
2026-07-17 09:29:22.630446,ASML_DUAL,ask,66.7,30,8569287,40934186
2026-07-17 09:29:27.506572,ASML_DUAL,ask,66.8,30,8569370,40934555
2026-07-17 09:29:29.826217,ASML_DUAL,bid,66.7,30,8569411,40934904
2026-07-17 09:29:30.312666,ASML,ask,67.0,15,8569427,40934907
2026-07-17 09:29:33.865813,ASML_DUAL,ask,66.9,30,8569478,40935261
2026-07-17 09:29:35.379669,ASML_DUAL,ask,66.8,30,8569506,40935523
2026-07-17 09:29:35.506515,ASML_DUAL,ask,66.8,18,8569512,40935548
2026-07-17 09:29:35.506515,ASML_DUAL,ask,66.8,12,8569513,40935548
2026-07-17 09:29:36.230334,ASML_DUAL,bid,66.7,30,8569525,40935551
2026-07-17 09:29:36.890200,ASML_DUAL,bid,66.60000000000001,30,8569540,40935670
2026-07-17 09:29:38.092842,ASML_DUAL,ask,66.8,30,8569560,40935673
2026-07-17 09:29:38.525410,ASML_DUAL,bid,66.7,30,8569569,40935814
2026-07-17 09:29:39.433135,ASML_DUAL,ask,66.8,2,8569585,40935865
2026-07-17 09:29:41.057121,ASML_DUAL,ask,66.8,28,8569609,40936076
2026-07-17 09:29:46.586747,ASML_DUAL,ask,66.8,25,8569702,40936626
2026-07-17 09:29:47.065844,ASML_DUAL,ask,66.7,7,8569713,40936684
2026-07-17 09:29:48.705713,ASML_DUAL,ask,66.8,10,8569735,40936745
2026-07-17 09:29:56.921203,ASML_DUAL,bid,66.60000000000001,10,8569840,40937457
2026-07-17 09:30:01.091550,ASML,bid,66.5,15,8569914,40937875
2026-07-17 09:30:01.203264,ASML_DUAL,bid,66.7,30,8569923,40937959
2026-07-17 09:30:01.227518,ASML,bid,66.4,5,8569924,40937965
2026-07-17 09:30:01.504272,ASML_DUAL,bid,66.60000000000001,30,8569927,40937992
2026-07-17 09:30:03.353089,ASML_DUAL,ask,66.7,5,8569956,40938198
2026-07-17 09:30:03.636729,ASML_DUAL,bid,66.5,5,8569963,40938216
2026-07-17 09:30:04.783539,ASML,bid,66.4,15,8569977,40938333
2026-07-17 09:30:04.891975,ASML_DUAL,bid,66.5,20,8569980,40938331
2026-07-17 09:30:06.194311,ASML_DUAL,ask,66.60000000000001,30,8569993,40938371
2026-07-17 09:30:12.064681,ASML_DUAL,ask,66.60000000000001,15,8570096,40939076
2026-07-17 09:30:14.709608,ASML,bid,66.4,15,8570142,40939321
2026-07-17 09:30:16.089528,ASML_DUAL,bid,66.4,30,8570170,40939470
2026-07-17 09:30:17.845522,ASML_DUAL,ask,66.5,30,8570193,40939670
2026-07-17 09:30:19.671037,ASML_DUAL,ask,66.60000000000001,5,8570223,40939716
2026-07-17 09:30:22.561338,ASML_DUAL,bid,66.4,30,8570264,40940081
2026-07-17 09:30:23.209806,ASML_DUAL,ask,66.60000000000001,30,8570279,40940179
2026-07-17 09:30:26.635124,ASML_DUAL,ask,66.5,24,8570331,40940529
2026-07-17 09:30:26.635124,ASML_DUAL,ask,66.5,6,8570332,40940529
2026-07-17 09:30:28.246838,ASML,ask,66.7,15,8570353,40940632
2026-07-17 09:30:30.619339,ASML,bid,66.4,15,8570385,40940932
2026-07-17 09:30:31.918388,ASML,ask,66.60000000000001,15,8570414,40941004
2026-07-17 09:30:32.295093,ASML_DUAL,bid,66.3,5,8570423,40941063
2026-07-17 09:30:32.708498,ASML_DUAL,bid,66.4,30,8570434,40941116
2026-07-17 09:30:33.094826,ASML_DUAL,bid,66.5,2,8570446,40941170
2026-07-17 09:30:33.151231,ASML,ask,66.7,15,8570449,40941181
2026-07-17 09:30:35.415680,ASML_DUAL,bid,66.5,30,8570494,40941294
2026-07-17 09:30:35.893778,ASML,ask,66.8,15,8570499,40941295
2026-07-17 09:30:36.033862,ASML_DUAL,ask,66.7,13,8570510,40941441
2026-07-17 09:30:37.446583,ASML_DUAL,bid,66.5,30,8570528,40941548
2026-07-17 09:30:37.477275,ASML_DUAL,ask,66.7,30,8570530,40941579
2026-07-17 09:30:56.624111,ASML_DUAL,bid,66.5,4,8570821,40943461
2026-07-17 09:30:57.872449,ASML,bid,66.3,15,8570842,40943530
2026-07-17 09:31:00.159380,ASML_DUAL,ask,66.5,6,8570879,40943795
2026-07-17 09:31:00.805757,ASML_DUAL,ask,66.5,18,8570888,40943795
2026-07-17 09:31:09.231517,ASML,bid,66.10000000000001,15,8571016,40944639
2026-07-17 09:31:09.232730,ASML,ask,66.5,10,8571018,40944641
2026-07-17 09:31:09.675303,ASML,ask,66.5,5,8571026,40944641
2026-07-17 09:31:09.835856,ASML_DUAL,ask,66.60000000000001,10,8571032,40944761
2026-07-17 09:31:10.223185,ASML_DUAL,ask,66.60000000000001,24,8571039,40944789
2026-07-17 09:31:14.206039,ASML_DUAL,bid,66.4,30,8571106,40945150
2026-07-17 09:31:14.763800,ASML_DUAL,ask,66.5,30,8571116,40945230
2026-07-17 09:31:18.578062,ASML,ask,66.5,15,8571178,40945604
2026-07-17 09:31:19.517273,ASML_DUAL,ask,66.4,10,8571197,40945714
2026-07-17 09:31:19.972978,ASML_DUAL,bid,66.3,30,8571204,40945654
2026-07-17 09:31:25.627739,ASML_DUAL,ask,66.5,10,8571293,40946256
2026-07-17 09:31:26.363413,ASML_DUAL,ask,66.4,15,8571300,40946336
2026-07-17 09:31:28.107000,ASML_DUAL,ask,66.5,10,8571323,40946493
2026-07-17 09:31:28.092576,ASML,ask,66.60000000000001,10,8571322,40946497
2026-07-17 09:31:28.435925,ASML_DUAL,bid,66.5,30,8571329,40946514
2026-07-17 09:31:28.465168,ASML_DUAL,ask,66.60000000000001,1,8571331,40946523
2026-07-17 09:31:28.653491,ASML_DUAL,ask,66.5,4,8571335,40946549
2026-07-17 09:31:28.708128,ASML_DUAL,ask,66.60000000000001,10,8571339,40946523
2026-07-17 09:31:28.731770,ASML,bid,66.3,5,8571340,40946533
2026-07-17 09:31:28.806529,ASML,bid,66.3,10,8571345,40946533
2026-07-17 09:31:29.083428,ASML_DUAL,ask,66.5,10,8571357,40946604
2026-07-17 09:31:29.727767,ASML_DUAL,ask,66.5,10,8571365,40946672
2026-07-17 09:31:31.908273,ASML_DUAL,bid,66.3,30,8571408,40946855
2026-07-17 09:31:32.680071,ASML_DUAL,bid,66.3,30,8571430,40946893
2026-07-17 09:31:33.245022,ASML_DUAL,ask,66.4,13,8571444,40946977
2026-07-17 09:31:34.797884,ASML_DUAL,bid,66.10000000000001,6,8571466,40947141
2026-07-17 09:31:35.878554,ASML_DUAL,ask,66.3,30,8571477,40947247
2026-07-17 09:31:36.918274,ASML_DUAL,bid,66.3,30,8571498,40947344
2026-07-17 09:31:37.502474,ASML_DUAL,bid,66.3,7,8571511,40947441
2026-07-17 09:31:39.033200,ASML_DUAL,bid,66.2,23,8571528,40947597
2026-07-17 09:31:40.391674,ASML_DUAL,ask,66.3,10,8571547,40947724
2026-07-17 09:31:45.596305,ASML,ask,66.4,10,8571638,40948216
2026-07-17 09:31:47.517700,ASML_DUAL,bid,66.10000000000001,17,8571670,40948426
2026-07-17 09:31:59.139172,ASML,bid,66.0,15,8571841,40949551
2026-07-17 09:32:07.782871,ASML_DUAL,bid,65.9,30,8571985,40950361
2026-07-17 09:32:09.926940,ASML_DUAL,ask,66.0,2,8572014,40950472
2026-07-17 09:32:11.170897,ASML,ask,66.2,15,8572037,40950644
2026-07-17 09:32:20.162206,ASML_DUAL,bid,65.8,20,8572171,40951520
2026-07-17 09:32:21.173055,ASML_DUAL,ask,65.9,30,8572194,40951603
2026-07-17 09:32:21.340204,ASML_DUAL,ask,66.0,30,8572197,40951670
2026-07-17 09:32:22.894857,ASML_DUAL,bid,65.8,22,8572214,40951669
2026-07-17 09:32:27.695070,ASML_DUAL,ask,65.9,30,8572275,40952302
2026-07-17 09:32:30.421169,ASML_DUAL,bid,65.9,30,8572314,40952521
2026-07-17 09:32:32.515761,ASML_DUAL,ask,65.9,30,8572346,40952750
2026-07-17 09:32:39.012677,ASML_DUAL,ask,66.0,30,8572460,40953385
2026-07-17 09:32:45.539266,ASML_DUAL,ask,66.10000000000001,20,8572573,40954071
2026-07-17 09:32:46.752377,ASML_DUAL,ask,66.10000000000001,10,8572600,40954165
2026-07-17 09:32:47.475101,ASML_DUAL,bid,66.0,30,8572616,40954226
2026-07-17 09:32:47.722518,ASML_DUAL,ask,66.10000000000001,30,8572625,40954238
2026-07-17 09:32:48.528071,ASML_DUAL,bid,65.9,30,8572646,40954249
2026-07-17 09:32:50.844784,ASML_DUAL,bid,65.9,30,8572687,40954383
2026-07-17 09:32:51.130091,ASML_DUAL,ask,66.0,20,8572691,40954548
2026-07-17 09:32:51.435257,ASML_DUAL,bid,65.9,30,8572705,40954575
2026-07-17 09:32:51.674487,ASML_DUAL,ask,66.10000000000001,30,8572711,40954577
2026-07-17 09:32:51.788662,ASML_DUAL,ask,66.2,10,8572717,40954670
2026-07-17 09:32:52.192715,ASML_DUAL,ask,66.2,20,8572726,40954715
2026-07-17 09:32:54.082417,ASML_DUAL,ask,66.0,10,8572756,40954853
2026-07-17 09:32:54.405750,ASML,bid,65.8,5,8572763,40954749
2026-07-17 09:32:54.421278,ASML_DUAL,ask,66.0,5,8572764,40954870
2026-07-17 09:32:54.432629,ASML,bid,65.8,5,8572765,40954749
2026-07-17 09:32:54.888084,ASML_DUAL,bid,65.9,30,8572775,40954748
2026-07-17 09:32:55.351333,ASML_DUAL,bid,65.8,30,8572792,40954932
2026-07-17 09:32:55.332697,ASML,bid,65.8,5,8572788,40954749
2026-07-17 09:32:58.288814,ASML,ask,66.0,2,8572840,40955252
2026-07-17 09:32:58.551029,ASML,ask,66.0,13,8572846,40955252
2026-07-17 09:32:58.686224,ASML_DUAL,ask,66.0,30,8572852,40955311
2026-07-17 09:32:58.948097,ASML_DUAL,ask,66.0,20,8572859,40955342
2026-07-17 09:33:00.954986,ASML_DUAL,bid,65.7,30,8572890,40955459
2026-07-17 09:33:05.960617,ASML_DUAL,bid,65.7,15,8572966,40955972
2026-07-17 09:33:07.647683,ASML_DUAL,ask,66.0,15,8572993,40956159
2026-07-17 09:33:10.233422,ASML,bid,65.8,15,8573037,40956437
2026-07-17 09:33:10.454084,ASML_DUAL,bid,65.9,30,8573042,40956433
2026-07-17 09:33:10.668198,ASML_DUAL,bid,65.7,30,8573048,40956475
2026-07-17 09:33:11.220969,ASML_DUAL,bid,65.7,15,8573065,40956561
2026-07-17 09:33:11.509759,ASML,ask,66.0,15,8573071,40956486
2026-07-17 09:33:12.996051,ASML_DUAL,ask,66.0,30,8573108,40956630
2026-07-17 09:33:15.028115,ASML_DUAL,ask,66.0,2,8573145,40956906
2026-07-17 09:33:16.325257,ASML_DUAL,ask,66.0,28,8573173,40956906
2026-07-17 09:33:16.841910,ASML_DUAL,bid,65.8,2,8573182,40957058
2026-07-17 09:33:18.718524,ASML_DUAL,bid,65.7,30,8573209,40957151
2026-07-17 09:33:18.776797,ASML,bid,65.7,15,8573212,40957129
2026-07-17 09:33:20.421468,ASML_DUAL,bid,65.8,28,8573241,40957450
2026-07-17 09:33:22.369051,ASML,ask,66.0,15,8573276,40957501
2026-07-17 09:33:22.403959,ASML_DUAL,ask,65.9,2,8573282,40957551
2026-07-17 09:33:22.524886,ASML_DUAL,ask,65.9,13,8573284,40957551
2026-07-17 09:33:24.778312,ASML_DUAL,ask,66.0,30,8573301,40957686
2026-07-17 09:33:25.035665,ASML_DUAL,ask,66.10000000000001,30,8573310,40957888
2026-07-17 09:33:31.444785,ASML_DUAL,bid,65.9,30,8573391,40958183
2026-07-17 09:33:33.589537,ASML_DUAL,bid,65.8,30,8573420,40958492
2026-07-17 09:33:35.082705,ASML_DUAL,bid,65.8,30,8573447,40958795
2026-07-17 09:33:37.291816,ASML_DUAL,ask,65.9,30,8573474,40958903
2026-07-17 09:33:40.334493,ASML_DUAL,ask,65.9,2,8573511,40959283
2026-07-17 09:33:42.042479,ASML_DUAL,ask,65.9,30,8573541,40959464
2026-07-17 09:33:43.981989,ASML_DUAL,bid,65.8,30,8573572,40959529
2026-07-17 09:33:48.463739,ASML_DUAL,bid,65.60000000000001,30,8573633,40960028
2026-07-17 09:33:49.279830,ASML,ask,65.8,15,8573653,40960186
2026-07-17 09:33:53.073617,ASML_DUAL,ask,65.8,2,8573728,40960498
2026-07-17 09:33:55.160539,ASML_DUAL,ask,65.8,1,8573759,40960498
2026-07-17 09:33:55.446273,ASML_DUAL,ask,65.8,27,8573763,40960498
2026-07-17 09:33:56.167074,ASML_DUAL,bid,65.7,30,8573781,40960827
2026-07-17 09:33:56.664823,ASML,bid,65.7,15,8573798,40960904
2026-07-17 09:33:57.250952,ASML_DUAL,bid,65.8,17,8573814,40960979
2026-07-17 09:34:03.932356,ASML_DUAL,ask,65.9,30,8573945,40961455
2026-07-17 09:34:05.170516,ASML_DUAL,bid,65.9,30,8573973,40961749
2026-07-17 09:34:05.865133,ASML_DUAL,ask,66.0,2,8573984,40961752
2026-07-17 09:34:11.027653,ASML,ask,66.2,15,8574050,40962136
2026-07-17 09:34:11.887579,ASML,bid,65.8,8,8574067,40962342
2026-07-17 09:34:11.965607,ASML_DUAL,ask,66.0,30,8574070,40962377
2026-07-17 09:34:16.213460,ASML_DUAL,ask,66.10000000000001,30,8574133,40962620
2026-07-17 09:34:16.817528,ASML_DUAL,bid,66.0,24,8574144,40962883
2026-07-17 09:34:17.844748,ASML_DUAL,bid,66.10000000000001,8,8574159,40963006
2026-07-17 09:34:20.070020,ASML_DUAL,bid,66.0,29,8574207,40963223
2026-07-17 09:34:21.447657,ASML_DUAL,ask,66.0,30,8574230,40963316
2026-07-17 09:34:21.985417,ASML_DUAL,ask,66.0,28,8574246,40963395
2026-07-17 09:34:21.940990,ASML,ask,66.10000000000001,15,8574244,40963398
2026-07-17 09:34:23.105548,ASML_DUAL,ask,66.3,1,8574266,40963461
2026-07-17 09:34:23.588361,ASML_DUAL,bid,66.0,3,8574275,40963547
2026-07-17 09:34:23.701701,ASML_DUAL,ask,66.2,30,8574278,40963527
2026-07-17 09:34:24.075351,ASML_DUAL,bid,66.0,30,8574286,40963585
2026-07-17 09:34:27.937119,ASML_DUAL,ask,66.3,30,8574363,40963790
2026-07-17 09:34:29.922429,ASML,bid,66.10000000000001,15,8574404,40964056
2026-07-17 09:34:30.403103,ASML_DUAL,bid,66.10000000000001,10,8574415,40964226
2026-07-17 09:34:31.189690,ASML_DUAL,bid,66.10000000000001,27,8574427,40964279
2026-07-17 09:34:32.828002,ASML_DUAL,ask,66.2,30,8574459,40964297
2026-07-17 09:34:35.279002,ASML_DUAL,ask,66.3,19,8574506,40964626
2026-07-17 09:34:35.943121,ASML_DUAL,bid,66.2,30,8574518,40964719
2026-07-17 09:34:36.447440,ASML_DUAL,ask,66.3,30,8574525,40964774
2026-07-17 09:34:36.659266,ASML,bid,66.10000000000001,15,8574530,40964825
2026-07-17 09:34:36.708077,ASML_DUAL,bid,66.2,30,8574535,40964834
2026-07-17 09:34:37.046992,ASML_DUAL,bid,66.10000000000001,25,8574552,40964895
2026-07-17 09:34:37.768312,ASML_DUAL,bid,66.10000000000001,8,8574564,40964976
2026-07-17 09:34:37.768312,ASML_DUAL,bid,66.10000000000001,6,8574565,40964976
2026-07-17 09:34:39.517343,ASML_DUAL,ask,66.2,22,8574595,40965068
2026-07-17 09:34:40.724061,ASML_DUAL,ask,66.2,8,8574608,40965068
2026-07-17 09:34:42.214028,ASML_DUAL,ask,66.2,30,8574639,40965378
2026-07-17 09:34:43.390718,ASML,bid,66.0,15,8574662,40965509
2026-07-17 09:34:43.744016,ASML_DUAL,ask,66.10000000000001,10,8574667,40965559
2026-07-17 09:34:43.997347,ASML_DUAL,bid,66.0,10,8574681,40965589
2026-07-17 09:34:44.944833,ASML_DUAL,ask,66.2,7,8574702,40965668
2026-07-17 09:34:45.994160,ASML_DUAL,ask,66.2,23,8574715,40965668
2026-07-17 09:34:46.147432,ASML,bid,65.9,15,8574722,40965669
2026-07-17 09:34:50.097178,ASML_DUAL,ask,66.3,30,8574771,40966163
2026-07-17 09:34:51.296887,ASML_DUAL,bid,66.2,30,8574801,40966275
2026-07-17 09:34:51.566981,ASML,ask,66.4,15,8574810,40966178
2026-07-17 09:34:51.652246,ASML,ask,66.4,15,8574815,40966320
2026-07-17 09:34:54.421228,ASML_DUAL,bid,66.2,30,8574880,40966605
2026-07-17 09:34:54.785739,ASML_DUAL,ask,66.2,10,8574886,40966653
2026-07-17 09:34:58.586508,ASML_DUAL,bid,65.9,30,8574944,40966951
2026-07-17 09:35:00.803944,ASML_DUAL,bid,65.9,30,8574978,40967121
2026-07-17 09:35:01.013274,ASML,ask,66.2,15,8574987,40967022
2026-07-17 09:35:02.345222,ASML_DUAL,ask,66.10000000000001,25,8575011,40967304
2026-07-17 09:35:02.917284,ASML_DUAL,bid,65.9,10,8575018,40967392
2026-07-17 09:35:03.479899,ASML_DUAL,ask,66.10000000000001,5,8575034,40967304
2026-07-17 09:35:05.162205,ASML_DUAL,ask,66.0,2,8575055,40967619
2026-07-17 09:35:05.209083,ASML_DUAL,ask,66.0,5,8575056,40967619
2026-07-17 09:35:07.091078,ASML_DUAL,ask,66.10000000000001,30,8575079,40967788
2026-07-17 09:35:09.665828,ASML_DUAL,bid,66.0,16,8575119,40967828
2026-07-17 09:35:10.800993,ASML_DUAL,bid,66.0,14,8575135,40967828
2026-07-17 09:35:12.362456,ASML_DUAL,ask,66.2,19,8575153,40968182
2026-07-17 09:35:15.599114,ASML_DUAL,bid,66.0,30,8575206,40968542
2026-07-17 09:35:15.713950,ASML_DUAL,ask,66.10000000000001,10,8575211,40968645
2026-07-17 09:35:15.875585,ASML,bid,65.8,10,8575217,40968649
2026-07-17 09:35:20.897026,ASML_DUAL,ask,66.0,30,8575298,40968965
2026-07-17 09:35:21.920751,ASML_DUAL,bid,65.9,30,8575306,40969164
2026-07-17 09:35:22.007105,ASML_DUAL,bid,65.8,30,8575312,40969250
2026-07-17 09:35:22.495562,ASML_DUAL,ask,65.9,30,8575328,40969310
2026-07-17 09:35:24.130566,ASML_DUAL,bid,65.8,30,8575355,40969464
2026-07-17 09:35:28.023141,ASML_DUAL,ask,65.60000000000001,12,8575406,40969834
2026-07-17 09:35:29.388322,ASML_DUAL,bid,65.60000000000001,12,8575427,40969982
2026-07-17 09:35:29.601009,ASML_DUAL,bid,65.60000000000001,30,8575432,40970006
2026-07-17 09:35:32.686399,ASML_DUAL,bid,65.60000000000001,6,8575489,40970313
2026-07-17 09:35:38.409621,ASML_DUAL,ask,65.60000000000001,30,8575602,40970830
2026-07-17 09:35:42.548725,ASML,ask,65.8,15,8575658,40971199
2026-07-17 09:35:43.122977,ASML_DUAL,bid,65.60000000000001,30,8575670,40971259
2026-07-17 09:35:43.541122,ASML,ask,66.0,14,8575688,40971215
2026-07-17 09:35:51.153448,ASML_DUAL,ask,66.0,30,8575793,40972009
2026-07-17 09:35:51.647601,ASML_DUAL,ask,66.0,30,8575804,40972080
2026-07-17 09:35:53.985017,ASML_DUAL,bid,65.8,30,8575828,40972308
2026-07-17 09:35:58.731436,ASML,bid,65.7,15,8575897,40972535
2026-07-17 09:35:59.423485,ASML_DUAL,bid,65.8,30,8575909,40972809
2026-07-17 09:36:03.908658,ASML_DUAL,ask,66.0,30,8575986,40973227
2026-07-17 09:36:03.982588,ASML_DUAL,ask,66.10000000000001,30,8575989,40973243
2026-07-17 09:36:04.148198,ASML,bid,65.8,9,8576001,40973131
2026-07-17 09:36:04.305992,ASML_DUAL,bid,65.9,30,8576006,40973252
2026-07-17 09:36:10.378592,ASML_DUAL,ask,66.2,30,8576119,40973880
2026-07-17 09:36:10.422099,ASML_DUAL,ask,66.2,27,8576121,40973888
2026-07-17 09:36:10.983058,ASML_DUAL,bid,66.10000000000001,27,8576139,40973931
2026-07-17 09:36:10.944533,ASML,bid,66.0,15,8576138,40973947
2026-07-17 09:36:12.174281,ASML_DUAL,ask,66.10000000000001,13,8576155,40974051
2026-07-17 09:36:16.757101,ASML_DUAL,ask,66.0,14,8576240,40974503
2026-07-17 09:36:17.027896,ASML_DUAL,ask,66.10000000000001,16,8576247,40974540
2026-07-17 09:36:17.502234,ASML_DUAL,ask,66.0,14,8576260,40974595
2026-07-17 09:36:20.081987,ASML_DUAL,bid,65.9,30,8576304,40974585
2026-07-17 09:36:21.899649,ASML_DUAL,bid,65.8,30,8576333,40974864
2026-07-17 09:36:23.401919,ASML_DUAL,ask,65.9,27,8576360,40975135
2026-07-17 09:36:24.536734,ASML,bid,65.60000000000001,15,8576380,40975213
2026-07-17 09:36:25.850435,ASML,bid,65.5,15,8576411,40975371
2026-07-17 09:36:25.930170,ASML_DUAL,ask,65.8,30,8576417,40975438
2026-07-17 09:36:26.447160,ASML_DUAL,bid,65.7,30,8576433,40975480
2026-07-17 09:36:26.772964,ASML_DUAL,bid,65.7,27,8576440,40975540
2026-07-17 09:36:29.852385,ASML_DUAL,ask,65.8,30,8576488,40975802
2026-07-17 09:36:32.807210,ASML_DUAL,ask,65.8,27,8576525,40976132
2026-07-17 09:36:35.033083,ASML_DUAL,ask,65.9,3,8576549,40976299
2026-07-17 09:36:35.768783,ASML_DUAL,ask,65.8,30,8576561,40976389
2026-07-17 09:36:37.660877,ASML,bid,65.60000000000001,15,8576590,40976513
2026-07-17 09:36:40.489619,ASML_DUAL,bid,65.7,30,8576632,40976782
2026-07-17 09:36:43.053631,ASML_DUAL,ask,65.8,13,8576667,40977084
2026-07-17 09:36:44.666439,ASML_DUAL,ask,65.9,17,8576683,40977174
2026-07-17 09:36:51.530791,ASML_DUAL,bid,65.60000000000001,30,8576776,40977553
2026-07-17 09:36:57.392523,ASML_DUAL,ask,65.8,30,8576859,40978393
2026-07-17 09:36:58.509654,ASML_DUAL,ask,65.8,13,8576877,40978496
2026-07-17 09:37:07.684325,ASML_DUAL,bid,65.60000000000001,25,8577026,40979288
2026-07-17 09:37:08.592804,ASML,bid,65.4,12,8577043,40979171
2026-07-17 09:37:08.916874,ASML_DUAL,ask,65.7,6,8577045,40979436
2026-07-17 09:37:08.916874,ASML_DUAL,ask,65.7,19,8577046,40979436
2026-07-17 09:37:12.309702,ASML_DUAL,bid,65.4,28,8577111,40979759
2026-07-17 09:37:14.647280,ASML_DUAL,ask,65.7,28,8577159,40979997
2026-07-17 09:37:17.474331,ASML_DUAL,bid,65.5,30,8577200,40980239
2026-07-17 09:37:18.038342,ASML,ask,65.7,15,8577214,40980215
2026-07-17 09:37:18.676979,ASML_DUAL,bid,65.60000000000001,30,8577232,40980363
2026-07-17 09:37:20.673144,ASML_DUAL,ask,65.60000000000001,30,8577262,40980596
2026-07-17 09:37:27.294580,ASML_DUAL,bid,65.5,30,8577351,40981059
2026-07-17 09:37:27.595242,ASML_DUAL,ask,65.60000000000001,30,8577364,40981244
2026-07-17 09:37:27.547329,ASML,ask,65.7,15,8577359,40981184
2026-07-17 09:37:30.509344,ASML_DUAL,bid,65.5,30,8577420,40981518
2026-07-17 09:37:32.389332,ASML_DUAL,bid,65.4,16,8577454,40981676
2026-07-17 09:37:34.879606,ASML_DUAL,ask,65.60000000000001,16,8577505,40981994
2026-07-17 09:37:35.734473,ASML_DUAL,ask,65.60000000000001,30,8577520,40982067
2026-07-17 09:37:36.406584,ASML,bid,65.5,15,8577538,40982152
2026-07-17 09:37:37.063600,ASML_DUAL,ask,65.60000000000001,16,8577553,40982228
2026-07-17 09:37:37.543383,ASML_DUAL,ask,65.60000000000001,10,8577565,40982276
2026-07-17 09:37:39.678105,ASML_DUAL,bid,65.4,30,8577594,40982218
2026-07-17 09:37:42.993639,ASML_DUAL,bid,65.3,28,8577633,40982580
2026-07-17 09:37:44.251602,ASML_DUAL,ask,65.4,30,8577652,40982890
2026-07-17 09:37:45.581566,ASML_DUAL,ask,65.60000000000001,30,8577677,40983000
2026-07-17 09:37:47.762816,ASML_DUAL,ask,65.5,2,8577712,40983240
2026-07-17 09:37:49.456628,ASML_DUAL,bid,65.4,30,8577736,40983328
2026-07-17 09:37:54.539882,ASML,bid,65.2,15,8577806,40983873
2026-07-17 09:37:55.852659,ASML_DUAL,bid,65.2,30,8577825,40983906
2026-07-17 09:37:55.965643,ASML,ask,65.4,15,8577837,40983993
2026-07-17 09:38:02.609840,ASML,ask,65.5,15,8577936,40984509
2026-07-17 09:38:04.094225,ASML_DUAL,bid,65.2,30,8577971,40984706
2026-07-17 09:38:05.491270,ASML_DUAL,ask,65.3,30,8578004,40984949
2026-07-17 09:38:07.430887,ASML_DUAL,ask,65.4,30,8578034,40985132
2026-07-17 09:38:08.675379,ASML_DUAL,bid,65.3,30,8578057,40985192
2026-07-17 09:38:09.351532,ASML,ask,65.5,15,8578068,40985144
2026-07-17 09:38:09.489904,ASML,ask,65.5,15,8578076,40985334
2026-07-17 09:38:13.970120,ASML_DUAL,bid,65.3,30,8578128,40985780
2026-07-17 09:38:17.113438,ASML_DUAL,ask,65.4,30,8578179,40986079
2026-07-17 09:38:22.413325,ASML_DUAL,bid,65.10000000000001,30,8578249,40986462
2026-07-17 09:38:32.192374,ASML_DUAL,bid,65.10000000000001,1,8578393,40987504
2026-07-17 09:38:33.396178,ASML_DUAL,bid,65.10000000000001,30,8578409,40987622
2026-07-17 09:38:37.561190,ASML_DUAL,bid,65.2,9,8578482,40988057
2026-07-17 09:38:38.539327,ASML_DUAL,ask,65.3,30,8578489,40988091
2026-07-17 09:38:40.997238,ASML_DUAL,bid,64.9,30,8578537,40988390
2026-07-17 09:38:41.477467,ASML_DUAL,ask,65.2,30,8578546,40988392
2026-07-17 09:38:46.273342,ASML_DUAL,bid,65.2,30,8578634,40988854
2026-07-17 09:38:47.227648,ASML_DUAL,ask,65.4,30,8578652,40988961
2026-07-17 09:38:49.421987,ASML,ask,65.60000000000001,15,8578687,40989124
2026-07-17 09:38:51.122846,ASML,bid,65.3,15,8578734,40989259
2026-07-17 09:38:54.257256,ASML_DUAL,bid,65.2,30,8578778,40989676
2026-07-17 09:38:56.429019,ASML_DUAL,bid,65.2,30,8578807,40989897
2026-07-17 09:38:59.828778,ASML_DUAL,ask,65.3,5,8578862,40990216
2026-07-17 09:39:03.377001,ASML_DUAL,bid,65.2,5,8578922,40990568
2026-07-17 09:39:09.216626,ASML_DUAL,ask,65.3,30,8579022,40990982
2026-07-17 09:39:12.560509,ASML_DUAL,bid,65.0,30,8579081,40991409
2026-07-17 09:39:13.554412,ASML,ask,65.3,15,8579105,40991495
2026-07-17 09:39:17.923471,ASML_DUAL,ask,65.2,30,8579170,40991897
2026-07-17 09:39:18.239883,ASML_DUAL,bid,65.10000000000001,13,8579176,40991950
2026-07-17 09:39:21.622367,ASML_DUAL,bid,65.10000000000001,17,8579230,40992278
2026-07-17 09:39:29.641912,ASML_DUAL,ask,65.3,16,8579338,40992904
2026-07-17 09:39:30.345767,ASML_DUAL,ask,65.3,30,8579347,40993070
2026-07-17 09:39:31.078596,ASML_DUAL,bid,65.3,16,8579362,40993154
2026-07-17 09:39:34.576867,ASML_DUAL,ask,65.5,30,8579405,40993236
2026-07-17 09:39:41.651521,ASML_DUAL,ask,65.60000000000001,30,8579518,40993962
2026-07-17 09:39:41.964991,ASML_DUAL,bid,65.5,10,8579526,40994223
2026-07-17 09:39:43.210925,ASML,bid,65.4,15,8579546,40994358
2026-07-17 09:39:43.330798,ASML_DUAL,bid,65.4,18,8579550,40994366
2026-07-17 09:39:46.009436,ASML_DUAL,bid,65.3,12,8579586,40994656
2026-07-17 09:39:46.084777,ASML,bid,65.3,2,8579588,40994639
2026-07-17 09:39:47.942857,ASML_DUAL,bid,65.10000000000001,20,8579610,40994845
2026-07-17 09:39:48.207235,ASML_DUAL,bid,65.10000000000001,12,8579617,40994872
2026-07-17 09:39:48.667099,ASML_DUAL,bid,65.10000000000001,12,8579622,40994901
2026-07-17 09:39:48.667099,ASML_DUAL,bid,65.10000000000001,6,8579623,40994901
2026-07-17 09:39:49.277700,ASML_DUAL,ask,65.3,30,8579633,40994929
2026-07-17 09:40:02.154732,ASML_DUAL,ask,65.60000000000001,10,8579800,40995850
2026-07-17 09:40:04.801257,ASML_DUAL,ask,65.7,30,8579849,40996409
2026-07-17 09:40:04.716550,ASML,ask,65.8,15,8579844,40996414
2026-07-17 09:40:06.457845,ASML_DUAL,bid,65.8,30,8579877,40996556
2026-07-17 09:40:07.113220,ASML_DUAL,ask,65.9,2,8579890,40996588
2026-07-17 09:40:12.049200,ASML_DUAL,ask,66.0,30,8579954,40996888
2026-07-17 09:40:14.229403,ASML_DUAL,bid,65.8,30,8579987,40997302
2026-07-17 09:40:16.984375,ASML_DUAL,ask,65.8,30,8580024,40997560
2026-07-17 09:40:19.342873,ASML,bid,65.7,15,8580064,40997661
2026-07-17 09:40:20.989268,ASML_DUAL,bid,65.8,30,8580099,40997928
2026-07-17 09:40:21.792199,ASML_DUAL,ask,66.0,30,8580121,40997935
2026-07-17 09:40:22.900881,ASML,ask,66.10000000000001,10,8580146,40997844
2026-07-17 09:40:22.970196,ASML,ask,66.10000000000001,5,8580148,40997844
2026-07-17 09:40:26.062613,ASML_DUAL,bid,65.9,12,8580191,40998402
2026-07-17 09:40:26.035334,ASML,bid,65.8,15,8580189,40998335
2026-07-17 09:40:34.109471,ASML,bid,65.60000000000001,8,8580299,40999112
2026-07-17 09:40:35.356566,ASML,ask,65.9,15,8580315,40999253
2026-07-17 09:40:38.156187,ASML,ask,65.8,15,8580360,40999614
2026-07-17 09:40:42.415413,ASML_DUAL,ask,65.60000000000001,30,8580410,41000004
2026-07-17 09:40:42.468589,ASML_DUAL,bid,65.5,30,8580415,41000012
2026-07-17 09:40:42.453873,ASML,bid,65.4,15,8580413,40999967
2026-07-17 09:40:42.621556,ASML_DUAL,bid,65.5,8,8580418,41000033
2026-07-17 09:40:46.984765,ASML_DUAL,bid,65.4,30,8580481,41000397
2026-07-17 09:40:47.331126,ASML_DUAL,ask,65.5,30,8580491,41000485
2026-07-17 09:40:47.472788,ASML,ask,65.7,15,8580494,41000479
2026-07-17 09:40:49.311675,ASML_DUAL,bid,65.60000000000001,10,8580543,41000691
2026-07-17 09:40:50.339823,ASML_DUAL,ask,65.8,11,8580565,41000694
2026-07-17 09:40:50.905995,ASML_DUAL,ask,65.9,30,8580572,41000831
2026-07-17 09:40:51.254710,ASML_DUAL,bid,65.7,23,8580580,41000828
2026-07-17 09:40:51.533542,ASML_DUAL,bid,65.7,7,8580583,41000828
2026-07-17 09:40:57.254725,ASML_DUAL,ask,66.0,30,8580652,41001475
2026-07-17 09:40:59.376859,ASML_DUAL,ask,66.0,30,8580683,41001602
2026-07-17 09:41:01.552440,ASML_DUAL,bid,65.9,30,8580712,41001710
2026-07-17 09:41:04.334025,ASML_DUAL,bid,65.9,30,8580756,41002132
2026-07-17 09:41:08.885639,ASML_DUAL,ask,66.10000000000001,21,8580828,41002600
2026-07-17 09:41:11.904873,ASML_DUAL,bid,66.0,14,8580874,41002941
2026-07-17 09:41:14.940722,ASML_DUAL,ask,66.3,30,8580929,41003243
2026-07-17 09:41:15.182070,ASML_DUAL,bid,66.2,16,8580937,41003258
2026-07-17 09:41:16.407574,ASML_DUAL,bid,66.10000000000001,16,8580964,41003400
2026-07-17 09:41:21.901111,ASML_DUAL,ask,66.3,23,8581050,41003920
2026-07-17 09:41:23.671807,ASML_DUAL,bid,66.0,30,8581083,41004003
2026-07-17 09:41:26.952139,ASML_DUAL,ask,66.3,30,8581126,41004389
2026-07-17 09:41:29.517843,ASML_DUAL,ask,66.2,30,8581172,41004677
2026-07-17 09:41:33.321143,ASML_DUAL,ask,66.3,19,8581218,41004867
2026-07-17 09:41:34.526206,ASML_DUAL,bid,66.10000000000001,30,8581244,41005080
2026-07-17 09:41:34.503764,ASML,bid,65.9,15,8581243,41005123
2026-07-17 09:41:36.896286,ASML_DUAL,bid,65.9,10,8581310,41005361
2026-07-17 09:41:37.730767,ASML_DUAL,ask,66.0,30,8581326,41005428
2026-07-17 09:41:39.810136,ASML,bid,65.7,15,8581368,41005598
2026-07-17 09:41:44.264353,ASML_DUAL,bid,65.60000000000001,30,8581445,41005914
2026-07-17 09:41:45.824313,ASML_DUAL,ask,65.8,25,8581472,41006217
2026-07-17 09:41:46.382760,ASML_DUAL,ask,65.8,10,8581477,41006265
2026-07-17 09:41:46.941230,ASML_DUAL,ask,65.8,25,8581490,41006331
2026-07-17 09:41:47.202515,ASML_DUAL,bid,65.7,10,8581499,41006268
2026-07-17 09:41:49.148768,ASML_DUAL,bid,65.60000000000001,30,8581520,41006547
2026-07-17 09:41:49.364130,ASML_DUAL,bid,65.60000000000001,2,8581529,41006575
2026-07-17 09:41:50.321071,ASML_DUAL,bid,65.7,30,8581545,41006587
2026-07-17 09:41:52.401611,ASML,ask,65.8,15,8581586,41006769
2026-07-17 09:41:58.635272,ASML,ask,65.9,15,8581690,41007296
2026-07-17 09:42:02.038540,ASML_DUAL,bid,65.60000000000001,30,8581736,41007813
2026-07-17 09:42:03.083033,ASML_DUAL,bid,65.4,18,8581760,41007912
2026-07-17 09:42:05.078818,ASML_DUAL,ask,65.7,30,8581788,41008024
2026-07-17 09:42:05.221021,ASML_DUAL,bid,65.60000000000001,12,8581791,41008102
2026-07-17 09:42:05.515824,ASML,bid,65.5,15,8581796,41008120
2026-07-17 09:42:07.340787,ASML_DUAL,bid,65.60000000000001,30,8581828,41008331
2026-07-17 09:42:12.052673,ASML,ask,65.8,15,8581900,41008666
2026-07-17 09:42:12.153538,ASML,ask,65.9,15,8581907,41008786
2026-07-17 09:42:12.929776,ASML_DUAL,bid,65.60000000000001,6,8581926,41008865
2026-07-17 09:42:12.929776,ASML_DUAL,bid,65.60000000000001,12,8581927,41008865
2026-07-17 09:42:14.673900,ASML_DUAL,ask,65.9,30,8581956,41009009
2026-07-17 09:42:24.140995,ASML_DUAL,ask,65.8,30,8582101,41009879
2026-07-17 09:42:24.335729,ASML_DUAL,bid,65.7,20,8582110,41009924
2026-07-17 09:42:28.153187,ASML_DUAL,ask,65.8,30,8582164,41010298
2026-07-17 09:42:28.170709,ASML,bid,65.5,15,8582167,41010265
2026-07-17 09:42:28.510747,ASML_DUAL,ask,65.8,30,8582176,41010316
2026-07-17 09:42:28.893402,ASML_DUAL,bid,65.60000000000001,10,8582181,41010371
2026-07-17 09:42:30.203145,ASML_DUAL,bid,65.5,30,8582199,41010493
2026-07-17 09:42:30.970111,ASML,bid,65.5,15,8582218,41010573
2026-07-17 09:42:31.293869,ASML_DUAL,bid,65.4,18,8582227,41010652
2026-07-17 09:42:31.293869,ASML_DUAL,bid,65.4,12,8582228,41010652
2026-07-17 09:42:31.542671,ASML_DUAL,bid,65.4,30,8582232,41010687
2026-07-17 09:42:34.878675,ASML_DUAL,ask,65.60000000000001,30,8582279,41010852
2026-07-17 09:42:37.608758,ASML_DUAL,ask,65.5,20,8582330,41011250
2026-07-17 09:42:37.661932,ASML_DUAL,ask,65.5,10,8582332,41011250
2026-07-17 09:42:37.748570,ASML_DUAL,bid,65.5,30,8582337,41011277
2026-07-17 09:42:38.067171,ASML_DUAL,ask,65.7,30,8582350,41011278
2026-07-17 09:42:41.229777,ASML_DUAL,ask,65.60000000000001,30,8582399,41011557
2026-07-17 09:42:49.772391,ASML_DUAL,bid,65.4,30,8582542,41012438
2026-07-17 09:42:50.934390,ASML,bid,65.3,15,8582563,41012470
2026-07-17 09:42:51.620327,ASML_DUAL,ask,65.60000000000001,20,8582575,41012586
2026-07-17 09:42:51.891688,ASML_DUAL,bid,65.4,30,8582577,41012611
2026-07-17 09:42:53.664917,ASML_DUAL,ask,65.60000000000001,30,8582600,41012652
2026-07-17 09:42:54.234933,ASML_DUAL,bid,65.5,20,8582609,41012803
2026-07-17 09:42:56.057008,ASML_DUAL,bid,65.4,20,8582643,41013038
2026-07-17 09:42:56.407598,ASML_DUAL,bid,65.4,10,8582655,41013074
2026-07-17 09:42:57.445944,ASML_DUAL,ask,65.60000000000001,30,8582673,41013126
2026-07-17 09:42:58.192535,ASML_DUAL,ask,65.5,30,8582690,41013186
2026-07-17 09:42:58.750239,ASML_DUAL,bid,65.4,10,8582699,41013276
2026-07-17 09:43:02.483280,ASML_DUAL,bid,65.3,30,8582754,41013608
2026-07-17 09:43:06.084905,ASML_DUAL,ask,65.5,30,8582793,41013976
2026-07-17 09:43:10.289466,ASML_DUAL,bid,65.5,30,8582877,41014411
2026-07-17 09:43:15.239689,ASML_DUAL,ask,65.5,30,8582947,41014667
2026-07-17 09:43:20.730195,ASML_DUAL,bid,65.3,30,8583029,41015357
2026-07-17 09:43:29.001892,ASML_DUAL,bid,65.3,4,8583143,41016140
2026-07-17 09:43:29.895275,ASML,ask,65.5,15,8583157,41016214
2026-07-17 09:43:30.785125,ASML_DUAL,bid,65.2,26,8583176,41016314
2026-07-17 09:43:33.047444,ASML_DUAL,bid,65.0,10,8583213,41016540
2026-07-17 09:43:35.202754,ASML_DUAL,ask,65.10000000000001,19,8583243,41016697
2026-07-17 09:43:37.828376,ASML,ask,65.4,15,8583284,41016890
2026-07-17 09:43:38.471677,ASML_DUAL,ask,65.2,28,8583295,41017032
2026-07-17 09:43:42.702074,ASML_DUAL,ask,65.3,30,8583359,41017448
2026-07-17 09:43:47.175071,ASML,bid,65.2,15,8583412,41017890
2026-07-17 09:43:47.232940,ASML_DUAL,bid,65.10000000000001,5,8583416,41017898
2026-07-17 09:43:47.528310,ASML_DUAL,bid,65.10000000000001,22,8583427,41017926
2026-07-17 09:43:50.516097,ASML_DUAL,ask,65.4,30,8583480,41018232
2026-07-17 09:43:51.185708,ASML_DUAL,ask,65.4,30,8583492,41018295
2026-07-17 09:43:52.119913,ASML_DUAL,bid,65.3,24,8583517,41018325
2026-07-17 09:43:52.269377,ASML_DUAL,bid,65.3,6,8583521,41018325
2026-07-17 09:43:53.387269,ASML_DUAL,ask,65.5,30,8583540,41018413
2026-07-17 09:43:56.944250,ASML_DUAL,bid,65.4,9,8583598,41018842
2026-07-17 09:43:58.243412,ASML_DUAL,ask,65.4,19,8583619,41018962
2026-07-17 09:43:59.366560,ASML_DUAL,ask,65.4,15,8583636,41019053
2026-07-17 09:43:59.707588,ASML_DUAL,bid,65.3,30,8583649,41018963
2026-07-17 09:44:00.185901,ASML_DUAL,bid,65.2,30,8583661,41019088
2026-07-17 09:44:01.835923,ASML_DUAL,bid,65.10000000000001,30,8583697,41019248
2026-07-17 09:44:03.894629,ASML_DUAL,ask,65.2,30,8583737,41019317
2026-07-17 09:44:04.732191,ASML,ask,65.4,15,8583753,41019558
2026-07-17 09:44:04.870494,ASML_DUAL,ask,65.4,15,8583759,41019607
2026-07-17 09:44:04.983594,ASML_DUAL,ask,65.4,2,8583763,41019625
2026-07-17 09:44:08.840037,ASML,bid,65.0,15,8583831,41019662
2026-07-17 09:44:09.135093,ASML_DUAL,ask,65.2,2,8583834,41020021
2026-07-17 09:44:10.213472,ASML_DUAL,bid,65.3,30,8583851,41020118
2026-07-17 09:44:10.202931,ASML,bid,65.10000000000001,15,8583850,41020119
2026-07-17 09:44:10.298155,ASML_DUAL,ask,65.2,30,8583854,41020136
2026-07-17 09:44:16.209600,ASML_DUAL,bid,65.0,13,8583953,41020605
2026-07-17 09:44:16.739609,ASML_DUAL,bid,65.0,17,8583961,41020605
2026-07-17 09:44:18.734198,ASML_DUAL,ask,65.10000000000001,15,8583993,41020755
2026-07-17 09:44:20.965606,ASML_DUAL,bid,65.0,29,8584028,41021131
2026-07-17 09:44:30.524175,ASML_DUAL,bid,65.10000000000001,30,8584189,41022036
2026-07-17 09:44:31.446797,ASML_DUAL,ask,65.10000000000001,10,8584201,41022052
2026-07-17 09:44:31.887297,ASML_DUAL,bid,65.2,10,8584214,41022158
2026-07-17 09:44:32.123431,ASML_DUAL,ask,65.3,30,8584219,41022170
2026-07-17 09:44:32.276017,ASML,ask,65.4,15,8584226,41022135
2026-07-17 09:44:39.923746,ASML_DUAL,ask,65.4,30,8584334,41022988
2026-07-17 09:44:40.139623,ASML_DUAL,ask,65.4,30,8584346,41023023
2026-07-17 09:44:40.169066,ASML_DUAL,ask,65.5,10,8584347,41022735
2026-07-17 09:44:40.484663,ASML_DUAL,ask,65.4,15,8584353,41023052
2026-07-17 09:44:41.237671,ASML,bid,65.2,15,8584363,41023053
2026-07-17 09:44:41.548075,ASML_DUAL,bid,65.2,30,8584376,41023108
2026-07-17 09:44:44.189919,ASML_DUAL,bid,65.0,30,8584421,41023361
2026-07-17 09:44:45.606679,ASML_DUAL,ask,65.2,10,8584458,41023376
2026-07-17 09:44:47.694632,ASML_DUAL,ask,65.3,30,8584491,41023732
2026-07-17 09:44:56.127350,ASML_DUAL,bid,65.2,3,8584607,41024482
2026-07-17 09:44:56.155119,ASML_DUAL,bid,65.2,20,8584609,41024482
2026-07-17 09:44:56.028131,ASML,bid,65.0,15,8584602,41024406
2026-07-17 09:44:56.111317,ASML,bid,65.0,15,8584606,41024486
2026-07-17 09:44:57.679926,ASML_DUAL,ask,65.3,28,8584634,41024650
2026-07-17 09:44:57.853199,ASML_DUAL,ask,65.3,2,8584637,41024681
2026-07-17 09:45:01.173623,ASML_DUAL,ask,65.4,28,8584687,41024986
2026-07-17 09:45:16.085150,ASML_DUAL,bid,65.3,30,8584889,41026322
2026-07-17 09:45:16.898587,ASML,ask,65.5,15,8584905,41026427
2026-07-17 09:45:17.402360,ASML_DUAL,ask,65.60000000000001,30,8584912,41026477
2026-07-17 09:45:20.323156,ASML_DUAL,bid,65.4,30,8584955,41026673
2026-07-17 09:45:22.320104,ASML_DUAL,bid,65.3,30,8584983,41026814
2026-07-17 09:45:27.143420,ASML,ask,65.4,15,8585050,41027396
2026-07-17 09:45:34.167148,ASML_DUAL,ask,65.2,10,8585171,41028089
2026-07-17 09:45:37.244106,ASML_DUAL,bid,65.10000000000001,30,8585227,41028344
2026-07-17 09:45:37.923282,ASML_DUAL,ask,65.2,20,8585246,41028407
2026-07-17 09:45:37.886734,ASML,ask,65.3,15,8585244,41028420
2026-07-17 09:45:38.860697,ASML_DUAL,ask,65.4,30,8585259,41028474
2026-07-17 09:45:40.617044,ASML,bid,65.0,15,8585298,41028730
2026-07-17 09:45:41.174048,ASML_DUAL,bid,65.10000000000001,30,8585318,41028796
2026-07-17 09:45:41.982784,ASML_DUAL,bid,65.10000000000001,30,8585341,41028870
2026-07-17 09:45:42.148111,ASML_DUAL,ask,65.3,30,8585346,41028871
2026-07-17 09:45:42.529431,ASML_DUAL,bid,65.10000000000001,30,8585359,41028918
2026-07-17 09:45:44.128315,ASML_DUAL,ask,65.2,30,8585390,41029073
2026-07-17 09:45:44.681802,ASML_DUAL,bid,65.10000000000001,13,8585399,41029082
2026-07-17 09:45:47.832931,ASML_DUAL,bid,65.10000000000001,17,8585445,41029082
2026-07-17 09:45:50.554282,ASML_DUAL,ask,65.3,30,8585478,41029678
2026-07-17 09:45:51.069145,ASML_DUAL,bid,65.10000000000001,13,8585489,41029723
2026-07-17 09:45:51.672325,ASML_DUAL,ask,65.3,17,8585498,41029760
2026-07-17 09:45:52.024881,ASML_DUAL,ask,65.4,30,8585505,41029807
2026-07-17 09:45:52.331980,ASML_DUAL,bid,65.2,27,8585519,41029806
2026-07-17 09:45:56.175076,ASML_DUAL,ask,65.2,6,8585573,41030232
2026-07-17 09:45:58.431637,ASML_DUAL,bid,65.0,30,8585608,41030415
2026-07-17 09:46:01.065398,ASML,bid,64.8,10,8585649,41030572
2026-07-17 09:46:03.326325,ASML,ask,65.10000000000001,15,8585679,41030816
2026-07-17 09:46:04.906457,ASML_DUAL,bid,64.9,30,8585702,41031085
2026-07-17 09:46:12.012299,ASML,bid,64.7,15,8585809,41031739
2026-07-17 09:46:12.682249,ASML,ask,64.8,15,8585823,41031841
2026-07-17 09:46:14.551764,ASML_DUAL,ask,64.7,16,8585849,41031979
2026-07-17 09:46:15.308934,ASML_DUAL,ask,64.7,14,8585861,41031979
2026-07-17 09:46:15.588136,ASML_DUAL,bid,64.60000000000001,14,8585868,41032091
2026-07-17 09:46:16.653373,ASML_DUAL,bid,64.5,9,8585882,41032127
2026-07-17 09:46:17.108056,ASML_DUAL,bid,64.4,30,8585893,41032244
2026-07-17 09:46:17.429968,ASML_DUAL,ask,64.5,30,8585898,41032276
2026-07-17 09:46:25.943713,ASML_DUAL,ask,64.4,30,8586018,41033052
2026-07-17 09:46:27.211255,ASML_DUAL,ask,64.4,30,8586029,41033211
2026-07-17 09:46:29.437783,ASML_DUAL,ask,64.5,30,8586068,41033464
2026-07-17 09:46:30.465451,ASML_DUAL,bid,64.3,30,8586104,41033524
2026-07-17 09:46:31.600813,ASML_DUAL,ask,64.5,3,8586125,41033605
2026-07-17 09:46:34.505399,ASML_DUAL,ask,64.4,27,8586157,41033948
2026-07-17 09:46:35.615930,ASML_DUAL,ask,64.4,5,8586170,41034071
2026-07-17 09:46:36.028395,ASML_DUAL,bid,64.3,30,8586186,41034113
2026-07-17 09:46:36.877017,ASML_DUAL,bid,64.2,30,8586197,41034146
2026-07-17 09:46:38.723229,ASML_DUAL,ask,64.3,30,8586215,41034357
2026-07-17 09:46:40.735068,ASML_DUAL,ask,64.3,5,8586238,41034547
2026-07-17 09:46:45.726306,ASML_DUAL,ask,64.4,25,8586312,41035021
2026-07-17 09:46:46.549902,ASML,bid,64.2,15,8586328,41035090
2026-07-17 09:46:46.633474,ASML_DUAL,ask,64.60000000000001,5,8586334,41035101
2026-07-17 09:46:47.108748,ASML,ask,64.4,10,8586355,41035136
2026-07-17 09:46:51.543013,ASML_DUAL,bid,64.2,30,8586407,41035485
2026-07-17 09:46:52.071167,ASML_DUAL,bid,64.2,2,8586419,41035602
2026-07-17 09:46:53.295651,ASML,bid,64.0,15,8586432,41035544
2026-07-17 09:46:53.803906,ASML_DUAL,ask,64.2,30,8586444,41035794
2026-07-17 09:46:54.185594,ASML_DUAL,bid,64.0,2,8586453,41035753
2026-07-17 09:46:54.448444,ASML_DUAL,bid,64.10000000000001,30,8586457,41035853
2026-07-17 09:46:55.879826,ASML_DUAL,bid,64.10000000000001,30,8586473,41035928
2026-07-17 09:46:58.033813,ASML_DUAL,bid,64.10000000000001,30,8586504,41036174
2026-07-17 09:46:59.566204,ASML_DUAL,ask,64.2,30,8586531,41036180
2026-07-17 09:47:06.077298,ASML_DUAL,bid,64.0,30,8586626,41036929
2026-07-17 09:47:06.556010,ASML_DUAL,bid,63.900000000000006,6,8586636,41036996
2026-07-17 09:47:08.088396,ASML,ask,64.2,15,8586661,41037006
2026-07-17 09:47:19.226803,ASML_DUAL,ask,64.2,30,8586798,41038165
2026-07-17 09:47:21.499040,ASML,bid,63.900000000000006,15,8586842,41038412
2026-07-17 09:47:24.098188,ASML,bid,63.800000000000004,15,8586884,41038663
2026-07-17 09:47:25.021906,ASML_DUAL,bid,63.800000000000004,6,8586904,41038747
2026-07-17 09:47:25.389642,ASML_DUAL,ask,64.0,20,8586912,41038718
2026-07-17 09:47:28.673130,ASML_DUAL,bid,63.7,30,8586964,41039045
2026-07-17 09:47:31.976596,ASML_DUAL,ask,64.0,30,8587019,41039473
2026-07-17 09:47:32.034797,ASML,ask,64.0,10,8587022,41039232
2026-07-17 09:47:44.964281,ASML_DUAL,ask,64.0,2,8587200,41040783
2026-07-17 09:47:46.080769,ASML_DUAL,ask,64.0,30,8587217,41040884
2026-07-17 09:47:47.160308,ASML_DUAL,ask,64.10000000000001,24,8587231,41040984
2026-07-17 09:47:49.702448,ASML_DUAL,bid,63.800000000000004,1,8587283,41041134
2026-07-17 09:47:49.724022,ASML_DUAL,bid,63.800000000000004,29,8587285,41041134
2026-07-17 09:47:54.450836,ASML_DUAL,ask,64.10000000000001,30,8587362,41041689
2026-07-17 09:47:58.267804,ASML_DUAL,bid,63.900000000000006,13,8587420,41042031
2026-07-17 09:48:01.072269,ASML_DUAL,ask,64.2,13,8587465,41042327
2026-07-17 09:48:03.904799,ASML_DUAL,bid,63.800000000000004,30,8587503,41042472
2026-07-17 09:48:05.235333,ASML_DUAL,ask,64.0,28,8587527,41042674
2026-07-17 09:48:09.689406,ASML,bid,63.7,15,8587577,41042860
2026-07-17 09:48:16.612097,ASML_DUAL,bid,64.10000000000001,30,8587662,41043641
2026-07-17 09:48:20.477382,ASML_DUAL,bid,64.0,30,8587704,41043695
2026-07-17 09:48:25.829419,ASML_DUAL,ask,64.0,30,8587762,41044426
2026-07-17 09:48:28.450037,ASML_DUAL,bid,63.800000000000004,30,8587812,41044798
2026-07-17 09:48:32.103024,ASML_DUAL,bid,64.0,30,8587880,41045127
2026-07-17 09:48:32.405083,ASML,ask,64.2,15,8587890,41045066
2026-07-17 09:48:32.666605,ASML_DUAL,ask,64.2,24,8587901,41045223
2026-07-17 09:48:41.168814,ASML_DUAL,bid,64.2,30,8588030,41046037
2026-07-17 09:48:41.619817,ASML_DUAL,ask,64.4,3,8588046,41046086
2026-07-17 09:48:41.718464,ASML_DUAL,ask,64.3,25,8588051,41046086
2026-07-17 09:48:42.800622,ASML_DUAL,bid,64.2,3,8588072,41046105
2026-07-17 09:48:43.547120,ASML_DUAL,ask,64.4,30,8588089,41046216
2026-07-17 09:48:44.911626,ASML_DUAL,ask,64.5,13,8588117,41046434
2026-07-17 09:48:48.254726,ASML_DUAL,ask,64.5,30,8588173,41046749
2026-07-17 09:48:48.492898,ASML,bid,64.2,15,8588181,41046775
2026-07-17 09:48:53.838959,ASML,bid,64.2,15,8588285,41047300
2026-07-17 09:49:01.820461,ASML,ask,64.4,15,8588405,41047840
2026-07-17 09:49:06.028496,ASML,ask,64.5,15,8588478,41048384
2026-07-17 09:49:07.231555,ASML,bid,64.3,15,8588498,41048494
2026-07-17 09:49:30.853588,ASML_DUAL,bid,64.2,1,8588910,41050315
2026-07-17 09:49:31.032370,ASML_DUAL,ask,64.4,1,8588911,41050637
2026-07-17 09:49:32.977165,ASML_DUAL,bid,64.2,30,8588944,41050741
2026-07-17 09:49:33.097950,ASML_DUAL,ask,64.4,8,8588946,41050837
2026-07-17 09:49:34.178872,ASML_DUAL,ask,64.4,13,8588982,41050967
2026-07-17 09:49:35.262167,ASML_DUAL,ask,64.2,9,8588998,41051087
2026-07-17 09:49:36.201268,ASML_DUAL,bid,64.10000000000001,1,8589006,41051019
2026-07-17 09:49:39.322566,ASML_DUAL,bid,64.10000000000001,30,8589061,41051262
2026-07-17 09:49:41.443275,ASML_DUAL,bid,64.2,30,8589092,41051675
2026-07-17 09:49:41.828592,ASML_DUAL,ask,64.3,30,8589098,41051697
2026-07-17 09:49:45.739349,ASML_DUAL,bid,64.0,13,8589157,41052025
2026-07-17 09:49:47.787781,ASML_DUAL,bid,63.900000000000006,30,8589187,41052241
2026-07-17 09:49:49.909030,ASML_DUAL,bid,63.800000000000004,30,8589211,41052412
2026-07-17 09:49:51.287028,ASML_DUAL,ask,63.900000000000006,30,8589233,41052551
2026-07-17 09:49:51.339081,ASML_DUAL,bid,63.900000000000006,5,8589235,41052604
2026-07-17 09:49:51.339081,ASML_DUAL,bid,63.900000000000006,16,8589236,41052604
2026-07-17 09:49:51.503845,ASML,ask,64.10000000000001,5,8589245,41052612
2026-07-17 09:49:55.571948,ASML_DUAL,ask,64.10000000000001,10,8589307,41052945
2026-07-17 09:49:58.220743,ASML,ask,64.10000000000001,15,8589349,41053300
2026-07-17 09:49:58.290793,ASML_DUAL,bid,64.0,8,8589355,41053309
2026-07-17 09:50:00.505843,ASML_DUAL,bid,64.0,20,8589390,41053487
2026-07-17 09:50:02.174715,ASML_DUAL,bid,63.900000000000006,21,8589413,41053675
2026-07-17 09:50:02.408683,ASML_DUAL,bid,63.900000000000006,11,8589418,41053706
2026-07-17 09:50:03.611732,ASML,ask,64.10000000000001,15,8589445,41053708
2026-07-17 09:50:03.689779,ASML_DUAL,bid,63.900000000000006,15,8589449,41053816
2026-07-17 09:50:04.697404,ASML_DUAL,ask,64.10000000000001,30,8589464,41053849
2026-07-17 09:50:06.290594,ASML,ask,64.2,15,8589495,41054009
2026-07-17 09:50:06.344622,ASML_DUAL,ask,64.10000000000001,10,8589499,41054067
2026-07-17 09:50:06.590813,ASML_DUAL,ask,64.3,25,8589513,41054130
2026-07-17 09:50:10.305002,ASML,bid,64.0,15,8589572,41054224
2026-07-17 09:50:11.108121,ASML_DUAL,bid,64.10000000000001,30,8589582,41054557
2026-07-17 09:50:14.716920,ASML_DUAL,bid,64.0,5,8589625,41054803
2026-07-17 09:50:15.777512,ASML,ask,64.3,15,8589640,41054973
2026-07-17 09:50:21.691298,ASML_DUAL,bid,64.0,30,8589734,41055598
2026-07-17 09:50:24.905479,ASML_DUAL,ask,64.3,2,8589796,41055837
2026-07-17 09:50:27.154792,ASML_DUAL,bid,64.10000000000001,2,8589827,41056113
2026-07-17 09:50:29.213750,ASML,ask,64.5,15,8589872,41056214
2026-07-17 09:50:33.240183,ASML_DUAL,ask,64.4,30,8589956,41056669
2026-07-17 09:50:34.587682,ASML_DUAL,bid,64.3,8,8589992,41056824
2026-07-17 09:50:35.628690,ASML_DUAL,bid,64.3,22,8590004,41056921
2026-07-17 09:50:37.424972,ASML,ask,64.60000000000001,15,8590042,41056954
2026-07-17 09:50:38.684268,ASML,ask,64.7,15,8590067,41057112
2026-07-17 09:50:42.888386,ASML_DUAL,ask,64.5,30,8590130,41057480
2026-07-17 09:50:44.256857,ASML_DUAL,bid,64.4,13,8590165,41057731
2026-07-17 09:50:45.312292,ASML_DUAL,ask,64.5,3,8590187,41057823
2026-07-17 09:50:46.888123,ASML_DUAL,bid,64.4,17,8590212,41057953
2026-07-17 09:50:50.477780,ASML_DUAL,ask,64.4,30,8590265,41058304
2026-07-17 09:50:56.402726,ASML_DUAL,ask,64.5,30,8590368,41058879
2026-07-17 09:50:57.904042,ASML_DUAL,ask,64.60000000000001,30,8590392,41058910
2026-07-17 09:50:58.876772,ASML_DUAL,ask,64.60000000000001,7,8590405,41059105
2026-07-17 09:51:00.078611,ASML,bid,64.4,15,8590430,41059231
2026-07-17 09:51:04.959915,ASML_DUAL,ask,64.60000000000001,15,8590515,41059588
2026-07-17 09:51:05.504070,ASML_DUAL,bid,64.4,10,8590527,41059676
2026-07-17 09:51:05.884799,ASML,bid,64.3,15,8590534,41059589
2026-07-17 09:51:06.469195,ASML_DUAL,bid,64.3,2,8590539,41059848
2026-07-17 09:51:08.650911,ASML_DUAL,bid,64.3,30,8590577,41060073
2026-07-17 09:51:23.342452,ASML_DUAL,ask,64.4,30,8590776,41061212
2026-07-17 09:51:25.468315,ASML_DUAL,ask,64.5,15,8590822,41061717
2026-07-17 09:51:27.642576,ASML_DUAL,bid,64.3,30,8590847,41061714
2026-07-17 09:51:29.757903,ASML_DUAL,bid,64.2,30,8590875,41061964
2026-07-17 09:51:30.995938,ASML_DUAL,bid,64.10000000000001,18,8590889,41062198
2026-07-17 09:51:31.911271,ASML_DUAL,bid,64.10000000000001,12,8590906,41062198
2026-07-17 09:51:36.538331,ASML,bid,63.900000000000006,15,8590971,41062465
2026-07-17 09:51:41.751691,ASML_DUAL,bid,64.10000000000001,28,8591063,41063246
2026-07-17 09:51:42.842648,ASML,bid,64.0,15,8591088,41063341
2026-07-17 09:51:44.191333,ASML,ask,64.4,15,8591110,41063342
2026-07-17 09:51:44.215181,ASML_DUAL,ask,64.2,28,8591112,41063458
2026-07-17 09:51:44.215722,ASML_DUAL,ask,64.2,2,8591113,41063458
2026-07-17 09:51:45.552731,ASML_DUAL,ask,64.3,2,8591132,41063596
2026-07-17 09:51:47.658123,ASML_DUAL,bid,64.2,30,8591166,41063798
2026-07-17 09:51:48.931105,ASML_DUAL,bid,64.2,2,8591186,41063906
2026-07-17 09:51:49.666778,ASML,bid,64.10000000000001,2,8591201,41063738
2026-07-17 09:51:50.819656,ASML,ask,64.4,15,8591223,41064081
2026-07-17 09:51:52.236548,ASML,bid,64.2,15,8591245,41064192
2026-07-17 09:51:56.244735,ASML,ask,64.4,15,8591318,41064447
2026-07-17 09:51:57.274166,ASML_DUAL,ask,64.4,15,8591340,41064613
2026-07-17 09:51:59.388183,ASML_DUAL,ask,64.5,25,8591371,41064844
2026-07-17 09:51:59.730047,ASML_DUAL,bid,64.3,30,8591380,41064875
2026-07-17 09:52:01.092711,ASML,ask,64.60000000000001,15,8591418,41064921
2026-07-17 09:52:02.477854,ASML_DUAL,ask,64.3,30,8591443,41065145
2026-07-17 09:52:02.783401,ASML_DUAL,bid,64.2,30,8591449,41065192
2026-07-17 09:52:03.631594,ASML_DUAL,ask,64.4,30,8591462,41065187
2026-07-17 09:52:04.327141,ASML,bid,64.3,15,8591471,41065336
2026-07-17 09:52:04.765148,ASML_DUAL,bid,64.2,10,8591484,41065385
2026-07-17 09:52:09.419887,ASML_DUAL,bid,64.10000000000001,30,8591549,41065817
2026-07-17 09:52:20.606068,ASML_DUAL,ask,64.2,26,8591701,41066711
2026-07-17 09:52:23.013025,ASML,ask,64.4,15,8591749,41067108
2026-07-17 09:52:23.129032,ASML_DUAL,bid,64.10000000000001,12,8591752,41067114
2026-07-17 09:52:23.129032,ASML_DUAL,bid,64.10000000000001,14,8591753,41067114
2026-07-17 09:52:24.844197,ASML_DUAL,ask,64.3,30,8591784,41067143
2026-07-17 09:52:31.198182,ASML_DUAL,ask,64.4,30,8591875,41067873
2026-07-17 09:52:35.435817,ASML_DUAL,ask,64.4,30,8591939,41068308
2026-07-17 09:52:36.248272,ASML_DUAL,bid,64.2,30,8591955,41068376
2026-07-17 09:52:37.224298,ASML_DUAL,ask,64.3,30,8591968,41068399
2026-07-17 09:52:37.585007,ASML_DUAL,bid,64.2,6,8591971,41068484
2026-07-17 09:52:42.807451,ASML,bid,64.0,15,8592037,41068521
2026-07-17 09:52:47.610570,ASML_DUAL,bid,64.0,18,8592113,41069433
2026-07-17 09:52:48.179765,ASML_DUAL,bid,64.0,24,8592120,41069483
2026-07-17 09:52:56.336926,ASML,bid,63.800000000000004,15,8592240,41070120
2026-07-17 09:52:56.600722,ASML_DUAL,ask,64.0,30,8592243,41070238
2026-07-17 09:52:57.673252,ASML,bid,63.900000000000006,15,8592266,41070295
2026-07-17 09:52:57.733316,ASML_DUAL,ask,64.10000000000001,30,8592269,41070388
2026-07-17 09:53:01.154121,ASML_DUAL,bid,64.10000000000001,30,8592320,41070698
2026-07-17 09:53:01.704148,ASML,ask,64.3,15,8592327,41070723
2026-07-17 09:53:01.877977,ASML_DUAL,ask,64.3,25,8592338,41070749
2026-07-17 09:53:05.836409,ASML_DUAL,ask,64.3,5,8592398,41071140
2026-07-17 09:53:06.170968,ASML_DUAL,ask,64.3,24,8592400,41071159
2026-07-17 09:53:06.170968,ASML_DUAL,ask,64.3,4,8592401,41071159
2026-07-17 09:53:08.019474,ASML_DUAL,bid,64.2,30,8592428,41071270
2026-07-17 09:53:09.422203,ASML_DUAL,bid,64.10000000000001,30,8592444,41071368
2026-07-17 09:53:09.808023,ASML_DUAL,ask,64.2,30,8592453,41071521
2026-07-17 09:53:09.828852,ASML_DUAL,ask,64.3,17,8592455,41071530
2026-07-17 09:53:12.473002,ASML_DUAL,ask,64.3,30,8592497,41071798
2026-07-17 09:53:14.828929,ASML_DUAL,bid,64.2,30,8592548,41072039
2026-07-17 09:53:18.334198,ASML_DUAL,bid,64.2,27,8592606,41072389
2026-07-17 09:53:20.014132,ASML_DUAL,bid,64.3,18,8592643,41072557
2026-07-17 09:53:24.469010,ASML,bid,64.2,15,8592706,41072954
2026-07-17 09:53:25.880152,ASML_DUAL,bid,64.3,12,8592731,41073111
2026-07-17 09:53:28.437730,ASML_DUAL,ask,64.5,30,8592773,41073223
2026-07-17 09:53:28.526011,ASML_DUAL,bid,64.3,30,8592776,41073369
2026-07-17 09:53:28.950289,ASML_DUAL,ask,64.4,30,8592787,41073373
2026-07-17 09:53:29.039135,ASML_DUAL,bid,64.2,30,8592795,41073417
2026-07-17 09:53:32.446470,ASML_DUAL,bid,64.2,20,8592855,41073727
2026-07-17 09:53:34.017544,ASML_DUAL,bid,64.10000000000001,30,8592876,41073909
2026-07-17 09:53:35.283611,ASML_DUAL,bid,64.2,2,8592898,41074028
2026-07-17 09:53:36.342805,ASML_DUAL,bid,64.0,6,8592914,41074125
2026-07-17 09:53:38.485595,ASML_DUAL,ask,64.2,30,8592954,41074260
2026-07-17 09:53:38.544740,ASML_DUAL,bid,64.10000000000001,2,8592957,41074323
2026-07-17 09:53:41.950120,ASML_DUAL,ask,64.3,10,8592993,41074591
2026-07-17 09:53:41.989981,ASML,ask,64.5,15,8592997,41074581
2026-07-17 09:53:44.149245,ASML_DUAL,bid,64.3,10,8593037,41074824
2026-07-17 09:53:45.219223,ASML_DUAL,bid,64.10000000000001,30,8593062,41074925
2026-07-17 09:53:49.623764,ASML_DUAL,ask,64.3,30,8593122,41075116
2026-07-17 09:53:49.952896,ASML,ask,64.5,15,8593126,41075243
2026-07-17 09:53:51.752894,ASML_DUAL,ask,64.3,30,8593161,41075482
2026-07-17 09:53:54.492231,ASML_DUAL,bid,64.2,30,8593205,41075772
2026-07-17 09:53:55.485617,ASML_DUAL,bid,64.2,30,8593221,41075852
2026-07-17 09:53:57.606353,ASML_DUAL,ask,64.2,30,8593258,41076033
2026-07-17 09:54:01.072635,ASML_DUAL,bid,64.10000000000001,30,8593328,41076359
2026-07-17 09:54:01.365290,ASML_DUAL,ask,64.2,20,8593334,41076360
2026-07-17 09:54:06.044284,ASML_DUAL,ask,64.10000000000001,30,8593397,41076684
2026-07-17 09:54:12.572460,ASML_DUAL,bid,64.10000000000001,20,8593483,41077387
2026-07-17 09:54:13.540817,ASML_DUAL,ask,64.3,20,8593505,41077395
2026-07-17 09:54:18.517724,ASML_DUAL,bid,64.10000000000001,30,8593594,41077973
2026-07-17 09:54:19.988911,ASML_DUAL,ask,64.4,30,8593630,41078039
2026-07-17 09:54:20.768318,ASML_DUAL,bid,64.2,20,8593651,41078164
2026-07-17 09:54:20.737286,ASML,bid,64.10000000000001,15,8593650,41078135
2026-07-17 09:54:20.936861,ASML_DUAL,ask,64.3,30,8593657,41078194
2026-07-17 09:54:21.439837,ASML_DUAL,bid,64.10000000000001,6,8593664,41078246
2026-07-17 09:54:22.085220,ASML_DUAL,bid,64.2,10,8593675,41078316
2026-07-17 09:54:23.544174,ASML_DUAL,ask,64.2,19,8593697,41078470
2026-07-17 09:54:29.933884,ASML_DUAL,ask,64.3,30,8593778,41078859
2026-07-17 09:54:30.334532,ASML,ask,64.4,15,8593790,41078971
2026-07-17 09:54:32.023316,ASML_DUAL,ask,64.2,30,8593812,41079182
2026-07-17 09:54:34.012529,ASML,bid,64.0,15,8593838,41079336
2026-07-17 09:54:37.551033,ASML_DUAL,ask,64.3,24,8593904,41079701
2026-07-17 09:54:38.050485,ASML,bid,64.0,15,8593909,41079739
2026-07-17 09:54:39.202477,ASML_DUAL,bid,64.0,30,8593930,41079789
2026-07-17 09:54:40.086201,ASML_DUAL,bid,64.0,10,8593947,41079947
2026-07-17 09:54:40.818753,ASML,bid,63.900000000000006,15,8593959,41079924
2026-07-17 09:54:45.151858,ASML_DUAL,ask,64.0,30,8594039,41080462
2026-07-17 09:54:47.046607,ASML_DUAL,bid,63.900000000000006,5,8594065,41080636
2026-07-17 09:54:47.123797,ASML_DUAL,bid,63.900000000000006,25,8594066,41080636
2026-07-17 09:54:49.095763,ASML_DUAL,bid,63.900000000000006,17,8594099,41080844
2026-07-17 09:54:49.051800,ASML,ask,64.0,15,8594096,41080831
2026-07-17 09:54:51.920829,ASML_DUAL,ask,64.0,17,8594168,41081124
2026-07-17 09:54:53.110725,ASML_DUAL,ask,64.10000000000001,18,8594190,41081232
2026-07-17 09:54:53.477912,ASML,bid,63.900000000000006,15,8594198,41081267
2026-07-17 09:54:53.607037,ASML_DUAL,bid,64.0,25,8594201,41081249
2026-07-17 09:54:53.622735,ASML_DUAL,bid,64.0,5,8594203,41081249
2026-07-17 09:54:53.649718,ASML,bid,63.800000000000004,3,8594207,41081291
2026-07-17 09:54:53.768669,ASML_DUAL,ask,63.900000000000006,5,8594210,41081328
2026-07-17 09:54:54.859099,ASML_DUAL,ask,63.900000000000006,30,8594229,41081436
2026-07-17 09:54:55.582228,ASML_DUAL,ask,63.900000000000006,6,8594240,41081497
2026-07-17 09:54:56.746000,ASML_DUAL,bid,63.7,30,8594258,41081448
2026-07-17 09:54:56.941348,ASML_DUAL,ask,63.800000000000004,5,8594266,41081613
2026-07-17 09:54:57.567672,ASML_DUAL,bid,63.7,30,8594276,41081656
2026-07-17 09:54:58.276830,ASML_DUAL,ask,63.900000000000006,25,8594284,41081706
2026-07-17 09:55:01.102697,ASML_DUAL,ask,63.800000000000004,30,8594336,41082040
2026-07-17 09:55:01.334848,ASML_DUAL,bid,63.7,24,8594349,41082041
2026-07-17 09:55:01.356959,ASML_DUAL,bid,63.7,6,8594351,41082041
2026-07-17 09:55:03.969271,ASML_DUAL,bid,63.7,1,8594395,41082254
2026-07-17 09:55:04.675380,ASML_DUAL,ask,63.900000000000006,24,8594402,41082361
2026-07-17 09:55:06.088659,ASML_DUAL,bid,63.7,30,8594439,41082435
2026-07-17 09:55:08.242383,ASML_DUAL,ask,63.800000000000004,25,8594471,41082745
2026-07-17 09:55:09.337786,ASML,bid,63.6,15,8594495,41082855
2026-07-17 09:55:09.787992,ASML_DUAL,bid,63.6,5,8594505,41082873
2026-07-17 09:55:10.323566,ASML_DUAL,bid,63.6,30,8594512,41082941
2026-07-17 09:55:11.891777,ASML_DUAL,bid,63.7,11,8594539,41083114
2026-07-17 09:55:14.556924,ASML_DUAL,ask,63.900000000000006,17,8594585,41083160
2026-07-17 09:55:17.488600,ASML_DUAL,bid,63.7,30,8594636,41083628
2026-07-17 09:55:18.806365,ASML_DUAL,bid,63.7,30,8594659,41083721
2026-07-17 09:55:26.641900,ASML,ask,63.800000000000004,15,8594798,41084293
2026-07-17 09:55:26.695747,ASML_DUAL,bid,63.6,15,8594801,41084470
2026-07-17 09:55:27.356024,ASML_DUAL,ask,63.7,30,8594815,41084534
2026-07-17 09:55:27.449700,ASML,ask,63.800000000000004,6,8594818,41084535
2026-07-17 09:55:29.065822,ASML_DUAL,bid,63.7,20,8594838,41084675
2026-07-17 09:55:33.331177,ASML,ask,64.0,15,8594898,41085016
2026-07-17 09:55:34.619009,ASML,ask,64.0,15,8594911,41085138
2026-07-17 09:55:34.729974,ASML_DUAL,ask,63.900000000000006,10,8594916,41085043
2026-07-17 09:55:35.677975,ASML_DUAL,ask,63.900000000000006,30,8594924,41085317
2026-07-17 09:55:35.982457,ASML_DUAL,bid,63.800000000000004,30,8594931,41085351
2026-07-17 09:55:38.620551,ASML,ask,64.10000000000001,15,8594978,41085502
2026-07-17 09:55:39.786655,ASML_DUAL,ask,64.0,30,8594999,41085691
2026-07-17 09:55:43.019742,ASML_DUAL,bid,63.900000000000006,10,8595060,41086005
2026-07-17 09:55:44.056200,ASML_DUAL,bid,63.800000000000004,18,8595083,41086110
2026-07-17 09:55:44.680657,ASML_DUAL,bid,63.7,12,8595090,41086167
2026-07-17 09:55:45.543430,ASML,ask,63.900000000000006,15,8595105,41086230
2026-07-17 09:55:48.475218,ASML_DUAL,bid,63.800000000000004,18,8595166,41086552
2026-07-17 09:55:49.124081,ASML_DUAL,bid,63.800000000000004,12,8595174,41086605
2026-07-17 09:55:56.561858,ASML_DUAL,ask,63.900000000000006,30,8595292,41087176
2026-07-17 09:55:57.078708,ASML_DUAL,ask,64.0,7,8595303,41087282
2026-07-17 09:55:59.010139,ASML_DUAL,bid,63.800000000000004,30,8595335,41087514
2026-07-17 09:56:03.217720,ASML_DUAL,ask,64.0,30,8595411,41087750
2026-07-17 09:56:05.365831,ASML_DUAL,bid,63.800000000000004,30,8595442,41087909
2026-07-17 09:56:05.651525,ASML,bid,63.800000000000004,15,8595454,41088110
2026-07-17 09:56:06.431922,ASML,bid,63.7,2,8595465,41088197
2026-07-17 09:56:11.707464,ASML_DUAL,ask,63.7,30,8595537,41088523
2026-07-17 09:56:18.060778,ASML_DUAL,ask,63.800000000000004,20,8595620,41088707
2026-07-17 09:56:20.855869,ASML_DUAL,ask,63.800000000000004,30,8595663,41089387
2026-07-17 09:56:26.398357,ASML_DUAL,bid,63.7,30,8595748,41089881
2026-07-17 09:56:27.682963,ASML_DUAL,bid,63.5,30,8595762,41090166
2026-07-17 09:56:28.824510,ASML_DUAL,ask,63.7,21,8595789,41090284
2026-07-17 09:56:34.337032,ASML_DUAL,bid,63.400000000000006,27,8595870,41090836
2026-07-17 09:56:34.704372,ASML_DUAL,bid,63.400000000000006,21,8595878,41090878
2026-07-17 09:56:34.849256,ASML,ask,63.7,15,8595882,41090852
2026-07-17 09:56:35.603967,ASML,ask,63.6,5,8595896,41090958
2026-07-17 09:56:37.558528,ASML_DUAL,ask,63.5,16,8595934,41091041
2026-07-17 09:56:37.582978,ASML_DUAL,ask,63.5,14,8595935,41091041
2026-07-17 09:56:37.518710,ASML,ask,63.6,15,8595931,41091152
2026-07-17 09:56:38.999997,ASML,bid,63.300000000000004,15,8595962,41091320
2026-07-17 09:56:41.362868,ASML_DUAL,ask,63.5,30,8596011,41091422
2026-07-17 09:56:44.280915,ASML_DUAL,ask,63.5,30,8596071,41091815
2026-07-17 09:56:44.400276,ASML_DUAL,bid,63.300000000000004,30,8596074,41091821
2026-07-17 09:56:47.938737,ASML_DUAL,ask,63.5,30,8596129,41092049
2026-07-17 09:56:48.192706,ASML,bid,63.300000000000004,15,8596136,41092180
2026-07-17 09:56:50.653047,ASML_DUAL,ask,63.400000000000006,21,8596181,41092398
2026-07-17 09:56:53.157259,ASML_DUAL,ask,63.400000000000006,4,8596221,41092646
2026-07-17 09:56:53.740570,ASML_DUAL,ask,63.400000000000006,9,8596232,41092708
2026-07-17 09:56:54.678236,ASML_DUAL,bid,63.300000000000004,30,8596245,41092728
2026-07-17 09:56:55.610560,ASML_DUAL,ask,63.5,30,8596260,41092864
2026-07-17 09:56:56.235978,ASML_DUAL,ask,63.5,2,8596274,41092952
2026-07-17 09:56:56.350603,ASML_DUAL,bid,63.300000000000004,30,8596278,41092862
2026-07-17 09:56:57.790652,ASML_DUAL,bid,63.2,30,8596302,41092975
2026-07-17 09:56:57.926617,ASML_DUAL,ask,63.400000000000006,2,8596308,41093113
2026-07-17 09:56:58.367805,ASML_DUAL,ask,63.5,30,8596313,41093134
2026-07-17 09:56:58.973397,ASML_DUAL,bid,63.400000000000006,8,8596323,41093201
2026-07-17 09:56:58.932496,ASML,bid,63.2,15,8596319,41093163
2026-07-17 09:56:59.568658,ASML_DUAL,ask,63.5,30,8596331,41093242
2026-07-17 09:57:01.767923,ASML_DUAL,bid,63.300000000000004,30,8596374,41093464
2026-07-17 09:57:02.355771,ASML_DUAL,ask,63.5,30,8596389,41093531
2026-07-17 09:57:06.685844,ASML,bid,63.300000000000004,15,8596463,41093933
2026-07-17 09:57:08.116995,ASML_DUAL,ask,63.5,21,8596491,41094081
2026-07-17 09:57:09.839672,ASML_DUAL,bid,63.300000000000004,30,8596521,41094202
2026-07-17 09:57:09.862596,ASML,bid,63.300000000000004,15,8596525,41094225
2026-07-17 09:57:14.973612,ASML,bid,63.2,15,8596593,41094572
2026-07-17 09:57:15.397664,ASML_DUAL,bid,63.400000000000006,30,8596600,41094779
2026-07-17 09:57:16.320215,ASML_DUAL,ask,63.400000000000006,15,8596616,41094856
2026-07-17 09:57:19.576417,ASML_DUAL,ask,63.400000000000006,30,8596665,41095216
2026-07-17 09:57:22.836309,ASML_DUAL,bid,63.400000000000006,11,8596710,41095397
2026-07-17 09:57:31.992088,ASML_DUAL,ask,63.6,30,8596854,41096434
2026-07-17 09:57:35.893292,ASML_DUAL,bid,63.5,25,8596900,41096749
2026-07-17 09:57:36.590318,ASML_DUAL,bid,63.400000000000006,17,8596912,41096831
2026-07-17 09:57:39.218020,ASML_DUAL,bid,63.400000000000006,30,8596956,41097153
2026-07-17 09:57:40.772949,ASML_DUAL,ask,63.5,15,8596977,41097164
2026-07-17 09:57:42.101059,ASML_DUAL,ask,63.6,30,8596997,41097380
2026-07-17 09:57:50.137868,ASML_DUAL,bid,63.400000000000006,28,8597140,41098247
2026-07-17 09:57:55.632966,ASML_DUAL,bid,63.400000000000006,30,8597226,41098813
2026-07-17 09:57:56.963515,ASML_DUAL,ask,63.6,8,8597248,41098914
2026-07-17 09:57:59.164235,ASML,ask,63.7,15,8597275,41099128
2026-07-17 09:58:00.197290,ASML_DUAL,ask,63.7,30,8597291,41099065
2026-07-17 09:58:01.095151,ASML_DUAL,ask,63.7,3,8597313,41099324
2026-07-17 09:58:01.095151,ASML_DUAL,ask,63.7,24,8597314,41099324
2026-07-17 09:58:03.443732,ASML_DUAL,bid,63.400000000000006,30,8597346,41099515
2026-07-17 09:58:06.185734,ASML_DUAL,ask,63.5,5,8597391,41099806
2026-07-17 09:58:08.307387,ASML_DUAL,ask,63.6,25,8597427,41100018
2026-07-17 09:58:12.417356,ASML_DUAL,ask,63.7,25,8597481,41100418
2026-07-17 09:58:13.855112,ASML,bid,63.300000000000004,15,8597510,41100578
2026-07-17 09:58:14.442963,ASML_DUAL,bid,63.400000000000006,30,8597524,41100655
2026-07-17 09:58:23.207822,ASML_DUAL,bid,63.300000000000004,30,8597664,41101510
2026-07-17 09:58:23.613676,ASML_DUAL,bid,63.2,19,8597675,41101541
2026-07-17 09:58:23.872192,ASML_DUAL,bid,63.300000000000004,11,8597680,41101577
2026-07-17 09:58:25.690213,ASML_DUAL,ask,63.5,30,8597721,41101763
2026-07-17 09:58:29.585257,ASML_DUAL,bid,63.300000000000004,30,8597801,41102110
2026-07-17 09:58:31.742867,ASML_DUAL,bid,63.400000000000006,30,8597841,41102357
2026-07-17 09:58:31.945477,ASML_DUAL,bid,63.400000000000006,4,8597842,41102378
2026-07-17 09:58:32.058014,ASML_DUAL,ask,63.5,30,8597852,41102360
2026-07-17 09:58:35.489734,ASML_DUAL,bid,63.400000000000006,26,8597895,41102724
2026-07-17 09:58:37.256815,ASML_DUAL,bid,63.400000000000006,4,8597920,41102762
2026-07-17 09:58:38.228740,ASML_DUAL,ask,63.6,30,8597931,41102765
2026-07-17 09:58:40.119295,ASML_DUAL,ask,63.7,30,8597963,41103005
2026-07-17 09:58:46.204192,ASML_DUAL,bid,63.400000000000006,26,8598037,41103726
2026-07-17 09:58:56.493647,ASML_DUAL,bid,63.2,4,8598166,41104566
2026-07-17 09:58:57.149541,ASML_DUAL,ask,63.400000000000006,30,8598179,41104654
2026-07-17 09:58:59.320724,ASML_DUAL,bid,63.2,30,8598221,41104935
2026-07-17 09:58:59.563993,ASML_DUAL,ask,63.300000000000004,14,8598226,41104969
2026-07-17 09:59:01.435841,ASML_DUAL,bid,63.300000000000004,30,8598256,41105119
2026-07-17 09:59:03.487094,ASML,ask,63.5,15,8598284,41105305
2026-07-17 09:59:05.545781,ASML_DUAL,ask,63.7,10,8598326,41105518
2026-07-17 09:59:06.213525,ASML_DUAL,ask,63.7,9,8598342,41105518
2026-07-17 09:59:06.184972,ASML,ask,63.800000000000004,15,8598340,41105370
2026-07-17 09:59:06.923476,ASML_DUAL,ask,63.7,11,8598354,41105665
2026-07-17 09:59:07.557712,ASML_DUAL,bid,63.6,10,8598365,41105723
2026-07-17 09:59:07.593184,ASML,bid,63.6,15,8598368,41105751
2026-07-17 09:59:14.280879,ASML,ask,63.6,15,8598474,41106437
2026-07-17 09:59:15.086786,ASML_DUAL,bid,63.5,30,8598487,41106531
2026-07-17 09:59:16.284488,ASML_DUAL,bid,63.5,26,8598508,41106648
2026-07-17 09:59:16.284488,ASML_DUAL,bid,63.5,4,8598509,41106648
2026-07-17 09:59:16.688653,ASML_DUAL,ask,63.7,30,8598514,41106666
2026-07-17 09:59:19.032768,ASML_DUAL,ask,63.7,30,8598555,41106779
2026-07-17 09:59:22.331916,ASML,bid,63.6,2,8598614,41107120
2026-07-17 09:59:23.313967,ASML_DUAL,ask,63.7,30,8598628,41107288
2026-07-17 09:59:23.883993,ASML_DUAL,bid,63.5,30,8598643,41107401
2026-07-17 09:59:35.941857,ASML_DUAL,bid,63.400000000000006,30,8598816,41108571
2026-07-17 09:59:36.519207,ASML_DUAL,bid,63.400000000000006,30,8598830,41108623
2026-07-17 09:59:38.952081,ASML_DUAL,ask,63.5,30,8598869,41108839
2026-07-17 09:59:42.327262,ASML_DUAL,bid,63.6,30,8598934,41109184
2026-07-17 09:59:45.302187,ASML_DUAL,ask,63.6,30,8598983,41109405
2026-07-17 09:59:47.214067,ASML_DUAL,ask,63.7,30,8599010,41109444
2026-07-17 09:59:48.630900,ASML_DUAL,bid,63.400000000000006,30,8599036,41109767
2026-07-17 09:59:49.745536,ASML_DUAL,bid,63.400000000000006,13,8599059,41109883
2026-07-17 09:59:49.745536,ASML_DUAL,bid,63.400000000000006,17,8599060,41109883
2026-07-17 09:59:50.687158,ASML,ask,63.6,5,8599084,41109964
2026-07-17 09:59:52.234024,ASML_DUAL,ask,63.6,30,8599118,41110107
2026-07-17 09:59:55.928779,ASML_DUAL,bid,63.5,28,8599185,41110497
2026-07-17 09:59:55.928779,ASML_DUAL,bid,63.5,2,8599186,41110497
2026-07-17 09:59:58.141408,ASML_DUAL,ask,63.6,30,8599221,41110500
2026-07-17 09:59:59.967365,ASML_DUAL,ask,63.7,30,8599248,41110711
2026-07-17 10:00:00.772884,ASML_DUAL,bid,63.5,30,8599271,41110883
2026-07-17 10:00:03.250430,ASML_DUAL,bid,63.300000000000004,30,8599318,41111166
2026-07-17 10:00:03.812970,ASML,ask,63.6,15,8599333,41111163
2026-07-17 10:00:04.683765,ASML_DUAL,ask,63.7,30,8599356,41111283
2026-07-17 10:00:04.950727,ASML_DUAL,ask,63.800000000000004,30,8599365,41111362
2026-07-17 10:00:06.542875,ASML,bid,63.400000000000006,15,8599399,41111394
2026-07-17 10:00:08.043579,ASML_DUAL,bid,63.400000000000006,30,8599430,41111667
2026-07-17 10:00:08.380341,ASML_DUAL,bid,63.400000000000006,30,8599439,41111692
2026-07-17 10:00:08.558366,ASML_DUAL,ask,63.6,2,8599444,41111715
2026-07-17 10:00:09.182402,ASML_DUAL,ask,63.6,28,8599457,41111715
2026-07-17 10:00:12.635990,ASML_DUAL,bid,63.400000000000006,28,8599514,41112124
2026-07-17 10:00:13.296094,ASML_DUAL,bid,63.400000000000006,2,8599522,41112187
2026-07-17 10:00:13.445458,ASML_DUAL,ask,63.6,30,8599527,41112188
2026-07-17 10:00:15.578234,ASML_DUAL,ask,63.7,30,8599579,41112398
2026-07-17 10:00:21.930677,ASML_DUAL,ask,63.5,30,8599673,41112977
2026-07-17 10:00:30.458345,ASML_DUAL,bid,63.400000000000006,30,8599776,41113731
2026-07-17 10:00:32.578523,ASML_DUAL,bid,63.300000000000004,30,8599814,41113962
2026-07-17 10:00:39.933141,ASML_DUAL,ask,63.5,30,8599945,41114659
2026-07-17 10:00:41.797199,ASML_DUAL,ask,63.6,30,8599986,41114795
2026-07-17 10:00:43.121754,ASML_DUAL,bid,63.400000000000006,30,8600011,41115106
2026-07-17 10:00:43.438356,ASML_DUAL,bid,63.400000000000006,30,8600020,41115132
2026-07-17 10:00:43.741986,ASML_DUAL,bid,63.400000000000006,30,8600025,41115154
2026-07-17 10:00:44.141464,ASML_DUAL,ask,63.5,16,8600037,41115166
2026-07-17 10:00:46.502807,ASML_DUAL,bid,63.300000000000004,16,8600071,41115378
2026-07-17 10:00:46.925350,ASML,ask,63.6,15,8600078,41115319
2026-07-17 10:00:49.808811,ASML_DUAL,ask,63.6,14,8600117,41115705
2026-07-17 10:00:49.897718,ASML_DUAL,ask,63.6,16,8600122,41115705
2026-07-17 10:00:54.374552,ASML_DUAL,bid,63.300000000000004,30,8600204,41116168
2026-07-17 10:00:54.475691,ASML_DUAL,ask,63.5,1,8600211,41116169
2026-07-17 10:00:54.719348,ASML_DUAL,ask,63.5,29,8600216,41116169
2026-07-17 10:00:54.840769,ASML_DUAL,bid,63.400000000000006,29,8600221,41116207
2026-07-17 10:00:57.440541,ASML_DUAL,ask,63.5,30,8600258,41116245
2026-07-17 10:00:58.876503,ASML_DUAL,bid,63.300000000000004,30,8600283,41116546
2026-07-17 10:01:01.090332,ASML_DUAL,bid,63.300000000000004,1,8600323,41116770
2026-07-17 10:01:05.075670,ASML_DUAL,ask,63.400000000000006,30,8600380,41117082
2026-07-17 10:01:06.482067,ASML_DUAL,ask,63.6,30,8600396,41117223
2026-07-17 10:01:06.641430,ASML_DUAL,bid,63.5,30,8600404,41117275
2026-07-17 10:01:08.596756,ASML_DUAL,ask,63.7,30,8600433,41117409
2026-07-17 10:01:12.884581,ASML_DUAL,bid,63.5,30,8600490,41117648
2026-07-17 10:01:15.073128,ASML_DUAL,bid,63.5,30,8600528,41118096
2026-07-17 10:01:17.695594,ASML,ask,63.800000000000004,15,8600556,41118250
2026-07-17 10:01:17.746138,ASML,ask,63.900000000000006,15,8600559,41118315
2026-07-17 10:01:17.937822,ASML_DUAL,ask,63.800000000000004,1,8600571,41118341
2026-07-17 10:01:17.993673,ASML_DUAL,ask,63.800000000000004,29,8600575,41118341
2026-07-17 10:01:18.980198,ASML_DUAL,ask,63.900000000000006,2,8600585,41118448
2026-07-17 10:01:19.968795,ASML_DUAL,ask,63.900000000000006,28,8600610,41118448
2026-07-17 10:01:20.139189,ASML_DUAL,bid,63.7,28,8600616,41118540
2026-07-17 10:01:20.406120,ASML_DUAL,ask,63.800000000000004,16,8600624,41118575
2026-07-17 10:01:20.486387,ASML_DUAL,ask,63.800000000000004,14,8600625,41118575
2026-07-17 10:01:21.371593,ASML_DUAL,bid,63.7,28,8600640,41118674
2026-07-17 10:01:22.227954,ASML_DUAL,bid,63.6,4,8600653,41118708
2026-07-17 10:01:22.298978,ASML_DUAL,bid,63.400000000000006,26,8600656,41118747
2026-07-17 10:01:22.875947,ASML,bid,63.6,15,8600669,41118685
2026-07-17 10:01:23.332317,ASML_DUAL,bid,63.400000000000006,4,8600685,41118843
2026-07-17 10:01:33.750627,ASML_DUAL,ask,63.7,30,8600882,41119782
2026-07-17 10:01:33.871428,ASML_DUAL,bid,63.6,18,8600886,41119889
2026-07-17 10:01:34.005257,ASML_DUAL,ask,63.800000000000004,30,8600888,41119882
2026-07-17 10:01:34.103830,ASML_DUAL,bid,63.7,8,8600890,41119919
2026-07-17 10:01:34.963403,ASML_DUAL,bid,63.6,10,8600905,41119982
2026-07-17 10:01:35.235376,ASML_DUAL,bid,63.6,12,8600908,41120011
2026-07-17 10:01:36.124353,ASML_DUAL,ask,63.7,30,8600916,41119989
2026-07-17 10:01:36.360003,ASML_DUAL,bid,63.6,1,8600921,41120118
2026-07-17 10:01:36.520320,ASML_DUAL,bid,63.6,29,8600923,41120118
2026-07-17 10:01:37.618355,ASML_DUAL,bid,63.300000000000004,12,8600947,41120260
2026-07-17 10:01:41.602136,ASML_DUAL,ask,63.7,2,8601011,41120494
2026-07-17 10:01:55.228519,ASML_DUAL,ask,63.800000000000004,30,8601191,41121869
2026-07-17 10:01:56.362449,ASML,bid,63.800000000000004,15,8601206,41122012
2026-07-17 10:01:56.601763,ASML_DUAL,bid,63.7,13,8601212,41122040
2026-07-17 10:01:59.454876,ASML_DUAL,ask,63.900000000000006,30,8601253,41122165
2026-07-17 10:02:01.669922,ASML_DUAL,bid,63.800000000000004,19,8601280,41122515
2026-07-17 10:02:02.611037,ASML_DUAL,ask,64.0,30,8601296,41122454
2026-07-17 10:02:03.687326,ASML_DUAL,ask,64.0,30,8601309,41122642
2026-07-17 10:02:03.926958,ASML_DUAL,ask,64.10000000000001,2,8601314,41122705
2026-07-17 10:02:04.134705,ASML_DUAL,bid,63.900000000000006,30,8601323,41122722
2026-07-17 10:02:10.037732,ASML_DUAL,ask,63.900000000000006,30,8601407,41123304
2026-07-17 10:02:12.221505,ASML_DUAL,bid,63.6,30,8601454,41123403
2026-07-17 10:02:12.401127,ASML_DUAL,ask,63.7,20,8601464,41123527
2026-07-17 10:02:12.484263,ASML_DUAL,ask,63.7,10,8601467,41123527
2026-07-17 10:02:12.802431,ASML_DUAL,bid,63.7,30,8601473,41123571
2026-07-17 10:02:14.293412,ASML_DUAL,ask,63.800000000000004,30,8601494,41123685
2026-07-17 10:02:23.110226,ASML,bid,63.6,15,8601631,41124440
2026-07-17 10:02:24.638930,ASML_DUAL,ask,63.800000000000004,25,8601659,41124807
2026-07-17 10:02:24.974774,ASML_DUAL,bid,63.7,25,8601663,41124832
2026-07-17 10:02:28.544591,ASML,ask,63.900000000000006,15,8601720,41125095
2026-07-17 10:02:31.291928,ASML_DUAL,ask,63.900000000000006,30,8601773,41125405
2026-07-17 10:02:31.416240,ASML_DUAL,bid,63.7,20,8601778,41125517
2026-07-17 10:02:32.499210,ASML_DUAL,bid,63.800000000000004,10,8601791,41125621
2026-07-17 10:02:36.406730,ASML,bid,63.7,15,8601863,41126011
2026-07-17 10:02:36.469911,ASML_DUAL,bid,63.7,28,8601866,41125982
2026-07-17 10:02:36.722379,ASML_DUAL,bid,63.7,2,8601868,41125982
2026-07-17 10:02:37.759392,ASML_DUAL,ask,63.800000000000004,30,8601886,41126171
2026-07-17 10:02:39.804176,ASML_DUAL,bid,63.6,30,8601911,41126337
2026-07-17 10:02:53.448871,ASML_DUAL,ask,63.7,30,8602107,41127673
2026-07-17 10:02:54.641680,ASML_DUAL,ask,63.900000000000006,8,8602127,41127809
2026-07-17 10:02:56.757609,ASML_DUAL,bid,63.7,30,8602152,41127742
2026-07-17 10:02:58.819713,ASML_DUAL,ask,63.800000000000004,8,8602185,41128019
2026-07-17 10:02:59.090496,ASML_DUAL,bid,63.6,30,8602202,41128012
2026-07-17 10:02:59.035281,ASML,bid,63.5,15,8602198,41128134
2026-07-17 10:03:00.381472,ASML_DUAL,ask,63.7,30,8602237,41128222
2026-07-17 10:03:01.043746,ASML,ask,63.900000000000006,10,8602253,41128307
2026-07-17 10:03:01.069608,ASML,ask,63.900000000000006,5,8602254,41128307
2026-07-17 10:03:01.707753,ASML,bid,63.5,15,8602265,41128304
2026-07-17 10:03:01.842044,ASML_DUAL,bid,63.6,30,8602268,41128407
2026-07-17 10:03:02.285165,ASML_DUAL,ask,63.800000000000004,2,8602273,41128422
2026-07-17 10:03:03.063908,ASML_DUAL,ask,63.7,30,8602290,41128562
2026-07-17 10:03:03.219409,ASML_DUAL,ask,63.800000000000004,20,8602298,41128641
2026-07-17 10:03:04.256324,ASML_DUAL,ask,63.800000000000004,30,8602313,41128746
2026-07-17 10:03:05.485572,ASML_DUAL,ask,63.800000000000004,20,8602340,41128870
2026-07-17 10:03:06.453916,ASML_DUAL,bid,63.6,30,8602359,41128901
2026-07-17 10:03:06.684111,ASML_DUAL,bid,63.5,30,8602372,41128994
2026-07-17 10:03:08.419673,ASML_DUAL,ask,63.7,10,8602409,41129017
2026-07-17 10:03:09.476342,ASML_DUAL,bid,63.6,18,8602427,41129207
2026-07-17 10:03:09.579058,ASML_DUAL,ask,63.800000000000004,30,8602429,41129292
2026-07-17 10:03:11.602284,ASML_DUAL,bid,63.7,30,8602475,41129466
2026-07-17 10:03:15.627016,ASML_DUAL,bid,63.7,30,8602528,41129867
2026-07-17 10:03:15.655241,ASML,bid,63.6,8,8602531,41129709
2026-07-17 10:03:17.020992,ASML,ask,63.900000000000006,15,8602550,41129983
2026-07-17 10:03:19.020727,ASML,ask,63.900000000000006,15,8602589,41130156
2026-07-17 10:03:22.134432,ASML_DUAL,ask,63.900000000000006,30,8602647,41130473
2026-07-17 10:03:23.730658,ASML_DUAL,bid,63.6,5,8602683,41130670
2026-07-17 10:03:30.592854,ASML_DUAL,ask,63.6,30,8602784,41131260
2026-07-17 10:03:32.779959,ASML_DUAL,bid,63.5,30,8602816,41131504
2026-07-17 10:03:40.354289,ASML,ask,63.6,15,8602946,41132193
2026-07-17 10:03:40.382907,ASML_DUAL,ask,63.5,28,8602951,41132139
2026-07-17 10:03:40.409582,ASML_DUAL,bid,63.5,30,8602952,41132274
2026-07-17 10:03:41.511349,ASML_DUAL,ask,63.5,2,8602977,41132382
2026-07-17 10:03:43.412943,ASML_DUAL,bid,63.400000000000006,6,8603000,41132559
2026-07-17 10:03:45.760407,ASML,bid,63.400000000000006,15,8603030,41132816
2026-07-17 10:03:47.052768,ASML_DUAL,bid,63.300000000000004,30,8603054,41132852
2026-07-17 10:03:52.448806,ASML_DUAL,ask,63.300000000000004,30,8603144,41133457
2026-07-17 10:03:52.488249,ASML,ask,63.6,10,8603147,41133438
2026-07-17 10:03:53.753596,ASML,bid,63.300000000000004,15,8603172,41133541
2026-07-17 10:03:54.154544,ASML_DUAL,bid,63.300000000000004,30,8603182,41133633
2026-07-17 10:03:55.276042,ASML_DUAL,ask,63.400000000000006,30,8603207,41133737
2026-07-17 10:04:01.067756,ASML_DUAL,ask,63.6,30,8603316,41134330
2026-07-17 10:04:01.269913,ASML_DUAL,ask,63.6,19,8603322,41134359
2026-07-17 10:04:01.269913,ASML_DUAL,ask,63.6,10,8603323,41134359
2026-07-17 10:04:02.463510,ASML_DUAL,bid,63.400000000000006,30,8603347,41134331
2026-07-17 10:04:04.590877,ASML_DUAL,bid,63.300000000000004,30,8603390,41134596
2026-07-17 10:04:08.629490,ASML_DUAL,ask,63.400000000000006,30,8603439,41135066
2026-07-17 10:04:19.199126,ASML_DUAL,bid,63.400000000000006,14,8603608,41136110
2026-07-17 10:04:19.199126,ASML_DUAL,bid,63.400000000000006,16,8603609,41136110
2026-07-17 10:04:19.461204,ASML_DUAL,bid,63.300000000000004,30,8603620,41136082
2026-07-17 10:04:29.377668,ASML_DUAL,bid,63.0,10,8603777,41137179
2026-07-17 10:04:30.094806,ASML_DUAL,bid,63.0,30,8603797,41137250
2026-07-17 10:04:31.605985,ASML_DUAL,ask,63.2,30,8603836,41137268
2026-07-17 10:04:33.926815,ASML_DUAL,bid,63.0,18,8603877,41137597
2026-07-17 10:04:33.926815,ASML_DUAL,bid,63.0,12,8603878,41137597
2026-07-17 10:04:34.222581,ASML_DUAL,ask,63.1,4,8603888,41137607
2026-07-17 10:04:35.545780,ASML_DUAL,bid,63.0,4,8603907,41137778
2026-07-17 10:04:38.000888,ASML_DUAL,ask,63.1,4,8603946,41137772
2026-07-17 10:04:38.463320,ASML_DUAL,ask,63.2,30,8603953,41138000
2026-07-17 10:04:38.696714,ASML_DUAL,bid,63.1,30,8603961,41138064
2026-07-17 10:04:44.834435,ASML_DUAL,ask,63.2,18,8604051,41138628
2026-07-17 10:04:53.456747,ASML_DUAL,ask,63.1,15,8604191,41139495
2026-07-17 10:04:53.929733,ASML_DUAL,bid,63.1,18,8604195,41139549
2026-07-17 10:04:54.029637,ASML_DUAL,ask,63.2,30,8604198,41139523
2026-07-17 10:04:54.013871,ASML,ask,63.300000000000004,11,8604197,41139525
2026-07-17 10:04:59.386695,ASML,ask,63.5,15,8604271,41139941
2026-07-17 10:05:01.208900,ASML_DUAL,ask,63.400000000000006,30,8604302,41140264
2026-07-17 10:05:02.068148,ASML,ask,63.5,15,8604318,41140266
2026-07-17 10:05:06.107360,ASML,bid,63.2,15,8604360,41140491
2026-07-17 10:05:07.922643,ASML_DUAL,bid,63.2,20,8604386,41140904
2026-07-17 10:05:10.142065,ASML_DUAL,bid,63.300000000000004,10,8604429,41141134
2026-07-17 10:05:10.329853,ASML,bid,63.2,1,8604432,41141084
2026-07-17 10:05:11.587268,ASML_DUAL,ask,63.400000000000006,30,8604454,41141301
2026-07-17 10:05:14.166050,ASML,bid,63.300000000000004,15,8604493,41141392
2026-07-17 10:05:14.289141,ASML_DUAL,bid,63.300000000000004,13,8604495,41141558
2026-07-17 10:05:14.405199,ASML_DUAL,bid,63.300000000000004,4,8604498,41141558
2026-07-17 10:05:14.571993,ASML_DUAL,ask,63.5,21,8604505,41141567
2026-07-17 10:05:14.796231,ASML_DUAL,ask,63.5,30,8604510,41141615
2026-07-17 10:05:16.846643,ASML_DUAL,bid,63.300000000000004,30,8604543,41141649
2026-07-17 10:05:20.115904,ASML_DUAL,bid,63.300000000000004,30,8604595,41142092
2026-07-17 10:05:20.924544,ASML_DUAL,ask,63.400000000000006,28,8604619,41142095
2026-07-17 10:05:21.196627,ASML_DUAL,ask,63.5,30,8604626,41142184
2026-07-17 10:05:28.238514,ASML_DUAL,bid,63.400000000000006,30,8604735,41142713
2026-07-17 10:05:32.977262,ASML_DUAL,ask,63.6,30,8604806,41143293
2026-07-17 10:05:33.311919,ASML_DUAL,ask,63.6,30,8604816,41143349
2026-07-17 10:05:36.195734,ASML_DUAL,bid,63.5,30,8604885,41143567
2026-07-17 10:05:36.234843,ASML,bid,63.400000000000006,15,8604888,41143577
2026-07-17 10:05:40.004427,ASML_DUAL,ask,63.5,19,8604957,41143964
2026-07-17 10:05:40.942930,ASML_DUAL,ask,63.6,11,8604978,41144082
2026-07-17 10:05:41.005412,ASML_DUAL,bid,63.400000000000006,30,8604983,41144080
2026-07-17 10:05:45.691083,ASML_DUAL,ask,63.5,19,8605070,41144571
2026-07-17 10:05:46.191060,ASML,bid,63.2,15,8605082,41144406
2026-07-17 10:05:46.554346,ASML_DUAL,ask,63.5,7,8605093,41144655
2026-07-17 10:05:46.575597,ASML_DUAL,ask,63.6,4,8605095,41144659
2026-07-17 10:05:46.798744,ASML_DUAL,ask,63.7,15,8605103,41144684
2026-07-17 10:05:47.286082,ASML_DUAL,bid,63.300000000000004,30,8605114,41144714
2026-07-17 10:05:47.849393,ASML_DUAL,ask,63.6,4,8605121,41144792
2026-07-17 10:05:48.563414,ASML_DUAL,ask,63.400000000000006,26,8605138,41144868
2026-07-17 10:05:50.176514,ASML,bid,63.2,9,8605168,41145011
2026-07-17 10:05:53.198555,ASML_DUAL,bid,63.300000000000004,30,8605223,41145325
2026-07-17 10:05:54.180954,ASML,bid,63.1,15,8605237,41145455
2026-07-17 10:05:58.545511,ASML_DUAL,bid,63.1,30,8605301,41145612
2026-07-17 10:06:01.395658,ASML_DUAL,ask,63.2,30,8605340,41146165
2026-07-17 10:06:04.052657,ASML_DUAL,ask,63.300000000000004,15,8605386,41146399
2026-07-17 10:06:05.514260,ASML_DUAL,bid,63.1,30,8605406,41146358
2026-07-17 10:06:09.400881,ASML_DUAL,bid,63.2,12,8605457,41146866
2026-07-17 10:06:11.048398,ASML_DUAL,ask,63.300000000000004,30,8605483,41147002
2026-07-17 10:06:11.906924,ASML_DUAL,bid,63.2,30,8605496,41147115
2026-07-17 10:06:14.174797,ASML,ask,63.400000000000006,15,8605520,41147185
2026-07-17 10:06:14.698982,ASML_DUAL,ask,63.400000000000006,12,8605535,41147459
