timestamp,order_id,trade_id,instrument_id,price,volume,side
2026-07-02 19:30:57.812430,20651416,4677227,ASML_DUAL,128.3,12,bid
2026-07-02 19:30:58.260414,20651465,4677236,ASML_DUAL,128.3,4,bid
2026-07-02 19:30:58.328969,20651472,4677238,ASML_DUAL,128.3,3,bid
2026-07-02 19:30:58.380381,20651477,4677240,ASML_DUAL,128.3,3,bid
2026-07-02 19:30:58.620110,20651505,4677245,ASML_DUAL,128.3,1,bid
2026-07-02 19:31:15.179956,20652808,4677523,ASML_DUAL,128.4,11,ask
2026-07-02 19:31:21.684948,20653346,4677667,ASML_DUAL,128.5,12,ask
2026-07-02 19:31:26.986050,20653765,4677760,ASML_DUAL,128.5,23,ask
2026-07-02 19:31:28.291679,20653911,4677794,ASML_DUAL,128.70000000000002,3,bid
2026-07-02 19:31:28.865133,20653956,4677805,ASML_DUAL,128.70000000000002,3,bid
2026-07-02 19:31:29.477051,20653998,4677818,ASML_DUAL,128.9,5,ask
2026-07-02 19:31:29.603375,20654007,4677822,ASML_DUAL,128.9,1,ask
2026-07-02 19:31:53.210039,20655987,4678302,ASML_DUAL,129.1,11,ask
2026-07-02 19:32:04.313468,20656871,4678495,ASML_DUAL,128.6,11,bid
2026-07-02 19:32:10.636859,20657360,4678595,ASML_DUAL,128.6,35,bid
2026-07-02 19:32:18.535615,20657984,4678743,ASML_DUAL,128.9,11,bid
2026-07-02 19:32:20.750539,20658162,4678789,ASML_DUAL,128.70000000000002,11,bid
2026-07-02 19:32:20.960346,20658196,4678797,ASML_DUAL,128.70000000000002,12,bid
2026-07-02 19:32:33.059844,20659190,4679028,ASML_DUAL,128.9,12,ask
2026-07-02 19:32:52.221138,20660791,4679438,ASML_DUAL,129.0,11,ask
2026-07-02 19:32:54.929319,20661015,4679486,ASML_DUAL,128.9,11,bid
2026-07-02 19:33:22.406394,20663328,4680078,ASML_DUAL,128.70000000000002,12,bid
2026-07-02 19:33:29.733753,20663924,4680238,ASML_DUAL,128.20000000000002,17,bid
2026-07-02 19:33:39.259958,20664718,4680447,ASML_DUAL,128.9,10,ask
2026-07-02 19:33:39.912818,20664795,4680460,ASML_DUAL,128.9,7,ask
2026-07-02 19:33:43.388079,20665071,4680528,ASML_DUAL,128.6,11,bid
2026-07-02 19:33:51.868607,20665796,4680698,ASML_DUAL,128.5,11,ask
2026-07-02 19:33:55.370704,20666081,4680768,ASML_DUAL,128.6,12,ask
2026-07-02 19:33:58.248769,20666331,4680823,ASML_DUAL,128.70000000000002,11,ask
2026-07-02 19:34:10.899379,20667343,4681073,ASML_DUAL,129.1,23,ask
2026-07-02 19:34:10.911462,20667347,4681075,ASML_DUAL,129.1,11,ask
2026-07-02 19:34:15.991094,20667760,4681170,ASML_DUAL,129.20000000000002,12,ask
2026-07-02 19:34:17.234555,20667865,4681203,ASML_DUAL,128.9,23,bid
2026-07-02 19:34:18.959981,20668015,4681250,ASML_DUAL,128.9,12,bid
2026-07-02 19:34:23.572512,20668417,4681364,ASML_DUAL,129.3,9,ask
2026-07-02 19:34:24.031130,20668455,4681380,ASML_DUAL,129.3,14,ask
2026-07-02 19:34:28.080327,20668829,4681483,ASML_DUAL,129.20000000000002,11,bid
2026-07-02 19:34:29.292233,20668958,4681522,ASML_DUAL,129.20000000000002,12,bid
2026-07-02 19:34:36.565334,20669537,4681679,ASML_DUAL,129.20000000000002,11,bid
2026-07-02 19:34:42.383668,20670002,4681803,ASML_DUAL,129.20000000000002,11,bid
2026-07-02 19:34:46.320858,20670380,4681879,ASML_DUAL,128.9,12,bid
2026-07-02 19:34:48.829627,20670541,4681929,ASML_DUAL,129.1,12,ask
2026-07-02 19:35:02.025645,20671618,4682176,ASML_DUAL,128.9,11,ask
2026-07-02 19:35:11.270204,20672420,4682383,ASML_DUAL,129.20000000000002,23,ask
2026-07-02 19:35:19.148820,20673059,4682558,ASML_DUAL,129.20000000000002,23,bid
2026-07-02 19:35:23.080705,20673398,4682654,ASML_DUAL,129.1,23,ask
2026-07-02 19:35:39.484689,20674803,4683019,ASML_DUAL,129.70000000000002,34,ask
2026-07-02 19:35:40.065380,20674855,4683029,ASML_DUAL,129.70000000000002,3,ask
2026-07-02 19:35:47.975204,20675516,4683216,ASML_DUAL,129.4,3,bid
2026-07-02 19:35:48.958398,20675596,4683234,ASML_DUAL,129.20000000000002,23,bid
2026-07-02 19:36:05.011208,20676933,4683555,ASML_DUAL,128.9,12,ask
2026-07-02 19:36:05.485924,20676962,4683560,ASML_DUAL,129.0,2,ask
2026-07-02 19:36:07.959785,20677164,4683638,ASML_DUAL,128.8,2,bid
2026-07-02 19:36:17.428872,20677995,4683843,ASML_DUAL,129.20000000000002,14,ask
2026-07-02 19:36:20.738787,20678297,4683913,ASML_DUAL,128.8,3,bid
2026-07-02 19:36:26.067638,20678728,4684041,ASML_DUAL,128.8,3,ask
2026-07-02 19:36:26.908778,20678815,4684061,ASML_DUAL,128.5,3,bid
2026-07-02 19:36:35.214932,20679511,4684242,ASML_DUAL,128.3,3,ask
2026-07-02 19:36:41.792247,20680056,4684382,ASML_DUAL,128.3,3,bid
2026-07-02 19:36:42.412790,20680094,4684390,ASML_DUAL,128.3,11,bid
2026-07-02 19:36:49.669976,20680693,4684522,ASML_DUAL,128.0,12,bid
2026-07-02 19:36:58.885636,20681483,4684734,ASML_DUAL,128.20000000000002,23,bid
2026-07-02 19:37:00.570369,20681607,4684773,ASML_DUAL,128.0,12,ask
2026-07-02 19:37:07.976059,20682199,4684903,ASML_DUAL,128.6,6,ask
2026-07-02 19:37:07.986125,20682201,4684905,ASML_DUAL,128.6,5,ask
2026-07-02 19:37:08.067455,20682215,4684911,ASML_DUAL,128.6,6,ask
2026-07-02 19:37:08.197487,20682229,4684915,ASML_DUAL,128.6,5,ask
2026-07-02 19:37:09.370402,20682351,4684943,ASML_DUAL,128.6,1,ask
2026-07-02 19:37:10.103198,20682413,4684959,ASML_DUAL,128.6,5,ask
2026-07-02 19:37:10.260755,20682435,4684964,ASML_DUAL,128.6,5,ask
2026-07-02 19:37:11.992743,20682550,4685001,ASML_DUAL,128.6,10,bid
2026-07-02 19:37:14.296335,20682745,4685055,ASML_DUAL,128.8,11,ask
2026-07-02 19:37:20.623577,20683291,4685180,ASML_DUAL,129.20000000000002,3,ask
2026-07-02 19:37:26.946586,20683807,4685297,ASML_DUAL,129.4,14,ask
2026-07-02 19:37:27.722993,20683886,4685318,ASML_DUAL,129.4,12,ask
2026-07-02 19:37:33.435484,20684344,4685431,ASML_DUAL,129.1,23,bid
2026-07-02 19:37:36.909760,20684597,4685492,ASML_DUAL,129.0,5,ask
2026-07-02 19:37:42.819147,20685073,4685631,ASML_DUAL,128.5,8,bid
2026-07-02 19:38:04.440670,20686860,4686018,ASML_DUAL,128.4,2,bid
2026-07-02 19:38:04.960905,20686917,4686037,ASML_DUAL,128.3,12,bid
2026-07-02 19:38:05.759393,20686970,4686051,ASML_DUAL,128.3,12,bid
2026-07-02 19:38:11.032914,20687411,4686164,ASML_DUAL,128.1,12,ask
2026-07-02 19:38:27.087793,20688686,4686475,ASML_DUAL,127.8,23,bid
2026-07-02 19:38:28.065106,20688782,4686510,ASML_DUAL,127.8,12,bid
2026-07-02 19:38:30.201017,20688961,4686564,ASML_DUAL,127.9,12,ask
2026-07-02 19:38:35.912403,20689394,4686670,ASML_DUAL,127.8,12,bid
2026-07-02 19:38:42.313474,20689931,4686815,ASML_DUAL,127.8,4,ask
2026-07-02 19:38:42.313474,20689931,4686816,ASML_DUAL,127.8,8,ask
2026-07-02 19:38:43.810559,20690059,4686846,ASML_DUAL,128.0,1,bid
2026-07-02 19:38:43.819737,20690061,4686848,ASML_DUAL,128.1,11,bid
2026-07-02 19:38:52.345980,20690780,4687014,ASML_DUAL,128.3,12,ask
2026-07-02 19:39:13.983935,20692580,4687515,ASML_DUAL,128.20000000000002,11,ask
2026-07-02 19:39:14.733829,20692653,4687532,ASML_DUAL,128.0,11,bid
2026-07-02 19:39:16.597446,20692814,4687564,ASML_DUAL,128.0,12,bid
2026-07-02 19:39:23.143000,20693350,4687666,ASML_DUAL,128.0,12,ask
2026-07-02 19:39:30.307335,20693905,4687787,ASML_DUAL,128.1,11,ask
2026-07-02 19:39:36.897045,20694450,4687928,ASML_DUAL,127.9,1,bid
2026-07-02 19:39:36.959703,20694458,4687935,ASML_DUAL,127.9,1,bid
2026-07-02 19:39:37.559484,20694503,4687954,ASML_DUAL,127.9,9,bid
2026-07-02 19:39:38.004125,20694543,4687965,ASML_DUAL,127.9,12,bid
2026-07-02 19:39:39.870104,20694736,4688009,ASML_DUAL,127.7,11,bid
2026-07-02 19:39:46.186065,20695239,4688135,ASML_DUAL,127.5,40,bid
2026-07-02 19:39:50.058719,20695537,4688209,ASML_DUAL,127.7,6,ask
2026-07-02 19:40:03.424873,20696676,4688501,ASML_DUAL,127.9,11,ask
2026-07-02 19:40:10.359496,20697278,4688672,ASML_DUAL,127.6,11,bid
2026-07-02 19:40:16.736916,20697831,4688818,ASML_DUAL,127.6,1,bid
2026-07-02 19:40:20.376013,20698127,4688908,ASML_DUAL,127.6,1,ask
2026-07-02 19:40:21.159450,20698217,4688926,ASML_DUAL,127.7,11,ask
2026-07-02 19:40:23.476488,20698403,4688974,ASML_DUAL,127.7,12,ask
2026-07-02 19:40:24.106160,20698441,4688984,ASML_DUAL,127.8,11,ask
2026-07-02 19:40:24.785136,20698515,4689008,ASML_DUAL,127.8,11,ask
2026-07-02 19:40:37.912976,20699605,4689261,ASML_DUAL,127.9,11,bid
2026-07-02 19:40:39.223729,20699757,4689290,ASML_DUAL,127.9,11,bid
2026-07-02 19:40:45.783626,20700293,4689413,ASML_DUAL,127.8,11,ask
2026-07-02 19:40:49.452663,20700565,4689485,ASML_DUAL,127.9,23,ask
2026-07-02 19:40:54.259470,20700943,4689576,ASML_DUAL,127.8,12,bid
2026-07-02 19:40:58.877076,20701336,4689684,ASML_DUAL,127.8,11,bid
2026-07-02 19:41:05.320692,20701876,4689819,ASML_DUAL,127.5,11,bid
2026-07-02 19:41:06.747028,20701989,4689860,ASML_DUAL,127.5,12,bid
2026-07-02 19:41:09.381654,20702236,4689913,ASML_DUAL,127.5,4,ask
2026-07-02 19:41:09.506108,20702246,4689915,ASML_DUAL,127.5,4,ask
2026-07-02 19:41:09.541988,20702249,4689917,ASML_DUAL,127.5,4,ask
2026-07-02 19:41:13.636829,20702577,4690017,ASML_DUAL,127.5,11,ask
2026-07-02 19:41:14.823138,20702690,4690047,ASML_DUAL,128.0,23,ask
2026-07-02 19:41:14.844979,20702698,4690051,ASML_DUAL,128.0,11,ask
2026-07-02 19:41:21.352159,20703248,4690200,ASML_DUAL,127.3,23,bid
2026-07-02 19:41:21.688310,20703279,4690208,ASML_DUAL,127.3,4,bid
2026-07-02 19:41:22.081321,20703301,4690213,ASML_DUAL,127.3,7,bid
2026-07-02 19:41:23.304242,20703391,4690237,ASML_DUAL,127.3,3,bid
2026-07-02 19:41:23.360996,20703408,4690241,ASML_DUAL,127.3,2,bid
2026-07-02 19:41:33.770339,20704289,4690456,ASML_DUAL,127.8,16,ask
2026-07-02 19:41:38.232756,20704640,4690543,ASML_DUAL,128.0,12,ask
2026-07-02 19:41:38.861366,20704709,4690556,ASML_DUAL,128.0,5,ask
2026-07-02 19:41:41.505896,20704937,4690610,ASML_DUAL,128.0,6,ask
2026-07-02 19:41:42.659604,20705021,4690641,ASML_DUAL,128.0,12,ask
2026-07-02 19:41:46.486065,20705361,4690738,ASML_DUAL,127.6,12,bid
2026-07-02 19:41:54.007532,20705982,4690909,ASML_DUAL,127.7,12,ask
2026-07-02 19:41:59.100019,20706409,4691007,ASML_DUAL,127.8,14,ask
2026-07-02 19:42:21.287734,20708242,4691460,ASML_DUAL,127.8,3,bid
2026-07-02 19:42:21.497048,20708271,4691463,ASML_DUAL,127.8,7,bid
2026-07-02 19:42:33.937155,20709238,4691671,ASML_DUAL,127.6,27,bid
2026-07-02 19:42:36.022449,20709404,4691718,ASML_DUAL,127.6,12,bid
2026-07-02 19:42:36.061447,20709408,4691722,ASML_DUAL,127.6,11,bid
2026-07-02 19:42:37.046924,20709469,4691747,ASML_DUAL,127.8,23,ask
2026-07-02 19:42:37.153143,20709486,4691753,ASML_DUAL,127.8,11,ask
2026-07-02 19:42:38.679821,20709650,4691803,ASML_DUAL,127.8,12,ask
2026-07-02 19:42:40.277204,20709779,4691837,ASML_DUAL,127.5,23,bid
2026-07-02 19:42:40.871983,20709838,4691850,ASML_DUAL,127.5,12,bid
2026-07-02 19:42:45.706083,20710263,4691970,ASML_DUAL,127.3,11,bid
2026-07-02 19:42:49.759441,20710562,4692070,ASML_DUAL,127.2,11,bid
2026-07-02 19:42:56.081380,20711120,4692196,ASML_DUAL,126.7,29,bid
2026-07-02 19:43:03.602342,20711766,4692361,ASML_DUAL,127.0,6,ask
2026-07-02 19:43:04.921330,20711855,4692387,ASML_DUAL,127.0,11,ask
2026-07-02 19:43:08.855296,20712206,4692464,ASML_DUAL,126.9,11,bid
2026-07-02 19:43:20.783859,20713191,4692691,ASML_DUAL,126.7,11,ask
2026-07-02 19:43:21.960883,20713297,4692719,ASML_DUAL,126.8,11,bid
2026-07-02 19:43:41.092027,20714894,4693126,ASML_DUAL,126.2,3,bid
2026-07-02 19:43:41.368646,20714917,4693129,ASML_DUAL,126.2,3,bid
2026-07-02 19:44:02.513856,20716707,4693586,ASML_DUAL,126.5,17,ask
2026-07-02 19:44:03.947182,20716842,4693627,ASML_DUAL,126.5,23,ask
2026-07-02 19:44:05.629527,20716995,4693652,ASML_DUAL,126.5,4,bid
2026-07-02 19:44:05.704862,20717003,4693657,ASML_DUAL,126.5,4,bid
2026-07-02 19:44:05.810974,20717009,4693661,ASML_DUAL,126.5,3,bid
2026-07-02 19:44:21.447958,20718347,4694025,ASML_DUAL,126.7,6,ask
2026-07-02 19:44:21.872336,20718393,4694045,ASML_DUAL,126.7,5,ask
2026-07-02 19:44:24.664700,20718606,4694109,ASML_DUAL,126.8,11,ask
2026-07-02 19:44:37.259490,20719674,4694400,ASML_DUAL,126.9,12,ask
2026-07-02 19:44:43.231643,20720189,4694519,ASML_DUAL,127.0,11,ask
2026-07-02 19:44:43.572517,20720214,4694533,ASML_DUAL,127.1,12,ask
2026-07-02 19:44:59.466287,20721549,4694841,ASML_DUAL,126.7,23,bid
2026-07-02 19:45:08.538643,20722339,4695089,ASML_DUAL,126.9,12,bid
2026-07-02 19:45:08.959496,20722369,4695100,ASML_DUAL,126.5,45,bid
2026-07-02 19:45:21.812447,20723463,4695392,ASML_DUAL,126.7,1,ask
2026-07-02 19:45:22.559506,20723526,4695420,ASML_DUAL,126.7,33,ask
2026-07-02 19:45:23.608593,20723587,4695436,ASML_DUAL,126.7,11,ask
2026-07-02 19:45:27.781880,20723942,4695510,ASML_DUAL,126.6,22,bid
2026-07-02 19:45:35.639172,20724553,4695659,ASML_DUAL,126.5,11,ask
2026-07-02 19:45:37.455966,20724685,4695718,ASML_DUAL,126.4,23,bid
2026-07-02 19:45:40.899329,20725035,4695810,ASML_DUAL,126.6,23,ask
2026-07-02 19:46:01.787475,20726794,4696233,ASML_DUAL,126.6,23,ask
2026-07-02 19:46:03.199690,20726927,4696258,ASML_DUAL,126.5,12,bid
2026-07-02 19:46:11.459420,20727592,4696432,ASML_DUAL,126.5,22,bid
2026-07-02 19:46:12.268372,20727652,4696447,ASML_DUAL,126.7,11,ask
2026-07-02 19:46:12.683661,20727683,4696456,ASML_DUAL,126.7,11,ask
2026-07-02 19:46:14.998113,20727903,4696504,ASML_DUAL,126.7,23,ask
2026-07-02 19:46:15.428852,20727943,4696518,ASML_DUAL,126.5,2,bid
2026-07-02 19:46:15.625367,20727962,4696530,ASML_DUAL,126.4,9,bid
2026-07-02 19:46:16.302064,20728028,4696549,ASML_DUAL,126.4,12,bid
2026-07-02 19:46:17.616832,20728123,4696571,ASML_DUAL,126.5,11,bid
2026-07-02 19:46:19.328970,20728263,4696612,ASML_DUAL,126.5,11,ask
2026-07-02 19:46:19.921598,20728312,4696622,ASML_DUAL,126.5,12,ask
2026-07-02 19:46:23.541542,20728605,4696693,ASML_DUAL,126.4,1,ask
2026-07-02 19:46:24.793883,20728727,4696721,ASML_DUAL,126.3,10,ask
2026-07-02 19:46:32.056247,20729325,4696867,ASML_DUAL,126.1,12,ask
2026-07-02 19:46:33.359558,20729420,4696885,ASML_DUAL,126.1,11,ask
2026-07-02 19:46:35.976709,20729621,4696938,ASML_DUAL,126.3,23,bid
2026-07-02 19:46:38.133833,20729808,4696985,ASML_DUAL,126.3,12,ask
2026-07-02 19:46:49.108111,20730733,4697209,ASML_DUAL,126.7,11,ask
2026-07-02 19:46:54.340129,20731172,4697334,ASML_DUAL,126.6,23,bid
2026-07-02 19:47:09.214134,20732454,4697616,ASML_DUAL,126.2,2,bid
2026-07-02 19:47:09.255560,20732457,4697618,ASML_DUAL,126.2,5,bid
2026-07-02 19:47:09.340023,20732464,4697620,ASML_DUAL,126.2,4,bid
2026-07-02 19:47:12.037132,20732674,4697679,ASML_DUAL,126.2,12,bid
2026-07-02 19:47:21.936040,20733503,4697889,ASML_DUAL,126.4,12,ask
2026-07-02 19:47:23.245717,20733604,4697922,ASML_DUAL,126.4,11,ask
2026-07-02 19:47:25.869893,20733807,4697970,ASML_DUAL,126.4,12,ask
2026-07-02 19:47:28.135963,20734015,4698002,ASML_DUAL,126.6,14,ask
2026-07-02 19:48:06.559415,20737115,4698769,ASML_DUAL,126.7,3,ask
2026-07-02 19:48:07.791836,20737211,4698797,ASML_DUAL,126.7,2,ask
2026-07-02 19:48:07.907041,20737226,4698800,ASML_DUAL,126.6,5,ask
2026-07-02 19:48:08.435870,20737275,4698808,ASML_DUAL,126.6,4,ask
2026-07-02 19:48:12.471862,20737565,4698884,ASML_DUAL,126.4,14,bid
2026-07-02 19:48:18.796855,20738075,4699013,ASML_DUAL,126.8,14,ask
2026-07-02 19:48:26.176556,20738708,4699165,ASML_DUAL,126.7,11,bid
2026-07-02 19:48:31.394672,20739138,4699301,ASML_DUAL,126.9,23,ask
2026-07-02 19:48:34.369670,20739403,4699347,ASML_DUAL,126.8,4,bid
2026-07-02 19:48:34.559771,20739417,4699350,ASML_DUAL,126.8,4,bid
2026-07-02 19:48:43.383993,20740112,4699507,ASML_DUAL,126.9,3,bid
2026-07-02 19:48:43.870453,20740174,4699516,ASML_DUAL,126.9,1,bid
2026-07-02 19:48:48.459498,20740564,4699628,ASML_DUAL,126.9,1,bid
2026-07-02 19:48:48.459498,20740564,4699629,ASML_DUAL,126.9,13,bid
2026-07-02 19:49:00.965694,20741577,4699831,ASML_DUAL,126.3,3,bid
2026-07-02 19:49:01.570522,20741650,4699835,ASML_DUAL,126.3,11,bid
2026-07-02 19:49:06.184431,20742020,4699919,ASML_DUAL,126.6,11,ask
2026-07-02 19:49:15.726960,20742801,4700083,ASML_DUAL,127.0,3,ask
2026-07-02 19:49:20.385261,20743181,4700175,ASML_DUAL,127.1,3,ask
2026-07-02 19:49:22.775370,20743395,4700251,ASML_DUAL,127.1,11,ask
2026-07-02 19:49:23.970046,20743481,4700276,ASML_DUAL,127.1,12,ask
2026-07-02 19:49:29.082912,20743894,4700339,ASML_DUAL,127.1,11,ask
2026-07-02 19:49:35.634543,20744436,4700465,ASML_DUAL,126.9,11,bid
2026-07-02 19:49:40.960748,20744875,4700568,ASML_DUAL,127.1,11,ask
2026-07-02 19:49:47.330185,20745408,4700698,ASML_DUAL,126.9,11,bid
2026-07-02 19:49:48.759433,20745506,4700729,ASML_DUAL,126.9,12,bid
2026-07-02 19:50:02.840418,20746670,4700989,ASML_DUAL,126.6,35,ask
2026-07-02 19:50:03.159310,20746684,4700998,ASML_DUAL,126.1,5,bid
2026-07-02 19:50:03.420684,20746715,4701012,ASML_DUAL,126.1,41,bid
2026-07-02 19:50:05.780792,20746902,4701065,ASML_DUAL,126.1,3,bid
2026-07-02 19:50:26.774186,20748642,4701477,ASML_DUAL,126.1,1,ask
2026-07-02 19:50:27.137680,20748677,4701484,ASML_DUAL,126.1,1,ask
2026-07-02 19:50:27.864947,20748712,4701490,ASML_DUAL,126.1,1,ask
2026-07-02 19:50:28.470285,20748766,4701504,ASML_DUAL,125.7,3,bid
2026-07-02 19:50:44.291415,20750084,4701848,ASML_DUAL,126.3,37,ask
2026-07-02 19:50:47.616004,20750359,4701910,ASML_DUAL,126.2,1,bid
2026-07-02 19:50:56.899804,20751155,4702135,ASML_DUAL,126.5,1,ask
2026-07-02 19:50:58.270888,20751251,4702165,ASML_DUAL,126.5,2,ask
2026-07-02 19:51:00.122361,20751387,4702203,ASML_DUAL,126.5,2,bid
2026-07-02 19:51:03.506701,20751686,4702262,ASML_DUAL,126.5,2,bid
2026-07-02 19:51:03.506701,20751686,4702263,ASML_DUAL,126.5,9,bid
2026-07-02 19:51:09.620339,20752171,4702397,ASML_DUAL,126.0,26,bid
2026-07-02 19:51:28.584927,20753730,4702818,ASML_DUAL,125.5,2,bid
2026-07-02 19:51:28.594233,20753732,4702820,ASML_DUAL,125.5,24,bid
2026-07-02 19:51:41.250267,20754791,4703057,ASML_DUAL,125.4,11,bid
2026-07-02 19:51:41.548255,20754823,4703066,ASML_DUAL,125.4,12,bid
2026-07-02 19:51:43.285510,20754971,4703092,ASML_DUAL,125.4,11,bid
2026-07-02 19:51:44.364823,20755079,4703118,ASML_DUAL,125.6,11,ask
2026-07-02 19:52:00.224435,20756413,4703453,ASML_DUAL,125.3,11,bid
2026-07-02 19:52:02.525103,20756623,4703512,ASML_DUAL,125.3,11,bid
2026-07-02 19:52:11.724181,20757404,4703746,ASML_DUAL,125.5,12,bid
2026-07-02 19:52:19.245401,20758027,4703891,ASML_DUAL,125.5,11,bid
2026-07-02 19:52:25.706617,20758579,4704020,ASML_DUAL,125.6,11,ask
2026-07-02 19:53:03.259439,20761734,4704843,ASML_DUAL,125.5,12,ask
2026-07-02 19:53:06.883363,20762027,4704922,ASML_DUAL,125.7,11,ask
2026-07-02 19:53:08.095109,20762151,4704946,ASML_DUAL,125.7,11,ask
2026-07-02 19:53:09.831688,20762286,4704975,ASML_DUAL,126.0,23,ask
2026-07-02 19:53:12.448139,20762472,4705018,ASML_DUAL,125.9,5,bid
2026-07-02 19:53:12.659438,20762485,4705024,ASML_DUAL,125.9,5,bid
2026-07-02 19:53:16.159690,20762808,4705102,ASML_DUAL,126.1,10,ask
2026-07-02 19:53:22.472046,20763326,4705254,ASML_DUAL,126.4,23,ask
2026-07-02 19:53:23.800428,20763432,4705278,ASML_DUAL,126.4,3,ask
2026-07-02 19:53:40.826611,20764876,4705624,ASML_DUAL,126.6,3,bid
2026-07-02 19:53:48.693226,20765522,4705782,ASML_DUAL,126.4,34,bid
2026-07-02 19:53:56.572103,20766198,4705945,ASML_DUAL,126.2,2,ask
2026-07-02 19:53:56.580675,20766200,4705947,ASML_DUAL,126.1,9,ask
2026-07-02 19:53:59.186000,20766392,4706004,ASML_DUAL,126.2,11,bid
2026-07-02 19:54:00.503161,20766487,4706027,ASML_DUAL,126.0,23,bid
2026-07-02 19:54:03.772979,20766793,4706119,ASML_DUAL,126.2,11,ask
2026-07-02 19:54:09.959629,20767330,4706270,ASML_DUAL,126.3,12,ask
2026-07-02 19:54:12.329320,20767493,4706314,ASML_DUAL,126.3,11,ask
2026-07-02 19:54:17.103570,20767910,4706406,ASML_DUAL,126.5,12,ask
2026-07-02 19:54:25.822609,20768637,4706588,ASML_DUAL,126.2,12,bid
2026-07-02 19:54:26.793131,20768736,4706616,ASML_DUAL,126.2,11,bid
2026-07-02 19:54:32.147645,20769151,4706713,ASML_DUAL,126.1,23,bid
2026-07-02 19:54:41.845440,20769952,4706918,ASML_DUAL,125.6,11,bid
2026-07-02 19:54:41.894108,20769968,4706922,ASML_DUAL,125.6,12,bid
2026-07-02 19:54:51.710715,20770799,4707124,ASML_DUAL,125.8,12,ask
2026-07-02 19:54:53.020680,20770882,4707152,ASML_DUAL,125.8,11,ask
2026-07-02 19:54:59.570662,20771429,4707269,ASML_DUAL,125.8,5,ask
2026-07-02 19:54:59.745630,20771440,4707274,ASML_DUAL,125.8,5,ask
2026-07-02 19:55:03.105240,20771746,4707342,ASML_DUAL,125.7,1,ask
2026-07-02 19:55:10.059680,20772283,4707460,ASML_DUAL,125.5,22,bid
2026-07-02 19:55:10.100612,20772291,4707463,ASML_DUAL,125.3,23,bid
2026-07-02 19:55:13.987883,20772621,4707529,ASML_DUAL,125.1,4,ask
2026-07-02 19:55:15.202672,20772722,4707557,ASML_DUAL,125.0,7,ask
2026-07-02 19:55:22.696977,20773332,4707697,ASML_DUAL,125.3,23,ask
2026-07-02 19:55:23.154792,20773375,4707711,ASML_DUAL,125.3,23,ask
2026-07-02 19:55:30.909067,20774004,4707867,ASML_DUAL,125.6,12,bid
2026-07-02 19:55:31.042458,20774023,4707877,ASML_DUAL,125.6,11,bid
2026-07-02 19:55:31.535450,20774078,4707888,ASML_DUAL,125.4,4,bid
2026-07-02 19:55:32.259493,20774173,4707914,ASML_DUAL,125.8,15,ask
2026-07-02 19:55:32.357878,20774183,4707924,ASML_DUAL,125.8,12,ask
2026-07-02 19:55:45.433866,20775269,4708165,ASML_DUAL,126.0,12,bid
2026-07-02 19:55:47.873973,20775445,4708204,ASML_DUAL,126.0,11,bid
2026-07-02 19:55:56.330131,20776156,4708370,ASML_DUAL,125.8,11,bid
2026-07-02 19:56:05.139260,20776883,4708579,ASML_DUAL,125.6,23,bid
2026-07-02 19:56:10.210428,20777280,4708672,ASML_DUAL,126.0,11,ask
2026-07-02 19:56:10.376193,20777308,4708681,ASML_DUAL,126.0,12,ask
2026-07-02 19:56:23.473268,20778423,4708968,ASML_DUAL,126.5,7,ask
2026-07-02 19:56:23.483838,20778426,4708970,ASML_DUAL,126.5,15,ask
2026-07-02 19:56:23.695016,20778448,4708976,ASML_DUAL,126.5,6,ask
2026-07-02 19:56:24.186703,20778480,4708987,ASML_DUAL,126.5,6,ask
2026-07-02 19:56:26.064868,20778678,4709029,ASML_DUAL,126.3,12,bid
2026-07-02 19:56:38.881038,20779768,4709320,ASML_DUAL,126.6,23,ask
2026-07-02 19:56:45.036559,20780276,4709455,ASML_DUAL,126.9,12,ask
2026-07-02 19:56:54.708152,20781058,4709657,ASML_DUAL,127.2,1,ask
2026-07-02 19:56:54.972031,20781078,4709667,ASML_DUAL,127.2,1,ask
2026-07-02 19:56:56.269858,20781230,4709689,ASML_DUAL,127.2,12,ask
2026-07-02 19:57:09.733769,20782313,4709940,ASML_DUAL,126.8,3,bid
2026-07-02 19:57:10.329704,20782358,4709956,ASML_DUAL,126.6,1,bid
2026-07-02 19:57:10.340432,20782362,4709959,ASML_DUAL,126.6,10,bid
2026-07-02 19:57:13.840761,20782675,4710039,ASML_DUAL,126.4,1,bid
2026-07-02 19:57:14.607823,20782748,4710051,ASML_DUAL,126.4,11,bid
2026-07-02 19:57:16.659811,20782877,4710076,ASML_DUAL,126.2,11,bid
2026-07-02 19:57:16.820483,20782902,4710085,ASML_DUAL,126.2,1,bid
2026-07-02 19:57:19.858090,20783165,4710142,ASML_DUAL,126.1,11,bid
2026-07-02 19:57:24.772955,20783572,4710247,ASML_DUAL,126.1,1,ask
2026-07-02 19:57:24.811956,20783578,4710252,ASML_DUAL,126.1,1,ask
2026-07-02 19:57:26.146055,20783732,4710294,ASML_DUAL,125.2,47,bid
2026-07-02 19:57:31.363503,20784130,4710410,ASML_DUAL,125.5,11,ask
2026-07-02 19:57:31.659457,20784159,4710417,ASML_DUAL,125.5,12,ask
2026-07-02 19:57:32.415403,20784240,4710432,ASML_DUAL,125.6,11,ask
2026-07-02 19:57:42.171505,20785020,4710654,ASML_DUAL,124.9,23,bid
2026-07-02 19:57:42.885877,20785081,4710663,ASML_DUAL,124.9,11,bid
2026-07-02 19:57:45.072833,20785295,4710716,ASML_DUAL,125.2,23,ask
2026-07-02 19:57:53.969666,20786026,4710895,ASML_DUAL,125.3,23,bid
2026-07-02 19:57:54.636462,20786073,4710912,ASML_DUAL,125.5,5,ask
2026-07-02 19:57:55.280159,20786148,4710938,ASML_DUAL,125.5,18,ask
2026-07-02 19:57:56.594330,20786292,4710965,ASML_DUAL,125.5,11,ask
2026-07-02 19:57:59.860787,20786531,4711031,ASML_DUAL,125.4,11,bid
2026-07-02 19:58:00.516773,20786592,4711043,ASML_DUAL,125.4,12,bid
2026-07-02 19:58:03.497299,20786858,4711092,ASML_DUAL,125.4,12,ask
2026-07-02 19:58:04.445315,20786922,4711115,ASML_DUAL,125.4,12,bid
2026-07-02 19:58:10.446750,20787419,4711223,ASML_DUAL,125.1,11,bid
2026-07-02 19:58:10.744956,20787459,4711237,ASML_DUAL,125.1,6,bid
2026-07-02 19:58:19.907990,20788214,4711408,ASML_DUAL,125.4,6,ask
2026-07-02 19:58:22.774942,20788417,4711457,ASML_DUAL,125.4,11,ask
2026-07-02 19:58:24.065174,20788539,4711487,ASML_DUAL,125.6,12,ask
2026-07-02 19:58:32.794689,20789280,4711665,ASML_DUAL,125.8,1,ask
2026-07-02 19:58:34.587625,20789421,4711711,ASML_DUAL,125.8,10,ask
2026-07-02 19:58:34.976819,20789471,4711729,ASML_DUAL,125.8,11,ask
2026-07-02 19:59:00.788450,20791551,4712211,ASML_DUAL,125.7,22,bid
2026-07-02 19:59:05.376082,20791958,4712301,ASML_DUAL,125.7,4,bid
2026-07-02 19:59:05.576555,20791966,4712303,ASML_DUAL,125.7,4,bid
2026-07-02 19:59:06.577761,20792057,4712324,ASML_DUAL,125.7,4,bid
2026-07-02 19:59:07.654247,20792169,4712357,ASML_DUAL,125.7,4,bid
2026-07-02 19:59:13.904323,20792715,4712505,ASML_DUAL,125.4,7,bid
2026-07-02 19:59:15.206177,20792821,4712532,ASML_DUAL,125.4,6,bid
2026-07-02 19:59:17.834464,20793030,4712573,ASML_DUAL,125.4,1,ask
2026-07-02 19:59:17.906544,20793044,4712575,ASML_DUAL,125.4,1,ask
2026-07-02 19:59:17.941642,20793050,4712578,ASML_DUAL,125.4,1,ask
2026-07-02 19:59:17.973747,20793055,4712581,ASML_DUAL,125.4,1,ask
2026-07-02 19:59:18.759621,20793102,4712596,ASML_DUAL,125.4,1,ask
2026-07-02 19:59:19.865707,20793231,4712620,ASML_DUAL,125.4,1,ask
2026-07-02 19:59:26.359461,20793767,4712739,ASML_DUAL,125.5,11,ask
2026-07-02 19:59:32.291355,20794276,4712861,ASML_DUAL,125.6,34,ask
2026-07-02 19:59:32.974234,20794330,4712883,ASML_DUAL,125.4,5,bid
2026-07-02 19:59:33.597654,20794393,4712908,ASML_DUAL,125.4,29,bid
2026-07-02 19:59:35.524209,20794541,4712942,ASML_DUAL,125.4,17,bid
2026-07-02 19:59:41.578920,20795063,4713065,ASML_DUAL,125.3,4,ask
2026-07-02 19:59:41.948918,20795081,4713069,ASML_DUAL,125.3,2,ask
2026-07-02 19:59:42.207609,20795114,4713085,ASML_DUAL,125.4,11,ask
2026-07-02 19:59:48.530143,20795618,4713206,ASML_DUAL,125.6,12,ask
2026-07-02 19:59:51.281017,20795873,4713261,ASML_DUAL,125.6,11,ask
2026-07-02 19:59:58.027624,20796399,4713387,ASML_DUAL,125.8,11,ask
2026-07-02 19:59:58.543678,20796448,4713397,ASML_DUAL,125.8,12,ask
2026-07-02 20:00:01.246784,20796641,4713432,ASML_DUAL,125.7,23,bid
2026-07-02 20:00:03.776649,20796859,4713482,ASML_DUAL,125.7,11,ask
2026-07-02 20:00:04.359506,20796897,4713494,ASML_DUAL,125.9,12,ask
2026-07-02 20:00:20.221823,20798281,4713878,ASML_DUAL,126.1,11,ask
2026-07-02 20:00:26.559246,20798803,4713989,ASML_DUAL,126.4,12,ask
2026-07-02 20:00:37.872018,20799744,4714220,ASML_DUAL,126.6,11,ask
2026-07-02 20:00:43.112726,20800145,4714307,ASML_DUAL,126.6,3,ask
2026-07-02 20:00:45.533612,20800369,4714349,ASML_DUAL,127.0,3,ask
2026-07-02 20:00:45.760646,20800396,4714355,ASML_DUAL,127.0,11,ask
2026-07-02 20:00:47.064724,20800479,4714379,ASML_DUAL,127.0,23,ask
2026-07-02 20:00:48.759596,20800595,4714412,ASML_DUAL,126.8,4,bid
2026-07-02 20:00:49.193023,20800629,4714426,ASML_DUAL,126.8,4,bid
2026-07-02 20:00:49.380330,20800667,4714435,ASML_DUAL,126.8,3,bid
2026-07-02 20:00:51.918504,20800876,4714469,ASML_DUAL,126.6,4,bid
2026-07-02 20:00:52.305687,20800899,4714479,ASML_DUAL,126.6,8,bid
2026-07-02 20:00:56.002603,20801213,4714538,ASML_DUAL,126.7,11,bid
2026-07-02 20:00:58.244866,20801369,4714564,ASML_DUAL,126.4,3,bid
2026-07-02 20:00:58.859458,20801416,4714578,ASML_DUAL,126.4,3,bid
2026-07-02 20:01:06.744359,20802040,4714737,ASML_DUAL,126.3,11,bid
2026-07-02 20:01:09.991624,20802344,4714806,ASML_DUAL,126.3,11,ask
2026-07-02 20:01:15.923145,20802848,4714942,ASML_DUAL,126.5,11,bid
2026-07-02 20:01:32.980426,20804299,4715305,ASML_DUAL,126.2,35,bid
2026-07-02 20:01:33.030577,20804310,4715312,ASML_DUAL,126.0,22,bid
2026-07-02 20:01:37.816290,20804718,4715407,ASML_DUAL,126.1,4,ask
2026-07-02 20:01:39.541217,20804846,4715440,ASML_DUAL,126.2,16,bid
2026-07-02 20:01:42.522882,20805089,4715537,ASML_DUAL,126.7,23,ask
2026-07-02 20:01:42.681159,20805112,4715543,ASML_DUAL,126.7,11,ask
2026-07-02 20:01:43.491492,20805213,4715566,ASML_DUAL,126.7,12,ask
2026-07-02 20:01:45.698751,20805398,4715619,ASML_DUAL,126.8,12,bid
2026-07-02 20:01:52.024971,20805909,4715741,ASML_DUAL,126.4,34,bid
2026-07-02 20:01:52.670716,20805987,4715761,ASML_DUAL,126.4,11,bid
2026-07-02 20:01:52.679298,20805989,4715763,ASML_DUAL,126.5,6,bid
2026-07-02 20:01:55.183228,20806189,4715814,ASML_DUAL,126.7,1,ask
2026-07-02 20:01:55.192190,20806191,4715816,ASML_DUAL,126.7,5,ask
2026-07-02 20:01:55.342820,20806222,4715822,ASML_DUAL,126.7,11,ask
2026-07-02 20:01:58.440518,20806488,4715881,ASML_DUAL,126.2,11,bid
2026-07-02 20:01:58.523873,20806498,4715886,ASML_DUAL,126.1,6,bid
2026-07-02 20:02:03.177222,20806883,4715988,ASML_DUAL,126.3,6,ask
2026-07-02 20:02:08.428871,20807352,4716096,ASML_DUAL,126.3,11,ask
2026-07-02 20:02:17.347851,20808069,4716275,ASML_DUAL,126.0,11,bid
2026-07-02 20:02:21.529577,20808442,4716370,ASML_DUAL,126.2,11,ask
2026-07-02 20:02:23.673767,20808575,4716409,ASML_DUAL,125.9,5,bid
2026-07-02 20:02:23.683733,20808578,4716412,ASML_DUAL,125.9,6,bid
2026-07-02 20:02:23.765446,20808592,4716418,ASML_DUAL,125.9,6,bid
2026-07-02 20:02:45.129578,20810426,4716810,ASML_DUAL,125.7,6,ask
2026-07-02 20:02:46.429791,20810541,4716851,ASML_DUAL,125.7,6,bid
2026-07-02 20:02:49.327514,20810792,4716904,ASML_DUAL,125.6,6,ask
2026-07-02 20:02:52.082811,20811013,4716955,ASML_DUAL,125.8,11,ask
2026-07-02 20:02:58.570864,20811566,4717097,ASML_DUAL,125.8,12,ask
2026-07-02 20:02:58.944999,20811600,4717107,ASML_DUAL,125.8,11,ask
2026-07-02 20:02:59.565065,20811650,4717117,ASML_DUAL,125.8,11,ask
2026-07-02 20:03:06.126465,20812194,4717261,ASML_DUAL,125.9,12,ask
2026-07-02 20:03:07.437060,20812334,4717290,ASML_DUAL,125.9,4,ask
2026-07-02 20:03:10.059623,20812549,4717346,ASML_DUAL,125.9,16,bid
2026-07-02 20:03:11.123771,20812646,4717370,ASML_DUAL,126.1,12,ask
2026-07-02 20:03:11.370019,20812664,4717375,ASML_DUAL,126.1,11,ask
2026-07-02 20:03:12.681732,20812745,4717398,ASML_DUAL,126.1,12,ask
2026-07-02 20:03:13.990009,20812887,4717423,ASML_DUAL,126.1,11,ask
2026-07-02 20:03:14.279031,20812920,4717438,ASML_DUAL,125.8,11,bid
2026-07-02 20:03:14.587439,20812944,4717447,ASML_DUAL,125.8,3,bid
2026-07-02 20:03:19.237462,20813318,4717543,ASML_DUAL,125.9,14,ask
2026-07-02 20:03:26.941947,20813964,4717678,ASML_DUAL,125.4,11,bid
2026-07-02 20:03:27.108042,20813980,4717690,ASML_DUAL,125.4,12,bid
2026-07-02 20:03:28.807054,20814106,4717731,ASML_DUAL,125.4,8,bid
2026-07-02 20:03:28.862576,20814110,4717734,ASML_DUAL,125.4,3,bid
2026-07-02 20:03:30.105931,20814207,4717761,ASML_DUAL,125.7,23,ask
2026-07-02 20:03:41.526750,20815161,4717985,ASML_DUAL,125.5,23,bid
2026-07-02 20:03:45.914122,20815540,4718074,ASML_DUAL,125.4,12,bid
2026-07-02 20:03:46.163051,20815566,4718082,ASML_DUAL,125.4,11,bid
2026-07-02 20:03:54.079524,20816223,4718222,ASML_DUAL,125.6,1,ask
2026-07-02 20:03:55.405482,20816351,4718240,ASML_DUAL,125.3,24,bid
2026-07-02 20:04:11.702771,20817718,4718610,ASML_DUAL,125.3,23,ask
2026-07-02 20:04:16.942694,20818189,4718736,ASML_DUAL,125.4,11,bid
2026-07-02 20:04:19.570501,20818421,4718790,ASML_DUAL,125.4,12,bid
2026-07-02 20:04:22.190964,20818620,4718844,ASML_DUAL,125.4,5,bid
2026-07-02 20:04:26.117912,20818964,4718922,ASML_DUAL,125.5,5,ask
2026-07-02 20:04:30.059747,20819270,4719002,ASML_DUAL,125.4,12,ask
2026-07-02 20:04:31.365051,20819410,4719029,ASML_DUAL,125.4,11,ask
2026-07-02 20:04:35.289864,20819722,4719098,ASML_DUAL,125.5,23,ask
2026-07-02 20:04:37.905471,20819980,4719159,ASML_DUAL,125.5,23,ask
2026-07-02 20:04:39.214421,20820066,4719182,ASML_DUAL,125.7,6,bid
2026-07-02 20:04:43.188826,20820439,4719304,ASML_DUAL,125.7,17,bid
2026-07-02 20:04:46.007473,20820677,4719369,ASML_DUAL,125.4,12,bid
2026-07-02 20:04:46.726103,20820740,4719381,ASML_DUAL,125.4,11,bid
2026-07-02 20:04:52.376671,20821220,4719487,ASML_DUAL,125.3,11,bid
2026-07-02 20:05:05.493382,20822335,4719774,ASML_DUAL,125.3,12,bid
2026-07-02 20:05:15.785699,20823202,4719979,ASML_DUAL,125.2,12,ask
2026-07-02 20:05:17.586349,20823348,4720025,ASML_DUAL,125.5,22,ask
2026-07-02 20:05:23.912926,20823871,4720163,ASML_DUAL,125.7,23,ask
2026-07-02 20:05:25.142199,20823986,4720195,ASML_DUAL,125.7,12,ask
2026-07-02 20:05:36.612377,20824958,4720441,ASML_DUAL,125.3,8,bid
2026-07-02 20:05:36.623442,20824961,4720445,ASML_DUAL,125.3,15,bid
2026-07-02 20:05:37.282680,20825034,4720458,ASML_DUAL,125.3,10,bid
2026-07-02 20:05:40.017901,20825275,4720523,ASML_DUAL,125.1,2,bid
2026-07-02 20:05:41.207997,20825362,4720553,ASML_DUAL,125.1,11,bid
2026-07-02 20:05:42.933005,20825518,4720596,ASML_DUAL,125.0,11,bid
2026-07-02 20:05:44.809138,20825709,4720642,ASML_DUAL,125.2,7,ask
2026-07-02 20:05:50.081697,20826174,4720761,ASML_DUAL,125.1,4,ask
2026-07-02 20:05:54.009209,20826474,4720852,ASML_DUAL,125.1,3,ask
2026-07-02 20:05:54.009209,20826474,4720853,ASML_DUAL,125.1,8,ask
2026-07-02 20:05:59.380215,20826972,4721019,ASML_DUAL,125.1,3,ask
2026-07-02 20:06:01.875217,20827205,4721069,ASML_DUAL,125.3,20,ask
2026-07-02 20:06:04.226120,20827353,4721097,ASML_DUAL,125.3,12,ask
2026-07-02 20:06:17.704439,20828459,4721376,ASML_DUAL,125.8,11,ask
2026-07-02 20:06:22.403137,20828857,4721473,ASML_DUAL,125.7,11,bid
2026-07-02 20:06:30.452201,20829512,4721661,ASML_DUAL,125.1,46,bid
2026-07-02 20:06:32.030013,20829673,4721695,ASML_DUAL,125.1,11,bid
2026-07-02 20:06:33.561074,20829804,4721739,ASML_DUAL,125.2,11,ask
2026-07-02 20:06:35.730201,20829967,4721787,ASML_DUAL,125.2,11,ask
2026-07-02 20:06:43.831929,20830708,4721981,ASML_DUAL,125.3,12,ask
2026-07-02 20:06:58.922674,20831852,4722233,ASML_DUAL,125.8,12,bid
2026-07-02 20:06:59.580437,20831913,4722259,ASML_DUAL,125.8,11,bid
2026-07-02 20:07:07.450201,20832600,4722395,ASML_DUAL,125.7,5,ask
2026-07-02 20:07:08.755307,20832702,4722432,ASML_DUAL,125.5,16,bid
2026-07-02 20:07:17.943552,20833433,4722610,ASML_DUAL,125.5,11,ask
2026-07-02 20:07:30.535281,20834495,4722854,ASML_DUAL,124.9,34,bid
2026-07-02 20:07:36.859487,20835048,4722985,ASML_DUAL,124.4,3,bid
2026-07-02 20:07:36.875325,20835055,4722988,ASML_DUAL,124.4,3,bid
2026-07-02 20:07:43.128084,20835623,4723129,ASML_DUAL,124.8,29,ask
2026-07-02 20:07:45.490810,20835820,4723181,ASML_DUAL,124.8,11,ask
2026-07-02 20:07:54.515718,20836567,4723404,ASML_DUAL,124.7,6,ask
2026-07-02 20:08:02.865097,20837300,4723565,ASML_DUAL,124.5,5,ask
2026-07-02 20:08:03.203290,20837314,4723567,ASML_DUAL,124.6,4,ask
2026-07-02 20:08:03.537455,20837356,4723577,ASML_DUAL,124.6,4,ask
2026-07-02 20:08:03.614277,20837364,4723579,ASML_DUAL,124.6,4,ask
2026-07-02 20:08:05.335881,20837498,4723628,ASML_DUAL,124.1,34,bid
2026-07-02 20:08:07.771775,20837744,4723679,ASML_DUAL,124.1,12,bid
2026-07-02 20:08:08.443316,20837793,4723696,ASML_DUAL,124.4,12,ask
2026-07-02 20:08:09.088047,20837843,4723710,ASML_DUAL,124.4,22,ask
2026-07-02 20:08:14.819677,20838337,4723859,ASML_DUAL,124.4,11,bid
2026-07-02 20:08:14.971710,20838358,4723863,ASML_DUAL,124.4,11,bid
2026-07-02 20:08:26.130618,20839310,4724131,ASML_DUAL,124.6,4,bid
2026-07-02 20:08:26.185035,20839315,4724133,ASML_DUAL,124.6,4,bid
2026-07-02 20:08:26.282295,20839321,4724137,ASML_DUAL,124.6,3,bid
2026-07-02 20:08:26.343013,20839324,4724139,ASML_DUAL,124.6,1,bid
2026-07-02 20:08:27.429898,20839419,4724173,ASML_DUAL,124.9,12,ask
2026-07-02 20:08:27.440452,20839421,4724175,ASML_DUAL,124.9,22,ask
2026-07-02 20:08:27.480733,20839425,4724177,ASML_DUAL,124.9,6,ask
2026-07-02 20:08:27.977281,20839466,4724189,ASML_DUAL,124.9,6,ask
2026-07-02 20:08:31.375306,20839762,4724272,ASML_DUAL,124.6,11,ask
2026-07-02 20:08:33.836048,20839961,4724334,ASML_DUAL,124.6,4,bid
2026-07-02 20:08:45.813079,20840965,4724556,ASML_DUAL,124.5,4,ask
2026-07-02 20:08:59.151708,20842066,4724823,ASML_DUAL,124.2,34,bid
2026-07-02 20:09:00.965487,20842232,4724874,ASML_DUAL,124.2,23,bid
2026-07-02 20:09:05.752637,20842614,4724962,ASML_DUAL,124.5,5,ask
2026-07-02 20:09:09.424056,20842923,4725035,ASML_DUAL,124.5,7,ask
2026-07-02 20:09:11.983471,20843121,4725077,ASML_DUAL,124.7,11,ask
2026-07-02 20:09:24.397226,20844195,4725364,ASML_DUAL,125.1,46,ask
2026-07-02 20:09:31.015854,20844753,4725521,ASML_DUAL,124.7,6,bid
2026-07-02 20:09:31.450484,20844817,4725534,ASML_DUAL,124.7,6,bid
2026-07-02 20:09:33.031299,20844930,4725563,ASML_DUAL,124.7,11,bid
2026-07-02 20:09:40.884102,20845582,4725722,ASML_DUAL,124.6,12,bid
2026-07-02 20:09:43.371858,20845811,4725777,ASML_DUAL,124.7,23,ask
2026-07-02 20:10:02.343501,20847399,4726189,ASML_DUAL,124.8,26,ask
2026-07-02 20:10:05.809668,20847702,4726287,ASML_DUAL,124.8,3,bid
2026-07-02 20:10:07.122725,20847818,4726324,ASML_DUAL,124.8,23,bid
2026-07-02 20:10:11.061918,20848142,4726431,ASML_DUAL,124.6,12,ask
2026-07-02 20:10:11.888848,20848217,4726443,ASML_DUAL,124.6,12,bid
2026-07-02 20:10:12.341813,20848268,4726461,ASML_DUAL,124.6,11,bid
2026-07-02 20:10:13.609896,20848406,4726498,ASML_DUAL,124.6,12,bid
2026-07-02 20:10:13.665910,20848418,4726501,ASML_DUAL,124.6,11,bid
2026-07-02 20:10:14.996593,20848503,4726526,ASML_DUAL,124.9,11,ask
2026-07-02 20:10:15.835000,20848562,4726535,ASML_DUAL,124.9,1,ask
2026-07-02 20:10:16.131134,20848595,4726540,ASML_DUAL,124.9,1,ask
2026-07-02 20:10:20.881302,20849010,4726651,ASML_DUAL,124.9,10,ask
2026-07-02 20:10:21.520326,20849049,4726672,ASML_DUAL,124.9,11,ask
2026-07-02 20:10:34.008303,20850107,4726914,ASML_DUAL,125.6,26,ask
2026-07-02 20:10:53.035141,20851744,4727385,ASML_DUAL,124.9,26,bid
2026-07-02 20:10:55.576074,20852000,4727438,ASML_DUAL,124.9,2,bid
2026-07-02 20:10:56.896500,20852103,4727468,ASML_DUAL,124.8,32,bid
2026-07-02 20:11:10.007194,20853214,4727763,ASML_DUAL,124.1,40,bid
2026-07-02 20:11:18.224672,20853896,4727920,ASML_DUAL,124.4,3,ask
2026-07-02 20:11:18.281837,20853903,4727924,ASML_DUAL,124.6,26,ask
2026-07-02 20:11:18.340521,20853918,4727927,ASML_DUAL,124.6,11,ask
2026-07-02 20:11:21.507862,20854170,4727980,ASML_DUAL,124.5,11,bid
2026-07-02 20:11:27.026464,20854645,4728086,ASML_DUAL,124.4,11,ask
2026-07-02 20:11:28.664497,20854779,4728131,ASML_DUAL,124.3,11,bid
2026-07-02 20:11:37.315809,20855530,4728322,ASML_DUAL,124.1,12,bid
2026-07-02 20:11:41.487523,20855869,4728429,ASML_DUAL,124.1,2,ask
2026-07-02 20:11:41.487523,20855869,4728430,ASML_DUAL,124.1,10,ask
2026-07-02 20:11:49.928228,20856580,4728615,ASML_DUAL,124.6,22,ask
2026-07-02 20:11:50.659396,20856653,4728641,ASML_DUAL,124.6,35,ask
2026-07-02 20:11:53.141718,20856844,4728697,ASML_DUAL,124.5,12,bid
2026-07-02 20:11:53.287045,20856863,4728701,ASML_DUAL,124.5,11,bid
2026-07-02 20:12:08.961655,20858231,4729049,ASML_DUAL,124.1,12,bid
2026-07-02 20:12:09.018724,20858237,4729054,ASML_DUAL,124.1,22,bid
2026-07-02 20:12:28.024310,20859788,4729395,ASML_DUAL,124.0,11,ask
2026-07-02 20:12:35.352865,20860423,4729535,ASML_DUAL,124.2,11,ask
2026-07-02 20:12:36.550496,20860520,4729554,ASML_DUAL,124.2,23,ask
2026-07-02 20:12:39.161546,20860716,4729604,ASML_DUAL,124.2,11,bid
2026-07-02 20:12:47.136867,20861386,4729748,ASML_DUAL,124.5,11,ask
2026-07-02 20:12:47.452502,20861425,4729761,ASML_DUAL,124.5,12,ask
2026-07-02 20:12:49.673863,20861625,4729812,ASML_DUAL,124.5,11,ask
2026-07-02 20:13:09.061668,20863264,4730226,ASML_DUAL,124.2,6,bid
2026-07-02 20:13:09.245654,20863300,4730232,ASML_DUAL,124.2,5,bid
2026-07-02 20:13:13.281554,20863668,4730337,ASML_DUAL,124.1,6,bid
2026-07-02 20:13:17.228405,20863965,4730418,ASML_DUAL,124.1,2,ask
2026-07-02 20:13:38.232753,20865771,4730852,ASML_DUAL,124.3,8,bid
2026-07-02 20:13:40.712194,20865952,4730907,ASML_DUAL,124.6,23,ask
2026-07-02 20:13:40.946465,20865978,4730912,ASML_DUAL,124.7,3,ask
2026-07-02 20:14:03.137300,20867905,4731368,ASML_DUAL,124.9,3,bid
2026-07-02 20:14:04.250591,20867979,4731392,ASML_DUAL,124.9,11,bid
2026-07-02 20:14:07.069897,20868252,4731461,ASML_DUAL,124.9,12,bid
2026-07-02 20:14:09.199780,20868397,4731493,ASML_DUAL,124.6,23,bid
2026-07-02 20:14:19.362078,20869247,4731646,ASML_DUAL,124.4,11,bid
2026-07-02 20:14:21.884734,20869442,4731701,ASML_DUAL,124.8,23,ask
2026-07-02 20:14:23.103540,20869543,4731730,ASML_DUAL,124.8,5,ask
2026-07-02 20:14:25.059442,20869721,4731777,ASML_DUAL,124.6,5,bid
2026-07-02 20:14:53.457179,20872060,4732349,ASML_DUAL,125.0,11,ask
2026-07-02 20:14:54.294903,20872136,4732372,ASML_DUAL,125.0,12,ask
2026-07-02 20:14:56.291025,20872324,4732428,ASML_DUAL,125.1,12,bid
2026-07-02 20:15:02.961582,20872878,4732545,ASML_DUAL,125.7,1,ask
2026-07-02 20:15:02.974412,20872882,4732549,ASML_DUAL,125.7,11,ask
2026-07-02 20:15:04.791185,20873033,4732588,ASML_DUAL,125.7,11,ask
2026-07-02 20:15:09.279976,20873406,4732698,ASML_DUAL,126.1,3,ask
2026-07-02 20:15:31.425196,20875229,4733116,ASML_DUAL,126.6,3,ask
2026-07-02 20:15:38.847360,20875788,4733252,ASML_DUAL,126.7,11,ask
2026-07-02 20:15:40.908798,20875948,4733278,ASML_DUAL,126.8,12,ask
2026-07-02 20:15:41.469952,20875997,4733288,ASML_DUAL,126.8,11,ask
2026-07-02 20:15:42.769995,20876120,4733307,ASML_DUAL,126.8,12,ask
2026-07-02 20:15:44.138565,20876246,4733331,ASML_DUAL,126.5,23,bid
2026-07-02 20:15:48.008787,20876562,4733411,ASML_DUAL,126.6,11,ask
2026-07-02 20:15:48.088530,20876574,4733414,ASML_DUAL,126.7,2,ask
2026-07-02 20:15:50.625307,20876770,4733454,ASML_DUAL,126.6,2,bid
2026-07-02 20:15:55.870713,20877227,4733579,ASML_DUAL,126.5,11,bid
2026-07-02 20:15:59.952857,20877553,4733650,ASML_DUAL,126.1,23,bid
2026-07-02 20:16:09.459621,20878323,4733823,ASML_DUAL,125.2,29,bid
2026-07-02 20:16:15.559429,20878797,4733937,ASML_DUAL,125.4,12,ask
2026-07-02 20:16:15.690982,20878817,4733940,ASML_DUAL,125.4,11,ask
2026-07-02 20:16:16.866615,20878904,4733963,ASML_DUAL,125.3,11,bid
2026-07-02 20:16:22.099556,20879315,4734053,ASML_DUAL,124.8,12,bid
2026-07-02 20:16:22.948960,20879391,4734065,ASML_DUAL,124.8,11,bid
2026-07-02 20:16:26.059433,20879646,4734118,ASML_DUAL,124.9,12,bid
2026-07-02 20:16:28.676372,20879822,4734148,ASML_DUAL,124.8,11,bid
2026-07-02 20:16:36.271862,20880445,4734261,ASML_DUAL,125.0,11,ask
2026-07-02 20:16:40.484383,20880793,4734329,ASML_DUAL,125.0,11,bid
2026-07-02 20:17:17.189852,20883702,4734920,ASML_DUAL,125.1,11,bid
2026-07-02 20:17:19.200234,20883902,4734960,ASML_DUAL,125.0,11,ask
2026-07-02 20:17:20.406296,20883996,4734991,ASML_DUAL,125.0,11,ask
2026-07-02 20:17:25.613297,20884435,4735075,ASML_DUAL,124.6,4,bid
2026-07-02 20:17:25.759530,20884446,4735078,ASML_DUAL,124.6,4,bid
2026-07-02 20:17:26.156387,20884473,4735090,ASML_DUAL,124.6,3,bid
2026-07-02 20:17:28.498795,20884676,4735150,ASML_DUAL,124.8,11,ask
2026-07-02 20:17:34.833068,20885222,4735315,ASML_DUAL,124.9,12,ask
2026-07-02 20:17:48.698517,20886397,4735600,ASML_DUAL,125.1,11,ask
2026-07-02 20:17:53.809429,20886822,4735703,ASML_DUAL,125.4,26,ask
2026-07-02 20:18:05.761486,20887829,4735990,ASML_DUAL,126.2,3,bid
2026-07-02 20:18:10.589226,20888236,4736101,ASML_DUAL,126.3,1,ask
2026-07-02 20:18:12.317236,20888398,4736134,ASML_DUAL,126.3,2,ask
2026-07-02 20:18:13.637313,20888517,4736171,ASML_DUAL,126.1,3,bid
2026-07-02 20:18:14.937913,20888634,4736206,ASML_DUAL,126.1,23,bid
2026-07-02 20:18:15.991055,20888703,4736232,ASML_DUAL,126.5,23,ask
2026-07-02 20:18:16.114794,20888720,4736237,ASML_DUAL,126.5,3,ask
2026-07-02 20:18:19.163661,20889019,4736335,ASML_DUAL,126.1,3,bid
2026-07-02 20:18:20.192790,20889103,4736362,ASML_DUAL,126.1,23,bid
2026-07-02 20:18:22.796980,20889330,4736409,ASML_DUAL,126.0,2,ask
2026-07-02 20:18:22.921484,20889356,4736417,ASML_DUAL,126.0,2,ask
2026-07-02 20:18:23.212687,20889373,4736424,ASML_DUAL,126.0,2,ask
2026-07-02 20:18:23.819932,20889414,4736437,ASML_DUAL,126.0,2,ask
2026-07-02 20:18:23.920798,20889423,4736439,ASML_DUAL,126.0,2,ask
2026-07-02 20:18:23.950788,20889426,4736441,ASML_DUAL,125.9,2,ask
2026-07-02 20:18:25.492973,20889583,4736485,ASML_DUAL,125.7,23,bid
2026-07-02 20:18:28.659440,20889815,4736536,ASML_DUAL,125.5,23,bid
2026-07-02 20:18:29.361641,20889875,4736547,ASML_DUAL,125.5,11,bid
2026-07-02 20:18:30.686628,20890006,4736575,ASML_DUAL,125.5,12,bid
2026-07-02 20:18:38.096559,20890628,4736743,ASML_DUAL,125.9,12,ask
2026-07-02 20:18:38.925332,20890702,4736760,ASML_DUAL,125.9,2,ask
2026-07-02 20:18:41.479381,20890916,4736811,ASML_DUAL,126.0,9,ask
2026-07-02 20:18:43.792053,20891123,4736864,ASML_DUAL,126.0,11,ask
2026-07-02 20:18:47.631911,20891436,4736945,ASML_DUAL,126.4,12,ask
2026-07-02 20:18:49.459453,20891612,4736999,ASML_DUAL,126.4,11,ask
2026-07-02 20:18:53.903140,20891963,4737075,ASML_DUAL,126.5,12,ask
2026-07-02 20:19:00.224524,20892500,4737195,ASML_DUAL,126.6,11,ask
2026-07-02 20:19:01.581420,20892626,4737228,ASML_DUAL,126.6,3,ask
2026-07-02 20:19:05.491804,20892943,4737321,ASML_DUAL,126.3,3,bid
2026-07-02 20:19:10.011177,20893328,4737423,ASML_DUAL,126.6,3,ask
2026-07-02 20:19:31.054944,20895024,4737824,ASML_DUAL,126.5,3,bid
2026-07-02 20:19:35.078104,20895373,4737907,ASML_DUAL,126.3,23,bid
2026-07-02 20:19:44.775550,20896166,4738123,ASML_DUAL,125.9,1,bid
2026-07-02 20:19:48.788894,20896508,4738192,ASML_DUAL,125.8,10,bid
2026-07-02 20:19:50.882892,20896675,4738258,ASML_DUAL,125.5,34,bid
2026-07-02 20:19:51.099044,20896691,4738266,ASML_DUAL,125.8,6,ask
2026-07-02 20:19:57.320287,20897250,4738417,ASML_DUAL,125.7,16,ask
2026-07-02 20:20:00.381654,20897540,4738484,ASML_DUAL,125.5,5,bid
2026-07-02 20:20:00.660526,20897564,4738493,ASML_DUAL,125.5,2,bid
2026-07-02 20:20:00.887666,20897594,4738506,ASML_DUAL,125.5,15,bid
2026-07-02 20:20:05.231630,20897955,4738595,ASML_DUAL,125.6,11,ask
2026-07-02 20:20:06.222750,20898037,4738610,ASML_DUAL,125.7,5,ask
2026-07-02 20:20:06.930457,20898114,4738627,ASML_DUAL,125.7,5,ask
2026-07-02 20:20:07.147591,20898130,4738638,ASML_DUAL,125.7,1,ask
2026-07-02 20:20:09.170845,20898283,4738687,ASML_DUAL,125.7,4,ask
2026-07-02 20:20:09.813492,20898323,4738692,ASML_DUAL,125.7,8,ask
2026-07-02 20:20:13.120978,20898646,4738778,ASML_DUAL,125.7,5,ask
2026-07-02 20:20:14.287008,20898748,4738801,ASML_DUAL,125.7,1,ask
2026-07-02 20:20:14.334174,20898752,4738804,ASML_DUAL,125.7,1,ask
2026-07-02 20:20:14.377234,20898756,4738806,ASML_DUAL,125.7,1,ask
2026-07-02 20:20:16.185369,20898893,4738836,ASML_DUAL,125.4,8,bid
2026-07-02 20:20:17.065257,20898964,4738854,ASML_DUAL,125.4,23,bid
2026-07-02 20:20:22.341877,20899404,4738953,ASML_DUAL,125.4,23,ask
2026-07-02 20:20:23.665522,20899526,4738982,ASML_DUAL,125.3,12,bid
2026-07-02 20:20:23.723409,20899535,4738986,ASML_DUAL,125.3,6,bid
2026-07-02 20:20:39.408934,20900880,4739351,ASML_DUAL,125.2,5,bid
2026-07-02 20:20:48.148888,20901598,4739499,ASML_DUAL,124.9,11,bid
2026-07-02 20:20:53.843673,20902082,4739618,ASML_DUAL,124.8,10,bid
2026-07-02 20:20:53.854275,20902085,4739621,ASML_DUAL,124.9,13,bid
2026-07-02 20:21:00.493367,20902656,4739765,ASML_DUAL,124.5,6,bid
2026-07-02 20:21:13.159511,20903729,4740056,ASML_DUAL,125.4,29,ask
2026-07-02 20:21:13.525740,20903773,4740067,ASML_DUAL,125.4,21,ask
2026-07-02 20:21:16.313813,20904007,4740131,ASML_DUAL,125.1,21,bid
2026-07-02 20:21:24.029206,20904614,4740258,ASML_DUAL,125.0,5,ask
2026-07-02 20:21:24.064450,20904620,4740260,ASML_DUAL,125.0,4,ask
2026-07-02 20:21:24.140913,20904625,4740262,ASML_DUAL,125.0,2,ask
2026-07-02 20:21:31.899143,20905256,4740409,ASML_DUAL,124.9,4,ask
2026-07-02 20:21:31.955870,20905261,4740411,ASML_DUAL,124.9,3,ask
2026-07-02 20:21:32.004014,20905265,4740413,ASML_DUAL,124.9,3,ask
2026-07-02 20:21:32.038394,20905270,4740417,ASML_DUAL,124.9,1,ask
2026-07-02 20:21:32.119416,20905275,4740420,ASML_DUAL,124.7,6,bid
2026-07-02 20:21:33.059463,20905352,4740441,ASML_DUAL,124.7,5,bid
2026-07-02 20:21:33.476024,20905401,4740451,ASML_DUAL,124.7,5,bid
2026-07-02 20:21:33.588540,20905411,4740456,ASML_DUAL,124.7,5,bid
2026-07-02 20:21:34.521967,20905490,4740483,ASML_DUAL,124.7,1,bid
2026-07-02 20:21:37.159541,20905730,4740536,ASML_DUAL,124.8,23,bid
2026-07-02 20:21:38.443111,20905831,4740563,ASML_DUAL,124.4,1,bid
2026-07-02 20:21:38.473521,20905838,4740568,ASML_DUAL,124.4,5,bid
2026-07-02 20:21:51.033576,20906854,4740781,ASML_DUAL,125.1,29,ask
2026-07-02 20:21:59.442590,20907558,4740973,ASML_DUAL,124.9,11,ask
2026-07-02 20:22:00.572801,20907653,4740991,ASML_DUAL,124.7,11,bid
2026-07-02 20:22:13.875093,20908752,4741270,ASML_DUAL,124.8,12,bid
2026-07-02 20:22:19.459638,20909222,4741393,ASML_DUAL,124.8,12,ask
2026-07-02 20:22:19.520737,20909229,4741395,ASML_DUAL,124.9,11,ask
2026-07-02 20:22:20.086569,20909272,4741412,ASML_DUAL,124.9,11,ask
2026-07-02 20:22:22.736464,20909510,4741484,ASML_DUAL,124.8,22,bid
2026-07-02 20:22:35.719780,20910606,4741786,ASML_DUAL,124.5,12,bid
2026-07-02 20:22:36.141974,20910659,4741797,ASML_DUAL,124.5,11,bid
2026-07-02 20:22:44.008545,20911315,4741986,ASML_DUAL,124.5,11,ask
2026-07-02 20:22:45.321742,20911434,4742010,ASML_DUAL,124.5,11,bid
2026-07-02 20:22:55.808393,20912304,4742223,ASML_DUAL,124.4,11,ask
2026-07-02 20:22:59.731875,20912647,4742314,ASML_DUAL,124.4,12,ask
2026-07-02 20:23:06.965474,20913297,4742493,ASML_DUAL,124.6,11,ask
2026-07-02 20:23:07.365508,20913331,4742497,ASML_DUAL,124.6,11,ask
2026-07-02 20:23:08.912204,20913456,4742534,ASML_DUAL,124.6,12,ask
2026-07-02 20:23:10.181436,20913572,4742562,ASML_DUAL,124.4,8,bid
2026-07-02 20:23:10.664951,20913614,4742575,ASML_DUAL,124.4,4,bid
2026-07-02 20:23:14.176853,20913902,4742659,ASML_DUAL,124.5,22,bid
2026-07-02 20:23:16.507271,20914108,4742728,ASML_DUAL,124.9,57,ask
2026-07-02 20:23:29.152681,20915190,4743028,ASML_DUAL,124.3,4,bid
2026-07-02 20:23:40.381819,20916124,4743244,ASML_DUAL,124.0,8,bid
2026-07-02 20:23:44.320400,20916437,4743311,ASML_DUAL,124.0,12,ask
2026-07-02 20:23:52.183088,20917099,4743447,ASML_DUAL,124.0,11,ask
2026-07-02 20:23:56.989905,20917489,4743555,ASML_DUAL,124.0,23,bid
2026-07-02 20:23:57.610160,20917546,4743574,ASML_DUAL,124.3,23,ask
2026-07-02 20:24:01.755069,20917895,4743665,ASML_DUAL,124.2,3,ask
2026-07-02 20:24:03.926351,20918076,4743709,ASML_DUAL,124.0,3,bid
2026-07-02 20:24:03.968726,20918081,4743711,ASML_DUAL,124.0,11,bid
2026-07-02 20:24:05.285316,20918181,4743747,ASML_DUAL,123.9,1,ask
2026-07-02 20:24:07.441262,20918373,4743787,ASML_DUAL,123.8,1,bid
2026-07-02 20:24:07.938521,20918423,4743806,ASML_DUAL,123.8,12,bid
2026-07-02 20:24:22.911408,20919656,4744132,ASML_DUAL,123.3,34,bid
2026-07-02 20:24:27.275247,20920061,4744237,ASML_DUAL,123.4,11,ask
2026-07-02 20:24:29.249568,20920236,4744295,ASML_DUAL,123.2,4,bid
2026-07-02 20:24:29.697388,20920280,4744305,ASML_DUAL,123.2,7,bid
2026-07-02 20:24:35.063379,20920731,4744406,ASML_DUAL,123.3,6,ask
2026-07-02 20:24:38.730151,20921059,4744497,ASML_DUAL,122.9,17,bid
2026-07-02 20:24:40.575109,20921207,4744551,ASML_DUAL,122.9,12,bid
2026-07-02 20:24:45.006269,20921601,4744655,ASML_DUAL,123.1,12,ask
2026-07-02 20:24:53.990943,20922361,4744850,ASML_DUAL,123.0,1,ask
2026-07-02 20:24:54.575712,20922405,4744868,ASML_DUAL,122.8,1,bid
2026-07-02 20:24:57.502900,20922637,4744928,ASML_DUAL,122.8,12,bid
2026-07-02 20:25:01.131995,20922966,4745015,ASML_DUAL,122.7,12,ask
2026-07-02 20:25:01.940169,20923033,4745033,ASML_DUAL,122.8,8,ask
2026-07-02 20:25:02.337842,20923078,4745047,ASML_DUAL,122.7,3,ask
2026-07-02 20:25:04.330916,20923244,4745099,ASML_DUAL,122.7,3,ask
2026-07-02 20:25:05.637167,20923351,4745127,ASML_DUAL,122.6,20,ask
2026-07-02 20:25:07.548280,20923515,4745166,ASML_DUAL,122.6,12,bid
2026-07-02 20:25:08.259556,20923569,4745174,ASML_DUAL,122.6,11,bid
2026-07-02 20:25:26.131683,20925066,4745518,ASML_DUAL,122.9,11,ask
2026-07-02 20:25:32.449647,20925579,4745630,ASML_DUAL,123.1,12,ask
2026-07-02 20:25:51.441567,20927202,4746036,ASML_DUAL,123.3,23,ask
2026-07-02 20:25:54.409104,20927467,4746107,ASML_DUAL,123.3,11,ask
2026-07-02 20:25:57.812712,20927718,4746155,ASML_DUAL,123.4,3,ask
2026-07-02 20:26:05.925445,20928416,4746328,ASML_DUAL,123.5,3,ask
2026-07-02 20:26:10.406753,20928764,4746425,ASML_DUAL,123.6,11,ask
2026-07-02 20:26:21.059841,20929681,4746678,ASML_DUAL,123.5,11,bid
2026-07-02 20:26:33.459772,20930742,4746972,ASML_DUAL,123.2,3,bid
2026-07-02 20:26:42.632317,20931515,4747174,ASML_DUAL,122.9,3,bid
2026-07-02 20:26:46.486431,20931848,4747256,ASML_DUAL,122.9,1,ask
2026-07-02 20:26:48.440234,20932029,4747305,ASML_DUAL,122.6,12,bid
2026-07-02 20:27:01.922382,20933131,4747532,ASML_DUAL,122.6,4,ask
2026-07-02 20:27:10.647600,20933834,4747736,ASML_DUAL,122.8,4,bid
2026-07-02 20:27:18.047181,20934453,4747883,ASML_DUAL,123.1,9,bid
2026-07-02 20:27:20.092645,20934607,4747931,ASML_DUAL,123.1,9,ask
2026-07-02 20:27:21.260138,20934720,4747951,ASML_DUAL,123.1,4,ask
2026-07-02 20:27:21.410275,20934731,4747954,ASML_DUAL,123.1,3,ask
2026-07-02 20:27:23.671232,20934920,4747985,ASML_DUAL,123.2,4,ask
2026-07-02 20:27:31.159508,20935543,4748127,ASML_DUAL,123.2,3,ask
2026-07-02 20:27:39.091838,20936206,4748290,ASML_DUAL,122.8,3,bid
2026-07-02 20:27:44.265094,20936620,4748390,ASML_DUAL,122.7,11,bid
2026-07-02 20:27:45.571583,20936731,4748428,ASML_DUAL,122.7,12,bid
2026-07-02 20:27:45.775021,20936760,4748435,ASML_DUAL,122.7,11,bid
2026-07-02 20:27:49.417939,20937077,4748501,ASML_DUAL,122.8,11,ask
2026-07-02 20:27:49.520595,20937092,4748509,ASML_DUAL,122.8,12,ask
2026-07-02 20:27:58.010088,20937795,4748691,ASML_DUAL,123.3,14,ask
2026-07-02 20:28:01.153157,20938058,4748756,ASML_DUAL,123.2,1,bid
2026-07-02 20:28:01.859653,20938123,4748771,ASML_DUAL,123.2,1,ask
2026-07-02 20:28:30.144859,20940493,4749346,ASML_DUAL,122.1,14,bid
2026-07-02 20:28:32.963775,20940719,4749399,ASML_DUAL,122.1,12,bid
2026-07-02 20:28:34.759517,20940864,4749441,ASML_DUAL,122.1,11,bid
2026-07-02 20:28:35.407486,20940939,4749460,ASML_DUAL,122.1,12,bid
2026-07-02 20:28:35.941810,20940985,4749477,ASML_DUAL,122.5,35,ask
2026-07-02 20:28:54.991332,20942545,4749868,ASML_DUAL,123.1,11,ask
2026-07-02 20:28:55.030638,20942554,4749872,ASML_DUAL,123.1,3,ask
2026-07-02 20:28:58.154906,20942801,4749923,ASML_DUAL,122.7,3,bid
2026-07-02 20:29:04.486727,20943346,4750061,ASML_DUAL,122.4,23,bid
2026-07-02 20:29:13.976052,20944153,4750287,ASML_DUAL,122.3,11,bid
2026-07-02 20:29:16.580045,20944384,4750352,ASML_DUAL,122.3,12,bid
2026-07-02 20:29:17.320849,20944455,4750367,ASML_DUAL,122.4,12,ask
2026-07-02 20:29:20.313576,20944717,4750435,ASML_DUAL,122.4,12,bid
2026-07-02 20:29:25.194022,20945099,4750509,ASML_DUAL,122.2,22,bid
2026-07-02 20:29:30.433475,20945494,4750610,ASML_DUAL,121.8,23,bid
2026-07-02 20:29:32.959456,20945699,4750666,ASML_DUAL,121.9,11,ask
2026-07-02 20:29:36.983257,20946045,4750740,ASML_DUAL,122.0,11,bid
2026-07-02 20:29:39.230480,20946255,4750807,ASML_DUAL,122.3,11,ask
2026-07-02 20:29:39.605083,20946297,4750815,ASML_DUAL,122.3,23,ask
2026-07-02 20:30:07.507768,20948673,4751369,ASML_DUAL,122.2,5,ask
2026-07-02 20:30:08.021358,20948709,4751383,ASML_DUAL,122.1,5,bid
2026-07-02 20:30:09.759385,20948839,4751420,ASML_DUAL,122.1,11,bid
2026-07-02 20:30:23.575344,20950051,4751752,ASML_DUAL,122.6,22,ask
2026-07-02 20:30:23.618657,20950055,4751755,ASML_DUAL,122.6,9,ask
2026-07-02 20:30:26.735071,20950288,4751804,ASML_DUAL,122.4,9,bid
2026-07-02 20:30:26.860224,20950317,4751809,ASML_DUAL,122.4,11,bid
2026-07-02 20:30:29.913618,20950550,4751850,ASML_DUAL,122.6,11,ask
2026-07-02 20:30:55.218290,20952613,4752277,ASML_DUAL,123.2,1,ask
2026-07-02 20:30:55.260401,20952627,4752281,ASML_DUAL,123.2,11,ask
2026-07-02 20:30:57.013034,20952762,4752326,ASML_DUAL,123.2,11,ask
2026-07-02 20:31:07.855080,20953666,4752524,ASML_DUAL,122.9,23,bid
2026-07-02 20:31:15.346753,20954286,4752632,ASML_DUAL,122.9,11,bid
2026-07-02 20:31:23.637997,20954989,4752817,ASML_DUAL,123.1,23,ask
2026-07-02 20:31:36.778033,20955975,4753012,ASML_DUAL,123.5,11,ask
2026-07-02 20:31:38.961279,20956136,4753053,ASML_DUAL,123.5,12,ask
2026-07-02 20:31:45.823280,20956686,4753169,ASML_DUAL,123.3,12,bid
2026-07-02 20:31:52.639803,20957251,4753306,ASML_DUAL,123.2,11,bid
2026-07-02 20:31:54.724718,20957463,4753350,ASML_DUAL,123.2,23,bid
2026-07-02 20:31:57.345466,20957668,4753402,ASML_DUAL,123.2,11,ask
2026-07-02 20:31:58.648818,20957766,4753433,ASML_DUAL,123.3,11,bid
2026-07-02 20:32:18.326657,20959446,4753829,ASML_DUAL,123.3,4,ask
2026-07-02 20:32:18.339172,20959451,4753831,ASML_DUAL,123.2,7,ask
2026-07-02 20:32:30.076615,20960401,4754053,ASML_DUAL,123.5,23,ask
2026-07-02 20:32:36.450487,20960955,4754190,ASML_DUAL,123.3,11,bid
2026-07-02 20:32:37.987348,20961063,4754224,ASML_DUAL,123.3,23,bid
2026-07-02 20:32:39.622285,20961214,4754267,ASML_DUAL,123.7,34,ask
2026-07-02 20:32:40.023429,20961253,4754280,ASML_DUAL,123.7,12,ask
2026-07-02 20:32:42.783216,20961498,4754347,ASML_DUAL,123.6,12,bid
2026-07-02 20:32:42.988373,20961522,4754352,ASML_DUAL,123.6,11,bid
2026-07-02 20:32:43.270449,20961547,4754362,ASML_DUAL,124.0,37,ask
2026-07-02 20:33:05.612639,20963364,4754791,ASML_DUAL,124.0,3,bid
2026-07-02 20:33:13.416805,20963989,4754930,ASML_DUAL,123.9,1,ask
2026-07-02 20:33:14.723296,20964094,4754953,ASML_DUAL,123.9,1,bid
2026-07-02 20:33:20.730714,20964579,4755093,ASML_DUAL,123.8,11,bid
2026-07-02 20:33:26.022990,20965020,4755185,ASML_DUAL,123.7,12,bid
2026-07-02 20:33:27.051874,20965084,4755202,ASML_DUAL,123.5,1,bid
2026-07-02 20:33:27.228905,20965110,4755211,ASML_DUAL,123.5,10,bid
2026-07-02 20:33:28.435102,20965213,4755242,ASML_DUAL,123.5,12,bid
2026-07-02 20:33:33.392514,20965622,4755358,ASML_DUAL,123.0,4,bid
2026-07-02 20:33:33.400500,20965625,4755360,ASML_DUAL,123.0,18,bid
2026-07-02 20:33:33.445995,20965630,4755363,ASML_DUAL,123.0,2,bid
2026-07-02 20:33:33.535140,20965639,4755372,ASML_DUAL,123.4,1,ask
2026-07-02 20:33:37.015765,20965946,4755458,ASML_DUAL,123.1,12,ask
2026-07-02 20:33:40.944392,20966240,4755528,ASML_DUAL,123.0,23,bid
2026-07-02 20:33:42.882090,20966422,4755569,ASML_DUAL,122.8,11,bid
2026-07-02 20:33:48.817014,20966930,4755699,ASML_DUAL,122.6,11,ask
2026-07-02 20:33:49.736837,20967011,4755730,ASML_DUAL,122.2,11,bid
2026-07-02 20:33:50.123667,20967040,4755737,ASML_DUAL,122.2,6,bid
2026-07-02 20:34:52.444210,20972330,4757054,ASML_DUAL,122.6,29,ask
2026-07-02 20:34:53.059516,20972400,4757069,ASML_DUAL,122.6,12,bid
2026-07-02 20:35:02.253484,20973168,4757252,ASML_DUAL,123.0,12,ask
2026-07-02 20:35:15.081220,20974247,4757526,ASML_DUAL,123.3,22,ask
2026-07-02 20:35:17.759507,20974498,4757580,ASML_DUAL,123.5,8,ask
2026-07-02 20:35:17.769055,20974500,4757582,ASML_DUAL,123.5,4,ask
2026-07-02 20:35:17.907173,20974513,4757589,ASML_DUAL,123.5,7,ask
2026-07-02 20:35:17.983419,20974536,4757593,ASML_DUAL,123.5,4,ask
2026-07-02 20:35:19.292496,20974627,4757616,ASML_DUAL,123.5,12,ask
2026-07-02 20:35:24.525349,20975067,4757721,ASML_DUAL,123.6,12,bid
2026-07-02 20:35:35.550169,20976034,4757981,ASML_DUAL,123.4,11,bid
2026-07-02 20:35:36.329195,20976087,4757998,ASML_DUAL,123.4,12,bid
2026-07-02 20:35:40.260088,20976405,4758111,ASML_DUAL,123.6,12,ask
2026-07-02 20:35:41.621936,20976573,4758145,ASML_DUAL,123.6,11,ask
2026-07-02 20:35:45.528029,20976872,4758206,ASML_DUAL,123.6,3,bid
2026-07-02 20:35:48.095650,20977101,4758254,ASML_DUAL,123.7,5,bid
2026-07-02 20:35:49.460011,20977207,4758271,ASML_DUAL,123.7,3,bid
2026-07-02 20:35:55.759419,20977722,4758382,ASML_DUAL,123.4,12,bid
2026-07-02 20:36:02.594851,20978299,4758501,ASML_DUAL,123.4,22,bid
2026-07-02 20:36:05.235296,20978539,4758561,ASML_DUAL,123.5,11,ask
2026-07-02 20:36:05.248533,20978545,4758564,ASML_DUAL,123.5,23,ask
2026-07-02 20:36:08.437119,20978791,4758635,ASML_DUAL,123.5,12,bid
2026-07-02 20:36:11.239127,20979031,4758700,ASML_DUAL,123.5,11,bid
2026-07-02 20:36:21.570431,20979940,4758978,ASML_DUAL,123.6,11,ask
2026-07-02 20:36:24.235067,20980183,4759052,ASML_DUAL,124.0,4,ask
2026-07-02 20:36:24.245272,20980185,4759054,ASML_DUAL,124.0,8,ask
2026-07-02 20:36:24.350338,20980189,4759057,ASML_DUAL,124.0,4,ask
2026-07-02 20:36:24.424554,20980197,4759061,ASML_DUAL,124.0,3,ask
2026-07-02 20:36:24.647637,20980227,4759070,ASML_DUAL,124.0,3,ask
2026-07-02 20:36:24.906930,20980247,4759079,ASML_DUAL,124.0,1,ask
2026-07-02 20:36:32.784370,20980890,4759271,ASML_DUAL,124.0,23,ask
2026-07-02 20:36:36.881867,20981265,4759369,ASML_DUAL,123.8,34,bid
2026-07-02 20:36:44.560806,20981897,4759528,ASML_DUAL,123.6,23,bid
2026-07-02 20:36:50.648244,20982411,4759660,ASML_DUAL,123.8,11,ask
2026-07-02 20:36:52.659378,20982591,4759711,ASML_DUAL,124.2,35,ask
2026-07-02 20:36:53.775177,20982697,4759736,ASML_DUAL,124.2,11,ask
2026-07-02 20:36:55.090272,20982795,4759767,ASML_DUAL,124.2,3,ask
2026-07-02 20:36:56.403075,20982892,4759796,ASML_DUAL,124.1,3,bid
2026-07-02 20:36:56.415627,20982896,4759798,ASML_DUAL,123.9,23,bid
2026-07-02 20:36:57.712459,20983014,4759834,ASML_DUAL,123.9,11,bid
2026-07-02 20:37:17.319193,20984681,4760233,ASML_DUAL,123.7,5,ask
2026-07-02 20:37:17.727556,20984713,4760236,ASML_DUAL,123.7,4,ask
2026-07-02 20:37:21.715190,20985070,4760355,ASML_DUAL,123.6,9,bid
2026-07-02 20:37:28.045667,20985581,4760475,ASML_DUAL,123.3,12,bid
2026-07-02 20:37:29.204459,20985686,4760494,ASML_DUAL,123.3,11,bid
2026-07-02 20:37:30.685279,20985827,4760519,ASML_DUAL,123.1,2,bid
2026-07-02 20:37:30.695522,20985829,4760521,ASML_DUAL,123.1,9,bid
2026-07-02 20:37:30.724764,20985832,4760523,ASML_DUAL,123.1,2,bid
2026-07-02 20:37:30.821967,20985837,4760527,ASML_DUAL,123.1,2,bid
2026-07-02 20:37:30.932139,20985841,4760529,ASML_DUAL,123.1,2,bid
2026-07-02 20:37:38.411185,20986477,4760686,ASML_DUAL,123.0,6,bid
2026-07-02 20:37:39.130170,20986538,4760716,ASML_DUAL,123.0,11,bid
2026-07-02 20:37:46.288149,20987110,4760849,ASML_DUAL,123.0,6,bid
2026-07-02 20:37:46.869099,20987183,4760865,ASML_DUAL,123.2,6,ask
2026-07-02 20:37:49.660508,20987414,4760928,ASML_DUAL,122.8,6,bid
2026-07-02 20:37:55.953871,20987955,4761065,ASML_DUAL,123.3,29,ask
2026-07-02 20:38:02.278220,20988496,4761204,ASML_DUAL,123.5,11,ask
2026-07-02 20:38:02.426578,20988515,4761211,ASML_DUAL,123.5,10,ask
2026-07-02 20:38:02.591449,20988534,4761219,ASML_DUAL,123.5,13,ask
2026-07-02 20:38:03.198133,20988583,4761242,ASML_DUAL,123.5,11,ask
2026-07-02 20:38:04.644427,20988713,4761293,ASML_DUAL,123.5,12,ask
2026-07-02 20:38:05.494643,20988802,4761315,ASML_DUAL,123.2,23,bid
2026-07-02 20:38:08.605146,20989059,4761387,ASML_DUAL,123.3,11,ask
2026-07-02 20:38:14.942556,20989601,4761499,ASML_DUAL,123.5,23,ask
2026-07-02 20:38:21.731824,20990137,4761658,ASML_DUAL,123.4,3,ask
2026-07-02 20:38:33.965635,20991180,4761940,ASML_DUAL,123.4,3,bid
2026-07-02 20:38:37.133313,20991463,4762001,ASML_DUAL,123.1,11,bid
2026-07-02 20:38:46.847017,20992286,4762207,ASML_DUAL,123.0,12,bid
2026-07-02 20:38:48.070430,20992394,4762231,ASML_DUAL,123.0,11,bid
2026-07-02 20:38:52.951429,20992810,4762330,ASML_DUAL,122.5,46,bid
2026-07-02 20:38:56.064873,20993066,4762388,ASML_DUAL,122.5,12,ask
2026-07-02 20:39:08.781650,20994118,4762634,ASML_DUAL,121.7,12,bid
2026-07-02 20:39:08.983949,20994134,4762643,ASML_DUAL,121.7,17,bid
2026-07-02 20:39:11.887019,20994408,4762706,ASML_DUAL,122.0,17,ask
2026-07-02 20:39:12.296875,20994449,4762723,ASML_DUAL,122.0,12,ask
2026-07-02 20:39:13.506908,20994536,4762742,ASML_DUAL,122.0,11,ask
2026-07-02 20:39:26.059903,20995578,4762982,ASML_DUAL,122.1,11,bid
2026-07-02 20:39:28.660310,20995774,4763014,ASML_DUAL,122.1,11,ask
2026-07-02 20:39:31.777072,20995997,4763056,ASML_DUAL,122.5,11,ask
2026-07-02 20:39:37.737958,20996495,4763164,ASML_DUAL,122.6,12,ask
2026-07-02 20:39:40.477175,20996720,4763219,ASML_DUAL,122.4,34,bid
2026-07-02 20:39:42.570024,20996913,4763254,ASML_DUAL,122.5,11,ask
2026-07-02 20:39:45.711977,20997140,4763314,ASML_DUAL,122.6,23,ask
2026-07-02 20:39:53.648912,20997795,4763466,ASML_DUAL,122.5,12,bid
2026-07-02 20:39:54.046426,20997837,4763476,ASML_DUAL,122.5,11,bid
2026-07-02 20:40:01.911690,20998484,4763636,ASML_DUAL,122.6,9,bid
2026-07-02 20:40:06.245207,20998852,4763724,ASML_DUAL,123.1,20,ask
2026-07-02 20:40:06.728425,20998877,4763736,ASML_DUAL,123.1,12,ask
2026-07-02 20:40:07.853122,20998973,4763763,ASML_DUAL,123.1,2,ask
2026-07-02 20:40:10.459491,20999212,4763836,ASML_DUAL,123.3,2,bid
2026-07-02 20:40:14.021286,20999519,4763895,ASML_DUAL,123.3,1,ask
2026-07-02 20:40:15.122233,20999591,4763915,ASML_DUAL,123.5,22,ask
2026-07-02 20:40:15.296182,20999620,4763925,ASML_DUAL,123.5,11,ask
2026-07-02 20:40:16.513859,20999725,4763941,ASML_DUAL,123.5,3,ask
2026-07-02 20:40:18.339753,20999879,4763971,ASML_DUAL,123.3,3,bid
2026-07-02 20:40:18.871857,20999920,4763978,ASML_DUAL,123.3,11,bid
2026-07-02 20:40:21.136313,21000099,4764026,ASML_DUAL,123.3,12,bid
2026-07-02 20:40:30.992787,21000938,4764238,ASML_DUAL,123.3,11,bid
2026-07-02 20:40:35.259816,21001334,4764330,ASML_DUAL,123.4,3,bid
2026-07-02 20:40:35.312675,21001340,4764333,ASML_DUAL,123.4,3,bid
2026-07-02 20:40:35.360343,21001345,4764336,ASML_DUAL,123.4,3,bid
2026-07-02 20:40:35.422518,21001349,4764339,ASML_DUAL,123.4,3,bid
2026-07-02 20:40:37.265794,21001498,4764380,ASML_DUAL,123.5,12,ask
2026-07-02 20:40:38.180547,21001575,4764399,ASML_DUAL,123.5,11,ask
2026-07-02 20:40:49.994139,21002573,4764661,ASML_DUAL,123.6,11,bid
2026-07-02 20:40:56.332848,21003106,4764801,ASML_DUAL,123.5,12,bid
2026-07-02 20:40:56.546956,21003144,4764814,ASML_DUAL,123.5,22,bid
2026-07-02 20:41:06.408965,21003984,4765046,ASML_DUAL,123.3,23,bid
2026-07-02 20:41:14.914487,21004659,4765210,ASML_DUAL,123.1,6,bid
2026-07-02 20:41:24.864530,21005524,4765415,ASML_DUAL,123.4,6,ask
2026-07-02 20:41:33.995259,21006272,4765597,ASML_DUAL,123.4,11,ask
2026-07-02 20:41:34.259962,21006293,4765602,ASML_DUAL,123.5,12,ask
2026-07-02 20:41:37.233080,21006549,4765651,ASML_DUAL,123.5,11,ask
2026-07-02 20:41:50.349169,21007636,4765944,ASML_DUAL,123.5,23,ask
2026-07-02 20:41:53.385580,21007886,4765999,ASML_DUAL,123.4,12,bid
2026-07-02 20:41:55.604130,21008068,4766056,ASML_DUAL,123.4,11,bid
2026-07-02 20:41:58.240008,21008282,4766103,ASML_DUAL,123.4,11,ask
2026-07-02 20:41:59.650864,21008420,4766143,ASML_DUAL,123.3,34,bid
2026-07-02 20:42:00.859402,21008522,4766171,ASML_DUAL,123.4,4,ask
2026-07-02 20:42:02.815564,21008677,4766212,ASML_DUAL,123.7,30,ask
2026-07-02 20:42:09.091840,21009205,4766325,ASML_DUAL,123.9,12,ask
2026-07-02 20:42:10.059483,21009270,4766346,ASML_DUAL,123.9,11,ask
2026-07-02 20:42:13.995985,21009607,4766429,ASML_DUAL,123.9,23,ask
2026-07-02 20:42:17.559508,21009905,4766506,ASML_DUAL,123.7,1,bid
2026-07-02 20:42:21.791424,21010243,4766592,ASML_DUAL,123.4,22,bid
2026-07-02 20:42:21.845979,21010254,4766596,ASML_DUAL,123.4,11,bid
2026-07-02 20:42:32.080590,21011130,4766814,ASML_DUAL,123.4,12,bid
2026-07-02 20:42:36.259381,21011484,4766902,ASML_DUAL,123.4,11,bid
2026-07-02 20:42:40.761791,21011858,4766991,ASML_DUAL,123.1,34,bid
2026-07-02 20:42:42.813823,21012019,4767028,ASML_DUAL,123.1,1,bid
2026-07-02 20:42:46.743859,21012354,4767110,ASML_DUAL,123.2,1,ask
2026-07-02 20:42:47.031146,21012383,4767114,ASML_DUAL,123.3,11,ask
2026-07-02 20:43:05.093615,21013903,4767464,ASML_DUAL,123.5,11,bid
2026-07-02 20:43:11.659447,21014438,4767584,ASML_DUAL,123.5,6,bid
2026-07-02 20:43:14.742157,21014694,4767642,ASML_DUAL,123.6,1,ask
2026-07-02 20:43:15.666492,21014762,4767659,ASML_DUAL,123.6,3,ask
2026-07-02 20:43:15.666492,21014762,4767660,ASML_DUAL,123.6,2,ask
2026-07-02 20:43:47.210702,21017380,4768186,ASML_DUAL,123.4,11,ask
2026-07-02 20:43:55.116821,21018033,4768327,ASML_DUAL,123.6,12,ask
2026-07-02 20:43:56.437484,21018127,4768353,ASML_DUAL,123.6,22,ask
2026-07-02 20:44:07.763906,21019056,4768568,ASML_DUAL,123.8,12,ask
2026-07-02 20:44:09.322431,21019153,4768593,ASML_DUAL,123.9,11,ask
2026-07-02 20:44:15.721757,21019665,4768684,ASML_DUAL,123.9,11,bid
2026-07-02 20:44:18.642831,21019931,4768730,ASML_DUAL,123.9,12,bid
2026-07-02 20:44:25.376898,21020509,4768858,ASML_DUAL,123.8,11,bid
2026-07-02 20:44:30.621711,21020968,4769010,ASML_DUAL,123.8,34,bid
2026-07-02 20:44:32.029649,21021087,4769048,ASML_DUAL,123.8,11,ask
2026-07-02 20:44:34.586752,21021313,4769119,ASML_DUAL,123.8,34,ask
2026-07-02 20:44:34.701709,21021321,4769122,ASML_DUAL,123.3,22,bid
2026-07-02 20:44:34.842292,21021337,4769128,ASML_DUAL,123.3,11,bid
2026-07-02 20:44:35.515519,21021393,4769148,ASML_DUAL,123.3,10,bid
2026-07-02 20:44:35.726928,21021421,4769156,ASML_DUAL,123.3,2,bid
2026-07-02 20:44:35.890786,21021439,4769158,ASML_DUAL,123.3,6,bid
2026-07-02 20:45:09.499212,21024197,4769832,ASML_DUAL,123.4,6,ask
2026-07-02 20:45:17.907681,21024909,4770001,ASML_DUAL,123.4,11,ask
2026-07-02 20:45:22.119112,21025253,4770093,ASML_DUAL,123.9,23,ask
2026-07-02 20:45:22.389267,21025287,4770097,ASML_DUAL,123.9,11,ask
2026-07-02 20:45:23.127998,21025358,4770115,ASML_DUAL,123.9,12,ask
2026-07-02 20:45:27.660702,21025717,4770213,ASML_DUAL,124.0,12,bid
2026-07-02 20:45:28.459487,21025803,4770227,ASML_DUAL,124.2,12,ask
2026-07-02 20:45:33.274976,21026183,4770329,ASML_DUAL,124.5,1,ask
2026-07-02 20:45:38.003443,21026611,4770435,ASML_DUAL,125.0,36,ask
2026-07-02 20:46:12.825779,21029521,4771148,ASML_DUAL,125.2,3,ask
2026-07-02 20:46:22.307384,21030335,4771336,ASML_DUAL,124.8,3,bid
2026-07-02 20:46:28.631497,21030855,4771448,ASML_DUAL,124.9,3,bid
2026-07-02 20:46:36.704719,21031527,4771606,ASML_DUAL,124.5,11,bid
2026-07-02 20:46:37.917394,21031626,4771637,ASML_DUAL,124.5,12,bid
2026-07-02 20:46:41.234024,21031918,4771705,ASML_DUAL,124.9,26,ask
2026-07-02 20:46:56.341758,21033201,4772063,ASML_DUAL,124.4,3,bid
2026-07-02 20:46:57.096909,21033255,4772085,ASML_DUAL,124.7,3,ask
2026-07-02 20:47:10.779559,21034399,4772356,ASML_DUAL,124.7,3,bid
2026-07-02 20:47:13.404811,21034614,4772412,ASML_DUAL,124.7,3,bid
2026-07-02 20:47:16.649502,21034905,4772478,ASML_DUAL,124.7,3,ask
2026-07-02 20:47:22.864917,21035412,4772608,ASML_DUAL,125.1,3,ask
2026-07-02 20:47:25.522619,21035608,4772670,ASML_DUAL,125.4,1,ask
2026-07-02 20:47:25.531000,21035610,4772672,ASML_DUAL,125.4,2,ask
2026-07-02 20:47:26.337437,21035681,4772696,ASML_DUAL,125.4,11,ask
2026-07-02 20:47:39.598806,21036786,4772935,ASML_DUAL,125.3,14,bid
2026-07-02 20:47:54.035411,21037966,4773216,ASML_DUAL,124.8,3,bid
2026-07-02 20:47:56.640824,21038173,4773269,ASML_DUAL,124.9,1,ask
2026-07-02 20:47:56.677561,21038178,4773271,ASML_DUAL,124.9,2,ask
2026-07-02 20:48:28.908891,21040865,4773908,ASML_DUAL,124.4,3,bid
2026-07-02 20:48:29.333194,21040896,4773914,ASML_DUAL,124.3,3,bid
2026-07-02 20:48:29.438448,21040912,4773925,ASML_DUAL,124.3,31,bid
2026-07-02 20:48:35.341049,21041406,4774067,ASML_DUAL,124.2,12,bid
2026-07-02 20:48:38.348162,21041646,4774120,ASML_DUAL,124.4,12,ask
2026-07-02 20:48:40.181995,21041823,4774156,ASML_DUAL,124.4,11,ask
2026-07-02 20:48:54.359565,21042999,4774457,ASML_DUAL,124.1,12,ask
2026-07-02 20:48:54.959489,21043058,4774470,ASML_DUAL,123.9,1,bid
2026-07-02 20:48:55.596283,21043105,4774486,ASML_DUAL,123.9,1,bid
2026-07-02 20:48:58.064951,21043330,4774532,ASML_DUAL,123.8,4,bid
2026-07-02 20:48:59.101547,21043410,4774555,ASML_DUAL,123.8,4,bid
2026-07-02 20:49:00.534441,21043533,4774592,ASML_DUAL,123.5,25,bid
2026-07-02 20:49:02.516021,21043702,4774636,ASML_DUAL,123.5,11,bid
2026-07-02 20:49:03.550359,21043784,4774654,ASML_DUAL,123.5,11,bid
2026-07-02 20:49:04.859437,21043923,4774678,ASML_DUAL,123.7,11,ask
2026-07-02 20:49:05.595098,21043980,4774693,ASML_DUAL,123.7,11,ask
2026-07-02 20:49:07.481584,21044137,4774728,ASML_DUAL,123.7,12,ask
2026-07-02 20:49:08.012802,21044173,4774740,ASML_DUAL,123.7,11,ask
2026-07-02 20:49:13.201078,21044603,4774837,ASML_DUAL,124.1,11,ask
2026-07-02 20:49:13.435428,21044617,4774839,ASML_DUAL,124.1,11,ask
2026-07-02 20:49:14.038405,21044669,4774862,ASML_DUAL,124.1,4,ask
2026-07-02 20:49:23.221323,21045438,4775044,ASML_DUAL,123.9,3,bid
2026-07-02 20:49:25.859543,21045652,4775094,ASML_DUAL,123.7,23,bid
2026-07-02 20:49:32.418739,21046174,4775221,ASML_DUAL,123.5,23,bid
2026-07-02 20:49:42.897558,21047023,4775434,ASML_DUAL,123.2,11,bid
2026-07-02 20:49:45.173666,21047225,4775494,ASML_DUAL,122.9,1,bid
2026-07-02 20:49:45.530490,21047269,4775497,ASML_DUAL,122.9,22,bid
2026-07-02 20:49:53.425770,21047929,4775654,ASML_DUAL,122.8,23,ask
2026-07-02 20:49:59.988353,21048472,4775766,ASML_DUAL,122.5,11,ask
2026-07-02 20:50:35.681318,21051381,4776371,ASML_DUAL,122.0,3,bid
2026-07-02 20:50:35.774318,21051397,4776374,ASML_DUAL,122.0,8,bid
2026-07-02 20:50:58.994323,21053319,4776809,ASML_DUAL,121.9,11,ask
2026-07-02 20:51:03.967169,21053741,4776928,ASML_DUAL,122.2,12,ask
2026-07-02 20:51:09.470828,21054210,4777053,ASML_DUAL,122.1,12,bid
2026-07-02 20:51:10.286405,21054285,4777067,ASML_DUAL,122.3,23,ask
2026-07-02 20:51:10.780319,21054329,4777080,ASML_DUAL,122.3,26,ask
2026-07-02 20:51:13.959463,21054595,4777152,ASML_DUAL,122.1,3,bid
2026-07-02 20:51:17.590656,21054919,4777230,ASML_DUAL,122.1,11,bid
2026-07-02 20:51:18.810927,21055009,4777259,ASML_DUAL,122.1,12,bid
2026-07-02 20:51:19.832989,21055078,4777272,ASML_DUAL,122.0,11,bid
2026-07-02 20:51:20.023690,21055119,4777282,ASML_DUAL,122.0,23,bid
2026-07-02 20:51:32.437476,21056102,4777503,ASML_DUAL,122.1,23,ask
2026-07-02 20:51:34.435766,21056291,4777547,ASML_DUAL,122.1,23,ask
2026-07-02 20:51:41.981651,21056893,4777683,ASML_DUAL,121.7,35,bid
2026-07-02 20:51:42.980445,21056980,4777715,ASML_DUAL,121.7,11,bid
2026-07-02 20:51:45.090672,21057159,4777749,ASML_DUAL,121.9,11,ask
2026-07-02 20:51:46.570514,21057295,4777776,ASML_DUAL,121.9,12,ask
2026-07-02 20:51:55.432650,21058032,4777968,ASML_DUAL,121.6,23,bid
2026-07-02 20:52:00.987192,21058470,4778070,ASML_DUAL,121.4,11,bid
2026-07-02 20:52:11.158123,21059320,4778250,ASML_DUAL,121.2,12,bid
2026-07-02 20:52:20.576200,21060101,4778454,ASML_DUAL,121.4,11,bid
2026-07-02 20:52:24.149181,21060381,4778516,ASML_DUAL,121.3,6,bid
2026-07-02 20:52:26.287258,21060555,4778565,ASML_DUAL,121.5,2,ask
2026-07-02 20:52:26.381238,21060562,4778567,ASML_DUAL,121.5,2,ask
2026-07-02 20:52:26.565207,21060589,4778572,ASML_DUAL,121.5,2,ask
2026-07-02 20:52:36.308460,21061429,4778776,ASML_DUAL,121.6,2,bid
2026-07-02 20:52:38.909690,21061629,4778823,ASML_DUAL,121.7,2,ask
2026-07-02 20:52:45.973660,21062233,4778946,ASML_DUAL,121.8,11,ask
2026-07-02 20:52:53.130297,21062846,4779090,ASML_DUAL,121.7,12,ask
2026-07-02 20:53:07.418015,21064046,4779369,ASML_DUAL,121.4,6,bid
2026-07-02 20:53:07.587607,21064061,4779374,ASML_DUAL,121.4,23,bid
2026-07-02 20:53:10.531334,21064314,4779436,ASML_DUAL,121.6,6,ask
2026-07-02 20:53:20.036847,21065114,4779666,ASML_DUAL,121.9,23,ask
2026-07-02 20:53:32.579649,21066146,4779909,ASML_DUAL,121.8,22,ask
2026-07-02 20:53:39.204097,21066688,4780062,ASML_DUAL,122.0,12,ask
2026-07-02 20:53:41.801595,21066926,4780113,ASML_DUAL,122.0,11,ask
2026-07-02 20:53:45.339853,21067203,4780174,ASML_DUAL,122.2,12,ask
2026-07-02 20:53:53.581476,21067891,4780308,ASML_DUAL,122.1,11,ask
2026-07-02 20:53:54.889696,21067973,4780327,ASML_DUAL,122.0,11,bid
2026-07-02 20:53:57.517210,21068204,4780372,ASML_DUAL,122.1,12,bid
2026-07-02 20:53:58.041576,21068260,4780395,ASML_DUAL,122.5,23,ask
2026-07-02 20:53:58.152092,21068273,4780400,ASML_DUAL,122.5,3,ask
2026-07-02 20:54:01.203701,21068500,4780455,ASML_DUAL,122.2,3,bid
2026-07-02 20:54:08.333139,21069114,4780594,ASML_DUAL,122.2,3,ask
2026-07-02 20:54:26.505903,21070650,4780987,ASML_DUAL,121.7,3,bid
2026-07-02 20:54:26.664597,21070658,4780992,ASML_DUAL,121.7,11,bid
2026-07-02 20:54:28.230407,21070796,4781027,ASML_DUAL,121.7,12,bid
2026-07-02 20:54:31.301500,21071040,4781093,ASML_DUAL,121.8,12,ask
2026-07-02 20:54:35.994635,21071424,4781205,ASML_DUAL,121.7,12,bid
2026-07-02 20:54:36.090541,21071438,4781207,ASML_DUAL,121.7,11,bid
2026-07-02 20:54:37.321037,21071532,4781236,ASML_DUAL,121.7,12,bid
2026-07-02 20:54:42.148757,21071953,4781353,ASML_DUAL,121.9,11,bid
2026-07-02 20:54:48.591485,21072481,4781472,ASML_DUAL,122.0,11,ask
2026-07-02 20:54:55.236846,21073010,4781576,ASML_DUAL,121.9,12,ask
2026-07-02 20:54:56.546584,21073123,4781601,ASML_DUAL,121.9,1,ask
2026-07-02 20:55:08.802857,21074166,4781856,ASML_DUAL,121.9,1,bid
2026-07-02 20:55:10.005144,21074274,4781882,ASML_DUAL,121.9,12,bid
2026-07-02 20:55:13.892810,21074605,4781980,ASML_DUAL,122.1,12,ask
2026-07-02 20:55:16.196300,21074804,4782030,ASML_DUAL,122.1,11,ask
2026-07-02 20:55:21.459975,21075265,4782204,ASML_DUAL,122.3,12,ask
2026-07-02 20:55:42.433721,21077044,4782663,ASML_DUAL,122.3,1,bid
2026-07-02 20:55:48.992035,21077590,4782789,ASML_DUAL,122.2,34,bid
2026-07-02 20:55:52.917440,21077928,4782869,ASML_DUAL,122.1,12,ask
2026-07-02 20:55:56.861381,21078263,4782977,ASML_DUAL,122.0,12,bid
2026-07-02 20:55:57.271800,21078306,4782984,ASML_DUAL,122.0,11,bid
2026-07-02 20:55:58.174721,21078384,4783014,ASML_DUAL,122.2,10,ask
2026-07-02 20:55:58.280505,21078390,4783016,ASML_DUAL,122.2,1,ask
2026-07-02 20:56:01.336048,21078642,4783084,ASML_DUAL,122.3,12,ask
2026-07-02 20:56:04.509845,21078938,4783141,ASML_DUAL,122.6,23,ask
2026-07-02 20:56:04.834629,21078967,4783148,ASML_DUAL,122.6,3,ask
2026-07-02 20:56:07.350065,21079180,4783208,ASML_DUAL,122.6,8,ask
2026-07-02 20:56:09.385971,21079346,4783249,ASML_DUAL,122.6,11,bid
2026-07-02 20:56:10.852465,21079493,4783280,ASML_DUAL,122.8,11,ask
2026-07-02 20:56:26.323836,21080773,4783582,ASML_DUAL,122.7,2,bid
2026-07-02 20:56:36.696710,21081649,4783788,ASML_DUAL,122.6,9,bid
2026-07-02 20:56:37.546566,21081712,4783804,ASML_DUAL,122.6,23,bid
2026-07-02 20:56:40.159578,21081925,4783838,ASML_DUAL,122.6,11,ask
2026-07-02 20:56:42.482092,21082108,4783889,ASML_DUAL,122.9,23,ask
2026-07-02 20:56:44.459933,21082270,4783941,ASML_DUAL,122.9,3,ask
2026-07-02 20:56:55.175570,21083129,4784113,ASML_DUAL,121.9,14,bid
2026-07-02 20:56:55.820228,21083178,4784129,ASML_DUAL,121.9,2,bid
2026-07-02 20:56:55.932598,21083200,4784135,ASML_DUAL,121.9,10,bid
2026-07-02 20:57:04.669302,21083922,4784304,ASML_DUAL,121.9,11,bid
2026-07-02 20:57:05.120838,21083973,4784322,ASML_DUAL,121.9,12,bid
2026-07-02 20:57:14.109008,21084712,4784494,ASML_DUAL,122.4,23,ask
2026-07-02 20:57:17.276287,21085000,4784578,ASML_DUAL,122.6,12,ask
2026-07-02 20:57:23.543907,21085510,4784696,ASML_DUAL,122.4,11,ask
2026-07-02 20:57:26.804360,21085782,4784779,ASML_DUAL,122.1,23,bid
2026-07-02 20:57:27.491857,21085865,4784797,ASML_DUAL,122.1,23,bid
2026-07-02 20:57:28.084126,21085915,4784815,ASML_DUAL,122.1,4,bid
2026-07-02 20:57:29.924912,21086070,4784862,ASML_DUAL,122.3,16,ask
2026-07-02 20:57:33.084868,21086320,4784917,ASML_DUAL,122.6,11,ask
2026-07-02 20:57:33.318626,21086339,4784922,ASML_DUAL,122.6,2,ask
2026-07-02 20:57:41.402372,21087033,4785089,ASML_DUAL,122.6,10,ask
2026-07-02 20:57:42.569855,21087105,4785105,ASML_DUAL,122.9,14,ask
2026-07-02 20:57:55.219435,21088187,4785390,ASML_DUAL,122.9,3,ask
2026-07-02 20:57:58.383853,21088457,4785478,ASML_DUAL,123.2,23,ask
2026-07-02 20:58:04.767141,21088957,4785609,ASML_DUAL,123.9,34,ask
2026-07-02 20:58:05.571589,21089028,4785626,ASML_DUAL,123.9,11,ask
2026-07-02 20:58:07.915934,21089164,4785658,ASML_DUAL,123.6,11,bid
2026-07-02 20:58:08.578125,21089262,4785684,ASML_DUAL,123.6,11,bid
2026-07-02 20:58:11.079098,21089478,4785731,ASML_DUAL,123.3,23,bid
2026-07-02 20:58:12.217314,21089575,4785758,ASML_DUAL,123.3,12,bid
2026-07-02 20:58:14.251518,21089727,4785800,ASML_DUAL,123.6,23,ask
2026-07-02 20:58:18.686227,21090112,4785892,ASML_DUAL,123.5,23,bid
2026-07-02 20:58:22.572554,21090452,4785977,ASML_DUAL,123.3,11,bid
2026-07-02 20:58:30.523261,21091120,4786151,ASML_DUAL,123.0,3,bid
2026-07-02 20:58:42.744677,21092096,4786367,ASML_DUAL,122.6,3,bid
2026-07-02 20:58:52.255479,21092928,4786601,ASML_DUAL,122.5,11,bid
2026-07-02 20:58:54.069952,21093085,4786655,ASML_DUAL,122.5,12,bid
2026-07-02 20:59:02.528905,21093801,4786828,ASML_DUAL,122.4,11,bid
2026-07-02 20:59:19.064970,21095197,4787198,ASML_DUAL,122.8,12,bid
2026-07-02 20:59:26.989646,21095880,4787353,ASML_DUAL,123.3,12,ask
2026-07-02 20:59:28.136063,21095981,4787374,ASML_DUAL,123.3,1,ask
2026-07-02 20:59:30.869828,21096207,4787430,ASML_DUAL,123.4,22,ask
2026-07-02 20:59:33.365546,21096436,4787482,ASML_DUAL,123.6,11,ask
2026-07-02 20:59:33.511871,21096454,4787489,ASML_DUAL,123.6,3,ask
2026-07-02 20:59:52.191071,21097985,4787836,ASML_DUAL,123.9,3,ask
2026-07-02 20:59:59.446339,21098607,4787993,ASML_DUAL,123.8,3,bid
2026-07-02 21:00:08.906880,21099381,4788177,ASML_DUAL,123.6,3,bid
2026-07-02 21:00:10.347711,21099511,4788206,ASML_DUAL,123.6,11,bid
2026-07-02 21:00:12.834753,21099727,4788273,ASML_DUAL,123.6,12,bid
2026-07-02 21:00:20.711879,21100385,4788429,ASML_DUAL,123.8,8,bid
2026-07-02 21:00:28.618508,21101113,4788632,ASML_DUAL,124.2,9,ask
2026-07-02 21:00:28.618508,21101113,4788633,ASML_DUAL,124.2,11,ask
2026-07-02 21:00:29.923186,21101197,4788653,ASML_DUAL,124.2,14,ask
2026-07-02 21:00:30.387119,21101243,4788670,ASML_DUAL,123.7,10,bid
2026-07-02 21:00:30.396374,21101246,4788672,ASML_DUAL,123.7,16,bid
2026-07-02 21:00:31.196854,21101303,4788687,ASML_DUAL,123.7,11,bid
2026-07-02 21:00:36.712223,21101785,4788778,ASML_DUAL,123.6,3,bid
2026-07-02 21:00:39.776791,21102025,4788822,ASML_DUAL,123.6,3,ask
2026-07-02 21:00:40.254769,21102076,4788841,ASML_DUAL,123.4,12,bid
2026-07-02 21:00:41.757400,21102190,4788872,ASML_DUAL,123.4,11,bid
2026-07-02 21:00:46.520290,21102575,4788966,ASML_DUAL,123.6,11,ask
2026-07-02 21:00:46.944806,21102629,4788977,ASML_DUAL,123.6,12,ask
2026-07-02 21:00:53.494970,21103169,4789133,ASML_DUAL,123.6,11,ask
2026-07-02 21:00:54.804747,21103264,4789148,ASML_DUAL,123.6,12,ask
2026-07-02 21:00:58.851040,21103614,4789221,ASML_DUAL,123.5,2,bid
2026-07-02 21:00:59.064896,21103622,4789224,ASML_DUAL,123.5,3,bid
2026-07-02 21:00:59.286965,21103637,4789232,ASML_DUAL,123.5,3,bid
2026-07-02 21:00:59.571046,21103674,4789243,ASML_DUAL,123.5,3,bid
2026-07-02 21:01:00.059849,21103733,4789263,ASML_DUAL,123.5,12,bid
2026-07-02 21:01:02.011163,21103882,4789311,ASML_DUAL,123.2,2,bid
2026-07-02 21:01:02.407201,21103921,4789321,ASML_DUAL,123.2,10,bid
2026-07-02 21:01:05.969016,21104229,4789391,ASML_DUAL,123.0,11,bid
2026-07-02 21:01:05.981313,21104233,4789393,ASML_DUAL,123.0,1,bid
2026-07-02 21:01:06.032560,21104244,4789395,ASML_DUAL,123.0,2,bid
2026-07-02 21:01:06.086641,21104249,4789397,ASML_DUAL,123.0,1,bid
2026-07-02 21:01:06.195221,21104254,4789399,ASML_DUAL,123.0,2,bid
2026-07-02 21:01:06.801569,21104325,4789424,ASML_DUAL,123.0,2,bid
2026-07-02 21:01:07.245185,21104366,4789435,ASML_DUAL,123.0,3,bid
2026-07-02 21:01:14.616806,21104969,4789578,ASML_DUAL,123.2,11,ask
2026-07-02 21:01:25.013276,21105828,4789774,ASML_DUAL,123.4,4,bid
2026-07-02 21:01:25.013276,21105828,4789775,ASML_DUAL,123.4,7,bid
2026-07-02 21:01:27.273184,21106018,4789829,ASML_DUAL,123.4,11,ask
2026-07-02 21:01:39.986991,21107103,4790094,ASML_DUAL,123.3,11,bid
2026-07-02 21:01:58.108679,21108673,4790538,ASML_DUAL,123.3,11,ask
2026-07-02 21:01:58.967099,21108732,4790557,ASML_DUAL,123.0,23,bid
2026-07-02 21:02:05.639098,21109305,4790691,ASML_DUAL,123.3,12,ask
2026-07-02 21:02:06.963269,21109430,4790725,ASML_DUAL,123.3,22,ask
2026-07-02 21:02:08.460561,21109551,4790765,ASML_DUAL,123.3,11,bid
2026-07-02 21:02:09.590029,21109668,4790789,ASML_DUAL,123.3,11,bid
2026-07-02 21:02:24.040930,21110897,4791100,ASML_DUAL,123.6,11,ask
2026-07-02 21:02:26.659538,21111114,4791143,ASML_DUAL,123.7,4,bid
2026-07-02 21:02:27.959486,21111242,4791178,ASML_DUAL,123.8,4,ask
2026-07-02 21:02:30.741873,21111471,4791221,ASML_DUAL,123.7,11,bid
2026-07-02 21:02:33.459532,21111684,4791281,ASML_DUAL,123.8,4,bid
2026-07-02 21:02:33.644994,21111700,4791285,ASML_DUAL,123.8,4,bid
2026-07-02 21:02:33.765572,21111723,4791289,ASML_DUAL,124.1,5,ask
2026-07-02 21:02:33.774642,21111725,4791291,ASML_DUAL,124.1,3,ask
2026-07-02 21:02:35.815178,21111911,4791333,ASML_DUAL,124.1,11,ask
2026-07-02 21:02:36.515122,21111969,4791357,ASML_DUAL,124.1,1,ask
2026-07-02 21:02:40.475102,21112306,4791428,ASML_DUAL,124.3,10,ask
2026-07-02 21:02:51.384474,21113216,4791639,ASML_DUAL,124.5,11,bid
2026-07-02 21:02:51.559637,21113242,4791642,ASML_DUAL,124.4,3,bid
2026-07-02 21:02:52.861202,21113355,4791665,ASML_DUAL,124.4,1,bid
2026-07-02 21:02:56.243073,21113630,4791725,ASML_DUAL,124.2,7,bid
2026-07-02 21:02:56.802086,21113682,4791736,ASML_DUAL,124.2,12,bid
2026-07-02 21:02:58.109440,21113792,4791768,ASML_DUAL,124.2,11,bid
2026-07-02 21:02:59.837885,21113951,4791803,ASML_DUAL,124.1,6,ask
2026-07-02 21:02:59.874655,21113956,4791805,ASML_DUAL,124.1,5,ask
2026-07-02 21:03:05.973193,21114459,4791941,ASML_DUAL,124.0,11,bid
2026-07-02 21:03:07.283254,21114558,4791961,ASML_DUAL,124.0,6,bid
2026-07-02 21:03:13.871701,21115123,4792120,ASML_DUAL,124.1,6,ask
2026-07-02 21:03:16.490260,21115365,4792165,ASML_DUAL,124.1,6,bid
2026-07-02 21:03:18.059518,21115488,4792187,ASML_DUAL,124.5,29,ask
2026-07-02 21:03:19.518280,21115605,4792216,ASML_DUAL,124.3,4,bid
2026-07-02 21:03:19.633830,21115613,4792218,ASML_DUAL,124.3,4,bid
2026-07-02 21:03:27.733186,21116310,4792385,ASML_DUAL,124.3,4,bid
2026-07-02 21:03:33.516037,21116799,4792502,ASML_DUAL,124.4,12,ask
2026-07-02 21:03:33.818206,21116836,4792508,ASML_DUAL,124.5,11,ask
2026-07-02 21:03:37.454091,21117120,4792595,ASML_DUAL,124.5,11,ask
2026-07-02 21:03:40.149296,21117346,4792654,ASML_DUAL,124.7,12,ask
2026-07-02 21:03:45.346716,21117776,4792756,ASML_DUAL,124.8,11,ask
2026-07-02 21:03:59.192531,21118931,4793048,ASML_DUAL,124.3,34,bid
2026-07-02 21:04:05.037632,21119411,4793170,ASML_DUAL,124.3,11,bid
2026-07-02 21:04:16.835853,21120395,4793360,ASML_DUAL,124.2,12,bid
2026-07-02 21:04:33.893401,21121817,4793686,ASML_DUAL,124.1,11,bid
2026-07-02 21:04:37.143046,21122087,4793770,ASML_DUAL,124.4,23,ask
2026-07-02 21:04:39.151957,21122271,4793808,ASML_DUAL,124.4,11,ask
2026-07-02 21:04:43.092577,21122608,4793900,ASML_DUAL,124.4,8,bid
2026-07-02 21:04:43.092577,21122608,4793901,ASML_DUAL,124.4,3,bid
2026-07-02 21:04:43.472133,21122642,4793910,ASML_DUAL,124.7,5,ask
2026-07-02 21:04:43.481172,21122644,4793912,ASML_DUAL,124.7,6,ask
2026-07-02 21:04:43.991283,21122683,4793917,ASML_DUAL,124.7,11,ask
2026-07-02 21:04:44.404547,21122725,4793929,ASML_DUAL,124.7,12,ask
2026-07-02 21:04:50.959565,21123267,4794068,ASML_DUAL,124.8,11,ask
2026-07-02 21:04:54.232970,21123553,4794133,ASML_DUAL,124.7,11,bid
2026-07-02 21:04:59.371837,21123996,4794265,ASML_DUAL,125.0,1,ask
2026-07-02 21:05:00.148411,21124057,4794281,ASML_DUAL,125.1,6,ask
2026-07-02 21:05:00.397497,21124082,4794287,ASML_DUAL,125.0,1,ask
2026-07-02 21:05:01.459796,21124174,4794307,ASML_DUAL,125.0,3,ask
2026-07-02 21:05:02.546300,21124261,4794323,ASML_DUAL,124.8,11,bid
2026-07-02 21:05:02.725624,21124282,4794333,ASML_DUAL,124.8,12,bid
2026-07-02 21:05:03.918289,21124380,4794353,ASML_DUAL,124.8,11,bid
2026-07-02 21:05:18.609555,21125636,4794674,ASML_DUAL,124.7,11,bid
2026-07-02 21:05:28.830870,21126512,4794853,ASML_DUAL,124.7,3,ask
2026-07-02 21:05:38.160463,21127285,4795052,ASML_DUAL,124.8,15,bid
2026-07-02 21:05:55.219212,21128747,4795400,ASML_DUAL,124.6,11,bid
2026-07-02 21:05:59.490302,21129106,4795484,ASML_DUAL,124.3,6,bid
2026-07-02 21:06:12.139076,21130144,4795747,ASML_DUAL,125.0,6,ask
2026-07-02 21:06:12.269944,21130157,4795750,ASML_DUAL,125.0,23,ask
2026-07-02 21:06:18.490595,21130716,4795894,ASML_DUAL,125.5,22,ask
2026-07-02 21:06:18.830847,21130737,4795904,ASML_DUAL,125.5,12,ask
2026-07-02 21:06:20.144175,21130849,4795933,ASML_DUAL,125.5,11,ask
2026-07-02 21:06:21.649296,21130995,4795964,ASML_DUAL,125.2,11,bid
2026-07-02 21:06:25.397878,21131297,4796039,ASML_DUAL,125.4,11,ask
2026-07-02 21:06:27.970283,21131522,4796107,ASML_DUAL,125.5,11,bid
2026-07-02 21:06:31.759444,21131845,4796195,ASML_DUAL,125.7,23,ask
2026-07-02 21:06:37.461873,21132303,4796301,ASML_DUAL,125.9,11,ask
2026-07-02 21:06:37.795881,21132333,4796308,ASML_DUAL,125.9,3,ask
2026-07-02 21:06:51.085366,21133483,4796587,ASML_DUAL,125.7,3,bid
2026-07-02 21:06:54.302957,21133763,4796668,ASML_DUAL,125.6,11,bid
2026-07-02 21:07:02.751958,21134467,4796859,ASML_DUAL,125.6,12,bid
2026-07-02 21:07:03.501236,21134533,4796876,ASML_DUAL,125.6,11,bid
2026-07-02 21:07:09.076353,21135000,4797004,ASML_DUAL,125.3,12,bid
2026-07-02 21:07:09.246821,21135022,4797008,ASML_DUAL,125.3,11,bid
2026-07-02 21:07:21.735498,21136069,4797274,ASML_DUAL,124.9,34,bid
2026-07-02 21:07:29.735839,21136735,4797445,ASML_DUAL,124.8,6,bid
2026-07-02 21:07:45.475340,21138068,4797803,ASML_DUAL,124.7,17,ask
2026-07-02 21:07:47.029280,21138199,4797836,ASML_DUAL,124.8,11,bid
2026-07-02 21:07:55.959509,21138945,4798052,ASML_DUAL,124.7,2,ask
2026-07-02 21:07:56.368585,21138973,4798057,ASML_DUAL,124.7,2,ask
2026-07-02 21:07:56.469976,21138992,4798061,ASML_DUAL,124.8,19,ask
2026-07-02 21:08:03.041964,21139554,4798210,ASML_DUAL,125.2,11,ask
2026-07-02 21:08:12.282825,21140325,4798410,ASML_DUAL,125.4,11,ask
2026-07-02 21:08:13.424147,21140433,4798444,ASML_DUAL,125.4,12,ask
2026-07-02 21:08:19.585647,21140957,4798578,ASML_DUAL,125.4,12,bid
2026-07-02 21:08:27.970588,21141636,4798728,ASML_DUAL,125.5,11,ask
2026-07-02 21:08:28.139642,21141652,4798732,ASML_DUAL,125.3,11,bid
2026-07-02 21:08:30.079710,21141820,4798781,ASML_DUAL,125.3,11,bid
2026-07-02 21:08:34.459447,21142192,4798865,ASML_DUAL,124.9,23,bid
2026-07-02 21:08:36.449085,21142340,4798906,ASML_DUAL,124.9,11,bid
2026-07-02 21:08:41.316502,21142765,4799011,ASML_DUAL,125.1,11,ask
2026-07-02 21:08:43.220295,21142909,4799042,ASML_DUAL,125.1,12,ask
2026-07-02 21:08:47.080837,21143228,4799116,ASML_DUAL,125.3,11,ask
2026-07-02 21:08:48.470974,21143365,4799158,ASML_DUAL,125.3,23,ask
2026-07-02 21:08:49.786366,21143478,4799189,ASML_DUAL,125.3,11,ask
2026-07-02 21:08:50.292444,21143502,4799202,ASML_DUAL,125.1,11,bid
2026-07-02 21:09:05.523121,21144834,4799546,ASML_DUAL,125.2,12,bid
2026-07-02 21:09:06.131983,21144876,4799566,ASML_DUAL,125.1,11,bid
2026-07-02 21:09:23.675161,21146426,4799983,ASML_DUAL,125.1,11,ask
2026-07-02 21:09:29.135554,21146867,4800099,ASML_DUAL,125.1,11,bid
2026-07-02 21:09:39.415308,21147706,4800304,ASML_DUAL,125.1,11,ask
2026-07-02 21:09:46.175316,21148273,4800454,ASML_DUAL,125.2,12,ask
2026-07-02 21:09:59.859524,21149386,4800702,ASML_DUAL,125.3,11,ask
2026-07-02 21:09:59.990521,21149409,4800705,ASML_DUAL,125.3,12,ask
2026-07-02 21:10:06.259564,21149965,4800867,ASML_DUAL,125.3,12,bid
2026-07-02 21:10:12.581029,21150507,4801029,ASML_DUAL,124.6,45,bid
2026-07-02 21:10:20.244220,21151132,4801179,ASML_DUAL,124.9,12,bid
2026-07-02 21:10:25.500706,21151569,4801296,ASML_DUAL,124.9,11,bid
2026-07-02 21:10:28.122725,21151802,4801355,ASML_DUAL,124.9,6,bid
2026-07-02 21:10:50.571895,21153707,4801856,ASML_DUAL,125.4,1,ask
2026-07-02 21:10:50.581305,21153710,4801858,ASML_DUAL,125.4,16,ask
2026-07-02 21:10:50.859411,21153741,4801867,ASML_DUAL,125.4,12,ask
2026-07-02 21:10:54.321689,21154033,4801939,ASML_DUAL,125.5,11,ask
2026-07-02 21:10:55.687382,21154146,4801969,ASML_DUAL,125.7,11,bid
2026-07-02 21:10:56.866782,21154250,4801999,ASML_DUAL,125.9,11,ask
2026-07-02 21:10:56.995806,21154267,4802002,ASML_DUAL,125.9,11,ask
2026-07-02 21:10:58.138366,21154366,4802027,ASML_DUAL,125.9,1,ask
2026-07-02 21:10:59.617173,21154484,4802058,ASML_DUAL,125.9,11,ask
2026-07-02 21:11:00.069865,21154518,4802065,ASML_DUAL,125.6,12,bid
2026-07-02 21:11:00.921539,21154596,4802083,ASML_DUAL,125.6,11,bid
2026-07-02 21:11:01.808927,21154684,4802100,ASML_DUAL,125.6,11,bid
2026-07-02 21:11:03.238563,21154796,4802131,ASML_DUAL,126.0,22,ask
2026-07-02 21:11:09.512052,21155332,4802251,ASML_DUAL,126.1,12,ask
2026-07-02 21:11:28.546784,21156924,4802620,ASML_DUAL,125.3,50,bid
2026-07-02 21:11:29.787547,21157040,4802651,ASML_DUAL,125.6,1,ask
2026-07-02 21:11:29.890363,21157053,4802657,ASML_DUAL,125.6,1,ask
2026-07-02 21:11:29.963536,21157059,4802660,ASML_DUAL,125.6,1,ask
2026-07-02 21:11:30.630951,21157099,4802670,ASML_DUAL,125.6,1,ask
2026-07-02 21:11:30.673471,21157103,4802672,ASML_DUAL,125.6,1,ask
2026-07-02 21:11:30.707691,21157111,4802675,ASML_DUAL,125.6,1,ask
2026-07-02 21:11:30.788959,21157126,4802679,ASML_DUAL,125.6,1,ask
2026-07-02 21:11:30.824147,21157136,4802681,ASML_DUAL,125.6,1,ask
2026-07-02 21:11:30.859245,21157143,4802684,ASML_DUAL,125.6,1,ask
2026-07-02 21:11:30.897808,21157147,4802686,ASML_DUAL,125.6,1,ask
2026-07-02 21:11:30.943463,21157152,4802689,ASML_DUAL,125.6,1,ask
2026-07-02 21:11:30.977351,21157155,4802691,ASML_DUAL,125.6,1,ask
2026-07-02 21:11:31.021141,21157159,4802693,ASML_DUAL,125.6,1,ask
2026-07-02 21:11:34.867777,21157480,4802763,ASML_DUAL,125.4,9,bid
2026-07-02 21:11:35.059604,21157509,4802767,ASML_DUAL,125.4,11,bid
2026-07-02 21:11:36.360868,21157627,4802796,ASML_DUAL,125.4,6,bid
2026-07-02 21:11:40.296621,21157961,4802880,ASML_DUAL,125.5,1,ask
2026-07-02 21:11:40.296621,21157961,4802881,ASML_DUAL,125.5,5,ask
2026-07-02 21:11:47.479022,21158604,4803079,ASML_DUAL,126.0,11,ask
2026-07-02 21:11:53.855750,21159173,4803222,ASML_DUAL,126.6,50,ask
2026-07-02 21:11:58.642308,21159574,4803341,ASML_DUAL,126.4,4,bid
2026-07-02 21:11:59.517753,21159648,4803361,ASML_DUAL,126.3,1,bid
2026-07-02 21:12:03.373216,21159968,4803446,ASML_DUAL,126.3,6,bid
2026-07-02 21:12:05.700797,21160174,4803501,ASML_DUAL,126.3,2,bid
2026-07-02 21:12:09.213956,21160475,4803579,ASML_DUAL,126.4,2,bid
2026-07-02 21:12:09.502463,21160495,4803583,ASML_DUAL,126.4,1,bid
2026-07-02 21:12:11.759517,21160702,4803654,ASML_DUAL,126.6,12,ask
2026-07-02 21:12:11.938513,21160721,4803657,ASML_DUAL,126.6,11,ask
2026-07-02 21:12:19.100846,21161309,4803807,ASML_DUAL,126.5,12,ask
2026-07-02 21:12:23.445089,21161708,4803916,ASML_DUAL,126.3,11,ask
2026-07-02 21:12:24.878718,21161831,4803954,ASML_DUAL,126.3,3,ask
2026-07-02 21:12:25.492078,21161897,4803981,ASML_DUAL,125.8,37,bid
2026-07-02 21:12:31.445178,21162400,4804115,ASML_DUAL,125.9,11,ask
2026-07-02 21:12:57.077023,21164563,4804609,ASML_DUAL,126.0,12,ask
2026-07-02 21:13:03.473777,21165125,4804745,ASML_DUAL,125.9,12,bid
2026-07-02 21:13:08.110547,21165520,4804854,ASML_DUAL,125.8,2,ask
2026-07-02 21:13:08.141403,21165525,4804856,ASML_DUAL,125.8,2,ask
2026-07-02 21:13:09.803154,21165663,4804906,ASML_DUAL,125.3,38,bid
2026-07-02 21:13:10.133975,21165705,4804917,ASML_DUAL,125.3,11,bid
2026-07-02 21:13:21.203651,21166644,4805156,ASML_DUAL,125.6,11,ask
2026-07-02 21:13:22.446119,21166739,4805191,ASML_DUAL,125.3,11,bid
2026-07-02 21:13:26.455575,21167068,4805282,ASML_DUAL,125.4,12,bid
2026-07-02 21:13:40.707932,21168200,4805545,ASML_DUAL,125.3,12,ask
2026-07-02 21:13:40.864753,21168212,4805548,ASML_DUAL,125.3,11,ask
2026-07-02 21:13:44.726899,21168540,4805616,ASML_DUAL,125.7,4,ask
2026-07-02 21:13:44.785540,21168548,4805618,ASML_DUAL,125.7,7,ask
2026-07-02 21:13:51.348426,21169117,4805748,ASML_DUAL,125.7,12,ask
2026-07-02 21:13:54.075398,21169334,4805808,ASML_DUAL,126.2,37,ask
2026-07-02 21:13:54.277355,21169361,4805815,ASML_DUAL,125.9,3,bid
2026-07-02 21:13:55.283727,21169441,4805832,ASML_DUAL,125.9,1,bid
2026-07-02 21:13:55.313024,21169445,4805834,ASML_DUAL,125.9,3,bid
2026-07-02 21:13:55.759355,21169500,4805849,ASML_DUAL,125.9,3,bid
2026-07-02 21:13:55.794673,21169505,4805851,ASML_DUAL,125.9,3,bid
2026-07-02 21:13:56.109563,21169537,4805859,ASML_DUAL,125.9,3,bid
2026-07-02 21:13:56.138651,21169541,4805861,ASML_DUAL,125.9,3,bid
2026-07-02 21:13:56.282356,21169548,4805864,ASML_DUAL,125.9,3,bid
2026-07-02 21:13:56.314713,21169552,4805866,ASML_DUAL,125.9,3,bid
2026-07-02 21:13:56.377729,21169561,4805870,ASML_DUAL,125.9,1,bid
2026-07-02 21:14:00.521746,21169909,4805967,ASML_DUAL,125.8,12,ask
2026-07-02 21:14:06.991237,21170455,4806099,ASML_DUAL,126.1,11,ask
2026-07-02 21:14:13.659378,21171015,4806245,ASML_DUAL,126.1,3,ask
2026-07-02 21:14:18.887433,21171444,4806370,ASML_DUAL,126.3,3,bid
2026-07-02 21:14:21.518287,21171686,4806439,ASML_DUAL,126.3,23,bid
2026-07-02 21:14:22.724230,21171790,4806471,ASML_DUAL,126.0,11,bid
2026-07-02 21:14:25.678238,21172040,4806541,ASML_DUAL,126.1,11,ask
2026-07-02 21:14:28.075085,21172245,4806604,ASML_DUAL,126.1,12,ask
2026-07-02 21:14:32.388348,21172594,4806685,ASML_DUAL,126.2,11,ask
2026-07-02 21:14:33.331750,21172672,4806708,ASML_DUAL,126.2,3,ask
2026-07-02 21:14:38.477904,21173102,4806829,ASML_DUAL,125.7,3,bid
2026-07-02 21:14:38.562807,21173114,4806832,ASML_DUAL,125.7,11,bid
2026-07-02 21:14:38.587704,21173118,4806834,ASML_DUAL,125.6,12,bid
2026-07-02 21:14:50.349101,21174078,4807065,ASML_DUAL,125.6,10,ask
2026-07-02 21:14:51.059384,21174144,4807081,ASML_DUAL,125.4,1,bid
2026-07-02 21:14:51.659417,21174210,4807104,ASML_DUAL,125.4,20,bid
2026-07-02 21:14:55.434814,21174521,4807168,ASML_DUAL,125.4,11,ask
2026-07-02 21:15:04.817569,21175310,4807385,ASML_DUAL,125.5,5,ask
2026-07-02 21:15:13.995801,21176092,4807560,ASML_DUAL,125.6,18,ask
2026-07-02 21:15:16.359510,21176306,4807619,ASML_DUAL,125.3,23,bid
2026-07-02 21:15:23.159513,21176885,4807777,ASML_DUAL,125.5,23,bid
2026-07-02 21:15:30.541197,21177537,4807937,ASML_DUAL,125.6,11,bid
2026-07-02 21:15:31.016673,21177563,4807948,ASML_DUAL,125.6,11,bid
2026-07-02 21:15:32.191123,21177665,4807975,ASML_DUAL,125.9,11,ask
2026-07-02 21:15:32.340466,21177684,4807978,ASML_DUAL,125.9,11,ask
2026-07-02 21:15:35.297555,21177925,4808026,ASML_DUAL,126.2,12,ask
2026-07-02 21:15:38.891635,21178209,4808077,ASML_DUAL,126.2,11,ask
2026-07-02 21:15:45.077936,21178702,4808170,ASML_DUAL,126.3,12,ask
2026-07-02 21:15:52.334363,21179307,4808285,ASML_DUAL,126.4,11,ask
2026-07-02 21:15:54.459572,21179487,4808330,ASML_DUAL,126.7,3,ask
2026-07-02 21:16:07.439748,21180509,4808555,ASML_DUAL,126.2,3,bid
2026-07-02 21:16:09.059448,21180666,4808596,ASML_DUAL,126.2,11,bid
2026-07-02 21:16:10.081671,21180743,4808621,ASML_DUAL,126.5,11,ask
2026-07-02 21:16:10.370722,21180765,4808629,ASML_DUAL,126.5,3,ask
2026-07-02 21:16:13.293557,21181018,4808692,ASML_DUAL,126.3,3,bid
2026-07-02 21:16:29.809544,21182315,4808983,ASML_DUAL,126.4,11,bid
2026-07-02 21:16:30.059549,21182335,4808987,ASML_DUAL,126.4,12,bid
2026-07-02 21:16:31.381245,21182443,4809027,ASML_DUAL,126.4,11,bid
2026-07-02 21:16:32.321851,21182533,4809052,ASML_DUAL,126.6,11,ask
2026-07-02 21:16:35.864367,21182850,4809140,ASML_DUAL,126.3,23,bid
2026-07-02 21:16:41.859736,21183344,4809275,ASML_DUAL,126.4,11,bid
2026-07-02 21:16:57.575969,21184670,4809588,ASML_DUAL,125.6,23,bid
2026-07-02 21:16:57.667056,21184684,4809592,ASML_DUAL,125.6,11,bid
2026-07-02 21:17:04.124428,21185217,4809726,ASML_DUAL,125.7,6,bid
2026-07-02 21:17:08.059587,21185538,4809827,ASML_DUAL,125.8,6,ask
2026-07-02 21:17:13.338213,21185961,4809936,ASML_DUAL,126.1,11,ask
2026-07-02 21:17:14.642693,21186115,4809962,ASML_DUAL,126.1,12,ask
2026-07-02 21:17:14.652505,21186117,4809964,ASML_DUAL,126.1,11,ask
2026-07-02 21:17:16.559467,21186267,4810011,ASML_DUAL,125.8,2,bid
2026-07-02 21:17:16.568782,21186269,4810013,ASML_DUAL,125.8,9,bid
2026-07-02 21:17:26.306351,21187105,4810195,ASML_DUAL,126.2,11,ask
2026-07-02 21:17:27.733358,21187211,4810221,ASML_DUAL,126.2,23,ask
2026-07-02 21:17:35.473690,21187894,4810411,ASML_DUAL,126.4,11,ask
2026-07-02 21:17:35.606245,21187904,4810415,ASML_DUAL,126.4,12,ask
2026-07-02 21:17:43.751301,21188578,4810585,ASML_DUAL,126.2,5,ask
2026-07-02 21:17:44.059498,21188596,4810588,ASML_DUAL,126.2,5,ask
2026-07-02 21:17:44.288918,21188615,4810589,ASML_DUAL,126.2,1,ask
2026-07-02 21:17:52.682995,21189308,4810775,ASML_DUAL,126.1,11,bid
2026-07-02 21:17:54.514714,21189448,4810818,ASML_DUAL,125.8,35,bid
2026-07-02 21:18:00.847317,21190008,4810965,ASML_DUAL,125.6,22,bid
2026-07-02 21:18:02.064722,21190118,4811000,ASML_DUAL,125.8,2,ask
2026-07-02 21:18:04.889937,21190372,4811062,ASML_DUAL,125.7,3,ask
2026-07-02 21:18:05.145174,21190385,4811067,ASML_DUAL,125.7,3,ask
2026-07-02 21:18:05.182276,21190389,4811069,ASML_DUAL,125.7,3,ask
2026-07-02 21:18:05.790854,21190433,4811080,ASML_DUAL,125.7,2,ask
2026-07-02 21:18:05.859681,21190439,4811084,ASML_DUAL,125.7,2,ask
2026-07-02 21:18:05.958899,21190449,4811088,ASML_DUAL,125.7,2,ask
2026-07-02 21:18:06.059599,21190464,4811091,ASML_DUAL,125.7,2,ask
2026-07-02 21:18:07.492798,21190616,4811137,ASML_DUAL,125.5,8,bid
2026-07-02 21:18:19.395444,21191606,4811360,ASML_DUAL,125.5,2,ask
2026-07-02 21:18:19.771534,21191628,4811368,ASML_DUAL,125.6,21,ask
2026-07-02 21:18:21.261066,21191780,4811409,ASML_DUAL,125.6,11,ask
2026-07-02 21:18:22.485230,21191873,4811430,ASML_DUAL,125.6,12,ask
2026-07-02 21:18:24.139940,21192005,4811468,ASML_DUAL,125.5,12,bid
2026-07-02 21:18:33.359545,21192756,4811627,ASML_DUAL,125.2,9,bid
2026-07-02 21:18:33.370030,21192758,4811629,ASML_DUAL,125.4,2,bid
2026-07-02 21:18:35.836798,21192966,4811668,ASML_DUAL,125.5,11,ask
2026-07-02 21:18:45.124041,21193743,4811838,ASML_DUAL,125.0,45,bid
2026-07-02 21:18:49.080885,21194094,4811957,ASML_DUAL,125.1,11,ask
2026-07-02 21:18:56.408929,21194718,4812123,ASML_DUAL,124.8,11,bid
2026-07-02 21:18:57.778910,21194824,4812147,ASML_DUAL,124.6,12,bid
2026-07-02 21:19:00.036596,21195011,4812198,ASML_DUAL,124.6,11,bid
2026-07-02 21:19:12.670753,21196078,4812464,ASML_DUAL,124.8,23,ask
2026-07-02 21:19:16.759499,21196450,4812566,ASML_DUAL,125.1,22,ask
2026-07-02 21:19:16.956791,21196482,4812576,ASML_DUAL,125.1,12,ask
2026-07-02 21:19:29.723852,21197520,4812840,ASML_DUAL,125.2,11,ask
2026-07-02 21:19:30.259508,21197569,4812849,ASML_DUAL,125.2,12,ask
2026-07-02 21:19:40.209281,21198414,4813054,ASML_DUAL,124.9,14,ask
2026-07-02 21:19:42.827438,21198622,4813120,ASML_DUAL,124.9,14,bid
2026-07-02 21:19:49.389268,21199186,4813266,ASML_DUAL,124.9,11,ask
2026-07-02 21:19:50.698475,21199292,4813292,ASML_DUAL,124.9,3,ask
2026-07-02 21:20:01.204381,21200160,4813507,ASML_DUAL,125.0,3,bid
2026-07-02 21:20:03.821303,21200391,4813577,ASML_DUAL,125.0,11,bid
