recv_time,book_timestamp,n_bids,n_asks,mid,spread,bid_px_0,bid_vol_0,bid_px_1,bid_vol_1,bid_px_2,bid_vol_2,bid_px_3,bid_vol_3,bid_px_4,bid_vol_4,bid_px_5,bid_vol_5,bid_px_6,bid_vol_6,bid_px_7,bid_vol_7,bid_px_8,bid_vol_8,bid_px_9,bid_vol_9,ask_px_0,ask_vol_0,ask_px_1,ask_vol_1,ask_px_2,ask_vol_2,ask_px_3,ask_vol_3,ask_px_4,ask_vol_4,ask_px_5,ask_vol_5,ask_px_6,ask_vol_6,ask_px_7,ask_vol_7,ask_px_8,ask_vol_8,ask_px_9,ask_vol_9
2026-07-03T22:00:00.364882+00:00,2026-07-03T22:00:00.314245,2,2,119.15,0.3,119.0,50,118.8,150,,,,,,,,,,,,,,,,,119.3,150,119.5,100,,,,,,,,,,,,,,,,
2026-07-03T22:00:00.583398+00:00,2026-07-03T22:00:00.592835,2,1,119.25,0.5,119.0,50,118.8,150,,,,,,,,,,,,,,,,,119.5,100,,,,,,,,,,,,,,,,,,
2026-07-03T22:00:00.667022+00:00,2026-07-03T22:00:00.647394,2,1,119.25,0.5,119.0,50,118.9,150,,,,,,,,,,,,,,,,,119.5,100,,,,,,,,,,,,,,,,,,
2026-07-03T22:00:00.727387+00:00,2026-07-03T22:00:00.702932,2,2,119.2,0.4,119.0,2,118.9,150,,,,,,,,,,,,,,,,,119.4,150,119.5,100,,,,,,,,,,,,,,,,
2026-07-03T22:00:02.333243+00:00,2026-07-03T22:00:02.333091,1,1,119.15,0.5,118.9,150,,,,,,,,,,,,,,,,,,,119.4,150,,,,,,,,,,,,,,,,,,
2026-07-03T22:00:02.378448+00:00,2026-07-03T22:00:02.378307,1,1,119.15,0.5,118.9,150,,,,,,,,,,,,,,,,,,,119.4,100,,,,,,,,,,,,,,,,,,
2026-07-03T22:00:02.383554+00:00,2026-07-03T22:00:02.383474,2,1,119.15,0.5,118.9,150,118.8,100,,,,,,,,,,,,,,,,,119.4,100,,,,,,,,,,,,,,,,,,
2026-07-03T22:00:02.439903+00:00,2026-07-03T22:00:02.439815,2,2,119.1,0.4,118.9,150,118.8,100,,,,,,,,,,,,,,,,,119.3,100,119.4,100,,,,,,,,,,,,,,,,
2026-07-03T22:00:03.765243+00:00,2026-07-03T22:00:03.765122,1,1,119.05,0.5,118.8,100,,,,,,,,,,,,,,,,,,,119.3,100,,,,,,,,,,,,,,,,,,
2026-07-03T22:00:03.817546+00:00,2026-07-03T22:00:03.817713,2,1,119.15,0.3,119.0,150,118.8,100,,,,,,,,,,,,,,,,,119.3,100,,,,,,,,,,,,,,,,,,
2026-07-03T22:00:03.827227+00:00,2026-07-03T22:00:03.821732,2,1,119.15,0.3,119.0,138,118.8,100,,,,,,,,,,,,,,,,,119.3,100,,,,,,,,,,,,,,,,,,
2026-07-03T22:00:03.874865+00:00,2026-07-03T22:00:03.874943,2,2,119.15,0.3,119.0,138,118.8,100,,,,,,,,,,,,,,,,,119.3,100,119.5,150,,,,,,,,,,,,,,,,
2026-07-03T22:00:04.484499+00:00,2026-07-03T22:00:04.484439,2,2,119.15,0.3,119.0,138,118.8,100,,,,,,,,,,,,,,,,,119.3,50,119.5,150,,,,,,,,,,,,,,,,
2026-07-03T22:00:05.493781+00:00,2026-07-03T22:00:05.493663,1,1,119.25,0.5,119.0,138,,,,,,,,,,,,,,,,,,,119.5,150,,,,,,,,,,,,,,,,,,
2026-07-03T22:00:05.549037+00:00,2026-07-03T22:00:05.548988,2,1,119.25,0.5,119.0,138,118.9,100,,,,,,,,,,,,,,,,,119.5,150,,,,,,,,,,,,,,,,,,
2026-07-03T22:00:05.605028+00:00,2026-07-03T22:00:05.604865,2,2,119.2,0.4,119.0,138,118.9,100,,,,,,,,,,,,,,,,,119.4,100,119.5,150,,,,,,,,,,,,,,,,
2026-07-03T22:00:06.588279+00:00,2026-07-03T22:00:06.588139,2,2,119.2,0.4,119.0,138,118.9,100,,,,,,,,,,,,,,,,,119.4,50,119.5,150,,,,,,,,,,,,,,,,
2026-07-03T22:00:06.928232+00:00,2026-07-03T22:00:06.928079,1,1,119.15,0.5,118.9,100,,,,,,,,,,,,,,,,,,,119.4,50,,,,,,,,,,,,,,,,,,
2026-07-03T22:00:06.983237+00:00,2026-07-03T22:00:06.983153,2,1,119.25,0.3,119.1,150,118.9,100,,,,,,,,,,,,,,,,,119.4,50,,,,,,,,,,,,,,,,,,
2026-07-03T22:00:07.035275+00:00,2026-07-03T22:00:07.035173,2,2,119.25,0.3,119.1,150,118.9,100,,,,,,,,,,,,,,,,,119.4,50,119.6,150,,,,,,,,,,,,,,,,
2026-07-03T22:00:07.267402+00:00,2026-07-03T22:00:07.262263,2,2,119.25,0.3,119.1,139,118.9,100,,,,,,,,,,,,,,,,,119.4,50,119.6,150,,,,,,,,,,,,,,,,
2026-07-03T22:00:08.658726+00:00,2026-07-03T22:00:08.654270,1,1,119.35,0.5,119.1,139,,,,,,,,,,,,,,,,,,,119.6,150,,,,,,,,,,,,,,,,,,
2026-07-03T22:00:08.698066+00:00,2026-07-03T22:00:08.689658,1,1,119.35,0.5,119.1,139,,,,,,,,,,,,,,,,,,,119.6,100,,,,,,,,,,,,,,,,,,
2026-07-03T22:00:08.713128+00:00,2026-07-03T22:00:08.712991,2,1,119.45,0.3,119.3,100,119.1,139,,,,,,,,,,,,,,,,,119.6,100,,,,,,,,,,,,,,,,,,
2026-07-03T22:00:08.765883+00:00,2026-07-03T22:00:08.765777,2,2,119.45,0.3,119.3,100,119.1,139,,,,,,,,,,,,,,,,,119.6,100,119.8,100,,,,,,,,,,,,,,,,
2026-07-03T22:00:09.075747+00:00,2026-07-03T22:00:09.075590,2,2,119.45,0.3,119.3,100,119.1,139,,,,,,,,,,,,,,,,,119.6,60,119.8,100,,,,,,,,,,,,,,,,
2026-07-03T22:00:09.887100+00:00,2026-07-03T22:00:09.881676,2,2,119.45,0.3,119.3,88,119.1,139,,,,,,,,,,,,,,,,,119.6,60,119.8,100,,,,,,,,,,,,,,,,
2026-07-03T22:00:10.089179+00:00,2026-07-03T22:00:10.089304,1,1,119.55,0.5,119.3,88,,,,,,,,,,,,,,,,,,,119.8,100,,,,,,,,,,,,,,,,,,
2026-07-03T22:00:10.142917+00:00,2026-07-03T22:00:10.142810,1,1,119.55,0.5,119.3,238,,,,,,,,,,,,,,,,,,,119.8,100,,,,,,,,,,,,,,,,,,
2026-07-03T22:00:10.190585+00:00,2026-07-03T22:00:10.190441,1,1,119.55,0.5,119.3,238,,,,,,,,,,,,,,,,,,,119.8,250,,,,,,,,,,,,,,,,,,
2026-07-03T22:00:10.805697+00:00,2026-07-03T22:00:10.805899,1,1,119.55,0.5,119.3,238,,,,,,,,,,,,,,,,,,,119.8,200,,,,,,,,,,,,,,,,,,
2026-07-03T22:00:11.696703+00:00,2026-07-03T22:00:11.696665,1,1,119.55,0.5,119.3,194,,,,,,,,,,,,,,,,,,,119.8,200,,,,,,,,,,,,,,,,,,
2026-07-03T22:00:11.820333+00:00,2026-07-03T22:00:11.820216,1,1,119.55,0.5,119.3,150,,,,,,,,,,,,,,,,,,,119.8,150,,,,,,,,,,,,,,,,,,
2026-07-03T22:00:11.874599+00:00,2026-07-03T22:00:11.874776,2,1,119.55,0.5,119.3,150,118.9,100,,,,,,,,,,,,,,,,,119.8,150,,,,,,,,,,,,,,,,,,
2026-07-03T22:00:11.927793+00:00,2026-07-03T22:00:11.927958,2,2,119.35,0.1,119.3,150,118.9,100,,,,,,,,,,,,,,,,,119.4,100,119.8,150,,,,,,,,,,,,,,,,
2026-07-03T22:00:12.269758+00:00,2026-07-03T22:00:12.269549,2,2,119.35,0.1,119.3,150,118.9,100,,,,,,,,,,,,,,,,,119.4,56,119.8,150,,,,,,,,,,,,,,,,
2026-07-03T22:00:12.913704+00:00,2026-07-03T22:00:12.913672,2,2,119.35,0.1,119.3,150,118.9,100,,,,,,,,,,,,,,,,,119.4,6,119.8,150,,,,,,,,,,,,,,,,
2026-07-03T22:00:13.249907+00:00,2026-07-03T22:00:13.249751,1,1,119.15,0.5,118.9,100,,,,,,,,,,,,,,,,,,,119.4,6,,,,,,,,,,,,,,,,,,
2026-07-03T22:00:13.304448+00:00,2026-07-03T22:00:13.304311,2,0,,,119.4,144,118.9,100,,,,,,,,,,,,,,,,,,,,,,,,,,,,,,,,,,,,
2026-07-03T22:00:13.358640+00:00,2026-07-03T22:00:13.351867,2,1,119.65,0.5,119.4,144,118.9,100,,,,,,,,,,,,,,,,,119.9,150,,,,,,,,,,,,,,,,,,
2026-07-03T22:00:13.810679+00:00,2026-07-03T22:00:13.805048,2,1,119.65,0.5,119.4,133,118.9,100,,,,,,,,,,,,,,,,,119.9,150,,,,,,,,,,,,,,,,,,
2026-07-03T22:00:14.981604+00:00,2026-07-03T22:00:14.981566,1,1,119.65,0.5,119.4,133,,,,,,,,,,,,,,,,,,,119.9,150,,,,,,,,,,,,,,,,,,
2026-07-03T22:00:15.022891+00:00,2026-07-03T22:00:15.022767,1,1,119.65,0.5,119.4,133,,,,,,,,,,,,,,,,,,,119.9,100,,,,,,,,,,,,,,,,,,
2026-07-03T22:00:15.035922+00:00,2026-07-03T22:00:15.035892,2,1,119.65,0.5,119.4,133,119.3,100,,,,,,,,,,,,,,,,,119.9,100,,,,,,,,,,,,,,,,,,
2026-07-03T22:00:15.088593+00:00,2026-07-03T22:00:15.088477,2,2,119.6,0.4,119.4,133,119.3,100,,,,,,,,,,,,,,,,,119.8,100,119.9,100,,,,,,,,,,,,,,,,
2026-07-03T22:00:16.419428+00:00,2026-07-03T22:00:16.409455,1,1,119.55,0.5,119.3,100,,,,,,,,,,,,,,,,,,,119.8,100,,,,,,,,,,,,,,,,,,
2026-07-03T22:00:16.471168+00:00,2026-07-03T22:00:16.470989,2,1,119.7,0.2,119.6,150,119.3,100,,,,,,,,,,,,,,,,,119.8,100,,,,,,,,,,,,,,,,,,
2026-07-03T22:00:16.523721+00:00,2026-07-03T22:00:16.523873,2,2,119.7,0.2,119.6,150,119.3,100,,,,,,,,,,,,,,,,,119.8,100,120.1,150,,,,,,,,,,,,,,,,
2026-07-03T22:00:17.230534+00:00,2026-07-03T22:00:17.230399,2,2,119.7,0.2,119.6,150,119.3,100,,,,,,,,,,,,,,,,,119.8,57,120.1,150,,,,,,,,,,,,,,,,
2026-07-03T22:00:18.142960+00:00,2026-07-03T22:00:18.143097,1,1,119.85,0.5,119.6,150,,,,,,,,,,,,,,,,,,,120.1,150,,,,,,,,,,,,,,,,,,
2026-07-03T22:00:18.197730+00:00,2026-07-03T22:00:18.197627,1,1,119.85,0.5,119.6,250,,,,,,,,,,,,,,,,,,,120.1,150,,,,,,,,,,,,,,,,,,
2026-07-03T22:00:18.258711+00:00,2026-07-03T22:00:18.252517,1,1,119.85,0.5,119.6,250,,,,,,,,,,,,,,,,,,,120.1,250,,,,,,,,,,,,,,,,,,
2026-07-03T22:00:19.286944+00:00,2026-07-03T22:00:19.286871,1,1,119.85,0.5,119.6,200,,,,,,,,,,,,,,,,,,,120.1,250,,,,,,,,,,,,,,,,,,
2026-07-03T22:00:19.574326+00:00,2026-07-03T22:00:19.574259,1,1,119.85,0.5,119.6,200,,,,,,,,,,,,,,,,,,,120.1,100,,,,,,,,,,,,,,,,,,
2026-07-03T22:00:19.579554+00:00,2026-07-03T22:00:19.579442,1,1,119.85,0.5,119.6,100,,,,,,,,,,,,,,,,,,,120.1,100,,,,,,,,,,,,,,,,,,
2026-07-03T22:00:19.632537+00:00,2026-07-03T22:00:19.632497,1,1,119.85,0.5,119.6,250,,,,,,,,,,,,,,,,,,,120.1,100,,,,,,,,,,,,,,,,,,
2026-07-03T22:00:19.685284+00:00,2026-07-03T22:00:19.685393,1,1,119.85,0.5,119.6,250,,,,,,,,,,,,,,,,,,,120.1,250,,,,,,,,,,,,,,,,,,
2026-07-03T22:00:19.934380+00:00,2026-07-03T22:00:19.934274,1,1,119.85,0.5,119.6,208,,,,,,,,,,,,,,,,,,,120.1,250,,,,,,,,,,,,,,,,,,
2026-07-03T22:00:21.306474+00:00,2026-07-03T22:00:21.306355,1,1,119.85,0.5,119.6,150,,,,,,,,,,,,,,,,,,,120.1,150,,,,,,,,,,,,,,,,,,
2026-07-03T22:00:21.358558+00:00,2026-07-03T22:00:21.351243,1,1,119.85,0.5,119.6,250,,,,,,,,,,,,,,,,,,,120.1,150,,,,,,,,,,,,,,,,,,
2026-07-03T22:00:21.405881+00:00,2026-07-03T22:00:21.405828,1,1,119.85,0.5,119.6,200,,,,,,,,,,,,,,,,,,,120.1,150,,,,,,,,,,,,,,,,,,
2026-07-03T22:00:21.411150+00:00,2026-07-03T22:00:21.411067,1,1,119.85,0.5,119.6,200,,,,,,,,,,,,,,,,,,,120.1,250,,,,,,,,,,,,,,,,,,
2026-07-03T22:00:22.738138+00:00,2026-07-03T22:00:22.738280,1,1,119.85,0.5,119.6,100,,,,,,,,,,,,,,,,,,,120.1,100,,,,,,,,,,,,,,,,,,
2026-07-03T22:00:22.793509+00:00,2026-07-03T22:00:22.793442,1,1,119.85,0.5,119.6,250,,,,,,,,,,,,,,,,,,,120.1,100,,,,,,,,,,,,,,,,,,
2026-07-03T22:00:22.841444+00:00,2026-07-03T22:00:22.841379,1,1,119.85,0.5,119.6,250,,,,,,,,,,,,,,,,,,,120.1,250,,,,,,,,,,,,,,,,,,
2026-07-03T22:00:23.515497+00:00,2026-07-03T22:00:23.515371,1,1,119.85,0.5,119.6,200,,,,,,,,,,,,,,,,,,,120.1,250,,,,,,,,,,,,,,,,,,
2026-07-03T22:00:24.468387+00:00,2026-07-03T22:00:24.468318,1,1,119.85,0.5,119.6,150,,,,,,,,,,,,,,,,,,,120.1,150,,,,,,,,,,,,,,,,,,
2026-07-03T22:00:24.524029+00:00,2026-07-03T22:00:24.523923,2,1,119.9,0.4,119.7,100,119.6,150,,,,,,,,,,,,,,,,,120.1,150,,,,,,,,,,,,,,,,,,
2026-07-03T22:00:24.582483+00:00,2026-07-03T22:00:24.582313,2,2,119.9,0.4,119.7,100,119.6,150,,,,,,,,,,,,,,,,,120.1,150,120.2,100,,,,,,,,,,,,,,,,
2026-07-03T22:00:24.653778+00:00,2026-07-03T22:00:24.653921,2,2,119.9,0.4,119.7,56,119.6,150,,,,,,,,,,,,,,,,,120.1,150,120.2,100,,,,,,,,,,,,,,,,
2026-07-03T22:00:25.623846+00:00,2026-07-03T22:00:25.623704,2,2,119.9,0.4,119.7,6,119.6,150,,,,,,,,,,,,,,,,,120.1,150,120.2,100,,,,,,,,,,,,,,,,
2026-07-03T22:00:25.896220+00:00,2026-07-03T22:00:25.896096,1,1,119.95,0.5,119.7,6,,,,,,,,,,,,,,,,,,,120.2,100,,,,,,,,,,,,,,,,,,
2026-07-03T22:00:25.958599+00:00,2026-07-03T22:00:25.954161,2,1,120.0,0.4,119.8,150,119.7,6,,,,,,,,,,,,,,,,,120.2,100,,,,,,,,,,,,,,,,,,
2026-07-03T22:00:26.007137+00:00,2026-07-03T22:00:26.007103,2,2,120.0,0.4,119.8,150,119.7,6,,,,,,,,,,,,,,,,,120.2,100,120.3,150,,,,,,,,,,,,,,,,
2026-07-03T22:00:26.897736+00:00,2026-07-03T22:00:26.897653,2,2,120.0,0.4,119.8,150,119.7,6,,,,,,,,,,,,,,,,,120.2,56,120.3,150,,,,,,,,,,,,,,,,
2026-07-03T22:00:27.428822+00:00,2026-07-03T22:00:27.428711,2,2,120.0,0.4,119.8,106,119.7,6,,,,,,,,,,,,,,,,,120.2,56,120.3,150,,,,,,,,,,,,,,,,
2026-07-03T22:00:27.634652+00:00,2026-07-03T22:00:27.634567,2,1,120.05,0.5,119.8,106,119.7,6,,,,,,,,,,,,,,,,,120.3,150,,,,,,,,,,,,,,,,,,
2026-07-03T22:00:27.639822+00:00,2026-07-03T22:00:27.639745,1,1,120.05,0.5,119.8,106,,,,,,,,,,,,,,,,,,,120.3,150,,,,,,,,,,,,,,,,,,
2026-07-03T22:00:27.678877+00:00,2026-07-03T22:00:27.678739,1,1,120.05,0.5,119.8,106,,,,,,,,,,,,,,,,,,,120.3,100,,,,,,,,,,,,,,,,,,
2026-07-03T22:00:27.693176+00:00,2026-07-03T22:00:27.693065,2,1,120.05,0.5,119.8,106,119.5,100,,,,,,,,,,,,,,,,,120.3,100,,,,,,,,,,,,,,,,,,
2026-07-03T22:00:27.745693+00:00,2026-07-03T22:00:27.745798,2,2,119.9,0.2,119.8,106,119.5,100,,,,,,,,,,,,,,,,,120.0,100,120.3,100,,,,,,,,,,,,,,,,
2026-07-03T22:00:29.051203+00:00,2026-07-03T22:00:29.051116,2,1,119.9,0.2,119.8,106,119.5,100,,,,,,,,,,,,,,,,,120.0,100,,,,,,,,,,,,,,,,,,
2026-07-03T22:00:29.058620+00:00,2026-07-03T22:00:29.056679,1,1,119.75,0.5,119.5,100,,,,,,,,,,,,,,,,,,,120.0,100,,,,,,,,,,,,,,,,,,
2026-07-03T22:00:29.108575+00:00,2026-07-03T22:00:29.108674,2,1,119.8,0.4,119.6,150,119.5,100,,,,,,,,,,,,,,,,,120.0,100,,,,,,,,,,,,,,,,,,
2026-07-03T22:00:29.158532+00:00,2026-07-03T22:00:29.156917,2,2,119.8,0.4,119.6,150,119.5,100,,,,,,,,,,,,,,,,,120.0,100,120.1,150,,,,,,,,,,,,,,,,
2026-07-03T22:00:29.837313+00:00,2026-07-03T22:00:29.837211,2,2,119.8,0.4,119.6,100,119.5,100,,,,,,,,,,,,,,,,,120.0,100,120.1,150,,,,,,,,,,,,,,,,
2026-07-03T22:00:30.798910+00:00,2026-07-03T22:00:30.798792,1,1,119.85,0.5,119.6,100,,,,,,,,,,,,,,,,,,,120.1,150,,,,,,,,,,,,,,,,,,
2026-07-03T22:00:30.858635+00:00,2026-07-03T22:00:30.848367,2,1,119.85,0.5,119.6,100,119.5,100,,,,,,,,,,,,,,,,,120.1,150,,,,,,,,,,,,,,,,,,
2026-07-03T22:00:30.906553+00:00,2026-07-03T22:00:30.906480,2,2,119.8,0.4,119.6,100,119.5,100,,,,,,,,,,,,,,,,,120.0,100,120.1,150,,,,,,,,,,,,,,,,
2026-07-03T22:00:31.420108+00:00,2026-07-03T22:00:31.419969,2,2,119.8,0.4,119.6,100,119.5,100,,,,,,,,,,,,,,,,,120.0,60,120.1,150,,,,,,,,,,,,,,,,
2026-07-03T22:00:31.944468+00:00,2026-07-03T22:00:31.944337,2,2,119.8,0.4,119.6,50,119.5,100,,,,,,,,,,,,,,,,,120.0,60,120.1,150,,,,,,,,,,,,,,,,
2026-07-03T22:00:32.235078+00:00,2026-07-03T22:00:32.235239,1,1,119.75,0.5,119.5,100,,,,,,,,,,,,,,,,,,,120.0,60,,,,,,,,,,,,,,,,,,
2026-07-03T22:00:32.292704+00:00,2026-07-03T22:00:32.292619,2,1,119.75,0.5,119.5,100,119.2,150,,,,,,,,,,,,,,,,,120.0,60,,,,,,,,,,,,,,,,,,
2026-07-03T22:00:32.347443+00:00,2026-07-03T22:00:32.347387,2,2,119.6,0.2,119.5,100,119.2,150,,,,,,,,,,,,,,,,,119.7,150,120.0,60,,,,,,,,,,,,,,,,
2026-07-03T22:00:32.980967+00:00,2026-07-03T22:00:32.980921,2,2,119.6,0.2,119.5,60,119.2,150,,,,,,,,,,,,,,,,,119.7,150,120.0,60,,,,,,,,,,,,,,,,
2026-07-03T22:00:33.958646+00:00,2026-07-03T22:00:33.956168,1,1,119.45,0.5,119.2,150,,,,,,,,,,,,,,,,,,,119.7,150,,,,,,,,,,,,,,,,,,
2026-07-03T22:00:34.016978+00:00,2026-07-03T22:00:34.016893,2,1,119.55,0.3,119.4,100,119.2,150,,,,,,,,,,,,,,,,,119.7,150,,,,,,,,,,,,,,,,,,
2026-07-03T22:00:34.070074+00:00,2026-07-03T22:00:34.069881,2,1,119.55,0.3,119.4,50,119.2,150,,,,,,,,,,,,,,,,,119.7,150,,,,,,,,,,,,,,,,,,
2026-07-03T22:00:34.080354+00:00,2026-07-03T22:00:34.080557,2,2,119.55,0.3,119.4,50,119.2,150,,,,,,,,,,,,,,,,,119.7,150,119.9,100,,,,,,,,,,,,,,,,
2026-07-03T22:00:34.783107+00:00,2026-07-03T22:00:34.776801,2,2,119.55,0.3,119.4,50,119.2,150,,,,,,,,,,,,,,,,,119.7,127,119.9,100,,,,,,,,,,,,,,,,
2026-07-03T22:00:35.405097+00:00,2026-07-03T22:00:35.405058,1,1,119.65,0.5,119.4,50,,,,,,,,,,,,,,,,,,,119.9,100,,,,,,,,,,,,,,,,,,
2026-07-03T22:00:35.464000+00:00,2026-07-03T22:00:35.463810,1,1,119.65,0.5,119.4,200,,,,,,,,,,,,,,,,,,,119.9,100,,,,,,,,,,,,,,,,,,
2026-07-03T22:00:35.511938+00:00,2026-07-03T22:00:35.511851,1,1,119.65,0.5,119.4,200,,,,,,,,,,,,,,,,,,,119.9,250,,,,,,,,,,,,,,,,,,
2026-07-03T22:00:36.752090+00:00,2026-07-03T22:00:36.752232,1,1,119.65,0.5,119.4,200,,,,,,,,,,,,,,,,,,,119.9,207,,,,,,,,,,,,,,,,,,
2026-07-03T22:00:37.140445+00:00,2026-07-03T22:00:37.140347,1,1,119.65,0.5,119.4,150,,,,,,,,,,,,,,,,,,,119.9,150,,,,,,,,,,,,,,,,,,
2026-07-03T22:00:37.196419+00:00,2026-07-03T22:00:37.196329,1,1,119.65,0.5,119.4,250,,,,,,,,,,,,,,,,,,,119.9,150,,,,,,,,,,,,,,,,,,
2026-07-03T22:00:37.245562+00:00,2026-07-03T22:00:37.245493,1,1,119.65,0.5,119.4,250,,,,,,,,,,,,,,,,,,,119.9,250,,,,,,,,,,,,,,,,,,
2026-07-03T22:00:37.905462+00:00,2026-07-03T22:00:37.905320,1,1,119.65,0.5,119.4,250,,,,,,,,,,,,,,,,,,,119.9,206,,,,,,,,,,,,,,,,,,
2026-07-03T22:00:37.960836+00:00,2026-07-03T22:00:37.960652,1,1,119.65,0.5,119.4,210,,,,,,,,,,,,,,,,,,,119.9,206,,,,,,,,,,,,,,,,,,
2026-07-03T22:00:38.227933+00:00,2026-07-03T22:00:38.227822,1,1,119.65,0.5,119.4,210,,,,,,,,,,,,,,,,,,,119.9,156,,,,,,,,,,,,,,,,,,
2026-07-03T22:00:38.558560+00:00,2026-07-03T22:00:38.556351,1,1,119.65,0.5,119.4,210,,,,,,,,,,,,,,,,,,,119.9,100,,,,,,,,,,,,,,,,,,
2026-07-03T22:00:38.569003+00:00,2026-07-03T22:00:38.568907,1,1,119.65,0.5,119.4,100,,,,,,,,,,,,,,,,,,,119.9,100,,,,,,,,,,,,,,,,,,
2026-07-03T22:00:38.622310+00:00,2026-07-03T22:00:38.622402,2,1,119.7,0.4,119.5,150,119.4,100,,,,,,,,,,,,,,,,,119.9,100,,,,,,,,,,,,,,,,,,
2026-07-03T22:00:38.675244+00:00,2026-07-03T22:00:38.675163,2,2,119.7,0.4,119.5,150,119.4,100,,,,,,,,,,,,,,,,,119.9,100,120.0,150,,,,,,,,,,,,,,,,
2026-07-03T22:00:39.014936+00:00,2026-07-03T22:00:39.015103,2,2,119.7,0.4,119.5,108,119.4,100,,,,,,,,,,,,,,,,,119.9,100,120.0,150,,,,,,,,,,,,,,,,
2026-07-03T22:00:40.302998+00:00,2026-07-03T22:00:40.302921,1,1,119.75,0.5,119.5,108,,,,,,,,,,,,,,,,,,,120.0,150,,,,,,,,,,,,,,,,,,
2026-07-03T22:00:40.340254+00:00,2026-07-03T22:00:40.340195,1,1,119.75,0.5,119.5,108,,,,,,,,,,,,,,,,,,,120.0,100,,,,,,,,,,,,,,,,,,
2026-07-03T22:00:40.363863+00:00,2026-07-03T22:00:40.363771,1,1,119.75,0.5,119.5,208,,,,,,,,,,,,,,,,,,,120.0,100,,,,,,,,,,,,,,,,,,
2026-07-03T22:00:40.411152+00:00,2026-07-03T22:00:40.411066,1,1,119.75,0.5,119.5,208,,,,,,,,,,,,,,,,,,,120.0,200,,,,,,,,,,,,,,,,,,
2026-07-03T22:00:41.730125+00:00,2026-07-03T22:00:41.730324,1,1,119.75,0.5,119.5,100,,,,,,,,,,,,,,,,,,,120.0,100,,,,,,,,,,,,,,,,,,
2026-07-03T22:00:41.785306+00:00,2026-07-03T22:00:41.785203,1,1,119.75,0.5,119.5,250,,,,,,,,,,,,,,,,,,,120.0,100,,,,,,,,,,,,,,,,,,
2026-07-03T22:00:41.837636+00:00,2026-07-03T22:00:41.837445,1,1,119.75,0.5,119.5,250,,,,,,,,,,,,,,,,,,,120.0,250,,,,,,,,,,,,,,,,,,
2026-07-03T22:00:42.446312+00:00,2026-07-03T22:00:42.446243,1,1,119.75,0.5,119.5,250,,,,,,,,,,,,,,,,,,,120.0,200,,,,,,,,,,,,,,,,,,
2026-07-03T22:00:43.458617+00:00,2026-07-03T22:00:43.456138,1,1,119.75,0.5,119.5,150,,,,,,,,,,,,,,,,,,,120.0,150,,,,,,,,,,,,,,,,,,
2026-07-03T22:00:43.518379+00:00,2026-07-03T22:00:43.518143,1,1,119.75,0.5,119.5,250,,,,,,,,,,,,,,,,,,,120.0,150,,,,,,,,,,,,,,,,,,
2026-07-03T22:00:43.567487+00:00,2026-07-03T22:00:43.567442,1,1,119.75,0.5,119.5,250,,,,,,,,,,,,,,,,,,,120.0,250,,,,,,,,,,,,,,,,,,
2026-07-03T22:00:44.584731+00:00,2026-07-03T22:00:44.584679,1,1,119.75,0.5,119.5,250,,,,,,,,,,,,,,,,,,,120.0,200,,,,,,,,,,,,,,,,,,
2026-07-03T22:00:44.892095+00:00,2026-07-03T22:00:44.891899,1,1,119.75,0.5,119.5,100,,,,,,,,,,,,,,,,,,,120.0,100,,,,,,,,,,,,,,,,,,
2026-07-03T22:00:44.942225+00:00,2026-07-03T22:00:44.942179,2,1,119.85,0.3,119.7,150,119.5,100,,,,,,,,,,,,,,,,,120.0,100,,,,,,,,,,,,,,,,,,
2026-07-03T22:00:44.995555+00:00,2026-07-03T22:00:44.995483,2,2,119.85,0.3,119.7,150,119.5,100,,,,,,,,,,,,,,,,,120.0,100,120.2,150,,,,,,,,,,,,,,,,
2026-07-03T22:00:46.569166+00:00,2026-07-03T22:00:46.563798,2,2,119.85,0.3,119.7,127,119.5,100,,,,,,,,,,,,,,,,,120.0,100,120.2,150,,,,,,,,,,,,,,,,
2026-07-03T22:00:46.624638+00:00,2026-07-03T22:00:46.624807,1,1,119.95,0.5,119.7,127,,,,,,,,,,,,,,,,,,,120.2,150,,,,,,,,,,,,,,,,,,
2026-07-03T22:00:46.678917+00:00,2026-07-03T22:00:46.679084,2,1,119.95,0.5,119.7,127,119.4,100,,,,,,,,,,,,,,,,,120.2,150,,,,,,,,,,,,,,,,,,
2026-07-03T22:00:46.698301+00:00,2026-07-03T22:00:46.698197,2,1,119.95,0.5,119.7,127,119.4,100,,,,,,,,,,,,,,,,,120.2,100,,,,,,,,,,,,,,,,,,
2026-07-03T22:00:46.732477+00:00,2026-07-03T22:00:46.732369,2,2,119.8,0.2,119.7,127,119.4,100,,,,,,,,,,,,,,,,,119.9,100,120.2,100,,,,,,,,,,,,,,,,
2026-07-03T22:00:46.888468+00:00,2026-07-03T22:00:46.888334,2,2,119.8,0.2,119.7,84,119.4,100,,,,,,,,,,,,,,,,,119.9,100,120.2,100,,,,,,,,,,,,,,,,
2026-07-03T22:00:47.516596+00:00,2026-07-03T22:00:47.516479,2,2,119.8,0.2,119.7,84,119.4,100,,,,,,,,,,,,,,,,,119.9,51,120.2,100,,,,,,,,,,,,,,,,
2026-07-03T22:00:48.058611+00:00,2026-07-03T22:00:48.050622,1,1,119.65,0.5,119.4,100,,,,,,,,,,,,,,,,,,,119.9,51,,,,,,,,,,,,,,,,,,
2026-07-03T22:00:48.104140+00:00,2026-07-03T22:00:48.104025,2,1,119.7,0.4,119.5,150,119.4,100,,,,,,,,,,,,,,,,,119.9,51,,,,,,,,,,,,,,,,,,
2026-07-03T22:00:48.152855+00:00,2026-07-03T22:00:48.152790,2,2,119.7,0.4,119.5,150,119.4,100,,,,,,,,,,,,,,,,,119.9,51,120.0,150,,,,,,,,,,,,,,,,
2026-07-03T22:00:48.469258+00:00,2026-07-03T22:00:48.469178,2,2,119.7,0.4,119.5,150,119.4,100,,,,,,,,,,,,,,,,,119.9,7,120.0,150,,,,,,,,,,,,,,,,
2026-07-03T22:00:48.824598+00:00,2026-07-03T22:00:48.824525,2,1,119.75,0.5,119.5,150,119.4,100,,,,,,,,,,,,,,,,,120.0,107,,,,,,,,,,,,,,,,,,
2026-07-03T22:00:49.784924+00:00,2026-07-03T22:00:49.784779,1,1,119.75,0.5,119.5,150,,,,,,,,,,,,,,,,,,,120.0,107,,,,,,,,,,,,,,,,,,
2026-07-03T22:00:49.840067+00:00,2026-07-03T22:00:49.839973,2,1,119.85,0.3,119.7,100,119.5,150,,,,,,,,,,,,,,,,,120.0,107,,,,,,,,,,,,,,,,,,
2026-07-03T22:00:49.893884+00:00,2026-07-03T22:00:49.893831,2,2,119.85,0.3,119.7,100,119.5,150,,,,,,,,,,,,,,,,,120.0,107,120.2,100,,,,,,,,,,,,,,,,
2026-07-03T22:00:50.932441+00:00,2026-07-03T22:00:50.932293,2,2,119.85,0.3,119.7,100,119.5,150,,,,,,,,,,,,,,,,,120.0,57,120.2,100,,,,,,,,,,,,,,,,
2026-07-03T22:00:51.210588+00:00,2026-07-03T22:00:51.210712,1,1,119.95,0.5,119.7,100,,,,,,,,,,,,,,,,,,,120.2,100,,,,,,,,,,,,,,,,,,
2026-07-03T22:00:51.274385+00:00,2026-07-03T22:00:51.268704,2,1,120.1,0.2,120.0,147,119.7,100,,,,,,,,,,,,,,,,,120.2,100,,,,,,,,,,,,,,,,,,
2026-07-03T22:00:51.317246+00:00,2026-07-03T22:00:51.317188,2,2,120.1,0.2,120.0,147,119.7,100,,,,,,,,,,,,,,,,,120.2,100,120.5,150,,,,,,,,,,,,,,,,
2026-07-03T22:00:52.950022+00:00,2026-07-03T22:00:52.949982,1,1,120.25,0.5,120.0,147,,,,,,,,,,,,,,,,,,,120.5,150,,,,,,,,,,,,,,,,,,
2026-07-03T22:00:53.003311+00:00,2026-07-03T22:00:53.003220,2,1,120.25,0.5,120.0,147,119.7,100,,,,,,,,,,,,,,,,,120.5,150,,,,,,,,,,,,,,,,,,
2026-07-03T22:00:53.058555+00:00,2026-07-03T22:00:53.055009,2,2,120.1,0.2,120.0,147,119.7,100,,,,,,,,,,,,,,,,,120.2,100,120.5,150,,,,,,,,,,,,,,,,
2026-07-03T22:00:53.104041+00:00,2026-07-03T22:00:53.103986,2,2,120.1,0.2,120.0,97,119.7,100,,,,,,,,,,,,,,,,,120.2,100,120.5,150,,,,,,,,,,,,,,,,
2026-07-03T22:00:54.369473+00:00,2026-07-03T22:00:54.369427,1,1,119.95,0.5,119.7,100,,,,,,,,,,,,,,,,,,,120.2,100,,,,,,,,,,,,,,,,,,
2026-07-03T22:00:54.420950+00:00,2026-07-03T22:00:54.420841,2,1,119.95,0.5,119.7,100,119.6,150,,,,,,,,,,,,,,,,,120.2,100,,,,,,,,,,,,,,,,,,
2026-07-03T22:00:54.475253+00:00,2026-07-03T22:00:54.475141,2,2,119.9,0.4,119.7,100,119.6,150,,,,,,,,,,,,,,,,,120.1,150,120.2,100,,,,,,,,,,,,,,,,
2026-07-03T22:00:55.160695+00:00,2026-07-03T22:00:55.160583,2,2,119.9,0.4,119.7,100,119.6,150,,,,,,,,,,,,,,,,,120.1,100,120.2,100,,,,,,,,,,,,,,,,
2026-07-03T22:00:56.108763+00:00,2026-07-03T22:00:56.108629,1,1,119.85,0.5,119.6,150,,,,,,,,,,,,,,,,,,,120.1,100,,,,,,,,,,,,,,,,,,
2026-07-03T22:00:56.158665+00:00,2026-07-03T22:00:56.158127,2,1,119.9,0.4,119.7,100,119.6,150,,,,,,,,,,,,,,,,,120.1,100,,,,,,,,,,,,,,,,,,
2026-07-03T22:00:56.216339+00:00,2026-07-03T22:00:56.216506,2,2,119.9,0.4,119.7,100,119.6,150,,,,,,,,,,,,,,,,,120.1,100,120.2,100,,,,,,,,,,,,,,,,
2026-07-03T22:00:57.293328+00:00,2026-07-03T22:00:57.293272,2,2,119.9,0.4,119.7,100,119.6,150,,,,,,,,,,,,,,,,,120.1,50,120.2,100,,,,,,,,,,,,,,,,
2026-07-03T22:00:57.528852+00:00,2026-07-03T22:00:57.529044,1,1,119.95,0.5,119.7,100,,,,,,,,,,,,,,,,,,,120.2,100,,,,,,,,,,,,,,,,,,
2026-07-03T22:00:57.582001+00:00,2026-07-03T22:00:57.582156,2,1,120.1,0.2,120.0,150,119.7,100,,,,,,,,,,,,,,,,,120.2,100,,,,,,,,,,,,,,,,,,
2026-07-03T22:00:57.635509+00:00,2026-07-03T22:00:57.635398,2,2,120.1,0.2,120.0,150,119.7,100,,,,,,,,,,,,,,,,,120.2,100,120.5,150,,,,,,,,,,,,,,,,
2026-07-03T22:00:59.269965+00:00,2026-07-03T22:00:59.269901,1,1,120.25,0.5,120.0,150,,,,,,,,,,,,,,,,,,,120.5,150,,,,,,,,,,,,,,,,,,
2026-07-03T22:00:59.325151+00:00,2026-07-03T22:00:59.325016,2,1,120.25,0.5,120.0,150,119.7,100,,,,,,,,,,,,,,,,,120.5,150,,,,,,,,,,,,,,,,,,
2026-07-03T22:00:59.378483+00:00,2026-07-03T22:00:59.378332,2,2,120.1,0.2,120.0,150,119.7,100,,,,,,,,,,,,,,,,,120.2,100,120.5,150,,,,,,,,,,,,,,,,
2026-07-03T22:00:59.464114+00:00,2026-07-03T22:00:59.463814,2,2,120.1,0.2,120.0,100,119.7,100,,,,,,,,,,,,,,,,,120.2,100,120.5,150,,,,,,,,,,,,,,,,
2026-07-03T22:01:00.690128+00:00,2026-07-03T22:01:00.690315,1,1,119.95,0.5,119.7,100,,,,,,,,,,,,,,,,,,,120.2,100,,,,,,,,,,,,,,,,,,
2026-07-03T22:01:00.742413+00:00,2026-07-03T22:01:00.742310,2,1,120.1,0.2,120.0,150,119.7,100,,,,,,,,,,,,,,,,,120.2,100,,,,,,,,,,,,,,,,,,
2026-07-03T22:01:00.796694+00:00,2026-07-03T22:01:00.796602,2,2,120.1,0.2,120.0,150,119.7,100,,,,,,,,,,,,,,,,,120.2,100,120.5,150,,,,,,,,,,,,,,,,
2026-07-03T22:01:01.564294+00:00,2026-07-03T22:01:01.564474,2,2,120.1,0.2,120.0,100,119.7,100,,,,,,,,,,,,,,,,,120.2,100,120.5,150,,,,,,,,,,,,,,,,
2026-07-03T22:01:02.434280+00:00,2026-07-03T22:01:02.434200,1,1,120.25,0.5,120.0,100,,,,,,,,,,,,,,,,,,,120.5,150,,,,,,,,,,,,,,,,,,
2026-07-03T22:01:02.497009+00:00,2026-07-03T22:01:02.496966,2,1,120.25,0.5,120.0,100,119.7,100,,,,,,,,,,,,,,,,,120.5,150,,,,,,,,,,,,,,,,,,
2026-07-03T22:01:02.558615+00:00,2026-07-03T22:01:02.551463,2,2,120.1,0.2,120.0,100,119.7,100,,,,,,,,,,,,,,,,,120.2,100,120.5,150,,,,,,,,,,,,,,,,
2026-07-03T22:01:03.673926+00:00,2026-07-03T22:01:03.673800,2,2,120.1,0.2,120.0,50,119.7,100,,,,,,,,,,,,,,,,,120.2,100,120.5,150,,,,,,,,,,,,,,,,
2026-07-03T22:01:03.858598+00:00,2026-07-03T22:01:03.853722,1,1,119.95,0.5,119.7,100,,,,,,,,,,,,,,,,,,,120.2,100,,,,,,,,,,,,,,,,,,
2026-07-03T22:01:03.910284+00:00,2026-07-03T22:01:03.910179,2,1,120.0,0.4,119.8,150,119.7,100,,,,,,,,,,,,,,,,,120.2,100,,,,,,,,,,,,,,,,,,
2026-07-03T22:01:03.966285+00:00,2026-07-03T22:01:03.966219,2,2,120.0,0.4,119.8,150,119.7,100,,,,,,,,,,,,,,,,,120.2,100,120.3,150,,,,,,,,,,,,,,,,
2026-07-03T22:01:05.605554+00:00,2026-07-03T22:01:05.605529,1,1,120.05,0.5,119.8,150,,,,,,,,,,,,,,,,,,,120.3,150,,,,,,,,,,,,,,,,,,
2026-07-03T22:01:05.659321+00:00,2026-07-03T22:01:05.659235,2,1,120.1,0.4,119.9,100,119.8,150,,,,,,,,,,,,,,,,,120.3,150,,,,,,,,,,,,,,,,,,
2026-07-03T22:01:05.711897+00:00,2026-07-03T22:01:05.711797,2,2,120.1,0.4,119.9,100,119.8,150,,,,,,,,,,,,,,,,,120.3,150,120.4,100,,,,,,,,,,,,,,,,
2026-07-03T22:01:05.778476+00:00,2026-07-03T22:01:05.778353,2,2,120.1,0.4,119.9,50,119.8,150,,,,,,,,,,,,,,,,,120.3,150,120.4,100,,,,,,,,,,,,,,,,
2026-07-03T22:01:06.042904+00:00,2026-07-03T22:01:06.042839,2,2,120.1,0.4,119.9,9,119.8,150,,,,,,,,,,,,,,,,,120.3,150,120.4,100,,,,,,,,,,,,,,,,
2026-07-03T22:01:07.023092+00:00,2026-07-03T22:01:07.022905,1,1,120.15,0.5,119.9,9,,,,,,,,,,,,,,,,,,,120.4,100,,,,,,,,,,,,,,,,,,
2026-07-03T22:01:07.085410+00:00,2026-07-03T22:01:07.076465,2,1,120.15,0.5,119.9,9,119.8,150,,,,,,,,,,,,,,,,,120.4,100,,,,,,,,,,,,,,,,,,
2026-07-03T22:01:07.130335+00:00,2026-07-03T22:01:07.130246,2,2,120.1,0.4,119.9,9,119.8,150,,,,,,,,,,,,,,,,,120.3,150,120.4,100,,,,,,,,,,,,,,,,
2026-07-03T22:01:07.672424+00:00,2026-07-03T22:01:07.672343,1,2,120.05,0.5,119.8,150,,,,,,,,,,,,,,,,,,,120.3,150,120.4,100,,,,,,,,,,,,,,,,
2026-07-03T22:01:07.883600+00:00,2026-07-03T22:01:07.883486,1,2,120.05,0.5,119.8,100,,,,,,,,,,,,,,,,,,,120.3,150,120.4,100,,,,,,,,,,,,,,,,
2026-07-03T22:01:08.763892+00:00,2026-07-03T22:01:08.763791,1,1,120.05,0.5,119.8,100,,,,,,,,,,,,,,,,,,,120.3,150,,,,,,,,,,,,,,,,,,
2026-07-03T22:01:08.817714+00:00,2026-07-03T22:01:08.817664,1,1,120.05,0.5,119.8,200,,,,,,,,,,,,,,,,,,,120.3,150,,,,,,,,,,,,,,,,,,
2026-07-03T22:01:08.874980+00:00,2026-07-03T22:01:08.874837,1,1,120.05,0.5,119.8,200,,,,,,,,,,,,,,,,,,,120.3,250,,,,,,,,,,,,,,,,,,
2026-07-03T22:01:10.183049+00:00,2026-07-03T22:01:10.182986,1,1,120.05,0.5,119.8,100,,,,,,,,,,,,,,,,,,,120.3,100,,,,,,,,,,,,,,,,,,
2026-07-03T22:01:10.236301+00:00,2026-07-03T22:01:10.236250,1,1,120.05,0.5,119.8,250,,,,,,,,,,,,,,,,,,,120.3,100,,,,,,,,,,,,,,,,,,
2026-07-03T22:01:10.289304+00:00,2026-07-03T22:01:10.289522,1,1,120.05,0.5,119.8,250,,,,,,,,,,,,,,,,,,,120.3,250,,,,,,,,,,,,,,,,,,
2026-07-03T22:01:10.558650+00:00,2026-07-03T22:01:10.557107,1,1,120.05,0.5,119.8,250,,,,,,,,,,,,,,,,,,,120.3,206,,,,,,,,,,,,,,,,,,
2026-07-03T22:01:11.928052+00:00,2026-07-03T22:01:11.928011,1,1,120.05,0.5,119.8,150,,,,,,,,,,,,,,,,,,,120.3,150,,,,,,,,,,,,,,,,,,
2026-07-03T22:01:11.983446+00:00,2026-07-03T22:01:11.983348,2,1,120.25,0.1,120.2,100,119.8,150,,,,,,,,,,,,,,,,,120.3,150,,,,,,,,,,,,,,,,,,
2026-07-03T22:01:12.058609+00:00,2026-07-03T22:01:12.036455,2,2,120.25,0.1,120.2,100,119.8,150,,,,,,,,,,,,,,,,,120.3,150,120.7,100,,,,,,,,,,,,,,,,
2026-07-03T22:01:12.095391+00:00,2026-07-03T22:01:12.095564,2,2,120.25,0.1,120.2,50,119.8,150,,,,,,,,,,,,,,,,,120.3,150,120.7,100,,,,,,,,,,,,,,,,
2026-07-03T22:01:13.353392+00:00,2026-07-03T22:01:13.353315,1,1,120.45,0.5,120.2,50,,,,,,,,,,,,,,,,,,,120.7,100,,,,,,,,,,,,,,,,,,
2026-07-03T22:01:13.408332+00:00,2026-07-03T22:01:13.408221,2,1,120.45,0.5,120.2,50,119.9,150,,,,,,,,,,,,,,,,,120.7,100,,,,,,,,,,,,,,,,,,
2026-07-03T22:01:13.463974+00:00,2026-07-03T22:01:13.463901,2,2,120.3,0.2,120.2,50,119.9,150,,,,,,,,,,,,,,,,,120.4,150,120.7,100,,,,,,,,,,,,,,,,
2026-07-03T22:01:14.202374+00:00,2026-07-03T22:01:14.202345,1,2,120.15,0.5,119.9,150,,,,,,,,,,,,,,,,,,,120.4,150,120.7,100,,,,,,,,,,,,,,,,
2026-07-03T22:01:15.091146+00:00,2026-07-03T22:01:15.091069,1,1,120.15,0.5,119.9,150,,,,,,,,,,,,,,,,,,,120.4,150,,,,,,,,,,,,,,,,,,
2026-07-03T22:01:15.145005+00:00,2026-07-03T22:01:15.144947,1,1,120.15,0.5,119.9,250,,,,,,,,,,,,,,,,,,,120.4,150,,,,,,,,,,,,,,,,,,
2026-07-03T22:01:15.216715+00:00,2026-07-03T22:01:15.216603,1,1,120.15,0.5,119.9,250,,,,,,,,,,,,,,,,,,,120.4,250,,,,,,,,,,,,,,,,,,
2026-07-03T22:01:15.715359+00:00,2026-07-03T22:01:15.715290,1,1,120.15,0.5,119.9,208,,,,,,,,,,,,,,,,,,,120.4,250,,,,,,,,,,,,,,,,,,
2026-07-03T22:01:16.311360+00:00,2026-07-03T22:01:16.311301,1,1,120.15,0.5,119.9,158,,,,,,,,,,,,,,,,,,,120.4,250,,,,,,,,,,,,,,,,,,
2026-07-03T22:01:16.515434+00:00,2026-07-03T22:01:16.515645,1,1,120.15,0.5,119.9,158,,,,,,,,,,,,,,,,,,,120.4,100,,,,,,,,,,,,,,,,,,
2026-07-03T22:01:16.520857+00:00,2026-07-03T22:01:16.520828,1,1,120.15,0.5,119.9,100,,,,,,,,,,,,,,,,,,,120.4,100,,,,,,,,,,,,,,,,,,
2026-07-03T22:01:16.571485+00:00,2026-07-03T22:01:16.571430,2,1,120.15,0.5,119.9,100,119.5,150,,,,,,,,,,,,,,,,,120.4,100,,,,,,,,,,,,,,,,,,
2026-07-03T22:01:16.634299+00:00,2026-07-03T22:01:16.627731,2,2,119.95,0.1,119.9,100,119.5,150,,,,,,,,,,,,,,,,,120.0,124,120.4,100,,,,,,,,,,,,,,,,
2026-07-03T22:01:16.749759+00:00,2026-07-03T22:01:16.744434,2,2,119.95,0.1,119.9,100,119.5,150,,,,,,,,,,,,,,,,,120.0,90,120.4,100,,,,,,,,,,,,,,,,
2026-07-03T22:01:16.852456+00:00,2026-07-03T22:01:16.852353,2,2,119.95,0.1,119.9,100,119.5,150,,,,,,,,,,,,,,,,,120.0,47,120.4,100,,,,,,,,,,,,,,,,
2026-07-03T22:01:18.258671+00:00,2026-07-03T22:01:18.258551,2,1,119.95,0.1,119.9,100,119.5,150,,,,,,,,,,,,,,,,,120.0,47,,,,,,,,,,,,,,,,,,
2026-07-03T22:01:18.270223+00:00,2026-07-03T22:01:18.270087,1,1,119.75,0.5,119.5,150,,,,,,,,,,,,,,,,,,,120.0,47,,,,,,,,,,,,,,,,,,
2026-07-03T22:01:18.322192+00:00,2026-07-03T22:01:18.322110,2,0,,,120.1,53,119.5,150,,,,,,,,,,,,,,,,,,,,,,,,,,,,,,,,,,,,
2026-07-03T22:01:18.385662+00:00,2026-07-03T22:01:18.379923,2,1,120.35,0.5,120.1,42,119.5,150,,,,,,,,,,,,,,,,,120.6,100,,,,,,,,,,,,,,,,,,
2026-07-03T22:01:18.481641+00:00,2026-07-03T22:01:18.481560,2,1,120.35,0.5,120.1,42,119.5,150,,,,,,,,,,,,,,,,,120.6,51,,,,,,,,,,,,,,,,,,
2026-07-03T22:01:19.058596+00:00,2026-07-03T22:01:19.053941,1,1,120.05,1.1,119.5,150,,,,,,,,,,,,,,,,,,,120.6,51,,,,,,,,,,,,,,,,,,
2026-07-03T22:01:19.677707+00:00,2026-07-03T22:01:19.677663,0,1,,,,,,,,,,,,,,,,,,,,,,,120.6,51,,,,,,,,,,,,,,,,,,
2026-07-03T22:01:19.744004+00:00,2026-07-03T22:01:19.744096,1,1,120.25,0.7,119.9,150,,,,,,,,,,,,,,,,,,,120.6,51,,,,,,,,,,,,,,,,,,
2026-07-03T22:01:19.787907+00:00,2026-07-03T22:01:19.787831,1,2,120.15,0.5,119.9,150,,,,,,,,,,,,,,,,,,,120.4,150,120.6,51,,,,,,,,,,,,,,,,
2026-07-03T22:01:20.477477+00:00,2026-07-03T22:01:20.477411,1,2,120.15,0.5,119.9,108,,,,,,,,,,,,,,,,,,,120.4,150,120.6,51,,,,,,,,,,,,,,,,
2026-07-03T22:01:21.430349+00:00,2026-07-03T22:01:21.430499,1,1,120.15,0.5,119.9,108,,,,,,,,,,,,,,,,,,,120.4,150,,,,,,,,,,,,,,,,,,
2026-07-03T22:01:21.479300+00:00,2026-07-03T22:01:21.479172,2,1,120.15,0.5,119.9,108,119.8,100,,,,,,,,,,,,,,,,,120.4,150,,,,,,,,,,,,,,,,,,
2026-07-03T22:01:21.507801+00:00,2026-07-03T22:01:21.507743,2,1,120.15,0.5,119.9,108,119.8,100,,,,,,,,,,,,,,,,,120.4,104,,,,,,,,,,,,,,,,,,
2026-07-03T22:01:21.536000+00:00,2026-07-03T22:01:21.535829,2,2,120.1,0.4,119.9,108,119.8,100,,,,,,,,,,,,,,,,,120.3,100,120.4,104,,,,,,,,,,,,,,,,
2026-07-03T22:01:22.576296+00:00,2026-07-03T22:01:22.576457,2,2,120.1,0.4,119.9,65,119.8,100,,,,,,,,,,,,,,,,,120.3,50,120.4,104,,,,,,,,,,,,,,,,
2026-07-03T22:01:22.842447+00:00,2026-07-03T22:01:22.842344,1,1,120.05,0.5,119.8,100,,,,,,,,,,,,,,,,,,,120.3,50,,,,,,,,,,,,,,,,,,
2026-07-03T22:01:22.899284+00:00,2026-07-03T22:01:22.899128,2,1,120.1,0.4,119.9,150,119.8,100,,,,,,,,,,,,,,,,,120.3,50,,,,,,,,,,,,,,,,,,
2026-07-03T22:01:22.955716+00:00,2026-07-03T22:01:22.947351,2,2,120.1,0.4,119.9,150,119.8,100,,,,,,,,,,,,,,,,,120.3,50,120.4,150,,,,,,,,,,,,,,,,
2026-07-03T22:01:23.187777+00:00,2026-07-03T22:01:23.187754,2,2,120.1,0.4,119.9,150,119.8,100,,,,,,,,,,,,,,,,,120.3,10,120.4,150,,,,,,,,,,,,,,,,
2026-07-03T22:01:24.587847+00:00,2026-07-03T22:01:24.588005,1,1,120.15,0.5,119.9,150,,,,,,,,,,,,,,,,,,,120.4,150,,,,,,,,,,,,,,,,,,
2026-07-03T22:01:24.643855+00:00,2026-07-03T22:01:24.643814,2,1,120.2,0.4,120.0,100,119.9,150,,,,,,,,,,,,,,,,,120.4,150,,,,,,,,,,,,,,,,,,
2026-07-03T22:01:24.653769+00:00,2026-07-03T22:01:24.648042,2,1,120.2,0.4,120.0,88,119.9,150,,,,,,,,,,,,,,,,,120.4,150,,,,,,,,,,,,,,,,,,
2026-07-03T22:01:24.679753+00:00,2026-07-03T22:01:24.679683,2,1,120.2,0.4,120.0,88,119.9,150,,,,,,,,,,,,,,,,,120.4,100,,,,,,,,,,,,,,,,,,
2026-07-03T22:01:24.697815+00:00,2026-07-03T22:01:24.697734,2,2,120.2,0.4,120.0,88,119.9,150,,,,,,,,,,,,,,,,,120.4,100,120.5,100,,,,,,,,,,,,,,,,
2026-07-03T22:01:24.758621+00:00,2026-07-03T22:01:24.757906,2,2,120.2,0.4,120.0,88,119.9,150,,,,,,,,,,,,,,,,,120.4,59,120.5,100,,,,,,,,,,,,,,,,
2026-07-03T22:01:25.907688+00:00,2026-07-03T22:01:25.901619,2,2,120.2,0.4,120.0,77,119.9,150,,,,,,,,,,,,,,,,,120.4,59,120.5,100,,,,,,,,,,,,,,,,
2026-07-03T22:01:26.004237+00:00,2026-07-03T22:01:26.004373,2,1,120.25,0.5,120.0,77,119.9,150,,,,,,,,,,,,,,,,,120.5,100,,,,,,,,,,,,,,,,,,
2026-07-03T22:01:26.009729+00:00,2026-07-03T22:01:26.009555,1,1,120.25,0.5,120.0,77,,,,,,,,,,,,,,,,,,,120.5,100,,,,,,,,,,,,,,,,,,
2026-07-03T22:01:26.067227+00:00,2026-07-03T22:01:26.061994,2,1,120.35,0.3,120.2,127,120.0,77,,,,,,,,,,,,,,,,,120.5,100,,,,,,,,,,,,,,,,,,
2026-07-03T22:01:26.119628+00:00,2026-07-03T22:01:26.119579,2,2,120.35,0.3,120.2,127,120.0,77,,,,,,,,,,,,,,,,,120.5,100,120.7,150,,,,,,,,,,,,,,,,
2026-07-03T22:01:26.788138+00:00,2026-07-03T22:01:26.788280,2,2,120.35,0.3,120.2,127,120.0,77,,,,,,,,,,,,,,,,,120.5,50,120.7,150,,,,,,,,,,,,,,,,
2026-07-03T22:01:27.750944+00:00,2026-07-03T22:01:27.750884,1,1,120.45,0.5,120.2,127,,,,,,,,,,,,,,,,,,,120.7,150,,,,,,,,,,,,,,,,,,
2026-07-03T22:01:27.804520+00:00,2026-07-03T22:01:27.804404,2,1,120.45,0.5,120.2,127,119.9,100,,,,,,,,,,,,,,,,,120.7,150,,,,,,,,,,,,,,,,,,
2026-07-03T22:01:27.858634+00:00,2026-07-03T22:01:27.853616,2,2,120.3,0.2,120.2,127,119.9,100,,,,,,,,,,,,,,,,,120.4,100,120.7,150,,,,,,,,,,,,,,,,
2026-07-03T22:01:29.174594+00:00,2026-07-03T22:01:29.174487,1,1,120.15,0.5,119.9,100,,,,,,,,,,,,,,,,,,,120.4,100,,,,,,,,,,,,,,,,,,
2026-07-03T22:01:29.227278+00:00,2026-07-03T22:01:29.227136,2,1,120.35,0.1,120.3,150,119.9,100,,,,,,,,,,,,,,,,,120.4,100,,,,,,,,,,,,,,,,,,
2026-07-03T22:01:29.280044+00:00,2026-07-03T22:01:29.280006,2,2,120.35,0.1,120.3,150,119.9,100,,,,,,,,,,,,,,,,,120.4,100,120.8,150,,,,,,,,,,,,,,,,
2026-07-03T22:01:29.820885+00:00,2026-07-03T22:01:29.820743,2,2,120.35,0.1,120.3,106,119.9,100,,,,,,,,,,,,,,,,,120.4,100,120.8,150,,,,,,,,,,,,,,,,
2026-07-03T22:01:30.913864+00:00,2026-07-03T22:01:30.913778,1,1,120.55,0.5,120.3,106,,,,,,,,,,,,,,,,,,,120.8,150,,,,,,,,,,,,,,,,,,
2026-07-03T22:01:30.963816+00:00,2026-07-03T22:01:30.963748,2,1,120.55,0.5,120.3,106,120.0,100,,,,,,,,,,,,,,,,,120.8,150,,,,,,,,,,,,,,,,,,
2026-07-03T22:01:31.017045+00:00,2026-07-03T22:01:31.016953,2,2,120.4,0.2,120.3,106,120.0,100,,,,,,,,,,,,,,,,,120.5,100,120.8,150,,,,,,,,,,,,,,,,
2026-07-03T22:01:31.050812+00:00,2026-07-03T22:01:31.050703,2,2,120.4,0.2,120.3,56,120.0,100,,,,,,,,,,,,,,,,,120.5,100,120.8,150,,,,,,,,,,,,,,,,
2026-07-03T22:01:31.566994+00:00,2026-07-03T22:01:31.566931,2,2,120.4,0.2,120.3,56,120.0,100,,,,,,,,,,,,,,,,,120.5,59,120.8,150,,,,,,,,,,,,,,,,
2026-07-03T22:01:32.335210+00:00,2026-07-03T22:01:32.335404,1,1,120.25,0.5,120.0,100,,,,,,,,,,,,,,,,,,,120.5,59,,,,,,,,,,,,,,,,,,
2026-07-03T22:01:32.392167+00:00,2026-07-03T22:01:32.392122,1,1,120.25,0.5,120.0,250,,,,,,,,,,,,,,,,,,,120.5,59,,,,,,,,,,,,,,,,,,
2026-07-03T22:01:32.442250+00:00,2026-07-03T22:01:32.442090,1,1,120.25,0.5,120.0,250,,,,,,,,,,,,,,,,,,,120.5,209,,,,,,,,,,,,,,,,,,
2026-07-03T22:01:33.163931+00:00,2026-07-03T22:01:33.163891,1,1,120.25,0.5,120.0,200,,,,,,,,,,,,,,,,,,,120.5,209,,,,,,,,,,,,,,,,,,
2026-07-03T22:01:33.879902+00:00,2026-07-03T22:01:33.879992,1,1,120.25,0.5,120.0,158,,,,,,,,,,,,,,,,,,,120.5,209,,,,,,,,,,,,,,,,,,
2026-07-03T22:01:34.073306+00:00,2026-07-03T22:01:34.073282,1,1,120.25,0.5,120.0,150,,,,,,,,,,,,,,,,,,,120.5,150,,,,,,,,,,,,,,,,,,
2026-07-03T22:01:34.128167+00:00,2026-07-03T22:01:34.128063,2,1,120.25,0.5,120.0,150,119.6,100,,,,,,,,,,,,,,,,,120.5,150,,,,,,,,,,,,,,,,,,
2026-07-03T22:01:34.180675+00:00,2026-07-03T22:01:34.180534,2,2,120.05,0.1,120.0,150,119.6,100,,,,,,,,,,,,,,,,,120.1,100,120.5,150,,,,,,,,,,,,,,,,
2026-07-03T22:01:34.935592+00:00,2026-07-03T22:01:34.935489,2,2,120.05,0.1,120.0,104,119.6,100,,,,,,,,,,,,,,,,,120.1,100,120.5,150,,,,,,,,,,,,,,,,
2026-07-03T22:01:35.491296+00:00,2026-07-03T22:01:35.491195,1,1,119.85,0.5,119.6,100,,,,,,,,,,,,,,,,,,,120.1,100,,,,,,,,,,,,,,,,,,
2026-07-03T22:01:35.558636+00:00,2026-07-03T22:01:35.551270,2,1,119.85,0.5,119.6,100,119.5,150,,,,,,,,,,,,,,,,,120.1,100,,,,,,,,,,,,,,,,,,
2026-07-03T22:01:35.604456+00:00,2026-07-03T22:01:35.604620,2,2,119.8,0.4,119.6,100,119.5,150,,,,,,,,,,,,,,,,,120.0,150,120.1,100,,,,,,,,,,,,,,,,
2026-07-03T22:01:37.231553+00:00,2026-07-03T22:01:37.231457,2,1,119.8,0.4,119.6,100,119.5,150,,,,,,,,,,,,,,,,,120.0,150,,,,,,,,,,,,,,,,,,
2026-07-03T22:01:37.236751+00:00,2026-07-03T22:01:37.236647,1,1,119.75,0.5,119.5,150,,,,,,,,,,,,,,,,,,,120.0,150,,,,,,,,,,,,,,,,,,
2026-07-03T22:01:37.289719+00:00,2026-07-03T22:01:37.289592,2,1,119.85,0.3,119.7,100,119.5,150,,,,,,,,,,,,,,,,,120.0,150,,,,,,,,,,,,,,,,,,
2026-07-03T22:01:37.343163+00:00,2026-07-03T22:01:37.343327,2,2,119.85,0.3,119.7,100,119.5,150,,,,,,,,,,,,,,,,,120.0,150,120.2,100,,,,,,,,,,,,,,,,
2026-07-03T22:01:37.358607+00:00,2026-07-03T22:01:37.353745,2,2,119.85,0.3,119.7,100,119.5,150,,,,,,,,,,,,,,,,,120.0,107,120.2,100,,,,,,,,,,,,,,,,
2026-07-03T22:01:37.369194+00:00,2026-07-03T22:01:37.369386,2,2,119.85,0.3,119.7,50,119.5,150,,,,,,,,,,,,,,,,,120.0,107,120.2,100,,,,,,,,,,,,,,,,
2026-07-03T22:01:38.659619+00:00,2026-07-03T22:01:38.659588,1,1,119.95,0.5,119.7,50,,,,,,,,,,,,,,,,,,,120.2,100,,,,,,,,,,,,,,,,,,
2026-07-03T22:01:38.709263+00:00,2026-07-03T22:01:38.709113,2,1,119.95,0.5,119.7,50,119.6,150,,,,,,,,,,,,,,,,,120.2,100,,,,,,,,,,,,,,,,,,
2026-07-03T22:01:38.766624+00:00,2026-07-03T22:01:38.766550,2,2,119.9,0.4,119.7,50,119.6,150,,,,,,,,,,,,,,,,,120.1,150,120.2,100,,,,,,,,,,,,,,,,
2026-07-03T22:01:39.429227+00:00,2026-07-03T22:01:39.429168,2,2,119.9,0.4,119.7,50,119.6,150,,,,,,,,,,,,,,,,,120.1,100,120.2,100,,,,,,,,,,,,,,,,
2026-07-03T22:01:40.402084+00:00,2026-07-03T22:01:40.402005,1,1,119.85,0.5,119.6,150,,,,,,,,,,,,,,,,,,,120.1,100,,,,,,,,,,,,,,,,,,
2026-07-03T22:01:40.463882+00:00,2026-07-03T22:01:40.463766,2,1,119.9,0.4,119.7,100,119.6,150,,,,,,,,,,,,,,,,,120.1,100,,,,,,,,,,,,,,,,,,
2026-07-03T22:01:40.508949+00:00,2026-07-03T22:01:40.508843,2,2,119.9,0.4,119.7,100,119.6,150,,,,,,,,,,,,,,,,,120.1,100,120.2,100,,,,,,,,,,,,,,,,
2026-07-03T22:01:41.542101+00:00,2026-07-03T22:01:41.542036,2,2,119.9,0.4,119.7,100,119.6,150,,,,,,,,,,,,,,,,,120.1,50,120.2,100,,,,,,,,,,,,,,,,
2026-07-03T22:01:41.821847+00:00,2026-07-03T22:01:41.821695,2,1,119.95,0.5,119.7,100,119.6,150,,,,,,,,,,,,,,,,,120.2,100,,,,,,,,,,,,,,,,,,
2026-07-03T22:01:41.826955+00:00,2026-07-03T22:01:41.826857,1,1,119.95,0.5,119.7,100,,,,,,,,,,,,,,,,,,,120.2,100,,,,,,,,,,,,,,,,,,
2026-07-03T22:01:41.885754+00:00,2026-07-03T22:01:41.885690,2,0,,,120.2,50,119.7,100,,,,,,,,,,,,,,,,,,,,,,,,,,,,,,,,,,,,
2026-07-03T22:01:41.942525+00:00,2026-07-03T22:01:41.942478,2,1,120.45,0.5,120.2,50,119.7,100,,,,,,,,,,,,,,,,,120.7,150,,,,,,,,,,,,,,,,,,
2026-07-03T22:01:43.558633+00:00,2026-07-03T22:01:43.555828,1,1,120.45,0.5,120.2,50,,,,,,,,,,,,,,,,,,,120.7,150,,,,,,,,,,,,,,,,,,
2026-07-03T22:01:43.614251+00:00,2026-07-03T22:01:43.614188,2,1,120.45,0.5,120.2,50,120.1,100,,,,,,,,,,,,,,,,,120.7,150,,,,,,,,,,,,,,,,,,
2026-07-03T22:01:43.647932+00:00,2026-07-03T22:01:43.647748,2,1,120.45,0.5,120.2,50,120.1,100,,,,,,,,,,,,,,,,,120.7,100,,,,,,,,,,,,,,,,,,
2026-07-03T22:01:43.674682+00:00,2026-07-03T22:01:43.674621,2,2,120.4,0.4,120.2,50,120.1,100,,,,,,,,,,,,,,,,,120.6,100,120.7,100,,,,,,,,,,,,,,,,
2026-07-03T22:01:44.237318+00:00,2026-07-03T22:01:44.230919,2,2,120.4,0.4,120.2,47,120.1,100,,,,,,,,,,,,,,,,,120.6,100,120.7,100,,,,,,,,,,,,,,,,
2026-07-03T22:01:44.997207+00:00,2026-07-03T22:01:44.997179,1,1,120.35,0.5,120.1,100,,,,,,,,,,,,,,,,,,,120.6,100,,,,,,,,,,,,,,,,,,
2026-07-03T22:01:45.049343+00:00,2026-07-03T22:01:45.049316,2,1,120.35,0.5,120.1,100,119.7,150,,,,,,,,,,,,,,,,,120.6,100,,,,,,,,,,,,,,,,,,
2026-07-03T22:01:45.106825+00:00,2026-07-03T22:01:45.106718,2,2,120.15,0.1,120.1,100,119.7,150,,,,,,,,,,,,,,,,,120.2,150,120.6,100,,,,,,,,,,,,,,,,
2026-07-03T22:01:46.730734+00:00,2026-07-03T22:01:46.730877,1,1,119.95,0.5,119.7,150,,,,,,,,,,,,,,,,,,,120.2,150,,,,,,,,,,,,,,,,,,
2026-07-03T22:01:46.783319+00:00,2026-07-03T22:01:46.783292,2,1,120.05,0.3,119.9,100,119.7,150,,,,,,,,,,,,,,,,,120.2,150,,,,,,,,,,,,,,,,,,
2026-07-03T22:01:46.840972+00:00,2026-07-03T22:01:46.840851,2,2,120.05,0.3,119.9,100,119.7,150,,,,,,,,,,,,,,,,,120.2,150,120.4,100,,,,,,,,,,,,,,,,
2026-07-03T22:01:47.635696+00:00,2026-07-03T22:01:47.635923,2,2,120.05,0.3,119.9,57,119.7,150,,,,,,,,,,,,,,,,,120.2,150,120.4,100,,,,,,,,,,,,,,,,
2026-07-03T22:01:47.868830+00:00,2026-07-03T22:01:47.868796,2,2,120.05,0.3,119.9,57,119.7,150,,,,,,,,,,,,,,,,,120.2,100,120.4,100,,,,,,,,,,,,,,,,
2026-07-03T22:01:48.158650+00:00,2026-07-03T22:01:48.155500,1,1,120.15,0.5,119.9,57,,,,,,,,,,,,,,,,,,,120.4,100,,,,,,,,,,,,,,,,,,
2026-07-03T22:01:48.208439+00:00,2026-07-03T22:01:48.204525,2,1,120.2,0.4,120.0,150,119.9,57,,,,,,,,,,,,,,,,,120.4,100,,,,,,,,,,,,,,,,,,
2026-07-03T22:01:48.265496+00:00,2026-07-03T22:01:48.265462,2,2,120.2,0.4,120.0,150,119.9,57,,,,,,,,,,,,,,,,,120.4,100,120.5,150,,,,,,,,,,,,,,,,
2026-07-03T22:01:48.822154+00:00,2026-07-03T22:01:48.822092,2,2,120.2,0.4,120.0,108,119.9,57,,,,,,,,,,,,,,,,,120.4,100,120.5,150,,,,,,,,,,,,,,,,
2026-07-03T22:01:49.892262+00:00,2026-07-03T22:01:49.892131,2,1,120.25,0.5,120.0,108,119.9,57,,,,,,,,,,,,,,,,,120.5,150,,,,,,,,,,,,,,,,,,
2026-07-03T22:01:49.897406+00:00,2026-07-03T22:01:49.897282,1,1,120.25,0.5,120.0,108,,,,,,,,,,,,,,,,,,,120.5,150,,,,,,,,,,,,,,,,,,
2026-07-03T22:01:49.950133+00:00,2026-07-03T22:01:49.950033,2,1,120.25,0.5,120.0,108,119.6,100,,,,,,,,,,,,,,,,,120.5,150,,,,,,,,,,,,,,,,,,
2026-07-03T22:01:50.002989+00:00,2026-07-03T22:01:50.002817,2,2,120.05,0.1,120.0,108,119.6,100,,,,,,,,,,,,,,,,,120.1,100,120.5,150,,,,,,,,,,,,,,,,
2026-07-03T22:01:50.029700+00:00,2026-07-03T22:01:50.029828,2,2,120.05,0.1,120.0,58,119.6,100,,,,,,,,,,,,,,,,,120.1,100,120.5,150,,,,,,,,,,,,,,,,
2026-07-03T22:01:51.321707+00:00,2026-07-03T22:01:51.321653,1,1,119.85,0.5,119.6,100,,,,,,,,,,,,,,,,,,,120.1,100,,,,,,,,,,,,,,,,,,
2026-07-03T22:01:51.375537+00:00,2026-07-03T22:01:51.375483,2,1,119.85,0.5,119.6,100,119.5,150,,,,,,,,,,,,,,,,,120.1,100,,,,,,,,,,,,,,,,,,
2026-07-03T22:01:51.428071+00:00,2026-07-03T22:01:51.428033,2,2,119.8,0.4,119.6,100,119.5,150,,,,,,,,,,,,,,,,,120.0,150,120.1,100,,,,,,,,,,,,,,,,
2026-07-03T22:01:52.137477+00:00,2026-07-03T22:01:52.137429,2,2,119.8,0.4,119.6,50,119.5,150,,,,,,,,,,,,,,,,,120.0,150,120.1,100,,,,,,,,,,,,,,,,
2026-07-03T22:01:53.058646+00:00,2026-07-03T22:01:53.057487,1,1,119.75,0.5,119.5,150,,,,,,,,,,,,,,,,,,,120.0,150,,,,,,,,,,,,,,,,,,
2026-07-03T22:01:53.112871+00:00,2026-07-03T22:01:53.112789,2,1,119.75,0.5,119.5,150,119.3,100,,,,,,,,,,,,,,,,,120.0,150,,,,,,,,,,,,,,,,,,
2026-07-03T22:01:53.165437+00:00,2026-07-03T22:01:53.165572,2,2,119.65,0.3,119.5,150,119.3,100,,,,,,,,,,,,,,,,,119.8,100,120.0,150,,,,,,,,,,,,,,,,
2026-07-03T22:01:53.413455+00:00,2026-07-03T22:01:53.397980,2,2,119.65,0.3,119.5,150,119.3,100,,,,,,,,,,,,,,,,,119.8,97,120.0,150,,,,,,,,,,,,,,,,
2026-07-03T22:01:54.244802+00:00,2026-07-03T22:01:54.244738,2,2,119.65,0.3,119.5,100,119.3,100,,,,,,,,,,,,,,,,,119.8,97,120.0,150,,,,,,,,,,,,,,,,
2026-07-03T22:01:54.479220+00:00,2026-07-03T22:01:54.479336,1,1,119.55,0.5,119.3,100,,,,,,,,,,,,,,,,,,,119.8,97,,,,,,,,,,,,,,,,,,
2026-07-03T22:01:54.534647+00:00,2026-07-03T22:01:54.534736,1,1,119.55,0.5,119.3,250,,,,,,,,,,,,,,,,,,,119.8,97,,,,,,,,,,,,,,,,,,
2026-07-03T22:01:54.585237+00:00,2026-07-03T22:01:54.585152,1,1,119.55,0.5,119.3,250,,,,,,,,,,,,,,,,,,,119.8,247,,,,,,,,,,,,,,,,,,
2026-07-03T22:01:56.218723+00:00,2026-07-03T22:01:56.218597,1,1,119.55,0.5,119.3,150,,,,,,,,,,,,,,,,,,,119.8,150,,,,,,,,,,,,,,,,,,
2026-07-03T22:01:56.270942+00:00,2026-07-03T22:01:56.270870,2,1,119.6,0.4,119.4,100,119.3,150,,,,,,,,,,,,,,,,,119.8,150,,,,,,,,,,,,,,,,,,
2026-07-03T22:01:56.300672+00:00,2026-07-03T22:01:56.300544,2,1,119.6,0.4,119.4,100,119.3,150,,,,,,,,,,,,,,,,,119.8,100,,,,,,,,,,,,,,,,,,
2026-07-03T22:01:56.326488+00:00,2026-07-03T22:01:56.326418,2,2,119.6,0.4,119.4,100,119.3,150,,,,,,,,,,,,,,,,,119.8,100,119.9,100,,,,,,,,,,,,,,,,
2026-07-03T22:01:57.043251+00:00,2026-07-03T22:01:57.026922,2,2,119.6,0.4,119.4,100,119.3,150,,,,,,,,,,,,,,,,,119.8,89,119.9,100,,,,,,,,,,,,,,,,
2026-07-03T22:01:57.636333+00:00,2026-07-03T22:01:57.636229,1,1,119.65,0.5,119.4,100,,,,,,,,,,,,,,,,,,,119.9,100,,,,,,,,,,,,,,,,,,
2026-07-03T22:01:57.688794+00:00,2026-07-03T22:01:57.688648,2,1,119.75,0.3,119.6,150,119.4,100,,,,,,,,,,,,,,,,,119.9,100,,,,,,,,,,,,,,,,,,
2026-07-03T22:01:57.741944+00:00,2026-07-03T22:01:57.741898,2,2,119.75,0.3,119.6,150,119.4,100,,,,,,,,,,,,,,,,,119.9,100,120.1,150,,,,,,,,,,,,,,,,
2026-07-03T22:01:58.406868+00:00,2026-07-03T22:01:58.406796,2,2,119.75,0.3,119.6,150,119.4,100,,,,,,,,,,,,,,,,,119.9,50,120.1,150,,,,,,,,,,,,,,,,
2026-07-03T22:01:59.029820+00:00,2026-07-03T22:01:59.029697,2,2,119.75,0.3,119.6,150,119.4,100,,,,,,,,,,,,,,,,,119.9,8,120.1,150,,,,,,,,,,,,,,,,
2026-07-03T22:01:59.380104+00:00,2026-07-03T22:01:59.380027,1,1,119.85,0.5,119.6,150,,,,,,,,,,,,,,,,,,,120.1,150,,,,,,,,,,,,,,,,,,
2026-07-03T22:01:59.434248+00:00,2026-07-03T22:01:59.434209,2,1,119.95,0.3,119.8,100,119.6,150,,,,,,,,,,,,,,,,,120.1,150,,,,,,,,,,,,,,,,,,
2026-07-03T22:01:59.487062+00:00,2026-07-03T22:01:59.487027,2,2,119.95,0.3,119.8,100,119.6,150,,,,,,,,,,,,,,,,,120.1,150,120.3,100,,,,,,,,,,,,,,,,
2026-07-03T22:02:00.122347+00:00,2026-07-03T22:02:00.122231,2,2,119.95,0.3,119.8,100,119.6,150,,,,,,,,,,,,,,,,,120.1,105,120.3,100,,,,,,,,,,,,,,,,
2026-07-03T22:02:00.558586+00:00,2026-07-03T22:02:00.557761,2,2,119.95,0.3,119.8,50,119.6,150,,,,,,,,,,,,,,,,,120.1,105,120.3,100,,,,,,,,,,,,,,,,
2026-07-03T22:02:00.728573+00:00,2026-07-03T22:02:00.728418,2,2,119.95,0.3,119.8,50,119.6,150,,,,,,,,,,,,,,,,,120.1,57,120.3,100,,,,,,,,,,,,,,,,
2026-07-03T22:02:00.800148+00:00,2026-07-03T22:02:00.800010,1,1,120.05,0.5,119.8,50,,,,,,,,,,,,,,,,,,,120.3,100,,,,,,,,,,,,,,,,,,
2026-07-03T22:02:00.863341+00:00,2026-07-03T22:02:00.854137,2,1,120.25,0.1,120.2,139,119.8,50,,,,,,,,,,,,,,,,,120.3,100,,,,,,,,,,,,,,,,,,
2026-07-03T22:02:00.907324+00:00,2026-07-03T22:02:00.907423,2,2,120.25,0.1,120.2,139,119.8,50,,,,,,,,,,,,,,,,,120.3,100,120.7,150,,,,,,,,,,,,,,,,
2026-07-03T22:02:01.295778+00:00,2026-07-03T22:02:01.245763,2,2,120.25,0.1,120.2,136,119.8,50,,,,,,,,,,,,,,,,,120.3,100,120.7,150,,,,,,,,,,,,,,,,
2026-07-03T22:02:02.543081+00:00,2026-07-03T22:02:02.542975,1,1,120.45,0.5,120.2,136,,,,,,,,,,,,,,,,,,,120.7,150,,,,,,,,,,,,,,,,,,
2026-07-03T22:02:02.598006+00:00,2026-07-03T22:02:02.597902,2,1,120.45,0.5,120.2,136,119.7,100,,,,,,,,,,,,,,,,,120.7,150,,,,,,,,,,,,,,,,,,
2026-07-03T22:02:02.658581+00:00,2026-07-03T22:02:02.650279,2,1,120.45,0.5,120.2,36,119.7,100,,,,,,,,,,,,,,,,,120.7,150,,,,,,,,,,,,,,,,,,
2026-07-03T22:02:02.672458+00:00,2026-07-03T22:02:02.672629,1,1,120.2,1.0,119.7,86,,,,,,,,,,,,,,,,,,,120.7,150,,,,,,,,,,,,,,,,,,
2026-07-03T22:02:03.312294+00:00,2026-07-03T22:02:03.312263,1,1,120.2,1.0,119.7,40,,,,,,,,,,,,,,,,,,,120.7,150,,,,,,,,,,,,,,,,,,
2026-07-03T22:02:03.824601+00:00,2026-07-03T22:02:03.824543,0,1,,,,,,,,,,,,,,,,,,,,,,,120.7,150,,,,,,,,,,,,,,,,,,
2026-07-03T22:02:03.956291+00:00,2026-07-03T22:02:03.956438,0,0,,,,,,,,,,,,,,,,,,,,,,,,,,,,,,,,,,,,,,,,,,
2026-07-03T22:02:04.018377+00:00,2026-07-03T22:02:04.009167,1,0,,,119.4,150,,,,,,,,,,,,,,,,,,,,,,,,,,,,,,,,,,,,,,
2026-07-03T22:02:04.075797+00:00,2026-07-03T22:02:04.070451,1,1,119.65,0.5,119.4,150,,,,,,,,,,,,,,,,,,,119.9,147,,,,,,,,,,,,,,,,,,
2026-07-03T22:02:04.729090+00:00,2026-07-03T22:02:04.728957,1,1,119.65,0.5,119.4,150,,,,,,,,,,,,,,,,,,,119.9,97,,,,,,,,,,,,,,,,,,
2026-07-03T22:02:05.758562+00:00,2026-07-03T22:02:05.753082,2,1,119.75,0.3,119.6,100,119.4,150,,,,,,,,,,,,,,,,,119.9,97,,,,,,,,,,,,,,,,,,
2026-07-03T22:02:05.812764+00:00,2026-07-03T22:02:05.812969,2,2,119.75,0.3,119.6,100,119.4,150,,,,,,,,,,,,,,,,,119.9,97,120.1,100,,,,,,,,,,,,,,,,
2026-07-03T22:02:06.836404+00:00,2026-07-03T22:02:06.836264,2,2,119.75,0.3,119.6,100,119.4,150,,,,,,,,,,,,,,,,,119.9,47,120.1,100,,,,,,,,,,,,,,,,
2026-07-03T22:02:07.119616+00:00,2026-07-03T22:02:07.119500,1,1,119.85,0.5,119.6,100,,,,,,,,,,,,,,,,,,,120.1,100,,,,,,,,,,,,,,,,,,
2026-07-03T22:02:07.174147+00:00,2026-07-03T22:02:07.174235,2,1,119.9,0.4,119.7,150,119.6,100,,,,,,,,,,,,,,,,,120.1,100,,,,,,,,,,,,,,,,,,
2026-07-03T22:02:07.227562+00:00,2026-07-03T22:02:07.227513,2,2,119.9,0.4,119.7,150,119.6,100,,,,,,,,,,,,,,,,,120.1,100,120.2,150,,,,,,,,,,,,,,,,
2026-07-03T22:02:08.764025+00:00,2026-07-03T22:02:08.764149,2,2,119.9,0.4,119.7,150,119.6,100,,,,,,,,,,,,,,,,,120.1,53,120.2,150,,,,,,,,,,,,,,,,
2026-07-03T22:02:08.868228+00:00,2026-07-03T22:02:08.868075,1,1,119.95,0.5,119.7,150,,,,,,,,,,,,,,,,,,,120.2,150,,,,,,,,,,,,,,,,,,
2026-07-03T22:02:08.920051+00:00,2026-07-03T22:02:08.919885,2,1,119.95,0.5,119.7,150,119.6,100,,,,,,,,,,,,,,,,,120.2,150,,,,,,,,,,,,,,,,,,
2026-07-03T22:02:08.940919+00:00,2026-07-03T22:02:08.940804,2,1,119.95,0.5,119.7,150,119.6,100,,,,,,,,,,,,,,,,,120.2,100,,,,,,,,,,,,,,,,,,
2026-07-03T22:02:08.974253+00:00,2026-07-03T22:02:08.974115,2,2,119.9,0.4,119.7,150,119.6,100,,,,,,,,,,,,,,,,,120.1,100,120.2,100,,,,,,,,,,,,,,,,
2026-07-03T22:02:09.830864+00:00,2026-07-03T22:02:09.830758,2,2,119.9,0.4,119.7,101,119.6,100,,,,,,,,,,,,,,,,,120.1,100,120.2,100,,,,,,,,,,,,,,,,
2026-07-03T22:02:10.289366+00:00,2026-07-03T22:02:10.289345,1,1,119.85,0.5,119.6,100,,,,,,,,,,,,,,,,,,,120.1,100,,,,,,,,,,,,,,,,,,
2026-07-03T22:02:10.341811+00:00,2026-07-03T22:02:10.341676,2,1,119.85,0.5,119.6,100,119.5,150,,,,,,,,,,,,,,,,,120.1,100,,,,,,,,,,,,,,,,,,
2026-07-03T22:02:10.397250+00:00,2026-07-03T22:02:10.397103,2,2,119.8,0.4,119.6,100,119.5,150,,,,,,,,,,,,,,,,,120.0,150,120.1,100,,,,,,,,,,,,,,,,
2026-07-03T22:02:11.050646+00:00,2026-07-03T22:02:11.050565,2,2,119.8,0.4,119.6,100,119.5,150,,,,,,,,,,,,,,,,,120.0,100,120.1,100,,,,,,,,,,,,,,,,
2026-07-03T22:02:11.182474+00:00,2026-07-03T22:02:11.182343,2,2,119.8,0.4,119.6,100,119.5,150,,,,,,,,,,,,,,,,,120.0,59,120.1,100,,,,,,,,,,,,,,,,
2026-07-03T22:02:12.025667+00:00,2026-07-03T22:02:12.025874,2,1,119.8,0.4,119.6,100,119.5,150,,,,,,,,,,,,,,,,,120.0,59,,,,,,,,,,,,,,,,,,
2026-07-03T22:02:12.031165+00:00,2026-07-03T22:02:12.031059,1,1,119.75,0.5,119.5,150,,,,,,,,,,,,,,,,,,,120.0,59,,,,,,,,,,,,,,,,,,
2026-07-03T22:02:12.085654+00:00,2026-07-03T22:02:12.085593,2,1,119.75,0.5,119.5,150,119.4,100,,,,,,,,,,,,,,,,,120.0,59,,,,,,,,,,,,,,,,,,
2026-07-03T22:02:12.139993+00:00,2026-07-03T22:02:12.139763,2,2,119.7,0.4,119.5,150,119.4,100,,,,,,,,,,,,,,,,,119.9,100,120.0,59,,,,,,,,,,,,,,,,
2026-07-03T22:02:13.158008+00:00,2026-07-03T22:02:13.157878,2,2,119.7,0.4,119.5,150,119.4,100,,,,,,,,,,,,,,,,,119.9,50,120.0,59,,,,,,,,,,,,,,,,
2026-07-03T22:02:13.458701+00:00,2026-07-03T22:02:13.451303,1,1,119.65,0.5,119.4,100,,,,,,,,,,,,,,,,,,,119.9,50,,,,,,,,,,,,,,,,,,
2026-07-03T22:02:13.521540+00:00,2026-07-03T22:02:13.516007,2,1,119.8,0.2,119.7,147,119.4,100,,,,,,,,,,,,,,,,,119.9,50,,,,,,,,,,,,,,,,,,
2026-07-03T22:02:13.565093+00:00,2026-07-03T22:02:13.564987,2,2,119.8,0.2,119.7,147,119.4,100,,,,,,,,,,,,,,,,,119.9,50,120.2,150,,,,,,,,,,,,,,,,
2026-07-03T22:02:15.195089+00:00,2026-07-03T22:02:15.195040,1,1,119.95,0.5,119.7,147,,,,,,,,,,,,,,,,,,,120.2,150,,,,,,,,,,,,,,,,,,
2026-07-03T22:02:15.251284+00:00,2026-07-03T22:02:15.251190,1,1,119.95,0.5,119.7,104,,,,,,,,,,,,,,,,,,,120.2,150,,,,,,,,,,,,,,,,,,
2026-07-03T22:02:15.256265+00:00,2026-07-03T22:02:15.256525,2,1,119.95,0.5,119.7,104,119.5,100,,,,,,,,,,,,,,,,,120.2,100,,,,,,,,,,,,,,,,,,
2026-07-03T22:02:15.305644+00:00,2026-07-03T22:02:15.305554,2,2,119.85,0.3,119.7,104,119.5,100,,,,,,,,,,,,,,,,,120.0,100,120.2,100,,,,,,,,,,,,,,,,
2026-07-03T22:02:16.618791+00:00,2026-07-03T22:02:16.618702,1,1,119.75,0.5,119.5,100,,,,,,,,,,,,,,,,,,,120.0,100,,,,,,,,,,,,,,,,,,
2026-07-03T22:02:16.674020+00:00,2026-07-03T22:02:16.673869,2,1,119.9,0.2,119.8,150,119.5,100,,,,,,,,,,,,,,,,,120.0,100,,,,,,,,,,,,,,,,,,
2026-07-03T22:02:16.726540+00:00,2026-07-03T22:02:16.726472,2,2,119.9,0.2,119.8,150,119.5,100,,,,,,,,,,,,,,,,,120.0,100,120.3,150,,,,,,,,,,,,,,,,
2026-07-03T22:02:17.371441+00:00,2026-07-03T22:02:17.371309,2,2,119.9,0.2,119.8,150,119.5,100,,,,,,,,,,,,,,,,,120.0,50,120.3,150,,,,,,,,,,,,,,,,
2026-07-03T22:02:18.358610+00:00,2026-07-03T22:02:18.356212,1,1,120.05,0.5,119.8,150,,,,,,,,,,,,,,,,,,,120.3,150,,,,,,,,,,,,,,,,,,
2026-07-03T22:02:18.415981+00:00,2026-07-03T22:02:18.415830,2,1,120.05,0.5,119.8,150,119.7,100,,,,,,,,,,,,,,,,,120.3,150,,,,,,,,,,,,,,,,,,
2026-07-03T22:02:18.455147+00:00,2026-07-03T22:02:18.457783,2,2,120.0,0.4,119.8,150,119.7,100,,,,,,,,,,,,,,,,,120.2,100,120.3,150,,,,,,,,,,,,,,,,
2026-07-03T22:02:19.477521+00:00,2026-07-03T22:02:19.477495,2,2,120.0,0.4,119.8,150,119.7,100,,,,,,,,,,,,,,,,,120.2,50,120.3,150,,,,,,,,,,,,,,,,
2026-07-03T22:02:19.631168+00:00,2026-07-03T22:02:19.625746,2,2,120.0,0.4,119.8,136,119.7,100,,,,,,,,,,,,,,,,,120.2,50,120.3,150,,,,,,,,,,,,,,,,
2026-07-03T22:02:19.778950+00:00,2026-07-03T22:02:19.779104,1,1,119.95,0.5,119.7,100,,,,,,,,,,,,,,,,,,,120.2,50,,,,,,,,,,,,,,,,,,
2026-07-03T22:02:19.834494+00:00,2026-07-03T22:02:19.834377,2,1,119.95,0.5,119.7,100,119.4,150,,,,,,,,,,,,,,,,,120.2,50,,,,,,,,,,,,,,,,,,
2026-07-03T22:02:19.885815+00:00,2026-07-03T22:02:19.885748,2,2,119.8,0.2,119.7,100,119.4,150,,,,,,,,,,,,,,,,,119.9,150,120.2,50,,,,,,,,,,,,,,,,
2026-07-03T22:02:20.713794+00:00,2026-07-03T22:02:20.713682,2,2,119.8,0.2,119.7,100,119.4,150,,,,,,,,,,,,,,,,,119.9,109,120.2,50,,,,,,,,,,,,,,,,
2026-07-03T22:02:20.769267+00:00,2026-07-03T22:02:20.769108,2,2,119.8,0.2,119.7,57,119.4,150,,,,,,,,,,,,,,,,,119.9,109,120.2,50,,,,,,,,,,,,,,,,
2026-07-03T22:02:21.516851+00:00,2026-07-03T22:02:21.516802,2,1,119.8,0.2,119.7,57,119.4,150,,,,,,,,,,,,,,,,,119.9,109,,,,,,,,,,,,,,,,,,
2026-07-03T22:02:21.522055+00:00,2026-07-03T22:02:21.521962,1,1,119.65,0.5,119.4,150,,,,,,,,,,,,,,,,,,,119.9,109,,,,,,,,,,,,,,,,,,
2026-07-03T22:02:21.575865+00:00,2026-07-03T22:02:21.575820,2,1,119.75,0.3,119.6,100,119.4,150,,,,,,,,,,,,,,,,,119.9,109,,,,,,,,,,,,,,,,,,
2026-07-03T22:02:21.581155+00:00,2026-07-03T22:02:21.581033,2,1,119.75,0.3,119.6,100,119.4,150,,,,,,,,,,,,,,,,,119.9,59,,,,,,,,,,,,,,,,,,
2026-07-03T22:02:21.626159+00:00,2026-07-03T22:02:21.626008,2,2,119.75,0.3,119.6,100,119.4,150,,,,,,,,,,,,,,,,,119.9,59,120.1,100,,,,,,,,,,,,,,,,
2026-07-03T22:02:22.831876+00:00,2026-07-03T22:02:22.831786,2,2,119.75,0.3,119.6,100,119.4,150,,,,,,,,,,,,,,,,,119.9,15,120.1,100,,,,,,,,,,,,,,,,
2026-07-03T22:02:22.885552+00:00,2026-07-03T22:02:22.885442,2,2,119.75,0.3,119.6,57,119.4,150,,,,,,,,,,,,,,,,,119.9,15,120.1,100,,,,,,,,,,,,,,,,
2026-07-03T22:02:22.939252+00:00,2026-07-03T22:02:22.939212,1,1,119.85,0.5,119.6,57,,,,,,,,,,,,,,,,,,,120.1,100,,,,,,,,,,,,,,,,,,
2026-07-03T22:02:22.998579+00:00,2026-07-03T22:02:22.998400,2,0,,,120.2,50,119.6,57,,,,,,,,,,,,,,,,,,,,,,,,,,,,,,,,,,,,
2026-07-03T22:02:23.077749+00:00,2026-07-03T22:02:23.071808,2,1,120.45,0.5,120.2,38,119.6,57,,,,,,,,,,,,,,,,,120.7,150,,,,,,,,,,,,,,,,,,
2026-07-03T22:02:23.464598+00:00,2026-07-03T22:02:23.464472,1,1,120.15,1.1,119.6,55,,,,,,,,,,,,,,,,,,,120.7,150,,,,,,,,,,,,,,,,,,
2026-07-03T22:02:23.689653+00:00,2026-07-03T22:02:23.689572,1,1,120.15,1.1,119.6,55,,,,,,,,,,,,,,,,,,,120.7,100,,,,,,,,,,,,,,,,,,
2026-07-03T22:02:24.682404+00:00,2026-07-03T22:02:24.682309,0,1,,,,,,,,,,,,,,,,,,,,,,,120.7,100,,,,,,,,,,,,,,,,,,
2026-07-03T22:02:24.735059+00:00,2026-07-03T22:02:24.735026,1,1,120.2,1.0,119.7,100,,,,,,,,,,,,,,,,,,,120.7,100,,,,,,,,,,,,,,,,,,
2026-07-03T22:02:24.788248+00:00,2026-07-03T22:02:24.788203,1,2,119.95,0.5,119.7,100,,,,,,,,,,,,,,,,,,,120.2,100,120.7,100,,,,,,,,,,,,,,,,
2026-07-03T22:02:25.797420+00:00,2026-07-03T22:02:25.797288,1,2,119.95,0.5,119.7,100,,,,,,,,,,,,,,,,,,,120.2,50,120.7,100,,,,,,,,,,,,,,,,
2026-07-03T22:02:26.111991+00:00,2026-07-03T22:02:26.111877,1,1,119.95,0.5,119.7,100,,,,,,,,,,,,,,,,,,,120.2,50,,,,,,,,,,,,,,,,,,
2026-07-03T22:02:26.166105+00:00,2026-07-03T22:02:26.165954,2,1,120.05,0.3,119.9,150,119.7,100,,,,,,,,,,,,,,,,,120.2,50,,,,,,,,,,,,,,,,,,
2026-07-03T22:02:26.228855+00:00,2026-07-03T22:02:26.218804,2,2,120.05,0.3,119.9,150,119.7,100,,,,,,,,,,,,,,,,,120.2,50,120.4,150,,,,,,,,,,,,,,,,
2026-07-03T22:02:27.848851+00:00,2026-07-03T22:02:27.848733,1,1,120.15,0.5,119.9,150,,,,,,,,,,,,,,,,,,,120.4,150,,,,,,,,,,,,,,,,,,
2026-07-03T22:02:27.904965+00:00,2026-07-03T22:02:27.904904,2,1,120.2,0.4,120.0,100,119.9,150,,,,,,,,,,,,,,,,,120.4,100,,,,,,,,,,,,,,,,,,
2026-07-03T22:02:27.958696+00:00,2026-07-03T22:02:27.953069,2,2,120.2,0.4,120.0,100,119.9,150,,,,,,,,,,,,,,,,,120.4,100,120.5,100,,,,,,,,,,,,,,,,
2026-07-03T22:02:28.429340+00:00,2026-07-03T22:02:28.429308,2,2,120.2,0.4,120.0,60,119.9,150,,,,,,,,,,,,,,,,,120.4,100,120.5,100,,,,,,,,,,,,,,,,
2026-07-03T22:02:29.278720+00:00,2026-07-03T22:02:29.278642,1,1,120.25,0.5,120.0,60,,,,,,,,,,,,,,,,,,,120.5,100,,,,,,,,,,,,,,,,,,
2026-07-03T22:02:29.334097+00:00,2026-07-03T22:02:29.334210,1,1,120.25,0.5,120.0,210,,,,,,,,,,,,,,,,,,,120.5,100,,,,,,,,,,,,,,,,,,
2026-07-03T22:02:29.388534+00:00,2026-07-03T22:02:29.388455,1,1,120.25,0.5,120.0,210,,,,,,,,,,,,,,,,,,,120.5,250,,,,,,,,,,,,,,,,,,
2026-07-03T22:02:30.060767+00:00,2026-07-03T22:02:30.060702,1,1,120.25,0.5,120.0,160,,,,,,,,,,,,,,,,,,,120.5,250,,,,,,,,,,,,,,,,,,
2026-07-03T22:02:31.012195+00:00,2026-07-03T22:02:31.012109,1,1,120.25,0.5,120.0,150,,,,,,,,,,,,,,,,,,,120.5,150,,,,,,,,,,,,,,,,,,
2026-07-03T22:02:31.066087+00:00,2026-07-03T22:02:31.065979,2,1,120.25,0.5,120.0,150,119.7,100,,,,,,,,,,,,,,,,,120.5,150,,,,,,,,,,,,,,,,,,
2026-07-03T22:02:31.118550+00:00,2026-07-03T22:02:31.118490,2,2,120.1,0.2,120.0,150,119.7,100,,,,,,,,,,,,,,,,,120.2,100,120.5,150,,,,,,,,,,,,,,,,
2026-07-03T22:02:31.441785+00:00,2026-07-03T22:02:31.441676,2,2,120.1,0.2,120.0,150,119.7,100,,,,,,,,,,,,,,,,,120.2,52,120.5,150,,,,,,,,,,,,,,,,
2026-07-03T22:02:32.166950+00:00,2026-07-03T22:02:32.166911,2,2,120.1,0.2,120.0,100,119.7,100,,,,,,,,,,,,,,,,,120.2,52,120.5,150,,,,,,,,,,,,,,,,
2026-07-03T22:02:32.442224+00:00,2026-07-03T22:02:32.442179,1,1,119.95,0.5,119.7,100,,,,,,,,,,,,,,,,,,,120.2,52,,,,,,,,,,,,,,,,,,
2026-07-03T22:02:32.494429+00:00,2026-07-03T22:02:32.494358,2,1,120.0,0.4,119.8,150,119.7,100,,,,,,,,,,,,,,,,,120.2,52,,,,,,,,,,,,,,,,,,
2026-07-03T22:02:32.549349+00:00,2026-07-03T22:02:32.549475,2,2,120.0,0.4,119.8,150,119.7,100,,,,,,,,,,,,,,,,,120.2,52,120.3,150,,,,,,,,,,,,,,,,
2026-07-03T22:02:32.855885+00:00,2026-07-03T22:02:32.856009,2,2,120.0,0.4,119.8,150,119.7,100,,,,,,,,,,,,,,,,,120.2,8,120.3,150,,,,,,,,,,,,,,,,
2026-07-03T22:02:34.172158+00:00,2026-07-03T22:02:34.172073,1,1,120.05,0.5,119.8,150,,,,,,,,,,,,,,,,,,,120.3,150,,,,,,,,,,,,,,,,,,
2026-07-03T22:02:34.225308+00:00,2026-07-03T22:02:34.225244,2,1,120.15,0.3,120.0,100,119.8,150,,,,,,,,,,,,,,,,,120.3,150,,,,,,,,,,,,,,,,,,
2026-07-03T22:02:34.277514+00:00,2026-07-03T22:02:34.277417,2,2,120.15,0.3,120.0,100,119.8,150,,,,,,,,,,,,,,,,,120.3,150,120.5,100,,,,,,,,,,,,,,,,
2026-07-03T22:02:34.975320+00:00,2026-07-03T22:02:34.975506,2,2,120.15,0.3,120.0,53,119.8,150,,,,,,,,,,,,,,,,,120.3,150,120.5,100,,,,,,,,,,,,,,,,
2026-07-03T22:02:35.607642+00:00,2026-07-03T22:02:35.607619,1,1,120.25,0.5,120.0,53,,,,,,,,,,,,,,,,,,,120.5,100,,,,,,,,,,,,,,,,,,
2026-07-03T22:02:35.660877+00:00,2026-07-03T22:02:35.660800,2,1,120.25,0.5,120.0,53,119.9,150,,,,,,,,,,,,,,,,,120.5,100,,,,,,,,,,,,,,,,,,
2026-07-03T22:02:35.732315+00:00,2026-07-03T22:02:35.732210,2,2,120.2,0.4,120.0,53,119.9,150,,,,,,,,,,,,,,,,,120.4,150,120.5,100,,,,,,,,,,,,,,,,
2026-07-03T22:02:35.969151+00:00,2026-07-03T22:02:35.969013,2,2,120.2,0.4,120.0,4,119.9,150,,,,,,,,,,,,,,,,,120.4,150,120.5,100,,,,,,,,,,,,,,,,
2026-07-03T22:02:36.397644+00:00,2026-07-03T22:02:36.397849,1,2,120.15,0.5,119.9,104,,,,,,,,,,,,,,,,,,,120.4,150,120.5,100,,,,,,,,,,,,,,,,
2026-07-03T22:02:37.329311+00:00,2026-07-03T22:02:37.329184,1,1,120.15,0.5,119.9,104,,,,,,,,,,,,,,,,,,,120.4,150,,,,,,,,,,,,,,,,,,
2026-07-03T22:02:37.378718+00:00,2026-07-03T22:02:37.378593,2,1,120.15,0.5,119.9,104,119.7,100,,,,,,,,,,,,,,,,,120.4,150,,,,,,,,,,,,,,,,,,
2026-07-03T22:02:37.433982+00:00,2026-07-03T22:02:37.433899,2,2,120.05,0.3,119.9,104,119.7,100,,,,,,,,,,,,,,,,,120.2,100,120.4,150,,,,,,,,,,,,,,,,
2026-07-03T22:02:38.509358+00:00,2026-07-03T22:02:38.509292,2,2,120.05,0.3,119.9,54,119.7,100,,,,,,,,,,,,,,,,,120.2,100,120.4,150,,,,,,,,,,,,,,,,
2026-07-03T22:02:38.787515+00:00,2026-07-03T22:02:38.787632,1,1,119.95,0.5,119.7,100,,,,,,,,,,,,,,,,,,,120.2,100,,,,,,,,,,,,,,,,,,
2026-07-03T22:02:38.840244+00:00,2026-07-03T22:02:38.840198,2,1,119.95,0.5,119.7,100,119.5,150,,,,,,,,,,,,,,,,,120.2,100,,,,,,,,,,,,,,,,,,
2026-07-03T22:02:38.902066+00:00,2026-07-03T22:02:38.896454,2,2,119.85,0.3,119.7,100,119.5,150,,,,,,,,,,,,,,,,,120.0,138,120.2,100,,,,,,,,,,,,,,,,
2026-07-03T22:02:40.488870+00:00,2026-07-03T22:02:40.488983,1,1,119.75,0.5,119.5,150,,,,,,,,,,,,,,,,,,,120.0,138,,,,,,,,,,,,,,,,,,
2026-07-03T22:02:40.543071+00:00,2026-07-03T22:02:40.543148,2,1,119.85,0.3,119.7,100,119.5,150,,,,,,,,,,,,,,,,,120.0,138,,,,,,,,,,,,,,,,,,
2026-07-03T22:02:40.585032+00:00,2026-07-03T22:02:40.584898,2,1,119.85,0.3,119.7,100,119.5,150,,,,,,,,,,,,,,,,,120.0,89,,,,,,,,,,,,,,,,,,
2026-07-03T22:02:40.595415+00:00,2026-07-03T22:02:40.595254,2,2,119.85,0.3,119.7,100,119.5,150,,,,,,,,,,,,,,,,,120.0,89,120.2,100,,,,,,,,,,,,,,,,
2026-07-03T22:02:40.615331+00:00,2026-07-03T22:02:40.609589,2,2,119.85,0.3,119.7,100,119.5,150,,,,,,,,,,,,,,,,,120.0,78,120.2,100,,,,,,,,,,,,,,,,
2026-07-03T22:02:40.637376+00:00,2026-07-03T22:02:40.637549,2,2,119.85,0.3,119.7,50,119.5,150,,,,,,,,,,,,,,,,,120.0,78,120.2,100,,,,,,,,,,,,,,,,
2026-07-03T22:02:41.947095+00:00,2026-07-03T22:02:41.947235,2,1,119.95,0.5,119.7,50,119.5,150,,,,,,,,,,,,,,,,,120.2,100,,,,,,,,,,,,,,,,,,
2026-07-03T22:02:41.952453+00:00,2026-07-03T22:02:41.952387,1,1,119.95,0.5,119.7,50,,,,,,,,,,,,,,,,,,,120.2,100,,,,,,,,,,,,,,,,,,
2026-07-03T22:02:42.002609+00:00,2026-07-03T22:02:42.002542,2,1,120.0,0.4,119.8,150,119.7,50,,,,,,,,,,,,,,,,,120.2,100,,,,,,,,,,,,,,,,,,
2026-07-03T22:02:42.058571+00:00,2026-07-03T22:02:42.056398,2,2,120.0,0.4,119.8,150,119.7,50,,,,,,,,,,,,,,,,,120.2,100,120.3,150,,,,,,,,,,,,,,,,
2026-07-03T22:02:42.745473+00:00,2026-07-03T22:02:42.745435,2,2,120.0,0.4,119.8,100,119.7,50,,,,,,,,,,,,,,,,,120.2,100,120.3,150,,,,,,,,,,,,,,,,
2026-07-03T22:02:43.658613+00:00,2026-07-03T22:02:43.658441,1,1,120.05,0.5,119.8,100,,,,,,,,,,,,,,,,,,,120.3,150,,,,,,,,,,,,,,,,,,
2026-07-03T22:02:43.701476+00:00,2026-07-03T22:02:43.701418,2,1,120.05,0.5,119.8,100,119.6,100,,,,,,,,,,,,,,,,,120.3,150,,,,,,,,,,,,,,,,,,
2026-07-03T22:02:43.763830+00:00,2026-07-03T22:02:43.763779,2,2,119.95,0.3,119.8,100,119.6,100,,,,,,,,,,,,,,,,,120.1,100,120.3,150,,,,,,,,,,,,,,,,
2026-07-03T22:02:44.868691+00:00,2026-07-03T22:02:44.868826,2,2,119.95,0.3,119.8,50,119.6,100,,,,,,,,,,,,,,,,,120.1,100,120.3,150,,,,,,,,,,,,,,,,
2026-07-03T22:02:45.111248+00:00,2026-07-03T22:02:45.111225,2,1,119.95,0.3,119.8,50,119.6,100,,,,,,,,,,,,,,,,,120.1,100,,,,,,,,,,,,,,,,,,
2026-07-03T22:02:45.116529+00:00,2026-07-03T22:02:45.116413,1,1,119.85,0.5,119.6,100,,,,,,,,,,,,,,,,,,,120.1,100,,,,,,,,,,,,,,,,,,
2026-07-03T22:02:45.166693+00:00,2026-07-03T22:02:45.166646,2,1,119.85,0.5,119.6,100,119.5,150,,,,,,,,,,,,,,,,,120.1,100,,,,,,,,,,,,,,,,,,
2026-07-03T22:02:45.219749+00:00,2026-07-03T22:02:45.219601,2,2,119.8,0.4,119.6,100,119.5,150,,,,,,,,,,,,,,,,,120.0,150,120.1,100,,,,,,,,,,,,,,,,
2026-07-03T22:02:45.867790+00:00,2026-07-03T22:02:45.862374,2,2,119.8,0.4,119.6,100,119.5,150,,,,,,,,,,,,,,,,,120.0,147,120.1,100,,,,,,,,,,,,,,,,
2026-07-03T22:02:46.152058+00:00,2026-07-03T22:02:46.152193,2,2,119.8,0.4,119.6,100,119.5,150,,,,,,,,,,,,,,,,,120.0,98,120.1,100,,,,,,,,,,,,,,,,
2026-07-03T22:02:46.812375+00:00,2026-07-03T22:02:46.812323,1,1,119.75,0.5,119.5,150,,,,,,,,,,,,,,,,,,,120.0,98,,,,,,,,,,,,,,,,,,
2026-07-03T22:02:46.867434+00:00,2026-07-03T22:02:46.867356,2,1,119.95,0.1,119.9,100,119.5,150,,,,,,,,,,,,,,,,,120.0,98,,,,,,,,,,,,,,,,,,
2026-07-03T22:02:46.920592+00:00,2026-07-03T22:02:46.920469,2,2,119.95,0.1,119.9,100,119.5,150,,,,,,,,,,,,,,,,,120.0,98,120.4,100,,,,,,,,,,,,,,,,
2026-07-03T22:02:46.970425+00:00,2026-07-03T22:02:46.970389,2,2,119.95,0.1,119.9,50,119.5,150,,,,,,,,,,,,,,,,,120.0,98,120.4,100,,,,,,,,,,,,,,,,
2026-07-03T22:02:47.301871+00:00,2026-07-03T22:02:47.301811,2,2,119.95,0.1,119.9,50,119.5,150,,,,,,,,,,,,,,,,,120.0,52,120.4,100,,,,,,,,,,,,,,,,
2026-07-03T22:02:47.355005+00:00,2026-07-03T22:02:47.355238,2,2,119.95,0.1,119.9,9,119.5,150,,,,,,,,,,,,,,,,,120.0,52,120.4,100,,,,,,,,,,,,,,,,
2026-07-03T22:02:48.273460+00:00,2026-07-03T22:02:48.273392,2,1,120.15,0.5,119.9,9,119.5,150,,,,,,,,,,,,,,,,,120.4,100,,,,,,,,,,,,,,,,,,
2026-07-03T22:02:48.278642+00:00,2026-07-03T22:02:48.278586,1,1,120.15,0.5,119.9,9,,,,,,,,,,,,,,,,,,,120.4,100,,,,,,,,,,,,,,,,,,
2026-07-03T22:02:48.327651+00:00,2026-07-03T22:02:48.327610,2,1,120.2,0.4,120.0,150,119.9,9,,,,,,,,,,,,,,,,,120.4,100,,,,,,,,,,,,,,,,,,
2026-07-03T22:02:48.374710+00:00,2026-07-03T22:02:48.374077,2,1,120.2,0.4,120.0,105,119.9,9,,,,,,,,,,,,,,,,,120.4,100,,,,,,,,,,,,,,,,,,
2026-07-03T22:02:48.395351+00:00,2026-07-03T22:02:48.395228,2,2,120.2,0.4,120.0,105,119.9,9,,,,,,,,,,,,,,,,,120.4,100,120.5,150,,,,,,,,,,,,,,,,
2026-07-03T22:02:48.931125+00:00,2026-07-03T22:02:48.931046,2,2,120.2,0.4,120.0,64,119.9,9,,,,,,,,,,,,,,,,,120.4,100,120.5,150,,,,,,,,,,,,,,,,
2026-07-03T22:02:49.101515+00:00,2026-07-03T22:02:49.101334,2,2,120.2,0.4,120.0,14,119.9,9,,,,,,,,,,,,,,,,,120.4,100,120.5,150,,,,,,,,,,,,,,,,
2026-07-03T22:02:49.973860+00:00,2026-07-03T22:02:49.973766,1,1,120.25,0.5,120.0,14,,,,,,,,,,,,,,,,,,,120.5,150,,,,,,,,,,,,,,,,,,
2026-07-03T22:02:50.028267+00:00,2026-07-03T22:02:50.028371,2,1,120.25,0.5,120.0,14,119.4,100,,,,,,,,,,,,,,,,,120.5,150,,,,,,,,,,,,,,,,,,
2026-07-03T22:02:50.081816+00:00,2026-07-03T22:02:50.081725,1,2,119.65,0.5,119.4,100,,,,,,,,,,,,,,,,,,,119.9,86,120.5,150,,,,,,,,,,,,,,,,
2026-07-03T22:02:51.207847+00:00,2026-07-03T22:02:51.207717,1,2,119.65,0.5,119.4,50,,,,,,,,,,,,,,,,,,,119.9,86,120.5,150,,,,,,,,,,,,,,,,
2026-07-03T22:02:51.463794+00:00,2026-07-03T22:02:51.463924,1,1,119.65,0.5,119.4,50,,,,,,,,,,,,,,,,,,,119.9,86,,,,,,,,,,,,,,,,,,
2026-07-03T22:02:51.511768+00:00,2026-07-03T22:02:51.511566,2,1,119.7,0.4,119.5,150,119.4,50,,,,,,,,,,,,,,,,,119.9,86,,,,,,,,,,,,,,,,,,
2026-07-03T22:02:51.553425+00:00,2026-07-03T22:02:51.554475,2,2,119.7,0.4,119.5,150,119.4,50,,,,,,,,,,,,,,,,,119.9,86,120.0,150,,,,,,,,,,,,,,,,
2026-07-03T22:02:53.137801+00:00,2026-07-03T22:02:53.137684,1,1,119.75,0.5,119.5,150,,,,,,,,,,,,,,,,,,,120.0,150,,,,,,,,,,,,,,,,,,
2026-07-03T22:02:53.192309+00:00,2026-07-03T22:02:53.192278,2,1,119.75,0.5,119.5,150,119.3,100,,,,,,,,,,,,,,,,,120.0,150,,,,,,,,,,,,,,,,,,
2026-07-03T22:02:53.245297+00:00,2026-07-03T22:02:53.245226,2,2,119.65,0.3,119.5,150,119.3,100,,,,,,,,,,,,,,,,,119.8,100,120.0,150,,,,,,,,,,,,,,,,
2026-07-03T22:02:53.318673+00:00,2026-07-03T22:02:53.318581,2,2,119.65,0.3,119.5,100,119.3,100,,,,,,,,,,,,,,,,,119.8,100,120.0,150,,,,,,,,,,,,,,,,
2026-07-03T22:02:54.558675+00:00,2026-07-03T22:02:54.557733,2,2,119.65,0.3,119.5,100,119.3,100,,,,,,,,,,,,,,,,,119.8,58,120.0,150,,,,,,,,,,,,,,,,
2026-07-03T22:02:54.617249+00:00,2026-07-03T22:02:54.617161,1,1,119.55,0.5,119.3,100,,,,,,,,,,,,,,,,,,,119.8,58,,,,,,,,,,,,,,,,,,
2026-07-03T22:02:54.669579+00:00,2026-07-03T22:02:54.669459,2,1,119.55,0.5,119.3,100,119.1,150,,,,,,,,,,,,,,,,,119.8,58,,,,,,,,,,,,,,,,,,
2026-07-03T22:02:54.737533+00:00,2026-07-03T22:02:54.731421,2,2,119.45,0.3,119.3,100,119.1,150,,,,,,,,,,,,,,,,,119.6,147,119.8,58,,,,,,,,,,,,,,,,
2026-07-03T22:02:55.101779+00:00,2026-07-03T22:02:55.096687,2,2,119.45,0.3,119.3,100,119.1,150,,,,,,,,,,,,,,,,,119.6,136,119.8,58,,,,,,,,,,,,,,,,
2026-07-03T22:02:55.374367+00:00,2026-07-03T22:02:55.374254,2,2,119.45,0.3,119.3,100,119.1,150,,,,,,,,,,,,,,,,,119.6,86,119.8,58,,,,,,,,,,,,,,,,
2026-07-03T22:02:55.708365+00:00,2026-07-03T22:02:55.702112,2,2,119.45,0.3,119.3,100,119.1,150,,,,,,,,,,,,,,,,,119.6,74,119.8,58,,,,,,,,,,,,,,,,
2026-07-03T22:02:56.309497+00:00,2026-07-03T22:02:56.309382,1,1,119.35,0.5,119.1,150,,,,,,,,,,,,,,,,,,,119.6,74,,,,,,,,,,,,,,,,,,
2026-07-03T22:02:57.531035+00:00,2026-07-03T22:02:57.530988,1,1,119.35,0.5,119.1,100,,,,,,,,,,,,,,,,,,,119.6,74,,,,,,,,,,,,,,,,,,
2026-07-03T22:02:57.776389+00:00,2026-07-03T22:02:57.776294,0,0,,,,,,,,,,,,,,,,,,,,,,,,,,,,,,,,,,,,,,,,,,
2026-07-03T22:02:57.830398+00:00,2026-07-03T22:02:57.830225,1,0,,,119.4,150,,,,,,,,,,,,,,,,,,,,,,,,,,,,,,,,,,,,,,
2026-07-03T22:02:57.885203+00:00,2026-07-03T22:02:57.885276,1,1,119.65,0.5,119.4,150,,,,,,,,,,,,,,,,,,,119.9,150,,,,,,,,,,,,,,,,,,
2026-07-03T22:02:59.419265+00:00,2026-07-03T22:02:59.409976,2,1,119.7,0.4,119.5,100,119.4,150,,,,,,,,,,,,,,,,,119.9,150,,,,,,,,,,,,,,,,,,
2026-07-03T22:02:59.466653+00:00,2026-07-03T22:02:59.466589,2,2,119.7,0.4,119.5,100,119.4,150,,,,,,,,,,,,,,,,,119.9,150,120.0,100,,,,,,,,,,,,,,,,
2026-07-03T22:02:59.637956+00:00,2026-07-03T22:02:59.638032,2,2,119.7,0.4,119.5,50,119.4,150,,,,,,,,,,,,,,,,,119.9,150,120.0,100,,,,,,,,,,,,,,,,
2026-07-03T22:03:00.165371+00:00,2026-07-03T22:03:00.165446,2,2,119.7,0.4,119.5,50,119.4,150,,,,,,,,,,,,,,,,,119.9,107,120.0,100,,,,,,,,,,,,,,,,
2026-07-03T22:03:00.941418+00:00,2026-07-03T22:03:00.941291,1,1,119.75,0.5,119.5,50,,,,,,,,,,,,,,,,,,,120.0,100,,,,,,,,,,,,,,,,,,
2026-07-03T22:03:00.995608+00:00,2026-07-03T22:03:00.995442,1,1,119.75,0.5,119.5,200,,,,,,,,,,,,,,,,,,,120.0,100,,,,,,,,,,,,,,,,,,
2026-07-03T22:03:01.048392+00:00,2026-07-03T22:03:01.048286,1,1,119.75,0.5,119.5,200,,,,,,,,,,,,,,,,,,,120.0,250,,,,,,,,,,,,,,,,,,
2026-07-03T22:03:01.258539+00:00,2026-07-03T22:03:01.257138,1,1,119.75,0.5,119.5,200,,,,,,,,,,,,,,,,,,,120.0,207,,,,,,,,,,,,,,,,,,
2026-07-03T22:03:01.312388+00:00,2026-07-03T22:03:01.312313,1,1,119.75,0.5,119.5,155,,,,,,,,,,,,,,,,,,,120.0,207,,,,,,,,,,,,,,,,,,
2026-07-03T22:03:01.764190+00:00,2026-07-03T22:03:01.763953,1,1,119.75,0.5,119.5,105,,,,,,,,,,,,,,,,,,,120.0,207,,,,,,,,,,,,,,,,,,
2026-07-03T22:03:02.517766+00:00,2026-07-03T22:03:02.517744,1,1,119.75,0.5,119.5,105,,,,,,,,,,,,,,,,,,,120.0,150,,,,,,,,,,,,,,,,,,
2026-07-03T22:03:02.573482+00:00,2026-07-03T22:03:02.573332,1,1,119.75,0.5,119.5,205,,,,,,,,,,,,,,,,,,,120.0,150,,,,,,,,,,,,,,,,,,
2026-07-03T22:03:02.622798+00:00,2026-07-03T22:03:02.622696,1,1,119.75,0.5,119.5,205,,,,,,,,,,,,,,,,,,,120.0,250,,,,,,,,,,,,,,,,,,
2026-07-03T22:03:03.858592+00:00,2026-07-03T22:03:03.856394,1,1,119.75,0.5,119.5,155,,,,,,,,,,,,,,,,,,,120.0,250,,,,,,,,,,,,,,,,,,
2026-07-03T22:03:04.101987+00:00,2026-07-03T22:03:04.101844,1,1,119.75,0.5,119.5,100,,,,,,,,,,,,,,,,,,,120.0,100,,,,,,,,,,,,,,,,,,
2026-07-03T22:03:04.184346+00:00,2026-07-03T22:03:04.184472,2,1,119.75,0.5,119.5,100,119.2,150,,,,,,,,,,,,,,,,,120.0,100,,,,,,,,,,,,,,,,,,
2026-07-03T22:03:04.244772+00:00,2026-07-03T22:03:04.244689,2,2,119.6,0.2,119.5,100,119.2,150,,,,,,,,,,,,,,,,,119.7,150,120.0,100,,,,,,,,,,,,,,,,
2026-07-03T22:03:05.680734+00:00,2026-07-03T22:03:05.680643,1,1,119.45,0.5,119.2,150,,,,,,,,,,,,,,,,,,,119.7,150,,,,,,,,,,,,,,,,,,
2026-07-03T22:03:05.735683+00:00,2026-07-03T22:03:05.735467,2,1,119.55,0.3,119.4,100,119.2,150,,,,,,,,,,,,,,,,,119.7,150,,,,,,,,,,,,,,,,,,
2026-07-03T22:03:05.788811+00:00,2026-07-03T22:03:05.788925,2,2,119.55,0.3,119.4,100,119.2,150,,,,,,,,,,,,,,,,,119.7,150,119.9,100,,,,,,,,,,,,,,,,
2026-07-03T22:03:06.221859+00:00,2026-07-03T22:03:06.221807,2,2,119.55,0.3,119.4,100,119.2,150,,,,,,,,,,,,,,,,,119.7,107,119.9,100,,,,,,,,,,,,,,,,
2026-07-03T22:03:07.298209+00:00,2026-07-03T22:03:07.298172,1,1,119.65,0.5,119.4,100,,,,,,,,,,,,,,,,,,,119.9,100,,,,,,,,,,,,,,,,,,
2026-07-03T22:03:07.350811+00:00,2026-07-03T22:03:07.350750,2,1,119.65,0.5,119.4,100,119.3,150,,,,,,,,,,,,,,,,,119.9,100,,,,,,,,,,,,,,,,,,
2026-07-03T22:03:07.403396+00:00,2026-07-03T22:03:07.403301,2,2,119.6,0.4,119.4,100,119.3,150,,,,,,,,,,,,,,,,,119.8,150,119.9,100,,,,,,,,,,,,,,,,
2026-07-03T22:03:08.019308+00:00,2026-07-03T22:03:08.019265,2,2,119.6,0.4,119.4,100,119.3,150,,,,,,,,,,,,,,,,,119.8,100,119.9,100,,,,,,,,,,,,,,,,
2026-07-03T22:03:08.826067+00:00,2026-07-03T22:03:08.826229,2,2,119.6,0.4,119.4,100,119.3,150,,,,,,,,,,,,,,,,,119.8,59,119.9,100,,,,,,,,,,,,,,,,
2026-07-03T22:03:08.843697+00:00,2026-07-03T22:03:08.843566,1,1,119.55,0.5,119.3,150,,,,,,,,,,,,,,,,,,,119.8,59,,,,,,,,,,,,,,,,,,
2026-07-03T22:03:08.897086+00:00,2026-07-03T22:03:08.897010,2,1,119.6,0.4,119.4,100,119.3,150,,,,,,,,,,,,,,,,,119.8,59,,,,,,,,,,,,,,,,,,
2026-07-03T22:03:08.949547+00:00,2026-07-03T22:03:08.949482,2,2,119.6,0.4,119.4,100,119.3,150,,,,,,,,,,,,,,,,,119.8,59,119.9,100,,,,,,,,,,,,,,,,
2026-07-03T22:03:10.031694+00:00,2026-07-03T22:03:10.031641,2,2,119.6,0.4,119.4,54,119.3,150,,,,,,,,,,,,,,,,,119.8,59,119.9,100,,,,,,,,,,,,,,,,
2026-07-03T22:03:10.128917+00:00,2026-07-03T22:03:10.128877,2,2,119.6,0.4,119.4,54,119.3,150,,,,,,,,,,,,,,,,,119.8,9,119.9,100,,,,,,,,,,,,,,,,
2026-07-03T22:03:10.464007+00:00,2026-07-03T22:03:10.463775,1,1,119.65,0.5,119.4,54,,,,,,,,,,,,,,,,,,,119.9,100,,,,,,,,,,,,,,,,,,
2026-07-03T22:03:10.517090+00:00,2026-07-03T22:03:10.516983,2,0,,,119.9,50,119.4,54,,,,,,,,,,,,,,,,,,,,,,,,,,,,,,,,,,,,
2026-07-03T22:03:10.589099+00:00,2026-07-03T22:03:10.575469,2,1,120.15,0.5,119.9,38,119.4,54,,,,,,,,,,,,,,,,,120.4,150,,,,,,,,,,,,,,,,,,
2026-07-03T22:03:12.002018+00:00,2026-07-03T22:03:12.002131,1,1,120.15,0.5,119.9,38,,,,,,,,,,,,,,,,,,,120.4,150,,,,,,,,,,,,,,,,,,
2026-07-03T22:03:12.063863+00:00,2026-07-03T22:03:12.064523,2,1,120.15,0.5,119.9,38,119.7,100,,,,,,,,,,,,,,,,,120.4,150,,,,,,,,,,,,,,,,,,
2026-07-03T22:03:12.120376+00:00,2026-07-03T22:03:12.120201,2,2,120.05,0.3,119.9,38,119.7,100,,,,,,,,,,,,,,,,,120.2,100,120.4,150,,,,,,,,,,,,,,,,
2026-07-03T22:03:12.236774+00:00,2026-07-03T22:03:12.236678,2,2,120.05,0.3,119.9,38,119.7,100,,,,,,,,,,,,,,,,,120.2,50,120.4,150,,,,,,,,,,,,,,,,
2026-07-03T22:03:12.517887+00:00,2026-07-03T22:03:12.517809,1,2,119.95,0.5,119.7,90,,,,,,,,,,,,,,,,,,,120.2,50,120.4,150,,,,,,,,,,,,,,,,
2026-07-03T22:03:13.623515+00:00,2026-07-03T22:03:13.623438,1,1,119.95,0.5,119.7,90,,,,,,,,,,,,,,,,,,,120.2,50,,,,,,,,,,,,,,,,,,
2026-07-03T22:03:13.677795+00:00,2026-07-03T22:03:13.677688,2,1,119.95,0.5,119.7,90,119.5,150,,,,,,,,,,,,,,,,,120.2,50,,,,,,,,,,,,,,,,,,
2026-07-03T22:03:13.730703+00:00,2026-07-03T22:03:13.730517,2,2,119.85,0.3,119.7,90,119.5,150,,,,,,,,,,,,,,,,,120.0,150,120.2,50,,,,,,,,,,,,,,,,
2026-07-03T22:03:14.345727+00:00,2026-07-03T22:03:14.345592,2,2,119.85,0.3,119.7,90,119.5,150,,,,,,,,,,,,,,,,,120.0,100,120.2,50,,,,,,,,,,,,,,,,
2026-07-03T22:03:15.075135+00:00,2026-07-03T22:03:15.075089,2,2,119.85,0.3,119.7,90,119.5,150,,,,,,,,,,,,,,,,,120.0,54,120.2,50,,,,,,,,,,,,,,,,
2026-07-03T22:03:15.168642+00:00,2026-07-03T22:03:15.168586,1,1,119.75,0.5,119.5,150,,,,,,,,,,,,,,,,,,,120.0,54,,,,,,,,,,,,,,,,,,
2026-07-03T22:03:15.227457+00:00,2026-07-03T22:03:15.227350,2,0,,,120.0,46,119.5,150,,,,,,,,,,,,,,,,,,,,,,,,,,,,,,,,,,,,
2026-07-03T22:03:15.278039+00:00,2026-07-03T22:03:15.277892,2,1,120.25,0.5,120.0,46,119.5,150,,,,,,,,,,,,,,,,,120.5,100,,,,,,,,,,,,,,,,,,
2026-07-03T22:03:16.036324+00:00,2026-07-03T22:03:16.030933,2,1,120.25,0.5,120.0,35,119.5,150,,,,,,,,,,,,,,,,,120.5,100,,,,,,,,,,,,,,,,,,
2026-07-03T22:03:16.779357+00:00,2026-07-03T22:03:16.779212,1,1,120.25,0.5,120.0,35,,,,,,,,,,,,,,,,,,,120.5,100,,,,,,,,,,,,,,,,,,
2026-07-03T22:03:16.831849+00:00,2026-07-03T22:03:16.831777,2,1,120.25,0.5,120.0,35,119.9,150,,,,,,,,,,,,,,,,,120.5,100,,,,,,,,,,,,,,,,,,
2026-07-03T22:03:16.900985+00:00,2026-07-03T22:03:16.900923,2,2,120.2,0.4,120.0,35,119.9,150,,,,,,,,,,,,,,,,,120.4,150,120.5,100,,,,,,,,,,,,,,,,
2026-07-03T22:03:18.227738+00:00,2026-07-03T22:03:18.227622,1,2,120.15,0.5,119.9,142,,,,,,,,,,,,,,,,,,,120.4,150,120.5,100,,,,,,,,,,,,,,,,
2026-07-03T22:03:18.333544+00:00,2026-07-03T22:03:18.333451,1,1,120.15,0.5,119.9,142,,,,,,,,,,,,,,,,,,,120.4,150,,,,,,,,,,,,,,,,,,
2026-07-03T22:03:18.385542+00:00,2026-07-03T22:03:18.382628,2,1,120.15,0.5,119.9,142,119.6,100,,,,,,,,,,,,,,,,,120.4,150,,,,,,,,,,,,,,,,,,
2026-07-03T22:03:18.441159+00:00,2026-07-03T22:03:18.441103,2,2,120.0,0.2,119.9,142,119.6,100,,,,,,,,,,,,,,,,,120.1,100,120.4,150,,,,,,,,,,,,,,,,
2026-07-03T22:03:18.558560+00:00,2026-07-03T22:03:18.553120,2,2,120.0,0.2,119.9,142,119.6,100,,,,,,,,,,,,,,,,,120.1,50,120.4,150,,,,,,,,,,,,,,,,
2026-07-03T22:03:19.955007+00:00,2026-07-03T22:03:19.954932,1,1,119.85,0.5,119.6,100,,,,,,,,,,,,,,,,,,,120.1,50,,,,,,,,,,,,,,,,,,
2026-07-03T22:03:20.008072+00:00,2026-07-03T22:03:20.008009,2,1,120.0,0.2,119.9,150,119.6,100,,,,,,,,,,,,,,,,,120.1,50,,,,,,,,,,,,,,,,,,
2026-07-03T22:03:20.058572+00:00,2026-07-03T22:03:20.057906,2,2,120.0,0.2,119.9,150,119.6,100,,,,,,,,,,,,,,,,,120.1,50,120.4,150,,,,,,,,,,,,,,,,
2026-07-03T22:03:20.665949+00:00,2026-07-03T22:03:20.665887,2,1,120.15,0.5,119.9,150,119.6,100,,,,,,,,,,,,,,,,,120.4,150,,,,,,,,,,,,,,,,,,
2026-07-03T22:03:21.463920+00:00,2026-07-03T22:03:21.463815,2,1,120.15,0.5,119.9,110,119.6,100,,,,,,,,,,,,,,,,,120.4,150,,,,,,,,,,,,,,,,,,
2026-07-03T22:03:21.496247+00:00,2026-07-03T22:03:21.496199,1,1,120.15,0.5,119.9,110,,,,,,,,,,,,,,,,,,,120.4,150,,,,,,,,,,,,,,,,,,
2026-07-03T22:03:21.550738+00:00,2026-07-03T22:03:21.550538,2,1,120.15,0.5,119.9,110,119.7,100,,,,,,,,,,,,,,,,,120.4,150,,,,,,,,,,,,,,,,,,
2026-07-03T22:03:21.605175+00:00,2026-07-03T22:03:21.605100,2,2,120.05,0.3,119.9,110,119.7,100,,,,,,,,,,,,,,,,,120.2,100,120.4,150,,,,,,,,,,,,,,,,
2026-07-03T22:03:23.116835+00:00,2026-07-03T22:03:23.116717,1,1,119.95,0.5,119.7,100,,,,,,,,,,,,,,,,,,,120.2,100,,,,,,,,,,,,,,,,,,
2026-07-03T22:03:23.171954+00:00,2026-07-03T22:03:23.171820,1,1,119.95,0.5,119.7,250,,,,,,,,,,,,,,,,,,,120.2,100,,,,,,,,,,,,,,,,,,
2026-07-03T22:03:23.235342+00:00,2026-07-03T22:03:23.225000,1,1,119.95,0.5,119.7,250,,,,,,,,,,,,,,,,,,,120.2,250,,,,,,,,,,,,,,,,,,
2026-07-03T22:03:24.663643+00:00,2026-07-03T22:03:24.663815,1,1,119.95,0.5,119.7,150,,,,,,,,,,,,,,,,,,,120.2,150,,,,,,,,,,,,,,,,,,
2026-07-03T22:03:24.713149+00:00,2026-07-03T22:03:24.713002,2,1,119.95,0.5,119.7,150,119.5,100,,,,,,,,,,,,,,,,,120.2,150,,,,,,,,,,,,,,,,,,
2026-07-03T22:03:24.771143+00:00,2026-07-03T22:03:24.771001,2,2,119.85,0.3,119.7,150,119.5,100,,,,,,,,,,,,,,,,,120.0,100,120.2,150,,,,,,,,,,,,,,,,
2026-07-03T22:03:24.873945+00:00,2026-07-03T22:03:24.874079,2,2,119.85,0.3,119.7,150,119.5,100,,,,,,,,,,,,,,,,,120.0,50,120.2,150,,,,,,,,,,,,,,,,
2026-07-03T22:03:26.279029+00:00,2026-07-03T22:03:26.278910,1,1,119.75,0.5,119.5,100,,,,,,,,,,,,,,,,,,,120.0,50,,,,,,,,,,,,,,,,,,
2026-07-03T22:03:26.334059+00:00,2026-07-03T22:03:26.333932,2,1,119.85,0.3,119.7,150,119.5,100,,,,,,,,,,,,,,,,,120.0,50,,,,,,,,,,,,,,,,,,
2026-07-03T22:03:26.387565+00:00,2026-07-03T22:03:26.387480,2,2,119.85,0.3,119.7,150,119.5,100,,,,,,,,,,,,,,,,,120.0,50,120.2,150,,,,,,,,,,,,,,,,
2026-07-03T22:03:26.982818+00:00,2026-07-03T22:03:26.982738,2,1,119.95,0.5,119.7,150,119.5,100,,,,,,,,,,,,,,,,,120.2,150,,,,,,,,,,,,,,,,,,
2026-07-03T22:03:27.835902+00:00,2026-07-03T22:03:27.835765,1,1,119.95,0.5,119.7,150,,,,,,,,,,,,,,,,,,,120.2,150,,,,,,,,,,,,,,,,,,
2026-07-03T22:03:27.925377+00:00,2026-07-03T22:03:27.918248,2,1,120.1,0.2,120.0,97,119.7,150,,,,,,,,,,,,,,,,,120.2,150,,,,,,,,,,,,,,,,,,
2026-07-03T22:03:27.957661+00:00,2026-07-03T22:03:27.957469,2,2,120.1,0.2,120.0,97,119.7,150,,,,,,,,,,,,,,,,,120.2,150,120.5,100,,,,,,,,,,,,,,,,
2026-07-03T22:03:28.331048+00:00,2026-07-03T22:03:28.330975,2,2,120.1,0.2,120.0,97,119.7,150,,,,,,,,,,,,,,,,,120.2,108,120.5,100,,,,,,,,,,,,,,,,
2026-07-03T22:03:29.141578+00:00,2026-07-03T22:03:29.141451,2,2,120.1,0.2,120.0,47,119.7,150,,,,,,,,,,,,,,,,,120.2,108,120.5,100,,,,,,,,,,,,,,,,
2026-07-03T22:03:29.441523+00:00,2026-07-03T22:03:29.441417,1,1,120.25,0.5,120.0,47,,,,,,,,,,,,,,,,,,,120.5,100,,,,,,,,,,,,,,,,,,
2026-07-03T22:03:29.497295+00:00,2026-07-03T22:03:29.497126,1,1,120.25,0.5,120.0,197,,,,,,,,,,,,,,,,,,,120.5,100,,,,,,,,,,,,,,,,,,
2026-07-03T22:03:29.558594+00:00,2026-07-03T22:03:29.550491,1,1,120.25,0.5,120.0,197,,,,,,,,,,,,,,,,,,,120.5,250,,,,,,,,,,,,,,,,,,
2026-07-03T22:03:29.931749+00:00,2026-07-03T22:03:29.931628,1,1,120.25,0.5,120.0,197,,,,,,,,,,,,,,,,,,,120.5,202,,,,,,,,,,,,,,,,,,
2026-07-03T22:03:31.011487+00:00,2026-07-03T22:03:31.011633,1,1,120.25,0.5,120.0,150,,,,,,,,,,,,,,,,,,,120.5,150,,,,,,,,,,,,,,,,,,
2026-07-03T22:03:31.066715+00:00,2026-07-03T22:03:31.066547,2,1,120.35,0.3,120.2,100,120.0,150,,,,,,,,,,,,,,,,,120.5,150,,,,,,,,,,,,,,,,,,
2026-07-03T22:03:31.120562+00:00,2026-07-03T22:03:31.120477,2,2,120.35,0.3,120.2,100,120.0,150,,,,,,,,,,,,,,,,,120.5,150,120.7,100,,,,,,,,,,,,,,,,
2026-07-03T22:03:31.246502+00:00,2026-07-03T22:03:31.246651,2,2,120.35,0.3,120.2,50,120.0,150,,,,,,,,,,,,,,,,,120.5,150,120.7,100,,,,,,,,,,,,,,,,
2026-07-03T22:03:32.629562+00:00,2026-07-03T22:03:32.629411,2,1,120.45,0.5,120.2,50,120.0,150,,,,,,,,,,,,,,,,,120.7,100,,,,,,,,,,,,,,,,,,
2026-07-03T22:03:32.634491+00:00,2026-07-03T22:03:32.634567,1,1,120.45,0.5,120.2,50,,,,,,,,,,,,,,,,,,,120.7,100,,,,,,,,,,,,,,,,,,
2026-07-03T22:03:32.687736+00:00,2026-07-03T22:03:32.687602,2,1,120.45,0.5,120.2,50,120.1,150,,,,,,,,,,,,,,,,,120.7,100,,,,,,,,,,,,,,,,,,
2026-07-03T22:03:32.751768+00:00,2026-07-03T22:03:32.741298,2,2,120.4,0.4,120.2,50,120.1,150,,,,,,,,,,,,,,,,,120.6,150,120.7,100,,,,,,,,,,,,,,,,
2026-07-03T22:03:33.358637+00:00,2026-07-03T22:03:33.356421,1,2,120.35,0.5,120.1,150,,,,,,,,,,,,,,,,,,,120.6,150,120.7,100,,,,,,,,,,,,,,,,
2026-07-03T22:03:34.174494+00:00,2026-07-03T22:03:34.174315,1,1,120.35,0.5,120.1,150,,,,,,,,,,,,,,,,,,,120.6,150,,,,,,,,,,,,,,,,,,
2026-07-03T22:03:34.227264+00:00,2026-07-03T22:03:34.227087,2,1,120.35,0.5,120.1,150,119.9,100,,,,,,,,,,,,,,,,,120.6,150,,,,,,,,,,,,,,,,,,
2026-07-03T22:03:34.276061+00:00,2026-07-03T22:03:34.276202,2,2,120.25,0.3,120.1,150,119.9,100,,,,,,,,,,,,,,,,,120.4,100,120.6,150,,,,,,,,,,,,,,,,
2026-07-03T22:03:35.458587+00:00,2026-07-03T22:03:35.455395,2,2,120.25,0.3,120.1,100,119.9,100,,,,,,,,,,,,,,,,,120.4,100,120.6,150,,,,,,,,,,,,,,,,
2026-07-03T22:03:35.797052+00:00,2026-07-03T22:03:35.796950,1,1,120.15,0.5,119.9,100,,,,,,,,,,,,,,,,,,,120.4,100,,,,,,,,,,,,,,,,,,
2026-07-03T22:03:35.850068+00:00,2026-07-03T22:03:35.849988,2,1,120.2,0.4,120.0,150,119.9,100,,,,,,,,,,,,,,,,,120.4,100,,,,,,,,,,,,,,,,,,
2026-07-03T22:03:35.906344+00:00,2026-07-03T22:03:35.897621,2,2,120.2,0.4,120.0,150,119.9,100,,,,,,,,,,,,,,,,,120.4,100,120.5,150,,,,,,,,,,,,,,,,
2026-07-03T22:03:36.334322+00:00,2026-07-03T22:03:36.334198,2,2,120.2,0.4,120.0,107,119.9,100,,,,,,,,,,,,,,,,,120.4,100,120.5,150,,,,,,,,,,,,,,,,
2026-07-03T22:03:36.970388+00:00,2026-07-03T22:03:36.970251,2,2,120.2,0.4,120.0,107,119.9,100,,,,,,,,,,,,,,,,,120.4,56,120.5,150,,,,,,,,,,,,,,,,
2026-07-03T22:03:37.333072+00:00,2026-07-03T22:03:37.332924,1,1,120.25,0.5,120.0,107,,,,,,,,,,,,,,,,,,,120.5,150,,,,,,,,,,,,,,,,,,
2026-07-03T22:03:37.388474+00:00,2026-07-03T22:03:37.388332,2,1,120.25,0.5,120.0,107,119.9,100,,,,,,,,,,,,,,,,,120.5,150,,,,,,,,,,,,,,,,,,
2026-07-03T22:03:37.440974+00:00,2026-07-03T22:03:37.440936,2,2,120.2,0.4,120.0,107,119.9,100,,,,,,,,,,,,,,,,,120.4,100,120.5,150,,,,,,,,,,,,,,,,
2026-07-03T22:03:37.495276+00:00,2026-07-03T22:03:37.495215,2,2,120.2,0.4,120.0,60,119.9,100,,,,,,,,,,,,,,,,,120.4,100,120.5,150,,,,,,,,,,,,,,,,
2026-07-03T22:03:37.571499+00:00,2026-07-03T22:03:37.571686,2,2,120.2,0.4,120.0,10,119.9,100,,,,,,,,,,,,,,,,,120.4,100,120.5,150,,,,,,,,,,,,,,,,
2026-07-03T22:03:38.463639+00:00,2026-07-03T22:03:38.463823,1,2,120.15,0.5,119.9,64,,,,,,,,,,,,,,,,,,,120.4,100,120.5,150,,,,,,,,,,,,,,,,
2026-07-03T22:03:38.955888+00:00,2026-07-03T22:03:38.956027,1,1,120.15,0.5,119.9,64,,,,,,,,,,,,,,,,,,,120.4,100,,,,,,,,,,,,,,,,,,
2026-07-03T22:03:39.008951+00:00,2026-07-03T22:03:39.008849,2,1,120.15,0.5,119.9,64,119.3,150,,,,,,,,,,,,,,,,,120.4,100,,,,,,,,,,,,,,,,,,
2026-07-03T22:03:39.068444+00:00,2026-07-03T22:03:39.064345,1,2,119.55,0.5,119.3,150,,,,,,,,,,,,,,,,,,,119.8,13,120.4,100,,,,,,,,,,,,,,,,
2026-07-03T22:03:39.678694+00:00,2026-07-03T22:03:39.678626,1,2,119.55,0.5,119.3,100,,,,,,,,,,,,,,,,,,,119.8,13,120.4,100,,,,,,,,,,,,,,,,
2026-07-03T22:03:40.228828+00:00,2026-07-03T22:03:40.228683,1,1,119.85,1.1,119.3,100,,,,,,,,,,,,,,,,,,,120.4,64,,,,,,,,,,,,,,,,,,
2026-07-03T22:03:40.503625+00:00,2026-07-03T22:03:40.503709,1,0,,,119.3,100,,,,,,,,,,,,,,,,,,,,,,,,,,,,,,,,,,,,,,
2026-07-03T22:03:40.558612+00:00,2026-07-03T22:03:40.552966,2,0,,,119.8,100,119.3,100,,,,,,,,,,,,,,,,,,,,,,,,,,,,,,,,,,,,
2026-07-03T22:03:40.606580+00:00,2026-07-03T22:03:40.606641,2,1,120.05,0.5,119.8,100,119.3,100,,,,,,,,,,,,,,,,,120.3,100,,,,,,,,,,,,,,,,,,
2026-07-03T22:03:40.945533+00:00,2026-07-03T22:03:40.939720,2,1,120.05,0.5,119.8,88,119.3,100,,,,,,,,,,,,,,,,,120.3,100,,,,,,,,,,,,,,,,,,
2026-07-03T22:03:41.739183+00:00,2026-07-03T22:03:41.739056,2,1,120.05,0.5,119.8,47,119.3,100,,,,,,,,,,,,,,,,,120.3,100,,,,,,,,,,,,,,,,,,
2026-07-03T22:03:41.791335+00:00,2026-07-03T22:03:41.791208,1,1,119.8,1.0,119.3,97,,,,,,,,,,,,,,,,,,,120.3,100,,,,,,,,,,,,,,,,,,
2026-07-03T22:03:42.116396+00:00,2026-07-03T22:03:42.116517,0,1,,,,,,,,,,,,,,,,,,,,,,,120.3,100,,,,,,,,,,,,,,,,,,
2026-07-03T22:03:42.170991+00:00,2026-07-03T22:03:42.171060,1,1,119.9,0.8,119.5,150,,,,,,,,,,,,,,,,,,,120.3,100,,,,,,,,,,,,,,,,,,
2026-07-03T22:03:42.220206+00:00,2026-07-03T22:03:42.220299,1,2,119.75,0.5,119.5,150,,,,,,,,,,,,,,,,,,,120.0,150,120.3,100,,,,,,,,,,,,,,,,
2026-07-03T22:03:43.658658+00:00,2026-07-03T22:03:43.654484,1,1,119.75,0.5,119.5,150,,,,,,,,,,,,,,,,,,,120.0,150,,,,,,,,,,,,,,,,,,
2026-07-03T22:03:43.716649+00:00,2026-07-03T22:03:43.716534,2,1,119.75,0.5,119.5,150,119.1,100,,,,,,,,,,,,,,,,,120.0,150,,,,,,,,,,,,,,,,,,
2026-07-03T22:03:43.769219+00:00,2026-07-03T22:03:43.769317,2,2,119.55,0.1,119.5,150,119.1,100,,,,,,,,,,,,,,,,,119.6,100,120.0,150,,,,,,,,,,,,,,,,
2026-07-03T22:03:43.897907+00:00,2026-07-03T22:03:43.897838,2,2,119.55,0.1,119.5,100,119.1,100,,,,,,,,,,,,,,,,,119.6,100,120.0,150,,,,,,,,,,,,,,,,
2026-07-03T22:03:44.132314+00:00,2026-07-03T22:03:44.126468,2,2,119.55,0.1,119.5,100,119.1,100,,,,,,,,,,,,,,,,,119.6,88,120.0,150,,,,,,,,,,,,,,,,
2026-07-03T22:03:45.272289+00:00,2026-07-03T22:03:45.272145,2,2,119.55,0.1,119.5,100,119.1,100,,,,,,,,,,,,,,,,,119.6,39,120.0,150,,,,,,,,,,,,,,,,
2026-07-03T22:03:45.277513+00:00,2026-07-03T22:03:45.277466,1,1,119.35,0.5,119.1,100,,,,,,,,,,,,,,,,,,,119.6,39,,,,,,,,,,,,,,,,,,
2026-07-03T22:03:45.341172+00:00,2026-07-03T22:03:45.341043,2,1,119.45,0.3,119.3,150,119.1,100,,,,,,,,,,,,,,,,,119.6,39,,,,,,,,,,,,,,,,,,
2026-07-03T22:03:45.389864+00:00,2026-07-03T22:03:45.389725,2,2,119.45,0.3,119.3,150,119.1,100,,,,,,,,,,,,,,,,,119.6,39,119.8,150,,,,,,,,,,,,,,,,
2026-07-03T22:03:46.004810+00:00,2026-07-03T22:03:46.004768,2,2,119.45,0.3,119.3,100,119.1,100,,,,,,,,,,,,,,,,,119.6,39,119.8,150,,,,,,,,,,,,,,,,
2026-07-03T22:03:46.445390+00:00,2026-07-03T22:03:46.445308,2,1,119.55,0.5,119.3,100,119.1,100,,,,,,,,,,,,,,,,,119.8,150,,,,,,,,,,,,,,,,,,
2026-07-03T22:03:46.824201+00:00,2026-07-03T22:03:46.824015,1,1,119.55,0.5,119.3,100,,,,,,,,,,,,,,,,,,,119.8,150,,,,,,,,,,,,,,,,,,
2026-07-03T22:03:46.874102+00:00,2026-07-03T22:03:46.874000,2,1,119.7,0.2,119.6,100,119.3,100,,,,,,,,,,,,,,,,,119.8,150,,,,,,,,,,,,,,,,,,
2026-07-03T22:03:46.932496+00:00,2026-07-03T22:03:46.932444,2,2,119.7,0.2,119.6,100,119.3,100,,,,,,,,,,,,,,,,,119.8,150,120.1,100,,,,,,,,,,,,,,,,
2026-07-03T22:03:47.658595+00:00,2026-07-03T22:03:47.654969,2,2,119.7,0.2,119.6,56,119.3,100,,,,,,,,,,,,,,,,,119.8,150,120.1,100,,,,,,,,,,,,,,,,
2026-07-03T22:03:48.110682+00:00,2026-07-03T22:03:48.110649,2,2,119.7,0.2,119.6,6,119.3,100,,,,,,,,,,,,,,,,,119.8,150,120.1,100,,,,,,,,,,,,,,,,
2026-07-03T22:03:48.447146+00:00,2026-07-03T22:03:48.446995,1,1,119.85,0.5,119.6,6,,,,,,,,,,,,,,,,,,,120.1,100,,,,,,,,,,,,,,,,,,
2026-07-03T22:03:48.501222+00:00,2026-07-03T22:03:48.501119,2,1,119.85,0.5,119.6,6,119.1,150,,,,,,,,,,,,,,,,,120.1,100,,,,,,,,,,,,,,,,,,
2026-07-03T22:03:48.563835+00:00,2026-07-03T22:03:48.563905,1,2,119.35,0.5,119.1,150,,,,,,,,,,,,,,,,,,,119.6,144,120.1,100,,,,,,,,,,,,,,,,
2026-07-03T22:03:48.802207+00:00,2026-07-03T22:03:48.796772,1,2,119.35,0.5,119.1,150,,,,,,,,,,,,,,,,,,,119.6,133,120.1,100,,,,,,,,,,,,,,,,
2026-07-03T22:03:49.989398+00:00,2026-07-03T22:03:49.989315,1,1,119.35,0.5,119.1,150,,,,,,,,,,,,,,,,,,,119.6,133,,,,,,,,,,,,,,,,,,
2026-07-03T22:03:50.041551+00:00,2026-07-03T22:03:50.041446,2,1,119.55,0.1,119.5,100,119.1,150,,,,,,,,,,,,,,,,,119.6,133,,,,,,,,,,,,,,,,,,
2026-07-03T22:03:50.090313+00:00,2026-07-03T22:03:50.090572,2,2,119.55,0.1,119.5,100,119.1,150,,,,,,,,,,,,,,,,,119.6,133,120.0,100,,,,,,,,,,,,,,,,
2026-07-03T22:03:50.236956+00:00,2026-07-03T22:03:50.236774,2,2,119.55,0.1,119.5,50,119.1,150,,,,,,,,,,,,,,,,,119.6,133,120.0,100,,,,,,,,,,,,,,,,
2026-07-03T22:03:50.817991+00:00,2026-07-03T22:03:50.817925,2,2,119.55,0.1,119.5,4,119.1,150,,,,,,,,,,,,,,,,,119.6,133,120.0,100,,,,,,,,,,,,,,,,
2026-07-03T22:03:51.611304+00:00,2026-07-03T22:03:51.611108,1,1,119.75,0.5,119.5,4,,,,,,,,,,,,,,,,,,,120.0,100,,,,,,,,,,,,,,,,,,
2026-07-03T22:03:51.665614+00:00,2026-07-03T22:03:51.665502,2,1,119.75,0.5,119.5,4,119.2,150,,,,,,,,,,,,,,,,,120.0,100,,,,,,,,,,,,,,,,,,
2026-07-03T22:03:51.718888+00:00,2026-07-03T22:03:51.718808,2,2,119.6,0.2,119.5,4,119.2,150,,,,,,,,,,,,,,,,,119.7,150,120.0,100,,,,,,,,,,,,,,,,
2026-07-03T22:03:52.338766+00:00,2026-07-03T22:03:52.338629,1,2,119.45,0.5,119.2,104,,,,,,,,,,,,,,,,,,,119.7,150,120.0,100,,,,,,,,,,,,,,,,
2026-07-03T22:03:53.148804+00:00,2026-07-03T22:03:53.148652,1,1,119.45,0.5,119.2,104,,,,,,,,,,,,,,,,,,,119.7,150,,,,,,,,,,,,,,,,,,
2026-07-03T22:03:53.210402+00:00,2026-07-03T22:03:53.210245,2,1,119.45,0.5,119.2,104,119.1,100,,,,,,,,,,,,,,,,,119.7,150,,,,,,,,,,,,,,,,,,
2026-07-03T22:03:53.266881+00:00,2026-07-03T22:03:53.266776,2,2,119.4,0.4,119.2,104,119.1,100,,,,,,,,,,,,,,,,,119.6,100,119.7,150,,,,,,,,,,,,,,,,
2026-07-03T22:03:53.757017+00:00,2026-07-03T22:03:53.757201,2,2,119.4,0.4,119.2,104,119.1,100,,,,,,,,,,,,,,,,,119.6,60,119.7,150,,,,,,,,,,,,,,,,
2026-07-03T22:03:54.052272+00:00,2026-07-03T22:03:54.046814,2,2,119.4,0.4,119.2,104,119.1,100,,,,,,,,,,,,,,,,,119.6,48,119.7,150,,,,,,,,,,,,,,,,
2026-07-03T22:03:54.772311+00:00,2026-07-03T22:03:54.772438,1,1,119.35,0.5,119.1,100,,,,,,,,,,,,,,,,,,,119.6,48,,,,,,,,,,,,,,,,,,
2026-07-03T22:03:54.826716+00:00,2026-07-03T22:03:54.826649,1,1,119.35,0.5,119.1,250,,,,,,,,,,,,,,,,,,,119.6,48,,,,,,,,,,,,,,,,,,
2026-07-03T22:03:54.879458+00:00,2026-07-03T22:03:54.879351,1,1,119.35,0.5,119.1,250,,,,,,,,,,,,,,,,,,,119.6,198,,,,,,,,,,,,,,,,,,
2026-07-03T22:03:56.321012+00:00,2026-07-03T22:03:56.320849,1,1,119.35,0.5,119.1,150,,,,,,,,,,,,,,,,,,,119.6,150,,,,,,,,,,,,,,,,,,
2026-07-03T22:03:56.375311+00:00,2026-07-03T22:03:56.375147,2,1,119.5,0.2,119.4,100,119.1,150,,,,,,,,,,,,,,,,,119.6,150,,,,,,,,,,,,,,,,,,
2026-07-03T22:03:56.427818+00:00,2026-07-03T22:03:56.427972,2,2,119.5,0.2,119.4,100,119.1,150,,,,,,,,,,,,,,,,,119.6,150,119.9,100,,,,,,,,,,,,,,,,
2026-07-03T22:03:56.498165+00:00,2026-07-03T22:03:56.498057,2,2,119.5,0.2,119.4,100,119.1,150,,,,,,,,,,,,,,,,,119.6,100,119.9,100,,,,,,,,,,,,,,,,
2026-07-03T22:03:56.673488+00:00,2026-07-03T22:03:56.667679,2,2,119.5,0.2,119.4,100,119.1,150,,,,,,,,,,,,,,,,,119.6,78,119.9,100,,,,,,,,,,,,,,,,
2026-07-03T22:03:57.749800+00:00,2026-07-03T22:03:57.749676,2,2,119.5,0.2,119.4,100,119.1,150,,,,,,,,,,,,,,,,,119.6,37,119.9,100,,,,,,,,,,,,,,,,
2026-07-03T22:03:57.933949+00:00,2026-07-03T22:03:57.933904,1,1,119.65,0.5,119.4,100,,,,,,,,,,,,,,,,,,,119.9,100,,,,,,,,,,,,,,,,,,
2026-07-03T22:03:57.997047+00:00,2026-07-03T22:03:57.990958,2,1,119.85,0.1,119.8,128,119.4,100,,,,,,,,,,,,,,,,,119.9,100,,,,,,,,,,,,,,,,,,
2026-07-03T22:03:58.038779+00:00,2026-07-03T22:03:58.038754,2,2,119.85,0.1,119.8,128,119.4,100,,,,,,,,,,,,,,,,,119.9,100,120.3,150,,,,,,,,,,,,,,,,
2026-07-03T22:03:58.603557+00:00,2026-07-03T22:03:58.603508,2,2,119.85,0.1,119.8,128,119.4,100,,,,,,,,,,,,,,,,,119.9,50,120.3,150,,,,,,,,,,,,,,,,
2026-07-03T22:03:59.304200+00:00,2026-07-03T22:03:59.298861,2,2,119.85,0.1,119.8,116,119.4,100,,,,,,,,,,,,,,,,,119.9,50,120.3,150,,,,,,,,,,,,,,,,
2026-07-03T22:03:59.481749+00:00,2026-07-03T22:03:59.481565,1,1,120.05,0.5,119.8,116,,,,,,,,,,,,,,,,,,,120.3,150,,,,,,,,,,,,,,,,,,
2026-07-03T22:03:59.536172+00:00,2026-07-03T22:03:59.536278,2,1,120.05,0.5,119.8,116,119.5,100,,,,,,,,,,,,,,,,,120.3,150,,,,,,,,,,,,,,,,,,
2026-07-03T22:03:59.589524+00:00,2026-07-03T22:03:59.589441,2,2,119.9,0.2,119.8,116,119.5,100,,,,,,,,,,,,,,,,,120.0,100,120.3,150,,,,,,,,,,,,,,,,
2026-07-03T22:04:00.714139+00:00,2026-07-03T22:04:00.713997,2,2,119.9,0.2,119.8,116,119.5,100,,,,,,,,,,,,,,,,,120.0,50,120.3,150,,,,,,,,,,,,,,,,
2026-07-03T22:04:01.090297+00:00,2026-07-03T22:04:01.090261,2,1,119.9,0.2,119.8,116,119.5,100,,,,,,,,,,,,,,,,,120.0,50,,,,,,,,,,,,,,,,,,
2026-07-03T22:04:01.095585+00:00,2026-07-03T22:04:01.095429,1,1,119.75,0.5,119.5,100,,,,,,,,,,,,,,,,,,,120.0,50,,,,,,,,,,,,,,,,,,
2026-07-03T22:04:01.150139+00:00,2026-07-03T22:04:01.149948,1,1,119.75,0.5,119.5,250,,,,,,,,,,,,,,,,,,,120.0,50,,,,,,,,,,,,,,,,,,
2026-07-03T22:04:01.203847+00:00,2026-07-03T22:04:01.203647,1,1,119.75,0.5,119.5,250,,,,,,,,,,,,,,,,,,,120.0,200,,,,,,,,,,,,,,,,,,
2026-07-03T22:04:02.644158+00:00,2026-07-03T22:04:02.644072,1,1,119.75,0.5,119.5,150,,,,,,,,,,,,,,,,,,,120.0,150,,,,,,,,,,,,,,,,,,
2026-07-03T22:04:02.699315+00:00,2026-07-03T22:04:02.699199,2,1,119.9,0.2,119.8,100,119.5,150,,,,,,,,,,,,,,,,,120.0,150,,,,,,,,,,,,,,,,,,
2026-07-03T22:04:02.752866+00:00,2026-07-03T22:04:02.752767,2,2,119.9,0.2,119.8,100,119.5,150,,,,,,,,,,,,,,,,,120.0,150,120.3,100,,,,,,,,,,,,,,,,
2026-07-03T22:04:02.821340+00:00,2026-07-03T22:04:02.821295,2,2,119.9,0.2,119.8,100,119.5,150,,,,,,,,,,,,,,,,,120.0,100,120.3,100,,,,,,,,,,,,,,,,
2026-07-03T22:04:04.258655+00:00,2026-07-03T22:04:04.249817,1,1,120.05,0.5,119.8,100,,,,,,,,,,,,,,,,,,,120.3,100,,,,,,,,,,,,,,,,,,
2026-07-03T22:04:04.308816+00:00,2026-07-03T22:04:04.308725,1,1,120.05,0.5,119.8,250,,,,,,,,,,,,,,,,,,,120.3,100,,,,,,,,,,,,,,,,,,
2026-07-03T22:04:04.383876+00:00,2026-07-03T22:04:04.373959,1,1,120.05,0.5,119.8,250,,,,,,,,,,,,,,,,,,,120.3,250,,,,,,,,,,,,,,,,,,
2026-07-03T22:04:04.939569+00:00,2026-07-03T22:04:04.939519,1,1,120.05,0.5,119.8,250,,,,,,,,,,,,,,,,,,,120.3,200,,,,,,,,,,,,,,,,,,
2026-07-03T22:04:05.030593+00:00,2026-07-03T22:04:05.030525,1,1,120.05,0.5,119.8,203,,,,,,,,,,,,,,,,,,,120.3,200,,,,,,,,,,,,,,,,,,
2026-07-03T22:04:05.808711+00:00,2026-07-03T22:04:05.808869,1,1,120.05,0.5,119.8,150,,,,,,,,,,,,,,,,,,,120.3,150,,,,,,,,,,,,,,,,,,
2026-07-03T22:04:05.858628+00:00,2026-07-03T22:04:05.856423,1,1,120.05,0.5,119.8,250,,,,,,,,,,,,,,,,,,,120.3,150,,,,,,,,,,,,,,,,,,
2026-07-03T22:04:05.927505+00:00,2026-07-03T22:04:05.927365,1,1,120.05,0.5,119.8,250,,,,,,,,,,,,,,,,,,,120.3,250,,,,,,,,,,,,,,,,,,
2026-07-03T22:04:07.046512+00:00,2026-07-03T22:04:07.046411,1,1,120.05,0.5,119.8,250,,,,,,,,,,,,,,,,,,,120.3,200,,,,,,,,,,,,,,,,,,
2026-07-03T22:04:07.430536+00:00,2026-07-03T22:04:07.430705,1,1,120.05,0.5,119.8,100,,,,,,,,,,,,,,,,,,,120.3,100,,,,,,,,,,,,,,,,,,
2026-07-03T22:04:07.486263+00:00,2026-07-03T22:04:07.486178,2,1,120.1,0.4,119.9,150,119.8,100,,,,,,,,,,,,,,,,,120.3,100,,,,,,,,,,,,,,,,,,
2026-07-03T22:04:07.539203+00:00,2026-07-03T22:04:07.539336,2,2,120.1,0.4,119.9,150,119.8,100,,,,,,,,,,,,,,,,,120.3,100,120.4,150,,,,,,,,,,,,,,,,
2026-07-03T22:04:08.479267+00:00,2026-07-03T22:04:08.474570,2,2,120.1,0.4,119.9,139,119.8,100,,,,,,,,,,,,,,,,,120.3,100,120.4,150,,,,,,,,,,,,,,,,
2026-07-03T22:04:08.979779+00:00,2026-07-03T22:04:08.979708,1,1,120.15,0.5,119.9,139,,,,,,,,,,,,,,,,,,,120.4,150,,,,,,,,,,,,,,,,,,
2026-07-03T22:04:09.036561+00:00,2026-07-03T22:04:09.036492,2,1,120.15,0.5,119.9,139,119.6,100,,,,,,,,,,,,,,,,,120.4,150,,,,,,,,,,,,,,,,,,
2026-07-03T22:04:09.089649+00:00,2026-07-03T22:04:09.089586,2,2,120.0,0.2,119.9,139,119.6,100,,,,,,,,,,,,,,,,,120.1,100,120.4,150,,,,,,,,,,,,,,,,
2026-07-03T22:04:09.182923+00:00,2026-07-03T22:04:09.182785,2,2,120.0,0.2,119.9,139,119.6,100,,,,,,,,,,,,,,,,,120.1,50,120.4,150,,,,,,,,,,,,,,,,
2026-07-03T22:04:10.427228+00:00,2026-07-03T22:04:10.427061,2,2,120.0,0.2,119.9,91,119.6,100,,,,,,,,,,,,,,,,,120.1,50,120.4,150,,,,,,,,,,,,,,,,
2026-07-03T22:04:10.592645+00:00,2026-07-03T22:04:10.592565,2,1,120.0,0.2,119.9,91,119.6,100,,,,,,,,,,,,,,,,,120.1,50,,,,,,,,,,,,,,,,,,
2026-07-03T22:04:10.597863+00:00,2026-07-03T22:04:10.597765,1,1,119.85,0.5,119.6,100,,,,,,,,,,,,,,,,,,,120.1,50,,,,,,,,,,,,,,,,,,
2026-07-03T22:04:10.650482+00:00,2026-07-03T22:04:10.650373,2,1,119.95,0.3,119.8,150,119.6,100,,,,,,,,,,,,,,,,,120.1,50,,,,,,,,,,,,,,,,,,
2026-07-03T22:04:10.700246+00:00,2026-07-03T22:04:10.700166,2,2,119.95,0.3,119.8,150,119.6,100,,,,,,,,,,,,,,,,,120.1,50,120.3,150,,,,,,,,,,,,,,,,
2026-07-03T22:04:11.003564+00:00,2026-07-03T22:04:11.003509,2,2,119.95,0.3,119.8,150,119.6,100,,,,,,,,,,,,,,,,,120.1,4,120.3,150,,,,,,,,,,,,,,,,
2026-07-03T22:04:11.291048+00:00,2026-07-03T22:04:11.290913,2,1,120.05,0.5,119.8,150,119.6,100,,,,,,,,,,,,,,,,,120.3,104,,,,,,,,,,,,,,,,,,
2026-07-03T22:04:12.064204+00:00,2026-07-03T22:04:12.064090,2,1,120.05,0.5,119.8,150,119.6,100,,,,,,,,,,,,,,,,,120.3,64,,,,,,,,,,,,,,,,,,
2026-07-03T22:04:12.144060+00:00,2026-07-03T22:04:12.144149,1,1,120.05,0.5,119.8,150,,,,,,,,,,,,,,,,,,,120.3,64,,,,,,,,,,,,,,,,,,
2026-07-03T22:04:12.197594+00:00,2026-07-03T22:04:12.197483,2,0,,,120.3,36,119.8,150,,,,,,,,,,,,,,,,,,,,,,,,,,,,,,,,,,,,
2026-07-03T22:04:12.258586+00:00,2026-07-03T22:04:12.252989,2,1,120.55,0.5,120.3,36,119.8,150,,,,,,,,,,,,,,,,,120.8,100,,,,,,,,,,,,,,,,,,
2026-07-03T22:04:13.058568+00:00,2026-07-03T22:04:13.056154,1,1,120.3,1.0,119.8,142,,,,,,,,,,,,,,,,,,,120.8,100,,,,,,,,,,,,,,,,,,
2026-07-03T22:04:13.397215+00:00,2026-07-03T22:04:13.396777,1,1,120.3,1.0,119.8,142,,,,,,,,,,,,,,,,,,,120.8,50,,,,,,,,,,,,,,,,,,
2026-07-03T22:04:13.758623+00:00,2026-07-03T22:04:13.750535,0,1,,,,,,,,,,,,,,,,,,,,,,,120.8,50,,,,,,,,,,,,,,,,,,
