recv_time,book_timestamp,n_bids,n_asks,mid,spread,bid_px_0,bid_vol_0,bid_px_1,bid_vol_1,bid_px_2,bid_vol_2,bid_px_3,bid_vol_3,bid_px_4,bid_vol_4,bid_px_5,bid_vol_5,bid_px_6,bid_vol_6,bid_px_7,bid_vol_7,bid_px_8,bid_vol_8,bid_px_9,bid_vol_9,ask_px_0,ask_vol_0,ask_px_1,ask_vol_1,ask_px_2,ask_vol_2,ask_px_3,ask_vol_3,ask_px_4,ask_vol_4,ask_px_5,ask_vol_5,ask_px_6,ask_vol_6,ask_px_7,ask_vol_7,ask_px_8,ask_vol_8,ask_px_9,ask_vol_9
2026-07-06T04:00:00.210529+00:00,2026-07-06T04:00:00.210456,3,3,155.15,0.3,155.0,8,154.9,17,154.8,150,,,,,,,,,,,,,,,155.3,25,155.4,65,155.8,8,,,,,,,,,,,,,,
2026-07-06T04:00:00.471373+00:00,2026-07-06T04:00:00.471296,3,3,155.15,0.3,155.0,8,154.9,17,154.8,150,,,,,,,,,,,,,,,155.3,22,155.4,65,155.8,8,,,,,,,,,,,,,,
2026-07-06T04:00:00.515965+00:00,2026-07-06T04:00:00.515861,2,2,155.15,0.3,155.0,8,154.8,150,,,,,,,,,,,,,,,,,155.3,22,155.8,8,,,,,,,,,,,,,,,,
2026-07-06T04:00:00.596797+00:00,2026-07-06T04:00:00.564971,3,2,155.15,0.3,155.0,8,154.9,100,154.8,150,,,,,,,,,,,,,,,155.3,22,155.8,8,,,,,,,,,,,,,,,,
2026-07-06T04:00:00.629212+00:00,2026-07-06T04:00:00.629051,3,3,155.15,0.3,155.0,8,154.9,100,154.8,150,,,,,,,,,,,,,,,155.3,22,155.4,100,155.8,8,,,,,,,,,,,,,,
2026-07-06T04:00:00.734253+00:00,2026-07-06T04:00:00.734396,3,3,155.15,0.3,155.0,8,154.9,100,154.8,150,,,,,,,,,,,,,,,155.3,19,155.4,100,155.8,8,,,,,,,,,,,,,,
2026-07-06T04:00:00.994056+00:00,2026-07-06T04:00:00.993971,3,3,155.15,0.3,155.0,8,154.9,100,154.8,150,,,,,,,,,,,,,,,155.3,16,155.4,100,155.8,8,,,,,,,,,,,,,,
2026-07-06T04:00:01.232020+00:00,2026-07-06T04:00:01.232237,2,2,155.2,0.4,155.0,8,154.9,100,,,,,,,,,,,,,,,,,155.4,100,155.8,8,,,,,,,,,,,,,,,,
2026-07-06T04:00:01.349596+00:00,2026-07-06T04:00:01.343674,3,2,155.6,0.4,155.4,39,155.0,8,154.9,100,,,,,,,,,,,,,,,155.8,8,155.9,150,,,,,,,,,,,,,,,,
2026-07-06T04:00:01.411871+00:00,2026-07-06T04:00:01.411779,1,2,155.35,0.9,154.9,97,,,,,,,,,,,,,,,,,,,155.8,8,155.9,150,,,,,,,,,,,,,,,,
2026-07-06T04:00:02.767426+00:00,2026-07-06T04:00:02.767354,2,1,155.45,0.9,155.0,2,154.9,97,,,,,,,,,,,,,,,,,155.9,150,,,,,,,,,,,,,,,,,,
2026-07-06T04:00:02.772424+00:00,2026-07-06T04:00:02.772501,2,1,155.45,0.9,155.0,2,154.9,97,,,,,,,,,,,,,,,,,155.9,158,,,,,,,,,,,,,,,,,,
2026-07-06T04:00:02.958647+00:00,2026-07-06T04:00:02.951639,1,1,155.4,1.0,154.9,52,,,,,,,,,,,,,,,,,,,155.9,158,,,,,,,,,,,,,,,,,,
2026-07-06T04:00:03.695506+00:00,2026-07-06T04:00:03.685879,0,1,,,,,,,,,,,,,,,,,,,,,,,155.9,158,,,,,,,,,,,,,,,,,,
2026-07-06T04:00:03.738566+00:00,2026-07-06T04:00:03.738424,1,1,155.6,0.6,155.3,100,,,,,,,,,,,,,,,,,,,155.9,158,,,,,,,,,,,,,,,,,,
2026-07-06T04:00:03.777670+00:00,2026-07-06T04:00:03.771641,1,2,155.6,0.6,155.3,100,,,,,,,,,,,,,,,,,,,155.9,150,156.0,8,,,,,,,,,,,,,,,,
2026-07-06T04:00:03.791235+00:00,2026-07-06T04:00:03.791135,1,3,155.55,0.5,155.3,100,,,,,,,,,,,,,,,,,,,155.8,100,155.9,150,156.0,8,,,,,,,,,,,,,,
2026-07-06T04:00:04.408279+00:00,2026-07-06T04:00:04.408180,1,2,155.55,0.5,155.3,100,,,,,,,,,,,,,,,,,,,155.8,100,156.0,8,,,,,,,,,,,,,,,,
2026-07-06T04:00:04.458627+00:00,2026-07-06T04:00:04.455688,2,2,155.55,0.5,155.3,100,155.1,150,,,,,,,,,,,,,,,,,155.8,100,156.0,8,,,,,,,,,,,,,,,,
2026-07-06T04:00:04.513859+00:00,2026-07-06T04:00:04.513825,2,3,155.45,0.3,155.3,100,155.1,150,,,,,,,,,,,,,,,,,155.6,150,155.8,100,156.0,8,,,,,,,,,,,,,,
2026-07-06T04:00:04.786636+00:00,2026-07-06T04:00:04.786606,2,3,155.45,0.3,155.3,100,155.1,150,,,,,,,,,,,,,,,,,155.6,150,155.8,100,156.1,8,,,,,,,,,,,,,,
2026-07-06T04:00:05.570635+00:00,2026-07-06T04:00:05.570813,2,3,155.45,0.3,155.3,100,155.1,150,,,,,,,,,,,,,,,,,155.6,100,155.8,100,156.1,8,,,,,,,,,,,,,,
2026-07-06T04:00:06.043704+00:00,2026-07-06T04:00:06.043823,2,3,155.45,0.3,155.3,100,155.1,150,,,,,,,,,,,,,,,,,155.6,100,155.8,100,156.2,8,,,,,,,,,,,,,,
2026-07-06T04:00:06.746759+00:00,2026-07-06T04:00:06.741226,2,3,155.45,0.3,155.3,100,155.1,150,,,,,,,,,,,,,,,,,155.6,78,155.8,100,156.2,8,,,,,,,,,,,,,,
2026-07-06T04:00:06.845635+00:00,2026-07-06T04:00:06.845540,1,2,155.35,0.5,155.1,150,,,,,,,,,,,,,,,,,,,155.6,78,156.2,8,,,,,,,,,,,,,,,,
2026-07-06T04:00:06.900131+00:00,2026-07-06T04:00:06.900324,2,1,155.9,0.6,155.6,22,155.1,150,,,,,,,,,,,,,,,,,156.2,8,,,,,,,,,,,,,,,,,,
2026-07-06T04:00:06.958603+00:00,2026-07-06T04:00:06.955325,2,2,155.85,0.5,155.6,22,155.1,150,,,,,,,,,,,,,,,,,156.1,100,156.2,8,,,,,,,,,,,,,,,,
2026-07-06T04:00:07.050627+00:00,2026-07-06T04:00:07.050530,2,1,155.85,0.5,155.6,22,155.1,150,,,,,,,,,,,,,,,,,156.1,100,,,,,,,,,,,,,,,,,,
2026-07-06T04:00:07.058601+00:00,2026-07-06T04:00:07.055736,2,2,155.85,0.5,155.6,22,155.1,150,,,,,,,,,,,,,,,,,156.1,100,156.3,8,,,,,,,,,,,,,,,,
2026-07-06T04:00:07.567621+00:00,2026-07-06T04:00:07.567530,1,2,155.85,0.5,155.6,22,,,,,,,,,,,,,,,,,,,156.1,100,156.3,8,,,,,,,,,,,,,,,,
2026-07-06T04:00:07.631618+00:00,2026-07-06T04:00:07.625274,2,2,156.05,0.1,156.0,116,155.6,22,,,,,,,,,,,,,,,,,156.1,100,156.3,8,,,,,,,,,,,,,,,,
2026-07-06T04:00:07.686864+00:00,2026-07-06T04:00:07.674452,2,3,156.05,0.1,156.0,116,155.6,22,,,,,,,,,,,,,,,,,156.1,50,156.3,8,156.5,150,,,,,,,,,,,,,,
2026-07-06T04:00:07.808370+00:00,2026-07-06T04:00:07.808258,2,2,156.05,0.1,156.0,116,155.6,22,,,,,,,,,,,,,,,,,156.1,50,156.5,150,,,,,,,,,,,,,,,,
2026-07-06T04:00:07.813484+00:00,2026-07-06T04:00:07.813437,2,3,156.05,0.1,156.0,116,155.6,22,,,,,,,,,,,,,,,,,156.1,50,156.4,8,156.5,150,,,,,,,,,,,,,,
2026-07-06T04:00:09.783886+00:00,2026-07-06T04:00:09.783829,2,2,156.2,0.4,156.0,116,155.6,22,,,,,,,,,,,,,,,,,156.4,8,156.5,150,,,,,,,,,,,,,,,,
2026-07-06T04:00:09.934735+00:00,2026-07-06T04:00:09.929006,2,2,156.2,0.4,156.0,93,155.6,22,,,,,,,,,,,,,,,,,156.4,8,156.5,150,,,,,,,,,,,,,,,,
2026-07-06T04:00:10.006183+00:00,2026-07-06T04:00:10.006076,1,2,156.2,0.4,156.0,93,,,,,,,,,,,,,,,,,,,156.4,8,156.5,150,,,,,,,,,,,,,,,,
2026-07-06T04:00:10.058649+00:00,2026-07-06T04:00:10.057064,2,2,156.2,0.4,156.0,93,155.4,100,,,,,,,,,,,,,,,,,156.4,8,156.5,150,,,,,,,,,,,,,,,,
2026-07-06T04:00:10.072095+00:00,2026-07-06T04:00:10.072207,2,2,156.15,0.3,156.0,93,155.4,100,,,,,,,,,,,,,,,,,156.3,8,156.5,150,,,,,,,,,,,,,,,,
2026-07-06T04:00:10.115836+00:00,2026-07-06T04:00:10.115673,1,3,155.65,0.5,155.4,100,,,,,,,,,,,,,,,,,,,155.9,7,156.3,8,156.5,150,,,,,,,,,,,,,,
2026-07-06T04:00:10.578105+00:00,2026-07-06T04:00:10.578067,1,2,155.65,0.5,155.4,100,,,,,,,,,,,,,,,,,,,155.9,7,156.5,150,,,,,,,,,,,,,,,,
2026-07-06T04:00:10.583253+00:00,2026-07-06T04:00:10.583222,1,3,155.65,0.5,155.4,100,,,,,,,,,,,,,,,,,,,155.9,7,156.2,8,156.5,150,,,,,,,,,,,,,,
2026-07-06T04:00:10.728662+00:00,2026-07-06T04:00:10.728576,1,2,155.65,0.5,155.4,100,,,,,,,,,,,,,,,,,,,155.9,7,156.2,8,,,,,,,,,,,,,,,,
2026-07-06T04:00:10.781305+00:00,2026-07-06T04:00:10.781408,2,2,155.65,0.5,155.4,100,155.1,150,,,,,,,,,,,,,,,,,155.9,7,156.2,8,,,,,,,,,,,,,,,,
2026-07-06T04:00:10.830046+00:00,2026-07-06T04:00:10.830241,2,3,155.5,0.2,155.4,100,155.1,150,,,,,,,,,,,,,,,,,155.6,150,155.9,7,156.2,8,,,,,,,,,,,,,,
2026-07-06T04:00:10.840175+00:00,2026-07-06T04:00:10.834605,2,3,155.5,0.2,155.4,100,155.1,150,,,,,,,,,,,,,,,,,155.6,127,155.9,7,156.2,8,,,,,,,,,,,,,,
2026-07-06T04:00:11.276382+00:00,2026-07-06T04:00:11.269112,2,3,155.5,0.2,155.4,100,155.1,150,,,,,,,,,,,,,,,,,155.6,115,155.9,7,156.2,8,,,,,,,,,,,,,,
2026-07-06T04:00:11.458956+00:00,2026-07-06T04:00:11.458770,2,3,155.5,0.2,155.4,53,155.1,150,,,,,,,,,,,,,,,,,155.6,115,155.9,7,156.2,8,,,,,,,,,,,,,,
2026-07-06T04:00:13.172501+00:00,2026-07-06T04:00:13.172443,1,2,155.35,0.5,155.1,150,,,,,,,,,,,,,,,,,,,155.6,115,156.2,8,,,,,,,,,,,,,,,,
2026-07-06T04:00:13.226649+00:00,2026-07-06T04:00:13.226580,1,2,155.35,0.5,155.1,150,,,,,,,,,,,,,,,,,,,155.6,15,156.2,8,,,,,,,,,,,,,,,,
2026-07-06T04:00:13.280692+00:00,2026-07-06T04:00:13.280612,1,2,155.35,0.5,155.1,150,,,,,,,,,,,,,,,,,,,155.6,15,156.2,108,,,,,,,,,,,,,,,,
2026-07-06T04:00:13.860174+00:00,2026-07-06T04:00:13.854626,1,1,155.65,1.1,155.1,150,,,,,,,,,,,,,,,,,,,156.2,108,,,,,,,,,,,,,,,,,,
2026-07-06T04:00:13.890011+00:00,2026-07-06T04:00:13.889920,0,1,,,,,,,,,,,,,,,,,,,,,,,156.2,108,,,,,,,,,,,,,,,,,,
2026-07-06T04:00:13.941163+00:00,2026-07-06T04:00:13.941287,1,1,156.15,0.1,156.1,150,,,,,,,,,,,,,,,,,,,156.2,108,,,,,,,,,,,,,,,,,,
2026-07-06T04:00:13.950492+00:00,2026-07-06T04:00:13.945177,1,1,156.15,0.1,156.1,135,,,,,,,,,,,,,,,,,,,156.2,108,,,,,,,,,,,,,,,,,,
2026-07-06T04:00:13.995695+00:00,2026-07-06T04:00:13.995646,1,2,156.15,0.1,156.1,135,,,,,,,,,,,,,,,,,,,156.2,58,156.6,150,,,,,,,,,,,,,,,,
2026-07-06T04:00:15.158649+00:00,2026-07-06T04:00:15.153143,1,2,156.15,0.1,156.1,90,,,,,,,,,,,,,,,,,,,156.2,58,156.6,150,,,,,,,,,,,,,,,,
2026-07-06T04:00:15.784957+00:00,2026-07-06T04:00:15.784855,1,2,156.15,0.1,156.1,90,,,,,,,,,,,,,,,,,,,156.2,14,156.6,150,,,,,,,,,,,,,,,,
2026-07-06T04:00:16.127906+00:00,2026-07-06T04:00:16.127992,2,2,156.15,0.1,156.1,90,156.0,8,,,,,,,,,,,,,,,,,156.2,14,156.6,150,,,,,,,,,,,,,,,,
2026-07-06T04:00:16.133315+00:00,2026-07-06T04:00:16.133192,2,3,156.15,0.1,156.1,90,156.0,8,,,,,,,,,,,,,,,,,156.2,14,156.4,8,156.6,150,,,,,,,,,,,,,,
2026-07-06T04:00:16.153798+00:00,2026-07-06T04:00:16.153664,2,3,156.15,0.1,156.1,40,156.0,8,,,,,,,,,,,,,,,,,156.2,14,156.4,8,156.6,150,,,,,,,,,,,,,,
2026-07-06T04:00:16.334366+00:00,2026-07-06T04:00:16.334293,2,2,156.25,0.3,156.1,40,156.0,8,,,,,,,,,,,,,,,,,156.4,8,156.6,150,,,,,,,,,,,,,,,,
2026-07-06T04:00:16.401491+00:00,2026-07-06T04:00:16.401343,3,2,156.25,0.3,156.1,40,156.0,8,155.9,100,,,,,,,,,,,,,,,156.4,8,156.6,150,,,,,,,,,,,,,,,,
2026-07-06T04:00:16.417285+00:00,2026-07-06T04:00:16.411948,3,2,156.25,0.3,156.1,28,156.0,8,155.9,100,,,,,,,,,,,,,,,156.4,8,156.6,150,,,,,,,,,,,,,,,,
2026-07-06T04:00:16.451871+00:00,2026-07-06T04:00:16.451762,3,2,156.25,0.3,156.1,28,156.0,8,155.9,100,,,,,,,,,,,,,,,156.4,108,156.6,150,,,,,,,,,,,,,,,,
2026-07-06T04:00:16.642680+00:00,2026-07-06T04:00:16.642560,2,2,156.25,0.3,156.1,28,155.9,100,,,,,,,,,,,,,,,,,156.4,100,156.6,150,,,,,,,,,,,,,,,,
2026-07-06T04:00:16.647869+00:00,2026-07-06T04:00:16.647767,2,2,156.25,0.3,156.1,36,155.9,100,,,,,,,,,,,,,,,,,156.4,100,156.6,158,,,,,,,,,,,,,,,,
2026-07-06T04:00:17.052056+00:00,2026-07-06T04:00:17.051972,2,2,156.25,0.3,156.1,8,155.9,100,,,,,,,,,,,,,,,,,156.4,100,156.6,8,,,,,,,,,,,,,,,,
2026-07-06T04:00:17.103315+00:00,2026-07-06T04:00:17.103225,3,2,156.25,0.3,156.1,8,155.9,100,155.7,150,,,,,,,,,,,,,,,156.4,100,156.6,8,,,,,,,,,,,,,,,,
2026-07-06T04:00:17.163940+00:00,2026-07-06T04:00:17.163887,3,3,156.15,0.1,156.1,8,155.9,100,155.7,150,,,,,,,,,,,,,,,156.2,150,156.4,100,156.6,8,,,,,,,,,,,,,,
2026-07-06T04:00:17.368861+00:00,2026-07-06T04:00:17.369030,3,3,156.15,0.1,156.1,8,155.9,100,155.7,150,,,,,,,,,,,,,,,156.2,104,156.4,100,156.6,8,,,,,,,,,,,,,,
2026-07-06T04:00:18.158574+00:00,2026-07-06T04:00:18.157388,3,3,156.15,0.1,156.1,8,155.9,100,155.7,150,,,,,,,,,,,,,,,156.2,104,156.4,100,156.5,8,,,,,,,,,,,,,,
2026-07-06T04:00:18.258648+00:00,2026-07-06T04:00:18.255563,2,3,156.05,0.3,155.9,58,155.7,150,,,,,,,,,,,,,,,,,156.2,104,156.4,100,156.5,8,,,,,,,,,,,,,,
2026-07-06T04:00:19.510870+00:00,2026-07-06T04:00:19.510797,1,2,155.95,0.5,155.7,150,,,,,,,,,,,,,,,,,,,156.2,104,156.5,8,,,,,,,,,,,,,,,,
2026-07-06T04:00:19.558599+00:00,2026-07-06T04:00:19.555859,1,2,155.95,0.5,155.7,250,,,,,,,,,,,,,,,,,,,156.2,104,156.5,8,,,,,,,,,,,,,,,,
2026-07-06T04:00:19.614729+00:00,2026-07-06T04:00:19.614636,1,2,155.95,0.5,155.7,250,,,,,,,,,,,,,,,,,,,156.2,204,156.5,8,,,,,,,,,,,,,,,,
2026-07-06T04:00:19.674834+00:00,2026-07-06T04:00:19.674797,1,1,155.95,0.5,155.7,250,,,,,,,,,,,,,,,,,,,156.2,204,,,,,,,,,,,,,,,,,,
2026-07-06T04:00:19.680052+00:00,2026-07-06T04:00:19.679967,1,2,155.95,0.5,155.7,250,,,,,,,,,,,,,,,,,,,156.2,204,156.6,8,,,,,,,,,,,,,,,,
2026-07-06T04:00:19.802316+00:00,2026-07-06T04:00:19.802215,1,2,155.95,0.5,155.7,207,,,,,,,,,,,,,,,,,,,156.2,204,156.6,8,,,,,,,,,,,,,,,,
2026-07-06T04:00:20.211952+00:00,2026-07-06T04:00:20.211876,1,2,155.95,0.5,155.7,100,,,,,,,,,,,,,,,,,,,156.2,100,156.6,8,,,,,,,,,,,,,,,,
2026-07-06T04:00:20.266837+00:00,2026-07-06T04:00:20.266745,2,2,155.95,0.5,155.7,100,155.6,150,,,,,,,,,,,,,,,,,156.2,100,156.6,8,,,,,,,,,,,,,,,,
2026-07-06T04:00:20.320091+00:00,2026-07-06T04:00:20.319985,2,3,155.9,0.4,155.7,100,155.6,150,,,,,,,,,,,,,,,,,156.1,150,156.2,100,156.6,8,,,,,,,,,,,,,,
2026-07-06T04:00:20.370315+00:00,2026-07-06T04:00:20.370159,2,3,155.9,0.4,155.7,50,155.6,150,,,,,,,,,,,,,,,,,156.1,150,156.2,100,156.6,8,,,,,,,,,,,,,,
2026-07-06T04:00:20.433617+00:00,2026-07-06T04:00:20.433524,2,2,155.9,0.4,155.7,50,155.6,150,,,,,,,,,,,,,,,,,156.1,150,156.2,100,,,,,,,,,,,,,,,,
2026-07-06T04:00:20.438610+00:00,2026-07-06T04:00:20.438699,2,3,155.9,0.4,155.7,50,155.6,150,,,,,,,,,,,,,,,,,156.1,150,156.2,100,156.4,8,,,,,,,,,,,,,,
2026-07-06T04:00:20.905073+00:00,2026-07-06T04:00:20.904964,2,3,155.9,0.4,155.7,50,155.6,150,,,,,,,,,,,,,,,,,156.1,110,156.2,100,156.4,8,,,,,,,,,,,,,,
2026-07-06T04:00:22.669347+00:00,2026-07-06T04:00:22.669294,1,2,155.85,0.5,155.6,150,,,,,,,,,,,,,,,,,,,156.1,110,156.4,8,,,,,,,,,,,,,,,,
2026-07-06T04:00:22.721640+00:00,2026-07-06T04:00:22.721707,2,2,155.85,0.5,155.6,150,155.4,100,,,,,,,,,,,,,,,,,156.1,110,156.4,8,,,,,,,,,,,,,,,,
2026-07-06T04:00:22.776111+00:00,2026-07-06T04:00:22.776191,2,3,155.75,0.3,155.6,150,155.4,100,,,,,,,,,,,,,,,,,155.9,100,156.1,110,156.4,8,,,,,,,,,,,,,,
2026-07-06T04:00:23.374540+00:00,2026-07-06T04:00:23.374429,1,2,155.65,0.5,155.4,100,,,,,,,,,,,,,,,,,,,155.9,100,156.4,8,,,,,,,,,,,,,,,,
2026-07-06T04:00:23.420522+00:00,2026-07-06T04:00:23.420406,1,2,155.65,0.5,155.4,100,,,,,,,,,,,,,,,,,,,155.9,52,156.4,8,,,,,,,,,,,,,,,,
2026-07-06T04:00:23.425506+00:00,2026-07-06T04:00:23.425593,2,2,155.8,0.2,155.7,150,155.4,100,,,,,,,,,,,,,,,,,155.9,52,156.4,8,,,,,,,,,,,,,,,,
2026-07-06T04:00:23.482813+00:00,2026-07-06T04:00:23.482697,2,3,155.8,0.2,155.7,150,155.4,100,,,,,,,,,,,,,,,,,155.9,52,156.2,150,156.4,8,,,,,,,,,,,,,,
2026-07-06T04:00:24.069547+00:00,2026-07-06T04:00:24.069413,2,3,155.8,0.2,155.7,107,155.4,100,,,,,,,,,,,,,,,,,155.9,52,156.2,150,156.4,8,,,,,,,,,,,,,,
2026-07-06T04:00:25.830953+00:00,2026-07-06T04:00:25.830861,1,2,155.95,0.5,155.7,107,,,,,,,,,,,,,,,,,,,156.2,150,156.4,8,,,,,,,,,,,,,,,,
2026-07-06T04:00:25.889056+00:00,2026-07-06T04:00:25.889166,2,2,155.95,0.5,155.7,107,155.6,100,,,,,,,,,,,,,,,,,156.2,150,156.4,8,,,,,,,,,,,,,,,,
2026-07-06T04:00:25.942114+00:00,2026-07-06T04:00:25.942045,2,3,155.9,0.4,155.7,107,155.6,100,,,,,,,,,,,,,,,,,156.1,100,156.2,150,156.4,8,,,,,,,,,,,,,,
2026-07-06T04:00:26.536095+00:00,2026-07-06T04:00:26.536313,1,2,155.85,0.5,155.6,100,,,,,,,,,,,,,,,,,,,156.1,100,156.4,8,,,,,,,,,,,,,,,,
2026-07-06T04:00:26.590929+00:00,2026-07-06T04:00:26.590725,2,2,155.85,0.5,155.6,100,155.4,150,,,,,,,,,,,,,,,,,156.1,100,156.4,8,,,,,,,,,,,,,,,,
2026-07-06T04:00:26.658621+00:00,2026-07-06T04:00:26.657933,2,3,155.75,0.3,155.6,100,155.4,150,,,,,,,,,,,,,,,,,155.9,150,156.1,100,156.4,8,,,,,,,,,,,,,,
2026-07-06T04:00:26.669044+00:00,2026-07-06T04:00:26.668958,2,3,155.75,0.3,155.6,100,155.4,150,,,,,,,,,,,,,,,,,155.9,100,156.1,100,156.4,8,,,,,,,,,,,,,,
2026-07-06T04:00:28.463987+00:00,2026-07-06T04:00:28.463793,2,3,155.75,0.3,155.6,100,155.4,150,,,,,,,,,,,,,,,,,155.9,100,156.1,100,156.2,8,,,,,,,,,,,,,,
2026-07-06T04:00:28.995934+00:00,2026-07-06T04:00:28.995826,1,2,155.65,0.5,155.4,150,,,,,,,,,,,,,,,,,,,155.9,100,156.2,8,,,,,,,,,,,,,,,,
2026-07-06T04:00:29.049827+00:00,2026-07-06T04:00:29.049933,2,2,155.7,0.4,155.5,100,155.4,150,,,,,,,,,,,,,,,,,155.9,100,156.2,8,,,,,,,,,,,,,,,,
2026-07-06T04:00:29.103708+00:00,2026-07-06T04:00:29.103654,2,3,155.7,0.4,155.5,100,155.4,150,,,,,,,,,,,,,,,,,155.9,100,156.0,100,156.2,8,,,,,,,,,,,,,,
2026-07-06T04:00:29.213101+00:00,2026-07-06T04:00:29.213049,2,2,155.7,0.4,155.5,100,155.4,150,,,,,,,,,,,,,,,,,155.9,100,156.0,100,,,,,,,,,,,,,,,,
2026-07-06T04:00:29.218264+00:00,2026-07-06T04:00:29.218232,2,3,155.7,0.4,155.5,100,155.4,150,,,,,,,,,,,,,,,,,155.9,100,156.0,100,156.3,8,,,,,,,,,,,,,,
2026-07-06T04:00:29.716995+00:00,2026-07-06T04:00:29.716937,2,2,155.75,0.5,155.5,100,155.4,150,,,,,,,,,,,,,,,,,156.0,100,156.3,8,,,,,,,,,,,,,,,,
2026-07-06T04:00:29.722254+00:00,2026-07-06T04:00:29.722121,1,2,155.75,0.5,155.5,100,,,,,,,,,,,,,,,,,,,156.0,100,156.3,8,,,,,,,,,,,,,,,,
2026-07-06T04:00:29.776021+00:00,2026-07-06T04:00:29.775927,2,2,155.8,0.4,155.6,150,155.5,100,,,,,,,,,,,,,,,,,156.0,100,156.3,8,,,,,,,,,,,,,,,,
2026-07-06T04:00:29.828874+00:00,2026-07-06T04:00:29.829004,2,3,155.8,0.4,155.6,150,155.5,100,,,,,,,,,,,,,,,,,156.0,100,156.1,150,156.3,8,,,,,,,,,,,,,,
2026-07-06T04:00:29.975665+00:00,2026-07-06T04:00:29.975635,2,3,155.8,0.4,155.6,150,155.5,100,,,,,,,,,,,,,,,,,156.0,100,156.1,150,156.3,8,,,,,,,,,,,,,,
2026-07-06T04:00:30.906354+00:00,2026-07-06T04:00:30.906252,2,3,155.8,0.4,155.6,150,155.5,100,,,,,,,,,,,,,,,,,156.0,50,156.1,150,156.3,8,,,,,,,,,,,,,,
2026-07-06T04:00:32.158574+00:00,2026-07-06T04:00:32.158226,1,2,155.85,0.5,155.6,150,,,,,,,,,,,,,,,,,,,156.1,150,156.3,8,,,,,,,,,,,,,,,,
2026-07-06T04:00:32.217958+00:00,2026-07-06T04:00:32.217882,2,2,155.9,0.4,155.7,100,155.6,150,,,,,,,,,,,,,,,,,156.1,150,156.3,8,,,,,,,,,,,,,,,,
2026-07-06T04:00:32.238628+00:00,2026-07-06T04:00:32.238751,2,1,155.9,0.4,155.7,100,155.6,150,,,,,,,,,,,,,,,,,156.1,158,,,,,,,,,,,,,,,,,,
2026-07-06T04:00:32.270382+00:00,2026-07-06T04:00:32.270183,2,2,155.9,0.4,155.7,100,155.6,150,,,,,,,,,,,,,,,,,156.1,158,156.2,100,,,,,,,,,,,,,,,,
2026-07-06T04:00:32.882119+00:00,2026-07-06T04:00:32.882002,1,2,155.9,0.4,155.7,100,,,,,,,,,,,,,,,,,,,156.1,8,156.2,100,,,,,,,,,,,,,,,,
2026-07-06T04:00:32.936593+00:00,2026-07-06T04:00:32.936546,2,2,155.9,0.4,155.7,100,155.5,150,,,,,,,,,,,,,,,,,156.1,8,156.2,100,,,,,,,,,,,,,,,,
2026-07-06T04:00:32.989925+00:00,2026-07-06T04:00:32.989868,2,3,155.85,0.3,155.7,100,155.5,150,,,,,,,,,,,,,,,,,156.0,150,156.1,8,156.2,100,,,,,,,,,,,,,,
2026-07-06T04:00:33.017119+00:00,2026-07-06T04:00:33.016901,2,3,155.85,0.3,155.7,100,155.5,150,,,,,,,,,,,,,,,,,156.0,100,156.1,8,156.2,100,,,,,,,,,,,,,,
2026-07-06T04:00:34.747973+00:00,2026-07-06T04:00:34.747864,2,2,155.85,0.3,155.7,100,155.5,150,,,,,,,,,,,,,,,,,156.0,108,156.2,100,,,,,,,,,,,,,,,,
2026-07-06T04:00:35.174269+00:00,2026-07-06T04:00:35.174206,2,2,155.85,0.3,155.7,50,155.5,150,,,,,,,,,,,,,,,,,156.0,108,156.2,100,,,,,,,,,,,,,,,,
2026-07-06T04:00:35.322977+00:00,2026-07-06T04:00:35.322878,1,1,155.75,0.5,155.5,150,,,,,,,,,,,,,,,,,,,156.0,108,,,,,,,,,,,,,,,,,,
2026-07-06T04:00:35.379233+00:00,2026-07-06T04:00:35.379136,2,1,155.75,0.5,155.5,150,155.4,100,,,,,,,,,,,,,,,,,156.0,108,,,,,,,,,,,,,,,,,,
2026-07-06T04:00:35.431320+00:00,2026-07-06T04:00:35.431250,2,2,155.7,0.4,155.5,150,155.4,100,,,,,,,,,,,,,,,,,155.9,100,156.0,108,,,,,,,,,,,,,,,,
2026-07-06T04:00:36.045173+00:00,2026-07-06T04:00:36.045059,1,2,155.65,0.5,155.4,100,,,,,,,,,,,,,,,,,,,155.9,100,156.0,8,,,,,,,,,,,,,,,,
2026-07-06T04:00:36.100542+00:00,2026-07-06T04:00:36.100477,2,2,155.75,0.3,155.6,150,155.4,100,,,,,,,,,,,,,,,,,155.9,100,156.0,8,,,,,,,,,,,,,,,,
2026-07-06T04:00:36.152855+00:00,2026-07-06T04:00:36.152768,2,3,155.75,0.3,155.6,150,155.4,100,,,,,,,,,,,,,,,,,155.9,100,156.0,8,156.1,150,,,,,,,,,,,,,,
2026-07-06T04:00:36.648787+00:00,2026-07-06T04:00:36.649031,2,3,155.75,0.3,155.6,105,155.4,100,,,,,,,,,,,,,,,,,155.9,100,156.0,8,156.1,150,,,,,,,,,,,,,,
2026-07-06T04:00:37.166360+00:00,2026-07-06T04:00:37.166219,2,3,155.75,0.3,155.6,105,155.4,100,,,,,,,,,,,,,,,,,155.9,57,156.0,8,156.1,150,,,,,,,,,,,,,,
2026-07-06T04:00:37.220069+00:00,2026-07-06T04:00:37.220033,2,3,155.75,0.3,155.6,62,155.4,100,,,,,,,,,,,,,,,,,155.9,57,156.0,8,156.1,150,,,,,,,,,,,,,,
2026-07-06T04:00:38.183329+00:00,2026-07-06T04:00:38.183169,2,3,155.75,0.3,155.6,19,155.4,100,,,,,,,,,,,,,,,,,155.9,57,156.0,8,156.1,150,,,,,,,,,,,,,,
2026-07-06T04:00:38.485794+00:00,2026-07-06T04:00:38.485675,1,2,155.8,0.4,155.6,19,,,,,,,,,,,,,,,,,,,156.0,8,156.1,150,,,,,,,,,,,,,,,,
2026-07-06T04:00:38.541011+00:00,2026-07-06T04:00:38.540834,2,2,155.8,0.4,155.6,19,155.5,100,,,,,,,,,,,,,,,,,156.0,8,156.1,150,,,,,,,,,,,,,,,,
2026-07-06T04:00:38.594695+00:00,2026-07-06T04:00:38.594555,2,2,155.8,0.4,155.6,19,155.5,100,,,,,,,,,,,,,,,,,156.0,108,156.1,150,,,,,,,,,,,,,,,,
2026-07-06T04:00:38.789946+00:00,2026-07-06T04:00:38.783782,2,2,155.8,0.4,155.6,8,155.5,100,,,,,,,,,,,,,,,,,156.0,108,156.1,150,,,,,,,,,,,,,,,,
2026-07-06T04:00:39.012918+00:00,2026-07-06T04:00:39.013067,2,3,155.75,0.3,155.6,8,155.5,100,,,,,,,,,,,,,,,,,155.9,8,156.0,100,156.1,150,,,,,,,,,,,,,,
2026-07-06T04:00:39.206927+00:00,2026-07-06T04:00:39.206836,1,2,155.7,0.4,155.5,100,,,,,,,,,,,,,,,,,,,155.9,8,156.0,100,,,,,,,,,,,,,,,,
2026-07-06T04:00:39.258637+00:00,2026-07-06T04:00:39.252028,2,2,155.7,0.4,155.5,100,154.8,150,,,,,,,,,,,,,,,,,155.9,8,156.0,100,,,,,,,,,,,,,,,,
2026-07-06T04:00:39.327625+00:00,2026-07-06T04:00:39.321341,1,3,155.0,0.4,154.8,150,,,,,,,,,,,,,,,,,,,155.2,27,155.9,8,156.0,100,,,,,,,,,,,,,,
2026-07-06T04:00:39.521075+00:00,2026-07-06T04:00:39.521252,1,3,155.0,0.4,154.8,150,,,,,,,,,,,,,,,,,,,155.2,27,155.8,8,156.0,100,,,,,,,,,,,,,,
2026-07-06T04:00:40.013499+00:00,2026-07-06T04:00:40.007444,1,3,155.0,0.4,154.8,150,,,,,,,,,,,,,,,,,,,155.2,16,155.8,8,156.0,100,,,,,,,,,,,,,,
2026-07-06T04:00:40.279309+00:00,2026-07-06T04:00:40.279247,1,2,155.0,0.4,154.8,150,,,,,,,,,,,,,,,,,,,155.2,16,156.0,100,,,,,,,,,,,,,,,,
2026-07-06T04:00:40.284319+00:00,2026-07-06T04:00:40.284446,1,3,155.0,0.4,154.8,150,,,,,,,,,,,,,,,,,,,155.2,16,155.9,8,156.0,100,,,,,,,,,,,,,,
2026-07-06T04:00:40.648231+00:00,2026-07-06T04:00:40.641947,1,2,155.35,1.1,154.8,150,,,,,,,,,,,,,,,,,,,155.9,8,156.0,100,,,,,,,,,,,,,,,,
2026-07-06T04:00:41.650413+00:00,2026-07-06T04:00:41.650290,1,1,155.35,1.1,154.8,150,,,,,,,,,,,,,,,,,,,155.9,8,,,,,,,,,,,,,,,,,,
2026-07-06T04:00:41.702151+00:00,2026-07-06T04:00:41.702097,2,1,155.5,0.8,155.1,100,154.8,150,,,,,,,,,,,,,,,,,155.9,8,,,,,,,,,,,,,,,,,,
2026-07-06T04:00:41.758624+00:00,2026-07-06T04:00:41.754655,2,2,155.35,0.5,155.1,100,154.8,150,,,,,,,,,,,,,,,,,155.6,100,155.9,8,,,,,,,,,,,,,,,,
2026-07-06T04:00:41.790787+00:00,2026-07-06T04:00:41.790935,2,1,155.35,0.5,155.1,100,154.8,150,,,,,,,,,,,,,,,,,155.6,100,,,,,,,,,,,,,,,,,,
2026-07-06T04:00:41.817192+00:00,2026-07-06T04:00:41.817346,2,2,155.35,0.5,155.1,100,154.8,150,,,,,,,,,,,,,,,,,155.6,100,155.9,8,,,,,,,,,,,,,,,,
2026-07-06T04:00:42.371933+00:00,2026-07-06T04:00:42.371844,1,2,155.35,0.5,155.1,100,,,,,,,,,,,,,,,,,,,155.6,100,155.9,8,,,,,,,,,,,,,,,,
2026-07-06T04:00:42.437399+00:00,2026-07-06T04:00:42.429896,2,1,155.75,0.3,155.6,23,155.1,100,,,,,,,,,,,,,,,,,155.9,8,,,,,,,,,,,,,,,,,,
2026-07-06T04:00:42.479915+00:00,2026-07-06T04:00:42.479859,2,2,155.75,0.3,155.6,23,155.1,100,,,,,,,,,,,,,,,,,155.9,8,156.1,150,,,,,,,,,,,,,,,,
2026-07-06T04:00:42.575561+00:00,2026-07-06T04:00:42.575492,2,2,155.75,0.3,155.6,23,155.1,100,,,,,,,,,,,,,,,,,155.9,8,156.1,150,,,,,,,,,,,,,,,,
2026-07-06T04:00:42.720132+00:00,2026-07-06T04:00:42.714488,2,2,155.75,0.3,155.6,11,155.1,100,,,,,,,,,,,,,,,,,155.9,8,156.1,150,,,,,,,,,,,,,,,,
2026-07-06T04:00:42.833433+00:00,2026-07-06T04:00:42.833311,2,2,155.75,0.3,155.6,11,155.1,100,,,,,,,,,,,,,,,,,155.9,8,156.1,150,,,,,,,,,,,,,,,,
2026-07-06T04:00:43.341320+00:00,2026-07-06T04:00:43.341194,2,2,155.7,0.2,155.6,11,155.1,100,,,,,,,,,,,,,,,,,155.8,8,156.1,150,,,,,,,,,,,,,,,,
2026-07-06T04:00:44.022738+00:00,2026-07-06T04:00:44.022665,1,2,155.45,0.7,155.1,100,,,,,,,,,,,,,,,,,,,155.8,8,156.1,150,,,,,,,,,,,,,,,,
2026-07-06T04:00:44.099342+00:00,2026-07-06T04:00:44.099487,1,2,155.4,0.6,155.1,100,,,,,,,,,,,,,,,,,,,155.7,8,156.1,150,,,,,,,,,,,,,,,,
2026-07-06T04:00:44.837669+00:00,2026-07-06T04:00:44.837629,0,2,,,,,,,,,,,,,,,,,,,,,,,155.7,8,156.1,150,,,,,,,,,,,,,,,,
2026-07-06T04:00:44.897365+00:00,2026-07-06T04:00:44.897207,1,2,155.4,0.6,155.1,100,,,,,,,,,,,,,,,,,,,155.7,8,156.1,150,,,,,,,,,,,,,,,,
2026-07-06T04:00:44.949024+00:00,2026-07-06T04:00:44.948991,1,3,155.35,0.5,155.1,100,,,,,,,,,,,,,,,,,,,155.6,100,155.7,8,156.1,150,,,,,,,,,,,,,,
2026-07-06T04:00:45.358600+00:00,2026-07-06T04:00:45.354214,1,3,155.35,0.5,155.1,100,,,,,,,,,,,,,,,,,,,155.6,100,155.9,8,156.1,150,,,,,,,,,,,,,,
2026-07-06T04:00:45.534452+00:00,2026-07-06T04:00:45.534376,1,2,155.35,0.5,155.1,100,,,,,,,,,,,,,,,,,,,155.6,100,155.9,8,,,,,,,,,,,,,,,,
2026-07-06T04:00:45.588090+00:00,2026-07-06T04:00:45.588196,1,2,155.35,0.5,155.1,250,,,,,,,,,,,,,,,,,,,155.6,100,155.9,8,,,,,,,,,,,,,,,,
2026-07-06T04:00:45.652701+00:00,2026-07-06T04:00:45.645913,1,3,155.3,0.4,155.1,250,,,,,,,,,,,,,,,,,,,155.5,138,155.6,100,155.9,8,,,,,,,,,,,,,,
2026-07-06T04:00:45.682363+00:00,2026-07-06T04:00:45.682561,1,3,155.3,0.4,155.1,250,,,,,,,,,,,,,,,,,,,155.5,88,155.6,100,155.9,8,,,,,,,,,,,,,,
2026-07-06T04:00:46.680048+00:00,2026-07-06T04:00:46.679977,1,3,155.3,0.4,155.1,250,,,,,,,,,,,,,,,,,,,155.5,42,155.6,100,155.9,8,,,,,,,,,,,,,,
2026-07-06T04:00:47.368043+00:00,2026-07-06T04:00:47.368014,1,3,155.3,0.4,155.1,250,,,,,,,,,,,,,,,,,,,155.5,42,155.6,100,155.8,8,,,,,,,,,,,,,,
2026-07-06T04:00:48.006825+00:00,2026-07-06T04:00:48.006725,1,2,155.3,0.4,155.1,150,,,,,,,,,,,,,,,,,,,155.5,42,155.8,8,,,,,,,,,,,,,,,,
2026-07-06T04:00:48.058620+00:00,2026-07-06T04:00:48.055261,2,2,155.4,0.2,155.3,100,155.1,150,,,,,,,,,,,,,,,,,155.5,42,155.8,8,,,,,,,,,,,,,,,,
2026-07-06T04:00:48.113329+00:00,2026-07-06T04:00:48.113240,2,2,155.4,0.2,155.3,100,155.1,150,,,,,,,,,,,,,,,,,155.5,42,155.8,108,,,,,,,,,,,,,,,,
2026-07-06T04:00:48.126337+00:00,2026-07-06T04:00:48.126124,2,2,155.4,0.2,155.3,100,155.1,150,,,,,,,,,,,,,,,,,155.5,42,155.8,100,,,,,,,,,,,,,,,,
2026-07-06T04:00:48.131464+00:00,2026-07-06T04:00:48.131389,2,3,155.4,0.2,155.3,100,155.1,150,,,,,,,,,,,,,,,,,155.5,42,155.8,100,155.9,8,,,,,,,,,,,,,,
2026-07-06T04:00:48.697191+00:00,2026-07-06T04:00:48.697326,1,2,155.55,0.5,155.3,100,,,,,,,,,,,,,,,,,,,155.8,100,155.9,8,,,,,,,,,,,,,,,,
2026-07-06T04:00:48.751916+00:00,2026-07-06T04:00:48.752068,1,2,155.55,0.5,155.3,250,,,,,,,,,,,,,,,,,,,155.8,100,155.9,8,,,,,,,,,,,,,,,,
2026-07-06T04:00:48.805562+00:00,2026-07-06T04:00:48.805433,1,2,155.55,0.5,155.3,250,,,,,,,,,,,,,,,,,,,155.8,250,155.9,8,,,,,,,,,,,,,,,,
2026-07-06T04:00:50.896198+00:00,2026-07-06T04:00:50.896389,1,2,155.55,0.5,155.3,209,,,,,,,,,,,,,,,,,,,155.8,250,155.9,8,,,,,,,,,,,,,,,,
2026-07-06T04:00:51.165479+00:00,2026-07-06T04:00:51.165396,1,2,155.55,0.5,155.3,150,,,,,,,,,,,,,,,,,,,155.8,150,155.9,8,,,,,,,,,,,,,,,,
2026-07-06T04:00:51.221789+00:00,2026-07-06T04:00:51.221897,2,2,155.55,0.5,155.3,150,155.2,100,,,,,,,,,,,,,,,,,155.8,150,155.9,8,,,,,,,,,,,,,,,,
2026-07-06T04:00:51.274074+00:00,2026-07-06T04:00:51.274022,2,3,155.5,0.4,155.3,150,155.2,100,,,,,,,,,,,,,,,,,155.7,100,155.8,150,155.9,8,,,,,,,,,,,,,,
2026-07-06T04:00:51.450323+00:00,2026-07-06T04:00:51.450238,2,3,155.5,0.4,155.3,150,155.2,100,,,,,,,,,,,,,,,,,155.7,51,155.8,150,155.9,8,,,,,,,,,,,,,,
2026-07-06T04:00:51.858597+00:00,2026-07-06T04:00:51.854895,1,2,155.45,0.5,155.2,100,,,,,,,,,,,,,,,,,,,155.7,51,155.9,8,,,,,,,,,,,,,,,,
2026-07-06T04:00:51.915869+00:00,2026-07-06T04:00:51.916105,2,2,155.5,0.4,155.3,150,155.2,100,,,,,,,,,,,,,,,,,155.7,51,155.9,8,,,,,,,,,,,,,,,,
2026-07-06T04:00:51.972251+00:00,2026-07-06T04:00:51.972144,2,3,155.5,0.4,155.3,150,155.2,100,,,,,,,,,,,,,,,,,155.7,51,155.8,150,155.9,8,,,,,,,,,,,,,,
2026-07-06T04:00:52.050564+00:00,2026-07-06T04:00:52.050512,2,3,155.5,0.4,155.3,100,155.2,100,,,,,,,,,,,,,,,,,155.7,51,155.8,150,155.9,8,,,,,,,,,,,,,,
2026-07-06T04:00:52.143322+00:00,2026-07-06T04:00:52.143236,2,2,155.5,0.4,155.3,100,155.2,100,,,,,,,,,,,,,,,,,155.7,59,155.8,150,,,,,,,,,,,,,,,,
2026-07-06T04:00:53.075281+00:00,2026-07-06T04:00:53.075146,2,2,155.5,0.4,155.3,56,155.2,100,,,,,,,,,,,,,,,,,155.7,59,155.8,150,,,,,,,,,,,,,,,,
2026-07-06T04:00:54.158582+00:00,2026-07-06T04:00:54.157199,2,2,155.5,0.4,155.3,6,155.2,100,,,,,,,,,,,,,,,,,155.7,59,155.8,150,,,,,,,,,,,,,,,,
2026-07-06T04:00:54.328785+00:00,2026-07-06T04:00:54.328686,1,2,155.5,0.4,155.3,6,,,,,,,,,,,,,,,,,,,155.7,8,155.8,150,,,,,,,,,,,,,,,,
2026-07-06T04:00:54.382322+00:00,2026-07-06T04:00:54.382248,2,2,155.55,0.3,155.4,100,155.3,6,,,,,,,,,,,,,,,,,155.7,8,155.8,150,,,,,,,,,,,,,,,,
2026-07-06T04:00:54.437937+00:00,2026-07-06T04:00:54.437887,2,3,155.55,0.3,155.4,100,155.3,6,,,,,,,,,,,,,,,,,155.7,8,155.8,150,155.9,100,,,,,,,,,,,,,,
2026-07-06T04:00:54.651861+00:00,2026-07-06T04:00:54.651758,2,2,155.6,0.4,155.4,100,155.3,6,,,,,,,,,,,,,,,,,155.8,150,155.9,100,,,,,,,,,,,,,,,,
2026-07-06T04:00:54.658646+00:00,2026-07-06T04:00:54.656947,2,2,155.6,0.4,155.4,100,155.3,6,,,,,,,,,,,,,,,,,155.8,158,155.9,100,,,,,,,,,,,,,,,,
2026-07-06T04:00:55.026454+00:00,2026-07-06T04:00:55.026354,1,2,155.6,0.4,155.4,100,,,,,,,,,,,,,,,,,,,155.8,8,155.9,100,,,,,,,,,,,,,,,,
2026-07-06T04:00:55.081401+00:00,2026-07-06T04:00:55.081336,2,2,155.6,0.4,155.4,100,154.8,150,,,,,,,,,,,,,,,,,155.8,8,155.9,100,,,,,,,,,,,,,,,,
2026-07-06T04:00:55.154829+00:00,2026-07-06T04:00:55.143035,1,3,155.05,0.5,154.8,150,,,,,,,,,,,,,,,,,,,155.3,39,155.8,8,155.9,100,,,,,,,,,,,,,,
2026-07-06T04:00:55.182968+00:00,2026-07-06T04:00:55.177410,1,3,155.05,0.5,154.8,150,,,,,,,,,,,,,,,,,,,155.3,28,155.8,8,155.9,100,,,,,,,,,,,,,,
2026-07-06T04:00:55.943053+00:00,2026-07-06T04:00:55.942960,1,2,155.05,0.5,154.8,150,,,,,,,,,,,,,,,,,,,155.3,28,155.9,100,,,,,,,,,,,,,,,,
2026-07-06T04:00:55.948264+00:00,2026-07-06T04:00:55.948174,1,2,155.05,0.5,154.8,150,,,,,,,,,,,,,,,,,,,155.3,28,155.9,108,,,,,,,,,,,,,,,,
2026-07-06T04:00:56.213496+00:00,2026-07-06T04:00:56.213372,1,1,155.35,1.1,154.8,150,,,,,,,,,,,,,,,,,,,155.9,86,,,,,,,,,,,,,,,,,,
2026-07-06T04:00:57.494900+00:00,2026-07-06T04:00:57.494792,1,1,155.35,1.1,154.8,150,,,,,,,,,,,,,,,,,,,155.9,8,,,,,,,,,,,,,,,,,,
2026-07-06T04:00:57.558604+00:00,2026-07-06T04:00:57.549829,2,1,155.55,0.7,155.2,100,154.8,150,,,,,,,,,,,,,,,,,155.9,8,,,,,,,,,,,,,,,,,,
2026-07-06T04:00:57.604871+00:00,2026-07-06T04:00:57.604954,2,2,155.45,0.5,155.2,100,154.8,150,,,,,,,,,,,,,,,,,155.7,100,155.9,8,,,,,,,,,,,,,,,,
2026-07-06T04:00:57.706886+00:00,2026-07-06T04:00:57.706737,2,1,155.45,0.5,155.2,100,154.8,150,,,,,,,,,,,,,,,,,155.7,100,,,,,,,,,,,,,,,,,,
2026-07-06T04:00:57.711967+00:00,2026-07-06T04:00:57.711915,2,2,155.45,0.5,155.2,100,154.8,150,,,,,,,,,,,,,,,,,155.7,100,156.0,8,,,,,,,,,,,,,,,,
2026-07-06T04:00:58.126095+00:00,2026-07-06T04:00:58.126034,2,2,155.45,0.5,155.2,100,154.8,150,,,,,,,,,,,,,,,,,155.7,54,156.0,8,,,,,,,,,,,,,,,,
2026-07-06T04:00:58.196902+00:00,2026-07-06T04:00:58.196761,1,2,155.45,0.5,155.2,100,,,,,,,,,,,,,,,,,,,155.7,54,156.0,8,,,,,,,,,,,,,,,,
2026-07-06T04:00:58.256092+00:00,2026-07-06T04:00:58.250377,2,2,155.6,0.2,155.5,139,155.2,100,,,,,,,,,,,,,,,,,155.7,54,156.0,8,,,,,,,,,,,,,,,,
2026-07-06T04:00:58.300209+00:00,2026-07-06T04:00:58.300177,2,2,155.6,0.2,155.5,139,155.2,100,,,,,,,,,,,,,,,,,155.7,54,156.0,158,,,,,,,,,,,,,,,,
2026-07-06T04:00:58.321937+00:00,2026-07-06T04:00:58.321857,2,2,155.6,0.2,155.5,139,155.2,100,,,,,,,,,,,,,,,,,155.7,4,156.0,158,,,,,,,,,,,,,,,,
2026-07-06T04:00:58.458593+00:00,2026-07-06T04:00:58.455962,2,2,155.6,0.2,155.5,139,155.2,100,,,,,,,,,,,,,,,,,155.7,4,156.0,150,,,,,,,,,,,,,,,,
2026-07-06T04:00:58.469263+00:00,2026-07-06T04:00:58.469143,2,2,155.6,0.2,155.5,139,155.2,100,,,,,,,,,,,,,,,,,155.7,4,156.0,158,,,,,,,,,,,,,,,,
2026-07-06T04:00:58.973148+00:00,2026-07-06T04:00:58.973046,2,3,155.6,0.2,155.5,139,155.2,100,,,,,,,,,,,,,,,,,155.7,4,156.0,150,156.1,8,,,,,,,,,,,,,,
2026-07-06T04:00:59.322564+00:00,2026-07-06T04:00:59.322406,2,3,155.6,0.2,155.5,99,155.2,100,,,,,,,,,,,,,,,,,155.7,4,156.0,150,156.1,8,,,,,,,,,,,,,,
2026-07-06T04:01:00.229842+00:00,2026-07-06T04:01:00.229746,2,2,155.6,0.2,155.5,99,155.2,100,,,,,,,,,,,,,,,,,155.7,4,156.0,150,,,,,,,,,,,,,,,,
2026-07-06T04:01:00.234840+00:00,2026-07-06T04:01:00.234935,2,3,155.6,0.2,155.5,99,155.2,100,,,,,,,,,,,,,,,,,155.7,4,156.0,150,156.3,8,,,,,,,,,,,,,,
2026-07-06T04:01:00.414333+00:00,2026-07-06T04:01:00.414438,2,2,155.75,0.5,155.5,99,155.2,100,,,,,,,,,,,,,,,,,156.0,112,156.3,8,,,,,,,,,,,,,,,,
2026-07-06T04:01:00.660685+00:00,2026-07-06T04:01:00.660566,1,2,155.75,0.5,155.5,99,,,,,,,,,,,,,,,,,,,156.0,112,156.3,8,,,,,,,,,,,,,,,,
2026-07-06T04:01:00.714300+00:00,2026-07-06T04:01:00.714198,1,2,155.75,0.5,155.5,99,,,,,,,,,,,,,,,,,,,156.0,12,156.3,8,,,,,,,,,,,,,,,,
2026-07-06T04:01:00.740528+00:00,2026-07-06T04:01:00.740656,1,2,155.75,0.5,155.5,99,,,,,,,,,,,,,,,,,,,156.0,12,156.6,8,,,,,,,,,,,,,,,,
2026-07-06T04:01:00.769835+00:00,2026-07-06T04:01:00.769928,1,3,155.75,0.5,155.5,99,,,,,,,,,,,,,,,,,,,156.0,12,156.5,100,156.6,8,,,,,,,,,,,,,,
2026-07-06T04:01:01.356172+00:00,2026-07-06T04:01:01.356340,1,2,156.0,1.0,155.5,99,,,,,,,,,,,,,,,,,,,156.5,100,156.6,8,,,,,,,,,,,,,,,,
2026-07-06T04:01:01.361622+00:00,2026-07-06T04:01:01.361507,0,2,,,,,,,,,,,,,,,,,,,,,,,156.5,100,156.6,8,,,,,,,,,,,,,,,,
2026-07-06T04:01:01.444937+00:00,2026-07-06T04:01:01.438393,1,2,156.35,0.3,156.2,127,,,,,,,,,,,,,,,,,,,156.5,100,156.6,8,,,,,,,,,,,,,,,,
2026-07-06T04:01:01.488477+00:00,2026-07-06T04:01:01.488348,1,3,156.35,0.3,156.2,127,,,,,,,,,,,,,,,,,,,156.5,100,156.6,8,156.7,150,,,,,,,,,,,,,,
2026-07-06T04:01:01.498985+00:00,2026-07-06T04:01:01.498885,1,2,156.35,0.3,156.2,127,,,,,,,,,,,,,,,,,,,156.5,108,156.7,150,,,,,,,,,,,,,,,,
2026-07-06T04:01:01.577134+00:00,2026-07-06T04:01:01.577030,1,2,156.35,0.3,156.2,78,,,,,,,,,,,,,,,,,,,156.5,108,156.7,150,,,,,,,,,,,,,,,,
2026-07-06T04:01:02.452364+00:00,2026-07-06T04:01:02.441670,1,2,156.35,0.3,156.2,67,,,,,,,,,,,,,,,,,,,156.5,108,156.7,150,,,,,,,,,,,,,,,,
2026-07-06T04:01:02.461513+00:00,2026-07-06T04:01:02.456227,1,2,156.35,0.3,156.2,44,,,,,,,,,,,,,,,,,,,156.5,108,156.7,150,,,,,,,,,,,,,,,,
2026-07-06T04:01:02.507400+00:00,2026-07-06T04:01:02.507281,1,3,156.3,0.2,156.2,44,,,,,,,,,,,,,,,,,,,156.4,8,156.5,100,156.7,150,,,,,,,,,,,,,,
2026-07-06T04:01:02.585862+00:00,2026-07-06T04:01:02.585811,0,3,,,,,,,,,,,,,,,,,,,,,,,156.4,8,156.5,100,156.7,150,,,,,,,,,,,,,,
2026-07-06T04:01:02.698558+00:00,2026-07-06T04:01:02.698424,0,2,,,,,,,,,,,,,,,,,,,,,,,156.5,68,156.7,150,,,,,,,,,,,,,,,,
2026-07-06T04:01:03.825582+00:00,2026-07-06T04:01:03.825551,0,1,,,,,,,,,,,,,,,,,,,,,,,156.7,150,,,,,,,,,,,,,,,,,,
2026-07-06T04:01:03.878784+00:00,2026-07-06T04:01:03.878622,1,1,156.2,1.0,155.7,100,,,,,,,,,,,,,,,,,,,156.7,150,,,,,,,,,,,,,,,,,,
2026-07-06T04:01:03.932093+00:00,2026-07-06T04:01:03.932018,1,2,155.95,0.5,155.7,100,,,,,,,,,,,,,,,,,,,156.2,100,156.7,150,,,,,,,,,,,,,,,,
2026-07-06T04:01:04.012454+00:00,2026-07-06T04:01:04.012713,2,2,156.0,0.4,155.8,8,155.7,100,,,,,,,,,,,,,,,,,156.2,100,156.7,150,,,,,,,,,,,,,,,,
2026-07-06T04:01:04.017803+00:00,2026-07-06T04:01:04.017923,2,3,156.0,0.4,155.8,8,155.7,100,,,,,,,,,,,,,,,,,156.2,100,156.4,8,156.7,150,,,,,,,,,,,,,,
2026-07-06T04:01:04.234571+00:00,2026-07-06T04:01:04.234743,1,3,155.95,0.5,155.7,61,,,,,,,,,,,,,,,,,,,156.2,100,156.4,8,156.7,150,,,,,,,,,,,,,,
2026-07-06T04:01:04.543139+00:00,2026-07-06T04:01:04.543282,1,2,155.95,0.5,155.7,61,,,,,,,,,,,,,,,,,,,156.2,100,156.4,8,,,,,,,,,,,,,,,,
2026-07-06T04:01:04.596534+00:00,2026-07-06T04:01:04.596471,2,2,155.95,0.5,155.7,61,155.6,150,,,,,,,,,,,,,,,,,156.2,100,156.4,8,,,,,,,,,,,,,,,,
2026-07-06T04:01:04.675387+00:00,2026-07-06T04:01:04.665171,2,3,155.9,0.4,155.7,61,155.6,150,,,,,,,,,,,,,,,,,156.1,139,156.2,100,156.4,8,,,,,,,,,,,,,,
2026-07-06T04:01:04.760973+00:00,2026-07-06T04:01:04.760891,2,3,155.9,0.4,155.7,61,155.6,150,,,,,,,,,,,,,,,,,156.1,91,156.2,100,156.4,8,,,,,,,,,,,,,,
2026-07-06T04:01:05.283409+00:00,2026-07-06T04:01:05.283551,2,3,155.9,0.4,155.7,61,155.6,150,,,,,,,,,,,,,,,,,156.1,91,156.2,100,156.3,8,,,,,,,,,,,,,,
2026-07-06T04:01:05.377692+00:00,2026-07-06T04:01:05.377836,2,3,155.9,0.4,155.7,17,155.6,150,,,,,,,,,,,,,,,,,156.1,91,156.2,100,156.3,8,,,,,,,,,,,,,,
2026-07-06T04:01:06.542549+00:00,2026-07-06T04:01:06.542470,2,2,155.9,0.4,155.7,17,155.6,150,,,,,,,,,,,,,,,,,156.1,99,156.2,100,,,,,,,,,,,,,,,,
2026-07-06T04:01:06.747985+00:00,2026-07-06T04:01:06.747866,2,2,155.9,0.4,155.7,17,155.6,150,,,,,,,,,,,,,,,,,156.1,49,156.2,100,,,,,,,,,,,,,,,,
2026-07-06T04:01:06.986743+00:00,2026-07-06T04:01:06.986640,1,1,155.85,0.5,155.6,150,,,,,,,,,,,,,,,,,,,156.1,49,,,,,,,,,,,,,,,,,,
2026-07-06T04:01:07.035628+00:00,2026-07-06T04:01:07.035730,2,1,155.85,0.5,155.6,150,155.2,100,,,,,,,,,,,,,,,,,156.1,49,,,,,,,,,,,,,,,,,,
2026-07-06T04:01:07.104366+00:00,2026-07-06T04:01:07.098713,2,2,155.65,0.1,155.6,150,155.2,100,,,,,,,,,,,,,,,,,155.7,88,156.1,49,,,,,,,,,,,,,,,,
2026-07-06T04:01:07.245165+00:00,2026-07-06T04:01:07.238854,2,2,155.65,0.1,155.6,150,155.2,100,,,,,,,,,,,,,,,,,155.7,77,156.1,49,,,,,,,,,,,,,,,,
2026-07-06T04:01:07.426297+00:00,2026-07-06T04:01:07.426442,2,2,155.65,0.1,155.6,150,155.2,100,,,,,,,,,,,,,,,,,155.7,30,156.1,49,,,,,,,,,,,,,,,,
2026-07-06T04:01:07.698753+00:00,2026-07-06T04:01:07.698698,1,2,155.45,0.5,155.2,100,,,,,,,,,,,,,,,,,,,155.7,30,156.1,8,,,,,,,,,,,,,,,,
2026-07-06T04:01:07.758609+00:00,2026-07-06T04:01:07.755659,2,1,155.9,0.4,155.7,120,155.2,100,,,,,,,,,,,,,,,,,156.1,8,,,,,,,,,,,,,,,,,,
2026-07-06T04:01:07.811723+00:00,2026-07-06T04:01:07.811823,2,2,155.9,0.4,155.7,120,155.2,100,,,,,,,,,,,,,,,,,156.1,8,156.2,150,,,,,,,,,,,,,,,,
2026-07-06T04:01:07.958619+00:00,2026-07-06T04:01:07.958216,2,2,155.9,0.4,155.7,74,155.2,100,,,,,,,,,,,,,,,,,156.1,8,156.2,150,,,,,,,,,,,,,,,,
2026-07-06T04:01:10.148182+00:00,2026-07-06T04:01:10.148140,1,2,155.9,0.4,155.7,74,,,,,,,,,,,,,,,,,,,156.1,8,156.2,150,,,,,,,,,,,,,,,,
2026-07-06T04:01:10.196274+00:00,2026-07-06T04:01:10.196154,2,2,155.9,0.4,155.7,74,155.5,100,,,,,,,,,,,,,,,,,156.1,8,156.2,150,,,,,,,,,,,,,,,,
2026-07-06T04:01:10.279591+00:00,2026-07-06T04:01:10.279533,2,3,155.85,0.3,155.7,74,155.5,100,,,,,,,,,,,,,,,,,156.0,100,156.1,8,156.2,150,,,,,,,,,,,,,,
2026-07-06T04:01:10.879849+00:00,2026-07-06T04:01:10.879811,2,2,155.85,0.3,155.7,74,155.5,100,,,,,,,,,,,,,,,,,156.0,100,156.1,8,,,,,,,,,,,,,,,,
2026-07-06T04:01:10.885152+00:00,2026-07-06T04:01:10.885002,1,2,155.75,0.5,155.5,100,,,,,,,,,,,,,,,,,,,156.0,100,156.1,8,,,,,,,,,,,,,,,,
2026-07-06T04:01:10.940351+00:00,2026-07-06T04:01:10.940272,2,2,155.75,0.5,155.5,100,155.3,150,,,,,,,,,,,,,,,,,156.0,100,156.1,8,,,,,,,,,,,,,,,,
2026-07-06T04:01:10.993458+00:00,2026-07-06T04:01:10.993291,2,3,155.65,0.3,155.5,100,155.3,150,,,,,,,,,,,,,,,,,155.8,150,156.0,100,156.1,8,,,,,,,,,,,,,,
2026-07-06T04:01:11.058626+00:00,2026-07-06T04:01:11.055517,2,2,155.65,0.3,155.5,100,155.3,150,,,,,,,,,,,,,,,,,155.8,150,156.0,108,,,,,,,,,,,,,,,,
2026-07-06T04:01:12.566797+00:00,2026-07-06T04:01:12.566768,2,3,155.65,0.3,155.5,100,155.3,150,,,,,,,,,,,,,,,,,155.8,150,156.0,100,156.1,8,,,,,,,,,,,,,,
2026-07-06T04:01:12.919704+00:00,2026-07-06T04:01:12.913478,2,3,155.65,0.3,155.5,100,155.3,150,,,,,,,,,,,,,,,,,155.8,138,156.0,100,156.1,8,,,,,,,,,,,,,,
2026-07-06T04:01:13.074130+00:00,2026-07-06T04:01:13.074059,2,3,155.65,0.3,155.5,100,155.3,150,,,,,,,,,,,,,,,,,155.8,138,156.0,100,156.4,8,,,,,,,,,,,,,,
2026-07-06T04:01:13.108406+00:00,2026-07-06T04:01:13.108351,2,3,155.65,0.3,155.5,50,155.3,150,,,,,,,,,,,,,,,,,155.8,138,156.0,100,156.4,8,,,,,,,,,,,,,,
2026-07-06T04:01:13.344546+00:00,2026-07-06T04:01:13.344433,1,2,155.55,0.5,155.3,150,,,,,,,,,,,,,,,,,,,155.8,138,156.4,8,,,,,,,,,,,,,,,,
2026-07-06T04:01:13.400062+00:00,2026-07-06T04:01:13.400029,2,2,155.65,0.3,155.5,100,155.3,150,,,,,,,,,,,,,,,,,155.8,138,156.4,8,,,,,,,,,,,,,,,,
2026-07-06T04:01:13.452563+00:00,2026-07-06T04:01:13.458617,2,3,155.65,0.3,155.5,100,155.3,150,,,,,,,,,,,,,,,,,155.8,138,156.0,100,156.4,8,,,,,,,,,,,,,,
2026-07-06T04:01:14.047492+00:00,2026-07-06T04:01:14.047401,1,2,155.75,0.5,155.5,100,,,,,,,,,,,,,,,,,,,156.0,100,156.4,8,,,,,,,,,,,,,,,,
2026-07-06T04:01:14.100142+00:00,2026-07-06T04:01:14.100230,2,2,155.85,0.3,155.7,150,155.5,100,,,,,,,,,,,,,,,,,156.0,100,156.4,8,,,,,,,,,,,,,,,,
2026-07-06T04:01:14.158858+00:00,2026-07-06T04:01:14.158707,2,3,155.85,0.3,155.7,150,155.5,100,,,,,,,,,,,,,,,,,156.0,100,156.2,150,156.4,8,,,,,,,,,,,,,,
2026-07-06T04:01:14.330014+00:00,2026-07-06T04:01:14.329911,2,2,155.85,0.3,155.7,150,155.5,100,,,,,,,,,,,,,,,,,156.0,100,156.2,150,,,,,,,,,,,,,,,,
2026-07-06T04:01:14.335106+00:00,2026-07-06T04:01:14.335073,2,3,155.85,0.3,155.7,150,155.5,100,,,,,,,,,,,,,,,,,156.0,100,156.2,150,156.4,8,,,,,,,,,,,,,,
2026-07-06T04:01:15.219172+00:00,2026-07-06T04:01:15.219305,2,3,155.85,0.3,155.7,100,155.5,100,,,,,,,,,,,,,,,,,156.0,100,156.2,150,156.4,8,,,,,,,,,,,,,,
2026-07-06T04:01:16.507408+00:00,2026-07-06T04:01:16.507301,1,2,155.95,0.5,155.7,100,,,,,,,,,,,,,,,,,,,156.2,150,156.4,8,,,,,,,,,,,,,,,,
2026-07-06T04:01:16.558652+00:00,2026-07-06T04:01:16.556404,2,2,155.95,0.5,155.7,100,155.5,100,,,,,,,,,,,,,,,,,156.2,150,156.4,8,,,,,,,,,,,,,,,,
2026-07-06T04:01:16.614509+00:00,2026-07-06T04:01:16.614447,2,3,155.85,0.3,155.7,100,155.5,100,,,,,,,,,,,,,,,,,156.0,100,156.2,150,156.4,8,,,,,,,,,,,,,,
2026-07-06T04:01:17.206440+00:00,2026-07-06T04:01:17.206413,1,2,155.75,0.5,155.5,100,,,,,,,,,,,,,,,,,,,156.0,100,156.4,8,,,,,,,,,,,,,,,,
2026-07-06T04:01:17.263930+00:00,2026-07-06T04:01:17.263820,2,2,155.75,0.5,155.5,100,155.4,150,,,,,,,,,,,,,,,,,156.0,100,156.4,8,,,,,,,,,,,,,,,,
2026-07-06T04:01:17.313711+00:00,2026-07-06T04:01:17.313606,2,3,155.7,0.4,155.5,100,155.4,150,,,,,,,,,,,,,,,,,155.9,150,156.0,100,156.4,8,,,,,,,,,,,,,,
2026-07-06T04:01:17.326176+00:00,2026-07-06T04:01:17.326126,2,3,155.7,0.4,155.5,50,155.4,150,,,,,,,,,,,,,,,,,155.9,150,156.0,100,156.4,8,,,,,,,,,,,,,,
2026-07-06T04:01:18.326070+00:00,2026-07-06T04:01:18.326033,2,3,155.7,0.4,155.5,50,155.4,150,,,,,,,,,,,,,,,,,155.9,107,156.0,100,156.4,8,,,,,,,,,,,,,,
2026-07-06T04:01:19.433307+00:00,2026-07-06T04:01:19.433152,1,3,155.65,0.5,155.4,150,,,,,,,,,,,,,,,,,,,155.9,107,156.0,100,156.4,8,,,,,,,,,,,,,,
2026-07-06T04:01:19.669079+00:00,2026-07-06T04:01:19.668893,1,2,155.65,0.5,155.4,150,,,,,,,,,,,,,,,,,,,155.9,107,156.4,8,,,,,,,,,,,,,,,,
2026-07-06T04:01:19.716635+00:00,2026-07-06T04:01:19.716738,2,2,155.65,0.5,155.4,150,155.2,100,,,,,,,,,,,,,,,,,155.9,107,156.4,8,,,,,,,,,,,,,,,,
2026-07-06T04:01:19.783625+00:00,2026-07-06T04:01:19.777843,2,3,155.55,0.3,155.4,150,155.2,100,,,,,,,,,,,,,,,,,155.7,89,155.9,107,156.4,8,,,,,,,,,,,,,,
2026-07-06T04:01:20.367954+00:00,2026-07-06T04:01:20.367897,1,2,155.45,0.5,155.2,100,,,,,,,,,,,,,,,,,,,155.7,89,156.4,8,,,,,,,,,,,,,,,,
2026-07-06T04:01:20.421724+00:00,2026-07-06T04:01:20.421612,2,1,156.05,0.7,155.7,61,155.2,100,,,,,,,,,,,,,,,,,156.4,8,,,,,,,,,,,,,,,,,,
2026-07-06T04:01:20.475066+00:00,2026-07-06T04:01:20.474959,2,2,155.95,0.5,155.7,61,155.2,100,,,,,,,,,,,,,,,,,156.2,150,156.4,8,,,,,,,,,,,,,,,,
2026-07-06T04:01:21.179366+00:00,2026-07-06T04:01:21.179252,2,1,155.95,0.5,155.7,61,155.2,100,,,,,,,,,,,,,,,,,156.2,150,,,,,,,,,,,,,,,,,,
2026-07-06T04:01:21.184445+00:00,2026-07-06T04:01:21.184411,2,1,155.95,0.5,155.7,61,155.2,100,,,,,,,,,,,,,,,,,156.2,158,,,,,,,,,,,,,,,,,,
2026-07-06T04:01:21.540368+00:00,2026-07-06T04:01:21.540247,2,1,155.95,0.5,155.7,11,155.2,100,,,,,,,,,,,,,,,,,156.2,158,,,,,,,,,,,,,,,,,,
2026-07-06T04:01:22.824713+00:00,2026-07-06T04:01:22.824624,1,1,155.95,0.5,155.7,11,,,,,,,,,,,,,,,,,,,156.2,158,,,,,,,,,,,,,,,,,,
2026-07-06T04:01:22.887368+00:00,2026-07-06T04:01:22.887229,2,1,155.95,0.5,155.7,11,155.5,100,,,,,,,,,,,,,,,,,156.2,158,,,,,,,,,,,,,,,,,,
2026-07-06T04:01:22.932348+00:00,2026-07-06T04:01:22.932141,2,2,155.85,0.3,155.7,11,155.5,100,,,,,,,,,,,,,,,,,156.0,100,156.2,158,,,,,,,,,,,,,,,,
2026-07-06T04:01:23.443937+00:00,2026-07-06T04:01:23.443895,2,3,155.85,0.3,155.7,11,155.5,100,,,,,,,,,,,,,,,,,156.0,100,156.1,8,156.2,150,,,,,,,,,,,,,,
2026-07-06T04:01:23.529301+00:00,2026-07-06T04:01:23.529248,1,2,155.75,0.5,155.5,100,,,,,,,,,,,,,,,,,,,156.0,100,156.1,8,,,,,,,,,,,,,,,,
2026-07-06T04:01:23.584771+00:00,2026-07-06T04:01:23.584743,2,2,155.75,0.5,155.5,100,155.0,150,,,,,,,,,,,,,,,,,156.0,100,156.1,8,,,,,,,,,,,,,,,,
2026-07-06T04:01:23.639187+00:00,2026-07-06T04:01:23.639165,1,3,155.25,0.5,155.0,150,,,,,,,,,,,,,,,,,,,155.5,50,156.0,100,156.1,8,,,,,,,,,,,,,,
2026-07-06T04:01:23.648989+00:00,2026-07-06T04:01:23.643350,1,3,155.25,0.5,155.0,100,,,,,,,,,,,,,,,,,,,155.5,39,156.0,100,156.1,8,,,,,,,,,,,,,,
2026-07-06T04:01:23.701064+00:00,2026-07-06T04:01:23.700993,1,3,155.25,0.5,155.0,100,,,,,,,,,,,,,,,,,,,155.5,39,156.0,100,156.1,8,,,,,,,,,,,,,,
2026-07-06T04:01:23.758642+00:00,2026-07-06T04:01:23.754274,1,2,155.5,1.0,155.0,100,,,,,,,,,,,,,,,,,,,156.0,98,156.1,8,,,,,,,,,,,,,,,,
2026-07-06T04:01:24.960675+00:00,2026-07-06T04:01:24.960614,1,2,155.5,1.0,155.0,100,,,,,,,,,,,,,,,,,,,156.0,98,156.3,8,,,,,,,,,,,,,,,,
2026-07-06T04:01:25.704815+00:00,2026-07-06T04:01:25.704967,1,2,155.5,1.0,155.0,100,,,,,,,,,,,,,,,,,,,156.0,48,156.3,8,,,,,,,,,,,,,,,,
2026-07-06T04:01:25.999022+00:00,2026-07-06T04:01:25.998928,1,1,155.65,1.3,155.0,100,,,,,,,,,,,,,,,,,,,156.3,8,,,,,,,,,,,,,,,,,,
2026-07-06T04:01:26.058609+00:00,2026-07-06T04:01:26.054447,2,1,155.8,1.0,155.3,100,155.0,100,,,,,,,,,,,,,,,,,156.3,8,,,,,,,,,,,,,,,,,,
2026-07-06T04:01:26.108209+00:00,2026-07-06T04:01:26.108083,2,2,155.55,0.5,155.3,100,155.0,100,,,,,,,,,,,,,,,,,155.8,100,156.3,8,,,,,,,,,,,,,,,,
2026-07-06T04:01:26.216080+00:00,2026-07-06T04:01:26.216054,2,1,155.55,0.5,155.3,100,155.0,100,,,,,,,,,,,,,,,,,155.8,100,,,,,,,,,,,,,,,,,,
2026-07-06T04:01:26.221275+00:00,2026-07-06T04:01:26.221223,2,2,155.55,0.5,155.3,100,155.0,100,,,,,,,,,,,,,,,,,155.8,100,156.2,8,,,,,,,,,,,,,,,,
2026-07-06T04:01:26.349814+00:00,2026-07-06T04:01:26.349780,2,2,155.55,0.5,155.3,59,155.0,100,,,,,,,,,,,,,,,,,155.8,100,156.2,8,,,,,,,,,,,,,,,,
2026-07-06T04:01:26.694438+00:00,2026-07-06T04:01:26.694356,1,2,155.55,0.5,155.3,59,,,,,,,,,,,,,,,,,,,155.8,100,156.2,8,,,,,,,,,,,,,,,,
2026-07-06T04:01:26.748101+00:00,2026-07-06T04:01:26.748001,2,2,155.7,0.2,155.6,150,155.3,59,,,,,,,,,,,,,,,,,155.8,100,156.2,8,,,,,,,,,,,,,,,,
2026-07-06T04:01:26.800381+00:00,2026-07-06T04:01:26.800258,2,3,155.7,0.2,155.6,150,155.3,59,,,,,,,,,,,,,,,,,155.8,100,156.1,150,156.2,8,,,,,,,,,,,,,,
2026-07-06T04:01:26.975936+00:00,2026-07-06T04:01:26.976099,2,3,155.7,0.2,155.6,150,155.3,59,,,,,,,,,,,,,,,,,155.8,100,156.1,150,156.3,8,,,,,,,,,,,,,,
2026-07-06T04:01:27.484567+00:00,2026-07-06T04:01:27.484527,2,3,155.7,0.2,155.6,150,155.3,59,,,,,,,,,,,,,,,,,155.8,100,156.1,150,156.2,8,,,,,,,,,,,,,,
2026-07-06T04:01:27.829643+00:00,2026-07-06T04:01:27.829497,2,3,155.7,0.2,155.6,150,155.3,59,,,,,,,,,,,,,,,,,155.8,50,156.1,150,156.2,8,,,,,,,,,,,,,,
2026-07-06T04:01:28.637567+00:00,2026-07-06T04:01:28.637519,2,3,155.7,0.2,155.6,150,155.3,59,,,,,,,,,,,,,,,,,155.8,3,156.1,150,156.2,8,,,,,,,,,,,,,,
2026-07-06T04:01:29.158532+00:00,2026-07-06T04:01:29.155909,1,2,155.85,0.5,155.6,150,,,,,,,,,,,,,,,,,,,156.1,150,156.2,8,,,,,,,,,,,,,,,,
2026-07-06T04:01:29.216539+00:00,2026-07-06T04:01:29.216447,2,2,155.85,0.5,155.6,150,155.5,100,,,,,,,,,,,,,,,,,156.1,150,156.2,8,,,,,,,,,,,,,,,,
2026-07-06T04:01:29.270782+00:00,2026-07-06T04:01:29.270646,2,3,155.75,0.3,155.6,150,155.5,100,,,,,,,,,,,,,,,,,155.9,100,156.1,150,156.2,8,,,,,,,,,,,,,,
2026-07-06T04:01:29.858640+00:00,2026-07-06T04:01:29.857025,1,2,155.7,0.4,155.5,100,,,,,,,,,,,,,,,,,,,155.9,100,156.2,8,,,,,,,,,,,,,,,,
2026-07-06T04:01:29.909670+00:00,2026-07-06T04:01:29.909781,2,2,155.7,0.4,155.5,100,155.4,150,,,,,,,,,,,,,,,,,155.9,100,156.2,8,,,,,,,,,,,,,,,,
2026-07-06T04:01:29.968743+00:00,2026-07-06T04:01:29.968919,2,2,155.7,0.4,155.5,100,155.4,150,,,,,,,,,,,,,,,,,155.9,250,156.2,8,,,,,,,,,,,,,,,,
2026-07-06T04:01:29.997381+00:00,2026-07-06T04:01:29.997256,2,2,155.7,0.4,155.5,100,155.4,150,,,,,,,,,,,,,,,,,155.9,250,156.0,8,,,,,,,,,,,,,,,,
2026-07-06T04:01:30.410689+00:00,2026-07-06T04:01:30.410547,2,2,155.7,0.4,155.5,59,155.4,150,,,,,,,,,,,,,,,,,155.9,250,156.0,8,,,,,,,,,,,,,,,,
2026-07-06T04:01:32.115061+00:00,2026-07-06T04:01:32.114997,2,2,155.7,0.4,155.5,9,155.4,150,,,,,,,,,,,,,,,,,155.9,250,156.0,8,,,,,,,,,,,,,,,,
2026-07-06T04:01:32.325240+00:00,2026-07-06T04:01:32.325133,1,2,155.65,0.5,155.4,150,,,,,,,,,,,,,,,,,,,155.9,150,156.0,8,,,,,,,,,,,,,,,,
2026-07-06T04:01:32.376314+00:00,2026-07-06T04:01:32.376229,2,2,155.65,0.5,155.4,150,155.2,100,,,,,,,,,,,,,,,,,155.9,150,156.0,8,,,,,,,,,,,,,,,,
2026-07-06T04:01:32.429569+00:00,2026-07-06T04:01:32.429513,2,3,155.55,0.3,155.4,150,155.2,100,,,,,,,,,,,,,,,,,155.7,100,155.9,150,156.0,8,,,,,,,,,,,,,,
2026-07-06T04:01:32.759021+00:00,2026-07-06T04:01:32.759147,2,3,155.55,0.3,155.4,150,155.2,100,,,,,,,,,,,,,,,,,155.7,100,155.9,150,156.1,8,,,,,,,,,,,,,,
2026-07-06T04:01:33.016971+00:00,2026-07-06T04:01:33.016874,1,2,155.45,0.5,155.2,100,,,,,,,,,,,,,,,,,,,155.7,100,156.1,8,,,,,,,,,,,,,,,,
2026-07-06T04:01:33.071135+00:00,2026-07-06T04:01:33.071051,2,2,155.55,0.3,155.4,150,155.2,100,,,,,,,,,,,,,,,,,155.7,100,156.1,8,,,,,,,,,,,,,,,,
2026-07-06T04:01:33.123061+00:00,2026-07-06T04:01:33.122975,2,3,155.55,0.3,155.4,150,155.2,100,,,,,,,,,,,,,,,,,155.7,100,155.9,150,156.1,8,,,,,,,,,,,,,,
2026-07-06T04:01:34.171271+00:00,2026-07-06T04:01:34.171225,2,3,155.55,0.3,155.4,150,155.2,100,,,,,,,,,,,,,,,,,155.7,50,155.9,150,156.1,8,,,,,,,,,,,,,,
2026-07-06T04:01:35.271815+00:00,2026-07-06T04:01:35.271707,2,3,155.55,0.3,155.4,150,155.2,100,,,,,,,,,,,,,,,,,155.7,50,155.9,150,156.0,8,,,,,,,,,,,,,,
2026-07-06T04:01:35.484849+00:00,2026-07-06T04:01:35.484719,1,2,155.65,0.5,155.4,150,,,,,,,,,,,,,,,,,,,155.9,150,156.0,8,,,,,,,,,,,,,,,,
2026-07-06T04:01:35.539216+00:00,2026-07-06T04:01:35.539161,2,2,155.65,0.5,155.4,150,155.2,100,,,,,,,,,,,,,,,,,155.9,150,156.0,8,,,,,,,,,,,,,,,,
2026-07-06T04:01:35.593576+00:00,2026-07-06T04:01:35.593474,2,3,155.55,0.3,155.4,150,155.2,100,,,,,,,,,,,,,,,,,155.7,100,155.9,150,156.0,8,,,,,,,,,,,,,,
2026-07-06T04:01:36.176941+00:00,2026-07-06T04:01:36.176818,1,2,155.45,0.5,155.2,100,,,,,,,,,,,,,,,,,,,155.7,100,156.0,8,,,,,,,,,,,,,,,,
2026-07-06T04:01:36.231276+00:00,2026-07-06T04:01:36.231363,2,2,155.5,0.4,155.3,150,155.2,100,,,,,,,,,,,,,,,,,155.7,100,156.0,8,,,,,,,,,,,,,,,,
2026-07-06T04:01:36.303426+00:00,2026-07-06T04:01:36.303322,2,2,155.5,0.4,155.3,150,155.2,100,,,,,,,,,,,,,,,,,155.7,200,156.0,8,,,,,,,,,,,,,,,,
2026-07-06T04:01:38.284510+00:00,2026-07-06T04:01:38.284659,2,1,155.5,0.4,155.3,150,155.2,100,,,,,,,,,,,,,,,,,155.7,200,,,,,,,,,,,,,,,,,,
2026-07-06T04:01:38.289961+00:00,2026-07-06T04:01:38.289923,2,2,155.5,0.4,155.3,150,155.2,100,,,,,,,,,,,,,,,,,155.7,200,155.9,8,,,,,,,,,,,,,,,,
2026-07-06T04:01:38.411123+00:00,2026-07-06T04:01:38.411006,2,2,155.5,0.4,155.3,150,155.2,100,,,,,,,,,,,,,,,,,155.7,150,155.9,8,,,,,,,,,,,,,,,,
2026-07-06T04:01:38.643543+00:00,2026-07-06T04:01:38.643485,1,2,155.5,0.4,155.3,150,,,,,,,,,,,,,,,,,,,155.7,150,155.9,8,,,,,,,,,,,,,,,,
2026-07-06T04:01:38.718877+00:00,2026-07-06T04:01:38.718771,2,2,155.55,0.3,155.4,100,155.3,150,,,,,,,,,,,,,,,,,155.7,150,155.9,8,,,,,,,,,,,,,,,,
2026-07-06T04:01:38.770166+00:00,2026-07-06T04:01:38.770006,2,2,155.55,0.3,155.4,100,155.3,150,,,,,,,,,,,,,,,,,155.7,150,155.9,108,,,,,,,,,,,,,,,,
2026-07-06T04:01:39.316611+00:00,2026-07-06T04:01:39.316569,2,3,155.55,0.3,155.4,100,155.3,150,,,,,,,,,,,,,,,,,155.7,150,155.9,100,156.0,8,,,,,,,,,,,,,,
2026-07-06T04:01:39.358631+00:00,2026-07-06T04:01:39.354798,1,2,155.65,0.5,155.4,100,,,,,,,,,,,,,,,,,,,155.9,100,156.0,8,,,,,,,,,,,,,,,,
2026-07-06T04:01:39.413943+00:00,2026-07-06T04:01:39.414135,1,2,155.65,0.5,155.4,250,,,,,,,,,,,,,,,,,,,155.9,100,156.0,8,,,,,,,,,,,,,,,,
2026-07-06T04:01:39.466924+00:00,2026-07-06T04:01:39.466828,1,2,155.65,0.5,155.4,250,,,,,,,,,,,,,,,,,,,155.9,250,156.0,8,,,,,,,,,,,,,,,,
2026-07-06T04:01:40.571738+00:00,2026-07-06T04:01:40.571608,1,2,155.65,0.5,155.4,200,,,,,,,,,,,,,,,,,,,155.9,250,156.0,8,,,,,,,,,,,,,,,,
2026-07-06T04:01:41.324881+00:00,2026-07-06T04:01:41.324854,1,1,155.65,0.5,155.4,200,,,,,,,,,,,,,,,,,,,155.9,250,,,,,,,,,,,,,,,,,,
2026-07-06T04:01:41.330072+00:00,2026-07-06T04:01:41.330018,1,2,155.65,0.5,155.4,200,,,,,,,,,,,,,,,,,,,155.9,250,156.1,8,,,,,,,,,,,,,,,,
2026-07-06T04:01:41.826089+00:00,2026-07-06T04:01:41.826056,1,2,155.65,0.5,155.4,150,,,,,,,,,,,,,,,,,,,155.9,150,156.1,8,,,,,,,,,,,,,,,,
2026-07-06T04:01:41.880795+00:00,2026-07-06T04:01:41.880733,2,2,155.7,0.4,155.5,100,155.4,150,,,,,,,,,,,,,,,,,155.9,150,156.1,8,,,,,,,,,,,,,,,,
2026-07-06T04:01:41.933945+00:00,2026-07-06T04:01:41.933844,2,3,155.7,0.4,155.5,100,155.4,150,,,,,,,,,,,,,,,,,155.9,150,156.0,100,156.1,8,,,,,,,,,,,,,,
2026-07-06T04:01:42.186373+00:00,2026-07-06T04:01:42.186338,2,3,155.7,0.4,155.5,55,155.4,150,,,,,,,,,,,,,,,,,155.9,150,156.0,100,156.1,8,,,,,,,,,,,,,,
2026-07-06T04:01:42.521536+00:00,2026-07-06T04:01:42.521767,1,2,155.75,0.5,155.5,55,,,,,,,,,,,,,,,,,,,156.0,100,156.1,8,,,,,,,,,,,,,,,,
2026-07-06T04:01:42.576236+00:00,2026-07-06T04:01:42.576112,2,2,155.75,0.5,155.5,55,155.4,150,,,,,,,,,,,,,,,,,156.0,100,156.1,8,,,,,,,,,,,,,,,,
2026-07-06T04:01:42.628676+00:00,2026-07-06T04:01:42.628794,2,3,155.7,0.4,155.5,55,155.4,150,,,,,,,,,,,,,,,,,155.9,150,156.0,100,156.1,8,,,,,,,,,,,,,,
2026-07-06T04:01:42.678402+00:00,2026-07-06T04:01:42.678329,2,3,155.7,0.4,155.5,5,155.4,150,,,,,,,,,,,,,,,,,155.9,150,156.0,100,156.1,8,,,,,,,,,,,,,,
2026-07-06T04:01:44.736035+00:00,2026-07-06T04:01:44.735932,2,3,155.7,0.4,155.5,5,155.4,150,,,,,,,,,,,,,,,,,155.9,100,156.0,100,156.1,8,,,,,,,,,,,,,,
2026-07-06T04:01:44.987417+00:00,2026-07-06T04:01:44.987278,1,2,155.65,0.5,155.4,150,,,,,,,,,,,,,,,,,,,155.9,100,156.1,8,,,,,,,,,,,,,,,,
2026-07-06T04:01:45.037214+00:00,2026-07-06T04:01:45.037295,2,2,155.65,0.5,155.4,150,155.2,100,,,,,,,,,,,,,,,,,155.9,100,156.1,8,,,,,,,,,,,,,,,,
2026-07-06T04:01:45.094482+00:00,2026-07-06T04:01:45.094388,2,3,155.55,0.3,155.4,150,155.2,100,,,,,,,,,,,,,,,,,155.7,100,155.9,100,156.1,8,,,,,,,,,,,,,,
2026-07-06T04:01:45.683337+00:00,2026-07-06T04:01:45.683219,1,2,155.45,0.5,155.2,100,,,,,,,,,,,,,,,,,,,155.7,100,156.1,8,,,,,,,,,,,,,,,,
2026-07-06T04:01:45.738951+00:00,2026-07-06T04:01:45.739097,2,1,155.95,0.3,155.8,50,155.2,100,,,,,,,,,,,,,,,,,156.1,8,,,,,,,,,,,,,,,,,,
2026-07-06T04:01:45.748792+00:00,2026-07-06T04:01:45.743129,2,1,155.95,0.3,155.8,39,155.2,100,,,,,,,,,,,,,,,,,156.1,8,,,,,,,,,,,,,,,,,,
2026-07-06T04:01:45.794255+00:00,2026-07-06T04:01:45.794199,2,2,155.95,0.3,155.8,39,155.2,100,,,,,,,,,,,,,,,,,156.1,8,156.2,150,,,,,,,,,,,,,,,,
2026-07-06T04:01:45.843198+00:00,2026-07-06T04:01:45.843131,2,1,156.0,0.4,155.8,39,155.2,100,,,,,,,,,,,,,,,,,156.2,158,,,,,,,,,,,,,,,,,,
2026-07-06T04:01:46.020639+00:00,2026-07-06T04:01:46.020558,2,1,156.0,0.4,155.8,39,155.2,100,,,,,,,,,,,,,,,,,156.2,115,,,,,,,,,,,,,,,,,,
2026-07-06T04:01:47.015822+00:00,2026-07-06T04:01:47.009897,2,1,156.0,0.4,155.8,28,155.2,100,,,,,,,,,,,,,,,,,156.2,115,,,,,,,,,,,,,,,,,,
2026-07-06T04:01:47.102540+00:00,2026-07-06T04:01:47.102441,2,1,156.0,0.4,155.8,28,155.2,100,,,,,,,,,,,,,,,,,156.2,107,,,,,,,,,,,,,,,,,,
2026-07-06T04:01:47.107708+00:00,2026-07-06T04:01:47.107661,2,2,155.95,0.3,155.8,28,155.2,100,,,,,,,,,,,,,,,,,156.1,8,156.2,107,,,,,,,,,,,,,,,,
2026-07-06T04:01:48.158824+00:00,2026-07-06T04:01:48.158712,1,2,155.95,0.3,155.8,28,,,,,,,,,,,,,,,,,,,156.1,8,156.2,107,,,,,,,,,,,,,,,,
2026-07-06T04:01:48.176220+00:00,2026-07-06T04:01:48.176171,1,1,156.0,0.4,155.8,28,,,,,,,,,,,,,,,,,,,156.2,67,,,,,,,,,,,,,,,,,,
2026-07-06T04:01:48.204062+00:00,2026-07-06T04:01:48.203922,2,1,156.0,0.4,155.8,28,155.5,100,,,,,,,,,,,,,,,,,156.2,67,,,,,,,,,,,,,,,,,,
2026-07-06T04:01:48.258570+00:00,2026-07-06T04:01:48.257113,2,2,155.9,0.2,155.8,28,155.5,100,,,,,,,,,,,,,,,,,156.0,100,156.2,67,,,,,,,,,,,,,,,,
2026-07-06T04:01:48.619899+00:00,2026-07-06T04:01:48.619799,2,2,155.9,0.2,155.8,36,155.5,100,,,,,,,,,,,,,,,,,156.0,100,156.2,75,,,,,,,,,,,,,,,,
2026-07-06T04:01:48.846942+00:00,2026-07-06T04:01:48.846821,2,2,155.9,0.2,155.8,8,155.5,100,,,,,,,,,,,,,,,,,156.0,100,156.2,8,,,,,,,,,,,,,,,,
2026-07-06T04:01:48.897316+00:00,2026-07-06T04:01:48.897281,2,2,155.9,0.2,155.8,8,155.5,250,,,,,,,,,,,,,,,,,156.0,100,156.2,8,,,,,,,,,,,,,,,,
2026-07-06T04:01:48.958615+00:00,2026-07-06T04:01:48.953239,2,2,155.9,0.2,155.8,8,155.5,250,,,,,,,,,,,,,,,,,156.0,200,156.2,8,,,,,,,,,,,,,,,,
2026-07-06T04:01:50.377492+00:00,2026-07-06T04:01:50.377443,1,2,155.75,0.5,155.5,250,,,,,,,,,,,,,,,,,,,156.0,200,156.2,8,,,,,,,,,,,,,,,,
2026-07-06T04:01:50.382520+00:00,2026-07-06T04:01:50.382634,1,1,155.75,0.5,155.5,250,,,,,,,,,,,,,,,,,,,156.0,200,,,,,,,,,,,,,,,,,,
2026-07-06T04:01:50.387750+00:00,2026-07-06T04:01:50.387863,2,2,155.95,0.1,155.9,8,155.5,250,,,,,,,,,,,,,,,,,156.0,200,156.3,8,,,,,,,,,,,,,,,,
2026-07-06T04:01:51.068742+00:00,2026-07-06T04:01:51.068908,2,2,155.95,0.1,155.9,8,155.5,250,,,,,,,,,,,,,,,,,156.0,150,156.3,8,,,,,,,,,,,,,,,,
2026-07-06T04:01:51.307835+00:00,2026-07-06T04:01:51.307745,2,2,155.95,0.1,155.9,8,155.5,150,,,,,,,,,,,,,,,,,156.0,150,156.3,8,,,,,,,,,,,,,,,,
2026-07-06T04:01:51.358637+00:00,2026-07-06T04:01:51.354760,2,2,155.95,0.1,155.9,108,155.5,150,,,,,,,,,,,,,,,,,156.0,150,156.3,8,,,,,,,,,,,,,,,,
2026-07-06T04:01:51.423674+00:00,2026-07-06T04:01:51.423563,2,3,155.95,0.1,155.9,108,155.5,150,,,,,,,,,,,,,,,,,156.0,150,156.3,8,156.4,100,,,,,,,,,,,,,,
2026-07-06T04:01:52.044388+00:00,2026-07-06T04:01:52.044334,1,2,156.1,0.4,155.9,108,,,,,,,,,,,,,,,,,,,156.3,8,156.4,100,,,,,,,,,,,,,,,,
2026-07-06T04:01:52.102746+00:00,2026-07-06T04:01:52.102710,2,2,156.1,0.4,155.9,108,155.6,150,,,,,,,,,,,,,,,,,156.3,8,156.4,100,,,,,,,,,,,,,,,,
2026-07-06T04:01:52.158626+00:00,2026-07-06T04:01:52.153573,2,3,156.0,0.2,155.9,108,155.6,150,,,,,,,,,,,,,,,,,156.1,150,156.3,8,156.4,100,,,,,,,,,,,,,,
2026-07-06T04:01:54.474262+00:00,2026-07-06T04:01:54.474213,2,2,156.0,0.2,155.9,108,155.6,150,,,,,,,,,,,,,,,,,156.1,150,156.3,8,,,,,,,,,,,,,,,,
2026-07-06T04:01:54.479509+00:00,2026-07-06T04:01:54.479377,2,2,156.0,0.2,155.9,8,155.6,150,,,,,,,,,,,,,,,,,156.1,150,156.3,8,,,,,,,,,,,,,,,,
2026-07-06T04:01:54.531857+00:00,2026-07-06T04:01:54.531754,2,2,156.0,0.2,155.9,108,155.6,150,,,,,,,,,,,,,,,,,156.1,150,156.3,8,,,,,,,,,,,,,,,,
2026-07-06T04:01:54.583311+00:00,2026-07-06T04:01:54.583131,2,3,156.0,0.2,155.9,108,155.6,150,,,,,,,,,,,,,,,,,156.1,150,156.3,8,156.4,100,,,,,,,,,,,,,,
2026-07-06T04:01:55.212944+00:00,2026-07-06T04:01:55.212900,1,2,156.1,0.4,155.9,108,,,,,,,,,,,,,,,,,,,156.3,8,156.4,100,,,,,,,,,,,,,,,,
2026-07-06T04:01:55.266539+00:00,2026-07-06T04:01:55.266416,2,2,156.1,0.4,155.9,108,155.5,150,,,,,,,,,,,,,,,,,156.3,8,156.4,100,,,,,,,,,,,,,,,,
2026-07-06T04:01:55.320104+00:00,2026-07-06T04:01:55.320040,2,3,155.95,0.1,155.9,108,155.5,150,,,,,,,,,,,,,,,,,156.0,150,156.3,8,156.4,100,,,,,,,,,,,,,,
2026-07-06T04:01:57.411788+00:00,2026-07-06T04:01:57.411666,2,3,155.95,0.1,155.9,108,155.5,150,,,,,,,,,,,,,,,,,156.0,100,156.3,8,156.4,100,,,,,,,,,,,,,,
2026-07-06T04:01:57.637258+00:00,2026-07-06T04:01:57.637168,2,2,155.95,0.1,155.9,8,155.5,150,,,,,,,,,,,,,,,,,156.0,100,156.3,8,,,,,,,,,,,,,,,,
2026-07-06T04:01:57.658759+00:00,2026-07-06T04:01:57.658681,1,2,155.75,0.5,155.5,150,,,,,,,,,,,,,,,,,,,156.0,97,156.3,8,,,,,,,,,,,,,,,,
2026-07-06T04:01:57.663751+00:00,2026-07-06T04:01:57.663890,1,1,155.75,0.5,155.5,150,,,,,,,,,,,,,,,,,,,156.0,97,,,,,,,,,,,,,,,,,,
2026-07-06T04:01:57.669322+00:00,2026-07-06T04:01:57.669228,1,2,155.75,0.5,155.5,150,,,,,,,,,,,,,,,,,,,156.0,89,156.5,8,,,,,,,,,,,,,,,,
2026-07-06T04:01:57.674301+00:00,2026-07-06T04:01:57.674461,1,2,155.75,0.5,155.5,150,,,,,,,,,,,,,,,,,,,156.0,40,156.5,8,,,,,,,,,,,,,,,,
2026-07-06T04:01:57.691011+00:00,2026-07-06T04:01:57.691190,2,1,156.35,0.3,156.2,60,155.5,150,,,,,,,,,,,,,,,,,156.5,8,,,,,,,,,,,,,,,,,,
2026-07-06T04:01:57.745010+00:00,2026-07-06T04:01:57.744895,2,2,156.35,0.3,156.2,60,155.5,150,,,,,,,,,,,,,,,,,156.5,8,156.7,100,,,,,,,,,,,,,,,,
2026-07-06T04:01:58.184241+00:00,2026-07-06T04:01:58.184199,2,2,156.4,0.4,156.2,60,155.5,150,,,,,,,,,,,,,,,,,156.6,8,156.7,100,,,,,,,,,,,,,,,,
2026-07-06T04:01:58.374473+00:00,2026-07-06T04:01:58.374405,1,2,156.4,0.4,156.2,60,,,,,,,,,,,,,,,,,,,156.6,8,156.7,100,,,,,,,,,,,,,,,,
2026-07-06T04:01:58.436582+00:00,2026-07-06T04:01:58.430814,2,2,156.5,0.2,156.4,127,156.2,60,,,,,,,,,,,,,,,,,156.6,8,156.7,100,,,,,,,,,,,,,,,,
2026-07-06T04:01:58.474500+00:00,2026-07-06T04:01:58.474599,2,3,156.5,0.2,156.4,127,156.2,60,,,,,,,,,,,,,,,,,156.6,8,156.7,100,156.9,150,,,,,,,,,,,,,,
2026-07-06T04:01:59.543099+00:00,2026-07-06T04:01:59.543037,2,2,156.55,0.3,156.4,127,156.2,60,,,,,,,,,,,,,,,,,156.7,58,156.9,150,,,,,,,,,,,,,,,,
2026-07-06T04:01:59.693778+00:00,2026-07-06T04:01:59.693747,2,2,156.55,0.3,156.4,127,156.2,65,,,,,,,,,,,,,,,,,156.7,66,156.9,150,,,,,,,,,,,,,,,,
2026-07-06T04:02:00.802008+00:00,2026-07-06T04:02:00.801882,2,2,156.55,0.3,156.4,127,156.2,5,,,,,,,,,,,,,,,,,156.7,8,156.9,150,,,,,,,,,,,,,,,,
2026-07-06T04:02:00.857832+00:00,2026-07-06T04:02:00.857661,2,2,156.55,0.3,156.4,127,156.2,105,,,,,,,,,,,,,,,,,156.7,8,156.9,150,,,,,,,,,,,,,,,,
2026-07-06T04:02:00.911304+00:00,2026-07-06T04:02:00.911131,2,2,156.55,0.3,156.4,127,156.2,105,,,,,,,,,,,,,,,,,156.7,108,156.9,150,,,,,,,,,,,,,,,,
2026-07-06T04:02:01.525372+00:00,2026-07-06T04:02:01.525316,2,1,156.55,0.3,156.4,127,156.2,105,,,,,,,,,,,,,,,,,156.7,108,,,,,,,,,,,,,,,,,,
2026-07-06T04:02:01.536282+00:00,2026-07-06T04:02:01.536159,1,1,156.45,0.5,156.2,105,,,,,,,,,,,,,,,,,,,156.7,108,,,,,,,,,,,,,,,,,,
2026-07-06T04:02:01.588407+00:00,2026-07-06T04:02:01.588356,2,1,156.5,0.4,156.3,150,156.2,105,,,,,,,,,,,,,,,,,156.7,108,,,,,,,,,,,,,,,,,,
2026-07-06T04:02:01.636739+00:00,2026-07-06T04:02:01.636653,2,2,156.5,0.4,156.3,150,156.2,105,,,,,,,,,,,,,,,,,156.7,108,156.8,150,,,,,,,,,,,,,,,,
2026-07-06T04:02:01.722619+00:00,2026-07-06T04:02:01.722502,2,2,156.5,0.4,156.3,100,156.2,100,,,,,,,,,,,,,,,,,156.7,100,156.8,150,,,,,,,,,,,,,,,,
2026-07-06T04:02:01.727801+00:00,2026-07-06T04:02:01.727679,3,2,156.5,0.4,156.3,100,156.2,100,156.1,5,,,,,,,,,,,,,,,156.7,100,156.8,150,,,,,,,,,,,,,,,,
2026-07-06T04:02:01.732982+00:00,2026-07-06T04:02:01.732926,3,3,156.45,0.3,156.3,100,156.2,100,156.1,5,,,,,,,,,,,,,,,156.6,8,156.7,100,156.8,150,,,,,,,,,,,,,,
2026-07-06T04:02:03.777763+00:00,2026-07-06T04:02:03.777638,3,2,156.5,0.4,156.3,100,156.2,100,156.1,5,,,,,,,,,,,,,,,156.7,58,156.8,150,,,,,,,,,,,,,,,,
2026-07-06T04:02:03.965994+00:00,2026-07-06T04:02:03.965918,2,1,156.55,0.5,156.3,100,156.1,5,,,,,,,,,,,,,,,,,156.8,150,,,,,,,,,,,,,,,,,,
2026-07-06T04:02:04.020346+00:00,2026-07-06T04:02:04.020235,3,1,156.6,0.4,156.4,100,156.3,100,156.1,5,,,,,,,,,,,,,,,156.8,150,,,,,,,,,,,,,,,,,,
2026-07-06T04:02:04.074228+00:00,2026-07-06T04:02:04.074123,3,2,156.6,0.4,156.4,100,156.3,100,156.1,5,,,,,,,,,,,,,,,156.8,150,156.9,100,,,,,,,,,,,,,,,,
2026-07-06T04:02:04.135415+00:00,2026-07-06T04:02:04.135243,3,2,156.6,0.4,156.4,51,156.3,100,156.1,5,,,,,,,,,,,,,,,156.8,150,156.9,100,,,,,,,,,,,,,,,,
2026-07-06T04:02:04.695189+00:00,2026-07-06T04:02:04.695327,2,1,156.65,0.5,156.4,51,156.1,5,,,,,,,,,,,,,,,,,156.9,100,,,,,,,,,,,,,,,,,,
2026-07-06T04:02:04.769338+00:00,2026-07-06T04:02:04.769276,1,1,156.65,0.5,156.4,51,,,,,,,,,,,,,,,,,,,156.9,100,,,,,,,,,,,,,,,,,,
2026-07-06T04:02:04.774649+00:00,2026-07-06T04:02:04.774488,2,1,156.65,0.5,156.4,51,156.1,150,,,,,,,,,,,,,,,,,156.9,100,,,,,,,,,,,,,,,,,,
2026-07-06T04:02:04.785043+00:00,2026-07-06T04:02:04.784978,3,2,156.6,0.4,156.4,51,156.1,150,156.0,8,,,,,,,,,,,,,,,156.8,8,156.9,100,,,,,,,,,,,,,,,,
2026-07-06T04:02:04.827776+00:00,2026-07-06T04:02:04.827625,3,3,156.5,0.2,156.4,51,156.1,150,156.0,8,,,,,,,,,,,,,,,156.6,150,156.8,8,156.9,100,,,,,,,,,,,,,,
2026-07-06T04:02:05.043402+00:00,2026-07-06T04:02:05.043355,2,2,156.5,0.2,156.4,51,156.1,150,,,,,,,,,,,,,,,,,156.6,150,156.9,100,,,,,,,,,,,,,,,,
2026-07-06T04:02:05.048698+00:00,2026-07-06T04:02:05.048585,3,2,156.5,0.2,156.4,51,156.1,150,156.0,8,,,,,,,,,,,,,,,156.6,150,156.9,100,,,,,,,,,,,,,,,,
2026-07-06T04:02:05.053725+00:00,2026-07-06T04:02:05.053829,3,3,156.45,0.1,156.4,51,156.1,150,156.0,8,,,,,,,,,,,,,,,156.5,8,156.6,150,156.9,100,,,,,,,,,,,,,,
2026-07-06T04:02:05.558557+00:00,2026-07-06T04:02:05.557968,3,2,156.5,0.2,156.4,51,156.2,8,156.1,150,,,,,,,,,,,,,,,156.6,150,156.9,100,,,,,,,,,,,,,,,,
2026-07-06T04:02:05.571504+00:00,2026-07-06T04:02:05.571385,3,2,156.5,0.2,156.4,51,156.2,8,156.1,150,,,,,,,,,,,,,,,156.6,158,156.9,100,,,,,,,,,,,,,,,,
2026-07-06T04:02:05.758644+00:00,2026-07-06T04:02:05.757498,3,2,156.5,0.2,156.4,6,156.2,8,156.1,150,,,,,,,,,,,,,,,156.6,158,156.9,100,,,,,,,,,,,,,,,,
2026-07-06T04:02:06.332468+00:00,2026-07-06T04:02:06.332338,3,2,156.5,0.2,156.4,6,156.2,8,156.1,150,,,,,,,,,,,,,,,156.6,110,156.9,100,,,,,,,,,,,,,,,,
2026-07-06T04:02:07.128990+00:00,2026-07-06T04:02:07.128921,2,1,156.4,0.4,156.2,8,156.1,150,,,,,,,,,,,,,,,,,156.6,110,,,,,,,,,,,,,,,,,,
2026-07-06T04:02:07.182203+00:00,2026-07-06T04:02:07.182139,3,1,156.4,0.4,156.2,8,156.1,150,156.0,100,,,,,,,,,,,,,,,156.6,110,,,,,,,,,,,,,,,,,,
2026-07-06T04:02:07.239676+00:00,2026-07-06T04:02:07.239590,3,2,156.35,0.3,156.2,8,156.1,150,156.0,100,,,,,,,,,,,,,,,156.5,100,156.6,110,,,,,,,,,,,,,,,,
2026-07-06T04:02:07.872792+00:00,2026-07-06T04:02:07.872733,3,2,156.35,0.3,156.2,8,156.1,150,156.0,100,,,,,,,,,,,,,,,156.5,100,156.6,8,,,,,,,,,,,,,,,,
2026-07-06T04:02:07.884212+00:00,2026-07-06T04:02:07.884121,2,2,156.35,0.3,156.2,8,156.0,100,,,,,,,,,,,,,,,,,156.5,100,156.6,8,,,,,,,,,,,,,,,,
2026-07-06T04:02:07.936376+00:00,2026-07-06T04:02:07.936269,3,2,156.4,0.2,156.3,150,156.2,8,156.0,100,,,,,,,,,,,,,,,156.5,100,156.6,8,,,,,,,,,,,,,,,,
2026-07-06T04:02:07.988878+00:00,2026-07-06T04:02:07.988769,3,3,156.4,0.2,156.3,150,156.2,8,156.0,100,,,,,,,,,,,,,,,156.5,50,156.6,8,156.8,150,,,,,,,,,,,,,,
2026-07-06T04:02:08.085268+00:00,2026-07-06T04:02:08.085177,2,2,156.4,0.2,156.3,150,156.0,108,,,,,,,,,,,,,,,,,156.5,58,156.8,150,,,,,,,,,,,,,,,,
2026-07-06T04:02:09.343939+00:00,2026-07-06T04:02:09.344101,2,2,156.4,0.2,156.3,150,156.0,100,,,,,,,,,,,,,,,,,156.5,50,156.8,150,,,,,,,,,,,,,,,,
2026-07-06T04:02:09.349325+00:00,2026-07-06T04:02:09.349291,3,3,156.4,0.2,156.3,150,156.2,8,156.0,100,,,,,,,,,,,,,,,156.5,50,156.6,8,156.8,150,,,,,,,,,,,,,,
2026-07-06T04:02:10.096969+00:00,2026-07-06T04:02:10.096783,3,2,156.45,0.3,156.3,150,156.2,8,156.0,100,,,,,,,,,,,,,,,156.6,8,156.8,150,,,,,,,,,,,,,,,,
2026-07-06T04:02:10.295797+00:00,2026-07-06T04:02:10.295892,2,2,156.45,0.3,156.3,150,156.2,8,,,,,,,,,,,,,,,,,156.6,8,156.8,150,,,,,,,,,,,,,,,,
2026-07-06T04:02:10.349377+00:00,2026-07-06T04:02:10.349253,3,2,156.5,0.2,156.4,100,156.3,150,156.2,8,,,,,,,,,,,,,,,156.6,8,156.8,150,,,,,,,,,,,,,,,,
2026-07-06T04:02:10.402830+00:00,2026-07-06T04:02:10.402717,3,3,156.5,0.2,156.4,100,156.3,150,156.2,8,,,,,,,,,,,,,,,156.6,8,156.8,150,156.9,100,,,,,,,,,,,,,,
2026-07-06T04:02:10.858590+00:00,2026-07-06T04:02:10.853691,3,3,156.5,0.2,156.4,58,156.3,150,156.2,8,,,,,,,,,,,,,,,156.6,8,156.8,150,156.9,100,,,,,,,,,,,,,,
2026-07-06T04:02:11.046587+00:00,2026-07-06T04:02:11.046475,2,2,156.5,0.2,156.4,58,156.2,8,,,,,,,,,,,,,,,,,156.6,8,156.9,100,,,,,,,,,,,,,,,,
2026-07-06T04:02:11.104128+00:00,2026-07-06T04:02:11.104002,2,2,156.5,0.2,156.4,208,156.2,8,,,,,,,,,,,,,,,,,156.6,8,156.9,100,,,,,,,,,,,,,,,,
2026-07-06T04:02:11.164350+00:00,2026-07-06T04:02:11.164210,2,2,156.5,0.2,156.4,208,156.2,8,,,,,,,,,,,,,,,,,156.6,8,156.9,250,,,,,,,,,,,,,,,,
2026-07-06T04:02:12.205204+00:00,2026-07-06T04:02:12.205042,2,1,156.65,0.5,156.4,208,156.2,8,,,,,,,,,,,,,,,,,156.9,208,,,,,,,,,,,,,,,,,,
2026-07-06T04:02:12.363911+00:00,2026-07-06T04:02:12.363867,2,1,156.65,0.5,156.4,208,156.2,8,,,,,,,,,,,,,,,,,156.9,208,,,,,,,,,,,,,,,,,,
2026-07-06T04:02:12.369218+00:00,2026-07-06T04:02:12.369049,2,2,156.6,0.4,156.4,208,156.2,8,,,,,,,,,,,,,,,,,156.8,8,156.9,208,,,,,,,,,,,,,,,,
2026-07-06T04:02:13.379200+00:00,2026-07-06T04:02:13.379092,1,1,156.65,0.5,156.4,208,,,,,,,,,,,,,,,,,,,156.9,208,,,,,,,,,,,,,,,,,,
2026-07-06T04:02:13.384177+00:00,2026-07-06T04:02:13.384257,2,1,156.65,0.5,156.4,208,156.3,8,,,,,,,,,,,,,,,,,156.9,208,,,,,,,,,,,,,,,,,,
2026-07-06T04:02:13.389481+00:00,2026-07-06T04:02:13.389422,2,2,156.6,0.4,156.4,208,156.3,8,,,,,,,,,,,,,,,,,156.8,8,156.9,208,,,,,,,,,,,,,,,,
2026-07-06T04:02:13.458608+00:00,2026-07-06T04:02:13.457528,2,2,156.6,0.4,156.4,150,156.3,8,,,,,,,,,,,,,,,,,156.8,8,156.9,150,,,,,,,,,,,,,,,,
2026-07-06T04:02:13.512073+00:00,2026-07-06T04:02:13.512018,2,2,156.6,0.4,156.4,250,156.3,8,,,,,,,,,,,,,,,,,156.8,8,156.9,150,,,,,,,,,,,,,,,,
2026-07-06T04:02:13.569270+00:00,2026-07-06T04:02:13.569131,2,2,156.6,0.4,156.4,250,156.3,8,,,,,,,,,,,,,,,,,156.8,8,156.9,250,,,,,,,,,,,,,,,,
2026-07-06T04:02:14.210737+00:00,2026-07-06T04:02:14.210633,2,2,156.6,0.4,156.4,100,156.3,8,,,,,,,,,,,,,,,,,156.8,8,156.9,100,,,,,,,,,,,,,,,,
2026-07-06T04:02:14.265640+00:00,2026-07-06T04:02:14.265742,2,2,156.6,0.4,156.4,250,156.3,8,,,,,,,,,,,,,,,,,156.8,8,156.9,100,,,,,,,,,,,,,,,,
2026-07-06T04:02:14.319641+00:00,2026-07-06T04:02:14.319536,2,2,156.6,0.4,156.4,250,156.3,8,,,,,,,,,,,,,,,,,156.8,8,156.9,250,,,,,,,,,,,,,,,,
2026-07-06T04:02:14.364589+00:00,2026-07-06T04:02:14.364559,2,2,156.6,0.4,156.4,200,156.3,8,,,,,,,,,,,,,,,,,156.8,8,156.9,250,,,,,,,,,,,,,,,,
2026-07-06T04:02:14.390945+00:00,2026-07-06T04:02:14.390870,2,2,156.6,0.4,156.4,151,156.3,8,,,,,,,,,,,,,,,,,156.8,8,156.9,250,,,,,,,,,,,,,,,,
2026-07-06T04:02:14.573210+00:00,2026-07-06T04:02:14.567528,2,2,156.6,0.4,156.4,139,156.3,8,,,,,,,,,,,,,,,,,156.8,8,156.9,250,,,,,,,,,,,,,,,,
2026-07-06T04:02:14.645151+00:00,2026-07-06T04:02:14.645056,1,1,156.65,0.5,156.4,139,,,,,,,,,,,,,,,,,,,156.9,250,,,,,,,,,,,,,,,,,,
2026-07-06T04:02:14.650302+00:00,2026-07-06T04:02:14.650265,2,2,156.55,0.3,156.4,139,156.1,8,,,,,,,,,,,,,,,,,156.7,8,156.9,250,,,,,,,,,,,,,,,,
2026-07-06T04:02:15.058680+00:00,2026-07-06T04:02:15.053758,2,2,156.55,0.3,156.4,91,156.1,8,,,,,,,,,,,,,,,,,156.7,8,156.9,250,,,,,,,,,,,,,,,,
2026-07-06T04:02:16.158583+00:00,2026-07-06T04:02:16.156255,2,1,156.65,0.5,156.4,91,156.2,8,,,,,,,,,,,,,,,,,156.9,250,,,,,,,,,,,,,,,,,,
2026-07-06T04:02:16.169130+00:00,2026-07-06T04:02:16.168947,2,2,156.55,0.3,156.4,91,156.2,8,,,,,,,,,,,,,,,,,156.7,8,156.9,250,,,,,,,,,,,,,,,,
2026-07-06T04:02:16.388956+00:00,2026-07-06T04:02:16.388899,2,1,156.65,0.5,156.4,91,156.2,8,,,,,,,,,,,,,,,,,156.9,211,,,,,,,,,,,,,,,,,,
2026-07-06T04:02:16.471619+00:00,2026-07-06T04:02:16.471550,2,1,156.65,0.5,156.4,41,156.2,8,,,,,,,,,,,,,,,,,156.9,211,,,,,,,,,,,,,,,,,,
2026-07-06T04:02:16.621835+00:00,2026-07-06T04:02:16.621748,2,1,156.65,0.5,156.4,41,156.2,8,,,,,,,,,,,,,,,,,156.9,150,,,,,,,,,,,,,,,,,,
2026-07-06T04:02:16.676028+00:00,2026-07-06T04:02:16.676178,3,1,156.65,0.5,156.4,41,156.3,100,156.2,8,,,,,,,,,,,,,,,156.9,150,,,,,,,,,,,,,,,,,,
2026-07-06T04:02:16.729703+00:00,2026-07-06T04:02:16.729815,3,2,156.6,0.4,156.4,41,156.3,100,156.2,8,,,,,,,,,,,,,,,156.8,100,156.9,150,,,,,,,,,,,,,,,,
2026-07-06T04:02:16.926858+00:00,2026-07-06T04:02:16.927021,3,2,156.6,0.4,156.4,41,156.3,100,156.0,8,,,,,,,,,,,,,,,156.8,100,156.9,150,,,,,,,,,,,,,,,,
2026-07-06T04:02:16.932330+00:00,2026-07-06T04:02:16.932292,3,3,156.55,0.3,156.4,41,156.3,100,156.0,8,,,,,,,,,,,,,,,156.7,8,156.8,100,156.9,150,,,,,,,,,,,,,,
2026-07-06T04:02:17.373445+00:00,2026-07-06T04:02:17.373371,2,2,156.5,0.4,156.3,100,156.0,8,,,,,,,,,,,,,,,,,156.7,8,156.8,100,,,,,,,,,,,,,,,,
2026-07-06T04:02:17.428171+00:00,2026-07-06T04:02:17.428046,3,2,156.5,0.4,156.3,100,156.0,8,155.8,150,,,,,,,,,,,,,,,156.7,8,156.8,100,,,,,,,,,,,,,,,,
2026-07-06T04:02:17.485013+00:00,2026-07-06T04:02:17.484933,2,3,156.15,0.3,156.0,8,155.8,150,,,,,,,,,,,,,,,,,156.3,50,156.7,8,156.8,100,,,,,,,,,,,,,,
2026-07-06T04:02:17.689545+00:00,2026-07-06T04:02:17.689426,1,2,156.05,0.5,155.8,150,,,,,,,,,,,,,,,,,,,156.3,50,156.8,100,,,,,,,,,,,,,,,,
2026-07-06T04:02:17.694739+00:00,2026-07-06T04:02:17.694631,2,3,156.15,0.3,156.0,8,155.8,150,,,,,,,,,,,,,,,,,156.3,50,156.4,8,156.8,100,,,,,,,,,,,,,,
2026-07-06T04:02:18.526181+00:00,2026-07-06T04:02:18.526074,2,2,156.2,0.4,156.0,8,155.8,150,,,,,,,,,,,,,,,,,156.4,8,156.8,100,,,,,,,,,,,,,,,,
2026-07-06T04:02:19.786252+00:00,2026-07-06T04:02:19.786166,2,1,156.2,0.4,156.0,8,155.8,150,,,,,,,,,,,,,,,,,156.4,8,,,,,,,,,,,,,,,,,,
2026-07-06T04:02:19.839586+00:00,2026-07-06T04:02:19.839533,3,1,156.2,0.4,156.0,8,155.8,150,155.6,100,,,,,,,,,,,,,,,156.4,8,,,,,,,,,,,,,,,,,,
2026-07-06T04:02:19.892119+00:00,2026-07-06T04:02:19.891968,3,2,156.05,0.1,156.0,8,155.8,150,155.6,100,,,,,,,,,,,,,,,156.1,100,156.4,8,,,,,,,,,,,,,,,,
2026-07-06T04:02:20.542755+00:00,2026-07-06T04:02:20.542698,2,2,156.05,0.1,156.0,8,155.6,100,,,,,,,,,,,,,,,,,156.1,100,156.4,8,,,,,,,,,,,,,,,,
2026-07-06T04:02:20.598088+00:00,2026-07-06T04:02:20.597965,3,1,156.35,0.1,156.3,50,156.0,8,155.6,100,,,,,,,,,,,,,,,156.4,8,,,,,,,,,,,,,,,,,,
2026-07-06T04:02:20.633439+00:00,2026-07-06T04:02:20.633410,3,0,,,156.3,50,156.0,8,155.6,100,,,,,,,,,,,,,,,,,,,,,,,,,,,,,,,,,,
2026-07-06T04:02:20.658594+00:00,2026-07-06T04:02:20.654368,3,1,156.55,0.5,156.3,50,156.0,8,155.6,100,,,,,,,,,,,,,,,156.8,150,,,,,,,,,,,,,,,,,,
2026-07-06T04:02:20.708405+00:00,2026-07-06T04:02:20.708369,3,1,156.55,0.5,156.3,50,156.0,8,155.6,100,,,,,,,,,,,,,,,156.8,150,,,,,,,,,,,,,,,,,,
2026-07-06T04:02:20.718670+00:00,2026-07-06T04:02:20.718832,3,2,156.5,0.4,156.3,50,156.0,8,155.6,100,,,,,,,,,,,,,,,156.7,8,156.8,150,,,,,,,,,,,,,,,,
2026-07-06T04:02:21.230839+00:00,2026-07-06T04:02:21.230802,2,1,156.55,0.5,156.3,50,155.6,100,,,,,,,,,,,,,,,,,156.8,150,,,,,,,,,,,,,,,,,,
2026-07-06T04:02:21.236042+00:00,2026-07-06T04:02:21.235995,3,2,156.45,0.3,156.3,50,156.1,8,155.6,100,,,,,,,,,,,,,,,156.6,8,156.8,150,,,,,,,,,,,,,,,,
2026-07-06T04:02:21.529072+00:00,2026-07-06T04:02:21.528986,3,2,156.45,0.3,156.3,9,156.1,8,155.6,100,,,,,,,,,,,,,,,156.6,8,156.8,150,,,,,,,,,,,,,,,,
2026-07-06T04:02:22.741168+00:00,2026-07-06T04:02:22.741078,3,1,156.55,0.5,156.3,9,156.1,8,155.6,100,,,,,,,,,,,,,,,156.8,108,,,,,,,,,,,,,,,,,,
2026-07-06T04:02:22.953345+00:00,2026-07-06T04:02:22.953188,2,1,156.55,0.5,156.3,9,156.1,8,,,,,,,,,,,,,,,,,156.8,108,,,,,,,,,,,,,,,,,,
2026-07-06T04:02:23.002813+00:00,2026-07-06T04:02:23.002757,2,1,156.55,0.5,156.3,9,156.1,108,,,,,,,,,,,,,,,,,156.8,108,,,,,,,,,,,,,,,,,,
2026-07-06T04:02:23.058644+00:00,2026-07-06T04:02:23.055284,2,2,156.45,0.3,156.3,9,156.1,108,,,,,,,,,,,,,,,,,156.6,100,156.8,108,,,,,,,,,,,,,,,,
2026-07-06T04:02:23.709357+00:00,2026-07-06T04:02:23.709289,1,1,156.35,0.5,156.1,108,,,,,,,,,,,,,,,,,,,156.6,100,,,,,,,,,,,,,,,,,,
2026-07-06T04:02:23.758576+00:00,2026-07-06T04:02:23.755424,1,1,156.35,0.5,156.1,258,,,,,,,,,,,,,,,,,,,156.6,100,,,,,,,,,,,,,,,,,,
2026-07-06T04:02:23.818523+00:00,2026-07-06T04:02:23.818429,1,1,156.35,0.5,156.1,258,,,,,,,,,,,,,,,,,,,156.6,250,,,,,,,,,,,,,,,,,,
2026-07-06T04:02:24.858568+00:00,2026-07-06T04:02:24.855854,1,1,156.35,0.5,156.1,258,,,,,,,,,,,,,,,,,,,156.6,203,,,,,,,,,,,,,,,,,,
2026-07-06T04:02:24.900465+00:00,2026-07-06T04:02:24.900383,1,1,156.35,0.5,156.1,208,,,,,,,,,,,,,,,,,,,156.6,203,,,,,,,,,,,,,,,,,,
2026-07-06T04:02:26.106896+00:00,2026-07-06T04:02:26.106817,1,1,156.35,0.5,156.1,150,,,,,,,,,,,,,,,,,,,156.6,150,,,,,,,,,,,,,,,,,,
2026-07-06T04:02:26.158619+00:00,2026-07-06T04:02:26.154098,2,1,156.35,0.5,156.1,150,156.0,100,,,,,,,,,,,,,,,,,156.6,150,,,,,,,,,,,,,,,,,,
2026-07-06T04:02:26.214953+00:00,2026-07-06T04:02:26.214930,2,2,156.3,0.4,156.1,150,156.0,100,,,,,,,,,,,,,,,,,156.5,100,156.6,150,,,,,,,,,,,,,,,,
2026-07-06T04:02:26.720002+00:00,2026-07-06T04:02:26.719896,2,2,156.3,0.4,156.1,150,156.0,108,,,,,,,,,,,,,,,,,156.5,100,156.6,150,,,,,,,,,,,,,,,,
2026-07-06T04:02:26.725180+00:00,2026-07-06T04:02:26.725073,2,3,156.25,0.3,156.1,150,156.0,108,,,,,,,,,,,,,,,,,156.4,8,156.5,100,156.6,150,,,,,,,,,,,,,,
2026-07-06T04:02:26.871791+00:00,2026-07-06T04:02:26.871753,1,2,156.2,0.4,156.0,108,,,,,,,,,,,,,,,,,,,156.4,8,156.5,100,,,,,,,,,,,,,,,,
2026-07-06T04:02:26.927298+00:00,2026-07-06T04:02:26.927254,1,2,156.2,0.4,156.0,258,,,,,,,,,,,,,,,,,,,156.4,8,156.5,100,,,,,,,,,,,,,,,,
2026-07-06T04:02:26.980612+00:00,2026-07-06T04:02:26.980481,1,2,156.2,0.4,156.0,258,,,,,,,,,,,,,,,,,,,156.4,8,156.5,250,,,,,,,,,,,,,,,,
2026-07-06T04:02:27.006782+00:00,2026-07-06T04:02:27.006688,1,2,156.2,0.4,156.0,208,,,,,,,,,,,,,,,,,,,156.4,8,156.5,250,,,,,,,,,,,,,,,,
2026-07-06T04:02:28.483778+00:00,2026-07-06T04:02:28.483744,1,1,156.25,0.5,156.0,208,,,,,,,,,,,,,,,,,,,156.5,218,,,,,,,,,,,,,,,,,,
2026-07-06T04:02:28.985697+00:00,2026-07-06T04:02:28.985641,1,1,156.25,0.5,156.0,166,,,,,,,,,,,,,,,,,,,156.5,218,,,,,,,,,,,,,,,,,,
2026-07-06T04:02:29.269568+00:00,2026-07-06T04:02:29.269467,1,1,156.25,0.5,156.0,158,,,,,,,,,,,,,,,,,,,156.5,150,,,,,,,,,,,,,,,,,,
2026-07-06T04:02:29.322982+00:00,2026-07-06T04:02:29.323128,2,1,156.25,0.5,156.0,158,155.7,100,,,,,,,,,,,,,,,,,156.5,150,,,,,,,,,,,,,,,,,,
2026-07-06T04:02:29.378054+00:00,2026-07-06T04:02:29.377935,2,2,156.1,0.2,156.0,158,155.7,100,,,,,,,,,,,,,,,,,156.2,100,156.5,150,,,,,,,,,,,,,,,,
2026-07-06T04:02:29.491262+00:00,2026-07-06T04:02:29.491214,3,2,156.1,0.2,156.0,150,155.9,8,155.7,100,,,,,,,,,,,,,,,156.2,100,156.5,150,,,,,,,,,,,,,,,,
2026-07-06T04:02:29.496454+00:00,2026-07-06T04:02:29.496371,3,3,156.1,0.2,156.0,150,155.9,8,155.7,100,,,,,,,,,,,,,,,156.2,100,156.3,8,156.5,150,,,,,,,,,,,,,,
2026-07-06T04:02:29.590567+00:00,2026-07-06T04:02:29.590529,3,3,156.1,0.2,156.0,150,155.9,8,155.7,100,,,,,,,,,,,,,,,156.2,53,156.3,8,156.5,150,,,,,,,,,,,,,,
2026-07-06T04:02:30.032451+00:00,2026-07-06T04:02:30.032383,2,2,156.05,0.3,155.9,8,155.7,100,,,,,,,,,,,,,,,,,156.2,53,156.3,8,,,,,,,,,,,,,,,,
2026-07-06T04:02:30.088842+00:00,2026-07-06T04:02:30.088757,2,2,156.05,0.3,155.9,158,155.7,100,,,,,,,,,,,,,,,,,156.2,53,156.3,8,,,,,,,,,,,,,,,,
2026-07-06T04:02:30.141773+00:00,2026-07-06T04:02:30.141881,2,3,156.05,0.3,155.9,158,155.7,100,,,,,,,,,,,,,,,,,156.2,53,156.3,8,156.4,150,,,,,,,,,,,,,,
2026-07-06T04:02:30.754785+00:00,2026-07-06T04:02:30.755076,2,2,156.05,0.3,155.9,158,155.7,100,,,,,,,,,,,,,,,,,156.2,53,156.4,150,,,,,,,,,,,,,,,,
2026-07-06T04:02:30.785002+00:00,2026-07-06T04:02:30.784921,2,2,156.05,0.3,155.9,158,155.7,100,,,,,,,,,,,,,,,,,156.2,53,156.4,158,,,,,,,,,,,,,,,,
2026-07-06T04:02:31.218246+00:00,2026-07-06T04:02:31.218165,2,2,156.05,0.3,155.9,108,155.7,100,,,,,,,,,,,,,,,,,156.2,53,156.4,158,,,,,,,,,,,,,,,,
2026-07-06T04:02:31.624761+00:00,2026-07-06T04:02:31.624654,2,2,156.05,0.3,155.9,108,155.7,100,,,,,,,,,,,,,,,,,156.2,9,156.4,158,,,,,,,,,,,,,,,,
2026-07-06T04:02:32.154563+00:00,2026-07-06T04:02:32.154692,2,2,156.05,0.3,155.9,63,155.7,100,,,,,,,,,,,,,,,,,156.2,9,156.4,158,,,,,,,,,,,,,,,,
2026-07-06T04:02:32.429010+00:00,2026-07-06T04:02:32.428935,2,1,156.15,0.5,155.9,63,155.7,100,,,,,,,,,,,,,,,,,156.4,158,,,,,,,,,,,,,,,,,,
2026-07-06T04:02:32.434232+00:00,2026-07-06T04:02:32.434081,1,1,156.15,0.5,155.9,63,,,,,,,,,,,,,,,,,,,156.4,158,,,,,,,,,,,,,,,,,,
2026-07-06T04:02:32.486672+00:00,2026-07-06T04:02:32.486565,2,1,156.25,0.3,156.1,100,155.9,63,,,,,,,,,,,,,,,,,156.4,158,,,,,,,,,,,,,,,,,,
2026-07-06T04:02:32.539538+00:00,2026-07-06T04:02:32.539336,2,2,156.25,0.3,156.1,100,155.9,63,,,,,,,,,,,,,,,,,156.4,158,156.6,100,,,,,,,,,,,,,,,,
2026-07-06T04:02:32.748727+00:00,2026-07-06T04:02:32.748614,2,2,156.25,0.3,156.1,57,155.9,63,,,,,,,,,,,,,,,,,156.4,158,156.6,100,,,,,,,,,,,,,,,,
2026-07-06T04:02:33.200104+00:00,2026-07-06T04:02:33.200021,2,2,156.25,0.3,156.1,57,155.9,8,,,,,,,,,,,,,,,,,156.4,8,156.6,100,,,,,,,,,,,,,,,,
2026-07-06T04:02:33.258588+00:00,2026-07-06T04:02:33.256111,3,2,156.25,0.3,156.1,57,155.9,8,155.5,150,,,,,,,,,,,,,,,156.4,8,156.6,100,,,,,,,,,,,,,,,,
2026-07-06T04:02:33.329271+00:00,2026-07-06T04:02:33.322865,1,3,155.75,0.5,155.5,108,,,,,,,,,,,,,,,,,,,156.0,81,156.4,8,156.6,100,,,,,,,,,,,,,,
2026-07-06T04:02:33.547872+00:00,2026-07-06T04:02:33.548061,2,2,155.8,0.4,155.6,8,155.5,108,,,,,,,,,,,,,,,,,156.0,81,156.6,100,,,,,,,,,,,,,,,,
2026-07-06T04:02:33.553318+00:00,2026-07-06T04:02:33.553243,2,3,155.8,0.4,155.6,8,155.5,108,,,,,,,,,,,,,,,,,156.0,81,156.2,8,156.6,100,,,,,,,,,,,,,,
2026-07-06T04:02:33.813878+00:00,2026-07-06T04:02:33.813826,1,2,155.75,0.5,155.5,108,,,,,,,,,,,,,,,,,,,156.0,81,156.6,100,,,,,,,,,,,,,,,,
2026-07-06T04:02:33.819140+00:00,2026-07-06T04:02:33.819024,2,3,155.85,0.3,155.7,8,155.5,108,,,,,,,,,,,,,,,,,156.0,81,156.2,8,156.6,100,,,,,,,,,,,,,,
2026-07-06T04:02:35.230563+00:00,2026-07-06T04:02:35.230440,2,3,155.85,0.3,155.7,8,155.5,108,,,,,,,,,,,,,,,,,156.0,32,156.2,8,156.6,100,,,,,,,,,,,,,,
2026-07-06T04:02:35.435173+00:00,2026-07-06T04:02:35.435104,1,3,155.75,0.5,155.5,66,,,,,,,,,,,,,,,,,,,156.0,32,156.2,8,156.6,100,,,,,,,,,,,,,,
2026-07-06T04:02:35.572455+00:00,2026-07-06T04:02:35.568784,1,2,155.75,0.5,155.5,66,,,,,,,,,,,,,,,,,,,156.0,21,156.6,100,,,,,,,,,,,,,,,,
2026-07-06T04:02:35.588110+00:00,2026-07-06T04:02:35.587875,2,3,155.8,0.4,155.6,8,155.5,66,,,,,,,,,,,,,,,,,156.0,21,156.2,8,156.6,100,,,,,,,,,,,,,,
2026-07-06T04:02:35.593331+00:00,2026-07-06T04:02:35.593196,2,2,155.8,0.4,155.6,8,155.5,66,,,,,,,,,,,,,,,,,156.0,21,156.2,8,,,,,,,,,,,,,,,,
2026-07-06T04:02:35.651177+00:00,2026-07-06T04:02:35.651257,3,2,155.9,0.2,155.8,100,155.6,8,155.5,66,,,,,,,,,,,,,,,156.0,21,156.2,8,,,,,,,,,,,,,,,,
2026-07-06T04:02:35.698977+00:00,2026-07-06T04:02:35.698806,3,3,155.9,0.2,155.8,100,155.6,8,155.5,66,,,,,,,,,,,,,,,156.0,21,156.2,8,156.3,100,,,,,,,,,,,,,,
2026-07-06T04:02:36.093320+00:00,2026-07-06T04:02:36.093543,2,2,155.9,0.2,155.8,100,155.5,66,,,,,,,,,,,,,,,,,156.0,21,156.3,100,,,,,,,,,,,,,,,,
2026-07-06T04:02:36.098825+00:00,2026-07-06T04:02:36.098762,3,2,155.95,0.1,155.9,8,155.8,100,155.5,66,,,,,,,,,,,,,,,156.0,21,156.3,108,,,,,,,,,,,,,,,,
2026-07-06T04:02:36.369568+00:00,2026-07-06T04:02:36.369411,3,1,156.1,0.4,155.9,8,155.8,100,155.5,66,,,,,,,,,,,,,,,156.3,108,,,,,,,,,,,,,,,,,,
2026-07-06T04:02:36.374729+00:00,2026-07-06T04:02:36.374605,2,1,156.1,0.4,155.9,8,155.8,100,,,,,,,,,,,,,,,,,156.3,108,,,,,,,,,,,,,,,,,,
2026-07-06T04:02:36.422257+00:00,2026-07-06T04:02:36.422182,2,1,156.1,0.4,155.9,8,155.8,250,,,,,,,,,,,,,,,,,156.3,108,,,,,,,,,,,,,,,,,,
2026-07-06T04:02:36.475206+00:00,2026-07-06T04:02:36.475145,2,1,156.1,0.4,155.9,8,155.8,250,,,,,,,,,,,,,,,,,156.3,258,,,,,,,,,,,,,,,,,,
2026-07-06T04:02:37.244560+00:00,2026-07-06T04:02:37.244441,1,1,156.05,0.5,155.8,214,,,,,,,,,,,,,,,,,,,156.3,258,,,,,,,,,,,,,,,,,,
2026-07-06T04:02:37.552296+00:00,2026-07-06T04:02:37.552239,1,1,156.05,0.5,155.8,164,,,,,,,,,,,,,,,,,,,156.3,258,,,,,,,,,,,,,,,,,,
2026-07-06T04:02:38.396859+00:00,2026-07-06T04:02:38.396759,1,1,156.05,0.5,155.8,164,,,,,,,,,,,,,,,,,,,156.3,217,,,,,,,,,,,,,,,,,,
2026-07-06T04:02:38.758636+00:00,2026-07-06T04:02:38.752932,1,1,156.05,0.5,155.8,150,,,,,,,,,,,,,,,,,,,156.3,158,,,,,,,,,,,,,,,,,,
2026-07-06T04:02:38.810314+00:00,2026-07-06T04:02:38.810212,2,1,156.05,0.5,155.8,150,155.6,100,,,,,,,,,,,,,,,,,156.3,158,,,,,,,,,,,,,,,,,,
2026-07-06T04:02:38.858624+00:00,2026-07-06T04:02:38.858241,2,2,155.95,0.3,155.8,150,155.6,100,,,,,,,,,,,,,,,,,156.1,100,156.3,158,,,,,,,,,,,,,,,,
2026-07-06T04:02:39.533814+00:00,2026-07-06T04:02:39.533757,1,2,155.85,0.5,155.6,100,,,,,,,,,,,,,,,,,,,156.1,100,156.3,8,,,,,,,,,,,,,,,,
2026-07-06T04:02:39.588408+00:00,2026-07-06T04:02:39.588577,2,2,156.0,0.2,155.9,150,155.6,100,,,,,,,,,,,,,,,,,156.1,100,156.3,8,,,,,,,,,,,,,,,,
2026-07-06T04:02:39.610208+00:00,2026-07-06T04:02:39.610102,2,2,156.0,0.2,155.9,150,155.6,100,,,,,,,,,,,,,,,,,156.1,50,156.3,8,,,,,,,,,,,,,,,,
2026-07-06T04:02:39.641973+00:00,2026-07-06T04:02:39.642120,2,3,156.0,0.2,155.9,150,155.6,100,,,,,,,,,,,,,,,,,156.1,50,156.3,8,156.4,150,,,,,,,,,,,,,,
2026-07-06T04:02:39.886254+00:00,2026-07-06T04:02:39.886197,3,2,156.05,0.1,156.0,8,155.9,150,155.6,100,,,,,,,,,,,,,,,156.1,50,156.4,150,,,,,,,,,,,,,,,,
2026-07-06T04:02:39.891417+00:00,2026-07-06T04:02:39.891352,3,2,156.05,0.1,156.0,8,155.9,150,155.6,100,,,,,,,,,,,,,,,156.1,50,156.4,158,,,,,,,,,,,,,,,,
2026-07-06T04:02:40.029834+00:00,2026-07-06T04:02:40.029933,2,2,156.0,0.2,155.9,110,155.6,100,,,,,,,,,,,,,,,,,156.1,50,156.4,158,,,,,,,,,,,,,,,,
2026-07-06T04:02:41.917699+00:00,2026-07-06T04:02:41.917869,1,1,156.15,0.5,155.9,110,,,,,,,,,,,,,,,,,,,156.4,158,,,,,,,,,,,,,,,,,,
2026-07-06T04:02:41.971822+00:00,2026-07-06T04:02:41.971783,2,1,156.2,0.4,156.0,100,155.9,110,,,,,,,,,,,,,,,,,156.4,158,,,,,,,,,,,,,,,,,,
2026-07-06T04:02:42.024418+00:00,2026-07-06T04:02:42.024383,2,2,156.2,0.4,156.0,100,155.9,110,,,,,,,,,,,,,,,,,156.4,158,156.5,100,,,,,,,,,,,,,,,,
2026-07-06T04:02:42.695797+00:00,2026-07-06T04:02:42.695905,1,2,156.2,0.4,156.0,100,,,,,,,,,,,,,,,,,,,156.4,8,156.5,100,,,,,,,,,,,,,,,,
2026-07-06T04:02:42.749069+00:00,2026-07-06T04:02:42.748914,2,2,156.2,0.4,156.0,100,155.8,150,,,,,,,,,,,,,,,,,156.4,8,156.5,100,,,,,,,,,,,,,,,,
2026-07-06T04:02:42.802607+00:00,2026-07-06T04:02:42.802451,2,3,156.15,0.3,156.0,100,155.8,150,,,,,,,,,,,,,,,,,156.3,150,156.4,8,156.5,100,,,,,,,,,,,,,,
2026-07-06T04:02:43.888164+00:00,2026-07-06T04:02:43.888102,2,3,156.15,0.3,156.0,50,155.8,150,,,,,,,,,,,,,,,,,156.3,150,156.4,8,156.5,100,,,,,,,,,,,,,,
2026-07-06T04:02:44.158557+00:00,2026-07-06T04:02:44.151871,3,2,156.15,0.3,156.0,50,155.9,8,155.8,150,,,,,,,,,,,,,,,156.3,150,156.5,100,,,,,,,,,,,,,,,,
2026-07-06T04:02:44.168849+00:00,2026-07-06T04:02:44.168801,3,2,156.15,0.3,156.0,50,155.9,8,155.8,150,,,,,,,,,,,,,,,156.3,158,156.5,100,,,,,,,,,,,,,,,,
2026-07-06T04:02:44.918350+00:00,2026-07-06T04:02:44.918286,2,2,156.15,0.3,156.0,50,155.8,150,,,,,,,,,,,,,,,,,156.3,150,156.5,100,,,,,,,,,,,,,,,,
2026-07-06T04:02:44.923537+00:00,2026-07-06T04:02:44.923492,2,3,156.15,0.3,156.0,58,155.8,150,,,,,,,,,,,,,,,,,156.3,150,156.4,8,156.5,100,,,,,,,,,,,,,,
2026-07-06T04:02:45.077905+00:00,2026-07-06T04:02:45.077817,2,2,156.15,0.3,156.0,8,155.8,150,,,,,,,,,,,,,,,,,156.3,150,156.4,8,,,,,,,,,,,,,,,,
2026-07-06T04:02:45.133093+00:00,2026-07-06T04:02:45.133247,2,2,156.15,0.3,156.0,108,155.8,150,,,,,,,,,,,,,,,,,156.3,150,156.4,8,,,,,,,,,,,,,,,,
2026-07-06T04:02:45.186566+00:00,2026-07-06T04:02:45.186488,2,3,156.15,0.3,156.0,108,155.8,150,,,,,,,,,,,,,,,,,156.3,150,156.4,8,156.5,100,,,,,,,,,,,,,,
2026-07-06T04:02:45.464233+00:00,2026-07-06T04:02:45.464177,2,3,156.15,0.3,156.0,108,155.8,150,,,,,,,,,,,,,,,,,156.3,105,156.4,8,156.5,100,,,,,,,,,,,,,,
2026-07-06T04:02:45.858642+00:00,2026-07-06T04:02:45.853741,1,2,156.2,0.4,156.0,108,,,,,,,,,,,,,,,,,,,156.4,8,156.5,100,,,,,,,,,,,,,,,,
2026-07-06T04:02:45.919413+00:00,2026-07-06T04:02:45.919267,1,2,156.2,0.4,156.0,258,,,,,,,,,,,,,,,,,,,156.4,8,156.5,100,,,,,,,,,,,,,,,,
2026-07-06T04:02:45.932810+00:00,2026-07-06T04:02:45.932734,1,1,156.25,0.5,156.0,250,,,,,,,,,,,,,,,,,,,156.5,100,,,,,,,,,,,,,,,,,,
2026-07-06T04:02:45.938101+00:00,2026-07-06T04:02:45.937987,2,1,156.3,0.4,156.1,8,156.0,250,,,,,,,,,,,,,,,,,156.5,108,,,,,,,,,,,,,,,,,,
2026-07-06T04:02:45.974700+00:00,2026-07-06T04:02:45.974846,2,1,156.3,0.4,156.1,8,156.0,250,,,,,,,,,,,,,,,,,156.5,258,,,,,,,,,,,,,,,,,,
2026-07-06T04:02:46.194870+00:00,2026-07-06T04:02:46.194776,1,1,156.25,0.5,156.0,250,,,,,,,,,,,,,,,,,,,156.5,258,,,,,,,,,,,,,,,,,,
2026-07-06T04:02:46.200260+00:00,2026-07-06T04:02:46.200164,1,1,156.25,0.5,156.0,258,,,,,,,,,,,,,,,,,,,156.5,250,,,,,,,,,,,,,,,,,,
2026-07-06T04:02:46.205604+00:00,2026-07-06T04:02:46.205452,1,2,156.2,0.4,156.0,258,,,,,,,,,,,,,,,,,,,156.4,8,156.5,250,,,,,,,,,,,,,,,,
2026-07-06T04:02:47.964532+00:00,2026-07-06T04:02:47.964442,1,1,156.25,0.5,156.0,250,,,,,,,,,,,,,,,,,,,156.5,250,,,,,,,,,,,,,,,,,,
2026-07-06T04:02:47.969827+00:00,2026-07-06T04:02:47.969727,2,1,156.3,0.4,156.1,8,156.0,250,,,,,,,,,,,,,,,,,156.5,258,,,,,,,,,,,,,,,,,,
2026-07-06T04:02:48.047478+00:00,2026-07-06T04:02:48.047670,2,1,156.3,0.4,156.1,8,156.0,250,,,,,,,,,,,,,,,,,156.5,208,,,,,,,,,,,,,,,,,,
2026-07-06T04:02:48.240749+00:00,2026-07-06T04:02:48.240657,2,1,156.3,0.4,156.1,8,156.0,150,,,,,,,,,,,,,,,,,156.5,158,,,,,,,,,,,,,,,,,,
2026-07-06T04:02:48.290409+00:00,2026-07-06T04:02:48.290324,2,1,156.3,0.4,156.1,108,156.0,150,,,,,,,,,,,,,,,,,156.5,158,,,,,,,,,,,,,,,,,,
2026-07-06T04:02:48.348089+00:00,2026-07-06T04:02:48.347971,2,2,156.3,0.4,156.1,108,156.0,150,,,,,,,,,,,,,,,,,156.5,158,156.6,100,,,,,,,,,,,,,,,,
2026-07-06T04:02:49.032191+00:00,2026-07-06T04:02:49.032139,1,2,156.3,0.4,156.1,108,,,,,,,,,,,,,,,,,,,156.5,8,156.6,100,,,,,,,,,,,,,,,,
2026-07-06T04:02:49.086426+00:00,2026-07-06T04:02:49.086338,2,2,156.3,0.4,156.1,108,155.9,150,,,,,,,,,,,,,,,,,156.5,8,156.6,100,,,,,,,,,,,,,,,,
2026-07-06T04:02:49.138793+00:00,2026-07-06T04:02:49.138730,2,3,156.25,0.3,156.1,108,155.9,150,,,,,,,,,,,,,,,,,156.4,150,156.5,8,156.6,100,,,,,,,,,,,,,,
2026-07-06T04:02:50.163969+00:00,2026-07-06T04:02:50.164174,2,3,156.25,0.3,156.1,108,155.9,150,,,,,,,,,,,,,,,,,156.4,100,156.5,8,156.6,100,,,,,,,,,,,,,,
2026-07-06T04:02:51.358571+00:00,2026-07-06T04:02:51.355905,2,3,156.25,0.3,156.1,108,155.9,150,,,,,,,,,,,,,,,,,156.4,54,156.5,8,156.6,100,,,,,,,,,,,,,,
2026-07-06T04:02:51.407161+00:00,2026-07-06T04:02:51.407061,2,2,156.25,0.3,156.1,8,155.9,150,,,,,,,,,,,,,,,,,156.4,54,156.5,8,,,,,,,,,,,,,,,,
2026-07-06T04:02:51.458599+00:00,2026-07-06T04:02:51.457415,2,2,156.25,0.3,156.1,8,155.9,250,,,,,,,,,,,,,,,,,156.4,54,156.5,8,,,,,,,,,,,,,,,,
2026-07-06T04:02:51.483948+00:00,2026-07-06T04:02:51.483846,1,1,156.15,0.5,155.9,250,,,,,,,,,,,,,,,,,,,156.4,54,,,,,,,,,,,,,,,,,,
2026-07-06T04:02:51.489100+00:00,2026-07-06T04:02:51.489025,1,1,156.15,0.5,155.9,258,,,,,,,,,,,,,,,,,,,156.4,62,,,,,,,,,,,,,,,,,,
2026-07-06T04:02:51.515075+00:00,2026-07-06T04:02:51.515004,1,1,156.15,0.5,155.9,258,,,,,,,,,,,,,,,,,,,156.4,162,,,,,,,,,,,,,,,,,,
2026-07-06T04:02:52.192556+00:00,2026-07-06T04:02:52.192533,1,1,156.15,0.5,155.9,108,,,,,,,,,,,,,,,,,,,156.4,108,,,,,,,,,,,,,,,,,,
2026-07-06T04:02:52.245777+00:00,2026-07-06T04:02:52.245750,2,1,156.35,0.1,156.3,150,155.9,108,,,,,,,,,,,,,,,,,156.4,108,,,,,,,,,,,,,,,,,,
2026-07-06T04:02:52.275012+00:00,2026-07-06T04:02:52.274945,2,1,156.35,0.1,156.3,150,155.9,108,,,,,,,,,,,,,,,,,156.4,58,,,,,,,,,,,,,,,,,,
2026-07-06T04:02:52.299542+00:00,2026-07-06T04:02:52.299482,2,2,156.35,0.1,156.3,150,155.9,108,,,,,,,,,,,,,,,,,156.4,58,156.8,150,,,,,,,,,,,,,,,,
2026-07-06T04:02:54.005596+00:00,2026-07-06T04:02:54.005539,3,2,156.35,0.1,156.3,150,156.1,8,155.9,100,,,,,,,,,,,,,,,156.4,58,156.8,150,,,,,,,,,,,,,,,,
2026-07-06T04:02:54.010784+00:00,2026-07-06T04:02:54.010685,3,3,156.35,0.1,156.3,150,156.1,8,155.9,100,,,,,,,,,,,,,,,156.4,58,156.5,8,156.8,150,,,,,,,,,,,,,,
2026-07-06T04:02:54.383056+00:00,2026-07-06T04:02:54.382992,3,3,156.35,0.1,156.3,150,156.1,8,155.9,100,,,,,,,,,,,,,,,156.4,8,156.5,8,156.8,150,,,,,,,,,,,,,,
2026-07-06T04:02:54.568439+00:00,2026-07-06T04:02:54.568366,2,2,156.4,0.2,156.3,150,156.1,8,,,,,,,,,,,,,,,,,156.5,8,156.8,150,,,,,,,,,,,,,,,,
2026-07-06T04:02:54.623871+00:00,2026-07-06T04:02:54.623790,3,2,156.45,0.1,156.4,100,156.3,150,156.1,8,,,,,,,,,,,,,,,156.5,8,156.8,150,,,,,,,,,,,,,,,,
2026-07-06T04:02:54.676580+00:00,2026-07-06T04:02:54.676523,3,3,156.45,0.1,156.4,100,156.3,150,156.1,8,,,,,,,,,,,,,,,156.5,8,156.8,150,156.9,100,,,,,,,,,,,,,,
2026-07-06T04:02:55.264295+00:00,2026-07-06T04:02:55.264236,2,3,156.45,0.1,156.4,100,156.3,150,,,,,,,,,,,,,,,,,156.5,8,156.8,150,156.9,100,,,,,,,,,,,,,,
2026-07-06T04:02:55.269468+00:00,2026-07-06T04:02:55.269428,3,2,156.6,0.4,156.4,100,156.3,150,156.2,8,,,,,,,,,,,,,,,156.8,150,156.9,100,,,,,,,,,,,,,,,,
2026-07-06T04:02:55.274711+00:00,2026-07-06T04:02:55.274589,3,3,156.5,0.2,156.4,100,156.3,150,156.2,8,,,,,,,,,,,,,,,156.6,8,156.8,150,156.9,100,,,,,,,,,,,,,,
2026-07-06T04:02:55.358763+00:00,2026-07-06T04:02:55.358686,2,2,156.5,0.2,156.4,100,156.2,8,,,,,,,,,,,,,,,,,156.6,8,156.9,100,,,,,,,,,,,,,,,,
2026-07-06T04:02:55.410993+00:00,2026-07-06T04:02:55.411178,3,1,156.75,0.3,156.6,142,156.4,100,156.2,8,,,,,,,,,,,,,,,156.9,100,,,,,,,,,,,,,,,,,,
2026-07-06T04:02:55.463651+00:00,2026-07-06T04:02:55.463825,3,2,156.75,0.3,156.6,142,156.4,100,156.2,8,,,,,,,,,,,,,,,156.9,100,157.1,150,,,,,,,,,,,,,,,,
2026-07-06T04:02:55.527482+00:00,2026-07-06T04:02:55.527592,3,2,156.75,0.3,156.6,142,156.4,100,156.2,8,,,,,,,,,,,,,,,156.9,100,157.1,150,,,,,,,,,,,,,,,,
2026-07-06T04:02:55.532876+00:00,2026-07-06T04:02:55.532751,3,3,156.7,0.2,156.6,142,156.4,100,156.2,8,,,,,,,,,,,,,,,156.8,8,156.9,100,157.1,150,,,,,,,,,,,,,,
2026-07-06T04:02:56.283474+00:00,2026-07-06T04:02:56.277965,3,3,156.7,0.2,156.6,131,156.4,100,156.2,8,,,,,,,,,,,,,,,156.8,8,156.9,100,157.1,150,,,,,,,,,,,,,,
2026-07-06T04:02:57.550547+00:00,2026-07-06T04:02:57.550397,3,3,156.7,0.2,156.6,84,156.4,100,156.2,8,,,,,,,,,,,,,,,156.8,8,156.9,100,157.1,150,,,,,,,,,,,,,,
2026-07-06T04:02:57.730103+00:00,2026-07-06T04:02:57.730077,2,2,156.7,0.2,156.6,84,156.2,8,,,,,,,,,,,,,,,,,156.8,8,157.1,150,,,,,,,,,,,,,,,,
2026-07-06T04:02:57.784843+00:00,2026-07-06T04:02:57.784755,3,2,156.7,0.2,156.6,84,156.5,100,156.2,8,,,,,,,,,,,,,,,156.8,8,157.1,150,,,,,,,,,,,,,,,,
2026-07-06T04:02:57.837677+00:00,2026-07-06T04:02:57.837821,3,3,156.7,0.2,156.6,84,156.5,100,156.2,8,,,,,,,,,,,,,,,156.8,8,157.0,100,157.1,150,,,,,,,,,,,,,,
2026-07-06T04:02:58.519726+00:00,2026-07-06T04:02:58.519585,2,2,156.65,0.3,156.5,100,156.2,8,,,,,,,,,,,,,,,,,156.8,8,157.0,100,,,,,,,,,,,,,,,,
2026-07-06T04:02:58.574315+00:00,2026-07-06T04:02:58.574196,3,2,156.65,0.3,156.5,100,156.3,150,156.2,8,,,,,,,,,,,,,,,156.8,8,157.0,100,,,,,,,,,,,,,,,,
2026-07-06T04:02:58.633636+00:00,2026-07-06T04:02:58.633543,3,2,156.65,0.3,156.5,100,156.3,150,156.2,8,,,,,,,,,,,,,,,156.8,158,157.0,100,,,,,,,,,,,,,,,,
2026-07-06T04:02:58.643834+00:00,2026-07-06T04:02:58.643978,3,2,156.65,0.3,156.5,50,156.3,150,156.2,8,,,,,,,,,,,,,,,156.8,158,157.0,100,,,,,,,,,,,,,,,,
2026-07-06T04:03:00.758547+00:00,2026-07-06T04:03:00.756922,2,2,156.55,0.5,156.3,150,156.2,8,,,,,,,,,,,,,,,,,156.8,158,157.0,100,,,,,,,,,,,,,,,,
2026-07-06T04:03:00.891948+00:00,2026-07-06T04:03:00.892014,2,1,156.55,0.5,156.3,150,156.2,8,,,,,,,,,,,,,,,,,156.8,158,,,,,,,,,,,,,,,,,,
2026-07-06T04:03:00.958712+00:00,2026-07-06T04:03:00.944590,2,1,156.55,0.5,156.3,150,156.2,108,,,,,,,,,,,,,,,,,156.8,158,,,,,,,,,,,,,,,,,,
2026-07-06T04:03:00.996910+00:00,2026-07-06T04:03:00.996843,2,2,156.5,0.4,156.3,150,156.2,108,,,,,,,,,,,,,,,,,156.7,100,156.8,158,,,,,,,,,,,,,,,,
2026-07-06T04:03:01.069724+00:00,2026-07-06T04:03:01.069661,2,2,156.5,0.4,156.3,150,156.2,100,,,,,,,,,,,,,,,,,156.7,100,156.8,150,,,,,,,,,,,,,,,,
2026-07-06T04:03:01.074859+00:00,2026-07-06T04:03:01.074832,2,3,156.45,0.3,156.3,150,156.2,108,,,,,,,,,,,,,,,,,156.6,8,156.7,100,156.8,150,,,,,,,,,,,,,,
2026-07-06T04:03:01.528737+00:00,2026-07-06T04:03:01.528618,2,2,156.5,0.4,156.3,150,156.2,108,,,,,,,,,,,,,,,,,156.7,67,156.8,150,,,,,,,,,,,,,,,,
2026-07-06T04:03:01.689502+00:00,2026-07-06T04:03:01.689445,1,1,156.45,0.5,156.2,108,,,,,,,,,,,,,,,,,,,156.7,67,,,,,,,,,,,,,,,,,,
2026-07-06T04:03:01.740132+00:00,2026-07-06T04:03:01.740294,2,1,156.55,0.3,156.4,150,156.2,108,,,,,,,,,,,,,,,,,156.7,67,,,,,,,,,,,,,,,,,,
2026-07-06T04:03:01.795142+00:00,2026-07-06T04:03:01.795043,2,2,156.55,0.3,156.4,150,156.2,108,,,,,,,,,,,,,,,,,156.7,67,156.9,150,,,,,,,,,,,,,,,,
2026-07-06T04:03:04.050558+00:00,2026-07-06T04:03:04.050515,2,1,156.65,0.5,156.4,150,156.2,8,,,,,,,,,,,,,,,,,156.9,150,,,,,,,,,,,,,,,,,,
2026-07-06T04:03:04.091095+00:00,2026-07-06T04:03:04.090958,1,1,156.65,0.5,156.4,105,,,,,,,,,,,,,,,,,,,156.9,150,,,,,,,,,,,,,,,,,,
2026-07-06T04:03:04.096025+00:00,2026-07-06T04:03:04.096137,2,2,156.6,0.4,156.4,105,156.2,8,,,,,,,,,,,,,,,,,156.8,8,156.9,150,,,,,,,,,,,,,,,,
2026-07-06T04:03:04.101318+00:00,2026-07-06T04:03:04.101286,2,2,156.6,0.4,156.4,105,156.2,108,,,,,,,,,,,,,,,,,156.8,8,156.9,150,,,,,,,,,,,,,,,,
2026-07-06T04:03:04.153408+00:00,2026-07-06T04:03:04.153372,2,3,156.55,0.3,156.4,105,156.2,108,,,,,,,,,,,,,,,,,156.7,100,156.8,8,156.9,150,,,,,,,,,,,,,,
2026-07-06T04:03:04.603813+00:00,2026-07-06T04:03:04.603737,2,2,156.55,0.3,156.4,105,156.2,100,,,,,,,,,,,,,,,,,156.7,100,156.9,150,,,,,,,,,,,,,,,,
2026-07-06T04:03:04.609038+00:00,2026-07-06T04:03:04.608919,3,3,156.5,0.2,156.4,105,156.2,100,156.1,8,,,,,,,,,,,,,,,156.6,8,156.7,100,156.9,150,,,,,,,,,,,,,,
2026-07-06T04:03:04.848789+00:00,2026-07-06T04:03:04.848717,2,2,156.4,0.4,156.2,100,156.1,8,,,,,,,,,,,,,,,,,156.6,8,156.7,100,,,,,,,,,,,,,,,,
2026-07-06T04:03:04.901582+00:00,2026-07-06T04:03:04.901480,3,2,156.4,0.4,156.2,100,156.1,8,155.9,150,,,,,,,,,,,,,,,156.6,8,156.7,100,,,,,,,,,,,,,,,,
2026-07-06T04:03:04.933807+00:00,2026-07-06T04:03:04.933673,3,1,156.45,0.5,156.2,100,156.1,8,155.9,150,,,,,,,,,,,,,,,156.7,58,,,,,,,,,,,,,,,,,,
2026-07-06T04:03:04.958542+00:00,2026-07-06T04:03:04.951502,3,2,156.3,0.2,156.2,100,156.1,8,155.9,150,,,,,,,,,,,,,,,156.4,150,156.7,58,,,,,,,,,,,,,,,,
2026-07-06T04:03:05.972012+00:00,2026-07-06T04:03:05.966516,3,2,156.3,0.2,156.2,100,156.1,8,155.9,150,,,,,,,,,,,,,,,156.4,139,156.7,58,,,,,,,,,,,,,,,,
2026-07-06T04:03:06.216828+00:00,2026-07-06T04:03:06.216719,3,2,156.3,0.2,156.2,52,156.1,8,155.9,150,,,,,,,,,,,,,,,156.4,139,156.7,58,,,,,,,,,,,,,,,,
2026-07-06T04:03:07.039634+00:00,2026-07-06T04:03:07.039576,3,2,156.3,0.2,156.2,52,156.1,8,155.9,150,,,,,,,,,,,,,,,156.4,89,156.7,58,,,,,,,,,,,,,,,,
2026-07-06T04:03:07.069272+00:00,2026-07-06T04:03:07.062770,3,2,156.3,0.2,156.2,52,156.1,8,155.9,150,,,,,,,,,,,,,,,156.4,77,156.7,58,,,,,,,,,,,,,,,,
2026-07-06T04:03:07.133481+00:00,2026-07-06T04:03:07.133463,3,2,156.35,0.1,156.3,8,156.2,52,155.9,150,,,,,,,,,,,,,,,156.4,77,156.7,58,,,,,,,,,,,,,,,,
2026-07-06T04:03:07.138693+00:00,2026-07-06T04:03:07.138612,3,2,156.35,0.1,156.3,8,156.2,52,155.9,150,,,,,,,,,,,,,,,156.4,77,156.7,66,,,,,,,,,,,,,,,,
2026-07-06T04:03:07.211021+00:00,2026-07-06T04:03:07.210995,2,2,156.35,0.1,156.3,8,155.9,150,,,,,,,,,,,,,,,,,156.4,77,156.7,8,,,,,,,,,,,,,,,,
2026-07-06T04:03:07.264597+00:00,2026-07-06T04:03:07.264500,3,1,156.55,0.3,156.4,23,156.3,8,155.9,150,,,,,,,,,,,,,,,156.7,8,,,,,,,,,,,,,,,,,,
2026-07-06T04:03:07.318717+00:00,2026-07-06T04:03:07.318600,3,2,156.55,0.3,156.4,23,156.3,8,155.9,150,,,,,,,,,,,,,,,156.7,8,156.9,100,,,,,,,,,,,,,,,,
2026-07-06T04:03:08.008108+00:00,2026-07-06T04:03:08.008201,2,2,156.55,0.3,156.4,23,156.3,8,,,,,,,,,,,,,,,,,156.7,8,156.9,100,,,,,,,,,,,,,,,,
2026-07-06T04:03:08.076042+00:00,2026-07-06T04:03:08.070251,3,1,156.85,0.1,156.8,119,156.4,23,156.3,8,,,,,,,,,,,,,,,156.9,100,,,,,,,,,,,,,,,,,,
2026-07-06T04:03:08.122890+00:00,2026-07-06T04:03:08.122819,3,2,156.85,0.1,156.8,119,156.4,23,156.3,8,,,,,,,,,,,,,,,156.9,100,157.3,150,,,,,,,,,,,,,,,,
2026-07-06T04:03:08.381800+00:00,2026-07-06T04:03:08.372786,3,2,156.85,0.1,156.8,96,156.4,23,156.3,8,,,,,,,,,,,,,,,156.9,100,157.3,150,,,,,,,,,,,,,,,,
2026-07-06T04:03:09.148988+00:00,2026-07-06T04:03:09.148931,3,2,156.85,0.1,156.8,96,156.4,23,156.3,8,,,,,,,,,,,,,,,156.9,50,157.3,150,,,,,,,,,,,,,,,,
2026-07-06T04:03:10.372718+00:00,2026-07-06T04:03:10.372664,2,1,157.05,0.5,156.8,96,156.3,8,,,,,,,,,,,,,,,,,157.3,150,,,,,,,,,,,,,,,,,,
2026-07-06T04:03:10.406958+00:00,2026-07-06T04:03:10.407069,1,1,157.05,0.5,156.8,96,,,,,,,,,,,,,,,,,,,157.3,150,,,,,,,,,,,,,,,,,,
2026-07-06T04:03:10.412433+00:00,2026-07-06T04:03:10.412342,2,2,157.0,0.4,156.8,96,156.4,8,,,,,,,,,,,,,,,,,157.2,8,157.3,150,,,,,,,,,,,,,,,,
2026-07-06T04:03:10.427644+00:00,2026-07-06T04:03:10.427538,3,2,157.0,0.4,156.8,96,156.4,8,156.3,100,,,,,,,,,,,,,,,157.2,8,157.3,150,,,,,,,,,,,,,,,,
2026-07-06T04:03:10.480030+00:00,2026-07-06T04:03:10.479986,2,3,156.6,0.4,156.4,8,156.3,100,,,,,,,,,,,,,,,,,156.8,4,157.2,8,157.3,150,,,,,,,,,,,,,,
2026-07-06T04:03:10.669964+00:00,2026-07-06T04:03:10.669824,1,3,156.55,0.5,156.3,100,,,,,,,,,,,,,,,,,,,156.8,4,157.2,8,157.3,150,,,,,,,,,,,,,,
2026-07-06T04:03:10.675159+00:00,2026-07-06T04:03:10.675034,1,2,156.55,0.5,156.3,100,,,,,,,,,,,,,,,,,,,156.8,4,157.3,150,,,,,,,,,,,,,,,,
2026-07-06T04:03:10.680465+00:00,2026-07-06T04:03:10.680324,2,2,156.6,0.4,156.4,8,156.3,100,,,,,,,,,,,,,,,,,156.8,12,157.3,150,,,,,,,,,,,,,,,,
2026-07-06T04:03:11.168285+00:00,2026-07-06T04:03:11.168188,2,1,156.6,0.4,156.4,8,156.3,100,,,,,,,,,,,,,,,,,156.8,12,,,,,,,,,,,,,,,,,,
