recv_time,book_timestamp,n_bids,n_asks,mid,spread,bid_px_0,bid_vol_0,bid_px_1,bid_vol_1,bid_px_2,bid_vol_2,bid_px_3,bid_vol_3,bid_px_4,bid_vol_4,bid_px_5,bid_vol_5,bid_px_6,bid_vol_6,bid_px_7,bid_vol_7,bid_px_8,bid_vol_8,bid_px_9,bid_vol_9,ask_px_0,ask_vol_0,ask_px_1,ask_vol_1,ask_px_2,ask_vol_2,ask_px_3,ask_vol_3,ask_px_4,ask_vol_4,ask_px_5,ask_vol_5,ask_px_6,ask_vol_6,ask_px_7,ask_vol_7,ask_px_8,ask_vol_8,ask_px_9,ask_vol_9
2026-07-05T00:00:01.110319+00:00,2026-07-05T00:00:01.090570,1,2,142.95,0.5,142.7,100,,,,,,,,,,,,,,,,,,,143.2,150,143.4,100,,,,,,,,,,,,,,,,
2026-07-05T00:00:02.778602+00:00,2026-07-05T00:00:02.778546,1,1,142.95,0.5,142.7,100,,,,,,,,,,,,,,,,,,,143.2,150,,,,,,,,,,,,,,,,,,
2026-07-05T00:00:02.831350+00:00,2026-07-05T00:00:02.831265,1,0,,,142.4,100,,,,,,,,,,,,,,,,,,,,,,,,,,,,,,,,,,,,,,
2026-07-05T00:00:02.881486+00:00,2026-07-05T00:00:02.881405,1,1,142.65,0.5,142.4,100,,,,,,,,,,,,,,,,,,,142.9,100,,,,,,,,,,,,,,,,,,
2026-07-05T00:00:02.886735+00:00,2026-07-05T00:00:02.886606,2,1,142.8,0.2,142.7,150,142.4,100,,,,,,,,,,,,,,,,,142.9,100,,,,,,,,,,,,,,,,,,
2026-07-05T00:00:02.940152+00:00,2026-07-05T00:00:02.940092,2,2,142.8,0.2,142.7,150,142.4,100,,,,,,,,,,,,,,,,,142.9,100,143.2,150,,,,,,,,,,,,,,,,
2026-07-05T00:00:03.199237+00:00,2026-07-05T00:00:03.189854,2,2,142.8,0.2,142.7,100,142.4,100,,,,,,,,,,,,,,,,,142.9,100,143.2,150,,,,,,,,,,,,,,,,
2026-07-05T00:00:04.690693+00:00,2026-07-05T00:00:04.690599,2,2,142.8,0.2,142.7,100,142.4,100,,,,,,,,,,,,,,,,,142.9,55,143.2,150,,,,,,,,,,,,,,,,
2026-07-05T00:00:05.179494+00:00,2026-07-05T00:00:05.179441,2,2,142.8,0.2,142.7,100,142.4,100,,,,,,,,,,,,,,,,,142.9,30,143.2,150,,,,,,,,,,,,,,,,
2026-07-05T00:00:05.301697+00:00,2026-07-05T00:00:05.301949,2,2,142.8,0.2,142.7,50,142.4,100,,,,,,,,,,,,,,,,,142.9,30,143.2,150,,,,,,,,,,,,,,,,
2026-07-05T00:00:05.937543+00:00,2026-07-05T00:00:05.937420,1,1,142.95,0.5,142.7,50,,,,,,,,,,,,,,,,,,,143.2,150,,,,,,,,,,,,,,,,,,
2026-07-05T00:00:05.991130+00:00,2026-07-05T00:00:05.991078,2,0,,,142.7,50,142.6,100,,,,,,,,,,,,,,,,,,,,,,,,,,,,,,,,,,,,
2026-07-05T00:00:05.996428+00:00,2026-07-05T00:00:05.996271,1,0,,,142.6,100,,,,,,,,,,,,,,,,,,,,,,,,,,,,,,,,,,,,,,
2026-07-05T00:00:06.045224+00:00,2026-07-05T00:00:06.045107,2,1,142.85,0.5,142.6,100,142.3,150,,,,,,,,,,,,,,,,,143.1,100,,,,,,,,,,,,,,,,,,
2026-07-05T00:00:06.099118+00:00,2026-07-05T00:00:06.098919,2,2,142.7,0.2,142.6,100,142.3,150,,,,,,,,,,,,,,,,,142.8,150,143.1,100,,,,,,,,,,,,,,,,
2026-07-05T00:00:07.414826+00:00,2026-07-05T00:00:07.414963,2,2,142.7,0.2,142.6,50,142.3,150,,,,,,,,,,,,,,,,,142.8,150,143.1,100,,,,,,,,,,,,,,,,
2026-07-05T00:00:09.098857+00:00,2026-07-05T00:00:09.098783,1,1,142.55,0.5,142.3,150,,,,,,,,,,,,,,,,,,,142.8,150,,,,,,,,,,,,,,,,,,
2026-07-05T00:00:09.153965+00:00,2026-07-05T00:00:09.154159,1,0,,,142.3,100,,,,,,,,,,,,,,,,,,,,,,,,,,,,,,,,,,,,,,
2026-07-05T00:00:09.208784+00:00,2026-07-05T00:00:09.208707,2,1,142.55,0.5,142.3,100,142.2,150,,,,,,,,,,,,,,,,,142.8,100,,,,,,,,,,,,,,,,,,
2026-07-05T00:00:09.263431+00:00,2026-07-05T00:00:09.263301,2,2,142.5,0.4,142.3,100,142.2,150,,,,,,,,,,,,,,,,,142.7,150,142.8,100,,,,,,,,,,,,,,,,
2026-07-05T00:00:09.522393+00:00,2026-07-05T00:00:09.522318,2,2,142.5,0.4,142.3,50,142.2,150,,,,,,,,,,,,,,,,,142.7,150,142.8,100,,,,,,,,,,,,,,,,
2026-07-05T00:00:10.655402+00:00,2026-07-05T00:00:10.655528,2,2,142.5,0.4,142.3,4,142.2,150,,,,,,,,,,,,,,,,,142.7,150,142.8,100,,,,,,,,,,,,,,,,
2026-07-05T00:00:11.664066+00:00,2026-07-05T00:00:11.663935,1,2,142.45,0.5,142.2,104,,,,,,,,,,,,,,,,,,,142.7,150,142.8,100,,,,,,,,,,,,,,,,
2026-07-05T00:00:12.258637+00:00,2026-07-05T00:00:12.256968,1,1,142.45,0.5,142.2,104,,,,,,,,,,,,,,,,,,,142.7,150,,,,,,,,,,,,,,,,,,
2026-07-05T00:00:12.316052+00:00,2026-07-05T00:00:12.316286,1,0,,,141.8,100,,,,,,,,,,,,,,,,,,,,,,,,,,,,,,,,,,,,,,
2026-07-05T00:00:12.370248+00:00,2026-07-05T00:00:12.370106,1,1,142.05,0.5,141.8,250,,,,,,,,,,,,,,,,,,,142.3,100,,,,,,,,,,,,,,,,,,
2026-07-05T00:00:12.433985+00:00,2026-07-05T00:00:12.433795,1,1,142.05,0.5,141.8,250,,,,,,,,,,,,,,,,,,,142.3,250,,,,,,,,,,,,,,,,,,
2026-07-05T00:00:13.580952+00:00,2026-07-05T00:00:13.580834,1,1,142.05,0.5,141.8,206,,,,,,,,,,,,,,,,,,,142.3,250,,,,,,,,,,,,,,,,,,
2026-07-05T00:00:15.014476+00:00,2026-07-05T00:00:15.014439,1,1,142.05,0.5,141.8,206,,,,,,,,,,,,,,,,,,,142.3,203,,,,,,,,,,,,,,,,,,
2026-07-05T00:00:15.203277+00:00,2026-07-05T00:00:15.203157,1,1,142.05,0.5,141.8,206,,,,,,,,,,,,,,,,,,,142.3,186,,,,,,,,,,,,,,,,,,
2026-07-05T00:00:15.446402+00:00,2026-07-05T00:00:15.446305,1,1,142.05,0.5,141.8,150,,,,,,,,,,,,,,,,,,,142.3,150,,,,,,,,,,,,,,,,,,
2026-07-05T00:00:15.488357+00:00,2026-07-05T00:00:15.488327,0,0,,,,,,,,,,,,,,,,,,,,,,,,,,,,,,,,,,,,,,,,,,
2026-07-05T00:00:15.504155+00:00,2026-07-05T00:00:15.503984,1,0,,,141.7,100,,,,,,,,,,,,,,,,,,,,,,,,,,,,,,,,,,,,,,
2026-07-05T00:00:15.541961+00:00,2026-07-05T00:00:15.541880,2,0,,,141.7,100,141.6,150,,,,,,,,,,,,,,,,,,,,,,,,,,,,,,,,,,,,
2026-07-05T00:00:15.552318+00:00,2026-07-05T00:00:15.552230,2,1,141.95,0.5,141.7,100,141.6,150,,,,,,,,,,,,,,,,,142.2,100,,,,,,,,,,,,,,,,,,
2026-07-05T00:00:15.594078+00:00,2026-07-05T00:00:15.594036,2,2,141.9,0.4,141.7,100,141.6,150,,,,,,,,,,,,,,,,,142.1,150,142.2,100,,,,,,,,,,,,,,,,
2026-07-05T00:00:16.074477+00:00,2026-07-05T00:00:16.074415,2,2,141.9,0.4,141.7,100,141.6,150,,,,,,,,,,,,,,,,,142.1,102,142.2,100,,,,,,,,,,,,,,,,
2026-07-05T00:00:16.131323+00:00,2026-07-05T00:00:16.131261,2,2,141.9,0.4,141.7,52,141.6,150,,,,,,,,,,,,,,,,,142.1,102,142.2,100,,,,,,,,,,,,,,,,
2026-07-05T00:00:16.714554+00:00,2026-07-05T00:00:16.714432,2,2,141.9,0.4,141.7,7,141.6,150,,,,,,,,,,,,,,,,,142.1,102,142.2,100,,,,,,,,,,,,,,,,
2026-07-05T00:00:17.907511+00:00,2026-07-05T00:00:17.907394,2,2,141.9,0.4,141.7,7,141.6,150,,,,,,,,,,,,,,,,,142.1,52,142.2,100,,,,,,,,,,,,,,,,
2026-07-05T00:00:18.603109+00:00,2026-07-05T00:00:18.602994,2,1,141.9,0.4,141.7,7,141.6,150,,,,,,,,,,,,,,,,,142.1,52,,,,,,,,,,,,,,,,,,
2026-07-05T00:00:18.608303+00:00,2026-07-05T00:00:18.608175,1,1,141.85,0.5,141.6,150,,,,,,,,,,,,,,,,,,,142.1,52,,,,,,,,,,,,,,,,,,
2026-07-05T00:00:18.647691+00:00,2026-07-05T00:00:18.647821,0,0,,,,,,,,,,,,,,,,,,,,,,,,,,,,,,,,,,,,,,,,,,
2026-07-05T00:00:18.656904+00:00,2026-07-05T00:00:18.657031,1,0,,,141.5,100,,,,,,,,,,,,,,,,,,,,,,,,,,,,,,,,,,,,,,
2026-07-05T00:00:18.700633+00:00,2026-07-05T00:00:18.700524,2,0,,,142.0,150,141.5,100,,,,,,,,,,,,,,,,,,,,,,,,,,,,,,,,,,,,
2026-07-05T00:00:18.715191+00:00,2026-07-05T00:00:18.715027,2,0,,,142.0,50,141.5,100,,,,,,,,,,,,,,,,,,,,,,,,,,,,,,,,,,,,
2026-07-05T00:00:18.750345+00:00,2026-07-05T00:00:18.750253,2,1,142.25,0.5,142.0,50,141.5,100,,,,,,,,,,,,,,,,,142.5,150,,,,,,,,,,,,,,,,,,
2026-07-05T00:00:20.016089+00:00,2026-07-05T00:00:20.015969,2,1,142.25,0.5,142.0,50,141.5,100,,,,,,,,,,,,,,,,,142.5,100,,,,,,,,,,,,,,,,,,
2026-07-05T00:00:21.614764+00:00,2026-07-05T00:00:21.614638,2,1,142.25,0.5,142.0,50,141.5,100,,,,,,,,,,,,,,,,,142.5,59,,,,,,,,,,,,,,,,,,
2026-07-05T00:00:21.672013+00:00,2026-07-05T00:00:21.671872,2,1,142.25,0.5,142.0,7,141.5,100,,,,,,,,,,,,,,,,,142.5,59,,,,,,,,,,,,,,,,,,
2026-07-05T00:00:21.772175+00:00,2026-07-05T00:00:21.772131,1,1,142.25,0.5,142.0,7,,,,,,,,,,,,,,,,,,,142.5,59,,,,,,,,,,,,,,,,,,
2026-07-05T00:00:21.806786+00:00,2026-07-05T00:00:21.806921,0,0,,,,,,,,,,,,,,,,,,,,,,,,,,,,,,,,,,,,,,,,,,
2026-07-05T00:00:21.822722+00:00,2026-07-05T00:00:21.822621,1,0,,,141.5,100,,,,,,,,,,,,,,,,,,,,,,,,,,,,,,,,,,,,,,
2026-07-05T00:00:21.858588+00:00,2026-07-05T00:00:21.856576,2,0,,,141.6,150,141.5,100,,,,,,,,,,,,,,,,,,,,,,,,,,,,,,,,,,,,
2026-07-05T00:00:21.876754+00:00,2026-07-05T00:00:21.876642,2,1,141.8,0.4,141.6,150,141.5,100,,,,,,,,,,,,,,,,,142.0,100,,,,,,,,,,,,,,,,,,
2026-07-05T00:00:21.914034+00:00,2026-07-05T00:00:21.913944,2,2,141.8,0.4,141.6,150,141.5,100,,,,,,,,,,,,,,,,,142.0,100,142.1,150,,,,,,,,,,,,,,,,
2026-07-05T00:00:22.129342+00:00,2026-07-05T00:00:22.129196,2,2,141.8,0.4,141.6,150,141.5,100,,,,,,,,,,,,,,,,,142.0,50,142.1,150,,,,,,,,,,,,,,,,
2026-07-05T00:00:24.228176+00:00,2026-07-05T00:00:24.227116,2,1,141.85,0.5,141.6,150,141.5,100,,,,,,,,,,,,,,,,,142.1,150,,,,,,,,,,,,,,,,,,
2026-07-05T00:00:24.930526+00:00,2026-07-05T00:00:24.930400,1,1,141.85,0.5,141.6,150,,,,,,,,,,,,,,,,,,,142.1,150,,,,,,,,,,,,,,,,,,
2026-07-05T00:00:24.963823+00:00,2026-07-05T00:00:24.963768,0,0,,,,,,,,,,,,,,,,,,,,,,,,,,,,,,,,,,,,,,,,,,
2026-07-05T00:00:24.984125+00:00,2026-07-05T00:00:24.983991,1,0,,,141.8,100,,,,,,,,,,,,,,,,,,,,,,,,,,,,,,,,,,,,,,
2026-07-05T00:00:25.019926+00:00,2026-07-05T00:00:25.019892,2,0,,,141.8,100,141.6,150,,,,,,,,,,,,,,,,,,,,,,,,,,,,,,,,,,,,
2026-07-05T00:00:25.036335+00:00,2026-07-05T00:00:25.036249,2,1,142.05,0.5,141.8,100,141.6,150,,,,,,,,,,,,,,,,,142.3,100,,,,,,,,,,,,,,,,,,
2026-07-05T00:00:25.074372+00:00,2026-07-05T00:00:25.074466,2,2,141.95,0.3,141.8,100,141.6,150,,,,,,,,,,,,,,,,,142.1,150,142.3,100,,,,,,,,,,,,,,,,
2026-07-05T00:00:25.811450+00:00,2026-07-05T00:00:25.811416,2,2,141.95,0.3,141.8,100,141.6,150,,,,,,,,,,,,,,,,,142.1,103,142.3,100,,,,,,,,,,,,,,,,
2026-07-05T00:00:27.279390+00:00,2026-07-05T00:00:27.279341,2,2,141.95,0.3,141.8,100,141.6,150,,,,,,,,,,,,,,,,,142.1,57,142.3,100,,,,,,,,,,,,,,,,
2026-07-05T00:00:27.876082+00:00,2026-07-05T00:00:27.876006,2,2,141.95,0.3,141.8,52,141.6,150,,,,,,,,,,,,,,,,,142.1,57,142.3,100,,,,,,,,,,,,,,,,
2026-07-05T00:00:28.089328+00:00,2026-07-05T00:00:28.089269,1,1,141.85,0.5,141.6,150,,,,,,,,,,,,,,,,,,,142.1,57,,,,,,,,,,,,,,,,,,
2026-07-05T00:00:28.129437+00:00,2026-07-05T00:00:28.129636,1,0,,,141.6,150,,,,,,,,,,,,,,,,,,,,,,,,,,,,,,,,,,,,,,
2026-07-05T00:00:28.134955+00:00,2026-07-05T00:00:28.134837,0,0,,,,,,,,,,,,,,,,,,,,,,,,,,,,,,,,,,,,,,,,,,
2026-07-05T00:00:28.139927+00:00,2026-07-05T00:00:28.140096,1,0,,,141.6,100,,,,,,,,,,,,,,,,,,,,,,,,,,,,,,,,,,,,,,
2026-07-05T00:00:28.192920+00:00,2026-07-05T00:00:28.192799,2,1,142.0,0.2,141.9,150,141.6,100,,,,,,,,,,,,,,,,,142.1,100,,,,,,,,,,,,,,,,,,
2026-07-05T00:00:28.245068+00:00,2026-07-05T00:00:28.244920,2,2,142.0,0.2,141.9,150,141.6,100,,,,,,,,,,,,,,,,,142.1,100,142.4,150,,,,,,,,,,,,,,,,
2026-07-05T00:00:28.463897+00:00,2026-07-05T00:00:28.463836,2,2,142.0,0.2,141.9,150,141.6,100,,,,,,,,,,,,,,,,,142.1,50,142.4,150,,,,,,,,,,,,,,,,
2026-07-05T00:00:29.046027+00:00,2026-07-05T00:00:29.046330,2,2,142.0,0.2,141.9,150,141.6,100,,,,,,,,,,,,,,,,,142.1,9,142.4,150,,,,,,,,,,,,,,,,
2026-07-05T00:00:30.601237+00:00,2026-07-05T00:00:30.601040,2,1,142.15,0.5,141.9,150,141.6,100,,,,,,,,,,,,,,,,,142.4,109,,,,,,,,,,,,,,,,,,
2026-07-05T00:00:31.251264+00:00,2026-07-05T00:00:31.251175,1,1,142.15,0.5,141.9,150,,,,,,,,,,,,,,,,,,,142.4,109,,,,,,,,,,,,,,,,,,
2026-07-05T00:00:31.299843+00:00,2026-07-05T00:00:31.299792,0,0,,,,,,,,,,,,,,,,,,,,,,,,,,,,,,,,,,,,,,,,,,
2026-07-05T00:00:31.304883+00:00,2026-07-05T00:00:31.304969,1,0,,,142.1,100,,,,,,,,,,,,,,,,,,,,,,,,,,,,,,,,,,,,,,
2026-07-05T00:00:31.358554+00:00,2026-07-05T00:00:31.355183,2,1,142.45,0.3,142.3,150,142.1,100,,,,,,,,,,,,,,,,,142.6,100,,,,,,,,,,,,,,,,,,
2026-07-05T00:00:31.371926+00:00,2026-07-05T00:00:31.362789,2,1,142.45,0.3,142.3,139,142.1,100,,,,,,,,,,,,,,,,,142.6,100,,,,,,,,,,,,,,,,,,
2026-07-05T00:00:31.408402+00:00,2026-07-05T00:00:31.408280,2,2,142.45,0.3,142.3,139,142.1,100,,,,,,,,,,,,,,,,,142.6,100,142.8,150,,,,,,,,,,,,,,,,
2026-07-05T00:00:32.710062+00:00,2026-07-05T00:00:32.709993,2,2,142.45,0.3,142.3,139,142.1,100,,,,,,,,,,,,,,,,,142.6,50,142.8,150,,,,,,,,,,,,,,,,
2026-07-05T00:00:34.410921+00:00,2026-07-05T00:00:34.410819,1,1,142.55,0.5,142.3,139,,,,,,,,,,,,,,,,,,,142.8,150,,,,,,,,,,,,,,,,,,
2026-07-05T00:00:34.463859+00:00,2026-07-05T00:00:34.463816,1,0,,,142.4,100,,,,,,,,,,,,,,,,,,,,,,,,,,,,,,,,,,,,,,
2026-07-05T00:00:34.517594+00:00,2026-07-05T00:00:34.517498,2,1,142.65,0.5,142.4,100,142.3,150,,,,,,,,,,,,,,,,,142.9,100,,,,,,,,,,,,,,,,,,
2026-07-05T00:00:34.570933+00:00,2026-07-05T00:00:34.570853,2,2,142.6,0.4,142.4,100,142.3,150,,,,,,,,,,,,,,,,,142.8,150,142.9,100,,,,,,,,,,,,,,,,
2026-07-05T00:00:34.744764+00:00,2026-07-05T00:00:34.739016,2,2,142.6,0.4,142.4,97,142.3,150,,,,,,,,,,,,,,,,,142.8,150,142.9,100,,,,,,,,,,,,,,,,
2026-07-05T00:00:34.818600+00:00,2026-07-05T00:00:34.818475,2,2,142.6,0.4,142.4,97,142.3,150,,,,,,,,,,,,,,,,,142.8,100,142.9,100,,,,,,,,,,,,,,,,
2026-07-05T00:00:36.927267+00:00,2026-07-05T00:00:36.927135,2,2,142.6,0.4,142.4,97,142.3,150,,,,,,,,,,,,,,,,,142.8,50,142.9,100,,,,,,,,,,,,,,,,
2026-07-05T00:00:37.573871+00:00,2026-07-05T00:00:37.573765,1,1,142.55,0.5,142.3,150,,,,,,,,,,,,,,,,,,,142.8,50,,,,,,,,,,,,,,,,,,
2026-07-05T00:00:37.625688+00:00,2026-07-05T00:00:37.625850,1,0,,,142.2,100,,,,,,,,,,,,,,,,,,,,,,,,,,,,,,,,,,,,,,
2026-07-05T00:00:37.681600+00:00,2026-07-05T00:00:37.681519,2,1,142.65,0.1,142.6,150,142.2,100,,,,,,,,,,,,,,,,,142.7,100,,,,,,,,,,,,,,,,,,
2026-07-05T00:00:37.733768+00:00,2026-07-05T00:00:37.733629,2,2,142.65,0.1,142.6,150,142.2,100,,,,,,,,,,,,,,,,,142.7,100,143.1,150,,,,,,,,,,,,,,,,
2026-07-05T00:00:37.907751+00:00,2026-07-05T00:00:37.902398,2,2,142.65,0.1,142.6,147,142.2,100,,,,,,,,,,,,,,,,,142.7,100,143.1,150,,,,,,,,,,,,,,,,
2026-07-05T00:00:39.036352+00:00,2026-07-05T00:00:39.036131,2,2,142.65,0.1,142.6,147,142.2,100,,,,,,,,,,,,,,,,,142.7,50,143.1,150,,,,,,,,,,,,,,,,
2026-07-05T00:00:40.234736+00:00,2026-07-05T00:00:40.234579,2,2,142.65,0.1,142.6,122,142.2,100,,,,,,,,,,,,,,,,,142.7,50,143.1,150,,,,,,,,,,,,,,,,
2026-07-05T00:00:40.698734+00:00,2026-07-05T00:00:40.698598,2,2,142.65,0.1,142.6,79,142.2,100,,,,,,,,,,,,,,,,,142.7,50,143.1,150,,,,,,,,,,,,,,,,
2026-07-05T00:00:40.737867+00:00,2026-07-05T00:00:40.737760,1,1,142.85,0.5,142.6,79,,,,,,,,,,,,,,,,,,,143.1,150,,,,,,,,,,,,,,,,,,
2026-07-05T00:00:40.787390+00:00,2026-07-05T00:00:40.787340,0,0,,,,,,,,,,,,,,,,,,,,,,,,,,,,,,,,,,,,,,,,,,
2026-07-05T00:00:40.792716+00:00,2026-07-05T00:00:40.792604,1,0,,,142.3,100,,,,,,,,,,,,,,,,,,,,,,,,,,,,,,,,,,,,,,
2026-07-05T00:00:40.841030+00:00,2026-07-05T00:00:40.840936,2,1,142.55,0.5,142.3,100,142.2,150,,,,,,,,,,,,,,,,,142.8,100,,,,,,,,,,,,,,,,,,
2026-07-05T00:00:40.891856+00:00,2026-07-05T00:00:40.891664,2,2,142.5,0.4,142.3,100,142.2,150,,,,,,,,,,,,,,,,,142.7,150,142.8,100,,,,,,,,,,,,,,,,
2026-07-05T00:00:41.141049+00:00,2026-07-05T00:00:41.140910,2,2,142.5,0.4,142.3,100,142.2,150,,,,,,,,,,,,,,,,,142.7,100,142.8,100,,,,,,,,,,,,,,,,
2026-07-05T00:00:41.210346+00:00,2026-07-05T00:00:41.210536,2,2,142.5,0.4,142.3,57,142.2,150,,,,,,,,,,,,,,,,,142.7,100,142.8,100,,,,,,,,,,,,,,,,
2026-07-05T00:00:43.309321+00:00,2026-07-05T00:00:43.309213,2,2,142.5,0.4,142.3,7,142.2,150,,,,,,,,,,,,,,,,,142.7,100,142.8,100,,,,,,,,,,,,,,,,
2026-07-05T00:00:43.781449+00:00,2026-07-05T00:00:43.781296,1,2,142.45,0.5,142.2,111,,,,,,,,,,,,,,,,,,,142.7,100,142.8,100,,,,,,,,,,,,,,,,
2026-07-05T00:00:43.912156+00:00,2026-07-05T00:00:43.911992,1,1,142.45,0.5,142.2,111,,,,,,,,,,,,,,,,,,,142.7,100,,,,,,,,,,,,,,,,,,
2026-07-05T00:00:43.950696+00:00,2026-07-05T00:00:43.950579,0,0,,,,,,,,,,,,,,,,,,,,,,,,,,,,,,,,,,,,,,,,,,
2026-07-05T00:00:43.970345+00:00,2026-07-05T00:00:43.970264,1,0,,,141.7,100,,,,,,,,,,,,,,,,,,,,,,,,,,,,,,,,,,,,,,
2026-07-05T00:00:44.005114+00:00,2026-07-05T00:00:44.005084,2,0,,,142.1,150,141.7,100,,,,,,,,,,,,,,,,,,,,,,,,,,,,,,,,,,,,
2026-07-05T00:00:44.027435+00:00,2026-07-05T00:00:44.027343,2,1,142.15,0.1,142.1,150,141.7,100,,,,,,,,,,,,,,,,,142.2,100,,,,,,,,,,,,,,,,,,
2026-07-05T00:00:44.058576+00:00,2026-07-05T00:00:44.053345,2,2,142.15,0.1,142.1,150,141.7,100,,,,,,,,,,,,,,,,,142.2,100,142.6,150,,,,,,,,,,,,,,,,
2026-07-05T00:00:45.418449+00:00,2026-07-05T00:00:45.418372,2,2,142.15,0.1,142.1,100,141.7,100,,,,,,,,,,,,,,,,,142.2,100,142.6,150,,,,,,,,,,,,,,,,
2026-07-05T00:00:45.978044+00:00,2026-07-05T00:00:45.977930,2,2,142.15,0.1,142.1,100,141.7,100,,,,,,,,,,,,,,,,,142.2,58,142.6,150,,,,,,,,,,,,,,,,
2026-07-05T00:00:46.552056+00:00,2026-07-05T00:00:46.546435,2,2,142.15,0.1,142.1,100,141.7,100,,,,,,,,,,,,,,,,,142.2,55,142.6,150,,,,,,,,,,,,,,,,
2026-07-05T00:00:47.081770+00:00,2026-07-05T00:00:47.081938,1,1,142.35,0.5,142.1,100,,,,,,,,,,,,,,,,,,,142.6,150,,,,,,,,,,,,,,,,,,
2026-07-05T00:00:47.112171+00:00,2026-07-05T00:00:47.112139,0,0,,,,,,,,,,,,,,,,,,,,,,,,,,,,,,,,,,,,,,,,,,
2026-07-05T00:00:47.134681+00:00,2026-07-05T00:00:47.134820,1,0,,,142.1,100,,,,,,,,,,,,,,,,,,,,,,,,,,,,,,,,,,,,,,
2026-07-05T00:00:47.168378+00:00,2026-07-05T00:00:47.168294,1,0,,,142.1,250,,,,,,,,,,,,,,,,,,,,,,,,,,,,,,,,,,,,,,
2026-07-05T00:00:47.191722+00:00,2026-07-05T00:00:47.191654,1,1,142.35,0.5,142.1,250,,,,,,,,,,,,,,,,,,,142.6,100,,,,,,,,,,,,,,,,,,
2026-07-05T00:00:47.221957+00:00,2026-07-05T00:00:47.221833,1,1,142.35,0.5,142.1,250,,,,,,,,,,,,,,,,,,,142.6,250,,,,,,,,,,,,,,,,,,
2026-07-05T00:00:47.559232+00:00,2026-07-05T00:00:47.559126,1,1,142.35,0.5,142.1,200,,,,,,,,,,,,,,,,,,,142.6,250,,,,,,,,,,,,,,,,,,
2026-07-05T00:00:48.560012+00:00,2026-07-05T00:00:48.559942,1,1,142.35,0.5,142.1,200,,,,,,,,,,,,,,,,,,,142.6,210,,,,,,,,,,,,,,,,,,
2026-07-05T00:00:49.665361+00:00,2026-07-05T00:00:49.665314,1,1,142.35,0.5,142.1,150,,,,,,,,,,,,,,,,,,,142.6,210,,,,,,,,,,,,,,,,,,
2026-07-05T00:00:50.241376+00:00,2026-07-05T00:00:50.241301,1,1,142.35,0.5,142.1,150,,,,,,,,,,,,,,,,,,,142.6,150,,,,,,,,,,,,,,,,,,
2026-07-05T00:00:50.276782+00:00,2026-07-05T00:00:50.276750,0,0,,,,,,,,,,,,,,,,,,,,,,,,,,,,,,,,,,,,,,,,,,
2026-07-05T00:00:50.300822+00:00,2026-07-05T00:00:50.300955,1,0,,,141.8,100,,,,,,,,,,,,,,,,,,,,,,,,,,,,,,,,,,,,,,
2026-07-05T00:00:50.332446+00:00,2026-07-05T00:00:50.332358,2,0,,,141.9,150,141.8,100,,,,,,,,,,,,,,,,,,,,,,,,,,,,,,,,,,,,
2026-07-05T00:00:50.356207+00:00,2026-07-05T00:00:50.356048,2,1,142.1,0.4,141.9,150,141.8,100,,,,,,,,,,,,,,,,,142.3,100,,,,,,,,,,,,,,,,,,
2026-07-05T00:00:50.385663+00:00,2026-07-05T00:00:50.385756,2,2,142.1,0.4,141.9,150,141.8,100,,,,,,,,,,,,,,,,,142.3,100,142.4,150,,,,,,,,,,,,,,,,
2026-07-05T00:00:51.087478+00:00,2026-07-05T00:00:51.087343,2,2,142.1,0.4,141.9,107,141.8,100,,,,,,,,,,,,,,,,,142.3,100,142.4,150,,,,,,,,,,,,,,,,
2026-07-05T00:00:51.722351+00:00,2026-07-05T00:00:51.722185,2,2,142.1,0.4,141.9,107,141.8,100,,,,,,,,,,,,,,,,,142.3,50,142.4,150,,,,,,,,,,,,,,,,
2026-07-05T00:00:52.131348+00:00,2026-07-05T00:00:52.131230,2,2,142.1,0.4,141.9,107,141.8,100,,,,,,,,,,,,,,,,,142.3,8,142.4,150,,,,,,,,,,,,,,,,
2026-07-05T00:00:53.410618+00:00,2026-07-05T00:00:53.410512,1,1,142.15,0.5,141.9,107,,,,,,,,,,,,,,,,,,,142.4,150,,,,,,,,,,,,,,,,,,
2026-07-05T00:00:53.440276+00:00,2026-07-05T00:00:53.440186,0,0,,,,,,,,,,,,,,,,,,,,,,,,,,,,,,,,,,,,,,,,,,
2026-07-05T00:00:53.464935+00:00,2026-07-05T00:00:53.464876,1,0,,,141.9,100,,,,,,,,,,,,,,,,,,,,,,,,,,,,,,,,,,,,,,
2026-07-05T00:00:53.494950+00:00,2026-07-05T00:00:53.494830,2,0,,,141.9,100,141.6,150,,,,,,,,,,,,,,,,,,,,,,,,,,,,,,,,,,,,
2026-07-05T00:00:53.513896+00:00,2026-07-05T00:00:53.513845,2,1,142.15,0.5,141.9,100,141.6,150,,,,,,,,,,,,,,,,,142.4,100,,,,,,,,,,,,,,,,,,
2026-07-05T00:00:53.548371+00:00,2026-07-05T00:00:53.548280,2,2,142.0,0.2,141.9,100,141.6,150,,,,,,,,,,,,,,,,,142.1,150,142.4,100,,,,,,,,,,,,,,,,
2026-07-05T00:00:53.896101+00:00,2026-07-05T00:00:53.896018,2,2,142.0,0.2,141.9,50,141.6,150,,,,,,,,,,,,,,,,,142.1,150,142.4,100,,,,,,,,,,,,,,,,
2026-07-05T00:00:54.216952+00:00,2026-07-05T00:00:54.216808,2,2,142.0,0.2,141.9,4,141.6,150,,,,,,,,,,,,,,,,,142.1,150,142.4,100,,,,,,,,,,,,,,,,
2026-07-05T00:00:54.733021+00:00,2026-07-05T00:00:54.732894,2,2,142.0,0.2,141.9,4,141.6,150,,,,,,,,,,,,,,,,,142.1,110,142.4,100,,,,,,,,,,,,,,,,
2026-07-05T00:00:56.028402+00:00,2026-07-05T00:00:56.028285,1,2,141.85,0.5,141.6,150,,,,,,,,,,,,,,,,,,,142.1,110,142.4,100,,,,,,,,,,,,,,,,
2026-07-05T00:00:56.573510+00:00,2026-07-05T00:00:56.573349,1,1,141.85,0.5,141.6,150,,,,,,,,,,,,,,,,,,,142.1,110,,,,,,,,,,,,,,,,,,
2026-07-05T00:00:56.629636+00:00,2026-07-05T00:00:56.629544,0,0,,,,,,,,,,,,,,,,,,,,,,,,,,,,,,,,,,,,,,,,,,
2026-07-05T00:00:56.634830+00:00,2026-07-05T00:00:56.634737,1,0,,,141.7,100,,,,,,,,,,,,,,,,,,,,,,,,,,,,,,,,,,,,,,
2026-07-05T00:00:56.682295+00:00,2026-07-05T00:00:56.682252,2,1,142.0,0.4,141.8,150,141.7,100,,,,,,,,,,,,,,,,,142.2,100,,,,,,,,,,,,,,,,,,
2026-07-05T00:00:56.738196+00:00,2026-07-05T00:00:56.738344,2,2,142.0,0.4,141.8,150,141.7,100,,,,,,,,,,,,,,,,,142.2,100,142.3,150,,,,,,,,,,,,,,,,
2026-07-05T00:00:59.740079+00:00,2026-07-05T00:00:59.739969,1,1,142.05,0.5,141.8,150,,,,,,,,,,,,,,,,,,,142.3,150,,,,,,,,,,,,,,,,,,
2026-07-05T00:00:59.789700+00:00,2026-07-05T00:00:59.789655,1,0,,,141.8,150,,,,,,,,,,,,,,,,,,,,,,,,,,,,,,,,,,,,,,
2026-07-05T00:00:59.794987+00:00,2026-07-05T00:00:59.794877,1,0,,,141.7,100,,,,,,,,,,,,,,,,,,,,,,,,,,,,,,,,,,,,,,
2026-07-05T00:00:59.845359+00:00,2026-07-05T00:00:59.845200,2,0,,,141.8,150,141.7,100,,,,,,,,,,,,,,,,,,,,,,,,,,,,,,,,,,,,
2026-07-05T00:00:59.850436+00:00,2026-07-05T00:00:59.850391,2,1,142.0,0.4,141.8,150,141.7,100,,,,,,,,,,,,,,,,,142.2,100,,,,,,,,,,,,,,,,,,
2026-07-05T00:00:59.901294+00:00,2026-07-05T00:00:59.901180,2,2,142.0,0.4,141.8,150,141.7,100,,,,,,,,,,,,,,,,,142.2,100,142.3,150,,,,,,,,,,,,,,,,
2026-07-05T00:01:00.237778+00:00,2026-07-05T00:01:00.237635,2,2,142.0,0.4,141.8,100,141.7,100,,,,,,,,,,,,,,,,,142.2,100,142.3,150,,,,,,,,,,,,,,,,
2026-07-05T00:01:01.351614+00:00,2026-07-05T00:01:01.351783,2,2,142.0,0.4,141.8,60,141.7,100,,,,,,,,,,,,,,,,,142.2,100,142.3,150,,,,,,,,,,,,,,,,
2026-07-05T00:01:02.346978+00:00,2026-07-05T00:01:02.346898,2,2,142.0,0.4,141.8,10,141.7,100,,,,,,,,,,,,,,,,,142.2,100,142.3,150,,,,,,,,,,,,,,,,
2026-07-05T00:01:02.904377+00:00,2026-07-05T00:01:02.904323,2,1,142.05,0.5,141.8,10,141.7,100,,,,,,,,,,,,,,,,,142.3,150,,,,,,,,,,,,,,,,,,
2026-07-05T00:01:02.909411+00:00,2026-07-05T00:01:02.909511,1,1,142.05,0.5,141.8,10,,,,,,,,,,,,,,,,,,,142.3,150,,,,,,,,,,,,,,,,,,
2026-07-05T00:01:02.958578+00:00,2026-07-05T00:01:02.955376,1,0,,,141.5,100,,,,,,,,,,,,,,,,,,,,,,,,,,,,,,,,,,,,,,
2026-07-05T00:01:03.010600+00:00,2026-07-05T00:01:03.010551,2,0,,,141.5,100,141.1,150,,,,,,,,,,,,,,,,,,,,,,,,,,,,,,,,,,,,
2026-07-05T00:01:03.015875+00:00,2026-07-05T00:01:03.015747,2,1,141.75,0.5,141.5,100,141.1,150,,,,,,,,,,,,,,,,,142.0,100,,,,,,,,,,,,,,,,,,
2026-07-05T00:01:03.075500+00:00,2026-07-05T00:01:03.069019,2,2,141.55,0.1,141.5,100,141.1,150,,,,,,,,,,,,,,,,,141.6,147,142.0,100,,,,,,,,,,,,,,,,
2026-07-05T00:01:04.458692+00:00,2026-07-05T00:01:04.454440,2,2,141.55,0.1,141.5,50,141.1,150,,,,,,,,,,,,,,,,,141.6,147,142.0,100,,,,,,,,,,,,,,,,
2026-07-05T00:01:04.924310+00:00,2026-07-05T00:01:04.918789,2,2,141.55,0.1,141.5,50,141.1,150,,,,,,,,,,,,,,,,,141.6,124,142.0,100,,,,,,,,,,,,,,,,
2026-07-05T00:01:05.258669+00:00,2026-07-05T00:01:05.255714,2,2,141.55,0.1,141.5,50,141.1,150,,,,,,,,,,,,,,,,,141.6,99,142.0,100,,,,,,,,,,,,,,,,
2026-07-05T00:01:06.071315+00:00,2026-07-05T00:01:06.071237,1,1,141.35,0.5,141.1,150,,,,,,,,,,,,,,,,,,,141.6,99,,,,,,,,,,,,,,,,,,
2026-07-05T00:01:06.117311+00:00,2026-07-05T00:01:06.117266,0,0,,,,,,,,,,,,,,,,,,,,,,,,,,,,,,,,,,,,,,,,,,
2026-07-05T00:01:06.122758+00:00,2026-07-05T00:01:06.122606,1,0,,,141.2,100,,,,,,,,,,,,,,,,,,,,,,,,,,,,,,,,,,,,,,
2026-07-05T00:01:06.174767+00:00,2026-07-05T00:01:06.174729,1,1,141.45,0.5,141.2,250,,,,,,,,,,,,,,,,,,,141.7,100,,,,,,,,,,,,,,,,,,
2026-07-05T00:01:06.224541+00:00,2026-07-05T00:01:06.224448,1,1,141.45,0.5,141.2,250,,,,,,,,,,,,,,,,,,,141.7,250,,,,,,,,,,,,,,,,,,
2026-07-05T00:01:06.556142+00:00,2026-07-05T00:01:06.553541,1,1,141.45,0.5,141.2,200,,,,,,,,,,,,,,,,,,,141.7,250,,,,,,,,,,,,,,,,,,
2026-07-05T00:01:06.576926+00:00,2026-07-05T00:01:06.576818,1,1,141.45,0.5,141.2,200,,,,,,,,,,,,,,,,,,,141.7,206,,,,,,,,,,,,,,,,,,
2026-07-05T00:01:07.182762+00:00,2026-07-05T00:01:07.182613,1,1,141.45,0.5,141.2,157,,,,,,,,,,,,,,,,,,,141.7,206,,,,,,,,,,,,,,,,,,
2026-07-05T00:01:08.667734+00:00,2026-07-05T00:01:08.667600,1,1,141.45,0.5,141.2,107,,,,,,,,,,,,,,,,,,,141.7,206,,,,,,,,,,,,,,,,,,
2026-07-05T00:01:09.231343+00:00,2026-07-05T00:01:09.231262,1,1,141.45,0.5,141.2,107,,,,,,,,,,,,,,,,,,,141.7,150,,,,,,,,,,,,,,,,,,
2026-07-05T00:01:09.270922+00:00,2026-07-05T00:01:09.270599,1,0,,,141.2,107,,,,,,,,,,,,,,,,,,,,,,,,,,,,,,,,,,,,,,
2026-07-05T00:01:09.281720+00:00,2026-07-05T00:01:09.281634,0,0,,,,,,,,,,,,,,,,,,,,,,,,,,,,,,,,,,,,,,,,,,
2026-07-05T00:01:09.286895+00:00,2026-07-05T00:01:09.286811,1,0,,,141.0,100,,,,,,,,,,,,,,,,,,,,,,,,,,,,,,,,,,,,,,
2026-07-05T00:01:09.341475+00:00,2026-07-05T00:01:09.341383,2,1,141.25,0.5,141.0,100,140.9,150,,,,,,,,,,,,,,,,,141.5,100,,,,,,,,,,,,,,,,,,
2026-07-05T00:01:09.395359+00:00,2026-07-05T00:01:09.395270,2,2,141.2,0.4,141.0,100,140.9,150,,,,,,,,,,,,,,,,,141.4,150,141.5,100,,,,,,,,,,,,,,,,
2026-07-05T00:01:10.776198+00:00,2026-07-05T00:01:10.776074,2,2,141.2,0.4,141.0,50,140.9,150,,,,,,,,,,,,,,,,,141.4,150,141.5,100,,,,,,,,,,,,,,,,
2026-07-05T00:01:12.395877+00:00,2026-07-05T00:01:12.395766,1,1,141.15,0.5,140.9,150,,,,,,,,,,,,,,,,,,,141.4,150,,,,,,,,,,,,,,,,,,
2026-07-05T00:01:12.447375+00:00,2026-07-05T00:01:12.447552,0,0,,,,,,,,,,,,,,,,,,,,,,,,,,,,,,,,,,,,,,,,,,
2026-07-05T00:01:12.458656+00:00,2026-07-05T00:01:12.452720,1,0,,,140.8,100,,,,,,,,,,,,,,,,,,,,,,,,,,,,,,,,,,,,,,
2026-07-05T00:01:12.515226+00:00,2026-07-05T00:01:12.515113,1,1,141.05,0.5,140.8,250,,,,,,,,,,,,,,,,,,,141.3,100,,,,,,,,,,,,,,,,,,
2026-07-05T00:01:12.568556+00:00,2026-07-05T00:01:12.568422,1,1,141.05,0.5,140.8,250,,,,,,,,,,,,,,,,,,,141.3,250,,,,,,,,,,,,,,,,,,
2026-07-05T00:01:12.883901+00:00,2026-07-05T00:01:12.883749,1,1,141.05,0.5,140.8,200,,,,,,,,,,,,,,,,,,,141.3,250,,,,,,,,,,,,,,,,,,
2026-07-05T00:01:14.990715+00:00,2026-07-05T00:01:14.990879,1,1,141.05,0.5,140.8,150,,,,,,,,,,,,,,,,,,,141.3,250,,,,,,,,,,,,,,,,,,
2026-07-05T00:01:15.570378+00:00,2026-07-05T00:01:15.570479,1,1,141.05,0.5,140.8,150,,,,,,,,,,,,,,,,,,,141.3,150,,,,,,,,,,,,,,,,,,
2026-07-05T00:01:15.619155+00:00,2026-07-05T00:01:15.619125,2,1,141.05,0.5,140.8,150,140.5,100,,,,,,,,,,,,,,,,,141.3,150,,,,,,,,,,,,,,,,,,
2026-07-05T00:01:15.624465+00:00,2026-07-05T00:01:15.624342,1,0,,,140.5,100,,,,,,,,,,,,,,,,,,,,,,,,,,,,,,,,,,,,,,
2026-07-05T00:01:15.685193+00:00,2026-07-05T00:01:15.678106,2,1,140.95,0.1,140.9,150,140.5,100,,,,,,,,,,,,,,,,,141.0,77,,,,,,,,,,,,,,,,,,
2026-07-05T00:01:15.727664+00:00,2026-07-05T00:01:15.727573,2,2,140.95,0.1,140.9,150,140.5,100,,,,,,,,,,,,,,,,,141.0,77,141.4,150,,,,,,,,,,,,,,,,
2026-07-05T00:01:17.098894+00:00,2026-07-05T00:01:17.098988,2,2,140.95,0.1,140.9,100,140.5,100,,,,,,,,,,,,,,,,,141.0,77,141.4,150,,,,,,,,,,,,,,,,
2026-07-05T00:01:18.550695+00:00,2026-07-05T00:01:18.550562,2,2,140.95,0.1,140.9,100,140.5,100,,,,,,,,,,,,,,,,,141.0,29,141.4,150,,,,,,,,,,,,,,,,
2026-07-05T00:01:18.730076+00:00,2026-07-05T00:01:18.730003,1,1,141.15,0.5,140.9,100,,,,,,,,,,,,,,,,,,,141.4,150,,,,,,,,,,,,,,,,,,
2026-07-05T00:01:18.783062+00:00,2026-07-05T00:01:18.783033,1,0,,,140.5,100,,,,,,,,,,,,,,,,,,,,,,,,,,,,,,,,,,,,,,
2026-07-05T00:01:18.833731+00:00,2026-07-05T00:01:18.833484,1,1,140.75,0.5,140.5,250,,,,,,,,,,,,,,,,,,,141.0,100,,,,,,,,,,,,,,,,,,
2026-07-05T00:01:18.889323+00:00,2026-07-05T00:01:18.889243,1,1,140.75,0.5,140.5,250,,,,,,,,,,,,,,,,,,,141.0,250,,,,,,,,,,,,,,,,,,
2026-07-05T00:01:19.158559+00:00,2026-07-05T00:01:19.155874,1,1,140.75,0.5,140.5,250,,,,,,,,,,,,,,,,,,,141.0,200,,,,,,,,,,,,,,,,,,
2026-07-05T00:01:19.615334+00:00,2026-07-05T00:01:19.615502,1,1,140.75,0.5,140.5,250,,,,,,,,,,,,,,,,,,,141.0,153,,,,,,,,,,,,,,,,,,
2026-07-05T00:01:21.258551+00:00,2026-07-05T00:01:21.257879,1,1,140.75,0.5,140.5,250,,,,,,,,,,,,,,,,,,,141.0,103,,,,,,,,,,,,,,,,,,
2026-07-05T00:01:21.889458+00:00,2026-07-05T00:01:21.889353,1,1,140.75,0.5,140.5,150,,,,,,,,,,,,,,,,,,,141.0,103,,,,,,,,,,,,,,,,,,
2026-07-05T00:01:21.942414+00:00,2026-07-05T00:01:21.942494,2,1,140.85,0.3,140.7,100,140.5,150,,,,,,,,,,,,,,,,,141.0,103,,,,,,,,,,,,,,,,,,
2026-07-05T00:01:21.947896+00:00,2026-07-05T00:01:21.947797,1,0,,,140.7,100,,,,,,,,,,,,,,,,,,,,,,,,,,,,,,,,,,,,,,
2026-07-05T00:01:21.991453+00:00,2026-07-05T00:01:21.991407,1,1,140.95,0.5,140.7,100,,,,,,,,,,,,,,,,,,,141.2,100,,,,,,,,,,,,,,,,,,
2026-07-05T00:01:22.001848+00:00,2026-07-05T00:01:22.001752,2,1,140.95,0.5,140.7,100,140.6,150,,,,,,,,,,,,,,,,,141.2,100,,,,,,,,,,,,,,,,,,
2026-07-05T00:01:22.089839+00:00,2026-07-05T00:01:22.089633,2,2,140.9,0.4,140.7,100,140.6,150,,,,,,,,,,,,,,,,,141.1,150,141.2,100,,,,,,,,,,,,,,,,
2026-07-05T00:01:22.324024+00:00,2026-07-05T00:01:22.323897,2,2,140.9,0.4,140.7,60,140.6,150,,,,,,,,,,,,,,,,,141.1,150,141.2,100,,,,,,,,,,,,,,,,
2026-07-05T00:01:22.864557+00:00,2026-07-05T00:01:22.864393,2,2,140.9,0.4,140.7,60,140.6,150,,,,,,,,,,,,,,,,,141.1,109,141.2,100,,,,,,,,,,,,,,,,
2026-07-05T00:01:23.372822+00:00,2026-07-05T00:01:23.372732,2,2,140.9,0.4,140.7,60,140.6,150,,,,,,,,,,,,,,,,,141.1,59,141.2,100,,,,,,,,,,,,,,,,
2026-07-05T00:01:23.385767+00:00,2026-07-05T00:01:23.385633,2,2,140.9,0.4,140.7,11,140.6,150,,,,,,,,,,,,,,,,,141.1,59,141.2,100,,,,,,,,,,,,,,,,
2026-07-05T00:01:24.934884+00:00,2026-07-05T00:01:24.934844,2,2,140.9,0.4,140.7,11,140.6,150,,,,,,,,,,,,,,,,,141.1,14,141.2,100,,,,,,,,,,,,,,,,
2026-07-05T00:01:25.048718+00:00,2026-07-05T00:01:25.048653,1,1,140.85,0.5,140.6,150,,,,,,,,,,,,,,,,,,,141.1,14,,,,,,,,,,,,,,,,,,
2026-07-05T00:01:25.121519+00:00,2026-07-05T00:01:25.121477,2,1,140.85,0.5,140.6,150,140.4,100,,,,,,,,,,,,,,,,,141.1,14,,,,,,,,,,,,,,,,,,
2026-07-05T00:01:25.175373+00:00,2026-07-05T00:01:25.175301,2,0,,,140.6,150,140.4,100,,,,,,,,,,,,,,,,,,,,,,,,,,,,,,,,,,,,
2026-07-05T00:01:25.180595+00:00,2026-07-05T00:01:25.180571,1,1,140.65,0.5,140.4,100,,,,,,,,,,,,,,,,,,,140.9,100,,,,,,,,,,,,,,,,,,
2026-07-05T00:01:25.231821+00:00,2026-07-05T00:01:25.231980,2,0,,,141.0,50,140.4,100,,,,,,,,,,,,,,,,,,,,,,,,,,,,,,,,,,,,
2026-07-05T00:01:25.295138+00:00,2026-07-05T00:01:25.288556,2,1,141.25,0.5,141.0,15,140.4,100,,,,,,,,,,,,,,,,,141.5,150,,,,,,,,,,,,,,,,,,
2026-07-05T00:01:25.481831+00:00,2026-07-05T00:01:25.481714,2,1,141.25,0.5,141.0,15,140.4,100,,,,,,,,,,,,,,,,,141.5,100,,,,,,,,,,,,,,,,,,
2026-07-05T00:01:27.595857+00:00,2026-07-05T00:01:27.596026,2,1,141.25,0.5,141.0,15,140.4,100,,,,,,,,,,,,,,,,,141.5,50,,,,,,,,,,,,,,,,,,
2026-07-05T00:01:27.601111+00:00,2026-07-05T00:01:27.601281,1,1,140.95,1.1,140.4,66,,,,,,,,,,,,,,,,,,,141.5,50,,,,,,,,,,,,,,,,,,
2026-07-05T00:01:27.708684+00:00,2026-07-05T00:01:27.708842,1,1,140.95,1.1,140.4,66,,,,,,,,,,,,,,,,,,,141.5,39,,,,,,,,,,,,,,,,,,
2026-07-05T00:01:28.237682+00:00,2026-07-05T00:01:28.237612,0,1,,,,,,,,,,,,,,,,,,,,,,,141.5,39,,,,,,,,,,,,,,,,,,
2026-07-05T00:01:28.292477+00:00,2026-07-05T00:01:28.292365,1,1,141.0,1.0,140.5,100,,,,,,,,,,,,,,,,,,,141.5,39,,,,,,,,,,,,,,,,,,
2026-07-05T00:01:28.343972+00:00,2026-07-05T00:01:28.343933,1,1,140.75,0.5,140.5,100,,,,,,,,,,,,,,,,,,,141.0,100,,,,,,,,,,,,,,,,,,
2026-07-05T00:01:28.398158+00:00,2026-07-05T00:01:28.398069,2,1,140.9,0.2,140.8,150,140.5,100,,,,,,,,,,,,,,,,,141.0,100,,,,,,,,,,,,,,,,,,
2026-07-05T00:01:28.448491+00:00,2026-07-05T00:01:28.458668,2,2,140.9,0.2,140.8,150,140.5,100,,,,,,,,,,,,,,,,,141.0,100,141.3,150,,,,,,,,,,,,,,,,
2026-07-05T00:01:29.705778+00:00,2026-07-05T00:01:29.705723,2,2,140.9,0.2,140.8,150,140.5,100,,,,,,,,,,,,,,,,,141.0,50,141.3,150,,,,,,,,,,,,,,,,
2026-07-05T00:01:31.370189+00:00,2026-07-05T00:01:31.370035,2,2,140.9,0.2,140.8,150,140.5,100,,,,,,,,,,,,,,,,,141.0,9,141.3,150,,,,,,,,,,,,,,,,
2026-07-05T00:01:31.401333+00:00,2026-07-05T00:01:31.401299,1,1,141.05,0.5,140.8,150,,,,,,,,,,,,,,,,,,,141.3,150,,,,,,,,,,,,,,,,,,
2026-07-05T00:01:31.424643+00:00,2026-07-05T00:01:31.424800,1,1,141.05,0.5,140.8,109,,,,,,,,,,,,,,,,,,,141.3,150,,,,,,,,,,,,,,,,,,
2026-07-05T00:01:31.458658+00:00,2026-07-05T00:01:31.451475,2,1,141.1,0.4,140.9,100,140.8,109,,,,,,,,,,,,,,,,,141.3,150,,,,,,,,,,,,,,,,,,
2026-07-05T00:01:31.506666+00:00,2026-07-05T00:01:31.506557,1,0,,,140.9,100,,,,,,,,,,,,,,,,,,,,,,,,,,,,,,,,,,,,,,
2026-07-05T00:01:31.511890+00:00,2026-07-05T00:01:31.511750,1,1,141.15,0.5,140.9,100,,,,,,,,,,,,,,,,,,,141.4,100,,,,,,,,,,,,,,,,,,
2026-07-05T00:01:31.561039+00:00,2026-07-05T00:01:31.561142,2,1,141.15,0.5,140.9,100,140.8,150,,,,,,,,,,,,,,,,,141.4,100,,,,,,,,,,,,,,,,,,
2026-07-05T00:01:31.614608+00:00,2026-07-05T00:01:31.614556,2,2,141.05,0.3,140.9,100,140.8,150,,,,,,,,,,,,,,,,,141.2,150,141.4,100,,,,,,,,,,,,,,,,
2026-07-05T00:01:31.813301+00:00,2026-07-05T00:01:31.813123,2,2,141.05,0.3,140.9,100,140.8,150,,,,,,,,,,,,,,,,,141.2,100,141.4,100,,,,,,,,,,,,,,,,
2026-07-05T00:01:33.556869+00:00,2026-07-05T00:01:33.556742,2,2,141.05,0.3,140.9,100,140.8,150,,,,,,,,,,,,,,,,,141.2,56,141.4,100,,,,,,,,,,,,,,,,
2026-07-05T00:01:33.921794+00:00,2026-07-05T00:01:33.921638,2,2,141.05,0.3,140.9,100,140.8,150,,,,,,,,,,,,,,,,,141.2,6,141.4,100,,,,,,,,,,,,,,,,
2026-07-05T00:01:34.565952+00:00,2026-07-05T00:01:34.565848,1,1,141.0,0.4,140.8,150,,,,,,,,,,,,,,,,,,,141.2,6,,,,,,,,,,,,,,,,,,
2026-07-05T00:01:34.620161+00:00,2026-07-05T00:01:34.620084,2,1,141.1,0.2,141.0,100,140.8,150,,,,,,,,,,,,,,,,,141.2,6,,,,,,,,,,,,,,,,,,
2026-07-05T00:01:34.670217+00:00,2026-07-05T00:01:34.670107,1,1,141.25,0.5,141.0,100,,,,,,,,,,,,,,,,,,,141.5,100,,,,,,,,,,,,,,,,,,
2026-07-05T00:01:34.722629+00:00,2026-07-05T00:01:34.722559,2,0,,,141.5,50,141.0,100,,,,,,,,,,,,,,,,,,,,,,,,,,,,,,,,,,,,
2026-07-05T00:01:34.804779+00:00,2026-07-05T00:01:34.799185,2,1,141.75,0.5,141.5,36,141.0,100,,,,,,,,,,,,,,,,,142.0,150,,,,,,,,,,,,,,,,,,
2026-07-05T00:01:36.026107+00:00,2026-07-05T00:01:36.026232,2,1,141.75,0.5,141.5,36,141.0,100,,,,,,,,,,,,,,,,,142.0,100,,,,,,,,,,,,,,,,,,
2026-07-05T00:01:36.071628+00:00,2026-07-05T00:01:36.071519,1,1,141.5,1.0,141.0,95,,,,,,,,,,,,,,,,,,,142.0,100,,,,,,,,,,,,,,,,,,
2026-07-05T00:01:37.727764+00:00,2026-07-05T00:01:37.727663,0,1,,,,,,,,,,,,,,,,,,,,,,,142.0,100,,,,,,,,,,,,,,,,,,
2026-07-05T00:01:37.777350+00:00,2026-07-05T00:01:37.777186,1,1,141.75,0.5,141.5,100,,,,,,,,,,,,,,,,,,,142.0,100,,,,,,,,,,,,,,,,,,
2026-07-05T00:01:37.829614+00:00,2026-07-05T00:01:37.829518,1,1,141.75,0.5,141.5,100,,,,,,,,,,,,,,,,,,,142.0,200,,,,,,,,,,,,,,,,,,
2026-07-05T00:01:37.850556+00:00,2026-07-05T00:01:37.850456,1,1,141.75,0.5,141.5,100,,,,,,,,,,,,,,,,,,,142.0,100,,,,,,,,,,,,,,,,,,
2026-07-05T00:01:37.907186+00:00,2026-07-05T00:01:37.907117,2,1,141.75,0.5,141.5,100,141.2,150,,,,,,,,,,,,,,,,,142.0,100,,,,,,,,,,,,,,,,,,
2026-07-05T00:01:37.960153+00:00,2026-07-05T00:01:37.960030,2,2,141.6,0.2,141.5,100,141.2,150,,,,,,,,,,,,,,,,,141.7,150,142.0,100,,,,,,,,,,,,,,,,
2026-07-05T00:01:38.151305+00:00,2026-07-05T00:01:38.151220,2,2,141.6,0.2,141.5,100,141.2,150,,,,,,,,,,,,,,,,,141.7,100,142.0,100,,,,,,,,,,,,,,,,
2026-07-05T00:01:39.907536+00:00,2026-07-05T00:01:39.907405,2,2,141.6,0.2,141.5,55,141.2,150,,,,,,,,,,,,,,,,,141.7,100,142.0,100,,,,,,,,,,,,,,,,
2026-07-05T00:01:40.260067+00:00,2026-07-05T00:01:40.259845,2,2,141.6,0.2,141.5,55,141.2,150,,,,,,,,,,,,,,,,,141.7,50,142.0,100,,,,,,,,,,,,,,,,
2026-07-05T00:01:40.481562+00:00,2026-07-05T00:01:40.481469,2,2,141.6,0.2,141.5,15,141.2,150,,,,,,,,,,,,,,,,,141.7,50,142.0,100,,,,,,,,,,,,,,,,
2026-07-05T00:01:40.886318+00:00,2026-07-05T00:01:40.886200,1,1,141.45,0.5,141.2,150,,,,,,,,,,,,,,,,,,,141.7,50,,,,,,,,,,,,,,,,,,
2026-07-05T00:01:40.947409+00:00,2026-07-05T00:01:40.947290,2,1,141.45,0.5,141.2,150,141.1,100,,,,,,,,,,,,,,,,,141.7,50,,,,,,,,,,,,,,,,,,
2026-07-05T00:01:41.004854+00:00,2026-07-05T00:01:41.004764,2,2,141.4,0.4,141.2,150,141.1,100,,,,,,,,,,,,,,,,,141.6,100,141.7,50,,,,,,,,,,,,,,,,
2026-07-05T00:01:41.009882+00:00,2026-07-05T00:01:41.010044,2,1,141.4,0.4,141.2,150,141.1,100,,,,,,,,,,,,,,,,,141.6,100,,,,,,,,,,,,,,,,,,
2026-07-05T00:01:41.015336+00:00,2026-07-05T00:01:41.015220,1,1,141.35,0.5,141.1,100,,,,,,,,,,,,,,,,,,,141.6,100,,,,,,,,,,,,,,,,,,
2026-07-05T00:01:41.068575+00:00,2026-07-05T00:01:41.068472,2,1,141.55,0.1,141.5,150,141.1,100,,,,,,,,,,,,,,,,,141.6,100,,,,,,,,,,,,,,,,,,
2026-07-05T00:01:41.119466+00:00,2026-07-05T00:01:41.119397,2,2,141.55,0.1,141.5,150,141.1,100,,,,,,,,,,,,,,,,,141.6,100,142.0,150,,,,,,,,,,,,,,,,
2026-07-05T00:01:41.625594+00:00,2026-07-05T00:01:41.625781,2,2,141.55,0.1,141.5,150,141.1,100,,,,,,,,,,,,,,,,,141.6,55,142.0,150,,,,,,,,,,,,,,,,
2026-07-05T00:01:42.367290+00:00,2026-07-05T00:01:42.367235,2,2,141.55,0.1,141.5,150,141.1,100,,,,,,,,,,,,,,,,,141.6,5,142.0,150,,,,,,,,,,,,,,,,
2026-07-05T00:01:44.059082+00:00,2026-07-05T00:01:44.058903,1,1,141.75,0.5,141.5,150,,,,,,,,,,,,,,,,,,,142.0,150,,,,,,,,,,,,,,,,,,
2026-07-05T00:01:44.119534+00:00,2026-07-05T00:01:44.119694,2,1,141.75,0.5,141.5,150,141.4,100,,,,,,,,,,,,,,,,,142.0,150,,,,,,,,,,,,,,,,,,
2026-07-05T00:01:44.172807+00:00,2026-07-05T00:01:44.172780,1,1,141.65,0.5,141.4,100,,,,,,,,,,,,,,,,,,,141.9,100,,,,,,,,,,,,,,,,,,
2026-07-05T00:01:44.225304+00:00,2026-07-05T00:01:44.225215,2,1,141.7,0.4,141.5,150,141.4,100,,,,,,,,,,,,,,,,,141.9,100,,,,,,,,,,,,,,,,,,
2026-07-05T00:01:44.258561+00:00,2026-07-05T00:01:44.255650,2,1,141.7,0.4,141.5,150,141.4,100,,,,,,,,,,,,,,,,,141.9,58,,,,,,,,,,,,,,,,,,
2026-07-05T00:01:44.282348+00:00,2026-07-05T00:01:44.282228,2,2,141.7,0.4,141.5,150,141.4,100,,,,,,,,,,,,,,,,,141.9,58,142.0,150,,,,,,,,,,,,,,,,
2026-07-05T00:01:44.474676+00:00,2026-07-05T00:01:44.474601,2,2,141.7,0.4,141.5,150,141.4,100,,,,,,,,,,,,,,,,,141.9,8,142.0,150,,,,,,,,,,,,,,,,
2026-07-05T00:01:44.745304+00:00,2026-07-05T00:01:44.745197,2,2,141.7,0.4,141.5,109,141.4,100,,,,,,,,,,,,,,,,,141.9,8,142.0,150,,,,,,,,,,,,,,,,
2026-07-05T00:01:46.181211+00:00,2026-07-05T00:01:46.181075,2,1,141.75,0.5,141.5,109,141.4,100,,,,,,,,,,,,,,,,,142.0,113,,,,,,,,,,,,,,,,,,
2026-07-05T00:01:46.580879+00:00,2026-07-05T00:01:46.580802,2,1,141.75,0.5,141.5,109,141.4,100,,,,,,,,,,,,,,,,,142.0,63,,,,,,,,,,,,,,,,,,
2026-07-05T00:01:47.227255+00:00,2026-07-05T00:01:47.227209,1,1,141.75,0.5,141.5,109,,,,,,,,,,,,,,,,,,,142.0,63,,,,,,,,,,,,,,,,,,
2026-07-05T00:01:47.280663+00:00,2026-07-05T00:01:47.280552,2,1,141.8,0.4,141.6,100,141.5,109,,,,,,,,,,,,,,,,,142.0,63,,,,,,,,,,,,,,,,,,
2026-07-05T00:01:47.331148+00:00,2026-07-05T00:01:47.331299,2,1,141.85,0.5,141.6,100,141.5,109,,,,,,,,,,,,,,,,,142.1,100,,,,,,,,,,,,,,,,,,
2026-07-05T00:01:47.336395+00:00,2026-07-05T00:01:47.336479,1,1,141.85,0.5,141.6,100,,,,,,,,,,,,,,,,,,,142.1,100,,,,,,,,,,,,,,,,,,
2026-07-05T00:01:47.399510+00:00,2026-07-05T00:01:47.393860,2,1,141.9,0.4,141.7,147,141.6,100,,,,,,,,,,,,,,,,,142.1,100,,,,,,,,,,,,,,,,,,
2026-07-05T00:01:47.443150+00:00,2026-07-05T00:01:47.443035,2,2,141.9,0.4,141.7,147,141.6,100,,,,,,,,,,,,,,,,,142.1,100,142.2,150,,,,,,,,,,,,,,,,
2026-07-05T00:01:47.732481+00:00,2026-07-05T00:01:47.732420,2,2,141.9,0.4,141.7,136,141.6,100,,,,,,,,,,,,,,,,,142.1,100,142.2,150,,,,,,,,,,,,,,,,
2026-07-05T00:01:48.758561+00:00,2026-07-05T00:01:48.756698,2,2,141.9,0.4,141.7,86,141.6,100,,,,,,,,,,,,,,,,,142.1,100,142.2,150,,,,,,,,,,,,,,,,
2026-07-05T00:01:49.142026+00:00,2026-07-05T00:01:49.141954,2,2,141.9,0.4,141.7,41,141.6,100,,,,,,,,,,,,,,,,,142.1,100,142.2,150,,,,,,,,,,,,,,,,
2026-07-05T00:01:50.384809+00:00,2026-07-05T00:01:50.384716,1,1,141.95,0.5,141.7,41,,,,,,,,,,,,,,,,,,,142.2,150,,,,,,,,,,,,,,,,,,
2026-07-05T00:01:50.442840+00:00,2026-07-05T00:01:50.442690,2,1,142.0,0.4,141.8,100,141.7,41,,,,,,,,,,,,,,,,,142.2,150,,,,,,,,,,,,,,,,,,
2026-07-05T00:01:50.526727+00:00,2026-07-05T00:01:50.526679,1,1,142.05,0.5,141.8,100,,,,,,,,,,,,,,,,,,,142.3,100,,,,,,,,,,,,,,,,,,
2026-07-05T00:01:50.579362+00:00,2026-07-05T00:01:50.579249,2,1,142.05,0.5,141.8,100,141.4,150,,,,,,,,,,,,,,,,,142.3,100,,,,,,,,,,,,,,,,,,
2026-07-05T00:01:50.636474+00:00,2026-07-05T00:01:50.636546,2,2,141.85,0.1,141.8,100,141.4,150,,,,,,,,,,,,,,,,,141.9,150,142.3,100,,,,,,,,,,,,,,,,
2026-07-05T00:01:50.720911+00:00,2026-07-05T00:01:50.720774,2,2,141.85,0.1,141.8,100,141.4,150,,,,,,,,,,,,,,,,,141.9,109,142.3,100,,,,,,,,,,,,,,,,
2026-07-05T00:01:50.868938+00:00,2026-07-05T00:01:50.868883,2,2,141.85,0.1,141.8,50,141.4,150,,,,,,,,,,,,,,,,,141.9,109,142.3,100,,,,,,,,,,,,,,,,
2026-07-05T00:01:52.658667+00:00,2026-07-05T00:01:52.652634,2,2,141.85,0.1,141.8,5,141.4,150,,,,,,,,,,,,,,,,,141.9,109,142.3,100,,,,,,,,,,,,,,,,
2026-07-05T00:01:52.974623+00:00,2026-07-05T00:01:52.974551,1,2,141.65,0.5,141.4,105,,,,,,,,,,,,,,,,,,,141.9,109,142.3,100,,,,,,,,,,,,,,,,
2026-07-05T00:01:53.575550+00:00,2026-07-05T00:01:53.575518,1,1,141.65,0.5,141.4,105,,,,,,,,,,,,,,,,,,,141.9,109,,,,,,,,,,,,,,,,,,
2026-07-05T00:01:53.631149+00:00,2026-07-05T00:01:53.631106,2,1,141.75,0.3,141.6,100,141.4,105,,,,,,,,,,,,,,,,,141.9,109,,,,,,,,,,,,,,,,,,
2026-07-05T00:01:53.681199+00:00,2026-07-05T00:01:53.681086,2,2,141.75,0.3,141.6,100,141.4,105,,,,,,,,,,,,,,,,,141.9,109,142.1,100,,,,,,,,,,,,,,,,
2026-07-05T00:01:53.686370+00:00,2026-07-05T00:01:53.686261,1,1,141.85,0.5,141.6,100,,,,,,,,,,,,,,,,,,,142.1,100,,,,,,,,,,,,,,,,,,
2026-07-05T00:01:53.743359+00:00,2026-07-05T00:01:53.743288,2,1,141.85,0.5,141.6,100,141.5,150,,,,,,,,,,,,,,,,,142.1,100,,,,,,,,,,,,,,,,,,
2026-07-05T00:01:53.791127+00:00,2026-07-05T00:01:53.791024,2,2,141.8,0.4,141.6,100,141.5,150,,,,,,,,,,,,,,,,,142.0,150,142.1,100,,,,,,,,,,,,,,,,
2026-07-05T00:01:54.115099+00:00,2026-07-05T00:01:54.114995,2,2,141.8,0.4,141.6,100,141.5,150,,,,,,,,,,,,,,,,,142.0,109,142.1,100,,,,,,,,,,,,,,,,
2026-07-05T00:01:55.031909+00:00,2026-07-05T00:01:55.031834,2,2,141.8,0.4,141.6,55,141.5,150,,,,,,,,,,,,,,,,,142.0,109,142.1,100,,,,,,,,,,,,,,,,
2026-07-05T00:01:55.082922+00:00,2026-07-05T00:01:55.082856,2,2,141.8,0.4,141.6,5,141.5,150,,,,,,,,,,,,,,,,,142.0,109,142.1,100,,,,,,,,,,,,,,,,
2026-07-05T00:01:56.737199+00:00,2026-07-05T00:01:56.737143,1,1,141.75,0.5,141.5,150,,,,,,,,,,,,,,,,,,,142.0,109,,,,,,,,,,,,,,,,,,
2026-07-05T00:01:56.790747+00:00,2026-07-05T00:01:56.790646,2,1,141.75,0.5,141.5,150,141.0,100,,,,,,,,,,,,,,,,,142.0,109,,,,,,,,,,,,,,,,,,
2026-07-05T00:01:56.843235+00:00,2026-07-05T00:01:56.843194,2,0,,,141.5,50,141.0,100,,,,,,,,,,,,,,,,,,,,,,,,,,,,,,,,,,,,
2026-07-05T00:01:56.848445+00:00,2026-07-05T00:01:56.848383,1,0,,,141.0,100,,,,,,,,,,,,,,,,,,,,,,,,,,,,,,,,,,,,,,
2026-07-05T00:01:56.899702+00:00,2026-07-05T00:01:56.899610,2,0,,,141.0,100,140.9,150,,,,,,,,,,,,,,,,,,,,,,,,,,,,,,,,,,,,
2026-07-05T00:01:56.970188+00:00,2026-07-05T00:01:56.963454,2,1,141.2,0.4,141.0,100,140.9,150,,,,,,,,,,,,,,,,,141.4,147,,,,,,,,,,,,,,,,,,
2026-07-05T00:01:58.069264+00:00,2026-07-05T00:01:58.069351,2,1,141.2,0.4,141.0,100,140.9,150,,,,,,,,,,,,,,,,,141.4,104,,,,,,,,,,,,,,,,,,
2026-07-05T00:01:58.713006+00:00,2026-07-05T00:01:58.712875,2,1,141.2,0.4,141.0,54,140.9,150,,,,,,,,,,,,,,,,,141.4,104,,,,,,,,,,,,,,,,,,
2026-07-05T00:01:59.290068+00:00,2026-07-05T00:01:59.286521,2,1,141.2,0.4,141.0,4,140.9,150,,,,,,,,,,,,,,,,,141.4,104,,,,,,,,,,,,,,,,,,
2026-07-05T00:01:59.898561+00:00,2026-07-05T00:01:59.898468,1,1,141.15,0.5,140.9,150,,,,,,,,,,,,,,,,,,,141.4,104,,,,,,,,,,,,,,,,,,
2026-07-05T00:01:59.947730+00:00,2026-07-05T00:01:59.947599,2,1,141.15,0.5,140.9,150,140.8,100,,,,,,,,,,,,,,,,,141.4,104,,,,,,,,,,,,,,,,,,
2026-07-05T00:02:00.005017+00:00,2026-07-05T00:02:00.005202,1,1,141.05,0.5,140.8,100,,,,,,,,,,,,,,,,,,,141.3,100,,,,,,,,,,,,,,,,,,
2026-07-05T00:02:00.058623+00:00,2026-07-05T00:02:00.053379,2,1,141.1,0.4,140.9,150,140.8,100,,,,,,,,,,,,,,,,,141.3,100,,,,,,,,,,,,,,,,,,
2026-07-05T00:02:00.120048+00:00,2026-07-05T00:02:00.119994,2,2,141.1,0.4,140.9,150,140.8,100,,,,,,,,,,,,,,,,,141.3,100,141.4,150,,,,,,,,,,,,,,,,
2026-07-05T00:02:01.424373+00:00,2026-07-05T00:02:01.424323,2,2,141.1,0.4,140.9,100,140.8,100,,,,,,,,,,,,,,,,,141.3,100,141.4,150,,,,,,,,,,,,,,,,
2026-07-05T00:02:03.058639+00:00,2026-07-05T00:02:03.054747,1,1,141.15,0.5,140.9,100,,,,,,,,,,,,,,,,,,,141.4,150,,,,,,,,,,,,,,,,,,
2026-07-05T00:02:03.114523+00:00,2026-07-05T00:02:03.114635,1,1,141.15,0.5,140.9,200,,,,,,,,,,,,,,,,,,,141.4,150,,,,,,,,,,,,,,,,,,
2026-07-05T00:02:03.167855+00:00,2026-07-05T00:02:03.167780,1,1,141.15,0.5,140.9,200,,,,,,,,,,,,,,,,,,,141.4,250,,,,,,,,,,,,,,,,,,
2026-07-05T00:02:03.173033+00:00,2026-07-05T00:02:03.172975,1,1,141.15,0.5,140.9,100,,,,,,,,,,,,,,,,,,,141.4,100,,,,,,,,,,,,,,,,,,
2026-07-05T00:02:03.247929+00:00,2026-07-05T00:02:03.247809,2,1,141.15,0.5,140.9,100,140.8,150,,,,,,,,,,,,,,,,,141.4,100,,,,,,,,,,,,,,,,,,
2026-07-05T00:02:03.299977+00:00,2026-07-05T00:02:03.300146,2,2,141.1,0.4,140.9,100,140.8,150,,,,,,,,,,,,,,,,,141.3,150,141.4,100,,,,,,,,,,,,,,,,
2026-07-05T00:02:03.535193+00:00,2026-07-05T00:02:03.535118,2,2,141.1,0.4,140.9,50,140.8,150,,,,,,,,,,,,,,,,,141.3,150,141.4,100,,,,,,,,,,,,,,,,
2026-07-05T00:02:04.350605+00:00,2026-07-05T00:02:04.350468,2,2,141.1,0.4,140.9,50,140.8,150,,,,,,,,,,,,,,,,,141.3,107,141.4,100,,,,,,,,,,,,,,,,
2026-07-05T00:02:05.591542+00:00,2026-07-05T00:02:05.591481,2,2,141.1,0.4,140.9,50,140.8,150,,,,,,,,,,,,,,,,,141.3,57,141.4,100,,,,,,,,,,,,,,,,
2026-07-05T00:02:06.217332+00:00,2026-07-05T00:02:06.217254,1,1,141.05,0.5,140.8,150,,,,,,,,,,,,,,,,,,,141.3,57,,,,,,,,,,,,,,,,,,
2026-07-05T00:02:06.274191+00:00,2026-07-05T00:02:06.274117,2,1,141.05,0.5,140.8,150,140.6,100,,,,,,,,,,,,,,,,,141.3,57,,,,,,,,,,,,,,,,,,
2026-07-05T00:02:06.329877+00:00,2026-07-05T00:02:06.329746,2,2,140.95,0.3,140.8,150,140.6,100,,,,,,,,,,,,,,,,,141.1,100,141.3,57,,,,,,,,,,,,,,,,
2026-07-05T00:02:06.350881+00:00,2026-07-05T00:02:06.350812,2,1,140.95,0.3,140.8,150,140.6,100,,,,,,,,,,,,,,,,,141.1,100,,,,,,,,,,,,,,,,,,
2026-07-05T00:02:06.358641+00:00,2026-07-05T00:02:06.355975,1,1,140.85,0.5,140.6,100,,,,,,,,,,,,,,,,,,,141.1,100,,,,,,,,,,,,,,,,,,
2026-07-05T00:02:06.408454+00:00,2026-07-05T00:02:06.408321,2,1,141.05,0.1,141.0,150,140.6,100,,,,,,,,,,,,,,,,,141.1,100,,,,,,,,,,,,,,,,,,
2026-07-05T00:02:06.464098+00:00,2026-07-05T00:02:06.464223,2,2,141.05,0.1,141.0,150,140.6,100,,,,,,,,,,,,,,,,,141.1,100,141.5,150,,,,,,,,,,,,,,,,
2026-07-05T00:02:06.490622+00:00,2026-07-05T00:02:06.490570,2,2,141.05,0.1,141.0,109,140.6,100,,,,,,,,,,,,,,,,,141.1,100,141.5,150,,,,,,,,,,,,,,,,
2026-07-05T00:02:07.783785+00:00,2026-07-05T00:02:07.783678,2,2,141.05,0.1,141.0,59,140.6,100,,,,,,,,,,,,,,,,,141.1,100,141.5,150,,,,,,,,,,,,,,,,
2026-07-05T00:02:09.386113+00:00,2026-07-05T00:02:09.386050,1,1,141.25,0.5,141.0,59,,,,,,,,,,,,,,,,,,,141.5,150,,,,,,,,,,,,,,,,,,
2026-07-05T00:02:09.437935+00:00,2026-07-05T00:02:09.437864,2,1,141.25,0.5,141.0,59,140.8,100,,,,,,,,,,,,,,,,,141.5,150,,,,,,,,,,,,,,,,,,
2026-07-05T00:02:09.493081+00:00,2026-07-05T00:02:09.492991,2,2,141.15,0.3,141.0,59,140.8,100,,,,,,,,,,,,,,,,,141.3,100,141.5,150,,,,,,,,,,,,,,,,
2026-07-05T00:02:09.515037+00:00,2026-07-05T00:02:09.514987,2,1,141.15,0.3,141.0,59,140.8,100,,,,,,,,,,,,,,,,,141.3,100,,,,,,,,,,,,,,,,,,
2026-07-05T00:02:09.520197+00:00,2026-07-05T00:02:09.520130,1,1,141.05,0.5,140.8,100,,,,,,,,,,,,,,,,,,,141.3,100,,,,,,,,,,,,,,,,,,
2026-07-05T00:02:09.569011+00:00,2026-07-05T00:02:09.568961,1,1,141.05,0.5,140.8,250,,,,,,,,,,,,,,,,,,,141.3,100,,,,,,,,,,,,,,,,,,
2026-07-05T00:02:09.621821+00:00,2026-07-05T00:02:09.621903,1,1,141.05,0.5,140.8,250,,,,,,,,,,,,,,,,,,,141.3,250,,,,,,,,,,,,,,,,,,
2026-07-05T00:02:09.901743+00:00,2026-07-05T00:02:09.901625,1,1,141.05,0.5,140.8,200,,,,,,,,,,,,,,,,,,,141.3,250,,,,,,,,,,,,,,,,,,
2026-07-05T00:02:10.758606+00:00,2026-07-05T00:02:10.757334,1,1,141.05,0.5,140.8,200,,,,,,,,,,,,,,,,,,,141.3,202,,,,,,,,,,,,,,,,,,
2026-07-05T00:02:12.003630+00:00,2026-07-05T00:02:12.003863,1,1,141.05,0.5,140.8,150,,,,,,,,,,,,,,,,,,,141.3,202,,,,,,,,,,,,,,,,,,
2026-07-05T00:02:12.548076+00:00,2026-07-05T00:02:12.548216,1,1,141.05,0.5,140.8,150,,,,,,,,,,,,,,,,,,,141.3,150,,,,,,,,,,,,,,,,,,
2026-07-05T00:02:12.602428+00:00,2026-07-05T00:02:12.602390,2,1,141.05,0.5,140.8,110,140.5,100,,,,,,,,,,,,,,,,,141.3,150,,,,,,,,,,,,,,,,,,
2026-07-05T00:02:12.658667+00:00,2026-07-05T00:02:12.658622,2,2,140.9,0.2,140.8,110,140.5,100,,,,,,,,,,,,,,,,,141.0,100,141.3,150,,,,,,,,,,,,,,,,
2026-07-05T00:02:12.679252+00:00,2026-07-05T00:02:12.679387,1,1,140.75,0.5,140.5,100,,,,,,,,,,,,,,,,,,,141.0,100,,,,,,,,,,,,,,,,,,
2026-07-05T00:02:12.734356+00:00,2026-07-05T00:02:12.734265,2,1,140.8,0.4,140.6,150,140.5,100,,,,,,,,,,,,,,,,,141.0,100,,,,,,,,,,,,,,,,,,
2026-07-05T00:02:12.786896+00:00,2026-07-05T00:02:12.786859,2,2,140.8,0.4,140.6,150,140.5,100,,,,,,,,,,,,,,,,,141.0,100,141.1,150,,,,,,,,,,,,,,,,
2026-07-05T00:02:13.125301+00:00,2026-07-05T00:02:13.119942,2,2,140.8,0.4,140.6,150,140.5,100,,,,,,,,,,,,,,,,,141.0,86,141.1,150,,,,,,,,,,,,,,,,
2026-07-05T00:02:14.112213+00:00,2026-07-05T00:02:14.112024,2,2,140.8,0.4,140.6,100,140.5,100,,,,,,,,,,,,,,,,,141.0,86,141.1,150,,,,,,,,,,,,,,,,
2026-07-05T00:02:15.710546+00:00,2026-07-05T00:02:15.710668,1,1,140.85,0.5,140.6,100,,,,,,,,,,,,,,,,,,,141.1,150,,,,,,,,,,,,,,,,,,
2026-07-05T00:02:15.764065+00:00,2026-07-05T00:02:15.764169,1,1,140.85,0.5,140.6,200,,,,,,,,,,,,,,,,,,,141.1,150,,,,,,,,,,,,,,,,,,
2026-07-05T00:02:15.814775+00:00,2026-07-05T00:02:15.814685,1,1,140.85,0.5,140.6,200,,,,,,,,,,,,,,,,,,,141.1,250,,,,,,,,,,,,,,,,,,
2026-07-05T00:02:15.840654+00:00,2026-07-05T00:02:15.840591,1,1,140.85,0.5,140.6,100,,,,,,,,,,,,,,,,,,,141.1,100,,,,,,,,,,,,,,,,,,
2026-07-05T00:02:15.895081+00:00,2026-07-05T00:02:15.895018,2,1,140.85,0.5,140.6,100,140.3,150,,,,,,,,,,,,,,,,,141.1,100,,,,,,,,,,,,,,,,,,
2026-07-05T00:02:15.958627+00:00,2026-07-05T00:02:15.953977,2,2,140.7,0.2,140.6,100,140.3,150,,,,,,,,,,,,,,,,,140.8,150,141.1,100,,,,,,,,,,,,,,,,
2026-07-05T00:02:16.219113+00:00,2026-07-05T00:02:16.219262,2,2,140.7,0.2,140.6,50,140.3,150,,,,,,,,,,,,,,,,,140.8,150,141.1,100,,,,,,,,,,,,,,,,
2026-07-05T00:02:16.239568+00:00,2026-07-05T00:02:16.239470,2,2,140.7,0.2,140.6,50,140.3,150,,,,,,,,,,,,,,,,,140.8,109,141.1,100,,,,,,,,,,,,,,,,
2026-07-05T00:02:17.213625+00:00,2026-07-05T00:02:17.206961,2,2,140.7,0.2,140.6,50,140.3,150,,,,,,,,,,,,,,,,,140.8,97,141.1,100,,,,,,,,,,,,,,,,
2026-07-05T00:02:18.325478+00:00,2026-07-05T00:02:18.325596,1,2,140.55,0.5,140.3,150,,,,,,,,,,,,,,,,,,,140.8,97,141.1,100,,,,,,,,,,,,,,,,
2026-07-05T00:02:18.763902+00:00,2026-07-05T00:02:18.763798,1,2,140.55,0.5,140.3,150,,,,,,,,,,,,,,,,,,,140.8,52,141.1,100,,,,,,,,,,,,,,,,
2026-07-05T00:02:18.871356+00:00,2026-07-05T00:02:18.871213,1,1,140.55,0.5,140.3,150,,,,,,,,,,,,,,,,,,,140.8,52,,,,,,,,,,,,,,,,,,
2026-07-05T00:02:18.924259+00:00,2026-07-05T00:02:18.924107,2,1,140.6,0.4,140.4,100,140.3,150,,,,,,,,,,,,,,,,,140.8,52,,,,,,,,,,,,,,,,,,
2026-07-05T00:02:18.984854+00:00,2026-07-05T00:02:18.984768,2,2,140.6,0.4,140.4,100,140.3,150,,,,,,,,,,,,,,,,,140.8,52,140.9,100,,,,,,,,,,,,,,,,
2026-07-05T00:02:19.005814+00:00,2026-07-05T00:02:19.005752,1,1,140.65,0.5,140.4,100,,,,,,,,,,,,,,,,,,,140.9,100,,,,,,,,,,,,,,,,,,
2026-07-05T00:02:19.058629+00:00,2026-07-05T00:02:19.056928,2,1,140.85,0.1,140.8,150,140.4,100,,,,,,,,,,,,,,,,,140.9,100,,,,,,,,,,,,,,,,,,
2026-07-05T00:02:19.114056+00:00,2026-07-05T00:02:19.114172,2,2,140.85,0.1,140.8,150,140.4,100,,,,,,,,,,,,,,,,,140.9,100,141.3,150,,,,,,,,,,,,,,,,
2026-07-05T00:02:20.434166+00:00,2026-07-05T00:02:20.434085,2,2,140.85,0.1,140.8,100,140.4,100,,,,,,,,,,,,,,,,,140.9,100,141.3,150,,,,,,,,,,,,,,,,
2026-07-05T00:02:22.039265+00:00,2026-07-05T00:02:22.039148,1,1,141.05,0.5,140.8,100,,,,,,,,,,,,,,,,,,,141.3,150,,,,,,,,,,,,,,,,,,
2026-07-05T00:02:22.095489+00:00,2026-07-05T00:02:22.095387,2,1,141.05,0.5,140.8,100,140.2,100,,,,,,,,,,,,,,,,,141.3,150,,,,,,,,,,,,,,,,,,
2026-07-05T00:02:22.149003+00:00,2026-07-05T00:02:22.148927,1,1,140.75,1.1,140.2,100,,,,,,,,,,,,,,,,,,,141.3,150,,,,,,,,,,,,,,,,,,
2026-07-05T00:02:22.166950+00:00,2026-07-05T00:02:22.166823,1,0,,,140.2,100,,,,,,,,,,,,,,,,,,,,,,,,,,,,,,,,,,,,,,
2026-07-05T00:02:22.223719+00:00,2026-07-05T00:02:22.223618,2,0,,,140.2,100,140.0,150,,,,,,,,,,,,,,,,,,,,,,,,,,,,,,,,,,,,
2026-07-05T00:02:22.274927+00:00,2026-07-05T00:02:22.275047,2,1,140.35,0.3,140.2,100,140.0,150,,,,,,,,,,,,,,,,,140.5,150,,,,,,,,,,,,,,,,,,
2026-07-05T00:02:22.285622+00:00,2026-07-05T00:02:22.279232,2,1,140.35,0.3,140.2,100,140.0,150,,,,,,,,,,,,,,,,,140.5,139,,,,,,,,,,,,,,,,,,
2026-07-05T00:02:22.543442+00:00,2026-07-05T00:02:22.543395,2,1,140.35,0.3,140.2,50,140.0,150,,,,,,,,,,,,,,,,,140.5,139,,,,,,,,,,,,,,,,,,
2026-07-05T00:02:22.924896+00:00,2026-07-05T00:02:22.924830,2,1,140.35,0.3,140.2,50,140.0,150,,,,,,,,,,,,,,,,,140.5,94,,,,,,,,,,,,,,,,,,
2026-07-05T00:02:23.261475+00:00,2026-07-05T00:02:23.252638,2,1,140.35,0.3,140.2,50,140.0,150,,,,,,,,,,,,,,,,,140.5,82,,,,,,,,,,,,,,,,,,
2026-07-05T00:02:24.658559+00:00,2026-07-05T00:02:24.658165,1,1,140.25,0.5,140.0,150,,,,,,,,,,,,,,,,,,,140.5,82,,,,,,,,,,,,,,,,,,
2026-07-05T00:02:25.258598+00:00,2026-07-05T00:02:25.255815,2,1,140.4,0.2,140.3,100,140.0,150,,,,,,,,,,,,,,,,,140.5,82,,,,,,,,,,,,,,,,,,
2026-07-05T00:02:25.308817+00:00,2026-07-05T00:02:25.308688,2,2,140.4,0.2,140.3,100,140.0,150,,,,,,,,,,,,,,,,,140.5,82,140.8,100,,,,,,,,,,,,,,,,
2026-07-05T00:02:25.333358+00:00,2026-07-05T00:02:25.333271,1,1,140.55,0.5,140.3,100,,,,,,,,,,,,,,,,,,,140.8,100,,,,,,,,,,,,,,,,,,
2026-07-05T00:02:25.387254+00:00,2026-07-05T00:02:25.387130,2,1,140.6,0.4,140.4,150,140.3,100,,,,,,,,,,,,,,,,,140.8,100,,,,,,,,,,,,,,,,,,
2026-07-05T00:02:25.441030+00:00,2026-07-05T00:02:25.440955,2,2,140.6,0.4,140.4,150,140.3,100,,,,,,,,,,,,,,,,,140.8,100,140.9,150,,,,,,,,,,,,,,,,
2026-07-05T00:02:25.968538+00:00,2026-07-05T00:02:25.968389,2,2,140.6,0.4,140.4,110,140.3,100,,,,,,,,,,,,,,,,,140.8,100,140.9,150,,,,,,,,,,,,,,,,
2026-07-05T00:02:26.577413+00:00,2026-07-05T00:02:26.577341,2,2,140.6,0.4,140.4,70,140.3,100,,,,,,,,,,,,,,,,,140.8,100,140.9,150,,,,,,,,,,,,,,,,
2026-07-05T00:02:26.764746+00:00,2026-07-05T00:02:26.764678,2,2,140.6,0.4,140.4,20,140.3,100,,,,,,,,,,,,,,,,,140.8,100,140.9,150,,,,,,,,,,,,,,,,
2026-07-05T00:02:27.226362+00:00,2026-07-05T00:02:27.226236,2,2,140.6,0.4,140.4,20,140.3,100,,,,,,,,,,,,,,,,,140.8,51,140.9,150,,,,,,,,,,,,,,,,
2026-07-05T00:02:28.358560+00:00,2026-07-05T00:02:28.357382,1,1,140.65,0.5,140.4,20,,,,,,,,,,,,,,,,,,,140.9,150,,,,,,,,,,,,,,,,,,
2026-07-05T00:02:28.416315+00:00,2026-07-05T00:02:28.416429,2,1,140.65,0.5,140.4,20,140.2,100,,,,,,,,,,,,,,,,,140.9,150,,,,,,,,,,,,,,,,,,
2026-07-05T00:02:28.469069+00:00,2026-07-05T00:02:28.468953,2,2,140.55,0.3,140.4,20,140.2,100,,,,,,,,,,,,,,,,,140.7,100,140.9,150,,,,,,,,,,,,,,,,
2026-07-05T00:02:28.496296+00:00,2026-07-05T00:02:28.496209,1,1,140.45,0.5,140.2,100,,,,,,,,,,,,,,,,,,,140.7,100,,,,,,,,,,,,,,,,,,
2026-07-05T00:02:28.550567+00:00,2026-07-05T00:02:28.550520,2,1,140.45,0.5,140.2,100,139.7,150,,,,,,,,,,,,,,,,,140.7,100,,,,,,,,,,,,,,,,,,
2026-07-05T00:02:28.614310+00:00,2026-07-05T00:02:28.607876,1,2,139.95,0.5,139.7,150,,,,,,,,,,,,,,,,,,,140.2,39,140.7,100,,,,,,,,,,,,,,,,
2026-07-05T00:02:28.875559+00:00,2026-07-05T00:02:28.875698,1,2,139.95,0.5,139.7,100,,,,,,,,,,,,,,,,,,,140.2,39,140.7,100,,,,,,,,,,,,,,,,
2026-07-05T00:02:29.542310+00:00,2026-07-05T00:02:29.542241,1,2,139.95,0.5,139.7,58,,,,,,,,,,,,,,,,,,,140.2,39,140.7,100,,,,,,,,,,,,,,,,
2026-07-05T00:02:30.521438+00:00,2026-07-05T00:02:30.516702,1,2,139.95,0.5,139.7,58,,,,,,,,,,,,,,,,,,,140.2,28,140.7,100,,,,,,,,,,,,,,,,
2026-07-05T00:02:30.931936+00:00,2026-07-05T00:02:30.931855,1,1,140.2,1.0,139.7,58,,,,,,,,,,,,,,,,,,,140.7,78,,,,,,,,,,,,,,,,,,
2026-07-05T00:02:31.524781+00:00,2026-07-05T00:02:31.524662,1,0,,,139.7,58,,,,,,,,,,,,,,,,,,,,,,,,,,,,,,,,,,,,,,
2026-07-05T00:02:31.576662+00:00,2026-07-05T00:02:31.576585,2,0,,,139.9,100,139.7,58,,,,,,,,,,,,,,,,,,,,,,,,,,,,,,,,,,,,
2026-07-05T00:02:31.628924+00:00,2026-07-05T00:02:31.628796,2,1,140.15,0.5,139.9,100,139.7,58,,,,,,,,,,,,,,,,,140.4,100,,,,,,,,,,,,,,,,,,
2026-07-05T00:02:31.658668+00:00,2026-07-05T00:02:31.656963,1,1,140.15,0.5,139.9,100,,,,,,,,,,,,,,,,,,,140.4,100,,,,,,,,,,,,,,,,,,
2026-07-05T00:02:31.713027+00:00,2026-07-05T00:02:31.713142,2,1,140.15,0.5,139.9,100,139.8,150,,,,,,,,,,,,,,,,,140.4,100,,,,,,,,,,,,,,,,,,
2026-07-05T00:02:31.769262+00:00,2026-07-05T00:02:31.769103,2,2,140.1,0.4,139.9,100,139.8,150,,,,,,,,,,,,,,,,,140.3,150,140.4,100,,,,,,,,,,,,,,,,
2026-07-05T00:02:32.918530+00:00,2026-07-05T00:02:32.918453,2,2,140.1,0.4,139.9,100,139.8,150,,,,,,,,,,,,,,,,,140.3,101,140.4,100,,,,,,,,,,,,,,,,
2026-07-05T00:02:33.041518+00:00,2026-07-05T00:02:33.041617,2,2,140.1,0.4,139.9,100,139.8,150,,,,,,,,,,,,,,,,,140.3,51,140.4,100,,,,,,,,,,,,,,,,
2026-07-05T00:02:34.570996+00:00,2026-07-05T00:02:34.570912,2,2,140.1,0.4,139.9,100,139.8,150,,,,,,,,,,,,,,,,,140.3,8,140.4,100,,,,,,,,,,,,,,,,
2026-07-05T00:02:34.679357+00:00,2026-07-05T00:02:34.679626,2,1,140.1,0.4,139.9,100,139.8,150,,,,,,,,,,,,,,,,,140.3,8,,,,,,,,,,,,,,,,,,
2026-07-05T00:02:34.684878+00:00,2026-07-05T00:02:34.684792,1,1,140.05,0.5,139.8,150,,,,,,,,,,,,,,,,,,,140.3,8,,,,,,,,,,,,,,,,,,
2026-07-05T00:02:34.738968+00:00,2026-07-05T00:02:34.738848,2,1,140.15,0.3,140.0,100,139.8,150,,,,,,,,,,,,,,,,,140.3,8,,,,,,,,,,,,,,,,,,
2026-07-05T00:02:34.790245+00:00,2026-07-05T00:02:34.790155,2,2,140.15,0.3,140.0,100,139.8,150,,,,,,,,,,,,,,,,,140.3,8,140.5,100,,,,,,,,,,,,,,,,
2026-07-05T00:02:34.823076+00:00,2026-07-05T00:02:34.822987,1,1,140.25,0.5,140.0,100,,,,,,,,,,,,,,,,,,,140.5,100,,,,,,,,,,,,,,,,,,
2026-07-05T00:02:34.877638+00:00,2026-07-05T00:02:34.877536,2,0,,,140.5,50,140.0,100,,,,,,,,,,,,,,,,,,,,,,,,,,,,,,,,,,,,
2026-07-05T00:02:34.943049+00:00,2026-07-05T00:02:34.936825,2,1,140.75,0.5,140.5,28,140.0,100,,,,,,,,,,,,,,,,,141.0,150,,,,,,,,,,,,,,,,,,
2026-07-05T00:02:35.146656+00:00,2026-07-05T00:02:35.146414,2,1,140.75,0.5,140.5,28,140.0,100,,,,,,,,,,,,,,,,,141.0,100,,,,,,,,,,,,,,,,,,
2026-07-05T00:02:37.251294+00:00,2026-07-05T00:02:37.251266,2,1,140.75,0.5,140.5,28,140.0,100,,,,,,,,,,,,,,,,,141.0,50,,,,,,,,,,,,,,,,,,
2026-07-05T00:02:37.846683+00:00,2026-07-05T00:02:37.846581,1,1,140.75,0.5,140.5,28,,,,,,,,,,,,,,,,,,,141.0,50,,,,,,,,,,,,,,,,,,
2026-07-05T00:02:37.900608+00:00,2026-07-05T00:02:37.900528,1,1,140.75,0.5,140.5,128,,,,,,,,,,,,,,,,,,,141.0,50,,,,,,,,,,,,,,,,,,
2026-07-05T00:02:37.958569+00:00,2026-07-05T00:02:37.953303,1,1,140.75,0.5,140.5,128,,,,,,,,,,,,,,,,,,,141.0,150,,,,,,,,,,,,,,,,,,
2026-07-05T00:02:37.987681+00:00,2026-07-05T00:02:37.987661,1,1,140.75,0.5,140.5,100,,,,,,,,,,,,,,,,,,,141.0,100,,,,,,,,,,,,,,,,,,
2026-07-05T00:02:38.037062+00:00,2026-07-05T00:02:38.036954,2,1,140.8,0.4,140.6,150,140.5,100,,,,,,,,,,,,,,,,,141.0,100,,,,,,,,,,,,,,,,,,
2026-07-05T00:02:38.094390+00:00,2026-07-05T00:02:38.094321,2,2,140.8,0.4,140.6,150,140.5,100,,,,,,,,,,,,,,,,,141.0,100,141.1,150,,,,,,,,,,,,,,,,
2026-07-05T00:02:39.358581+00:00,2026-07-05T00:02:39.356922,2,2,140.8,0.4,140.6,150,140.5,100,,,,,,,,,,,,,,,,,141.0,50,141.1,150,,,,,,,,,,,,,,,,
2026-07-05T00:02:41.007459+00:00,2026-07-05T00:02:41.007589,1,1,140.85,0.5,140.6,150,,,,,,,,,,,,,,,,,,,141.1,150,,,,,,,,,,,,,,,,,,
2026-07-05T00:02:41.058615+00:00,2026-07-05T00:02:41.056377,2,1,140.9,0.4,140.7,100,140.6,150,,,,,,,,,,,,,,,,,141.1,150,,,,,,,,,,,,,,,,,,
2026-07-05T00:02:41.113267+00:00,2026-07-05T00:02:41.113145,2,2,140.9,0.4,140.7,100,140.6,150,,,,,,,,,,,,,,,,,141.1,150,141.2,100,,,,,,,,,,,,,,,,
2026-07-05T00:02:41.149384+00:00,2026-07-05T00:02:41.149311,1,1,140.95,0.5,140.7,100,,,,,,,,,,,,,,,,,,,141.2,100,,,,,,,,,,,,,,,,,,
2026-07-05T00:02:41.202627+00:00,2026-07-05T00:02:41.202523,1,1,140.95,0.5,140.7,250,,,,,,,,,,,,,,,,,,,141.2,100,,,,,,,,,,,,,,,,,,
2026-07-05T00:02:41.258627+00:00,2026-07-05T00:02:41.255548,1,1,140.95,0.5,140.7,250,,,,,,,,,,,,,,,,,,,141.2,250,,,,,,,,,,,,,,,,,,
2026-07-05T00:02:41.422771+00:00,2026-07-05T00:02:41.401786,1,1,140.95,0.5,140.7,238,,,,,,,,,,,,,,,,,,,141.2,250,,,,,,,,,,,,,,,,,,
2026-07-05T00:02:41.468566+00:00,2026-07-05T00:02:41.468480,1,1,140.95,0.5,140.7,238,,,,,,,,,,,,,,,,,,,141.2,200,,,,,,,,,,,,,,,,,,
2026-07-05T00:02:41.944196+00:00,2026-07-05T00:02:41.939237,1,1,140.95,0.5,140.7,227,,,,,,,,,,,,,,,,,,,141.2,200,,,,,,,,,,,,,,,,,,
2026-07-05T00:02:44.167645+00:00,2026-07-05T00:02:44.167522,1,1,140.95,0.5,140.7,150,,,,,,,,,,,,,,,,,,,141.2,150,,,,,,,,,,,,,,,,,,
2026-07-05T00:02:44.219529+00:00,2026-07-05T00:02:44.219476,2,1,140.95,0.5,140.7,150,140.5,100,,,,,,,,,,,,,,,,,141.2,150,,,,,,,,,,,,,,,,,,
2026-07-05T00:02:44.273666+00:00,2026-07-05T00:02:44.273620,2,2,140.85,0.3,140.7,150,140.5,100,,,,,,,,,,,,,,,,,141.0,100,141.2,150,,,,,,,,,,,,,,,,
2026-07-05T00:02:44.309975+00:00,2026-07-05T00:02:44.309855,1,1,140.75,0.5,140.5,100,,,,,,,,,,,,,,,,,,,141.0,100,,,,,,,,,,,,,,,,,,
2026-07-05T00:02:44.374323+00:00,2026-07-05T00:02:44.374172,2,1,140.75,0.5,140.5,100,140.4,150,,,,,,,,,,,,,,,,,141.0,100,,,,,,,,,,,,,,,,,,
2026-07-05T00:02:44.438176+00:00,2026-07-05T00:02:44.438082,2,2,140.7,0.4,140.5,100,140.4,150,,,,,,,,,,,,,,,,,140.9,150,141.0,100,,,,,,,,,,,,,,,,
2026-07-05T00:02:45.679374+00:00,2026-07-05T00:02:45.679219,2,2,140.7,0.4,140.5,100,140.4,150,,,,,,,,,,,,,,,,,140.9,100,141.0,100,,,,,,,,,,,,,,,,
2026-07-05T00:02:47.328482+00:00,2026-07-05T00:02:47.328427,1,1,140.65,0.5,140.4,150,,,,,,,,,,,,,,,,,,,140.9,100,,,,,,,,,,,,,,,,,,
2026-07-05T00:02:47.382804+00:00,2026-07-05T00:02:47.382735,2,1,140.7,0.4,140.5,100,140.4,150,,,,,,,,,,,,,,,,,140.9,100,,,,,,,,,,,,,,,,,,
2026-07-05T00:02:47.458579+00:00,2026-07-05T00:02:47.451597,2,2,140.7,0.4,140.5,100,140.4,150,,,,,,,,,,,,,,,,,140.9,100,141.0,100,,,,,,,,,,,,,,,,
2026-07-05T00:02:47.489585+00:00,2026-07-05T00:02:47.489756,1,1,140.75,0.5,140.5,100,,,,,,,,,,,,,,,,,,,141.0,100,,,,,,,,,,,,,,,,,,
2026-07-05T00:02:47.546669+00:00,2026-07-05T00:02:47.546604,1,1,140.75,0.5,140.5,250,,,,,,,,,,,,,,,,,,,141.0,100,,,,,,,,,,,,,,,,,,
2026-07-05T00:02:47.600004+00:00,2026-07-05T00:02:47.599961,1,1,140.75,0.5,140.5,250,,,,,,,,,,,,,,,,,,,141.0,250,,,,,,,,,,,,,,,,,,
2026-07-05T00:02:47.790027+00:00,2026-07-05T00:02:47.790001,1,1,140.75,0.5,140.5,250,,,,,,,,,,,,,,,,,,,141.0,200,,,,,,,,,,,,,,,,,,
2026-07-05T00:02:49.895106+00:00,2026-07-05T00:02:49.894980,1,1,140.75,0.5,140.5,250,,,,,,,,,,,,,,,,,,,141.0,150,,,,,,,,,,,,,,,,,,
2026-07-05T00:02:50.516308+00:00,2026-07-05T00:02:50.516226,1,1,140.75,0.5,140.5,150,,,,,,,,,,,,,,,,,,,141.0,150,,,,,,,,,,,,,,,,,,
2026-07-05T00:02:50.577638+00:00,2026-07-05T00:02:50.572110,2,1,140.85,0.3,140.7,88,140.5,150,,,,,,,,,,,,,,,,,141.0,150,,,,,,,,,,,,,,,,,,
2026-07-05T00:02:50.621717+00:00,2026-07-05T00:02:50.621867,2,2,140.85,0.3,140.7,88,140.5,150,,,,,,,,,,,,,,,,,141.0,150,141.2,100,,,,,,,,,,,,,,,,
2026-07-05T00:02:50.654477+00:00,2026-07-05T00:02:50.654365,1,1,140.95,0.5,140.7,88,,,,,,,,,,,,,,,,,,,141.2,100,,,,,,,,,,,,,,,,,,
2026-07-05T00:02:50.708948+00:00,2026-07-05T00:02:50.708837,2,1,140.95,0.5,140.7,88,140.5,150,,,,,,,,,,,,,,,,,141.2,100,,,,,,,,,,,,,,,,,,
2026-07-05T00:02:50.758604+00:00,2026-07-05T00:02:50.756483,2,2,140.85,0.3,140.7,88,140.5,150,,,,,,,,,,,,,,,,,141.0,150,141.2,100,,,,,,,,,,,,,,,,
2026-07-05T00:02:52.003832+00:00,2026-07-05T00:02:52.003978,2,2,140.85,0.3,140.7,88,140.5,150,,,,,,,,,,,,,,,,,141.0,100,141.2,100,,,,,,,,,,,,,,,,
2026-07-05T00:02:53.677345+00:00,2026-07-05T00:02:53.677263,1,1,140.75,0.5,140.5,150,,,,,,,,,,,,,,,,,,,141.0,100,,,,,,,,,,,,,,,,,,
2026-07-05T00:02:53.740567+00:00,2026-07-05T00:02:53.735682,2,1,140.95,0.1,140.9,89,140.5,150,,,,,,,,,,,,,,,,,141.0,100,,,,,,,,,,,,,,,,,,
2026-07-05T00:02:53.785282+00:00,2026-07-05T00:02:53.785150,2,2,140.95,0.1,140.9,89,140.5,150,,,,,,,,,,,,,,,,,141.0,100,141.4,100,,,,,,,,,,,,,,,,
2026-07-05T00:02:53.815923+00:00,2026-07-05T00:02:53.815884,1,1,141.15,0.5,140.9,89,,,,,,,,,,,,,,,,,,,141.4,100,,,,,,,,,,,,,,,,,,
2026-07-05T00:02:53.868718+00:00,2026-07-05T00:02:53.868595,1,1,141.15,0.5,140.9,239,,,,,,,,,,,,,,,,,,,141.4,100,,,,,,,,,,,,,,,,,,
2026-07-05T00:02:53.923789+00:00,2026-07-05T00:02:53.923730,1,1,141.15,0.5,140.9,239,,,,,,,,,,,,,,,,,,,141.4,250,,,,,,,,,,,,,,,,,,
2026-07-05T00:02:54.117106+00:00,2026-07-05T00:02:54.117031,1,1,141.15,0.5,140.9,239,,,,,,,,,,,,,,,,,,,141.4,200,,,,,,,,,,,,,,,,,,
2026-07-05T00:02:55.347046+00:00,2026-07-05T00:02:55.346950,1,1,141.15,0.5,140.9,198,,,,,,,,,,,,,,,,,,,141.4,200,,,,,,,,,,,,,,,,,,
2026-07-05T00:02:56.227301+00:00,2026-07-05T00:02:56.227234,1,1,141.15,0.5,140.9,198,,,,,,,,,,,,,,,,,,,141.4,150,,,,,,,,,,,,,,,,,,
2026-07-05T00:02:56.838775+00:00,2026-07-05T00:02:56.838653,1,1,141.15,0.5,140.9,150,,,,,,,,,,,,,,,,,,,141.4,150,,,,,,,,,,,,,,,,,,
2026-07-05T00:02:56.892351+00:00,2026-07-05T00:02:56.892187,2,1,141.2,0.4,141.0,100,140.9,150,,,,,,,,,,,,,,,,,141.4,150,,,,,,,,,,,,,,,,,,
2026-07-05T00:02:56.945648+00:00,2026-07-05T00:02:56.945524,2,2,141.2,0.4,141.0,100,140.9,150,,,,,,,,,,,,,,,,,141.4,150,141.5,100,,,,,,,,,,,,,,,,
2026-07-05T00:02:56.978193+00:00,2026-07-05T00:02:56.978152,1,1,141.25,0.5,141.0,100,,,,,,,,,,,,,,,,,,,141.5,100,,,,,,,,,,,,,,,,,,
2026-07-05T00:02:57.033037+00:00,2026-07-05T00:02:57.032966,2,1,141.25,0.5,141.0,100,140.9,150,,,,,,,,,,,,,,,,,141.5,100,,,,,,,,,,,,,,,,,,
2026-07-05T00:02:57.086774+00:00,2026-07-05T00:02:57.086636,2,2,141.2,0.4,141.0,100,140.9,150,,,,,,,,,,,,,,,,,141.4,150,141.5,100,,,,,,,,,,,,,,,,
2026-07-05T00:02:57.643738+00:00,2026-07-05T00:02:57.638393,2,2,141.2,0.4,141.0,97,140.9,150,,,,,,,,,,,,,,,,,141.4,150,141.5,100,,,,,,,,,,,,,,,,
2026-07-05T00:02:57.879044+00:00,2026-07-05T00:02:57.878982,2,2,141.2,0.4,141.0,55,140.9,150,,,,,,,,,,,,,,,,,141.4,150,141.5,100,,,,,,,,,,,,,,,,
2026-07-05T00:02:58.339546+00:00,2026-07-05T00:02:58.339693,2,2,141.2,0.4,141.0,55,140.9,150,,,,,,,,,,,,,,,,,141.4,100,141.5,100,,,,,,,,,,,,,,,,
2026-07-05T00:02:59.999025+00:00,2026-07-05T00:02:59.998944,1,1,141.15,0.5,140.9,150,,,,,,,,,,,,,,,,,,,141.4,100,,,,,,,,,,,,,,,,,,
2026-07-05T00:03:00.052727+00:00,2026-07-05T00:03:00.052696,2,1,141.15,0.5,140.9,150,140.8,100,,,,,,,,,,,,,,,,,141.4,100,,,,,,,,,,,,,,,,,,
2026-07-05T00:03:00.105587+00:00,2026-07-05T00:03:00.105554,2,2,141.1,0.4,140.9,150,140.8,100,,,,,,,,,,,,,,,,,141.3,100,141.4,100,,,,,,,,,,,,,,,,
2026-07-05T00:03:00.169695+00:00,2026-07-05T00:03:00.169613,1,1,141.05,0.5,140.8,100,,,,,,,,,,,,,,,,,,,141.3,100,,,,,,,,,,,,,,,,,,
2026-07-05T00:03:00.223576+00:00,2026-07-05T00:03:00.223497,2,1,141.2,0.2,141.1,150,140.8,100,,,,,,,,,,,,,,,,,141.3,100,,,,,,,,,,,,,,,,,,
2026-07-05T00:03:00.284692+00:00,2026-07-05T00:03:00.284580,2,2,141.2,0.2,141.1,150,140.8,100,,,,,,,,,,,,,,,,,141.3,100,141.6,150,,,,,,,,,,,,,,,,
2026-07-05T00:03:00.446965+00:00,2026-07-05T00:03:00.446851,2,2,141.2,0.2,141.1,150,140.8,100,,,,,,,,,,,,,,,,,141.3,50,141.6,150,,,,,,,,,,,,,,,,
2026-07-05T00:03:02.579485+00:00,2026-07-05T00:03:02.579627,2,1,141.35,0.5,141.1,150,140.8,100,,,,,,,,,,,,,,,,,141.6,150,,,,,,,,,,,,,,,,,,
2026-07-05T00:03:03.184040+00:00,2026-07-05T00:03:03.183898,1,1,141.35,0.5,141.1,150,,,,,,,,,,,,,,,,,,,141.6,150,,,,,,,,,,,,,,,,,,
2026-07-05T00:03:03.235213+00:00,2026-07-05T00:03:03.235073,1,1,141.35,0.5,141.1,250,,,,,,,,,,,,,,,,,,,141.6,150,,,,,,,,,,,,,,,,,,
2026-07-05T00:03:03.288157+00:00,2026-07-05T00:03:03.288000,1,1,141.35,0.5,141.1,250,,,,,,,,,,,,,,,,,,,141.6,250,,,,,,,,,,,,,,,,,,
2026-07-05T00:03:03.340009+00:00,2026-07-05T00:03:03.339929,1,1,141.35,0.5,141.1,100,,,,,,,,,,,,,,,,,,,141.6,100,,,,,,,,,,,,,,,,,,
2026-07-05T00:03:03.393166+00:00,2026-07-05T00:03:03.393088,2,1,141.35,0.5,141.1,100,141.0,150,,,,,,,,,,,,,,,,,141.6,100,,,,,,,,,,,,,,,,,,
2026-07-05T00:03:03.458589+00:00,2026-07-05T00:03:03.447151,2,2,141.3,0.4,141.1,100,141.0,150,,,,,,,,,,,,,,,,,141.5,150,141.6,100,,,,,,,,,,,,,,,,
2026-07-05T00:03:04.575813+00:00,2026-07-05T00:03:04.575734,2,2,141.3,0.4,141.1,58,141.0,150,,,,,,,,,,,,,,,,,141.5,150,141.6,100,,,,,,,,,,,,,,,,
2026-07-05T00:03:04.689673+00:00,2026-07-05T00:03:04.689580,2,2,141.3,0.4,141.1,58,141.0,150,,,,,,,,,,,,,,,,,141.5,100,141.6,100,,,,,,,,,,,,,,,,
2026-07-05T00:03:06.075514+00:00,2026-07-05T00:03:06.075390,2,2,141.3,0.4,141.1,17,141.0,150,,,,,,,,,,,,,,,,,141.5,100,141.6,100,,,,,,,,,,,,,,,,
2026-07-05T00:03:06.341214+00:00,2026-07-05T00:03:06.341186,1,1,141.25,0.5,141.0,150,,,,,,,,,,,,,,,,,,,141.5,100,,,,,,,,,,,,,,,,,,
2026-07-05T00:03:06.396676+00:00,2026-07-05T00:03:06.396535,2,1,141.25,0.5,141.0,150,140.8,100,,,,,,,,,,,,,,,,,141.5,100,,,,,,,,,,,,,,,,,,
2026-07-05T00:03:06.458586+00:00,2026-07-05T00:03:06.444446,2,2,141.15,0.3,141.0,150,140.8,100,,,,,,,,,,,,,,,,,141.3,100,141.5,100,,,,,,,,,,,,,,,,
2026-07-05T00:03:06.502199+00:00,2026-07-05T00:03:06.502078,1,1,141.05,0.5,140.8,100,,,,,,,,,,,,,,,,,,,141.3,100,,,,,,,,,,,,,,,,,,
2026-07-05T00:03:06.556932+00:00,2026-07-05T00:03:06.557031,2,1,141.25,0.1,141.2,150,140.8,100,,,,,,,,,,,,,,,,,141.3,100,,,,,,,,,,,,,,,,,,
2026-07-05T00:03:06.610555+00:00,2026-07-05T00:03:06.610438,2,2,141.25,0.1,141.2,150,140.8,100,,,,,,,,,,,,,,,,,141.3,100,141.7,150,,,,,,,,,,,,,,,,
2026-07-05T00:03:06.822604+00:00,2026-07-05T00:03:06.822419,2,2,141.25,0.1,141.2,150,140.8,100,,,,,,,,,,,,,,,,,141.3,50,141.7,150,,,,,,,,,,,,,,,,
2026-07-05T00:03:06.975793+00:00,2026-07-05T00:03:06.975754,2,2,141.25,0.1,141.2,150,140.8,100,,,,,,,,,,,,,,,,,141.3,7,141.7,150,,,,,,,,,,,,,,,,
2026-07-05T00:03:08.058574+00:00,2026-07-05T00:03:08.057874,2,2,141.25,0.1,141.2,106,140.8,100,,,,,,,,,,,,,,,,,141.3,7,141.7,150,,,,,,,,,,,,,,,,
2026-07-05T00:03:08.683090+00:00,2026-07-05T00:03:08.682957,2,1,141.45,0.5,141.2,106,140.8,100,,,,,,,,,,,,,,,,,141.7,116,,,,,,,,,,,,,,,,,,
2026-07-05T00:03:08.735866+00:00,2026-07-05T00:03:08.735829,2,1,141.45,0.5,141.2,60,140.8,100,,,,,,,,,,,,,,,,,141.7,116,,,,,,,,,,,,,,,,,,
2026-07-05T00:03:08.927957+00:00,2026-07-05T00:03:08.928065,2,1,141.45,0.5,141.2,60,140.8,100,,,,,,,,,,,,,,,,,141.7,66,,,,,,,,,,,,,,,,,,
2026-07-05T00:03:09.233483+00:00,2026-07-05T00:03:09.233423,2,1,141.45,0.5,141.2,60,140.8,100,,,,,,,,,,,,,,,,,141.7,21,,,,,,,,,,,,,,,,,,
2026-07-05T00:03:09.500290+00:00,2026-07-05T00:03:09.500259,1,1,141.45,0.5,141.2,60,,,,,,,,,,,,,,,,,,,141.7,21,,,,,,,,,,,,,,,,,,
2026-07-05T00:03:09.554252+00:00,2026-07-05T00:03:09.554156,2,1,141.55,0.3,141.4,100,141.2,60,,,,,,,,,,,,,,,,,141.7,21,,,,,,,,,,,,,,,,,,
2026-07-05T00:03:09.607438+00:00,2026-07-05T00:03:09.607320,2,2,141.55,0.3,141.4,100,141.2,60,,,,,,,,,,,,,,,,,141.7,21,141.9,100,,,,,,,,,,,,,,,,
2026-07-05T00:03:09.658681+00:00,2026-07-05T00:03:09.654928,2,1,141.65,0.5,141.4,100,141.2,60,,,,,,,,,,,,,,,,,141.9,100,,,,,,,,,,,,,,,,,,
2026-07-05T00:03:09.663839+00:00,2026-07-05T00:03:09.663741,1,1,141.65,0.5,141.4,100,,,,,,,,,,,,,,,,,,,141.9,100,,,,,,,,,,,,,,,,,,
2026-07-05T00:03:09.724319+00:00,2026-07-05T00:03:09.718635,2,1,141.8,0.2,141.7,136,141.4,100,,,,,,,,,,,,,,,,,141.9,100,,,,,,,,,,,,,,,,,,
2026-07-05T00:03:09.768374+00:00,2026-07-05T00:03:09.768306,2,2,141.8,0.2,141.7,136,141.4,100,,,,,,,,,,,,,,,,,141.9,100,142.2,150,,,,,,,,,,,,,,,,
2026-07-05T00:03:10.344195+00:00,2026-07-05T00:03:10.344153,2,2,141.8,0.2,141.7,87,141.4,100,,,,,,,,,,,,,,,,,141.9,100,142.2,150,,,,,,,,,,,,,,,,
2026-07-05T00:03:10.387739+00:00,2026-07-05T00:03:10.387616,2,2,141.8,0.2,141.7,62,141.4,100,,,,,,,,,,,,,,,,,141.9,100,142.2,150,,,,,,,,,,,,,,,,
2026-07-05T00:03:11.042909+00:00,2026-07-05T00:03:11.042760,2,2,141.8,0.2,141.7,62,141.4,100,,,,,,,,,,,,,,,,,141.9,50,142.2,150,,,,,,,,,,,,,,,,
2026-07-05T00:03:12.099608+00:00,2026-07-05T00:03:12.094453,2,2,141.8,0.2,141.7,39,141.4,100,,,,,,,,,,,,,,,,,141.9,50,142.2,150,,,,,,,,,,,,,,,,
2026-07-05T00:03:12.658628+00:00,2026-07-05T00:03:12.657727,1,1,141.95,0.5,141.7,39,,,,,,,,,,,,,,,,,,,142.2,150,,,,,,,,,,,,,,,,,,
2026-07-05T00:03:12.717832+00:00,2026-07-05T00:03:12.717721,2,1,141.95,0.5,141.7,39,141.4,100,,,,,,,,,,,,,,,,,142.2,150,,,,,,,,,,,,,,,,,,
2026-07-05T00:03:12.770872+00:00,2026-07-05T00:03:12.770780,2,2,141.8,0.2,141.7,39,141.4,100,,,,,,,,,,,,,,,,,141.9,100,142.2,150,,,,,,,,,,,,,,,,
2026-07-05T00:03:12.824755+00:00,2026-07-05T00:03:12.824642,1,1,141.65,0.5,141.4,100,,,,,,,,,,,,,,,,,,,141.9,100,,,,,,,,,,,,,,,,,,
2026-07-05T00:03:12.874137+00:00,2026-07-05T00:03:12.874039,2,1,141.65,0.5,141.4,100,141.0,150,,,,,,,,,,,,,,,,,141.9,100,,,,,,,,,,,,,,,,,,
2026-07-05T00:03:12.936335+00:00,2026-07-05T00:03:12.930388,2,2,141.45,0.1,141.4,100,141.0,150,,,,,,,,,,,,,,,,,141.5,139,141.9,100,,,,,,,,,,,,,,,,
2026-07-05T00:03:13.204204+00:00,2026-07-05T00:03:13.204168,2,2,141.45,0.1,141.4,50,141.0,150,,,,,,,,,,,,,,,,,141.5,139,141.9,100,,,,,,,,,,,,,,,,
2026-07-05T00:03:14.731180+00:00,2026-07-05T00:03:14.720062,2,2,141.45,0.1,141.4,50,141.0,150,,,,,,,,,,,,,,,,,141.5,127,141.9,100,,,,,,,,,,,,,,,,
2026-07-05T00:03:15.258650+00:00,2026-07-05T00:03:15.252449,2,2,141.45,0.1,141.4,50,141.0,150,,,,,,,,,,,,,,,,,141.5,77,141.9,100,,,,,,,,,,,,,,,,
2026-07-05T00:03:15.824294+00:00,2026-07-05T00:03:15.824222,1,1,141.25,0.5,141.0,150,,,,,,,,,,,,,,,,,,,141.5,77,,,,,,,,,,,,,,,,,,
2026-07-05T00:03:15.886003+00:00,2026-07-05T00:03:15.885948,2,1,141.45,0.1,141.4,100,141.0,150,,,,,,,,,,,,,,,,,141.5,77,,,,,,,,,,,,,,,,,,
2026-07-05T00:03:15.939872+00:00,2026-07-05T00:03:15.939783,2,2,141.45,0.1,141.4,100,141.0,150,,,,,,,,,,,,,,,,,141.5,77,141.9,100,,,,,,,,,,,,,,,,
2026-07-05T00:03:15.985411+00:00,2026-07-05T00:03:15.985360,1,1,141.65,0.5,141.4,100,,,,,,,,,,,,,,,,,,,141.9,100,,,,,,,,,,,,,,,,,,
2026-07-05T00:03:16.039792+00:00,2026-07-05T00:03:16.039703,2,1,141.7,0.4,141.5,150,141.4,100,,,,,,,,,,,,,,,,,141.9,100,,,,,,,,,,,,,,,,,,
2026-07-05T00:03:16.093664+00:00,2026-07-05T00:03:16.093769,2,2,141.7,0.4,141.5,150,141.4,100,,,,,,,,,,,,,,,,,141.9,100,142.0,150,,,,,,,,,,,,,,,,
2026-07-05T00:03:16.591928+00:00,2026-07-05T00:03:16.591780,2,2,141.7,0.4,141.5,150,141.4,100,,,,,,,,,,,,,,,,,141.9,51,142.0,150,,,,,,,,,,,,,,,,
2026-07-05T00:03:17.371703+00:00,2026-07-05T00:03:17.371834,2,2,141.7,0.4,141.5,150,141.4,100,,,,,,,,,,,,,,,,,141.9,1,142.0,150,,,,,,,,,,,,,,,,
2026-07-05T00:03:18.994616+00:00,2026-07-05T00:03:18.994499,1,1,141.75,0.5,141.5,150,,,,,,,,,,,,,,,,,,,142.0,150,,,,,,,,,,,,,,,,,,
2026-07-05T00:03:19.049229+00:00,2026-07-05T00:03:19.049470,2,1,141.85,0.3,141.7,100,141.5,150,,,,,,,,,,,,,,,,,142.0,150,,,,,,,,,,,,,,,,,,
2026-07-05T00:03:19.098902+00:00,2026-07-05T00:03:19.098788,2,2,141.85,0.3,141.7,100,141.5,150,,,,,,,,,,,,,,,,,142.0,150,142.2,100,,,,,,,,,,,,,,,,
2026-07-05T00:03:19.144496+00:00,2026-07-05T00:03:19.144465,1,1,141.95,0.5,141.7,100,,,,,,,,,,,,,,,,,,,142.2,100,,,,,,,,,,,,,,,,,,
2026-07-05T00:03:19.197860+00:00,2026-07-05T00:03:19.197935,2,1,141.95,0.5,141.7,100,141.5,150,,,,,,,,,,,,,,,,,142.2,100,,,,,,,,,,,,,,,,,,
2026-07-05T00:03:19.251387+00:00,2026-07-05T00:03:19.251461,2,2,141.85,0.3,141.7,100,141.5,150,,,,,,,,,,,,,,,,,142.0,150,142.2,100,,,,,,,,,,,,,,,,
2026-07-05T00:03:19.469104+00:00,2026-07-05T00:03:19.468987,2,2,141.85,0.3,141.7,58,141.5,150,,,,,,,,,,,,,,,,,142.0,150,142.2,100,,,,,,,,,,,,,,,,
2026-07-05T00:03:20.408307+00:00,2026-07-05T00:03:20.408234,2,2,141.85,0.3,141.7,33,141.5,150,,,,,,,,,,,,,,,,,142.0,150,142.2,100,,,,,,,,,,,,,,,,
2026-07-05T00:03:21.005437+00:00,2026-07-05T00:03:21.005583,2,2,141.85,0.3,141.7,33,141.5,150,,,,,,,,,,,,,,,,,142.0,105,142.2,100,,,,,,,,,,,,,,,,
2026-07-05T00:03:22.150923+00:00,2026-07-05T00:03:22.151086,1,1,141.75,0.5,141.5,150,,,,,,,,,,,,,,,,,,,142.0,105,,,,,,,,,,,,,,,,,,
2026-07-05T00:03:22.211358+00:00,2026-07-05T00:03:22.211514,2,1,141.85,0.3,141.7,100,141.5,150,,,,,,,,,,,,,,,,,142.0,105,,,,,,,,,,,,,,,,,,
2026-07-05T00:03:22.258584+00:00,2026-07-05T00:03:22.255179,2,2,141.85,0.3,141.7,100,141.5,150,,,,,,,,,,,,,,,,,142.0,105,142.2,100,,,,,,,,,,,,,,,,
2026-07-05T00:03:22.308407+00:00,2026-07-05T00:03:22.308534,1,1,141.95,0.5,141.7,100,,,,,,,,,,,,,,,,,,,142.2,100,,,,,,,,,,,,,,,,,,
2026-07-05T00:03:22.358594+00:00,2026-07-05T00:03:22.357539,2,1,142.0,0.4,141.8,150,141.7,100,,,,,,,,,,,,,,,,,142.2,100,,,,,,,,,,,,,,,,,,
2026-07-05T00:03:22.414983+00:00,2026-07-05T00:03:22.414889,2,2,142.0,0.4,141.8,150,141.7,100,,,,,,,,,,,,,,,,,142.2,100,142.3,150,,,,,,,,,,,,,,,,
2026-07-05T00:03:23.688591+00:00,2026-07-05T00:03:23.688709,2,2,142.0,0.4,141.8,150,141.7,100,,,,,,,,,,,,,,,,,142.2,50,142.3,150,,,,,,,,,,,,,,,,
2026-07-05T00:03:24.637299+00:00,2026-07-05T00:03:24.637185,2,2,142.0,0.4,141.8,102,141.7,100,,,,,,,,,,,,,,,,,142.2,50,142.3,150,,,,,,,,,,,,,,,,
2026-07-05T00:03:25.026220+00:00,2026-07-05T00:03:25.021047,2,2,142.0,0.4,141.8,90,141.7,100,,,,,,,,,,,,,,,,,142.2,50,142.3,150,,,,,,,,,,,,,,,,
2026-07-05T00:03:25.170339+00:00,2026-07-05T00:03:25.170224,2,2,142.0,0.4,141.8,41,141.7,100,,,,,,,,,,,,,,,,,142.2,50,142.3,150,,,,,,,,,,,,,,,,
2026-07-05T00:03:25.232226+00:00,2026-07-05T00:03:25.227021,2,2,142.0,0.4,141.8,18,141.7,100,,,,,,,,,,,,,,,,,142.2,50,142.3,150,,,,,,,,,,,,,,,,
2026-07-05T00:03:25.314960+00:00,2026-07-05T00:03:25.314853,2,1,142.05,0.5,141.8,18,141.7,100,,,,,,,,,,,,,,,,,142.3,150,,,,,,,,,,,,,,,,,,
2026-07-05T00:03:25.320113+00:00,2026-07-05T00:03:25.319991,1,1,142.05,0.5,141.8,18,,,,,,,,,,,,,,,,,,,142.3,150,,,,,,,,,,,,,,,,,,
2026-07-05T00:03:25.372282+00:00,2026-07-05T00:03:25.372211,2,1,142.05,0.5,141.8,18,141.5,100,,,,,,,,,,,,,,,,,142.3,150,,,,,,,,,,,,,,,,,,
2026-07-05T00:03:25.420128+00:00,2026-07-05T00:03:25.420084,1,1,141.9,0.8,141.5,100,,,,,,,,,,,,,,,,,,,142.3,150,,,,,,,,,,,,,,,,,,
2026-07-05T00:03:25.425346+00:00,2026-07-05T00:03:25.425230,1,2,141.75,0.5,141.5,100,,,,,,,,,,,,,,,,,,,142.0,100,142.3,150,,,,,,,,,,,,,,,,
2026-07-05T00:03:25.469112+00:00,2026-07-05T00:03:25.469015,1,1,141.75,0.5,141.5,100,,,,,,,,,,,,,,,,,,,142.0,100,,,,,,,,,,,,,,,,,,
2026-07-05T00:03:25.518874+00:00,2026-07-05T00:03:25.518763,2,1,141.75,0.5,141.5,100,140.9,150,,,,,,,,,,,,,,,,,142.0,100,,,,,,,,,,,,,,,,,,
2026-07-05T00:03:25.588670+00:00,2026-07-05T00:03:25.583470,1,2,141.15,0.5,140.9,150,,,,,,,,,,,,,,,,,,,141.4,27,142.0,100,,,,,,,,,,,,,,,,
2026-07-05T00:03:25.677454+00:00,2026-07-05T00:03:25.677543,1,1,141.45,1.1,140.9,150,,,,,,,,,,,,,,,,,,,142.0,82,,,,,,,,,,,,,,,,,,
2026-07-05T00:03:25.825304+00:00,2026-07-05T00:03:25.825220,1,1,141.45,1.1,140.9,150,,,,,,,,,,,,,,,,,,,142.0,32,,,,,,,,,,,,,,,,,,
2026-07-05T00:03:27.930264+00:00,2026-07-05T00:03:27.930375,1,0,,,140.9,150,,,,,,,,,,,,,,,,,,,,,,,,,,,,,,,,,,,,,,
2026-07-05T00:03:28.525884+00:00,2026-07-05T00:03:28.525830,2,0,,,141.5,100,140.9,150,,,,,,,,,,,,,,,,,,,,,,,,,,,,,,,,,,,,
2026-07-05T00:03:28.595902+00:00,2026-07-05T00:03:28.595790,2,1,141.75,0.5,141.5,100,140.9,150,,,,,,,,,,,,,,,,,142.0,100,,,,,,,,,,,,,,,,,,
2026-07-05T00:03:28.632076+00:00,2026-07-05T00:03:28.632004,1,1,141.75,0.5,141.5,100,,,,,,,,,,,,,,,,,,,142.0,100,,,,,,,,,,,,,,,,,,
2026-07-05T00:03:28.689748+00:00,2026-07-05T00:03:28.689657,2,1,141.75,0.5,141.5,100,141.4,150,,,,,,,,,,,,,,,,,142.0,100,,,,,,,,,,,,,,,,,,
2026-07-05T00:03:28.742902+00:00,2026-07-05T00:03:28.742843,2,2,141.7,0.4,141.5,100,141.4,150,,,,,,,,,,,,,,,,,141.9,150,142.0,100,,,,,,,,,,,,,,,,
2026-07-05T00:03:30.098154+00:00,2026-07-05T00:03:30.098006,2,2,141.7,0.4,141.5,50,141.4,150,,,,,,,,,,,,,,,,,141.9,150,142.0,100,,,,,,,,,,,,,,,,
2026-07-05T00:03:30.434513+00:00,2026-07-05T00:03:30.434424,2,2,141.7,0.4,141.5,25,141.4,150,,,,,,,,,,,,,,,,,141.9,150,142.0,100,,,,,,,,,,,,,,,,
2026-07-05T00:03:30.874871+00:00,2026-07-05T00:03:30.875034,1,2,141.65,0.5,141.4,129,,,,,,,,,,,,,,,,,,,141.9,150,142.0,100,,,,,,,,,,,,,,,,
2026-07-05T00:03:31.647803+00:00,2026-07-05T00:03:31.647686,1,1,141.65,0.5,141.4,129,,,,,,,,,,,,,,,,,,,141.9,150,,,,,,,,,,,,,,,,,,
2026-07-05T00:03:31.699068+00:00,2026-07-05T00:03:31.699020,2,1,141.65,0.5,141.4,129,141.2,100,,,,,,,,,,,,,,,,,141.9,150,,,,,,,,,,,,,,,,,,
2026-07-05T00:03:31.758688+00:00,2026-07-05T00:03:31.748077,2,2,141.55,0.3,141.4,129,141.2,100,,,,,,,,,,,,,,,,,141.7,100,141.9,150,,,,,,,,,,,,,,,,
2026-07-05T00:03:31.792955+00:00,2026-07-05T00:03:31.793033,2,1,141.55,0.3,141.4,129,141.2,100,,,,,,,,,,,,,,,,,141.7,100,,,,,,,,,,,,,,,,,,
2026-07-05T00:03:31.798243+00:00,2026-07-05T00:03:31.798179,1,1,141.45,0.5,141.2,100,,,,,,,,,,,,,,,,,,,141.7,100,,,,,,,,,,,,,,,,,,
2026-07-05T00:03:31.848499+00:00,2026-07-05T00:03:31.858605,2,1,141.6,0.2,141.5,150,141.2,100,,,,,,,,,,,,,,,,,141.7,100,,,,,,,,,,,,,,,,,,
2026-07-05T00:03:31.899559+00:00,2026-07-05T00:03:31.899632,2,2,141.6,0.2,141.5,150,141.2,100,,,,,,,,,,,,,,,,,141.7,100,142.0,150,,,,,,,,,,,,,,,,
2026-07-05T00:03:32.206083+00:00,2026-07-05T00:03:32.205851,2,2,141.6,0.2,141.5,100,141.2,100,,,,,,,,,,,,,,,,,141.7,100,142.0,150,,,,,,,,,,,,,,,,
2026-07-05T00:03:34.807020+00:00,2026-07-05T00:03:34.806974,1,1,141.75,0.5,141.5,100,,,,,,,,,,,,,,,,,,,142.0,150,,,,,,,,,,,,,,,,,,
2026-07-05T00:03:34.858570+00:00,2026-07-05T00:03:34.856994,2,1,141.75,0.5,141.5,100,141.2,100,,,,,,,,,,,,,,,,,142.0,150,,,,,,,,,,,,,,,,,,
2026-07-05T00:03:34.914311+00:00,2026-07-05T00:03:34.914435,2,2,141.6,0.2,141.5,100,141.2,100,,,,,,,,,,,,,,,,,141.7,100,142.0,150,,,,,,,,,,,,,,,,
2026-07-05T00:03:34.958616+00:00,2026-07-05T00:03:34.957810,1,1,141.45,0.5,141.2,100,,,,,,,,,,,,,,,,,,,141.7,100,,,,,,,,,,,,,,,,,,
2026-07-05T00:03:35.012289+00:00,2026-07-05T00:03:35.012188,2,1,141.5,0.4,141.3,150,141.2,100,,,,,,,,,,,,,,,,,141.7,100,,,,,,,,,,,,,,,,,,
2026-07-05T00:03:35.065333+00:00,2026-07-05T00:03:35.065261,2,2,141.5,0.4,141.3,150,141.2,100,,,,,,,,,,,,,,,,,141.7,100,141.8,150,,,,,,,,,,,,,,,,
2026-07-05T00:03:37.968334+00:00,2026-07-05T00:03:37.968224,1,1,141.55,0.5,141.3,150,,,,,,,,,,,,,,,,,,,141.8,150,,,,,,,,,,,,,,,,,,
2026-07-05T00:03:38.022997+00:00,2026-07-05T00:03:38.023149,2,1,141.55,0.5,141.3,150,141.2,100,,,,,,,,,,,,,,,,,141.8,150,,,,,,,,,,,,,,,,,,
2026-07-05T00:03:38.077189+00:00,2026-07-05T00:03:38.077068,2,2,141.5,0.4,141.3,150,141.2,100,,,,,,,,,,,,,,,,,141.7,100,141.8,150,,,,,,,,,,,,,,,,
2026-07-05T00:03:38.119784+00:00,2026-07-05T00:03:38.119735,1,1,141.45,0.5,141.2,100,,,,,,,,,,,,,,,,,,,141.7,100,,,,,,,,,,,,,,,,,,
2026-07-05T00:03:38.174108+00:00,2026-07-05T00:03:38.174065,2,1,141.5,0.4,141.3,150,141.2,100,,,,,,,,,,,,,,,,,141.7,100,,,,,,,,,,,,,,,,,,
2026-07-05T00:03:38.227626+00:00,2026-07-05T00:03:38.227487,2,2,141.5,0.4,141.3,150,141.2,100,,,,,,,,,,,,,,,,,141.7,100,141.8,150,,,,,,,,,,,,,,,,
2026-07-05T00:03:38.458667+00:00,2026-07-05T00:03:38.457964,2,2,141.5,0.4,141.3,150,141.2,100,,,,,,,,,,,,,,,,,141.7,8,141.8,150,,,,,,,,,,,,,,,,
2026-07-05T00:03:40.572756+00:00,2026-07-05T00:03:40.572652,2,1,141.55,0.5,141.3,150,141.2,100,,,,,,,,,,,,,,,,,141.8,108,,,,,,,,,,,,,,,,,,
2026-07-05T00:03:41.127413+00:00,2026-07-05T00:03:41.127593,1,1,141.55,0.5,141.3,150,,,,,,,,,,,,,,,,,,,141.8,108,,,,,,,,,,,,,,,,,,
2026-07-05T00:03:41.185180+00:00,2026-07-05T00:03:41.185132,2,1,141.7,0.2,141.6,100,141.3,150,,,,,,,,,,,,,,,,,141.8,108,,,,,,,,,,,,,,,,,,
2026-07-05T00:03:41.238156+00:00,2026-07-05T00:03:41.238051,2,2,141.7,0.2,141.6,100,141.3,150,,,,,,,,,,,,,,,,,141.8,108,142.1,100,,,,,,,,,,,,,,,,
2026-07-05T00:03:41.308703+00:00,2026-07-05T00:03:41.308567,1,1,141.85,0.5,141.6,100,,,,,,,,,,,,,,,,,,,142.1,100,,,,,,,,,,,,,,,,,,
2026-07-05T00:03:41.358546+00:00,2026-07-05T00:03:41.358428,2,1,141.85,0.5,141.6,100,141.5,150,,,,,,,,,,,,,,,,,142.1,100,,,,,,,,,,,,,,,,,,
2026-07-05T00:03:41.416692+00:00,2026-07-05T00:03:41.416900,2,2,141.8,0.4,141.6,100,141.5,150,,,,,,,,,,,,,,,,,142.0,150,142.1,100,,,,,,,,,,,,,,,,
2026-07-05T00:03:42.730050+00:00,2026-07-05T00:03:42.730214,2,2,141.8,0.4,141.6,50,141.5,150,,,,,,,,,,,,,,,,,142.0,150,142.1,100,,,,,,,,,,,,,,,,
2026-07-05T00:03:43.597385+00:00,2026-07-05T00:03:43.592734,2,2,141.8,0.4,141.6,27,141.5,150,,,,,,,,,,,,,,,,,142.0,150,142.1,100,,,,,,,,,,,,,,,,
2026-07-05T00:03:44.291931+00:00,2026-07-05T00:03:44.291843,1,1,141.75,0.5,141.5,150,,,,,,,,,,,,,,,,,,,142.0,150,,,,,,,,,,,,,,,,,,
2026-07-05T00:03:44.350361+00:00,2026-07-05T00:03:44.350228,2,1,141.75,0.5,141.5,150,141.0,100,,,,,,,,,,,,,,,,,142.0,150,,,,,,,,,,,,,,,,,,
2026-07-05T00:03:44.400681+00:00,2026-07-05T00:03:44.400597,2,1,141.75,0.5,141.5,50,141.0,100,,,,,,,,,,,,,,,,,142.0,150,,,,,,,,,,,,,,,,,,
2026-07-05T00:03:44.476110+00:00,2026-07-05T00:03:44.476314,1,0,,,141.0,100,,,,,,,,,,,,,,,,,,,,,,,,,,,,,,,,,,,,,,
2026-07-05T00:03:44.531375+00:00,2026-07-05T00:03:44.531270,2,0,,,141.0,100,140.8,150,,,,,,,,,,,,,,,,,,,,,,,,,,,,,,,,,,,,
2026-07-05T00:03:44.595328+00:00,2026-07-05T00:03:44.589273,2,1,141.15,0.3,141.0,100,140.8,150,,,,,,,,,,,,,,,,,141.3,127,,,,,,,,,,,,,,,,,,
2026-07-05T00:03:44.785486+00:00,2026-07-05T00:03:44.785418,2,1,141.15,0.3,141.0,100,140.8,150,,,,,,,,,,,,,,,,,141.3,77,,,,,,,,,,,,,,,,,,
2026-07-05T00:03:45.486893+00:00,2026-07-05T00:03:45.486808,2,1,141.15,0.3,141.0,100,140.8,150,,,,,,,,,,,,,,,,,141.3,30,,,,,,,,,,,,,,,,,,
2026-07-05T00:03:46.451512+00:00,2026-07-05T00:03:46.451482,2,1,141.15,0.3,141.0,51,140.8,150,,,,,,,,,,,,,,,,,141.3,30,,,,,,,,,,,,,,,,,,
2026-07-05T00:03:46.943168+00:00,2026-07-05T00:03:46.943104,2,1,141.15,0.3,141.0,1,140.8,150,,,,,,,,,,,,,,,,,141.3,30,,,,,,,,,,,,,,,,,,
2026-07-05T00:03:47.458558+00:00,2026-07-05T00:03:47.455712,1,1,141.05,0.5,140.8,150,,,,,,,,,,,,,,,,,,,141.3,30,,,,,,,,,,,,,,,,,,
2026-07-05T00:03:47.508724+00:00,2026-07-05T00:03:47.508559,2,1,141.25,0.1,141.2,100,140.8,150,,,,,,,,,,,,,,,,,141.3,30,,,,,,,,,,,,,,,,,,
2026-07-05T00:03:47.558631+00:00,2026-07-05T00:03:47.556009,2,2,141.25,0.1,141.2,100,140.8,150,,,,,,,,,,,,,,,,,141.3,30,141.7,100,,,,,,,,,,,,,,,,
2026-07-05T00:03:47.641808+00:00,2026-07-05T00:03:47.641724,1,1,141.45,0.5,141.2,100,,,,,,,,,,,,,,,,,,,141.7,100,,,,,,,,,,,,,,,,,,
2026-07-05T00:03:47.696514+00:00,2026-07-05T00:03:47.696414,2,1,141.55,0.3,141.4,150,141.2,100,,,,,,,,,,,,,,,,,141.7,100,,,,,,,,,,,,,,,,,,
2026-07-05T00:03:47.745928+00:00,2026-07-05T00:03:47.745848,2,2,141.55,0.3,141.4,150,141.2,100,,,,,,,,,,,,,,,,,141.7,100,141.9,150,,,,,,,,,,,,,,,,
2026-07-05T00:03:48.000325+00:00,2026-07-05T00:03:48.000467,2,2,141.55,0.3,141.4,102,141.2,100,,,,,,,,,,,,,,,,,141.7,100,141.9,150,,,,,,,,,,,,,,,,
2026-07-05T00:03:49.061274+00:00,2026-07-05T00:03:49.061146,2,2,141.55,0.3,141.4,52,141.2,100,,,,,,,,,,,,,,,,,141.7,100,141.9,150,,,,,,,,,,,,,,,,
2026-07-05T00:03:50.458598+00:00,2026-07-05T00:03:50.454571,2,2,141.55,0.3,141.4,27,141.2,100,,,,,,,,,,,,,,,,,141.7,100,141.9,150,,,,,,,,,,,,,,,,
2026-07-05T00:03:50.612995+00:00,2026-07-05T00:03:50.612877,1,1,141.65,0.5,141.4,27,,,,,,,,,,,,,,,,,,,141.9,150,,,,,,,,,,,,,,,,,,
2026-07-05T00:03:50.658581+00:00,2026-07-05T00:03:50.657618,2,1,141.65,0.5,141.4,27,141.1,100,,,,,,,,,,,,,,,,,141.9,150,,,,,,,,,,,,,,,,,,
2026-07-05T00:03:50.719896+00:00,2026-07-05T00:03:50.719809,2,2,141.5,0.2,141.4,27,141.1,100,,,,,,,,,,,,,,,,,141.6,100,141.9,150,,,,,,,,,,,,,,,,
2026-07-05T00:03:50.802834+00:00,2026-07-05T00:03:50.802744,1,1,141.35,0.5,141.1,100,,,,,,,,,,,,,,,,,,,141.6,100,,,,,,,,,,,,,,,,,,
2026-07-05T00:03:50.863677+00:00,2026-07-05T00:03:50.863772,2,1,141.35,0.5,141.1,100,140.8,150,,,,,,,,,,,,,,,,,141.6,100,,,,,,,,,,,,,,,,,,
2026-07-05T00:03:50.910824+00:00,2026-07-05T00:03:50.910941,2,2,141.2,0.2,141.1,100,140.8,150,,,,,,,,,,,,,,,,,141.3,150,141.6,100,,,,,,,,,,,,,,,,
2026-07-05T00:03:51.697650+00:00,2026-07-05T00:03:51.697584,2,2,141.2,0.2,141.1,100,140.8,150,,,,,,,,,,,,,,,,,141.3,110,141.6,100,,,,,,,,,,,,,,,,
2026-07-05T00:03:52.199726+00:00,2026-07-05T00:03:52.193626,2,2,141.2,0.2,141.1,100,140.8,150,,,,,,,,,,,,,,,,,141.3,98,141.6,100,,,,,,,,,,,,,,,,
2026-07-05T00:03:52.761791+00:00,2026-07-05T00:03:52.756418,2,2,141.2,0.2,141.1,100,140.8,150,,,,,,,,,,,,,,,,,141.3,87,141.6,100,,,,,,,,,,,,,,,,
2026-07-05T00:03:53.258662+00:00,2026-07-05T00:03:53.255162,2,2,141.2,0.2,141.1,50,140.8,150,,,,,,,,,,,,,,,,,141.3,87,141.6,100,,,,,,,,,,,,,,,,
2026-07-05T00:03:53.774492+00:00,2026-07-05T00:03:53.774392,1,1,141.05,0.5,140.8,150,,,,,,,,,,,,,,,,,,,141.3,87,,,,,,,,,,,,,,,,,,
2026-07-05T00:03:53.828415+00:00,2026-07-05T00:03:53.828325,2,1,141.25,0.1,141.2,100,140.8,150,,,,,,,,,,,,,,,,,141.3,87,,,,,,,,,,,,,,,,,,
2026-07-05T00:03:53.878052+00:00,2026-07-05T00:03:53.877993,2,2,141.25,0.1,141.2,100,140.8,150,,,,,,,,,,,,,,,,,141.3,87,141.7,100,,,,,,,,,,,,,,,,
2026-07-05T00:03:53.958647+00:00,2026-07-05T00:03:53.956589,1,1,141.45,0.5,141.2,100,,,,,,,,,,,,,,,,,,,141.7,100,,,,,,,,,,,,,,,,,,
2026-07-05T00:03:54.031927+00:00,2026-07-05T00:03:54.031865,2,1,141.5,0.4,141.3,150,141.2,100,,,,,,,,,,,,,,,,,141.7,100,,,,,,,,,,,,,,,,,,
2026-07-05T00:03:54.079830+00:00,2026-07-05T00:03:54.079684,2,2,141.5,0.4,141.3,150,141.2,100,,,,,,,,,,,,,,,,,141.7,100,141.8,150,,,,,,,,,,,,,,,,
2026-07-05T00:03:55.369904+00:00,2026-07-05T00:03:55.369825,2,2,141.5,0.4,141.3,100,141.2,100,,,,,,,,,,,,,,,,,141.7,100,141.8,150,,,,,,,,,,,,,,,,
2026-07-05T00:03:55.468946+00:00,2026-07-05T00:03:55.468845,2,2,141.5,0.4,141.3,75,141.2,100,,,,,,,,,,,,,,,,,141.7,100,141.8,150,,,,,,,,,,,,,,,,
2026-07-05T00:03:56.933364+00:00,2026-07-05T00:03:56.933277,1,1,141.55,0.5,141.3,75,,,,,,,,,,,,,,,,,,,141.8,150,,,,,,,,,,,,,,,,,,
2026-07-05T00:03:56.987306+00:00,2026-07-05T00:03:56.987208,2,1,141.55,0.5,141.3,75,141.1,100,,,,,,,,,,,,,,,,,141.8,150,,,,,,,,,,,,,,,,,,
2026-07-05T00:03:57.046263+00:00,2026-07-05T00:03:57.046150,2,2,141.45,0.3,141.3,75,141.1,100,,,,,,,,,,,,,,,,,141.6,100,141.8,150,,,,,,,,,,,,,,,,
2026-07-05T00:03:57.142726+00:00,2026-07-05T00:03:57.142620,1,1,141.35,0.5,141.1,100,,,,,,,,,,,,,,,,,,,141.6,100,,,,,,,,,,,,,,,,,,
2026-07-05T00:03:57.194368+00:00,2026-07-05T00:03:57.194316,2,1,141.35,0.5,141.1,100,140.9,150,,,,,,,,,,,,,,,,,141.6,100,,,,,,,,,,,,,,,,,,
2026-07-05T00:03:57.249914+00:00,2026-07-05T00:03:57.249791,2,2,141.25,0.3,141.1,100,140.9,150,,,,,,,,,,,,,,,,,141.4,150,141.6,100,,,,,,,,,,,,,,,,
2026-07-05T00:03:57.479990+00:00,2026-07-05T00:03:57.479884,2,2,141.25,0.3,141.1,50,140.9,150,,,,,,,,,,,,,,,,,141.4,150,141.6,100,,,,,,,,,,,,,,,,
2026-07-05T00:03:59.586665+00:00,2026-07-05T00:03:59.586600,1,2,141.15,0.5,140.9,150,,,,,,,,,,,,,,,,,,,141.4,150,141.6,100,,,,,,,,,,,,,,,,
2026-07-05T00:04:00.106851+00:00,2026-07-05T00:04:00.106747,1,1,141.15,0.5,140.9,150,,,,,,,,,,,,,,,,,,,141.4,150,,,,,,,,,,,,,,,,,,
2026-07-05T00:04:00.158581+00:00,2026-07-05T00:04:00.157225,1,1,141.15,0.5,140.9,250,,,,,,,,,,,,,,,,,,,141.4,150,,,,,,,,,,,,,,,,,,
2026-07-05T00:04:00.218434+00:00,2026-07-05T00:04:00.218331,1,1,141.15,0.5,140.9,250,,,,,,,,,,,,,,,,,,,141.4,250,,,,,,,,,,,,,,,,,,
2026-07-05T00:04:00.303928+00:00,2026-07-05T00:04:00.303758,1,1,141.15,0.5,140.9,100,,,,,,,,,,,,,,,,,,,141.4,100,,,,,,,,,,,,,,,,,,
2026-07-05T00:04:00.358601+00:00,2026-07-05T00:04:00.354310,2,1,141.2,0.4,141.0,150,140.9,100,,,,,,,,,,,,,,,,,141.4,100,,,,,,,,,,,,,,,,,,
2026-07-05T00:04:00.407416+00:00,2026-07-05T00:04:00.407347,2,2,141.2,0.4,141.0,150,140.9,100,,,,,,,,,,,,,,,,,141.4,100,141.5,150,,,,,,,,,,,,,,,,
2026-07-05T00:04:01.569821+00:00,2026-07-05T00:04:01.569794,2,2,141.2,0.4,141.0,150,140.9,100,,,,,,,,,,,,,,,,,141.4,60,141.5,150,,,,,,,,,,,,,,,,
2026-07-05T00:04:01.689065+00:00,2026-07-05T00:04:01.689210,2,2,141.2,0.4,141.0,100,140.9,100,,,,,,,,,,,,,,,,,141.4,60,141.5,150,,,,,,,,,,,,,,,,
2026-07-05T00:04:03.268971+00:00,2026-07-05T00:04:03.268901,1,1,141.25,0.5,141.0,100,,,,,,,,,,,,,,,,,,,141.5,150,,,,,,,,,,,,,,,,,,
2026-07-05T00:04:03.322069+00:00,2026-07-05T00:04:03.321951,1,1,141.25,0.5,141.0,200,,,,,,,,,,,,,,,,,,,141.5,150,,,,,,,,,,,,,,,,,,
2026-07-05T00:04:03.375180+00:00,2026-07-05T00:04:03.375096,1,1,141.25,0.5,141.0,200,,,,,,,,,,,,,,,,,,,141.5,250,,,,,,,,,,,,,,,,,,
2026-07-05T00:04:03.464197+00:00,2026-07-05T00:04:03.464158,1,1,141.25,0.5,141.0,100,,,,,,,,,,,,,,,,,,,141.5,100,,,,,,,,,,,,,,,,,,
2026-07-05T00:04:03.519043+00:00,2026-07-05T00:04:03.518869,2,1,141.25,0.5,141.0,100,140.8,150,,,,,,,,,,,,,,,,,141.5,100,,,,,,,,,,,,,,,,,,
2026-07-05T00:04:03.571810+00:00,2026-07-05T00:04:03.571736,2,2,141.15,0.3,141.0,100,140.8,150,,,,,,,,,,,,,,,,,141.3,150,141.5,100,,,,,,,,,,,,,,,,
2026-07-05T00:04:03.800612+00:00,2026-07-05T00:04:03.800458,2,2,141.15,0.3,141.0,50,140.8,150,,,,,,,,,,,,,,,,,141.3,150,141.5,100,,,,,,,,,,,,,,,,
2026-07-05T00:04:03.855669+00:00,2026-07-05T00:04:03.855551,2,2,141.15,0.3,141.0,50,140.8,150,,,,,,,,,,,,,,,,,141.3,105,141.5,100,,,,,,,,,,,,,,,,
2026-07-05T00:04:04.566649+00:00,2026-07-05T00:04:04.561969,2,2,141.15,0.3,141.0,50,140.8,150,,,,,,,,,,,,,,,,,141.3,102,141.5,100,,,,,,,,,,,,,,,,
2026-07-05T00:04:04.958835+00:00,2026-07-05T00:04:04.958710,2,2,141.15,0.3,141.0,50,140.8,150,,,,,,,,,,,,,,,,,141.3,61,141.5,100,,,,,,,,,,,,,,,,
2026-07-05T00:04:05.514030+00:00,2026-07-05T00:04:05.513974,2,2,141.15,0.3,141.0,50,140.8,150,,,,,,,,,,,,,,,,,141.3,36,141.5,100,,,,,,,,,,,,,,,,
2026-07-05T00:04:05.904834+00:00,2026-07-05T00:04:05.904727,1,2,141.05,0.5,140.8,150,,,,,,,,,,,,,,,,,,,141.3,36,141.5,100,,,,,,,,,,,,,,,,
2026-07-05T00:04:06.431931+00:00,2026-07-05T00:04:06.431832,1,1,141.05,0.5,140.8,150,,,,,,,,,,,,,,,,,,,141.3,36,,,,,,,,,,,,,,,,,,
2026-07-05T00:04:06.484343+00:00,2026-07-05T00:04:06.484224,2,1,141.1,0.4,140.9,100,140.8,150,,,,,,,,,,,,,,,,,141.3,36,,,,,,,,,,,,,,,,,,
2026-07-05T00:04:06.536220+00:00,2026-07-05T00:04:06.536195,2,2,141.1,0.4,140.9,100,140.8,150,,,,,,,,,,,,,,,,,141.3,36,141.4,100,,,,,,,,,,,,,,,,
2026-07-05T00:04:06.622885+00:00,2026-07-05T00:04:06.622770,2,1,141.15,0.5,140.9,100,140.8,150,,,,,,,,,,,,,,,,,141.4,100,,,,,,,,,,,,,,,,,,
2026-07-05T00:04:06.628051+00:00,2026-07-05T00:04:06.627957,1,1,141.15,0.5,140.9,100,,,,,,,,,,,,,,,,,,,141.4,100,,,,,,,,,,,,,,,,,,
2026-07-05T00:04:06.681699+00:00,2026-07-05T00:04:06.681629,2,0,,,141.5,50,140.9,100,,,,,,,,,,,,,,,,,,,,,,,,,,,,,,,,,,,,
2026-07-05T00:04:06.748400+00:00,2026-07-05T00:04:06.748233,2,1,141.75,0.5,141.5,50,140.9,100,,,,,,,,,,,,,,,,,142.0,150,,,,,,,,,,,,,,,,,,
2026-07-05T00:04:08.008880+00:00,2026-07-05T00:04:08.009019,1,1,141.45,1.1,140.9,100,,,,,,,,,,,,,,,,,,,142.0,150,,,,,,,,,,,,,,,,,,
2026-07-05T00:04:08.912759+00:00,2026-07-05T00:04:08.912917,1,1,141.45,1.1,140.9,57,,,,,,,,,,,,,,,,,,,142.0,150,,,,,,,,,,,,,,,,,,
2026-07-05T00:04:09.590546+00:00,2026-07-05T00:04:09.590478,0,1,,,,,,,,,,,,,,,,,,,,,,,142.0,150,,,,,,,,,,,,,,,,,,
2026-07-05T00:04:09.639540+00:00,2026-07-05T00:04:09.639726,1,1,141.55,0.9,141.1,100,,,,,,,,,,,,,,,,,,,142.0,150,,,,,,,,,,,,,,,,,,
2026-07-05T00:04:09.692753+00:00,2026-07-05T00:04:09.692675,1,2,141.35,0.5,141.1,100,,,,,,,,,,,,,,,,,,,141.6,100,142.0,150,,,,,,,,,,,,,,,,
2026-07-05T00:04:09.806609+00:00,2026-07-05T00:04:09.806552,1,1,141.35,0.5,141.1,100,,,,,,,,,,,,,,,,,,,141.6,100,,,,,,,,,,,,,,,,,,
2026-07-05T00:04:09.858591+00:00,2026-07-05T00:04:09.857621,2,1,141.35,0.5,141.1,100,140.9,150,,,,,,,,,,,,,,,,,141.6,100,,,,,,,,,,,,,,,,,,
2026-07-05T00:04:09.915926+00:00,2026-07-05T00:04:09.915839,2,2,141.25,0.3,141.1,100,140.9,150,,,,,,,,,,,,,,,,,141.4,150,141.6,100,,,,,,,,,,,,,,,,
2026-07-05T00:04:10.118434+00:00,2026-07-05T00:04:10.118375,2,2,141.25,0.3,141.1,50,140.9,150,,,,,,,,,,,,,,,,,141.4,150,141.6,100,,,,,,,,,,,,,,,,
2026-07-05T00:04:10.443799+00:00,2026-07-05T00:04:10.443682,2,2,141.25,0.3,141.1,50,140.9,150,,,,,,,,,,,,,,,,,141.4,109,141.6,100,,,,,,,,,,,,,,,,
2026-07-05T00:04:11.589972+00:00,2026-07-05T00:04:11.589819,2,2,141.25,0.3,141.1,9,140.9,150,,,,,,,,,,,,,,,,,141.4,109,141.6,100,,,,,,,,,,,,,,,,
2026-07-05T00:04:12.247762+00:00,2026-07-05T00:04:12.247630,1,2,141.15,0.5,140.9,109,,,,,,,,,,,,,,,,,,,141.4,109,141.6,100,,,,,,,,,,,,,,,,
2026-07-05T00:04:12.751091+00:00,2026-07-05T00:04:12.750977,1,1,141.15,0.5,140.9,109,,,,,,,,,,,,,,,,,,,141.4,109,,,,,,,,,,,,,,,,,,
2026-07-05T00:04:12.804201+00:00,2026-07-05T00:04:12.804004,1,1,141.15,0.5,140.9,209,,,,,,,,,,,,,,,,,,,141.4,109,,,,,,,,,,,,,,,,,,
2026-07-05T00:04:12.858558+00:00,2026-07-05T00:04:12.854109,1,1,141.15,0.5,140.9,209,,,,,,,,,,,,,,,,,,,141.4,209,,,,,,,,,,,,,,,,,,
2026-07-05T00:04:12.970432+00:00,2026-07-05T00:04:12.970293,1,1,141.15,0.5,140.9,100,,,,,,,,,,,,,,,,,,,141.4,100,,,,,,,,,,,,,,,,,,
2026-07-05T00:04:13.014187+00:00,2026-07-05T00:04:13.014083,1,1,141.15,0.5,140.9,57,,,,,,,,,,,,,,,,,,,141.4,100,,,,,,,,,,,,,,,,,,
2026-07-05T00:04:13.019199+00:00,2026-07-05T00:04:13.019293,2,1,141.2,0.4,141.0,150,140.9,57,,,,,,,,,,,,,,,,,141.4,100,,,,,,,,,,,,,,,,,,
2026-07-05T00:04:13.075144+00:00,2026-07-05T00:04:13.075107,2,2,141.2,0.4,141.0,150,140.9,57,,,,,,,,,,,,,,,,,141.4,100,141.5,150,,,,,,,,,,,,,,,,
2026-07-05T00:04:14.358573+00:00,2026-07-05T00:04:14.349799,2,2,141.2,0.4,141.0,100,140.9,57,,,,,,,,,,,,,,,,,141.4,100,141.5,150,,,,,,,,,,,,,,,,
2026-07-05T00:04:15.910761+00:00,2026-07-05T00:04:15.910639,1,1,141.25,0.5,141.0,100,,,,,,,,,,,,,,,,,,,141.5,150,,,,,,,,,,,,,,,,,,
2026-07-05T00:04:15.964686+00:00,2026-07-05T00:04:15.964579,2,1,141.25,0.5,141.0,100,140.7,100,,,,,,,,,,,,,,,,,141.5,150,,,,,,,,,,,,,,,,,,
2026-07-05T00:04:16.018299+00:00,2026-07-05T00:04:16.018231,2,2,141.1,0.2,141.0,100,140.7,100,,,,,,,,,,,,,,,,,141.2,100,141.5,150,,,,,,,,,,,,,,,,
2026-07-05T00:04:16.129695+00:00,2026-07-05T00:04:16.129650,1,1,140.95,0.5,140.7,100,,,,,,,,,,,,,,,,,,,141.2,100,,,,,,,,,,,,,,,,,,
2026-07-05T00:04:16.184876+00:00,2026-07-05T00:04:16.184846,1,1,140.95,0.5,140.7,250,,,,,,,,,,,,,,,,,,,141.2,100,,,,,,,,,,,,,,,,,,
2026-07-05T00:04:16.234855+00:00,2026-07-05T00:04:16.234801,1,1,140.95,0.5,140.7,250,,,,,,,,,,,,,,,,,,,141.2,250,,,,,,,,,,,,,,,,,,
2026-07-05T00:04:16.416390+00:00,2026-07-05T00:04:16.416313,1,1,140.95,0.5,140.7,250,,,,,,,,,,,,,,,,,,,141.2,200,,,,,,,,,,,,,,,,,,
2026-07-05T00:04:18.577244+00:00,2026-07-05T00:04:18.577418,1,1,140.95,0.5,140.7,200,,,,,,,,,,,,,,,,,,,141.2,200,,,,,,,,,,,,,,,,,,
2026-07-05T00:04:19.076232+00:00,2026-07-05T00:04:19.076117,1,1,140.95,0.5,140.7,150,,,,,,,,,,,,,,,,,,,141.2,150,,,,,,,,,,,,,,,,,,
2026-07-05T00:04:19.129898+00:00,2026-07-05T00:04:19.129821,2,1,140.95,0.5,140.7,150,140.6,100,,,,,,,,,,,,,,,,,141.2,150,,,,,,,,,,,,,,,,,,
2026-07-05T00:04:19.190597+00:00,2026-07-05T00:04:19.184562,2,2,140.9,0.4,140.7,150,140.6,100,,,,,,,,,,,,,,,,,141.1,97,141.2,150,,,,,,,,,,,,,,,,
2026-07-05T00:04:19.288862+00:00,2026-07-05T00:04:19.288830,1,1,140.85,0.5,140.6,100,,,,,,,,,,,,,,,,,,,141.1,97,,,,,,,,,,,,,,,,,,
2026-07-05T00:04:19.343225+00:00,2026-07-05T00:04:19.343169,1,1,140.85,0.5,140.6,250,,,,,,,,,,,,,,,,,,,141.1,97,,,,,,,,,,,,,,,,,,
2026-07-05T00:04:19.397506+00:00,2026-07-05T00:04:19.397387,1,1,140.85,0.5,140.6,250,,,,,,,,,,,,,,,,,,,141.1,247,,,,,,,,,,,,,,,,,,
2026-07-05T00:04:20.540047+00:00,2026-07-05T00:04:20.539923,1,1,140.85,0.5,140.6,250,,,,,,,,,,,,,,,,,,,141.1,222,,,,,,,,,,,,,,,,,,
2026-07-05T00:04:20.711800+00:00,2026-07-05T00:04:20.711974,1,1,140.85,0.5,140.6,200,,,,,,,,,,,,,,,,,,,141.1,222,,,,,,,,,,,,,,,,,,
2026-07-05T00:04:22.239685+00:00,2026-07-05T00:04:22.239563,1,1,140.85,0.5,140.6,150,,,,,,,,,,,,,,,,,,,141.1,150,,,,,,,,,,,,,,,,,,
2026-07-05T00:04:22.295692+00:00,2026-07-05T00:04:22.295799,2,1,140.85,0.5,140.6,150,140.4,100,,,,,,,,,,,,,,,,,141.1,150,,,,,,,,,,,,,,,,,,
2026-07-05T00:04:22.349016+00:00,2026-07-05T00:04:22.348877,2,2,140.75,0.3,140.6,150,140.4,100,,,,,,,,,,,,,,,,,140.9,100,141.1,150,,,,,,,,,,,,,,,,
2026-07-05T00:04:22.468968+00:00,2026-07-05T00:04:22.468900,1,1,140.65,0.5,140.4,100,,,,,,,,,,,,,,,,,,,140.9,100,,,,,,,,,,,,,,,,,,
2026-07-05T00:04:22.525430+00:00,2026-07-05T00:04:22.525329,2,1,140.7,0.4,140.5,150,140.4,100,,,,,,,,,,,,,,,,,140.9,100,,,,,,,,,,,,,,,,,,
2026-07-05T00:04:22.578195+00:00,2026-07-05T00:04:22.578166,2,2,140.7,0.4,140.5,150,140.4,100,,,,,,,,,,,,,,,,,140.9,100,141.0,150,,,,,,,,,,,,,,,,
2026-07-05T00:04:22.820222+00:00,2026-07-05T00:04:22.820175,2,2,140.7,0.4,140.5,100,140.4,100,,,,,,,,,,,,,,,,,140.9,100,141.0,150,,,,,,,,,,,,,,,,
2026-07-05T00:04:24.938330+00:00,2026-07-05T00:04:24.938222,2,2,140.7,0.4,140.5,50,140.4,100,,,,,,,,,,,,,,,,,140.9,100,141.0,150,,,,,,,,,,,,,,,,
2026-07-05T00:04:25.405280+00:00,2026-07-05T00:04:25.405244,1,1,140.75,0.5,140.5,50,,,,,,,,,,,,,,,,,,,141.0,150,,,,,,,,,,,,,,,,,,
2026-07-05T00:04:25.458585+00:00,2026-07-05T00:04:25.455394,2,1,140.75,0.5,140.5,50,140.3,100,,,,,,,,,,,,,,,,,141.0,150,,,,,,,,,,,,,,,,,,
2026-07-05T00:04:25.518806+00:00,2026-07-05T00:04:25.513318,2,2,140.65,0.3,140.5,50,140.3,100,,,,,,,,,,,,,,,,,140.8,89,141.0,150,,,,,,,,,,,,,,,,
2026-07-05T00:04:25.545094+00:00,2026-07-05T00:04:25.545048,2,2,140.65,0.3,140.5,50,140.3,100,,,,,,,,,,,,,,,,,140.8,64,141.0,150,,,,,,,,,,,,,,,,
2026-07-05T00:04:25.633656+00:00,2026-07-05T00:04:25.633629,1,1,140.55,0.5,140.3,100,,,,,,,,,,,,,,,,,,,140.8,64,,,,,,,,,,,,,,,,,,
