recv_time,book_timestamp,n_bids,n_asks,mid,spread,bid_px_0,bid_vol_0,bid_px_1,bid_vol_1,bid_px_2,bid_vol_2,bid_px_3,bid_vol_3,bid_px_4,bid_vol_4,bid_px_5,bid_vol_5,bid_px_6,bid_vol_6,bid_px_7,bid_vol_7,bid_px_8,bid_vol_8,bid_px_9,bid_vol_9,ask_px_0,ask_vol_0,ask_px_1,ask_vol_1,ask_px_2,ask_vol_2,ask_px_3,ask_vol_3,ask_px_4,ask_vol_4,ask_px_5,ask_vol_5,ask_px_6,ask_vol_6,ask_px_7,ask_vol_7,ask_px_8,ask_vol_8,ask_px_9,ask_vol_9
2026-07-05T09:00:00.512923+00:00,2026-07-05T09:00:00.508409,1,1,141.35,0.5,141.1,100,,,,,,,,,,,,,,,,,,,141.6,50,,,,,,,,,,,,,,,,,,
2026-07-05T09:00:00.551505+00:00,2026-07-05T09:00:00.562120,2,1,141.5,0.2,141.4,150,141.1,100,,,,,,,,,,,,,,,,,141.6,50,,,,,,,,,,,,,,,,,,
2026-07-05T09:00:00.610591+00:00,2026-07-05T09:00:00.616130,2,2,141.5,0.2,141.4,150,141.1,100,,,,,,,,,,,,,,,,,141.6,50,141.9,150,,,,,,,,,,,,,,,,
2026-07-05T09:00:01.252326+00:00,2026-07-05T09:00:01.252272,2,2,141.5,0.2,141.4,101,141.1,100,,,,,,,,,,,,,,,,,141.6,50,141.9,150,,,,,,,,,,,,,,,,
2026-07-05T09:00:01.815386+00:00,2026-07-05T09:00:01.826145,2,2,141.5,0.2,141.4,51,141.1,100,,,,,,,,,,,,,,,,,141.6,50,141.9,150,,,,,,,,,,,,,,,,
2026-07-05T09:00:02.585877+00:00,2026-07-05T09:00:02.585718,1,1,141.65,0.5,141.4,51,,,,,,,,,,,,,,,,,,,141.9,150,,,,,,,,,,,,,,,,,,
2026-07-05T09:00:02.645634+00:00,2026-07-05T09:00:02.645468,1,1,141.65,0.5,141.4,151,,,,,,,,,,,,,,,,,,,141.9,150,,,,,,,,,,,,,,,,,,
2026-07-05T09:00:02.700283+00:00,2026-07-05T09:00:02.700171,1,1,141.65,0.5,141.4,151,,,,,,,,,,,,,,,,,,,141.9,250,,,,,,,,,,,,,,,,,,
2026-07-05T09:00:03.679671+00:00,2026-07-05T09:00:03.679556,1,1,141.65,0.5,141.4,100,,,,,,,,,,,,,,,,,,,141.9,100,,,,,,,,,,,,,,,,,,
2026-07-05T09:00:03.733898+00:00,2026-07-05T09:00:03.733798,2,1,141.65,0.5,141.4,100,140.9,150,,,,,,,,,,,,,,,,,141.9,100,,,,,,,,,,,,,,,,,,
2026-07-05T09:00:03.799056+00:00,2026-07-05T09:00:03.798959,1,2,141.15,0.5,140.9,150,,,,,,,,,,,,,,,,,,,141.4,50,141.9,100,,,,,,,,,,,,,,,,
2026-07-05T09:00:03.842503+00:00,2026-07-05T09:00:03.842442,1,2,141.15,0.5,140.9,150,,,,,,,,,,,,,,,,,,,141.4,6,141.9,100,,,,,,,,,,,,,,,,
2026-07-05T09:00:03.941821+00:00,2026-07-05T09:00:03.942034,1,2,141.15,0.5,140.9,100,,,,,,,,,,,,,,,,,,,141.4,6,141.9,100,,,,,,,,,,,,,,,,
2026-07-05T09:00:05.490760+00:00,2026-07-05T09:00:05.490947,1,1,141.4,1.0,140.9,100,,,,,,,,,,,,,,,,,,,141.9,61,,,,,,,,,,,,,,,,,,
2026-07-05T09:00:05.758617+00:00,2026-07-05T09:00:05.755569,1,0,,,140.9,100,,,,,,,,,,,,,,,,,,,,,,,,,,,,,,,,,,,,,,
2026-07-05T09:00:05.808946+00:00,2026-07-05T09:00:05.808848,2,0,,,141.1,100,140.9,100,,,,,,,,,,,,,,,,,,,,,,,,,,,,,,,,,,,,
2026-07-05T09:00:05.859164+00:00,2026-07-05T09:00:05.858975,2,1,141.35,0.5,141.1,100,140.9,100,,,,,,,,,,,,,,,,,141.6,100,,,,,,,,,,,,,,,,,,
2026-07-05T09:00:06.058626+00:00,2026-07-05T09:00:06.051275,2,1,141.35,0.5,141.1,50,140.9,100,,,,,,,,,,,,,,,,,141.6,100,,,,,,,,,,,,,,,,,,
2026-07-05T09:00:06.942959+00:00,2026-07-05T09:00:06.943041,1,1,141.35,0.5,141.1,50,,,,,,,,,,,,,,,,,,,141.6,100,,,,,,,,,,,,,,,,,,
2026-07-05T09:00:07.000565+00:00,2026-07-05T09:00:07.000510,2,1,141.55,0.1,141.5,150,141.1,50,,,,,,,,,,,,,,,,,141.6,100,,,,,,,,,,,,,,,,,,
2026-07-05T09:00:07.058688+00:00,2026-07-05T09:00:07.053482,2,2,141.55,0.1,141.5,150,141.1,50,,,,,,,,,,,,,,,,,141.6,100,142.0,150,,,,,,,,,,,,,,,,
2026-07-05T09:00:07.555161+00:00,2026-07-05T09:00:07.555104,2,2,141.55,0.1,141.5,150,141.1,50,,,,,,,,,,,,,,,,,141.6,58,142.0,150,,,,,,,,,,,,,,,,
2026-07-05T09:00:08.109747+00:00,2026-07-05T09:00:08.109676,2,2,141.55,0.1,141.5,150,141.1,50,,,,,,,,,,,,,,,,,141.6,8,142.0,150,,,,,,,,,,,,,,,,
2026-07-05T09:00:08.914844+00:00,2026-07-05T09:00:08.914776,1,1,141.75,0.5,141.5,150,,,,,,,,,,,,,,,,,,,142.0,150,,,,,,,,,,,,,,,,,,
2026-07-05T09:00:08.969898+00:00,2026-07-05T09:00:08.969832,2,1,141.75,0.5,141.5,150,141.3,100,,,,,,,,,,,,,,,,,142.0,150,,,,,,,,,,,,,,,,,,
2026-07-05T09:00:09.022969+00:00,2026-07-05T09:00:09.022828,2,2,141.65,0.3,141.5,150,141.3,100,,,,,,,,,,,,,,,,,141.8,100,142.0,150,,,,,,,,,,,,,,,,
2026-07-05T09:00:10.115326+00:00,2026-07-05T09:00:10.115287,1,1,141.55,0.5,141.3,100,,,,,,,,,,,,,,,,,,,141.8,100,,,,,,,,,,,,,,,,,,
2026-07-05T09:00:10.170349+00:00,2026-07-05T09:00:10.170284,2,1,141.65,0.3,141.5,150,141.3,100,,,,,,,,,,,,,,,,,141.8,100,,,,,,,,,,,,,,,,,,
2026-07-05T09:00:10.223353+00:00,2026-07-05T09:00:10.223297,2,2,141.65,0.3,141.5,150,141.3,100,,,,,,,,,,,,,,,,,141.8,100,142.0,150,,,,,,,,,,,,,,,,
2026-07-05T09:00:11.293515+00:00,2026-07-05T09:00:11.293408,2,2,141.65,0.3,141.5,102,141.3,100,,,,,,,,,,,,,,,,,141.8,100,142.0,150,,,,,,,,,,,,,,,,
2026-07-05T09:00:11.900778+00:00,2026-07-05T09:00:11.894125,2,2,141.65,0.3,141.5,90,141.3,100,,,,,,,,,,,,,,,,,141.8,100,142.0,150,,,,,,,,,,,,,,,,
2026-07-05T09:00:12.077954+00:00,2026-07-05T09:00:12.077867,1,1,141.75,0.5,141.5,90,,,,,,,,,,,,,,,,,,,142.0,150,,,,,,,,,,,,,,,,,,
2026-07-05T09:00:12.130449+00:00,2026-07-05T09:00:12.130327,2,1,141.75,0.5,141.5,90,141.1,100,,,,,,,,,,,,,,,,,142.0,150,,,,,,,,,,,,,,,,,,
2026-07-05T09:00:12.184702+00:00,2026-07-05T09:00:12.184606,2,2,141.55,0.1,141.5,90,141.1,100,,,,,,,,,,,,,,,,,141.6,100,142.0,150,,,,,,,,,,,,,,,,
2026-07-05T09:00:12.375343+00:00,2026-07-05T09:00:12.375279,2,2,141.55,0.1,141.5,40,141.1,100,,,,,,,,,,,,,,,,,141.6,100,142.0,150,,,,,,,,,,,,,,,,
2026-07-05T09:00:12.967430+00:00,2026-07-05T09:00:12.967366,1,2,141.35,0.5,141.1,97,,,,,,,,,,,,,,,,,,,141.6,100,142.0,150,,,,,,,,,,,,,,,,
2026-07-05T09:00:13.275688+00:00,2026-07-05T09:00:13.275588,1,1,141.35,0.5,141.1,97,,,,,,,,,,,,,,,,,,,141.6,100,,,,,,,,,,,,,,,,,,
2026-07-05T09:00:13.335296+00:00,2026-07-05T09:00:13.335198,2,1,141.35,0.5,141.1,97,140.6,150,,,,,,,,,,,,,,,,,141.6,100,,,,,,,,,,,,,,,,,,
2026-07-05T09:00:13.408065+00:00,2026-07-05T09:00:13.398355,1,2,140.85,0.5,140.6,150,,,,,,,,,,,,,,,,,,,141.1,41,141.6,100,,,,,,,,,,,,,,,,
2026-07-05T09:00:15.237339+00:00,2026-07-05T09:00:15.237211,1,1,140.85,0.5,140.6,150,,,,,,,,,,,,,,,,,,,141.1,41,,,,,,,,,,,,,,,,,,
2026-07-05T09:00:15.290739+00:00,2026-07-05T09:00:15.290684,1,1,140.85,0.5,140.6,250,,,,,,,,,,,,,,,,,,,141.1,41,,,,,,,,,,,,,,,,,,
2026-07-05T09:00:15.344195+00:00,2026-07-05T09:00:15.344050,1,1,140.85,0.5,140.6,250,,,,,,,,,,,,,,,,,,,141.1,141,,,,,,,,,,,,,,,,,,
2026-07-05T09:00:16.448507+00:00,2026-07-05T09:00:16.458668,1,1,140.85,0.5,140.6,100,,,,,,,,,,,,,,,,,,,141.1,100,,,,,,,,,,,,,,,,,,
2026-07-05T09:00:16.507000+00:00,2026-07-05T09:00:16.506871,2,1,141.0,0.2,140.9,150,140.6,100,,,,,,,,,,,,,,,,,141.1,100,,,,,,,,,,,,,,,,,,
2026-07-05T09:00:16.536240+00:00,2026-07-05T09:00:16.536119,2,1,141.0,0.2,140.9,150,140.6,100,,,,,,,,,,,,,,,,,141.1,50,,,,,,,,,,,,,,,,,,
2026-07-05T09:00:16.558585+00:00,2026-07-05T09:00:16.555372,2,2,141.0,0.2,140.9,150,140.6,100,,,,,,,,,,,,,,,,,141.1,50,141.4,150,,,,,,,,,,,,,,,,
2026-07-05T09:00:17.142656+00:00,2026-07-05T09:00:17.136939,2,2,141.0,0.2,140.9,150,140.6,100,,,,,,,,,,,,,,,,,141.1,39,141.4,150,,,,,,,,,,,,,,,,
2026-07-05T09:00:18.404064+00:00,2026-07-05T09:00:18.404019,2,1,141.15,0.5,140.9,150,140.6,100,,,,,,,,,,,,,,,,,141.4,150,,,,,,,,,,,,,,,,,,
2026-07-05T09:00:18.409304+00:00,2026-07-05T09:00:18.409194,1,1,141.15,0.5,140.9,150,,,,,,,,,,,,,,,,,,,141.4,150,,,,,,,,,,,,,,,,,,
2026-07-05T09:00:18.454903+00:00,2026-07-05T09:00:18.455274,1,1,141.15,0.5,140.9,250,,,,,,,,,,,,,,,,,,,141.4,150,,,,,,,,,,,,,,,,,,
2026-07-05T09:00:18.514953+00:00,2026-07-05T09:00:18.515107,1,1,141.15,0.5,140.9,250,,,,,,,,,,,,,,,,,,,141.4,250,,,,,,,,,,,,,,,,,,
2026-07-05T09:00:18.645136+00:00,2026-07-05T09:00:18.645052,1,1,141.15,0.5,140.9,250,,,,,,,,,,,,,,,,,,,141.4,200,,,,,,,,,,,,,,,,,,
2026-07-05T09:00:19.615479+00:00,2026-07-05T09:00:19.615430,1,1,141.15,0.5,140.9,100,,,,,,,,,,,,,,,,,,,141.4,100,,,,,,,,,,,,,,,,,,
2026-07-05T09:00:19.671860+00:00,2026-07-05T09:00:19.671752,2,1,141.2,0.4,141.0,150,140.9,100,,,,,,,,,,,,,,,,,141.4,100,,,,,,,,,,,,,,,,,,
2026-07-05T09:00:19.723341+00:00,2026-07-05T09:00:19.723281,2,2,141.2,0.4,141.0,150,140.9,100,,,,,,,,,,,,,,,,,141.4,100,141.5,150,,,,,,,,,,,,,,,,
2026-07-05T09:00:20.763931+00:00,2026-07-05T09:00:20.763767,2,2,141.2,0.4,141.0,150,140.9,100,,,,,,,,,,,,,,,,,141.4,50,141.5,150,,,,,,,,,,,,,,,,
2026-07-05T09:00:21.136830+00:00,2026-07-05T09:00:21.136716,2,2,141.2,0.4,141.0,150,140.9,100,,,,,,,,,,,,,,,,,141.4,9,141.5,150,,,,,,,,,,,,,,,,
2026-07-05T09:00:21.570549+00:00,2026-07-05T09:00:21.570496,2,1,141.25,0.5,141.0,150,140.9,100,,,,,,,,,,,,,,,,,141.5,150,,,,,,,,,,,,,,,,,,
2026-07-05T09:00:21.575791+00:00,2026-07-05T09:00:21.575682,1,1,141.25,0.5,141.0,150,,,,,,,,,,,,,,,,,,,141.5,150,,,,,,,,,,,,,,,,,,
2026-07-05T09:00:21.629457+00:00,2026-07-05T09:00:21.629357,1,1,141.25,0.5,141.0,250,,,,,,,,,,,,,,,,,,,141.5,150,,,,,,,,,,,,,,,,,,
2026-07-05T09:00:21.681999+00:00,2026-07-05T09:00:21.682172,1,1,141.25,0.5,141.0,250,,,,,,,,,,,,,,,,,,,141.5,250,,,,,,,,,,,,,,,,,,
2026-07-05T09:00:22.779440+00:00,2026-07-05T09:00:22.779374,1,1,141.25,0.5,141.0,100,,,,,,,,,,,,,,,,,,,141.5,100,,,,,,,,,,,,,,,,,,
2026-07-05T09:00:22.837229+00:00,2026-07-05T09:00:22.837148,2,1,141.35,0.3,141.2,150,141.0,100,,,,,,,,,,,,,,,,,141.5,100,,,,,,,,,,,,,,,,,,
2026-07-05T09:00:22.858599+00:00,2026-07-05T09:00:22.857682,2,1,141.35,0.3,141.2,150,141.0,100,,,,,,,,,,,,,,,,,141.5,50,,,,,,,,,,,,,,,,,,
2026-07-05T09:00:22.889907+00:00,2026-07-05T09:00:22.889831,2,2,141.35,0.3,141.2,150,141.0,100,,,,,,,,,,,,,,,,,141.5,50,141.7,150,,,,,,,,,,,,,,,,
2026-07-05T09:00:23.938777+00:00,2026-07-05T09:00:23.938748,2,2,141.35,0.3,141.2,108,141.0,100,,,,,,,,,,,,,,,,,141.5,50,141.7,150,,,,,,,,,,,,,,,,
2026-07-05T09:00:24.740308+00:00,2026-07-05T09:00:24.740208,1,1,141.45,0.5,141.2,108,,,,,,,,,,,,,,,,,,,141.7,150,,,,,,,,,,,,,,,,,,
2026-07-05T09:00:24.793596+00:00,2026-07-05T09:00:24.793498,2,1,141.65,0.1,141.6,100,141.2,108,,,,,,,,,,,,,,,,,141.7,150,,,,,,,,,,,,,,,,,,
2026-07-05T09:00:24.858845+00:00,2026-07-05T09:00:24.858703,2,2,141.65,0.1,141.6,100,141.2,108,,,,,,,,,,,,,,,,,141.7,150,142.1,100,,,,,,,,,,,,,,,,
2026-07-05T09:00:25.006440+00:00,2026-07-05T09:00:25.000175,2,2,141.65,0.1,141.6,66,141.2,108,,,,,,,,,,,,,,,,,141.7,150,142.1,100,,,,,,,,,,,,,,,,
2026-07-05T09:00:25.056496+00:00,2026-07-05T09:00:25.056641,2,2,141.65,0.1,141.6,66,141.2,108,,,,,,,,,,,,,,,,,141.7,101,142.1,100,,,,,,,,,,,,,,,,
2026-07-05T09:00:25.610852+00:00,2026-07-05T09:00:25.610809,2,2,141.65,0.1,141.6,18,141.2,108,,,,,,,,,,,,,,,,,141.7,101,142.1,100,,,,,,,,,,,,,,,,
2026-07-05T09:00:25.940812+00:00,2026-07-05T09:00:25.940706,1,1,141.85,0.5,141.6,18,,,,,,,,,,,,,,,,,,,142.1,100,,,,,,,,,,,,,,,,,,
2026-07-05T09:00:25.998472+00:00,2026-07-05T09:00:25.998612,2,1,141.85,0.5,141.6,18,141.3,150,,,,,,,,,,,,,,,,,142.1,100,,,,,,,,,,,,,,,,,,
2026-07-05T09:00:26.051432+00:00,2026-07-05T09:00:26.051553,2,2,141.7,0.2,141.6,18,141.3,150,,,,,,,,,,,,,,,,,141.8,150,142.1,100,,,,,,,,,,,,,,,,
2026-07-05T09:00:26.321434+00:00,2026-07-05T09:00:26.314912,1,2,141.55,0.5,141.3,150,,,,,,,,,,,,,,,,,,,141.8,150,142.1,100,,,,,,,,,,,,,,,,
2026-07-05T09:00:26.971991+00:00,2026-07-05T09:00:26.971940,1,2,141.55,0.5,141.3,150,,,,,,,,,,,,,,,,,,,141.8,100,142.1,100,,,,,,,,,,,,,,,,
2026-07-05T09:00:27.908716+00:00,2026-07-05T09:00:27.908805,1,1,141.55,0.5,141.3,150,,,,,,,,,,,,,,,,,,,141.8,100,,,,,,,,,,,,,,,,,,
2026-07-05T09:00:27.958558+00:00,2026-07-05T09:00:27.957137,2,1,141.55,0.5,141.3,150,141.2,100,,,,,,,,,,,,,,,,,141.8,100,,,,,,,,,,,,,,,,,,
2026-07-05T09:00:28.017982+00:00,2026-07-05T09:00:28.017859,2,2,141.5,0.4,141.3,150,141.2,100,,,,,,,,,,,,,,,,,141.7,100,141.8,100,,,,,,,,,,,,,,,,
2026-07-05T09:00:28.172401+00:00,2026-07-05T09:00:28.172353,2,2,141.5,0.4,141.3,150,141.2,100,,,,,,,,,,,,,,,,,141.7,59,141.8,100,,,,,,,,,,,,,,,,
2026-07-05T09:00:28.874482+00:00,2026-07-05T09:00:28.874433,2,2,141.5,0.4,141.3,105,141.2,100,,,,,,,,,,,,,,,,,141.7,59,141.8,100,,,,,,,,,,,,,,,,
2026-07-05T09:00:29.078070+00:00,2026-07-05T09:00:29.077943,2,2,141.5,0.4,141.3,105,141.2,100,,,,,,,,,,,,,,,,,141.7,9,141.8,100,,,,,,,,,,,,,,,,
2026-07-05T09:00:29.104077+00:00,2026-07-05T09:00:29.103956,2,1,141.5,0.4,141.3,105,141.2,100,,,,,,,,,,,,,,,,,141.7,9,,,,,,,,,,,,,,,,,,
2026-07-05T09:00:29.109192+00:00,2026-07-05T09:00:29.109123,1,1,141.45,0.5,141.2,100,,,,,,,,,,,,,,,,,,,141.7,9,,,,,,,,,,,,,,,,,,
2026-07-05T09:00:29.158607+00:00,2026-07-05T09:00:29.152809,2,1,141.55,0.3,141.4,150,141.2,100,,,,,,,,,,,,,,,,,141.7,9,,,,,,,,,,,,,,,,,,
2026-07-05T09:00:29.230674+00:00,2026-07-05T09:00:29.230527,2,2,141.55,0.3,141.4,150,141.2,100,,,,,,,,,,,,,,,,,141.7,9,141.9,150,,,,,,,,,,,,,,,,
2026-07-05T09:00:31.072761+00:00,2026-07-05T09:00:31.072736,1,1,141.65,0.5,141.4,150,,,,,,,,,,,,,,,,,,,141.9,150,,,,,,,,,,,,,,,,,,
2026-07-05T09:00:31.127170+00:00,2026-07-05T09:00:31.127042,1,1,141.65,0.5,141.4,250,,,,,,,,,,,,,,,,,,,141.9,150,,,,,,,,,,,,,,,,,,
2026-07-05T09:00:31.181286+00:00,2026-07-05T09:00:31.181163,1,1,141.65,0.5,141.4,250,,,,,,,,,,,,,,,,,,,141.9,250,,,,,,,,,,,,,,,,,,
2026-07-05T09:00:31.186459+00:00,2026-07-05T09:00:31.186401,1,1,141.65,0.5,141.4,250,,,,,,,,,,,,,,,,,,,141.9,200,,,,,,,,,,,,,,,,,,
2026-07-05T09:00:32.284313+00:00,2026-07-05T09:00:32.284292,1,1,141.65,0.5,141.4,250,,,,,,,,,,,,,,,,,,,141.9,100,,,,,,,,,,,,,,,,,,
2026-07-05T09:00:32.289521+00:00,2026-07-05T09:00:32.289476,1,1,141.65,0.5,141.4,100,,,,,,,,,,,,,,,,,,,141.9,100,,,,,,,,,,,,,,,,,,
2026-07-05T09:00:32.340599+00:00,2026-07-05T09:00:32.340564,2,1,141.75,0.3,141.6,150,141.4,100,,,,,,,,,,,,,,,,,141.9,100,,,,,,,,,,,,,,,,,,
2026-07-05T09:00:32.394342+00:00,2026-07-05T09:00:32.394278,2,2,141.75,0.3,141.6,150,141.4,100,,,,,,,,,,,,,,,,,141.9,100,142.1,150,,,,,,,,,,,,,,,,
2026-07-05T09:00:33.293380+00:00,2026-07-05T09:00:33.293253,2,2,141.75,0.3,141.6,150,141.4,100,,,,,,,,,,,,,,,,,141.9,50,142.1,150,,,,,,,,,,,,,,,,
2026-07-05T09:00:33.417632+00:00,2026-07-05T09:00:33.417530,2,2,141.75,0.3,141.6,110,141.4,100,,,,,,,,,,,,,,,,,141.9,50,142.1,150,,,,,,,,,,,,,,,,
2026-07-05T09:00:34.237544+00:00,2026-07-05T09:00:34.237492,1,1,141.85,0.5,141.6,110,,,,,,,,,,,,,,,,,,,142.1,150,,,,,,,,,,,,,,,,,,
2026-07-05T09:00:34.293019+00:00,2026-07-05T09:00:34.292988,2,1,141.9,0.4,141.7,100,141.6,110,,,,,,,,,,,,,,,,,142.1,150,,,,,,,,,,,,,,,,,,
2026-07-05T09:00:34.345714+00:00,2026-07-05T09:00:34.345661,2,2,141.9,0.4,141.7,100,141.6,110,,,,,,,,,,,,,,,,,142.1,150,142.2,100,,,,,,,,,,,,,,,,
2026-07-05T09:00:35.401048+00:00,2026-07-05T09:00:35.400960,2,2,141.9,0.4,141.7,100,141.6,110,,,,,,,,,,,,,,,,,142.1,100,142.2,100,,,,,,,,,,,,,,,,
2026-07-05T09:00:35.454123+00:00,2026-07-05T09:00:35.444480,1,1,141.95,0.5,141.7,100,,,,,,,,,,,,,,,,,,,142.2,100,,,,,,,,,,,,,,,,,,
2026-07-05T09:00:35.507324+00:00,2026-07-05T09:00:35.507258,2,1,142.0,0.4,141.8,150,141.7,100,,,,,,,,,,,,,,,,,142.2,100,,,,,,,,,,,,,,,,,,
2026-07-05T09:00:35.558587+00:00,2026-07-05T09:00:35.556129,2,2,142.0,0.4,141.8,150,141.7,100,,,,,,,,,,,,,,,,,142.2,100,142.3,150,,,,,,,,,,,,,,,,
2026-07-05T09:00:37.400878+00:00,2026-07-05T09:00:37.400810,1,1,142.05,0.5,141.8,150,,,,,,,,,,,,,,,,,,,142.3,150,,,,,,,,,,,,,,,,,,
2026-07-05T09:00:37.463792+00:00,2026-07-05T09:00:37.463954,2,1,142.05,0.5,141.8,150,141.5,100,,,,,,,,,,,,,,,,,142.3,150,,,,,,,,,,,,,,,,,,
2026-07-05T09:00:37.506609+00:00,2026-07-05T09:00:37.506557,2,1,142.05,0.5,141.8,150,141.5,100,,,,,,,,,,,,,,,,,142.3,104,,,,,,,,,,,,,,,,,,
2026-07-05T09:00:37.511918+00:00,2026-07-05T09:00:37.511802,2,2,141.9,0.2,141.8,150,141.5,100,,,,,,,,,,,,,,,,,142.0,100,142.3,54,,,,,,,,,,,,,,,,
2026-07-05T09:00:37.705300+00:00,2026-07-05T09:00:37.698426,2,2,141.9,0.2,141.8,145,141.5,100,,,,,,,,,,,,,,,,,142.0,100,142.3,54,,,,,,,,,,,,,,,,
2026-07-05T09:00:38.616005+00:00,2026-07-05T09:00:38.615886,1,1,141.75,0.5,141.5,100,,,,,,,,,,,,,,,,,,,142.0,100,,,,,,,,,,,,,,,,,,
2026-07-05T09:00:38.634999+00:00,2026-07-05T09:00:38.634975,1,1,141.75,0.5,141.5,100,,,,,,,,,,,,,,,,,,,142.0,57,,,,,,,,,,,,,,,,,,
2026-07-05T09:00:38.672909+00:00,2026-07-05T09:00:38.672873,2,0,,,142.1,93,141.5,100,,,,,,,,,,,,,,,,,,,,,,,,,,,,,,,,,,,,
2026-07-05T09:00:38.747323+00:00,2026-07-05T09:00:38.733783,2,1,142.35,0.5,142.1,90,141.5,100,,,,,,,,,,,,,,,,,142.6,150,,,,,,,,,,,,,,,,,,
2026-07-05T09:00:39.418499+00:00,2026-07-05T09:00:39.411747,2,1,142.35,0.5,142.1,87,141.5,100,,,,,,,,,,,,,,,,,142.6,150,,,,,,,,,,,,,,,,,,
2026-07-05T09:00:39.673613+00:00,2026-07-05T09:00:39.673550,2,1,142.35,0.5,142.1,37,141.5,100,,,,,,,,,,,,,,,,,142.6,150,,,,,,,,,,,,,,,,,,
2026-07-05T09:00:40.569867+00:00,2026-07-05T09:00:40.570041,1,1,142.35,0.5,142.1,37,,,,,,,,,,,,,,,,,,,142.6,150,,,,,,,,,,,,,,,,,,
2026-07-05T09:00:40.624051+00:00,2026-07-05T09:00:40.623961,2,1,142.35,0.5,142.1,37,141.7,100,,,,,,,,,,,,,,,,,142.6,150,,,,,,,,,,,,,,,,,,
2026-07-05T09:00:40.708462+00:00,2026-07-05T09:00:40.708362,2,2,142.15,0.1,142.1,37,141.7,100,,,,,,,,,,,,,,,,,142.2,100,142.6,150,,,,,,,,,,,,,,,,
2026-07-05T09:00:41.731872+00:00,2026-07-05T09:00:41.731735,2,2,142.15,0.1,142.1,37,141.7,100,,,,,,,,,,,,,,,,,142.2,50,142.6,150,,,,,,,,,,,,,,,,
2026-07-05T09:00:41.781970+00:00,2026-07-05T09:00:41.781900,1,1,141.95,0.5,141.7,100,,,,,,,,,,,,,,,,,,,142.2,50,,,,,,,,,,,,,,,,,,
2026-07-05T09:00:41.836200+00:00,2026-07-05T09:00:41.836129,2,1,141.95,0.5,141.7,100,141.4,150,,,,,,,,,,,,,,,,,142.2,50,,,,,,,,,,,,,,,,,,
2026-07-05T09:00:41.890092+00:00,2026-07-05T09:00:41.889988,2,2,141.8,0.2,141.7,100,141.4,150,,,,,,,,,,,,,,,,,141.9,150,142.2,50,,,,,,,,,,,,,,,,
2026-07-05T09:00:43.331027+00:00,2026-07-05T09:00:43.324342,2,2,141.8,0.2,141.7,100,141.4,150,,,,,,,,,,,,,,,,,141.9,147,142.2,50,,,,,,,,,,,,,,,,
2026-07-05T09:00:43.467524+00:00,2026-07-05T09:00:43.467491,2,2,141.8,0.2,141.7,55,141.4,150,,,,,,,,,,,,,,,,,141.9,147,142.2,50,,,,,,,,,,,,,,,,
2026-07-05T09:00:43.758544+00:00,2026-07-05T09:00:43.757704,1,1,141.65,0.5,141.4,150,,,,,,,,,,,,,,,,,,,141.9,147,,,,,,,,,,,,,,,,,,
2026-07-05T09:00:43.819904+00:00,2026-07-05T09:00:43.819803,1,1,141.65,0.5,141.4,150,,,,,,,,,,,,,,,,,,,141.9,47,,,,,,,,,,,,,,,,,,
2026-07-05T09:00:43.874587+00:00,2026-07-05T09:00:43.874467,1,2,141.65,0.5,141.4,150,,,,,,,,,,,,,,,,,,,141.9,47,142.4,100,,,,,,,,,,,,,,,,
2026-07-05T09:00:43.889911+00:00,2026-07-05T09:00:43.890068,1,2,141.65,0.5,141.4,100,,,,,,,,,,,,,,,,,,,141.9,47,142.4,100,,,,,,,,,,,,,,,,
2026-07-05T09:00:44.958626+00:00,2026-07-05T09:00:44.956757,0,1,,,,,,,,,,,,,,,,,,,,,,,142.4,100,,,,,,,,,,,,,,,,,,
2026-07-05T09:00:45.015738+00:00,2026-07-05T09:00:45.015644,1,1,142.1,0.6,141.8,150,,,,,,,,,,,,,,,,,,,142.4,100,,,,,,,,,,,,,,,,,,
2026-07-05T09:00:45.067045+00:00,2026-07-05T09:00:45.067168,1,2,142.05,0.5,141.8,150,,,,,,,,,,,,,,,,,,,142.3,150,142.4,100,,,,,,,,,,,,,,,,
2026-07-05T09:00:45.999115+00:00,2026-07-05T09:00:45.999047,1,2,142.05,0.5,141.8,100,,,,,,,,,,,,,,,,,,,142.3,150,142.4,100,,,,,,,,,,,,,,,,
2026-07-05T09:00:46.929099+00:00,2026-07-05T09:00:46.929059,1,1,142.05,0.5,141.8,100,,,,,,,,,,,,,,,,,,,142.3,150,,,,,,,,,,,,,,,,,,
2026-07-05T09:00:46.982507+00:00,2026-07-05T09:00:46.982432,2,1,142.05,0.5,141.8,100,141.6,100,,,,,,,,,,,,,,,,,142.3,150,,,,,,,,,,,,,,,,,,
2026-07-05T09:00:47.032279+00:00,2026-07-05T09:00:47.032221,2,2,141.95,0.3,141.8,100,141.6,100,,,,,,,,,,,,,,,,,142.1,100,142.3,150,,,,,,,,,,,,,,,,
2026-07-05T09:00:48.104791+00:00,2026-07-05T09:00:48.104670,2,2,141.95,0.3,141.8,50,141.6,100,,,,,,,,,,,,,,,,,142.1,100,142.3,150,,,,,,,,,,,,,,,,
2026-07-05T09:00:48.120378+00:00,2026-07-05T09:00:48.120270,2,1,141.95,0.3,141.8,50,141.6,100,,,,,,,,,,,,,,,,,142.1,100,,,,,,,,,,,,,,,,,,
2026-07-05T09:00:48.125522+00:00,2026-07-05T09:00:48.125447,1,1,141.85,0.5,141.6,100,,,,,,,,,,,,,,,,,,,142.1,100,,,,,,,,,,,,,,,,,,
2026-07-05T09:00:48.178732+00:00,2026-07-05T09:00:48.178645,2,1,141.85,0.5,141.6,100,141.3,150,,,,,,,,,,,,,,,,,142.1,100,,,,,,,,,,,,,,,,,,
2026-07-05T09:00:48.227709+00:00,2026-07-05T09:00:48.227641,2,2,141.7,0.2,141.6,100,141.3,150,,,,,,,,,,,,,,,,,141.8,150,142.1,100,,,,,,,,,,,,,,,,
2026-07-05T09:00:48.780996+00:00,2026-07-05T09:00:48.780926,2,2,141.7,0.2,141.6,56,141.3,150,,,,,,,,,,,,,,,,,141.8,150,142.1,100,,,,,,,,,,,,,,,,
2026-07-05T09:00:49.378362+00:00,2026-07-05T09:00:49.378555,2,2,141.7,0.2,141.6,56,141.3,150,,,,,,,,,,,,,,,,,141.8,105,142.1,100,,,,,,,,,,,,,,,,
2026-07-05T09:00:49.933256+00:00,2026-07-05T09:00:49.926907,2,2,141.7,0.2,141.6,56,141.3,150,,,,,,,,,,,,,,,,,141.8,102,142.1,100,,,,,,,,,,,,,,,,
2026-07-05T09:00:50.090013+00:00,2026-07-05T09:00:50.089945,1,1,141.55,0.5,141.3,150,,,,,,,,,,,,,,,,,,,141.8,102,,,,,,,,,,,,,,,,,,
2026-07-05T09:00:50.145255+00:00,2026-07-05T09:00:50.145129,2,1,141.7,0.2,141.6,100,141.3,150,,,,,,,,,,,,,,,,,141.8,102,,,,,,,,,,,,,,,,,,
2026-07-05T09:00:50.163894+00:00,2026-07-05T09:00:50.163831,2,1,141.7,0.2,141.6,100,141.3,150,,,,,,,,,,,,,,,,,141.8,52,,,,,,,,,,,,,,,,,,
2026-07-05T09:00:50.198016+00:00,2026-07-05T09:00:50.197948,2,2,141.7,0.2,141.6,100,141.3,150,,,,,,,,,,,,,,,,,141.8,52,142.1,100,,,,,,,,,,,,,,,,
2026-07-05T09:00:51.164614+00:00,2026-07-05T09:00:51.164553,2,2,141.7,0.2,141.6,54,141.3,150,,,,,,,,,,,,,,,,,141.8,52,142.1,100,,,,,,,,,,,,,,,,
2026-07-05T09:00:51.285175+00:00,2026-07-05T09:00:51.285052,1,1,141.85,0.5,141.6,54,,,,,,,,,,,,,,,,,,,142.1,100,,,,,,,,,,,,,,,,,,
2026-07-05T09:00:51.340744+00:00,2026-07-05T09:00:51.340615,2,1,141.95,0.3,141.8,150,141.6,54,,,,,,,,,,,,,,,,,142.1,100,,,,,,,,,,,,,,,,,,
2026-07-05T09:00:51.394904+00:00,2026-07-05T09:00:51.394777,2,2,141.95,0.3,141.8,150,141.6,54,,,,,,,,,,,,,,,,,142.1,100,142.3,150,,,,,,,,,,,,,,,,
2026-07-05T09:00:52.324171+00:00,2026-07-05T09:00:52.324086,2,2,141.95,0.3,141.8,100,141.6,54,,,,,,,,,,,,,,,,,142.1,100,142.3,150,,,,,,,,,,,,,,,,
2026-07-05T09:00:53.258722+00:00,2026-07-05T09:00:53.258665,2,1,142.05,0.5,141.8,100,141.6,54,,,,,,,,,,,,,,,,,142.3,150,,,,,,,,,,,,,,,,,,
2026-07-05T09:00:53.263935+00:00,2026-07-05T09:00:53.263851,1,1,142.05,0.5,141.8,100,,,,,,,,,,,,,,,,,,,142.3,150,,,,,,,,,,,,,,,,,,
2026-07-05T09:00:53.308484+00:00,2026-07-05T09:00:53.308450,2,1,142.05,0.5,141.8,100,141.3,100,,,,,,,,,,,,,,,,,142.3,150,,,,,,,,,,,,,,,,,,
2026-07-05T09:00:53.368926+00:00,2026-07-05T09:00:53.368873,1,1,141.8,1.0,141.3,100,,,,,,,,,,,,,,,,,,,142.3,150,,,,,,,,,,,,,,,,,,
2026-07-05T09:00:53.997915+00:00,2026-07-05T09:00:53.997791,1,1,141.8,1.0,141.3,100,,,,,,,,,,,,,,,,,,,142.3,110,,,,,,,,,,,,,,,,,,
2026-07-05T09:00:54.433079+00:00,2026-07-05T09:00:54.432942,1,1,141.8,1.0,141.3,50,,,,,,,,,,,,,,,,,,,142.3,110,,,,,,,,,,,,,,,,,,
2026-07-05T09:00:54.458661+00:00,2026-07-05T09:00:54.452253,1,0,,,141.3,50,,,,,,,,,,,,,,,,,,,,,,,,,,,,,,,,,,,,,,
2026-07-05T09:00:54.505957+00:00,2026-07-05T09:00:54.505924,1,0,,,141.3,200,,,,,,,,,,,,,,,,,,,,,,,,,,,,,,,,,,,,,,
2026-07-05T09:00:54.558846+00:00,2026-07-05T09:00:54.558749,1,1,141.55,0.5,141.3,200,,,,,,,,,,,,,,,,,,,141.8,150,,,,,,,,,,,,,,,,,,
2026-07-05T09:00:55.791754+00:00,2026-07-05T09:00:55.791698,1,1,141.55,0.5,141.3,200,,,,,,,,,,,,,,,,,,,141.8,104,,,,,,,,,,,,,,,,,,
2026-07-05T09:00:56.448355+00:00,2026-07-05T09:00:56.448310,1,1,141.55,0.5,141.3,150,,,,,,,,,,,,,,,,,,,141.8,104,,,,,,,,,,,,,,,,,,
2026-07-05T09:00:56.490628+00:00,2026-07-05T09:00:56.490569,1,1,141.55,0.5,141.3,150,,,,,,,,,,,,,,,,,,,141.8,54,,,,,,,,,,,,,,,,,,
2026-07-05T09:00:56.504563+00:00,2026-07-05T09:00:56.504449,2,1,141.7,0.2,141.6,100,141.3,150,,,,,,,,,,,,,,,,,141.8,54,,,,,,,,,,,,,,,,,,
2026-07-05T09:00:56.558829+00:00,2026-07-05T09:00:56.558739,2,2,141.7,0.2,141.6,100,141.3,150,,,,,,,,,,,,,,,,,141.8,54,142.1,100,,,,,,,,,,,,,,,,
2026-07-05T09:00:57.615761+00:00,2026-07-05T09:00:57.615900,1,1,141.85,0.5,141.6,100,,,,,,,,,,,,,,,,,,,142.1,100,,,,,,,,,,,,,,,,,,
2026-07-05T09:00:57.670728+00:00,2026-07-05T09:00:57.670823,2,1,141.95,0.3,141.8,150,141.6,100,,,,,,,,,,,,,,,,,142.1,100,,,,,,,,,,,,,,,,,,
2026-07-05T09:00:57.724503+00:00,2026-07-05T09:00:57.724397,2,2,141.95,0.3,141.8,150,141.6,100,,,,,,,,,,,,,,,,,142.1,100,142.3,150,,,,,,,,,,,,,,,,
2026-07-05T09:00:58.644887+00:00,2026-07-05T09:00:58.644806,2,2,141.95,0.3,141.8,100,141.6,100,,,,,,,,,,,,,,,,,142.1,100,142.3,150,,,,,,,,,,,,,,,,
2026-07-05T09:00:58.730982+00:00,2026-07-05T09:00:58.730845,2,2,141.95,0.3,141.8,57,141.6,100,,,,,,,,,,,,,,,,,142.1,100,142.3,150,,,,,,,,,,,,,,,,
2026-07-05T09:00:59.613205+00:00,2026-07-05T09:00:59.613075,1,1,142.05,0.5,141.8,57,,,,,,,,,,,,,,,,,,,142.3,150,,,,,,,,,,,,,,,,,,
2026-07-05T09:00:59.669550+00:00,2026-07-05T09:00:59.669424,2,1,142.05,0.5,141.8,57,141.6,100,,,,,,,,,,,,,,,,,142.3,150,,,,,,,,,,,,,,,,,,
2026-07-05T09:00:59.722205+00:00,2026-07-05T09:00:59.722133,2,2,141.95,0.3,141.8,57,141.6,100,,,,,,,,,,,,,,,,,142.1,100,142.3,150,,,,,,,,,,,,,,,,
2026-07-05T09:01:00.280492+00:00,2026-07-05T09:01:00.280400,2,2,141.95,0.3,141.8,12,141.6,100,,,,,,,,,,,,,,,,,142.1,100,142.3,150,,,,,,,,,,,,,,,,
2026-07-05T09:01:00.764155+00:00,2026-07-05T09:01:00.764013,1,2,141.85,0.5,141.6,62,,,,,,,,,,,,,,,,,,,142.1,100,142.3,150,,,,,,,,,,,,,,,,
2026-07-05T09:01:00.778043+00:00,2026-07-05T09:01:00.777868,1,1,141.85,0.5,141.6,62,,,,,,,,,,,,,,,,,,,142.1,100,,,,,,,,,,,,,,,,,,
2026-07-05T09:01:00.832491+00:00,2026-07-05T09:01:00.832426,2,1,141.85,0.5,141.6,62,141.2,150,,,,,,,,,,,,,,,,,142.1,100,,,,,,,,,,,,,,,,,,
2026-07-05T09:01:00.897757+00:00,2026-07-05T09:01:00.890944,2,2,141.65,0.1,141.6,62,141.2,150,,,,,,,,,,,,,,,,,141.7,139,142.1,100,,,,,,,,,,,,,,,,
2026-07-05T09:01:02.758580+00:00,2026-07-05T09:01:02.754911,2,2,141.65,0.1,141.6,62,141.2,150,,,,,,,,,,,,,,,,,141.7,93,142.1,100,,,,,,,,,,,,,,,,
2026-07-05T09:01:02.774151+00:00,2026-07-05T09:01:02.774062,1,1,141.45,0.5,141.2,150,,,,,,,,,,,,,,,,,,,141.7,93,,,,,,,,,,,,,,,,,,
2026-07-05T09:01:02.829059+00:00,2026-07-05T09:01:02.829152,2,1,141.6,0.2,141.5,100,141.2,150,,,,,,,,,,,,,,,,,141.7,93,,,,,,,,,,,,,,,,,,
2026-07-05T09:01:02.858607+00:00,2026-07-05T09:01:02.858574,2,1,141.6,0.2,141.5,50,141.2,150,,,,,,,,,,,,,,,,,141.7,93,,,,,,,,,,,,,,,,,,
2026-07-05T09:01:02.883579+00:00,2026-07-05T09:01:02.883449,2,2,141.6,0.2,141.5,50,141.2,150,,,,,,,,,,,,,,,,,141.7,93,142.0,100,,,,,,,,,,,,,,,,
2026-07-05T09:01:03.940296+00:00,2026-07-05T09:01:03.940200,1,1,141.75,0.5,141.5,50,,,,,,,,,,,,,,,,,,,142.0,100,,,,,,,,,,,,,,,,,,
2026-07-05T09:01:03.995946+00:00,2026-07-05T09:01:03.996041,2,1,141.75,0.5,141.5,50,141.4,150,,,,,,,,,,,,,,,,,142.0,100,,,,,,,,,,,,,,,,,,
2026-07-05T09:01:04.049335+00:00,2026-07-05T09:01:04.049274,2,2,141.7,0.4,141.5,50,141.4,150,,,,,,,,,,,,,,,,,141.9,150,142.0,100,,,,,,,,,,,,,,,,
2026-07-05T09:01:04.414108+00:00,2026-07-05T09:01:04.413982,2,2,141.7,0.4,141.5,50,141.4,150,,,,,,,,,,,,,,,,,141.9,110,142.0,100,,,,,,,,,,,,,,,,
2026-07-05T09:01:04.476244+00:00,2026-07-05T09:01:04.476165,2,2,141.7,0.4,141.5,1,141.4,150,,,,,,,,,,,,,,,,,141.9,110,142.0,100,,,,,,,,,,,,,,,,
2026-07-05T09:01:04.972266+00:00,2026-07-05T09:01:04.972118,1,2,141.65,0.5,141.4,101,,,,,,,,,,,,,,,,,,,141.9,110,142.0,100,,,,,,,,,,,,,,,,
2026-07-05T09:01:05.939098+00:00,2026-07-05T09:01:05.938915,1,1,141.65,0.5,141.4,101,,,,,,,,,,,,,,,,,,,141.9,110,,,,,,,,,,,,,,,,,,
2026-07-05T09:01:05.993748+00:00,2026-07-05T09:01:05.993675,2,1,141.65,0.5,141.4,101,141.3,100,,,,,,,,,,,,,,,,,141.9,110,,,,,,,,,,,,,,,,,,
2026-07-05T09:01:06.044056+00:00,2026-07-05T09:01:06.043936,2,2,141.6,0.4,141.4,101,141.3,100,,,,,,,,,,,,,,,,,141.8,100,141.9,110,,,,,,,,,,,,,,,,
2026-07-05T09:01:07.079893+00:00,2026-07-05T09:01:07.079817,2,2,141.6,0.4,141.4,51,141.3,100,,,,,,,,,,,,,,,,,141.8,100,141.9,110,,,,,,,,,,,,,,,,
2026-07-05T09:01:07.102673+00:00,2026-07-05T09:01:07.102579,1,1,141.55,0.5,141.3,100,,,,,,,,,,,,,,,,,,,141.8,100,,,,,,,,,,,,,,,,,,
2026-07-05T09:01:07.158680+00:00,2026-07-05T09:01:07.153186,1,1,141.55,0.5,141.3,250,,,,,,,,,,,,,,,,,,,141.8,100,,,,,,,,,,,,,,,,,,
2026-07-05T09:01:07.210350+00:00,2026-07-05T09:01:07.210233,1,1,141.55,0.5,141.3,250,,,,,,,,,,,,,,,,,,,141.8,250,,,,,,,,,,,,,,,,,,
2026-07-05T09:01:09.103545+00:00,2026-07-05T09:01:09.103502,1,1,141.55,0.5,141.3,150,,,,,,,,,,,,,,,,,,,141.8,150,,,,,,,,,,,,,,,,,,
2026-07-05T09:01:09.158552+00:00,2026-07-05T09:01:09.151590,1,1,141.55,0.5,141.3,250,,,,,,,,,,,,,,,,,,,141.8,150,,,,,,,,,,,,,,,,,,
2026-07-05T09:01:09.212964+00:00,2026-07-05T09:01:09.212893,1,1,141.55,0.5,141.3,200,,,,,,,,,,,,,,,,,,,141.8,150,,,,,,,,,,,,,,,,,,
2026-07-05T09:01:09.218277+00:00,2026-07-05T09:01:09.218160,1,1,141.55,0.5,141.3,200,,,,,,,,,,,,,,,,,,,141.8,250,,,,,,,,,,,,,,,,,,
2026-07-05T09:01:10.264610+00:00,2026-07-05T09:01:10.264732,1,1,141.55,0.5,141.3,100,,,,,,,,,,,,,,,,,,,141.8,100,,,,,,,,,,,,,,,,,,
2026-07-05T09:01:10.320089+00:00,2026-07-05T09:01:10.319972,2,1,141.55,0.5,141.3,100,141.2,150,,,,,,,,,,,,,,,,,141.8,100,,,,,,,,,,,,,,,,,,
2026-07-05T09:01:10.384313+00:00,2026-07-05T09:01:10.378050,2,2,141.5,0.4,141.3,100,141.2,150,,,,,,,,,,,,,,,,,141.7,138,141.8,100,,,,,,,,,,,,,,,,
2026-07-05T09:01:10.490206+00:00,2026-07-05T09:01:10.487348,2,2,141.5,0.4,141.3,100,141.2,150,,,,,,,,,,,,,,,,,141.7,91,141.8,100,,,,,,,,,,,,,,,,
2026-07-05T09:01:11.320997+00:00,2026-07-05T09:01:11.320876,2,2,141.5,0.4,141.3,50,141.2,150,,,,,,,,,,,,,,,,,141.7,91,141.8,100,,,,,,,,,,,,,,,,
2026-07-05T09:01:11.564197+00:00,2026-07-05T09:01:11.563921,2,2,141.5,0.4,141.3,50,141.2,150,,,,,,,,,,,,,,,,,141.7,48,141.8,100,,,,,,,,,,,,,,,,
2026-07-05T09:01:12.275794+00:00,2026-07-05T09:01:12.275700,1,1,141.45,0.5,141.2,150,,,,,,,,,,,,,,,,,,,141.7,48,,,,,,,,,,,,,,,,,,
2026-07-05T09:01:12.331489+00:00,2026-07-05T09:01:12.331346,2,1,141.45,0.5,141.2,150,141.1,100,,,,,,,,,,,,,,,,,141.7,48,,,,,,,,,,,,,,,,,,
2026-07-05T09:01:12.379547+00:00,2026-07-05T09:01:12.379639,2,2,141.4,0.4,141.2,150,141.1,100,,,,,,,,,,,,,,,,,141.6,100,141.7,48,,,,,,,,,,,,,,,,
2026-07-05T09:01:12.390056+00:00,2026-07-05T09:01:12.383764,2,2,141.4,0.4,141.2,150,141.1,100,,,,,,,,,,,,,,,,,141.6,89,141.7,48,,,,,,,,,,,,,,,,
2026-07-05T09:01:13.427035+00:00,2026-07-05T09:01:13.427177,1,1,141.35,0.5,141.1,100,,,,,,,,,,,,,,,,,,,141.6,89,,,,,,,,,,,,,,,,,,
2026-07-05T09:01:13.458580+00:00,2026-07-05T09:01:13.451408,1,1,141.35,0.5,141.1,50,,,,,,,,,,,,,,,,,,,141.6,89,,,,,,,,,,,,,,,,,,
2026-07-05T09:01:13.479393+00:00,2026-07-05T09:01:13.479265,2,1,141.55,0.1,141.5,150,141.1,50,,,,,,,,,,,,,,,,,141.6,89,,,,,,,,,,,,,,,,,,
2026-07-05T09:01:13.529977+00:00,2026-07-05T09:01:13.525453,2,2,141.55,0.1,141.5,150,141.1,50,,,,,,,,,,,,,,,,,141.6,77,142.0,150,,,,,,,,,,,,,,,,
2026-07-05T09:01:15.158593+00:00,2026-07-05T09:01:15.155064,2,2,141.55,0.1,141.5,109,141.1,50,,,,,,,,,,,,,,,,,141.6,77,142.0,150,,,,,,,,,,,,,,,,
2026-07-05T09:01:15.434118+00:00,2026-07-05T09:01:15.434038,2,1,141.75,0.5,141.5,109,141.1,50,,,,,,,,,,,,,,,,,142.0,150,,,,,,,,,,,,,,,,,,
2026-07-05T09:01:15.439273+00:00,2026-07-05T09:01:15.439204,1,1,141.75,0.5,141.5,109,,,,,,,,,,,,,,,,,,,142.0,150,,,,,,,,,,,,,,,,,,
2026-07-05T09:01:15.492935+00:00,2026-07-05T09:01:15.490182,2,1,141.75,0.5,141.5,109,141.0,100,,,,,,,,,,,,,,,,,142.0,150,,,,,,,,,,,,,,,,,,
2026-07-05T09:01:15.550195+00:00,2026-07-05T09:01:15.550090,2,1,141.75,0.5,141.5,9,141.0,100,,,,,,,,,,,,,,,,,142.0,150,,,,,,,,,,,,,,,,,,
2026-07-05T09:01:15.565906+00:00,2026-07-05T09:01:15.565772,1,1,141.5,1.0,141.0,59,,,,,,,,,,,,,,,,,,,142.0,150,,,,,,,,,,,,,,,,,,
2026-07-05T09:01:15.811039+00:00,2026-07-05T09:01:15.810902,1,1,141.5,1.0,141.0,59,,,,,,,,,,,,,,,,,,,142.0,103,,,,,,,,,,,,,,,,,,
2026-07-05T09:01:16.434892+00:00,2026-07-05T09:01:16.434844,1,1,141.5,1.0,141.0,16,,,,,,,,,,,,,,,,,,,142.0,103,,,,,,,,,,,,,,,,,,
2026-07-05T09:01:16.588210+00:00,2026-07-05T09:01:16.588162,1,0,,,141.0,16,,,,,,,,,,,,,,,,,,,,,,,,,,,,,,,,,,,,,,
2026-07-05T09:01:16.639031+00:00,2026-07-05T09:01:16.638925,2,0,,,141.4,150,141.0,16,,,,,,,,,,,,,,,,,,,,,,,,,,,,,,,,,,,,
2026-07-05T09:01:16.692168+00:00,2026-07-05T09:01:16.692032,2,1,141.65,0.5,141.4,150,141.0,16,,,,,,,,,,,,,,,,,141.9,150,,,,,,,,,,,,,,,,,,
2026-07-05T09:01:17.048225+00:00,2026-07-05T09:01:17.048095,2,1,141.65,0.5,141.4,110,141.0,16,,,,,,,,,,,,,,,,,141.9,150,,,,,,,,,,,,,,,,,,
2026-07-05T09:01:17.658695+00:00,2026-07-05T09:01:17.657061,2,1,141.65,0.5,141.4,110,141.0,16,,,,,,,,,,,,,,,,,141.9,104,,,,,,,,,,,,,,,,,,
2026-07-05T09:01:18.349703+00:00,2026-07-05T09:01:18.349643,2,1,141.65,0.5,141.4,110,141.0,16,,,,,,,,,,,,,,,,,141.9,59,,,,,,,,,,,,,,,,,,
2026-07-05T09:01:18.607704+00:00,2026-07-05T09:01:18.607858,1,1,141.65,0.5,141.4,110,,,,,,,,,,,,,,,,,,,141.9,59,,,,,,,,,,,,,,,,,,
2026-07-05T09:01:18.658571+00:00,2026-07-05T09:01:18.656972,1,1,141.65,0.5,141.4,210,,,,,,,,,,,,,,,,,,,141.9,59,,,,,,,,,,,,,,,,,,
2026-07-05T09:01:18.716284+00:00,2026-07-05T09:01:18.716394,1,1,141.65,0.5,141.4,210,,,,,,,,,,,,,,,,,,,141.9,159,,,,,,,,,,,,,,,,,,
2026-07-05T09:01:19.744506+00:00,2026-07-05T09:01:19.744455,1,1,141.65,0.5,141.4,210,,,,,,,,,,,,,,,,,,,141.9,100,,,,,,,,,,,,,,,,,,
2026-07-05T09:01:19.749668+00:00,2026-07-05T09:01:19.749631,1,1,141.65,0.5,141.4,100,,,,,,,,,,,,,,,,,,,141.9,100,,,,,,,,,,,,,,,,,,
2026-07-05T09:01:19.803349+00:00,2026-07-05T09:01:19.803435,2,1,141.8,0.2,141.7,150,141.4,100,,,,,,,,,,,,,,,,,141.9,100,,,,,,,,,,,,,,,,,,
2026-07-05T09:01:19.858620+00:00,2026-07-05T09:01:19.851792,2,2,141.8,0.2,141.7,150,141.4,100,,,,,,,,,,,,,,,,,141.9,100,142.2,150,,,,,,,,,,,,,,,,
2026-07-05T09:01:21.771923+00:00,2026-07-05T09:01:21.771854,1,1,141.95,0.5,141.7,150,,,,,,,,,,,,,,,,,,,142.2,150,,,,,,,,,,,,,,,,,,
2026-07-05T09:01:21.823348+00:00,2026-07-05T09:01:21.823239,2,1,141.95,0.5,141.7,150,141.4,100,,,,,,,,,,,,,,,,,142.2,150,,,,,,,,,,,,,,,,,,
2026-07-05T09:01:21.880129+00:00,2026-07-05T09:01:21.880064,2,2,141.8,0.2,141.7,150,141.4,100,,,,,,,,,,,,,,,,,141.9,100,142.2,150,,,,,,,,,,,,,,,,
2026-07-05T09:01:22.091648+00:00,2026-07-05T09:01:22.091617,2,2,141.8,0.2,141.7,106,141.4,100,,,,,,,,,,,,,,,,,141.9,100,142.2,150,,,,,,,,,,,,,,,,
2026-07-05T09:01:22.652011+00:00,2026-07-05T09:01:22.651928,2,2,141.8,0.2,141.7,106,141.4,100,,,,,,,,,,,,,,,,,141.9,56,142.2,150,,,,,,,,,,,,,,,,
2026-07-05T09:01:22.709113+00:00,2026-07-05T09:01:22.709263,2,2,141.8,0.2,141.7,57,141.4,100,,,,,,,,,,,,,,,,,141.9,56,142.2,150,,,,,,,,,,,,,,,,
2026-07-05T09:01:22.912011+00:00,2026-07-05T09:01:22.911848,1,1,141.65,0.5,141.4,100,,,,,,,,,,,,,,,,,,,141.9,56,,,,,,,,,,,,,,,,,,
2026-07-05T09:01:22.958622+00:00,2026-07-05T09:01:22.957360,2,1,141.65,0.5,141.4,100,141.1,150,,,,,,,,,,,,,,,,,141.9,56,,,,,,,,,,,,,,,,,,
2026-07-05T09:01:23.031321+00:00,2026-07-05T09:01:23.023954,2,2,141.5,0.2,141.4,100,141.1,150,,,,,,,,,,,,,,,,,141.6,139,141.9,56,,,,,,,,,,,,,,,,
2026-07-05T09:01:24.034463+00:00,2026-07-05T09:01:24.034546,2,2,141.5,0.2,141.4,50,141.1,150,,,,,,,,,,,,,,,,,141.6,139,141.9,56,,,,,,,,,,,,,,,,
2026-07-05T09:01:24.306423+00:00,2026-07-05T09:01:24.299597,2,2,141.5,0.2,141.4,50,141.1,150,,,,,,,,,,,,,,,,,141.6,128,141.9,56,,,,,,,,,,,,,,,,
2026-07-05T09:01:24.931893+00:00,2026-07-05T09:01:24.932053,2,1,141.5,0.2,141.4,50,141.1,150,,,,,,,,,,,,,,,,,141.6,128,,,,,,,,,,,,,,,,,,
2026-07-05T09:01:24.937390+00:00,2026-07-05T09:01:24.937252,1,1,141.35,0.5,141.1,150,,,,,,,,,,,,,,,,,,,141.6,128,,,,,,,,,,,,,,,,,,
2026-07-05T09:01:24.990807+00:00,2026-07-05T09:01:24.990669,2,1,141.45,0.3,141.3,100,141.1,150,,,,,,,,,,,,,,,,,141.6,128,,,,,,,,,,,,,,,,,,
2026-07-05T09:01:25.038784+00:00,2026-07-05T09:01:25.038694,2,2,141.45,0.3,141.3,100,141.1,150,,,,,,,,,,,,,,,,,141.6,128,141.8,100,,,,,,,,,,,,,,,,
2026-07-05T09:01:25.758576+00:00,2026-07-05T09:01:25.755056,2,2,141.45,0.3,141.3,100,141.1,150,,,,,,,,,,,,,,,,,141.6,88,141.8,100,,,,,,,,,,,,,,,,
2026-07-05T09:01:25.818127+00:00,2026-07-05T09:01:25.818277,2,2,141.45,0.3,141.3,56,141.1,150,,,,,,,,,,,,,,,,,141.6,88,141.8,100,,,,,,,,,,,,,,,,
2026-07-05T09:01:26.075002+00:00,2026-07-05T09:01:26.074912,1,1,141.55,0.5,141.3,56,,,,,,,,,,,,,,,,,,,141.8,100,,,,,,,,,,,,,,,,,,
2026-07-05T09:01:26.130483+00:00,2026-07-05T09:01:26.130419,2,1,141.6,0.4,141.4,150,141.3,56,,,,,,,,,,,,,,,,,141.8,100,,,,,,,,,,,,,,,,,,
2026-07-05T09:01:26.182786+00:00,2026-07-05T09:01:26.182699,2,2,141.6,0.4,141.4,150,141.3,56,,,,,,,,,,,,,,,,,141.8,100,141.9,150,,,,,,,,,,,,,,,,
2026-07-05T09:01:28.097711+00:00,2026-07-05T09:01:28.097817,1,1,141.65,0.5,141.4,150,,,,,,,,,,,,,,,,,,,141.9,150,,,,,,,,,,,,,,,,,,
2026-07-05T09:01:28.158550+00:00,2026-07-05T09:01:28.153290,2,1,141.65,0.5,141.4,150,141.2,100,,,,,,,,,,,,,,,,,141.9,150,,,,,,,,,,,,,,,,,,
2026-07-05T09:01:28.220148+00:00,2026-07-05T09:01:28.213838,2,2,141.55,0.3,141.4,150,141.2,100,,,,,,,,,,,,,,,,,141.7,38,141.9,150,,,,,,,,,,,,,,,,
2026-07-05T09:01:29.236740+00:00,2026-07-05T09:01:29.236707,1,1,141.45,0.5,141.2,100,,,,,,,,,,,,,,,,,,,141.7,38,,,,,,,,,,,,,,,,,,
2026-07-05T09:01:29.293368+00:00,2026-07-05T09:01:29.293287,2,0,,,141.7,112,141.2,100,,,,,,,,,,,,,,,,,,,,,,,,,,,,,,,,,,,,
2026-07-05T09:01:29.349096+00:00,2026-07-05T09:01:29.349197,2,1,141.95,0.5,141.7,112,141.2,100,,,,,,,,,,,,,,,,,142.2,150,,,,,,,,,,,,,,,,,,
2026-07-05T09:01:30.185421+00:00,2026-07-05T09:01:30.185272,2,1,141.95,0.5,141.7,112,141.2,100,,,,,,,,,,,,,,,,,142.2,110,,,,,,,,,,,,,,,,,,
2026-07-05T09:01:30.353977+00:00,2026-07-05T09:01:30.353892,2,1,141.95,0.5,141.7,112,141.2,100,,,,,,,,,,,,,,,,,142.2,60,,,,,,,,,,,,,,,,,,
2026-07-05T09:01:31.260712+00:00,2026-07-05T09:01:31.260632,1,1,141.95,0.5,141.7,112,,,,,,,,,,,,,,,,,,,142.2,60,,,,,,,,,,,,,,,,,,
2026-07-05T09:01:31.313949+00:00,2026-07-05T09:01:31.313845,2,1,141.95,0.5,141.7,112,141.6,100,,,,,,,,,,,,,,,,,142.2,60,,,,,,,,,,,,,,,,,,
2026-07-05T09:01:31.366560+00:00,2026-07-05T09:01:31.366450,2,2,141.9,0.4,141.7,112,141.6,100,,,,,,,,,,,,,,,,,142.1,100,142.2,60,,,,,,,,,,,,,,,,
2026-07-05T09:01:32.403716+00:00,2026-07-05T09:01:32.403598,1,1,141.85,0.5,141.6,100,,,,,,,,,,,,,,,,,,,142.1,100,,,,,,,,,,,,,,,,,,
2026-07-05T09:01:32.463950+00:00,2026-07-05T09:01:32.463843,2,1,141.95,0.3,141.8,150,141.6,100,,,,,,,,,,,,,,,,,142.1,100,,,,,,,,,,,,,,,,,,
2026-07-05T09:01:32.513002+00:00,2026-07-05T09:01:32.512855,2,2,141.95,0.3,141.8,100,141.6,100,,,,,,,,,,,,,,,,,142.1,100,142.3,150,,,,,,,,,,,,,,,,
2026-07-05T09:01:34.134929+00:00,2026-07-05T09:01:34.134847,2,2,141.95,0.3,141.8,54,141.6,100,,,,,,,,,,,,,,,,,142.1,100,142.3,150,,,,,,,,,,,,,,,,
2026-07-05T09:01:34.421200+00:00,2026-07-05T09:01:34.421150,1,1,142.05,0.5,141.8,54,,,,,,,,,,,,,,,,,,,142.3,150,,,,,,,,,,,,,,,,,,
2026-07-05T09:01:34.475181+00:00,2026-07-05T09:01:34.474990,2,1,142.05,0.5,141.8,54,141.7,100,,,,,,,,,,,,,,,,,142.3,150,,,,,,,,,,,,,,,,,,
2026-07-05T09:01:34.527756+00:00,2026-07-05T09:01:34.527601,2,2,142.0,0.4,141.8,54,141.7,100,,,,,,,,,,,,,,,,,142.2,100,142.3,150,,,,,,,,,,,,,,,,
2026-07-05T09:01:34.621255+00:00,2026-07-05T09:01:34.621382,2,2,142.0,0.4,141.8,4,141.7,100,,,,,,,,,,,,,,,,,142.2,100,142.3,150,,,,,,,,,,,,,,,,
2026-07-05T09:01:34.723055+00:00,2026-07-05T09:01:34.722977,2,2,142.0,0.4,141.8,4,141.7,100,,,,,,,,,,,,,,,,,142.2,53,142.3,150,,,,,,,,,,,,,,,,
2026-07-05T09:01:35.558593+00:00,2026-07-05T09:01:35.557550,1,1,141.95,0.5,141.7,100,,,,,,,,,,,,,,,,,,,142.2,53,,,,,,,,,,,,,,,,,,
2026-07-05T09:01:35.620867+00:00,2026-07-05T09:01:35.620771,2,1,141.95,0.5,141.7,100,141.3,150,,,,,,,,,,,,,,,,,142.2,53,,,,,,,,,,,,,,,,,,
2026-07-05T09:01:35.673869+00:00,2026-07-05T09:01:35.673760,2,2,141.75,0.1,141.7,100,141.3,150,,,,,,,,,,,,,,,,,141.8,150,142.2,53,,,,,,,,,,,,,,,,
2026-07-05T09:01:35.733553+00:00,2026-07-05T09:01:35.733487,2,2,141.75,0.1,141.7,100,141.3,150,,,,,,,,,,,,,,,,,141.8,107,142.2,53,,,,,,,,,,,,,,,,
2026-07-05T09:01:36.678791+00:00,2026-07-05T09:01:36.678654,2,2,141.75,0.1,141.7,100,141.3,150,,,,,,,,,,,,,,,,,141.8,57,142.2,53,,,,,,,,,,,,,,,,
2026-07-05T09:01:37.584710+00:00,2026-07-05T09:01:37.584837,1,1,141.55,0.5,141.3,150,,,,,,,,,,,,,,,,,,,141.8,57,,,,,,,,,,,,,,,,,,
2026-07-05T09:01:37.669576+00:00,2026-07-05T09:01:37.669453,2,0,,,142.0,43,141.3,150,,,,,,,,,,,,,,,,,,,,,,,,,,,,,,,,,,,,
2026-07-05T09:01:37.725353+00:00,2026-07-05T09:01:37.725176,2,1,142.25,0.5,142.0,43,141.3,150,,,,,,,,,,,,,,,,,142.5,100,,,,,,,,,,,,,,,,,,
2026-07-05T09:01:38.452216+00:00,2026-07-05T09:01:38.446068,2,1,142.25,0.5,142.0,31,141.3,150,,,,,,,,,,,,,,,,,142.5,100,,,,,,,,,,,,,,,,,,
2026-07-05T09:01:38.728655+00:00,2026-07-05T09:01:38.728602,1,1,142.25,0.5,142.0,31,,,,,,,,,,,,,,,,,,,142.5,100,,,,,,,,,,,,,,,,,,
2026-07-05T09:01:38.814170+00:00,2026-07-05T09:01:38.814071,2,1,142.25,0.5,142.0,31,141.9,150,,,,,,,,,,,,,,,,,142.5,100,,,,,,,,,,,,,,,,,,
2026-07-05T09:01:38.869086+00:00,2026-07-05T09:01:38.869164,2,2,142.2,0.4,142.0,31,141.9,150,,,,,,,,,,,,,,,,,142.4,150,142.5,100,,,,,,,,,,,,,,,,
2026-07-05T09:01:38.874483+00:00,2026-07-05T09:01:38.874375,1,2,142.15,0.5,141.9,131,,,,,,,,,,,,,,,,,,,142.4,150,142.5,100,,,,,,,,,,,,,,,,
2026-07-05T09:01:40.780104+00:00,2026-07-05T09:01:40.779978,1,1,142.15,0.5,141.9,131,,,,,,,,,,,,,,,,,,,142.4,150,,,,,,,,,,,,,,,,,,
2026-07-05T09:01:40.832032+00:00,2026-07-05T09:01:40.831936,2,1,142.15,0.5,141.9,131,141.5,100,,,,,,,,,,,,,,,,,142.4,150,,,,,,,,,,,,,,,,,,
2026-07-05T09:01:40.886616+00:00,2026-07-05T09:01:40.886513,2,2,141.95,0.1,141.9,131,141.5,100,,,,,,,,,,,,,,,,,142.0,100,142.4,150,,,,,,,,,,,,,,,,
2026-07-05T09:01:40.928836+00:00,2026-07-05T09:01:40.928751,2,2,141.95,0.1,141.9,131,141.5,100,,,,,,,,,,,,,,,,,142.0,50,142.4,150,,,,,,,,,,,,,,,,
2026-07-05T09:01:41.068913+00:00,2026-07-05T09:01:41.062556,2,2,141.95,0.1,141.9,120,141.5,100,,,,,,,,,,,,,,,,,142.0,50,142.4,150,,,,,,,,,,,,,,,,
2026-07-05T09:01:41.924469+00:00,2026-07-05T09:01:41.924359,1,1,141.75,0.5,141.5,100,,,,,,,,,,,,,,,,,,,142.0,50,,,,,,,,,,,,,,,,,,
2026-07-05T09:01:41.979783+00:00,2026-07-05T09:01:41.979936,2,0,,,142.2,100,141.5,100,,,,,,,,,,,,,,,,,,,,,,,,,,,,,,,,,,,,
2026-07-05T09:01:42.036711+00:00,2026-07-05T09:01:42.036607,2,1,142.45,0.5,142.2,100,141.5,100,,,,,,,,,,,,,,,,,142.7,150,,,,,,,,,,,,,,,,,,
2026-07-05T09:01:43.054956+00:00,2026-07-05T09:01:43.055114,2,1,142.45,0.5,142.2,100,141.5,100,,,,,,,,,,,,,,,,,142.7,100,,,,,,,,,,,,,,,,,,
2026-07-05T09:01:43.944891+00:00,2026-07-05T09:01:43.944752,1,1,142.45,0.5,142.2,100,,,,,,,,,,,,,,,,,,,142.7,100,,,,,,,,,,,,,,,,,,
2026-07-05T09:01:43.999783+00:00,2026-07-05T09:01:43.999672,2,1,142.45,0.5,142.2,100,142.0,100,,,,,,,,,,,,,,,,,142.7,100,,,,,,,,,,,,,,,,,,
2026-07-05T09:01:44.058748+00:00,2026-07-05T09:01:44.050118,2,2,142.35,0.3,142.2,100,142.0,100,,,,,,,,,,,,,,,,,142.5,100,142.7,100,,,,,,,,,,,,,,,,
2026-07-05T09:01:44.558558+00:00,2026-07-05T09:01:44.556250,2,2,142.35,0.3,142.2,52,142.0,100,,,,,,,,,,,,,,,,,142.5,100,142.7,100,,,,,,,,,,,,,,,,
2026-07-05T09:01:45.091879+00:00,2026-07-05T09:01:45.091844,1,1,142.25,0.5,142.0,100,,,,,,,,,,,,,,,,,,,142.5,100,,,,,,,,,,,,,,,,,,
2026-07-05T09:01:45.147238+00:00,2026-07-05T09:01:45.147103,2,1,142.25,0.5,142.0,100,141.8,150,,,,,,,,,,,,,,,,,142.5,100,,,,,,,,,,,,,,,,,,
2026-07-05T09:01:45.163941+00:00,2026-07-05T09:01:45.163883,2,1,142.25,0.5,142.0,100,141.8,150,,,,,,,,,,,,,,,,,142.5,50,,,,,,,,,,,,,,,,,,
2026-07-05T09:01:45.201290+00:00,2026-07-05T09:01:45.201149,2,2,142.15,0.3,142.0,100,141.8,150,,,,,,,,,,,,,,,,,142.3,150,142.5,50,,,,,,,,,,,,,,,,
2026-07-05T09:01:45.530842+00:00,2026-07-05T09:01:45.530779,2,2,142.15,0.3,142.0,53,141.8,150,,,,,,,,,,,,,,,,,142.3,150,142.5,50,,,,,,,,,,,,,,,,
2026-07-05T09:01:46.075592+00:00,2026-07-05T09:01:46.075827,2,2,142.15,0.3,142.0,53,141.8,150,,,,,,,,,,,,,,,,,142.3,102,142.5,50,,,,,,,,,,,,,,,,
2026-07-05T09:01:47.110744+00:00,2026-07-05T09:01:47.110942,1,1,142.05,0.5,141.8,150,,,,,,,,,,,,,,,,,,,142.3,102,,,,,,,,,,,,,,,,,,
2026-07-05T09:01:47.164913+00:00,2026-07-05T09:01:47.164885,2,1,142.25,0.1,142.2,100,141.8,150,,,,,,,,,,,,,,,,,142.3,102,,,,,,,,,,,,,,,,,,
2026-07-05T09:01:47.217516+00:00,2026-07-05T09:01:47.217396,2,2,142.25,0.1,142.2,100,141.8,150,,,,,,,,,,,,,,,,,142.3,102,142.7,100,,,,,,,,,,,,,,,,
2026-07-05T09:01:47.279231+00:00,2026-07-05T09:01:47.279314,2,2,142.25,0.1,142.2,100,141.8,150,,,,,,,,,,,,,,,,,142.3,52,142.7,100,,,,,,,,,,,,,,,,
2026-07-05T09:01:48.284721+00:00,2026-07-05T09:01:48.284636,1,1,142.45,0.5,142.2,100,,,,,,,,,,,,,,,,,,,142.7,100,,,,,,,,,,,,,,,,,,
2026-07-05T09:01:48.342029+00:00,2026-07-05T09:01:48.341924,2,1,142.55,0.3,142.4,150,142.2,100,,,,,,,,,,,,,,,,,142.7,100,,,,,,,,,,,,,,,,,,
2026-07-05T09:01:48.397414+00:00,2026-07-05T09:01:48.397317,2,2,142.55,0.3,142.4,150,142.2,100,,,,,,,,,,,,,,,,,142.7,100,142.9,150,,,,,,,,,,,,,,,,
2026-07-05T09:01:49.248901+00:00,2026-07-05T09:01:49.248837,2,2,142.55,0.3,142.4,101,142.2,100,,,,,,,,,,,,,,,,,142.7,100,142.9,150,,,,,,,,,,,,,,,,
2026-07-05T09:01:50.276471+00:00,2026-07-05T09:01:50.276356,1,1,142.65,0.5,142.4,101,,,,,,,,,,,,,,,,,,,142.9,150,,,,,,,,,,,,,,,,,,
2026-07-05T09:01:50.323478+00:00,2026-07-05T09:01:50.323430,2,1,142.65,0.5,142.4,101,142.3,100,,,,,,,,,,,,,,,,,142.9,150,,,,,,,,,,,,,,,,,,
2026-07-05T09:01:50.378457+00:00,2026-07-05T09:01:50.378393,2,2,142.6,0.4,142.4,101,142.3,100,,,,,,,,,,,,,,,,,142.8,100,142.9,150,,,,,,,,,,,,,,,,
2026-07-05T09:01:51.446617+00:00,2026-07-05T09:01:51.446879,1,1,142.55,0.5,142.3,100,,,,,,,,,,,,,,,,,,,142.8,100,,,,,,,,,,,,,,,,,,
2026-07-05T09:01:51.525798+00:00,2026-07-05T09:01:51.525736,1,1,142.55,0.5,142.3,250,,,,,,,,,,,,,,,,,,,142.8,50,,,,,,,,,,,,,,,,,,
2026-07-05T09:01:51.580245+00:00,2026-07-05T09:01:51.580174,1,1,142.55,0.5,142.3,250,,,,,,,,,,,,,,,,,,,142.8,200,,,,,,,,,,,,,,,,,,
2026-07-05T09:01:53.334100+00:00,2026-07-05T09:01:53.334070,1,1,142.55,0.5,142.3,250,,,,,,,,,,,,,,,,,,,142.8,160,,,,,,,,,,,,,,,,,,
2026-07-05T09:01:53.435043+00:00,2026-07-05T09:01:53.434950,1,1,142.55,0.5,142.3,150,,,,,,,,,,,,,,,,,,,142.8,150,,,,,,,,,,,,,,,,,,
2026-07-05T09:01:53.484658+00:00,2026-07-05T09:01:53.484742,2,1,142.75,0.1,142.7,100,142.3,150,,,,,,,,,,,,,,,,,142.8,150,,,,,,,,,,,,,,,,,,
2026-07-05T09:01:53.494321+00:00,2026-07-05T09:01:53.488725,2,1,142.75,0.1,142.7,89,142.3,150,,,,,,,,,,,,,,,,,142.8,150,,,,,,,,,,,,,,,,,,
2026-07-05T09:01:53.536737+00:00,2026-07-05T09:01:53.536872,2,2,142.75,0.1,142.7,89,142.3,150,,,,,,,,,,,,,,,,,142.8,150,143.2,100,,,,,,,,,,,,,,,,
2026-07-05T09:01:53.638830+00:00,2026-07-05T09:01:53.638754,2,2,142.75,0.1,142.7,89,142.3,150,,,,,,,,,,,,,,,,,142.8,100,143.2,100,,,,,,,,,,,,,,,,
2026-07-05T09:01:54.639991+00:00,2026-07-05T09:01:54.639892,1,1,142.95,0.5,142.7,89,,,,,,,,,,,,,,,,,,,143.2,100,,,,,,,,,,,,,,,,,,
2026-07-05T09:01:54.696734+00:00,2026-07-05T09:01:54.696690,1,1,142.95,0.5,142.7,239,,,,,,,,,,,,,,,,,,,143.2,100,,,,,,,,,,,,,,,,,,
2026-07-05T09:01:54.750542+00:00,2026-07-05T09:01:54.750417,1,1,142.95,0.5,142.7,239,,,,,,,,,,,,,,,,,,,143.2,250,,,,,,,,,,,,,,,,,,
2026-07-05T09:01:55.750584+00:00,2026-07-05T09:01:55.750387,1,1,142.95,0.5,142.7,199,,,,,,,,,,,,,,,,,,,143.2,250,,,,,,,,,,,,,,,,,,
2026-07-05T09:01:55.781758+00:00,2026-07-05T09:01:55.781733,1,1,142.95,0.5,142.7,199,,,,,,,,,,,,,,,,,,,143.2,200,,,,,,,,,,,,,,,,,,
2026-07-05T09:01:56.593102+00:00,2026-07-05T09:01:56.593053,1,1,142.95,0.5,142.7,150,,,,,,,,,,,,,,,,,,,143.2,150,,,,,,,,,,,,,,,,,,
2026-07-05T09:01:56.651976+00:00,2026-07-05T09:01:56.651869,2,1,143.0,0.4,142.8,100,142.7,150,,,,,,,,,,,,,,,,,143.2,150,,,,,,,,,,,,,,,,,,
2026-07-05T09:01:56.705177+00:00,2026-07-05T09:01:56.705030,2,2,143.0,0.4,142.8,100,142.7,150,,,,,,,,,,,,,,,,,143.2,150,143.3,100,,,,,,,,,,,,,,,,
2026-07-05T09:01:56.802105+00:00,2026-07-05T09:01:56.801978,2,2,143.0,0.4,142.8,54,142.7,150,,,,,,,,,,,,,,,,,143.2,150,143.3,100,,,,,,,,,,,,,,,,
2026-07-05T09:01:57.805852+00:00,2026-07-05T09:01:57.805764,1,1,143.05,0.5,142.8,54,,,,,,,,,,,,,,,,,,,143.3,100,,,,,,,,,,,,,,,,,,
2026-07-05T09:01:57.858630+00:00,2026-07-05T09:01:57.853876,2,1,143.05,0.5,142.8,54,142.6,150,,,,,,,,,,,,,,,,,143.3,100,,,,,,,,,,,,,,,,,,
2026-07-05T09:01:57.896822+00:00,2026-07-05T09:01:57.896694,2,1,143.05,0.5,142.8,54,142.6,150,,,,,,,,,,,,,,,,,143.3,50,,,,,,,,,,,,,,,,,,
2026-07-05T09:01:57.912827+00:00,2026-07-05T09:01:57.912702,2,2,142.95,0.3,142.8,54,142.6,150,,,,,,,,,,,,,,,,,143.1,150,143.3,50,,,,,,,,,,,,,,,,
2026-07-05T09:01:59.391182+00:00,2026-07-05T09:01:59.391112,2,2,142.95,0.3,142.8,10,142.6,150,,,,,,,,,,,,,,,,,143.1,150,143.3,50,,,,,,,,,,,,,,,,
2026-07-05T09:01:59.569205+00:00,2026-07-05T09:01:59.562813,1,2,142.85,0.5,142.6,150,,,,,,,,,,,,,,,,,,,143.1,150,143.3,50,,,,,,,,,,,,,,,,
2026-07-05T09:01:59.758594+00:00,2026-07-05T09:01:59.754674,1,1,142.85,0.5,142.6,150,,,,,,,,,,,,,,,,,,,143.1,150,,,,,,,,,,,,,,,,,,
2026-07-05T09:01:59.809047+00:00,2026-07-05T09:01:59.808947,2,1,142.85,0.5,142.6,150,142.5,100,,,,,,,,,,,,,,,,,143.1,150,,,,,,,,,,,,,,,,,,
2026-07-05T09:01:59.866893+00:00,2026-07-05T09:01:59.866725,2,2,142.8,0.4,142.6,150,142.5,100,,,,,,,,,,,,,,,,,143.0,100,143.1,150,,,,,,,,,,,,,,,,
2026-07-05T09:02:00.020105+00:00,2026-07-05T09:02:00.020029,2,2,142.8,0.4,142.6,150,142.5,100,,,,,,,,,,,,,,,,,143.0,50,143.1,150,,,,,,,,,,,,,,,,
2026-07-05T09:02:00.969182+00:00,2026-07-05T09:02:00.969075,1,1,142.75,0.5,142.5,100,,,,,,,,,,,,,,,,,,,143.0,50,,,,,,,,,,,,,,,,,,
2026-07-05T09:02:01.023560+00:00,2026-07-05T09:02:01.023483,2,1,142.8,0.4,142.6,150,142.5,100,,,,,,,,,,,,,,,,,143.0,50,,,,,,,,,,,,,,,,,,
2026-07-05T09:02:01.076484+00:00,2026-07-05T09:02:01.076409,2,2,142.8,0.4,142.6,150,142.5,100,,,,,,,,,,,,,,,,,143.0,50,143.1,150,,,,,,,,,,,,,,,,
2026-07-05T09:02:01.998396+00:00,2026-07-05T09:02:01.998550,2,2,142.8,0.4,142.6,150,142.5,100,,,,,,,,,,,,,,,,,143.0,3,143.1,150,,,,,,,,,,,,,,,,
2026-07-05T09:02:02.130150+00:00,2026-07-05T09:02:02.129969,2,1,142.85,0.5,142.6,150,142.5,100,,,,,,,,,,,,,,,,,143.1,103,,,,,,,,,,,,,,,,,,
2026-07-05T09:02:02.458557+00:00,2026-07-05T09:02:02.458282,2,1,142.85,0.5,142.6,150,142.5,100,,,,,,,,,,,,,,,,,143.1,63,,,,,,,,,,,,,,,,,,
2026-07-05T09:02:02.921470+00:00,2026-07-05T09:02:02.921409,1,1,142.85,0.5,142.6,150,,,,,,,,,,,,,,,,,,,143.1,63,,,,,,,,,,,,,,,,,,
2026-07-05T09:02:02.991894+00:00,2026-07-05T09:02:02.985225,2,1,143.05,0.1,143.0,98,142.6,150,,,,,,,,,,,,,,,,,143.1,63,,,,,,,,,,,,,,,,,,
2026-07-05T09:02:03.038855+00:00,2026-07-05T09:02:03.038710,2,2,143.05,0.1,143.0,98,142.6,150,,,,,,,,,,,,,,,,,143.1,63,143.5,100,,,,,,,,,,,,,,,,
2026-07-05T09:02:03.210753+00:00,2026-07-05T09:02:03.204542,2,2,143.05,0.1,143.0,75,142.6,150,,,,,,,,,,,,,,,,,143.1,63,143.5,100,,,,,,,,,,,,,,,,
2026-07-05T09:02:04.130143+00:00,2026-07-05T09:02:04.130070,1,1,143.25,0.5,143.0,75,,,,,,,,,,,,,,,,,,,143.5,100,,,,,,,,,,,,,,,,,,
2026-07-05T09:02:04.184738+00:00,2026-07-05T09:02:04.184842,2,1,143.35,0.3,143.2,150,143.0,75,,,,,,,,,,,,,,,,,143.5,100,,,,,,,,,,,,,,,,,,
2026-07-05T09:02:04.237087+00:00,2026-07-05T09:02:04.237258,2,2,143.35,0.3,143.2,150,143.0,75,,,,,,,,,,,,,,,,,143.5,100,143.7,150,,,,,,,,,,,,,,,,
2026-07-05T09:02:04.294586+00:00,2026-07-05T09:02:04.294500,2,2,143.35,0.3,143.2,100,143.0,75,,,,,,,,,,,,,,,,,143.5,100,143.7,150,,,,,,,,,,,,,,,,
2026-07-05T09:02:06.089937+00:00,2026-07-05T09:02:06.089887,2,1,143.45,0.5,143.2,100,143.0,75,,,,,,,,,,,,,,,,,143.7,150,,,,,,,,,,,,,,,,,,
2026-07-05T09:02:06.095109+00:00,2026-07-05T09:02:06.095029,1,1,143.45,0.5,143.2,100,,,,,,,,,,,,,,,,,,,143.7,150,,,,,,,,,,,,,,,,,,
2026-07-05T09:02:06.149665+00:00,2026-07-05T09:02:06.149752,2,1,143.45,0.5,143.2,100,143.0,100,,,,,,,,,,,,,,,,,143.7,150,,,,,,,,,,,,,,,,,,
2026-07-05T09:02:06.202682+00:00,2026-07-05T09:02:06.202785,2,2,143.35,0.3,143.2,100,143.0,100,,,,,,,,,,,,,,,,,143.5,100,143.7,150,,,,,,,,,,,,,,,,
2026-07-05T09:02:06.401615+00:00,2026-07-05T09:02:06.401530,2,2,143.35,0.3,143.2,50,143.0,100,,,,,,,,,,,,,,,,,143.5,100,143.7,150,,,,,,,,,,,,,,,,
2026-07-05T09:02:06.807051+00:00,2026-07-05T09:02:06.806987,2,2,143.35,0.3,143.2,9,143.0,100,,,,,,,,,,,,,,,,,143.5,100,143.7,150,,,,,,,,,,,,,,,,
2026-07-05T09:02:07.295190+00:00,2026-07-05T09:02:07.295058,1,1,143.25,0.5,143.0,100,,,,,,,,,,,,,,,,,,,143.5,100,,,,,,,,,,,,,,,,,,
2026-07-05T09:02:07.305564+00:00,2026-07-05T09:02:07.305537,1,1,143.25,0.5,143.0,54,,,,,,,,,,,,,,,,,,,143.5,100,,,,,,,,,,,,,,,,,,
2026-07-05T09:02:07.347208+00:00,2026-07-05T09:02:07.347308,2,1,143.25,0.5,143.0,54,142.5,150,,,,,,,,,,,,,,,,,143.5,100,,,,,,,,,,,,,,,,,,
2026-07-05T09:02:07.415947+00:00,2026-07-05T09:02:07.409485,1,2,142.75,0.5,142.5,150,,,,,,,,,,,,,,,,,,,143.0,84,143.5,100,,,,,,,,,,,,,,,,
2026-07-05T09:02:08.510634+00:00,2026-07-05T09:02:08.510789,1,2,142.75,0.5,142.5,100,,,,,,,,,,,,,,,,,,,143.0,84,143.5,100,,,,,,,,,,,,,,,,
2026-07-05T09:02:08.623095+00:00,2026-07-05T09:02:08.612832,1,2,142.75,0.5,142.5,100,,,,,,,,,,,,,,,,,,,143.0,73,143.5,100,,,,,,,,,,,,,,,,
2026-07-05T09:02:09.258554+00:00,2026-07-05T09:02:09.253029,1,1,142.75,0.5,142.5,100,,,,,,,,,,,,,,,,,,,143.0,73,,,,,,,,,,,,,,,,,,
2026-07-05T09:02:09.309751+00:00,2026-07-05T09:02:09.309587,2,1,142.9,0.2,142.8,100,142.5,100,,,,,,,,,,,,,,,,,143.0,73,,,,,,,,,,,,,,,,,,
2026-07-05T09:02:09.358568+00:00,2026-07-05T09:02:09.358144,2,2,142.9,0.2,142.8,100,142.5,100,,,,,,,,,,,,,,,,,143.0,73,143.3,100,,,,,,,,,,,,,,,,
2026-07-05T09:02:10.458570+00:00,2026-07-05T09:02:10.454653,1,1,143.05,0.5,142.8,100,,,,,,,,,,,,,,,,,,,143.3,100,,,,,,,,,,,,,,,,,,
2026-07-05T09:02:10.514590+00:00,2026-07-05T09:02:10.514018,2,1,143.05,0.5,142.8,100,142.7,150,,,,,,,,,,,,,,,,,143.3,100,,,,,,,,,,,,,,,,,,
2026-07-05T09:02:10.567843+00:00,2026-07-05T09:02:10.567784,2,2,143.0,0.4,142.8,100,142.7,150,,,,,,,,,,,,,,,,,143.2,150,143.3,100,,,,,,,,,,,,,,,,
2026-07-05T09:02:12.418214+00:00,2026-07-05T09:02:12.418137,1,1,142.95,0.5,142.7,150,,,,,,,,,,,,,,,,,,,143.2,150,,,,,,,,,,,,,,,,,,
2026-07-05T09:02:12.472586+00:00,2026-07-05T09:02:12.472673,2,1,142.95,0.5,142.7,150,142.6,100,,,,,,,,,,,,,,,,,143.2,150,,,,,,,,,,,,,,,,,,
2026-07-05T09:02:12.525715+00:00,2026-07-05T09:02:12.525628,2,2,142.9,0.4,142.7,150,142.6,100,,,,,,,,,,,,,,,,,143.1,100,143.2,150,,,,,,,,,,,,,,,,
2026-07-05T09:02:12.674427+00:00,2026-07-05T09:02:12.674295,2,2,142.9,0.4,142.7,150,142.6,100,,,,,,,,,,,,,,,,,143.1,54,143.2,150,,,,,,,,,,,,,,,,
2026-07-05T09:02:12.740317+00:00,2026-07-05T09:02:12.740190,2,2,142.9,0.4,142.7,100,142.6,100,,,,,,,,,,,,,,,,,143.1,54,143.2,150,,,,,,,,,,,,,,,,
2026-07-05T09:02:13.619666+00:00,2026-07-05T09:02:13.619604,1,1,142.85,0.5,142.6,100,,,,,,,,,,,,,,,,,,,143.1,54,,,,,,,,,,,,,,,,,,
2026-07-05T09:02:13.672582+00:00,2026-07-05T09:02:13.672522,2,1,142.85,0.5,142.6,100,142.3,150,,,,,,,,,,,,,,,,,143.1,54,,,,,,,,,,,,,,,,,,
2026-07-05T09:02:13.723674+00:00,2026-07-05T09:02:13.723552,2,2,142.7,0.2,142.6,100,142.3,150,,,,,,,,,,,,,,,,,142.8,150,143.1,54,,,,,,,,,,,,,,,,
2026-07-05T09:02:13.768429+00:00,2026-07-05T09:02:13.768308,2,2,142.7,0.2,142.6,100,142.3,150,,,,,,,,,,,,,,,,,142.8,103,143.1,54,,,,,,,,,,,,,,,,
2026-07-05T09:02:14.847775+00:00,2026-07-05T09:02:14.847708,2,2,142.7,0.2,142.6,50,142.3,150,,,,,,,,,,,,,,,,,142.8,103,143.1,54,,,,,,,,,,,,,,,,
2026-07-05T09:02:15.581241+00:00,2026-07-05T09:02:15.581184,1,1,142.55,0.5,142.3,150,,,,,,,,,,,,,,,,,,,142.8,103,,,,,,,,,,,,,,,,,,
2026-07-05T09:02:15.637145+00:00,2026-07-05T09:02:15.637051,2,1,142.7,0.2,142.6,100,142.3,150,,,,,,,,,,,,,,,,,142.8,103,,,,,,,,,,,,,,,,,,
2026-07-05T09:02:15.690577+00:00,2026-07-05T09:02:15.690487,2,2,142.7,0.2,142.6,100,142.3,150,,,,,,,,,,,,,,,,,142.8,103,143.1,100,,,,,,,,,,,,,,,,
2026-07-05T09:02:16.264029+00:00,2026-07-05T09:02:16.263794,2,2,142.7,0.2,142.6,100,142.3,150,,,,,,,,,,,,,,,,,142.8,57,143.1,100,,,,,,,,,,,,,,,,
2026-07-05T09:02:16.782003+00:00,2026-07-05T09:02:16.781953,1,1,142.85,0.5,142.6,100,,,,,,,,,,,,,,,,,,,143.1,100,,,,,,,,,,,,,,,,,,
2026-07-05T09:02:16.838967+00:00,2026-07-05T09:02:16.838934,2,1,142.9,0.4,142.7,150,142.6,100,,,,,,,,,,,,,,,,,143.1,100,,,,,,,,,,,,,,,,,,
2026-07-05T09:02:16.891522+00:00,2026-07-05T09:02:16.891399,2,2,142.9,0.4,142.7,150,142.6,100,,,,,,,,,,,,,,,,,143.1,100,143.2,150,,,,,,,,,,,,,,,,
2026-07-05T09:02:16.958653+00:00,2026-07-05T09:02:16.952674,2,2,142.9,0.4,142.7,100,142.6,100,,,,,,,,,,,,,,,,,143.1,100,143.2,150,,,,,,,,,,,,,,,,
2026-07-05T09:02:18.334315+00:00,2026-07-05T09:02:18.334251,2,2,142.9,0.4,142.7,56,142.6,100,,,,,,,,,,,,,,,,,143.1,100,143.2,150,,,,,,,,,,,,,,,,
2026-07-05T09:02:18.744923+00:00,2026-07-05T09:02:18.744887,1,1,142.95,0.5,142.7,56,,,,,,,,,,,,,,,,,,,143.2,150,,,,,,,,,,,,,,,,,,
2026-07-05T09:02:18.795643+00:00,2026-07-05T09:02:18.795563,2,1,142.95,0.5,142.7,56,142.6,100,,,,,,,,,,,,,,,,,143.2,150,,,,,,,,,,,,,,,,,,
2026-07-05T09:02:18.848919+00:00,2026-07-05T09:02:18.848886,2,2,142.9,0.4,142.7,56,142.6,100,,,,,,,,,,,,,,,,,143.1,100,143.2,150,,,,,,,,,,,,,,,,
2026-07-05T09:02:19.948352+00:00,2026-07-05T09:02:19.948268,1,1,142.85,0.5,142.6,100,,,,,,,,,,,,,,,,,,,143.1,100,,,,,,,,,,,,,,,,,,
2026-07-05T09:02:20.007222+00:00,2026-07-05T09:02:20.007123,2,1,142.85,0.5,142.6,100,142.2,150,,,,,,,,,,,,,,,,,143.1,100,,,,,,,,,,,,,,,,,,
2026-07-05T09:02:20.063858+00:00,2026-07-05T09:02:20.063780,2,2,142.65,0.1,142.6,100,142.2,150,,,,,,,,,,,,,,,,,142.7,150,143.1,100,,,,,,,,,,,,,,,,
2026-07-05T09:02:20.427606+00:00,2026-07-05T09:02:20.421370,2,2,142.65,0.1,142.6,100,142.2,150,,,,,,,,,,,,,,,,,142.7,138,143.1,100,,,,,,,,,,,,,,,,
2026-07-05T09:02:21.112915+00:00,2026-07-05T09:02:21.112849,2,2,142.65,0.1,142.6,100,142.2,150,,,,,,,,,,,,,,,,,142.7,88,143.1,100,,,,,,,,,,,,,,,,
2026-07-05T09:02:21.222827+00:00,2026-07-05T09:02:21.222748,2,2,142.65,0.1,142.6,59,142.2,150,,,,,,,,,,,,,,,,,142.7,88,143.1,100,,,,,,,,,,,,,,,,
2026-07-05T09:02:21.905903+00:00,2026-07-05T09:02:21.905809,1,1,142.45,0.5,142.2,150,,,,,,,,,,,,,,,,,,,142.7,88,,,,,,,,,,,,,,,,,,
2026-07-05T09:02:21.958588+00:00,2026-07-05T09:02:21.956971,2,1,142.5,0.4,142.3,100,142.2,150,,,,,,,,,,,,,,,,,142.7,88,,,,,,,,,,,,,,,,,,
2026-07-05T09:02:22.015564+00:00,2026-07-05T09:02:22.015661,2,2,142.5,0.4,142.3,100,142.2,150,,,,,,,,,,,,,,,,,142.7,88,142.8,100,,,,,,,,,,,,,,,,
2026-07-05T09:02:23.118486+00:00,2026-07-05T09:02:23.118654,1,1,142.55,0.5,142.3,100,,,,,,,,,,,,,,,,,,,142.8,100,,,,,,,,,,,,,,,,,,
2026-07-05T09:02:23.175740+00:00,2026-07-05T09:02:23.175625,2,1,142.65,0.3,142.5,150,142.3,100,,,,,,,,,,,,,,,,,142.8,100,,,,,,,,,,,,,,,,,,
2026-07-05T09:02:23.220398+00:00,2026-07-05T09:02:23.220543,2,1,142.65,0.3,142.5,150,142.3,100,,,,,,,,,,,,,,,,,142.8,50,,,,,,,,,,,,,,,,,,
2026-07-05T09:02:23.225763+00:00,2026-07-05T09:02:23.225720,2,2,142.65,0.3,142.5,150,142.3,100,,,,,,,,,,,,,,,,,142.8,50,143.0,150,,,,,,,,,,,,,,,,
2026-07-05T09:02:24.458603+00:00,2026-07-05T09:02:24.454183,2,2,142.65,0.3,142.5,150,142.3,100,,,,,,,,,,,,,,,,,142.8,3,143.0,150,,,,,,,,,,,,,,,,
2026-07-05T09:02:25.068906+00:00,2026-07-05T09:02:25.068855,1,1,142.75,0.5,142.5,110,,,,,,,,,,,,,,,,,,,143.0,150,,,,,,,,,,,,,,,,,,
2026-07-05T09:02:25.123052+00:00,2026-07-05T09:02:25.122959,2,1,142.8,0.4,142.6,100,142.5,110,,,,,,,,,,,,,,,,,143.0,150,,,,,,,,,,,,,,,,,,
2026-07-05T09:02:25.176362+00:00,2026-07-05T09:02:25.176279,2,2,142.8,0.4,142.6,100,142.5,110,,,,,,,,,,,,,,,,,143.0,150,143.1,100,,,,,,,,,,,,,,,,
2026-07-05T09:02:25.381493+00:00,2026-07-05T09:02:25.381357,2,2,142.8,0.4,142.6,50,142.5,110,,,,,,,,,,,,,,,,,143.0,150,143.1,100,,,,,,,,,,,,,,,,
2026-07-05T09:02:26.281467+00:00,2026-07-05T09:02:26.281376,1,1,142.85,0.5,142.6,50,,,,,,,,,,,,,,,,,,,143.1,100,,,,,,,,,,,,,,,,,,
2026-07-05T09:02:26.336195+00:00,2026-07-05T09:02:26.336268,2,1,142.85,0.5,142.6,50,142.4,150,,,,,,,,,,,,,,,,,143.1,100,,,,,,,,,,,,,,,,,,
2026-07-05T09:02:26.386680+00:00,2026-07-05T09:02:26.386773,2,2,142.75,0.3,142.6,50,142.4,150,,,,,,,,,,,,,,,,,142.9,150,143.1,100,,,,,,,,,,,,,,,,
2026-07-05T09:02:27.437425+00:00,2026-07-05T09:02:27.437293,2,2,142.75,0.3,142.6,50,142.4,150,,,,,,,,,,,,,,,,,142.9,100,143.1,100,,,,,,,,,,,,,,,,
2026-07-05T09:02:27.800082+00:00,2026-07-05T09:02:27.799980,2,2,142.75,0.3,142.6,50,142.4,150,,,,,,,,,,,,,,,,,142.9,56,143.1,100,,,,,,,,,,,,,,,,
2026-07-05T09:02:27.869803+00:00,2026-07-05T09:02:27.869739,2,2,142.75,0.3,142.6,2,142.4,150,,,,,,,,,,,,,,,,,142.9,56,143.1,100,,,,,,,,,,,,,,,,
2026-07-05T09:02:28.232568+00:00,2026-07-05T09:02:28.232492,1,1,142.65,0.5,142.4,150,,,,,,,,,,,,,,,,,,,142.9,56,,,,,,,,,,,,,,,,,,
2026-07-05T09:02:28.286389+00:00,2026-07-05T09:02:28.286308,2,1,142.65,0.5,142.4,150,142.3,100,,,,,,,,,,,,,,,,,142.9,56,,,,,,,,,,,,,,,,,,
2026-07-05T09:02:28.339059+00:00,2026-07-05T09:02:28.338975,2,2,142.6,0.4,142.4,150,142.3,100,,,,,,,,,,,,,,,,,142.8,100,142.9,56,,,,,,,,,,,,,,,,
2026-07-05T09:02:28.958696+00:00,2026-07-05T09:02:28.954701,2,2,142.6,0.4,142.4,150,142.3,100,,,,,,,,,,,,,,,,,142.8,57,142.9,56,,,,,,,,,,,,,,,,
2026-07-05T09:02:29.445330+00:00,2026-07-05T09:02:29.445256,1,1,142.55,0.5,142.3,100,,,,,,,,,,,,,,,,,,,142.8,57,,,,,,,,,,,,,,,,,,
2026-07-05T09:02:29.498086+00:00,2026-07-05T09:02:29.498012,2,1,142.75,0.1,142.7,150,142.3,100,,,,,,,,,,,,,,,,,142.8,57,,,,,,,,,,,,,,,,,,
2026-07-05T09:02:29.558553+00:00,2026-07-05T09:02:29.551350,2,2,142.75,0.1,142.7,150,142.3,100,,,,,,,,,,,,,,,,,142.8,57,143.2,150,,,,,,,,,,,,,,,,
2026-07-05T09:02:29.600060+00:00,2026-07-05T09:02:29.599919,2,2,142.75,0.1,142.7,100,142.3,100,,,,,,,,,,,,,,,,,142.8,57,143.2,150,,,,,,,,,,,,,,,,
2026-07-05T09:02:30.036794+00:00,2026-07-05T09:02:30.036691,2,2,142.75,0.1,142.7,100,142.3,100,,,,,,,,,,,,,,,,,142.8,15,143.2,150,,,,,,,,,,,,,,,,
2026-07-05T09:02:31.393054+00:00,2026-07-05T09:02:31.392907,1,1,142.95,0.5,142.7,100,,,,,,,,,,,,,,,,,,,143.2,150,,,,,,,,,,,,,,,,,,
2026-07-05T09:02:31.447030+00:00,2026-07-05T09:02:31.446970,2,1,142.95,0.5,142.7,100,142.5,100,,,,,,,,,,,,,,,,,143.2,150,,,,,,,,,,,,,,,,,,
2026-07-05T09:02:31.514809+00:00,2026-07-05T09:02:31.514756,2,2,142.85,0.3,142.7,100,142.5,100,,,,,,,,,,,,,,,,,143.0,100,143.2,150,,,,,,,,,,,,,,,,
2026-07-05T09:02:31.710117+00:00,2026-07-05T09:02:31.710014,2,2,142.85,0.3,142.7,50,142.5,100,,,,,,,,,,,,,,,,,143.0,100,143.2,150,,,,,,,,,,,,,,,,
2026-07-05T09:02:32.604252+00:00,2026-07-05T09:02:32.604152,2,1,142.85,0.3,142.7,50,142.5,100,,,,,,,,,,,,,,,,,143.0,100,,,,,,,,,,,,,,,,,,
2026-07-05T09:02:32.609545+00:00,2026-07-05T09:02:32.609317,1,1,142.75,0.5,142.5,100,,,,,,,,,,,,,,,,,,,143.0,100,,,,,,,,,,,,,,,,,,
2026-07-05T09:02:32.658609+00:00,2026-07-05T09:02:32.657888,2,1,142.75,0.5,142.5,100,142.3,150,,,,,,,,,,,,,,,,,143.0,100,,,,,,,,,,,,,,,,,,
2026-07-05T09:02:32.714801+00:00,2026-07-05T09:02:32.714692,2,2,142.65,0.3,142.5,51,142.3,150,,,,,,,,,,,,,,,,,142.8,150,143.0,100,,,,,,,,,,,,,,,,
2026-07-05T09:02:33.819383+00:00,2026-07-05T09:02:33.819323,2,2,142.65,0.3,142.5,1,142.3,150,,,,,,,,,,,,,,,,,142.8,150,143.0,100,,,,,,,,,,,,,,,,
2026-07-05T09:02:34.282566+00:00,2026-07-05T09:02:34.282520,2,2,142.65,0.3,142.5,1,142.3,150,,,,,,,,,,,,,,,,,142.8,103,143.0,100,,,,,,,,,,,,,,,,
2026-07-05T09:02:34.568498+00:00,2026-07-05T09:02:34.568425,1,1,142.55,0.5,142.3,150,,,,,,,,,,,,,,,,,,,142.8,103,,,,,,,,,,,,,,,,,,
2026-07-05T09:02:34.622819+00:00,2026-07-05T09:02:34.622739,1,1,142.55,0.5,142.3,250,,,,,,,,,,,,,,,,,,,142.8,103,,,,,,,,,,,,,,,,,,
2026-07-05T09:02:34.676516+00:00,2026-07-05T09:02:34.676428,1,1,142.55,0.5,142.3,250,,,,,,,,,,,,,,,,,,,142.8,203,,,,,,,,,,,,,,,,,,
2026-07-05T09:02:34.845345+00:00,2026-07-05T09:02:34.845241,1,1,142.55,0.5,142.3,209,,,,,,,,,,,,,,,,,,,142.8,203,,,,,,,,,,,,,,,,,,
2026-07-05T09:02:35.770751+00:00,2026-07-05T09:02:35.770715,1,1,142.55,0.5,142.3,100,,,,,,,,,,,,,,,,,,,142.8,100,,,,,,,,,,,,,,,,,,
2026-07-05T09:02:35.827261+00:00,2026-07-05T09:02:35.827184,2,1,142.55,0.5,142.3,100,142.2,150,,,,,,,,,,,,,,,,,142.8,100,,,,,,,,,,,,,,,,,,
2026-07-05T09:02:35.878486+00:00,2026-07-05T09:02:35.878407,2,2,142.5,0.4,142.3,100,142.2,150,,,,,,,,,,,,,,,,,142.7,150,142.8,100,,,,,,,,,,,,,,,,
2026-07-05T09:02:35.927039+00:00,2026-07-05T09:02:35.926901,2,2,142.5,0.4,142.3,50,142.2,150,,,,,,,,,,,,,,,,,142.7,150,142.8,100,,,,,,,,,,,,,,,,
2026-07-05T09:02:36.453899+00:00,2026-07-05T09:02:36.453772,2,2,142.5,0.4,142.3,50,142.2,150,,,,,,,,,,,,,,,,,142.7,106,142.8,100,,,,,,,,,,,,,,,,
2026-07-05T09:02:37.728354+00:00,2026-07-05T09:02:37.728268,2,1,142.5,0.4,142.3,50,142.2,150,,,,,,,,,,,,,,,,,142.7,106,,,,,,,,,,,,,,,,,,
2026-07-05T09:02:37.733536+00:00,2026-07-05T09:02:37.733417,1,1,142.45,0.5,142.2,150,,,,,,,,,,,,,,,,,,,142.7,106,,,,,,,,,,,,,,,,,,
2026-07-05T09:02:37.782770+00:00,2026-07-05T09:02:37.782694,2,1,142.45,0.5,142.2,150,142.0,100,,,,,,,,,,,,,,,,,142.7,106,,,,,,,,,,,,,,,,,,
2026-07-05T09:02:37.836645+00:00,2026-07-05T09:02:37.836623,2,2,142.35,0.3,142.2,150,142.0,100,,,,,,,,,,,,,,,,,142.5,100,142.7,106,,,,,,,,,,,,,,,,
2026-07-05T09:02:38.037009+00:00,2026-07-05T09:02:38.036893,2,2,142.35,0.3,142.2,100,142.0,100,,,,,,,,,,,,,,,,,142.5,100,142.7,106,,,,,,,,,,,,,,,,
2026-07-05T09:02:38.934347+00:00,2026-07-05T09:02:38.934266,1,1,142.25,0.5,142.0,100,,,,,,,,,,,,,,,,,,,142.5,100,,,,,,,,,,,,,,,,,,
2026-07-05T09:02:38.988676+00:00,2026-07-05T09:02:38.988596,2,1,142.4,0.2,142.3,150,142.0,100,,,,,,,,,,,,,,,,,142.5,100,,,,,,,,,,,,,,,,,,
2026-07-05T09:02:39.041844+00:00,2026-07-05T09:02:39.041973,2,2,142.4,0.2,142.3,150,142.0,100,,,,,,,,,,,,,,,,,142.5,100,142.8,150,,,,,,,,,,,,,,,,
2026-07-05T09:02:40.103769+00:00,2026-07-05T09:02:40.097227,2,2,142.4,0.2,142.3,150,142.0,100,,,,,,,,,,,,,,,,,142.5,78,142.8,150,,,,,,,,,,,,,,,,
2026-07-05T09:02:40.145218+00:00,2026-07-05T09:02:40.145120,2,2,142.4,0.2,142.3,100,142.0,100,,,,,,,,,,,,,,,,,142.5,78,142.8,150,,,,,,,,,,,,,,,,
2026-07-05T09:02:40.891955+00:00,2026-07-05T09:02:40.891879,1,1,142.55,0.5,142.3,100,,,,,,,,,,,,,,,,,,,142.8,150,,,,,,,,,,,,,,,,,,
2026-07-05T09:02:40.944036+00:00,2026-07-05T09:02:40.943918,2,1,142.55,0.5,142.3,100,141.7,100,,,,,,,,,,,,,,,,,142.8,150,,,,,,,,,,,,,,,,,,
2026-07-05T09:02:41.001194+00:00,2026-07-05T09:02:41.001086,1,1,142.25,1.1,141.7,100,,,,,,,,,,,,,,,,,,,142.8,150,,,,,,,,,,,,,,,,,,
2026-07-05T09:02:42.098806+00:00,2026-07-05T09:02:42.098704,1,0,,,141.7,100,,,,,,,,,,,,,,,,,,,,,,,,,,,,,,,,,,,,,,
2026-07-05T09:02:42.151722+00:00,2026-07-05T09:02:42.151810,2,0,,,141.7,100,141.5,150,,,,,,,,,,,,,,,,,,,,,,,,,,,,,,,,,,,,
2026-07-05T09:02:42.214776+00:00,2026-07-05T09:02:42.208843,2,1,141.85,0.3,141.7,100,141.5,150,,,,,,,,,,,,,,,,,142.0,127,,,,,,,,,,,,,,,,,,
2026-07-05T09:02:44.058634+00:00,2026-07-05T09:02:44.057767,1,1,141.75,0.5,141.5,150,,,,,,,,,,,,,,,,,,,142.0,127,,,,,,,,,,,,,,,,,,
2026-07-05T09:02:44.110770+00:00,2026-07-05T09:02:44.110692,1,1,141.75,0.5,141.5,150,,,,,,,,,,,,,,,,,,,142.0,27,,,,,,,,,,,,,,,,,,
2026-07-05T09:02:44.167069+00:00,2026-07-05T09:02:44.166975,1,2,141.75,0.5,141.5,150,,,,,,,,,,,,,,,,,,,142.0,27,142.6,100,,,,,,,,,,,,,,,,
2026-07-05T09:02:44.303225+00:00,2026-07-05T09:02:44.303109,1,1,142.05,1.1,141.5,150,,,,,,,,,,,,,,,,,,,142.6,77,,,,,,,,,,,,,,,,,,
2026-07-05T09:02:44.604811+00:00,2026-07-05T09:02:44.604692,1,1,142.05,1.1,141.5,110,,,,,,,,,,,,,,,,,,,142.6,77,,,,,,,,,,,,,,,,,,
2026-07-05T09:02:45.258652+00:00,2026-07-05T09:02:45.253534,0,1,,,,,,,,,,,,,,,,,,,,,,,142.6,77,,,,,,,,,,,,,,,,,,
2026-07-05T09:02:45.312305+00:00,2026-07-05T09:02:45.312174,1,1,142.15,0.9,141.7,150,,,,,,,,,,,,,,,,,,,142.6,77,,,,,,,,,,,,,,,,,,
2026-07-05T09:02:45.365360+00:00,2026-07-05T09:02:45.365298,1,2,141.95,0.5,141.7,150,,,,,,,,,,,,,,,,,,,142.2,150,142.6,77,,,,,,,,,,,,,,,,
2026-07-05T09:02:46.412890+00:00,2026-07-05T09:02:46.412842,1,2,141.95,0.5,141.7,150,,,,,,,,,,,,,,,,,,,142.2,100,142.6,77,,,,,,,,,,,,,,,,
2026-07-05T09:02:47.157290+00:00,2026-07-05T09:02:47.157444,1,2,141.95,0.5,141.7,150,,,,,,,,,,,,,,,,,,,142.2,51,142.6,77,,,,,,,,,,,,,,,,
2026-07-05T09:02:47.226131+00:00,2026-07-05T09:02:47.226064,1,1,141.95,0.5,141.7,150,,,,,,,,,,,,,,,,,,,142.2,51,,,,,,,,,,,,,,,,,,
2026-07-05T09:02:47.280984+00:00,2026-07-05T09:02:47.280872,1,1,141.95,0.5,141.7,250,,,,,,,,,,,,,,,,,,,142.2,51,,,,,,,,,,,,,,,,,,
2026-07-05T09:02:47.332452+00:00,2026-07-05T09:02:47.332350,1,1,141.95,0.5,141.7,250,,,,,,,,,,,,,,,,,,,142.2,151,,,,,,,,,,,,,,,,,,
2026-07-05T09:02:48.417971+00:00,2026-07-05T09:02:48.417865,1,1,141.95,0.5,141.7,250,,,,,,,,,,,,,,,,,,,142.2,100,,,,,,,,,,,,,,,,,,
2026-07-05T09:02:48.423127+00:00,2026-07-05T09:02:48.423022,1,1,141.95,0.5,141.7,100,,,,,,,,,,,,,,,,,,,142.2,100,,,,,,,,,,,,,,,,,,
2026-07-05T09:02:48.491853+00:00,2026-07-05T09:02:48.485333,2,1,142.15,0.1,142.1,127,141.7,100,,,,,,,,,,,,,,,,,142.2,100,,,,,,,,,,,,,,,,,,
2026-07-05T09:02:48.519184+00:00,2026-07-05T09:02:48.519061,2,1,142.15,0.1,142.1,127,141.7,100,,,,,,,,,,,,,,,,,142.2,50,,,,,,,,,,,,,,,,,,
2026-07-05T09:02:48.533264+00:00,2026-07-05T09:02:48.533224,2,2,142.15,0.1,142.1,127,141.7,100,,,,,,,,,,,,,,,,,142.2,50,142.6,150,,,,,,,,,,,,,,,,
2026-07-05T09:02:49.291250+00:00,2026-07-05T09:02:49.284805,2,2,142.15,0.1,142.1,116,141.7,100,,,,,,,,,,,,,,,,,142.2,50,142.6,150,,,,,,,,,,,,,,,,
2026-07-05T09:02:50.386612+00:00,2026-07-05T09:02:50.386588,1,1,142.35,0.5,142.1,116,,,,,,,,,,,,,,,,,,,142.6,150,,,,,,,,,,,,,,,,,,
2026-07-05T09:02:50.443793+00:00,2026-07-05T09:02:50.443671,2,1,142.35,0.5,142.1,116,141.9,100,,,,,,,,,,,,,,,,,142.6,150,,,,,,,,,,,,,,,,,,
2026-07-05T09:02:50.492037+00:00,2026-07-05T09:02:50.491889,2,2,142.25,0.3,142.1,116,141.9,100,,,,,,,,,,,,,,,,,142.4,100,142.6,150,,,,,,,,,,,,,,,,
2026-07-05T09:02:51.589349+00:00,2026-07-05T09:02:51.589264,1,1,142.15,0.5,141.9,100,,,,,,,,,,,,,,,,,,,142.4,100,,,,,,,,,,,,,,,,,,
2026-07-05T09:02:51.645083+00:00,2026-07-05T09:02:51.645031,1,1,142.15,0.5,141.9,250,,,,,,,,,,,,,,,,,,,142.4,100,,,,,,,,,,,,,,,,,,
2026-07-05T09:02:51.693330+00:00,2026-07-05T09:02:51.693246,1,1,142.15,0.5,141.9,250,,,,,,,,,,,,,,,,,,,142.4,250,,,,,,,,,,,,,,,,,,
2026-07-05T09:02:53.550264+00:00,2026-07-05T09:02:53.550206,1,1,142.15,0.5,141.9,150,,,,,,,,,,,,,,,,,,,142.4,150,,,,,,,,,,,,,,,,,,
2026-07-05T09:02:53.603829+00:00,2026-07-05T09:02:53.603744,1,1,142.15,0.5,141.9,250,,,,,,,,,,,,,,,,,,,142.4,150,,,,,,,,,,,,,,,,,,
2026-07-05T09:02:53.658543+00:00,2026-07-05T09:02:53.657357,1,1,142.15,0.5,141.9,250,,,,,,,,,,,,,,,,,,,142.4,250,,,,,,,,,,,,,,,,,,
2026-07-05T09:02:54.580383+00:00,2026-07-05T09:02:54.580278,1,1,142.15,0.5,141.9,204,,,,,,,,,,,,,,,,,,,142.4,250,,,,,,,,,,,,,,,,,,
2026-07-05T09:02:54.758652+00:00,2026-07-05T09:02:54.751640,1,1,142.15,0.5,141.9,100,,,,,,,,,,,,,,,,,,,142.4,100,,,,,,,,,,,,,,,,,,
2026-07-05T09:02:54.809719+00:00,2026-07-05T09:02:54.809652,2,1,142.15,0.5,141.9,100,141.8,150,,,,,,,,,,,,,,,,,142.4,100,,,,,,,,,,,,,,,,,,
2026-07-05T09:02:54.859125+00:00,2026-07-05T09:02:54.859059,2,2,142.1,0.4,141.9,100,141.8,150,,,,,,,,,,,,,,,,,142.3,150,142.4,100,,,,,,,,,,,,,,,,
2026-07-05T09:02:54.889986+00:00,2026-07-05T09:02:54.889824,2,2,142.1,0.4,141.9,50,141.8,150,,,,,,,,,,,,,,,,,142.3,150,142.4,100,,,,,,,,,,,,,,,,
2026-07-05T09:02:56.632889+00:00,2026-07-05T09:02:56.632862,2,2,142.1,0.4,141.9,50,141.8,150,,,,,,,,,,,,,,,,,142.3,103,142.4,100,,,,,,,,,,,,,,,,
2026-07-05T09:02:56.706799+00:00,2026-07-05T09:02:56.706928,2,1,142.1,0.4,141.9,50,141.8,150,,,,,,,,,,,,,,,,,142.3,103,,,,,,,,,,,,,,,,,,
2026-07-05T09:02:56.712178+00:00,2026-07-05T09:02:56.712069,1,1,142.05,0.5,141.8,150,,,,,,,,,,,,,,,,,,,142.3,103,,,,,,,,,,,,,,,,,,
2026-07-05T09:02:56.758602+00:00,2026-07-05T09:02:56.758242,2,1,142.1,0.4,141.9,100,141.8,150,,,,,,,,,,,,,,,,,142.3,103,,,,,,,,,,,,,,,,,,
2026-07-05T09:02:56.818758+00:00,2026-07-05T09:02:56.818685,2,2,142.1,0.4,141.9,100,141.8,150,,,,,,,,,,,,,,,,,142.3,103,142.4,100,,,,,,,,,,,,,,,,
2026-07-05T09:02:57.725646+00:00,2026-07-05T09:02:57.725602,2,2,142.1,0.4,141.9,51,141.8,150,,,,,,,,,,,,,,,,,142.3,103,142.4,100,,,,,,,,,,,,,,,,
2026-07-05T09:02:57.916052+00:00,2026-07-05T09:02:57.915965,1,1,142.15,0.5,141.9,51,,,,,,,,,,,,,,,,,,,142.4,100,,,,,,,,,,,,,,,,,,
2026-07-05T09:02:57.968697+00:00,2026-07-05T09:02:57.968804,2,1,142.3,0.2,142.2,150,141.9,51,,,,,,,,,,,,,,,,,142.4,100,,,,,,,,,,,,,,,,,,
2026-07-05T09:02:58.022466+00:00,2026-07-05T09:02:58.022393,2,2,142.3,0.2,142.2,150,141.9,51,,,,,,,,,,,,,,,,,142.4,100,142.7,150,,,,,,,,,,,,,,,,
2026-07-05T09:02:59.047484+00:00,2026-07-05T09:02:59.047323,2,2,142.3,0.2,142.2,150,141.9,51,,,,,,,,,,,,,,,,,142.4,50,142.7,150,,,,,,,,,,,,,,,,
2026-07-05T09:02:59.875245+00:00,2026-07-05T09:02:59.875193,1,1,142.45,0.5,142.2,150,,,,,,,,,,,,,,,,,,,142.7,150,,,,,,,,,,,,,,,,,,
2026-07-05T09:02:59.935659+00:00,2026-07-05T09:02:59.935540,2,1,142.45,0.5,142.2,150,142.1,100,,,,,,,,,,,,,,,,,142.7,150,,,,,,,,,,,,,,,,,,
2026-07-05T09:02:59.986532+00:00,2026-07-05T09:02:59.986466,2,2,142.4,0.4,142.2,150,142.1,100,,,,,,,,,,,,,,,,,142.6,100,142.7,150,,,,,,,,,,,,,,,,
2026-07-05T09:03:00.718253+00:00,2026-07-05T09:03:00.718402,2,2,142.4,0.4,142.2,103,142.1,100,,,,,,,,,,,,,,,,,142.6,100,142.7,150,,,,,,,,,,,,,,,,
2026-07-05T09:03:01.079610+00:00,2026-07-05T09:03:01.079501,1,1,142.35,0.5,142.1,100,,,,,,,,,,,,,,,,,,,142.6,100,,,,,,,,,,,,,,,,,,
2026-07-05T09:03:01.158592+00:00,2026-07-05T09:03:01.158334,1,1,142.35,0.5,142.1,250,,,,,,,,,,,,,,,,,,,142.6,100,,,,,,,,,,,,,,,,,,
2026-07-05T09:03:01.217686+00:00,2026-07-05T09:03:01.217627,1,1,142.35,0.5,142.1,250,,,,,,,,,,,,,,,,,,,142.6,250,,,,,,,,,,,,,,,,,,
2026-07-05T09:03:01.228223+00:00,2026-07-05T09:03:01.228108,1,1,142.35,0.5,142.1,200,,,,,,,,,,,,,,,,,,,142.6,250,,,,,,,,,,,,,,,,,,
2026-07-05T09:03:01.248887+00:00,2026-07-05T09:03:01.248772,1,1,142.35,0.5,142.1,200,,,,,,,,,,,,,,,,,,,142.6,203,,,,,,,,,,,,,,,,,,
2026-07-05T09:03:03.042561+00:00,2026-07-05T09:03:03.042435,1,1,142.35,0.5,142.1,150,,,,,,,,,,,,,,,,,,,142.6,150,,,,,,,,,,,,,,,,,,
2026-07-05T09:03:03.096851+00:00,2026-07-05T09:03:03.096759,1,1,142.35,0.5,142.1,250,,,,,,,,,,,,,,,,,,,142.6,150,,,,,,,,,,,,,,,,,,
2026-07-05T09:03:03.151076+00:00,2026-07-05T09:03:03.151212,1,1,142.35,0.5,142.1,250,,,,,,,,,,,,,,,,,,,142.6,250,,,,,,,,,,,,,,,,,,
2026-07-05T09:03:03.276609+00:00,2026-07-05T09:03:03.276507,1,1,142.35,0.5,142.1,209,,,,,,,,,,,,,,,,,,,142.6,250,,,,,,,,,,,,,,,,,,
2026-07-05T09:03:03.281862+00:00,2026-07-05T09:03:03.281745,1,1,142.35,0.5,142.1,209,,,,,,,,,,,,,,,,,,,142.6,200,,,,,,,,,,,,,,,,,,
2026-07-05T09:03:04.272708+00:00,2026-07-05T09:03:04.272682,1,1,142.35,0.5,142.1,100,,,,,,,,,,,,,,,,,,,142.6,100,,,,,,,,,,,,,,,,,,
2026-07-05T09:03:04.326612+00:00,2026-07-05T09:03:04.326676,1,1,142.35,0.5,142.1,250,,,,,,,,,,,,,,,,,,,142.6,100,,,,,,,,,,,,,,,,,,
2026-07-05T09:03:04.379058+00:00,2026-07-05T09:03:04.378975,1,1,142.35,0.5,142.1,250,,,,,,,,,,,,,,,,,,,142.6,250,,,,,,,,,,,,,,,,,,
2026-07-05T09:03:06.212928+00:00,2026-07-05T09:03:06.212769,1,1,142.35,0.5,142.1,150,,,,,,,,,,,,,,,,,,,142.6,150,,,,,,,,,,,,,,,,,,
2026-07-05T09:03:06.266204+00:00,2026-07-05T09:03:06.266083,2,1,142.35,0.5,142.1,150,142.0,100,,,,,,,,,,,,,,,,,142.6,150,,,,,,,,,,,,,,,,,,
2026-07-05T09:03:06.320135+00:00,2026-07-05T09:03:06.320093,2,2,142.3,0.4,142.1,150,142.0,100,,,,,,,,,,,,,,,,,142.5,100,142.6,150,,,,,,,,,,,,,,,,
2026-07-05T09:03:07.435588+00:00,2026-07-05T09:03:07.435491,1,1,142.25,0.5,142.0,100,,,,,,,,,,,,,,,,,,,142.5,100,,,,,,,,,,,,,,,,,,
2026-07-05T09:03:07.493773+00:00,2026-07-05T09:03:07.493677,1,1,142.25,0.5,142.0,250,,,,,,,,,,,,,,,,,,,142.5,100,,,,,,,,,,,,,,,,,,
2026-07-05T09:03:07.546346+00:00,2026-07-05T09:03:07.546442,1,1,142.25,0.5,142.0,250,,,,,,,,,,,,,,,,,,,142.5,250,,,,,,,,,,,,,,,,,,
2026-07-05T09:03:09.371799+00:00,2026-07-05T09:03:09.371987,1,1,142.25,0.5,142.0,250,,,,,,,,,,,,,,,,,,,142.5,150,,,,,,,,,,,,,,,,,,
2026-07-05T09:03:09.377253+00:00,2026-07-05T09:03:09.377171,1,1,142.25,0.5,142.0,150,,,,,,,,,,,,,,,,,,,142.5,150,,,,,,,,,,,,,,,,,,
2026-07-05T09:03:09.429769+00:00,2026-07-05T09:03:09.429641,1,1,142.25,0.5,142.0,250,,,,,,,,,,,,,,,,,,,142.5,150,,,,,,,,,,,,,,,,,,
2026-07-05T09:03:09.481530+00:00,2026-07-05T09:03:09.481674,1,1,142.25,0.5,142.0,250,,,,,,,,,,,,,,,,,,,142.5,250,,,,,,,,,,,,,,,,,,
2026-07-05T09:03:09.631136+00:00,2026-07-05T09:03:09.631035,1,1,142.25,0.5,142.0,250,,,,,,,,,,,,,,,,,,,142.5,200,,,,,,,,,,,,,,,,,,
2026-07-05T09:03:10.601863+00:00,2026-07-05T09:03:10.602002,1,1,142.25,0.5,142.0,100,,,,,,,,,,,,,,,,,,,142.5,100,,,,,,,,,,,,,,,,,,
2026-07-05T09:03:10.658651+00:00,2026-07-05T09:03:10.652582,2,1,142.35,0.3,142.2,150,142.0,100,,,,,,,,,,,,,,,,,142.5,100,,,,,,,,,,,,,,,,,,
2026-07-05T09:03:10.709686+00:00,2026-07-05T09:03:10.709588,2,2,142.35,0.3,142.2,150,142.0,100,,,,,,,,,,,,,,,,,142.5,100,142.7,150,,,,,,,,,,,,,,,,
2026-07-05T09:03:11.758748+00:00,2026-07-05T09:03:11.732661,2,2,142.35,0.3,142.2,150,142.0,100,,,,,,,,,,,,,,,,,142.5,50,142.7,150,,,,,,,,,,,,,,,,
2026-07-05T09:03:12.541601+00:00,2026-07-05T09:03:12.541523,1,1,142.45,0.5,142.2,150,,,,,,,,,,,,,,,,,,,142.7,150,,,,,,,,,,,,,,,,,,
2026-07-05T09:03:12.595929+00:00,2026-07-05T09:03:12.595852,2,1,142.45,0.5,142.2,150,142.0,100,,,,,,,,,,,,,,,,,142.7,150,,,,,,,,,,,,,,,,,,
2026-07-05T09:03:12.669376+00:00,2026-07-05T09:03:12.669236,2,2,142.35,0.3,142.2,150,142.0,100,,,,,,,,,,,,,,,,,142.5,100,142.7,150,,,,,,,,,,,,,,,,
2026-07-05T09:03:13.414907+00:00,2026-07-05T09:03:13.408392,2,2,142.35,0.3,142.2,139,142.0,100,,,,,,,,,,,,,,,,,142.5,100,142.7,150,,,,,,,,,,,,,,,,
2026-07-05T09:03:13.766903+00:00,2026-07-05T09:03:13.766787,1,1,142.25,0.5,142.0,100,,,,,,,,,,,,,,,,,,,142.5,100,,,,,,,,,,,,,,,,,,
2026-07-05T09:03:13.822846+00:00,2026-07-05T09:03:13.822939,2,1,142.25,0.5,142.0,100,141.9,150,,,,,,,,,,,,,,,,,142.5,100,,,,,,,,,,,,,,,,,,
2026-07-05T09:03:13.869413+00:00,2026-07-05T09:03:13.869346,2,1,142.25,0.5,142.0,100,141.9,150,,,,,,,,,,,,,,,,,142.5,50,,,,,,,,,,,,,,,,,,
2026-07-05T09:03:13.874605+00:00,2026-07-05T09:03:13.874526,2,2,142.2,0.4,142.0,100,141.9,150,,,,,,,,,,,,,,,,,142.4,150,142.5,50,,,,,,,,,,,,,,,,
2026-07-05T09:03:15.727069+00:00,2026-07-05T09:03:15.727195,1,1,142.15,0.5,141.9,150,,,,,,,,,,,,,,,,,,,142.4,150,,,,,,,,,,,,,,,,,,
2026-07-05T09:03:15.778962+00:00,2026-07-05T09:03:15.778898,2,1,142.3,0.2,142.2,100,141.9,150,,,,,,,,,,,,,,,,,142.4,150,,,,,,,,,,,,,,,,,,
2026-07-05T09:03:15.833915+00:00,2026-07-05T09:03:15.833891,2,2,142.3,0.2,142.2,100,141.9,150,,,,,,,,,,,,,,,,,142.4,150,142.7,100,,,,,,,,,,,,,,,,
2026-07-05T09:03:15.976932+00:00,2026-07-05T09:03:15.977056,2,2,142.3,0.2,142.2,100,141.9,150,,,,,,,,,,,,,,,,,142.4,100,142.7,100,,,,,,,,,,,,,,,,
2026-07-05T09:03:16.204611+00:00,2026-07-05T09:03:16.204496,2,2,142.3,0.2,142.2,100,141.9,150,,,,,,,,,,,,,,,,,142.4,59,142.7,100,,,,,,,,,,,,,,,,
2026-07-05T09:03:16.929705+00:00,2026-07-05T09:03:16.929589,1,1,142.45,0.5,142.2,100,,,,,,,,,,,,,,,,,,,142.7,100,,,,,,,,,,,,,,,,,,
2026-07-05T09:03:16.985248+00:00,2026-07-05T09:03:16.985177,2,1,142.5,0.4,142.3,150,142.2,100,,,,,,,,,,,,,,,,,142.7,100,,,,,,,,,,,,,,,,,,
2026-07-05T09:03:17.034347+00:00,2026-07-05T09:03:17.034233,2,2,142.5,0.4,142.3,150,142.2,100,,,,,,,,,,,,,,,,,142.7,100,142.8,150,,,,,,,,,,,,,,,,
2026-07-05T09:03:18.095922+00:00,2026-07-05T09:03:18.096006,2,2,142.5,0.4,142.3,150,142.2,100,,,,,,,,,,,,,,,,,142.7,50,142.8,150,,,,,,,,,,,,,,,,
2026-07-05T09:03:18.144938+00:00,2026-07-05T09:03:18.138162,2,2,142.5,0.4,142.3,138,142.2,100,,,,,,,,,,,,,,,,,142.7,50,142.8,150,,,,,,,,,,,,,,,,
2026-07-05T09:03:18.891026+00:00,2026-07-05T09:03:18.890974,2,1,142.55,0.5,142.3,138,142.2,100,,,,,,,,,,,,,,,,,142.8,150,,,,,,,,,,,,,,,,,,
2026-07-05T09:03:18.896043+00:00,2026-07-05T09:03:18.896119,1,1,142.55,0.5,142.3,138,,,,,,,,,,,,,,,,,,,142.8,150,,,,,,,,,,,,,,,,,,
2026-07-05T09:03:18.944371+00:00,2026-07-05T09:03:18.944336,2,1,142.55,0.5,142.3,138,142.2,100,,,,,,,,,,,,,,,,,142.8,150,,,,,,,,,,,,,,,,,,
2026-07-05T09:03:18.998903+00:00,2026-07-05T09:03:18.999028,2,2,142.5,0.4,142.3,138,142.2,100,,,,,,,,,,,,,,,,,142.7,100,142.8,150,,,,,,,,,,,,,,,,
2026-07-05T09:03:19.469263+00:00,2026-07-05T09:03:19.462959,2,2,142.5,0.4,142.3,127,142.2,100,,,,,,,,,,,,,,,,,142.7,100,142.8,150,,,,,,,,,,,,,,,,
2026-07-05T09:03:20.092473+00:00,2026-07-05T09:03:20.092396,1,1,142.45,0.5,142.2,100,,,,,,,,,,,,,,,,,,,142.7,100,,,,,,,,,,,,,,,,,,
2026-07-05T09:03:20.147078+00:00,2026-07-05T09:03:20.147040,2,1,142.45,0.5,142.2,100,142.1,150,,,,,,,,,,,,,,,,,142.7,100,,,,,,,,,,,,,,,,,,
2026-07-05T09:03:20.200296+00:00,2026-07-05T09:03:20.200237,2,2,142.4,0.4,142.2,100,142.1,150,,,,,,,,,,,,,,,,,142.6,100,142.7,100,,,,,,,,,,,,,,,,
2026-07-05T09:03:22.028589+00:00,2026-07-05T09:03:22.028488,2,2,142.4,0.4,142.2,59,142.1,150,,,,,,,,,,,,,,,,,142.6,100,142.7,100,,,,,,,,,,,,,,,,
2026-07-05T09:03:22.058598+00:00,2026-07-05T09:03:22.056438,1,1,142.35,0.5,142.1,150,,,,,,,,,,,,,,,,,,,142.6,100,,,,,,,,,,,,,,,,,,
2026-07-05T09:03:22.107191+00:00,2026-07-05T09:03:22.107132,1,1,142.35,0.5,142.1,250,,,,,,,,,,,,,,,,,,,142.6,100,,,,,,,,,,,,,,,,,,
2026-07-05T09:03:22.158607+00:00,2026-07-05T09:03:22.158403,1,1,142.35,0.5,142.1,250,,,,,,,,,,,,,,,,,,,142.6,200,,,,,,,,,,,,,,,,,,
2026-07-05T09:03:22.348105+00:00,2026-07-05T09:03:22.347956,1,1,142.35,0.5,142.1,250,,,,,,,,,,,,,,,,,,,142.6,150,,,,,,,,,,,,,,,,,,
2026-07-05T09:03:23.263931+00:00,2026-07-05T09:03:23.263844,1,1,142.35,0.5,142.1,100,,,,,,,,,,,,,,,,,,,142.6,100,,,,,,,,,,,,,,,,,,
2026-07-05T09:03:23.310571+00:00,2026-07-05T09:03:23.310493,2,0,,,142.8,50,142.1,100,,,,,,,,,,,,,,,,,,,,,,,,,,,,,,,,,,,,
2026-07-05T09:03:23.365878+00:00,2026-07-05T09:03:23.365950,2,1,143.05,0.5,142.8,50,142.1,100,,,,,,,,,,,,,,,,,143.3,150,,,,,,,,,,,,,,,,,,
2026-07-05T09:03:23.376824+00:00,2026-07-05T09:03:23.370467,2,1,143.05,0.5,142.8,27,142.1,100,,,,,,,,,,,,,,,,,143.3,150,,,,,,,,,,,,,,,,,,
2026-07-05T09:03:23.588097+00:00,2026-07-05T09:03:23.587965,1,1,142.7,1.2,142.1,100,,,,,,,,,,,,,,,,,,,143.3,150,,,,,,,,,,,,,,,,,,
2026-07-05T09:03:24.463645+00:00,2026-07-05T09:03:24.463773,1,1,142.7,1.2,142.1,100,,,,,,,,,,,,,,,,,,,143.3,100,,,,,,,,,,,,,,,,,,
2026-07-05T09:03:25.218902+00:00,2026-07-05T09:03:25.218860,0,1,,,,,,,,,,,,,,,,,,,,,,,143.3,100,,,,,,,,,,,,,,,,,,
2026-07-05T09:03:25.273254+00:00,2026-07-05T09:03:25.273135,1,1,143.0,0.6,142.7,100,,,,,,,,,,,,,,,,,,,143.3,100,,,,,,,,,,,,,,,,,,
2026-07-05T09:03:25.350478+00:00,2026-07-05T09:03:25.350400,1,2,142.95,0.5,142.7,100,,,,,,,,,,,,,,,,,,,143.2,100,143.3,100,,,,,,,,,,,,,,,,
2026-07-05T09:03:26.421490+00:00,2026-07-05T09:03:26.421388,1,1,142.95,0.5,142.7,100,,,,,,,,,,,,,,,,,,,143.2,100,,,,,,,,,,,,,,,,,,
2026-07-05T09:03:26.471401+00:00,2026-07-05T09:03:26.471564,2,1,142.95,0.5,142.7,100,142.5,150,,,,,,,,,,,,,,,,,143.2,100,,,,,,,,,,,,,,,,,,
2026-07-05T09:03:26.525019+00:00,2026-07-05T09:03:26.524975,2,2,142.85,0.3,142.7,100,142.5,150,,,,,,,,,,,,,,,,,143.0,150,143.2,100,,,,,,,,,,,,,,,,
2026-07-05T09:03:27.517032+00:00,2026-07-05T09:03:27.517193,2,2,142.85,0.3,142.7,100,142.5,150,,,,,,,,,,,,,,,,,143.0,109,143.2,100,,,,,,,,,,,,,,,,
2026-07-05T09:03:27.987749+00:00,2026-07-05T09:03:27.987677,2,2,142.85,0.3,142.7,100,142.5,150,,,,,,,,,,,,,,,,,143.0,67,143.2,100,,,,,,,,,,,,,,,,
2026-07-05T09:03:28.400268+00:00,2026-07-05T09:03:28.400233,2,1,142.85,0.3,142.7,100,142.5,150,,,,,,,,,,,,,,,,,143.0,67,,,,,,,,,,,,,,,,,,
2026-07-05T09:03:28.405455+00:00,2026-07-05T09:03:28.405380,1,1,142.75,0.5,142.5,150,,,,,,,,,,,,,,,,,,,143.0,67,,,,,,,,,,,,,,,,,,
2026-07-05T09:03:28.458623+00:00,2026-07-05T09:03:28.450464,2,1,142.9,0.2,142.8,100,142.5,150,,,,,,,,,,,,,,,,,143.0,67,,,,,,,,,,,,,,,,,,
2026-07-05T09:03:28.510805+00:00,2026-07-05T09:03:28.510926,2,2,142.9,0.2,142.8,100,142.5,150,,,,,,,,,,,,,,,,,143.0,67,143.3,100,,,,,,,,,,,,,,,,
2026-07-05T09:03:28.738050+00:00,2026-07-05T09:03:28.737952,2,2,142.9,0.2,142.8,50,142.5,150,,,,,,,,,,,,,,,,,143.0,67,143.3,100,,,,,,,,,,,,,,,,
2026-07-05T09:03:29.604720+00:00,2026-07-05T09:03:29.604598,2,1,143.05,0.5,142.8,50,142.5,150,,,,,,,,,,,,,,,,,143.3,100,,,,,,,,,,,,,,,,,,
2026-07-05T09:03:29.609883+00:00,2026-07-05T09:03:29.609754,1,1,143.05,0.5,142.8,50,,,,,,,,,,,,,,,,,,,143.3,100,,,,,,,,,,,,,,,,,,
2026-07-05T09:03:29.658609+00:00,2026-07-05T09:03:29.657628,1,1,143.05,0.5,142.8,200,,,,,,,,,,,,,,,,,,,143.3,100,,,,,,,,,,,,,,,,,,
2026-07-05T09:03:29.715536+00:00,2026-07-05T09:03:29.715457,1,1,143.05,0.5,142.8,200,,,,,,,,,,,,,,,,,,,143.3,250,,,,,,,,,,,,,,,,,,
2026-07-05T09:03:30.851887+00:00,2026-07-05T09:03:30.851786,1,1,143.05,0.5,142.8,150,,,,,,,,,,,,,,,,,,,143.3,250,,,,,,,,,,,,,,,,,,
2026-07-05T09:03:31.559522+00:00,2026-07-05T09:03:31.559409,1,1,143.05,0.5,142.8,102,,,,,,,,,,,,,,,,,,,143.3,250,,,,,,,,,,,,,,,,,,
2026-07-05T09:03:31.564620+00:00,2026-07-05T09:03:31.564556,1,1,143.05,0.5,142.8,102,,,,,,,,,,,,,,,,,,,143.3,150,,,,,,,,,,,,,,,,,,
2026-07-05T09:03:31.620865+00:00,2026-07-05T09:03:31.620825,2,1,143.05,0.5,142.8,102,142.3,100,,,,,,,,,,,,,,,,,143.3,150,,,,,,,,,,,,,,,,,,
2026-07-05T09:03:31.674380+00:00,2026-07-05T09:03:31.674261,2,1,143.05,0.5,142.8,2,142.3,100,,,,,,,,,,,,,,,,,143.3,150,,,,,,,,,,,,,,,,,,
2026-07-05T09:03:32.774188+00:00,2026-07-05T09:03:32.774101,1,0,,,142.3,100,,,,,,,,,,,,,,,,,,,,,,,,,,,,,,,,,,,,,,
2026-07-05T09:03:32.828150+00:00,2026-07-05T09:03:32.828279,2,0,,,142.3,100,142.1,150,,,,,,,,,,,,,,,,,,,,,,,,,,,,,,,,,,,,
2026-07-05T09:03:32.880788+00:00,2026-07-05T09:03:32.880763,2,1,142.45,0.3,142.3,100,142.1,150,,,,,,,,,,,,,,,,,142.6,150,,,,,,,,,,,,,,,,,,
2026-07-05T09:03:32.958609+00:00,2026-07-05T09:03:32.957065,2,1,142.45,0.3,142.3,50,142.1,150,,,,,,,,,,,,,,,,,142.6,150,,,,,,,,,,,,,,,,,,
2026-07-05T09:03:33.880578+00:00,2026-07-05T09:03:33.874417,2,1,142.45,0.3,142.3,50,142.1,150,,,,,,,,,,,,,,,,,142.6,139,,,,,,,,,,,,,,,,,,
2026-07-05T09:03:34.735495+00:00,2026-07-05T09:03:34.735345,1,1,142.35,0.5,142.1,150,,,,,,,,,,,,,,,,,,,142.6,139,,,,,,,,,,,,,,,,,,
2026-07-05T09:03:34.780142+00:00,2026-07-05T09:03:34.780074,2,1,142.55,0.1,142.5,100,142.1,150,,,,,,,,,,,,,,,,,142.6,139,,,,,,,,,,,,,,,,,,
2026-07-05T09:03:34.833295+00:00,2026-07-05T09:03:34.833202,2,2,142.55,0.1,142.5,100,142.1,150,,,,,,,,,,,,,,,,,142.6,139,143.0,100,,,,,,,,,,,,,,,,
2026-07-05T09:03:35.524763+00:00,2026-07-05T09:03:35.524628,2,2,142.55,0.1,142.5,100,142.1,150,,,,,,,,,,,,,,,,,142.6,90,143.0,100,,,,,,,,,,,,,,,,
2026-07-05T09:03:35.581069+00:00,2026-07-05T09:03:35.580942,2,2,142.55,0.1,142.5,52,142.1,150,,,,,,,,,,,,,,,,,142.6,90,143.0,100,,,,,,,,,,,,,,,,
2026-07-05T09:03:35.939597+00:00,2026-07-05T09:03:35.939512,1,1,142.75,0.5,142.5,52,,,,,,,,,,,,,,,,,,,143.0,100,,,,,,,,,,,,,,,,,,
2026-07-05T09:03:35.995778+00:00,2026-07-05T09:03:35.995746,2,1,142.75,0.5,142.5,52,142.4,150,,,,,,,,,,,,,,,,,143.0,100,,,,,,,,,,,,,,,,,,
2026-07-05T09:03:36.049716+00:00,2026-07-05T09:03:36.049634,2,2,142.7,0.4,142.5,52,142.4,150,,,,,,,,,,,,,,,,,142.9,150,143.0,100,,,,,,,,,,,,,,,,
2026-07-05T09:03:37.658531+00:00,2026-07-05T09:03:37.655591,2,2,142.7,0.4,142.5,52,142.4,150,,,,,,,,,,,,,,,,,142.9,107,143.0,100,,,,,,,,,,,,,,,,
2026-07-05T09:03:37.888464+00:00,2026-07-05T09:03:37.888348,2,1,142.7,0.4,142.5,52,142.4,150,,,,,,,,,,,,,,,,,142.9,107,,,,,,,,,,,,,,,,,,
2026-07-05T09:03:37.893590+00:00,2026-07-05T09:03:37.893502,1,1,142.65,0.5,142.4,150,,,,,,,,,,,,,,,,,,,142.9,107,,,,,,,,,,,,,,,,,,
2026-07-05T09:03:37.943576+00:00,2026-07-05T09:03:37.943516,2,1,142.75,0.3,142.6,100,142.4,150,,,,,,,,,,,,,,,,,142.9,107,,,,,,,,,,,,,,,,,,
2026-07-05T09:03:37.996512+00:00,2026-07-05T09:03:37.996378,2,2,142.75,0.3,142.6,100,142.4,150,,,,,,,,,,,,,,,,,142.9,107,143.1,100,,,,,,,,,,,,,,,,
2026-07-05T09:03:39.108469+00:00,2026-07-05T09:03:39.108329,1,1,142.85,0.5,142.6,100,,,,,,,,,,,,,,,,,,,143.1,100,,,,,,,,,,,,,,,,,,
2026-07-05T09:03:39.158561+00:00,2026-07-05T09:03:39.158004,2,1,142.95,0.3,142.8,150,142.6,100,,,,,,,,,,,,,,,,,143.1,100,,,,,,,,,,,,,,,,,,
2026-07-05T09:03:39.212564+00:00,2026-07-05T09:03:39.212468,2,2,142.95,0.3,142.8,150,142.6,100,,,,,,,,,,,,,,,,,143.1,100,143.3,150,,,,,,,,,,,,,,,,
2026-07-05T09:03:39.309771+00:00,2026-07-05T09:03:39.309635,2,2,142.95,0.3,142.8,100,142.6,100,,,,,,,,,,,,,,,,,143.1,100,143.3,150,,,,,,,,,,,,,,,,
2026-07-05T09:03:41.058549+00:00,2026-07-05T09:03:41.051655,1,1,143.05,0.5,142.8,100,,,,,,,,,,,,,,,,,,,143.3,150,,,,,,,,,,,,,,,,,,
2026-07-05T09:03:41.112319+00:00,2026-07-05T09:03:41.112234,2,1,143.05,0.5,142.8,100,142.4,100,,,,,,,,,,,,,,,,,143.3,150,,,,,,,,,,,,,,,,,,
2026-07-05T09:03:41.170456+00:00,2026-07-05T09:03:41.170340,2,2,142.85,0.1,142.8,100,142.4,100,,,,,,,,,,,,,,,,,142.9,100,143.3,150,,,,,,,,,,,,,,,,
2026-07-05T09:03:41.417998+00:00,2026-07-05T09:03:41.417947,2,2,142.85,0.1,142.8,50,142.4,100,,,,,,,,,,,,,,,,,142.9,100,143.3,150,,,,,,,,,,,,,,,,
2026-07-05T09:03:42.270617+00:00,2026-07-05T09:03:42.270538,1,1,142.65,0.5,142.4,100,,,,,,,,,,,,,,,,,,,142.9,100,,,,,,,,,,,,,,,,,,
2026-07-05T09:03:42.322534+00:00,2026-07-05T09:03:42.322647,2,1,142.65,0.5,142.4,100,142.2,150,,,,,,,,,,,,,,,,,142.9,100,,,,,,,,,,,,,,,,,,
2026-07-05T09:03:42.380552+00:00,2026-07-05T09:03:42.380463,2,2,142.55,0.3,142.4,100,142.2,150,,,,,,,,,,,,,,,,,142.7,150,142.9,100,,,,,,,,,,,,,,,,
2026-07-05T09:03:43.558605+00:00,2026-07-05T09:03:43.553782,2,2,142.55,0.3,142.4,50,142.2,150,,,,,,,,,,,,,,,,,142.7,150,142.9,100,,,,,,,,,,,,,,,,
2026-07-05T09:03:43.978332+00:00,2026-07-05T09:03:43.978277,2,2,142.55,0.3,142.4,5,142.2,150,,,,,,,,,,,,,,,,,142.7,150,142.9,100,,,,,,,,,,,,,,,,
2026-07-05T09:03:44.226567+00:00,2026-07-05T09:03:44.226490,1,1,142.45,0.5,142.2,150,,,,,,,,,,,,,,,,,,,142.7,150,,,,,,,,,,,,,,,,,,
2026-07-05T09:03:44.276348+00:00,2026-07-05T09:03:44.276251,2,1,142.45,0.5,142.2,150,142.1,100,,,,,,,,,,,,,,,,,142.7,150,,,,,,,,,,,,,,,,,,
2026-07-05T09:03:44.331494+00:00,2026-07-05T09:03:44.331370,2,2,142.4,0.4,142.2,150,142.1,100,,,,,,,,,,,,,,,,,142.6,100,142.7,150,,,,,,,,,,,,,,,,
2026-07-05T09:03:44.370299+00:00,2026-07-05T09:03:44.363173,2,2,142.4,0.4,142.2,150,142.1,100,,,,,,,,,,,,,,,,,142.6,77,142.7,150,,,,,,,,,,,,,,,,
2026-07-05T09:03:45.435272+00:00,2026-07-05T09:03:45.435175,1,1,142.35,0.5,142.1,100,,,,,,,,,,,,,,,,,,,142.6,77,,,,,,,,,,,,,,,,,,
2026-07-05T09:03:45.488849+00:00,2026-07-05T09:03:45.488662,2,1,142.5,0.2,142.4,150,142.1,100,,,,,,,,,,,,,,,,,142.6,77,,,,,,,,,,,,,,,,,,
2026-07-05T09:03:45.535736+00:00,2026-07-05T09:03:45.535279,2,2,142.5,0.2,142.4,150,142.1,100,,,,,,,,,,,,,,,,,142.6,77,142.9,150,,,,,,,,,,,,,,,,
2026-07-05T09:03:45.658790+00:00,2026-07-05T09:03:45.658634,2,2,142.5,0.2,142.4,100,142.1,100,,,,,,,,,,,,,,,,,142.6,77,142.9,150,,,,,,,,,,,,,,,,
2026-07-05T09:03:47.389187+00:00,2026-07-05T09:03:47.389113,1,1,142.65,0.5,142.4,100,,,,,,,,,,,,,,,,,,,142.9,150,,,,,,,,,,,,,,,,,,
2026-07-05T09:03:47.440648+00:00,2026-07-05T09:03:47.440599,2,1,142.65,0.5,142.4,100,142.3,100,,,,,,,,,,,,,,,,,142.9,150,,,,,,,,,,,,,,,,,,
2026-07-05T09:03:47.496844+00:00,2026-07-05T09:03:47.496700,2,2,142.6,0.4,142.4,100,142.3,100,,,,,,,,,,,,,,,,,142.8,100,142.9,150,,,,,,,,,,,,,,,,
2026-07-05T09:03:47.763781+00:00,2026-07-05T09:03:47.764045,2,2,142.6,0.4,142.4,50,142.3,100,,,,,,,,,,,,,,,,,142.8,100,142.9,150,,,,,,,,,,,,,,,,
2026-07-05T09:03:48.595816+00:00,2026-07-05T09:03:48.595949,1,1,142.55,0.5,142.3,100,,,,,,,,,,,,,,,,,,,142.8,100,,,,,,,,,,,,,,,,,,
2026-07-05T09:03:48.651175+00:00,2026-07-05T09:03:48.651094,2,1,142.55,0.5,142.3,100,142.0,150,,,,,,,,,,,,,,,,,142.8,100,,,,,,,,,,,,,,,,,,
2026-07-05T09:03:48.715413+00:00,2026-07-05T09:03:48.709107,2,2,142.4,0.2,142.3,100,142.0,150,,,,,,,,,,,,,,,,,142.5,138,142.8,100,,,,,,,,,,,,,,,,
2026-07-05T09:03:49.642823+00:00,2026-07-05T09:03:49.642744,2,2,142.4,0.2,142.3,100,142.0,150,,,,,,,,,,,,,,,,,142.5,92,142.8,100,,,,,,,,,,,,,,,,
2026-07-05T09:03:49.822892+00:00,2026-07-05T09:03:49.822848,2,2,142.4,0.2,142.3,100,142.0,150,,,,,,,,,,,,,,,,,142.5,42,142.8,100,,,,,,,,,,,,,,,,
2026-07-05T09:03:50.241517+00:00,2026-07-05T09:03:50.241422,2,2,142.4,0.2,142.3,100,142.0,150,,,,,,,,,,,,,,,,,142.5,1,142.8,100,,,,,,,,,,,,,,,,
2026-07-05T09:03:50.546714+00:00,2026-07-05T09:03:50.546602,2,1,142.4,0.2,142.3,100,142.0,150,,,,,,,,,,,,,,,,,142.5,1,,,,,,,,,,,,,,,,,,
2026-07-05T09:03:50.551897+00:00,2026-07-05T09:03:50.551799,1,1,142.25,0.5,142.0,150,,,,,,,,,,,,,,,,,,,142.5,1,,,,,,,,,,,,,,,,,,
2026-07-05T09:03:50.604767+00:00,2026-07-05T09:03:50.604657,2,1,142.4,0.2,142.3,100,142.0,150,,,,,,,,,,,,,,,,,142.5,1,,,,,,,,,,,,,,,,,,
2026-07-05T09:03:50.658606+00:00,2026-07-05T09:03:50.653234,2,2,142.4,0.2,142.3,100,142.0,150,,,,,,,,,,,,,,,,,142.5,1,142.8,100,,,,,,,,,,,,,,,,
2026-07-05T09:03:51.763952+00:00,2026-07-05T09:03:51.763871,1,1,142.55,0.5,142.3,100,,,,,,,,,,,,,,,,,,,142.8,100,,,,,,,,,,,,,,,,,,
2026-07-05T09:03:51.814026+00:00,2026-07-05T09:03:51.814177,2,1,142.65,0.3,142.5,150,142.3,100,,,,,,,,,,,,,,,,,142.8,100,,,,,,,,,,,,,,,,,,
2026-07-05T09:03:51.870871+00:00,2026-07-05T09:03:51.870972,2,2,142.65,0.3,142.5,150,142.3,100,,,,,,,,,,,,,,,,,142.8,100,143.0,150,,,,,,,,,,,,,,,,
2026-07-05T09:03:51.929306+00:00,2026-07-05T09:03:51.929266,2,2,142.65,0.3,142.5,150,142.3,100,,,,,,,,,,,,,,,,,142.8,50,143.0,150,,,,,,,,,,,,,,,,
2026-07-05T09:03:51.947464+00:00,2026-07-05T09:03:51.947621,2,2,142.65,0.3,142.5,104,142.3,100,,,,,,,,,,,,,,,,,142.8,50,143.0,150,,,,,,,,,,,,,,,,
2026-07-05T09:03:53.713542+00:00,2026-07-05T09:03:53.713462,1,1,142.75,0.5,142.5,104,,,,,,,,,,,,,,,,,,,143.0,150,,,,,,,,,,,,,,,,,,
2026-07-05T09:03:53.757875+00:00,2026-07-05T09:03:53.758151,2,1,142.75,0.5,142.5,104,142.4,100,,,,,,,,,,,,,,,,,143.0,150,,,,,,,,,,,,,,,,,,
2026-07-05T09:03:53.817380+00:00,2026-07-05T09:03:53.817248,2,2,142.7,0.4,142.5,104,142.4,100,,,,,,,,,,,,,,,,,142.9,100,143.0,150,,,,,,,,,,,,,,,,
2026-07-05T09:03:54.058563+00:00,2026-07-05T09:03:54.056649,2,2,142.7,0.4,142.5,104,142.4,100,,,,,,,,,,,,,,,,,142.9,50,143.0,150,,,,,,,,,,,,,,,,
2026-07-05T09:03:54.084969+00:00,2026-07-05T09:03:54.084855,2,2,142.7,0.4,142.5,56,142.4,100,,,,,,,,,,,,,,,,,142.9,50,143.0,150,,,,,,,,,,,,,,,,
2026-07-05T09:03:54.922632+00:00,2026-07-05T09:03:54.922834,2,1,142.7,0.4,142.5,56,142.4,100,,,,,,,,,,,,,,,,,142.9,50,,,,,,,,,,,,,,,,,,
2026-07-05T09:03:54.928093+00:00,2026-07-05T09:03:54.928013,1,1,142.65,0.5,142.4,100,,,,,,,,,,,,,,,,,,,142.9,50,,,,,,,,,,,,,,,,,,
2026-07-05T09:03:54.979520+00:00,2026-07-05T09:03:54.979443,2,1,142.65,0.5,142.4,100,142.1,150,,,,,,,,,,,,,,,,,142.9,50,,,,,,,,,,,,,,,,,,
2026-07-05T09:03:55.054047+00:00,2026-07-05T09:03:55.054263,2,2,142.5,0.2,142.4,100,142.1,150,,,,,,,,,,,,,,,,,142.6,150,142.9,50,,,,,,,,,,,,,,,,
2026-07-05T09:03:55.563998+00:00,2026-07-05T09:03:55.563798,2,2,142.5,0.2,142.4,100,142.1,150,,,,,,,,,,,,,,,,,142.6,102,142.9,50,,,,,,,,,,,,,,,,
2026-07-05T09:03:56.169570+00:00,2026-07-05T09:03:56.169483,2,2,142.5,0.2,142.4,100,142.1,150,,,,,,,,,,,,,,,,,142.6,52,142.9,50,,,,,,,,,,,,,,,,
2026-07-05T09:03:56.874861+00:00,2026-07-05T09:03:56.874746,1,1,142.35,0.5,142.1,150,,,,,,,,,,,,,,,,,,,142.6,52,,,,,,,,,,,,,,,,,,
2026-07-05T09:03:56.926537+00:00,2026-07-05T09:03:56.926501,2,1,142.55,0.1,142.5,100,142.1,150,,,,,,,,,,,,,,,,,142.6,52,,,,,,,,,,,,,,,,,,
2026-07-05T09:03:56.982028+00:00,2026-07-05T09:03:56.981875,2,2,142.55,0.1,142.5,100,142.1,150,,,,,,,,,,,,,,,,,142.6,52,143.0,100,,,,,,,,,,,,,,,,
2026-07-05T09:03:57.504366+00:00,2026-07-05T09:03:57.486475,2,2,142.55,0.1,142.5,100,142.1,150,,,,,,,,,,,,,,,,,142.6,41,143.0,100,,,,,,,,,,,,,,,,
2026-07-05T09:03:58.113155+00:00,2026-07-05T09:03:58.113081,1,1,142.75,0.5,142.5,100,,,,,,,,,,,,,,,,,,,143.0,100,,,,,,,,,,,,,,,,,,
2026-07-05T09:03:58.168412+00:00,2026-07-05T09:03:58.168355,2,1,142.95,0.1,142.9,150,142.5,100,,,,,,,,,,,,,,,,,143.0,100,,,,,,,,,,,,,,,,,,
2026-07-05T09:03:58.221624+00:00,2026-07-05T09:03:58.221576,2,2,142.95,0.1,142.9,150,142.5,100,,,,,,,,,,,,,,,,,143.0,100,143.4,150,,,,,,,,,,,,,,,,
2026-07-05T09:03:58.274871+00:00,2026-07-05T09:03:58.274741,2,2,142.95,0.1,142.9,150,142.5,100,,,,,,,,,,,,,,,,,143.0,50,143.4,150,,,,,,,,,,,,,,,,
2026-07-05T09:03:58.813060+00:00,2026-07-05T09:03:58.805323,2,2,142.95,0.1,142.9,139,142.5,100,,,,,,,,,,,,,,,,,143.0,50,143.4,150,,,,,,,,,,,,,,,,
2026-07-05T09:03:59.058649+00:00,2026-07-05T09:03:59.054240,2,2,142.95,0.1,142.9,95,142.5,100,,,,,,,,,,,,,,,,,143.0,50,143.4,150,,,,,,,,,,,,,,,,
2026-07-05T09:03:59.590311+00:00,2026-07-05T09:03:59.590202,2,2,142.95,0.1,142.9,47,142.5,100,,,,,,,,,,,,,,,,,143.0,50,143.4,150,,,,,,,,,,,,,,,,
2026-07-05T09:04:00.038854+00:00,2026-07-05T09:04:00.038796,1,1,143.15,0.5,142.9,47,,,,,,,,,,,,,,,,,,,143.4,150,,,,,,,,,,,,,,,,,,
2026-07-05T09:04:00.102228+00:00,2026-07-05T09:04:00.095889,2,1,143.2,0.4,143.0,88,142.9,47,,,,,,,,,,,,,,,,,143.4,150,,,,,,,,,,,,,,,,,,
2026-07-05T09:04:00.143152+00:00,2026-07-05T09:04:00.143078,2,2,143.2,0.4,143.0,88,142.9,47,,,,,,,,,,,,,,,,,143.4,150,143.5,100,,,,,,,,,,,,,,,,
2026-07-05T09:04:00.388825+00:00,2026-07-05T09:04:00.388761,2,2,143.2,0.4,143.0,88,142.9,47,,,,,,,,,,,,,,,,,143.4,100,143.5,100,,,,,,,,,,,,,,,,
2026-07-05T09:04:01.273923+00:00,2026-07-05T09:04:01.274034,1,1,143.25,0.5,143.0,88,,,,,,,,,,,,,,,,,,,143.5,100,,,,,,,,,,,,,,,,,,
2026-07-05T09:04:01.330142+00:00,2026-07-05T09:04:01.329988,2,1,143.25,0.5,143.0,88,142.7,150,,,,,,,,,,,,,,,,,143.5,100,,,,,,,,,,,,,,,,,,
2026-07-05T09:04:01.381707+00:00,2026-07-05T09:04:01.381645,2,2,143.1,0.2,143.0,88,142.7,150,,,,,,,,,,,,,,,,,143.2,150,143.5,100,,,,,,,,,,,,,,,,
2026-07-05T09:04:02.206300+00:00,2026-07-05T09:04:02.206171,2,2,143.1,0.2,143.0,88,142.7,150,,,,,,,,,,,,,,,,,143.2,109,143.5,100,,,,,,,,,,,,,,,,
2026-07-05T09:04:02.502034+00:00,2026-07-05T09:04:02.501922,2,2,143.1,0.2,143.0,88,142.7,150,,,,,,,,,,,,,,,,,143.2,59,143.5,100,,,,,,,,,,,,,,,,
2026-07-05T09:04:03.202249+00:00,2026-07-05T09:04:03.202166,1,1,142.95,0.5,142.7,150,,,,,,,,,,,,,,,,,,,143.2,59,,,,,,,,,,,,,,,,,,
2026-07-05T09:04:03.258629+00:00,2026-07-05T09:04:03.255909,2,1,143.15,0.1,143.1,100,142.7,150,,,,,,,,,,,,,,,,,143.2,59,,,,,,,,,,,,,,,,,,
2026-07-05T09:04:03.307243+00:00,2026-07-05T09:04:03.307385,2,2,143.15,0.1,143.1,100,142.7,150,,,,,,,,,,,,,,,,,143.2,59,143.6,100,,,,,,,,,,,,,,,,
2026-07-05T09:04:03.765974+00:00,2026-07-05T09:04:03.765851,2,2,143.15,0.1,143.1,57,142.7,150,,,,,,,,,,,,,,,,,143.2,59,143.6,100,,,,,,,,,,,,,,,,
2026-07-05T09:04:04.054061+00:00,2026-07-05T09:04:04.047860,2,2,143.15,0.1,143.1,46,142.7,150,,,,,,,,,,,,,,,,,143.2,59,143.6,100,,,,,,,,,,,,,,,,
2026-07-05T09:04:04.436717+00:00,2026-07-05T09:04:04.436847,1,1,143.35,0.5,143.1,46,,,,,,,,,,,,,,,,,,,143.6,100,,,,,,,,,,,,,,,,,,
2026-07-05T09:04:04.504415+00:00,2026-07-05T09:04:04.504299,2,1,143.35,0.5,143.1,46,143.0,150,,,,,,,,,,,,,,,,,143.6,100,,,,,,,,,,,,,,,,,,
2026-07-05T09:04:04.557983+00:00,2026-07-05T09:04:04.558167,2,2,143.3,0.4,143.1,46,143.0,150,,,,,,,,,,,,,,,,,143.5,150,143.6,100,,,,,,,,,,,,,,,,
2026-07-05T09:04:04.608716+00:00,2026-07-05T09:04:04.608567,2,2,143.3,0.4,143.1,46,143.0,150,,,,,,,,,,,,,,,,,143.5,100,143.6,100,,,,,,,,,,,,,,,,
2026-07-05T09:04:05.346585+00:00,2026-07-05T09:04:05.346442,2,2,143.3,0.4,143.1,46,143.0,150,,,,,,,,,,,,,,,,,143.5,56,143.6,100,,,,,,,,,,,,,,,,
2026-07-05T09:04:06.365906+00:00,2026-07-05T09:04:06.365816,1,1,143.25,0.5,143.0,150,,,,,,,,,,,,,,,,,,,143.5,56,,,,,,,,,,,,,,,,,,
2026-07-05T09:04:06.421151+00:00,2026-07-05T09:04:06.421040,2,1,143.25,0.5,143.0,150,142.9,100,,,,,,,,,,,,,,,,,143.5,56,,,,,,,,,,,,,,,,,,
2026-07-05T09:04:06.474179+00:00,2026-07-05T09:04:06.474079,2,2,143.2,0.4,143.0,150,142.9,100,,,,,,,,,,,,,,,,,143.4,100,143.5,56,,,,,,,,,,,,,,,,
2026-07-05T09:04:06.716999+00:00,2026-07-05T09:04:06.716970,2,2,143.2,0.4,143.0,150,142.9,100,,,,,,,,,,,,,,,,,143.4,50,143.5,56,,,,,,,,,,,,,,,,
2026-07-05T09:04:07.305980+00:00,2026-07-05T09:04:07.305941,2,2,143.2,0.4,143.0,110,142.9,100,,,,,,,,,,,,,,,,,143.4,50,143.5,56,,,,,,,,,,,,,,,,
2026-07-05T09:04:07.613174+00:00,2026-07-05T09:04:07.613020,2,1,143.2,0.4,143.0,110,142.9,100,,,,,,,,,,,,,,,,,143.4,50,,,,,,,,,,,,,,,,,,
2026-07-05T09:04:07.618106+00:00,2026-07-05T09:04:07.618198,1,1,143.15,0.5,142.9,100,,,,,,,,,,,,,,,,,,,143.4,50,,,,,,,,,,,,,,,,,,
2026-07-05T09:04:07.674351+00:00,2026-07-05T09:04:07.674448,2,0,,,143.4,100,142.9,100,,,,,,,,,,,,,,,,,,,,,,,,,,,,,,,,,,,,
2026-07-05T09:04:07.724172+00:00,2026-07-05T09:04:07.724293,2,1,143.65,0.5,143.4,100,142.9,100,,,,,,,,,,,,,,,,,143.9,150,,,,,,,,,,,,,,,,,,
2026-07-05T09:04:07.742023+00:00,2026-07-05T09:04:07.731602,2,1,143.65,0.5,143.4,77,142.9,100,,,,,,,,,,,,,,,,,143.9,150,,,,,,,,,,,,,,,,,,
2026-07-05T09:04:08.325358+00:00,2026-07-05T09:04:08.325316,2,1,143.65,0.5,143.4,77,142.9,100,,,,,,,,,,,,,,,,,143.9,107,,,,,,,,,,,,,,,,,,
2026-07-05T09:04:08.876206+00:00,2026-07-05T09:04:08.876141,2,1,143.65,0.5,143.4,27,142.9,100,,,,,,,,,,,,,,,,,143.9,107,,,,,,,,,,,,,,,,,,
2026-07-05T09:04:09.531495+00:00,2026-07-05T09:04:09.531378,1,1,143.65,0.5,143.4,27,,,,,,,,,,,,,,,,,,,143.9,107,,,,,,,,,,,,,,,,,,
2026-07-05T09:04:09.586047+00:00,2026-07-05T09:04:09.585962,2,1,143.7,0.4,143.5,100,143.4,27,,,,,,,,,,,,,,,,,143.9,107,,,,,,,,,,,,,,,,,,
2026-07-05T09:04:09.640391+00:00,2026-07-05T09:04:09.640336,2,2,143.7,0.4,143.5,100,143.4,27,,,,,,,,,,,,,,,,,143.9,107,144.0,100,,,,,,,,,,,,,,,,
