recv_time,book_timestamp,n_bids,n_asks,mid,spread,bid_px_0,bid_vol_0,bid_px_1,bid_vol_1,bid_px_2,bid_vol_2,bid_px_3,bid_vol_3,bid_px_4,bid_vol_4,bid_px_5,bid_vol_5,bid_px_6,bid_vol_6,bid_px_7,bid_vol_7,bid_px_8,bid_vol_8,bid_px_9,bid_vol_9,ask_px_0,ask_vol_0,ask_px_1,ask_vol_1,ask_px_2,ask_vol_2,ask_px_3,ask_vol_3,ask_px_4,ask_vol_4,ask_px_5,ask_vol_5,ask_px_6,ask_vol_6,ask_px_7,ask_vol_7,ask_px_8,ask_vol_8,ask_px_9,ask_vol_9
2026-07-06T02:00:01.256314+00:00,2026-07-06T02:00:01.256532,1,1,163.2,1.0,162.7,150,,,,,,,,,,,,,,,,,,,163.7,92,,,,,,,,,,,,,,,,,,
2026-07-06T02:00:01.332039+00:00,2026-07-06T02:00:01.331914,1,1,163.2,1.0,162.7,150,,,,,,,,,,,,,,,,,,,163.7,42,,,,,,,,,,,,,,,,,,
2026-07-06T02:00:02.705198+00:00,2026-07-06T02:00:02.687372,0,0,,,,,,,,,,,,,,,,,,,,,,,,,,,,,,,,,,,,,,,,,,
2026-07-06T02:00:02.746825+00:00,2026-07-06T02:00:02.746734,2,0,,,163.1,150,162.8,100,,,,,,,,,,,,,,,,,,,,,,,,,,,,,,,,,,,,
2026-07-06T02:00:02.814187+00:00,2026-07-06T02:00:02.814100,2,2,163.2,0.2,163.1,150,162.8,100,,,,,,,,,,,,,,,,,163.3,100,163.6,150,,,,,,,,,,,,,,,,
2026-07-06T02:00:03.439386+00:00,2026-07-06T02:00:03.439216,2,2,163.2,0.2,163.1,150,162.8,100,,,,,,,,,,,,,,,,,163.3,50,163.6,150,,,,,,,,,,,,,,,,
2026-07-06T02:00:03.565355+00:00,2026-07-06T02:00:03.565239,2,2,163.2,0.2,163.1,150,162.8,100,,,,,,,,,,,,,,,,,163.3,5,163.6,150,,,,,,,,,,,,,,,,
2026-07-06T02:00:03.617783+00:00,2026-07-06T02:00:03.617679,2,2,163.2,0.2,163.1,106,162.8,100,,,,,,,,,,,,,,,,,163.3,5,163.6,150,,,,,,,,,,,,,,,,
2026-07-06T02:00:04.239829+00:00,2026-07-06T02:00:04.239768,2,1,163.35,0.5,163.1,106,162.8,100,,,,,,,,,,,,,,,,,163.6,150,,,,,,,,,,,,,,,,,,
2026-07-06T02:00:05.547578+00:00,2026-07-06T02:00:05.547479,2,1,163.35,0.5,163.1,106,162.8,100,,,,,,,,,,,,,,,,,163.6,100,,,,,,,,,,,,,,,,,,
2026-07-06T02:00:05.869072+00:00,2026-07-06T02:00:05.869004,0,0,,,,,,,,,,,,,,,,,,,,,,,,,,,,,,,,,,,,,,,,,,
2026-07-06T02:00:05.921885+00:00,2026-07-06T02:00:05.921822,2,0,,,163.7,150,163.6,100,,,,,,,,,,,,,,,,,,,,,,,,,,,,,,,,,,,,
2026-07-06T02:00:05.982195+00:00,2026-07-06T02:00:05.976505,2,2,163.9,0.4,163.7,136,163.6,100,,,,,,,,,,,,,,,,,164.1,100,164.2,150,,,,,,,,,,,,,,,,
2026-07-06T02:00:07.728052+00:00,2026-07-06T02:00:07.701645,2,2,163.9,0.4,163.7,86,163.6,100,,,,,,,,,,,,,,,,,164.1,100,164.2,150,,,,,,,,,,,,,,,,
2026-07-06T02:00:09.030700+00:00,2026-07-06T02:00:09.030611,0,0,,,,,,,,,,,,,,,,,,,,,,,,,,,,,,,,,,,,,,,,,,
2026-07-06T02:00:09.083204+00:00,2026-07-06T02:00:09.083145,2,0,,,163.5,100,163.3,150,,,,,,,,,,,,,,,,,,,,,,,,,,,,,,,,,,,,
2026-07-06T02:00:09.134880+00:00,2026-07-06T02:00:09.134799,2,2,163.65,0.3,163.5,100,163.3,150,,,,,,,,,,,,,,,,,163.8,150,164.0,100,,,,,,,,,,,,,,,,
2026-07-06T02:00:09.816170+00:00,2026-07-06T02:00:09.816097,2,2,163.65,0.3,163.5,50,163.3,150,,,,,,,,,,,,,,,,,163.8,150,164.0,100,,,,,,,,,,,,,,,,
2026-07-06T02:00:11.369233+00:00,2026-07-06T02:00:11.369096,2,2,163.65,0.3,163.5,2,163.3,150,,,,,,,,,,,,,,,,,163.8,150,164.0,100,,,,,,,,,,,,,,,,
2026-07-06T02:00:11.922658+00:00,2026-07-06T02:00:11.917385,1,2,163.55,0.5,163.3,102,,,,,,,,,,,,,,,,,,,163.8,150,164.0,100,,,,,,,,,,,,,,,,
2026-07-06T02:00:12.186220+00:00,2026-07-06T02:00:12.186170,1,0,,,163.3,102,,,,,,,,,,,,,,,,,,,,,,,,,,,,,,,,,,,,,,
2026-07-06T02:00:12.191384+00:00,2026-07-06T02:00:12.191349,0,0,,,,,,,,,,,,,,,,,,,,,,,,,,,,,,,,,,,,,,,,,,
2026-07-06T02:00:12.241232+00:00,2026-07-06T02:00:12.241127,2,0,,,163.3,100,163.2,150,,,,,,,,,,,,,,,,,,,,,,,,,,,,,,,,,,,,
2026-07-06T02:00:12.293850+00:00,2026-07-06T02:00:12.293755,2,2,163.5,0.4,163.3,100,163.2,150,,,,,,,,,,,,,,,,,163.7,150,163.8,100,,,,,,,,,,,,,,,,
2026-07-06T02:00:13.335177+00:00,2026-07-06T02:00:13.335011,2,2,163.5,0.4,163.3,100,163.2,150,,,,,,,,,,,,,,,,,163.7,106,163.8,100,,,,,,,,,,,,,,,,
2026-07-06T02:00:13.988450+00:00,2026-07-06T02:00:13.988560,2,2,163.5,0.4,163.3,56,163.2,150,,,,,,,,,,,,,,,,,163.7,106,163.8,100,,,,,,,,,,,,,,,,
2026-07-06T02:00:14.032796+00:00,2026-07-06T02:00:14.032925,2,2,163.5,0.4,163.3,6,163.2,150,,,,,,,,,,,,,,,,,163.7,106,163.8,100,,,,,,,,,,,,,,,,
2026-07-06T02:00:15.347111+00:00,2026-07-06T02:00:15.347018,1,0,,,163.2,150,,,,,,,,,,,,,,,,,,,,,,,,,,,,,,,,,,,,,,
2026-07-06T02:00:15.358634+00:00,2026-07-06T02:00:15.352294,0,0,,,,,,,,,,,,,,,,,,,,,,,,,,,,,,,,,,,,,,,,,,
2026-07-06T02:00:15.401522+00:00,2026-07-06T02:00:15.401689,1,0,,,163.1,100,,,,,,,,,,,,,,,,,,,,,,,,,,,,,,,,,,,,,,
2026-07-06T02:00:15.406966+00:00,2026-07-06T02:00:15.406877,2,0,,,163.4,150,163.1,100,,,,,,,,,,,,,,,,,,,,,,,,,,,,,,,,,,,,
2026-07-06T02:00:15.466960+00:00,2026-07-06T02:00:15.462004,2,2,163.5,0.2,163.4,150,163.1,100,,,,,,,,,,,,,,,,,163.6,97,163.9,150,,,,,,,,,,,,,,,,
2026-07-06T02:00:15.565930+00:00,2026-07-06T02:00:15.565896,2,2,163.5,0.2,163.4,150,163.1,100,,,,,,,,,,,,,,,,,163.6,54,163.9,150,,,,,,,,,,,,,,,,
2026-07-06T02:00:16.140646+00:00,2026-07-06T02:00:16.140582,2,2,163.5,0.2,163.4,100,163.1,100,,,,,,,,,,,,,,,,,163.6,54,163.9,150,,,,,,,,,,,,,,,,
2026-07-06T02:00:16.655925+00:00,2026-07-06T02:00:16.656018,2,2,163.5,0.2,163.4,57,163.1,100,,,,,,,,,,,,,,,,,163.6,54,163.9,150,,,,,,,,,,,,,,,,
2026-07-06T02:00:18.158670+00:00,2026-07-06T02:00:18.156285,2,2,163.5,0.2,163.4,57,163.1,100,,,,,,,,,,,,,,,,,163.6,12,163.9,150,,,,,,,,,,,,,,,,
2026-07-06T02:00:18.194970+00:00,2026-07-06T02:00:18.194943,2,1,163.65,0.5,163.4,57,163.1,100,,,,,,,,,,,,,,,,,163.9,112,,,,,,,,,,,,,,,,,,
2026-07-06T02:00:18.503392+00:00,2026-07-06T02:00:18.503241,1,1,163.65,0.5,163.4,57,,,,,,,,,,,,,,,,,,,163.9,112,,,,,,,,,,,,,,,,,,
2026-07-06T02:00:18.508670+00:00,2026-07-06T02:00:18.508504,0,0,,,,,,,,,,,,,,,,,,,,,,,,,,,,,,,,,,,,,,,,,,
2026-07-06T02:00:18.560918+00:00,2026-07-06T02:00:18.560807,2,0,,,163.2,100,163.1,150,,,,,,,,,,,,,,,,,,,,,,,,,,,,,,,,,,,,
2026-07-06T02:00:18.614429+00:00,2026-07-06T02:00:18.614383,2,2,163.4,0.4,163.2,100,163.1,150,,,,,,,,,,,,,,,,,163.6,150,163.7,100,,,,,,,,,,,,,,,,
2026-07-06T02:00:20.374313+00:00,2026-07-06T02:00:20.374212,2,2,163.4,0.4,163.2,50,163.1,150,,,,,,,,,,,,,,,,,163.6,150,163.7,100,,,,,,,,,,,,,,,,
2026-07-06T02:00:20.405910+00:00,2026-07-06T02:00:20.405719,2,2,163.4,0.4,163.2,50,163.1,150,,,,,,,,,,,,,,,,,163.6,103,163.7,100,,,,,,,,,,,,,,,,
2026-07-06T02:00:21.385069+00:00,2026-07-06T02:00:21.385040,2,2,163.4,0.4,163.2,6,163.1,150,,,,,,,,,,,,,,,,,163.6,103,163.7,100,,,,,,,,,,,,,,,,
2026-07-06T02:00:21.668504+00:00,2026-07-06T02:00:21.668411,1,0,,,163.1,150,,,,,,,,,,,,,,,,,,,,,,,,,,,,,,,,,,,,,,
2026-07-06T02:00:21.673770+00:00,2026-07-06T02:00:21.673578,0,0,,,,,,,,,,,,,,,,,,,,,,,,,,,,,,,,,,,,,,,,,,
2026-07-06T02:00:21.724132+00:00,2026-07-06T02:00:21.724106,2,0,,,163.3,150,163.0,100,,,,,,,,,,,,,,,,,,,,,,,,,,,,,,,,,,,,
2026-07-06T02:00:21.777344+00:00,2026-07-06T02:00:21.777310,2,2,163.4,0.2,163.3,150,163.0,100,,,,,,,,,,,,,,,,,163.5,100,163.8,150,,,,,,,,,,,,,,,,
2026-07-06T02:00:22.430053+00:00,2026-07-06T02:00:22.429997,2,2,163.4,0.2,163.3,150,163.0,100,,,,,,,,,,,,,,,,,163.5,50,163.8,150,,,,,,,,,,,,,,,,
2026-07-06T02:00:23.142225+00:00,2026-07-06T02:00:23.142196,2,2,163.4,0.2,163.3,150,163.0,100,,,,,,,,,,,,,,,,,163.5,9,163.8,150,,,,,,,,,,,,,,,,
2026-07-06T02:00:24.537176+00:00,2026-07-06T02:00:24.537423,2,1,163.55,0.5,163.3,150,163.0,100,,,,,,,,,,,,,,,,,163.8,109,,,,,,,,,,,,,,,,,,
2026-07-06T02:00:24.826874+00:00,2026-07-06T02:00:24.826831,1,1,163.55,0.5,163.3,150,,,,,,,,,,,,,,,,,,,163.8,109,,,,,,,,,,,,,,,,,,
2026-07-06T02:00:24.832147+00:00,2026-07-06T02:00:24.832033,0,0,,,,,,,,,,,,,,,,,,,,,,,,,,,,,,,,,,,,,,,,,,
2026-07-06T02:00:24.885140+00:00,2026-07-06T02:00:24.885333,2,0,,,163.4,150,163.2,100,,,,,,,,,,,,,,,,,,,,,,,,,,,,,,,,,,,,
2026-07-06T02:00:24.938591+00:00,2026-07-06T02:00:24.938430,2,2,163.55,0.3,163.4,150,163.2,100,,,,,,,,,,,,,,,,,163.7,100,163.9,150,,,,,,,,,,,,,,,,
2026-07-06T02:00:26.658560+00:00,2026-07-06T02:00:26.653536,2,2,163.55,0.3,163.4,150,163.2,100,,,,,,,,,,,,,,,,,163.7,50,163.9,150,,,,,,,,,,,,,,,,
2026-07-06T02:00:27.993094+00:00,2026-07-06T02:00:27.993034,0,0,,,,,,,,,,,,,,,,,,,,,,,,,,,,,,,,,,,,,,,,,,
2026-07-06T02:00:28.047479+00:00,2026-07-06T02:00:28.047350,1,0,,,163.3,250,,,,,,,,,,,,,,,,,,,,,,,,,,,,,,,,,,,,,,
2026-07-06T02:00:28.100505+00:00,2026-07-06T02:00:28.100625,1,1,163.55,0.5,163.3,250,,,,,,,,,,,,,,,,,,,163.8,250,,,,,,,,,,,,,,,,,,
2026-07-06T02:00:28.749130+00:00,2026-07-06T02:00:28.749455,1,1,163.55,0.5,163.3,250,,,,,,,,,,,,,,,,,,,163.8,200,,,,,,,,,,,,,,,,,,
2026-07-06T02:00:31.158659+00:00,2026-07-06T02:00:31.153796,0,0,,,,,,,,,,,,,,,,,,,,,,,,,,,,,,,,,,,,,,,,,,
2026-07-06T02:00:31.204452+00:00,2026-07-06T02:00:31.204357,1,0,,,163.5,100,,,,,,,,,,,,,,,,,,,,,,,,,,,,,,,,,,,,,,
2026-07-06T02:00:31.209703+00:00,2026-07-06T02:00:31.209531,2,0,,,163.5,100,163.4,150,,,,,,,,,,,,,,,,,,,,,,,,,,,,,,,,,,,,
2026-07-06T02:00:31.286238+00:00,2026-07-06T02:00:31.285940,2,2,163.7,0.4,163.5,100,163.4,150,,,,,,,,,,,,,,,,,163.9,150,164.0,100,,,,,,,,,,,,,,,,
2026-07-06T02:00:33.021143+00:00,2026-07-06T02:00:33.021032,2,2,163.7,0.4,163.5,50,163.4,150,,,,,,,,,,,,,,,,,163.9,150,164.0,100,,,,,,,,,,,,,,,,
2026-07-06T02:00:33.700567+00:00,2026-07-06T02:00:33.696603,2,2,163.7,0.4,163.5,50,163.4,150,,,,,,,,,,,,,,,,,163.9,139,164.0,100,,,,,,,,,,,,,,,,
2026-07-06T02:00:34.345788+00:00,2026-07-06T02:00:34.345720,1,0,,,163.4,150,,,,,,,,,,,,,,,,,,,,,,,,,,,,,,,,,,,,,,
2026-07-06T02:00:34.358711+00:00,2026-07-06T02:00:34.358627,0,0,,,,,,,,,,,,,,,,,,,,,,,,,,,,,,,,,,,,,,,,,,
2026-07-06T02:00:34.398569+00:00,2026-07-06T02:00:34.398399,1,0,,,164.0,100,,,,,,,,,,,,,,,,,,,,,,,,,,,,,,,,,,,,,,
2026-07-06T02:00:34.403798+00:00,2026-07-06T02:00:34.403651,1,0,,,164.0,250,,,,,,,,,,,,,,,,,,,,,,,,,,,,,,,,,,,,,,
2026-07-06T02:00:34.452007+00:00,2026-07-06T02:00:34.451828,1,1,164.25,0.5,164.0,250,,,,,,,,,,,,,,,,,,,164.5,100,,,,,,,,,,,,,,,,,,
2026-07-06T02:00:34.456953+00:00,2026-07-06T02:00:34.457035,1,1,164.25,0.5,164.0,250,,,,,,,,,,,,,,,,,,,164.5,250,,,,,,,,,,,,,,,,,,
2026-07-06T02:00:35.141139+00:00,2026-07-06T02:00:35.141261,1,1,164.25,0.5,164.0,200,,,,,,,,,,,,,,,,,,,164.5,250,,,,,,,,,,,,,,,,,,
2026-07-06T02:00:35.799095+00:00,2026-07-06T02:00:35.799058,1,1,164.25,0.5,164.0,154,,,,,,,,,,,,,,,,,,,164.5,250,,,,,,,,,,,,,,,,,,
2026-07-06T02:00:37.251363+00:00,2026-07-06T02:00:37.251246,1,1,164.25,0.5,164.0,104,,,,,,,,,,,,,,,,,,,164.5,250,,,,,,,,,,,,,,,,,,
2026-07-06T02:00:37.506332+00:00,2026-07-06T02:00:37.506203,1,1,164.25,0.5,164.0,104,,,,,,,,,,,,,,,,,,,164.5,150,,,,,,,,,,,,,,,,,,
2026-07-06T02:00:37.511517+00:00,2026-07-06T02:00:37.511460,0,0,,,,,,,,,,,,,,,,,,,,,,,,,,,,,,,,,,,,,,,,,,
2026-07-06T02:00:37.554432+00:00,2026-07-06T02:00:37.554553,1,0,,,163.8,100,,,,,,,,,,,,,,,,,,,,,,,,,,,,,,,,,,,,,,
2026-07-06T02:00:37.563771+00:00,2026-07-06T02:00:37.563732,2,0,,,164.0,150,163.8,100,,,,,,,,,,,,,,,,,,,,,,,,,,,,,,,,,,,,
2026-07-06T02:00:37.612518+00:00,2026-07-06T02:00:37.612353,2,1,164.15,0.3,164.0,150,163.8,100,,,,,,,,,,,,,,,,,164.3,100,,,,,,,,,,,,,,,,,,
2026-07-06T02:00:37.617852+00:00,2026-07-06T02:00:37.617714,2,2,164.15,0.3,164.0,150,163.8,100,,,,,,,,,,,,,,,,,164.3,100,164.5,150,,,,,,,,,,,,,,,,
2026-07-06T02:00:39.358622+00:00,2026-07-06T02:00:39.352242,2,2,164.15,0.3,164.0,100,163.8,100,,,,,,,,,,,,,,,,,164.3,100,164.5,150,,,,,,,,,,,,,,,,
2026-07-06T02:00:40.666983+00:00,2026-07-06T02:00:40.666908,1,1,164.25,0.5,164.0,100,,,,,,,,,,,,,,,,,,,164.5,150,,,,,,,,,,,,,,,,,,
2026-07-06T02:00:40.672236+00:00,2026-07-06T02:00:40.672163,0,0,,,,,,,,,,,,,,,,,,,,,,,,,,,,,,,,,,,,,,,,,,
2026-07-06T02:00:40.723065+00:00,2026-07-06T02:00:40.722986,1,0,,,163.8,250,,,,,,,,,,,,,,,,,,,,,,,,,,,,,,,,,,,,,,
2026-07-06T02:00:40.776247+00:00,2026-07-06T02:00:40.776079,1,1,164.05,0.5,163.8,250,,,,,,,,,,,,,,,,,,,164.3,100,,,,,,,,,,,,,,,,,,
2026-07-06T02:00:40.781390+00:00,2026-07-06T02:00:40.781330,1,1,164.05,0.5,163.8,250,,,,,,,,,,,,,,,,,,,164.3,250,,,,,,,,,,,,,,,,,,
2026-07-06T02:00:41.300998+00:00,2026-07-06T02:00:41.300975,1,1,164.05,0.5,163.8,250,,,,,,,,,,,,,,,,,,,164.3,208,,,,,,,,,,,,,,,,,,
2026-07-06T02:00:42.301130+00:00,2026-07-06T02:00:42.301324,1,1,164.05,0.5,163.8,209,,,,,,,,,,,,,,,,,,,164.3,208,,,,,,,,,,,,,,,,,,
2026-07-06T02:00:43.830498+00:00,2026-07-06T02:00:43.830378,1,1,164.05,0.5,163.8,150,,,,,,,,,,,,,,,,,,,164.3,150,,,,,,,,,,,,,,,,,,
2026-07-06T02:00:43.835504+00:00,2026-07-06T02:00:43.835634,0,0,,,,,,,,,,,,,,,,,,,,,,,,,,,,,,,,,,,,,,,,,,
2026-07-06T02:00:43.886039+00:00,2026-07-06T02:00:43.885964,1,0,,,163.7,250,,,,,,,,,,,,,,,,,,,,,,,,,,,,,,,,,,,,,,
2026-07-06T02:00:43.939410+00:00,2026-07-06T02:00:43.939340,1,1,163.95,0.5,163.7,250,,,,,,,,,,,,,,,,,,,164.2,250,,,,,,,,,,,,,,,,,,
2026-07-06T02:00:45.675049+00:00,2026-07-06T02:00:45.674908,1,1,163.95,0.5,163.7,200,,,,,,,,,,,,,,,,,,,164.2,250,,,,,,,,,,,,,,,,,,
2026-07-06T02:00:46.506543+00:00,2026-07-06T02:00:46.506514,1,1,163.95,0.5,163.7,200,,,,,,,,,,,,,,,,,,,164.2,202,,,,,,,,,,,,,,,,,,
2026-07-06T02:00:47.025447+00:00,2026-07-06T02:00:47.025279,1,1,163.95,0.5,163.7,150,,,,,,,,,,,,,,,,,,,164.2,150,,,,,,,,,,,,,,,,,,
2026-07-06T02:00:47.030658+00:00,2026-07-06T02:00:47.030562,0,0,,,,,,,,,,,,,,,,,,,,,,,,,,,,,,,,,,,,,,,,,,
2026-07-06T02:00:47.085855+00:00,2026-07-06T02:00:47.085701,2,0,,,163.8,100,163.7,150,,,,,,,,,,,,,,,,,,,,,,,,,,,,,,,,,,,,
2026-07-06T02:00:47.134067+00:00,2026-07-06T02:00:47.133952,2,1,164.0,0.4,163.8,100,163.7,150,,,,,,,,,,,,,,,,,164.2,150,,,,,,,,,,,,,,,,,,
2026-07-06T02:00:47.139226+00:00,2026-07-06T02:00:47.139119,2,2,164.0,0.4,163.8,100,163.7,150,,,,,,,,,,,,,,,,,164.2,150,164.3,100,,,,,,,,,,,,,,,,
2026-07-06T02:00:47.570456+00:00,2026-07-06T02:00:47.570320,2,2,164.0,0.4,163.8,56,163.7,150,,,,,,,,,,,,,,,,,164.2,150,164.3,100,,,,,,,,,,,,,,,,
2026-07-06T02:00:47.729057+00:00,2026-07-06T02:00:47.728947,2,2,164.0,0.4,163.8,56,163.7,150,,,,,,,,,,,,,,,,,164.2,100,164.3,100,,,,,,,,,,,,,,,,
2026-07-06T02:00:49.687390+00:00,2026-07-06T02:00:49.687340,2,2,164.0,0.4,163.8,56,163.7,150,,,,,,,,,,,,,,,,,164.2,54,164.3,100,,,,,,,,,,,,,,,,
2026-07-06T02:00:49.838576+00:00,2026-07-06T02:00:49.838759,2,2,164.0,0.4,163.8,56,163.7,150,,,,,,,,,,,,,,,,,164.2,4,164.3,100,,,,,,,,,,,,,,,,
2026-07-06T02:00:50.193120+00:00,2026-07-06T02:00:50.193019,1,1,164.05,0.5,163.8,56,,,,,,,,,,,,,,,,,,,164.3,100,,,,,,,,,,,,,,,,,,
2026-07-06T02:00:50.198404+00:00,2026-07-06T02:00:50.198274,0,0,,,,,,,,,,,,,,,,,,,,,,,,,,,,,,,,,,,,,,,,,,
2026-07-06T02:00:50.249482+00:00,2026-07-06T02:00:50.249448,2,0,,,164.4,150,163.7,100,,,,,,,,,,,,,,,,,,,,,,,,,,,,,,,,,,,,
2026-07-06T02:00:50.313136+00:00,2026-07-06T02:00:50.307130,2,1,164.65,0.5,164.4,36,163.7,100,,,,,,,,,,,,,,,,,164.9,150,,,,,,,,,,,,,,,,,,
2026-07-06T02:00:50.722940+00:00,2026-07-06T02:00:50.723109,1,1,164.3,1.2,163.7,94,,,,,,,,,,,,,,,,,,,164.9,150,,,,,,,,,,,,,,,,,,
2026-07-06T02:00:51.708812+00:00,2026-07-06T02:00:51.708762,1,1,164.3,1.2,163.7,50,,,,,,,,,,,,,,,,,,,164.9,150,,,,,,,,,,,,,,,,,,
2026-07-06T02:00:52.008770+00:00,2026-07-06T02:00:52.008941,0,1,,,,,,,,,,,,,,,,,,,,,,,164.9,150,,,,,,,,,,,,,,,,,,
2026-07-06T02:00:53.358645+00:00,2026-07-06T02:00:53.356875,0,0,,,,,,,,,,,,,,,,,,,,,,,,,,,,,,,,,,,,,,,,,,
2026-07-06T02:00:53.407537+00:00,2026-07-06T02:00:53.407488,1,0,,,163.7,100,,,,,,,,,,,,,,,,,,,,,,,,,,,,,,,,,,,,,,
2026-07-06T02:00:53.412740+00:00,2026-07-06T02:00:53.412668,2,0,,,163.8,150,163.7,100,,,,,,,,,,,,,,,,,,,,,,,,,,,,,,,,,,,,
2026-07-06T02:00:53.474220+00:00,2026-07-06T02:00:53.468201,2,2,164.0,0.4,163.8,150,163.7,100,,,,,,,,,,,,,,,,,164.2,97,164.3,150,,,,,,,,,,,,,,,,
2026-07-06T02:00:54.058638+00:00,2026-07-06T02:00:54.058458,2,2,164.0,0.4,163.8,150,163.7,100,,,,,,,,,,,,,,,,,164.2,47,164.3,150,,,,,,,,,,,,,,,,
2026-07-06T02:00:55.757034+00:00,2026-07-06T02:00:55.757251,2,1,164.05,0.5,163.8,150,163.7,100,,,,,,,,,,,,,,,,,164.3,149,,,,,,,,,,,,,,,,,,
2026-07-06T02:00:56.173873+00:00,2026-07-06T02:00:56.173794,2,1,164.05,0.5,163.8,150,163.7,100,,,,,,,,,,,,,,,,,164.3,99,,,,,,,,,,,,,,,,,,
2026-07-06T02:00:56.517482+00:00,2026-07-06T02:00:56.517418,1,0,,,163.8,150,,,,,,,,,,,,,,,,,,,,,,,,,,,,,,,,,,,,,,
2026-07-06T02:00:56.522740+00:00,2026-07-06T02:00:56.522624,0,0,,,,,,,,,,,,,,,,,,,,,,,,,,,,,,,,,,,,,,,,,,
2026-07-06T02:00:56.568984+00:00,2026-07-06T02:00:56.568865,1,0,,,164.1,100,,,,,,,,,,,,,,,,,,,,,,,,,,,,,,,,,,,,,,
2026-07-06T02:00:56.574085+00:00,2026-07-06T02:00:56.574040,1,0,,,164.1,250,,,,,,,,,,,,,,,,,,,,,,,,,,,,,,,,,,,,,,
2026-07-06T02:00:56.623410+00:00,2026-07-06T02:00:56.623291,1,1,164.35,0.5,164.1,250,,,,,,,,,,,,,,,,,,,164.6,100,,,,,,,,,,,,,,,,,,
2026-07-06T02:00:56.628667+00:00,2026-07-06T02:00:56.628479,1,1,164.35,0.5,164.1,250,,,,,,,,,,,,,,,,,,,164.6,250,,,,,,,,,,,,,,,,,,
2026-07-06T02:00:57.386442+00:00,2026-07-06T02:00:57.386396,1,1,164.35,0.5,164.1,204,,,,,,,,,,,,,,,,,,,164.6,250,,,,,,,,,,,,,,,,,,
2026-07-06T02:00:58.294479+00:00,2026-07-06T02:00:58.294346,1,1,164.35,0.5,164.1,204,,,,,,,,,,,,,,,,,,,164.6,200,,,,,,,,,,,,,,,,,,
2026-07-06T02:00:59.679782+00:00,2026-07-06T02:00:59.679707,1,0,,,164.1,150,,,,,,,,,,,,,,,,,,,,,,,,,,,,,,,,,,,,,,
2026-07-06T02:00:59.684961+00:00,2026-07-06T02:00:59.684884,0,0,,,,,,,,,,,,,,,,,,,,,,,,,,,,,,,,,,,,,,,,,,
2026-07-06T02:00:59.733978+00:00,2026-07-06T02:00:59.733899,1,0,,,164.3,100,,,,,,,,,,,,,,,,,,,,,,,,,,,,,,,,,,,,,,
2026-07-06T02:00:59.758711+00:00,2026-07-06T02:00:59.755656,1,0,,,164.3,250,,,,,,,,,,,,,,,,,,,,,,,,,,,,,,,,,,,,,,
2026-07-06T02:00:59.786789+00:00,2026-07-06T02:00:59.786881,1,1,164.55,0.5,164.3,250,,,,,,,,,,,,,,,,,,,164.8,100,,,,,,,,,,,,,,,,,,
2026-07-06T02:00:59.818833+00:00,2026-07-06T02:00:59.818739,1,1,164.55,0.5,164.3,250,,,,,,,,,,,,,,,,,,,164.8,250,,,,,,,,,,,,,,,,,,
2026-07-06T02:01:00.323643+00:00,2026-07-06T02:01:00.323578,1,1,164.55,0.5,164.3,250,,,,,,,,,,,,,,,,,,,164.8,208,,,,,,,,,,,,,,,,,,
2026-07-06T02:01:00.455370+00:00,2026-07-06T02:01:00.455526,1,1,164.55,0.5,164.3,200,,,,,,,,,,,,,,,,,,,164.8,208,,,,,,,,,,,,,,,,,,
2026-07-06T02:01:02.512195+00:00,2026-07-06T02:01:02.512139,1,1,164.55,0.5,164.3,200,,,,,,,,,,,,,,,,,,,164.8,158,,,,,,,,,,,,,,,,,,
2026-07-06T02:01:02.839360+00:00,2026-07-06T02:01:02.839260,1,1,164.55,0.5,164.3,150,,,,,,,,,,,,,,,,,,,164.8,150,,,,,,,,,,,,,,,,,,
2026-07-06T02:01:02.874480+00:00,2026-07-06T02:01:02.874407,0,0,,,,,,,,,,,,,,,,,,,,,,,,,,,,,,,,,,,,,,,,,,
2026-07-06T02:01:02.897038+00:00,2026-07-06T02:01:02.896951,1,0,,,164.3,100,,,,,,,,,,,,,,,,,,,,,,,,,,,,,,,,,,,,,,
2026-07-06T02:01:02.929289+00:00,2026-07-06T02:01:02.929137,2,0,,,164.3,100,164.1,150,,,,,,,,,,,,,,,,,,,,,,,,,,,,,,,,,,,,
2026-07-06T02:01:02.958575+00:00,2026-07-06T02:01:02.950520,2,1,164.55,0.5,164.3,100,164.1,150,,,,,,,,,,,,,,,,,164.8,100,,,,,,,,,,,,,,,,,,
2026-07-06T02:01:02.982487+00:00,2026-07-06T02:01:02.982394,2,2,164.45,0.3,164.3,100,164.1,150,,,,,,,,,,,,,,,,,164.6,150,164.8,100,,,,,,,,,,,,,,,,
2026-07-06T02:01:04.620416+00:00,2026-07-06T02:01:04.620300,2,2,164.45,0.3,164.3,100,164.1,150,,,,,,,,,,,,,,,,,164.6,100,164.8,100,,,,,,,,,,,,,,,,
2026-07-06T02:01:06.004840+00:00,2026-07-06T02:01:06.004779,1,1,164.35,0.5,164.1,150,,,,,,,,,,,,,,,,,,,164.6,100,,,,,,,,,,,,,,,,,,
2026-07-06T02:01:06.035934+00:00,2026-07-06T02:01:06.035784,0,0,,,,,,,,,,,,,,,,,,,,,,,,,,,,,,,,,,,,,,,,,,
2026-07-06T02:01:06.058613+00:00,2026-07-06T02:01:06.054039,1,0,,,164.1,100,,,,,,,,,,,,,,,,,,,,,,,,,,,,,,,,,,,,,,
2026-07-06T02:01:06.092825+00:00,2026-07-06T02:01:06.092728,1,0,,,164.1,250,,,,,,,,,,,,,,,,,,,,,,,,,,,,,,,,,,,,,,
2026-07-06T02:01:06.113694+00:00,2026-07-06T02:01:06.113600,1,1,164.35,0.5,164.1,250,,,,,,,,,,,,,,,,,,,164.6,100,,,,,,,,,,,,,,,,,,
2026-07-06T02:01:06.145673+00:00,2026-07-06T02:01:06.145556,1,1,164.35,0.5,164.1,250,,,,,,,,,,,,,,,,,,,164.6,250,,,,,,,,,,,,,,,,,,
2026-07-06T02:01:06.549074+00:00,2026-07-06T02:01:06.548941,1,1,164.35,0.5,164.1,206,,,,,,,,,,,,,,,,,,,164.6,250,,,,,,,,,,,,,,,,,,
2026-07-06T02:01:06.727398+00:00,2026-07-06T02:01:06.727357,1,1,164.35,0.5,164.1,206,,,,,,,,,,,,,,,,,,,164.6,200,,,,,,,,,,,,,,,,,,
2026-07-06T02:01:07.552480+00:00,2026-07-06T02:01:07.552412,1,1,164.35,0.5,164.1,206,,,,,,,,,,,,,,,,,,,164.6,151,,,,,,,,,,,,,,,,,,
2026-07-06T02:01:08.169194+00:00,2026-07-06T02:01:08.169074,1,1,164.35,0.5,164.1,161,,,,,,,,,,,,,,,,,,,164.6,151,,,,,,,,,,,,,,,,,,
2026-07-06T02:01:08.888053+00:00,2026-07-06T02:01:08.887949,1,1,164.35,0.5,164.1,111,,,,,,,,,,,,,,,,,,,164.6,151,,,,,,,,,,,,,,,,,,
2026-07-06T02:01:09.167432+00:00,2026-07-06T02:01:09.167400,1,1,164.35,0.5,164.1,111,,,,,,,,,,,,,,,,,,,164.6,150,,,,,,,,,,,,,,,,,,
2026-07-06T02:01:09.199125+00:00,2026-07-06T02:01:09.199049,0,0,,,,,,,,,,,,,,,,,,,,,,,,,,,,,,,,,,,,,,,,,,
2026-07-06T02:01:09.220879+00:00,2026-07-06T02:01:09.220789,1,0,,,164.2,100,,,,,,,,,,,,,,,,,,,,,,,,,,,,,,,,,,,,,,
2026-07-06T02:01:09.258587+00:00,2026-07-06T02:01:09.252012,2,0,,,164.2,100,164.1,150,,,,,,,,,,,,,,,,,,,,,,,,,,,,,,,,,,,,
2026-07-06T02:01:09.273312+00:00,2026-07-06T02:01:09.273221,2,1,164.45,0.5,164.2,100,164.1,150,,,,,,,,,,,,,,,,,164.7,100,,,,,,,,,,,,,,,,,,
2026-07-06T02:01:09.307437+00:00,2026-07-06T02:01:09.307242,2,2,164.4,0.4,164.2,100,164.1,150,,,,,,,,,,,,,,,,,164.6,150,164.7,100,,,,,,,,,,,,,,,,
2026-07-06T02:01:09.865373+00:00,2026-07-06T02:01:09.865266,2,2,164.4,0.4,164.2,100,164.1,150,,,,,,,,,,,,,,,,,164.6,102,164.7,100,,,,,,,,,,,,,,,,
2026-07-06T02:01:11.003320+00:00,2026-07-06T02:01:11.003220,2,2,164.4,0.4,164.2,50,164.1,150,,,,,,,,,,,,,,,,,164.6,102,164.7,100,,,,,,,,,,,,,,,,
2026-07-06T02:01:12.327742+00:00,2026-07-06T02:01:12.327693,1,1,164.35,0.5,164.1,150,,,,,,,,,,,,,,,,,,,164.6,102,,,,,,,,,,,,,,,,,,
2026-07-06T02:01:12.358605+00:00,2026-07-06T02:01:12.357972,0,0,,,,,,,,,,,,,,,,,,,,,,,,,,,,,,,,,,,,,,,,,,
2026-07-06T02:01:12.380259+00:00,2026-07-06T02:01:12.380200,1,0,,,164.1,100,,,,,,,,,,,,,,,,,,,,,,,,,,,,,,,,,,,,,,
2026-07-06T02:01:12.418006+00:00,2026-07-06T02:01:12.417893,2,0,,,164.3,150,164.1,100,,,,,,,,,,,,,,,,,,,,,,,,,,,,,,,,,,,,
2026-07-06T02:01:12.428405+00:00,2026-07-06T02:01:12.428306,2,1,164.45,0.3,164.3,150,164.1,100,,,,,,,,,,,,,,,,,164.6,100,,,,,,,,,,,,,,,,,,
2026-07-06T02:01:12.489941+00:00,2026-07-06T02:01:12.489738,2,2,164.45,0.3,164.3,150,164.1,100,,,,,,,,,,,,,,,,,164.6,100,164.8,150,,,,,,,,,,,,,,,,
2026-07-06T02:01:13.074480+00:00,2026-07-06T02:01:13.074443,2,2,164.45,0.3,164.3,150,164.1,100,,,,,,,,,,,,,,,,,164.6,50,164.8,150,,,,,,,,,,,,,,,,
2026-07-06T02:01:13.428197+00:00,2026-07-06T02:01:13.428325,2,2,164.45,0.3,164.3,108,164.1,100,,,,,,,,,,,,,,,,,164.6,50,164.8,150,,,,,,,,,,,,,,,,
2026-07-06T02:01:15.484836+00:00,2026-07-06T02:01:15.485015,2,1,164.55,0.5,164.3,108,164.1,100,,,,,,,,,,,,,,,,,164.8,150,,,,,,,,,,,,,,,,,,
2026-07-06T02:01:15.490311+00:00,2026-07-06T02:01:15.490193,1,1,164.55,0.5,164.3,108,,,,,,,,,,,,,,,,,,,164.8,150,,,,,,,,,,,,,,,,,,
2026-07-06T02:01:15.540037+00:00,2026-07-06T02:01:15.539964,1,0,,,164.2,100,,,,,,,,,,,,,,,,,,,,,,,,,,,,,,,,,,,,,,
2026-07-06T02:01:15.594200+00:00,2026-07-06T02:01:15.594099,2,1,164.45,0.5,164.2,100,164.1,150,,,,,,,,,,,,,,,,,164.7,100,,,,,,,,,,,,,,,,,,
2026-07-06T02:01:15.647153+00:00,2026-07-06T02:01:15.646934,2,2,164.4,0.4,164.2,100,164.1,150,,,,,,,,,,,,,,,,,164.6,150,164.7,100,,,,,,,,,,,,,,,,
2026-07-06T02:01:16.422824+00:00,2026-07-06T02:01:16.422749,2,2,164.4,0.4,164.2,55,164.1,150,,,,,,,,,,,,,,,,,164.6,150,164.7,100,,,,,,,,,,,,,,,,
2026-07-06T02:01:17.358635+00:00,2026-07-06T02:01:17.358802,2,2,164.4,0.4,164.2,5,164.1,150,,,,,,,,,,,,,,,,,164.6,150,164.7,100,,,,,,,,,,,,,,,,
2026-07-06T02:01:18.649964+00:00,2026-07-06T02:01:18.649939,1,1,164.35,0.5,164.1,150,,,,,,,,,,,,,,,,,,,164.6,150,,,,,,,,,,,,,,,,,,
2026-07-06T02:01:18.701031+00:00,2026-07-06T02:01:18.701173,0,0,,,,,,,,,,,,,,,,,,,,,,,,,,,,,,,,,,,,,,,,,,
2026-07-06T02:01:18.706470+00:00,2026-07-06T02:01:18.706414,1,0,,,164.0,100,,,,,,,,,,,,,,,,,,,,,,,,,,,,,,,,,,,,,,
2026-07-06T02:01:18.758535+00:00,2026-07-06T02:01:18.758725,2,1,164.35,0.3,164.2,150,164.0,100,,,,,,,,,,,,,,,,,164.5,100,,,,,,,,,,,,,,,,,,
2026-07-06T02:01:18.807093+00:00,2026-07-06T02:01:18.806989,2,2,164.35,0.3,164.2,150,164.0,100,,,,,,,,,,,,,,,,,164.5,100,164.7,150,,,,,,,,,,,,,,,,
2026-07-06T02:01:19.468592+00:00,2026-07-06T02:01:19.468431,2,2,164.35,0.3,164.2,100,164.0,100,,,,,,,,,,,,,,,,,164.5,100,164.7,150,,,,,,,,,,,,,,,,
2026-07-06T02:01:21.813750+00:00,2026-07-06T02:01:21.813687,1,1,164.45,0.5,164.2,100,,,,,,,,,,,,,,,,,,,164.7,150,,,,,,,,,,,,,,,,,,
2026-07-06T02:01:21.858602+00:00,2026-07-06T02:01:21.855846,0,0,,,,,,,,,,,,,,,,,,,,,,,,,,,,,,,,,,,,,,,,,,
2026-07-06T02:01:21.869265+00:00,2026-07-06T02:01:21.869215,1,0,,,163.7,100,,,,,,,,,,,,,,,,,,,,,,,,,,,,,,,,,,,,,,
2026-07-06T02:01:21.916607+00:00,2026-07-06T02:01:21.916575,1,0,,,163.7,250,,,,,,,,,,,,,,,,,,,,,,,,,,,,,,,,,,,,,,
2026-07-06T02:01:21.921839+00:00,2026-07-06T02:01:21.921781,1,1,163.95,0.5,163.7,250,,,,,,,,,,,,,,,,,,,164.2,100,,,,,,,,,,,,,,,,,,
2026-07-06T02:01:21.968202+00:00,2026-07-06T02:01:21.968101,1,1,163.95,0.5,163.7,250,,,,,,,,,,,,,,,,,,,164.2,250,,,,,,,,,,,,,,,,,,
2026-07-06T02:01:23.704817+00:00,2026-07-06T02:01:23.704675,1,1,163.95,0.5,163.7,200,,,,,,,,,,,,,,,,,,,164.2,250,,,,,,,,,,,,,,,,,,
2026-07-06T02:01:24.977407+00:00,2026-07-06T02:01:24.977365,1,1,163.95,0.5,163.7,150,,,,,,,,,,,,,,,,,,,164.2,150,,,,,,,,,,,,,,,,,,
2026-07-06T02:01:25.022874+00:00,2026-07-06T02:01:25.022821,0,0,,,,,,,,,,,,,,,,,,,,,,,,,,,,,,,,,,,,,,,,,,
2026-07-06T02:01:25.028082+00:00,2026-07-06T02:01:25.028044,1,0,,,163.7,100,,,,,,,,,,,,,,,,,,,,,,,,,,,,,,,,,,,,,,
2026-07-06T02:01:25.076395+00:00,2026-07-06T02:01:25.076486,2,0,,,163.8,150,163.7,100,,,,,,,,,,,,,,,,,,,,,,,,,,,,,,,,,,,,
2026-07-06T02:01:25.081801+00:00,2026-07-06T02:01:25.081687,2,1,164.0,0.4,163.8,150,163.7,100,,,,,,,,,,,,,,,,,164.2,100,,,,,,,,,,,,,,,,,,
2026-07-06T02:01:25.129381+00:00,2026-07-06T02:01:25.129292,2,2,164.0,0.4,163.8,150,163.7,100,,,,,,,,,,,,,,,,,164.2,100,164.3,150,,,,,,,,,,,,,,,,
2026-07-06T02:01:25.843188+00:00,2026-07-06T02:01:25.843083,2,2,164.0,0.4,163.8,100,163.7,100,,,,,,,,,,,,,,,,,164.2,100,164.3,150,,,,,,,,,,,,,,,,
2026-07-06T02:01:27.949864+00:00,2026-07-06T02:01:27.949749,2,2,164.0,0.4,163.8,50,163.7,100,,,,,,,,,,,,,,,,,164.2,100,164.3,150,,,,,,,,,,,,,,,,
2026-07-06T02:01:28.058683+00:00,2026-07-06T02:01:28.052472,2,2,164.0,0.4,163.8,50,163.7,100,,,,,,,,,,,,,,,,,164.2,59,164.3,150,,,,,,,,,,,,,,,,
2026-07-06T02:01:28.134676+00:00,2026-07-06T02:01:28.134773,2,1,164.05,0.5,163.8,50,163.7,100,,,,,,,,,,,,,,,,,164.3,150,,,,,,,,,,,,,,,,,,
2026-07-06T02:01:28.139849+00:00,2026-07-06T02:01:28.139933,1,1,164.05,0.5,163.8,50,,,,,,,,,,,,,,,,,,,164.3,150,,,,,,,,,,,,,,,,,,
2026-07-06T02:01:28.195549+00:00,2026-07-06T02:01:28.195418,1,0,,,163.8,50,,,,,,,,,,,,,,,,,,,,,,,,,,,,,,,,,,,,,,
2026-07-06T02:01:28.200749+00:00,2026-07-06T02:01:28.200661,1,0,,,163.7,100,,,,,,,,,,,,,,,,,,,,,,,,,,,,,,,,,,,,,,
2026-07-06T02:01:28.247199+00:00,2026-07-06T02:01:28.247436,2,1,163.95,0.5,163.7,100,163.3,150,,,,,,,,,,,,,,,,,164.2,100,,,,,,,,,,,,,,,,,,
2026-07-06T02:01:28.305438+00:00,2026-07-06T02:01:28.305329,2,2,163.75,0.1,163.7,100,163.3,150,,,,,,,,,,,,,,,,,163.8,150,164.2,100,,,,,,,,,,,,,,,,
2026-07-06T02:01:28.315048+00:00,2026-07-06T02:01:28.309310,2,2,163.75,0.1,163.7,100,163.3,150,,,,,,,,,,,,,,,,,163.8,116,164.2,100,,,,,,,,,,,,,,,,
2026-07-06T02:01:29.329773+00:00,2026-07-06T02:01:29.329710,2,2,163.75,0.1,163.7,100,163.3,150,,,,,,,,,,,,,,,,,163.8,69,164.2,100,,,,,,,,,,,,,,,,
2026-07-06T02:01:30.055327+00:00,2026-07-06T02:01:30.055256,2,2,163.75,0.1,163.7,50,163.3,150,,,,,,,,,,,,,,,,,163.8,69,164.2,100,,,,,,,,,,,,,,,,
2026-07-06T02:01:31.303965+00:00,2026-07-06T02:01:31.303882,1,1,163.55,0.5,163.3,150,,,,,,,,,,,,,,,,,,,163.8,69,,,,,,,,,,,,,,,,,,
2026-07-06T02:01:31.358587+00:00,2026-07-06T02:01:31.358207,1,0,,,163.6,100,,,,,,,,,,,,,,,,,,,,,,,,,,,,,,,,,,,,,,
2026-07-06T02:01:31.411887+00:00,2026-07-06T02:01:31.411819,2,1,163.9,0.4,163.7,150,163.6,100,,,,,,,,,,,,,,,,,164.1,100,,,,,,,,,,,,,,,,,,
2026-07-06T02:01:31.467046+00:00,2026-07-06T02:01:31.466914,2,2,163.9,0.4,163.7,106,163.6,100,,,,,,,,,,,,,,,,,164.1,100,164.2,150,,,,,,,,,,,,,,,,
2026-07-06T02:01:32.115116+00:00,2026-07-06T02:01:32.115018,2,2,163.9,0.4,163.7,106,163.6,100,,,,,,,,,,,,,,,,,164.1,50,164.2,150,,,,,,,,,,,,,,,,
2026-07-06T02:01:33.116075+00:00,2026-07-06T02:01:33.115940,2,2,163.9,0.4,163.7,106,163.6,100,,,,,,,,,,,,,,,,,164.1,7,164.2,150,,,,,,,,,,,,,,,,
2026-07-06T02:01:34.223590+00:00,2026-07-06T02:01:34.223528,2,1,163.95,0.5,163.7,106,163.6,100,,,,,,,,,,,,,,,,,164.2,107,,,,,,,,,,,,,,,,,,
2026-07-06T02:01:34.463978+00:00,2026-07-06T02:01:34.463838,1,1,163.95,0.5,163.7,106,,,,,,,,,,,,,,,,,,,164.2,107,,,,,,,,,,,,,,,,,,
2026-07-06T02:01:34.519967+00:00,2026-07-06T02:01:34.519905,1,0,,,164.1,100,,,,,,,,,,,,,,,,,,,,,,,,,,,,,,,,,,,,,,
2026-07-06T02:01:34.573410+00:00,2026-07-06T02:01:34.573320,2,1,164.35,0.5,164.1,100,163.9,150,,,,,,,,,,,,,,,,,164.6,100,,,,,,,,,,,,,,,,,,
2026-07-06T02:01:34.624080+00:00,2026-07-06T02:01:34.623995,2,2,164.25,0.3,164.1,100,163.9,150,,,,,,,,,,,,,,,,,164.4,150,164.6,100,,,,,,,,,,,,,,,,
2026-07-06T02:01:36.342541+00:00,2026-07-06T02:01:36.342488,2,2,164.25,0.3,164.1,100,163.9,150,,,,,,,,,,,,,,,,,164.4,100,164.6,100,,,,,,,,,,,,,,,,
2026-07-06T02:01:36.347866+00:00,2026-07-06T02:01:36.347737,2,2,164.25,0.3,164.1,57,163.9,150,,,,,,,,,,,,,,,,,164.4,100,164.6,100,,,,,,,,,,,,,,,,
2026-07-06T02:01:36.940803+00:00,2026-07-06T02:01:36.940728,2,2,164.25,0.3,164.1,57,163.9,150,,,,,,,,,,,,,,,,,164.4,52,164.6,100,,,,,,,,,,,,,,,,
2026-07-06T02:01:37.627608+00:00,2026-07-06T02:01:37.627753,1,1,164.15,0.5,163.9,150,,,,,,,,,,,,,,,,,,,164.4,52,,,,,,,,,,,,,,,,,,
2026-07-06T02:01:37.682029+00:00,2026-07-06T02:01:37.681870,1,0,,,163.8,100,,,,,,,,,,,,,,,,,,,,,,,,,,,,,,,,,,,,,,
2026-07-06T02:01:37.747333+00:00,2026-07-06T02:01:37.741698,2,1,164.25,0.1,164.2,139,163.8,100,,,,,,,,,,,,,,,,,164.3,100,,,,,,,,,,,,,,,,,,
2026-07-06T02:01:37.789878+00:00,2026-07-06T02:01:37.789799,2,2,164.25,0.1,164.2,139,163.8,100,,,,,,,,,,,,,,,,,164.3,100,164.7,150,,,,,,,,,,,,,,,,
2026-07-06T02:01:37.968019+00:00,2026-07-06T02:01:37.962457,2,2,164.25,0.1,164.2,127,163.8,100,,,,,,,,,,,,,,,,,164.3,100,164.7,150,,,,,,,,,,,,,,,,
2026-07-06T02:01:38.458544+00:00,2026-07-06T02:01:38.445544,2,2,164.25,0.1,164.2,127,163.8,100,,,,,,,,,,,,,,,,,164.3,50,164.7,150,,,,,,,,,,,,,,,,
2026-07-06T02:01:40.002067+00:00,2026-07-06T02:01:40.002001,2,2,164.25,0.1,164.2,86,163.8,100,,,,,,,,,,,,,,,,,164.3,50,164.7,150,,,,,,,,,,,,,,,,
2026-07-06T02:01:40.558572+00:00,2026-07-06T02:01:40.557823,2,1,164.45,0.5,164.2,86,163.8,100,,,,,,,,,,,,,,,,,164.7,150,,,,,,,,,,,,,,,,,,
2026-07-06T02:01:40.789671+00:00,2026-07-06T02:01:40.789597,1,1,164.45,0.5,164.2,86,,,,,,,,,,,,,,,,,,,164.7,150,,,,,,,,,,,,,,,,,,
2026-07-06T02:01:40.839039+00:00,2026-07-06T02:01:40.838956,1,0,,,164.2,86,,,,,,,,,,,,,,,,,,,,,,,,,,,,,,,,,,,,,,
2026-07-06T02:01:40.844270+00:00,2026-07-06T02:01:40.844141,1,0,,,164.1,100,,,,,,,,,,,,,,,,,,,,,,,,,,,,,,,,,,,,,,
2026-07-06T02:01:40.917796+00:00,2026-07-06T02:01:40.917914,2,1,164.35,0.5,164.1,100,163.9,150,,,,,,,,,,,,,,,,,164.6,100,,,,,,,,,,,,,,,,,,
2026-07-06T02:01:40.967860+00:00,2026-07-06T02:01:40.968103,2,2,164.2,0.2,164.1,100,163.9,150,,,,,,,,,,,,,,,,,164.3,150,164.6,100,,,,,,,,,,,,,,,,
2026-07-06T02:01:42.658589+00:00,2026-07-06T02:01:42.655828,2,2,164.2,0.2,164.1,100,163.9,150,,,,,,,,,,,,,,,,,164.3,100,164.6,100,,,,,,,,,,,,,,,,
2026-07-06T02:01:43.519586+00:00,2026-07-06T02:01:43.519521,2,2,164.2,0.2,164.1,100,163.9,150,,,,,,,,,,,,,,,,,164.3,60,164.6,100,,,,,,,,,,,,,,,,
2026-07-06T02:01:43.974823+00:00,2026-07-06T02:01:43.974778,2,1,164.2,0.2,164.1,100,163.9,150,,,,,,,,,,,,,,,,,164.3,60,,,,,,,,,,,,,,,,,,
2026-07-06T02:01:43.980042+00:00,2026-07-06T02:01:43.979937,1,1,164.1,0.4,163.9,150,,,,,,,,,,,,,,,,,,,164.3,60,,,,,,,,,,,,,,,,,,
2026-07-06T02:01:44.022708+00:00,2026-07-06T02:01:44.022618,0,0,,,,,,,,,,,,,,,,,,,,,,,,,,,,,,,,,,,,,,,,,,
2026-07-06T02:01:44.027948+00:00,2026-07-06T02:01:44.027847,1,0,,,164.1,100,,,,,,,,,,,,,,,,,,,,,,,,,,,,,,,,,,,,,,
2026-07-06T02:01:44.076132+00:00,2026-07-06T02:01:44.076090,2,0,,,164.3,150,164.1,100,,,,,,,,,,,,,,,,,,,,,,,,,,,,,,,,,,,,
2026-07-06T02:01:44.092412+00:00,2026-07-06T02:01:44.085536,2,1,164.45,0.3,164.3,139,164.1,100,,,,,,,,,,,,,,,,,164.6,100,,,,,,,,,,,,,,,,,,
2026-07-06T02:01:44.129647+00:00,2026-07-06T02:01:44.129591,2,2,164.45,0.3,164.3,139,164.1,100,,,,,,,,,,,,,,,,,164.6,100,164.8,150,,,,,,,,,,,,,,,,
2026-07-06T02:01:44.564666+00:00,2026-07-06T02:01:44.557367,2,2,164.45,0.3,164.3,136,164.1,100,,,,,,,,,,,,,,,,,164.6,100,164.8,150,,,,,,,,,,,,,,,,
2026-07-06T02:01:44.780044+00:00,2026-07-06T02:01:44.768194,2,2,164.45,0.3,164.3,136,164.1,100,,,,,,,,,,,,,,,,,164.6,50,164.8,150,,,,,,,,,,,,,,,,
2026-07-06T02:01:46.881478+00:00,2026-07-06T02:01:46.881366,2,1,164.55,0.5,164.3,136,164.1,100,,,,,,,,,,,,,,,,,164.8,150,,,,,,,,,,,,,,,,,,
2026-07-06T02:01:47.136678+00:00,2026-07-06T02:01:47.136820,1,1,164.55,0.5,164.3,136,,,,,,,,,,,,,,,,,,,164.8,150,,,,,,,,,,,,,,,,,,
2026-07-06T02:01:47.183856+00:00,2026-07-06T02:01:47.183960,0,0,,,,,,,,,,,,,,,,,,,,,,,,,,,,,,,,,,,,,,,,,,
2026-07-06T02:01:47.189267+00:00,2026-07-06T02:01:47.189197,1,0,,,164.2,100,,,,,,,,,,,,,,,,,,,,,,,,,,,,,,,,,,,,,,
2026-07-06T02:01:47.239523+00:00,2026-07-06T02:01:47.239400,2,0,,,164.2,100,164.0,150,,,,,,,,,,,,,,,,,,,,,,,,,,,,,,,,,,,,
2026-07-06T02:01:47.244541+00:00,2026-07-06T02:01:47.244641,2,1,164.45,0.5,164.2,100,164.0,150,,,,,,,,,,,,,,,,,164.7,100,,,,,,,,,,,,,,,,,,
2026-07-06T02:01:47.288248+00:00,2026-07-06T02:01:47.288144,2,2,164.35,0.3,164.2,100,164.0,150,,,,,,,,,,,,,,,,,164.5,150,164.7,100,,,,,,,,,,,,,,,,
2026-07-06T02:01:48.299303+00:00,2026-07-06T02:01:48.299188,2,2,164.35,0.3,164.2,59,164.0,150,,,,,,,,,,,,,,,,,164.5,150,164.7,100,,,,,,,,,,,,,,,,
2026-07-06T02:01:48.988426+00:00,2026-07-06T02:01:48.988606,2,2,164.35,0.3,164.2,59,164.0,150,,,,,,,,,,,,,,,,,164.5,100,164.7,100,,,,,,,,,,,,,,,,
2026-07-06T02:01:50.025933+00:00,2026-07-06T02:01:50.019621,2,2,164.35,0.3,164.2,56,164.0,150,,,,,,,,,,,,,,,,,164.5,100,164.7,100,,,,,,,,,,,,,,,,
2026-07-06T02:01:50.300536+00:00,2026-07-06T02:01:50.300732,1,1,164.25,0.5,164.0,150,,,,,,,,,,,,,,,,,,,164.5,100,,,,,,,,,,,,,,,,,,
2026-07-06T02:01:50.346935+00:00,2026-07-06T02:01:50.347051,0,0,,,,,,,,,,,,,,,,,,,,,,,,,,,,,,,,,,,,,,,,,,
2026-07-06T02:01:50.352166+00:00,2026-07-06T02:01:50.352266,1,0,,,163.7,100,,,,,,,,,,,,,,,,,,,,,,,,,,,,,,,,,,,,,,
2026-07-06T02:01:50.397807+00:00,2026-07-06T02:01:50.397705,2,0,,,163.9,150,163.7,100,,,,,,,,,,,,,,,,,,,,,,,,,,,,,,,,,,,,
2026-07-06T02:01:50.402971+00:00,2026-07-06T02:01:50.402896,2,1,164.05,0.3,163.9,150,163.7,100,,,,,,,,,,,,,,,,,164.2,100,,,,,,,,,,,,,,,,,,
2026-07-06T02:01:50.463944+00:00,2026-07-06T02:01:50.463744,2,2,164.05,0.3,163.9,150,163.7,100,,,,,,,,,,,,,,,,,164.2,100,164.4,150,,,,,,,,,,,,,,,,
2026-07-06T02:01:51.096731+00:00,2026-07-06T02:01:51.096933,2,2,164.05,0.3,163.9,150,163.7,100,,,,,,,,,,,,,,,,,164.2,50,164.4,150,,,,,,,,,,,,,,,,
2026-07-06T02:01:53.205663+00:00,2026-07-06T02:01:53.205619,2,1,164.15,0.5,163.9,150,163.7,100,,,,,,,,,,,,,,,,,164.4,150,,,,,,,,,,,,,,,,,,
2026-07-06T02:01:53.468867+00:00,2026-07-06T02:01:53.468786,1,1,164.15,0.5,163.9,150,,,,,,,,,,,,,,,,,,,164.4,150,,,,,,,,,,,,,,,,,,
2026-07-06T02:01:53.509397+00:00,2026-07-06T02:01:53.509283,0,0,,,,,,,,,,,,,,,,,,,,,,,,,,,,,,,,,,,,,,,,,,
2026-07-06T02:01:53.514541+00:00,2026-07-06T02:01:53.514501,1,0,,,163.8,100,,,,,,,,,,,,,,,,,,,,,,,,,,,,,,,,,,,,,,
2026-07-06T02:01:53.548292+00:00,2026-07-06T02:01:53.548183,1,0,,,163.8,54,,,,,,,,,,,,,,,,,,,,,,,,,,,,,,,,,,,,,,
2026-07-06T02:01:53.563976+00:00,2026-07-06T02:01:53.563766,2,0,,,163.8,54,163.6,150,,,,,,,,,,,,,,,,,,,,,,,,,,,,,,,,,,,,
2026-07-06T02:01:53.569048+00:00,2026-07-06T02:01:53.569011,2,1,164.05,0.5,163.8,54,163.6,150,,,,,,,,,,,,,,,,,164.3,100,,,,,,,,,,,,,,,,,,
2026-07-06T02:01:53.623392+00:00,2026-07-06T02:01:53.623346,2,2,163.95,0.3,163.8,54,163.6,150,,,,,,,,,,,,,,,,,164.1,150,164.3,100,,,,,,,,,,,,,,,,
2026-07-06T02:01:55.312635+00:00,2026-07-06T02:01:55.312572,2,2,163.95,0.3,163.8,54,163.6,150,,,,,,,,,,,,,,,,,164.1,100,164.3,100,,,,,,,,,,,,,,,,
2026-07-06T02:01:56.254148+00:00,2026-07-06T02:01:56.254362,2,2,163.95,0.3,163.8,54,163.6,150,,,,,,,,,,,,,,,,,164.1,54,164.3,100,,,,,,,,,,,,,,,,
2026-07-06T02:01:56.622633+00:00,2026-07-06T02:01:56.622540,1,1,163.85,0.5,163.6,150,,,,,,,,,,,,,,,,,,,164.1,54,,,,,,,,,,,,,,,,,,
2026-07-06T02:01:56.677063+00:00,2026-07-06T02:01:56.677003,2,1,164.0,0.2,163.9,100,163.6,150,,,,,,,,,,,,,,,,,164.1,54,,,,,,,,,,,,,,,,,,
2026-07-06T02:01:56.682125+00:00,2026-07-06T02:01:56.682242,1,0,,,163.9,100,,,,,,,,,,,,,,,,,,,,,,,,,,,,,,,,,,,,,,
2026-07-06T02:01:56.730922+00:00,2026-07-06T02:01:56.730742,1,1,164.15,0.5,163.9,100,,,,,,,,,,,,,,,,,,,164.4,100,,,,,,,,,,,,,,,,,,
2026-07-06T02:01:56.735865+00:00,2026-07-06T02:01:56.735944,2,1,164.3,0.2,164.2,150,163.9,100,,,,,,,,,,,,,,,,,164.4,100,,,,,,,,,,,,,,,,,,
2026-07-06T02:01:56.745235+00:00,2026-07-06T02:01:56.739917,2,1,164.3,0.2,164.2,139,163.9,100,,,,,,,,,,,,,,,,,164.4,100,,,,,,,,,,,,,,,,,,
2026-07-06T02:01:56.786653+00:00,2026-07-06T02:01:56.786565,2,2,164.3,0.2,164.2,139,163.9,100,,,,,,,,,,,,,,,,,164.4,100,164.7,150,,,,,,,,,,,,,,,,
2026-07-06T02:01:57.419529+00:00,2026-07-06T02:01:57.419453,2,2,164.3,0.2,164.2,139,163.9,100,,,,,,,,,,,,,,,,,164.4,50,164.7,150,,,,,,,,,,,,,,,,
2026-07-06T02:01:59.527546+00:00,2026-07-06T02:01:59.527717,2,1,164.45,0.5,164.2,139,163.9,100,,,,,,,,,,,,,,,,,164.7,150,,,,,,,,,,,,,,,,,,
2026-07-06T02:01:59.803890+00:00,2026-07-06T02:01:59.803789,1,1,164.45,0.5,164.2,139,,,,,,,,,,,,,,,,,,,164.7,150,,,,,,,,,,,,,,,,,,
2026-07-06T02:01:59.841795+00:00,2026-07-06T02:01:59.841706,1,0,,,164.2,139,,,,,,,,,,,,,,,,,,,,,,,,,,,,,,,,,,,,,,
2026-07-06T02:01:59.846980+00:00,2026-07-06T02:01:59.846901,0,0,,,,,,,,,,,,,,,,,,,,,,,,,,,,,,,,,,,,,,,,,,
2026-07-06T02:01:59.858635+00:00,2026-07-06T02:01:59.852071,1,0,,,164.2,100,,,,,,,,,,,,,,,,,,,,,,,,,,,,,,,,,,,,,,
2026-07-06T02:01:59.904213+00:00,2026-07-06T02:01:59.904137,2,0,,,164.2,100,164.1,150,,,,,,,,,,,,,,,,,,,,,,,,,,,,,,,,,,,,
2026-07-06T02:01:59.909428+00:00,2026-07-06T02:01:59.909355,2,1,164.45,0.5,164.2,100,164.1,150,,,,,,,,,,,,,,,,,164.7,100,,,,,,,,,,,,,,,,,,
2026-07-06T02:01:59.958783+00:00,2026-07-06T02:01:59.958143,2,2,164.4,0.4,164.2,100,164.1,150,,,,,,,,,,,,,,,,,164.6,150,164.7,100,,,,,,,,,,,,,,,,
2026-07-06T02:02:01.517309+00:00,2026-07-06T02:02:01.510125,2,2,164.4,0.4,164.2,88,164.1,150,,,,,,,,,,,,,,,,,164.6,150,164.7,100,,,,,,,,,,,,,,,,
2026-07-06T02:02:01.633950+00:00,2026-07-06T02:02:01.633869,2,2,164.4,0.4,164.2,88,164.1,150,,,,,,,,,,,,,,,,,164.6,100,164.7,100,,,,,,,,,,,,,,,,
2026-07-06T02:02:02.965019+00:00,2026-07-06T02:02:02.964906,1,1,164.35,0.5,164.1,150,,,,,,,,,,,,,,,,,,,164.6,100,,,,,,,,,,,,,,,,,,
2026-07-06T02:02:03.012608+00:00,2026-07-06T02:02:03.012467,1,0,,,164.1,150,,,,,,,,,,,,,,,,,,,,,,,,,,,,,,,,,,,,,,
2026-07-06T02:02:03.017672+00:00,2026-07-06T02:02:03.017627,1,0,,,164.1,100,,,,,,,,,,,,,,,,,,,,,,,,,,,,,,,,,,,,,,
2026-07-06T02:02:03.067947+00:00,2026-07-06T02:02:03.067798,2,1,164.45,0.3,164.3,150,164.1,100,,,,,,,,,,,,,,,,,164.6,100,,,,,,,,,,,,,,,,,,
2026-07-06T02:02:03.118884+00:00,2026-07-06T02:02:03.118822,2,2,164.45,0.3,164.3,150,164.1,100,,,,,,,,,,,,,,,,,164.6,100,164.8,150,,,,,,,,,,,,,,,,
2026-07-06T02:02:04.425884+00:00,2026-07-06T02:02:04.425758,2,2,164.45,0.3,164.3,107,164.1,100,,,,,,,,,,,,,,,,,164.6,100,164.8,150,,,,,,,,,,,,,,,,
2026-07-06T02:02:05.815621+00:00,2026-07-06T02:02:05.815737,2,2,164.45,0.3,164.3,63,164.1,100,,,,,,,,,,,,,,,,,164.6,100,164.8,150,,,,,,,,,,,,,,,,
2026-07-06T02:02:05.896026+00:00,2026-07-06T02:02:05.895971,2,2,164.45,0.3,164.3,13,164.1,100,,,,,,,,,,,,,,,,,164.6,100,164.8,150,,,,,,,,,,,,,,,,
2026-07-06T02:02:06.144244+00:00,2026-07-06T02:02:06.144143,1,1,164.55,0.5,164.3,13,,,,,,,,,,,,,,,,,,,164.8,150,,,,,,,,,,,,,,,,,,
2026-07-06T02:02:06.199597+00:00,2026-07-06T02:02:06.199691,0,0,,,,,,,,,,,,,,,,,,,,,,,,,,,,,,,,,,,,,,,,,,
2026-07-06T02:02:06.204916+00:00,2026-07-06T02:02:06.204874,1,0,,,164.2,100,,,,,,,,,,,,,,,,,,,,,,,,,,,,,,,,,,,,,,
2026-07-06T02:02:06.258592+00:00,2026-07-06T02:02:06.252193,2,1,164.45,0.5,164.2,100,163.8,150,,,,,,,,,,,,,,,,,164.7,100,,,,,,,,,,,,,,,,,,
2026-07-06T02:02:06.305321+00:00,2026-07-06T02:02:06.305232,2,2,164.25,0.1,164.2,100,163.8,150,,,,,,,,,,,,,,,,,164.3,150,164.7,100,,,,,,,,,,,,,,,,
2026-07-06T02:02:08.003945+00:00,2026-07-06T02:02:08.003897,2,2,164.25,0.1,164.2,50,163.8,150,,,,,,,,,,,,,,,,,164.3,150,164.7,100,,,,,,,,,,,,,,,,
2026-07-06T02:02:08.530816+00:00,2026-07-06T02:02:08.530694,2,2,164.25,0.1,164.2,50,163.8,150,,,,,,,,,,,,,,,,,164.3,107,164.7,100,,,,,,,,,,,,,,,,
2026-07-06T02:02:09.311052+00:00,2026-07-06T02:02:09.310971,1,1,164.05,0.5,163.8,150,,,,,,,,,,,,,,,,,,,164.3,107,,,,,,,,,,,,,,,,,,
2026-07-06T02:02:09.389974+00:00,2026-07-06T02:02:09.389864,1,0,,,164.1,100,,,,,,,,,,,,,,,,,,,,,,,,,,,,,,,,,,,,,,
2026-07-06T02:02:09.439471+00:00,2026-07-06T02:02:09.439435,1,1,164.35,0.5,164.1,250,,,,,,,,,,,,,,,,,,,164.6,100,,,,,,,,,,,,,,,,,,
2026-07-06T02:02:09.496329+00:00,2026-07-06T02:02:09.496417,1,1,164.35,0.5,164.1,250,,,,,,,,,,,,,,,,,,,164.6,250,,,,,,,,,,,,,,,,,,
2026-07-06T02:02:10.110799+00:00,2026-07-06T02:02:10.110957,1,1,164.35,0.5,164.1,200,,,,,,,,,,,,,,,,,,,164.6,250,,,,,,,,,,,,,,,,,,
2026-07-06T02:02:12.168764+00:00,2026-07-06T02:02:12.168837,1,1,164.35,0.5,164.1,200,,,,,,,,,,,,,,,,,,,164.6,200,,,,,,,,,,,,,,,,,,
2026-07-06T02:02:12.476962+00:00,2026-07-06T02:02:12.476882,1,1,164.35,0.5,164.1,200,,,,,,,,,,,,,,,,,,,164.6,151,,,,,,,,,,,,,,,,,,
2026-07-06T02:02:12.494409+00:00,2026-07-06T02:02:12.494371,1,1,164.35,0.5,164.1,150,,,,,,,,,,,,,,,,,,,164.6,150,,,,,,,,,,,,,,,,,,
2026-07-06T02:02:12.548095+00:00,2026-07-06T02:02:12.548239,2,1,164.5,0.2,164.4,100,164.1,150,,,,,,,,,,,,,,,,,164.6,150,,,,,,,,,,,,,,,,,,
2026-07-06T02:02:12.553462+00:00,2026-07-06T02:02:12.553426,1,0,,,164.4,100,,,,,,,,,,,,,,,,,,,,,,,,,,,,,,,,,,,,,,
2026-07-06T02:02:12.603046+00:00,2026-07-06T02:02:12.602929,1,1,164.65,0.5,164.4,100,,,,,,,,,,,,,,,,,,,164.9,100,,,,,,,,,,,,,,,,,,
2026-07-06T02:02:12.608168+00:00,2026-07-06T02:02:12.608088,2,1,164.65,0.5,164.4,100,164.3,150,,,,,,,,,,,,,,,,,164.9,100,,,,,,,,,,,,,,,,,,
2026-07-06T02:02:12.658565+00:00,2026-07-06T02:02:12.657504,2,2,164.6,0.4,164.4,100,164.3,150,,,,,,,,,,,,,,,,,164.8,150,164.9,100,,,,,,,,,,,,,,,,
2026-07-06T02:02:13.958643+00:00,2026-07-06T02:02:13.950312,2,2,164.6,0.4,164.4,57,164.3,150,,,,,,,,,,,,,,,,,164.8,150,164.9,100,,,,,,,,,,,,,,,,
2026-07-06T02:02:14.527674+00:00,2026-07-06T02:02:14.527543,2,2,164.6,0.4,164.4,16,164.3,150,,,,,,,,,,,,,,,,,164.8,150,164.9,100,,,,,,,,,,,,,,,,
2026-07-06T02:02:15.656856+00:00,2026-07-06T02:02:15.657005,1,1,164.55,0.5,164.3,150,,,,,,,,,,,,,,,,,,,164.8,150,,,,,,,,,,,,,,,,,,
2026-07-06T02:02:15.711253+00:00,2026-07-06T02:02:15.711216,0,0,,,,,,,,,,,,,,,,,,,,,,,,,,,,,,,,,,,,,,,,,,
2026-07-06T02:02:15.716490+00:00,2026-07-06T02:02:15.716382,1,0,,,164.2,100,,,,,,,,,,,,,,,,,,,,,,,,,,,,,,,,,,,,,,
2026-07-06T02:02:15.765844+00:00,2026-07-06T02:02:15.765778,2,1,164.5,0.4,164.3,150,164.2,100,,,,,,,,,,,,,,,,,164.7,100,,,,,,,,,,,,,,,,,,
2026-07-06T02:02:15.818538+00:00,2026-07-06T02:02:15.818476,2,2,164.5,0.4,164.3,150,164.2,100,,,,,,,,,,,,,,,,,164.7,100,164.8,150,,,,,,,,,,,,,,,,
2026-07-06T02:02:16.429453+00:00,2026-07-06T02:02:16.429415,2,2,164.5,0.4,164.3,100,164.2,100,,,,,,,,,,,,,,,,,164.7,100,164.8,150,,,,,,,,,,,,,,,,
2026-07-06T02:02:17.067296+00:00,2026-07-06T02:02:17.067149,2,2,164.5,0.4,164.3,100,164.2,100,,,,,,,,,,,,,,,,,164.7,56,164.8,150,,,,,,,,,,,,,,,,
2026-07-06T02:02:17.526772+00:00,2026-07-06T02:02:17.526623,2,2,164.5,0.4,164.3,51,164.2,100,,,,,,,,,,,,,,,,,164.7,56,164.8,150,,,,,,,,,,,,,,,,
2026-07-06T02:02:18.822608+00:00,2026-07-06T02:02:18.822514,1,1,164.55,0.5,164.3,51,,,,,,,,,,,,,,,,,,,164.8,150,,,,,,,,,,,,,,,,,,
2026-07-06T02:02:18.874474+00:00,2026-07-06T02:02:18.874424,0,0,,,,,,,,,,,,,,,,,,,,,,,,,,,,,,,,,,,,,,,,,,
2026-07-06T02:02:18.879699+00:00,2026-07-06T02:02:18.879592,1,0,,,164.4,100,,,,,,,,,,,,,,,,,,,,,,,,,,,,,,,,,,,,,,
2026-07-06T02:02:18.929563+00:00,2026-07-06T02:02:18.929495,1,1,164.65,0.5,164.4,100,,,,,,,,,,,,,,,,,,,164.9,100,,,,,,,,,,,,,,,,,,
2026-07-06T02:02:18.934725+00:00,2026-07-06T02:02:18.934671,2,1,164.65,0.5,164.4,100,164.0,150,,,,,,,,,,,,,,,,,164.9,100,,,,,,,,,,,,,,,,,,
2026-07-06T02:02:18.995570+00:00,2026-07-06T02:02:18.988716,2,2,164.45,0.1,164.4,100,164.0,150,,,,,,,,,,,,,,,,,164.5,138,164.9,100,,,,,,,,,,,,,,,,
2026-07-06T02:02:20.121422+00:00,2026-07-06T02:02:20.121350,2,2,164.45,0.1,164.4,100,164.0,150,,,,,,,,,,,,,,,,,164.5,92,164.9,100,,,,,,,,,,,,,,,,
2026-07-06T02:02:20.646290+00:00,2026-07-06T02:02:20.646150,2,2,164.45,0.1,164.4,50,164.0,150,,,,,,,,,,,,,,,,,164.5,92,164.9,100,,,,,,,,,,,,,,,,
2026-07-06T02:02:21.988718+00:00,2026-07-06T02:02:21.988610,1,1,164.25,0.5,164.0,150,,,,,,,,,,,,,,,,,,,164.5,92,,,,,,,,,,,,,,,,,,
2026-07-06T02:02:22.041824+00:00,2026-07-06T02:02:22.041717,1,0,,,163.9,100,,,,,,,,,,,,,,,,,,,,,,,,,,,,,,,,,,,,,,
2026-07-06T02:02:22.096132+00:00,2026-07-06T02:02:22.096065,1,1,164.15,0.5,163.9,250,,,,,,,,,,,,,,,,,,,164.4,100,,,,,,,,,,,,,,,,,,
2026-07-06T02:02:22.149120+00:00,2026-07-06T02:02:22.149023,1,1,164.15,0.5,163.9,250,,,,,,,,,,,,,,,,,,,164.4,250,,,,,,,,,,,,,,,,,,
2026-07-06T02:02:22.750103+00:00,2026-07-06T02:02:22.750253,1,1,164.15,0.5,163.9,200,,,,,,,,,,,,,,,,,,,164.4,250,,,,,,,,,,,,,,,,,,
2026-07-06T02:02:23.720786+00:00,2026-07-06T02:02:23.720671,1,1,164.15,0.5,163.9,200,,,,,,,,,,,,,,,,,,,164.4,209,,,,,,,,,,,,,,,,,,
2026-07-06T02:02:24.864462+00:00,2026-07-06T02:02:24.864315,1,1,164.15,0.5,163.9,150,,,,,,,,,,,,,,,,,,,164.4,209,,,,,,,,,,,,,,,,,,
2026-07-06T02:02:25.158655+00:00,2026-07-06T02:02:25.150047,1,1,164.15,0.5,163.9,150,,,,,,,,,,,,,,,,,,,164.4,150,,,,,,,,,,,,,,,,,,
2026-07-06T02:02:25.201439+00:00,2026-07-06T02:02:25.201320,2,1,164.15,0.5,163.9,150,163.6,100,,,,,,,,,,,,,,,,,164.4,150,,,,,,,,,,,,,,,,,,
2026-07-06T02:02:25.206652+00:00,2026-07-06T02:02:25.206537,1,0,,,163.6,100,,,,,,,,,,,,,,,,,,,,,,,,,,,,,,,,,,,,,,
2026-07-06T02:02:25.257438+00:00,2026-07-06T02:02:25.257571,2,1,163.9,0.4,163.7,150,163.6,100,,,,,,,,,,,,,,,,,164.1,100,,,,,,,,,,,,,,,,,,
2026-07-06T02:02:25.312238+00:00,2026-07-06T02:02:25.312146,2,2,163.9,0.4,163.7,150,163.6,100,,,,,,,,,,,,,,,,,164.1,100,164.2,150,,,,,,,,,,,,,,,,
2026-07-06T02:02:26.434909+00:00,2026-07-06T02:02:26.429415,2,2,163.9,0.4,163.7,150,163.6,100,,,,,,,,,,,,,,,,,164.1,89,164.2,150,,,,,,,,,,,,,,,,
2026-07-06T02:02:26.989058+00:00,2026-07-06T02:02:26.988939,2,2,163.9,0.4,163.7,100,163.6,100,,,,,,,,,,,,,,,,,164.1,89,164.2,150,,,,,,,,,,,,,,,,
2026-07-06T02:02:28.311492+00:00,2026-07-06T02:02:28.311403,1,1,163.95,0.5,163.7,100,,,,,,,,,,,,,,,,,,,164.2,150,,,,,,,,,,,,,,,,,,
2026-07-06T02:02:28.366051+00:00,2026-07-06T02:02:28.366220,1,0,,,163.7,200,,,,,,,,,,,,,,,,,,,,,,,,,,,,,,,,,,,,,,
2026-07-06T02:02:28.371416+00:00,2026-07-06T02:02:28.371360,1,0,,,163.7,100,,,,,,,,,,,,,,,,,,,,,,,,,,,,,,,,,,,,,,
2026-07-06T02:02:28.418946+00:00,2026-07-06T02:02:28.419091,2,1,163.95,0.5,163.7,100,163.6,150,,,,,,,,,,,,,,,,,164.2,100,,,,,,,,,,,,,,,,,,
2026-07-06T02:02:28.481419+00:00,2026-07-06T02:02:28.481302,2,2,163.9,0.4,163.7,100,163.6,150,,,,,,,,,,,,,,,,,164.1,150,164.2,100,,,,,,,,,,,,,,,,
2026-07-06T02:02:29.098577+00:00,2026-07-06T02:02:29.098462,2,2,163.9,0.4,163.7,50,163.6,150,,,,,,,,,,,,,,,,,164.1,150,164.2,100,,,,,,,,,,,,,,,,
2026-07-06T02:02:29.364324+00:00,2026-07-06T02:02:29.363987,2,2,163.9,0.4,163.7,8,163.6,150,,,,,,,,,,,,,,,,,164.1,150,164.2,100,,,,,,,,,,,,,,,,
2026-07-06T02:02:29.835445+00:00,2026-07-06T02:02:29.835385,2,2,163.9,0.4,163.7,8,163.6,150,,,,,,,,,,,,,,,,,164.1,109,164.2,100,,,,,,,,,,,,,,,,
2026-07-06T02:02:29.892248+00:00,2026-07-06T02:02:29.892180,1,2,163.85,0.5,163.6,150,,,,,,,,,,,,,,,,,,,164.1,109,164.2,100,,,,,,,,,,,,,,,,
2026-07-06T02:02:31.230091+00:00,2026-07-06T02:02:31.230055,1,2,163.85,0.5,163.6,100,,,,,,,,,,,,,,,,,,,164.1,109,164.2,100,,,,,,,,,,,,,,,,
2026-07-06T02:02:31.472802+00:00,2026-07-06T02:02:31.472679,1,1,163.85,0.5,163.6,100,,,,,,,,,,,,,,,,,,,164.1,109,,,,,,,,,,,,,,,,,,
2026-07-06T02:02:31.525519+00:00,2026-07-06T02:02:31.525409,2,1,163.85,0.5,163.6,100,163.3,100,,,,,,,,,,,,,,,,,164.1,109,,,,,,,,,,,,,,,,,,
2026-07-06T02:02:31.535937+00:00,2026-07-06T02:02:31.535873,1,0,,,163.3,100,,,,,,,,,,,,,,,,,,,,,,,,,,,,,,,,,,,,,,
2026-07-06T02:02:31.589608+00:00,2026-07-06T02:02:31.585028,2,1,163.65,0.3,163.5,150,163.3,100,,,,,,,,,,,,,,,,,163.8,97,,,,,,,,,,,,,,,,,,
2026-07-06T02:02:31.642872+00:00,2026-07-06T02:02:31.642722,2,2,163.65,0.3,163.5,150,163.3,100,,,,,,,,,,,,,,,,,163.8,97,164.0,150,,,,,,,,,,,,,,,,
2026-07-06T02:02:31.900374+00:00,2026-07-06T02:02:31.900316,2,2,163.65,0.3,163.5,108,163.3,100,,,,,,,,,,,,,,,,,163.8,97,164.0,150,,,,,,,,,,,,,,,,
2026-07-06T02:02:33.288803+00:00,2026-07-06T02:02:33.288582,2,2,163.65,0.3,163.5,108,163.3,100,,,,,,,,,,,,,,,,,163.8,47,164.0,150,,,,,,,,,,,,,,,,
2026-07-06T02:02:34.632090+00:00,2026-07-06T02:02:34.632004,1,1,163.75,0.5,163.5,108,,,,,,,,,,,,,,,,,,,164.0,150,,,,,,,,,,,,,,,,,,
2026-07-06T02:02:34.685161+00:00,2026-07-06T02:02:34.685258,2,1,163.85,0.3,163.7,100,163.5,108,,,,,,,,,,,,,,,,,164.0,150,,,,,,,,,,,,,,,,,,
2026-07-06T02:02:34.697843+00:00,2026-07-06T02:02:34.697779,1,0,,,163.7,100,,,,,,,,,,,,,,,,,,,,,,,,,,,,,,,,,,,,,,
2026-07-06T02:02:34.740979+00:00,2026-07-06T02:02:34.740916,1,1,163.95,0.5,163.7,100,,,,,,,,,,,,,,,,,,,164.2,100,,,,,,,,,,,,,,,,,,
2026-07-06T02:02:34.751935+00:00,2026-07-06T02:02:34.752042,2,1,163.95,0.5,163.7,100,163.5,150,,,,,,,,,,,,,,,,,164.2,100,,,,,,,,,,,,,,,,,,
2026-07-06T02:02:34.810274+00:00,2026-07-06T02:02:34.810149,2,2,163.85,0.3,163.7,100,163.5,150,,,,,,,,,,,,,,,,,164.0,150,164.2,100,,,,,,,,,,,,,,,,
2026-07-06T02:02:35.232493+00:00,2026-07-06T02:02:35.232431,2,2,163.85,0.3,163.7,100,163.5,150,,,,,,,,,,,,,,,,,164.0,108,164.2,100,,,,,,,,,,,,,,,,
2026-07-06T02:02:37.381167+00:00,2026-07-06T02:02:37.381053,2,2,163.85,0.3,163.7,53,163.5,150,,,,,,,,,,,,,,,,,164.0,108,164.2,100,,,,,,,,,,,,,,,,
2026-07-06T02:02:37.796455+00:00,2026-07-06T02:02:37.796367,1,1,163.75,0.5,163.5,150,,,,,,,,,,,,,,,,,,,164.0,108,,,,,,,,,,,,,,,,,,
2026-07-06T02:02:37.847433+00:00,2026-07-06T02:02:37.847560,2,1,163.85,0.3,163.7,100,163.5,150,,,,,,,,,,,,,,,,,164.0,108,,,,,,,,,,,,,,,,,,
2026-07-06T02:02:37.868974+00:00,2026-07-06T02:02:37.868879,1,0,,,163.7,100,,,,,,,,,,,,,,,,,,,,,,,,,,,,,,,,,,,,,,
2026-07-06T02:02:37.901964+00:00,2026-07-06T02:02:37.901891,1,1,163.95,0.5,163.7,100,,,,,,,,,,,,,,,,,,,164.2,100,,,,,,,,,,,,,,,,,,
2026-07-06T02:02:37.917165+00:00,2026-07-06T02:02:37.917048,2,1,164.05,0.3,163.9,150,163.7,100,,,,,,,,,,,,,,,,,164.2,100,,,,,,,,,,,,,,,,,,
2026-07-06T02:02:37.970233+00:00,2026-07-06T02:02:37.970106,2,2,164.05,0.3,163.9,150,163.7,100,,,,,,,,,,,,,,,,,164.2,100,164.4,150,,,,,,,,,,,,,,,,
2026-07-06T02:02:39.075815+00:00,2026-07-06T02:02:39.075766,2,2,164.05,0.3,163.9,150,163.7,100,,,,,,,,,,,,,,,,,164.2,59,164.4,150,,,,,,,,,,,,,,,,
2026-07-06T02:02:39.651430+00:00,2026-07-06T02:02:39.651610,2,2,164.05,0.3,163.9,100,163.7,100,,,,,,,,,,,,,,,,,164.2,59,164.4,150,,,,,,,,,,,,,,,,
2026-07-06T02:02:40.955610+00:00,2026-07-06T02:02:40.955510,1,1,164.15,0.5,163.9,100,,,,,,,,,,,,,,,,,,,164.4,150,,,,,,,,,,,,,,,,,,
2026-07-06T02:02:41.008667+00:00,2026-07-06T02:02:41.008582,2,1,164.15,0.5,163.9,100,163.6,100,,,,,,,,,,,,,,,,,164.4,150,,,,,,,,,,,,,,,,,,
2026-07-06T02:02:41.025818+00:00,2026-07-06T02:02:41.025761,1,0,,,163.6,100,,,,,,,,,,,,,,,,,,,,,,,,,,,,,,,,,,,,,,
2026-07-06T02:02:41.058656+00:00,2026-07-06T02:02:41.058050,1,1,163.85,0.5,163.6,100,,,,,,,,,,,,,,,,,,,164.1,100,,,,,,,,,,,,,,,,,,
2026-07-06T02:02:41.079946+00:00,2026-07-06T02:02:41.079863,2,1,163.85,0.5,163.6,100,163.4,150,,,,,,,,,,,,,,,,,164.1,100,,,,,,,,,,,,,,,,,,
2026-07-06T02:02:41.130873+00:00,2026-07-06T02:02:41.130815,2,2,163.75,0.3,163.6,100,163.4,150,,,,,,,,,,,,,,,,,163.9,150,164.1,100,,,,,,,,,,,,,,,,
2026-07-06T02:02:41.766308+00:00,2026-07-06T02:02:41.766250,2,2,163.75,0.3,163.6,50,163.4,150,,,,,,,,,,,,,,,,,163.9,150,164.1,100,,,,,,,,,,,,,,,,
2026-07-06T02:02:42.051293+00:00,2026-07-06T02:02:42.051148,2,2,163.75,0.3,163.6,50,163.4,150,,,,,,,,,,,,,,,,,163.9,110,164.1,100,,,,,,,,,,,,,,,,
2026-07-06T02:02:43.584146+00:00,2026-07-06T02:02:43.584040,2,2,163.75,0.3,163.6,50,163.4,150,,,,,,,,,,,,,,,,,163.9,67,164.1,100,,,,,,,,,,,,,,,,
2026-07-06T02:02:43.889893+00:00,2026-07-06T02:02:43.889821,1,2,163.65,0.5,163.4,150,,,,,,,,,,,,,,,,,,,163.9,67,164.1,100,,,,,,,,,,,,,,,,
2026-07-06T02:02:44.116829+00:00,2026-07-06T02:02:44.116790,1,1,163.65,0.5,163.4,150,,,,,,,,,,,,,,,,,,,163.9,67,,,,,,,,,,,,,,,,,,
2026-07-06T02:02:44.165651+00:00,2026-07-06T02:02:44.165486,1,1,163.65,0.5,163.4,250,,,,,,,,,,,,,,,,,,,163.9,67,,,,,,,,,,,,,,,,,,
2026-07-06T02:02:44.185836+00:00,2026-07-06T02:02:44.185805,1,0,,,163.4,100,,,,,,,,,,,,,,,,,,,,,,,,,,,,,,,,,,,,,,
2026-07-06T02:02:44.232642+00:00,2026-07-06T02:02:44.227296,1,1,163.65,0.5,163.4,100,,,,,,,,,,,,,,,,,,,163.9,97,,,,,,,,,,,,,,,,,,
2026-07-06T02:02:44.248281+00:00,2026-07-06T02:02:44.248120,2,0,,,163.9,53,163.4,100,,,,,,,,,,,,,,,,,,,,,,,,,,,,,,,,,,,,
2026-07-06T02:02:44.292314+00:00,2026-07-06T02:02:44.292246,2,1,164.1,0.4,163.9,53,163.4,100,,,,,,,,,,,,,,,,,164.3,150,,,,,,,,,,,,,,,,,,
2026-07-06T02:02:46.002872+00:00,2026-07-06T02:02:46.002744,2,1,164.1,0.4,163.9,3,163.4,100,,,,,,,,,,,,,,,,,164.3,150,,,,,,,,,,,,,,,,,,
2026-07-06T02:02:47.275898+00:00,2026-07-06T02:02:47.275826,1,1,164.1,0.4,163.9,3,,,,,,,,,,,,,,,,,,,164.3,150,,,,,,,,,,,,,,,,,,
2026-07-06T02:02:47.329660+00:00,2026-07-06T02:02:47.329596,2,1,164.1,0.4,163.9,3,163.7,100,,,,,,,,,,,,,,,,,164.3,150,,,,,,,,,,,,,,,,,,
2026-07-06T02:02:47.345067+00:00,2026-07-06T02:02:47.345189,2,0,,,163.9,3,163.7,100,,,,,,,,,,,,,,,,,,,,,,,,,,,,,,,,,,,,
2026-07-06T02:02:47.350396+00:00,2026-07-06T02:02:47.350350,1,0,,,163.7,100,,,,,,,,,,,,,,,,,,,,,,,,,,,,,,,,,,,,,,
2026-07-06T02:02:47.383004+00:00,2026-07-06T02:02:47.382913,1,1,163.95,0.5,163.7,100,,,,,,,,,,,,,,,,,,,164.2,100,,,,,,,,,,,,,,,,,,
2026-07-06T02:02:47.398648+00:00,2026-07-06T02:02:47.398584,2,1,163.95,0.5,163.7,100,163.3,150,,,,,,,,,,,,,,,,,164.2,100,,,,,,,,,,,,,,,,,,
2026-07-06T02:02:47.463984+00:00,2026-07-06T02:02:47.463865,2,2,163.75,0.1,163.7,100,163.3,150,,,,,,,,,,,,,,,,,163.8,150,164.2,100,,,,,,,,,,,,,,,,
2026-07-06T02:02:50.218808+00:00,2026-07-06T02:02:50.219027,2,2,163.75,0.1,163.7,50,163.3,150,,,,,,,,,,,,,,,,,163.8,150,164.2,100,,,,,,,,,,,,,,,,
2026-07-06T02:02:50.437741+00:00,2026-07-06T02:02:50.437632,1,1,163.55,0.5,163.3,150,,,,,,,,,,,,,,,,,,,163.8,150,,,,,,,,,,,,,,,,,,
2026-07-06T02:02:50.492338+00:00,2026-07-06T02:02:50.492432,2,1,163.7,0.2,163.6,100,163.3,150,,,,,,,,,,,,,,,,,163.8,150,,,,,,,,,,,,,,,,,,
2026-07-06T02:02:50.508082+00:00,2026-07-06T02:02:50.507962,1,0,,,163.6,100,,,,,,,,,,,,,,,,,,,,,,,,,,,,,,,,,,,,,,
2026-07-06T02:02:50.545593+00:00,2026-07-06T02:02:50.545534,1,1,163.85,0.5,163.6,100,,,,,,,,,,,,,,,,,,,164.1,100,,,,,,,,,,,,,,,,,,
2026-07-06T02:02:50.558605+00:00,2026-07-06T02:02:50.554265,2,1,163.85,0.5,163.6,100,163.4,150,,,,,,,,,,,,,,,,,164.1,100,,,,,,,,,,,,,,,,,,
2026-07-06T02:02:50.616256+00:00,2026-07-06T02:02:50.616221,2,2,163.75,0.3,163.6,100,163.4,150,,,,,,,,,,,,,,,,,163.9,150,164.1,100,,,,,,,,,,,,,,,,
2026-07-06T02:02:51.891933+00:00,2026-07-06T02:02:51.892057,2,2,163.75,0.3,163.6,60,163.4,150,,,,,,,,,,,,,,,,,163.9,150,164.1,100,,,,,,,,,,,,,,,,
2026-07-06T02:02:53.034342+00:00,2026-07-06T02:02:53.034489,2,2,163.75,0.3,163.6,60,163.4,150,,,,,,,,,,,,,,,,,163.9,108,164.1,100,,,,,,,,,,,,,,,,
2026-07-06T02:02:53.100344+00:00,2026-07-06T02:02:53.100185,2,2,163.75,0.3,163.6,19,163.4,150,,,,,,,,,,,,,,,,,163.9,108,164.1,100,,,,,,,,,,,,,,,,
2026-07-06T02:02:53.599360+00:00,2026-07-06T02:02:53.599333,1,1,163.65,0.5,163.4,150,,,,,,,,,,,,,,,,,,,163.9,108,,,,,,,,,,,,,,,,,,
2026-07-06T02:02:53.653839+00:00,2026-07-06T02:02:53.653935,1,1,163.65,0.5,163.4,250,,,,,,,,,,,,,,,,,,,163.9,108,,,,,,,,,,,,,,,,,,
2026-07-06T02:02:53.669047+00:00,2026-07-06T02:02:53.668872,1,0,,,163.4,100,,,,,,,,,,,,,,,,,,,,,,,,,,,,,,,,,,,,,,
2026-07-06T02:02:53.706704+00:00,2026-07-06T02:02:53.706609,1,1,163.65,0.5,163.4,100,,,,,,,,,,,,,,,,,,,163.9,100,,,,,,,,,,,,,,,,,,
2026-07-06T02:02:53.722175+00:00,2026-07-06T02:02:53.722084,2,1,163.75,0.3,163.6,150,163.4,100,,,,,,,,,,,,,,,,,163.9,100,,,,,,,,,,,,,,,,,,
2026-07-06T02:02:53.776736+00:00,2026-07-06T02:02:53.776697,2,2,163.75,0.3,163.6,150,163.4,100,,,,,,,,,,,,,,,,,163.9,100,164.1,150,,,,,,,,,,,,,,,,
2026-07-06T02:02:54.073575+00:00,2026-07-06T02:02:54.073439,2,2,163.75,0.3,163.6,150,163.4,100,,,,,,,,,,,,,,,,,163.9,57,164.1,150,,,,,,,,,,,,,,,,
2026-07-06T02:02:54.709018+00:00,2026-07-06T02:02:54.703638,2,2,163.75,0.3,163.6,150,163.4,100,,,,,,,,,,,,,,,,,163.9,46,164.1,150,,,,,,,,,,,,,,,,
2026-07-06T02:02:56.557693+00:00,2026-07-06T02:02:56.557949,2,2,163.75,0.3,163.6,100,163.4,100,,,,,,,,,,,,,,,,,163.9,46,164.1,150,,,,,,,,,,,,,,,,
2026-07-06T02:02:56.758639+00:00,2026-07-06T02:02:56.756143,1,1,163.85,0.5,163.6,100,,,,,,,,,,,,,,,,,,,164.1,150,,,,,,,,,,,,,,,,,,
2026-07-06T02:02:56.816481+00:00,2026-07-06T02:02:56.816300,2,1,163.85,0.5,163.6,100,163.5,100,,,,,,,,,,,,,,,,,164.1,150,,,,,,,,,,,,,,,,,,
2026-07-06T02:02:56.828342+00:00,2026-07-06T02:02:56.828301,1,0,,,163.5,100,,,,,,,,,,,,,,,,,,,,,,,,,,,,,,,,,,,,,,
2026-07-06T02:02:56.869625+00:00,2026-07-06T02:02:56.869494,1,1,163.75,0.5,163.5,100,,,,,,,,,,,,,,,,,,,164.0,100,,,,,,,,,,,,,,,,,,
2026-07-06T02:02:56.882324+00:00,2026-07-06T02:02:56.882186,2,1,163.75,0.5,163.5,100,163.3,150,,,,,,,,,,,,,,,,,164.0,100,,,,,,,,,,,,,,,,,,
2026-07-06T02:02:56.932150+00:00,2026-07-06T02:02:56.932047,2,2,163.65,0.3,163.5,100,163.3,150,,,,,,,,,,,,,,,,,163.8,150,164.0,100,,,,,,,,,,,,,,,,
2026-07-06T02:02:57.328082+00:00,2026-07-06T02:02:57.327929,2,2,163.65,0.3,163.5,51,163.3,150,,,,,,,,,,,,,,,,,163.8,150,164.0,100,,,,,,,,,,,,,,,,
2026-07-06T02:02:58.669403+00:00,2026-07-06T02:02:58.669543,2,2,163.65,0.3,163.5,1,163.3,150,,,,,,,,,,,,,,,,,163.8,150,164.0,100,,,,,,,,,,,,,,,,
2026-07-06T02:02:58.929960+00:00,2026-07-06T02:02:58.929853,2,2,163.65,0.3,163.5,1,163.3,150,,,,,,,,,,,,,,,,,163.8,102,164.0,100,,,,,,,,,,,,,,,,
2026-07-06T02:02:59.009713+00:00,2026-07-06T02:02:59.009605,1,2,163.55,0.5,163.3,150,,,,,,,,,,,,,,,,,,,163.8,102,164.0,100,,,,,,,,,,,,,,,,
2026-07-06T02:02:59.923626+00:00,2026-07-06T02:02:59.923587,1,1,163.55,0.5,163.3,150,,,,,,,,,,,,,,,,,,,163.8,102,,,,,,,,,,,,,,,,,,
2026-07-06T02:02:59.976516+00:00,2026-07-06T02:02:59.976588,1,1,163.55,0.5,163.3,250,,,,,,,,,,,,,,,,,,,163.8,102,,,,,,,,,,,,,,,,,,
2026-07-06T02:02:59.988363+00:00,2026-07-06T02:02:59.988310,1,0,,,163.3,100,,,,,,,,,,,,,,,,,,,,,,,,,,,,,,,,,,,,,,
2026-07-06T02:03:00.025792+00:00,2026-07-06T02:03:00.025666,1,1,163.55,0.5,163.3,100,,,,,,,,,,,,,,,,,,,163.8,100,,,,,,,,,,,,,,,,,,
2026-07-06T02:03:00.046618+00:00,2026-07-06T02:03:00.046522,2,1,163.7,0.2,163.6,150,163.3,100,,,,,,,,,,,,,,,,,163.8,100,,,,,,,,,,,,,,,,,,
2026-07-06T02:03:00.099960+00:00,2026-07-06T02:03:00.099848,2,2,163.7,0.2,163.6,150,163.3,100,,,,,,,,,,,,,,,,,163.8,100,164.1,150,,,,,,,,,,,,,,,,
2026-07-06T02:03:00.774042+00:00,2026-07-06T02:03:00.774018,2,2,163.7,0.2,163.6,100,163.3,100,,,,,,,,,,,,,,,,,163.8,100,164.1,150,,,,,,,,,,,,,,,,
2026-07-06T02:03:02.056041+00:00,2026-07-06T02:03:02.049072,2,2,163.7,0.2,163.6,100,163.3,100,,,,,,,,,,,,,,,,,163.8,88,164.1,150,,,,,,,,,,,,,,,,
2026-07-06T02:03:02.244236+00:00,2026-07-06T02:03:02.244176,2,2,163.7,0.2,163.6,100,163.3,100,,,,,,,,,,,,,,,,,163.8,39,164.1,150,,,,,,,,,,,,,,,,
2026-07-06T02:03:02.583804+00:00,2026-07-06T02:03:02.578213,2,2,163.7,0.2,163.6,100,163.3,100,,,,,,,,,,,,,,,,,163.8,28,164.1,150,,,,,,,,,,,,,,,,
2026-07-06T02:03:03.083675+00:00,2026-07-06T02:03:03.083571,1,1,163.85,0.5,163.6,100,,,,,,,,,,,,,,,,,,,164.1,150,,,,,,,,,,,,,,,,,,
2026-07-06T02:03:03.137976+00:00,2026-07-06T02:03:03.137935,2,1,163.95,0.3,163.8,100,163.6,100,,,,,,,,,,,,,,,,,164.1,150,,,,,,,,,,,,,,,,,,
2026-07-06T02:03:03.150019+00:00,2026-07-06T02:03:03.149934,2,0,,,163.8,100,163.6,100,,,,,,,,,,,,,,,,,,,,,,,,,,,,,,,,,,,,
2026-07-06T02:03:03.155023+00:00,2026-07-06T02:03:03.155084,1,0,,,163.8,100,,,,,,,,,,,,,,,,,,,,,,,,,,,,,,,,,,,,,,
2026-07-06T02:03:03.191239+00:00,2026-07-06T02:03:03.191212,1,1,164.05,0.5,163.8,100,,,,,,,,,,,,,,,,,,,164.3,100,,,,,,,,,,,,,,,,,,
2026-07-06T02:03:03.207942+00:00,2026-07-06T02:03:03.207834,2,1,164.05,0.5,163.8,100,163.6,150,,,,,,,,,,,,,,,,,164.3,100,,,,,,,,,,,,,,,,,,
2026-07-06T02:03:03.258541+00:00,2026-07-06T02:03:03.258026,2,2,163.95,0.3,163.8,100,163.6,150,,,,,,,,,,,,,,,,,164.1,150,164.3,100,,,,,,,,,,,,,,,,
2026-07-06T02:03:05.241385+00:00,2026-07-06T02:03:05.241340,2,2,163.95,0.3,163.8,56,163.6,150,,,,,,,,,,,,,,,,,164.1,150,164.3,100,,,,,,,,,,,,,,,,
2026-07-06T02:03:06.265968+00:00,2026-07-06T02:03:06.265876,1,1,163.85,0.5,163.6,150,,,,,,,,,,,,,,,,,,,164.1,150,,,,,,,,,,,,,,,,,,
2026-07-06T02:03:06.314529+00:00,2026-07-06T02:03:06.314622,0,0,,,,,,,,,,,,,,,,,,,,,,,,,,,,,,,,,,,,,,,,,,
2026-07-06T02:03:06.319884+00:00,2026-07-06T02:03:06.319782,1,0,,,163.7,100,,,,,,,,,,,,,,,,,,,,,,,,,,,,,,,,,,,,,,
2026-07-06T02:03:06.365297+00:00,2026-07-06T02:03:06.365232,1,0,,,163.7,250,,,,,,,,,,,,,,,,,,,,,,,,,,,,,,,,,,,,,,
2026-07-06T02:03:06.370425+00:00,2026-07-06T02:03:06.370378,1,1,163.95,0.5,163.7,250,,,,,,,,,,,,,,,,,,,164.2,100,,,,,,,,,,,,,,,,,,
2026-07-06T02:03:06.441412+00:00,2026-07-06T02:03:06.441272,1,1,163.95,0.5,163.7,250,,,,,,,,,,,,,,,,,,,164.2,250,,,,,,,,,,,,,,,,,,
2026-07-06T02:03:07.090770+00:00,2026-07-06T02:03:07.090669,1,1,163.95,0.5,163.7,200,,,,,,,,,,,,,,,,,,,164.2,250,,,,,,,,,,,,,,,,,,
2026-07-06T02:03:09.191548+00:00,2026-07-06T02:03:09.191446,1,1,163.95,0.5,163.7,150,,,,,,,,,,,,,,,,,,,164.2,250,,,,,,,,,,,,,,,,,,
2026-07-06T02:03:09.427396+00:00,2026-07-06T02:03:09.427324,1,1,163.95,0.5,163.7,150,,,,,,,,,,,,,,,,,,,164.2,150,,,,,,,,,,,,,,,,,,
2026-07-06T02:03:09.479416+00:00,2026-07-06T02:03:09.479569,2,1,163.95,0.5,163.7,150,163.3,100,,,,,,,,,,,,,,,,,164.2,150,,,,,,,,,,,,,,,,,,
2026-07-06T02:03:09.491140+00:00,2026-07-06T02:03:09.491283,1,0,,,163.3,100,,,,,,,,,,,,,,,,,,,,,,,,,,,,,,,,,,,,,,
2026-07-06T02:03:09.532850+00:00,2026-07-06T02:03:09.532766,1,1,163.55,0.5,163.3,100,,,,,,,,,,,,,,,,,,,163.8,100,,,,,,,,,,,,,,,,,,
2026-07-06T02:03:09.544955+00:00,2026-07-06T02:03:09.544867,2,1,163.7,0.2,163.6,150,163.3,100,,,,,,,,,,,,,,,,,163.8,100,,,,,,,,,,,,,,,,,,
2026-07-06T02:03:09.596590+00:00,2026-07-06T02:03:09.596510,2,1,163.7,0.2,163.6,150,163.3,100,,,,,,,,,,,,,,,,,163.8,56,,,,,,,,,,,,,,,,,,
2026-07-06T02:03:09.601770+00:00,2026-07-06T02:03:09.601711,2,2,163.7,0.2,163.6,150,163.3,100,,,,,,,,,,,,,,,,,163.8,56,164.1,150,,,,,,,,,,,,,,,,
2026-07-06T02:03:10.078754+00:00,2026-07-06T02:03:10.073016,2,2,163.7,0.2,163.6,150,163.3,100,,,,,,,,,,,,,,,,,163.8,44,164.1,150,,,,,,,,,,,,,,,,
2026-07-06T02:03:11.264399+00:00,2026-07-06T02:03:11.264078,2,1,163.85,0.5,163.6,150,163.3,100,,,,,,,,,,,,,,,,,164.1,144,,,,,,,,,,,,,,,,,,
2026-07-06T02:03:12.586657+00:00,2026-07-06T02:03:12.586574,1,1,163.85,0.5,163.6,150,,,,,,,,,,,,,,,,,,,164.1,144,,,,,,,,,,,,,,,,,,
2026-07-06T02:03:12.639485+00:00,2026-07-06T02:03:12.639565,1,1,163.85,0.5,163.6,250,,,,,,,,,,,,,,,,,,,164.1,144,,,,,,,,,,,,,,,,,,
2026-07-06T02:03:12.654857+00:00,2026-07-06T02:03:12.654780,1,0,,,163.6,100,,,,,,,,,,,,,,,,,,,,,,,,,,,,,,,,,,,,,,
2026-07-06T02:03:12.691977+00:00,2026-07-06T02:03:12.691866,1,1,163.85,0.5,163.6,100,,,,,,,,,,,,,,,,,,,164.1,100,,,,,,,,,,,,,,,,,,
2026-07-06T02:03:12.710649+00:00,2026-07-06T02:03:12.710536,1,1,163.85,0.5,163.6,250,,,,,,,,,,,,,,,,,,,164.1,100,,,,,,,,,,,,,,,,,,
2026-07-06T02:03:12.758573+00:00,2026-07-06T02:03:12.757849,1,1,163.85,0.5,163.6,250,,,,,,,,,,,,,,,,,,,164.1,250,,,,,,,,,,,,,,,,,,
2026-07-06T02:03:14.331051+00:00,2026-07-06T02:03:14.330978,1,1,163.85,0.5,163.6,201,,,,,,,,,,,,,,,,,,,164.1,250,,,,,,,,,,,,,,,,,,
2026-07-06T02:03:15.515232+00:00,2026-07-06T02:03:15.515111,1,1,163.85,0.5,163.6,151,,,,,,,,,,,,,,,,,,,164.1,250,,,,,,,,,,,,,,,,,,
2026-07-06T02:03:15.749962+00:00,2026-07-06T02:03:15.749858,1,1,163.85,0.5,163.6,150,,,,,,,,,,,,,,,,,,,164.1,150,,,,,,,,,,,,,,,,,,
2026-07-06T02:03:15.804553+00:00,2026-07-06T02:03:15.804479,2,1,163.85,0.5,163.6,150,163.2,100,,,,,,,,,,,,,,,,,164.1,150,,,,,,,,,,,,,,,,,,
2026-07-06T02:03:15.814838+00:00,2026-07-06T02:03:15.814810,1,0,,,163.2,100,,,,,,,,,,,,,,,,,,,,,,,,,,,,,,,,,,,,,,
2026-07-06T02:03:15.858649+00:00,2026-07-06T02:03:15.856882,1,1,163.45,0.5,163.2,100,,,,,,,,,,,,,,,,,,,163.7,100,,,,,,,,,,,,,,,,,,
2026-07-06T02:03:15.871673+00:00,2026-07-06T02:03:15.871609,2,1,163.6,0.2,163.5,150,163.2,100,,,,,,,,,,,,,,,,,163.7,100,,,,,,,,,,,,,,,,,,
2026-07-06T02:03:15.924248+00:00,2026-07-06T02:03:15.924123,2,2,163.6,0.2,163.5,150,163.2,100,,,,,,,,,,,,,,,,,163.7,100,164.0,150,,,,,,,,,,,,,,,,
2026-07-06T02:03:16.979647+00:00,2026-07-06T02:03:16.979598,2,2,163.6,0.2,163.5,150,163.2,100,,,,,,,,,,,,,,,,,163.7,59,164.0,150,,,,,,,,,,,,,,,,
2026-07-06T02:03:17.621974+00:00,2026-07-06T02:03:17.621945,2,2,163.6,0.2,163.5,100,163.2,100,,,,,,,,,,,,,,,,,163.7,59,164.0,150,,,,,,,,,,,,,,,,
2026-07-06T02:03:21.922068+00:00,2026-07-06T02:03:21.783619,2,2,163.7,0.4,163.5,53,163.4,150,,,,,,,,,,,,,,,,,163.9,50,164.0,100,,,,,,,,,,,,,,,,
2026-07-06T02:03:22.072906+00:00,2026-07-06T02:03:22.072836,1,1,163.65,0.5,163.4,150,,,,,,,,,,,,,,,,,,,163.9,50,,,,,,,,,,,,,,,,,,
2026-07-06T02:03:22.125632+00:00,2026-07-06T02:03:22.125706,2,1,163.65,0.5,163.4,150,163.2,100,,,,,,,,,,,,,,,,,163.9,50,,,,,,,,,,,,,,,,,,
2026-07-06T02:03:22.169263+00:00,2026-07-06T02:03:22.169116,1,0,,,163.2,100,,,,,,,,,,,,,,,,,,,,,,,,,,,,,,,,,,,,,,
2026-07-06T02:03:22.179616+00:00,2026-07-06T02:03:22.179463,1,1,163.45,0.5,163.2,100,,,,,,,,,,,,,,,,,,,163.7,100,,,,,,,,,,,,,,,,,,
2026-07-06T02:03:22.227861+00:00,2026-07-06T02:03:22.227707,2,0,,,163.7,50,163.2,100,,,,,,,,,,,,,,,,,,,,,,,,,,,,,,,,,,,,
2026-07-06T02:03:22.278767+00:00,2026-07-06T02:03:22.278647,2,1,163.95,0.5,163.7,50,163.2,100,,,,,,,,,,,,,,,,,164.2,150,,,,,,,,,,,,,,,,,,
2026-07-06T02:03:22.667685+00:00,2026-07-06T02:03:22.667646,2,1,163.95,0.5,163.7,6,163.2,100,,,,,,,,,,,,,,,,,164.2,150,,,,,,,,,,,,,,,,,,
2026-07-06T02:03:23.635538+00:00,2026-07-06T02:03:23.635489,2,1,163.95,0.5,163.7,6,163.2,100,,,,,,,,,,,,,,,,,164.2,102,,,,,,,,,,,,,,,,,,
2026-07-06T02:03:25.154195+00:00,2026-07-06T02:03:25.154125,1,1,163.7,1.0,163.2,63,,,,,,,,,,,,,,,,,,,164.2,102,,,,,,,,,,,,,,,,,,
2026-07-06T02:03:25.234212+00:00,2026-07-06T02:03:25.234099,0,1,,,,,,,,,,,,,,,,,,,,,,,164.2,102,,,,,,,,,,,,,,,,,,
2026-07-06T02:03:25.287419+00:00,2026-07-06T02:03:25.287297,1,1,163.85,0.7,163.5,100,,,,,,,,,,,,,,,,,,,164.2,102,,,,,,,,,,,,,,,,,,
2026-07-06T02:03:25.331907+00:00,2026-07-06T02:03:25.331758,1,0,,,163.5,100,,,,,,,,,,,,,,,,,,,,,,,,,,,,,,,,,,,,,,
2026-07-06T02:03:25.336978+00:00,2026-07-06T02:03:25.336907,1,1,163.75,0.5,163.5,100,,,,,,,,,,,,,,,,,,,164.0,100,,,,,,,,,,,,,,,,,,
2026-07-06T02:03:25.385168+00:00,2026-07-06T02:03:25.385121,2,1,163.75,0.5,163.5,100,163.4,150,,,,,,,,,,,,,,,,,164.0,100,,,,,,,,,,,,,,,,,,
2026-07-06T02:03:25.438946+00:00,2026-07-06T02:03:25.438913,2,2,163.7,0.4,163.5,100,163.4,150,,,,,,,,,,,,,,,,,163.9,150,164.0,100,,,,,,,,,,,,,,,,
2026-07-06T02:03:26.858689+00:00,2026-07-06T02:03:26.855413,2,2,163.7,0.4,163.5,100,163.4,150,,,,,,,,,,,,,,,,,163.9,104,164.0,100,,,,,,,,,,,,,,,,
2026-07-06T02:03:28.163969+00:00,2026-07-06T02:03:28.163854,2,2,163.7,0.4,163.5,50,163.4,150,,,,,,,,,,,,,,,,,163.9,104,164.0,100,,,,,,,,,,,,,,,,
2026-07-06T02:03:28.393938+00:00,2026-07-06T02:03:28.393856,1,1,163.65,0.5,163.4,150,,,,,,,,,,,,,,,,,,,163.9,104,,,,,,,,,,,,,,,,,,
2026-07-06T02:03:28.458588+00:00,2026-07-06T02:03:28.447864,2,1,163.65,0.5,163.4,150,163.2,100,,,,,,,,,,,,,,,,,163.9,104,,,,,,,,,,,,,,,,,,
2026-07-06T02:03:28.494648+00:00,2026-07-06T02:03:28.494553,1,0,,,163.2,100,,,,,,,,,,,,,,,,,,,,,,,,,,,,,,,,,,,,,,
2026-07-06T02:03:28.499760+00:00,2026-07-06T02:03:28.499692,1,1,163.45,0.5,163.2,100,,,,,,,,,,,,,,,,,,,163.7,100,,,,,,,,,,,,,,,,,,
2026-07-06T02:03:28.546774+00:00,2026-07-06T02:03:28.546618,2,1,163.6,0.2,163.5,150,163.2,100,,,,,,,,,,,,,,,,,163.7,100,,,,,,,,,,,,,,,,,,
2026-07-06T02:03:28.599267+00:00,2026-07-06T02:03:28.599418,2,2,163.6,0.2,163.5,150,163.2,100,,,,,,,,,,,,,,,,,163.7,100,164.0,150,,,,,,,,,,,,,,,,
2026-07-06T02:03:30.273715+00:00,2026-07-06T02:03:30.273850,2,2,163.6,0.2,163.5,100,163.2,100,,,,,,,,,,,,,,,,,163.7,100,164.0,150,,,,,,,,,,,,,,,,
2026-07-06T02:03:30.928965+00:00,2026-07-06T02:03:30.928888,2,2,163.6,0.2,163.5,60,163.2,100,,,,,,,,,,,,,,,,,163.7,100,164.0,150,,,,,,,,,,,,,,,,
2026-07-06T02:03:31.553412+00:00,2026-07-06T02:03:31.553285,1,1,163.75,0.5,163.5,60,,,,,,,,,,,,,,,,,,,164.0,150,,,,,,,,,,,,,,,,,,
2026-07-06T02:03:31.608625+00:00,2026-07-06T02:03:31.608410,2,1,163.75,0.5,163.5,60,162.9,100,,,,,,,,,,,,,,,,,164.0,150,,,,,,,,,,,,,,,,,,
2026-07-06T02:03:31.652491+00:00,2026-07-06T02:03:31.652433,1,0,,,162.9,100,,,,,,,,,,,,,,,,,,,,,,,,,,,,,,,,,,,,,,
2026-07-06T02:03:31.658627+00:00,2026-07-06T02:03:31.657566,1,1,163.15,0.5,162.9,100,,,,,,,,,,,,,,,,,,,163.4,100,,,,,,,,,,,,,,,,,,
2026-07-06T02:03:31.704883+00:00,2026-07-06T02:03:31.704799,2,1,163.15,0.5,162.9,100,162.8,150,,,,,,,,,,,,,,,,,163.4,100,,,,,,,,,,,,,,,,,,
2026-07-06T02:03:31.759494+00:00,2026-07-06T02:03:31.759422,2,2,163.1,0.4,162.9,100,162.8,150,,,,,,,,,,,,,,,,,163.3,150,163.4,100,,,,,,,,,,,,,,,,
2026-07-06T02:03:34.719038+00:00,2026-07-06T02:03:34.718916,2,1,163.1,0.4,162.9,100,162.8,150,,,,,,,,,,,,,,,,,163.3,150,,,,,,,,,,,,,,,,,,
2026-07-06T02:03:34.724259+00:00,2026-07-06T02:03:34.724103,1,1,163.05,0.5,162.8,150,,,,,,,,,,,,,,,,,,,163.3,150,,,,,,,,,,,,,,,,,,
2026-07-06T02:03:34.776957+00:00,2026-07-06T02:03:34.776892,2,1,163.1,0.4,162.9,100,162.8,150,,,,,,,,,,,,,,,,,163.3,150,,,,,,,,,,,,,,,,,,
2026-07-06T02:03:34.813027+00:00,2026-07-06T02:03:34.813212,1,0,,,162.9,100,,,,,,,,,,,,,,,,,,,,,,,,,,,,,,,,,,,,,,
2026-07-06T02:03:34.831763+00:00,2026-07-06T02:03:34.831625,1,1,163.15,0.5,162.9,100,,,,,,,,,,,,,,,,,,,163.4,100,,,,,,,,,,,,,,,,,,
2026-07-06T02:03:34.867877+00:00,2026-07-06T02:03:34.867737,2,1,163.15,0.5,162.9,100,162.8,150,,,,,,,,,,,,,,,,,163.4,100,,,,,,,,,,,,,,,,,,
2026-07-06T02:03:34.918067+00:00,2026-07-06T02:03:34.918005,2,2,163.1,0.4,162.9,100,162.8,150,,,,,,,,,,,,,,,,,163.3,150,163.4,100,,,,,,,,,,,,,,,,
2026-07-06T02:03:35.707764+00:00,2026-07-06T02:03:35.707663,2,2,163.1,0.4,162.9,100,162.8,150,,,,,,,,,,,,,,,,,163.3,110,163.4,100,,,,,,,,,,,,,,,,
2026-07-06T02:03:36.328023+00:00,2026-07-06T02:03:36.327907,2,2,163.1,0.4,162.9,100,162.8,150,,,,,,,,,,,,,,,,,163.3,62,163.4,100,,,,,,,,,,,,,,,,
2026-07-06T02:03:36.379539+00:00,2026-07-06T02:03:36.379467,2,2,163.1,0.4,162.9,59,162.8,150,,,,,,,,,,,,,,,,,163.3,62,163.4,100,,,,,,,,,,,,,,,,
2026-07-06T02:03:36.539412+00:00,2026-07-06T02:03:36.539309,2,2,163.1,0.4,162.9,59,162.8,150,,,,,,,,,,,,,,,,,163.3,12,163.4,100,,,,,,,,,,,,,,,,
2026-07-06T02:03:37.807747+00:00,2026-07-06T02:03:37.807907,2,1,163.15,0.5,162.9,59,162.8,150,,,,,,,,,,,,,,,,,163.4,100,,,,,,,,,,,,,,,,,,
2026-07-06T02:03:37.887965+00:00,2026-07-06T02:03:37.887901,1,0,,,162.8,150,,,,,,,,,,,,,,,,,,,,,,,,,,,,,,,,,,,,,,
2026-07-06T02:03:37.941579+00:00,2026-07-06T02:03:37.941462,1,0,,,162.8,250,,,,,,,,,,,,,,,,,,,,,,,,,,,,,,,,,,,,,,
2026-07-06T02:03:37.974830+00:00,2026-07-06T02:03:37.974750,1,0,,,162.8,100,,,,,,,,,,,,,,,,,,,,,,,,,,,,,,,,,,,,,,
2026-07-06T02:03:37.990599+00:00,2026-07-06T02:03:37.990489,1,1,163.05,0.5,162.8,100,,,,,,,,,,,,,,,,,,,163.3,100,,,,,,,,,,,,,,,,,,
2026-07-06T02:03:38.030119+00:00,2026-07-06T02:03:38.030015,2,0,,,163.4,50,162.8,100,,,,,,,,,,,,,,,,,,,,,,,,,,,,,,,,,,,,
2026-07-06T02:03:38.084819+00:00,2026-07-06T02:03:38.084766,2,1,163.65,0.5,163.4,50,162.8,100,,,,,,,,,,,,,,,,,163.9,150,,,,,,,,,,,,,,,,,,
2026-07-06T02:03:38.658607+00:00,2026-07-06T02:03:38.648341,2,1,163.65,0.5,163.4,50,162.8,100,,,,,,,,,,,,,,,,,163.9,100,,,,,,,,,,,,,,,,,,
2026-07-06T02:03:39.568989+00:00,2026-07-06T02:03:39.568926,2,1,163.65,0.5,163.4,3,162.8,100,,,,,,,,,,,,,,,,,163.9,100,,,,,,,,,,,,,,,,,,
2026-07-06T02:03:40.774178+00:00,2026-07-06T02:03:40.774101,1,1,163.35,1.1,162.8,100,,,,,,,,,,,,,,,,,,,163.9,100,,,,,,,,,,,,,,,,,,
2026-07-06T02:03:41.047143+00:00,2026-07-06T02:03:41.047331,0,1,,,,,,,,,,,,,,,,,,,,,,,163.9,100,,,,,,,,,,,,,,,,,,
2026-07-06T02:03:41.100256+00:00,2026-07-06T02:03:41.100177,1,1,163.5,0.8,163.1,100,,,,,,,,,,,,,,,,,,,163.9,100,,,,,,,,,,,,,,,,,,
2026-07-06T02:03:41.135949+00:00,2026-07-06T02:03:41.135828,1,0,,,163.1,100,,,,,,,,,,,,,,,,,,,,,,,,,,,,,,,,,,,,,,
2026-07-06T02:03:41.152705+00:00,2026-07-06T02:03:41.152683,1,1,163.35,0.5,163.1,100,,,,,,,,,,,,,,,,,,,163.6,100,,,,,,,,,,,,,,,,,,
2026-07-06T02:03:41.191496+00:00,2026-07-06T02:03:41.191466,2,1,163.35,0.5,163.1,100,163.0,150,,,,,,,,,,,,,,,,,163.6,100,,,,,,,,,,,,,,,,,,
2026-07-06T02:03:41.255623+00:00,2026-07-06T02:03:41.255522,2,2,163.3,0.4,163.1,100,163.0,150,,,,,,,,,,,,,,,,,163.5,150,163.6,100,,,,,,,,,,,,,,,,
2026-07-06T02:03:41.389799+00:00,2026-07-06T02:03:41.389750,2,2,163.3,0.4,163.1,100,163.0,150,,,,,,,,,,,,,,,,,163.5,109,163.6,100,,,,,,,,,,,,,,,,
2026-07-06T02:03:41.443383+00:00,2026-07-06T02:03:41.443337,2,2,163.3,0.4,163.1,54,163.0,150,,,,,,,,,,,,,,,,,163.5,109,163.6,100,,,,,,,,,,,,,,,,
2026-07-06T02:03:42.024915+00:00,2026-07-06T02:03:42.024824,2,2,163.3,0.4,163.1,54,163.0,150,,,,,,,,,,,,,,,,,163.5,63,163.6,100,,,,,,,,,,,,,,,,
2026-07-06T02:03:43.591124+00:00,2026-07-06T02:03:43.591044,2,2,163.3,0.4,163.1,12,163.0,150,,,,,,,,,,,,,,,,,163.5,63,163.6,100,,,,,,,,,,,,,,,,
2026-07-06T02:03:44.210726+00:00,2026-07-06T02:03:44.210631,1,1,163.25,0.5,163.0,150,,,,,,,,,,,,,,,,,,,163.5,63,,,,,,,,,,,,,,,,,,
2026-07-06T02:03:44.258593+00:00,2026-07-06T02:03:44.255692,2,1,163.25,0.5,163.0,150,162.9,100,,,,,,,,,,,,,,,,,163.5,63,,,,,,,,,,,,,,,,,,
2026-07-06T02:03:44.314231+00:00,2026-07-06T02:03:44.314147,1,1,163.15,0.5,162.9,100,,,,,,,,,,,,,,,,,,,163.4,100,,,,,,,,,,,,,,,,,,
2026-07-06T02:03:44.368911+00:00,2026-07-06T02:03:44.368978,2,0,,,163.5,50,162.9,100,,,,,,,,,,,,,,,,,,,,,,,,,,,,,,,,,,,,
2026-07-06T02:03:44.420584+00:00,2026-07-06T02:03:44.420692,2,1,163.75,0.5,163.5,50,162.9,100,,,,,,,,,,,,,,,,,164.0,150,,,,,,,,,,,,,,,,,,
2026-07-06T02:03:45.588379+00:00,2026-07-06T02:03:45.588614,2,1,163.75,0.5,163.5,4,162.9,100,,,,,,,,,,,,,,,,,164.0,150,,,,,,,,,,,,,,,,,,
2026-07-06T02:03:47.096176+00:00,2026-07-06T02:03:47.096379,2,1,163.75,0.5,163.5,4,162.9,100,,,,,,,,,,,,,,,,,164.0,100,,,,,,,,,,,,,,,,,,
2026-07-06T02:03:47.370912+00:00,2026-07-06T02:03:47.370807,1,1,163.75,0.5,163.5,4,,,,,,,,,,,,,,,,,,,164.0,100,,,,,,,,,,,,,,,,,,
2026-07-06T02:03:47.428682+00:00,2026-07-06T02:03:47.423372,1,1,163.6,0.8,163.2,100,,,,,,,,,,,,,,,,,,,164.0,100,,,,,,,,,,,,,,,,,,
2026-07-06T02:03:47.475550+00:00,2026-07-06T02:03:47.475508,1,0,,,163.2,100,,,,,,,,,,,,,,,,,,,,,,,,,,,,,,,,,,,,,,
2026-07-06T02:03:47.480774+00:00,2026-07-06T02:03:47.480670,1,1,163.45,0.5,163.2,100,,,,,,,,,,,,,,,,,,,163.7,100,,,,,,,,,,,,,,,,,,
2026-07-06T02:03:47.526644+00:00,2026-07-06T02:03:47.526553,2,1,163.45,0.5,163.2,100,163.0,150,,,,,,,,,,,,,,,,,163.7,100,,,,,,,,,,,,,,,,,,
2026-07-06T02:03:47.575991+00:00,2026-07-06T02:03:47.575889,2,2,163.35,0.3,163.2,100,163.0,150,,,,,,,,,,,,,,,,,163.5,150,163.7,100,,,,,,,,,,,,,,,,
2026-07-06T02:03:49.257694+00:00,2026-07-06T02:03:49.257949,2,2,163.35,0.3,163.2,50,163.0,150,,,,,,,,,,,,,,,,,163.5,150,163.7,100,,,,,,,,,,,,,,,,
2026-07-06T02:03:49.800383+00:00,2026-07-06T02:03:49.795376,2,2,163.35,0.3,163.2,42,163.0,150,,,,,,,,,,,,,,,,,163.5,150,163.7,100,,,,,,,,,,,,,,,,
2026-07-06T02:03:49.859832+00:00,2026-07-06T02:03:49.859701,1,2,163.25,0.5,163.0,150,,,,,,,,,,,,,,,,,,,163.5,150,163.7,100,,,,,,,,,,,,,,,,
2026-07-06T02:03:50.535714+00:00,2026-07-06T02:03:50.535634,1,1,163.25,0.5,163.0,150,,,,,,,,,,,,,,,,,,,163.5,150,,,,,,,,,,,,,,,,,,
2026-07-06T02:03:50.589397+00:00,2026-07-06T02:03:50.589327,2,1,163.25,0.5,163.0,150,162.5,100,,,,,,,,,,,,,,,,,163.5,150,,,,,,,,,,,,,,,,,,
2026-07-06T02:03:50.629087+00:00,2026-07-06T02:03:50.629037,2,0,,,163.0,150,162.5,100,,,,,,,,,,,,,,,,,,,,,,,,,,,,,,,,,,,,
2026-07-06T02:03:50.634282+00:00,2026-07-06T02:03:50.634215,1,0,,,162.5,100,,,,,,,,,,,,,,,,,,,,,,,,,,,,,,,,,,,,,,
2026-07-06T02:03:50.639449+00:00,2026-07-06T02:03:50.639379,1,1,162.75,0.5,162.5,100,,,,,,,,,,,,,,,,,,,163.0,100,,,,,,,,,,,,,,,,,,
2026-07-06T02:03:50.682262+00:00,2026-07-06T02:03:50.682410,2,1,162.8,0.4,162.6,150,162.5,100,,,,,,,,,,,,,,,,,163.0,100,,,,,,,,,,,,,,,,,,
2026-07-06T02:03:50.735619+00:00,2026-07-06T02:03:50.735538,2,2,162.8,0.4,162.6,150,162.5,100,,,,,,,,,,,,,,,,,163.0,100,163.1,150,,,,,,,,,,,,,,,,
2026-07-06T02:03:51.104546+00:00,2026-07-06T02:03:51.098611,2,2,162.8,0.4,162.6,150,162.5,100,,,,,,,,,,,,,,,,,163.0,66,163.1,150,,,,,,,,,,,,,,,,
2026-07-06T02:03:52.450114+00:00,2026-07-06T02:03:52.442440,2,2,162.8,0.4,162.6,150,162.5,100,,,,,,,,,,,,,,,,,163.0,54,163.1,150,,,,,,,,,,,,,,,,
2026-07-06T02:03:52.479892+00:00,2026-07-06T02:03:52.479804,2,2,162.8,0.4,162.6,150,162.5,100,,,,,,,,,,,,,,,,,163.0,9,163.1,150,,,,,,,,,,,,,,,,
2026-07-06T02:03:53.423434+00:00,2026-07-06T02:03:53.423399,2,1,162.85,0.5,162.6,150,162.5,100,,,,,,,,,,,,,,,,,163.1,109,,,,,,,,,,,,,,,,,,
2026-07-06T02:03:53.695556+00:00,2026-07-06T02:03:53.695655,1,1,162.85,0.5,162.6,150,,,,,,,,,,,,,,,,,,,163.1,109,,,,,,,,,,,,,,,,,,
2026-07-06T02:03:53.748415+00:00,2026-07-06T02:03:53.748343,1,1,162.85,0.5,162.6,250,,,,,,,,,,,,,,,,,,,163.1,109,,,,,,,,,,,,,,,,,,
2026-07-06T02:03:53.789557+00:00,2026-07-06T02:03:53.789418,1,0,,,162.6,250,,,,,,,,,,,,,,,,,,,,,,,,,,,,,,,,,,,,,,
2026-07-06T02:03:53.794774+00:00,2026-07-06T02:03:53.794597,1,0,,,162.6,100,,,,,,,,,,,,,,,,,,,,,,,,,,,,,,,,,,,,,,
2026-07-06T02:03:53.799969+00:00,2026-07-06T02:03:53.799830,1,1,162.85,0.5,162.6,100,,,,,,,,,,,,,,,,,,,163.1,100,,,,,,,,,,,,,,,,,,
2026-07-06T02:03:53.844840+00:00,2026-07-06T02:03:53.844812,2,1,162.9,0.4,162.7,150,162.6,100,,,,,,,,,,,,,,,,,163.1,100,,,,,,,,,,,,,,,,,,
2026-07-06T02:03:53.898412+00:00,2026-07-06T02:03:53.898362,2,2,162.9,0.4,162.7,150,162.6,100,,,,,,,,,,,,,,,,,163.1,100,163.2,150,,,,,,,,,,,,,,,,
2026-07-06T02:03:56.858641+00:00,2026-07-06T02:03:56.854720,1,1,162.95,0.5,162.7,150,,,,,,,,,,,,,,,,,,,163.2,150,,,,,,,,,,,,,,,,,,
2026-07-06T02:03:56.909682+00:00,2026-07-06T02:03:56.909569,2,1,163.0,0.4,162.8,100,162.7,150,,,,,,,,,,,,,,,,,163.2,150,,,,,,,,,,,,,,,,,,
2026-07-06T02:03:56.952899+00:00,2026-07-06T02:03:56.952798,1,0,,,162.8,100,,,,,,,,,,,,,,,,,,,,,,,,,,,,,,,,,,,,,,
2026-07-06T02:03:56.958544+00:00,2026-07-06T02:03:56.957960,1,1,163.05,0.5,162.8,100,,,,,,,,,,,,,,,,,,,163.3,100,,,,,,,,,,,,,,,,,,
2026-07-06T02:03:57.008221+00:00,2026-07-06T02:03:57.008175,1,1,163.05,0.5,162.8,250,,,,,,,,,,,,,,,,,,,163.3,100,,,,,,,,,,,,,,,,,,
2026-07-06T02:03:57.058616+00:00,2026-07-06T02:03:57.057019,1,1,163.05,0.5,162.8,250,,,,,,,,,,,,,,,,,,,163.3,250,,,,,,,,,,,,,,,,,,
2026-07-06T02:03:59.751980+00:00,2026-07-06T02:03:59.751868,1,1,163.05,0.5,162.8,250,,,,,,,,,,,,,,,,,,,163.3,200,,,,,,,,,,,,,,,,,,
2026-07-06T02:04:00.019409+00:00,2026-07-06T02:04:00.019233,1,1,163.05,0.5,162.8,150,,,,,,,,,,,,,,,,,,,163.3,150,,,,,,,,,,,,,,,,,,
2026-07-06T02:04:00.075213+00:00,2026-07-06T02:04:00.075075,1,1,163.05,0.5,162.8,150,,,,,,,,,,,,,,,,,,,163.3,50,,,,,,,,,,,,,,,,,,
2026-07-06T02:04:00.158669+00:00,2026-07-06T02:04:00.145850,0,1,,,,,,,,,,,,,,,,,,,,,,,163.8,100,,,,,,,,,,,,,,,,,,
2026-07-06T02:04:00.212687+00:00,2026-07-06T02:04:00.207517,1,1,163.7,0.2,163.6,104,,,,,,,,,,,,,,,,,,,163.8,100,,,,,,,,,,,,,,,,,,
2026-07-06T02:04:00.268116+00:00,2026-07-06T02:04:00.263002,1,2,163.7,0.2,163.6,81,,,,,,,,,,,,,,,,,,,163.8,100,164.1,150,,,,,,,,,,,,,,,,
2026-07-06T02:04:01.002223+00:00,2026-07-06T02:04:01.002090,1,2,163.7,0.2,163.6,32,,,,,,,,,,,,,,,,,,,163.8,100,164.1,150,,,,,,,,,,,,,,,,
2026-07-06T02:04:01.912145+00:00,2026-07-06T02:04:01.912026,0,2,,,,,,,,,,,,,,,,,,,,,,,163.8,100,164.1,150,,,,,,,,,,,,,,,,
2026-07-06T02:04:03.200403+00:00,2026-07-06T02:04:03.200367,0,1,,,,,,,,,,,,,,,,,,,,,,,164.1,150,,,,,,,,,,,,,,,,,,
2026-07-06T02:04:03.258642+00:00,2026-07-06T02:04:03.252997,1,1,163.45,1.3,162.8,100,,,,,,,,,,,,,,,,,,,164.1,150,,,,,,,,,,,,,,,,,,
2026-07-06T02:04:03.326593+00:00,2026-07-06T02:04:03.319311,1,1,163.05,0.5,162.8,100,,,,,,,,,,,,,,,,,,,163.3,88,,,,,,,,,,,,,,,,,,
2026-07-06T02:04:03.336500+00:00,2026-07-06T02:04:03.330517,1,1,163.05,0.5,162.8,100,,,,,,,,,,,,,,,,,,,163.3,77,,,,,,,,,,,,,,,,,,
2026-07-06T02:04:03.362462+00:00,2026-07-06T02:04:03.362343,1,1,163.05,0.5,162.8,250,,,,,,,,,,,,,,,,,,,163.3,77,,,,,,,,,,,,,,,,,,
2026-07-06T02:04:03.411252+00:00,2026-07-06T02:04:03.411208,1,1,163.05,0.5,162.8,250,,,,,,,,,,,,,,,,,,,163.3,227,,,,,,,,,,,,,,,,,,
2026-07-06T02:04:04.013949+00:00,2026-07-06T02:04:04.014071,1,1,163.05,0.5,162.8,200,,,,,,,,,,,,,,,,,,,163.3,227,,,,,,,,,,,,,,,,,,
2026-07-06T02:04:05.393662+00:00,2026-07-06T02:04:05.393841,1,1,163.05,0.5,162.8,200,,,,,,,,,,,,,,,,,,,163.3,185,,,,,,,,,,,,,,,,,,
2026-07-06T02:04:06.123241+00:00,2026-07-06T02:04:06.122981,1,1,163.05,0.5,162.8,150,,,,,,,,,,,,,,,,,,,163.3,185,,,,,,,,,,,,,,,,,,
2026-07-06T02:04:06.357236+00:00,2026-07-06T02:04:06.357523,1,1,163.05,0.5,162.8,150,,,,,,,,,,,,,,,,,,,163.3,150,,,,,,,,,,,,,,,,,,
2026-07-06T02:04:06.412617+00:00,2026-07-06T02:04:06.412534,2,1,163.05,0.5,162.8,150,162.7,100,,,,,,,,,,,,,,,,,163.3,150,,,,,,,,,,,,,,,,,,
2026-07-06T02:04:06.465616+00:00,2026-07-06T02:04:06.465510,1,0,,,162.7,100,,,,,,,,,,,,,,,,,,,,,,,,,,,,,,,,,,,,,,
2026-07-06T02:04:06.470788+00:00,2026-07-06T02:04:06.470694,1,1,162.95,0.5,162.7,100,,,,,,,,,,,,,,,,,,,163.2,100,,,,,,,,,,,,,,,,,,
2026-07-06T02:04:06.518861+00:00,2026-07-06T02:04:06.518830,2,1,163.0,0.4,162.8,150,162.7,100,,,,,,,,,,,,,,,,,163.2,100,,,,,,,,,,,,,,,,,,
2026-07-06T02:04:06.572402+00:00,2026-07-06T02:04:06.572548,2,2,163.0,0.4,162.8,150,162.7,100,,,,,,,,,,,,,,,,,163.2,100,163.3,150,,,,,,,,,,,,,,,,
2026-07-06T02:04:06.968079+00:00,2026-07-06T02:04:06.962369,2,2,163.0,0.4,162.8,150,162.7,100,,,,,,,,,,,,,,,,,163.2,88,163.3,150,,,,,,,,,,,,,,,,
2026-07-06T02:04:08.230469+00:00,2026-07-06T02:04:08.230364,2,2,163.0,0.4,162.8,100,162.7,100,,,,,,,,,,,,,,,,,163.2,88,163.3,150,,,,,,,,,,,,,,,,
2026-07-06T02:04:08.975112+00:00,2026-07-06T02:04:08.974975,2,2,163.0,0.4,162.8,100,162.7,100,,,,,,,,,,,,,,,,,163.2,39,163.3,150,,,,,,,,,,,,,,,,
2026-07-06T02:04:09.521427+00:00,2026-07-06T02:04:09.521359,2,1,163.05,0.5,162.8,100,162.7,100,,,,,,,,,,,,,,,,,163.3,150,,,,,,,,,,,,,,,,,,
2026-07-06T02:04:09.526662+00:00,2026-07-06T02:04:09.526526,1,1,163.05,0.5,162.8,100,,,,,,,,,,,,,,,,,,,163.3,150,,,,,,,,,,,,,,,,,,
2026-07-06T02:04:09.580507+00:00,2026-07-06T02:04:09.580389,2,1,163.15,0.3,163.0,100,162.8,100,,,,,,,,,,,,,,,,,163.3,150,,,,,,,,,,,,,,,,,,
2026-07-06T02:04:09.629288+00:00,2026-07-06T02:04:09.629182,1,0,,,163.0,100,,,,,,,,,,,,,,,,,,,,,,,,,,,,,,,,,,,,,,
2026-07-06T02:04:09.634502+00:00,2026-07-06T02:04:09.634436,1,1,163.25,0.5,163.0,100,,,,,,,,,,,,,,,,,,,163.5,100,,,,,,,,,,,,,,,,,,
2026-07-06T02:04:09.684795+00:00,2026-07-06T02:04:09.684746,2,1,163.25,0.5,163.0,100,162.7,150,,,,,,,,,,,,,,,,,163.5,100,,,,,,,,,,,,,,,,,,
2026-07-06T02:04:09.737684+00:00,2026-07-06T02:04:09.737560,2,2,163.1,0.2,163.0,100,162.7,150,,,,,,,,,,,,,,,,,163.2,150,163.5,100,,,,,,,,,,,,,,,,
2026-07-06T02:04:10.336713+00:00,2026-07-06T02:04:10.336578,2,2,163.1,0.2,163.0,50,162.7,150,,,,,,,,,,,,,,,,,163.2,150,163.5,100,,,,,,,,,,,,,,,,
2026-07-06T02:04:10.955204+00:00,2026-07-06T02:04:10.955443,2,2,163.1,0.2,163.0,5,162.7,150,,,,,,,,,,,,,,,,,163.2,150,163.5,100,,,,,,,,,,,,,,,,
2026-07-06T02:04:12.444945+00:00,2026-07-06T02:04:12.445130,1,2,162.95,0.5,162.7,105,,,,,,,,,,,,,,,,,,,163.2,150,163.5,100,,,,,,,,,,,,,,,,
2026-07-06T02:04:12.689125+00:00,2026-07-06T02:04:12.689059,1,1,162.95,0.5,162.7,105,,,,,,,,,,,,,,,,,,,163.2,150,,,,,,,,,,,,,,,,,,
2026-07-06T02:04:12.742193+00:00,2026-07-06T02:04:12.742093,2,1,162.95,0.5,162.7,105,162.6,100,,,,,,,,,,,,,,,,,163.2,150,,,,,,,,,,,,,,,,,,
2026-07-06T02:04:12.787262+00:00,2026-07-06T02:04:12.787233,2,0,,,162.7,105,162.6,100,,,,,,,,,,,,,,,,,,,,,,,,,,,,,,,,,,,,
2026-07-06T02:04:12.792486+00:00,2026-07-06T02:04:12.792424,1,1,162.85,0.5,162.6,100,,,,,,,,,,,,,,,,,,,163.1,100,,,,,,,,,,,,,,,,,,
2026-07-06T02:04:12.858586+00:00,2026-07-06T02:04:12.851538,2,1,162.85,0.5,162.6,100,162.4,150,,,,,,,,,,,,,,,,,163.1,100,,,,,,,,,,,,,,,,,,
2026-07-06T02:04:12.912038+00:00,2026-07-06T02:04:12.906981,2,2,162.75,0.3,162.6,100,162.4,150,,,,,,,,,,,,,,,,,162.9,128,163.1,100,,,,,,,,,,,,,,,,
2026-07-06T02:04:14.553652+00:00,2026-07-06T02:04:14.553570,2,2,162.75,0.3,162.6,50,162.4,150,,,,,,,,,,,,,,,,,162.9,128,163.1,100,,,,,,,,,,,,,,,,
2026-07-06T02:04:15.119960+00:00,2026-07-06T02:04:15.119932,2,2,162.75,0.3,162.6,50,162.4,150,,,,,,,,,,,,,,,,,162.9,81,163.1,100,,,,,,,,,,,,,,,,
2026-07-06T02:04:15.849306+00:00,2026-07-06T02:04:15.849189,1,1,162.65,0.5,162.4,150,,,,,,,,,,,,,,,,,,,162.9,81,,,,,,,,,,,,,,,,,,
2026-07-06T02:04:15.903040+00:00,2026-07-06T02:04:15.902855,2,1,162.7,0.4,162.5,100,162.4,150,,,,,,,,,,,,,,,,,162.9,81,,,,,,,,,,,,,,,,,,
2026-07-06T02:04:15.958748+00:00,2026-07-06T02:04:15.958654,2,2,162.7,0.4,162.5,100,162.4,150,,,,,,,,,,,,,,,,,162.9,81,163.0,100,,,,,,,,,,,,,,,,
2026-07-06T02:04:15.963990+00:00,2026-07-06T02:04:15.963890,1,1,162.75,0.5,162.5,100,,,,,,,,,,,,,,,,,,,163.0,100,,,,,,,,,,,,,,,,,,
2026-07-06T02:04:16.013719+00:00,2026-07-06T02:04:16.013636,2,1,162.85,0.3,162.7,150,162.5,100,,,,,,,,,,,,,,,,,163.0,100,,,,,,,,,,,,,,,,,,
2026-07-06T02:04:16.066270+00:00,2026-07-06T02:04:16.066141,2,2,162.85,0.3,162.7,150,162.5,100,,,,,,,,,,,,,,,,,163.0,100,163.2,150,,,,,,,,,,,,,,,,
2026-07-06T02:04:16.658588+00:00,2026-07-06T02:04:16.657829,2,2,162.85,0.3,162.7,100,162.5,100,,,,,,,,,,,,,,,,,163.0,100,163.2,150,,,,,,,,,,,,,,,,
2026-07-06T02:04:17.378536+00:00,2026-07-06T02:04:17.372783,2,2,162.85,0.3,162.7,100,162.5,100,,,,,,,,,,,,,,,,,163.0,77,163.2,150,,,,,,,,,,,,,,,,
2026-07-06T02:04:18.255205+00:00,2026-07-06T02:04:18.255440,2,2,162.85,0.3,162.7,100,162.5,100,,,,,,,,,,,,,,,,,163.0,29,163.2,150,,,,,,,,,,,,,,,,
2026-07-06T02:04:18.684362+00:00,2026-07-06T02:04:18.679150,2,2,162.85,0.3,162.7,100,162.5,100,,,,,,,,,,,,,,,,,163.0,23,163.2,150,,,,,,,,,,,,,,,,
2026-07-06T02:04:18.721480+00:00,2026-07-06T02:04:18.721608,2,1,162.95,0.5,162.7,100,162.5,100,,,,,,,,,,,,,,,,,163.2,123,,,,,,,,,,,,,,,,,,
2026-07-06T02:04:19.011445+00:00,2026-07-06T02:04:19.011366,1,1,162.95,0.5,162.7,100,,,,,,,,,,,,,,,,,,,163.2,123,,,,,,,,,,,,,,,,,,
2026-07-06T02:04:19.064577+00:00,2026-07-06T02:04:19.064507,1,1,162.95,0.5,162.7,100,,,,,,,,,,,,,,,,,,,163.2,23,,,,,,,,,,,,,,,,,,
2026-07-06T02:04:19.118950+00:00,2026-07-06T02:04:19.118855,0,1,,,,,,,,,,,,,,,,,,,,,,,163.7,100,,,,,,,,,,,,,,,,,,
2026-07-06T02:04:19.187421+00:00,2026-07-06T02:04:19.180334,1,1,163.55,0.3,163.4,133,,,,,,,,,,,,,,,,,,,163.7,100,,,,,,,,,,,,,,,,,,
2026-07-06T02:04:19.229166+00:00,2026-07-06T02:04:19.229069,1,2,163.55,0.3,163.4,133,,,,,,,,,,,,,,,,,,,163.7,100,163.9,150,,,,,,,,,,,,,,,,
2026-07-06T02:04:19.958616+00:00,2026-07-06T02:04:19.957541,1,2,163.55,0.3,163.4,90,,,,,,,,,,,,,,,,,,,163.7,100,163.9,150,,,,,,,,,,,,,,,,
2026-07-06T02:04:20.002033+00:00,2026-07-06T02:04:19.996380,1,2,163.55,0.3,163.4,78,,,,,,,,,,,,,,,,,,,163.7,100,163.9,150,,,,,,,,,,,,,,,,
2026-07-06T02:04:21.584020+00:00,2026-07-06T02:04:21.584219,1,2,163.55,0.3,163.4,78,,,,,,,,,,,,,,,,,,,163.7,52,163.9,150,,,,,,,,,,,,,,,,
2026-07-06T02:04:22.171654+00:00,2026-07-06T02:04:22.171555,1,1,163.65,0.5,163.4,78,,,,,,,,,,,,,,,,,,,163.9,150,,,,,,,,,,,,,,,,,,
2026-07-06T02:04:22.225406+00:00,2026-07-06T02:04:22.225308,2,1,163.65,0.5,163.4,78,163.0,100,,,,,,,,,,,,,,,,,163.9,150,,,,,,,,,,,,,,,,,,
2026-07-06T02:04:22.279804+00:00,2026-07-06T02:04:22.279775,2,1,163.45,0.1,163.4,78,163.0,100,,,,,,,,,,,,,,,,,163.5,100,,,,,,,,,,,,,,,,,,
2026-07-06T02:04:22.285172+00:00,2026-07-06T02:04:22.285026,1,1,163.25,0.5,163.0,100,,,,,,,,,,,,,,,,,,,163.5,100,,,,,,,,,,,,,,,,,,
2026-07-06T02:04:22.338684+00:00,2026-07-06T02:04:22.338552,2,1,163.3,0.4,163.1,150,163.0,100,,,,,,,,,,,,,,,,,163.5,100,,,,,,,,,,,,,,,,,,
2026-07-06T02:04:22.390782+00:00,2026-07-06T02:04:22.390635,2,2,163.3,0.4,163.1,150,163.0,100,,,,,,,,,,,,,,,,,163.5,100,163.6,150,,,,,,,,,,,,,,,,
2026-07-06T02:04:22.930591+00:00,2026-07-06T02:04:22.930568,2,2,163.3,0.4,163.1,150,163.0,100,,,,,,,,,,,,,,,,,163.5,50,163.6,150,,,,,,,,,,,,,,,,
2026-07-06T02:04:24.131765+00:00,2026-07-06T02:04:24.131723,2,2,163.3,0.4,163.1,108,163.0,100,,,,,,,,,,,,,,,,,163.5,50,163.6,150,,,,,,,,,,,,,,,,
2026-07-06T02:04:25.037005+00:00,2026-07-06T02:04:25.037195,2,1,163.35,0.5,163.1,108,163.0,100,,,,,,,,,,,,,,,,,163.6,150,,,,,,,,,,,,,,,,,,
2026-07-06T02:04:25.249876+00:00,2026-07-06T02:04:25.243934,2,1,163.35,0.5,163.1,108,163.0,100,,,,,,,,,,,,,,,,,163.6,138,,,,,,,,,,,,,,,,,,
2026-07-06T02:04:25.329742+00:00,2026-07-06T02:04:25.329630,1,1,163.35,0.5,163.1,108,,,,,,,,,,,,,,,,,,,163.6,138,,,,,,,,,,,,,,,,,,
2026-07-06T02:04:25.387593+00:00,2026-07-06T02:04:25.387709,1,1,163.35,0.5,163.1,108,,,,,,,,,,,,,,,,,,,163.6,38,,,,,,,,,,,,,,,,,,
2026-07-06T02:04:25.441842+00:00,2026-07-06T02:04:25.441817,0,1,,,,,,,,,,,,,,,,,,,,,,,164.3,100,,,,,,,,,,,,,,,,,,
2026-07-06T02:04:25.495183+00:00,2026-07-06T02:04:25.495073,1,1,164.05,0.5,163.8,150,,,,,,,,,,,,,,,,,,,164.3,100,,,,,,,,,,,,,,,,,,
2026-07-06T02:04:25.548624+00:00,2026-07-06T02:04:25.548595,1,1,164.05,0.5,163.8,150,,,,,,,,,,,,,,,,,,,164.3,250,,,,,,,,,,,,,,,,,,
2026-07-06T02:04:25.644157+00:00,2026-07-06T02:04:25.644089,1,1,164.05,0.5,163.8,150,,,,,,,,,,,,,,,,,,,164.3,207,,,,,,,,,,,,,,,,,,
2026-07-06T02:04:26.324387+00:00,2026-07-06T02:04:26.318390,1,1,164.05,0.5,163.8,138,,,,,,,,,,,,,,,,,,,164.3,207,,,,,,,,,,,,,,,,,,
2026-07-06T02:04:27.152120+00:00,2026-07-06T02:04:27.151942,1,1,164.05,0.5,163.8,138,,,,,,,,,,,,,,,,,,,164.3,157,,,,,,,,,,,,,,,,,,
2026-07-06T02:04:28.492964+00:00,2026-07-06T02:04:28.492853,1,1,164.05,0.5,163.8,138,,,,,,,,,,,,,,,,,,,164.3,150,,,,,,,,,,,,,,,,,,
2026-07-06T02:04:28.546374+00:00,2026-07-06T02:04:28.546322,2,1,164.05,0.5,163.8,138,163.6,100,,,,,,,,,,,,,,,,,164.3,150,,,,,,,,,,,,,,,,,,
2026-07-06T02:04:28.598470+00:00,2026-07-06T02:04:28.598396,2,2,163.95,0.3,163.8,138,163.6,100,,,,,,,,,,,,,,,,,164.1,100,164.3,150,,,,,,,,,,,,,,,,
2026-07-06T02:04:28.603691+00:00,2026-07-06T02:04:28.603602,1,1,163.85,0.5,163.6,100,,,,,,,,,,,,,,,,,,,164.1,100,,,,,,,,,,,,,,,,,,
2026-07-06T02:04:28.655493+00:00,2026-07-06T02:04:28.655613,1,1,163.85,0.5,163.6,250,,,,,,,,,,,,,,,,,,,164.1,100,,,,,,,,,,,,,,,,,,
2026-07-06T02:04:28.711413+00:00,2026-07-06T02:04:28.711292,1,1,163.85,0.5,163.6,250,,,,,,,,,,,,,,,,,,,164.1,250,,,,,,,,,,,,,,,,,,
2026-07-06T02:04:29.256723+00:00,2026-07-06T02:04:29.256849,1,1,163.85,0.5,163.6,250,,,,,,,,,,,,,,,,,,,164.1,200,,,,,,,,,,,,,,,,,,
2026-07-06T02:04:30.536162+00:00,2026-07-06T02:04:30.530758,1,1,163.85,0.5,163.6,228,,,,,,,,,,,,,,,,,,,164.1,200,,,,,,,,,,,,,,,,,,
2026-07-06T02:04:31.364695+00:00,2026-07-06T02:04:31.364586,1,1,163.85,0.5,163.6,228,,,,,,,,,,,,,,,,,,,164.1,150,,,,,,,,,,,,,,,,,,
2026-07-06T02:04:31.652623+00:00,2026-07-06T02:04:31.652753,1,1,163.85,0.5,163.6,150,,,,,,,,,,,,,,,,,,,164.1,150,,,,,,,,,,,,,,,,,,
2026-07-06T02:04:31.708864+00:00,2026-07-06T02:04:31.708829,2,1,163.85,0.5,163.6,150,163.5,100,,,,,,,,,,,,,,,,,164.1,150,,,,,,,,,,,,,,,,,,
2026-07-06T02:04:31.760146+00:00,2026-07-06T02:04:31.760054,2,2,163.8,0.4,163.6,150,163.5,100,,,,,,,,,,,,,,,,,164.0,100,164.1,150,,,,,,,,,,,,,,,,
2026-07-06T02:04:31.765272+00:00,2026-07-06T02:04:31.765242,1,1,163.75,0.5,163.5,100,,,,,,,,,,,,,,,,,,,164.0,100,,,,,,,,,,,,,,,,,,
2026-07-06T02:04:31.822510+00:00,2026-07-06T02:04:31.822399,2,1,163.75,0.5,163.5,100,163.3,150,,,,,,,,,,,,,,,,,164.0,100,,,,,,,,,,,,,,,,,,
2026-07-06T02:04:31.875357+00:00,2026-07-06T02:04:31.875305,2,2,163.65,0.3,163.5,100,163.3,150,,,,,,,,,,,,,,,,,163.8,150,164.0,100,,,,,,,,,,,,,,,,
2026-07-06T02:04:32.538867+00:00,2026-07-06T02:04:32.539007,2,2,163.65,0.3,163.5,54,163.3,150,,,,,,,,,,,,,,,,,163.8,150,164.0,100,,,,,,,,,,,,,,,,
2026-07-06T02:04:33.472646+00:00,2026-07-06T02:04:33.472581,2,2,163.65,0.3,163.5,54,163.3,150,,,,,,,,,,,,,,,,,163.8,100,164.0,100,,,,,,,,,,,,,,,,
2026-07-06T02:04:34.814585+00:00,2026-07-06T02:04:34.814464,1,1,163.55,0.5,163.3,150,,,,,,,,,,,,,,,,,,,163.8,100,,,,,,,,,,,,,,,,,,
2026-07-06T02:04:34.870396+00:00,2026-07-06T02:04:34.870339,2,1,163.75,0.1,163.7,100,163.3,150,,,,,,,,,,,,,,,,,163.8,100,,,,,,,,,,,,,,,,,,
2026-07-06T02:04:34.922685+00:00,2026-07-06T02:04:34.922779,2,2,163.75,0.1,163.7,100,163.3,150,,,,,,,,,,,,,,,,,163.8,100,164.2,100,,,,,,,,,,,,,,,,
2026-07-06T02:04:34.928079+00:00,2026-07-06T02:04:34.927987,1,1,163.95,0.5,163.7,100,,,,,,,,,,,,,,,,,,,164.2,100,,,,,,,,,,,,,,,,,,
2026-07-06T02:04:34.964218+00:00,2026-07-06T02:04:34.964050,1,1,163.95,0.5,163.7,100,,,,,,,,,,,,,,,,,,,164.2,57,,,,,,,,,,,,,,,,,,
2026-07-06T02:04:34.979733+00:00,2026-07-06T02:04:34.979690,2,1,164.0,0.4,163.8,150,163.7,100,,,,,,,,,,,,,,,,,164.2,57,,,,,,,,,,,,,,,,,,
2026-07-06T02:04:35.035346+00:00,2026-07-06T02:04:35.035261,2,2,164.0,0.4,163.8,150,163.7,100,,,,,,,,,,,,,,,,,164.2,57,164.3,150,,,,,,,,,,,,,,,,
2026-07-06T02:04:35.578933+00:00,2026-07-06T02:04:35.578833,2,2,164.0,0.4,163.8,150,163.7,100,,,,,,,,,,,,,,,,,164.2,7,164.3,150,,,,,,,,,,,,,,,,
2026-07-06T02:04:37.698529+00:00,2026-07-06T02:04:37.698370,2,1,164.05,0.5,163.8,150,163.7,100,,,,,,,,,,,,,,,,,164.3,107,,,,,,,,,,,,,,,,,,
2026-07-06T02:04:37.974072+00:00,2026-07-06T02:04:37.974009,1,1,164.05,0.5,163.8,150,,,,,,,,,,,,,,,,,,,164.3,107,,,,,,,,,,,,,,,,,,
2026-07-06T02:04:38.030857+00:00,2026-07-06T02:04:38.030771,2,1,164.15,0.3,164.0,100,163.8,150,,,,,,,,,,,,,,,,,164.3,107,,,,,,,,,,,,,,,,,,
2026-07-06T02:04:38.084326+00:00,2026-07-06T02:04:38.084276,2,1,164.25,0.5,164.0,100,163.8,150,,,,,,,,,,,,,,,,,164.5,100,,,,,,,,,,,,,,,,,,
2026-07-06T02:04:38.089496+00:00,2026-07-06T02:04:38.089447,1,1,164.25,0.5,164.0,100,,,,,,,,,,,,,,,,,,,164.5,100,,,,,,,,,,,,,,,,,,
2026-07-06T02:04:38.144679+00:00,2026-07-06T02:04:38.144574,1,1,164.25,0.5,164.0,250,,,,,,,,,,,,,,,,,,,164.5,100,,,,,,,,,,,,,,,,,,
2026-07-06T02:04:38.199234+00:00,2026-07-06T02:04:38.199118,1,1,164.25,0.5,164.0,250,,,,,,,,,,,,,,,,,,,164.5,250,,,,,,,,,,,,,,,,,,
2026-07-06T02:04:39.805245+00:00,2026-07-06T02:04:39.805187,1,1,164.25,0.5,164.0,250,,,,,,,,,,,,,,,,,,,164.5,200,,,,,,,,,,,,,,,,,,
2026-07-06T02:04:41.136132+00:00,2026-07-06T02:04:41.135984,1,1,164.25,0.5,164.0,250,,,,,,,,,,,,,,,,,,,164.5,150,,,,,,,,,,,,,,,,,,
2026-07-06T02:04:41.141237+00:00,2026-07-06T02:04:41.141172,1,1,164.25,0.5,164.0,150,,,,,,,,,,,,,,,,,,,164.5,150,,,,,,,,,,,,,,,,,,
2026-07-06T02:04:41.204375+00:00,2026-07-06T02:04:41.197940,2,1,164.4,0.2,164.3,88,164.0,150,,,,,,,,,,,,,,,,,164.5,150,,,,,,,,,,,,,,,,,,
2026-07-06T02:04:41.246711+00:00,2026-07-06T02:04:41.246614,2,2,164.4,0.2,164.3,88,164.0,150,,,,,,,,,,,,,,,,,164.5,150,164.8,100,,,,,,,,,,,,,,,,
2026-07-06T02:04:41.251914+00:00,2026-07-06T02:04:41.251818,1,1,164.55,0.5,164.3,88,,,,,,,,,,,,,,,,,,,164.8,100,,,,,,,,,,,,,,,,,,
2026-07-06T02:04:41.309216+00:00,2026-07-06T02:04:41.309193,2,1,164.55,0.5,164.3,88,164.1,150,,,,,,,,,,,,,,,,,164.8,100,,,,,,,,,,,,,,,,,,
2026-07-06T02:04:41.358609+00:00,2026-07-06T02:04:41.357378,2,2,164.45,0.3,164.3,88,164.1,150,,,,,,,,,,,,,,,,,164.6,150,164.8,100,,,,,,,,,,,,,,,,
2026-07-06T02:04:41.917282+00:00,2026-07-06T02:04:41.917186,2,2,164.45,0.3,164.3,88,164.1,150,,,,,,,,,,,,,,,,,164.6,100,164.8,100,,,,,,,,,,,,,,,,
2026-07-06T02:04:43.144323+00:00,2026-07-06T02:04:43.144295,2,2,164.45,0.3,164.3,42,164.1,150,,,,,,,,,,,,,,,,,164.6,100,164.8,100,,,,,,,,,,,,,,,,
2026-07-06T02:04:44.020345+00:00,2026-07-06T02:04:44.020260,2,2,164.45,0.3,164.3,42,164.1,150,,,,,,,,,,,,,,,,,164.6,50,164.8,100,,,,,,,,,,,,,,,,
2026-07-06T02:04:44.299778+00:00,2026-07-06T02:04:44.299738,1,1,164.35,0.5,164.1,150,,,,,,,,,,,,,,,,,,,164.6,50,,,,,,,,,,,,,,,,,,
2026-07-06T02:04:44.349599+00:00,2026-07-06T02:04:44.349440,2,1,164.4,0.4,164.2,100,164.1,150,,,,,,,,,,,,,,,,,164.6,50,,,,,,,,,,,,,,,,,,
2026-07-06T02:04:44.404086+00:00,2026-07-06T02:04:44.404040,2,2,164.4,0.4,164.2,100,164.1,150,,,,,,,,,,,,,,,,,164.6,50,164.7,100,,,,,,,,,,,,,,,,
2026-07-06T02:04:44.419230+00:00,2026-07-06T02:04:44.419130,1,1,164.45,0.5,164.2,100,,,,,,,,,,,,,,,,,,,164.7,100,,,,,,,,,,,,,,,,,,
2026-07-06T02:04:44.484022+00:00,2026-07-06T02:04:44.478681,2,1,164.65,0.1,164.6,116,164.2,100,,,,,,,,,,,,,,,,,164.7,100,,,,,,,,,,,,,,,,,,
2026-07-06T02:04:44.531798+00:00,2026-07-06T02:04:44.531663,2,2,164.65,0.1,164.6,116,164.2,100,,,,,,,,,,,,,,,,,164.7,100,165.1,150,,,,,,,,,,,,,,,,
2026-07-06T02:04:46.126289+00:00,2026-07-06T02:04:46.126178,2,2,164.65,0.1,164.6,116,164.2,100,,,,,,,,,,,,,,,,,164.7,50,165.1,150,,,,,,,,,,,,,,,,
2026-07-06T02:04:46.768159+00:00,2026-07-06T02:04:46.762476,2,2,164.65,0.1,164.6,113,164.2,100,,,,,,,,,,,,,,,,,164.7,50,165.1,150,,,,,,,,,,,,,,,,
2026-07-06T02:04:47.458619+00:00,2026-07-06T02:04:47.455861,1,1,164.85,0.5,164.6,113,,,,,,,,,,,,,,,,,,,165.1,150,,,,,,,,,,,,,,,,,,
2026-07-06T02:04:47.515402+00:00,2026-07-06T02:04:47.515337,2,1,164.85,0.5,164.6,113,164.3,100,,,,,,,,,,,,,,,,,165.1,150,,,,,,,,,,,,,,,,,,
2026-07-06T02:04:47.568377+00:00,2026-07-06T02:04:47.568243,2,2,164.7,0.2,164.6,113,164.3,100,,,,,,,,,,,,,,,,,164.8,100,165.1,150,,,,,,,,,,,,,,,,
2026-07-06T02:04:47.586752+00:00,2026-07-06T02:04:47.586569,1,1,164.55,0.5,164.3,100,,,,,,,,,,,,,,,,,,,164.8,100,,,,,,,,,,,,,,,,,,
2026-07-06T02:04:47.641002+00:00,2026-07-06T02:04:47.640830,1,1,164.55,0.5,164.3,250,,,,,,,,,,,,,,,,,,,164.8,100,,,,,,,,,,,,,,,,,,
2026-07-06T02:04:47.693337+00:00,2026-07-06T02:04:47.693231,1,1,164.55,0.5,164.3,250,,,,,,,,,,,,,,,,,,,164.8,250,,,,,,,,,,,,,,,,,,
2026-07-06T02:04:48.234683+00:00,2026-07-06T02:04:48.234951,1,1,164.55,0.5,164.3,250,,,,,,,,,,,,,,,,,,,164.8,200,,,,,,,,,,,,,,,,,,
2026-07-06T02:04:50.344234+00:00,2026-07-06T02:04:50.344179,1,1,164.55,0.5,164.3,250,,,,,,,,,,,,,,,,,,,164.8,150,,,,,,,,,,,,,,,,,,
2026-07-06T02:04:50.403588+00:00,2026-07-06T02:04:50.403514,1,1,164.55,0.5,164.3,201,,,,,,,,,,,,,,,,,,,164.8,150,,,,,,,,,,,,,,,,,,
2026-07-06T02:04:50.622536+00:00,2026-07-06T02:04:50.622409,1,1,164.55,0.5,164.3,150,,,,,,,,,,,,,,,,,,,164.8,150,,,,,,,,,,,,,,,,,,
2026-07-06T02:04:50.675369+00:00,2026-07-06T02:04:50.675316,1,1,164.55,0.5,164.3,250,,,,,,,,,,,,,,,,,,,164.8,150,,,,,,,,,,,,,,,,,,
2026-07-06T02:04:50.727977+00:00,2026-07-06T02:04:50.727939,1,1,164.55,0.5,164.3,250,,,,,,,,,,,,,,,,,,,164.8,250,,,,,,,,,,,,,,,,,,
2026-07-06T02:04:50.748733+00:00,2026-07-06T02:04:50.748668,1,1,164.55,0.5,164.3,100,,,,,,,,,,,,,,,,,,,164.8,100,,,,,,,,,,,,,,,,,,
2026-07-06T02:04:50.803301+00:00,2026-07-06T02:04:50.803182,1,1,164.55,0.5,164.3,250,,,,,,,,,,,,,,,,,,,164.8,100,,,,,,,,,,,,,,,,,,
2026-07-06T02:04:50.858594+00:00,2026-07-06T02:04:50.851299,1,1,164.55,0.5,164.3,250,,,,,,,,,,,,,,,,,,,164.8,250,,,,,,,,,,,,,,,,,,
2026-07-06T02:04:52.464077+00:00,2026-07-06T02:04:52.463944,1,1,164.55,0.5,164.3,250,,,,,,,,,,,,,,,,,,,164.8,200,,,,,,,,,,,,,,,,,,
2026-07-06T02:04:53.782099+00:00,2026-07-06T02:04:53.782238,1,1,164.55,0.5,164.3,150,,,,,,,,,,,,,,,,,,,164.8,150,,,,,,,,,,,,,,,,,,
2026-07-06T02:04:53.836751+00:00,2026-07-06T02:04:53.836647,2,1,164.6,0.4,164.4,100,164.3,150,,,,,,,,,,,,,,,,,164.8,150,,,,,,,,,,,,,,,,,,
2026-07-06T02:04:53.889863+00:00,2026-07-06T02:04:53.889738,2,2,164.6,0.4,164.4,100,164.3,150,,,,,,,,,,,,,,,,,164.8,150,164.9,100,,,,,,,,,,,,,,,,
2026-07-06T02:04:53.910031+00:00,2026-07-06T02:04:53.910148,1,1,164.65,0.5,164.4,100,,,,,,,,,,,,,,,,,,,164.9,100,,,,,,,,,,,,,,,,,,
2026-07-06T02:04:53.964635+00:00,2026-07-06T02:04:53.964534,2,1,164.65,0.5,164.4,100,164.2,150,,,,,,,,,,,,,,,,,164.9,100,,,,,,,,,,,,,,,,,,
