recv_time,book_timestamp,n_bids,n_asks,mid,spread,bid_px_0,bid_vol_0,bid_px_1,bid_vol_1,bid_px_2,bid_vol_2,bid_px_3,bid_vol_3,bid_px_4,bid_vol_4,bid_px_5,bid_vol_5,bid_px_6,bid_vol_6,bid_px_7,bid_vol_7,bid_px_8,bid_vol_8,bid_px_9,bid_vol_9,ask_px_0,ask_vol_0,ask_px_1,ask_vol_1,ask_px_2,ask_vol_2,ask_px_3,ask_vol_3,ask_px_4,ask_vol_4,ask_px_5,ask_vol_5,ask_px_6,ask_vol_6,ask_px_7,ask_vol_7,ask_px_8,ask_vol_8,ask_px_9,ask_vol_9
2026-07-10T07:00:00.958747+00:00,2026-07-10T07:00:00.935637,1,2,110.35,0.5,110.1,150,,,,,,,,,,,,,,,,,,,110.6,150,110.7,4,,,,,,,,,,,,,,,,
2026-07-10T07:00:00.999785+00:00,2026-07-10T07:00:00.999696,2,2,110.35,0.5,110.1,150,109.9,100,,,,,,,,,,,,,,,,,110.6,150,110.7,4,,,,,,,,,,,,,,,,
2026-07-10T07:00:01.158572+00:00,2026-07-10T07:00:01.094464,2,3,110.25,0.3,110.1,150,109.9,100,,,,,,,,,,,,,,,,,110.4,100,110.6,150,110.7,4,,,,,,,,,,,,,,
2026-07-10T07:00:01.264205+00:00,2026-07-10T07:00:01.264123,2,4,110.15,0.1,110.1,150,109.9,100,,,,,,,,,,,,,,,,,110.2,4,110.4,100,110.6,150,110.7,4,,,,,,,,,,,,
2026-07-10T07:00:01.491044+00:00,2026-07-10T07:00:01.485718,2,4,110.15,0.1,110.1,56,109.9,100,,,,,,,,,,,,,,,,,110.2,4,110.4,100,110.6,150,110.7,4,,,,,,,,,,,,
2026-07-10T07:00:01.784989+00:00,2026-07-10T07:00:01.782209,2,3,110.15,0.1,110.1,56,109.9,100,,,,,,,,,,,,,,,,,110.2,4,110.4,100,110.6,150,,,,,,,,,,,,,,
2026-07-10T07:00:01.797211+00:00,2026-07-10T07:00:01.792871,2,3,110.15,0.1,110.1,60,109.9,100,,,,,,,,,,,,,,,,,110.2,8,110.4,100,110.6,150,,,,,,,,,,,,,,
2026-07-10T07:00:01.963892+00:00,2026-07-10T07:00:01.963839,2,3,110.15,0.1,110.1,60,109.9,100,,,,,,,,,,,,,,,,,110.2,4,110.4,100,110.6,150,,,,,,,,,,,,,,
2026-07-10T07:00:02.158888+00:00,2026-07-10T07:00:02.158710,2,2,110.25,0.3,110.1,60,109.9,100,,,,,,,,,,,,,,,,,110.4,56,110.6,150,,,,,,,,,,,,,,,,
2026-07-10T07:00:02.858724+00:00,2026-07-10T07:00:02.821373,2,2,110.25,0.3,110.1,60,109.9,100,,,,,,,,,,,,,,,,,110.4,56,110.6,150,,,,,,,,,,,,,,,,
2026-07-10T07:00:02.864132+00:00,2026-07-10T07:00:02.863829,2,2,110.25,0.3,110.1,60,109.9,100,,,,,,,,,,,,,,,,,110.4,60,110.6,150,,,,,,,,,,,,,,,,
2026-07-10T07:00:02.969567+00:00,2026-07-10T07:00:02.969356,3,1,110.25,0.3,110.1,4,109.9,100,109.7,150,,,,,,,,,,,,,,,110.4,60,,,,,,,,,,,,,,,,,,
2026-07-10T07:00:03.058660+00:00,2026-07-10T07:00:03.015465,3,2,110.15,0.1,110.1,4,109.9,100,109.7,150,,,,,,,,,,,,,,,110.2,150,110.4,60,,,,,,,,,,,,,,,,
2026-07-10T07:00:03.169318+00:00,2026-07-10T07:00:03.169253,2,2,110.05,0.3,109.9,64,109.7,150,,,,,,,,,,,,,,,,,110.2,150,110.4,60,,,,,,,,,,,,,,,,
2026-07-10T07:00:03.586478+00:00,2026-07-10T07:00:03.586660,2,2,110.05,0.3,109.9,14,109.7,150,,,,,,,,,,,,,,,,,110.2,150,110.4,60,,,,,,,,,,,,,,,,
2026-07-10T07:00:03.864185+00:00,2026-07-10T07:00:03.864056,2,2,110.05,0.3,109.9,18,109.7,150,,,,,,,,,,,,,,,,,110.2,150,110.4,56,,,,,,,,,,,,,,,,
2026-07-10T07:00:03.869294+00:00,2026-07-10T07:00:03.869244,2,2,110.05,0.3,109.9,18,109.7,150,,,,,,,,,,,,,,,,,110.2,154,110.4,56,,,,,,,,,,,,,,,,
2026-07-10T07:00:04.169211+00:00,2026-07-10T07:00:04.169087,2,1,110.05,0.3,109.9,4,109.7,150,,,,,,,,,,,,,,,,,110.2,154,,,,,,,,,,,,,,,,,,
2026-07-10T07:00:04.264308+00:00,2026-07-10T07:00:04.264153,2,2,110.0,0.2,109.9,4,109.7,250,,,,,,,,,,,,,,,,,110.1,100,110.2,154,,,,,,,,,,,,,,,,
2026-07-10T07:00:04.768720+00:00,2026-07-10T07:00:04.769279,1,2,109.9,0.4,109.7,209,,,,,,,,,,,,,,,,,,,110.1,100,110.2,154,,,,,,,,,,,,,,,,
2026-07-10T07:00:04.890216+00:00,2026-07-10T07:00:04.889896,1,2,109.9,0.4,109.7,213,,,,,,,,,,,,,,,,,,,110.1,100,110.2,150,,,,,,,,,,,,,,,,
2026-07-10T07:00:04.958685+00:00,2026-07-10T07:00:04.895432,1,2,109.9,0.4,109.7,213,,,,,,,,,,,,,,,,,,,110.1,104,110.2,150,,,,,,,,,,,,,,,,
2026-07-10T07:00:05.364369+00:00,2026-07-10T07:00:05.364304,2,2,110.0,0.2,109.9,7,109.7,213,,,,,,,,,,,,,,,,,110.1,104,110.2,150,,,,,,,,,,,,,,,,
2026-07-10T07:00:05.798465+00:00,2026-07-10T07:00:05.808175,2,2,110.0,0.2,109.9,5,109.7,213,,,,,,,,,,,,,,,,,110.1,104,110.2,150,,,,,,,,,,,,,,,,
2026-07-10T07:00:05.964699+00:00,2026-07-10T07:00:05.964585,2,2,110.0,0.2,109.9,9,109.7,209,,,,,,,,,,,,,,,,,110.1,100,110.2,150,,,,,,,,,,,,,,,,
2026-07-10T07:00:05.969878+00:00,2026-07-10T07:00:05.969790,2,2,110.0,0.2,109.9,9,109.7,209,,,,,,,,,,,,,,,,,110.1,104,110.2,150,,,,,,,,,,,,,,,,
2026-07-10T07:00:06.080497+00:00,2026-07-10T07:00:06.080442,2,1,110.0,0.2,109.9,9,109.7,100,,,,,,,,,,,,,,,,,110.1,104,,,,,,,,,,,,,,,,,,
2026-07-10T07:00:06.158734+00:00,2026-07-10T07:00:06.128056,3,1,110.0,0.2,109.9,9,109.7,100,109.6,150,,,,,,,,,,,,,,,110.1,104,,,,,,,,,,,,,,,,,,
2026-07-10T07:00:06.258656+00:00,2026-07-10T07:00:06.192827,3,1,110.0,0.2,109.9,9,109.7,100,109.6,150,,,,,,,,,,,,,,,110.1,254,,,,,,,,,,,,,,,,,,
2026-07-10T07:00:06.364561+00:00,2026-07-10T07:00:06.363944,3,1,110.0,0.2,109.9,8,109.7,100,109.6,150,,,,,,,,,,,,,,,110.1,254,,,,,,,,,,,,,,,,,,
2026-07-10T07:00:06.986055+00:00,2026-07-10T07:00:06.985937,3,1,110.0,0.2,109.9,4,109.7,100,109.6,150,,,,,,,,,,,,,,,110.1,250,,,,,,,,,,,,,,,,,,
2026-07-10T07:00:07.058652+00:00,2026-07-10T07:00:06.991186,3,1,110.0,0.2,109.9,6,109.7,100,109.6,150,,,,,,,,,,,,,,,110.1,254,,,,,,,,,,,,,,,,,,
2026-07-10T07:00:07.363972+00:00,2026-07-10T07:00:07.363844,2,1,110.0,0.2,109.9,6,109.6,150,,,,,,,,,,,,,,,,,110.1,154,,,,,,,,,,,,,,,,,,
2026-07-10T07:00:07.464083+00:00,2026-07-10T07:00:07.464009,3,1,110.0,0.2,109.9,6,109.7,100,109.6,150,,,,,,,,,,,,,,,110.1,254,,,,,,,,,,,,,,,,,,
2026-07-10T07:00:07.658835+00:00,2026-07-10T07:00:07.658760,3,1,110.0,0.2,109.9,6,109.7,100,109.6,150,,,,,,,,,,,,,,,110.1,206,,,,,,,,,,,,,,,,,,
2026-07-10T07:00:07.769497+00:00,2026-07-10T07:00:07.769386,3,1,110.0,0.2,109.9,6,109.7,100,109.6,150,,,,,,,,,,,,,,,110.1,156,,,,,,,,,,,,,,,,,,
2026-07-10T07:00:08.058648+00:00,2026-07-10T07:00:08.017368,3,1,110.0,0.2,109.9,6,109.7,100,109.6,150,,,,,,,,,,,,,,,110.1,156,,,,,,,,,,,,,,,,,,
2026-07-10T07:00:08.169115+00:00,2026-07-10T07:00:08.168985,3,1,110.0,0.2,109.9,6,109.7,100,109.6,150,,,,,,,,,,,,,,,110.1,111,,,,,,,,,,,,,,,,,,
2026-07-10T07:00:08.265141+00:00,2026-07-10T07:00:08.264325,2,1,109.9,0.4,109.7,62,109.6,150,,,,,,,,,,,,,,,,,110.1,111,,,,,,,,,,,,,,,,,,
2026-07-10T07:00:08.863954+00:00,2026-07-10T07:00:08.863773,2,1,109.9,0.4,109.7,62,109.6,150,,,,,,,,,,,,,,,,,110.1,66,,,,,,,,,,,,,,,,,,
2026-07-10T07:00:09.069141+00:00,2026-07-10T07:00:09.069058,2,1,109.9,0.4,109.7,62,109.6,150,,,,,,,,,,,,,,,,,110.1,62,,,,,,,,,,,,,,,,,,
2026-07-10T07:00:09.074412+00:00,2026-07-10T07:00:09.074239,2,1,109.9,0.4,109.7,67,109.6,150,,,,,,,,,,,,,,,,,110.1,62,,,,,,,,,,,,,,,,,,
2026-07-10T07:00:09.079586+00:00,2026-07-10T07:00:09.079462,2,1,109.9,0.4,109.7,67,109.6,150,,,,,,,,,,,,,,,,,110.1,67,,,,,,,,,,,,,,,,,,
2026-07-10T07:00:09.258571+00:00,2026-07-10T07:00:09.237996,1,1,109.9,0.4,109.7,67,,,,,,,,,,,,,,,,,,,110.1,67,,,,,,,,,,,,,,,,,,
2026-07-10T07:00:09.364346+00:00,2026-07-10T07:00:09.364148,2,1,110.45,0.5,110.2,83,109.7,67,,,,,,,,,,,,,,,,,110.7,150,,,,,,,,,,,,,,,,,,
2026-07-10T07:00:09.458750+00:00,2026-07-10T07:00:09.400431,2,1,110.45,0.5,110.2,78,109.7,67,,,,,,,,,,,,,,,,,110.7,150,,,,,,,,,,,,,,,,,,
2026-07-10T07:00:09.858697+00:00,2026-07-10T07:00:09.858615,2,1,110.45,0.5,110.2,78,109.7,67,,,,,,,,,,,,,,,,,110.7,100,,,,,,,,,,,,,,,,,,
2026-07-10T07:00:10.090465+00:00,2026-07-10T07:00:10.090616,2,1,110.45,0.5,110.2,78,109.7,62,,,,,,,,,,,,,,,,,110.7,100,,,,,,,,,,,,,,,,,,
2026-07-10T07:00:10.158616+00:00,2026-07-10T07:00:10.097905,2,1,110.45,0.5,110.2,82,109.7,62,,,,,,,,,,,,,,,,,110.7,104,,,,,,,,,,,,,,,,,,
2026-07-10T07:00:10.468725+00:00,2026-07-10T07:00:10.468990,2,1,110.45,0.5,110.2,77,109.7,62,,,,,,,,,,,,,,,,,110.7,104,,,,,,,,,,,,,,,,,,
2026-07-10T07:00:10.563982+00:00,2026-07-10T07:00:10.563916,2,1,110.45,0.5,110.2,77,109.7,100,,,,,,,,,,,,,,,,,110.7,104,,,,,,,,,,,,,,,,,,
2026-07-10T07:00:10.664027+00:00,2026-07-10T07:00:10.663929,1,2,109.95,0.5,109.7,100,,,,,,,,,,,,,,,,,,,110.2,23,110.7,104,,,,,,,,,,,,,,,,
2026-07-10T07:00:11.163675+00:00,2026-07-10T07:00:11.164085,1,2,109.95,0.5,109.7,105,,,,,,,,,,,,,,,,,,,110.2,28,110.7,100,,,,,,,,,,,,,,,,
2026-07-10T07:00:11.464711+00:00,2026-07-10T07:00:11.464409,1,2,109.95,0.5,109.7,105,,,,,,,,,,,,,,,,,,,110.2,33,110.7,100,,,,,,,,,,,,,,,,
2026-07-10T07:00:12.064493+00:00,2026-07-10T07:00:12.064352,1,1,110.2,1.0,109.7,105,,,,,,,,,,,,,,,,,,,110.7,100,,,,,,,,,,,,,,,,,,
2026-07-10T07:00:12.164072+00:00,2026-07-10T07:00:12.164023,1,1,110.2,1.0,109.7,104,,,,,,,,,,,,,,,,,,,110.7,104,,,,,,,,,,,,,,,,,,
2026-07-10T07:00:12.385391+00:00,2026-07-10T07:00:12.385533,1,2,109.95,0.5,109.7,104,,,,,,,,,,,,,,,,,,,110.2,5,110.7,104,,,,,,,,,,,,,,,,
2026-07-10T07:00:12.463795+00:00,2026-07-10T07:00:12.464168,1,2,109.95,0.5,109.7,104,,,,,,,,,,,,,,,,,,,110.2,5,110.7,4,,,,,,,,,,,,,,,,
2026-07-10T07:00:12.474718+00:00,2026-07-10T07:00:12.474655,2,2,109.95,0.5,109.7,104,109.6,150,,,,,,,,,,,,,,,,,110.2,5,110.7,4,,,,,,,,,,,,,,,,
2026-07-10T07:00:12.563656+00:00,2026-07-10T07:00:12.563895,2,3,109.9,0.4,109.7,104,109.6,150,,,,,,,,,,,,,,,,,110.1,150,110.2,5,110.7,4,,,,,,,,,,,,,,
2026-07-10T07:00:13.264525+00:00,2026-07-10T07:00:13.264399,2,2,109.9,0.4,109.7,104,109.6,150,,,,,,,,,,,,,,,,,110.1,154,110.2,5,,,,,,,,,,,,,,,,
2026-07-10T07:00:13.663653+00:00,2026-07-10T07:00:13.664105,2,2,109.9,0.4,109.7,4,109.6,150,,,,,,,,,,,,,,,,,110.1,154,110.2,5,,,,,,,,,,,,,,,,
2026-07-10T07:00:13.764431+00:00,2026-07-10T07:00:13.764150,2,2,109.9,0.4,109.7,4,109.6,150,,,,,,,,,,,,,,,,,110.1,54,110.2,5,,,,,,,,,,,,,,,,
2026-07-10T07:00:13.858776+00:00,2026-07-10T07:00:13.811372,2,3,109.9,0.4,109.7,4,109.6,150,,,,,,,,,,,,,,,,,110.1,54,110.2,5,110.6,100,,,,,,,,,,,,,,
2026-07-10T07:00:14.163938+00:00,2026-07-10T07:00:14.163829,2,3,109.9,0.4,109.7,4,109.6,150,,,,,,,,,,,,,,,,,110.1,4,110.2,5,110.6,100,,,,,,,,,,,,,,
2026-07-10T07:00:14.264287+00:00,2026-07-10T07:00:14.264128,1,3,109.85,0.5,109.6,150,,,,,,,,,,,,,,,,,,,110.1,4,110.2,5,110.6,100,,,,,,,,,,,,,,
2026-07-10T07:00:14.270332+00:00,2026-07-10T07:00:14.270293,2,2,109.95,0.5,109.7,4,109.6,150,,,,,,,,,,,,,,,,,110.2,5,110.6,100,,,,,,,,,,,,,,,,
2026-07-10T07:00:14.281131+00:00,2026-07-10T07:00:14.280965,2,3,109.9,0.4,109.7,4,109.6,150,,,,,,,,,,,,,,,,,110.1,4,110.2,5,110.6,100,,,,,,,,,,,,,,
2026-07-10T07:00:15.059229+00:00,2026-07-10T07:00:14.968383,2,2,109.95,0.5,109.7,4,109.6,150,,,,,,,,,,,,,,,,,110.2,5,110.6,100,,,,,,,,,,,,,,,,
2026-07-10T07:00:15.364249+00:00,2026-07-10T07:00:15.364009,2,2,109.95,0.5,109.7,4,109.6,150,,,,,,,,,,,,,,,,,110.2,9,110.6,100,,,,,,,,,,,,,,,,
2026-07-10T07:00:15.469307+00:00,2026-07-10T07:00:15.469021,2,2,109.95,0.5,109.7,4,109.6,150,,,,,,,,,,,,,,,,,110.2,8,110.6,100,,,,,,,,,,,,,,,,
2026-07-10T07:00:15.579658+00:00,2026-07-10T07:00:15.579587,1,2,109.95,0.5,109.7,4,,,,,,,,,,,,,,,,,,,110.2,8,110.6,100,,,,,,,,,,,,,,,,
2026-07-10T07:00:15.677612+00:00,2026-07-10T07:00:15.675590,2,1,110.5,0.2,110.4,138,109.7,4,,,,,,,,,,,,,,,,,110.6,100,,,,,,,,,,,,,,,,,,
2026-07-10T07:00:15.758670+00:00,2026-07-10T07:00:15.693182,2,2,110.5,0.2,110.4,138,109.7,4,,,,,,,,,,,,,,,,,110.6,100,110.9,150,,,,,,,,,,,,,,,,
2026-07-10T07:00:15.958691+00:00,2026-07-10T07:00:15.898357,2,2,110.5,0.2,110.4,90,109.7,4,,,,,,,,,,,,,,,,,110.6,100,110.9,150,,,,,,,,,,,,,,,,
2026-07-10T07:00:16.363672+00:00,2026-07-10T07:00:16.364100,1,2,110.5,0.2,110.4,44,,,,,,,,,,,,,,,,,,,110.6,104,110.9,150,,,,,,,,,,,,,,,,
2026-07-10T07:00:16.876206+00:00,2026-07-10T07:00:16.876042,1,2,110.5,0.2,110.4,44,,,,,,,,,,,,,,,,,,,110.6,4,110.9,150,,,,,,,,,,,,,,,,
2026-07-10T07:00:16.964124+00:00,2026-07-10T07:00:16.963989,2,2,110.5,0.2,110.4,44,109.8,100,,,,,,,,,,,,,,,,,110.6,4,110.9,150,,,,,,,,,,,,,,,,
2026-07-10T07:00:16.991642+00:00,2026-07-10T07:00:16.991514,1,3,110.05,0.5,109.8,100,,,,,,,,,,,,,,,,,,,110.3,56,110.6,4,110.9,150,,,,,,,,,,,,,,
2026-07-10T07:00:17.369531+00:00,2026-07-10T07:00:17.369458,1,2,110.05,0.5,109.8,100,,,,,,,,,,,,,,,,,,,110.3,56,110.9,150,,,,,,,,,,,,,,,,
2026-07-10T07:00:17.374544+00:00,2026-07-10T07:00:17.374630,1,2,110.05,0.5,109.8,104,,,,,,,,,,,,,,,,,,,110.3,56,110.9,150,,,,,,,,,,,,,,,,
2026-07-10T07:00:17.379893+00:00,2026-07-10T07:00:17.379817,1,2,110.05,0.5,109.8,104,,,,,,,,,,,,,,,,,,,110.3,60,110.9,150,,,,,,,,,,,,,,,,
2026-07-10T07:00:18.287474+00:00,2026-07-10T07:00:18.287644,2,2,110.1,0.4,109.9,4,109.8,104,,,,,,,,,,,,,,,,,110.3,60,110.9,150,,,,,,,,,,,,,,,,
2026-07-10T07:00:18.458706+00:00,2026-07-10T07:00:18.398351,2,2,110.1,0.4,109.9,8,109.8,100,,,,,,,,,,,,,,,,,110.3,60,110.9,150,,,,,,,,,,,,,,,,
2026-07-10T07:00:18.464177+00:00,2026-07-10T07:00:18.463819,2,2,110.1,0.4,109.9,4,109.8,58,,,,,,,,,,,,,,,,,110.3,60,110.9,150,,,,,,,,,,,,,,,,
2026-07-10T07:00:18.563698+00:00,2026-07-10T07:00:18.563892,2,3,110.05,0.3,109.9,4,109.8,58,,,,,,,,,,,,,,,,,110.2,2,110.3,60,110.9,150,,,,,,,,,,,,,,
2026-07-10T07:00:18.764358+00:00,2026-07-10T07:00:18.764186,1,2,110.0,0.4,109.8,19,,,,,,,,,,,,,,,,,,,110.2,2,110.3,60,,,,,,,,,,,,,,,,
2026-07-10T07:00:18.769504+00:00,2026-07-10T07:00:18.769444,2,2,110.05,0.3,109.9,4,109.8,19,,,,,,,,,,,,,,,,,110.2,2,110.3,60,,,,,,,,,,,,,,,,
2026-07-10T07:00:18.858646+00:00,2026-07-10T07:00:18.803196,3,2,110.05,0.3,109.9,4,109.8,19,109.5,150,,,,,,,,,,,,,,,110.2,2,110.3,60,,,,,,,,,,,,,,,,
2026-07-10T07:00:18.869239+00:00,2026-07-10T07:00:18.869194,3,3,109.95,0.1,109.9,4,109.8,19,109.5,150,,,,,,,,,,,,,,,110.0,150,110.2,2,110.3,60,,,,,,,,,,,,,,
2026-07-10T07:00:19.464372+00:00,2026-07-10T07:00:19.464038,3,3,109.95,0.1,109.9,7,109.8,19,109.5,150,,,,,,,,,,,,,,,110.0,154,110.2,2,110.3,56,,,,,,,,,,,,,,
2026-07-10T07:00:19.864510+00:00,2026-07-10T07:00:19.863947,3,3,109.95,0.1,109.9,7,109.8,19,109.5,150,,,,,,,,,,,,,,,110.0,108,110.2,2,110.3,56,,,,,,,,,,,,,,
2026-07-10T07:00:20.058683+00:00,2026-07-10T07:00:20.036041,3,2,109.95,0.1,109.9,7,109.8,19,109.5,150,,,,,,,,,,,,,,,110.0,108,110.2,2,,,,,,,,,,,,,,,,
2026-07-10T07:00:20.063898+00:00,2026-07-10T07:00:20.063719,2,2,109.95,0.1,109.9,7,109.5,150,,,,,,,,,,,,,,,,,110.0,108,110.2,2,,,,,,,,,,,,,,,,
2026-07-10T07:00:20.164278+00:00,2026-07-10T07:00:20.164224,3,2,109.95,0.1,109.9,7,109.7,100,109.5,150,,,,,,,,,,,,,,,110.0,108,110.2,102,,,,,,,,,,,,,,,,
2026-07-10T07:00:20.480081+00:00,2026-07-10T07:00:20.479989,3,2,109.95,0.1,109.9,3,109.7,100,109.5,150,,,,,,,,,,,,,,,110.0,108,110.2,102,,,,,,,,,,,,,,,,
2026-07-10T07:00:20.485066+00:00,2026-07-10T07:00:20.485168,3,2,109.95,0.1,109.9,3,109.7,100,109.5,150,,,,,,,,,,,,,,,110.0,104,110.2,102,,,,,,,,,,,,,,,,
2026-07-10T07:00:20.490456+00:00,2026-07-10T07:00:20.490364,3,2,109.95,0.1,109.9,7,109.7,100,109.5,150,,,,,,,,,,,,,,,110.0,108,110.2,102,,,,,,,,,,,,,,,,
2026-07-10T07:00:20.564213+00:00,2026-07-10T07:00:20.563947,3,2,109.95,0.1,109.9,6,109.7,100,109.5,150,,,,,,,,,,,,,,,110.0,108,110.2,102,,,,,,,,,,,,,,,,
2026-07-10T07:00:21.569410+00:00,2026-07-10T07:00:21.569095,3,2,109.95,0.1,109.9,6,109.7,100,109.5,150,,,,,,,,,,,,,,,110.0,108,110.2,102,,,,,,,,,,,,,,,,
2026-07-10T07:00:21.769327+00:00,2026-07-10T07:00:21.768953,2,2,109.85,0.3,109.7,61,109.5,150,,,,,,,,,,,,,,,,,110.0,108,110.2,102,,,,,,,,,,,,,,,,
2026-07-10T07:00:21.963987+00:00,2026-07-10T07:00:21.963859,1,2,109.85,0.3,109.7,61,,,,,,,,,,,,,,,,,,,110.0,4,110.2,102,,,,,,,,,,,,,,,,
2026-07-10T07:00:21.982062+00:00,2026-07-10T07:00:21.982190,2,2,109.95,0.1,109.9,150,109.7,61,,,,,,,,,,,,,,,,,110.0,4,110.2,102,,,,,,,,,,,,,,,,
2026-07-10T07:00:22.064035+00:00,2026-07-10T07:00:22.063782,2,3,109.95,0.1,109.9,150,109.7,61,,,,,,,,,,,,,,,,,110.0,4,110.2,102,110.4,150,,,,,,,,,,,,,,
2026-07-10T07:00:22.569243+00:00,2026-07-10T07:00:22.569134,2,3,109.95,0.1,109.9,155,109.7,61,,,,,,,,,,,,,,,,,110.0,5,110.2,102,110.4,150,,,,,,,,,,,,,,
2026-07-10T07:00:22.658555+00:00,2026-07-10T07:00:22.619223,3,3,109.95,0.1,109.9,155,109.8,2,109.7,61,,,,,,,,,,,,,,,110.0,5,110.2,102,110.4,150,,,,,,,,,,,,,,
2026-07-10T07:00:23.264022+00:00,2026-07-10T07:00:23.263932,3,3,109.95,0.1,109.9,155,109.8,2,109.5,100,,,,,,,,,,,,,,,110.0,5,110.2,2,110.4,150,,,,,,,,,,,,,,
2026-07-10T07:00:23.364129+00:00,2026-07-10T07:00:23.363798,3,3,109.95,0.1,109.9,155,109.8,2,109.5,100,,,,,,,,,,,,,,,110.0,105,110.2,2,110.4,150,,,,,,,,,,,,,,
2026-07-10T07:00:23.580237+00:00,2026-07-10T07:00:23.580148,3,3,109.95,0.1,109.9,150,109.8,2,109.5,100,,,,,,,,,,,,,,,110.0,100,110.2,2,110.4,150,,,,,,,,,,,,,,
2026-07-10T07:00:23.663652+00:00,2026-07-10T07:00:23.663827,3,3,109.95,0.1,109.9,155,109.8,2,109.5,100,,,,,,,,,,,,,,,110.0,105,110.2,2,110.4,150,,,,,,,,,,,,,,
2026-07-10T07:00:24.458778+00:00,2026-07-10T07:00:24.458698,3,3,109.95,0.1,109.9,155,109.8,2,109.5,100,,,,,,,,,,,,,,,110.0,64,110.2,2,110.4,150,,,,,,,,,,,,,,
2026-07-10T07:00:24.664083+00:00,2026-07-10T07:00:24.663985,3,3,109.95,0.1,109.9,155,109.8,2,109.5,100,,,,,,,,,,,,,,,110.0,64,110.2,2,110.4,150,,,,,,,,,,,,,,
2026-07-10T07:00:24.774459+00:00,2026-07-10T07:00:24.774409,3,3,109.95,0.1,109.9,105,109.8,2,109.5,100,,,,,,,,,,,,,,,110.0,64,110.2,2,110.4,150,,,,,,,,,,,,,,
2026-07-10T07:00:24.964150+00:00,2026-07-10T07:00:24.964017,3,3,109.95,0.1,109.9,61,109.8,2,109.5,100,,,,,,,,,,,,,,,110.0,64,110.2,2,110.4,150,,,,,,,,,,,,,,
2026-07-10T07:00:25.091369+00:00,2026-07-10T07:00:25.091284,3,2,109.95,0.1,109.9,5,109.8,2,109.5,100,,,,,,,,,,,,,,,110.0,64,110.2,2,,,,,,,,,,,,,,,,
2026-07-10T07:00:25.098491+00:00,2026-07-10T07:00:25.158733,4,2,109.95,0.1,109.9,5,109.8,2,109.5,100,109.3,150,,,,,,,,,,,,,110.0,64,110.2,2,,,,,,,,,,,,,,,,
2026-07-10T07:00:25.197570+00:00,2026-07-10T07:00:25.198325,2,3,109.65,0.3,109.5,100,109.3,150,,,,,,,,,,,,,,,,,109.8,143,110.0,64,110.2,2,,,,,,,,,,,,,,
2026-07-10T07:00:25.664450+00:00,2026-07-10T07:00:25.664254,2,3,109.65,0.3,109.5,105,109.3,150,,,,,,,,,,,,,,,,,109.8,148,110.0,59,110.2,2,,,,,,,,,,,,,,
2026-07-10T07:00:25.669727+00:00,2026-07-10T07:00:25.669617,2,3,109.65,0.3,109.5,105,109.3,150,,,,,,,,,,,,,,,,,109.8,146,110.0,59,110.2,2,,,,,,,,,,,,,,
2026-07-10T07:00:25.869453+00:00,2026-07-10T07:00:25.869220,2,3,109.65,0.3,109.5,105,109.3,150,,,,,,,,,,,,,,,,,109.8,145,110.0,59,110.2,2,,,,,,,,,,,,,,
2026-07-10T07:00:26.377785+00:00,2026-07-10T07:00:26.377677,2,2,109.65,0.3,109.5,5,109.3,150,,,,,,,,,,,,,,,,,109.8,145,110.2,2,,,,,,,,,,,,,,,,
2026-07-10T07:00:26.463669+00:00,2026-07-10T07:00:26.463843,2,2,109.65,0.3,109.5,105,109.3,150,,,,,,,,,,,,,,,,,109.8,145,110.2,2,,,,,,,,,,,,,,,,
2026-07-10T07:00:26.558713+00:00,2026-07-10T07:00:26.510012,2,3,109.65,0.3,109.5,105,109.3,150,,,,,,,,,,,,,,,,,109.8,145,110.0,100,110.2,2,,,,,,,,,,,,,,
2026-07-10T07:00:26.758756+00:00,2026-07-10T07:00:26.695589,2,3,109.65,0.3,109.5,100,109.3,150,,,,,,,,,,,,,,,,,109.8,145,110.0,100,110.2,2,,,,,,,,,,,,,,
2026-07-10T07:00:26.769625+00:00,2026-07-10T07:00:26.769190,2,3,109.65,0.3,109.5,105,109.3,150,,,,,,,,,,,,,,,,,109.8,145,110.0,100,110.2,2,,,,,,,,,,,,,,
2026-07-10T07:00:26.889279+00:00,2026-07-10T07:00:26.879776,2,3,109.65,0.3,109.5,55,109.3,150,,,,,,,,,,,,,,,,,109.8,119,110.0,100,110.2,2,,,,,,,,,,,,,,
2026-07-10T07:00:27.858632+00:00,2026-07-10T07:00:27.796890,2,3,109.65,0.3,109.5,55,109.3,150,,,,,,,,,,,,,,,,,109.8,119,110.0,100,110.2,2,,,,,,,,,,,,,,
2026-07-10T07:00:27.869512+00:00,2026-07-10T07:00:27.869066,2,2,109.65,0.3,109.5,55,109.3,150,,,,,,,,,,,,,,,,,109.8,119,110.0,100,,,,,,,,,,,,,,,,
2026-07-10T07:00:28.264394+00:00,2026-07-10T07:00:28.264350,1,2,109.65,0.3,109.5,55,,,,,,,,,,,,,,,,,,,109.8,5,110.0,100,,,,,,,,,,,,,,,,
2026-07-10T07:00:28.364881+00:00,2026-07-10T07:00:28.364001,2,2,109.65,0.3,109.5,55,109.4,150,,,,,,,,,,,,,,,,,109.8,5,110.0,100,,,,,,,,,,,,,,,,
2026-07-10T07:00:28.370141+00:00,2026-07-10T07:00:28.370099,2,3,109.65,0.3,109.5,55,109.4,150,,,,,,,,,,,,,,,,,109.8,5,109.9,150,110.0,100,,,,,,,,,,,,,,
2026-07-10T07:00:28.774996+00:00,2026-07-10T07:00:28.774882,2,3,109.65,0.3,109.5,55,109.4,150,,,,,,,,,,,,,,,,,109.8,5,109.9,150,110.0,105,,,,,,,,,,,,,,
2026-07-10T07:00:28.868753+00:00,2026-07-10T07:00:28.869136,2,3,109.65,0.3,109.5,55,109.4,150,,,,,,,,,,,,,,,,,109.8,5,109.9,113,110.0,105,,,,,,,,,,,,,,
2026-07-10T07:00:29.068016+00:00,2026-07-10T07:00:29.059191,2,3,109.65,0.3,109.5,5,109.4,150,,,,,,,,,,,,,,,,,109.8,5,109.9,113,110.0,105,,,,,,,,,,,,,,
2026-07-10T07:00:29.580269+00:00,2026-07-10T07:00:29.580156,2,3,109.65,0.3,109.5,5,109.4,150,,,,,,,,,,,,,,,,,109.8,5,109.9,113,110.0,5,,,,,,,,,,,,,,
2026-07-10T07:00:29.664014+00:00,2026-07-10T07:00:29.663900,3,3,109.65,0.3,109.5,5,109.4,150,109.1,100,,,,,,,,,,,,,,,109.8,5,109.9,113,110.0,5,,,,,,,,,,,,,,
2026-07-10T07:00:29.758969+00:00,2026-07-10T07:00:29.683956,3,4,109.55,0.1,109.5,5,109.4,150,109.1,100,,,,,,,,,,,,,,,109.6,100,109.8,5,109.9,113,110.0,5,,,,,,,,,,,,
2026-07-10T07:00:29.858761+00:00,2026-07-10T07:00:29.795339,3,4,109.55,0.1,109.5,5,109.4,150,109.1,100,,,,,,,,,,,,,,,109.6,99,109.8,5,109.9,113,110.0,5,,,,,,,,,,,,
2026-07-10T07:00:29.868724+00:00,2026-07-10T07:00:29.869292,2,3,109.5,0.2,109.4,109,109.1,100,,,,,,,,,,,,,,,,,109.6,99,109.9,113,110.0,5,,,,,,,,,,,,,,
2026-07-10T07:00:29.881775+00:00,2026-07-10T07:00:29.874344,2,3,109.5,0.2,109.4,114,109.1,100,,,,,,,,,,,,,,,,,109.6,103,109.9,113,110.0,5,,,,,,,,,,,,,,
2026-07-10T07:00:30.889448+00:00,2026-07-10T07:00:30.889303,2,3,109.5,0.2,109.4,109,109.1,100,,,,,,,,,,,,,,,,,109.6,98,109.9,113,110.0,5,,,,,,,,,,,,,,
2026-07-10T07:00:30.958870+00:00,2026-07-10T07:00:30.958710,2,3,109.5,0.2,109.4,114,109.1,100,,,,,,,,,,,,,,,,,109.6,103,109.9,113,110.0,5,,,,,,,,,,,,,,
2026-07-10T07:00:31.080589+00:00,2026-07-10T07:00:31.080567,2,3,109.5,0.2,109.4,114,109.1,100,,,,,,,,,,,,,,,,,109.6,53,109.9,113,110.0,5,,,,,,,,,,,,,,
2026-07-10T07:00:31.464181+00:00,2026-07-10T07:00:31.463999,2,2,109.5,0.2,109.4,5,109.1,100,,,,,,,,,,,,,,,,,109.6,53,110.0,5,,,,,,,,,,,,,,,,
2026-07-10T07:00:31.488960+00:00,2026-07-10T07:00:31.488881,3,2,109.5,0.2,109.4,5,109.3,150,109.1,100,,,,,,,,,,,,,,,109.6,53,110.0,5,,,,,,,,,,,,,,,,
2026-07-10T07:00:31.558608+00:00,2026-07-10T07:00:31.533354,3,3,109.5,0.2,109.4,5,109.3,150,109.1,100,,,,,,,,,,,,,,,109.6,53,109.8,150,110.0,5,,,,,,,,,,,,,,
2026-07-10T07:00:31.863683+00:00,2026-07-10T07:00:31.863823,3,3,109.5,0.2,109.4,5,109.3,150,109.1,100,,,,,,,,,,,,,,,109.6,52,109.8,150,110.0,5,,,,,,,,,,,,,,
2026-07-10T07:00:31.964593+00:00,2026-07-10T07:00:31.964169,3,3,109.5,0.2,109.4,5,109.3,150,109.1,100,,,,,,,,,,,,,,,109.6,52,109.8,150,110.0,5,,,,,,,,,,,,,,
2026-07-10T07:00:32.764371+00:00,2026-07-10T07:00:32.764173,2,3,109.5,0.2,109.4,5,109.3,150,,,,,,,,,,,,,,,,,109.6,5,109.8,150,110.0,5,,,,,,,,,,,,,,
2026-07-10T07:00:32.858644+00:00,2026-07-10T07:00:32.793844,2,3,109.5,0.2,109.4,105,109.3,150,,,,,,,,,,,,,,,,,109.6,5,109.8,150,110.0,5,,,,,,,,,,,,,,
2026-07-10T07:00:32.863925+00:00,2026-07-10T07:00:32.863795,2,4,109.5,0.2,109.4,105,109.3,150,,,,,,,,,,,,,,,,,109.6,5,109.8,150,109.9,100,110.0,5,,,,,,,,,,,,
2026-07-10T07:00:32.969142+00:00,2026-07-10T07:00:32.969043,2,4,109.5,0.2,109.4,105,109.3,150,,,,,,,,,,,,,,,,,109.6,5,109.8,150,109.9,100,110.0,5,,,,,,,,,,,,
2026-07-10T07:00:33.164394+00:00,2026-07-10T07:00:33.163998,2,4,109.5,0.2,109.4,105,109.3,150,,,,,,,,,,,,,,,,,109.6,4,109.8,150,109.9,100,110.0,5,,,,,,,,,,,,
2026-07-10T07:00:33.258689+00:00,2026-07-10T07:00:33.195804,2,3,109.6,0.4,109.4,105,109.3,150,,,,,,,,,,,,,,,,,109.8,104,109.9,100,110.0,5,,,,,,,,,,,,,,
2026-07-10T07:00:33.269260+00:00,2026-07-10T07:00:33.269029,3,3,109.7,0.2,109.6,1,109.4,105,109.3,150,,,,,,,,,,,,,,,109.8,104,109.9,100,110.0,5,,,,,,,,,,,,,,
2026-07-10T07:00:33.958653+00:00,2026-07-10T07:00:33.905361,3,3,109.7,0.2,109.6,1,109.4,105,109.3,150,,,,,,,,,,,,,,,109.8,104,109.9,100,110.0,4,,,,,,,,,,,,,,
2026-07-10T07:00:34.058956+00:00,2026-07-10T07:00:34.058797,3,3,109.7,0.2,109.6,1,109.4,100,109.3,150,,,,,,,,,,,,,,,109.8,104,109.9,100,110.0,4,,,,,,,,,,,,,,
2026-07-10T07:00:34.064235+00:00,2026-07-10T07:00:34.064109,3,3,109.7,0.2,109.6,6,109.4,100,109.3,150,,,,,,,,,,,,,,,109.8,109,109.9,100,110.0,4,,,,,,,,,,,,,,
2026-07-10T07:00:34.264196+00:00,2026-07-10T07:00:34.264036,3,3,109.7,0.2,109.6,6,109.4,100,109.3,150,,,,,,,,,,,,,,,109.8,63,109.9,100,110.0,4,,,,,,,,,,,,,,
2026-07-10T07:00:34.664622+00:00,2026-07-10T07:00:34.664391,3,0,,,109.9,45,109.6,5,109.4,100,,,,,,,,,,,,,,,,,,,,,,,,,,,,,,,,,,
2026-07-10T07:00:34.789473+00:00,2026-07-10T07:00:34.779949,3,1,110.15,0.5,109.9,22,109.6,5,109.4,100,,,,,,,,,,,,,,,110.4,150,,,,,,,,,,,,,,,,,,
2026-07-10T07:00:34.964195+00:00,2026-07-10T07:00:34.964028,3,1,110.15,0.5,109.9,22,109.6,9,109.4,100,,,,,,,,,,,,,,,110.4,150,,,,,,,,,,,,,,,,,,
2026-07-10T07:00:35.069528+00:00,2026-07-10T07:00:35.068991,3,1,110.15,0.5,109.9,20,109.6,9,109.4,100,,,,,,,,,,,,,,,110.4,150,,,,,,,,,,,,,,,,,,
2026-07-10T07:00:35.095277+00:00,2026-07-10T07:00:35.095471,3,1,110.15,0.5,109.9,24,109.6,4,109.4,100,,,,,,,,,,,,,,,110.4,154,,,,,,,,,,,,,,,,,,
2026-07-10T07:00:35.958701+00:00,2026-07-10T07:00:35.894885,2,1,110.15,0.5,109.9,24,109.6,4,,,,,,,,,,,,,,,,,110.4,154,,,,,,,,,,,,,,,,,,
2026-07-10T07:00:35.979532+00:00,2026-07-10T07:00:35.979623,3,1,110.15,0.5,109.9,24,109.7,100,109.6,4,,,,,,,,,,,,,,,110.4,154,,,,,,,,,,,,,,,,,,
2026-07-10T07:00:36.058759+00:00,2026-07-10T07:00:36.028007,3,2,110.05,0.3,109.9,24,109.7,100,109.6,4,,,,,,,,,,,,,,,110.2,100,110.4,154,,,,,,,,,,,,,,,,
2026-07-10T07:00:36.079757+00:00,2026-07-10T07:00:36.071228,3,2,110.05,0.3,109.9,21,109.7,100,109.6,4,,,,,,,,,,,,,,,110.2,100,110.4,154,,,,,,,,,,,,,,,,
2026-07-10T07:00:36.168692+00:00,2026-07-10T07:00:36.168968,3,2,110.05,0.3,109.9,21,109.7,100,109.6,4,,,,,,,,,,,,,,,110.2,104,110.4,150,,,,,,,,,,,,,,,,
2026-07-10T07:00:37.169313+00:00,2026-07-10T07:00:37.169205,3,2,110.05,0.3,109.9,21,109.7,100,109.6,4,,,,,,,,,,,,,,,110.2,104,110.4,150,,,,,,,,,,,,,,,,
2026-07-10T07:00:37.495001+00:00,2026-07-10T07:00:37.495261,2,2,109.95,0.5,109.7,71,109.6,4,,,,,,,,,,,,,,,,,110.2,104,110.4,150,,,,,,,,,,,,,,,,
2026-07-10T07:00:37.764104+00:00,2026-07-10T07:00:37.764012,2,1,109.95,0.5,109.7,71,109.6,4,,,,,,,,,,,,,,,,,110.2,104,,,,,,,,,,,,,,,,,,
2026-07-10T07:00:37.863981+00:00,2026-07-10T07:00:37.863778,3,1,109.95,0.5,109.7,71,109.6,4,109.3,150,,,,,,,,,,,,,,,110.2,104,,,,,,,,,,,,,,,,,,
2026-07-10T07:00:37.892207+00:00,2026-07-10T07:00:37.880729,3,2,109.75,0.1,109.7,71,109.6,4,109.3,150,,,,,,,,,,,,,,,109.8,147,110.2,104,,,,,,,,,,,,,,,,
2026-07-10T07:00:38.064697+00:00,2026-07-10T07:00:38.064402,3,2,109.75,0.1,109.7,71,109.6,4,109.3,150,,,,,,,,,,,,,,,109.8,99,110.2,104,,,,,,,,,,,,,,,,
2026-07-10T07:00:38.184862+00:00,2026-07-10T07:00:38.184756,3,2,109.75,0.1,109.7,71,109.6,4,109.3,150,,,,,,,,,,,,,,,109.8,99,110.2,100,,,,,,,,,,,,,,,,
2026-07-10T07:00:38.190107+00:00,2026-07-10T07:00:38.189934,3,2,109.75,0.1,109.7,75,109.6,4,109.3,150,,,,,,,,,,,,,,,109.8,99,110.2,100,,,,,,,,,,,,,,,,
2026-07-10T07:00:38.258586+00:00,2026-07-10T07:00:38.195251,3,2,109.75,0.1,109.7,75,109.6,4,109.3,150,,,,,,,,,,,,,,,109.8,103,110.2,100,,,,,,,,,,,,,,,,
2026-07-10T07:00:39.087389+00:00,2026-07-10T07:00:39.086430,3,1,109.75,0.1,109.7,4,109.6,4,109.3,150,,,,,,,,,,,,,,,109.8,103,,,,,,,,,,,,,,,,,,
2026-07-10T07:00:39.164781+00:00,2026-07-10T07:00:39.164100,2,1,109.75,0.1,109.7,4,109.3,150,,,,,,,,,,,,,,,,,109.8,103,,,,,,,,,,,,,,,,,,
2026-07-10T07:00:39.170134+00:00,2026-07-10T07:00:39.169948,3,1,109.75,0.1,109.7,4,109.6,100,109.3,150,,,,,,,,,,,,,,,109.8,103,,,,,,,,,,,,,,,,,,
2026-07-10T07:00:39.363715+00:00,2026-07-10T07:00:39.364018,3,2,109.75,0.1,109.7,4,109.6,100,109.3,150,,,,,,,,,,,,,,,109.8,103,110.1,100,,,,,,,,,,,,,,,,
2026-07-10T07:00:39.369512+00:00,2026-07-10T07:00:39.369400,2,2,109.7,0.2,109.6,100,109.3,150,,,,,,,,,,,,,,,,,109.8,99,110.1,100,,,,,,,,,,,,,,,,
2026-07-10T07:00:39.374692+00:00,2026-07-10T07:00:39.374595,3,2,109.75,0.1,109.7,4,109.6,100,109.3,150,,,,,,,,,,,,,,,109.8,99,110.1,100,,,,,,,,,,,,,,,,
2026-07-10T07:00:39.379848+00:00,2026-07-10T07:00:39.379782,3,2,109.75,0.1,109.7,4,109.6,100,109.3,150,,,,,,,,,,,,,,,109.8,103,110.1,100,,,,,,,,,,,,,,,,
2026-07-10T07:00:39.563931+00:00,2026-07-10T07:00:39.563748,3,2,109.75,0.1,109.7,4,109.6,100,109.3,150,,,,,,,,,,,,,,,109.8,53,110.1,100,,,,,,,,,,,,,,,,
2026-07-10T07:00:40.458667+00:00,2026-07-10T07:00:40.396482,2,2,109.7,0.2,109.6,100,109.3,150,,,,,,,,,,,,,,,,,109.8,53,110.1,100,,,,,,,,,,,,,,,,
2026-07-10T07:00:40.469611+00:00,2026-07-10T07:00:40.469003,3,2,109.75,0.1,109.7,4,109.6,100,109.3,150,,,,,,,,,,,,,,,109.8,53,110.1,100,,,,,,,,,,,,,,,,
2026-07-10T07:00:40.897590+00:00,2026-07-10T07:00:40.925264,2,2,109.75,0.1,109.7,4,109.6,100,,,,,,,,,,,,,,,,,109.8,4,110.1,100,,,,,,,,,,,,,,,,
2026-07-10T07:00:40.988796+00:00,2026-07-10T07:00:40.988683,2,2,109.75,0.1,109.7,154,109.6,100,,,,,,,,,,,,,,,,,109.8,4,110.1,100,,,,,,,,,,,,,,,,
2026-07-10T07:00:41.058587+00:00,2026-07-10T07:00:41.033061,2,3,109.75,0.1,109.7,154,109.6,100,,,,,,,,,,,,,,,,,109.8,4,110.1,100,110.2,150,,,,,,,,,,,,,,
2026-07-10T07:00:41.468730+00:00,2026-07-10T07:00:41.469074,2,3,109.75,0.1,109.7,154,109.6,100,,,,,,,,,,,,,,,,,109.8,4,110.1,100,110.2,150,,,,,,,,,,,,,,
2026-07-10T07:00:41.690635+00:00,2026-07-10T07:00:41.758805,2,2,109.9,0.4,109.7,154,109.6,100,,,,,,,,,,,,,,,,,110.1,100,110.2,150,,,,,,,,,,,,,,,,
2026-07-10T07:00:42.458716+00:00,2026-07-10T07:00:42.391124,1,1,109.95,0.5,109.7,154,,,,,,,,,,,,,,,,,,,110.2,150,,,,,,,,,,,,,,,,,,
2026-07-10T07:00:42.469340+00:00,2026-07-10T07:00:42.469240,2,1,109.95,0.5,109.7,154,109.4,100,,,,,,,,,,,,,,,,,110.2,154,,,,,,,,,,,,,,,,,,
2026-07-10T07:00:42.564134+00:00,2026-07-10T07:00:42.563855,2,2,109.8,0.2,109.7,154,109.4,100,,,,,,,,,,,,,,,,,109.9,100,110.2,154,,,,,,,,,,,,,,,,
2026-07-10T07:00:43.564284+00:00,2026-07-10T07:00:43.564123,2,2,109.8,0.2,109.7,107,109.4,100,,,,,,,,,,,,,,,,,109.9,104,110.2,150,,,,,,,,,,,,,,,,
2026-07-10T07:00:43.858600+00:00,2026-07-10T07:00:43.796319,2,2,109.8,0.2,109.7,107,109.4,100,,,,,,,,,,,,,,,,,109.9,54,110.2,150,,,,,,,,,,,,,,,,
2026-07-10T07:00:44.158730+00:00,2026-07-10T07:00:44.097721,2,1,109.8,0.2,109.7,4,109.4,100,,,,,,,,,,,,,,,,,109.9,54,,,,,,,,,,,,,,,,,,
2026-07-10T07:00:44.170593+00:00,2026-07-10T07:00:44.170707,3,1,109.8,0.2,109.7,4,109.4,100,109.3,150,,,,,,,,,,,,,,,109.9,54,,,,,,,,,,,,,,,,,,
2026-07-10T07:00:44.264083+00:00,2026-07-10T07:00:44.263839,3,2,109.75,0.1,109.7,4,109.4,100,109.3,150,,,,,,,,,,,,,,,109.8,150,109.9,54,,,,,,,,,,,,,,,,
2026-07-10T07:00:44.568823+00:00,2026-07-10T07:00:44.569334,3,2,109.75,0.1,109.7,4,109.4,100,109.3,150,,,,,,,,,,,,,,,109.8,154,109.9,50,,,,,,,,,,,,,,,,
2026-07-10T07:00:45.564070+00:00,2026-07-10T07:00:45.563947,2,1,109.75,0.1,109.7,4,109.3,150,,,,,,,,,,,,,,,,,109.8,154,,,,,,,,,,,,,,,,,,
2026-07-10T07:00:45.574986+00:00,2026-07-10T07:00:45.574946,1,1,109.55,0.5,109.3,150,,,,,,,,,,,,,,,,,,,109.8,154,,,,,,,,,,,,,,,,,,
2026-07-10T07:00:45.583240+00:00,2026-07-10T07:00:45.583362,1,1,109.55,0.5,109.3,150,,,,,,,,,,,,,,,,,,,109.8,150,,,,,,,,,,,,,,,,,,
2026-07-10T07:00:45.663669+00:00,2026-07-10T07:00:45.664024,2,1,109.75,0.1,109.7,104,109.3,150,,,,,,,,,,,,,,,,,109.8,154,,,,,,,,,,,,,,,,,,
2026-07-10T07:00:45.670382+00:00,2026-07-10T07:00:45.670341,2,2,109.75,0.1,109.7,104,109.3,150,,,,,,,,,,,,,,,,,109.8,154,110.2,100,,,,,,,,,,,,,,,,
2026-07-10T07:00:46.664189+00:00,2026-07-10T07:00:46.664039,2,2,109.75,0.1,109.7,104,109.3,150,,,,,,,,,,,,,,,,,109.8,154,110.2,100,,,,,,,,,,,,,,,,
2026-07-10T07:00:47.279934+00:00,2026-07-10T07:00:47.279841,2,2,109.75,0.1,109.7,104,109.3,150,,,,,,,,,,,,,,,,,109.8,4,110.2,100,,,,,,,,,,,,,,,,
2026-07-10T07:00:47.285131+00:00,2026-07-10T07:00:47.285023,1,2,109.75,0.1,109.7,104,,,,,,,,,,,,,,,,,,,109.8,4,110.2,100,,,,,,,,,,,,,,,,
2026-07-10T07:00:47.363695+00:00,2026-07-10T07:00:47.363875,2,2,109.75,0.1,109.7,104,109.3,150,,,,,,,,,,,,,,,,,109.8,4,110.2,100,,,,,,,,,,,,,,,,
2026-07-10T07:00:47.458774+00:00,2026-07-10T07:00:47.394106,2,2,109.75,0.1,109.7,104,109.3,150,,,,,,,,,,,,,,,,,109.8,154,110.2,100,,,,,,,,,,,,,,,,
2026-07-10T07:00:47.664370+00:00,2026-07-10T07:00:47.664222,2,2,109.75,0.1,109.7,100,109.3,150,,,,,,,,,,,,,,,,,109.8,154,110.2,100,,,,,,,,,,,,,,,,
2026-07-10T07:00:47.674786+00:00,2026-07-10T07:00:47.674724,2,2,109.75,0.1,109.7,100,109.3,150,,,,,,,,,,,,,,,,,109.8,150,110.2,100,,,,,,,,,,,,,,,,
2026-07-10T07:00:47.685313+00:00,2026-07-10T07:00:47.685220,2,2,109.75,0.1,109.7,104,109.3,150,,,,,,,,,,,,,,,,,109.8,109,110.2,100,,,,,,,,,,,,,,,,
2026-07-10T07:00:47.758660+00:00,2026-07-10T07:00:47.690397,2,2,109.75,0.1,109.7,104,109.3,150,,,,,,,,,,,,,,,,,109.8,113,110.2,100,,,,,,,,,,,,,,,,
2026-07-10T07:00:47.972382+00:00,2026-07-10T07:00:47.964211,2,2,109.75,0.1,109.7,101,109.3,150,,,,,,,,,,,,,,,,,109.8,113,110.2,100,,,,,,,,,,,,,,,,
2026-07-10T07:00:48.164255+00:00,2026-07-10T07:00:48.163935,2,2,109.75,0.1,109.7,51,109.3,150,,,,,,,,,,,,,,,,,109.8,113,110.2,100,,,,,,,,,,,,,,,,
2026-07-10T07:00:48.764124+00:00,2026-07-10T07:00:48.764055,2,1,109.75,0.1,109.7,4,109.3,150,,,,,,,,,,,,,,,,,109.8,113,,,,,,,,,,,,,,,,,,
2026-07-10T07:00:48.780329+00:00,2026-07-10T07:00:48.780216,3,1,109.75,0.1,109.7,4,109.3,150,109.2,100,,,,,,,,,,,,,,,109.8,113,,,,,,,,,,,,,,,,,,
2026-07-10T07:00:48.864006+00:00,2026-07-10T07:00:48.863895,2,2,109.5,0.4,109.3,150,109.2,100,,,,,,,,,,,,,,,,,109.7,96,109.8,113,,,,,,,,,,,,,,,,
2026-07-10T07:00:49.658846+00:00,2026-07-10T07:00:49.590481,2,2,109.5,0.4,109.3,101,109.2,100,,,,,,,,,,,,,,,,,109.7,96,109.8,113,,,,,,,,,,,,,,,,
2026-07-10T07:00:49.768753+00:00,2026-07-10T07:00:49.769252,2,2,109.5,0.4,109.3,105,109.2,100,,,,,,,,,,,,,,,,,109.7,100,109.8,109,,,,,,,,,,,,,,,,
2026-07-10T07:00:50.264135+00:00,2026-07-10T07:00:50.263879,2,2,109.5,0.4,109.3,55,109.2,100,,,,,,,,,,,,,,,,,109.7,100,109.8,109,,,,,,,,,,,,,,,,
2026-07-10T07:00:50.469110+00:00,2026-07-10T07:00:50.468960,2,1,109.5,0.4,109.3,4,109.2,100,,,,,,,,,,,,,,,,,109.7,100,,,,,,,,,,,,,,,,,,
2026-07-10T07:00:50.564713+00:00,2026-07-10T07:00:50.564456,3,1,109.5,0.4,109.3,4,109.2,100,109.0,150,,,,,,,,,,,,,,,109.7,100,,,,,,,,,,,,,,,,,,
2026-07-10T07:00:50.659467+00:00,2026-07-10T07:00:50.608326,3,2,109.4,0.2,109.3,4,109.2,100,109.0,150,,,,,,,,,,,,,,,109.5,136,109.7,100,,,,,,,,,,,,,,,,
2026-07-10T07:00:50.785393+00:00,2026-07-10T07:00:50.785303,2,2,109.35,0.3,109.2,100,109.0,150,,,,,,,,,,,,,,,,,109.5,136,109.7,96,,,,,,,,,,,,,,,,
2026-07-10T07:00:50.790518+00:00,2026-07-10T07:00:50.790481,3,2,109.4,0.2,109.3,4,109.2,100,109.0,150,,,,,,,,,,,,,,,109.5,136,109.7,96,,,,,,,,,,,,,,,,
2026-07-10T07:00:50.858652+00:00,2026-07-10T07:00:50.795658,3,2,109.4,0.2,109.3,4,109.2,100,109.0,150,,,,,,,,,,,,,,,109.5,140,109.7,96,,,,,,,,,,,,,,,,
2026-07-10T07:00:51.163702+00:00,2026-07-10T07:00:51.164188,3,2,109.4,0.2,109.3,4,109.2,100,109.0,150,,,,,,,,,,,,,,,109.5,134,109.7,96,,,,,,,,,,,,,,,,
2026-07-10T07:00:51.864488+00:00,2026-07-10T07:00:51.864235,3,2,109.4,0.2,109.3,4,109.2,100,109.0,150,,,,,,,,,,,,,,,109.5,134,109.7,96,,,,,,,,,,,,,,,,
2026-07-10T07:00:51.958804+00:00,2026-07-10T07:00:51.895505,2,1,109.4,0.2,109.3,4,109.0,150,,,,,,,,,,,,,,,,,109.5,134,,,,,,,,,,,,,,,,,,
2026-07-10T07:00:51.963664+00:00,2026-07-10T07:00:51.963870,3,1,109.45,0.1,109.4,100,109.3,4,109.0,150,,,,,,,,,,,,,,,109.5,134,,,,,,,,,,,,,,,,,,
2026-07-10T07:00:52.064321+00:00,2026-07-10T07:00:52.064001,3,2,109.45,0.1,109.4,100,109.3,4,109.0,150,,,,,,,,,,,,,,,109.5,134,109.9,100,,,,,,,,,,,,,,,,
2026-07-10T07:00:52.279799+00:00,2026-07-10T07:00:52.279732,3,2,109.45,0.1,109.4,100,109.3,4,109.0,150,,,,,,,,,,,,,,,109.5,84,109.9,100,,,,,,,,,,,,,,,,
2026-07-10T07:00:52.864220+00:00,2026-07-10T07:00:52.864182,2,2,109.45,0.1,109.4,104,109.0,150,,,,,,,,,,,,,,,,,109.5,84,109.9,100,,,,,,,,,,,,,,,,
2026-07-10T07:00:53.169430+00:00,2026-07-10T07:00:53.169311,2,2,109.45,0.1,109.4,104,109.0,150,,,,,,,,,,,,,,,,,109.5,79,109.9,100,,,,,,,,,,,,,,,,
2026-07-10T07:00:53.289166+00:00,2026-07-10T07:00:53.289063,2,2,109.45,0.1,109.4,108,109.0,150,,,,,,,,,,,,,,,,,109.5,79,109.9,100,,,,,,,,,,,,,,,,
2026-07-10T07:00:53.658605+00:00,2026-07-10T07:00:53.629712,2,2,109.45,0.1,109.4,108,109.0,150,,,,,,,,,,,,,,,,,109.5,4,109.9,100,,,,,,,,,,,,,,,,
2026-07-10T07:00:53.663920+00:00,2026-07-10T07:00:53.663755,1,2,109.45,0.1,109.4,108,,,,,,,,,,,,,,,,,,,109.5,4,109.9,100,,,,,,,,,,,,,,,,
2026-07-10T07:00:53.691523+00:00,2026-07-10T07:00:53.691482,2,2,109.45,0.1,109.4,108,109.2,150,,,,,,,,,,,,,,,,,109.5,4,109.9,100,,,,,,,,,,,,,,,,
2026-07-10T07:00:53.758702+00:00,2026-07-10T07:00:53.739315,2,3,109.45,0.1,109.4,108,109.2,150,,,,,,,,,,,,,,,,,109.5,4,109.7,150,109.9,100,,,,,,,,,,,,,,
2026-07-10T07:00:53.864308+00:00,2026-07-10T07:00:53.864212,2,3,109.45,0.1,109.4,60,109.2,150,,,,,,,,,,,,,,,,,109.5,4,109.7,150,109.9,100,,,,,,,,,,,,,,
2026-07-10T07:00:53.958640+00:00,2026-07-10T07:00:53.890792,2,3,109.45,0.1,109.4,60,109.2,150,,,,,,,,,,,,,,,,,109.5,4,109.7,150,109.9,100,,,,,,,,,,,,,,
2026-07-10T07:00:54.474427+00:00,2026-07-10T07:00:54.474277,2,3,109.45,0.1,109.4,10,109.2,150,,,,,,,,,,,,,,,,,109.5,4,109.7,150,109.9,100,,,,,,,,,,,,,,
2026-07-10T07:00:54.858650+00:00,2026-07-10T07:00:54.805285,2,2,109.55,0.3,109.4,10,109.2,150,,,,,,,,,,,,,,,,,109.7,112,109.9,100,,,,,,,,,,,,,,,,
2026-07-10T07:00:54.964347+00:00,2026-07-10T07:00:54.964200,2,2,109.55,0.3,109.4,10,109.2,150,,,,,,,,,,,,,,,,,109.7,116,109.9,100,,,,,,,,,,,,,,,,
2026-07-10T07:00:55.060264+00:00,2026-07-10T07:00:55.059967,2,1,109.55,0.3,109.4,8,109.2,150,,,,,,,,,,,,,,,,,109.7,116,,,,,,,,,,,,,,,,,,
2026-07-10T07:00:55.164221+00:00,2026-07-10T07:00:55.163862,3,1,109.55,0.3,109.4,8,109.2,150,109.0,100,,,,,,,,,,,,,,,109.7,116,,,,,,,,,,,,,,,,,,
2026-07-10T07:00:55.169505+00:00,2026-07-10T07:00:55.169356,3,2,109.45,0.1,109.4,8,109.2,150,109.0,100,,,,,,,,,,,,,,,109.5,100,109.7,116,,,,,,,,,,,,,,,,
2026-07-10T07:00:55.385589+00:00,2026-07-10T07:00:55.385412,2,2,109.35,0.3,109.2,150,109.0,100,,,,,,,,,,,,,,,,,109.5,100,109.7,116,,,,,,,,,,,,,,,,
2026-07-10T07:00:55.964224+00:00,2026-07-10T07:00:55.964089,2,2,109.35,0.3,109.2,154,109.0,100,,,,,,,,,,,,,,,,,109.5,104,109.7,112,,,,,,,,,,,,,,,,
2026-07-10T07:00:56.582467+00:00,2026-07-10T07:00:56.582219,2,2,109.35,0.3,109.2,104,109.0,100,,,,,,,,,,,,,,,,,109.5,104,109.7,112,,,,,,,,,,,,,,,,
2026-07-10T07:00:56.863647+00:00,2026-07-10T07:00:56.864006,2,1,109.35,0.3,109.2,4,109.0,100,,,,,,,,,,,,,,,,,109.5,104,,,,,,,,,,,,,,,,,,
2026-07-10T07:00:56.877002+00:00,2026-07-10T07:00:56.876901,3,1,109.4,0.2,109.3,150,109.2,4,109.0,100,,,,,,,,,,,,,,,109.5,104,,,,,,,,,,,,,,,,,,
2026-07-10T07:00:56.963967+00:00,2026-07-10T07:00:56.963843,3,2,109.4,0.2,109.3,150,109.2,4,109.0,100,,,,,,,,,,,,,,,109.5,104,109.8,150,,,,,,,,,,,,,,,,
2026-07-10T07:00:56.980882+00:00,2026-07-10T07:00:56.981001,2,2,109.4,0.2,109.3,150,109.0,100,,,,,,,,,,,,,,,,,109.5,104,109.8,150,,,,,,,,,,,,,,,,
2026-07-10T07:00:57.064261+00:00,2026-07-10T07:00:57.063921,2,2,109.4,0.2,109.3,154,109.0,100,,,,,,,,,,,,,,,,,109.5,104,109.8,150,,,,,,,,,,,,,,,,
2026-07-10T07:00:57.364101+00:00,2026-07-10T07:00:57.363869,3,2,109.45,0.1,109.4,4,109.3,154,109.0,100,,,,,,,,,,,,,,,109.5,104,109.8,150,,,,,,,,,,,,,,,,
2026-07-10T07:00:58.064654+00:00,2026-07-10T07:00:58.064548,3,2,109.45,0.1,109.4,8,109.3,150,109.0,100,,,,,,,,,,,,,,,109.5,100,109.8,150,,,,,,,,,,,,,,,,
2026-07-10T07:00:58.069789+00:00,2026-07-10T07:00:58.069756,3,2,109.45,0.1,109.4,8,109.3,150,109.0,100,,,,,,,,,,,,,,,109.5,104,109.8,150,,,,,,,,,,,,,,,,
2026-07-10T07:00:58.269301+00:00,2026-07-10T07:00:58.268958,2,2,109.45,0.1,109.4,8,109.3,150,,,,,,,,,,,,,,,,,109.5,4,109.8,150,,,,,,,,,,,,,,,,
2026-07-10T07:00:58.278015+00:00,2026-07-10T07:00:58.277957,3,2,109.45,0.1,109.4,8,109.3,150,109.0,100,,,,,,,,,,,,,,,109.5,4,109.8,150,,,,,,,,,,,,,,,,
2026-07-10T07:00:58.369444+00:00,2026-07-10T07:00:58.369145,3,2,109.45,0.1,109.4,7,109.3,150,109.0,100,,,,,,,,,,,,,,,109.5,104,109.8,150,,,,,,,,,,,,,,,,
2026-07-10T07:00:58.571257+00:00,2026-07-10T07:00:58.488378,3,2,109.45,0.1,109.4,7,109.3,150,109.0,100,,,,,,,,,,,,,,,109.5,92,109.8,150,,,,,,,,,,,,,,,,
2026-07-10T07:00:58.764251+00:00,2026-07-10T07:00:58.764106,2,2,109.4,0.2,109.3,107,109.0,100,,,,,,,,,,,,,,,,,109.5,92,109.8,150,,,,,,,,,,,,,,,,
2026-07-10T07:00:59.092604+00:00,2026-07-10T07:00:59.092571,2,2,109.4,0.2,109.3,111,109.0,100,,,,,,,,,,,,,,,,,109.5,96,109.8,150,,,,,,,,,,,,,,,,
2026-07-10T07:01:00.058935+00:00,2026-07-10T07:01:00.058861,2,1,109.4,0.2,109.3,4,109.0,100,,,,,,,,,,,,,,,,,109.5,96,,,,,,,,,,,,,,,,,,
2026-07-10T07:01:00.064210+00:00,2026-07-10T07:01:00.064082,3,1,109.4,0.2,109.3,4,109.1,150,109.0,100,,,,,,,,,,,,,,,109.5,96,,,,,,,,,,,,,,,,,,
2026-07-10T07:01:00.164026+00:00,2026-07-10T07:01:00.163978,3,2,109.4,0.2,109.3,4,109.1,150,109.0,100,,,,,,,,,,,,,,,109.5,96,109.6,150,,,,,,,,,,,,,,,,
2026-07-10T07:01:00.564089+00:00,2026-07-10T07:01:00.563926,3,2,109.4,0.2,109.3,4,109.1,150,109.0,100,,,,,,,,,,,,,,,109.5,54,109.6,150,,,,,,,,,,,,,,,,
2026-07-10T07:01:00.864272+00:00,2026-07-10T07:01:00.863980,2,2,109.3,0.4,109.1,104,109.0,100,,,,,,,,,,,,,,,,,109.5,54,109.6,150,,,,,,,,,,,,,,,,
2026-07-10T07:01:01.164391+00:00,2026-07-10T07:01:01.164178,2,2,109.3,0.4,109.1,109,109.0,100,,,,,,,,,,,,,,,,,109.5,55,109.6,150,,,,,,,,,,,,,,,,
2026-07-10T07:01:01.391960+00:00,2026-07-10T07:01:01.391870,1,2,109.3,0.4,109.1,109,,,,,,,,,,,,,,,,,,,109.5,5,109.6,150,,,,,,,,,,,,,,,,
2026-07-10T07:01:01.469276+00:00,2026-07-10T07:01:01.468811,1,2,109.3,0.4,109.1,209,,,,,,,,,,,,,,,,,,,109.5,5,109.6,150,,,,,,,,,,,,,,,,
2026-07-10T07:01:01.497567+00:00,2026-07-10T07:01:01.497686,1,2,109.3,0.4,109.1,209,,,,,,,,,,,,,,,,,,,109.5,5,109.6,250,,,,,,,,,,,,,,,,
2026-07-10T07:01:02.179615+00:00,2026-07-10T07:01:02.179558,1,2,109.3,0.4,109.1,204,,,,,,,,,,,,,,,,,,,109.5,5,109.6,250,,,,,,,,,,,,,,,,
2026-07-10T07:01:02.184871+00:00,2026-07-10T07:01:02.184771,1,1,109.35,0.5,109.1,209,,,,,,,,,,,,,,,,,,,109.6,250,,,,,,,,,,,,,,,,,,
2026-07-10T07:01:02.188497+00:00,2026-07-10T07:01:02.258640,1,2,109.3,0.4,109.1,209,,,,,,,,,,,,,,,,,,,109.5,5,109.6,250,,,,,,,,,,,,,,,,
2026-07-10T07:01:02.963700+00:00,2026-07-10T07:01:02.963920,1,2,109.3,0.4,109.1,159,,,,,,,,,,,,,,,,,,,109.5,5,109.6,250,,,,,,,,,,,,,,,,
2026-07-10T07:01:03.163992+00:00,2026-07-10T07:01:03.163931,1,2,109.3,0.4,109.1,105,,,,,,,,,,,,,,,,,,,109.5,5,109.6,100,,,,,,,,,,,,,,,,
2026-07-10T07:01:03.268723+00:00,2026-07-10T07:01:03.268922,2,2,109.3,0.4,109.1,105,108.6,150,,,,,,,,,,,,,,,,,109.5,5,109.6,100,,,,,,,,,,,,,,,,
2026-07-10T07:01:03.295487+00:00,2026-07-10T07:01:03.285632,1,3,108.85,0.5,108.6,150,,,,,,,,,,,,,,,,,,,109.1,34,109.5,5,109.6,100,,,,,,,,,,,,,,
2026-07-10T07:01:03.558849+00:00,2026-07-10T07:01:03.495921,1,3,108.85,0.5,108.6,150,,,,,,,,,,,,,,,,,,,109.1,30,109.5,5,109.6,100,,,,,,,,,,,,,,
2026-07-10T07:01:04.263709+00:00,2026-07-10T07:01:04.264139,1,2,108.85,0.5,108.6,155,,,,,,,,,,,,,,,,,,,109.1,35,109.6,100,,,,,,,,,,,,,,,,
2026-07-10T07:01:04.563716+00:00,2026-07-10T07:01:04.564132,1,1,108.85,0.5,108.6,155,,,,,,,,,,,,,,,,,,,109.1,35,,,,,,,,,,,,,,,,,,
2026-07-10T07:01:04.658680+00:00,2026-07-10T07:01:04.602109,2,1,108.95,0.3,108.8,100,108.6,155,,,,,,,,,,,,,,,,,109.1,35,,,,,,,,,,,,,,,,,,
2026-07-10T07:01:04.663951+00:00,2026-07-10T07:01:04.663824,2,2,108.95,0.3,108.8,100,108.6,155,,,,,,,,,,,,,,,,,109.1,35,109.3,100,,,,,,,,,,,,,,,,
2026-07-10T07:01:05.064155+00:00,2026-07-10T07:01:05.064086,2,2,108.95,0.3,108.8,50,108.6,155,,,,,,,,,,,,,,,,,109.1,35,109.3,100,,,,,,,,,,,,,,,,
2026-07-10T07:01:05.363832+00:00,2026-07-10T07:01:05.364533,2,2,108.95,0.3,108.8,55,108.6,150,,,,,,,,,,,,,,,,,109.1,35,109.3,100,,,,,,,,,,,,,,,,
2026-07-10T07:01:06.364211+00:00,2026-07-10T07:01:06.363956,1,2,108.95,0.3,108.8,55,,,,,,,,,,,,,,,,,,,109.1,5,109.3,100,,,,,,,,,,,,,,,,
2026-07-10T07:01:06.385241+00:00,2026-07-10T07:01:06.385046,1,1,109.05,0.5,108.8,55,,,,,,,,,,,,,,,,,,,109.3,100,,,,,,,,,,,,,,,,,,
2026-07-10T07:01:06.390474+00:00,2026-07-10T07:01:06.390344,2,2,109.05,0.1,109.0,150,108.8,55,,,,,,,,,,,,,,,,,109.1,5,109.3,100,,,,,,,,,,,,,,,,
2026-07-10T07:01:06.458642+00:00,2026-07-10T07:01:06.448083,2,2,109.15,0.3,109.0,150,108.8,55,,,,,,,,,,,,,,,,,109.3,59,109.5,150,,,,,,,,,,,,,,,,
2026-07-10T07:01:06.569383+00:00,2026-07-10T07:01:06.569143,2,2,109.15,0.3,109.0,107,108.8,55,,,,,,,,,,,,,,,,,109.3,59,109.5,155,,,,,,,,,,,,,,,,
2026-07-10T07:01:06.769270+00:00,2026-07-10T07:01:06.769114,2,2,109.15,0.3,109.0,107,108.8,55,,,,,,,,,,,,,,,,,109.3,59,109.5,153,,,,,,,,,,,,,,,,
2026-07-10T07:01:07.164245+00:00,2026-07-10T07:01:07.163992,2,2,109.15,0.3,109.0,65,108.8,55,,,,,,,,,,,,,,,,,109.3,59,109.5,153,,,,,,,,,,,,,,,,
2026-07-10T07:01:07.182599+00:00,2026-07-10T07:01:07.182752,2,2,109.15,0.3,109.0,15,108.8,55,,,,,,,,,,,,,,,,,109.3,59,109.5,153,,,,,,,,,,,,,,,,
2026-07-10T07:01:07.468731+00:00,2026-07-10T07:01:07.468961,2,2,109.15,0.3,109.0,20,108.8,50,,,,,,,,,,,,,,,,,109.3,64,109.5,153,,,,,,,,,,,,,,,,
2026-07-10T07:01:07.769811+00:00,2026-07-10T07:01:07.769452,1,2,109.15,0.3,109.0,20,,,,,,,,,,,,,,,,,,,109.3,5,109.5,153,,,,,,,,,,,,,,,,
2026-07-10T07:01:07.784239+00:00,2026-07-10T07:01:07.784177,2,2,109.15,0.3,109.0,20,108.7,100,,,,,,,,,,,,,,,,,109.3,5,109.5,153,,,,,,,,,,,,,,,,
2026-07-10T07:01:07.858647+00:00,2026-07-10T07:01:07.828058,2,3,109.1,0.2,109.0,20,108.7,100,,,,,,,,,,,,,,,,,109.2,100,109.3,5,109.5,153,,,,,,,,,,,,,,
2026-07-10T07:01:08.463707+00:00,2026-07-10T07:01:08.464207,2,2,109.1,0.2,109.0,20,108.7,100,,,,,,,,,,,,,,,,,109.2,105,109.5,152,,,,,,,,,,,,,,,,
2026-07-10T07:01:08.858598+00:00,2026-07-10T07:01:08.793860,2,2,109.1,0.2,109.0,20,108.7,100,,,,,,,,,,,,,,,,,109.2,61,109.5,152,,,,,,,,,,,,,,,,
2026-07-10T07:01:09.359012+00:00,2026-07-10T07:01:09.358776,1,2,108.95,0.5,108.7,70,,,,,,,,,,,,,,,,,,,109.2,61,109.5,152,,,,,,,,,,,,,,,,
2026-07-10T07:01:09.464120+00:00,2026-07-10T07:01:09.463900,1,2,108.95,0.5,108.7,70,,,,,,,,,,,,,,,,,,,109.2,61,109.5,151,,,,,,,,,,,,,,,,
2026-07-10T07:01:09.469246+00:00,2026-07-10T07:01:09.469211,1,2,108.95,0.5,108.7,75,,,,,,,,,,,,,,,,,,,109.2,56,109.5,151,,,,,,,,,,,,,,,,
2026-07-10T07:01:09.474443+00:00,2026-07-10T07:01:09.474374,1,2,108.95,0.5,108.7,75,,,,,,,,,,,,,,,,,,,109.2,61,109.5,151,,,,,,,,,,,,,,,,
2026-07-10T07:01:09.563716+00:00,2026-07-10T07:01:09.564331,1,2,108.95,0.5,108.7,75,,,,,,,,,,,,,,,,,,,109.2,61,109.5,1,,,,,,,,,,,,,,,,
2026-07-10T07:01:09.671368+00:00,2026-07-10T07:01:09.664007,2,3,108.85,0.3,108.7,75,108.5,150,,,,,,,,,,,,,,,,,109.0,127,109.2,61,109.5,1,,,,,,,,,,,,,,
2026-07-10T07:01:10.392938+00:00,2026-07-10T07:01:10.384187,2,3,108.85,0.3,108.7,75,108.5,150,,,,,,,,,,,,,,,,,109.0,116,109.2,61,109.5,1,,,,,,,,,,,,,,
2026-07-10T07:01:10.469017+00:00,2026-07-10T07:01:10.468885,2,2,108.85,0.3,108.7,75,108.5,150,,,,,,,,,,,,,,,,,109.0,116,109.2,61,,,,,,,,,,,,,,,,
2026-07-10T07:01:10.486714+00:00,2026-07-10T07:01:10.486618,2,2,108.85,0.3,108.7,70,108.5,150,,,,,,,,,,,,,,,,,109.0,116,109.2,61,,,,,,,,,,,,,,,,
2026-07-10T07:01:10.558822+00:00,2026-07-10T07:01:10.495442,2,2,108.85,0.3,108.7,75,108.5,150,,,,,,,,,,,,,,,,,109.0,121,109.2,56,,,,,,,,,,,,,,,,
2026-07-10T07:01:10.569165+00:00,2026-07-10T07:01:10.568997,2,2,108.85,0.3,108.7,75,108.5,150,,,,,,,,,,,,,,,,,109.0,58,109.2,56,,,,,,,,,,,,,,,,
2026-07-10T07:01:10.958752+00:00,2026-07-10T07:01:10.892339,2,1,108.85,0.3,108.7,5,108.5,150,,,,,,,,,,,,,,,,,109.0,58,,,,,,,,,,,,,,,,,,
2026-07-10T07:01:10.969356+00:00,2026-07-10T07:01:10.968987,3,0,,,109.0,42,108.7,5,108.5,150,,,,,,,,,,,,,,,,,,,,,,,,,,,,,,,,,,
2026-07-10T07:01:11.063672+00:00,2026-07-10T07:01:11.063898,3,1,109.25,0.5,109.0,42,108.7,5,108.5,150,,,,,,,,,,,,,,,109.5,100,,,,,,,,,,,,,,,,,,
2026-07-10T07:01:11.458784+00:00,2026-07-10T07:01:11.445063,1,1,109.0,1.0,108.5,147,,,,,,,,,,,,,,,,,,,109.5,100,,,,,,,,,,,,,,,,,,
2026-07-10T07:01:11.569416+00:00,2026-07-10T07:01:11.569121,1,1,109.0,1.0,108.5,142,,,,,,,,,,,,,,,,,,,109.5,105,,,,,,,,,,,,,,,,,,
2026-07-10T07:01:12.564690+00:00,2026-07-10T07:01:12.564436,2,1,109.25,0.5,109.0,4,108.5,137,,,,,,,,,,,,,,,,,109.5,105,,,,,,,,,,,,,,,,,,
2026-07-10T07:01:12.658878+00:00,2026-07-10T07:01:12.658735,2,1,109.25,0.5,109.0,9,108.5,137,,,,,,,,,,,,,,,,,109.5,105,,,,,,,,,,,,,,,,,,
2026-07-10T07:01:12.776672+00:00,2026-07-10T07:01:12.769091,2,1,109.4,0.2,109.3,139,109.0,9,,,,,,,,,,,,,,,,,109.5,105,,,,,,,,,,,,,,,,,,
2026-07-10T07:01:12.869170+00:00,2026-07-10T07:01:12.869030,2,2,109.4,0.2,109.3,139,109.0,9,,,,,,,,,,,,,,,,,109.5,105,109.8,150,,,,,,,,,,,,,,,,
2026-07-10T07:01:12.975890+00:00,2026-07-10T07:01:12.970237,2,2,109.4,0.2,109.3,128,109.0,9,,,,,,,,,,,,,,,,,109.5,105,109.8,150,,,,,,,,,,,,,,,,
2026-07-10T07:01:13.064344+00:00,2026-07-10T07:01:13.064145,2,2,109.4,0.2,109.3,85,109.0,9,,,,,,,,,,,,,,,,,109.5,105,109.8,150,,,,,,,,,,,,,,,,
2026-07-10T07:01:13.564131+00:00,2026-07-10T07:01:13.564059,2,2,109.4,0.2,109.3,35,109.0,9,,,,,,,,,,,,,,,,,109.5,105,109.8,150,,,,,,,,,,,,,,,,
2026-07-10T07:01:13.664352+00:00,2026-07-10T07:01:13.664268,2,2,109.4,0.2,109.3,34,109.0,3,,,,,,,,,,,,,,,,,109.5,105,109.8,150,,,,,,,,,,,,,,,,
2026-07-10T07:01:13.669565+00:00,2026-07-10T07:01:13.669516,2,2,109.4,0.2,109.3,39,109.0,3,,,,,,,,,,,,,,,,,109.5,100,109.8,150,,,,,,,,,,,,,,,,
2026-07-10T07:01:13.674812+00:00,2026-07-10T07:01:13.674728,2,2,109.4,0.2,109.3,39,109.0,3,,,,,,,,,,,,,,,,,109.5,105,109.8,150,,,,,,,,,,,,,,,,
2026-07-10T07:01:14.069234+00:00,2026-07-10T07:01:14.069333,2,2,109.4,0.2,109.3,39,109.0,3,,,,,,,,,,,,,,,,,109.5,5,109.8,150,,,,,,,,,,,,,,,,
2026-07-10T07:01:14.164318+00:00,2026-07-10T07:01:14.164002,3,2,109.4,0.2,109.3,39,109.0,3,108.7,100,,,,,,,,,,,,,,,109.5,5,109.8,150,,,,,,,,,,,,,,,,
2026-07-10T07:01:14.181288+00:00,2026-07-10T07:01:14.181135,2,3,109.1,0.2,109.0,3,108.7,100,,,,,,,,,,,,,,,,,109.2,61,109.5,5,109.8,150,,,,,,,,,,,,,,
2026-07-10T07:01:14.774398+00:00,2026-07-10T07:01:14.774196,2,2,109.1,0.2,109.0,8,108.7,100,,,,,,,,,,,,,,,,,109.2,66,109.8,150,,,,,,,,,,,,,,,,
2026-07-10T07:01:15.764404+00:00,2026-07-10T07:01:15.764176,2,2,109.1,0.2,109.0,8,108.7,100,,,,,,,,,,,,,,,,,109.2,66,109.8,150,,,,,,,,,,,,,,,,
2026-07-10T07:01:15.875268+00:00,2026-07-10T07:01:15.875207,2,1,109.1,0.2,109.0,8,108.7,100,,,,,,,,,,,,,,,,,109.2,66,,,,,,,,,,,,,,,,,,
2026-07-10T07:01:15.964129+00:00,2026-07-10T07:01:15.963962,3,1,109.1,0.2,109.0,8,108.7,100,108.6,150,,,,,,,,,,,,,,,109.2,66,,,,,,,,,,,,,,,,,,
2026-07-10T07:01:16.059210+00:00,2026-07-10T07:01:15.985861,3,2,109.05,0.1,109.0,8,108.7,100,108.6,150,,,,,,,,,,,,,,,109.1,139,109.2,66,,,,,,,,,,,,,,,,
2026-07-10T07:01:16.764295+00:00,2026-07-10T07:01:16.764189,3,2,109.05,0.1,109.0,8,108.7,100,108.6,150,,,,,,,,,,,,,,,109.1,144,109.2,61,,,,,,,,,,,,,,,,
2026-07-10T07:01:17.264141+00:00,2026-07-10T07:01:17.263895,2,1,109.05,0.1,109.0,8,108.6,150,,,,,,,,,,,,,,,,,109.1,144,,,,,,,,,,,,,,,,,,
2026-07-10T07:01:17.364057+00:00,2026-07-10T07:01:17.363935,3,2,109.05,0.1,109.0,8,108.7,100,108.6,150,,,,,,,,,,,,,,,109.1,144,109.2,100,,,,,,,,,,,,,,,,
2026-07-10T07:01:17.858729+00:00,2026-07-10T07:01:17.795555,3,2,109.05,0.1,109.0,8,108.7,100,108.6,150,,,,,,,,,,,,,,,109.1,139,109.2,100,,,,,,,,,,,,,,,,
2026-07-10T07:01:17.869060+00:00,2026-07-10T07:01:17.868959,3,2,109.05,0.1,109.0,8,108.7,100,108.6,150,,,,,,,,,,,,,,,109.1,144,109.2,100,,,,,,,,,,,,,,,,
2026-07-10T07:01:18.279896+00:00,2026-07-10T07:01:18.279757,3,2,109.05,0.1,109.0,8,108.7,100,108.6,150,,,,,,,,,,,,,,,109.1,98,109.2,100,,,,,,,,,,,,,,,,
2026-07-10T07:01:18.664401+00:00,2026-07-10T07:01:18.664190,3,2,109.05,0.1,109.0,7,108.7,100,108.6,150,,,,,,,,,,,,,,,109.1,98,109.2,100,,,,,,,,,,,,,,,,
2026-07-10T07:01:18.869606+00:00,2026-07-10T07:01:18.869284,3,2,109.05,0.1,109.0,7,108.7,100,108.6,150,,,,,,,,,,,,,,,109.1,98,109.2,100,,,,,,,,,,,,,,,,
2026-07-10T07:01:19.059109+00:00,2026-07-10T07:01:19.058851,2,2,109.05,0.1,109.0,7,108.7,100,,,,,,,,,,,,,,,,,109.1,5,109.2,100,,,,,,,,,,,,,,,,
2026-07-10T07:01:19.158590+00:00,2026-07-10T07:01:19.139749,3,3,109.05,0.1,109.0,7,108.9,150,108.7,100,,,,,,,,,,,,,,,109.1,5,109.2,100,109.4,150,,,,,,,,,,,,,,
2026-07-10T07:01:19.687693+00:00,2026-07-10T07:01:19.680724,3,2,109.1,0.2,109.0,7,108.9,150,108.7,100,,,,,,,,,,,,,,,109.2,100,109.4,150,,,,,,,,,,,,,,,,
2026-07-10T07:01:19.763897+00:00,2026-07-10T07:01:19.763800,3,2,109.1,0.2,109.0,5,108.9,150,108.7,100,,,,,,,,,,,,,,,109.2,100,109.4,150,,,,,,,,,,,,,,,,
2026-07-10T07:01:19.870615+00:00,2026-07-10T07:01:19.870451,2,2,109.05,0.3,108.9,150,108.7,100,,,,,,,,,,,,,,,,,109.2,100,109.4,150,,,,,,,,,,,,,,,,
2026-07-10T07:01:19.881131+00:00,2026-07-10T07:01:19.881031,2,2,109.05,0.3,108.9,150,108.7,100,,,,,,,,,,,,,,,,,109.2,50,109.4,150,,,,,,,,,,,,,,,,
2026-07-10T07:01:19.958731+00:00,2026-07-10T07:01:19.896986,2,2,109.05,0.3,108.9,155,108.7,100,,,,,,,,,,,,,,,,,109.2,55,109.4,150,,,,,,,,,,,,,,,,
2026-07-10T07:01:20.458658+00:00,2026-07-10T07:01:20.398497,1,2,109.05,0.3,108.9,155,,,,,,,,,,,,,,,,,,,109.2,5,109.4,150,,,,,,,,,,,,,,,,
2026-07-10T07:01:20.469412+00:00,2026-07-10T07:01:20.469285,2,2,109.1,0.2,109.0,100,108.9,155,,,,,,,,,,,,,,,,,109.2,5,109.4,150,,,,,,,,,,,,,,,,
2026-07-10T07:01:20.564190+00:00,2026-07-10T07:01:20.563879,2,3,109.1,0.2,109.0,100,108.9,155,,,,,,,,,,,,,,,,,109.2,5,109.4,150,109.5,100,,,,,,,,,,,,,,
2026-07-10T07:01:20.674535+00:00,2026-07-10T07:01:20.674357,2,3,109.1,0.2,109.0,100,108.9,155,,,,,,,,,,,,,,,,,109.2,10,109.4,150,109.5,100,,,,,,,,,,,,,,
2026-07-10T07:01:20.964276+00:00,2026-07-10T07:01:20.964169,2,3,109.1,0.2,109.0,105,108.9,150,,,,,,,,,,,,,,,,,109.2,10,109.4,150,109.5,100,,,,,,,,,,,,,,
2026-07-10T07:01:21.063726+00:00,2026-07-10T07:01:21.064465,2,3,109.1,0.2,109.0,57,108.9,150,,,,,,,,,,,,,,,,,109.2,10,109.4,150,109.5,100,,,,,,,,,,,,,,
2026-07-10T07:01:21.682810+00:00,2026-07-10T07:01:21.682944,2,3,109.1,0.2,109.0,57,108.9,150,,,,,,,,,,,,,,,,,109.2,9,109.4,150,109.5,100,,,,,,,,,,,,,,
2026-07-10T07:01:21.969339+00:00,2026-07-10T07:01:21.969217,2,3,109.1,0.2,109.0,57,108.9,150,,,,,,,,,,,,,,,,,109.2,4,109.4,150,109.5,100,,,,,,,,,,,,,,
2026-07-10T07:01:21.974521+00:00,2026-07-10T07:01:21.974415,2,3,109.1,0.2,109.0,57,108.9,150,,,,,,,,,,,,,,,,,109.2,9,109.4,150,109.5,100,,,,,,,,,,,,,,
2026-07-10T07:01:22.064419+00:00,2026-07-10T07:01:22.064187,2,3,109.1,0.2,109.0,7,108.9,150,,,,,,,,,,,,,,,,,109.2,9,109.4,150,109.5,100,,,,,,,,,,,,,,
2026-07-10T07:01:22.258848+00:00,2026-07-10T07:01:22.196294,1,2,109.1,0.2,109.0,7,,,,,,,,,,,,,,,,,,,109.2,9,109.5,100,,,,,,,,,,,,,,,,
2026-07-10T07:01:22.290082+00:00,2026-07-10T07:01:22.290261,2,2,109.1,0.2,109.0,7,108.8,150,,,,,,,,,,,,,,,,,109.2,9,109.5,100,,,,,,,,,,,,,,,,
2026-07-10T07:01:22.369178+00:00,2026-07-10T07:01:22.368882,2,3,109.1,0.2,109.0,7,108.8,150,,,,,,,,,,,,,,,,,109.2,9,109.3,150,109.5,100,,,,,,,,,,,,,,
2026-07-10T07:01:22.764250+00:00,2026-07-10T07:01:22.764007,2,3,109.1,0.2,109.0,7,108.8,150,,,,,,,,,,,,,,,,,109.2,7,109.3,150,109.5,100,,,,,,,,,,,,,,
2026-07-10T07:01:22.991243+00:00,2026-07-10T07:01:22.991084,2,3,109.1,0.2,109.0,2,108.8,150,,,,,,,,,,,,,,,,,109.2,7,109.3,150,109.5,100,,,,,,,,,,,,,,
2026-07-10T07:01:22.996238+00:00,2026-07-10T07:01:23.000312,2,3,109.1,0.2,109.0,7,108.8,150,,,,,,,,,,,,,,,,,109.2,7,109.3,150,109.5,100,,,,,,,,,,,,,,
2026-07-10T07:01:23.264019+00:00,2026-07-10T07:01:23.263920,2,3,109.1,0.2,109.0,7,108.8,150,,,,,,,,,,,,,,,,,109.2,6,109.3,150,109.5,100,,,,,,,,,,,,,,
2026-07-10T07:01:23.570044+00:00,2026-07-10T07:01:23.569923,2,2,109.1,0.2,109.0,7,108.8,150,,,,,,,,,,,,,,,,,109.2,6,109.3,150,,,,,,,,,,,,,,,,
2026-07-10T07:01:23.575050+00:00,2026-07-10T07:01:23.575240,2,2,109.1,0.2,109.0,5,108.8,150,,,,,,,,,,,,,,,,,109.2,6,109.3,150,,,,,,,,,,,,,,,,
2026-07-10T07:01:23.664416+00:00,2026-07-10T07:01:23.664279,3,2,109.1,0.2,109.0,5,108.8,150,108.7,100,,,,,,,,,,,,,,,109.2,6,109.3,150,,,,,,,,,,,,,,,,
2026-07-10T07:01:23.680478+00:00,2026-07-10T07:01:23.680376,3,3,109.05,0.1,109.0,5,108.8,150,108.7,100,,,,,,,,,,,,,,,109.1,100,109.2,6,109.3,150,,,,,,,,,,,,,,
2026-07-10T07:01:24.064274+00:00,2026-07-10T07:01:24.064047,3,3,109.05,0.1,109.0,5,108.8,150,108.7,100,,,,,,,,,,,,,,,109.1,105,109.2,1,109.3,150,,,,,,,,,,,,,,
2026-07-10T07:01:24.158721+00:00,2026-07-10T07:01:24.095667,3,3,109.05,0.1,109.0,5,108.8,150,108.7,100,,,,,,,,,,,,,,,109.1,55,109.2,1,109.3,150,,,,,,,,,,,,,,
2026-07-10T07:01:24.764428+00:00,2026-07-10T07:01:24.764203,4,3,109.05,0.1,109.0,5,108.9,3,108.8,150,108.7,100,,,,,,,,,,,,,109.1,55,109.2,1,109.3,150,,,,,,,,,,,,,,
2026-07-10T07:01:24.769411+00:00,2026-07-10T07:01:24.769596,4,3,109.05,0.1,109.0,5,108.9,3,108.8,150,108.7,100,,,,,,,,,,,,,109.1,9,109.2,1,109.3,150,,,,,,,,,,,,,,
2026-07-10T07:01:25.069494+00:00,2026-07-10T07:01:25.069445,3,3,109.0,0.2,108.9,3,108.8,150,108.7,100,,,,,,,,,,,,,,,109.1,4,109.2,1,109.3,150,,,,,,,,,,,,,,
2026-07-10T07:01:25.074879+00:00,2026-07-10T07:01:25.074809,4,3,109.05,0.1,109.0,5,108.9,3,108.8,150,108.7,100,,,,,,,,,,,,,109.1,9,109.2,1,109.3,150,,,,,,,,,,,,,,
2026-07-10T07:01:25.364393+00:00,2026-07-10T07:01:25.364113,4,3,109.05,0.1,109.0,5,108.9,2,108.8,150,108.7,100,,,,,,,,,,,,,109.1,9,109.2,1,109.3,150,,,,,,,,,,,,,,
2026-07-10T07:01:25.380187+00:00,2026-07-10T07:01:25.380039,3,3,109.0,0.2,108.9,2,108.8,150,108.7,100,,,,,,,,,,,,,,,109.1,9,109.2,1,109.3,150,,,,,,,,,,,,,,
2026-07-10T07:01:25.459245+00:00,2026-07-10T07:01:25.459037,3,2,109.0,0.2,108.9,2,108.8,150,108.7,100,,,,,,,,,,,,,,,109.1,9,109.2,1,,,,,,,,,,,,,,,,
2026-07-10T07:01:25.564609+00:00,2026-07-10T07:01:25.563986,3,3,109.0,0.2,108.9,2,108.8,150,108.7,100,,,,,,,,,,,,,,,109.1,9,109.2,1,109.3,150,,,,,,,,,,,,,,
2026-07-10T07:01:25.969499+00:00,2026-07-10T07:01:25.969234,3,1,109.1,0.4,108.9,2,108.8,150,108.7,100,,,,,,,,,,,,,,,109.3,115,,,,,,,,,,,,,,,,,,
2026-07-10T07:01:26.090980+00:00,2026-07-10T07:01:26.090849,3,1,109.1,0.4,108.9,7,108.8,150,108.7,100,,,,,,,,,,,,,,,109.3,120,,,,,,,,,,,,,,,,,,
2026-07-10T07:01:26.268758+00:00,2026-07-10T07:01:26.269327,2,1,109.05,0.5,108.8,107,108.7,100,,,,,,,,,,,,,,,,,109.3,120,,,,,,,,,,,,,,,,,,
2026-07-10T07:01:26.358660+00:00,2026-07-10T07:01:26.295988,2,2,109.0,0.4,108.8,107,108.7,100,,,,,,,,,,,,,,,,,109.2,3,109.3,120,,,,,,,,,,,,,,,,
2026-07-10T07:01:26.569446+00:00,2026-07-10T07:01:26.569145,3,2,109.05,0.3,108.9,2,108.8,107,108.7,100,,,,,,,,,,,,,,,109.2,3,109.3,120,,,,,,,,,,,,,,,,
2026-07-10T07:01:26.574733+00:00,2026-07-10T07:01:26.574683,3,1,109.1,0.4,108.9,2,108.8,107,108.7,100,,,,,,,,,,,,,,,109.3,120,,,,,,,,,,,,,,,,,,
2026-07-10T07:01:26.764407+00:00,2026-07-10T07:01:26.764161,2,1,109.1,0.4,108.9,2,108.8,107,,,,,,,,,,,,,,,,,109.3,120,,,,,,,,,,,,,,,,,,
2026-07-10T07:01:26.791975+00:00,2026-07-10T07:01:26.791901,2,1,109.1,0.4,108.9,102,108.8,107,,,,,,,,,,,,,,,,,109.3,120,,,,,,,,,,,,,,,,,,
2026-07-10T07:01:26.864273+00:00,2026-07-10T07:01:26.864109,2,1,109.1,0.4,108.9,102,108.8,107,,,,,,,,,,,,,,,,,109.3,220,,,,,,,,,,,,,,,,,,
2026-07-10T07:01:27.164309+00:00,2026-07-10T07:01:27.164142,2,1,109.1,0.4,108.9,107,108.8,107,,,,,,,,,,,,,,,,,109.3,220,,,,,,,,,,,,,,,,,,
2026-07-10T07:01:27.282294+00:00,2026-07-10T07:01:27.282189,2,2,109.05,0.3,108.9,107,108.8,107,,,,,,,,,,,,,,,,,109.2,3,109.3,220,,,,,,,,,,,,,,,,
2026-07-10T07:01:27.864279+00:00,2026-07-10T07:01:27.864086,2,2,109.05,0.3,108.9,106,108.8,107,,,,,,,,,,,,,,,,,109.2,3,109.3,220,,,,,,,,,,,,,,,,
2026-07-10T07:01:28.163698+00:00,2026-07-10T07:01:28.164052,2,2,109.05,0.3,108.9,106,108.8,107,,,,,,,,,,,,,,,,,109.2,8,109.3,215,,,,,,,,,,,,,,,,
2026-07-10T07:01:28.458709+00:00,2026-07-10T07:01:28.455452,2,1,109.1,0.4,108.9,56,108.8,107,,,,,,,,,,,,,,,,,109.3,180,,,,,,,,,,,,,,,,,,
2026-07-10T07:01:28.569580+00:00,2026-07-10T07:01:28.569185,1,1,109.1,0.4,108.9,56,,,,,,,,,,,,,,,,,,,109.3,100,,,,,,,,,,,,,,,,,,
2026-07-10T07:01:28.669620+00:00,2026-07-10T07:01:28.669318,2,1,109.15,0.3,109.0,150,108.9,56,,,,,,,,,,,,,,,,,109.3,100,,,,,,,,,,,,,,,,,,
2026-07-10T07:01:28.674892+00:00,2026-07-10T07:01:28.674770,2,2,109.15,0.3,109.0,150,108.9,56,,,,,,,,,,,,,,,,,109.3,100,109.5,150,,,,,,,,,,,,,,,,
2026-07-10T07:01:29.168987+00:00,2026-07-10T07:01:29.168938,2,2,109.15,0.3,109.0,150,108.9,51,,,,,,,,,,,,,,,,,109.3,100,109.5,150,,,,,,,,,,,,,,,,
2026-07-10T07:01:29.174222+00:00,2026-07-10T07:01:29.171836,2,2,109.15,0.3,109.0,155,108.9,51,,,,,,,,,,,,,,,,,109.3,105,109.5,150,,,,,,,,,,,,,,,,
2026-07-10T07:01:29.963689+00:00,2026-07-10T07:01:29.964077,2,2,109.15,0.3,109.0,155,108.7,100,,,,,,,,,,,,,,,,,109.3,5,109.5,150,,,,,,,,,,,,,,,,
2026-07-10T07:01:30.058909+00:00,2026-07-10T07:01:30.001505,2,3,109.1,0.2,109.0,155,108.7,100,,,,,,,,,,,,,,,,,109.2,100,109.3,5,109.5,150,,,,,,,,,,,,,,
2026-07-10T07:01:30.258608+00:00,2026-07-10T07:01:30.196183,2,2,109.1,0.2,109.0,150,108.7,100,,,,,,,,,,,,,,,,,109.2,100,109.5,150,,,,,,,,,,,,,,,,
2026-07-10T07:01:30.269334+00:00,2026-07-10T07:01:30.269027,2,2,109.1,0.2,109.0,155,108.7,100,,,,,,,,,,,,,,,,,109.2,105,109.5,150,,,,,,,,,,,,,,,,
2026-07-10T07:01:30.463681+00:00,2026-07-10T07:01:30.463923,2,2,109.1,0.2,109.0,155,108.7,100,,,,,,,,,,,,,,,,,109.2,55,109.5,150,,,,,,,,,,,,,,,,
2026-07-10T07:01:31.269141+00:00,2026-07-10T07:01:31.269071,2,2,109.1,0.2,109.0,155,108.7,100,,,,,,,,,,,,,,,,,109.2,55,109.5,150,,,,,,,,,,,,,,,,
2026-07-10T07:01:31.764101+00:00,2026-07-10T07:01:31.763992,2,1,109.1,0.2,109.0,5,108.7,100,,,,,,,,,,,,,,,,,109.2,55,,,,,,,,,,,,,,,,,,
2026-07-10T07:01:31.783094+00:00,2026-07-10T07:01:31.782957,3,1,109.1,0.2,109.0,5,108.8,150,108.7,100,,,,,,,,,,,,,,,109.2,55,,,,,,,,,,,,,,,,,,
2026-07-10T07:01:31.858593+00:00,2026-07-10T07:01:31.831450,3,2,109.1,0.2,109.0,5,108.8,150,108.7,100,,,,,,,,,,,,,,,109.2,55,109.3,150,,,,,,,,,,,,,,,,
2026-07-10T07:01:32.268947+00:00,2026-07-10T07:01:32.268859,2,2,109.0,0.4,108.8,150,108.7,100,,,,,,,,,,,,,,,,,109.2,55,109.3,150,,,,,,,,,,,,,,,,
2026-07-10T07:01:32.274116+00:00,2026-07-10T07:01:32.274021,2,2,109.0,0.4,108.8,150,108.7,100,,,,,,,,,,,,,,,,,109.2,50,109.3,150,,,,,,,,,,,,,,,,
2026-07-10T07:01:32.279317+00:00,2026-07-10T07:01:32.279193,3,2,109.1,0.2,109.0,5,108.8,150,108.7,100,,,,,,,,,,,,,,,109.2,50,109.3,150,,,,,,,,,,,,,,,,
2026-07-10T07:01:32.284490+00:00,2026-07-10T07:01:32.284382,3,2,109.1,0.2,109.0,5,108.8,150,108.7,100,,,,,,,,,,,,,,,109.2,55,109.3,150,,,,,,,,,,,,,,,,
2026-07-10T07:01:32.658629+00:00,2026-07-10T07:01:32.585311,3,2,109.1,0.2,109.0,5,108.8,150,108.7,100,,,,,,,,,,,,,,,109.2,5,109.3,150,,,,,,,,,,,,,,,,
2026-07-10T07:01:33.069442+00:00,2026-07-10T07:01:33.069277,2,2,109.1,0.2,109.0,5,108.8,150,,,,,,,,,,,,,,,,,109.2,5,109.3,150,,,,,,,,,,,,,,,,
2026-07-10T07:01:33.163692+00:00,2026-07-10T07:01:33.163858,2,2,109.1,0.2,109.0,105,108.8,150,,,,,,,,,,,,,,,,,109.2,5,109.3,150,,,,,,,,,,,,,,,,
2026-07-10T07:01:33.169682+00:00,2026-07-10T07:01:33.169597,2,3,109.1,0.2,109.0,105,108.8,150,,,,,,,,,,,,,,,,,109.2,5,109.3,150,109.5,100,,,,,,,,,,,,,,
2026-07-10T07:01:33.364412+00:00,2026-07-10T07:01:33.363995,2,3,109.1,0.2,109.0,105,108.8,150,,,,,,,,,,,,,,,,,109.2,5,109.3,150,109.5,100,,,,,,,,,,,,,,
2026-07-10T07:01:34.158585+00:00,2026-07-10T07:01:34.094255,2,3,109.1,0.2,109.0,105,108.8,150,,,,,,,,,,,,,,,,,109.2,10,109.3,150,109.5,100,,,,,,,,,,,,,,
2026-07-10T07:01:34.363683+00:00,2026-07-10T07:01:34.364166,2,3,109.1,0.2,109.0,105,108.8,150,,,,,,,,,,,,,,,,,109.2,10,109.3,150,109.5,100,,,,,,,,,,,,,,
2026-07-10T07:01:34.958728+00:00,2026-07-10T07:01:34.896464,1,2,109.1,0.2,109.0,105,,,,,,,,,,,,,,,,,,,109.2,10,109.5,100,,,,,,,,,,,,,,,,
2026-07-10T07:01:34.969279+00:00,2026-07-10T07:01:34.969142,2,2,109.1,0.2,109.0,105,108.8,150,,,,,,,,,,,,,,,,,109.2,10,109.5,100,,,,,,,,,,,,,,,,
2026-07-10T07:01:35.069080+00:00,2026-07-10T07:01:35.068987,2,3,109.1,0.2,109.0,105,108.8,150,,,,,,,,,,,,,,,,,109.2,10,109.3,150,109.5,100,,,,,,,,,,,,,,
2026-07-10T07:01:35.359153+00:00,2026-07-10T07:01:35.358943,2,3,109.1,0.2,109.0,100,108.8,150,,,,,,,,,,,,,,,,,109.2,10,109.3,150,109.5,100,,,,,,,,,,,,,,
2026-07-10T07:01:35.365175+00:00,2026-07-10T07:01:35.365083,2,3,109.1,0.2,109.0,100,108.8,150,,,,,,,,,,,,,,,,,109.2,5,109.3,150,109.5,100,,,,,,,,,,,,,,
2026-07-10T07:01:35.370474+00:00,2026-07-10T07:01:35.370617,2,3,109.1,0.2,109.0,105,108.8,150,,,,,,,,,,,,,,,,,109.2,10,109.3,150,109.5,100,,,,,,,,,,,,,,
2026-07-10T07:01:35.664029+00:00,2026-07-10T07:01:35.663833,2,3,109.1,0.2,109.0,65,108.8,150,,,,,,,,,,,,,,,,,109.2,10,109.3,150,109.5,100,,,,,,,,,,,,,,
2026-07-10T07:01:36.264149+00:00,2026-07-10T07:01:36.264077,2,2,109.1,0.2,109.0,5,108.8,150,,,,,,,,,,,,,,,,,109.2,10,109.3,150,,,,,,,,,,,,,,,,
2026-07-10T07:01:36.281721+00:00,2026-07-10T07:01:36.281641,3,2,109.1,0.2,109.0,5,108.9,100,108.8,150,,,,,,,,,,,,,,,109.2,10,109.3,150,,,,,,,,,,,,,,,,
2026-07-10T07:01:36.358965+00:00,2026-07-10T07:01:36.358649,3,3,109.1,0.2,109.0,5,108.9,100,108.8,150,,,,,,,,,,,,,,,109.2,10,109.3,150,109.4,100,,,,,,,,,,,,,,
2026-07-10T07:01:36.469160+00:00,2026-07-10T07:01:36.469060,3,3,109.1,0.2,109.0,5,108.9,100,108.8,150,,,,,,,,,,,,,,,109.2,10,109.3,150,109.4,100,,,,,,,,,,,,,,
2026-07-10T07:01:36.863872+00:00,2026-07-10T07:01:36.864265,3,2,109.15,0.3,109.0,5,108.9,100,108.8,150,,,,,,,,,,,,,,,109.3,110,109.4,100,,,,,,,,,,,,,,,,
2026-07-10T07:01:36.964271+00:00,2026-07-10T07:01:36.964075,3,3,109.1,0.2,109.0,5,108.9,100,108.8,150,,,,,,,,,,,,,,,109.2,5,109.3,110,109.4,100,,,,,,,,,,,,,,
2026-07-10T07:01:37.464316+00:00,2026-07-10T07:01:37.464245,3,3,109.1,0.2,109.0,5,108.9,100,108.8,150,,,,,,,,,,,,,,,109.2,10,109.3,110,109.4,100,,,,,,,,,,,,,,
2026-07-10T07:01:37.858788+00:00,2026-07-10T07:01:37.799979,2,3,109.05,0.3,108.9,63,108.8,150,,,,,,,,,,,,,,,,,109.2,10,109.3,110,109.4,100,,,,,,,,,,,,,,
2026-07-10T07:01:38.075692+00:00,2026-07-10T07:01:38.075631,1,2,109.05,0.3,108.9,63,,,,,,,,,,,,,,,,,,,109.2,10,109.4,100,,,,,,,,,,,,,,,,
2026-07-10T07:01:38.164547+00:00,2026-07-10T07:01:38.164380,2,2,109.15,0.1,109.1,150,108.9,63,,,,,,,,,,,,,,,,,109.2,10,109.4,100,,,,,,,,,,,,,,,,
2026-07-10T07:01:38.182464+00:00,2026-07-10T07:01:38.182573,2,3,109.15,0.1,109.1,150,108.9,63,,,,,,,,,,,,,,,,,109.2,10,109.4,100,109.6,150,,,,,,,,,,,,,,
2026-07-10T07:01:38.464192+00:00,2026-07-10T07:01:38.464143,2,2,109.25,0.3,109.1,155,108.9,63,,,,,,,,,,,,,,,,,109.4,63,109.6,150,,,,,,,,,,,,,,,,
2026-07-10T07:01:38.469420+00:00,2026-07-10T07:01:38.469345,2,2,109.25,0.3,109.1,155,108.9,63,,,,,,,,,,,,,,,,,109.4,68,109.6,150,,,,,,,,,,,,,,,,
2026-07-10T07:01:38.959143+00:00,2026-07-10T07:01:38.958751,2,3,109.15,0.1,109.1,155,108.9,63,,,,,,,,,,,,,,,,,109.2,4,109.4,18,109.6,150,,,,,,,,,,,,,,
2026-07-10T07:01:39.088408+00:00,2026-07-10T07:01:39.088343,2,3,109.15,0.1,109.1,155,108.9,64,,,,,,,,,,,,,,,,,109.2,4,109.4,18,109.6,150,,,,,,,,,,,,,,
2026-07-10T07:01:39.174447+00:00,2026-07-10T07:01:39.164929,2,3,109.15,0.1,109.1,150,108.9,64,,,,,,,,,,,,,,,,,109.2,4,109.4,18,109.6,150,,,,,,,,,,,,,,
2026-07-10T07:01:39.458605+00:00,2026-07-10T07:01:39.393342,2,3,109.15,0.1,109.1,150,108.9,1,,,,,,,,,,,,,,,,,109.2,4,109.4,5,109.6,150,,,,,,,,,,,,,,
2026-07-10T07:01:39.469474+00:00,2026-07-10T07:01:39.469301,3,3,109.15,0.1,109.1,150,109.0,100,108.9,1,,,,,,,,,,,,,,,109.2,4,109.4,5,109.6,150,,,,,,,,,,,,,,
2026-07-10T07:01:39.484995+00:00,2026-07-10T07:01:39.484964,3,3,109.15,0.1,109.1,145,109.0,100,108.9,1,,,,,,,,,,,,,,,109.2,4,109.4,5,109.6,150,,,,,,,,,,,,,,
2026-07-10T07:01:39.558927+00:00,2026-07-10T07:01:39.558728,3,2,109.15,0.1,109.1,150,109.0,100,108.9,1,,,,,,,,,,,,,,,109.2,4,109.6,150,,,,,,,,,,,,,,,,
2026-07-10T07:01:39.564386+00:00,2026-07-10T07:01:39.564013,3,3,109.15,0.1,109.1,150,109.0,100,108.9,1,,,,,,,,,,,,,,,109.2,5,109.5,100,109.6,150,,,,,,,,,,,,,,
2026-07-10T07:01:40.392650+00:00,2026-07-10T07:01:40.370545,3,3,109.15,0.1,109.1,139,109.0,100,108.9,1,,,,,,,,,,,,,,,109.2,5,109.5,100,109.6,150,,,,,,,,,,,,,,
2026-07-10T07:01:40.469412+00:00,2026-07-10T07:01:40.469332,2,3,109.15,0.1,109.1,139,109.0,100,,,,,,,,,,,,,,,,,109.2,5,109.5,100,109.6,150,,,,,,,,,,,,,,
2026-07-10T07:01:40.564383+00:00,2026-07-10T07:01:40.564219,2,3,109.15,0.1,109.1,139,109.0,100,,,,,,,,,,,,,,,,,109.2,5,109.5,100,109.6,150,,,,,,,,,,,,,,
2026-07-10T07:01:41.069736+00:00,2026-07-10T07:01:41.069595,2,2,109.3,0.4,109.1,139,109.0,100,,,,,,,,,,,,,,,,,109.5,55,109.6,150,,,,,,,,,,,,,,,,
2026-07-10T07:01:41.269062+00:00,2026-07-10T07:01:41.269014,2,1,109.3,0.4,109.1,5,109.0,100,,,,,,,,,,,,,,,,,109.5,55,,,,,,,,,,,,,,,,,,
2026-07-10T07:01:41.293163+00:00,2026-07-10T07:01:41.293099,2,1,109.3,0.4,109.1,5,109.0,250,,,,,,,,,,,,,,,,,109.5,55,,,,,,,,,,,,,,,,,,
2026-07-10T07:01:41.364091+00:00,2026-07-10T07:01:41.364009,2,2,109.2,0.2,109.1,5,109.0,250,,,,,,,,,,,,,,,,,109.3,5,109.5,205,,,,,,,,,,,,,,,,
2026-07-10T07:01:41.563700+00:00,2026-07-10T07:01:41.564241,1,2,109.15,0.3,109.0,250,,,,,,,,,,,,,,,,,,,109.3,5,109.5,205,,,,,,,,,,,,,,,,
2026-07-10T07:01:41.569558+00:00,2026-07-10T07:01:41.569484,2,2,109.2,0.2,109.1,5,109.0,250,,,,,,,,,,,,,,,,,109.3,10,109.5,205,,,,,,,,,,,,,,,,
2026-07-10T07:01:42.563927+00:00,2026-07-10T07:01:42.563814,2,2,109.2,0.2,109.1,5,109.0,250,,,,,,,,,,,,,,,,,109.3,10,109.5,150,,,,,,,,,,,,,,,,
2026-07-10T07:01:42.569129+00:00,2026-07-10T07:01:42.569010,2,2,109.2,0.2,109.1,5,109.0,150,,,,,,,,,,,,,,,,,109.3,10,109.5,150,,,,,,,,,,,,,,,,
2026-07-10T07:01:42.664479+00:00,2026-07-10T07:01:42.664241,3,1,109.4,0.2,109.3,84,109.1,5,109.0,150,,,,,,,,,,,,,,,109.5,150,,,,,,,,,,,,,,,,,,
2026-07-10T07:01:42.680439+00:00,2026-07-10T07:01:42.680356,3,2,109.4,0.2,109.3,84,109.1,5,109.0,150,,,,,,,,,,,,,,,109.5,150,109.8,100,,,,,,,,,,,,,,,,
2026-07-10T07:01:42.959052+00:00,2026-07-10T07:01:42.958792,3,2,109.4,0.2,109.3,79,109.1,5,109.0,150,,,,,,,,,,,,,,,109.5,150,109.8,100,,,,,,,,,,,,,,,,
2026-07-10T07:01:43.174564+00:00,2026-07-10T07:01:43.174508,3,2,109.4,0.2,109.3,79,109.1,5,109.0,150,,,,,,,,,,,,,,,109.5,100,109.8,100,,,,,,,,,,,,,,,,
2026-07-10T07:01:43.197343+00:00,2026-07-10T07:01:43.207827,3,2,109.4,0.2,109.3,37,109.1,5,109.0,150,,,,,,,,,,,,,,,109.5,100,109.8,100,,,,,,,,,,,,,,,,
2026-07-10T07:01:43.458652+00:00,2026-07-10T07:01:43.396472,3,2,109.4,0.2,109.3,32,109.1,5,109.0,150,,,,,,,,,,,,,,,109.5,100,109.8,100,,,,,,,,,,,,,,,,
2026-07-10T07:01:43.664230+00:00,2026-07-10T07:01:43.664070,2,2,109.4,0.2,109.3,36,109.0,150,,,,,,,,,,,,,,,,,109.5,104,109.8,100,,,,,,,,,,,,,,,,
2026-07-10T07:01:44.464195+00:00,2026-07-10T07:01:44.463794,1,2,109.4,0.2,109.3,36,,,,,,,,,,,,,,,,,,,109.5,4,109.8,100,,,,,,,,,,,,,,,,
2026-07-10T07:01:44.469323+00:00,2026-07-10T07:01:44.469250,2,2,109.4,0.2,109.3,36,109.1,150,,,,,,,,,,,,,,,,,109.5,4,109.8,100,,,,,,,,,,,,,,,,
2026-07-10T07:01:44.479784+00:00,2026-07-10T07:01:44.479701,2,2,109.4,0.2,109.3,31,109.1,150,,,,,,,,,,,,,,,,,109.5,4,109.8,100,,,,,,,,,,,,,,,,
2026-07-10T07:01:44.558867+00:00,2026-07-10T07:01:44.558701,2,3,109.4,0.2,109.3,31,109.1,150,,,,,,,,,,,,,,,,,109.5,4,109.6,150,109.8,100,,,,,,,,,,,,,,
2026-07-10T07:01:44.773669+00:00,2026-07-10T07:01:44.764540,2,3,109.4,0.2,109.3,14,109.1,150,,,,,,,,,,,,,,,,,109.5,4,109.6,150,109.8,100,,,,,,,,,,,,,,
2026-07-10T07:01:44.864064+00:00,2026-07-10T07:01:44.864002,2,2,109.45,0.3,109.3,14,109.1,150,,,,,,,,,,,,,,,,,109.6,150,109.8,100,,,,,,,,,,,,,,,,
2026-07-10T07:01:45.364193+00:00,2026-07-10T07:01:45.364062,1,2,109.35,0.5,109.1,114,,,,,,,,,,,,,,,,,,,109.6,150,109.8,100,,,,,,,,,,,,,,,,
2026-07-10T07:01:45.764172+00:00,2026-07-10T07:01:45.764101,1,2,109.25,0.3,109.1,120,,,,,,,,,,,,,,,,,,,109.4,4,109.6,150,,,,,,,,,,,,,,,,
2026-07-10T07:01:45.769435+00:00,2026-07-10T07:01:45.769300,1,2,109.25,0.3,109.1,120,,,,,,,,,,,,,,,,,,,109.4,8,109.6,150,,,,,,,,,,,,,,,,
2026-07-10T07:01:45.785031+00:00,2026-07-10T07:01:45.784999,2,2,109.25,0.3,109.1,120,108.9,100,,,,,,,,,,,,,,,,,109.4,8,109.6,150,,,,,,,,,,,,,,,,
2026-07-10T07:01:45.858654+00:00,2026-07-10T07:01:45.833301,2,2,109.25,0.3,109.1,120,108.9,100,,,,,,,,,,,,,,,,,109.4,108,109.6,150,,,,,,,,,,,,,,,,
2026-07-10T07:01:46.364259+00:00,2026-07-10T07:01:46.364163,2,2,109.25,0.3,109.1,120,108.9,100,,,,,,,,,,,,,,,,,109.4,61,109.6,150,,,,,,,,,,,,,,,,
2026-07-10T07:01:46.786546+00:00,2026-07-10T07:01:46.786425,2,2,109.25,0.3,109.1,116,108.9,100,,,,,,,,,,,,,,,,,109.4,61,109.6,150,,,,,,,,,,,,,,,,
2026-07-10T07:01:46.791687+00:00,2026-07-10T07:01:46.791633,2,2,109.25,0.3,109.1,120,108.9,100,,,,,,,,,,,,,,,,,109.4,61,109.6,150,,,,,,,,,,,,,,,,
2026-07-10T07:01:46.858662+00:00,2026-07-10T07:01:46.796791,2,2,109.25,0.3,109.1,120,108.9,100,,,,,,,,,,,,,,,,,109.4,65,109.6,150,,,,,,,,,,,,,,,,
2026-07-10T07:01:47.580867+00:00,2026-07-10T07:01:47.580818,2,1,109.25,0.3,109.1,6,108.9,100,,,,,,,,,,,,,,,,,109.4,65,,,,,,,,,,,,,,,,,,
2026-07-10T07:01:47.658602+00:00,2026-07-10T07:01:47.588245,2,1,109.25,0.3,109.1,6,108.9,100,,,,,,,,,,,,,,,,,109.4,55,,,,,,,,,,,,,,,,,,
2026-07-10T07:01:47.669082+00:00,2026-07-10T07:01:47.668969,3,1,109.25,0.3,109.1,6,109.0,150,108.9,100,,,,,,,,,,,,,,,109.4,55,,,,,,,,,,,,,,,,,,
2026-07-10T07:01:47.764744+00:00,2026-07-10T07:01:47.764583,3,2,109.25,0.3,109.1,5,109.0,150,108.9,100,,,,,,,,,,,,,,,109.4,55,109.5,150,,,,,,,,,,,,,,,,
2026-07-10T07:01:47.863904+00:00,2026-07-10T07:01:47.864399,3,2,109.25,0.3,109.1,4,109.0,150,108.9,100,,,,,,,,,,,,,,,109.4,55,109.5,150,,,,,,,,,,,,,,,,
2026-07-10T07:01:48.769320+00:00,2026-07-10T07:01:48.769248,3,2,109.25,0.3,109.1,4,109.0,150,108.9,100,,,,,,,,,,,,,,,109.4,60,109.5,150,,,,,,,,,,,,,,,,
2026-07-10T07:01:48.864407+00:00,2026-07-10T07:01:48.864277,3,2,109.25,0.3,109.1,4,109.0,150,108.9,100,,,,,,,,,,,,,,,109.4,60,109.5,150,,,,,,,,,,,,,,,,
2026-07-10T07:01:48.964162+00:00,2026-07-10T07:01:48.964015,2,2,109.25,0.3,109.1,4,109.0,150,,,,,,,,,,,,,,,,,109.4,9,109.5,150,,,,,,,,,,,,,,,,
2026-07-10T07:01:48.987440+00:00,2026-07-10T07:01:48.987373,2,2,109.25,0.3,109.1,4,109.0,250,,,,,,,,,,,,,,,,,109.4,9,109.5,150,,,,,,,,,,,,,,,,
2026-07-10T07:01:49.058777+00:00,2026-07-10T07:01:49.030145,2,2,109.25,0.3,109.1,4,109.0,250,,,,,,,,,,,,,,,,,109.4,9,109.5,250,,,,,,,,,,,,,,,,
2026-07-10T07:01:49.884914+00:00,2026-07-10T07:01:49.884859,1,2,109.2,0.4,109.0,250,,,,,,,,,,,,,,,,,,,109.4,9,109.5,250,,,,,,,,,,,,,,,,
2026-07-10T07:01:49.890083+00:00,2026-07-10T07:01:49.890051,2,2,109.25,0.3,109.1,4,109.0,250,,,,,,,,,,,,,,,,,109.4,5,109.5,250,,,,,,,,,,,,,,,,
2026-07-10T07:01:49.958871+00:00,2026-07-10T07:01:49.895211,2,2,109.25,0.3,109.1,4,109.0,250,,,,,,,,,,,,,,,,,109.4,9,109.5,250,,,,,,,,,,,,,,,,
2026-07-10T07:01:50.464148+00:00,2026-07-10T07:01:50.463979,2,2,109.25,0.3,109.1,4,109.0,250,,,,,,,,,,,,,,,,,109.4,8,109.5,250,,,,,,,,,,,,,,,,
2026-07-10T07:01:50.764733+00:00,2026-07-10T07:01:50.763983,1,2,109.2,0.4,109.0,213,,,,,,,,,,,,,,,,,,,109.4,8,109.5,250,,,,,,,,,,,,,,,,
2026-07-10T07:01:50.858597+00:00,2026-07-10T07:01:50.845826,2,2,109.2,0.4,109.0,100,108.5,150,,,,,,,,,,,,,,,,,109.4,8,109.5,100,,,,,,,,,,,,,,,,
2026-07-10T07:01:50.897190+00:00,2026-07-10T07:01:50.908641,1,3,108.75,0.5,108.5,150,,,,,,,,,,,,,,,,,,,109.0,50,109.4,4,109.5,100,,,,,,,,,,,,,,
2026-07-10T07:01:50.964008+00:00,2026-07-10T07:01:50.963817,1,3,108.75,0.5,108.5,150,,,,,,,,,,,,,,,,,,,109.0,46,109.4,8,109.5,100,,,,,,,,,,,,,,
2026-07-10T07:01:51.279241+00:00,2026-07-10T07:01:51.272095,1,3,108.75,0.5,108.5,150,,,,,,,,,,,,,,,,,,,109.0,23,109.4,7,109.5,100,,,,,,,,,,,,,,
2026-07-10T07:01:51.663700+00:00,2026-07-10T07:01:51.663974,1,2,108.95,0.9,108.5,150,,,,,,,,,,,,,,,,,,,109.4,7,109.5,100,,,,,,,,,,,,,,,,
2026-07-10T07:01:51.964636+00:00,2026-07-10T07:01:51.964484,1,2,108.95,0.9,108.5,155,,,,,,,,,,,,,,,,,,,109.4,8,109.5,100,,,,,,,,,,,,,,,,
2026-07-10T07:01:52.090764+00:00,2026-07-10T07:01:52.090632,1,1,108.95,0.9,108.5,155,,,,,,,,,,,,,,,,,,,109.4,8,,,,,,,,,,,,,,,,,,
2026-07-10T07:01:52.164150+00:00,2026-07-10T07:01:52.164008,2,1,109.0,0.8,108.6,100,108.5,155,,,,,,,,,,,,,,,,,109.4,8,,,,,,,,,,,,,,,,,,
2026-07-10T07:01:52.258729+00:00,2026-07-10T07:01:52.194636,2,2,108.85,0.5,108.6,100,108.5,155,,,,,,,,,,,,,,,,,109.1,100,109.4,8,,,,,,,,,,,,,,,,
2026-07-10T07:01:52.790538+00:00,2026-07-10T07:01:52.790419,2,2,108.85,0.5,108.6,100,108.5,155,,,,,,,,,,,,,,,,,109.1,100,109.4,7,,,,,,,,,,,,,,,,
2026-07-10T07:01:52.868957+00:00,2026-07-10T07:01:52.868871,2,2,108.85,0.5,108.6,100,108.5,155,,,,,,,,,,,,,,,,,109.1,53,109.4,7,,,,,,,,,,,,,,,,
2026-07-10T07:01:52.978440+00:00,2026-07-10T07:01:52.978360,2,2,108.85,0.5,108.6,100,108.5,150,,,,,,,,,,,,,,,,,109.1,53,109.4,7,,,,,,,,,,,,,,,,
2026-07-10T07:01:52.990527+00:00,2026-07-10T07:01:52.990419,2,2,108.85,0.5,108.6,105,108.5,150,,,,,,,,,,,,,,,,,109.1,53,109.4,2,,,,,,,,,,,,,,,,
2026-07-10T07:01:52.995501+00:00,2026-07-10T07:01:52.995585,2,2,108.85,0.5,108.6,105,108.5,150,,,,,,,,,,,,,,,,,109.1,58,109.4,2,,,,,,,,,,,,,,,,
2026-07-10T07:01:53.068732+00:00,2026-07-10T07:01:53.068986,3,2,109.05,0.1,109.0,5,108.6,105,108.5,150,,,,,,,,,,,,,,,109.1,58,109.4,2,,,,,,,,,,,,,,,,
2026-07-10T07:01:53.790896+00:00,2026-07-10T07:01:53.790806,3,2,109.05,0.1,109.0,5,108.6,105,108.5,150,,,,,,,,,,,,,,,109.1,8,109.4,2,,,,,,,,,,,,,,,,
2026-07-10T07:01:53.864229+00:00,2026-07-10T07:01:53.863951,3,2,109.05,0.1,109.0,3,108.6,105,108.5,150,,,,,,,,,,,,,,,109.1,8,109.4,2,,,,,,,,,,,,,,,,
2026-07-10T07:01:53.964433+00:00,2026-07-10T07:01:53.964326,2,2,109.05,0.1,109.0,3,108.6,105,,,,,,,,,,,,,,,,,109.1,8,109.4,2,,,,,,,,,,,,,,,,
2026-07-10T07:01:54.078730+00:00,2026-07-10T07:01:54.070260,3,2,109.35,0.1,109.3,132,109.0,8,108.6,100,,,,,,,,,,,,,,,109.4,2,109.8,150,,,,,,,,,,,,,,,,
2026-07-10T07:01:54.096276+00:00,2026-07-10T07:01:54.085638,3,2,109.35,0.1,109.3,114,109.0,6,108.6,100,,,,,,,,,,,,,,,109.4,2,109.8,150,,,,,,,,,,,,,,,,
2026-07-10T07:01:55.064343+00:00,2026-07-10T07:01:55.064145,3,2,109.35,0.1,109.3,114,109.0,1,108.6,100,,,,,,,,,,,,,,,109.4,2,109.8,150,,,,,,,,,,,,,,,,
2026-07-10T07:01:55.069506+00:00,2026-07-10T07:01:55.069391,3,2,109.35,0.1,109.3,118,109.0,1,108.6,100,,,,,,,,,,,,,,,109.4,6,109.8,150,,,,,,,,,,,,,,,,
2026-07-10T07:01:55.263705+00:00,2026-07-10T07:01:55.264310,2,2,109.35,0.1,109.3,118,109.0,1,,,,,,,,,,,,,,,,,109.4,6,109.8,150,,,,,,,,,,,,,,,,
2026-07-10T07:01:55.278033+00:00,2026-07-10T07:01:55.269134,2,2,109.35,0.1,109.3,107,109.0,1,,,,,,,,,,,,,,,,,109.4,6,109.8,150,,,,,,,,,,,,,,,,
2026-07-10T07:01:55.369467+00:00,2026-07-10T07:01:55.369297,3,2,109.35,0.1,109.3,107,109.0,1,108.9,100,,,,,,,,,,,,,,,109.4,106,109.8,150,,,,,,,,,,,,,,,,
2026-07-10T07:01:55.669181+00:00,2026-07-10T07:01:55.668928,3,2,109.35,0.1,109.3,97,109.0,1,108.9,100,,,,,,,,,,,,,,,109.4,106,109.8,150,,,,,,,,,,,,,,,,
2026-07-10T07:01:56.090371+00:00,2026-07-10T07:01:56.090273,3,2,109.35,0.1,109.3,93,109.0,1,108.9,100,,,,,,,,,,,,,,,109.4,106,109.8,150,,,,,,,,,,,,,,,,
2026-07-10T07:01:56.158748+00:00,2026-07-10T07:01:56.095601,3,2,109.35,0.1,109.3,97,109.0,1,108.9,100,,,,,,,,,,,,,,,109.4,106,109.8,150,,,,,,,,,,,,,,,,
2026-07-10T07:01:56.558736+00:00,2026-07-10T07:01:56.491576,2,2,109.35,0.1,109.3,97,108.9,100,,,,,,,,,,,,,,,,,109.4,106,109.8,150,,,,,,,,,,,,,,,,
2026-07-10T07:01:57.159009+00:00,2026-07-10T07:01:57.158712,2,1,109.35,0.1,109.3,4,108.9,100,,,,,,,,,,,,,,,,,109.4,106,,,,,,,,,,,,,,,,,,
2026-07-10T07:01:57.182596+00:00,2026-07-10T07:01:57.182440,3,1,109.35,0.1,109.3,4,109.1,150,108.9,100,,,,,,,,,,,,,,,109.4,106,,,,,,,,,,,,,,,,,,
2026-07-10T07:01:57.264122+00:00,2026-07-10T07:01:57.263965,3,2,109.35,0.1,109.3,4,109.1,150,108.9,100,,,,,,,,,,,,,,,109.4,106,109.6,150,,,,,,,,,,,,,,,,
2026-07-10T07:01:57.396077+00:00,2026-07-10T07:01:57.358828,2,2,109.25,0.3,109.1,150,108.9,100,,,,,,,,,,,,,,,,,109.4,106,109.6,150,,,,,,,,,,,,,,,,
2026-07-10T07:01:58.058637+00:00,2026-07-10T07:01:58.050520,2,2,109.25,0.3,109.1,100,108.9,100,,,,,,,,,,,,,,,,,109.4,106,109.6,150,,,,,,,,,,,,,,,,
2026-07-10T07:01:58.164327+00:00,2026-07-10T07:01:58.164082,2,2,109.25,0.3,109.1,104,108.9,100,,,,,,,,,,,,,,,,,109.4,106,109.6,150,,,,,,,,,,,,,,,,
2026-07-10T07:01:58.463982+00:00,2026-07-10T07:01:58.463885,1,2,109.25,0.3,109.1,104,,,,,,,,,,,,,,,,,,,109.4,6,109.6,150,,,,,,,,,,,,,,,,
2026-07-10T07:01:58.470321+00:00,2026-07-10T07:01:58.470200,2,2,109.25,0.3,109.1,104,108.9,100,,,,,,,,,,,,,,,,,109.4,6,109.6,150,,,,,,,,,,,,,,,,
2026-07-10T07:01:58.563925+00:00,2026-07-10T07:01:58.563824,2,2,109.25,0.3,109.1,104,108.9,100,,,,,,,,,,,,,,,,,109.4,106,109.6,150,,,,,,,,,,,,,,,,
2026-07-10T07:01:59.170696+00:00,2026-07-10T07:01:59.170570,2,2,109.25,0.3,109.1,100,108.9,100,,,,,,,,,,,,,,,,,109.4,106,109.6,150,,,,,,,,,,,,,,,,
2026-07-10T07:01:59.182981+00:00,2026-07-10T07:01:59.182394,2,2,109.25,0.3,109.1,100,108.9,100,,,,,,,,,,,,,,,,,109.4,102,109.6,150,,,,,,,,,,,,,,,,
2026-07-10T07:01:59.264695+00:00,2026-07-10T07:01:59.264483,2,2,109.25,0.3,109.1,104,108.9,100,,,,,,,,,,,,,,,,,109.4,106,109.6,150,,,,,,,,,,,,,,,,
2026-07-10T07:01:59.664026+00:00,2026-07-10T07:01:59.663995,2,2,109.25,0.3,109.1,106,108.9,100,,,,,,,,,,,,,,,,,109.4,106,109.6,150,,,,,,,,,,,,,,,,
2026-07-10T07:02:00.269128+00:00,2026-07-10T07:02:00.269296,2,2,109.25,0.3,109.1,102,108.9,100,,,,,,,,,,,,,,,,,109.4,106,109.6,150,,,,,,,,,,,,,,,,
2026-07-10T07:02:00.274524+00:00,2026-07-10T07:02:00.274501,2,2,109.25,0.3,109.1,102,108.9,100,,,,,,,,,,,,,,,,,109.4,102,109.6,150,,,,,,,,,,,,,,,,
2026-07-10T07:02:00.279801+00:00,2026-07-10T07:02:00.279770,2,2,109.25,0.3,109.1,106,108.9,100,,,,,,,,,,,,,,,,,109.4,102,109.6,150,,,,,,,,,,,,,,,,
2026-07-10T07:02:00.284866+00:00,2026-07-10T07:02:00.284956,2,2,109.25,0.3,109.1,106,108.9,100,,,,,,,,,,,,,,,,,109.4,106,109.6,150,,,,,,,,,,,,,,,,
2026-07-10T07:02:00.358776+00:00,2026-07-10T07:02:00.296979,2,1,109.25,0.3,109.1,6,108.9,100,,,,,,,,,,,,,,,,,109.4,106,,,,,,,,,,,,,,,,,,
2026-07-10T07:02:00.369189+00:00,2026-07-10T07:02:00.369051,3,1,109.25,0.3,109.1,6,108.9,100,108.7,150,,,,,,,,,,,,,,,109.4,106,,,,,,,,,,,,,,,,,,
2026-07-10T07:02:00.469557+00:00,2026-07-10T07:02:00.469303,3,2,109.15,0.1,109.1,6,108.9,100,108.7,150,,,,,,,,,,,,,,,109.2,150,109.4,106,,,,,,,,,,,,,,,,
2026-07-10T07:02:00.577770+00:00,2026-07-10T07:02:00.573133,2,2,109.05,0.3,108.9,100,108.7,150,,,,,,,,,,,,,,,,,109.2,150,109.4,106,,,,,,,,,,,,,,,,
2026-07-10T07:02:01.069266+00:00,2026-07-10T07:02:01.069096,2,2,109.05,0.3,108.9,100,108.7,150,,,,,,,,,,,,,,,,,109.2,150,109.4,105,,,,,,,,,,,,,,,,
2026-07-10T07:02:01.364226+00:00,2026-07-10T07:02:01.363902,2,2,109.05,0.3,108.9,105,108.7,150,,,,,,,,,,,,,,,,,109.2,155,109.4,101,,,,,,,,,,,,,,,,
2026-07-10T07:02:01.583666+00:00,2026-07-10T07:02:01.583611,2,2,109.05,0.3,108.9,105,108.7,150,,,,,,,,,,,,,,,,,109.2,155,109.4,1,,,,,,,,,,,,,,,,
2026-07-10T07:02:01.658991+00:00,2026-07-10T07:02:01.658749,2,2,109.05,0.3,108.9,5,108.7,150,,,,,,,,,,,,,,,,,109.2,155,109.4,1,,,,,,,,,,,,,,,,
2026-07-10T07:02:01.664859+00:00,2026-07-10T07:02:01.664712,3,2,109.05,0.3,108.9,5,108.7,150,108.6,100,,,,,,,,,,,,,,,109.2,155,109.4,1,,,,,,,,,,,,,,,,
2026-07-10T07:02:01.763687+00:00,2026-07-10T07:02:01.763883,3,3,109.0,0.2,108.9,5,108.7,150,108.6,100,,,,,,,,,,,,,,,109.1,100,109.2,155,109.4,1,,,,,,,,,,,,,,
2026-07-10T07:02:01.790479+00:00,2026-07-10T07:02:01.790370,2,3,108.9,0.4,108.7,106,108.6,100,,,,,,,,,,,,,,,,,109.1,100,109.2,155,109.4,1,,,,,,,,,,,,,,
2026-07-10T07:02:02.269569+00:00,2026-07-10T07:02:02.269188,2,3,108.9,0.4,108.7,106,108.6,100,,,,,,,,,,,,,,,,,109.1,50,109.2,155,109.4,1,,,,,,,,,,,,,,
2026-07-10T07:02:02.364088+00:00,2026-07-10T07:02:02.364025,2,3,108.9,0.4,108.7,111,108.6,100,,,,,,,,,,,,,,,,,109.1,55,109.2,150,109.4,1,,,,,,,,,,,,,,
2026-07-10T07:02:02.975394+00:00,2026-07-10T07:02:02.975285,3,3,109.05,0.1,109.0,5,108.7,111,108.6,100,,,,,,,,,,,,,,,109.1,55,109.2,150,109.4,1,,,,,,,,,,,,,,
2026-07-10T07:02:03.180061+00:00,2026-07-10T07:02:03.169654,3,3,109.05,0.1,109.0,3,108.7,111,108.6,100,,,,,,,,,,,,,,,109.1,55,109.2,150,109.4,1,,,,,,,,,,,,,,
2026-07-10T07:02:03.369074+00:00,2026-07-10T07:02:03.368988,3,3,109.05,0.1,109.0,8,108.7,106,108.6,100,,,,,,,,,,,,,,,109.1,50,109.2,150,109.4,1,,,,,,,,,,,,,,
2026-07-10T07:02:03.374248+00:00,2026-07-10T07:02:03.374165,3,3,109.05,0.1,109.0,8,108.7,106,108.6,100,,,,,,,,,,,,,,,109.1,55,109.2,150,109.4,1,,,,,,,,,,,,,,
2026-07-10T07:02:03.558588+00:00,2026-07-10T07:02:03.543558,3,2,109.05,0.1,109.0,8,108.6,100,108.3,150,,,,,,,,,,,,,,,109.1,55,109.4,1,,,,,,,,,,,,,,,,
2026-07-10T07:02:03.682227+00:00,2026-07-10T07:02:03.670645,2,3,108.7,0.2,108.6,100,108.3,150,,,,,,,,,,,,,,,,,108.8,130,109.1,55,109.4,1,,,,,,,,,,,,,,
2026-07-10T07:02:04.264616+00:00,2026-07-10T07:02:04.264215,2,3,108.7,0.2,108.6,100,108.3,150,,,,,,,,,,,,,,,,,108.8,126,109.1,55,109.4,1,,,,,,,,,,,,,,
2026-07-10T07:02:04.364037+00:00,2026-07-10T07:02:04.363905,2,3,108.7,0.2,108.6,100,108.3,150,,,,,,,,,,,,,,,,,108.8,76,109.1,55,109.4,1,,,,,,,,,,,,,,
2026-07-10T07:02:04.458814+00:00,2026-07-10T07:02:04.400685,2,3,108.7,0.2,108.6,105,108.3,150,,,,,,,,,,,,,,,,,108.8,81,109.1,50,109.4,1,,,,,,,,,,,,,,
2026-07-10T07:02:04.486999+00:00,2026-07-10T07:02:04.476237,2,3,108.7,0.2,108.6,105,108.3,150,,,,,,,,,,,,,,,,,108.8,70,109.1,50,109.4,1,,,,,,,,,,,,,,
2026-07-10T07:02:04.759385+00:00,2026-07-10T07:02:04.759084,2,2,108.7,0.2,108.6,5,108.3,150,,,,,,,,,,,,,,,,,108.8,70,109.4,1,,,,,,,,,,,,,,,,
2026-07-10T07:02:04.766562+00:00,2026-07-10T07:02:04.766442,2,1,108.7,0.2,108.6,5,108.3,150,,,,,,,,,,,,,,,,,108.8,70,,,,,,,,,,,,,,,,,,
2026-07-10T07:02:04.863984+00:00,2026-07-10T07:02:04.863913,3,0,,,108.8,30,108.6,5,108.3,150,,,,,,,,,,,,,,,,,,,,,,,,,,,,,,,,,,
2026-07-10T07:02:04.880399+00:00,2026-07-10T07:02:04.880303,3,1,109.05,0.5,108.8,30,108.6,5,108.3,150,,,,,,,,,,,,,,,109.3,100,,,,,,,,,,,,,,,,,,
2026-07-10T07:02:04.994846+00:00,2026-07-10T07:02:04.997050,4,1,109.1,0.4,108.9,4,108.8,30,108.6,5,108.3,150,,,,,,,,,,,,,109.3,100,,,,,,,,,,,,,,,,,,
2026-07-10T07:02:05.369230+00:00,2026-07-10T07:02:05.369035,1,2,108.75,0.9,108.3,150,,,,,,,,,,,,,,,,,,,109.2,3,109.3,100,,,,,,,,,,,,,,,,
2026-07-10T07:02:05.464256+00:00,2026-07-10T07:02:05.464050,1,2,108.75,0.9,108.3,155,,,,,,,,,,,,,,,,,,,109.2,8,109.3,100,,,,,,,,,,,,,,,,
2026-07-10T07:02:05.658971+00:00,2026-07-10T07:02:05.658761,2,2,109.05,0.3,108.9,4,108.3,155,,,,,,,,,,,,,,,,,109.2,8,109.3,100,,,,,,,,,,,,,,,,
2026-07-10T07:02:05.864015+00:00,2026-07-10T07:02:05.863796,2,1,109.1,0.4,108.9,4,108.3,155,,,,,,,,,,,,,,,,,109.3,66,,,,,,,,,,,,,,,,,,
2026-07-10T07:02:06.063935+00:00,2026-07-10T07:02:06.063783,2,1,109.1,0.4,108.9,3,108.3,155,,,,,,,,,,,,,,,,,109.3,66,,,,,,,,,,,,,,,,,,
2026-07-10T07:02:06.263984+00:00,2026-07-10T07:02:06.263810,2,2,109.05,0.3,108.9,3,108.3,155,,,,,,,,,,,,,,,,,109.2,4,109.3,66,,,,,,,,,,,,,,,,
2026-07-10T07:02:06.363657+00:00,2026-07-10T07:02:06.364042,3,2,109.05,0.3,108.9,3,108.8,6,108.3,155,,,,,,,,,,,,,,,109.2,4,109.3,72,,,,,,,,,,,,,,,,
2026-07-10T07:02:06.464465+00:00,2026-07-10T07:02:06.464324,3,2,109.05,0.3,108.9,8,108.8,6,108.3,150,,,,,,,,,,,,,,,109.2,9,109.3,72,,,,,,,,,,,,,,,,
2026-07-10T07:02:06.558872+00:00,2026-07-10T07:02:06.558785,1,2,108.75,0.9,108.3,150,,,,,,,,,,,,,,,,,,,109.2,9,109.3,72,,,,,,,,,,,,,,,,
2026-07-10T07:02:06.664101+00:00,2026-07-10T07:02:06.664032,0,2,,,,,,,,,,,,,,,,,,,,,,,109.2,9,109.3,72,,,,,,,,,,,,,,,,
2026-07-10T07:02:06.763675+00:00,2026-07-10T07:02:06.763943,1,2,109.1,0.2,109.0,150,,,,,,,,,,,,,,,,,,,109.2,9,109.3,72,,,,,,,,,,,,,,,,
2026-07-10T07:02:06.774375+00:00,2026-07-10T07:02:06.774272,1,3,109.1,0.2,109.0,150,,,,,,,,,,,,,,,,,,,109.2,9,109.3,72,109.5,150,,,,,,,,,,,,,,
2026-07-10T07:02:07.358782+00:00,2026-07-10T07:02:07.293009,2,3,109.1,0.2,109.0,150,108.9,2,,,,,,,,,,,,,,,,,109.2,9,109.3,72,109.5,150,,,,,,,,,,,,,,
2026-07-10T07:02:07.370329+00:00,2026-07-10T07:02:07.370195,2,3,109.1,0.2,109.0,150,108.9,8,,,,,,,,,,,,,,,,,109.2,9,109.3,72,109.5,150,,,,,,,,,,,,,,
2026-07-10T07:02:07.375540+00:00,2026-07-10T07:02:07.375441,2,3,109.1,0.2,109.0,150,108.9,8,,,,,,,,,,,,,,,,,109.2,9,109.3,66,109.5,150,,,,,,,,,,,,,,
2026-07-10T07:02:07.380737+00:00,2026-07-10T07:02:07.380611,2,4,109.1,0.2,109.0,150,108.9,8,,,,,,,,,,,,,,,,,109.2,9,109.3,66,109.4,6,109.5,150,,,,,,,,,,,,
2026-07-10T07:02:07.484828+00:00,2026-07-10T07:02:07.484714,2,4,109.1,0.2,109.0,155,108.9,8,,,,,,,,,,,,,,,,,109.2,4,109.3,66,109.4,6,109.5,150,,,,,,,,,,,,
2026-07-10T07:02:07.489798+00:00,2026-07-10T07:02:07.489887,2,4,109.1,0.2,109.0,155,108.9,8,,,,,,,,,,,,,,,,,109.2,9,109.3,66,109.4,6,109.5,150,,,,,,,,,,,,
2026-07-10T07:02:07.964193+00:00,2026-07-10T07:02:07.963940,2,3,109.1,0.2,109.0,155,108.9,8,,,,,,,,,,,,,,,,,109.2,9,109.4,6,109.5,150,,,,,,,,,,,,,,
2026-07-10T07:02:07.985006+00:00,2026-07-10T07:02:07.984908,3,3,109.1,0.2,109.0,155,108.9,8,108.7,100,,,,,,,,,,,,,,,109.2,9,109.4,6,109.5,150,,,,,,,,,,,,,,
2026-07-10T07:02:08.058614+00:00,2026-07-10T07:02:08.033019,3,3,109.1,0.2,109.0,155,108.9,8,108.7,100,,,,,,,,,,,,,,,109.2,109,109.4,6,109.5,150,,,,,,,,,,,,,,
2026-07-10T07:02:08.364647+00:00,2026-07-10T07:02:08.364083,3,3,109.1,0.2,109.0,155,108.9,8,108.7,100,,,,,,,,,,,,,,,109.2,108,109.4,6,109.5,150,,,,,,,,,,,,,,
2026-07-10T07:02:08.558680+00:00,2026-07-10T07:02:08.505025,3,3,109.1,0.2,109.0,150,108.9,8,108.7,100,,,,,,,,,,,,,,,109.2,108,109.4,6,109.5,150,,,,,,,,,,,,,,
2026-07-10T07:02:08.563893+00:00,2026-07-10T07:02:08.563830,3,3,109.1,0.2,109.0,155,108.9,8,108.7,100,,,,,,,,,,,,,,,109.2,108,109.4,6,109.5,150,,,,,,,,,,,,,,
2026-07-10T07:02:08.663609+00:00,2026-07-10T07:02:08.663821,3,3,109.1,0.2,109.0,105,108.9,8,108.7,100,,,,,,,,,,,,,,,109.2,108,109.4,6,109.5,150,,,,,,,,,,,,,,
2026-07-10T07:02:09.084802+00:00,2026-07-10T07:02:09.084714,3,3,109.1,0.2,109.0,105,108.9,8,108.7,100,,,,,,,,,,,,,,,109.2,106,109.4,6,109.5,150,,,,,,,,,,,,,,
2026-07-10T07:02:09.369259+00:00,2026-07-10T07:02:09.369094,4,2,109.1,0.2,109.0,105,108.9,2,108.8,6,108.7,100,,,,,,,,,,,,,109.2,106,109.5,150,,,,,,,,,,,,,,,,
2026-07-10T07:02:09.374411+00:00,2026-07-10T07:02:09.374298,4,3,109.1,0.2,109.0,105,108.9,2,108.8,6,108.7,100,,,,,,,,,,,,,109.2,106,109.3,6,109.5,150,,,,,,,,,,,,,,
2026-07-10T07:02:09.564611+00:00,2026-07-10T07:02:09.564445,4,3,109.1,0.2,109.0,105,108.9,2,108.8,6,108.7,100,,,,,,,,,,,,,109.2,106,109.3,6,109.5,150,,,,,,,,,,,,,,
2026-07-10T07:02:09.772287+00:00,2026-07-10T07:02:09.764817,4,3,109.1,0.2,109.0,82,108.9,2,108.8,6,108.7,100,,,,,,,,,,,,,109.2,106,109.3,6,109.5,150,,,,,,,,,,,,,,
2026-07-10T07:02:09.864165+00:00,2026-07-10T07:02:09.864044,4,2,109.1,0.2,109.0,5,108.9,2,108.8,6,108.7,100,,,,,,,,,,,,,109.2,106,109.3,6,,,,,,,,,,,,,,,,
2026-07-10T07:02:09.879133+00:00,2026-07-10T07:02:09.879083,5,2,109.1,0.2,109.0,5,108.9,2,108.8,6,108.7,100,108.5,150,,,,,,,,,,,109.2,106,109.3,6,,,,,,,,,,,,,,,,
2026-07-10T07:02:09.958906+00:00,2026-07-10T07:02:09.958697,4,3,108.95,0.1,108.9,2,108.8,6,108.7,100,108.5,150,,,,,,,,,,,,,109.0,145,109.2,106,109.3,6,,,,,,,,,,,,,,
2026-07-10T07:02:10.374160+00:00,2026-07-10T07:02:10.374103,3,3,108.95,0.1,108.9,2,108.7,100,108.5,150,,,,,,,,,,,,,,,109.0,145,109.2,106,109.3,6,,,,,,,,,,,,,,
2026-07-10T07:02:10.379370+00:00,2026-07-10T07:02:10.379259,4,3,108.95,0.1,108.9,2,108.7,100,108.6,6,108.5,150,,,,,,,,,,,,,109.0,145,109.2,106,109.3,6,,,,,,,,,,,,,,
2026-07-10T07:02:10.384639+00:00,2026-07-10T07:02:10.384498,4,3,108.95,0.1,108.9,2,108.7,100,108.6,6,108.5,150,,,,,,,,,,,,,109.0,145,109.1,6,109.2,106,,,,,,,,,,,,,,
2026-07-10T07:02:10.585035+00:00,2026-07-10T07:02:10.584931,4,3,108.95,0.1,108.9,7,108.7,100,108.6,6,108.5,150,,,,,,,,,,,,,109.0,145,109.1,6,109.2,101,,,,,,,,,,,,,,
2026-07-10T07:02:10.590016+00:00,2026-07-10T07:02:10.590097,4,3,108.95,0.1,108.9,7,108.7,100,108.6,6,108.5,150,,,,,,,,,,,,,109.0,150,109.1,6,109.2,101,,,,,,,,,,,,,,
2026-07-10T07:02:10.858651+00:00,2026-07-10T07:02:10.797189,3,3,108.85,0.3,108.7,57,108.6,6,108.5,150,,,,,,,,,,,,,,,109.0,150,109.1,6,109.2,101,,,,,,,,,,,,,,
2026-07-10T07:02:11.095883+00:00,2026-07-10T07:02:11.095818,2,3,108.8,0.4,108.6,6,108.5,150,,,,,,,,,,,,,,,,,109.0,150,109.1,6,109.2,1,,,,,,,,,,,,,,
2026-07-10T07:02:11.163938+00:00,2026-07-10T07:02:11.163868,3,3,108.8,0.4,108.6,6,108.5,150,108.3,100,,,,,,,,,,,,,,,109.0,150,109.1,6,109.2,1,,,,,,,,,,,,,,
2026-07-10T07:02:11.281415+00:00,2026-07-10T07:02:11.269643,3,4,108.7,0.2,108.6,6,108.5,150,108.3,100,,,,,,,,,,,,,,,108.8,88,109.0,150,109.1,6,109.2,1,,,,,,,,,,,,
2026-07-10T07:02:11.664166+00:00,2026-07-10T07:02:11.664040,3,4,108.7,0.2,108.6,11,108.5,150,108.3,100,,,,,,,,,,,,,,,108.8,93,109.0,145,109.1,6,109.2,1,,,,,,,,,,,,
2026-07-10T07:02:11.886393+00:00,2026-07-10T07:02:11.874323,3,4,108.7,0.2,108.6,11,108.5,150,108.3,100,,,,,,,,,,,,,,,108.8,82,109.0,145,109.1,6,109.2,1,,,,,,,,,,,,
2026-07-10T07:02:12.664525+00:00,2026-07-10T07:02:12.664262,3,4,108.7,0.2,108.6,11,108.5,150,108.3,100,,,,,,,,,,,,,,,108.8,82,109.0,145,109.1,6,109.2,1,,,,,,,,,,,,
2026-07-10T07:02:12.964179+00:00,2026-07-10T07:02:12.963896,2,4,108.65,0.3,108.5,111,108.3,100,,,,,,,,,,,,,,,,,108.8,82,109.0,145,109.1,6,109.2,1,,,,,,,,,,,,
2026-07-10T07:02:13.058696+00:00,2026-07-10T07:02:12.993388,1,3,108.55,0.5,108.3,100,,,,,,,,,,,,,,,,,,,108.8,82,109.1,6,109.2,1,,,,,,,,,,,,,,
2026-07-10T07:02:13.063671+00:00,2026-07-10T07:02:13.063772,2,3,108.6,0.4,108.4,150,108.3,100,,,,,,,,,,,,,,,,,108.8,82,109.1,6,109.2,1,,,,,,,,,,,,,,
2026-07-10T07:02:13.158616+00:00,2026-07-10T07:02:13.097485,2,4,108.6,0.4,108.4,150,108.3,100,,,,,,,,,,,,,,,,,108.8,82,108.9,150,109.1,6,109.2,1,,,,,,,,,,,,
2026-07-10T07:02:13.364358+00:00,2026-07-10T07:02:13.364189,2,4,108.6,0.4,108.4,156,108.3,100,,,,,,,,,,,,,,,,,108.8,82,108.9,150,109.1,6,109.2,1,,,,,,,,,,,,
2026-07-10T07:02:13.369465+00:00,2026-07-10T07:02:13.369377,2,3,108.6,0.4,108.4,156,108.3,100,,,,,,,,,,,,,,,,,108.8,82,108.9,150,109.2,1,,,,,,,,,,,,,,
2026-07-10T07:02:13.374715+00:00,2026-07-10T07:02:13.374574,2,3,108.6,0.4,108.4,156,108.3,100,,,,,,,,,,,,,,,,,108.8,82,108.9,156,109.2,1,,,,,,,,,,,,,,
2026-07-10T07:02:13.669323+00:00,2026-07-10T07:02:13.669234,2,3,108.6,0.4,108.4,161,108.3,100,,,,,,,,,,,,,,,,,108.8,77,108.9,156,109.2,1,,,,,,,,,,,,,,
2026-07-10T07:02:13.674445+00:00,2026-07-10T07:02:13.674389,2,3,108.6,0.4,108.4,161,108.3,100,,,,,,,,,,,,,,,,,108.8,82,108.9,156,109.2,1,,,,,,,,,,,,,,
2026-07-10T07:02:13.781356+00:00,2026-07-10T07:02:13.774472,2,3,108.6,0.4,108.4,161,108.3,100,,,,,,,,,,,,,,,,,108.8,70,108.9,156,109.2,1,,,,,,,,,,,,,,
2026-07-10T07:02:14.264215+00:00,2026-07-10T07:02:14.263919,1,3,108.6,0.4,108.4,161,,,,,,,,,,,,,,,,,,,108.8,5,108.9,156,109.2,1,,,,,,,,,,,,,,
2026-07-10T07:02:14.369885+00:00,2026-07-10T07:02:14.369690,2,2,108.8,0.2,108.7,100,108.4,155,,,,,,,,,,,,,,,,,108.9,115,109.2,1,,,,,,,,,,,,,,,,
2026-07-10T07:02:14.380364+00:00,2026-07-10T07:02:14.380164,2,2,108.8,0.2,108.7,100,108.4,155,,,,,,,,,,,,,,,,,108.9,109,109.2,1,,,,,,,,,,,,,,,,
2026-07-10T07:02:14.385495+00:00,2026-07-10T07:02:14.385444,2,2,108.8,0.2,108.7,100,108.4,155,,,,,,,,,,,,,,,,,108.9,106,109.2,101,,,,,,,,,,,,,,,,
2026-07-10T07:02:14.458664+00:00,2026-07-10T07:02:14.404047,3,2,108.8,0.2,108.7,100,108.6,6,108.4,155,,,,,,,,,,,,,,,108.9,106,109.2,107,,,,,,,,,,,,,,,,
2026-07-10T07:02:14.759266+00:00,2026-07-10T07:02:14.758898,3,2,108.8,0.2,108.7,105,108.6,6,108.4,150,,,,,,,,,,,,,,,108.9,111,109.2,107,,,,,,,,,,,,,,,,
2026-07-10T07:02:15.069880+00:00,2026-07-10T07:02:15.069718,3,3,108.8,0.2,108.7,55,108.6,6,108.4,150,,,,,,,,,,,,,,,108.9,111,109.1,6,109.2,101,,,,,,,,,,,,,,
2026-07-10T07:02:15.764229+00:00,2026-07-10T07:02:15.764015,3,3,108.8,0.2,108.7,55,108.6,6,108.4,150,,,,,,,,,,,,,,,108.9,111,109.1,6,109.2,101,,,,,,,,,,,,,,
2026-07-10T07:02:16.169538+00:00,2026-07-10T07:02:16.169703,2,3,108.8,0.2,108.7,55,108.6,6,,,,,,,,,,,,,,,,,108.9,5,109.1,6,109.2,101,,,,,,,,,,,,,,
2026-07-10T07:02:16.174900+00:00,2026-07-10T07:02:16.174866,2,3,108.8,0.2,108.7,55,108.6,6,,,,,,,,,,,,,,,,,108.9,5,109.1,6,109.2,100,,,,,,,,,,,,,,
2026-07-10T07:02:16.258884+00:00,2026-07-10T07:02:16.258709,3,3,108.85,0.1,108.8,150,108.7,55,108.6,6,,,,,,,,,,,,,,,108.9,5,109.1,6,109.2,100,,,,,,,,,,,,,,
2026-07-10T07:02:16.273905+00:00,2026-07-10T07:02:16.273689,3,4,108.85,0.1,108.8,150,108.7,55,108.6,6,,,,,,,,,,,,,,,108.9,5,109.1,6,109.2,100,109.3,150,,,,,,,,,,,,
2026-07-10T07:02:16.381961+00:00,2026-07-10T07:02:16.381811,2,4,108.85,0.1,108.8,150,108.7,55,,,,,,,,,,,,,,,,,108.9,5,109.1,6,109.2,100,109.3,150,,,,,,,,,,,,
2026-07-10T07:02:16.464669+00:00,2026-07-10T07:02:16.464477,3,5,108.85,0.1,108.8,150,108.7,55,108.6,6,,,,,,,,,,,,,,,108.9,5,109.0,6,109.1,6,109.2,100,109.3,150,,,,,,,,,,
2026-07-10T07:02:16.764408+00:00,2026-07-10T07:02:16.764158,3,4,108.9,0.2,108.8,155,108.7,50,108.6,6,,,,,,,,,,,,,,,109.0,6,109.1,6,109.2,100,109.3,150,,,,,,,,,,,,
2026-07-10T07:02:16.864110+00:00,2026-07-10T07:02:16.864025,3,5,108.85,0.1,108.8,155,108.7,50,108.6,6,,,,,,,,,,,,,,,108.9,5,109.0,6,109.1,6,109.2,100,109.3,150,,,,,,,,,,
2026-07-10T07:02:17.164261+00:00,2026-07-10T07:02:17.164070,3,5,108.85,0.1,108.8,105,108.7,50,108.6,6,,,,,,,,,,,,,,,108.9,5,109.0,6,109.1,6,109.2,100,109.3,150,,,,,,,,,,
2026-07-10T07:02:17.369296+00:00,2026-07-10T07:02:17.368928,3,5,108.85,0.1,108.8,105,108.7,50,108.6,6,,,,,,,,,,,,,,,108.9,5,109.0,5,109.1,6,109.2,100,109.3,150,,,,,,,,,,
2026-07-10T07:02:17.464688+00:00,2026-07-10T07:02:17.464557,2,4,108.85,0.1,108.8,105,108.7,6,,,,,,,,,,,,,,,,,108.9,5,109.0,5,109.2,6,109.3,150,,,,,,,,,,,,
2026-07-10T07:02:17.564165+00:00,2026-07-10T07:02:17.564099,3,4,108.85,0.1,108.8,105,108.7,6,108.5,100,,,,,,,,,,,,,,,108.9,5,109.0,105,109.2,6,109.3,150,,,,,,,,,,,,
2026-07-10T07:02:17.864261+00:00,2026-07-10T07:02:17.864028,3,4,108.85,0.1,108.8,105,108.7,6,108.5,100,,,,,,,,,,,,,,,108.9,5,109.0,105,109.2,6,109.3,150,,,,,,,,,,,,
2026-07-10T07:02:18.459035+00:00,2026-07-10T07:02:18.458750,2,4,108.85,0.1,108.8,105,108.5,100,,,,,,,,,,,,,,,,,108.9,5,109.0,105,109.2,6,109.3,150,,,,,,,,,,,,
2026-07-10T07:02:18.463923+00:00,2026-07-10T07:02:18.464203,3,4,108.85,0.1,108.8,105,108.6,6,108.5,100,,,,,,,,,,,,,,,108.9,5,109.0,105,109.1,6,109.3,150,,,,,,,,,,,,
2026-07-10T07:02:18.864374+00:00,2026-07-10T07:02:18.864204,3,4,108.85,0.1,108.8,105,108.6,6,108.5,100,,,,,,,,,,,,,,,108.9,5,109.0,105,109.1,6,109.3,150,,,,,,,,,,,,
2026-07-10T07:02:19.267144+00:00,2026-07-10T07:02:19.258704,3,3,108.9,0.2,108.8,105,108.6,6,108.5,100,,,,,,,,,,,,,,,109.0,105,109.1,6,109.3,150,,,,,,,,,,,,,,
2026-07-10T07:02:19.290132+00:00,2026-07-10T07:02:19.290005,3,3,108.9,0.2,108.8,55,108.6,6,108.5,100,,,,,,,,,,,,,,,109.0,105,109.1,6,109.3,150,,,,,,,,,,,,,,
2026-07-10T07:02:19.358665+00:00,2026-07-10T07:02:19.326936,3,2,108.9,0.2,108.8,5,108.6,6,108.5,100,,,,,,,,,,,,,,,109.0,105,109.1,6,,,,,,,,,,,,,,,,
2026-07-10T07:02:19.388507+00:00,2026-07-10T07:02:19.458729,3,2,108.9,0.2,108.8,5,108.6,150,108.5,100,,,,,,,,,,,,,,,109.0,105,109.1,6,,,,,,,,,,,,,,,,
2026-07-10T07:02:19.464703+00:00,2026-07-10T07:02:19.464461,3,2,108.9,0.2,108.8,5,108.6,150,108.5,100,,,,,,,,,,,,,,,109.0,105,109.1,150,,,,,,,,,,,,,,,,
2026-07-10T07:02:19.469585+00:00,2026-07-10T07:02:19.469703,3,2,108.9,0.2,108.8,5,108.6,150,108.5,100,,,,,,,,,,,,,,,109.0,102,109.1,150,,,,,,,,,,,,,,,,
2026-07-10T07:02:19.475003+00:00,2026-07-10T07:02:19.474897,4,3,108.9,0.2,108.8,5,108.7,6,108.6,150,108.5,100,,,,,,,,,,,,,109.0,102,109.1,150,109.2,6,,,,,,,,,,,,,,
2026-07-10T07:02:19.669582+00:00,2026-07-10T07:02:19.669500,4,3,108.9,0.2,108.8,5,108.7,6,108.6,150,108.5,100,,,,,,,,,,,,,109.0,96,109.1,150,109.2,6,,,,,,,,,,,,,,
2026-07-10T07:02:19.963652+00:00,2026-07-10T07:02:19.963939,4,3,108.9,0.2,108.8,5,108.7,6,108.6,150,108.5,100,,,,,,,,,,,,,109.0,101,109.1,150,109.2,6,,,,,,,,,,,,,,
2026-07-10T07:02:20.490403+00:00,2026-07-10T07:02:20.521476,4,3,108.9,0.2,108.8,5,108.7,6,108.6,150,108.5,100,,,,,,,,,,,,,109.0,106,109.1,150,109.2,6,,,,,,,,,,,,,,
2026-07-10T07:02:20.663710+00:00,2026-07-10T07:02:20.664040,3,3,108.9,0.2,108.8,5,108.7,106,108.6,150,,,,,,,,,,,,,,,109.0,10,109.1,150,109.2,6,,,,,,,,,,,,,,
2026-07-10T07:02:20.758835+00:00,2026-07-10T07:02:20.707098,3,3,108.9,0.2,108.8,5,108.7,106,108.6,150,,,,,,,,,,,,,,,109.0,10,109.1,150,109.2,106,,,,,,,,,,,,,,
2026-07-10T07:02:20.969722+00:00,2026-07-10T07:02:20.969504,3,3,108.9,0.2,108.8,5,108.7,106,108.6,150,,,,,,,,,,,,,,,109.0,10,109.1,150,109.2,106,,,,,,,,,,,,,,
2026-07-10T07:02:21.458615+00:00,2026-07-10T07:02:21.396099,2,3,108.85,0.3,108.7,61,108.6,150,,,,,,,,,,,,,,,,,109.0,10,109.1,150,109.2,106,,,,,,,,,,,,,,
2026-07-10T07:02:21.670005+00:00,2026-07-10T07:02:21.669689,2,3,108.85,0.3,108.7,61,108.6,150,,,,,,,,,,,,,,,,,109.0,9,109.1,150,109.2,106,,,,,,,,,,,,,,
2026-07-10T07:02:21.963673+00:00,2026-07-10T07:02:21.964030,2,3,108.85,0.3,108.7,66,108.6,150,,,,,,,,,,,,,,,,,109.0,9,109.1,150,109.2,106,,,,,,,,,,,,,,
2026-07-10T07:02:22.558725+00:00,2026-07-10T07:02:22.491415,1,2,108.85,0.3,108.7,66,,,,,,,,,,,,,,,,,,,109.0,9,109.2,106,,,,,,,,,,,,,,,,
2026-07-10T07:02:22.563647+00:00,2026-07-10T07:02:22.564020,2,2,108.85,0.3,108.7,67,108.5,150,,,,,,,,,,,,,,,,,109.0,9,109.2,106,,,,,,,,,,,,,,,,
